timestamp,ltp,volume
2021-06-09 09:16:04,1546.3,37086
2021-06-09 09:16:05,1545.15,37380
2021-06-09 09:16:06,1545.7,38002
2021-06-09 09:16:08,1545.15,38186
2021-06-09 09:16:09,1544.5,39436
2021-06-09 09:16:10,1544.6,39586
2021-06-09 09:16:11,1544.55,39937
2021-06-09 09:16:12,1544.5,39993
2021-06-09 09:16:13,1545.25,40505
2021-06-09 09:16:14,1545.0,40676
2021-06-09 09:16:14,1545.35,40645
2021-06-09 09:16:15,1545.0,40860
2021-06-09 09:16:17,1545.6,41108
2021-06-09 09:16:18,1545.7,42140
2021-06-09 09:16:18,1545.7,42140
2021-06-09 09:16:20,1545.65,42199
2021-06-09 09:16:20,1545.65,42199
2021-06-09 09:16:22,1545.65,42542
2021-06-09 09:16:22,1545.65,42542
2021-06-09 09:16:23,1546.0,43169
2021-06-09 09:16:24,1545.7,43230
2021-06-09 09:16:26,1546.5,43526
2021-06-09 09:16:26,1546.5,43526
2021-06-09 09:16:27,1546.25,43715
2021-06-09 09:16:29,1547.0,44672
2021-06-09 09:16:30,1547.05,44673
2021-06-09 09:16:30,1547.05,44673
2021-06-09 09:16:32,1548.15,44773
2021-06-09 09:16:32,1548.15,44748
2021-06-09 09:16:34,1547.0,45117
2021-06-09 09:16:35,1547.5,45703
2021-06-09 09:16:36,1546.75,46011
2021-06-09 09:16:36,1547.5,45961
2021-06-09 09:16:38,1547.75,46261
2021-06-09 09:16:39,1546.7,46416
2021-06-09 09:16:39,1546.7,46436
2021-06-09 09:16:41,1547.6,47053
2021-06-09 09:16:42,1547.5,47173
2021-06-09 09:16:42,1547.65,47179
2021-06-09 09:16:44,1547.5,48090
2021-06-09 09:16:45,1546.3,48123
2021-06-09 09:16:46,1546.65,48148
2021-06-09 09:16:46,1545.75,49048
2021-06-09 09:16:47,1546.65,49368
2021-06-09 09:16:49,1546.7,49556
2021-06-09 09:16:49,1546.7,49556
2021-06-09 09:16:50,1545.8,49573
2021-06-09 09:16:51,1545.7,49681
2021-06-09 09:16:52,1546.25,49716
2021-06-09 09:16:53,1546.25,49721
2021-06-09 09:16:55,1545.6,50526
2021-06-09 09:16:56,1546.35,50650
2021-06-09 09:16:57,1546.35,51200
2021-06-09 09:16:58,1546.35,51511
2021-06-09 09:16:58,1546.35,51511
2021-06-09 09:17:00,1546.3,51561
2021-06-09 09:17:01,1546.25,52134
2021-06-09 09:17:01,1546.0,52136
2021-06-09 09:17:02,1545.6,52244
2021-06-09 09:17:04,1546.25,52436
2021-06-09 09:17:05,1545.55,52556
2021-06-09 09:17:06,1546.25,52615
2021-06-09 09:17:06,1545.6,52618
2021-06-09 09:17:08,1546.25,52896
2021-06-09 09:17:09,1546.0,52926
2021-06-09 09:17:10,1546.0,52926
2021-06-09 09:17:10,1546.0,52926
2021-06-09 09:17:12,1545.55,53232
2021-06-09 09:17:12,1545.55,53232
2021-06-09 09:17:14,1546.2,53384
2021-06-09 09:17:14,1546.2,53384
2021-06-09 09:17:16,1546.0,53403
2021-06-09 09:17:17,1546.0,53425
2021-06-09 09:17:18,1546.2,53446
2021-06-09 09:17:18,1546.2,53446
2021-06-09 09:17:20,1546.1,53460
2021-06-09 09:17:21,1546.1,53460
2021-06-09 09:17:22,1546.1,53465
2021-06-09 09:17:23,1546.2,53497
2021-06-09 09:17:24,1546.2,53680
2021-06-09 09:17:24,1546.2,53680
2021-06-09 09:17:25,1546.2,53812
2021-06-09 09:17:26,1546.25,54173
2021-06-09 09:17:27,1546.0,54300
2021-06-09 09:17:28,1545.9,55970
2021-06-09 09:17:29,1545.45,57017
2021-06-09 09:17:30,1545.5,57121
2021-06-09 09:17:31,1545.0,57334
2021-06-09 09:17:32,1545.4,57665
2021-06-09 09:17:33,1545.0,57815
2021-06-09 09:17:35,1545.35,57820
2021-06-09 09:17:36,1545.0,58220
2021-06-09 09:17:38,1545.35,58770
2021-06-09 09:17:39,1545.35,58949
2021-06-09 09:17:40,1545.6,59009
2021-06-09 09:17:41,1545.4,61145
2021-06-09 09:17:42,1545.35,61227
2021-06-09 09:17:43,1546.0,61727
2021-06-09 09:17:45,1545.35,61767
2021-06-09 09:17:46,1545.35,61838
2021-06-09 09:17:47,1545.35,62205
2021-06-09 09:17:48,1544.6,62311
2021-06-09 09:17:49,1545.35,62411
2021-06-09 09:17:49,1545.0,62416
2021-06-09 09:17:50,1545.55,62595
2021-06-09 09:17:52,1545.0,62691
2021-06-09 09:17:53,1544.6,62895
2021-06-09 09:17:55,1544.4,64032
2021-06-09 09:17:56,1545.8,66157
2021-06-09 09:17:56,1545.15,64128
2021-06-09 09:17:57,1545.25,66205
2021-06-09 09:17:58,1544.45,66518
2021-06-09 09:17:59,1544.25,66687
2021-06-09 09:18:00,1545.05,66692
2021-06-09 09:18:01,1545.0,66927
2021-06-09 09:18:02,1545.05,66988
2021-06-09 09:18:03,1544.25,67050
2021-06-09 09:18:04,1544.95,67051
2021-06-09 09:18:05,1544.6,67230
2021-06-09 09:18:06,1544.95,67805
2021-06-09 09:18:07,1544.25,67861
2021-06-09 09:18:09,1544.8,67891
2021-06-09 09:18:10,1544.8,67891
2021-06-09 09:18:12,1544.6,69678
2021-06-09 09:18:13,1544.8,69728
2021-06-09 09:18:14,1544.8,69728
2021-06-09 09:18:15,1544.6,69822
2021-06-09 09:18:16,1544.7,69938
2021-06-09 09:18:19,1545.25,70072
2021-06-09 09:18:20,1545.35,70181
2021-06-09 09:18:21,1545.35,70181
2021-06-09 09:18:23,1545.0,70397
2021-06-09 09:18:24,1544.6,70470
2021-06-09 09:18:25,1544.6,70585
2021-06-09 09:18:26,1544.6,70813
2021-06-09 09:18:27,1544.5,70815
2021-06-09 09:18:27,1544.5,70815
2021-06-09 09:18:29,1545.3,70924
2021-06-09 09:18:30,1544.55,70949
2021-06-09 09:18:31,1545.3,71017
2021-06-09 09:18:32,1544.5,71116
2021-06-09 09:18:32,1544.5,71116
2021-06-09 09:18:34,1545.25,71221
2021-06-09 09:18:35,1545.25,71221
2021-06-09 09:18:37,1544.95,71702
2021-06-09 09:18:38,1544.85,71704
2021-06-09 09:18:39,1544.8,71735
2021-06-09 09:18:40,1544.0,71973
2021-06-09 09:18:41,1544.0,72171
2021-06-09 09:18:42,1544.15,72376
2021-06-09 09:18:43,1544.15,72528
2021-06-09 09:18:43,1544.15,72528
2021-06-09 09:18:45,1544.8,72656
2021-06-09 09:18:47,1544.65,72870
2021-06-09 09:18:47,1544.65,72870
2021-06-09 09:18:48,1544.8,73075
2021-06-09 09:18:49,1545.0,73582
2021-06-09 09:18:51,1545.4,74001
2021-06-09 09:18:52,1545.0,74042
2021-06-09 09:18:53,1546.5,75333
2021-06-09 09:18:54,1546.55,75531
2021-06-09 09:18:54,1546.55,75531
2021-06-09 09:18:55,1544.6,75609
2021-06-09 09:18:56,1544.6,75778
2021-06-09 09:18:58,1545.4,75828
2021-06-09 09:18:59,1545.2,76049
2021-06-09 09:19:01,1546.05,76677
2021-06-09 09:19:03,1546.0,76702
2021-06-09 09:19:04,1545.2,76791
2021-06-09 09:19:05,1545.9,76820
2021-06-09 09:19:06,1546.0,77049
2021-06-09 09:19:07,1545.85,77689
2021-06-09 09:19:09,1545.9,77846
2021-06-09 09:19:11,1545.75,78546
2021-06-09 09:19:12,1546.05,78675
2021-06-09 09:19:12,1546.05,78675
2021-06-09 09:19:13,1545.95,78846
2021-06-09 09:19:15,1546.5,78902
2021-06-09 09:19:15,1546.05,78977
2021-06-09 09:19:17,1547.0,79627
2021-06-09 09:19:17,1547.0,79627
2021-06-09 09:19:19,1547.55,79635
2021-06-09 09:19:20,1547.5,79785
2021-06-09 09:19:21,1547.5,79785
2021-06-09 09:19:22,1547.6,79850
2021-06-09 09:19:22,1547.6,79850
2021-06-09 09:19:23,1547.9,80161
2021-06-09 09:19:24,1548.0,80216
2021-06-09 09:19:25,1547.55,80303
2021-06-09 09:19:26,1547.55,80524
2021-06-09 09:19:27,1547.55,80524
2021-06-09 09:19:28,1547.55,80524
2021-06-09 09:19:30,1548.1,81622
2021-06-09 09:19:30,1548.1,81622
2021-06-09 09:19:31,1547.65,81735
2021-06-09 09:19:32,1547.95,82062
2021-06-09 09:19:33,1547.85,82072
2021-06-09 09:19:34,1547.6,82142
2021-06-09 09:19:36,1546.95,82413
2021-06-09 09:19:37,1547.05,84168
2021-06-09 09:19:38,1547.55,84213
2021-06-09 09:19:39,1547.85,84234
2021-06-09 09:19:40,1547.65,84281
2021-06-09 09:19:41,1547.95,84306
2021-06-09 09:19:42,1547.55,84373
2021-06-09 09:19:43,1546.85,84403
2021-06-09 09:19:44,1547.5,84626
2021-06-09 09:19:46,1547.15,84854
2021-06-09 09:19:47,1546.1,85015
2021-06-09 09:19:48,1546.65,85128
2021-06-09 09:19:49,1546.65,85128
2021-06-09 09:19:49,1546.65,85128
2021-06-09 09:19:50,1546.0,85216
2021-06-09 09:19:51,1546.65,85316
2021-06-09 09:19:52,1545.8,85329
2021-06-09 09:19:54,1546.65,85624
2021-06-09 09:19:55,1545.85,85681
2021-06-09 09:19:55,1545.85,85681
2021-06-09 09:19:56,1546.7,85701
2021-06-09 09:19:57,1546.7,85721
2021-06-09 09:19:58,1546.85,85821
2021-06-09 09:19:59,1546.8,85826
2021-06-09 09:20:01,1545.75,86782
2021-06-09 09:20:02,1546.25,87128
2021-06-09 09:20:03,1546.25,87193
2021-06-09 09:20:04,1545.7,87203
2021-06-09 09:20:05,1545.7,87203
2021-06-09 09:20:06,1545.95,87245
2021-06-09 09:20:06,1545.95,87240
2021-06-09 09:20:08,1546.5,87714
2021-06-09 09:20:09,1546.5,91221
2021-06-09 09:20:10,1546.0,91565
2021-06-09 09:20:11,1546.4,91843
2021-06-09 09:20:11,1546.25,91884
2021-06-09 09:20:13,1545.15,92161
2021-06-09 09:20:13,1545.65,92227
2021-06-09 09:20:14,1545.6,92871
2021-06-09 09:20:15,1545.8,93440
2021-06-09 09:20:16,1545.0,93609
2021-06-09 09:20:18,1545.0,93641
2021-06-09 09:20:19,1544.8,93886
2021-06-09 09:20:20,1544.25,94051
2021-06-09 09:20:21,1544.25,94259
2021-06-09 09:20:22,1544.35,94427
2021-06-09 09:20:23,1544.35,94444
2021-06-09 09:20:24,1544.35,94444
2021-06-09 09:20:24,1544.3,94464
2021-06-09 09:20:25,1545.65,95244
2021-06-09 09:20:27,1545.6,95697
2021-06-09 09:20:28,1545.55,95841
2021-06-09 09:20:30,1545.6,96063
2021-06-09 09:20:31,1544.5,96299
2021-06-09 09:20:31,1544.45,96322
2021-06-09 09:20:32,1544.25,96423
2021-06-09 09:20:34,1545.0,96424
2021-06-09 09:20:35,1545.0,96438
2021-06-09 09:20:36,1545.0,96538
2021-06-09 09:20:37,1545.1,96715
2021-06-09 09:20:37,1544.45,96732
2021-06-09 09:20:38,1544.55,97161
2021-06-09 09:20:40,1545.1,97291
2021-06-09 09:20:41,1545.1,97632
2021-06-09 09:20:42,1544.4,97787
2021-06-09 09:20:43,1544.65,98179
2021-06-09 09:20:44,1544.65,98221
2021-06-09 09:20:45,1545.4,98442
2021-06-09 09:20:46,1545.4,98562
2021-06-09 09:20:47,1545.4,98683
2021-06-09 09:20:48,1545.4,98832
2021-06-09 09:20:49,1545.4,99322
2021-06-09 09:20:50,1545.3,99446
2021-06-09 09:20:51,1544.5,99572
2021-06-09 09:20:52,1544.5,99722
2021-06-09 09:20:53,1544.5,99752
2021-06-09 09:20:54,1544.95,99793
2021-06-09 09:20:55,1544.95,99893
2021-06-09 09:20:56,1544.4,99923
2021-06-09 09:20:57,1545.0,100039
2021-06-09 09:20:58,1545.0,100110
2021-06-09 09:20:59,1544.95,100188
2021-06-09 09:21:00,1544.95,100303
2021-06-09 09:21:01,1544.8,100305
2021-06-09 09:21:02,1544.5,100428
2021-06-09 09:21:03,1544.5,100488
2021-06-09 09:21:04,1544.75,100589
2021-06-09 09:21:05,1544.5,100614
2021-06-09 09:21:06,1544.55,100762
2021-06-09 09:21:07,1544.55,100907
2021-06-09 09:21:08,1544.55,101141
2021-06-09 09:21:09,1544.55,101168
2021-06-09 09:21:10,1544.8,101278
2021-06-09 09:21:11,1544.6,101348
2021-06-09 09:21:12,1544.6,101348
2021-06-09 09:21:13,1544.6,101351
2021-06-09 09:21:14,1544.6,101351
2021-06-09 09:21:15,1544.8,101435
2021-06-09 09:21:16,1544.85,102396
2021-06-09 09:21:17,1545.15,102414
2021-06-09 09:21:18,1544.85,102478
2021-06-09 09:21:19,1544.8,102808
2021-06-09 09:21:20,1544.8,102808
2021-06-09 09:21:21,1545.45,102840
2021-06-09 09:21:22,1545.45,102840
2021-06-09 09:21:23,1545.15,102847
2021-06-09 09:21:24,1545.15,102904
2021-06-09 09:21:25,1545.15,102904
2021-06-09 09:21:26,1545.15,102904
2021-06-09 09:21:27,1545.45,102931
2021-06-09 09:21:28,1545.5,103031
2021-06-09 09:21:28,1545.5,103043
2021-06-09 09:21:30,1545.5,103098
2021-06-09 09:21:31,1545.5,103098
2021-06-09 09:21:32,1546.0,104168
2021-06-09 09:21:33,1545.2,104205
2021-06-09 09:21:34,1545.2,104226
2021-06-09 09:21:35,1545.2,104277
2021-06-09 09:21:36,1545.35,104578
2021-06-09 09:21:37,1545.35,104772
2021-06-09 09:21:38,1545.8,105049
2021-06-09 09:21:39,1545.3,105166
2021-06-09 09:21:40,1545.3,105176
2021-06-09 09:21:41,1545.3,105204
2021-06-09 09:21:42,1545.8,105214
2021-06-09 09:21:43,1545.4,105265
2021-06-09 09:21:44,1546.1,105426
2021-06-09 09:21:44,1545.45,105477
2021-06-09 09:21:45,1545.45,105477
2021-06-09 09:21:46,1546.1,105641
2021-06-09 09:21:47,1545.5,105658
2021-06-09 09:21:48,1545.55,105819
2021-06-09 09:21:49,1545.5,105871
2021-06-09 09:21:50,1546.35,106082
2021-06-09 09:21:51,1546.2,106381
2021-06-09 09:21:52,1545.3,106422
2021-06-09 09:21:53,1545.4,106724
2021-06-09 09:21:55,1546.2,106927
2021-06-09 09:21:55,1545.0,107373
2021-06-09 09:21:56,1545.15,107598
2021-06-09 09:21:57,1545.15,107599
2021-06-09 09:21:59,1544.55,108201
2021-06-09 09:22:00,1545.8,108940
2021-06-09 09:22:01,1544.8,108984
2021-06-09 09:22:02,1545.1,108992
2021-06-09 09:22:03,1545.1,108992
2021-06-09 09:22:04,1544.45,109114
2021-06-09 09:22:05,1543.25,113611
2021-06-09 09:22:06,1543.0,114160
2021-06-09 09:22:07,1543.0,114458
2021-06-09 09:22:08,1543.15,115030
2021-06-09 09:22:09,1542.5,115349
2021-06-09 09:22:10,1543.0,115383
2021-06-09 09:22:12,1542.8,115935
2021-06-09 09:22:13,1543.0,116631
2021-06-09 09:22:14,1543.45,116832
2021-06-09 09:22:16,1543.25,116895
2021-06-09 09:22:17,1543.15,117176
2021-06-09 09:22:18,1543.4,117362
2021-06-09 09:22:19,1543.15,117402
2021-06-09 09:22:20,1543.4,117588
2021-06-09 09:22:22,1543.15,117724
2021-06-09 09:22:23,1543.25,118050
2021-06-09 09:22:23,1543.0,118800
2021-06-09 09:22:25,1543.0,118975
2021-06-09 09:22:26,1543.0,118985
2021-06-09 09:22:27,1543.1,119145
2021-06-09 09:22:28,1543.0,119438
2021-06-09 09:22:29,1543.0,119499
2021-06-09 09:22:30,1543.0,119605
2021-06-09 09:22:31,1543.0,119651
2021-06-09 09:22:32,1543.15,119761
2021-06-09 09:22:33,1543.1,119762
2021-06-09 09:22:34,1543.1,119766
2021-06-09 09:22:35,1543.1,119793
2021-06-09 09:22:36,1543.1,119819
2021-06-09 09:22:37,1543.1,119998
2021-06-09 09:22:38,1543.1,119999
2021-06-09 09:22:39,1543.15,120051
2021-06-09 09:22:41,1543.1,120079
2021-06-09 09:22:42,1543.15,120157
2021-06-09 09:22:43,1543.0,120234
2021-06-09 09:22:44,1543.0,120259
2021-06-09 09:22:45,1543.15,120336
2021-06-09 09:22:46,1543.0,120363
2021-06-09 09:22:47,1543.55,120626
2021-06-09 09:22:48,1543.85,120636
2021-06-09 09:22:49,1543.8,120726
2021-06-09 09:22:50,1543.05,120888
2021-06-09 09:22:51,1543.7,121470
2021-06-09 09:22:52,1543.85,121471
2021-06-09 09:22:53,1543.85,121471
2021-06-09 09:22:54,1543.0,122046
2021-06-09 09:22:55,1542.5,122663
2021-06-09 09:22:56,1542.9,122847
2021-06-09 09:22:57,1542.5,123200
2021-06-09 09:22:58,1542.5,124221
2021-06-09 09:22:59,1541.5,124635
2021-06-09 09:23:00,1541.3,124804
2021-06-09 09:23:01,1541.25,124836
2021-06-09 09:23:02,1541.25,124910
2021-06-09 09:23:03,1541.1,125209
2021-06-09 09:23:04,1541.2,125300
2021-06-09 09:23:05,1541.2,125522
2021-06-09 09:23:06,1541.0,126056
2021-06-09 09:23:07,1541.2,126101
2021-06-09 09:23:08,1541.0,126108
2021-06-09 09:23:09,1541.0,126171
2021-06-09 09:23:10,1541.1,126229
2021-06-09 09:23:11,1541.0,126536
2021-06-09 09:23:12,1541.45,126544
2021-06-09 09:23:13,1541.2,126813
2021-06-09 09:23:14,1541.5,126814
2021-06-09 09:23:15,1541.0,127466
2021-06-09 09:23:16,1541.5,127486
2021-06-09 09:23:17,1541.2,127517
2021-06-09 09:23:18,1541.4,127532
2021-06-09 09:23:19,1541.1,127642
2021-06-09 09:23:20,1541.5,128201
2021-06-09 09:23:21,1540.8,129307
2021-06-09 09:23:22,1541.2,129460
2021-06-09 09:23:23,1540.65,129610
2021-06-09 09:23:24,1540.75,129869
2021-06-09 09:23:25,1541.0,130195
2021-06-09 09:23:26,1541.25,130200
2021-06-09 09:23:27,1541.25,130200
2021-06-09 09:23:28,1541.1,131414
2021-06-09 09:23:29,1541.5,131426
2021-06-09 09:23:30,1541.45,131579
2021-06-09 09:23:31,1541.1,131898
2021-06-09 09:23:32,1541.45,131966
2021-06-09 09:23:33,1541.45,132025
2021-06-09 09:23:34,1541.45,132114
2021-06-09 09:23:35,1541.45,132164
2021-06-09 09:23:36,1541.25,132396
2021-06-09 09:23:37,1541.25,132396
2021-06-09 09:23:38,1541.25,132426
2021-06-09 09:23:39,1541.45,132976
2021-06-09 09:23:40,1541.15,133092
2021-06-09 09:23:41,1541.25,133363
2021-06-09 09:23:42,1541.5,133389
2021-06-09 09:23:43,1541.25,133560
2021-06-09 09:23:45,1541.25,133804
2021-06-09 09:23:46,1541.15,133852
2021-06-09 09:23:47,1541.25,133955
2021-06-09 09:23:48,1541.15,134071
2021-06-09 09:23:49,1541.25,134295
2021-06-09 09:23:50,1541.15,134329
2021-06-09 09:23:51,1541.25,134379
2021-06-09 09:23:52,1541.3,134429
2021-06-09 09:23:54,1541.25,134496
2021-06-09 09:23:55,1541.45,134498
2021-06-09 09:23:56,1541.25,134610
2021-06-09 09:23:57,1541.15,134673
2021-06-09 09:23:58,1541.4,134684
2021-06-09 09:23:59,1541.3,134822
2021-06-09 09:24:00,1541.4,134832
2021-06-09 09:24:01,1541.15,135197
2021-06-09 09:24:02,1541.25,135297
2021-06-09 09:24:03,1541.15,135336
2021-06-09 09:24:04,1541.15,135361
2021-06-09 09:24:05,1541.25,135411
2021-06-09 09:24:06,1541.25,135499
2021-06-09 09:24:07,1541.0,135889
2021-06-09 09:24:08,1541.0,135975
2021-06-09 09:24:09,1541.4,136355
2021-06-09 09:24:10,1541.45,136356
2021-06-09 09:24:11,1541.0,136426
2021-06-09 09:24:12,1541.25,136536
2021-06-09 09:24:14,1541.25,136624
2021-06-09 09:24:13,1541.25,136612
2021-06-09 09:24:15,1541.0,136645
2021-06-09 09:24:16,1540.55,137245
2021-06-09 09:24:17,1540.55,137307
2021-06-09 09:24:18,1541.2,137352
2021-06-09 09:24:19,1541.15,137406
2021-06-09 09:24:20,1541.15,137456
2021-06-09 09:24:21,1541.15,137456
2021-06-09 09:24:22,1541.0,137610
2021-06-09 09:24:23,1541.0,137664
2021-06-09 09:24:24,1541.0,137998
2021-06-09 09:24:25,1541.0,137998
2021-06-09 09:24:26,1541.05,138098
2021-06-09 09:24:27,1541.05,138120
2021-06-09 09:24:28,1541.05,138301
2021-06-09 09:24:29,1541.0,138351
2021-06-09 09:24:31,1540.5,138698
2021-06-09 09:24:30,1540.75,138463
2021-06-09 09:24:32,1541.15,138768
2021-06-09 09:24:33,1540.6,138781
2021-06-09 09:24:34,1541.05,138804
2021-06-09 09:24:35,1540.4,139261
2021-06-09 09:24:36,1541.05,139326
2021-06-09 09:24:37,1540.4,139444
2021-06-09 09:24:38,1540.8,139446
2021-06-09 09:24:39,1541.05,139587
2021-06-09 09:24:40,1540.95,139607
2021-06-09 09:24:41,1540.45,139612
2021-06-09 09:24:42,1540.45,139632
2021-06-09 09:24:43,1541.0,139697
2021-06-09 09:24:44,1541.0,139697
2021-06-09 09:24:46,1541.0,139997
2021-06-09 09:24:46,1540.45,140318
2021-06-09 09:24:47,1541.0,140621
2021-06-09 09:24:48,1541.0,140622
2021-06-09 09:24:49,1540.95,140636
2021-06-09 09:24:50,1540.45,140637
2021-06-09 09:24:51,1540.75,140678
2021-06-09 09:24:52,1541.0,140679
2021-06-09 09:24:53,1540.55,140690
2021-06-09 09:24:54,1541.0,140745
2021-06-09 09:24:55,1540.95,140756
2021-06-09 09:24:56,1540.85,140972
2021-06-09 09:24:57,1540.85,140977
2021-06-09 09:24:58,1540.75,140992
2021-06-09 09:24:59,1540.95,141111
2021-06-09 09:25:00,1540.45,141196
2021-06-09 09:25:01,1540.65,142948
2021-06-09 09:25:02,1540.85,143018
2021-06-09 09:25:03,1540.45,143131
2021-06-09 09:25:04,1540.45,143289
2021-06-09 09:25:05,1540.45,143337
2021-06-09 09:25:06,1540.85,143358
2021-06-09 09:25:08,1540.65,143608
2021-06-09 09:25:09,1540.65,143773
2021-06-09 09:25:10,1540.95,144111
2021-06-09 09:25:11,1540.85,144136
2021-06-09 09:25:12,1541.0,144708
2021-06-09 09:25:13,1541.0,144786
2021-06-09 09:25:14,1543.0,146770
2021-06-09 09:25:15,1542.95,146921
2021-06-09 09:25:16,1541.75,148476
2021-06-09 09:25:17,1542.0,148539
2021-06-09 09:25:18,1541.75,148649
2021-06-09 09:25:19,1542.3,148750
2021-06-09 09:25:20,1542.3,148750
2021-06-09 09:25:21,1542.8,148784
2021-06-09 09:25:22,1542.3,148840
2021-06-09 09:25:23,1542.3,148925
2021-06-09 09:25:24,1542.75,148981
2021-06-09 09:25:25,1542.75,149031
2021-06-09 09:25:26,1542.75,149041
2021-06-09 09:25:27,1543.4,150042
2021-06-09 09:25:28,1543.4,150042
2021-06-09 09:25:29,1543.2,150147
2021-06-09 09:25:30,1543.2,150209
2021-06-09 09:25:31,1543.2,150209
2021-06-09 09:25:32,1543.2,150209
2021-06-09 09:25:33,1543.35,150220
2021-06-09 09:25:34,1543.25,150231
2021-06-09 09:25:36,1543.2,150274
2021-06-09 09:25:37,1543.2,150274
2021-06-09 09:25:38,1543.25,150294
2021-06-09 09:25:39,1543.5,150344
2021-06-09 09:25:40,1543.5,150427
2021-06-09 09:25:41,1543.4,150500
2021-06-09 09:25:42,1543.2,150675
2021-06-09 09:25:43,1542.8,150720
2021-06-09 09:25:44,1542.75,150828
2021-06-09 09:25:45,1542.75,150913
2021-06-09 09:25:46,1542.75,150971
2021-06-09 09:25:47,1542.6,151001
2021-06-09 09:25:48,1541.9,151097
2021-06-09 09:25:49,1541.9,151127
2021-06-09 09:25:50,1541.9,153171
2021-06-09 09:25:51,1541.8,153285
2021-06-09 09:25:52,1541.8,153285
2021-06-09 09:25:53,1541.2,153295
2021-06-09 09:25:54,1541.2,153295
2021-06-09 09:25:55,1540.95,154409
2021-06-09 09:25:56,1540.5,154622
2021-06-09 09:25:57,1540.9,154648
2021-06-09 09:25:58,1540.5,154652
2021-06-09 09:25:59,1540.45,154675
2021-06-09 09:26:00,1540.9,154756
2021-06-09 09:26:01,1540.9,154777
2021-06-09 09:26:02,1540.9,154795
2021-06-09 09:26:03,1540.25,154905
2021-06-09 09:26:04,1540.1,155412
2021-06-09 09:26:05,1540.15,155413
2021-06-09 09:26:06,1540.15,155543
2021-06-09 09:26:07,1540.15,155548
2021-06-09 09:26:09,1540.1,155602
2021-06-09 09:26:10,1540.15,156290
2021-06-09 09:26:11,1540.35,157333
2021-06-09 09:26:12,1540.25,157363
2021-06-09 09:26:13,1540.25,157618
2021-06-09 09:26:14,1540.4,157631
2021-06-09 09:26:15,1541.0,157641
2021-06-09 09:26:16,1540.4,158044
2021-06-09 09:26:17,1541.1,158059
2021-06-09 09:26:18,1541.1,158078
2021-06-09 09:26:19,1540.5,158111
2021-06-09 09:26:21,1540.8,158118
2021-06-09 09:26:22,1540.55,158265
2021-06-09 09:26:23,1540.8,158266
2021-06-09 09:26:24,1540.8,158276
2021-06-09 09:26:25,1540.8,158507
2021-06-09 09:26:26,1540.8,158507
2021-06-09 09:26:27,1540.8,158507
2021-06-09 09:26:28,1540.8,158507
2021-06-09 09:26:29,1540.8,158521
2021-06-09 09:26:30,1540.8,158617
2021-06-09 09:26:31,1540.8,158620
2021-06-09 09:26:32,1540.55,158672
2021-06-09 09:26:33,1540.8,158805
2021-06-09 09:26:35,1540.8,158895
2021-06-09 09:26:34,1541.0,158811
2021-06-09 09:26:36,1540.55,159127
2021-06-09 09:26:37,1540.55,159127
2021-06-09 09:26:38,1540.55,159357
2021-06-09 09:26:39,1540.8,159370
2021-06-09 09:26:40,1540.8,159507
2021-06-09 09:26:41,1540.8,159527
2021-06-09 09:26:42,1540.8,159627
2021-06-09 09:26:43,1540.6,159652
2021-06-09 09:26:44,1540.6,159654
2021-06-09 09:26:45,1540.6,159775
2021-06-09 09:26:46,1540.65,160011
2021-06-09 09:26:47,1540.8,160131
2021-06-09 09:26:48,1540.65,160194
2021-06-09 09:26:49,1540.65,160237
2021-06-09 09:26:51,1540.6,160743
2021-06-09 09:26:51,1540.6,160748
2021-06-09 09:26:52,1540.9,160798
2021-06-09 09:26:54,1541.05,161165
2021-06-09 09:26:54,1541.05,161165
2021-06-09 09:26:55,1540.6,161417
2021-06-09 09:26:56,1540.6,161417
2021-06-09 09:26:57,1540.6,161417
2021-06-09 09:26:58,1541.4,161791
2021-06-09 09:26:59,1541.8,162078
2021-06-09 09:27:00,1541.75,162211
2021-06-09 09:27:01,1541.75,162211
2021-06-09 09:27:02,1541.7,162388
2021-06-09 09:27:03,1541.7,162388
2021-06-09 09:27:04,1541.7,162395
2021-06-09 09:27:05,1541.7,162527
2021-06-09 09:27:07,1541.65,162613
2021-06-09 09:27:08,1541.65,162613
2021-06-09 09:27:09,1541.65,162613
2021-06-09 09:27:10,1541.05,162768
2021-06-09 09:27:11,1541.75,162773
2021-06-09 09:27:12,1541.7,162969
2021-06-09 09:27:13,1541.7,162974
2021-06-09 09:27:13,1541.7,162974
2021-06-09 09:27:14,1541.7,163104
2021-06-09 09:27:15,1541.7,163146
2021-06-09 09:27:16,1541.7,163302
2021-06-09 09:27:17,1541.7,163303
2021-06-09 09:27:18,1542.0,163511
2021-06-09 09:27:19,1541.7,163520
2021-06-09 09:27:20,1541.7,163610
2021-06-09 09:27:21,1542.0,163611
2021-06-09 09:27:22,1542.0,163626
2021-06-09 09:27:23,1542.0,163639
2021-06-09 09:27:24,1542.0,163639
2021-06-09 09:27:26,1541.7,163694
2021-06-09 09:27:27,1541.7,163694
2021-06-09 09:27:28,1542.0,163805
2021-06-09 09:27:29,1542.0,163810
2021-06-09 09:27:30,1541.7,163811
2021-06-09 09:27:31,1541.7,163811
2021-06-09 09:27:32,1542.0,163814
2021-06-09 09:27:34,1541.7,164149
2021-06-09 09:27:35,1542.0,164169
2021-06-09 09:27:36,1541.75,164194
2021-06-09 09:27:37,1541.75,164201
2021-06-09 09:27:37,1541.75,164231
2021-06-09 09:27:38,1541.75,164246
2021-06-09 09:27:39,1541.85,164256
2021-06-09 09:27:40,1542.0,164397
2021-06-09 09:27:41,1542.0,164409
2021-06-09 09:27:42,1542.8,164509
2021-06-09 09:27:43,1543.0,164510
2021-06-09 09:27:44,1542.75,164531
2021-06-09 09:27:45,1542.8,164532
2021-06-09 09:27:47,1542.8,164532
2021-06-09 09:27:48,1542.4,164740
2021-06-09 09:27:49,1542.5,164768
2021-06-09 09:27:51,1542.7,164774
2021-06-09 09:27:51,1542.7,164792
2021-06-09 09:27:53,1542.45,165336
2021-06-09 09:27:55,1542.4,165542
2021-06-09 09:27:57,1542.7,165866
2021-06-09 09:27:58,1542.35,166064
2021-06-09 09:27:59,1542.35,166094
2021-06-09 09:28:00,1542.35,166094
2021-06-09 09:28:01,1542.75,166164
2021-06-09 09:28:02,1542.5,166178
2021-06-09 09:28:03,1542.7,166214
2021-06-09 09:28:05,1542.7,166300
2021-06-09 09:28:06,1542.7,166413
2021-06-09 09:28:07,1542.7,166474
2021-06-09 09:28:08,1542.7,166667
2021-06-09 09:28:09,1543.0,166669
2021-06-09 09:28:10,1542.7,166673
2021-06-09 09:28:11,1543.0,166824
2021-06-09 09:28:12,1542.95,166834
2021-06-09 09:28:13,1542.7,166897
2021-06-09 09:28:14,1543.0,167021
2021-06-09 09:28:15,1543.0,167027
2021-06-09 09:28:16,1543.0,167045
2021-06-09 09:28:18,1543.2,167122
2021-06-09 09:28:19,1543.0,167124
2021-06-09 09:28:20,1543.2,167135
2021-06-09 09:28:21,1543.2,167231
2021-06-09 09:28:22,1543.0,167236
2021-06-09 09:28:23,1543.0,167245
2021-06-09 09:28:24,1543.3,167348
2021-06-09 09:28:25,1543.2,167349
2021-06-09 09:28:26,1543.0,167374
2021-06-09 09:28:27,1543.0,167374
2021-06-09 09:28:28,1543.2,167375
2021-06-09 09:28:29,1543.0,167418
2021-06-09 09:28:30,1543.15,167421
2021-06-09 09:28:31,1543.0,167600
2021-06-09 09:28:32,1543.05,167603
2021-06-09 09:28:33,1543.15,167850
2021-06-09 09:28:34,1543.0,168036
2021-06-09 09:28:35,1543.3,168147
2021-06-09 09:28:36,1543.3,168158
2021-06-09 09:28:37,1543.3,168158
2021-06-09 09:28:38,1543.3,168303
2021-06-09 09:28:39,1543.3,168351
2021-06-09 09:28:41,1543.2,168576
2021-06-09 09:28:41,1543.2,168577
2021-06-09 09:28:42,1543.25,168619
2021-06-09 09:28:44,1543.3,168827
2021-06-09 09:28:45,1543.5,168858
2021-06-09 09:28:46,1543.3,168873
2021-06-09 09:28:47,1543.3,168900
2021-06-09 09:28:48,1543.5,168972
2021-06-09 09:28:49,1543.5,168994
2021-06-09 09:28:50,1543.5,168994
2021-06-09 09:28:51,1543.5,168994
2021-06-09 09:28:52,1543.3,169004
2021-06-09 09:28:53,1543.5,169005
2021-06-09 09:28:53,1543.5,169005
2021-06-09 09:28:54,1543.5,169012
2021-06-09 09:28:55,1543.5,169013
2021-06-09 09:28:56,1543.4,169014
2021-06-09 09:28:57,1543.4,169019
2021-06-09 09:28:58,1543.4,169019
2021-06-09 09:28:59,1543.3,169058
2021-06-09 09:29:01,1543.3,169136
2021-06-09 09:29:02,1543.2,169156
2021-06-09 09:29:03,1543.6,169601
2021-06-09 09:29:04,1543.5,169672
2021-06-09 09:29:05,1543.9,169674
2021-06-09 09:29:06,1544.0,170033
2021-06-09 09:29:07,1544.0,170609
2021-06-09 09:29:08,1544.0,170993
2021-06-09 09:29:09,1544.3,171104
2021-06-09 09:29:10,1544.35,171125
2021-06-09 09:29:11,1544.5,171454
2021-06-09 09:29:12,1545.95,173049
2021-06-09 09:29:13,1546.4,173371
2021-06-09 09:29:14,1546.5,174360
2021-06-09 09:29:15,1546.65,175020
2021-06-09 09:29:16,1546.8,175201
2021-06-09 09:29:17,1546.9,175603
2021-06-09 09:29:18,1547.0,175872
2021-06-09 09:29:19,1547.0,176014
2021-06-09 09:29:20,1546.65,178878
2021-06-09 09:29:21,1546.65,178902
2021-06-09 09:29:22,1546.0,178937
2021-06-09 09:29:23,1546.7,179188
2021-06-09 09:29:24,1546.05,179922
2021-06-09 09:29:24,1546.15,179968
2021-06-09 09:29:26,1545.5,179983
2021-06-09 09:29:26,1545.5,179983
2021-06-09 09:29:27,1545.85,180413
2021-06-09 09:29:28,1545.85,180466
2021-06-09 09:29:29,1545.8,180526
2021-06-09 09:29:30,1545.8,180587
2021-06-09 09:29:32,1545.95,180808
2021-06-09 09:29:33,1545.95,180809
2021-06-09 09:29:34,1545.95,180809
2021-06-09 09:29:35,1545.95,180839
2021-06-09 09:29:36,1545.5,180874
2021-06-09 09:29:37,1545.5,180881
2021-06-09 09:29:38,1545.2,180895
2021-06-09 09:29:39,1545.2,180937
2021-06-09 09:29:40,1545.6,181000
2021-06-09 09:29:42,1545.9,181557
2021-06-09 09:29:44,1545.9,181840
2021-06-09 09:29:45,1545.5,181897
2021-06-09 09:29:46,1545.2,181914
2021-06-09 09:29:47,1545.2,181966
2021-06-09 09:29:48,1545.45,181975
2021-06-09 09:29:49,1545.45,182051
2021-06-09 09:29:50,1545.7,182568
2021-06-09 09:29:51,1545.25,183272
2021-06-09 09:29:52,1546.1,183681
2021-06-09 09:29:53,1545.95,183682
2021-06-09 09:29:54,1545.95,183685
2021-06-09 09:29:56,1545.5,183937
2021-06-09 09:29:57,1545.1,184043
2021-06-09 09:29:58,1545.5,184093
2021-06-09 09:29:59,1545.05,184275
2021-06-09 09:30:00,1545.25,184286
2021-06-09 09:30:00,1545.25,184289
2021-06-09 09:30:02,1545.3,184353
2021-06-09 09:30:02,1545.0,184612
2021-06-09 09:30:03,1544.9,184723
2021-06-09 09:30:04,1545.0,184734
2021-06-09 09:30:05,1544.95,184984
2021-06-09 09:30:06,1544.95,185100
2021-06-09 09:30:07,1544.4,185309
2021-06-09 09:30:08,1544.5,185382
2021-06-09 09:30:09,1544.5,185431
2021-06-09 09:30:10,1544.5,185440
2021-06-09 09:30:11,1544.5,185443
2021-06-09 09:30:13,1544.5,185457
2021-06-09 09:30:14,1545.0,185660
2021-06-09 09:30:14,1545.0,185660
2021-06-09 09:30:16,1544.5,185720
2021-06-09 09:30:17,1544.5,185764
2021-06-09 09:30:17,1544.9,185766
2021-06-09 09:30:19,1544.5,185805
2021-06-09 09:30:20,1544.5,185906
2021-06-09 09:30:21,1544.5,185908
2021-06-09 09:30:22,1544.8,187016
2021-06-09 09:30:23,1544.5,187027
2021-06-09 09:30:24,1544.5,187027
2021-06-09 09:30:25,1544.5,188318
2021-06-09 09:30:26,1544.0,188410
2021-06-09 09:30:27,1544.0,188411
2021-06-09 09:30:28,1544.0,188635
2021-06-09 09:30:29,1544.0,188639
2021-06-09 09:30:30,1544.0,188890
2021-06-09 09:30:31,1544.1,188907
2021-06-09 09:30:32,1544.0,188932
2021-06-09 09:30:33,1544.0,188935
2021-06-09 09:30:34,1544.0,188953
2021-06-09 09:30:35,1544.0,188959
2021-06-09 09:30:36,1544.0,188964
2021-06-09 09:30:37,1544.15,188965
2021-06-09 09:30:38,1544.0,189002
2021-06-09 09:30:39,1543.9,190217
2021-06-09 09:30:40,1544.0,190219
2021-06-09 09:30:41,1544.0,190229
2021-06-09 09:30:42,1543.7,190240
2021-06-09 09:30:43,1543.5,190349
2021-06-09 09:30:44,1543.75,190419
2021-06-09 09:30:45,1543.5,190530
2021-06-09 09:30:46,1543.5,190575
2021-06-09 09:30:47,1543.85,190900
2021-06-09 09:30:47,1543.5,190957
2021-06-09 09:30:49,1543.5,191846
2021-06-09 09:30:50,1543.4,191931
2021-06-09 09:30:51,1543.3,192015
2021-06-09 09:30:53,1543.3,192115
2021-06-09 09:30:54,1543.3,192338
2021-06-09 09:30:55,1543.3,192391
2021-06-09 09:30:56,1543.65,192421
2021-06-09 09:30:57,1543.45,192562
2021-06-09 09:30:58,1543.3,192711
2021-06-09 09:30:59,1543.45,192758
2021-06-09 09:31:00,1543.3,192881
2021-06-09 09:31:01,1543.3,192936
2021-06-09 09:31:02,1543.3,192997
2021-06-09 09:31:02,1543.3,192997
2021-06-09 09:31:04,1543.3,193040
2021-06-09 09:31:05,1543.5,193084
2021-06-09 09:31:06,1543.35,193247
2021-06-09 09:31:07,1543.3,193290
2021-06-09 09:31:08,1543.3,193380
2021-06-09 09:31:09,1543.3,193434
2021-06-09 09:31:10,1543.15,193660
2021-06-09 09:31:10,1543.4,193661
2021-06-09 09:31:11,1543.25,193717
2021-06-09 09:31:13,1543.35,193779
2021-06-09 09:31:14,1543.3,193780
2021-06-09 09:31:15,1543.3,193780
2021-06-09 09:31:16,1543.0,193835
2021-06-09 09:31:17,1543.3,193839
2021-06-09 09:31:18,1543.3,193839
2021-06-09 09:31:19,1543.0,193842
2021-06-09 09:31:20,1543.0,193859
2021-06-09 09:31:21,1543.5,194220
2021-06-09 09:31:22,1543.5,194920
2021-06-09 09:31:23,1543.5,194920
2021-06-09 09:31:24,1543.0,194982
2021-06-09 09:31:25,1543.5,194983
2021-06-09 09:31:26,1543.5,194983
2021-06-09 09:31:28,1543.0,195037
2021-06-09 09:31:30,1543.05,195140
2021-06-09 09:31:31,1543.0,195214
2021-06-09 09:31:34,1543.5,195926
2021-06-09 09:31:35,1543.5,195947
2021-06-09 09:31:36,1543.5,195957
2021-06-09 09:31:37,1543.5,195964
2021-06-09 09:31:38,1543.5,196027
2021-06-09 09:31:39,1543.6,196031
2021-06-09 09:31:40,1543.6,196067
2021-06-09 09:31:41,1543.6,196074
2021-06-09 09:31:42,1544.0,196420
2021-06-09 09:31:43,1544.0,196423
2021-06-09 09:31:44,1544.0,196462
2021-06-09 09:31:45,1543.8,196466
2021-06-09 09:31:46,1543.8,196466
2021-06-09 09:31:47,1544.1,196691
2021-06-09 09:31:48,1545.0,196831
2021-06-09 09:31:49,1545.0,196832
2021-06-09 09:31:50,1544.4,197001
2021-06-09 09:31:51,1544.4,197014
2021-06-09 09:31:52,1544.0,197143
2021-06-09 09:31:53,1544.0,197146
2021-06-09 09:31:54,1544.0,197146
2021-06-09 09:31:55,1544.45,197246
2021-06-09 09:31:56,1544.05,197326
2021-06-09 09:31:57,1544.75,197328
2021-06-09 09:31:57,1544.75,197328
2021-06-09 09:31:58,1544.55,197427
2021-06-09 09:32:00,1544.55,197678
2021-06-09 09:32:01,1544.0,198004
2021-06-09 09:32:02,1544.0,198004
2021-06-09 09:32:03,1544.0,198067
2021-06-09 09:32:04,1544.0,198105
2021-06-09 09:32:05,1544.0,198190
2021-06-09 09:32:06,1544.0,198255
2021-06-09 09:32:07,1544.0,198327
2021-06-09 09:32:08,1544.0,198327
2021-06-09 09:32:09,1544.0,198370
2021-06-09 09:32:10,1544.0,198533
2021-06-09 09:32:11,1543.95,199091
2021-06-09 09:32:11,1544.4,199081
2021-06-09 09:32:13,1544.0,199137
2021-06-09 09:32:14,1543.6,199221
2021-06-09 09:32:16,1544.0,199455
2021-06-09 09:32:15,1543.6,199445
2021-06-09 09:32:17,1543.5,201246
2021-06-09 09:32:18,1543.0,201273
2021-06-09 09:32:19,1543.65,201378
2021-06-09 09:32:20,1543.65,201425
2021-06-09 09:32:21,1543.0,201463
2021-06-09 09:32:22,1543.0,201463
2021-06-09 09:32:23,1543.45,201562
2021-06-09 09:32:24,1543.3,201783
2021-06-09 09:32:25,1543.6,201837
2021-06-09 09:32:26,1543.3,201847
2021-06-09 09:32:27,1543.15,201930
2021-06-09 09:32:28,1543.45,201931
2021-06-09 09:32:29,1543.45,201947
2021-06-09 09:32:30,1543.1,201989
2021-06-09 09:32:31,1543.0,202035
2021-06-09 09:32:32,1543.1,202038
2021-06-09 09:32:33,1543.0,202149
2021-06-09 09:32:34,1543.35,202273
2021-06-09 09:32:35,1543.35,202297
2021-06-09 09:32:36,1543.05,202407
2021-06-09 09:32:37,1543.25,202419
2021-06-09 09:32:38,1543.35,202533
2021-06-09 09:32:40,1543.6,202562
2021-06-09 09:32:41,1543.6,202564
2021-06-09 09:32:42,1543.6,202564
2021-06-09 09:32:43,1543.3,202566
2021-06-09 09:32:44,1543.45,202689
2021-06-09 09:32:45,1543.45,202691
2021-06-09 09:32:46,1543.45,202711
2021-06-09 09:32:47,1544.0,202712
2021-06-09 09:32:48,1543.5,202728
2021-06-09 09:32:49,1544.0,202831
2021-06-09 09:32:49,1544.05,203139
2021-06-09 09:32:51,1544.05,203139
2021-06-09 09:32:52,1544.05,203139
2021-06-09 09:32:53,1544.25,203191
2021-06-09 09:32:54,1544.25,203242
2021-06-09 09:32:55,1544.9,203243
2021-06-09 09:32:56,1544.9,203323
2021-06-09 09:32:57,1545.0,203378
2021-06-09 09:32:58,1544.25,203432
2021-06-09 09:32:58,1544.25,203432
2021-06-09 09:33:00,1544.9,203575
2021-06-09 09:33:01,1544.25,204281
2021-06-09 09:33:02,1544.9,204309
2021-06-09 09:33:03,1544.9,204309
2021-06-09 09:33:04,1544.35,204314
2021-06-09 09:33:05,1545.0,204451
2021-06-09 09:33:06,1545.0,204462
2021-06-09 09:33:07,1545.0,204509
2021-06-09 09:33:08,1545.0,204510
2021-06-09 09:33:09,1544.9,204670
2021-06-09 09:33:10,1544.35,204765
2021-06-09 09:33:11,1545.0,204808
2021-06-09 09:33:12,1545.0,204893
2021-06-09 09:33:13,1544.3,204954
2021-06-09 09:33:14,1544.9,205104
2021-06-09 09:33:15,1545.0,205219
2021-06-09 09:33:16,1545.0,205408
2021-06-09 09:33:17,1544.65,205414
2021-06-09 09:33:18,1544.65,205562
2021-06-09 09:33:19,1544.95,205577
2021-06-09 09:33:20,1544.25,205599
2021-06-09 09:33:21,1545.0,205673
2021-06-09 09:33:22,1544.9,206009
2021-06-09 09:33:23,1544.9,206084
2021-06-09 09:33:24,1545.0,206087
2021-06-09 09:33:25,1544.9,206128
2021-06-09 09:33:26,1545.0,206130
2021-06-09 09:33:27,1544.9,206168
2021-06-09 09:33:28,1544.9,206168
2021-06-09 09:33:29,1545.0,206538
2021-06-09 09:33:30,1544.65,206622
2021-06-09 09:33:31,1544.95,206627
2021-06-09 09:33:32,1544.9,206774
2021-06-09 09:33:33,1545.2,206873
2021-06-09 09:33:34,1545.2,206873
2021-06-09 09:33:35,1545.2,206873
2021-06-09 09:33:36,1545.2,206915
2021-06-09 09:33:37,1545.4,206919
2021-06-09 09:33:38,1545.2,206971
2021-06-09 09:33:39,1545.2,206971
2021-06-09 09:33:40,1545.2,207013
2021-06-09 09:33:41,1545.75,207114
2021-06-09 09:33:43,1545.2,207174
2021-06-09 09:33:44,1545.05,207416
2021-06-09 09:33:45,1545.45,207450
2021-06-09 09:33:47,1545.85,207583
2021-06-09 09:33:46,1545.45,207493
2021-06-09 09:33:48,1545.4,207975
2021-06-09 09:33:49,1545.1,208098
2021-06-09 09:33:50,1545.1,208165
2021-06-09 09:33:51,1545.95,208227
2021-06-09 09:33:53,1545.9,208262
2021-06-09 09:33:52,1545.2,208260
2021-06-09 09:33:54,1545.9,208266
2021-06-09 09:33:55,1545.9,208269
2021-06-09 09:33:56,1545.9,208269
2021-06-09 09:33:57,1545.9,208322
2021-06-09 09:33:58,1545.9,208333
2021-06-09 09:33:59,1545.35,208556
2021-06-09 09:34:00,1545.95,208622
2021-06-09 09:34:01,1545.3,208714
2021-06-09 09:34:02,1545.95,208715
2021-06-09 09:34:03,1545.25,208760
2021-06-09 09:34:04,1545.95,208761
2021-06-09 09:34:05,1545.95,208997
2021-06-09 09:34:07,1545.0,210534
2021-06-09 09:34:08,1545.0,210564
2021-06-09 09:34:09,1545.0,210640
2021-06-09 09:34:10,1545.0,210650
2021-06-09 09:34:11,1544.7,210953
2021-06-09 09:34:13,1544.25,210985
2021-06-09 09:34:12,1544.25,210985
2021-06-09 09:34:14,1544.25,210985
2021-06-09 09:34:15,1544.25,210990
2021-06-09 09:34:16,1544.25,210990
2021-06-09 09:34:17,1544.2,210999
2021-06-09 09:34:18,1544.2,210999
2021-06-09 09:34:19,1544.15,211161
2021-06-09 09:34:20,1544.0,211181
2021-06-09 09:34:21,1544.15,211273
2021-06-09 09:34:22,1544.1,211278
2021-06-09 09:34:23,1544.0,211427
2021-06-09 09:34:24,1544.0,211427
2021-06-09 09:34:25,1544.2,211433
2021-06-09 09:34:26,1544.35,211871
2021-06-09 09:34:27,1545.0,212704
2021-06-09 09:34:28,1545.0,212704
2021-06-09 09:34:29,1544.75,212747
2021-06-09 09:34:30,1544.15,212750
2021-06-09 09:34:31,1544.1,213013
2021-06-09 09:34:32,1544.1,213013
2021-06-09 09:34:33,1544.05,213078
2021-06-09 09:34:34,1544.0,213128
2021-06-09 09:34:35,1544.3,213129
2021-06-09 09:34:36,1544.65,213229
2021-06-09 09:34:37,1544.75,213235
2021-06-09 09:34:38,1544.75,213235
2021-06-09 09:34:39,1544.15,213341
2021-06-09 09:34:40,1544.15,213341
2021-06-09 09:34:41,1544.1,213343
2021-06-09 09:34:42,1544.1,213461
2021-06-09 09:34:43,1544.1,213461
2021-06-09 09:34:45,1544.1,213462
2021-06-09 09:34:46,1543.95,213562
2021-06-09 09:34:47,1543.9,213563
2021-06-09 09:34:48,1543.9,213563
2021-06-09 09:34:49,1543.9,213639
2021-06-09 09:34:50,1544.1,213689
2021-06-09 09:34:51,1544.1,213689
2021-06-09 09:34:52,1544.1,213689
2021-06-09 09:34:53,1544.1,213701
2021-06-09 09:34:54,1544.1,213701
2021-06-09 09:34:55,1544.1,213701
2021-06-09 09:34:56,1544.0,213764
2021-06-09 09:34:57,1544.1,213766
2021-06-09 09:34:58,1543.9,213849
2021-06-09 09:34:59,1543.9,213849
2021-06-09 09:35:00,1543.9,213849
2021-06-09 09:35:01,1544.5,213861
2021-06-09 09:35:02,1543.15,217164
2021-06-09 09:35:03,1543.15,217164
2021-06-09 09:35:04,1543.6,217239
2021-06-09 09:35:05,1543.3,217251
2021-06-09 09:35:07,1543.3,217256
2021-06-09 09:35:08,1543.3,217256
2021-06-09 09:35:09,1543.05,217277
2021-06-09 09:35:10,1543.05,217277
2021-06-09 09:35:13,1543.0,217499
2021-06-09 09:35:14,1543.0,217499
2021-06-09 09:35:15,1543.0,217499
2021-06-09 09:35:16,1543.0,217535
2021-06-09 09:35:18,1543.0,217628
2021-06-09 09:35:18,1543.05,217630
2021-06-09 09:35:21,1543.0,217769
2021-06-09 09:35:22,1543.15,217799
2021-06-09 09:35:23,1543.15,217799
2021-06-09 09:35:23,1543.15,217799
2021-06-09 09:35:24,1543.15,217802
2021-06-09 09:35:25,1543.15,217803
2021-06-09 09:35:26,1543.0,217838
2021-06-09 09:35:27,1543.15,217867
2021-06-09 09:35:28,1543.05,217922
2021-06-09 09:35:29,1543.0,218236
2021-06-09 09:35:30,1543.0,218239
2021-06-09 09:35:31,1543.05,218240
2021-06-09 09:35:32,1543.05,218246
2021-06-09 09:35:33,1543.0,218257
2021-06-09 09:35:35,1543.05,218287
2021-06-09 09:35:36,1543.0,218633
2021-06-09 09:35:37,1542.8,218637
2021-06-09 09:35:38,1543.0,218642
2021-06-09 09:35:39,1543.0,218692
2021-06-09 09:35:42,1543.0,219040
2021-06-09 09:35:43,1543.0,219040
2021-06-09 09:35:45,1543.0,219067
2021-06-09 09:35:46,1543.0,219197
2021-06-09 09:35:47,1543.05,219215
2021-06-09 09:35:48,1543.0,219216
2021-06-09 09:35:49,1543.05,219266
2021-06-09 09:35:50,1543.0,219475
2021-06-09 09:35:51,1543.0,219660
2021-06-09 09:35:52,1543.0,219664
2021-06-09 09:35:53,1543.0,219756
2021-06-09 09:35:54,1543.05,219820
2021-06-09 09:35:56,1543.05,219860
2021-06-09 09:35:57,1543.05,219911
2021-06-09 09:35:58,1543.05,219933
2021-06-09 09:36:00,1543.15,220078
2021-06-09 09:36:01,1543.15,220312
2021-06-09 09:36:02,1543.15,220312
2021-06-09 09:36:02,1543.15,220312
2021-06-09 09:36:03,1543.15,220333
2021-06-09 09:36:04,1543.15,220355
2021-06-09 09:36:05,1543.15,220356
2021-06-09 09:36:06,1542.8,220368
2021-06-09 09:36:07,1543.15,220535
2021-06-09 09:36:08,1542.8,220765
2021-06-09 09:36:09,1543.15,220782
2021-06-09 09:36:10,1542.8,220822
2021-06-09 09:36:11,1542.8,220822
2021-06-09 09:36:12,1543.0,220829
2021-06-09 09:36:14,1542.8,220915
2021-06-09 09:36:15,1542.8,220924
2021-06-09 09:36:15,1542.8,220925
2021-06-09 09:36:17,1543.0,220975
2021-06-09 09:36:18,1543.0,220977
2021-06-09 09:36:19,1543.0,220978
2021-06-09 09:36:20,1543.0,221033
2021-06-09 09:36:21,1542.9,221142
2021-06-09 09:36:22,1542.9,221142
2021-06-09 09:36:23,1542.9,221142
2021-06-09 09:36:24,1543.0,221180
2021-06-09 09:36:24,1543.0,221206
2021-06-09 09:36:25,1543.1,221208
2021-06-09 09:36:27,1543.0,221228
2021-06-09 09:36:29,1543.0,221278
2021-06-09 09:36:30,1543.1,221289
2021-06-09 09:36:31,1543.0,221398
2021-06-09 09:36:32,1543.0,221399
2021-06-09 09:36:33,1543.05,221401
2021-06-09 09:36:35,1543.05,221401
2021-06-09 09:36:36,1543.0,221406
2021-06-09 09:36:37,1543.05,221408
2021-06-09 09:36:37,1543.05,221408
2021-06-09 09:36:38,1543.0,221513
2021-06-09 09:36:39,1543.0,221534
2021-06-09 09:36:41,1543.1,221554
2021-06-09 09:36:42,1543.1,221555
2021-06-09 09:36:43,1543.1,221555
2021-06-09 09:36:44,1543.1,221671
2021-06-09 09:36:45,1543.0,221757
2021-06-09 09:36:47,1542.6,223932
2021-06-09 09:36:49,1542.6,224003
2021-06-09 09:36:50,1542.6,224430
2021-06-09 09:36:51,1542.6,224556
2021-06-09 09:36:52,1542.0,224607
2021-06-09 09:36:53,1542.75,224724
2021-06-09 09:36:54,1542.85,224732
2021-06-09 09:36:55,1542.05,224876
2021-06-09 09:36:56,1542.1,224884
2021-06-09 09:36:57,1542.0,224941
2021-06-09 09:37:00,1542.4,225030
2021-06-09 09:37:01,1542.4,225032
2021-06-09 09:37:01,1542.4,225042
2021-06-09 09:37:02,1542.0,225097
2021-06-09 09:37:03,1542.0,225133
2021-06-09 09:37:04,1542.0,225243
2021-06-09 09:37:05,1542.4,225271
2021-06-09 09:37:07,1542.4,225364
2021-06-09 09:37:08,1542.4,225384
2021-06-09 09:37:09,1542.05,225997
2021-06-09 09:37:09,1542.05,225997
2021-06-09 09:37:11,1542.05,226105
2021-06-09 09:37:12,1542.1,226165
2021-06-09 09:37:13,1542.65,226245
2021-06-09 09:37:14,1542.1,226400
2021-06-09 09:37:15,1542.0,226457
2021-06-09 09:37:15,1542.35,226477
2021-06-09 09:37:16,1541.7,226645
2021-06-09 09:37:17,1541.9,226676
2021-06-09 09:37:18,1541.0,227869
2021-06-09 09:37:20,1541.0,227970
2021-06-09 09:37:21,1541.0,228149
2021-06-09 09:37:22,1541.0,228149
2021-06-09 09:37:22,1541.25,228251
2021-06-09 09:37:23,1541.25,228301
2021-06-09 09:37:25,1541.75,228304
2021-06-09 09:37:26,1541.2,228664
2021-06-09 09:37:26,1541.1,228874
2021-06-09 09:37:27,1541.1,228919
2021-06-09 09:37:28,1541.1,228977
2021-06-09 09:37:29,1541.1,229130
2021-06-09 09:37:30,1541.65,229266
2021-06-09 09:37:32,1541.0,229308
2021-06-09 09:37:32,1541.0,229340
2021-06-09 09:37:34,1541.0,229504
2021-06-09 09:37:34,1541.6,229524
2021-06-09 09:37:35,1541.0,229708
2021-06-09 09:37:36,1541.0,229794
2021-06-09 09:37:37,1541.0,229851
2021-06-09 09:37:39,1541.0,230462
2021-06-09 09:37:39,1541.45,230579
2021-06-09 09:37:40,1540.6,231184
2021-06-09 09:37:41,1540.55,231273
2021-06-09 09:37:42,1540.55,231273
2021-06-09 09:37:43,1541.25,231436
2021-06-09 09:37:45,1541.0,231563
2021-06-09 09:37:45,1540.25,231646
2021-06-09 09:37:46,1540.2,231703
2021-06-09 09:37:47,1540.35,231786
2021-06-09 09:37:48,1540.95,231808
2021-06-09 09:37:50,1540.15,232162
2021-06-09 09:37:51,1540.85,232327
2021-06-09 09:37:51,1540.1,232277
2021-06-09 09:37:52,1540.1,232566
2021-06-09 09:37:54,1540.0,233026
2021-06-09 09:37:56,1540.2,233037
2021-06-09 09:37:56,1540.0,233126
2021-06-09 09:37:57,1540.3,233198
2021-06-09 09:37:58,1540.25,233583
2021-06-09 09:38:02,1540.1,233892
2021-06-09 09:38:03,1540.0,233959
2021-06-09 09:38:04,1540.25,233960
2021-06-09 09:38:05,1540.1,234134
2021-06-09 09:38:06,1540.0,234245
2021-06-09 09:38:06,1540.15,234251
2021-06-09 09:38:07,1540.0,234258
2021-06-09 09:38:08,1540.0,234621
2021-06-09 09:38:09,1540.0,234819
2021-06-09 09:38:10,1540.3,235073
2021-06-09 09:38:11,1540.3,235160
2021-06-09 09:38:12,1540.25,235170
2021-06-09 09:38:13,1540.3,235180
2021-06-09 09:38:14,1540.3,235462
2021-06-09 09:38:16,1540.25,235529
2021-06-09 09:38:17,1540.4,235579
2021-06-09 09:38:18,1540.1,235715
2021-06-09 09:38:18,1540.1,235715
2021-06-09 09:38:20,1540.1,235735
2021-06-09 09:38:20,1540.1,235715
2021-06-09 09:38:22,1540.3,235937
2021-06-09 09:38:23,1540.0,236147
2021-06-09 09:38:24,1540.3,236158
2021-06-09 09:38:24,1540.05,236157
2021-06-09 09:38:25,1540.15,236356
2021-06-09 09:38:26,1540.55,236530
2021-06-09 09:38:28,1540.15,236699
2021-06-09 09:38:30,1540.15,236811
2021-06-09 09:38:30,1540.15,236811
2021-06-09 09:38:31,1540.9,237014
2021-06-09 09:38:32,1540.9,237100
2021-06-09 09:38:33,1540.35,237105
2021-06-09 09:38:34,1540.35,237197
2021-06-09 09:38:35,1541.0,237248
2021-06-09 09:38:36,1541.0,237299
2021-06-09 09:38:37,1540.8,237304
2021-06-09 09:38:38,1540.8,237304
2021-06-09 09:38:39,1541.0,237386
2021-06-09 09:38:40,1541.0,237388
2021-06-09 09:38:41,1541.0,237393
2021-06-09 09:38:42,1541.45,239147
2021-06-09 09:38:43,1540.9,239154
2021-06-09 09:38:44,1541.5,239184
2021-06-09 09:38:45,1540.9,239209
2021-06-09 09:38:46,1541.0,239302
2021-06-09 09:38:47,1541.0,239354
2021-06-09 09:38:48,1541.55,239406
2021-06-09 09:38:49,1541.0,239416
2021-06-09 09:38:50,1541.55,239646
2021-06-09 09:38:51,1541.15,239716
2021-06-09 09:38:53,1541.6,239777
2021-06-09 09:38:54,1541.6,239777
2021-06-09 09:38:54,1541.6,239777
2021-06-09 09:38:55,1541.6,239777
2021-06-09 09:38:57,1541.35,239931
2021-06-09 09:38:58,1541.55,239999
2021-06-09 09:38:59,1541.5,240041
2021-06-09 09:39:00,1541.5,240041
2021-06-09 09:39:01,1541.6,240137
2021-06-09 09:39:01,1541.65,240221
2021-06-09 09:39:03,1541.5,240341
2021-06-09 09:39:03,1541.5,240341
2021-06-09 09:39:04,1541.5,240386
2021-06-09 09:39:05,1541.3,240472
2021-06-09 09:39:07,1541.75,240552
2021-06-09 09:39:08,1541.85,240553
2021-06-09 09:39:09,1541.75,240560
2021-06-09 09:39:09,1541.75,240560
2021-06-09 09:39:10,1541.75,240560
2021-06-09 09:39:12,1541.4,240661
2021-06-09 09:39:12,1541.95,241062
2021-06-09 09:39:13,1541.95,241091
2021-06-09 09:39:14,1541.2,241092
2021-06-09 09:39:15,1541.2,241092
2021-06-09 09:39:17,1541.9,241216
2021-06-09 09:39:17,1541.9,241216
2021-06-09 09:39:18,1541.1,241616
2021-06-09 09:39:20,1541.1,241682
2021-06-09 09:39:20,1541.1,241682
2021-06-09 09:39:22,1541.5,241777
2021-06-09 09:39:23,1541.5,241780
2021-06-09 09:39:23,1541.35,241783
2021-06-09 09:39:24,1541.25,241955
2021-06-09 09:39:26,1541.8,242077
2021-06-09 09:39:26,1541.8,242087
2021-06-09 09:39:27,1541.5,242150
2021-06-09 09:39:29,1541.25,242503
2021-06-09 09:39:30,1541.05,242936
2021-06-09 09:39:31,1541.8,243447
2021-06-09 09:39:32,1541.8,243597
2021-06-09 09:39:33,1541.05,243720
2021-06-09 09:39:34,1541.05,243720
2021-06-09 09:39:35,1541.5,243745
2021-06-09 09:39:36,1541.65,243859
2021-06-09 09:39:37,1541.75,244326
2021-06-09 09:39:38,1541.75,244326
2021-06-09 09:39:39,1541.95,244337
2021-06-09 09:39:40,1541.95,244337
2021-06-09 09:39:41,1541.65,244338
2021-06-09 09:39:42,1541.7,244439
2021-06-09 09:39:43,1541.95,245470
2021-06-09 09:39:44,1541.75,245522
2021-06-09 09:39:45,1541.75,245634
2021-06-09 09:39:46,1541.75,245794
2021-06-09 09:39:46,1541.75,245794
2021-06-09 09:39:47,1541.75,245821
2021-06-09 09:39:48,1541.7,245831
2021-06-09 09:39:49,1541.65,245882
2021-06-09 09:39:50,1541.8,246572
2021-06-09 09:39:51,1541.8,246572
2021-06-09 09:39:52,1541.7,246761
2021-06-09 09:39:53,1541.0,246826
2021-06-09 09:39:54,1541.65,246941
2021-06-09 09:39:55,1541.75,247061
2021-06-09 09:39:56,1541.65,247188
2021-06-09 09:39:58,1541.25,248166
2021-06-09 09:39:59,1540.9,248210
2021-06-09 09:40:00,1541.55,248310
2021-06-09 09:40:00,1541.55,248310
2021-06-09 09:40:02,1540.9,248364
2021-06-09 09:40:03,1541.25,248407
2021-06-09 09:40:03,1540.8,248399
2021-06-09 09:40:04,1541.25,248410
2021-06-09 09:40:05,1541.0,248420
2021-06-09 09:40:07,1540.65,248644
2021-06-09 09:40:08,1540.8,250250
2021-06-09 09:40:09,1540.8,250877
2021-06-09 09:40:10,1540.8,251027
2021-06-09 09:40:11,1540.25,251148
2021-06-09 09:40:12,1540.8,251149
2021-06-09 09:40:13,1540.8,251160
2021-06-09 09:40:13,1540.8,251160
2021-06-09 09:40:15,1540.75,251167
2021-06-09 09:40:15,1540.75,251162
2021-06-09 09:40:17,1540.75,251419
2021-06-09 09:40:19,1540.75,251455
2021-06-09 09:40:20,1540.25,251456
2021-06-09 09:40:21,1540.1,252157
2021-06-09 09:40:22,1540.35,252168
2021-06-09 09:40:23,1540.35,252172
2021-06-09 09:40:24,1540.35,252182
2021-06-09 09:40:25,1540.25,252327
2021-06-09 09:40:26,1540.35,252332
2021-06-09 09:40:27,1540.35,252392
2021-06-09 09:40:27,1540.35,252393
2021-06-09 09:40:28,1540.1,252452
2021-06-09 09:40:29,1540.05,252532
2021-06-09 09:40:30,1540.3,252546
2021-06-09 09:40:31,1540.3,252560
2021-06-09 09:40:32,1540.3,253004
2021-06-09 09:40:33,1540.35,253164
2021-06-09 09:40:34,1540.35,253164
2021-06-09 09:40:35,1540.8,253189
2021-06-09 09:40:38,1540.9,254181
2021-06-09 09:40:39,1540.9,254250
2021-06-09 09:40:40,1540.9,254250
2021-06-09 09:40:41,1541.0,254361
2021-06-09 09:40:41,1541.0,254361
2021-06-09 09:40:43,1541.05,254548
2021-06-09 09:40:44,1541.1,254550
2021-06-09 09:40:45,1541.2,254566
2021-06-09 09:40:46,1541.2,254568
2021-06-09 09:40:47,1541.3,254649
2021-06-09 09:40:48,1541.95,254973
2021-06-09 09:40:49,1541.9,255173
2021-06-09 09:40:50,1541.85,255210
2021-06-09 09:40:51,1541.85,255210
2021-06-09 09:40:52,1541.9,255220
2021-06-09 09:40:52,1541.2,255270
2021-06-09 09:40:53,1541.2,255313
2021-06-09 09:40:54,1541.15,255413
2021-06-09 09:40:55,1541.1,255518
2021-06-09 09:40:56,1541.1,255518
2021-06-09 09:40:58,1541.15,255560
2021-06-09 09:40:59,1541.45,255562
2021-06-09 09:41:00,1540.95,255665
2021-06-09 09:41:03,1540.95,255680
2021-06-09 09:41:04,1541.15,255779
2021-06-09 09:41:05,1541.15,255779
2021-06-09 09:41:06,1541.15,255779
2021-06-09 09:41:07,1541.15,255779
2021-06-09 09:41:08,1541.15,255796
2021-06-09 09:41:09,1541.3,255886
2021-06-09 09:41:10,1541.8,255888
2021-06-09 09:41:11,1541.9,256005
2021-06-09 09:41:12,1541.9,256012
2021-06-09 09:41:13,1541.9,256012
2021-06-09 09:41:14,1541.45,256014
2021-06-09 09:41:16,1541.9,256065
2021-06-09 09:41:17,1541.9,256065
2021-06-09 09:41:18,1541.9,256066
2021-06-09 09:41:19,1541.9,256116
2021-06-09 09:41:20,1541.5,256126
2021-06-09 09:41:21,1541.9,256226
2021-06-09 09:41:22,1541.9,256226
2021-06-09 09:41:23,1541.9,256226
2021-06-09 09:41:24,1541.9,256259
2021-06-09 09:41:25,1541.9,256259
2021-06-09 09:41:26,1541.85,256301
2021-06-09 09:41:28,1541.85,256392
2021-06-09 09:41:29,1541.95,256729
2021-06-09 09:41:30,1541.95,256729
2021-06-09 09:41:31,1543.15,258612
2021-06-09 09:41:32,1543.15,258612
2021-06-09 09:41:32,1542.35,258623
2021-06-09 09:41:33,1542.35,258663
2021-06-09 09:41:34,1542.15,258896
2021-06-09 09:41:36,1542.5,258935
2021-06-09 09:41:36,1542.5,258935
2021-06-09 09:41:37,1542.35,258956
2021-06-09 09:41:39,1542.4,259007
2021-06-09 09:41:41,1541.95,260278
2021-06-09 09:41:42,1542.0,260306
2021-06-09 09:41:43,1542.35,260309
2021-06-09 09:41:44,1542.55,260332
2021-06-09 09:41:45,1542.55,260518
2021-06-09 09:41:46,1542.5,260568
2021-06-09 09:41:46,1542.4,260588
2021-06-09 09:41:47,1542.4,260787
2021-06-09 09:41:48,1542.1,260805
2021-06-09 09:41:49,1542.1,260819
2021-06-09 09:41:50,1542.1,260845
2021-06-09 09:41:51,1542.0,260849
2021-06-09 09:41:52,1542.0,260851
2021-06-09 09:41:53,1542.0,260871
2021-06-09 09:41:54,1542.0,260872
2021-06-09 09:41:55,1542.5,260896
2021-06-09 09:41:56,1542.7,261244
2021-06-09 09:41:57,1542.7,261246
2021-06-09 09:42:00,1542.15,262282
2021-06-09 09:42:01,1542.15,262282
2021-06-09 09:42:03,1542.2,262341
2021-06-09 09:42:04,1542.75,262351
2021-06-09 09:42:05,1542.75,262351
2021-06-09 09:42:06,1542.2,262359
2021-06-09 09:42:07,1542.2,262359
2021-06-09 09:42:08,1542.2,262359
2021-06-09 09:42:08,1542.8,262369
2021-06-09 09:42:09,1542.8,262389
2021-06-09 09:42:10,1542.8,262389
2021-06-09 09:42:11,1542.8,262396
2021-06-09 09:42:12,1542.75,262397
2021-06-09 09:42:13,1542.35,262484
2021-06-09 09:42:14,1542.55,262489
2021-06-09 09:42:16,1542.55,262539
2021-06-09 09:42:16,1542.65,262584
2021-06-09 09:42:17,1542.65,262852
2021-06-09 09:42:19,1542.65,262862
2021-06-09 09:42:20,1542.2,262896
2021-06-09 09:42:21,1542.2,262896
2021-06-09 09:42:22,1542.0,263377
2021-06-09 09:42:23,1542.6,263779
2021-06-09 09:42:24,1542.5,263789
2021-06-09 09:42:24,1542.0,263862
2021-06-09 09:42:25,1542.0,263862
2021-06-09 09:42:26,1542.2,263863
2021-06-09 09:42:27,1542.2,263863
2021-06-09 09:42:28,1542.0,263914
2021-06-09 09:42:29,1542.2,265939
2021-06-09 09:42:31,1542.2,265956
2021-06-09 09:42:32,1542.2,266116
2021-06-09 09:42:33,1542.2,266132
2021-06-09 09:42:34,1542.2,266132
2021-06-09 09:42:36,1542.0,266153
2021-06-09 09:42:37,1542.2,266228
2021-06-09 09:42:37,1542.0,266438
2021-06-09 09:42:39,1542.0,266442
2021-06-09 09:42:39,1542.0,266492
2021-06-09 09:42:40,1542.0,266931
2021-06-09 09:42:41,1541.75,268097
2021-06-09 09:42:42,1541.5,268198
2021-06-09 09:42:43,1541.75,268244
2021-06-09 09:42:45,1541.75,268244
2021-06-09 09:42:45,1541.5,268353
2021-06-09 09:42:46,1541.6,268463
2021-06-09 09:42:48,1541.6,268470
2021-06-09 09:42:48,1541.55,268480
2021-06-09 09:42:49,1541.85,268595
2021-06-09 09:42:51,1541.5,268636
2021-06-09 09:42:52,1541.5,268646
2021-06-09 09:42:53,1541.5,268646
2021-06-09 09:42:54,1541.65,268656
2021-06-09 09:42:55,1541.65,268796
2021-06-09 09:42:56,1541.5,268832
2021-06-09 09:42:57,1541.4,269079
2021-06-09 09:42:57,1541.4,269079
2021-06-09 09:42:58,1541.5,269482
2021-06-09 09:42:59,1541.0,269521
2021-06-09 09:43:00,1541.4,269623
2021-06-09 09:43:01,1541.0,269658
2021-06-09 09:43:02,1541.4,269663
2021-06-09 09:43:03,1541.0,269709
2021-06-09 09:43:04,1541.0,269729
2021-06-09 09:43:05,1541.0,269733
2021-06-09 09:43:06,1541.0,269743
2021-06-09 09:43:07,1541.05,269750
2021-06-09 09:43:09,1541.0,269769
2021-06-09 09:43:10,1541.0,269769
2021-06-09 09:43:11,1541.15,269794
2021-06-09 09:43:12,1541.35,269904
2021-06-09 09:43:13,1541.35,269909
2021-06-09 09:43:15,1541.0,270137
2021-06-09 09:43:14,1541.35,269937
2021-06-09 09:43:16,1541.3,270138
2021-06-09 09:43:17,1541.15,270239
2021-06-09 09:43:18,1541.05,270253
2021-06-09 09:43:19,1541.0,270343
2021-06-09 09:43:20,1541.0,270343
2021-06-09 09:43:21,1541.0,270427
2021-06-09 09:43:22,1541.3,270558
2021-06-09 09:43:24,1541.35,270571
2021-06-09 09:43:25,1541.4,270573
2021-06-09 09:43:26,1541.4,270578
2021-06-09 09:43:28,1541.4,270583
2021-06-09 09:43:29,1541.5,270692
2021-06-09 09:43:29,1541.5,270719
2021-06-09 09:43:30,1541.45,270727
2021-06-09 09:43:32,1541.75,271634
2021-06-09 09:43:33,1541.9,271669
2021-06-09 09:43:34,1541.45,271704
2021-06-09 09:43:35,1541.45,271704
2021-06-09 09:43:36,1541.5,271754
2021-06-09 09:43:37,1541.5,271754
2021-06-09 09:43:38,1541.5,271780
2021-06-09 09:43:39,1541.85,271785
2021-06-09 09:43:40,1541.95,271891
2021-06-09 09:43:41,1541.7,271898
2021-06-09 09:43:42,1541.7,271906
2021-06-09 09:43:43,1541.8,271911
2021-06-09 09:43:44,1541.8,271911
2021-06-09 09:43:45,1541.8,271911
2021-06-09 09:43:46,1541.7,272020
2021-06-09 09:43:48,1541.95,272394
2021-06-09 09:43:49,1542.0,272914
2021-06-09 09:43:50,1542.0,272914
2021-06-09 09:43:52,1541.2,273796
2021-06-09 09:43:53,1541.3,273833
2021-06-09 09:43:54,1541.8,273858
2021-06-09 09:43:55,1541.4,273903
2021-06-09 09:43:56,1541.9,273918
2021-06-09 09:43:57,1541.65,273928
2021-06-09 09:43:58,1541.65,273928
2021-06-09 09:43:59,1541.65,273928
2021-06-09 09:44:01,1541.8,273993
2021-06-09 09:44:03,1541.65,274008
2021-06-09 09:44:04,1541.35,274096
2021-06-09 09:44:05,1542.0,274101
2021-06-09 09:44:06,1541.3,274166
2021-06-09 09:44:07,1541.3,274166
2021-06-09 09:44:08,1542.0,274167
2021-06-09 09:44:09,1541.95,274317
2021-06-09 09:44:10,1541.95,274419
2021-06-09 09:44:11,1541.95,274419
2021-06-09 09:44:12,1541.95,274419
2021-06-09 09:44:13,1541.95,274433
2021-06-09 09:44:14,1541.95,274433
2021-06-09 09:44:15,1541.95,274437
2021-06-09 09:44:16,1541.95,274437
2021-06-09 09:44:17,1541.95,274437
2021-06-09 09:44:18,1542.1,274473
2021-06-09 09:44:19,1541.45,274475
2021-06-09 09:44:20,1541.45,274475
2021-06-09 09:44:21,1541.4,274495
2021-06-09 09:44:22,1541.7,274496
2021-06-09 09:44:23,1541.45,274521
2021-06-09 09:44:24,1541.55,274571
2021-06-09 09:44:25,1541.55,274571
2021-06-09 09:44:27,1541.5,274590
2021-06-09 09:44:26,1541.5,274590
2021-06-09 09:44:28,1541.55,274601
2021-06-09 09:44:29,1541.5,274603
2021-06-09 09:44:30,1541.5,274618
2021-06-09 09:44:31,1541.5,274628
2021-06-09 09:44:32,1541.5,274629
2021-06-09 09:44:33,1541.5,274629
2021-06-09 09:44:34,1541.5,274629
2021-06-09 09:44:35,1541.55,274639
2021-06-09 09:44:36,1541.5,274689
2021-06-09 09:44:37,1541.5,274689
2021-06-09 09:44:38,1541.5,274722
2021-06-09 09:44:39,1541.5,274726
2021-06-09 09:44:40,1541.4,274837
2021-06-09 09:44:41,1541.4,274840
2021-06-09 09:44:42,1541.4,274840
2021-06-09 09:44:43,1541.4,274947
2021-06-09 09:44:44,1541.4,274947
2021-06-09 09:44:45,1541.4,275083
2021-06-09 09:44:46,1541.65,275091
2021-06-09 09:44:47,1541.65,275107
2021-06-09 09:44:48,1541.65,275107
2021-06-09 09:44:49,1541.4,275120
2021-06-09 09:44:50,1541.45,275135
2021-06-09 09:44:51,1541.45,275135
2021-06-09 09:44:52,1541.4,275136
2021-06-09 09:44:53,1541.4,275157
2021-06-09 09:44:54,1541.35,275179
2021-06-09 09:44:55,1541.35,275180
2021-06-09 09:44:56,1541.65,275435
2021-06-09 09:44:57,1541.75,275450
2021-06-09 09:44:58,1541.75,275450
2021-06-09 09:44:59,1541.3,275475
2021-06-09 09:45:02,1541.4,275576
2021-06-09 09:45:03,1541.5,275626
2021-06-09 09:45:04,1541.5,275923
2021-06-09 09:45:05,1541.4,276119
2021-06-09 09:45:06,1541.3,276130
2021-06-09 09:45:07,1541.5,276175
2021-06-09 09:45:08,1541.55,276943
2021-06-09 09:45:09,1541.7,276953
2021-06-09 09:45:10,1541.7,276953
2021-06-09 09:45:11,1541.7,277044
2021-06-09 09:45:12,1541.7,277094
2021-06-09 09:45:13,1541.7,277094
2021-06-09 09:45:14,1541.7,277094
2021-06-09 09:45:15,1541.5,277115
2021-06-09 09:45:16,1541.5,277115
2021-06-09 09:45:17,1541.25,277117
2021-06-09 09:45:18,1541.25,277639
2021-06-09 09:45:21,1541.0,277714
2021-06-09 09:45:22,1541.25,277717
2021-06-09 09:45:23,1541.25,277718
2021-06-09 09:45:24,1541.3,277919
2021-06-09 09:45:25,1541.65,277956
2021-06-09 09:45:26,1541.0,277971
2021-06-09 09:45:27,1541.0,277982
2021-06-09 09:45:28,1541.55,278005
2021-06-09 09:45:30,1541.5,278095
2021-06-09 09:45:31,1541.65,278102
2021-06-09 09:45:32,1541.65,278102
2021-06-09 09:45:33,1541.65,278102
2021-06-09 09:45:34,1541.0,278175
2021-06-09 09:45:35,1541.55,278180
2021-06-09 09:45:36,1541.55,278180
2021-06-09 09:45:37,1541.75,278205
2021-06-09 09:45:38,1541.75,278205
2021-06-09 09:45:39,1541.55,278255
2021-06-09 09:45:40,1541.7,278256
2021-06-09 09:45:41,1541.3,278263
2021-06-09 09:45:42,1541.65,278272
2021-06-09 09:45:43,1541.55,278307
2021-06-09 09:45:44,1541.7,278459
2021-06-09 09:45:45,1541.5,278460
2021-06-09 09:45:46,1541.7,278462
2021-06-09 09:45:47,1541.5,278477
2021-06-09 09:45:48,1541.4,278547
2021-06-09 09:45:49,1541.4,278547
2021-06-09 09:45:50,1541.55,278549
2021-06-09 09:45:51,1541.55,278568
2021-06-09 09:45:52,1541.55,278568
2021-06-09 09:45:53,1541.55,278568
2021-06-09 09:45:54,1541.55,278594
2021-06-09 09:45:55,1541.65,278629
2021-06-09 09:45:56,1541.65,278629
2021-06-09 09:45:57,1541.6,278631
2021-06-09 09:45:58,1541.6,278631
2021-06-09 09:45:59,1541.65,278784
2021-06-09 09:46:00,1541.65,278891
2021-06-09 09:46:01,1541.65,278901
2021-06-09 09:46:03,1541.65,278901
2021-06-09 09:46:03,1541.65,278902
2021-06-09 09:46:04,1541.65,278902
2021-06-09 09:46:05,1541.55,278967
2021-06-09 09:46:06,1541.65,279359
2021-06-09 09:46:07,1541.55,279370
2021-06-09 09:46:08,1541.6,279380
2021-06-09 09:46:09,1541.55,279402
2021-06-09 09:46:10,1541.55,279402
2021-06-09 09:46:11,1541.55,279402
2021-06-09 09:46:12,1541.55,279402
2021-06-09 09:46:13,1541.55,279402
2021-06-09 09:46:14,1541.55,279402
2021-06-09 09:46:15,1541.55,279402
2021-06-09 09:46:16,1541.55,279402
2021-06-09 09:46:17,1541.55,279423
2021-06-09 09:46:18,1541.55,279423
2021-06-09 09:46:19,1541.55,279507
2021-06-09 09:46:20,1541.55,279548
2021-06-09 09:46:21,1541.55,279548
2021-06-09 09:46:22,1541.65,279553
2021-06-09 09:46:23,1541.6,279558
2021-06-09 09:46:24,1541.65,279583
2021-06-09 09:46:25,1541.7,279916
2021-06-09 09:46:26,1541.6,279976
2021-06-09 09:46:27,1541.6,279976
2021-06-09 09:46:28,1541.6,280028
2021-06-09 09:46:29,1541.6,280034
2021-06-09 09:46:30,1541.6,280034
2021-06-09 09:46:32,1541.6,280170
2021-06-09 09:46:33,1541.55,280417
2021-06-09 09:46:34,1541.6,280605
2021-06-09 09:46:35,1541.35,280618
2021-06-09 09:46:36,1541.1,280653
2021-06-09 09:46:37,1541.1,280653
2021-06-09 09:46:38,1541.15,280678
2021-06-09 09:46:39,1541.25,280688
2021-06-09 09:46:40,1541.15,280691
2021-06-09 09:46:41,1541.15,280691
2021-06-09 09:46:43,1541.25,280758
2021-06-09 09:46:44,1541.25,280763
2021-06-09 09:46:45,1541.6,280800
2021-06-09 09:46:46,1541.5,280825
2021-06-09 09:46:48,1541.25,280838
2021-06-09 09:46:48,1541.25,280844
2021-06-09 09:46:49,1541.4,281055
2021-06-09 09:46:50,1541.1,281187
2021-06-09 09:46:51,1541.25,281188
2021-06-09 09:46:52,1541.25,281188
2021-06-09 09:46:54,1541.0,281288
2021-06-09 09:46:55,1541.0,283816
2021-06-09 09:46:56,1541.0,284102
2021-06-09 09:46:57,1541.0,284225
2021-06-09 09:46:59,1540.55,284234
2021-06-09 09:46:59,1540.5,284269
2021-06-09 09:47:03,1540.65,284349
2021-06-09 09:47:03,1540.9,284635
2021-06-09 09:47:04,1540.5,284680
2021-06-09 09:47:06,1540.9,284890
2021-06-09 09:47:07,1540.5,284891
2021-06-09 09:47:08,1540.9,284991
2021-06-09 09:47:09,1540.35,285235
2021-06-09 09:47:09,1540.35,285231
2021-06-09 09:47:11,1540.5,285303
2021-06-09 09:47:12,1540.45,285304
2021-06-09 09:47:13,1540.9,286034
2021-06-09 09:47:14,1540.6,286049
2021-06-09 09:47:15,1541.55,287032
2021-06-09 09:47:17,1541.05,287449
2021-06-09 09:47:18,1541.15,287451
2021-06-09 09:47:21,1541.15,287456
2021-06-09 09:47:21,1541.15,287558
2021-06-09 09:47:22,1541.15,287558
2021-06-09 09:47:24,1541.55,287727
2021-06-09 09:47:25,1541.5,287737
2021-06-09 09:47:25,1541.5,287737
2021-06-09 09:47:26,1541.2,287903
2021-06-09 09:47:27,1541.2,287903
2021-06-09 09:47:28,1541.5,288003
2021-06-09 09:47:29,1541.15,288008
2021-06-09 09:47:30,1541.5,288013
2021-06-09 09:47:31,1541.5,288013
2021-06-09 09:47:32,1541.5,288113
2021-06-09 09:47:33,1541.5,288153
2021-06-09 09:47:34,1541.2,288165
2021-06-09 09:47:35,1541.2,288165
2021-06-09 09:47:36,1541.5,288212
2021-06-09 09:47:37,1541.2,288247
2021-06-09 09:47:38,1541.2,288247
2021-06-09 09:47:39,1541.2,288247
2021-06-09 09:47:40,1541.35,288252
2021-06-09 09:47:41,1541.2,288331
2021-06-09 09:47:42,1541.2,288331
2021-06-09 09:47:43,1541.15,288361
2021-06-09 09:47:44,1541.2,288369
2021-06-09 09:47:45,1541.2,288469
2021-06-09 09:47:46,1541.15,288475
2021-06-09 09:47:47,1541.15,288485
2021-06-09 09:47:48,1541.15,288485
2021-06-09 09:47:49,1541.2,288486
2021-06-09 09:47:51,1541.2,288541
2021-06-09 09:47:51,1541.2,288541
2021-06-09 09:47:52,1541.2,288541
2021-06-09 09:47:53,1541.5,288582
2021-06-09 09:47:54,1541.2,289092
2021-06-09 09:47:56,1540.4,289245
2021-06-09 09:47:56,1540.4,289245
2021-06-09 09:47:57,1541.1,289255
2021-06-09 09:47:58,1541.1,289255
2021-06-09 09:48:00,1541.1,289255
2021-06-09 09:48:00,1541.1,289255
2021-06-09 09:48:01,1541.1,289332
2021-06-09 09:48:03,1540.6,289351
2021-06-09 09:48:04,1540.6,289361
2021-06-09 09:48:05,1541.1,289450
2021-06-09 09:48:05,1541.1,289450
2021-06-09 09:48:07,1541.1,289450
2021-06-09 09:48:07,1541.0,289451
2021-06-09 09:48:08,1541.0,289451
2021-06-09 09:48:09,1540.6,289501
2021-06-09 09:48:10,1541.0,289621
2021-06-09 09:48:11,1541.0,289622
2021-06-09 09:48:12,1540.6,289658
2021-06-09 09:48:13,1540.6,289658
2021-06-09 09:48:14,1540.2,289835
2021-06-09 09:48:15,1540.85,289836
2021-06-09 09:48:16,1540.8,289838
2021-06-09 09:48:19,1540.35,289951
2021-06-09 09:48:20,1540.25,290083
2021-06-09 09:48:21,1540.25,290086
2021-06-09 09:48:21,1540.25,290086
2021-06-09 09:48:22,1540.25,290181
2021-06-09 09:48:23,1540.2,290402
2021-06-09 09:48:25,1540.85,290418
2021-06-09 09:48:26,1540.2,290726
2021-06-09 09:48:27,1540.85,290783
2021-06-09 09:48:26,1540.2,290733
2021-06-09 09:48:30,1540.65,290841
2021-06-09 09:48:32,1540.65,290890
2021-06-09 09:48:33,1540.35,290935
2021-06-09 09:48:34,1540.25,290941
2021-06-09 09:48:35,1540.25,291050
2021-06-09 09:48:36,1540.25,291052
2021-06-09 09:48:37,1540.25,291064
2021-06-09 09:48:37,1540.25,291064
2021-06-09 09:48:38,1540.2,291113
2021-06-09 09:48:40,1540.2,291154
2021-06-09 09:48:41,1540.2,291154
2021-06-09 09:48:42,1540.2,291154
2021-06-09 09:48:43,1540.4,291200
2021-06-09 09:48:44,1540.4,291200
2021-06-09 09:48:45,1540.2,291313
2021-06-09 09:48:45,1540.25,291206
2021-06-09 09:48:47,1540.2,291344
2021-06-09 09:48:48,1540.2,291353
2021-06-09 09:48:49,1540.25,291569
2021-06-09 09:48:50,1540.25,291610
2021-06-09 09:48:51,1540.25,291610
2021-06-09 09:48:52,1540.25,291612
2021-06-09 09:48:54,1540.3,291647
2021-06-09 09:48:56,1540.3,291766
2021-06-09 09:48:58,1540.35,291830
2021-06-09 09:48:59,1540.25,291936
2021-06-09 09:49:01,1540.3,291956
2021-06-09 09:49:02,1540.25,292087
2021-06-09 09:49:03,1540.35,292093
2021-06-09 09:49:04,1540.35,292174
2021-06-09 09:49:04,1540.35,292179
2021-06-09 09:49:05,1540.2,295294
2021-06-09 09:49:06,1540.2,295295
2021-06-09 09:49:07,1540.0,295572
2021-06-09 09:49:08,1540.0,295578
2021-06-09 09:49:09,1540.3,295581
2021-06-09 09:49:11,1540.0,295622
2021-06-09 09:49:12,1540.35,295632
2021-06-09 09:49:13,1540.35,295901
2021-06-09 09:49:14,1540.35,295951
2021-06-09 09:49:15,1540.35,295951
2021-06-09 09:49:16,1540.35,295955
2021-06-09 09:49:17,1540.35,295955
2021-06-09 09:49:18,1540.35,295985
2021-06-09 09:49:18,1540.35,295985
2021-06-09 09:49:20,1540.35,296180
2021-06-09 09:49:21,1540.35,296180
2021-06-09 09:49:22,1540.3,296211
2021-06-09 09:49:23,1540.0,296336
2021-06-09 09:49:23,1540.3,296396
2021-06-09 09:49:24,1540.3,296426
2021-06-09 09:49:25,1540.0,296431
2021-06-09 09:49:26,1540.0,296431
2021-06-09 09:49:27,1540.2,296432
2021-06-09 09:49:29,1540.2,296441
2021-06-09 09:49:31,1540.2,296604
2021-06-09 09:49:32,1540.2,296717
2021-06-09 09:49:33,1540.0,296731
2021-06-09 09:49:34,1540.2,296931
2021-06-09 09:49:35,1540.1,296941
2021-06-09 09:49:36,1540.0,296966
2021-06-09 09:49:37,1540.0,297167
2021-06-09 09:49:39,1540.2,297177
2021-06-09 09:49:40,1540.2,297192
2021-06-09 09:49:41,1540.0,297197
2021-06-09 09:49:42,1540.0,297197
2021-06-09 09:49:43,1540.2,298921
2021-06-09 09:49:44,1540.15,298993
2021-06-09 09:49:44,1540.2,299096
2021-06-09 09:49:46,1540.0,299362
2021-06-09 09:49:46,1540.0,299362
2021-06-09 09:49:48,1540.05,299382
2021-06-09 09:49:48,1540.2,299480
2021-06-09 09:49:50,1540.2,299680
2021-06-09 09:49:50,1540.2,299858
2021-06-09 09:49:52,1540.35,299904
2021-06-09 09:49:53,1540.35,299904
2021-06-09 09:49:54,1540.35,299904
2021-06-09 09:49:55,1540.35,299904
2021-06-09 09:49:56,1540.15,299906
2021-06-09 09:49:57,1540.35,299911
2021-06-09 09:49:58,1540.15,299941
2021-06-09 09:49:59,1540.15,299941
2021-06-09 09:49:59,1540.15,299956
2021-06-09 09:50:00,1540.15,299957
2021-06-09 09:50:01,1540.15,300002
2021-06-09 09:50:02,1540.3,300069
2021-06-09 09:50:03,1540.15,300077
2021-06-09 09:50:04,1540.15,300077
2021-06-09 09:50:05,1540.35,300083
2021-06-09 09:50:06,1540.65,300094
2021-06-09 09:50:07,1540.35,300104
2021-06-09 09:50:08,1540.2,300320
2021-06-09 09:50:09,1540.0,300371
2021-06-09 09:50:10,1540.6,300431
2021-06-09 09:50:11,1540.5,300491
2021-06-09 09:50:12,1540.35,300496
2021-06-09 09:50:13,1540.35,300496
2021-06-09 09:50:14,1540.5,300549
2021-06-09 09:50:15,1540.6,300575
2021-06-09 09:50:16,1540.5,300579
2021-06-09 09:50:17,1540.75,300629
2021-06-09 09:50:19,1540.5,300967
2021-06-09 09:50:20,1540.2,301067
2021-06-09 09:50:21,1540.5,301117
2021-06-09 09:50:22,1540.15,301156
2021-06-09 09:50:23,1540.5,301166
2021-06-09 09:50:24,1540.3,301177
2021-06-09 09:50:25,1540.4,301305
2021-06-09 09:50:26,1540.4,301308
2021-06-09 09:50:27,1540.35,301366
2021-06-09 09:50:28,1540.8,301866
2021-06-09 09:50:29,1540.75,301868
2021-06-09 09:50:30,1540.35,301973
2021-06-09 09:50:30,1540.35,301973
2021-06-09 09:50:31,1540.5,301992
2021-06-09 09:50:33,1540.75,302052
2021-06-09 09:50:34,1540.45,302068
2021-06-09 09:50:35,1540.55,302078
2021-06-09 09:50:36,1540.55,302078
2021-06-09 09:50:36,1540.5,302218
2021-06-09 09:50:37,1540.75,302243
2021-06-09 09:50:38,1540.8,302253
2021-06-09 09:50:39,1540.8,302313
2021-06-09 09:50:41,1540.75,302323
2021-06-09 09:50:41,1540.65,302327
2021-06-09 09:50:42,1540.65,302327
2021-06-09 09:50:43,1540.5,302434
2021-06-09 09:50:44,1540.5,302476
2021-06-09 09:50:45,1540.5,302719
2021-06-09 09:50:46,1540.7,302798
2021-06-09 09:50:47,1540.7,302805
2021-06-09 09:50:48,1540.5,302829
2021-06-09 09:50:50,1540.25,302831
2021-06-09 09:50:51,1540.65,302841
2021-06-09 09:50:52,1540.55,302891
2021-06-09 09:50:53,1540.45,302895
2021-06-09 09:50:54,1540.4,302917
2021-06-09 09:50:55,1540.2,302937
2021-06-09 09:50:56,1540.2,302937
2021-06-09 09:50:57,1540.15,303034
2021-06-09 09:50:57,1540.15,303034
2021-06-09 09:50:58,1540.25,303035
2021-06-09 09:50:59,1540.05,303184
2021-06-09 09:51:00,1540.05,303220
2021-06-09 09:51:01,1540.05,303251
2021-06-09 09:51:03,1540.05,303376
2021-06-09 09:51:04,1540.05,303376
2021-06-09 09:51:05,1540.05,303378
2021-06-09 09:51:06,1540.05,303401
2021-06-09 09:51:07,1540.05,303511
2021-06-09 09:51:08,1539.15,313454
2021-06-09 09:51:09,1539.15,313484
2021-06-09 09:51:10,1539.35,314891
2021-06-09 09:51:12,1539.35,315492
2021-06-09 09:51:14,1538.2,316047
2021-06-09 09:51:15,1539.05,316061
2021-06-09 09:51:16,1539.45,316761
2021-06-09 09:51:17,1539.05,317594
2021-06-09 09:51:18,1539.05,317961
2021-06-09 09:51:19,1538.7,318099
2021-06-09 09:51:20,1539.05,318363
2021-06-09 09:51:21,1539.05,318449
2021-06-09 09:51:22,1539.15,318643
2021-06-09 09:51:23,1538.65,318687
2021-06-09 09:51:25,1538.9,319357
2021-06-09 09:51:25,1539.45,319386
2021-06-09 09:51:26,1538.8,319730
2021-06-09 09:51:27,1538.8,319730
2021-06-09 09:51:28,1538.65,319795
2021-06-09 09:51:29,1539.35,319819
2021-06-09 09:51:30,1539.35,319819
2021-06-09 09:51:31,1538.1,320953
2021-06-09 09:51:32,1538.45,321475
2021-06-09 09:51:33,1539.0,321510
2021-06-09 09:51:34,1539.0,321656
2021-06-09 09:51:35,1538.8,321805
2021-06-09 09:51:36,1539.6,321988
2021-06-09 09:51:37,1539.55,322685
2021-06-09 09:51:38,1539.55,322685
2021-06-09 09:51:39,1539.55,322705
2021-06-09 09:51:40,1539.55,322705
2021-06-09 09:51:41,1539.4,322918
2021-06-09 09:51:42,1539.4,322995
2021-06-09 09:51:43,1539.4,322997
2021-06-09 09:51:44,1539.4,323016
2021-06-09 09:51:45,1539.4,323038
2021-06-09 09:51:46,1539.4,323038
2021-06-09 09:51:48,1539.25,323180
2021-06-09 09:51:48,1539.25,323193
2021-06-09 09:51:50,1539.25,323341
2021-06-09 09:51:50,1539.25,323396
2021-06-09 09:51:51,1539.25,323581
2021-06-09 09:51:52,1539.4,323583
2021-06-09 09:51:54,1539.4,324186
2021-06-09 09:51:56,1539.4,324663
2021-06-09 09:51:57,1539.4,324697
2021-06-09 09:51:58,1539.4,324697
2021-06-09 09:51:58,1539.25,324742
2021-06-09 09:51:59,1539.4,324776
2021-06-09 09:52:01,1539.5,325113
2021-06-09 09:52:02,1539.5,325113
2021-06-09 09:52:02,1539.5,325113
2021-06-09 09:52:03,1539.45,325161
2021-06-09 09:52:05,1539.85,325306
2021-06-09 09:52:06,1539.85,325326
2021-06-09 09:52:07,1539.5,325342
2021-06-09 09:52:08,1540.0,326921
2021-06-09 09:52:09,1539.55,327555
2021-06-09 09:52:10,1539.55,327656
2021-06-09 09:52:11,1539.55,327656
2021-06-09 09:52:12,1540.0,327731
2021-06-09 09:52:13,1539.8,327756
2021-06-09 09:52:14,1539.75,327818
2021-06-09 09:52:15,1540.0,328179
2021-06-09 09:52:15,1539.9,327819
2021-06-09 09:52:16,1539.8,328279
2021-06-09 09:52:18,1539.95,328419
2021-06-09 09:52:18,1539.8,328439
2021-06-09 09:52:20,1540.0,328802
2021-06-09 09:52:21,1540.0,328802
2021-06-09 09:52:22,1540.3,328858
2021-06-09 09:52:23,1540.3,328858
2021-06-09 09:52:24,1540.3,328858
2021-06-09 09:52:25,1540.25,329021
2021-06-09 09:52:26,1540.25,329021
2021-06-09 09:52:27,1540.0,329026
2021-06-09 09:52:29,1540.3,329095
2021-06-09 09:52:28,1540.25,329055
2021-06-09 09:52:30,1540.0,329383
2021-06-09 09:52:31,1540.3,329958
2021-06-09 09:52:32,1540.3,329958
2021-06-09 09:52:33,1540.3,330203
2021-06-09 09:52:34,1540.5,330224
2021-06-09 09:52:35,1540.15,330249
2021-06-09 09:52:36,1540.5,330299
2021-06-09 09:52:37,1540.3,330350
2021-06-09 09:52:38,1540.75,330511
2021-06-09 09:52:39,1540.15,330626
2021-06-09 09:52:39,1540.75,330627
2021-06-09 09:52:41,1540.15,330644
2021-06-09 09:52:42,1541.5,331970
2021-06-09 09:52:43,1541.5,331972
2021-06-09 09:52:44,1541.5,331972
2021-06-09 09:52:46,1540.85,332131
2021-06-09 09:52:45,1540.85,332125
2021-06-09 09:52:47,1541.5,332231
2021-06-09 09:52:48,1541.5,332245
2021-06-09 09:52:48,1541.5,332231
2021-06-09 09:52:49,1541.5,332245
2021-06-09 09:52:50,1541.5,332245
2021-06-09 09:52:52,1540.85,332270
2021-06-09 09:52:53,1540.8,332284
2021-06-09 09:52:54,1541.45,332319
2021-06-09 09:52:55,1541.45,332319
2021-06-09 09:52:56,1541.15,332371
2021-06-09 09:52:57,1541.45,333446
2021-06-09 09:52:58,1541.45,333449
2021-06-09 09:52:59,1541.45,333449
2021-06-09 09:53:00,1541.45,333450
2021-06-09 09:53:01,1541.15,333454
2021-06-09 09:53:01,1541.45,333478
2021-06-09 09:53:03,1541.15,333481
2021-06-09 09:53:04,1541.05,333697
2021-06-09 09:53:05,1541.25,333730
2021-06-09 09:53:06,1541.6,333780
2021-06-09 09:53:07,1541.15,333784
2021-06-09 09:53:08,1541.15,333884
2021-06-09 09:53:08,1541.6,333885
2021-06-09 09:53:10,1541.6,333895
2021-06-09 09:53:11,1541.6,333902
2021-06-09 09:53:12,1541.6,333902
2021-06-09 09:53:13,1541.6,333902
2021-06-09 09:53:14,1541.95,334169
2021-06-09 09:53:15,1541.75,334190
2021-06-09 09:53:16,1541.95,334210
2021-06-09 09:53:17,1541.85,334219
2021-06-09 09:53:18,1541.95,334554
2021-06-09 09:53:19,1542.0,335224
2021-06-09 09:53:20,1542.0,335224
2021-06-09 09:53:21,1542.0,335225
2021-06-09 09:53:21,1542.0,335224
2021-06-09 09:53:22,1541.9,335245
2021-06-09 09:53:23,1541.9,335270
2021-06-09 09:53:25,1542.0,335420
2021-06-09 09:53:26,1541.95,336544
2021-06-09 09:53:26,1542.0,336569
2021-06-09 09:53:28,1542.85,336640
2021-06-09 09:53:28,1542.5,336643
2021-06-09 09:53:29,1542.3,336743
2021-06-09 09:53:31,1542.8,336770
2021-06-09 09:53:32,1542.8,336821
2021-06-09 09:53:33,1542.3,336832
2021-06-09 09:53:34,1543.0,338314
2021-06-09 09:53:35,1543.55,338478
2021-06-09 09:53:36,1543.0,338487
2021-06-09 09:53:38,1543.55,338669
2021-06-09 09:53:40,1543.65,338832
2021-06-09 09:53:41,1543.1,338894
2021-06-09 09:53:42,1544.0,339149
2021-06-09 09:53:43,1544.0,339149
2021-06-09 09:53:44,1543.95,339170
2021-06-09 09:53:45,1544.0,339495
2021-06-09 09:53:46,1544.0,339560
2021-06-09 09:53:46,1543.95,339561
2021-06-09 09:53:47,1544.0,339576
2021-06-09 09:53:48,1543.85,339602
2021-06-09 09:53:49,1543.95,339706
2021-06-09 09:53:50,1543.95,339816
2021-06-09 09:53:52,1543.85,339825
2021-06-09 09:53:54,1543.95,340708
2021-06-09 09:53:55,1543.75,340718
2021-06-09 09:53:56,1543.9,341978
2021-06-09 09:53:57,1543.25,342114
2021-06-09 09:53:58,1543.9,342154
2021-06-09 09:53:59,1543.9,342304
2021-06-09 09:54:00,1543.9,342339
2021-06-09 09:54:01,1543.35,342673
2021-06-09 09:54:02,1543.35,342673
2021-06-09 09:54:03,1544.0,342773
2021-06-09 09:54:04,1544.0,342773
2021-06-09 09:54:05,1544.0,342777
2021-06-09 09:54:06,1543.4,342908
2021-06-09 09:54:07,1544.0,342910
2021-06-09 09:54:08,1543.95,343036
2021-06-09 09:54:09,1543.95,343037
2021-06-09 09:54:10,1543.95,343037
2021-06-09 09:54:11,1543.6,343107
2021-06-09 09:54:13,1543.6,343155
2021-06-09 09:54:14,1543.2,343240
2021-06-09 09:54:15,1543.2,343240
2021-06-09 09:54:16,1543.0,343256
2021-06-09 09:54:17,1543.0,343266
2021-06-09 09:54:18,1543.0,343313
2021-06-09 09:54:18,1543.5,343427
2021-06-09 09:54:20,1543.0,343428
2021-06-09 09:54:21,1543.0,343428
2021-06-09 09:54:22,1542.8,343466
2021-06-09 09:54:23,1542.8,343466
2021-06-09 09:54:24,1542.8,343466
2021-06-09 09:54:25,1542.55,343488
2021-06-09 09:54:26,1542.55,343488
2021-06-09 09:54:27,1542.0,343527
2021-06-09 09:54:28,1542.0,343527
2021-06-09 09:54:30,1541.8,343567
2021-06-09 09:54:31,1542.0,343604
2021-06-09 09:54:32,1541.5,343657
2021-06-09 09:54:33,1541.5,343657
2021-06-09 09:54:34,1541.5,343657
2021-06-09 09:54:35,1541.75,343688
2021-06-09 09:54:36,1541.75,343688
2021-06-09 09:54:37,1541.75,343688
2021-06-09 09:54:38,1541.6,343713
2021-06-09 09:54:39,1541.6,343713
2021-06-09 09:54:40,1541.6,343713
2021-06-09 09:54:41,1542.0,343905
2021-06-09 09:54:42,1542.0,343905
2021-06-09 09:54:43,1542.25,344179
2021-06-09 09:54:44,1542.8,344446
2021-06-09 09:54:45,1542.8,344446
2021-06-09 09:54:46,1542.8,344446
2021-06-09 09:54:47,1542.05,344476
2021-06-09 09:54:48,1542.75,344477
2021-06-09 09:54:49,1542.05,344480
2021-06-09 09:54:50,1542.05,344480
2021-06-09 09:54:51,1542.05,344480
2021-06-09 09:54:52,1542.0,344563
2021-06-09 09:54:53,1542.0,344645
2021-06-09 09:54:54,1542.05,344811
2021-06-09 09:54:55,1542.75,344911
2021-06-09 09:54:56,1542.35,344968
2021-06-09 09:54:57,1542.0,346468
2021-06-09 09:54:59,1542.0,346489
2021-06-09 09:55:00,1542.85,346689
2021-06-09 09:55:01,1542.25,346716
2021-06-09 09:55:02,1542.25,346716
2021-06-09 09:55:03,1542.25,346716
2021-06-09 09:55:04,1542.25,346716
2021-06-09 09:55:05,1542.25,346726
2021-06-09 09:55:06,1542.25,346727
2021-06-09 09:55:07,1542.45,346728
2021-06-09 09:55:08,1542.25,346735
2021-06-09 09:55:09,1542.25,346735
2021-06-09 09:55:11,1542.25,346736
2021-06-09 09:55:10,1542.25,346736
2021-06-09 09:55:12,1542.3,346772
2021-06-09 09:55:13,1542.35,346796
2021-06-09 09:55:15,1542.3,346907
2021-06-09 09:55:16,1542.3,346907
2021-06-09 09:55:17,1542.25,346927
2021-06-09 09:55:18,1542.45,346965
2021-06-09 09:55:19,1542.45,346971
2021-06-09 09:55:20,1542.7,346983
2021-06-09 09:55:21,1542.7,347019
2021-06-09 09:55:22,1542.7,347019
2021-06-09 09:55:23,1542.7,347019
2021-06-09 09:55:24,1542.7,347019
2021-06-09 09:55:25,1542.7,347019
2021-06-09 09:55:26,1542.7,347044
2021-06-09 09:55:27,1542.7,347044
2021-06-09 09:55:28,1542.65,347168
2021-06-09 09:55:29,1542.65,347168
2021-06-09 09:55:30,1542.55,347219
2021-06-09 09:55:31,1543.95,347903
2021-06-09 09:55:32,1543.25,347931
2021-06-09 09:55:33,1543.25,347946
2021-06-09 09:55:34,1543.25,347996
2021-06-09 09:55:35,1543.95,348010
2021-06-09 09:55:36,1543.95,348055
2021-06-09 09:55:37,1543.95,348067
2021-06-09 09:55:38,1543.95,348099
2021-06-09 09:55:39,1543.25,348122
2021-06-09 09:55:40,1543.25,348122
2021-06-09 09:55:42,1543.35,348154
2021-06-09 09:55:43,1543.35,348256
2021-06-09 09:55:44,1544.0,348557
2021-06-09 09:55:45,1544.0,348558
2021-06-09 09:55:46,1544.0,348610
2021-06-09 09:55:47,1544.0,348710
2021-06-09 09:55:48,1544.0,348910
2021-06-09 09:55:49,1543.95,348915
2021-06-09 09:55:50,1543.95,348915
2021-06-09 09:55:51,1544.0,348977
2021-06-09 09:55:52,1544.0,348977
2021-06-09 09:55:53,1544.0,348980
2021-06-09 09:55:54,1543.65,348990
2021-06-09 09:55:55,1544.0,349140
2021-06-09 09:55:56,1543.65,349141
2021-06-09 09:55:57,1543.9,349151
2021-06-09 09:55:58,1543.65,349206
2021-06-09 09:55:59,1543.95,349355
2021-06-09 09:56:00,1544.0,349390
2021-06-09 09:56:01,1544.0,349391
2021-06-09 09:56:02,1543.6,349409
2021-06-09 09:56:03,1543.6,349429
2021-06-09 09:56:04,1543.6,349598
2021-06-09 09:56:05,1543.6,349598
2021-06-09 09:56:06,1544.0,349606
2021-06-09 09:56:07,1544.0,349606
2021-06-09 09:56:08,1543.9,349654
2021-06-09 09:56:09,1543.9,349654
2021-06-09 09:56:10,1543.75,349669
2021-06-09 09:56:11,1543.9,349674
2021-06-09 09:56:12,1543.9,349753
2021-06-09 09:56:13,1543.65,349816
2021-06-09 09:56:14,1543.75,349968
2021-06-09 09:56:15,1543.75,349968
2021-06-09 09:56:16,1543.75,349968
2021-06-09 09:56:17,1543.75,349968
2021-06-09 09:56:18,1543.5,350378
2021-06-09 09:56:19,1543.5,350388
2021-06-09 09:56:20,1543.8,351388
2021-06-09 09:56:21,1543.6,351424
2021-06-09 09:56:22,1543.85,351954
2021-06-09 09:56:23,1543.2,351997
2021-06-09 09:56:24,1543.0,352032
2021-06-09 09:56:25,1543.5,352132
2021-06-09 09:56:26,1543.5,352132
2021-06-09 09:56:27,1543.5,352132
2021-06-09 09:56:28,1543.5,352133
2021-06-09 09:56:29,1543.5,352133
2021-06-09 09:56:30,1543.05,352154
2021-06-09 09:56:31,1543.05,352154
2021-06-09 09:56:32,1543.5,352155
2021-06-09 09:56:33,1543.45,352175
2021-06-09 09:56:34,1543.45,352175
2021-06-09 09:56:35,1543.45,352175
2021-06-09 09:56:36,1543.25,352189
2021-06-09 09:56:37,1543.0,352355
2021-06-09 09:56:39,1543.0,352395
2021-06-09 09:56:39,1543.0,352395
2021-06-09 09:56:40,1543.0,352395
2021-06-09 09:56:41,1543.0,352395
2021-06-09 09:56:42,1543.0,352395
2021-06-09 09:56:43,1543.2,352415
2021-06-09 09:56:44,1543.2,352435
2021-06-09 09:56:45,1543.2,352445
2021-06-09 09:56:47,1543.15,352455
2021-06-09 09:56:47,1543.15,352455
2021-06-09 09:56:48,1543.1,352457
2021-06-09 09:56:49,1543.1,352482
2021-06-09 09:56:50,1543.05,352483
2021-06-09 09:56:51,1543.05,352485
2021-06-09 09:56:52,1543.0,352498
2021-06-09 09:56:54,1543.0,352498
2021-06-09 09:56:54,1543.0,352498
2021-06-09 09:56:55,1543.0,352498
2021-06-09 09:56:56,1543.05,352508
2021-06-09 09:56:57,1543.05,352513
2021-06-09 09:56:58,1543.2,352638
2021-06-09 09:56:59,1543.3,352730
2021-06-09 09:57:01,1543.2,352784
2021-06-09 09:57:02,1543.2,352828
2021-06-09 09:57:04,1543.3,352830
2021-06-09 09:57:04,1543.3,352830
2021-06-09 09:57:06,1543.3,353164
2021-06-09 09:57:06,1543.3,353164
2021-06-09 09:57:07,1543.3,353164
2021-06-09 09:57:08,1543.3,353164
2021-06-09 09:57:09,1543.35,353174
2021-06-09 09:57:12,1543.8,353312
2021-06-09 09:57:13,1543.55,353327
2021-06-09 09:57:13,1543.55,353327
2021-06-09 09:57:14,1543.8,353422
2021-06-09 09:57:15,1543.8,353422
2021-06-09 09:57:16,1543.45,353432
2021-06-09 09:57:17,1543.8,353433
2021-06-09 09:57:19,1543.8,353514
2021-06-09 09:57:20,1543.9,353534
2021-06-09 09:57:21,1543.45,353549
2021-06-09 09:57:23,1543.45,353549
2021-06-09 09:57:24,1543.45,353549
2021-06-09 09:57:25,1543.85,353559
2021-06-09 09:57:25,1543.85,353559
2021-06-09 09:57:26,1543.35,353676
2021-06-09 09:57:27,1543.35,353676
2021-06-09 09:57:28,1543.45,353685
2021-06-09 09:57:30,1543.6,353789
2021-06-09 09:57:31,1543.8,353791
2021-06-09 09:57:33,1543.9,353805
2021-06-09 09:57:34,1543.9,353809
2021-06-09 09:57:35,1543.9,353815
2021-06-09 09:57:35,1543.9,353815
2021-06-09 09:57:36,1544.7,356760
2021-06-09 09:57:37,1544.7,357009
2021-06-09 09:57:38,1544.7,357009
2021-06-09 09:57:40,1544.45,357033
2021-06-09 09:57:42,1544.45,357088
2021-06-09 09:57:43,1544.25,357102
2021-06-09 09:57:44,1544.45,357107
2021-06-09 09:57:44,1544.45,357107
2021-06-09 09:57:45,1544.45,357123
2021-06-09 09:57:46,1544.45,357223
2021-06-09 09:57:47,1544.05,357538
2021-06-09 09:57:48,1544.25,357602
2021-06-09 09:57:49,1543.6,358591
2021-06-09 09:57:50,1543.6,358642
2021-06-09 09:57:51,1543.6,358642
2021-06-09 09:57:52,1544.2,358758
2021-06-09 09:57:53,1544.2,358758
2021-06-09 09:57:54,1544.0,358768
2021-06-09 09:57:56,1543.6,358788
2021-06-09 09:57:57,1544.3,358938
2021-06-09 09:57:57,1544.3,358938
2021-06-09 09:57:58,1544.5,358953
2021-06-09 09:57:59,1544.0,358954
2021-06-09 09:58:00,1544.5,359034
2021-06-09 09:58:01,1543.75,359061
2021-06-09 09:58:02,1543.75,359061
2021-06-09 09:58:03,1544.0,359262
2021-06-09 09:58:04,1543.5,359284
2021-06-09 09:58:05,1543.7,359287
2021-06-09 09:58:07,1543.7,359297
2021-06-09 09:58:07,1543.7,359297
2021-06-09 09:58:08,1543.55,359312
2021-06-09 09:58:09,1543.65,359313
2021-06-09 09:58:10,1544.0,359345
2021-06-09 09:58:11,1543.6,359346
2021-06-09 09:58:12,1543.75,359356
2021-06-09 09:58:13,1543.65,359382
2021-06-09 09:58:15,1543.75,359463
2021-06-09 09:58:14,1543.75,359462
2021-06-09 09:58:16,1543.65,359523
2021-06-09 09:58:18,1543.65,359687
2021-06-09 09:58:18,1543.65,359687
2021-06-09 09:58:19,1543.5,359840
2021-06-09 09:58:20,1543.65,359841
2021-06-09 09:58:21,1543.65,359841
2021-06-09 09:58:22,1543.65,359841
2021-06-09 09:58:23,1543.6,359842
2021-06-09 09:58:24,1543.5,359895
2021-06-09 09:58:26,1543.6,359920
2021-06-09 09:58:28,1543.6,359941
2021-06-09 09:58:29,1543.6,359941
2021-06-09 09:58:29,1543.6,359941
2021-06-09 09:58:30,1543.55,359953
2021-06-09 09:58:31,1543.55,359955
2021-06-09 09:58:32,1543.6,360018
2021-06-09 09:58:33,1543.6,360048
2021-06-09 09:58:35,1543.6,360048
2021-06-09 09:58:36,1543.6,360053
2021-06-09 09:58:37,1543.5,360602
2021-06-09 09:58:38,1543.5,360622
2021-06-09 09:58:39,1543.5,360622
2021-06-09 09:58:40,1543.5,360816
2021-06-09 09:58:41,1543.05,360841
2021-06-09 09:58:43,1543.5,361416
2021-06-09 09:58:44,1543.5,361426
2021-06-09 09:58:44,1543.5,361426
2021-06-09 09:58:45,1543.0,361436
2021-06-09 09:58:46,1543.0,361436
2021-06-09 09:58:47,1543.0,361436
2021-06-09 09:58:48,1543.5,361596
2021-06-09 09:58:49,1543.5,361602
2021-06-09 09:58:50,1543.0,361607
2021-06-09 09:58:52,1543.0,361607
2021-06-09 09:58:53,1543.5,361755
2021-06-09 09:58:54,1543.5,361755
2021-06-09 09:58:54,1543.5,361755
2021-06-09 09:58:55,1543.5,361766
2021-06-09 09:58:57,1543.25,361767
2021-06-09 09:58:58,1543.25,361787
2021-06-09 09:58:58,1543.25,361787
2021-06-09 09:58:59,1543.25,361787
2021-06-09 09:59:00,1543.0,361802
2021-06-09 09:59:01,1543.1,361803
2021-06-09 09:59:02,1543.1,361803
2021-06-09 09:59:03,1543.0,361816
2021-06-09 09:59:04,1543.0,361844
2021-06-09 09:59:06,1543.05,361948
2021-06-09 09:59:07,1543.0,361989
2021-06-09 09:59:08,1543.0,361989
2021-06-09 09:59:09,1542.95,362889
2021-06-09 09:59:09,1542.95,362889
2021-06-09 09:59:10,1542.75,363584
2021-06-09 09:59:11,1542.65,363609
2021-06-09 09:59:12,1542.65,363609
2021-06-09 09:59:13,1542.65,363664
2021-06-09 09:59:15,1542.75,363719
2021-06-09 09:59:16,1542.75,363719
2021-06-09 09:59:17,1542.7,363720
2021-06-09 09:59:18,1542.7,363720
2021-06-09 09:59:18,1542.7,363720
2021-06-09 09:59:19,1542.7,363720
2021-06-09 09:59:20,1542.7,363720
2021-06-09 09:59:21,1542.7,363720
2021-06-09 09:59:22,1542.7,363720
2021-06-09 09:59:23,1542.3,363748
2021-06-09 09:59:25,1542.3,363794
2021-06-09 09:59:27,1542.3,363794
2021-06-09 09:59:27,1542.3,363794
2021-06-09 09:59:28,1542.45,363805
2021-06-09 09:59:30,1542.45,364454
2021-06-09 09:59:31,1542.45,364457
2021-06-09 09:59:32,1542.45,364457
2021-06-09 09:59:33,1542.55,364515
2021-06-09 09:59:34,1542.7,364910
2021-06-09 09:59:35,1542.5,364992
2021-06-09 09:59:37,1542.5,364992
2021-06-09 09:59:38,1542.5,365092
2021-06-09 09:59:39,1542.5,365434
2021-06-09 09:59:39,1542.5,365434
2021-06-09 09:59:41,1542.2,365464
2021-06-09 09:59:43,1542.2,365465
2021-06-09 09:59:45,1542.05,365475
2021-06-09 09:59:46,1542.05,365475
2021-06-09 09:59:47,1542.2,366165
2021-06-09 09:59:47,1542.2,366165
2021-06-09 09:59:48,1542.5,366195
2021-06-09 09:59:49,1542.4,366215
2021-06-09 09:59:50,1542.2,366219
2021-06-09 09:59:52,1542.2,366219
2021-06-09 09:59:53,1542.2,366219
2021-06-09 09:59:54,1542.3,366222
2021-06-09 09:59:55,1542.3,366222
2021-06-09 09:59:55,1542.3,366222
2021-06-09 09:59:56,1542.2,366239
2021-06-09 09:59:57,1542.25,366245
2021-06-09 09:59:58,1542.2,366246
2021-06-09 10:00:00,1542.2,366259
2021-06-09 10:00:02,1542.2,366325
2021-06-09 10:00:03,1542.5,366337
2021-06-09 10:00:03,1542.5,366337
2021-06-09 10:00:04,1542.5,366337
2021-06-09 10:00:05,1542.2,366397
2021-06-09 10:00:06,1542.5,366402
2021-06-09 10:00:07,1542.2,366472
2021-06-09 10:00:09,1542.2,366509
2021-06-09 10:00:10,1542.2,366544
2021-06-09 10:00:11,1542.5,367044
2021-06-09 10:00:12,1542.05,367086
2021-06-09 10:00:12,1542.05,367086
2021-06-09 10:00:13,1542.05,367086
2021-06-09 10:00:14,1542.5,367162
2021-06-09 10:00:15,1542.0,367697
2021-06-09 10:00:16,1542.0,367697
2021-06-09 10:00:18,1542.5,367897
2021-06-09 10:00:19,1542.5,367897
2021-06-09 10:00:19,1542.5,367898
2021-06-09 10:00:20,1542.5,367898
2021-06-09 10:00:21,1542.05,367923
2021-06-09 10:00:22,1542.05,367923
2021-06-09 10:00:23,1542.5,368425
2021-06-09 10:00:24,1542.5,368425
2021-06-09 10:00:26,1542.05,368447
2021-06-09 10:00:27,1542.5,368563
2021-06-09 10:00:28,1542.45,368564
2021-06-09 10:00:29,1542.25,368582
2021-06-09 10:00:30,1542.05,368628
2021-06-09 10:00:31,1542.05,368628
2021-06-09 10:00:32,1542.15,368629
2021-06-09 10:00:33,1542.05,368631
2021-06-09 10:00:34,1542.05,368632
2021-06-09 10:00:35,1542.1,368653
2021-06-09 10:00:36,1542.1,368653
2021-06-09 10:00:37,1542.05,368714
2021-06-09 10:00:38,1542.1,368769
2021-06-09 10:00:39,1542.35,368788
2021-06-09 10:00:40,1542.2,368837
2021-06-09 10:00:42,1542.2,368837
2021-06-09 10:00:42,1542.2,368837
2021-06-09 10:00:44,1542.1,368977
2021-06-09 10:00:45,1542.1,368992
2021-06-09 10:00:45,1542.1,368992
2021-06-09 10:00:46,1542.15,369005
2021-06-09 10:00:47,1542.1,369043
2021-06-09 10:00:48,1542.1,369044
2021-06-09 10:00:49,1542.15,369054
2021-06-09 10:00:51,1542.15,369054
2021-06-09 10:00:52,1542.15,369054
2021-06-09 10:00:53,1542.15,369107
2021-06-09 10:00:53,1542.1,369149
2021-06-09 10:00:54,1542.1,369274
2021-06-09 10:00:55,1542.1,369325
2021-06-09 10:00:56,1542.25,369543
2021-06-09 10:00:58,1542.25,369543
2021-06-09 10:00:59,1542.1,369550
2021-06-09 10:01:00,1542.25,369570
2021-06-09 10:01:01,1542.1,369571
2021-06-09 10:01:02,1542.25,369607
2021-06-09 10:01:05,1542.25,369762
2021-06-09 10:01:06,1542.25,369767
2021-06-09 10:01:08,1542.25,369767
2021-06-09 10:01:09,1542.2,370103
2021-06-09 10:01:10,1542.1,370193
2021-06-09 10:01:11,1542.15,370197
2021-06-09 10:01:12,1542.15,370197
2021-06-09 10:01:13,1542.15,370226
2021-06-09 10:01:13,1542.15,370226
2021-06-09 10:01:14,1542.15,370227
2021-06-09 10:01:15,1542.15,370227
2021-06-09 10:01:16,1542.1,370242
2021-06-09 10:01:18,1542.2,370329
2021-06-09 10:01:18,1542.2,370329
2021-06-09 10:01:19,1542.1,370483
2021-06-09 10:01:20,1542.1,370483
2021-06-09 10:01:21,1542.1,370483
2021-06-09 10:01:22,1542.1,370516
2021-06-09 10:01:23,1542.1,370516
2021-06-09 10:01:24,1542.1,370516
2021-06-09 10:01:25,1542.1,370516
2021-06-09 10:01:27,1542.1,370516
2021-06-09 10:01:28,1542.1,370516
2021-06-09 10:01:29,1542.2,370563
2021-06-09 10:01:30,1542.2,370640
2021-06-09 10:01:31,1542.2,370640
2021-06-09 10:01:32,1542.1,370642
2021-06-09 10:01:32,1542.2,370640
2021-06-09 10:01:33,1542.1,370666
2021-06-09 10:01:34,1542.1,370666
2021-06-09 10:01:35,1542.25,371267
2021-06-09 10:01:36,1542.25,371267
2021-06-09 10:01:37,1542.25,371267
2021-06-09 10:01:38,1542.25,371367
2021-06-09 10:01:39,1542.8,384649
2021-06-09 10:01:40,1542.7,384749
2021-06-09 10:01:41,1542.65,384790
2021-06-09 10:01:43,1542.65,384825
2021-06-09 10:01:44,1542.65,384825
2021-06-09 10:01:45,1543.0,384826
2021-06-09 10:01:46,1543.0,384867
2021-06-09 10:01:47,1542.95,384884
2021-06-09 10:01:47,1542.95,384884
2021-06-09 10:01:48,1542.95,384884
2021-06-09 10:01:49,1542.95,384884
2021-06-09 10:01:50,1542.8,384899
2021-06-09 10:01:51,1542.8,384900
2021-06-09 10:01:54,1542.75,384922
2021-06-09 10:01:55,1542.75,384922
2021-06-09 10:01:56,1542.75,384928
2021-06-09 10:01:56,1542.75,384928
2021-06-09 10:01:58,1542.75,384928
2021-06-09 10:01:59,1542.75,385005
2021-06-09 10:02:00,1542.75,385005
2021-06-09 10:02:01,1542.75,385010
2021-06-09 10:02:02,1542.75,385010
2021-06-09 10:02:02,1542.75,385010
2021-06-09 10:02:03,1542.75,385020
2021-06-09 10:02:04,1542.7,385026
2021-06-09 10:02:05,1542.75,385030
2021-06-09 10:02:07,1542.75,385040
2021-06-09 10:02:08,1542.7,385094
2021-06-09 10:02:09,1542.7,385120
2021-06-09 10:02:10,1542.6,385270
2021-06-09 10:02:11,1542.6,385270
2021-06-09 10:02:12,1542.6,385270
2021-06-09 10:02:13,1542.6,385270
2021-06-09 10:02:14,1542.65,385302
2021-06-09 10:02:15,1542.65,385302
2021-06-09 10:02:17,1542.65,385323
2021-06-09 10:02:18,1542.65,385323
2021-06-09 10:02:19,1542.65,385333
2021-06-09 10:02:19,1542.65,385333
2021-06-09 10:02:21,1542.65,385338
2021-06-09 10:02:22,1542.7,385528
2021-06-09 10:02:23,1542.7,385528
2021-06-09 10:02:24,1542.4,385603
2021-06-09 10:02:25,1542.4,385603
2021-06-09 10:02:25,1542.4,385603
2021-06-09 10:02:26,1542.4,385613
2021-06-09 10:02:27,1542.25,385839
2021-06-09 10:02:28,1542.2,385843
2021-06-09 10:02:30,1542.3,385847
2021-06-09 10:02:31,1542.3,385850
2021-06-09 10:02:32,1542.4,385890
2021-06-09 10:02:33,1542.4,385890
2021-06-09 10:02:34,1542.7,386470
2021-06-09 10:02:34,1542.7,386470
2021-06-09 10:02:35,1542.25,386484
2021-06-09 10:02:36,1542.7,386485
2021-06-09 10:02:37,1542.65,386490
2021-06-09 10:02:38,1542.45,386493
2021-06-09 10:02:39,1542.45,386493
2021-06-09 10:02:41,1542.45,386493
2021-06-09 10:02:42,1542.3,386494
2021-06-09 10:02:43,1542.2,386495
2021-06-09 10:02:44,1542.3,386496
2021-06-09 10:02:44,1542.25,386498
2021-06-09 10:02:45,1542.25,386508
2021-06-09 10:02:46,1542.7,386613
2021-06-09 10:02:48,1542.7,386613
2021-06-09 10:02:49,1542.7,386614
2021-06-09 10:02:50,1542.3,386659
2021-06-09 10:02:51,1542.3,386659
2021-06-09 10:02:52,1542.7,386858
2021-06-09 10:02:53,1542.7,386858
2021-06-09 10:02:54,1542.7,387058
2021-06-09 10:02:55,1542.7,387058
2021-06-09 10:02:57,1542.5,387080
2021-06-09 10:02:58,1542.95,387083
2021-06-09 10:02:59,1542.95,387095
2021-06-09 10:03:00,1542.3,387195
2021-06-09 10:03:00,1542.3,387195
2021-06-09 10:03:01,1542.3,387195
2021-06-09 10:03:02,1542.95,387204
2021-06-09 10:03:03,1542.95,387207
2021-06-09 10:03:05,1542.95,387207
2021-06-09 10:03:06,1542.95,387207
2021-06-09 10:03:07,1543.15,387912
2021-06-09 10:03:08,1543.15,387912
2021-06-09 10:03:09,1542.95,387952
2021-06-09 10:03:09,1542.95,387952
2021-06-09 10:03:10,1542.95,387952
2021-06-09 10:03:11,1542.95,387952
2021-06-09 10:03:13,1542.95,387952
2021-06-09 10:03:14,1543.15,387953
2021-06-09 10:03:15,1543.15,387953
2021-06-09 10:03:16,1543.15,387953
2021-06-09 10:03:17,1543.1,387955
2021-06-09 10:03:17,1543.1,387955
2021-06-09 10:03:19,1543.0,387985
2021-06-09 10:03:20,1543.0,388042
2021-06-09 10:03:21,1543.05,388043
2021-06-09 10:03:22,1542.95,388175
2021-06-09 10:03:22,1542.95,388175
2021-06-09 10:03:23,1542.95,388225
2021-06-09 10:03:24,1542.95,388275
2021-06-09 10:03:26,1542.9,388293
2021-06-09 10:03:27,1542.85,388294
2021-06-09 10:03:28,1542.85,388294
2021-06-09 10:03:28,1542.85,388294
2021-06-09 10:03:29,1542.85,388294
2021-06-09 10:03:30,1543.0,388494
2021-06-09 10:03:31,1542.5,388693
2021-06-09 10:03:33,1542.5,388693
2021-06-09 10:03:34,1542.85,389035
2021-06-09 10:03:35,1542.55,389062
2021-06-09 10:03:35,1542.55,389062
2021-06-09 10:03:36,1542.55,389062
2021-06-09 10:03:37,1542.55,389062
2021-06-09 10:03:38,1542.95,389066
2021-06-09 10:03:39,1542.95,389066
2021-06-09 10:03:41,1542.95,389066
2021-06-09 10:03:42,1542.9,389067
2021-06-09 10:03:43,1542.5,389070
2021-06-09 10:03:44,1542.5,389102
2021-06-09 10:03:44,1542.55,389103
2021-06-09 10:03:45,1542.6,389124
2021-06-09 10:03:46,1543.0,389257
2021-06-09 10:03:47,1543.0,389257
2021-06-09 10:03:48,1543.0,389357
2021-06-09 10:03:50,1543.0,389357
2021-06-09 10:03:51,1543.0,389357
2021-06-09 10:03:52,1542.7,389431
2021-06-09 10:03:53,1542.75,389571
2021-06-09 10:03:53,1542.75,389571
2021-06-09 10:03:56,1542.75,389575
2021-06-09 10:03:57,1543.15,389791
2021-06-09 10:03:58,1542.85,389797
2021-06-09 10:03:59,1542.85,389799
2021-06-09 10:03:59,1542.85,389799
2021-06-09 10:04:00,1542.85,389799
2021-06-09 10:04:01,1543.35,389819
2021-06-09 10:04:03,1543.35,389819
2021-06-09 10:04:03,1543.35,389819
2021-06-09 10:04:05,1542.85,389844
2021-06-09 10:04:07,1542.85,389844
2021-06-09 10:04:07,1542.85,389844
2021-06-09 10:04:08,1542.95,389845
2021-06-09 10:04:09,1543.0,389909
2021-06-09 10:04:11,1543.0,389909
2021-06-09 10:04:12,1543.0,390189
2021-06-09 10:04:13,1543.65,390239
2021-06-09 10:04:14,1543.05,390279
2021-06-09 10:04:15,1543.65,390304
2021-06-09 10:04:15,1543.65,390304
2021-06-09 10:04:17,1544.0,390486
2021-06-09 10:04:18,1543.95,390496
2021-06-09 10:04:19,1544.0,390536
2021-06-09 10:04:20,1543.95,390794
2021-06-09 10:04:21,1543.95,390794
2021-06-09 10:04:21,1544.0,390844
2021-06-09 10:04:22,1544.0,390844
2021-06-09 10:04:24,1543.5,390889
2021-06-09 10:04:25,1544.0,390904
2021-06-09 10:04:27,1544.0,390904
2021-06-09 10:04:28,1544.0,390924
2021-06-09 10:04:29,1544.65,392191
2021-06-09 10:04:30,1543.95,392221
2021-06-09 10:04:31,1543.95,392221
2021-06-09 10:04:32,1544.0,392224
2021-06-09 10:04:33,1543.95,392246
2021-06-09 10:04:34,1543.95,392246
2021-06-09 10:04:34,1543.95,392278
2021-06-09 10:04:35,1544.0,392283
2021-06-09 10:04:36,1544.0,392284
2021-06-09 10:04:37,1544.0,392284
2021-06-09 10:04:39,1544.0,392304
2021-06-09 10:04:40,1544.65,392312
2021-06-09 10:04:41,1544.65,392319
2021-06-09 10:04:42,1544.65,392326
2021-06-09 10:04:43,1544.0,392436
2021-06-09 10:04:44,1544.7,392477
2021-06-09 10:04:45,1544.7,392477
2021-06-09 10:04:46,1544.65,392482
2021-06-09 10:04:46,1544.65,392482
2021-06-09 10:04:48,1544.1,392528
2021-06-09 10:04:49,1544.6,392538
2021-06-09 10:04:50,1544.1,392573
2021-06-09 10:04:51,1544.1,392583
2021-06-09 10:04:52,1544.1,392643
2021-06-09 10:04:53,1544.2,392649
2021-06-09 10:04:54,1544.1,393523
2021-06-09 10:04:55,1544.1,393524
2021-06-09 10:04:55,1544.1,393524
2021-06-09 10:04:56,1543.3,394371
2021-06-09 10:04:58,1544.05,394373
2021-06-09 10:04:59,1544.05,394373
2021-06-09 10:05:00,1544.05,394378
2021-06-09 10:05:02,1544.15,394380
2021-06-09 10:05:01,1544.15,394380
2021-06-09 10:05:03,1543.6,394388
2021-06-09 10:05:04,1544.25,394581
2021-06-09 10:05:05,1543.65,394582
2021-06-09 10:05:06,1544.25,394633
2021-06-09 10:05:07,1544.25,394652
2021-06-09 10:05:08,1544.25,394657
2021-06-09 10:05:09,1544.25,394658
2021-06-09 10:05:10,1544.25,394834
2021-06-09 10:05:11,1544.25,394834
2021-06-09 10:05:12,1544.5,394836
2021-06-09 10:05:13,1544.5,394836
2021-06-09 10:05:14,1544.25,394862
2021-06-09 10:05:15,1544.25,394862
2021-06-09 10:05:16,1544.45,394883
2021-06-09 10:05:17,1544.25,394901
2021-06-09 10:05:18,1544.25,395374
2021-06-09 10:05:19,1544.0,395424
2021-06-09 10:05:20,1543.8,395427
2021-06-09 10:05:21,1543.5,395437
2021-06-09 10:05:22,1543.8,395547
2021-06-09 10:05:23,1543.8,395547
2021-06-09 10:05:24,1544.1,395598
2021-06-09 10:05:25,1543.4,395830
2021-06-09 10:05:26,1543.4,395830
2021-06-09 10:05:27,1543.85,395831
2021-06-09 10:05:28,1543.8,395832
2021-06-09 10:05:29,1543.8,395832
2021-06-09 10:05:30,1543.6,395839
2021-06-09 10:05:31,1543.6,395861
2021-06-09 10:05:32,1543.25,395871
2021-06-09 10:05:33,1543.25,395871
2021-06-09 10:05:34,1543.85,395912
2021-06-09 10:05:35,1543.85,395912
2021-06-09 10:05:36,1543.85,395912
2021-06-09 10:05:37,1543.85,395912
2021-06-09 10:05:38,1543.85,396413
2021-06-09 10:05:39,1543.85,396413
2021-06-09 10:05:40,1543.85,396415
2021-06-09 10:05:41,1543.85,396415
2021-06-09 10:05:42,1543.85,396430
2021-06-09 10:05:43,1543.9,396431
2021-06-09 10:05:44,1543.85,396472
2021-06-09 10:05:46,1544.0,396514
2021-06-09 10:05:47,1544.0,396514
2021-06-09 10:05:48,1544.0,396514
2021-06-09 10:05:49,1544.0,396514
2021-06-09 10:05:50,1543.85,397094
2021-06-09 10:05:51,1543.85,397094
2021-06-09 10:05:52,1544.2,397097
2021-06-09 10:05:53,1544.2,397097
2021-06-09 10:05:54,1543.85,397102
2021-06-09 10:05:55,1543.85,397102
2021-06-09 10:05:56,1543.85,397132
2021-06-09 10:05:57,1543.85,397132
2021-06-09 10:05:58,1544.0,397136
2021-06-09 10:05:59,1544.0,397139
2021-06-09 10:06:00,1543.85,397179
2021-06-09 10:06:01,1543.9,397181
2021-06-09 10:06:02,1543.35,397387
2021-06-09 10:06:03,1544.15,397439
2021-06-09 10:06:04,1543.85,397440
2021-06-09 10:06:05,1544.1,397591
2021-06-09 10:06:06,1544.1,397591
2021-06-09 10:06:07,1543.35,397794
2021-06-09 10:06:09,1543.15,397895
2021-06-09 10:06:08,1543.15,397895
2021-06-09 10:06:10,1543.65,397908
2021-06-09 10:06:11,1543.4,397912
2021-06-09 10:06:12,1543.4,397922
2021-06-09 10:06:13,1543.4,397955
2021-06-09 10:06:14,1543.65,397970
2021-06-09 10:06:15,1543.65,398000
2021-06-09 10:06:17,1543.4,398100
2021-06-09 10:06:18,1543.65,398110
2021-06-09 10:06:19,1543.15,398145
2021-06-09 10:06:20,1543.5,398149
2021-06-09 10:06:21,1543.5,398149
2021-06-09 10:06:22,1543.1,398153
2021-06-09 10:06:23,1543.1,398153
2021-06-09 10:06:24,1543.1,398153
2021-06-09 10:06:25,1543.1,398153
2021-06-09 10:06:26,1543.2,398168
2021-06-09 10:06:27,1543.1,398169
2021-06-09 10:06:28,1543.15,398171
2021-06-09 10:06:29,1543.15,398208
2021-06-09 10:06:30,1543.25,398239
2021-06-09 10:06:31,1543.25,398239
2021-06-09 10:06:32,1543.0,398306
2021-06-09 10:06:33,1543.2,398324
2021-06-09 10:06:34,1543.0,398333
2021-06-09 10:06:36,1543.1,398347
2021-06-09 10:06:35,1543.1,398347
2021-06-09 10:06:37,1543.1,398347
2021-06-09 10:06:38,1543.1,398347
2021-06-09 10:06:39,1543.05,398348
2021-06-09 10:06:40,1543.2,398611
2021-06-09 10:06:41,1543.2,398611
2021-06-09 10:06:42,1543.0,398653
2021-06-09 10:06:45,1543.25,398995
2021-06-09 10:06:46,1543.1,399048
2021-06-09 10:06:47,1542.85,399090
2021-06-09 10:06:48,1543.05,399126
2021-06-09 10:06:49,1542.85,399130
2021-06-09 10:06:50,1543.15,399142
2021-06-09 10:06:51,1543.05,399146
2021-06-09 10:06:52,1542.85,399236
2021-06-09 10:06:53,1542.85,399236
2021-06-09 10:06:54,1542.85,399236
2021-06-09 10:06:55,1542.85,399278
2021-06-09 10:06:56,1542.85,399278
2021-06-09 10:06:57,1543.0,399288
2021-06-09 10:06:58,1543.05,399367
2021-06-09 10:06:59,1542.95,399385
2021-06-09 10:07:00,1542.95,399385
