timestamp,ltp,volume
2021-06-09 09:16:03,6775.1,4618
2021-06-09 09:16:06,6778.7,4637
2021-06-09 09:16:06,6778.7,4637
2021-06-09 09:16:07,6775.4,4639
2021-06-09 09:16:09,6775.3,4642
2021-06-09 09:16:11,6777.95,5146
2021-06-09 09:16:11,6775.0,5184
2021-06-09 09:16:12,6778.7,5228
2021-06-09 09:16:14,6778.7,5305
2021-06-09 09:16:15,6778.7,5321
2021-06-09 09:16:17,6775.25,5335
2021-06-09 09:16:18,6775.25,5353
2021-06-09 09:16:19,6775.0,5364
2021-06-09 09:16:20,6775.0,5397
2021-06-09 09:16:21,6770.8,6199
2021-06-09 09:16:22,6771.55,6303
2021-06-09 09:16:23,6768.75,6320
2021-06-09 09:16:24,6768.75,6320
2021-06-09 09:16:25,6768.75,6320
2021-06-09 09:16:26,6768.75,6320
2021-06-09 09:16:27,6766.3,6337
2021-06-09 09:16:28,6769.5,6357
2021-06-09 09:16:29,6769.5,6371
2021-06-09 09:16:30,6769.5,6371
2021-06-09 09:16:31,6768.7,6373
2021-06-09 09:16:32,6768.7,6373
2021-06-09 09:16:33,6768.7,6373
2021-06-09 09:16:37,6770.05,6703
2021-06-09 09:16:37,6770.1,6715
2021-06-09 09:16:38,6772.25,6721
2021-06-09 09:16:39,6772.25,6721
2021-06-09 09:16:41,6770.05,6732
2021-06-09 09:16:41,6770.05,6732
2021-06-09 09:16:43,6770.05,6732
2021-06-09 09:16:43,6770.1,6751
2021-06-09 09:16:45,6770.35,6790
2021-06-09 09:16:46,6770.3,6796
2021-06-09 09:16:47,6770.3,6796
2021-06-09 09:16:47,6770.3,6796
2021-06-09 09:16:49,6770.3,6796
2021-06-09 09:16:49,6770.3,6796
2021-06-09 09:16:50,6770.3,6834
2021-06-09 09:16:53,6770.0,6851
2021-06-09 09:16:54,6770.0,6853
2021-06-09 09:16:54,6770.0,6853
2021-06-09 09:16:55,6770.0,6853
2021-06-09 09:16:56,6770.0,6853
2021-06-09 09:16:58,6770.0,6853
2021-06-09 09:16:59,6752.2,7902
2021-06-09 09:17:00,6755.7,8015
2021-06-09 09:17:01,6757.75,8182
2021-06-09 09:17:01,6755.15,8188
2021-06-09 09:17:02,6756.55,8199
2021-06-09 09:17:03,6756.9,8229
2021-06-09 09:17:05,6756.85,8308
2021-06-09 09:17:05,6756.8,8321
2021-06-09 09:17:06,6756.8,8444
2021-06-09 09:17:07,6757.85,8597
2021-06-09 09:17:08,6761.45,8599
2021-06-09 09:17:12,6756.9,8766
2021-06-09 09:17:14,6756.95,8879
2021-06-09 09:17:15,6756.9,8888
2021-06-09 09:17:16,6759.05,9128
2021-06-09 09:17:16,6755.25,9138
2021-06-09 09:17:18,6757.0,9155
2021-06-09 09:17:19,6756.1,9162
2021-06-09 09:17:19,6756.1,9162
2021-06-09 09:17:20,6754.1,9321
2021-06-09 09:17:21,6754.0,9330
2021-06-09 09:17:22,6754.0,9330
2021-06-09 09:17:23,6754.0,9334
2021-06-09 09:17:25,6754.0,9343
2021-06-09 09:17:26,6754.0,9343
2021-06-09 09:17:26,6755.9,9344
2021-06-09 09:17:27,6755.95,9355
2021-06-09 09:17:31,6750.0,10461
2021-06-09 09:17:33,6751.0,10495
2021-06-09 09:17:34,6750.9,10496
2021-06-09 09:17:34,6748.85,10515
2021-06-09 09:17:35,6750.55,10522
2021-06-09 09:17:37,6748.85,10588
2021-06-09 09:17:37,6748.85,10590
2021-06-09 09:17:40,6750.2,10901
2021-06-09 09:17:40,6749.55,10851
2021-06-09 09:17:41,6748.85,10930
2021-06-09 09:17:44,6749.6,10943
2021-06-09 09:17:45,6748.85,10955
2021-06-09 09:17:46,6748.9,10965
2021-06-09 09:17:46,6749.2,11002
2021-06-09 09:17:47,6749.2,11002
2021-06-09 09:17:48,6748.9,11006
2021-06-09 09:17:49,6749.15,11043
2021-06-09 09:17:50,6749.15,11043
2021-06-09 09:17:51,6749.15,11043
2021-06-09 09:17:52,6748.9,11057
2021-06-09 09:17:54,6748.9,11080
2021-06-09 09:17:55,6751.95,11474
2021-06-09 09:17:55,6752.15,11482
2021-06-09 09:17:57,6752.15,11487
2021-06-09 09:17:58,6752.15,11487
2021-06-09 09:17:59,6754.0,11489
2021-06-09 09:17:59,6752.2,11491
2021-06-09 09:18:01,6756.15,11549
2021-06-09 09:18:01,6756.4,11559
2021-06-09 09:18:03,6754.0,11561
2021-06-09 09:18:04,6756.0,11593
2021-06-09 09:18:05,6751.0,11681
2021-06-09 09:18:06,6757.0,11966
2021-06-09 09:18:07,6754.0,12031
2021-06-09 09:18:08,6756.8,12103
2021-06-09 09:18:10,6757.0,12108
2021-06-09 09:18:11,6757.0,12108
2021-06-09 09:18:12,6757.0,12108
2021-06-09 09:18:13,6757.0,12108
2021-06-09 09:18:14,6760.85,12163
2021-06-09 09:18:16,6760.85,12163
2021-06-09 09:18:16,6760.85,12163
2021-06-09 09:18:17,6757.65,12173
2021-06-09 09:18:18,6760.2,12206
2021-06-09 09:18:20,6761.6,12271
2021-06-09 09:18:22,6757.8,12285
2021-06-09 09:18:22,6757.75,12297
2021-06-09 09:18:23,6761.1,12305
2021-06-09 09:18:24,6760.2,12312
2021-06-09 09:18:26,6760.3,12324
2021-06-09 09:18:27,6759.2,12339
2021-06-09 09:18:27,6759.2,12339
2021-06-09 09:18:28,6759.2,12348
2021-06-09 09:18:29,6760.3,12361
2021-06-09 09:18:30,6759.2,12393
2021-06-09 09:18:31,6763.05,12460
2021-06-09 09:18:32,6761.15,12464
2021-06-09 09:18:33,6760.3,12470
2021-06-09 09:18:35,6765.55,12873
2021-06-09 09:18:36,6765.6,12888
2021-06-09 09:18:38,6765.55,12895
2021-06-09 09:18:40,6761.35,13323
2021-06-09 09:18:41,6760.1,13333
2021-06-09 09:18:42,6761.2,13362
2021-06-09 09:18:43,6761.2,13385
2021-06-09 09:18:44,6761.2,13438
2021-06-09 09:18:45,6761.2,13438
2021-06-09 09:18:46,6761.2,13438
2021-06-09 09:18:47,6761.2,13438
2021-06-09 09:18:48,6762.5,13539
2021-06-09 09:18:49,6761.2,13546
2021-06-09 09:18:50,6762.5,13637
2021-06-09 09:18:51,6762.5,13637
2021-06-09 09:18:52,6761.2,13638
2021-06-09 09:18:53,6761.2,13638
2021-06-09 09:18:55,6761.2,13638
2021-06-09 09:18:56,6760.05,13648
2021-06-09 09:18:57,6760.05,13648
2021-06-09 09:18:58,6760.0,13656
2021-06-09 09:18:59,6760.0,13656
2021-06-09 09:19:00,6760.0,13656
2021-06-09 09:19:00,6762.0,13731
2021-06-09 09:19:02,6764.45,13785
2021-06-09 09:19:02,6764.45,13785
2021-06-09 09:19:03,6764.45,13785
2021-06-09 09:19:04,6762.5,13787
2021-06-09 09:19:07,6762.5,13787
2021-06-09 09:19:08,6762.5,13789
2021-06-09 09:19:09,6762.5,13791
2021-06-09 09:19:10,6760.55,13849
2021-06-09 09:19:11,6760.7,13859
2021-06-09 09:19:13,6764.5,13860
2021-06-09 09:19:14,6764.5,13860
2021-06-09 09:19:15,6764.5,13860
2021-06-09 09:19:16,6764.5,13860
2021-06-09 09:19:17,6764.5,13860
2021-06-09 09:19:18,6764.5,13860
2021-06-09 09:19:19,6764.5,13860
2021-06-09 09:19:20,6766.15,14210
2021-06-09 09:19:21,6766.15,14210
2021-06-09 09:19:21,6766.15,14210
2021-06-09 09:19:22,6762.15,14246
2021-06-09 09:19:23,6762.15,14246
2021-06-09 09:19:25,6761.15,14352
2021-06-09 09:19:26,6761.8,14354
2021-06-09 09:19:27,6760.0,14378
2021-06-09 09:19:28,6760.0,14378
2021-06-09 09:19:29,6761.95,14388
2021-06-09 09:19:30,6760.0,14394
2021-06-09 09:19:31,6764.9,14439
2021-06-09 09:19:32,6761.35,14453
2021-06-09 09:19:32,6761.95,14455
2021-06-09 09:19:33,6761.95,14455
2021-06-09 09:19:35,6764.4,14456
2021-06-09 09:19:36,6764.4,14456
2021-06-09 09:19:37,6760.85,14462
2021-06-09 09:19:37,6760.85,14462
2021-06-09 09:19:39,6761.1,14464
2021-06-09 09:19:39,6760.2,14466
2021-06-09 09:19:41,6760.2,14466
2021-06-09 09:19:42,6764.4,14590
2021-06-09 09:19:43,6760.85,14600
2021-06-09 09:19:44,6764.35,14601
2021-06-09 09:19:45,6760.35,14631
2021-06-09 09:19:45,6760.35,14631
2021-06-09 09:19:46,6760.35,14631
2021-06-09 09:19:47,6760.35,14631
2021-06-09 09:19:49,6760.35,14631
2021-06-09 09:19:48,6760.35,14631
2021-06-09 09:19:50,6760.35,14631
2021-06-09 09:19:52,6764.0,14636
2021-06-09 09:19:53,6764.0,14641
2021-06-09 09:19:54,6764.0,14661
2021-06-09 09:19:55,6764.0,14670
2021-06-09 09:19:56,6764.0,14671
2021-06-09 09:19:57,6761.0,14690
2021-06-09 09:19:58,6763.95,14694
2021-06-09 09:19:59,6763.95,14694
2021-06-09 09:20:00,6760.0,14719
2021-06-09 09:20:01,6757.05,15331
2021-06-09 09:20:02,6757.05,15331
2021-06-09 09:20:03,6754.35,15360
2021-06-09 09:20:04,6757.05,15365
2021-06-09 09:20:05,6757.05,15365
2021-06-09 09:20:06,6757.05,15365
2021-06-09 09:20:07,6757.05,15365
2021-06-09 09:20:08,6757.05,15375
2021-06-09 09:20:08,6757.05,15365
2021-06-09 09:20:10,6757.05,15376
2021-06-09 09:20:11,6757.05,15376
2021-06-09 09:20:12,6757.05,15462
2021-06-09 09:20:14,6754.15,15512
2021-06-09 09:20:15,6754.15,15512
2021-06-09 09:20:16,6754.15,15512
2021-06-09 09:20:17,6754.15,15518
2021-06-09 09:20:18,6754.05,15524
2021-06-09 09:20:18,6754.05,15524
2021-06-09 09:20:19,6753.95,15549
2021-06-09 09:20:21,6755.05,15579
2021-06-09 09:20:22,6751.6,15580
2021-06-09 09:20:22,6751.6,15580
2021-06-09 09:20:24,6754.3,15581
2021-06-09 09:20:25,6754.3,15581
2021-06-09 09:20:26,6754.8,15582
2021-06-09 09:20:26,6754.8,15582
2021-06-09 09:20:27,6754.8,15582
2021-06-09 09:20:28,6754.8,15582
2021-06-09 09:20:29,6754.75,15612
2021-06-09 09:20:31,6754.65,15662
2021-06-09 09:20:32,6754.65,15662
2021-06-09 09:20:33,6754.65,15662
2021-06-09 09:20:34,6751.55,15664
2021-06-09 09:20:35,6751.55,15664
2021-06-09 09:20:36,6750.0,15964
2021-06-09 09:20:37,6750.0,15964
2021-06-09 09:20:38,6753.6,15967
2021-06-09 09:20:39,6751.6,15979
2021-06-09 09:20:40,6751.6,15979
2021-06-09 09:20:41,6753.6,15989
2021-06-09 09:20:42,6751.25,16061
2021-06-09 09:20:42,6751.0,16069
2021-06-09 09:20:43,6751.0,16080
2021-06-09 09:20:44,6750.0,16081
2021-06-09 09:20:45,6751.0,16084
2021-06-09 09:20:46,6751.0,16105
2021-06-09 09:20:47,6750.0,16107
2021-06-09 09:20:49,6750.0,16157
2021-06-09 09:20:50,6750.0,16158
2021-06-09 09:20:50,6750.0,16158
2021-06-09 09:20:52,6750.0,16164
2021-06-09 09:20:53,6750.0,16169
2021-06-09 09:20:54,6750.0,16172
2021-06-09 09:20:55,6750.0,16172
2021-06-09 09:20:56,6749.0,16174
2021-06-09 09:20:57,6749.0,16174
2021-06-09 09:20:58,6749.0,16193
2021-06-09 09:20:59,6748.05,16204
2021-06-09 09:21:00,6749.0,16205
2021-06-09 09:21:01,6748.05,16217
2021-06-09 09:21:02,6748.05,16217
2021-06-09 09:21:03,6748.05,16217
2021-06-09 09:21:04,6757.15,17166
2021-06-09 09:21:05,6754.6,17385
2021-06-09 09:21:06,6754.85,17387
2021-06-09 09:21:07,6754.85,17387
2021-06-09 09:21:08,6754.85,17387
2021-06-09 09:21:09,6759.8,17396
2021-06-09 09:21:10,6754.8,17418
2021-06-09 09:21:11,6754.8,17418
2021-06-09 09:21:12,6751.6,17429
2021-06-09 09:21:13,6751.6,17429
2021-06-09 09:21:14,6747.45,17697
2021-06-09 09:21:15,6747.45,17697
2021-06-09 09:21:16,6747.45,17697
2021-06-09 09:21:17,6748.9,17715
2021-06-09 09:21:18,6748.7,17730
2021-06-09 09:21:19,6749.4,17733
2021-06-09 09:21:20,6749.8,17753
2021-06-09 09:21:21,6749.8,17753
2021-06-09 09:21:22,6749.8,17753
2021-06-09 09:21:23,6746.0,17766
2021-06-09 09:21:24,6746.0,17766
2021-06-09 09:21:25,6749.4,17771
2021-06-09 09:21:26,6749.35,17776
2021-06-09 09:21:27,6749.35,17776
2021-06-09 09:21:29,6745.55,17803
2021-06-09 09:21:30,6746.65,17818
2021-06-09 09:21:31,6746.65,17818
2021-06-09 09:21:32,6747.0,17820
2021-06-09 09:21:33,6747.0,17821
2021-06-09 09:21:34,6747.0,17868
2021-06-09 09:21:35,6746.1,17872
2021-06-09 09:21:36,6746.1,17872
2021-06-09 09:21:37,6745.6,17895
2021-06-09 09:21:38,6743.8,18677
2021-06-09 09:21:39,6741.0,18799
2021-06-09 09:21:40,6744.2,18829
2021-06-09 09:21:41,6744.2,18829
2021-06-09 09:21:42,6740.7,18860
2021-06-09 09:21:43,6740.0,19370
2021-06-09 09:21:44,6742.0,19601
2021-06-09 09:21:45,6743.6,19612
2021-06-09 09:21:46,6740.5,19613
2021-06-09 09:21:47,6740.0,19912
2021-06-09 09:21:48,6741.15,19919
2021-06-09 09:21:49,6741.55,19959
2021-06-09 09:21:50,6741.0,19965
2021-06-09 09:21:51,6740.0,19976
2021-06-09 09:21:52,6740.0,19980
2021-06-09 09:21:53,6740.0,19991
2021-06-09 09:21:54,6739.0,19995
2021-06-09 09:21:55,6734.5,20653
2021-06-09 09:21:56,6734.05,20657
2021-06-09 09:21:57,6734.05,20657
2021-06-09 09:21:58,6732.85,20771
2021-06-09 09:21:59,6732.85,20785
2021-06-09 09:22:00,6732.8,20795
2021-06-09 09:22:01,6734.8,20811
2021-06-09 09:22:02,6734.95,20816
2021-06-09 09:22:03,6736.65,21514
2021-06-09 09:22:05,6734.15,21535
2021-06-09 09:22:06,6734.15,21535
2021-06-09 09:22:07,6734.15,21535
2021-06-09 09:22:08,6734.25,21550
2021-06-09 09:22:09,6737.7,21551
2021-06-09 09:22:10,6737.7,21551
2021-06-09 09:22:12,6737.7,21552
2021-06-09 09:22:14,6737.7,21667
2021-06-09 09:22:15,6737.65,21668
2021-06-09 09:22:16,6740.25,21726
2021-06-09 09:22:17,6739.0,21728
2021-06-09 09:22:18,6743.75,21742
2021-06-09 09:22:19,6743.1,21752
2021-06-09 09:22:20,6743.1,21752
2021-06-09 09:22:21,6743.1,21752
2021-06-09 09:22:22,6740.0,21982
2021-06-09 09:22:23,6738.55,22211
2021-06-09 09:22:24,6736.9,22283
2021-06-09 09:22:25,6736.45,22368
2021-06-09 09:22:27,6740.9,22816
2021-06-09 09:22:28,6740.55,22874
2021-06-09 09:22:29,6735.3,22924
2021-06-09 09:22:30,6735.3,22924
2021-06-09 09:22:31,6735.3,22924
2021-06-09 09:22:32,6735.3,22924
2021-06-09 09:22:33,6740.45,22929
2021-06-09 09:22:34,6740.45,22929
2021-06-09 09:22:35,6740.45,22929
2021-06-09 09:22:36,6740.4,22935
2021-06-09 09:22:37,6735.2,22990
2021-06-09 09:22:39,6739.1,23127
2021-06-09 09:22:40,6734.2,23201
2021-06-09 09:22:41,6733.0,23264
2021-06-09 09:22:42,6732.0,23386
2021-06-09 09:22:43,6732.0,23386
2021-06-09 09:22:44,6731.0,23390
2021-06-09 09:22:45,6731.0,23390
2021-06-09 09:22:46,6731.0,23417
2021-06-09 09:22:47,6731.0,23422
2021-06-09 09:22:48,6731.0,23424
2021-06-09 09:22:49,6733.0,23472
2021-06-09 09:22:50,6731.0,23476
2021-06-09 09:22:51,6732.0,23526
2021-06-09 09:22:52,6732.0,23576
2021-06-09 09:22:53,6732.0,23576
2021-06-09 09:22:54,6731.05,23889
2021-06-09 09:22:55,6731.0,23891
2021-06-09 09:22:56,6735.3,24069
2021-06-09 09:22:57,6736.6,24259
2021-06-09 09:22:58,6732.0,24285
2021-06-09 09:22:59,6732.0,24291
2021-06-09 09:23:00,6732.0,24491
2021-06-09 09:23:01,6731.0,24495
2021-06-09 09:23:02,6735.4,24526
2021-06-09 09:23:03,6735.4,24526
2021-06-09 09:23:04,6735.0,24576
2021-06-09 09:23:05,6731.2,24588
2021-06-09 09:23:06,6735.0,24598
2021-06-09 09:23:07,6735.0,24677
2021-06-09 09:23:08,6735.0,24680
2021-06-09 09:23:09,6735.0,24735
2021-06-09 09:23:10,6735.0,24762
2021-06-09 09:23:11,6735.0,24764
2021-06-09 09:23:12,6735.0,24764
2021-06-09 09:23:13,6735.0,24764
2021-06-09 09:23:14,6734.95,24777
2021-06-09 09:23:15,6734.95,24804
2021-06-09 09:23:16,6732.15,24922
2021-06-09 09:23:17,6731.2,24958
2021-06-09 09:23:18,6731.2,24958
2021-06-09 09:23:19,6735.0,24989
2021-06-09 09:23:20,6735.0,24989
2021-06-09 09:23:21,6735.0,24990
2021-06-09 09:23:22,6735.0,24991
2021-06-09 09:23:23,6735.0,25108
2021-06-09 09:23:24,6731.0,25208
2021-06-09 09:23:25,6734.65,25218
2021-06-09 09:23:26,6734.65,25218
2021-06-09 09:23:27,6734.65,25218
2021-06-09 09:23:28,6734.5,25220
2021-06-09 09:23:29,6734.5,25220
2021-06-09 09:23:30,6734.5,25220
2021-06-09 09:23:31,6731.15,25276
2021-06-09 09:23:32,6734.45,25290
2021-06-09 09:23:33,6732.0,25291
2021-06-09 09:23:34,6734.5,25317
2021-06-09 09:23:35,6731.45,25331
2021-06-09 09:23:36,6731.45,25331
2021-06-09 09:23:37,6731.45,25331
2021-06-09 09:23:38,6731.45,25331
2021-06-09 09:23:39,6734.5,25349
2021-06-09 09:23:40,6734.45,25350
2021-06-09 09:23:41,6734.65,25355
2021-06-09 09:23:42,6732.0,25360
2021-06-09 09:23:43,6732.0,25360
2021-06-09 09:23:44,6731.0,25410
2021-06-09 09:23:45,6734.0,25421
2021-06-09 09:23:46,6731.5,25432
2021-06-09 09:23:47,6731.5,25432
2021-06-09 09:23:48,6730.0,26534
2021-06-09 09:23:49,6731.0,26548
2021-06-09 09:23:50,6731.0,26548
2021-06-09 09:23:51,6730.0,26550
2021-06-09 09:23:52,6731.05,26564
2021-06-09 09:23:53,6730.0,26617
2021-06-09 09:23:54,6730.0,26675
2021-06-09 09:23:55,6730.0,26720
2021-06-09 09:23:56,6729.95,26723
2021-06-09 09:23:57,6730.0,26734
2021-06-09 09:23:58,6731.1,26888
2021-06-09 09:23:59,6727.15,27040
2021-06-09 09:24:00,6730.1,27175
2021-06-09 09:24:01,6725.2,27354
2021-06-09 09:24:02,6729.55,27706
2021-06-09 09:24:03,6725.25,27769
2021-06-09 09:24:04,6729.1,27789
2021-06-09 09:24:05,6729.1,27851
2021-06-09 09:24:06,6729.1,27909
2021-06-09 09:24:08,6724.6,27964
2021-06-09 09:24:09,6728.45,28000
2021-06-09 09:24:09,6728.95,27997
2021-06-09 09:24:11,6728.35,28045
2021-06-09 09:24:12,6728.4,28055
2021-06-09 09:24:13,6728.4,28055
2021-06-09 09:24:15,6725.0,28091
2021-06-09 09:24:16,6728.25,28139
2021-06-09 09:24:17,6725.0,28211
2021-06-09 09:24:18,6721.05,28288
2021-06-09 09:24:19,6721.35,28302
2021-06-09 09:24:20,6721.35,28302
2021-06-09 09:24:21,6721.35,28302
2021-06-09 09:24:22,6721.35,28302
2021-06-09 09:24:23,6723.25,28308
2021-06-09 09:24:24,6724.65,28333
2021-06-09 09:24:25,6724.65,28333
2021-06-09 09:24:26,6721.0,28383
2021-06-09 09:24:27,6724.2,28437
2021-06-09 09:24:29,6724.2,28457
2021-06-09 09:24:31,6724.95,28725
2021-06-09 09:24:33,6725.15,29148
2021-06-09 09:24:34,6722.05,29393
2021-06-09 09:24:34,6729.55,29186
2021-06-09 09:24:35,6725.05,29448
2021-06-09 09:24:36,6724.0,29785
2021-06-09 09:24:37,6719.0,29970
2021-06-09 09:24:38,6722.15,30029
2021-06-09 09:24:39,6720.0,30048
2021-06-09 09:24:40,6722.5,30051
2021-06-09 09:24:41,6722.5,30051
2021-06-09 09:24:42,6722.5,30051
2021-06-09 09:24:43,6720.0,30152
2021-06-09 09:24:44,6719.0,30715
2021-06-09 09:24:45,6718.05,30756
2021-06-09 09:24:46,6722.15,30805
2021-06-09 09:24:47,6721.6,30806
2021-06-09 09:24:48,6721.9,30810
2021-06-09 09:24:49,6718.65,30811
2021-06-09 09:24:50,6718.65,30811
2021-06-09 09:24:51,6718.65,30811
2021-06-09 09:24:52,6722.0,30813
2021-06-09 09:24:53,6719.0,31149
2021-06-09 09:24:54,6719.2,31154
2021-06-09 09:24:55,6718.3,31170
2021-06-09 09:24:56,6718.7,31186
2021-06-09 09:24:57,6713.3,31293
2021-06-09 09:24:58,6717.45,31320
2021-06-09 09:24:59,6717.45,31320
2021-06-09 09:25:00,6716.0,31425
2021-06-09 09:25:01,6714.4,31447
2021-06-09 09:25:02,6714.4,31447
2021-06-09 09:25:03,6716.85,31466
2021-06-09 09:25:04,6716.85,31466
2021-06-09 09:25:05,6720.45,31567
2021-06-09 09:25:06,6720.15,31620
2021-06-09 09:25:07,6718.0,31721
2021-06-09 09:25:08,6720.15,31722
2021-06-09 09:25:09,6719.75,31768
2021-06-09 09:25:10,6719.4,31778
2021-06-09 09:25:11,6719.4,31778
2021-06-09 09:25:12,6719.4,31778
2021-06-09 09:25:13,6719.45,31798
2021-06-09 09:25:14,6720.0,31898
2021-06-09 09:25:15,6720.0,31898
2021-06-09 09:25:16,6720.0,32098
2021-06-09 09:25:17,6718.0,32105
2021-06-09 09:25:18,6717.45,32107
2021-06-09 09:25:19,6717.45,32107
2021-06-09 09:25:20,6719.4,32156
2021-06-09 09:25:21,6716.05,32256
2021-06-09 09:25:22,6716.05,32376
2021-06-09 09:25:23,6719.8,32378
2021-06-09 09:25:24,6719.8,32378
2021-06-09 09:25:25,6719.8,32378
2021-06-09 09:25:26,6719.8,32378
2021-06-09 09:25:27,6719.8,32378
2021-06-09 09:25:29,6716.05,32447
2021-06-09 09:25:29,6718.35,32561
2021-06-09 09:25:30,6715.25,32575
2021-06-09 09:25:31,6715.25,32582
2021-06-09 09:25:32,6717.7,32596
2021-06-09 09:25:33,6717.7,32596
2021-06-09 09:25:34,6715.0,32603
2021-06-09 09:25:35,6716.95,32632
2021-06-09 09:25:37,6715.05,32779
2021-06-09 09:25:38,6716.95,32816
2021-06-09 09:25:38,6715.0,32826
2021-06-09 09:25:41,6716.9,32865
2021-06-09 09:25:43,6716.85,32880
2021-06-09 09:25:44,6716.85,32910
2021-06-09 09:25:45,6716.8,32920
2021-06-09 09:25:45,6716.85,32992
2021-06-09 09:25:47,6716.85,32992
2021-06-09 09:25:48,6717.0,33020
2021-06-09 09:25:49,6716.95,33052
2021-06-09 09:25:50,6715.0,33071
2021-06-09 09:25:51,6716.25,33195
2021-06-09 09:25:52,6716.2,33228
2021-06-09 09:25:53,6713.1,33229
2021-06-09 09:25:54,6715.9,33263
2021-06-09 09:25:55,6715.9,33263
2021-06-09 09:25:56,6713.0,33314
2021-06-09 09:25:57,6713.0,33314
2021-06-09 09:25:58,6716.2,33334
2021-06-09 09:25:59,6716.2,33334
2021-06-09 09:26:00,6714.0,33341
2021-06-09 09:26:01,6714.0,33341
2021-06-09 09:26:02,6714.0,33341
2021-06-09 09:26:03,6714.0,33357
2021-06-09 09:26:04,6714.0,33357
2021-06-09 09:26:04,6714.0,33399
2021-06-09 09:26:05,6714.0,33400
2021-06-09 09:26:06,6713.0,33406
2021-06-09 09:26:08,6713.0,33406
2021-06-09 09:26:10,6713.0,33406
2021-06-09 09:26:11,6714.0,33451
2021-06-09 09:26:12,6714.0,33552
2021-06-09 09:26:13,6714.0,33659
2021-06-09 09:26:14,6714.0,33661
2021-06-09 09:26:15,6713.0,33666
2021-06-09 09:26:16,6713.0,33666
2021-06-09 09:26:17,6713.0,33666
2021-06-09 09:26:18,6713.0,33666
2021-06-09 09:26:19,6714.0,33667
2021-06-09 09:26:21,6714.0,33667
2021-06-09 09:26:22,6714.0,33667
2021-06-09 09:26:23,6714.0,33682
2021-06-09 09:26:24,6714.0,33688
2021-06-09 09:26:26,6715.0,34166
2021-06-09 09:26:27,6716.95,34167
2021-06-09 09:26:28,6720.0,34467
2021-06-09 09:26:28,6720.0,34467
2021-06-09 09:26:29,6716.9,34479
2021-06-09 09:26:30,6713.3,34581
2021-06-09 09:26:31,6714.05,34591
2021-06-09 09:26:32,6716.85,34592
2021-06-09 09:26:33,6716.8,34601
2021-06-09 09:26:34,6716.8,34601
2021-06-09 09:26:35,6714.05,34611
2021-06-09 09:26:36,6714.25,34673
2021-06-09 09:26:38,6716.8,34776
2021-06-09 09:26:39,6716.8,34786
2021-06-09 09:26:40,6716.8,34786
2021-06-09 09:26:41,6716.75,34787
2021-06-09 09:26:42,6716.75,34787
2021-06-09 09:26:43,6716.75,34793
2021-06-09 09:26:44,6716.85,34818
2021-06-09 09:26:45,6715.0,34820
2021-06-09 09:26:47,6716.7,34828
2021-06-09 09:26:48,6714.25,34839
2021-06-09 09:26:48,6714.25,34839
2021-06-09 09:26:49,6716.7,34844
2021-06-09 09:26:50,6716.7,34847
2021-06-09 09:26:51,6716.7,34848
2021-06-09 09:26:52,6716.7,34853
2021-06-09 09:26:53,6715.0,35053
2021-06-09 09:26:54,6716.65,35058
2021-06-09 09:26:55,6716.65,35064
2021-06-09 09:26:56,6716.65,35064
2021-06-09 09:26:57,6716.65,35064
2021-06-09 09:26:58,6715.0,35066
2021-06-09 09:26:59,6716.55,35072
2021-06-09 09:27:00,6714.9,35083
2021-06-09 09:27:01,6716.6,35118
2021-06-09 09:27:02,6716.6,35118
2021-06-09 09:27:03,6716.6,35119
2021-06-09 09:27:04,6716.65,35132
2021-06-09 09:27:05,6715.0,35142
2021-06-09 09:27:06,6715.0,35144
2021-06-09 09:27:07,6716.6,35145
2021-06-09 09:27:08,6716.6,35145
2021-06-09 09:27:09,6716.6,35168
2021-06-09 09:27:10,6715.0,35176
2021-06-09 09:27:11,6715.0,35176
2021-06-09 09:27:12,6715.0,35284
2021-06-09 09:27:13,6716.65,35334
2021-06-09 09:27:14,6716.7,35410
2021-06-09 09:27:15,6715.15,35414
2021-06-09 09:27:16,6716.7,35437
2021-06-09 09:27:17,6716.65,35442
2021-06-09 09:27:18,6715.2,35448
2021-06-09 09:27:19,6716.7,35463
2021-06-09 09:27:20,6715.0,35474
2021-06-09 09:27:21,6716.65,35475
2021-06-09 09:27:22,6716.7,35496
2021-06-09 09:27:23,6717.0,35651
2021-06-09 09:27:24,6719.65,35682
2021-06-09 09:27:25,6719.65,35682
2021-06-09 09:27:27,6719.75,35783
2021-06-09 09:27:28,6719.75,35783
2021-06-09 09:27:29,6720.0,35885
2021-06-09 09:27:30,6719.9,35890
2021-06-09 09:27:31,6716.6,35899
2021-06-09 09:27:32,6719.95,35900
2021-06-09 09:27:34,6719.95,35923
2021-06-09 09:27:35,6719.65,36547
2021-06-09 09:27:35,6719.65,36547
2021-06-09 09:27:36,6722.0,36559
2021-06-09 09:27:37,6722.0,36571
2021-06-09 09:27:38,6722.0,36578
2021-06-09 09:27:39,6722.0,36578
2021-06-09 09:27:41,6725.0,36722
2021-06-09 09:27:42,6722.0,36723
2021-06-09 09:27:43,6724.55,36732
2021-06-09 09:27:44,6724.7,36747
2021-06-09 09:27:45,6724.7,36747
2021-06-09 09:27:46,6723.25,36946
2021-06-09 09:27:47,6726.5,36957
2021-06-09 09:27:48,6722.95,36971
2021-06-09 09:27:49,6725.9,36992
2021-06-09 09:27:51,6726.0,37100
2021-06-09 09:27:52,6726.25,37139
2021-06-09 09:27:53,6726.25,37139
2021-06-09 09:27:54,6726.0,37142
2021-06-09 09:27:55,6729.0,37147
2021-06-09 09:27:56,6730.0,37152
2021-06-09 09:27:57,6730.4,37190
2021-06-09 09:27:57,6732.0,37216
2021-06-09 09:27:58,6732.0,37216
2021-06-09 09:27:59,6732.0,37266
2021-06-09 09:28:00,6732.0,37266
2021-06-09 09:28:01,6731.0,37303
2021-06-09 09:28:02,6729.35,37465
2021-06-09 09:28:03,6731.0,37481
2021-06-09 09:28:04,6732.0,37612
2021-06-09 09:28:05,6732.0,37612
2021-06-09 09:28:06,6731.95,37630
2021-06-09 09:28:07,6731.95,37630
2021-06-09 09:28:08,6731.0,37640
2021-06-09 09:28:09,6731.0,37650
2021-06-09 09:28:10,6734.35,37681
2021-06-09 09:28:11,6734.35,37681
2021-06-09 09:28:12,6734.4,37682
2021-06-09 09:28:13,6732.0,37692
2021-06-09 09:28:14,6731.55,38219
2021-06-09 09:28:15,6734.25,38497
2021-06-09 09:28:16,6729.25,38562
2021-06-09 09:28:18,6729.25,38562
2021-06-09 09:28:19,6727.8,38608
2021-06-09 09:28:20,6728.8,38658
2021-06-09 09:28:21,6728.15,38687
2021-06-09 09:28:22,6728.15,38687
2021-06-09 09:28:23,6732.0,38697
2021-06-09 09:28:24,6732.0,38697
2021-06-09 09:28:25,6732.0,38698
2021-06-09 09:28:26,6732.0,38698
2021-06-09 09:28:27,6732.0,38698
2021-06-09 09:28:28,6730.0,38714
2021-06-09 09:28:29,6732.0,38732
2021-06-09 09:28:30,6729.25,38735
2021-06-09 09:28:31,6732.0,38776
2021-06-09 09:28:32,6729.25,38792
2021-06-09 09:28:33,6732.0,38797
2021-06-09 09:28:34,6732.0,38798
2021-06-09 09:28:35,6732.0,38803
2021-06-09 09:28:36,6732.1,38833
2021-06-09 09:28:37,6729.45,38844
2021-06-09 09:28:38,6729.25,38850
2021-06-09 09:28:39,6729.25,38854
2021-06-09 09:28:40,6729.25,38870
2021-06-09 09:28:41,6729.25,38877
2021-06-09 09:28:42,6732.0,38880
2021-06-09 09:28:43,6732.0,38880
2021-06-09 09:28:44,6730.0,38882
2021-06-09 09:28:45,6730.0,38882
2021-06-09 09:28:45,6730.0,38882
2021-06-09 09:28:46,6730.0,38882
2021-06-09 09:28:47,6732.1,38898
2021-06-09 09:28:48,6732.1,38969
2021-06-09 09:28:49,6730.0,38973
2021-06-09 09:28:50,6732.8,38979
2021-06-09 09:28:51,6734.35,38994
2021-06-09 09:28:52,6734.35,38995
2021-06-09 09:28:53,6736.7,39052
2021-06-09 09:28:54,6731.8,39120
2021-06-09 09:28:55,6736.2,39121
2021-06-09 09:28:57,6737.0,39146
2021-06-09 09:28:58,6737.0,39146
2021-06-09 09:29:01,6737.0,39152
2021-06-09 09:29:06,6736.0,39191
2021-06-09 09:29:07,6736.0,39201
2021-06-09 09:29:08,6736.0,39201
2021-06-09 09:29:09,6736.0,39212
2021-06-09 09:29:10,6733.8,39259
2021-06-09 09:29:11,6735.0,39273
2021-06-09 09:29:12,6735.0,39273
2021-06-09 09:29:13,6737.0,39292
2021-06-09 09:29:14,6735.0,39293
2021-06-09 09:29:15,6734.25,39343
2021-06-09 09:29:16,6733.25,39353
2021-06-09 09:29:17,6733.25,39353
2021-06-09 09:29:18,6735.05,39377
2021-06-09 09:29:19,6735.05,39377
2021-06-09 09:29:20,6735.6,39387
2021-06-09 09:29:20,6735.8,39388
2021-06-09 09:29:22,6735.8,39393
2021-06-09 09:29:23,6735.8,39393
2021-06-09 09:29:24,6735.8,39393
2021-06-09 09:29:24,6735.0,39424
2021-06-09 09:29:25,6735.0,39424
2021-06-09 09:29:27,6736.4,39524
2021-06-09 09:29:27,6731.9,39543
2021-06-09 09:29:28,6735.8,39613
2021-06-09 09:29:29,6735.8,39613
2021-06-09 09:29:30,6735.7,39628
2021-06-09 09:29:32,6732.1,39629
2021-06-09 09:29:33,6732.1,39629
2021-06-09 09:29:34,6732.1,39629
2021-06-09 09:29:35,6734.95,39633
2021-06-09 09:29:36,6735.65,39655
2021-06-09 09:29:37,6735.8,39656
2021-06-09 09:29:38,6735.8,39656
2021-06-09 09:29:39,6735.8,39656
2021-06-09 09:29:40,6735.0,39661
2021-06-09 09:29:41,6732.0,39664
2021-06-09 09:29:42,6731.1,39674
2021-06-09 09:29:43,6734.95,39689
2021-06-09 09:29:44,6735.0,39756
2021-06-09 09:29:45,6734.8,39757
2021-06-09 09:29:46,6735.0,39857
2021-06-09 09:29:47,6735.0,39857
2021-06-09 09:29:48,6735.0,39857
2021-06-09 09:29:49,6735.6,39858
2021-06-09 09:29:50,6735.0,39859
2021-06-09 09:29:51,6735.0,39864
2021-06-09 09:29:52,6735.65,39865
2021-06-09 09:29:53,6735.65,39865
2021-06-09 09:29:54,6735.65,39865
2021-06-09 09:29:55,6735.6,39882
2021-06-09 09:29:56,6731.75,39892
2021-06-09 09:29:56,6731.75,39892
2021-06-09 09:29:57,6731.75,39892
2021-06-09 09:29:58,6731.75,39897
2021-06-09 09:29:59,6735.0,39898
2021-06-09 09:30:00,6735.0,39900
2021-06-09 09:30:01,6735.0,39900
2021-06-09 09:30:03,6735.0,39911
2021-06-09 09:30:04,6735.0,39911
2021-06-09 09:30:05,6735.0,39912
2021-06-09 09:30:06,6735.0,39932
2021-06-09 09:30:07,6735.0,39933
2021-06-09 09:30:08,6735.0,39946
2021-06-09 09:30:09,6735.0,39948
2021-06-09 09:30:10,6732.05,39958
2021-06-09 09:30:11,6731.75,39978
2021-06-09 09:30:12,6731.75,39978
2021-06-09 09:30:13,6734.95,39979
2021-06-09 09:30:14,6734.9,40004
2021-06-09 09:30:15,6734.9,40004
2021-06-09 09:30:16,6734.9,40004
2021-06-09 09:30:17,6731.75,40008
2021-06-09 09:30:18,6731.75,40011
2021-06-09 09:30:19,6733.6,40021
2021-06-09 09:30:20,6734.9,40031
2021-06-09 09:30:21,6737.0,40472
2021-06-09 09:30:22,6738.0,40491
2021-06-09 09:30:23,6738.0,40491
2021-06-09 09:30:24,6736.0,40497
2021-06-09 09:30:25,6736.0,40509
2021-06-09 09:30:26,6737.6,40606
2021-06-09 09:30:27,6737.6,40606
2021-06-09 09:30:28,6737.35,40607
2021-06-09 09:30:29,6737.35,40607
2021-06-09 09:30:30,6737.35,40607
2021-06-09 09:30:31,6734.9,40617
2021-06-09 09:30:32,6737.9,40627
2021-06-09 09:30:32,6737.9,40627
2021-06-09 09:30:33,6737.0,40629
2021-06-09 09:30:34,6737.0,40629
2021-06-09 09:30:35,6738.0,40679
2021-06-09 09:30:37,6738.0,40685
2021-06-09 09:30:38,6738.0,40687
2021-06-09 09:30:39,6738.0,40688
2021-06-09 09:30:40,6738.0,40688
2021-06-09 09:30:41,6738.0,40693
2021-06-09 09:30:42,6738.0,40694
2021-06-09 09:30:43,6738.05,40705
2021-06-09 09:30:44,6738.05,40705
2021-06-09 09:30:45,6738.05,40705
2021-06-09 09:30:46,6738.0,40716
2021-06-09 09:30:47,6738.95,40771
2021-06-09 09:30:48,6738.0,40776
2021-06-09 09:30:49,6737.1,40781
2021-06-09 09:30:50,6737.1,40786
2021-06-09 09:30:51,6738.0,40804
2021-06-09 09:30:52,6738.0,40804
2021-06-09 09:30:53,6735.0,40812
2021-06-09 09:30:54,6739.0,40862
2021-06-09 09:30:55,6734.9,40866
2021-06-09 09:30:56,6735.05,40870
2021-06-09 09:30:57,6735.65,40880
2021-06-09 09:30:58,6737.9,40887
2021-06-09 09:30:59,6735.85,40901
2021-06-09 09:31:00,6735.45,40905
2021-06-09 09:31:01,6735.05,40971
2021-06-09 09:31:02,6735.0,40977
2021-06-09 09:31:03,6735.0,40981
2021-06-09 09:31:04,6737.8,40989
2021-06-09 09:31:06,6737.8,41027
2021-06-09 09:31:07,6735.0,41033
2021-06-09 09:31:08,6735.0,41033
2021-06-09 09:31:09,6735.0,41206
2021-06-09 09:31:10,6736.75,41316
2021-06-09 09:31:11,6733.0,41321
2021-06-09 09:31:12,6735.65,41322
2021-06-09 09:31:13,6733.0,41325
2021-06-09 09:31:14,6733.0,41325
2021-06-09 09:31:15,6735.65,41328
2021-06-09 09:31:15,6735.65,41328
2021-06-09 09:31:16,6731.75,41346
2021-06-09 09:31:17,6733.0,41359
2021-06-09 09:31:19,6735.0,41361
2021-06-09 09:31:20,6735.0,41361
2021-06-09 09:31:21,6733.1,41391
2021-06-09 09:31:22,6733.1,41391
2021-06-09 09:31:23,6732.35,41493
2021-06-09 09:31:24,6735.0,41494
2021-06-09 09:31:25,6735.0,41494
2021-06-09 09:31:26,6735.0,41528
2021-06-09 09:31:27,6735.0,41530
2021-06-09 09:31:28,6735.0,41533
2021-06-09 09:31:30,6735.0,41533
2021-06-09 09:31:31,6735.0,41534
2021-06-09 09:31:32,6735.15,41614
2021-06-09 09:31:33,6735.15,41614
2021-06-09 09:31:34,6735.15,41614
2021-06-09 09:31:35,6735.15,41614
2021-06-09 09:31:36,6735.15,41614
2021-06-09 09:31:37,6735.2,41656
2021-06-09 09:31:39,6738.5,41711
2021-06-09 09:31:38,6738.5,41711
2021-06-09 09:31:40,6738.5,41714
2021-06-09 09:31:41,6739.0,41907
2021-06-09 09:31:42,6737.45,41909
2021-06-09 09:31:43,6737.35,41929
2021-06-09 09:31:44,6737.35,41929
2021-06-09 09:31:45,6737.35,41929
2021-06-09 09:31:46,6737.35,41929
2021-06-09 09:31:47,6738.5,41930
2021-06-09 09:31:48,6738.5,41930
2021-06-09 09:31:49,6738.5,41941
2021-06-09 09:31:50,6737.35,41978
2021-06-09 09:31:51,6735.1,41985
2021-06-09 09:31:52,6735.1,41985
2021-06-09 09:31:53,6738.2,41992
2021-06-09 09:31:54,6737.35,42058
2021-06-09 09:31:55,6737.35,42058
2021-06-09 09:31:56,6737.35,42058
2021-06-09 09:31:57,6735.1,42088
2021-06-09 09:31:58,6738.4,42091
2021-06-09 09:31:59,6735.1,42099
2021-06-09 09:32:00,6735.0,42199
2021-06-09 09:32:01,6735.0,42208
2021-06-09 09:32:02,6735.0,42208
2021-06-09 09:32:03,6735.0,42264
2021-06-09 09:32:04,6737.2,42314
2021-06-09 09:32:05,6735.0,42330
2021-06-09 09:32:06,6737.45,42331
2021-06-09 09:32:07,6735.0,42337
2021-06-09 09:32:08,6735.0,42381
2021-06-09 09:32:09,6735.0,42381
2021-06-09 09:32:10,6735.0,42386
2021-06-09 09:32:11,6732.5,42394
2021-06-09 09:32:12,6732.5,42394
2021-06-09 09:32:13,6732.55,42410
2021-06-09 09:32:14,6732.55,42410
2021-06-09 09:32:15,6736.0,42420
2021-06-09 09:32:16,6732.65,42430
2021-06-09 09:32:17,6732.65,42430
2021-06-09 09:32:18,6732.65,42430
2021-06-09 09:32:19,6732.65,42430
2021-06-09 09:32:20,6732.6,42434
2021-06-09 09:32:21,6735.0,42435
2021-06-09 09:32:22,6735.0,42435
2021-06-09 09:32:23,6732.75,42449
2021-06-09 09:32:24,6732.75,42449
2021-06-09 09:32:25,6735.0,42450
2021-06-09 09:32:26,6736.0,42499
2021-06-09 09:32:27,6733.0,42507
2021-06-09 09:32:28,6733.0,42507
2021-06-09 09:32:29,6733.0,42507
2021-06-09 09:32:30,6732.7,42511
2021-06-09 09:32:31,6732.75,42515
2021-06-09 09:32:32,6732.75,42531
2021-06-09 09:32:33,6732.75,42531
2021-06-09 09:32:34,6732.75,42531
2021-06-09 09:32:35,6732.75,42532
2021-06-09 09:32:36,6735.9,42582
2021-06-09 09:32:37,6735.95,42596
2021-06-09 09:32:38,6735.95,42596
2021-06-09 09:32:39,6735.95,42596
2021-06-09 09:32:40,6735.0,42597
2021-06-09 09:32:41,6735.0,42597
2021-06-09 09:32:42,6735.0,42597
2021-06-09 09:32:43,6737.2,42647
2021-06-09 09:32:44,6737.2,42647
2021-06-09 09:32:45,6735.0,42649
2021-06-09 09:32:46,6735.0,42649
2021-06-09 09:32:47,6735.0,42649
2021-06-09 09:32:48,6735.0,42649
2021-06-09 09:32:49,6737.6,42650
2021-06-09 09:32:50,6737.6,42650
2021-06-09 09:32:51,6737.6,42650
2021-06-09 09:32:52,6737.6,42650
2021-06-09 09:32:53,6736.0,42651
2021-06-09 09:32:54,6735.0,42729
2021-06-09 09:32:55,6732.95,42731
2021-06-09 09:32:56,6732.95,42731
2021-06-09 09:32:57,6736.6,42790
2021-06-09 09:32:58,6736.0,42800
2021-06-09 09:32:59,6736.9,42801
2021-06-09 09:33:00,6736.85,42811
2021-06-09 09:33:01,6736.85,42811
2021-06-09 09:33:02,6733.15,42815
2021-06-09 09:33:03,6733.0,42819
2021-06-09 09:33:04,6733.0,42819
2021-06-09 09:33:05,6736.6,42826
2021-06-09 09:33:06,6736.6,42826
2021-06-09 09:33:08,6733.0,42830
2021-06-09 09:33:09,6733.0,42834
2021-06-09 09:33:10,6733.05,42849
2021-06-09 09:33:11,6733.05,42849
2021-06-09 09:33:12,6735.95,42862
2021-06-09 09:33:13,6735.95,42880
2021-06-09 09:33:14,6733.05,42900
2021-06-09 09:33:15,6730.05,43196
2021-06-09 09:33:16,6730.05,43222
2021-06-09 09:33:17,6730.05,43230
2021-06-09 09:33:18,6733.1,43280
2021-06-09 09:33:19,6733.1,43280
2021-06-09 09:33:20,6730.05,43332
2021-06-09 09:33:21,6730.05,43351
2021-06-09 09:33:22,6730.0,43355
2021-06-09 09:33:23,6732.95,43363
2021-06-09 09:33:24,6732.95,43365
2021-06-09 09:33:25,6732.95,43366
2021-06-09 09:33:26,6732.95,43366
2021-06-09 09:33:27,6732.9,43416
2021-06-09 09:33:28,6730.0,43516
2021-06-09 09:33:29,6730.0,43520
2021-06-09 09:33:30,6730.0,43524
2021-06-09 09:33:31,6730.0,43530
2021-06-09 09:33:32,6730.0,43543
2021-06-09 09:33:33,6730.0,43544
2021-06-09 09:33:34,6730.0,43544
2021-06-09 09:33:35,6731.5,43779
2021-06-09 09:33:36,6735.95,43780
2021-06-09 09:33:38,6732.3,43785
2021-06-09 09:33:39,6735.75,43788
2021-06-09 09:33:39,6735.75,43788
2021-06-09 09:33:40,6731.25,43792
2021-06-09 09:33:41,6731.25,43792
2021-06-09 09:33:43,6734.6,43796
2021-06-09 09:33:43,6734.6,43796
2021-06-09 09:33:45,6732.55,43800
2021-06-09 09:33:46,6732.55,43804
2021-06-09 09:33:46,6732.55,43804
2021-06-09 09:33:47,6732.55,43804
2021-06-09 09:33:48,6735.0,43814
2021-06-09 09:33:49,6735.0,43819
2021-06-09 09:33:50,6732.55,43823
2021-06-09 09:33:51,6732.55,43823
2021-06-09 09:33:52,6732.55,43823
2021-06-09 09:33:53,6732.55,43823
2021-06-09 09:33:54,6732.55,43823
2021-06-09 09:33:56,6732.55,43823
2021-06-09 09:33:57,6735.0,43828
2021-06-09 09:33:58,6735.0,43828
2021-06-09 09:33:59,6735.0,43828
2021-06-09 09:34:00,6732.55,43832
2021-06-09 09:34:01,6732.55,43837
2021-06-09 09:34:02,6732.55,43837
2021-06-09 09:34:04,6732.55,43841
2021-06-09 09:34:06,6732.55,43845
2021-06-09 09:34:07,6734.75,43855
2021-06-09 09:34:08,6734.75,43855
2021-06-09 09:34:08,6734.75,43855
2021-06-09 09:34:10,6735.0,43858
2021-06-09 09:34:10,6735.0,43858
2021-06-09 09:34:11,6735.0,43858
2021-06-09 09:34:12,6735.0,43908
2021-06-09 09:34:13,6735.0,43909
2021-06-09 09:34:14,6735.0,43909
2021-06-09 09:34:15,6735.0,43909
2021-06-09 09:34:16,6735.0,43909
2021-06-09 09:34:17,6735.0,43909
2021-06-09 09:34:19,6735.0,43910
2021-06-09 09:34:18,6735.0,43910
2021-06-09 09:34:20,6735.0,43910
2021-06-09 09:34:21,6735.0,43910
2021-06-09 09:34:22,6735.0,43910
2021-06-09 09:34:23,6735.0,43910
2021-06-09 09:34:24,6736.0,44172
2021-06-09 09:34:25,6737.0,44173
2021-06-09 09:34:26,6735.15,44185
2021-06-09 09:34:27,6737.0,44186
2021-06-09 09:34:28,6737.0,44263
2021-06-09 09:34:29,6737.0,44263
2021-06-09 09:34:30,6737.0,44274
2021-06-09 09:34:32,6737.0,44274
2021-06-09 09:34:33,6735.55,44280
2021-06-09 09:34:34,6735.55,44280
2021-06-09 09:34:36,6736.0,44281
2021-06-09 09:34:37,6736.0,44282
2021-06-09 09:34:38,6736.0,44323
2021-06-09 09:34:39,6737.0,44343
2021-06-09 09:34:41,6737.0,44343
2021-06-09 09:34:41,6737.0,44343
2021-06-09 09:34:42,6737.0,44353
2021-06-09 09:34:44,6737.0,44353
2021-06-09 09:34:45,6737.0,44353
2021-06-09 09:34:46,6737.0,44374
2021-06-09 09:34:47,6737.0,44374
2021-06-09 09:34:48,6737.0,44462
2021-06-09 09:34:49,6735.15,44529
2021-06-09 09:34:50,6735.15,44529
2021-06-09 09:34:50,6735.15,44529
2021-06-09 09:34:51,6735.15,44529
2021-06-09 09:34:52,6735.15,44529
2021-06-09 09:34:53,6737.0,44544
2021-06-09 09:34:54,6737.0,44544
2021-06-09 09:34:56,6736.6,45312
2021-06-09 09:34:58,6736.25,45318
2021-06-09 09:34:59,6736.35,45320
2021-06-09 09:35:00,6736.35,45320
2021-06-09 09:35:00,6739.35,45321
2021-06-09 09:35:01,6739.95,45331
2021-06-09 09:35:03,6739.95,45331
2021-06-09 09:35:03,6739.95,45331
2021-06-09 09:35:04,6736.85,45337
2021-06-09 09:35:06,6736.85,45337
2021-06-09 09:35:07,6736.85,45337
2021-06-09 09:35:08,6736.85,45337
2021-06-09 09:35:08,6739.95,45342
2021-06-09 09:35:10,6739.95,45342
2021-06-09 09:35:10,6739.95,45342
2021-06-09 09:35:12,6739.95,45342
2021-06-09 09:35:13,6740.0,45382
2021-06-09 09:35:14,6740.0,45382
2021-06-09 09:35:15,6739.95,45392
2021-06-09 09:35:15,6739.95,45392
2021-06-09 09:35:16,6739.95,45392
2021-06-09 09:35:17,6739.95,45393
2021-06-09 09:35:19,6739.85,45396
2021-06-09 09:35:19,6739.85,45396
2021-06-09 09:35:20,6737.35,45402
2021-06-09 09:35:21,6739.55,45413
2021-06-09 09:35:22,6739.55,45414
2021-06-09 09:35:23,6737.35,45416
2021-06-09 09:35:24,6739.0,45417
2021-06-09 09:35:26,6739.0,45418
2021-06-09 09:35:27,6739.0,45418
2021-06-09 09:35:28,6739.0,45418
2021-06-09 09:35:29,6736.0,45568
2021-06-09 09:35:30,6739.4,45608
2021-06-09 09:35:31,6739.4,45608
2021-06-09 09:35:32,6739.4,45608
2021-06-09 09:35:33,6739.4,45608
2021-06-09 09:35:35,6738.8,45649
2021-06-09 09:35:36,6738.8,45654
2021-06-09 09:35:37,6738.8,45656
2021-06-09 09:35:38,6738.8,45656
2021-06-09 09:35:38,6738.8,45656
2021-06-09 09:35:39,6738.8,45656
2021-06-09 09:35:41,6737.0,45672
2021-06-09 09:35:42,6737.0,45672
2021-06-09 09:35:44,6737.0,45672
2021-06-09 09:35:46,6737.0,45682
2021-06-09 09:35:47,6737.0,45684
2021-06-09 09:35:47,6737.0,45684
2021-06-09 09:35:49,6737.0,45684
2021-06-09 09:35:49,6739.35,45685
2021-06-09 09:35:50,6739.35,45695
2021-06-09 09:35:51,6740.0,45796
2021-06-09 09:35:52,6740.0,45796
2021-06-09 09:35:54,6740.0,45796
2021-06-09 09:35:56,6740.0,45796
2021-06-09 09:35:57,6740.0,45796
2021-06-09 09:35:58,6740.0,45796
2021-06-09 09:35:59,6740.0,45796
2021-06-09 09:36:01,6737.1,45819
2021-06-09 09:36:01,6740.0,45820
2021-06-09 09:36:02,6740.0,45821
2021-06-09 09:36:03,6740.0,45823
2021-06-09 09:36:05,6737.0,45873
2021-06-09 09:36:06,6737.0,45873
2021-06-09 09:36:07,6740.0,45878
2021-06-09 09:36:08,6740.0,45878
2021-06-09 09:36:08,6740.0,45878
2021-06-09 09:36:10,6740.0,45878
2021-06-09 09:36:11,6740.0,45878
2021-06-09 09:36:12,6740.0,45878
2021-06-09 09:36:13,6740.0,45879
2021-06-09 09:36:14,6740.0,45879
2021-06-09 09:36:15,6740.0,45879
2021-06-09 09:36:15,6740.0,45879
2021-06-09 09:36:18,6740.0,45904
2021-06-09 09:36:19,6740.0,45905
2021-06-09 09:36:21,6740.0,45905
2021-06-09 09:36:22,6740.0,45920
2021-06-09 09:36:24,6740.0,45923
2021-06-09 09:36:26,6740.0,45924
2021-06-09 09:36:26,6740.0,45924
2021-06-09 09:36:28,6740.0,45924
2021-06-09 09:36:29,6737.0,45939
2021-06-09 09:36:30,6737.0,45939
2021-06-09 09:36:31,6737.0,45939
2021-06-09 09:36:32,6737.0,45939
2021-06-09 09:36:33,6737.0,45942
2021-06-09 09:36:34,6737.0,45942
2021-06-09 09:36:35,6739.6,45943
2021-06-09 09:36:36,6739.6,45951
2021-06-09 09:36:37,6740.0,46052
2021-06-09 09:36:38,6740.0,46052
2021-06-09 09:36:39,6740.0,46052
2021-06-09 09:36:40,6740.0,46052
2021-06-09 09:36:41,6740.0,46052
2021-06-09 09:36:42,6740.0,46052
2021-06-09 09:36:43,6740.0,46052
2021-06-09 09:36:44,6740.0,46052
2021-06-09 09:36:45,6737.55,46061
2021-06-09 09:36:46,6737.55,46061
2021-06-09 09:36:47,6740.0,46071
2021-06-09 09:36:48,6740.0,46071
2021-06-09 09:36:49,6740.0,46072
2021-06-09 09:36:50,6740.0,46084
2021-06-09 09:36:50,6740.0,46100
2021-06-09 09:36:51,6740.0,46138
2021-06-09 09:36:52,6740.0,46140
2021-06-09 09:36:53,6740.0,46157
2021-06-09 09:36:54,6740.0,46157
2021-06-09 09:36:55,6738.1,46161
2021-06-09 09:36:57,6738.1,46165
2021-06-09 09:36:58,6739.0,46193
2021-06-09 09:36:59,6739.0,46193
2021-06-09 09:37:00,6739.0,46201
2021-06-09 09:37:01,6740.0,46221
2021-06-09 09:37:02,6738.1,46231
2021-06-09 09:37:03,6738.1,46231
2021-06-09 09:37:04,6738.1,46231
2021-06-09 09:37:06,6738.1,46242
2021-06-09 09:37:07,6739.45,46255
2021-06-09 09:37:07,6738.1,46248
2021-06-09 09:37:08,6739.45,46255
2021-06-09 09:37:09,6738.1,46291
2021-06-09 09:37:10,6739.5,46292
2021-06-09 09:37:11,6737.55,46527
2021-06-09 09:37:12,6732.55,46954
2021-06-09 09:37:13,6734.0,46964
2021-06-09 09:37:14,6734.35,46989
2021-06-09 09:37:16,6734.35,47111
2021-06-09 09:37:17,6734.35,47111
2021-06-09 09:37:18,6732.0,47115
2021-06-09 09:37:19,6732.0,47115
2021-06-09 09:37:20,6732.0,47119
2021-06-09 09:37:21,6731.0,47154
2021-06-09 09:37:22,6732.0,47213
2021-06-09 09:37:23,6732.0,47213
2021-06-09 09:37:24,6734.3,47235
2021-06-09 09:37:25,6730.25,47244
2021-06-09 09:37:25,6730.25,47244
2021-06-09 09:37:26,6733.8,47274
2021-06-09 09:37:27,6733.0,47324
2021-06-09 09:37:28,6733.0,47325
2021-06-09 09:37:30,6732.9,47358
2021-06-09 09:37:31,6732.9,47358
2021-06-09 09:37:32,6730.1,47364
2021-06-09 09:37:33,6730.1,47364
2021-06-09 09:37:34,6730.1,47364
2021-06-09 09:37:35,6732.9,47373
2021-06-09 09:37:36,6732.9,47373
2021-06-09 09:37:36,6732.9,47373
2021-06-09 09:37:37,6730.3,47378
2021-06-09 09:37:39,6731.25,47393
2021-06-09 09:37:40,6731.25,47393
2021-06-09 09:37:41,6731.25,47403
2021-06-09 09:37:42,6731.25,47403
2021-06-09 09:37:43,6732.0,47429
2021-06-09 09:37:44,6732.0,47432
2021-06-09 09:37:45,6732.0,47441
2021-06-09 09:37:47,6732.0,47455
2021-06-09 09:37:47,6732.9,47449
2021-06-09 09:37:48,6732.0,47458
2021-06-09 09:37:49,6731.25,47467
2021-06-09 09:37:51,6731.25,47542
2021-06-09 09:37:51,6731.25,47542
2021-06-09 09:37:53,6731.25,47552
2021-06-09 09:37:54,6731.25,47552
2021-06-09 09:37:55,6731.25,47587
2021-06-09 09:37:56,6732.0,47588
2021-06-09 09:37:58,6731.25,47602
2021-06-09 09:37:58,6731.25,47602
2021-06-09 09:38:00,6731.25,47621
2021-06-09 09:38:01,6732.0,47636
2021-06-09 09:38:01,6732.0,47636
2021-06-09 09:38:02,6732.0,47636
2021-06-09 09:38:03,6731.25,47640
2021-06-09 09:38:04,6731.0,47650
2021-06-09 09:38:05,6730.5,47658
2021-06-09 09:38:06,6732.0,47661
2021-06-09 09:38:07,6732.0,47661
2021-06-09 09:38:08,6730.5,47665
2021-06-09 09:38:09,6730.5,47665
2021-06-09 09:38:10,6730.05,47677
2021-06-09 09:38:11,6730.05,47677
2021-06-09 09:38:12,6730.5,47681
2021-06-09 09:38:13,6732.0,47682
2021-06-09 09:38:14,6730.5,47696
2021-06-09 09:38:15,6730.5,47696
2021-06-09 09:38:16,6730.5,47700
2021-06-09 09:38:17,6734.0,48225
2021-06-09 09:38:18,6730.55,48239
2021-06-09 09:38:19,6730.55,48239
2021-06-09 09:38:20,6732.0,48246
2021-06-09 09:38:21,6730.55,48252
2021-06-09 09:38:22,6732.0,48253
2021-06-09 09:38:23,6732.0,48253
2021-06-09 09:38:25,6734.1,48254
2021-06-09 09:38:26,6734.1,48254
2021-06-09 09:38:26,6734.1,48254
2021-06-09 09:38:29,6730.7,48262
2021-06-09 09:38:30,6731.15,48263
2021-06-09 09:38:31,6734.1,48273
2021-06-09 09:38:32,6730.65,48281
2021-06-09 09:38:32,6730.65,48281
2021-06-09 09:38:33,6730.65,48281
2021-06-09 09:38:34,6730.5,48285
2021-06-09 09:38:35,6733.7,48290
2021-06-09 09:38:36,6730.8,48299
2021-06-09 09:38:37,6733.0,48302
2021-06-09 09:38:38,6733.0,48302
2021-06-09 09:38:39,6733.0,48358
2021-06-09 09:38:41,6733.0,48358
2021-06-09 09:38:43,6733.0,48358
2021-06-09 09:38:44,6733.0,48387
2021-06-09 09:38:45,6732.0,48397
2021-06-09 09:38:46,6733.0,48404
2021-06-09 09:38:46,6733.0,48404
2021-06-09 09:38:47,6730.55,48418
2021-06-09 09:38:49,6733.0,48424
2021-06-09 09:38:50,6733.0,48424
2021-06-09 09:38:52,6733.0,48425
2021-06-09 09:38:54,6733.0,48435
2021-06-09 09:38:55,6733.0,48435
2021-06-09 09:38:56,6733.0,48450
2021-06-09 09:38:56,6733.0,48435
2021-06-09 09:38:57,6732.0,48451
2021-06-09 09:38:58,6730.8,48457
2021-06-09 09:38:59,6730.8,48460
2021-06-09 09:39:00,6730.8,48460
2021-06-09 09:39:01,6730.5,48475
2021-06-09 09:39:02,6730.5,48475
2021-06-09 09:39:03,6730.5,48475
2021-06-09 09:39:04,6730.5,48490
2021-06-09 09:39:06,6730.5,48515
2021-06-09 09:39:06,6733.0,48520
2021-06-09 09:39:07,6733.0,48520
2021-06-09 09:39:08,6733.0,48520
2021-06-09 09:39:10,6733.0,48520
2021-06-09 09:39:11,6733.0,48525
2021-06-09 09:39:12,6733.0,48525
2021-06-09 09:39:13,6733.0,48526
2021-06-09 09:39:14,6733.0,48527
2021-06-09 09:39:15,6733.0,48527
2021-06-09 09:39:17,6733.0,48528
2021-06-09 09:39:18,6733.0,48529
2021-06-09 09:39:19,6730.5,48533
2021-06-09 09:39:20,6730.5,48539
2021-06-09 09:39:21,6732.5,48546
2021-06-09 09:39:22,6733.0,48571
2021-06-09 09:39:23,6733.0,48572
2021-06-09 09:39:24,6733.0,48572
2021-06-09 09:39:25,6730.5,48594
2021-06-09 09:39:26,6730.5,48600
2021-06-09 09:39:27,6730.5,48606
2021-06-09 09:39:28,6732.0,48611
2021-06-09 09:39:29,6732.0,48611
2021-06-09 09:39:30,6730.5,48623
2021-06-09 09:39:32,6730.5,48648
2021-06-09 09:39:33,6730.5,48660
2021-06-09 09:39:34,6730.5,48660
2021-06-09 09:39:35,6730.5,48660
2021-06-09 09:39:36,6730.05,48664
2021-06-09 09:39:37,6731.9,48669
2021-06-09 09:39:38,6731.9,48674
2021-06-09 09:39:39,6731.9,48674
2021-06-09 09:39:40,6731.9,48674
2021-06-09 09:39:41,6731.9,48674
2021-06-09 09:39:42,6729.2,49122
2021-06-09 09:39:43,6730.45,49124
2021-06-09 09:39:44,6730.45,49124
2021-06-09 09:39:45,6730.4,49134
2021-06-09 09:39:46,6730.4,49134
2021-06-09 09:39:47,6730.4,49134
2021-06-09 09:39:48,6728.6,49203
2021-06-09 09:39:50,6728.6,49207
2021-06-09 09:39:51,6728.6,49207
2021-06-09 09:39:53,6728.2,49228
2021-06-09 09:39:54,6728.15,49232
2021-06-09 09:39:55,6728.15,49232
2021-06-09 09:39:56,6728.15,49232
2021-06-09 09:39:57,6727.75,49256
2021-06-09 09:39:57,6726.3,49275
2021-06-09 09:39:59,6729.2,49355
2021-06-09 09:40:00,6729.2,49385
2021-06-09 09:40:01,6729.15,49651
2021-06-09 09:40:01,6729.15,49651
2021-06-09 09:40:02,6730.0,49701
2021-06-09 09:40:04,6729.65,49726
2021-06-09 09:40:05,6729.15,49731
2021-06-09 09:40:06,6729.15,49731
2021-06-09 09:40:07,6729.15,49731
2021-06-09 09:40:08,6729.15,49731
2021-06-09 09:40:09,6729.15,49731
2021-06-09 09:40:10,6729.15,49731
2021-06-09 09:40:11,6729.15,49740
2021-06-09 09:40:12,6731.8,49751
2021-06-09 09:40:13,6731.8,49751
2021-06-09 09:40:14,6731.8,49751
2021-06-09 09:40:15,6731.8,49751
2021-06-09 09:40:15,6731.8,49751
2021-06-09 09:40:17,6731.8,49751
2021-06-09 09:40:18,6731.8,49761
2021-06-09 09:40:19,6731.8,49761
2021-06-09 09:40:20,6731.8,49762
2021-06-09 09:40:21,6731.8,49762
2021-06-09 09:40:22,6731.8,49762
2021-06-09 09:40:23,6731.8,49762
2021-06-09 09:40:24,6731.8,49762
2021-06-09 09:40:25,6731.8,49762
2021-06-09 09:40:26,6731.8,49762
2021-06-09 09:40:27,6731.8,49762
2021-06-09 09:40:28,6731.8,49762
2021-06-09 09:40:29,6731.8,49762
2021-06-09 09:40:30,6731.8,49762
2021-06-09 09:40:30,6731.8,49762
2021-06-09 09:40:32,6731.75,49763
2021-06-09 09:40:32,6731.75,49763
2021-06-09 09:40:33,6731.75,49763
2021-06-09 09:40:35,6731.75,49763
2021-06-09 09:40:36,6731.75,49763
2021-06-09 09:40:39,6733.8,49965
2021-06-09 09:40:44,6734.75,49998
2021-06-09 09:40:49,6733.8,50010
2021-06-09 09:40:54,6733.8,50030
2021-06-09 09:40:59,6732.0,50034
2021-06-09 09:41:04,6732.0,50045
2021-06-09 09:41:09,6732.0,50136
2021-06-09 09:41:14,6732.0,50136
2021-06-09 09:41:19,6733.0,50149
2021-06-09 09:41:25,6733.0,50150
2021-06-09 09:41:30,6733.0,50185
2021-06-09 09:41:41,6732.1,50516
2021-06-09 09:41:46,6734.9,50522
2021-06-09 09:41:51,6734.5,50529
2021-06-09 09:41:56,6734.5,50536
2021-06-09 09:42:01,6734.5,50538
2021-06-09 09:42:11,6732.1,50592
2021-06-09 09:42:16,6732.1,50649
2021-06-09 09:42:22,6732.0,50657
2021-06-09 09:42:27,6734.05,50659
2021-06-09 09:42:33,6734.0,50660
2021-06-09 09:42:38,6734.0,50686
2021-06-09 09:42:43,6734.05,50752
2021-06-09 09:42:49,6734.05,50752
2021-06-09 09:42:59,6732.4,50786
2021-06-09 09:43:04,6733.0,50799
2021-06-09 09:43:09,6733.1,50900
2021-06-09 09:43:15,6733.1,50904
2021-06-09 09:43:20,6732.0,50960
2021-06-09 09:43:25,6732.0,50979
2021-06-09 09:43:30,6732.0,51010
2021-06-09 09:43:35,6732.0,51010
2021-06-09 09:43:40,6730.85,51110
2021-06-09 09:43:46,6730.0,51534
2021-06-09 09:43:51,6725.65,51699
2021-06-09 09:43:56,6726.25,51709
2021-06-09 09:44:01,6726.7,51726
2021-06-09 09:44:06,6729.7,51767
2021-06-09 09:44:11,6729.7,51774
2021-06-09 09:44:16,6729.7,51775
2021-06-09 09:44:22,6729.7,51840
2021-06-09 09:44:27,6727.85,51843
2021-06-09 09:44:32,6729.6,51849
2021-06-09 09:44:37,6729.0,51856
2021-06-09 09:44:42,6728.75,51857
2021-06-09 09:44:47,6729.0,51860
2021-06-09 09:44:52,6728.75,51907
2021-06-09 09:44:57,6726.1,52179
2021-06-09 09:45:02,6728.75,52728
2021-06-09 09:45:07,6728.75,52767
2021-06-09 09:45:12,6731.0,52812
2021-06-09 09:45:17,6730.7,53023
2021-06-09 09:45:22,6727.7,53025
2021-06-09 09:45:27,6730.95,53027
2021-06-09 09:45:32,6732.0,53175
2021-06-09 09:45:38,6726.65,53177
2021-06-09 09:45:42,6726.65,53180
2021-06-09 09:45:48,6734.0,53396
2021-06-09 09:45:53,6733.05,53406
2021-06-09 09:46:03,6733.45,53530
2021-06-09 09:46:08,6733.9,53536
2021-06-09 09:46:13,6735.0,53705
2021-06-09 09:46:18,6735.75,53740
2021-06-09 09:46:23,6734.2,53905
2021-06-09 09:46:28,6740.0,54733
2021-06-09 09:46:33,6735.35,54835
2021-06-09 09:46:38,6739.4,54869
2021-06-09 09:46:43,6741.0,55078
2021-06-09 09:46:48,6741.0,55343
2021-06-09 09:46:53,6742.0,55509
2021-06-09 09:46:58,6745.0,55701
2021-06-09 09:47:04,6745.0,55717
2021-06-09 09:47:08,6744.0,55772
2021-06-09 09:47:14,6743.55,56309
2021-06-09 09:47:19,6741.5,56314
2021-06-09 09:47:24,6744.9,56415
2021-06-09 09:47:29,6743.05,56519
2021-06-09 09:47:34,6740.75,56545
2021-06-09 09:47:39,6739.05,56575
2021-06-09 09:47:54,6734.0,56786
2021-06-09 09:47:59,6737.65,56800
2021-06-09 09:48:04,6737.75,56804
2021-06-09 09:48:09,6735.05,56837
2021-06-09 09:48:13,6737.35,56843
2021-06-09 09:48:18,6737.35,56845
2021-06-09 09:48:23,6739.0,57445
2021-06-09 09:48:28,6734.9,57497
2021-06-09 09:48:32,6737.7,57514
2021-06-09 09:48:37,6737.35,57549
2021-06-09 09:48:42,6737.35,57549
2021-06-09 09:48:46,6737.35,57549
2021-06-09 09:48:51,6737.35,57549
2021-06-09 09:48:56,6739.0,57551
2021-06-09 09:49:01,6739.0,57551
2021-06-09 09:49:06,6739.0,57563
2021-06-09 09:49:12,6739.0,57573
2021-06-09 09:49:16,6739.0,57579
2021-06-09 09:49:21,6739.0,57579
2021-06-09 09:49:26,6739.0,57639
2021-06-09 09:49:31,6739.0,57640
2021-06-09 09:49:36,6738.0,58390
2021-06-09 09:49:41,6739.45,58723
2021-06-09 09:49:46,6739.85,58725
2021-06-09 09:49:51,6739.0,59001
2021-06-09 09:49:56,6743.85,59006
2021-06-09 09:50:01,6743.85,59006
2021-06-09 09:50:06,6743.85,59006
2021-06-09 09:50:10,6743.35,59041
2021-06-09 09:50:15,6744.0,59053
2021-06-09 09:50:20,6739.5,59089
2021-06-09 09:50:25,6739.5,59097
2021-06-09 09:50:30,6742.5,59111
2021-06-09 09:50:35,6744.0,59565
2021-06-09 09:50:37,6740.75,59641
2021-06-09 09:50:39,6740.75,59641
2021-06-09 09:50:40,6744.0,59691
2021-06-09 09:50:41,6744.0,59691
2021-06-09 09:50:42,6744.0,59691
2021-06-09 09:50:43,6744.0,59692
2021-06-09 09:50:44,6744.0,59692
2021-06-09 09:50:45,6744.0,59692
2021-06-09 09:50:46,6744.0,59698
2021-06-09 09:50:47,6744.0,59698
2021-06-09 09:50:48,6744.0,59698
2021-06-09 09:50:49,6742.0,59713
2021-06-09 09:50:50,6742.0,59713
2021-06-09 09:50:51,6742.0,59713
2021-06-09 09:50:52,6742.0,59713
2021-06-09 09:50:53,6742.0,59718
2021-06-09 09:50:54,6742.0,59718
2021-06-09 09:50:55,6742.0,59718
2021-06-09 09:50:56,6742.0,59718
2021-06-09 09:50:58,6742.0,59718
2021-06-09 09:50:59,6742.0,59718
2021-06-09 09:51:00,6742.0,59718
2021-06-09 09:51:01,6742.0,59718
2021-06-09 09:51:02,6742.0,59718
2021-06-09 09:51:03,6742.0,59718
2021-06-09 09:51:04,6742.0,59718
2021-06-09 09:51:05,6742.0,59718
2021-06-09 09:51:06,6742.0,59718
2021-06-09 09:51:07,6742.0,59718
2021-06-09 09:51:08,6742.0,59718
2021-06-09 09:51:09,6740.1,59731
2021-06-09 09:51:10,6740.1,59731
2021-06-09 09:51:11,6740.1,59731
2021-06-09 09:51:12,6740.1,59731
2021-06-09 09:51:13,6740.1,59731
2021-06-09 09:51:14,6740.1,59731
2021-06-09 09:51:15,6740.1,59748
2021-06-09 09:51:16,6740.1,59748
2021-06-09 09:51:18,6740.1,59748
2021-06-09 09:51:20,6741.1,59836
2021-06-09 09:51:22,6741.1,59836
2021-06-09 09:51:23,6743.0,59841
2021-06-09 09:51:24,6743.0,59895
2021-06-09 09:51:25,6744.0,60426
2021-06-09 09:51:26,6744.0,60426
2021-06-09 09:51:27,6744.0,60426
2021-06-09 09:51:28,6744.0,60426
2021-06-09 09:51:29,6746.0,60427
2021-06-09 09:51:30,6746.0,60427
2021-06-09 09:51:31,6746.0,60427
2021-06-09 09:51:32,6741.05,60527
2021-06-09 09:51:34,6741.8,60533
2021-06-09 09:51:35,6741.8,60533
2021-06-09 09:51:36,6741.8,60533
2021-06-09 09:51:37,6741.8,60533
2021-06-09 09:51:38,6741.8,60533
2021-06-09 09:51:39,6745.0,60608
2021-06-09 09:51:40,6745.0,60608
2021-06-09 09:51:41,6745.0,60608
2021-06-09 09:51:42,6746.0,60708
2021-06-09 09:51:43,6742.15,60718
2021-06-09 09:51:44,6742.15,60718
2021-06-09 09:51:45,6742.15,60718
2021-06-09 09:51:46,6742.15,60718
2021-06-09 09:51:47,6742.15,60718
2021-06-09 09:51:48,6742.15,60718
2021-06-09 09:51:49,6742.15,60718
2021-06-09 09:51:50,6742.15,60718
2021-06-09 09:51:51,6742.15,60718
2021-06-09 09:51:52,6742.15,60718
2021-06-09 09:51:53,6742.15,60718
2021-06-09 09:51:54,6742.15,60718
2021-06-09 09:51:55,6746.0,60744
2021-06-09 09:51:56,6746.0,60744
2021-06-09 09:51:57,6746.0,60746
2021-06-09 09:51:58,6746.0,60746
2021-06-09 09:51:59,6746.0,60746
2021-06-09 09:52:00,6746.0,60746
2021-06-09 09:52:02,6745.0,60747
2021-06-09 09:52:04,6742.25,60805
2021-06-09 09:52:05,6745.0,60812
2021-06-09 09:52:06,6745.0,60812
2021-06-09 09:52:06,6745.0,60812
2021-06-09 09:52:09,6746.0,60821
2021-06-09 09:52:10,6746.0,60821
2021-06-09 09:52:11,6746.0,60821
2021-06-09 09:52:12,6746.0,60821
2021-06-09 09:52:13,6746.0,60821
2021-06-09 09:52:15,6746.0,60821
2021-06-09 09:52:16,6745.5,60822
2021-06-09 09:52:17,6745.95,60851
2021-06-09 09:52:18,6745.95,60871
2021-06-09 09:52:19,6746.0,60872
2021-06-09 09:52:20,6746.0,60873
2021-06-09 09:52:21,6746.0,60873
2021-06-09 09:52:21,6746.0,60873
2021-06-09 09:52:23,6746.0,60873
2021-06-09 09:52:24,6746.0,60873
2021-06-09 09:52:26,6746.0,60875
2021-06-09 09:52:27,6746.0,60875
2021-06-09 09:52:28,6746.0,60875
2021-06-09 09:52:29,6745.95,60889
2021-06-09 09:52:30,6746.0,60985
2021-06-09 09:52:32,6747.0,61097
2021-06-09 09:52:33,6747.0,61097
2021-06-09 09:52:34,6748.0,61100
2021-06-09 09:52:35,6748.0,61100
2021-06-09 09:52:35,6746.35,61106
2021-06-09 09:52:36,6746.35,61106
2021-06-09 09:52:37,6746.35,61106
2021-06-09 09:52:39,6746.35,61106
2021-06-09 09:52:40,6746.35,61106
2021-06-09 09:52:42,6746.35,61106
2021-06-09 09:52:43,6749.0,61205
2021-06-09 09:52:44,6746.0,61214
2021-06-09 09:52:45,6749.0,61251
2021-06-09 09:52:47,6749.0,61251
2021-06-09 09:52:48,6747.3,61307
2021-06-09 09:52:49,6751.0,61541
2021-06-09 09:52:50,6750.0,61581
2021-06-09 09:52:51,6750.0,61581
2021-06-09 09:52:52,6750.0,61581
2021-06-09 09:52:53,6749.5,61588
2021-06-09 09:52:54,6752.35,62227
2021-06-09 09:52:55,6754.95,62322
2021-06-09 09:52:56,6754.95,62322
2021-06-09 09:52:58,6752.0,62351
2021-06-09 09:52:57,6752.0,62351
2021-06-09 09:52:59,6754.6,62359
2021-06-09 09:53:00,6751.5,62362
2021-06-09 09:53:01,6750.95,62392
2021-06-09 09:53:02,6750.05,62434
2021-06-09 09:53:03,6754.0,62444
2021-06-09 09:53:04,6754.0,62444
2021-06-09 09:53:05,6754.0,62444
2021-06-09 09:53:06,6752.0,62467
2021-06-09 09:53:07,6752.0,62481
2021-06-09 09:53:08,6752.0,62481
2021-06-09 09:53:09,6750.85,62504
2021-06-09 09:53:10,6750.85,62504
2021-06-09 09:53:11,6752.0,62519
2021-06-09 09:53:13,6752.0,62519
2021-06-09 09:53:14,6752.0,62539
2021-06-09 09:53:15,6752.0,62539
2021-06-09 09:53:16,6752.0,62539
2021-06-09 09:53:17,6752.0,62539
2021-06-09 09:53:18,6752.0,62539
2021-06-09 09:53:19,6752.0,62539
2021-06-09 09:53:20,6750.5,62550
2021-06-09 09:53:21,6749.4,62600
2021-06-09 09:53:22,6749.4,62600
2021-06-09 09:53:23,6749.4,62600
2021-06-09 09:53:24,6752.0,62608
2021-06-09 09:53:25,6749.7,62613
2021-06-09 09:53:26,6749.7,62613
2021-06-09 09:53:27,6749.7,62613
2021-06-09 09:53:28,6749.7,62613
2021-06-09 09:53:29,6752.95,62716
2021-06-09 09:53:30,6752.95,62716
2021-06-09 09:53:31,6752.95,62716
2021-06-09 09:53:32,6750.0,62717
2021-06-09 09:53:33,6750.0,62717
2021-06-09 09:53:34,6750.0,62717
2021-06-09 09:53:35,6750.0,62717
2021-06-09 09:53:36,6750.0,62717
2021-06-09 09:53:37,6750.0,62717
2021-06-09 09:53:38,6750.0,62717
2021-06-09 09:53:39,6750.0,62717
2021-06-09 09:53:40,6750.0,62720
2021-06-09 09:53:41,6750.0,62720
2021-06-09 09:53:42,6750.0,62720
2021-06-09 09:53:43,6753.0,62838
2021-06-09 09:53:44,6753.0,62838
2021-06-09 09:53:45,6753.0,62838
2021-06-09 09:53:46,6753.0,62838
2021-06-09 09:53:47,6753.0,62838
2021-06-09 09:53:48,6753.0,62838
2021-06-09 09:53:49,6753.0,62838
2021-06-09 09:53:50,6753.0,62843
2021-06-09 09:53:52,6754.0,63196
2021-06-09 09:53:53,6754.0,63196
2021-06-09 09:53:54,6754.0,63196
2021-06-09 09:53:55,6754.0,63196
2021-06-09 09:53:56,6754.0,63196
2021-06-09 09:53:57,6751.1,63202
2021-06-09 09:53:58,6750.7,63208
2021-06-09 09:53:59,6750.7,63208
2021-06-09 09:54:00,6751.45,63218
2021-06-09 09:54:01,6750.45,63224
2021-06-09 09:54:02,6750.45,63224
2021-06-09 09:54:04,6750.45,63224
2021-06-09 09:54:05,6753.95,63227
2021-06-09 09:54:06,6751.25,63239
2021-06-09 09:54:07,6751.25,63239
2021-06-09 09:54:08,6750.45,63247
2021-06-09 09:54:09,6754.0,63347
2021-06-09 09:54:10,6750.9,63351
2021-06-09 09:54:11,6753.7,63361
2021-06-09 09:54:12,6750.75,63401
2021-06-09 09:54:14,6750.35,63458
2021-06-09 09:54:15,6750.35,63458
2021-06-09 09:54:16,6750.35,63458
2021-06-09 09:54:17,6750.35,63458
2021-06-09 09:54:18,6750.9,63464
2021-06-09 09:54:20,6750.9,63464
2021-06-09 09:54:21,6750.9,63466
2021-06-09 09:54:22,6750.9,63470
2021-06-09 09:54:23,6750.9,63470
2021-06-09 09:54:24,6750.9,63470
2021-06-09 09:54:25,6750.9,63471
2021-06-09 09:54:26,6750.9,63471
2021-06-09 09:54:27,6750.0,63472
2021-06-09 09:54:28,6750.0,63472
2021-06-09 09:54:29,6750.9,63478
2021-06-09 09:54:30,6750.9,63478
2021-06-09 09:54:31,6750.85,63479
2021-06-09 09:54:32,6750.05,63489
2021-06-09 09:54:33,6749.0,63629
2021-06-09 09:54:34,6749.0,63629
2021-06-09 09:54:35,6749.0,63629
2021-06-09 09:54:36,6749.0,63629
2021-06-09 09:54:37,6750.85,63655
2021-06-09 09:54:38,6750.9,63699
2021-06-09 09:54:39,6751.05,63709
2021-06-09 09:54:40,6751.05,63709
2021-06-09 09:54:41,6751.05,63709
2021-06-09 09:54:42,6751.05,63709
2021-06-09 09:54:44,6751.05,63709
2021-06-09 09:54:45,6751.05,63709
2021-06-09 09:54:47,6753.0,63710
2021-06-09 09:54:48,6753.0,63710
2021-06-09 09:54:49,6753.0,63710
2021-06-09 09:54:50,6753.0,63710
2021-06-09 09:54:51,6751.0,63718
2021-06-09 09:54:54,6751.0,63723
2021-06-09 09:54:55,6751.0,63723
2021-06-09 09:54:55,6751.0,63723
2021-06-09 09:54:56,6752.9,63737
2021-06-09 09:54:57,6752.9,63737
2021-06-09 09:54:58,6753.0,63762
2021-06-09 09:54:59,6753.0,63762
2021-06-09 09:55:01,6753.0,63772
2021-06-09 09:55:02,6753.0,63772
2021-06-09 09:55:03,6753.0,63772
2021-06-09 09:55:04,6753.0,63776
2021-06-09 09:55:05,6752.0,63787
2021-06-09 09:55:06,6752.0,63787
2021-06-09 09:55:07,6754.0,64255
2021-06-09 09:55:08,6754.0,64255
2021-06-09 09:55:09,6754.0,64255
2021-06-09 09:55:10,6754.0,64259
2021-06-09 09:55:11,6754.0,64259
2021-06-09 09:55:13,6754.0,64259
2021-06-09 09:55:13,6754.0,64259
2021-06-09 09:55:15,6750.9,64274
2021-06-09 09:55:16,6750.9,64274
2021-06-09 09:55:17,6750.9,64274
2021-06-09 09:55:17,6750.9,64274
2021-06-09 09:55:19,6753.75,64278
2021-06-09 09:55:20,6753.75,64278
2021-06-09 09:55:21,6753.75,64278
2021-06-09 09:55:23,6753.75,64278
2021-06-09 09:55:23,6753.75,64278
2021-06-09 09:55:24,6753.75,64278
2021-06-09 09:55:25,6753.7,64282
2021-06-09 09:55:26,6753.7,64282
2021-06-09 09:55:27,6753.7,64283
2021-06-09 09:55:28,6753.7,64283
2021-06-09 09:55:29,6751.0,64284
2021-06-09 09:55:30,6751.0,64284
2021-06-09 09:55:31,6753.65,64294
2021-06-09 09:55:32,6753.65,64294
2021-06-09 09:55:33,6753.65,64294
2021-06-09 09:55:34,6753.0,64310
2021-06-09 09:55:35,6755.0,64444
2021-06-09 09:55:36,6755.0,64444
2021-06-09 09:55:37,6755.0,64544
2021-06-09 09:55:38,6755.0,64544
2021-06-09 09:55:39,6752.15,64546
2021-06-09 09:55:40,6752.15,64548
2021-06-09 09:55:41,6752.05,64550
2021-06-09 09:55:42,6755.0,64605
2021-06-09 09:55:43,6754.95,64612
2021-06-09 09:55:44,6754.95,64612
2021-06-09 09:55:46,6754.95,64612
2021-06-09 09:55:47,6755.0,64614
2021-06-09 09:55:49,6755.0,64614
2021-06-09 09:55:50,6755.0,64614
2021-06-09 09:55:51,6755.0,64616
2021-06-09 09:55:52,6755.0,64616
2021-06-09 09:55:53,6755.0,64616
2021-06-09 09:55:54,6755.0,64616
2021-06-09 09:55:56,6755.0,64626
2021-06-09 09:55:57,6755.0,64626
2021-06-09 09:55:58,6755.0,64626
2021-06-09 09:55:59,6755.0,64626
2021-06-09 09:56:00,6755.0,64626
2021-06-09 09:56:01,6754.95,64633
2021-06-09 09:56:02,6754.95,64648
2021-06-09 09:56:03,6754.95,64649
2021-06-09 09:56:04,6754.95,64649
2021-06-09 09:56:06,6754.95,64649
2021-06-09 09:56:07,6754.95,64649
2021-06-09 09:56:08,6754.95,64649
2021-06-09 09:56:09,6754.0,64651
2021-06-09 09:56:10,6754.0,64651
2021-06-09 09:56:11,6753.35,64682
2021-06-09 09:56:12,6753.35,64682
2021-06-09 09:56:13,6753.35,64682
2021-06-09 09:56:15,6753.35,64682
2021-06-09 09:56:15,6753.35,64682
2021-06-09 09:56:17,6755.0,64732
2021-06-09 09:56:18,6754.5,64745
2021-06-09 09:56:19,6753.35,64825
2021-06-09 09:56:21,6754.9,64840
2021-06-09 09:56:22,6754.9,64840
2021-06-09 09:56:22,6754.9,64840
2021-06-09 09:56:23,6754.9,64840
2021-06-09 09:56:24,6754.9,64840
2021-06-09 09:56:25,6752.0,64895
2021-06-09 09:56:26,6752.0,64895
2021-06-09 09:56:28,6752.0,64895
2021-06-09 09:56:28,6752.0,64895
2021-06-09 09:56:29,6752.0,64895
2021-06-09 09:56:30,6752.0,64895
2021-06-09 09:56:31,6752.0,64895
2021-06-09 09:56:32,6752.0,64895
2021-06-09 09:56:33,6752.0,64895
2021-06-09 09:56:34,6752.05,64905
2021-06-09 09:56:35,6752.05,64905
2021-06-09 09:56:36,6752.05,64905
2021-06-09 09:56:37,6754.9,64955
2021-06-09 09:56:38,6752.0,65679
2021-06-09 09:56:40,6752.0,65679
2021-06-09 09:56:41,6752.0,65679
2021-06-09 09:56:41,6752.0,65679
2021-06-09 09:56:42,6752.0,65679
2021-06-09 09:56:43,6752.0,65679
2021-06-09 09:56:45,6752.0,65679
2021-06-09 09:56:45,6754.3,65708
2021-06-09 09:56:46,6754.3,65708
2021-06-09 09:56:47,6754.3,65708
2021-06-09 09:56:48,6754.3,65708
2021-06-09 09:56:49,6754.3,65708
2021-06-09 09:56:51,6754.3,65708
2021-06-09 09:56:52,6754.3,65708
2021-06-09 09:56:53,6754.3,65708
2021-06-09 09:56:53,6754.3,65708
2021-06-09 09:56:54,6754.3,65708
2021-06-09 09:56:55,6754.3,65708
2021-06-09 09:56:56,6754.3,65708
2021-06-09 09:56:57,6754.3,65708
2021-06-09 09:56:58,6754.3,65708
2021-06-09 09:56:59,6754.3,65708
2021-06-09 09:57:00,6754.3,65708
2021-06-09 09:57:02,6752.0,65716
2021-06-09 09:57:03,6752.0,65716
2021-06-09 09:57:04,6753.9,65719
2021-06-09 09:57:04,6753.9,65719
2021-06-09 09:57:05,6753.9,65719
2021-06-09 09:57:06,6753.9,65719
2021-06-09 09:57:07,6753.9,65727
2021-06-09 09:57:08,6753.9,65729
2021-06-09 09:57:09,6752.05,65739
2021-06-09 09:57:10,6753.9,65744
2021-06-09 09:57:11,6753.9,65744
2021-06-09 09:57:12,6753.9,65744
2021-06-09 09:57:14,6753.9,65744
2021-06-09 09:57:15,6753.9,65744
2021-06-09 09:57:16,6753.9,65764
2021-06-09 09:57:17,6754.0,66001
2021-06-09 09:57:17,6754.0,66001
2021-06-09 09:57:18,6754.0,66001
2021-06-09 09:57:19,6754.0,66002
2021-06-09 09:57:20,6754.0,66002
2021-06-09 09:57:22,6754.0,66002
2021-06-09 09:57:23,6754.0,66002
2021-06-09 09:57:24,6754.0,66002
2021-06-09 09:57:25,6752.55,66007
2021-06-09 09:57:26,6754.0,66013
2021-06-09 09:57:27,6754.0,66013
2021-06-09 09:57:28,6754.0,66013
2021-06-09 09:57:28,6753.3,66022
2021-06-09 09:57:29,6753.3,66022
2021-06-09 09:57:31,6754.0,66023
2021-06-09 09:57:32,6754.0,66023
2021-06-09 09:57:33,6754.0,66024
2021-06-09 09:57:33,6754.0,66024
2021-06-09 09:57:34,6754.0,66127
2021-06-09 09:57:35,6754.0,66127
2021-06-09 09:57:36,6754.0,66128
2021-06-09 09:57:37,6752.65,66129
2021-06-09 09:57:39,6754.0,66135
2021-06-09 09:57:40,6752.65,66136
2021-06-09 09:57:41,6752.65,66136
2021-06-09 09:57:42,6752.65,66136
2021-06-09 09:57:42,6754.0,66147
2021-06-09 09:57:44,6752.65,66189
2021-06-09 09:57:45,6752.65,66189
2021-06-09 09:57:46,6752.65,66189
2021-06-09 09:57:47,6752.65,66189
2021-06-09 09:57:49,6752.65,66189
2021-06-09 09:57:50,6752.65,66189
2021-06-09 09:57:51,6752.65,66189
2021-06-09 09:57:52,6754.0,66191
2021-06-09 09:57:54,6752.55,66196
2021-06-09 09:57:55,6752.55,66196
2021-06-09 09:57:56,6752.55,66196
2021-06-09 09:57:56,6752.55,66196
2021-06-09 09:57:58,6752.55,66196
2021-06-09 09:57:59,6752.55,66196
2021-06-09 09:58:00,6753.8,66201
2021-06-09 09:58:01,6753.8,66211
2021-06-09 09:58:02,6753.8,66211
2021-06-09 09:58:03,6753.8,66211
2021-06-09 09:58:05,6753.8,66211
2021-06-09 09:58:05,6753.8,66211
2021-06-09 09:58:07,6753.8,66211
2021-06-09 09:58:08,6753.8,66211
2021-06-09 09:58:08,6753.1,66212
2021-06-09 09:58:10,6753.1,66221
2021-06-09 09:58:11,6753.35,66447
2021-06-09 09:58:12,6753.35,66462
2021-06-09 09:58:13,6753.35,66462
2021-06-09 09:58:14,6753.35,66462
2021-06-09 09:58:16,6753.35,66462
2021-06-09 09:58:17,6753.35,66462
2021-06-09 09:58:18,6753.0,66467
2021-06-09 09:58:19,6753.0,66467
2021-06-09 09:58:21,6753.0,66467
2021-06-09 09:58:22,6752.0,66472
2021-06-09 09:58:23,6752.0,66472
2021-06-09 09:58:24,6752.0,66472
2021-06-09 09:58:24,6752.0,66523
2021-06-09 09:58:26,6752.0,66523
2021-06-09 09:58:27,6751.5,66533
2021-06-09 09:58:28,6751.5,66533
2021-06-09 09:58:29,6751.5,66533
2021-06-09 09:58:30,6751.5,66533
2021-06-09 09:58:31,6752.0,66558
2021-06-09 09:58:32,6752.0,66558
2021-06-09 09:58:33,6752.0,66558
2021-06-09 09:58:34,6752.0,66658
2021-06-09 09:58:35,6752.0,66679
2021-06-09 09:58:36,6752.0,66729
2021-06-09 09:58:37,6752.0,66729
2021-06-09 09:58:39,6751.8,66740
2021-06-09 09:58:40,6751.8,66740
2021-06-09 09:58:42,6751.8,66740
2021-06-09 09:58:43,6751.8,66740
2021-06-09 09:58:44,6751.8,66740
2021-06-09 09:58:46,6750.35,66840
2021-06-09 09:58:47,6750.35,66840
2021-06-09 09:58:48,6750.35,66840
2021-06-09 09:58:48,6750.35,66840
2021-06-09 09:58:50,6750.35,66840
2021-06-09 09:58:51,6752.1,66842
2021-06-09 09:58:52,6750.25,66844
2021-06-09 09:58:53,6750.25,66848
2021-06-09 09:58:53,6750.25,66848
2021-06-09 09:58:54,6750.25,66848
2021-06-09 09:58:56,6751.0,66850
2021-06-09 09:58:57,6751.0,66850
2021-06-09 09:58:58,6751.0,66850
2021-06-09 09:58:58,6751.0,66850
2021-06-09 09:59:00,6751.0,66850
2021-06-09 09:59:01,6752.1,66950
2021-06-09 09:59:02,6752.1,66950
2021-06-09 09:59:03,6752.1,66950
2021-06-09 09:59:04,6752.1,66950
2021-06-09 09:59:05,6752.1,66950
2021-06-09 09:59:06,6752.1,66950
2021-06-09 09:59:07,6752.1,66955
2021-06-09 09:59:08,6752.1,66955
2021-06-09 09:59:08,6752.1,66955
2021-06-09 09:59:09,6752.1,66955
2021-06-09 09:59:10,6752.1,66955
2021-06-09 09:59:12,6752.1,66955
2021-06-09 09:59:12,6752.1,66955
2021-06-09 09:59:16,6752.1,66955
2021-06-09 09:59:16,6752.1,66955
2021-06-09 09:59:18,6752.1,66955
2021-06-09 09:59:19,6751.15,66975
2021-06-09 09:59:20,6751.15,66975
2021-06-09 09:59:21,6750.0,67898
2021-06-09 09:59:22,6750.0,67898
2021-06-09 09:59:23,6750.0,67898
2021-06-09 09:59:24,6750.0,68023
2021-06-09 09:59:24,6750.0,68023
2021-06-09 09:59:25,6750.0,68023
2021-06-09 09:59:27,6750.15,68063
2021-06-09 09:59:28,6750.15,68063
2021-06-09 09:59:29,6750.15,68063
2021-06-09 09:59:30,6752.0,68070
2021-06-09 09:59:31,6752.0,68070
2021-06-09 09:59:32,6752.0,68070
2021-06-09 09:59:33,6752.0,68070
2021-06-09 09:59:34,6752.0,68070
2021-06-09 09:59:35,6752.0,68174
2021-06-09 09:59:36,6752.0,68174
2021-06-09 09:59:37,6755.0,69321
2021-06-09 09:59:38,6755.0,69321
2021-06-09 09:59:38,6755.0,69321
2021-06-09 09:59:39,6753.95,69323
2021-06-09 09:59:41,6753.95,69323
2021-06-09 09:59:42,6753.95,69323
2021-06-09 09:59:43,6755.0,69326
2021-06-09 09:59:44,6755.0,69326
2021-06-09 09:59:46,6755.0,69326
2021-06-09 09:59:47,6755.0,69326
2021-06-09 09:59:48,6755.0,69326
2021-06-09 09:59:48,6755.0,69326
2021-06-09 09:59:49,6755.0,69326
2021-06-09 09:59:50,6755.0,69333
2021-06-09 09:59:52,6755.0,69333
2021-06-09 09:59:53,6755.0,69333
2021-06-09 09:59:54,6755.0,69333
2021-06-09 09:59:55,6752.3,69337
2021-06-09 09:59:56,6752.3,69337
2021-06-09 09:59:57,6752.3,69337
2021-06-09 09:59:58,6752.3,69337
2021-06-09 09:59:59,6752.3,69337
2021-06-09 10:00:00,6752.3,69337
2021-06-09 10:00:01,6752.3,69337
2021-06-09 10:00:01,6752.3,69337
2021-06-09 10:00:03,6752.3,69337
2021-06-09 10:00:04,6752.3,69337
2021-06-09 10:00:06,6752.3,69337
2021-06-09 10:00:08,6754.95,69338
2021-06-09 10:00:10,6752.3,69340
2021-06-09 10:00:11,6752.05,69355
2021-06-09 10:00:12,6752.05,69355
2021-06-09 10:00:13,6752.05,69359
2021-06-09 10:00:14,6752.05,69359
2021-06-09 10:00:15,6752.05,69359
2021-06-09 10:00:16,6752.05,69359
2021-06-09 10:00:17,6752.05,69359
2021-06-09 10:00:18,6754.95,69364
2021-06-09 10:00:19,6754.95,69364
2021-06-09 10:00:20,6754.95,69364
2021-06-09 10:00:22,6754.95,69364
2021-06-09 10:00:25,6752.15,69369
2021-06-09 10:00:26,6752.15,69369
2021-06-09 10:00:27,6754.5,69384
2021-06-09 10:00:28,6754.5,69384
2021-06-09 10:00:28,6754.5,69384
2021-06-09 10:00:29,6754.45,69386
2021-06-09 10:00:30,6754.45,69386
2021-06-09 10:00:31,6754.45,69386
2021-06-09 10:00:32,6754.45,69387
2021-06-09 10:00:33,6754.35,69388
2021-06-09 10:00:34,6754.35,69388
2021-06-09 10:00:35,6754.35,69388
2021-06-09 10:00:40,6752.2,69392
2021-06-09 10:00:45,6754.35,69496
2021-06-09 10:00:50,6753.4,69499
2021-06-09 10:00:54,6754.35,69553
2021-06-09 10:00:59,6751.5,69557
2021-06-09 10:01:03,6751.5,69557
2021-06-09 10:01:07,6751.55,69566
2021-06-09 10:01:12,6754.05,69567
2021-06-09 10:01:16,6752.0,69667
2021-06-09 10:01:20,6752.0,69667
2021-06-09 10:01:25,6752.0,69667
2021-06-09 10:01:29,6752.0,69667
2021-06-09 10:01:33,6751.5,69726
2021-06-09 10:01:38,6751.5,69726
2021-06-09 10:01:43,6750.25,69744
2021-06-09 10:01:47,6750.65,69762
2021-06-09 10:01:51,6750.65,69762
2021-06-09 10:01:56,6753.3,69767
2021-06-09 10:02:01,6753.35,69793
2021-06-09 10:02:06,6753.4,69795
2021-06-09 10:02:10,6753.35,69817
2021-06-09 10:02:15,6750.9,69874
2021-06-09 10:02:19,6750.9,69875
2021-06-09 10:02:23,6750.9,69875
2021-06-09 10:02:32,6750.9,69875
2021-06-09 10:02:36,6750.9,69898
2021-06-09 10:02:40,6750.9,69898
2021-06-09 10:02:49,6750.9,69970
2021-06-09 10:02:53,6750.9,69970
2021-06-09 10:02:58,6750.95,69978
2021-06-09 10:03:02,6758.95,70865
2021-06-09 10:03:07,6760.1,71727
2021-06-09 10:03:11,6764.1,71738
2021-06-09 10:03:20,6764.0,71939
2021-06-09 10:03:24,6760.15,71943
2021-06-09 10:03:29,6764.0,72208
2021-06-09 10:03:37,6765.2,72713
2021-06-09 10:03:42,6765.25,72753
2021-06-09 10:03:46,6764.0,72881
2021-06-09 10:03:51,6765.5,72913
2021-06-09 10:03:55,6764.2,73759
2021-06-09 10:04:00,6766.0,73783
2021-06-09 10:04:05,6765.5,73816
2021-06-09 10:04:09,6765.95,73837
2021-06-09 10:04:13,6765.5,73868
2021-06-09 10:04:17,6764.0,73881
2021-06-09 10:04:21,6764.0,73914
2021-06-09 10:04:25,6766.0,74006
2021-06-09 10:04:29,6766.1,74008
2021-06-09 10:04:34,6768.0,74080
2021-06-09 10:04:38,6768.0,74383
2021-06-09 10:04:42,6768.0,74383
2021-06-09 10:04:46,6768.0,74428
2021-06-09 10:04:50,6768.0,74448
2021-06-09 10:04:54,6768.0,74521
2021-06-09 10:04:58,6765.45,74524
2021-06-09 10:05:02,6767.0,74525
2021-06-09 10:05:06,6767.85,74526
2021-06-09 10:05:10,6768.0,74582
2021-06-09 10:05:14,6765.15,74585
2021-06-09 10:05:18,6767.85,74596
2021-06-09 10:05:22,6767.9,74651
2021-06-09 10:05:26,6764.0,74767
2021-06-09 10:05:30,6764.0,74769
2021-06-09 10:05:34,6764.0,74772
2021-06-09 10:05:36,6765.0,74777
2021-06-09 10:05:38,6765.0,74777
2021-06-09 10:05:38,6765.0,74777
2021-06-09 10:05:39,6764.0,74877
2021-06-09 10:05:40,6765.0,74898
2021-06-09 10:05:41,6765.0,74898
2021-06-09 10:05:42,6764.75,74899
2021-06-09 10:05:43,6764.75,74899
2021-06-09 10:05:44,6764.75,74899
2021-06-09 10:05:45,6764.75,74899
2021-06-09 10:05:46,6764.75,74899
2021-06-09 10:05:47,6765.05,74914
2021-06-09 10:05:48,6765.05,74915
2021-06-09 10:05:49,6765.05,74915
2021-06-09 10:05:51,6767.85,74920
2021-06-09 10:05:52,6764.0,75020
2021-06-09 10:05:53,6764.0,75020
2021-06-09 10:05:53,6764.0,75020
2021-06-09 10:05:54,6764.0,75020
2021-06-09 10:05:55,6764.0,75020
2021-06-09 10:05:56,6764.0,75036
2021-06-09 10:05:57,6764.0,75036
2021-06-09 10:05:58,6765.0,75044
2021-06-09 10:05:59,6765.0,75045
2021-06-09 10:06:00,6763.35,75146
2021-06-09 10:06:01,6763.2,75153
2021-06-09 10:06:02,6763.2,75153
2021-06-09 10:06:03,6765.0,75154
2021-06-09 10:06:04,6766.65,75155
2021-06-09 10:06:06,6763.35,75168
2021-06-09 10:06:06,6763.35,75168
2021-06-09 10:06:07,6763.35,75168
2021-06-09 10:06:08,6766.6,75171
2021-06-09 10:06:09,6766.6,75171
2021-06-09 10:06:10,6763.15,75176
2021-06-09 10:06:11,6763.15,75176
2021-06-09 10:06:12,6763.0,75177
2021-06-09 10:06:13,6763.0,75177
2021-06-09 10:06:15,6763.0,75177
2021-06-09 10:06:15,6763.0,75177
2021-06-09 10:06:16,6763.0,75177
2021-06-09 10:06:17,6763.0,75177
2021-06-09 10:06:18,6763.0,75177
2021-06-09 10:06:19,6766.0,75182
2021-06-09 10:06:20,6766.0,75182
2021-06-09 10:06:21,6765.95,75183
2021-06-09 10:06:22,6765.95,75183
2021-06-09 10:06:24,6765.95,75184
2021-06-09 10:06:24,6765.95,75184
2021-06-09 10:06:25,6763.25,75186
2021-06-09 10:06:26,6766.0,75187
2021-06-09 10:06:27,6766.0,75187
2021-06-09 10:06:28,6766.0,75187
2021-06-09 10:06:29,6766.0,75187
2021-06-09 10:06:30,6766.0,75187
2021-06-09 10:06:33,6766.0,75187
2021-06-09 10:06:33,6766.0,75187
2021-06-09 10:06:34,6763.0,75196
2021-06-09 10:06:35,6763.0,75196
2021-06-09 10:06:36,6763.0,75201
2021-06-09 10:06:37,6763.0,75212
2021-06-09 10:06:38,6763.0,75212
2021-06-09 10:06:39,6763.0,75212
2021-06-09 10:06:40,6763.0,75220
2021-06-09 10:06:41,6763.0,75220
2021-06-09 10:06:42,6761.65,75224
2021-06-09 10:06:43,6761.5,75233
2021-06-09 10:06:46,6761.4,75285
2021-06-09 10:06:46,6761.4,75285
2021-06-09 10:06:47,6764.6,75291
2021-06-09 10:06:48,6761.25,75295
2021-06-09 10:06:49,6761.25,75295
2021-06-09 10:06:50,6761.25,75295
2021-06-09 10:06:51,6761.25,75295
2021-06-09 10:06:52,6760.75,75303
2021-06-09 10:06:53,6764.15,75353
2021-06-09 10:06:56,6762.0,75357
2021-06-09 10:06:58,6761.55,75366
2021-06-09 10:06:58,6761.55,75366
2021-06-09 10:06:59,6761.55,75366
2021-06-09 10:07:00,6761.55,75366
2021-06-09 10:07:01,6761.55,75366
2021-06-09 10:07:02,6761.55,75366
2021-06-09 10:07:03,6761.55,75366
2021-06-09 10:07:04,6764.45,75454
2021-06-09 10:07:05,6762.95,75455
2021-06-09 10:07:06,6762.8,75459
2021-06-09 10:07:07,6762.8,75459
2021-06-09 10:07:09,6762.4,75463
2021-06-09 10:07:09,6762.4,75463
2021-06-09 10:07:10,6762.4,75463
2021-06-09 10:07:11,6762.4,75463
2021-06-09 10:07:12,6762.4,75463
2021-06-09 10:07:13,6762.4,75464
2021-06-09 10:07:15,6765.0,75466
2021-06-09 10:07:16,6765.0,75466
2021-06-09 10:07:16,6765.0,75476
2021-06-09 10:07:17,6765.0,75476
2021-06-09 10:07:18,6765.0,75476
2021-06-09 10:07:19,6765.0,75476
2021-06-09 10:07:21,6765.0,75476
2021-06-09 10:07:22,6765.0,75476
2021-06-09 10:07:23,6765.0,75476
2021-06-09 10:07:24,6765.0,75476
2021-06-09 10:07:25,6765.0,75476
2021-06-09 10:07:26,6765.0,75476
2021-06-09 10:07:28,6765.0,75479
2021-06-09 10:07:29,6765.0,75479
2021-06-09 10:07:30,6765.0,75479
2021-06-09 10:07:30,6765.0,75479
2021-06-09 10:07:32,6765.0,75479
2021-06-09 10:07:33,6764.9,75480
2021-06-09 10:07:34,6765.0,75485
2021-06-09 10:07:34,6765.0,75485
2021-06-09 10:07:35,6765.0,75494
2021-06-09 10:07:36,6765.0,75495
2021-06-09 10:07:37,6765.1,75499
2021-06-09 10:07:38,6765.1,75499
2021-06-09 10:07:39,6760.6,75549
2021-06-09 10:07:40,6760.6,75549
2021-06-09 10:07:41,6760.6,75549
2021-06-09 10:07:43,6760.6,75549
2021-06-09 10:07:44,6763.4,75554
2021-06-09 10:07:45,6763.4,75554
2021-06-09 10:07:46,6763.4,75554
2021-06-09 10:07:47,6763.4,75554
2021-06-09 10:07:48,6763.4,75554
2021-06-09 10:07:48,6763.4,75554
2021-06-09 10:07:49,6763.4,75554
2021-06-09 10:07:50,6763.4,75554
2021-06-09 10:07:51,6763.4,75554
2021-06-09 10:07:52,6763.4,75554
2021-06-09 10:07:53,6763.4,75554
2021-06-09 10:07:54,6763.4,75554
2021-06-09 10:07:55,6762.4,75574
2021-06-09 10:07:57,6762.4,75574
2021-06-09 10:07:58,6762.4,75574
2021-06-09 10:07:59,6762.4,75574
2021-06-09 10:08:00,6762.4,75574
2021-06-09 10:08:00,6763.0,75575
2021-06-09 10:08:01,6763.0,75575
2021-06-09 10:08:02,6763.0,75575
2021-06-09 10:08:03,6763.0,75575
2021-06-09 10:08:04,6763.0,75575
2021-06-09 10:08:05,6763.0,75575
2021-06-09 10:08:06,6762.6,75576
2021-06-09 10:08:07,6762.6,75576
2021-06-09 10:08:08,6765.0,75682
2021-06-09 10:08:09,6765.0,75682
2021-06-09 10:08:10,6763.15,75713
2021-06-09 10:08:11,6763.15,75713
2021-06-09 10:08:12,6763.15,75713
2021-06-09 10:08:14,6763.15,75713
2021-06-09 10:08:15,6763.15,75713
2021-06-09 10:08:16,6766.0,75763
2021-06-09 10:08:16,6766.0,75763
2021-06-09 10:08:17,6766.0,75763
2021-06-09 10:08:18,6766.0,75763
2021-06-09 10:08:19,6765.0,75770
2021-06-09 10:08:20,6766.25,75834
2021-06-09 10:08:21,6766.0,75838
2021-06-09 10:08:22,6766.0,75838
2021-06-09 10:08:23,6766.0,75854
2021-06-09 10:08:24,6766.0,75854
2021-06-09 10:08:25,6766.0,75858
2021-06-09 10:08:26,6766.0,75862
2021-06-09 10:08:27,6766.0,75862
2021-06-09 10:08:29,6766.0,75862
2021-06-09 10:08:30,6766.0,75862
2021-06-09 10:08:31,6766.0,75862
2021-06-09 10:08:31,6766.0,75862
2021-06-09 10:08:32,6766.0,75862
2021-06-09 10:08:33,6766.0,75862
2021-06-09 10:08:34,6766.0,75862
2021-06-09 10:08:35,6766.0,75862
2021-06-09 10:08:36,6766.0,75862
2021-06-09 10:08:37,6766.0,75862
2021-06-09 10:08:38,6766.0,75862
2021-06-09 10:08:39,6766.1,75867
2021-06-09 10:08:40,6766.1,75867
2021-06-09 10:08:41,6766.1,75870
2021-06-09 10:08:42,6766.25,75886
2021-06-09 10:08:43,6766.25,75886
2021-06-09 10:08:44,6766.25,75886
2021-06-09 10:08:45,6766.25,75886
2021-06-09 10:08:46,6766.25,75886
2021-06-09 10:08:48,6766.0,75999
2021-06-09 10:08:49,6766.0,75999
2021-06-09 10:08:49,6766.0,75999
2021-06-09 10:08:50,6766.0,75999
2021-06-09 10:08:51,6766.0,75999
2021-06-09 10:08:52,6766.0,75999
2021-06-09 10:08:53,6766.0,75999
2021-06-09 10:08:55,6766.0,75999
2021-06-09 10:08:56,6766.0,75999
2021-06-09 10:08:56,6766.0,75999
2021-06-09 10:08:57,6766.0,75999
2021-06-09 10:08:58,6766.0,75999
2021-06-09 10:08:59,6766.0,75999
2021-06-09 10:09:00,6763.05,76000
2021-06-09 10:09:01,6763.05,76000
2021-06-09 10:09:02,6763.05,76000
2021-06-09 10:09:03,6765.0,76006
2021-06-09 10:09:04,6765.0,76006
2021-06-09 10:09:05,6765.0,76009
2021-06-09 10:09:07,6765.0,76009
2021-06-09 10:09:08,6765.0,76009
2021-06-09 10:09:09,6765.0,76009
2021-06-09 10:09:11,6765.0,76009
2021-06-09 10:09:12,6763.0,76011
2021-06-09 10:09:12,6763.0,76011
2021-06-09 10:09:13,6763.0,76011
2021-06-09 10:09:14,6763.0,76012
2021-06-09 10:09:16,6763.0,76012
2021-06-09 10:09:17,6763.0,76012
2021-06-09 10:09:17,6763.0,76012
2021-06-09 10:09:19,6763.0,76012
2021-06-09 10:09:20,6763.0,76012
2021-06-09 10:09:21,6763.0,76012
2021-06-09 10:09:22,6763.0,76012
2021-06-09 10:09:23,6763.0,76012
2021-06-09 10:09:25,6763.0,76012
2021-06-09 10:09:25,6763.0,76012
2021-06-09 10:09:27,6763.0,76012
2021-06-09 10:09:28,6763.0,76012
2021-06-09 10:09:28,6763.0,76012
2021-06-09 10:09:29,6765.0,76017
2021-06-09 10:09:30,6765.0,76017
2021-06-09 10:09:32,6765.0,76017
2021-06-09 10:09:32,6765.0,76017
2021-06-09 10:09:34,6765.0,76017
2021-06-09 10:09:35,6765.0,76017
2021-06-09 10:09:36,6763.0,76022
2021-06-09 10:09:37,6765.0,76027
2021-06-09 10:09:38,6765.0,76027
2021-06-09 10:09:39,6763.0,76077
2021-06-09 10:09:40,6763.0,76077
2021-06-09 10:09:40,6763.0,76077
2021-06-09 10:09:41,6763.0,76077
2021-06-09 10:09:42,6763.0,76079
2021-06-09 10:09:44,6763.0,76079
2021-06-09 10:09:45,6763.0,76079
2021-06-09 10:09:46,6763.0,76079
2021-06-09 10:09:46,6763.0,76079
2021-06-09 10:09:47,6763.0,76079
2021-06-09 10:09:48,6763.0,76080
2021-06-09 10:09:49,6763.0,76080
2021-06-09 10:09:51,6763.0,76080
2021-06-09 10:09:52,6763.0,76087
2021-06-09 10:09:53,6763.0,76087
2021-06-09 10:09:54,6763.0,76087
2021-06-09 10:09:55,6763.0,76087
2021-06-09 10:09:56,6763.0,76087
2021-06-09 10:09:57,6763.0,76087
2021-06-09 10:10:00,6763.0,76087
2021-06-09 10:10:01,6763.0,76087
2021-06-09 10:10:02,6763.0,76087
2021-06-09 10:10:03,6764.0,76088
2021-06-09 10:10:04,6764.0,76105
2021-06-09 10:10:05,6764.0,76105
2021-06-09 10:10:06,6765.65,76462
2021-06-09 10:10:06,6763.5,76487
2021-06-09 10:10:08,6763.5,76487
2021-06-09 10:10:09,6763.5,76487
2021-06-09 10:10:10,6763.5,76487
2021-06-09 10:10:11,6766.9,76737
2021-06-09 10:10:12,6766.9,76737
2021-06-09 10:10:14,6767.0,76768
2021-06-09 10:10:14,6767.0,76768
2021-06-09 10:10:16,6767.0,76768
2021-06-09 10:10:18,6767.0,76769
2021-06-09 10:10:19,6766.0,76779
2021-06-09 10:10:20,6766.0,76779
2021-06-09 10:10:21,6766.0,76779
2021-06-09 10:10:22,6766.0,76781
2021-06-09 10:10:23,6763.0,76791
2021-06-09 10:10:23,6763.0,76791
2021-06-09 10:10:24,6763.0,76791
2021-06-09 10:10:26,6763.0,76791
2021-06-09 10:10:27,6763.0,76791
2021-06-09 10:10:28,6763.0,76791
2021-06-09 10:10:29,6763.0,76791
2021-06-09 10:10:30,6763.0,76791
2021-06-09 10:10:31,6763.05,76801
2021-06-09 10:10:32,6765.05,76811
2021-06-09 10:10:32,6765.05,76811
2021-06-09 10:10:33,6765.05,76811
2021-06-09 10:10:35,6763.0,76911
2021-06-09 10:10:36,6762.4,76920
2021-06-09 10:10:38,6764.9,76930
2021-06-09 10:10:39,6764.9,76930
2021-06-09 10:10:40,6764.9,76930
2021-06-09 10:10:40,6764.9,76930
2021-06-09 10:10:41,6764.9,76930
2021-06-09 10:10:42,6764.9,76930
2021-06-09 10:10:44,6764.9,76930
2021-06-09 10:10:45,6764.9,76930
2021-06-09 10:10:46,6764.9,76930
2021-06-09 10:10:48,6764.9,76930
2021-06-09 10:10:48,6764.9,76930
2021-06-09 10:10:51,6764.9,76930
2021-06-09 10:10:52,6764.9,76930
2021-06-09 10:10:53,6764.9,76930
2021-06-09 10:10:53,6764.9,76930
2021-06-09 10:10:54,6764.9,76930
2021-06-09 10:10:55,6762.4,77045
2021-06-09 10:10:56,6762.4,77045
2021-06-09 10:10:57,6762.4,77045
2021-06-09 10:10:59,6762.4,77045
2021-06-09 10:11:00,6762.4,77055
2021-06-09 10:11:01,6762.4,77055
2021-06-09 10:11:02,6762.4,77055
2021-06-09 10:11:04,6762.4,77055
2021-06-09 10:11:05,6762.4,77055
2021-06-09 10:11:06,6762.4,77055
2021-06-09 10:11:07,6762.4,77055
2021-06-09 10:11:08,6762.4,77055
2021-06-09 10:11:09,6762.4,77055
2021-06-09 10:11:10,6762.4,77055
2021-06-09 10:11:11,6762.4,77060
2021-06-09 10:11:12,6762.4,77064
2021-06-09 10:11:13,6762.4,77064
2021-06-09 10:11:14,6762.4,77064
2021-06-09 10:11:16,6762.4,77064
2021-06-09 10:11:17,6762.4,77064
2021-06-09 10:11:17,6762.4,77064
2021-06-09 10:11:18,6762.4,77064
2021-06-09 10:11:19,6762.4,77064
2021-06-09 10:11:20,6764.6,77069
2021-06-09 10:11:21,6764.6,77069
2021-06-09 10:11:22,6764.6,77069
2021-06-09 10:11:25,6762.4,77073
2021-06-09 10:11:26,6762.4,77073
2021-06-09 10:11:27,6762.4,77073
2021-06-09 10:11:28,6762.4,77077
2021-06-09 10:11:29,6764.5,77148
2021-06-09 10:11:30,6764.45,77151
2021-06-09 10:11:31,6762.4,77152
2021-06-09 10:11:32,6762.4,77152
2021-06-09 10:11:33,6762.4,77152
2021-06-09 10:11:34,6762.4,77152
2021-06-09 10:11:35,6762.4,77152
2021-06-09 10:11:36,6762.4,77152
2021-06-09 10:11:38,6762.4,77152
2021-06-09 10:11:38,6762.4,77202
2021-06-09 10:11:39,6764.0,77204
2021-06-09 10:11:40,6764.0,77204
2021-06-09 10:11:42,6764.0,77206
2021-06-09 10:11:42,6764.0,77206
2021-06-09 10:11:43,6764.0,77206
2021-06-09 10:11:44,6764.0,77207
2021-06-09 10:11:46,6764.0,77231
2021-06-09 10:11:47,6764.0,77231
2021-06-09 10:11:49,6762.4,77261
2021-06-09 10:11:50,6762.4,77261
2021-06-09 10:11:51,6762.4,77261
2021-06-09 10:11:52,6762.4,77261
2021-06-09 10:11:53,6762.4,77261
2021-06-09 10:11:54,6762.4,77261
2021-06-09 10:11:55,6762.4,77261
2021-06-09 10:11:56,6762.4,77261
2021-06-09 10:11:57,6762.4,77261
2021-06-09 10:11:58,6762.4,77261
2021-06-09 10:11:59,6762.4,77262
2021-06-09 10:12:00,6762.4,77262
2021-06-09 10:12:01,6762.4,77262
2021-06-09 10:12:01,6762.4,77262
2021-06-09 10:12:03,6764.0,77265
2021-06-09 10:12:04,6764.0,77265
2021-06-09 10:12:05,6764.0,77320
2021-06-09 10:12:06,6764.0,77320
2021-06-09 10:12:07,6764.0,77320
2021-06-09 10:12:08,6764.0,77320
2021-06-09 10:12:09,6764.0,77320
2021-06-09 10:12:10,6764.0,77320
2021-06-09 10:12:11,6764.0,77320
2021-06-09 10:12:12,6764.0,77320
2021-06-09 10:12:12,6764.0,77320
2021-06-09 10:12:14,6762.4,77325
2021-06-09 10:12:14,6762.4,77325
2021-06-09 10:12:15,6762.4,77327
2021-06-09 10:12:16,6762.4,77354
2021-06-09 10:12:18,6763.0,77355
2021-06-09 10:12:19,6763.0,77395
2021-06-09 10:12:20,6760.4,77736
2021-06-09 10:12:21,6760.4,77736
2021-06-09 10:12:22,6760.0,78231
2021-06-09 10:12:23,6756.45,78255
2021-06-09 10:12:24,6756.45,78255
2021-06-09 10:12:25,6756.45,78255
2021-06-09 10:12:26,6760.0,78256
2021-06-09 10:12:27,6760.0,78256
2021-06-09 10:12:29,6760.0,78256
2021-06-09 10:12:31,6760.0,78256
2021-06-09 10:12:32,6760.0,78257
2021-06-09 10:12:33,6760.0,78257
2021-06-09 10:12:34,6759.9,78259
2021-06-09 10:12:36,6759.9,78259
2021-06-09 10:12:37,6759.9,78259
2021-06-09 10:12:38,6760.0,78261
2021-06-09 10:12:39,6757.7,78275
2021-06-09 10:12:40,6757.05,78280
2021-06-09 10:12:40,6757.05,78280
2021-06-09 10:12:41,6757.05,78280
2021-06-09 10:12:42,6757.05,78280
2021-06-09 10:12:43,6757.7,78287
2021-06-09 10:12:44,6757.7,78287
2021-06-09 10:12:45,6754.75,78317
2021-06-09 10:12:47,6754.75,78317
2021-06-09 10:12:48,6754.95,78358
2021-06-09 10:12:49,6754.95,78358
2021-06-09 10:12:50,6754.95,78358
2021-06-09 10:12:51,6754.95,78358
2021-06-09 10:12:52,6754.95,78358
2021-06-09 10:12:53,6755.85,78368
2021-06-09 10:12:55,6755.85,78368
2021-06-09 10:12:56,6755.85,78368
2021-06-09 10:12:58,6755.85,78368
2021-06-09 10:13:00,6755.85,78368
2021-06-09 10:13:01,6755.85,78373
2021-06-09 10:13:02,6755.85,78373
2021-06-09 10:13:03,6755.85,78504
2021-06-09 10:13:04,6755.85,78505
2021-06-09 10:13:05,6755.85,78505
2021-06-09 10:13:05,6755.85,78505
2021-06-09 10:13:06,6755.85,78505
2021-06-09 10:13:07,6755.85,78505
2021-06-09 10:13:09,6755.85,78507
2021-06-09 10:13:10,6755.85,78507
2021-06-09 10:13:12,6755.0,78517
2021-06-09 10:13:13,6755.0,78517
2021-06-09 10:13:14,6755.0,78517
2021-06-09 10:13:15,6755.0,78517
2021-06-09 10:13:16,6755.85,78519
2021-06-09 10:13:17,6755.85,78519
2021-06-09 10:13:18,6755.85,78519
2021-06-09 10:13:19,6755.85,78519
2021-06-09 10:13:20,6755.85,78519
2021-06-09 10:13:21,6755.85,78519
2021-06-09 10:13:22,6755.85,78519
2021-06-09 10:13:23,6755.85,78519
2021-06-09 10:13:24,6755.85,78519
2021-06-09 10:13:25,6755.85,78519
2021-06-09 10:13:26,6755.85,78519
2021-06-09 10:13:28,6755.85,78519
2021-06-09 10:13:29,6755.85,78519
2021-06-09 10:13:30,6755.0,78524
2021-06-09 10:13:31,6755.0,78524
2021-06-09 10:13:32,6755.85,78526
2021-06-09 10:13:33,6755.85,78526
2021-06-09 10:13:34,6755.0,78528
2021-06-09 10:13:35,6754.0,78543
2021-06-09 10:13:36,6754.0,78543
2021-06-09 10:13:37,6754.0,78543
2021-06-09 10:13:38,6754.0,78543
2021-06-09 10:13:39,6754.0,78543
2021-06-09 10:13:40,6755.85,78544
2021-06-09 10:13:41,6758.0,78726
2021-06-09 10:13:42,6759.5,78745
2021-06-09 10:13:43,6759.5,78745
2021-06-09 10:13:44,6759.5,78745
2021-06-09 10:13:45,6759.5,78745
2021-06-09 10:13:46,6759.5,78745
2021-06-09 10:13:47,6759.5,78745
2021-06-09 10:13:47,6759.5,78745
2021-06-09 10:13:49,6756.85,78746
2021-06-09 10:13:50,6756.85,78746
2021-06-09 10:13:51,6756.85,78746
2021-06-09 10:13:52,6756.85,78746
2021-06-09 10:13:52,6756.85,78746
2021-06-09 10:13:53,6756.9,78816
2021-06-09 10:13:54,6756.9,78816
2021-06-09 10:13:55,6759.5,78817
2021-06-09 10:13:57,6759.5,78817
2021-06-09 10:13:58,6759.5,78817
2021-06-09 10:13:59,6759.5,78817
2021-06-09 10:14:01,6759.5,78817
2021-06-09 10:14:00,6759.5,78817
2021-06-09 10:14:02,6759.5,78817
2021-06-09 10:14:03,6759.5,78817
2021-06-09 10:14:04,6757.6,78819
2021-06-09 10:14:05,6759.5,78820
2021-06-09 10:14:06,6759.5,78820
2021-06-09 10:14:07,6759.5,78820
2021-06-09 10:14:08,6759.5,78820
2021-06-09 10:14:09,6759.5,78820
2021-06-09 10:14:10,6759.5,78820
2021-06-09 10:14:11,6756.45,78920
2021-06-09 10:14:12,6756.45,78920
2021-06-09 10:14:13,6756.45,78920
2021-06-09 10:14:14,6756.45,78920
2021-06-09 10:14:15,6756.45,78920
2021-06-09 10:14:16,6756.45,78920
2021-06-09 10:14:17,6756.45,78920
2021-06-09 10:14:18,6756.45,78920
2021-06-09 10:14:19,6756.45,78920
2021-06-09 10:14:20,6756.6,78941
2021-06-09 10:14:21,6756.6,78941
2021-06-09 10:14:22,6756.6,78941
2021-06-09 10:14:23,6756.6,78941
2021-06-09 10:14:24,6756.6,78941
2021-06-09 10:14:25,6756.6,78941
2021-06-09 10:14:26,6756.6,78941
2021-06-09 10:14:27,6756.6,78941
2021-06-09 10:14:28,6756.6,78941
2021-06-09 10:14:29,6756.6,78941
2021-06-09 10:14:31,6756.6,78941
2021-06-09 10:14:32,6756.6,78941
2021-06-09 10:14:33,6756.6,78941
2021-06-09 10:14:34,6756.6,78941
2021-06-09 10:14:35,6756.6,78941
2021-06-09 10:14:37,6756.6,78941
2021-06-09 10:14:38,6756.6,78941
2021-06-09 10:14:39,6756.6,78941
2021-06-09 10:14:40,6756.6,78941
2021-06-09 10:14:41,6756.6,78941
2021-06-09 10:14:42,6756.6,78941
2021-06-09 10:14:43,6756.6,78941
2021-06-09 10:14:44,6756.6,78941
2021-06-09 10:14:45,6756.6,78941
2021-06-09 10:14:46,6756.6,78941
2021-06-09 10:14:47,6756.6,78941
2021-06-09 10:14:48,6756.6,78941
2021-06-09 10:14:50,6756.6,78941
2021-06-09 10:14:49,6756.6,78941
2021-06-09 10:14:51,6756.6,78941
2021-06-09 10:14:52,6756.6,78941
2021-06-09 10:14:53,6756.6,78941
2021-06-09 10:14:54,6756.6,78941
2021-06-09 10:14:55,6756.6,78941
2021-06-09 10:14:56,6756.6,78941
2021-06-09 10:14:58,6758.0,78950
2021-06-09 10:14:57,6758.0,78950
2021-06-09 10:14:59,6758.0,78950
2021-06-09 10:15:00,6756.6,78974
2021-06-09 10:15:01,6756.6,78974
2021-06-09 10:15:02,6756.6,78974
2021-06-09 10:15:03,6756.6,78974
2021-06-09 10:15:05,6755.7,78984
2021-06-09 10:15:07,6756.2,79090
2021-06-09 10:15:08,6756.2,79090
2021-06-09 10:15:09,6756.2,79090
2021-06-09 10:15:11,6756.2,79090
2021-06-09 10:15:12,6756.2,79090
2021-06-09 10:15:14,6755.0,79091
2021-06-09 10:15:15,6755.0,79091
2021-06-09 10:15:16,6755.0,79091
2021-06-09 10:15:17,6755.0,79091
2021-06-09 10:15:18,6755.0,79091
2021-06-09 10:15:19,6755.0,79091
2021-06-09 10:15:20,6756.25,79095
2021-06-09 10:15:21,6756.25,79095
2021-06-09 10:15:22,6756.25,79095
2021-06-09 10:15:23,6756.25,79095
2021-06-09 10:15:24,6756.25,79095
2021-06-09 10:15:25,6756.25,79095
2021-06-09 10:15:26,6756.0,79111
2021-06-09 10:15:27,6756.0,79111
2021-06-09 10:15:28,6756.0,79111
2021-06-09 10:15:29,6756.0,79111
2021-06-09 10:15:30,6755.0,79131
2021-06-09 10:15:31,6755.0,79131
2021-06-09 10:15:33,6756.0,79156
2021-06-09 10:15:34,6756.0,79156
2021-06-09 10:15:36,6756.0,79156
2021-06-09 10:15:37,6756.0,79171
2021-06-09 10:15:40,6756.0,79171
2021-06-09 10:15:42,6756.0,79171
2021-06-09 10:15:43,6755.0,79175
2021-06-09 10:15:44,6755.0,79175
2021-06-09 10:15:45,6756.0,79182
2021-06-09 10:15:46,6756.0,79182
2021-06-09 10:15:47,6756.0,79186
2021-06-09 10:15:48,6756.0,79186
2021-06-09 10:15:49,6756.0,79189
2021-06-09 10:15:50,6756.0,79189
2021-06-09 10:15:51,6756.0,79189
2021-06-09 10:15:52,6756.0,79189
2021-06-09 10:15:53,6756.0,79189
2021-06-09 10:15:54,6756.0,79189
2021-06-09 10:15:55,6756.0,79189
2021-06-09 10:15:56,6756.0,79190
2021-06-09 10:15:57,6756.0,79190
2021-06-09 10:15:58,6756.0,79226
2021-06-09 10:15:59,6756.0,79226
2021-06-09 10:16:00,6756.0,79226
2021-06-09 10:16:01,6756.0,79226
2021-06-09 10:16:02,6756.0,79240
2021-06-09 10:16:03,6756.0,79240
2021-06-09 10:16:04,6756.1,79266
2021-06-09 10:16:05,6756.1,79266
2021-06-09 10:16:06,6756.1,79266
2021-06-09 10:16:07,6756.1,79266
2021-06-09 10:16:08,6756.1,79266
2021-06-09 10:16:09,6756.1,79266
2021-06-09 10:16:10,6756.1,79266
2021-06-09 10:16:11,6756.1,79266
2021-06-09 10:16:12,6756.1,79268
2021-06-09 10:16:13,6756.1,79268
2021-06-09 10:16:14,6756.1,79268
2021-06-09 10:16:15,6756.1,79271
2021-06-09 10:16:16,6756.1,79303
2021-06-09 10:16:17,6756.1,79304
2021-06-09 10:16:18,6756.1,79304
2021-06-09 10:16:19,6756.1,79307
2021-06-09 10:16:20,6756.1,79312
2021-06-09 10:16:21,6756.1,79312
2021-06-09 10:16:22,6756.1,79312
2021-06-09 10:16:24,6756.1,79327
2021-06-09 10:16:23,6756.1,79327
2021-06-09 10:16:25,6755.0,79337
2021-06-09 10:16:26,6755.0,79337
2021-06-09 10:16:27,6755.0,79337
2021-06-09 10:16:28,6755.0,79337
2021-06-09 10:16:29,6755.0,79337
2021-06-09 10:16:30,6755.0,79337
2021-06-09 10:16:31,6755.0,79337
2021-06-09 10:16:32,6756.1,79338
2021-06-09 10:16:34,6756.1,79338
2021-06-09 10:16:35,6756.1,79338
2021-06-09 10:16:36,6756.1,79338
2021-06-09 10:16:37,6759.0,79467
2021-06-09 10:16:38,6759.0,79467
2021-06-09 10:16:39,6759.0,79467
2021-06-09 10:16:41,6759.5,79672
2021-06-09 10:16:43,6756.75,79673
2021-06-09 10:16:43,6759.5,79672
2021-06-09 10:16:44,6759.45,79674
2021-06-09 10:16:45,6759.45,79674
2021-06-09 10:16:46,6756.9,79675
2021-06-09 10:16:47,6756.9,79675
2021-06-09 10:16:48,6756.9,79675
2021-06-09 10:16:52,6759.55,79700
2021-06-09 10:16:53,6759.55,79700
2021-06-09 10:16:54,6759.6,79702
2021-06-09 10:16:55,6759.6,79702
2021-06-09 10:16:56,6759.6,79702
2021-06-09 10:16:57,6759.6,79702
2021-06-09 10:16:58,6759.6,79702
2021-06-09 10:16:59,6759.6,79702
2021-06-09 10:17:00,6759.6,79702
2021-06-09 10:17:01,6756.9,79706
2021-06-09 10:17:02,6756.9,79706
2021-06-09 10:17:03,6759.6,79726
2021-06-09 10:17:04,6761.25,80551
2021-06-09 10:17:05,6761.25,80551
2021-06-09 10:17:06,6761.25,80551
2021-06-09 10:17:07,6761.25,80551
2021-06-09 10:17:09,6764.0,80562
2021-06-09 10:17:10,6762.0,80564
2021-06-09 10:17:12,6765.0,80569
2021-06-09 10:17:12,6765.0,80569
2021-06-09 10:17:14,6765.9,80681
2021-06-09 10:17:15,6765.9,80681
2021-06-09 10:17:16,6765.9,80681
2021-06-09 10:17:18,6765.9,80681
2021-06-09 10:17:18,6765.9,80681
2021-06-09 10:17:19,6765.9,80681
2021-06-09 10:17:20,6765.9,80681
2021-06-09 10:17:21,6765.9,80681
2021-06-09 10:17:22,6765.9,80681
2021-06-09 10:17:23,6765.9,80681
2021-06-09 10:17:24,6765.0,80682
2021-06-09 10:17:26,6762.8,80683
2021-06-09 10:17:27,6762.8,80683
2021-06-09 10:17:28,6762.8,80683
2021-06-09 10:17:29,6762.8,80683
2021-06-09 10:17:30,6762.8,80683
2021-06-09 10:17:32,6762.8,80683
2021-06-09 10:17:33,6767.95,80812
2021-06-09 10:17:33,6765.9,80684
2021-06-09 10:17:34,6767.95,80812
2021-06-09 10:17:35,6767.95,80812
2021-06-09 10:17:36,6767.95,80812
2021-06-09 10:17:37,6767.95,80812
2021-06-09 10:17:38,6767.95,80812
2021-06-09 10:17:40,6767.95,80821
2021-06-09 10:17:40,6767.95,80812
2021-06-09 10:17:41,6767.95,80821
2021-06-09 10:17:42,6767.95,80821
2021-06-09 10:17:43,6767.95,80821
2021-06-09 10:17:44,6767.95,80822
2021-06-09 10:17:45,6767.95,80822
2021-06-09 10:17:46,6768.0,80922
2021-06-09 10:17:47,6768.0,80922
2021-06-09 10:17:48,6768.0,81116
2021-06-09 10:17:49,6765.0,81181
2021-06-09 10:17:50,6765.0,81229
2021-06-09 10:17:51,6765.0,81229
2021-06-09 10:17:53,6770.0,81494
2021-06-09 10:17:53,6770.0,81494
2021-06-09 10:17:55,6770.0,81494
2021-06-09 10:17:56,6770.0,81500
2021-06-09 10:17:58,6772.4,81603
2021-06-09 10:17:59,6772.65,81605
2021-06-09 10:18:00,6773.0,81647
2021-06-09 10:18:01,6772.75,81691
2021-06-09 10:18:02,6772.75,81691
2021-06-09 10:18:03,6772.75,81691
2021-06-09 10:18:04,6772.75,81701
2021-06-09 10:18:05,6772.75,81701
2021-06-09 10:18:06,6772.75,81701
2021-06-09 10:18:08,6775.25,82645
2021-06-09 10:18:08,6777.0,82650
2021-06-09 10:18:09,6775.45,82655
2021-06-09 10:18:10,6777.0,82657
2021-06-09 10:18:12,6777.0,82706
2021-06-09 10:18:13,6779.4,82878
2021-06-09 10:18:14,6779.4,82878
2021-06-09 10:18:14,6779.4,82878
2021-06-09 10:18:16,6779.55,82926
2021-06-09 10:18:18,6779.4,83080
2021-06-09 10:18:19,6779.55,83096
2021-06-09 10:18:20,6779.4,83116
2021-06-09 10:18:20,6779.4,83116
2021-06-09 10:18:22,6779.0,83236
2021-06-09 10:18:23,6779.0,83256
2021-06-09 10:18:24,6776.05,83319
2021-06-09 10:18:25,6776.05,83319
2021-06-09 10:18:27,6776.05,83319
2021-06-09 10:18:28,6776.05,83319
2021-06-09 10:18:29,6776.0,83328
2021-06-09 10:18:30,6776.0,83328
2021-06-09 10:18:31,6776.0,83328
2021-06-09 10:18:32,6776.0,83328
2021-06-09 10:18:33,6776.0,83328
2021-06-09 10:18:34,6776.0,83342
2021-06-09 10:18:35,6777.15,83372
2021-06-09 10:18:36,6777.15,83372
2021-06-09 10:18:37,6776.0,83373
2021-06-09 10:18:38,6776.0,83374
2021-06-09 10:18:39,6776.0,83374
2021-06-09 10:18:40,6776.9,83401
2021-06-09 10:18:41,6776.9,83401
2021-06-09 10:18:42,6776.0,83431
2021-06-09 10:18:43,6776.0,83431
2021-06-09 10:18:44,6776.0,83539
2021-06-09 10:18:45,6776.0,83605
2021-06-09 10:18:46,6776.0,83606
2021-06-09 10:18:47,6779.1,83628
2021-06-09 10:18:49,6779.1,83628
2021-06-09 10:18:50,6770.5,83737
2021-06-09 10:18:51,6770.5,83737
2021-06-09 10:18:52,6770.5,83737
2021-06-09 10:18:54,6773.25,83740
2021-06-09 10:18:54,6773.25,83740
2021-06-09 10:18:55,6773.65,83742
2021-06-09 10:18:56,6773.65,83742
2021-06-09 10:18:58,6774.25,83770
2021-06-09 10:18:59,6771.35,83780
2021-06-09 10:19:00,6774.45,83790
2021-06-09 10:19:01,6771.05,83795
2021-06-09 10:19:02,6771.05,83795
2021-06-09 10:19:03,6771.35,83807
2021-06-09 10:19:04,6771.35,83807
2021-06-09 10:19:05,6771.35,83807
2021-06-09 10:19:07,6771.35,83807
2021-06-09 10:19:08,6771.35,83807
2021-06-09 10:19:09,6774.3,83811
2021-06-09 10:19:10,6771.0,83814
2021-06-09 10:19:11,6771.0,83820
2021-06-09 10:19:11,6771.0,83867
2021-06-09 10:19:12,6771.0,84267
2021-06-09 10:19:13,6771.0,84267
2021-06-09 10:19:14,6771.0,84483
2021-06-09 10:19:15,6771.0,84488
2021-06-09 10:19:16,6773.4,84588
2021-06-09 10:19:17,6773.65,84593
2021-06-09 10:19:18,6773.65,84593
2021-06-09 10:19:19,6773.65,84593
2021-06-09 10:19:20,6773.65,84593
2021-06-09 10:19:21,6773.65,84593
2021-06-09 10:19:23,6773.65,84593
2021-06-09 10:19:24,6773.65,84593
2021-06-09 10:19:25,6770.0,84677
2021-06-09 10:19:25,6770.0,84677
2021-06-09 10:19:27,6771.65,84687
2021-06-09 10:19:27,6771.65,84687
2021-06-09 10:19:28,6771.65,84687
2021-06-09 10:19:29,6771.65,84687
2021-06-09 10:19:30,6767.85,84700
2021-06-09 10:19:32,6767.85,84700
2021-06-09 10:19:33,6770.8,84720
2021-06-09 10:19:34,6770.8,84720
2021-06-09 10:19:35,6770.75,84730
2021-06-09 10:19:36,6767.0,84780
2021-06-09 10:19:37,6770.75,84790
2021-06-09 10:19:38,6770.75,84790
2021-06-09 10:19:39,6770.75,84790
2021-06-09 10:19:40,6770.75,84790
2021-06-09 10:19:41,6770.75,84790
2021-06-09 10:19:42,6770.75,84790
2021-06-09 10:19:43,6770.75,84790
2021-06-09 10:19:44,6770.75,84790
2021-06-09 10:19:45,6770.75,84790
2021-06-09 10:19:46,6770.75,84790
2021-06-09 10:19:47,6770.75,84790
2021-06-09 10:19:48,6770.7,84791
2021-06-09 10:19:49,6770.7,84791
2021-06-09 10:19:50,6770.7,84801
2021-06-09 10:19:51,6770.0,84803
2021-06-09 10:19:52,6770.0,84803
2021-06-09 10:19:54,6770.0,84803
2021-06-09 10:19:55,6770.0,84803
2021-06-09 10:19:56,6770.0,84803
2021-06-09 10:19:57,6770.7,84804
2021-06-09 10:19:58,6770.0,84810
2021-06-09 10:19:58,6770.0,84810
2021-06-09 10:19:59,6770.0,84810
2021-06-09 10:20:00,6770.0,84810
2021-06-09 10:20:01,6770.0,84810
2021-06-09 10:20:02,6770.0,84810
2021-06-09 10:20:03,6770.0,84810
2021-06-09 10:20:04,6773.0,85261
2021-06-09 10:20:05,6773.0,85261
2021-06-09 10:20:06,6774.0,85267
2021-06-09 10:20:07,6774.3,85268
2021-06-09 10:20:09,6778.95,85669
2021-06-09 10:20:10,6778.95,85669
2021-06-09 10:20:11,6778.95,85669
2021-06-09 10:20:12,6778.95,85669
2021-06-09 10:20:13,6778.95,85669
2021-06-09 10:20:14,6778.95,85669
2021-06-09 10:20:15,6776.45,85670
2021-06-09 10:20:16,6778.9,85671
2021-06-09 10:20:17,6776.2,85772
2021-06-09 10:20:18,6772.8,85871
2021-06-09 10:20:19,6772.8,85871
2021-06-09 10:20:20,6772.8,85871
2021-06-09 10:20:21,6772.8,85871
2021-06-09 10:20:22,6772.8,85871
2021-06-09 10:20:23,6772.8,85871
2021-06-09 10:20:24,6772.8,85871
2021-06-09 10:20:26,6772.8,85871
2021-06-09 10:20:27,6774.85,85878
2021-06-09 10:20:28,6774.85,85878
2021-06-09 10:20:29,6774.85,85878
2021-06-09 10:20:29,6774.85,85878
2021-06-09 10:20:30,6777.55,85889
2021-06-09 10:20:31,6775.5,85890
2021-06-09 10:20:32,6775.5,85900
2021-06-09 10:20:33,6775.5,85900
2021-06-09 10:20:34,6776.0,86214
2021-06-09 10:20:36,6778.9,86215
2021-06-09 10:20:37,6777.55,86217
2021-06-09 10:20:38,6775.65,86262
2021-06-09 10:20:38,6775.65,86262
2021-06-09 10:20:39,6775.5,86347
2021-06-09 10:20:41,6775.6,86348
2021-06-09 10:20:42,6777.9,86378
2021-06-09 10:20:43,6777.1,86952
2021-06-09 10:20:44,6777.5,87031
2021-06-09 10:20:45,6777.5,87031
2021-06-09 10:20:45,6777.5,87031
2021-06-09 10:20:46,6778.5,87081
2021-06-09 10:20:48,6778.5,87081
2021-06-09 10:20:49,6778.5,87081
2021-06-09 10:20:50,6778.5,87081
2021-06-09 10:20:51,6778.5,87081
2021-06-09 10:20:52,6778.5,87081
2021-06-09 10:20:52,6778.5,87081
2021-06-09 10:20:53,6778.5,87081
2021-06-09 10:20:54,6778.5,87081
2021-06-09 10:20:55,6779.0,87111
2021-06-09 10:20:56,6779.0,87111
2021-06-09 10:20:58,6779.0,87118
2021-06-09 10:20:59,6777.0,87127
2021-06-09 10:21:00,6775.85,87137
2021-06-09 10:21:01,6776.85,87139
2021-06-09 10:21:02,6776.85,87139
2021-06-09 10:21:04,6776.85,87139
2021-06-09 10:21:05,6775.85,87150
2021-06-09 10:21:06,6775.85,87150
2021-06-09 10:21:07,6775.85,87150
2021-06-09 10:21:08,6775.85,87150
2021-06-09 10:21:09,6773.75,87160
2021-06-09 10:21:09,6773.75,87160
2021-06-09 10:21:10,6773.75,87160
