timestamp,ltp,volume
2021-06-08 09:15:44,355.1,0
2021-06-08 09:15:44,355.1,0
2021-06-08 09:15:45,355.15,0
2021-06-08 09:15:46,355.25,0
2021-06-08 09:15:47,355.2,0
2021-06-08 09:15:48,355.1,0
2021-06-08 09:15:49,355.05,0
2021-06-08 09:15:50,355.05,0
2021-06-08 09:15:52,355.3,0
2021-06-08 09:15:53,355.2,0
2021-06-08 09:15:54,355.2,0
2021-06-08 09:15:55,355.2,0
2021-06-08 09:15:56,355.2,0
2021-06-08 09:15:57,355.25,0
2021-06-08 09:15:58,355.25,0
2021-06-08 09:15:59,355.3,0
2021-06-08 09:16:00,355.3,0
2021-06-08 09:16:04,355.2,0
2021-06-08 09:16:05,355.3,0
2021-06-08 09:16:06,355.25,0
2021-06-08 09:16:08,355.2,0
2021-06-08 09:16:10,355.35,0
2021-06-08 09:16:11,355.55,0
2021-06-08 09:16:12,355.5,0
2021-06-08 09:16:13,355.4,0
2021-06-08 09:16:14,355.4,0
2021-06-08 09:16:15,355.45,0
2021-06-08 09:16:16,355.45,0
2021-06-08 09:16:18,355.4,0
2021-06-08 09:16:21,355.35,0
2021-06-08 09:16:23,355.15,0
2021-06-08 09:16:24,355.25,0
2021-06-08 09:16:25,355.1,0
2021-06-08 09:16:27,355.05,0
2021-06-08 09:16:28,355.05,0
2021-06-08 09:16:29,354.95,0
2021-06-08 09:16:30,355.0,0
2021-06-08 09:16:31,355.15,0
2021-06-08 09:16:33,355.0,0
2021-06-08 09:16:34,355.05,0
2021-06-08 09:16:35,355.1,0
2021-06-08 09:16:36,355.0,0
2021-06-08 09:16:37,354.9,0
2021-06-08 09:16:39,354.65,0
2021-06-08 09:16:40,354.6,0
2021-06-08 09:16:41,354.6,0
2021-06-08 09:16:42,354.65,0
2021-06-08 09:16:43,354.7,0
2021-06-08 09:16:44,354.7,0
2021-06-08 09:16:45,354.75,0
2021-06-08 09:16:46,354.8,0
2021-06-08 09:16:47,354.85,0
2021-06-08 09:16:48,354.65,0
2021-06-08 09:16:50,354.75,0
2021-06-08 09:16:51,354.95,0
2021-06-08 09:16:52,354.95,0
2021-06-08 09:16:53,354.9,0
2021-06-08 09:16:54,354.85,0
2021-06-08 09:16:55,354.8,0
2021-06-08 09:16:56,354.85,0
2021-06-08 09:16:57,354.85,0
2021-06-08 09:16:58,354.85,0
2021-06-08 09:16:59,354.8,0
2021-06-08 09:17:00,354.9,0
2021-06-08 09:17:03,354.9,0
2021-06-08 09:17:04,354.9,0
2021-06-08 09:17:05,354.9,0
2021-06-08 09:17:06,354.75,0
2021-06-08 09:17:07,354.85,0
2021-06-08 09:17:08,354.75,0
2021-06-08 09:17:09,354.9,0
2021-06-08 09:17:11,354.8,0
2021-06-08 09:17:12,354.8,0
2021-06-08 09:17:13,354.8,0
2021-06-08 09:17:14,355.0,0
2021-06-08 09:17:16,354.95,0
2021-06-08 09:17:17,355.0,0
2021-06-08 09:17:18,355.15,0
2021-06-08 09:17:19,355.15,0
2021-06-08 09:17:20,355.1,0
2021-06-08 09:17:21,355.1,0
2021-06-08 09:17:22,355.0,0
2021-06-08 09:17:23,355.0,0
2021-06-08 09:17:25,355.05,0
2021-06-08 09:17:28,355.0,0
2021-06-08 09:17:30,355.0,0
2021-06-08 09:17:31,355.05,0
2021-06-08 09:17:32,355.05,0
2021-06-08 09:17:33,355.05,0
2021-06-08 09:17:34,355.05,0
2021-06-08 09:17:35,355.1,0
2021-06-08 09:17:36,355.2,0
2021-06-08 09:17:38,355.2,0
2021-06-08 09:17:39,355.35,0
2021-06-08 09:17:40,355.15,0
2021-06-08 09:17:41,355.15,0
2021-06-08 09:17:42,355.15,0
2021-06-08 09:17:43,355.25,0
2021-06-08 09:17:44,355.25,0
2021-06-08 09:17:45,355.2,0
2021-06-08 09:17:47,355.35,0
2021-06-08 09:17:48,355.4,0
2021-06-08 09:17:49,355.5,0
2021-06-08 09:17:50,355.55,0
2021-06-08 09:17:51,355.5,0
2021-06-08 09:17:52,355.45,0
2021-06-08 09:17:53,355.45,0
2021-06-08 09:17:55,355.6,0
2021-06-08 09:17:57,355.5,0
2021-06-08 09:17:58,355.65,0
2021-06-08 09:17:59,355.55,0
2021-06-08 09:18:01,355.6,0
2021-06-08 09:18:02,355.65,0
2021-06-08 09:18:03,355.55,0
2021-06-08 09:18:04,355.65,0
2021-06-08 09:18:05,355.65,0
2021-06-08 09:18:06,355.75,0
2021-06-08 09:18:07,355.7,0
2021-06-08 09:18:08,355.7,0
2021-06-08 09:18:09,355.7,0
2021-06-08 09:18:11,355.7,0
2021-06-08 09:18:12,355.7,0
2021-06-08 09:18:13,355.6,0
2021-06-08 09:18:15,355.65,0
2021-06-08 09:18:17,355.8,0
2021-06-08 09:18:18,355.75,0
2021-06-08 09:18:19,355.75,0
2021-06-08 09:18:20,355.75,0
2021-06-08 09:18:21,355.65,0
2021-06-08 09:18:23,355.65,0
2021-06-08 09:18:24,355.7,0
2021-06-08 09:18:25,355.7,0
2021-06-08 09:18:26,355.7,0
2021-06-08 09:18:27,355.75,0
2021-06-08 09:18:28,355.7,0
2021-06-08 09:18:29,355.7,0
2021-06-08 09:18:32,355.7,0
2021-06-08 09:18:33,355.65,0
2021-06-08 09:18:34,355.6,0
2021-06-08 09:18:35,355.6,0
2021-06-08 09:18:36,355.6,0
2021-06-08 09:18:37,355.65,0
2021-06-08 09:18:38,355.65,0
2021-06-08 09:18:39,355.6,0
2021-06-08 09:18:41,355.6,0
2021-06-08 09:18:42,355.5,0
2021-06-08 09:18:43,355.5,0
2021-06-08 09:18:44,355.5,0
2021-06-08 09:18:45,355.4,0
2021-06-08 09:18:46,355.5,0
2021-06-08 09:18:47,355.4,0
2021-06-08 09:18:49,355.55,0
2021-06-08 09:18:50,355.5,0
2021-06-08 09:18:52,355.55,0
2021-06-08 09:18:53,355.4,0
2021-06-08 09:18:55,355.35,0
2021-06-08 09:18:56,355.4,0
2021-06-08 09:18:57,355.45,0
2021-06-08 09:18:59,355.45,0
2021-06-08 09:19:00,355.55,0
2021-06-08 09:19:01,355.5,0
2021-06-08 09:19:02,355.55,0
2021-06-08 09:19:03,355.4,0
2021-06-08 09:19:04,355.4,0
2021-06-08 09:19:06,355.45,0
2021-06-08 09:19:07,355.45,0
2021-06-08 09:19:10,355.4,0
2021-06-08 09:19:11,355.4,0
2021-06-08 09:19:12,355.45,0
2021-06-08 09:19:13,355.4,0
2021-06-08 09:19:14,355.5,0
2021-06-08 09:19:15,355.4,0
2021-06-08 09:19:16,355.4,0
2021-06-08 09:19:17,355.45,0
2021-06-08 09:19:18,355.45,0
2021-06-08 09:19:20,355.35,0
2021-06-08 09:19:21,355.45,0
2021-06-08 09:19:22,355.45,0
2021-06-08 09:19:23,355.4,0
2021-06-08 09:19:24,355.4,0
2021-06-08 09:19:25,355.45,0
2021-06-08 09:19:26,355.45,0
2021-06-08 09:19:27,355.4,0
2021-06-08 09:19:28,355.4,0
2021-06-08 09:19:29,355.4,0
2021-06-08 09:19:30,355.45,0
2021-06-08 09:19:31,355.5,0
2021-06-08 09:19:33,355.5,0
2021-06-08 09:19:34,355.45,0
2021-06-08 09:19:36,355.45,0
2021-06-08 09:19:37,355.4,0
2021-06-08 09:19:38,355.4,0
2021-06-08 09:19:39,355.45,0
2021-06-08 09:19:40,355.45,0
2021-06-08 09:19:41,355.4,0
2021-06-08 09:19:43,355.45,0
2021-06-08 09:19:44,355.35,0
2021-06-08 09:19:45,355.35,0
2021-06-08 09:19:46,355.35,0
2021-06-08 09:19:47,355.4,0
2021-06-08 09:19:48,355.4,0
2021-06-08 09:19:49,355.3,0
2021-06-08 09:19:50,355.2,0
2021-06-08 09:19:51,355.2,0
2021-06-08 09:19:52,355.15,0
2021-06-08 09:19:53,355.1,0
2021-06-08 09:19:54,355.15,0
2021-06-08 09:19:55,355.15,0
2021-06-08 09:19:58,355.15,0
2021-06-08 09:19:59,355.2,0
2021-06-08 09:20:00,355.2,0
2021-06-08 09:20:01,355.15,0
2021-06-08 09:20:02,355.1,0
2021-06-08 09:20:03,355.1,0
2021-06-08 09:20:04,355.15,0
2021-06-08 09:20:05,355.1,0
2021-06-08 09:20:07,355.1,0
2021-06-08 09:20:09,355.1,0
2021-06-08 09:20:10,355.1,0
2021-06-08 09:20:11,355.2,0
2021-06-08 09:20:12,355.15,0
2021-06-08 09:20:14,355.1,0
2021-06-08 09:20:16,355.1,0
2021-06-08 09:20:17,355.1,0
2021-06-08 09:20:18,355.05,0
2021-06-08 09:20:19,355.1,0
2021-06-08 09:20:21,355.15,0
2021-06-08 09:20:22,355.2,0
2021-06-08 09:20:23,355.15,0
2021-06-08 09:20:26,355.05,0
2021-06-08 09:20:27,355.15,0
2021-06-08 09:20:28,355.05,0
2021-06-08 09:20:29,355.15,0
2021-06-08 09:20:30,355.05,0
2021-06-08 09:20:31,355.15,0
2021-06-08 09:20:33,355.05,0
2021-06-08 09:20:34,355.0,0
2021-06-08 09:20:35,355.05,0
2021-06-08 09:20:37,354.95,0
2021-06-08 09:20:38,355.05,0
2021-06-08 09:20:39,355.05,0
2021-06-08 09:20:40,355.0,0
2021-06-08 09:20:41,355.15,0
2021-06-08 09:20:43,355.2,0
2021-06-08 09:20:45,355.25,0
2021-06-08 09:20:46,355.2,0
2021-06-08 09:20:47,355.2,0
2021-06-08 09:20:50,355.35,0
2021-06-08 09:20:52,355.25,0
2021-06-08 09:20:53,355.25,0
2021-06-08 09:20:54,355.3,0
2021-06-08 09:20:57,355.3,0
2021-06-08 09:20:58,355.3,0
2021-06-08 09:20:59,355.25,0
2021-06-08 09:21:01,355.15,0
2021-06-08 09:21:02,355.2,0
2021-06-08 09:21:04,355.25,0
2021-06-08 09:21:05,355.15,0
2021-06-08 09:21:06,355.2,0
2021-06-08 09:21:07,355.2,0
2021-06-08 09:21:08,355.2,0
2021-06-08 09:21:09,355.15,0
2021-06-08 09:21:10,355.2,0
2021-06-08 09:21:11,355.2,0
2021-06-08 09:21:13,355.1,0
2021-06-08 09:21:16,355.1,0
2021-06-08 09:21:17,355.1,0
2021-06-08 09:21:18,355.15,0
2021-06-08 09:21:19,355.2,0
2021-06-08 09:21:21,355.15,0
2021-06-08 09:21:22,355.2,0
2021-06-08 09:21:24,355.1,0
2021-06-08 09:21:25,355.1,0
2021-06-08 09:21:26,355.15,0
2021-06-08 09:21:27,355.15,0
2021-06-08 09:21:28,355.1,0
2021-06-08 09:21:29,355.2,0
2021-06-08 09:21:30,355.2,0
2021-06-08 09:21:31,355.1,0
2021-06-08 09:21:32,355.15,0
2021-06-08 09:21:33,355.2,0
2021-06-08 09:21:34,355.2,0
2021-06-08 09:21:35,355.2,0
2021-06-08 09:21:36,355.15,0
2021-06-08 09:21:38,355.2,0
2021-06-08 09:21:39,355.2,0
2021-06-08 09:21:40,355.2,0
2021-06-08 09:21:41,355.2,0
2021-06-08 09:21:43,355.15,0
2021-06-08 09:21:44,355.1,0
2021-06-08 09:21:45,355.2,0
2021-06-08 09:21:46,355.2,0
2021-06-08 09:21:47,355.25,0
2021-06-08 09:21:48,355.3,0
2021-06-08 09:21:49,355.3,0
2021-06-08 09:21:50,355.3,0
2021-06-08 09:21:52,355.35,0
2021-06-08 09:21:53,355.4,0
2021-06-08 09:21:54,355.4,0
2021-06-08 09:21:55,355.45,0
2021-06-08 09:21:56,355.45,0
2021-06-08 09:21:57,355.45,0
2021-06-08 09:21:58,355.4,0
2021-06-08 09:21:59,355.45,0
2021-06-08 09:22:00,355.5,0
2021-06-08 09:22:02,355.5,0
2021-06-08 09:22:03,355.55,0
2021-06-08 09:22:04,355.6,0
2021-06-08 09:22:05,355.5,0
2021-06-08 09:22:06,355.55,0
2021-06-08 09:22:07,355.55,0
2021-06-08 09:22:08,355.55,0
2021-06-08 09:22:09,355.55,0
2021-06-08 09:22:10,355.55,0
2021-06-08 09:22:11,355.55,0
2021-06-08 09:22:12,355.6,0
2021-06-08 09:22:13,355.55,0
2021-06-08 09:22:14,355.55,0
2021-06-08 09:22:15,355.5,0
2021-06-08 09:22:16,355.45,0
2021-06-08 09:22:17,355.45,0
2021-06-08 09:22:19,355.55,0
2021-06-08 09:22:20,355.4,0
2021-06-08 09:22:22,355.5,0
2021-06-08 09:22:23,355.55,0
2021-06-08 09:22:24,355.55,0
2021-06-08 09:22:25,355.45,0
2021-06-08 09:22:26,355.45,0
2021-06-08 09:22:27,355.5,0
2021-06-08 09:22:29,355.45,0
2021-06-08 09:22:30,355.5,0
2021-06-08 09:22:31,355.55,0
2021-06-08 09:22:34,355.55,0
2021-06-08 09:22:35,355.5,0
2021-06-08 09:22:36,355.55,0
2021-06-08 09:22:38,355.55,0
2021-06-08 09:22:39,355.55,0
2021-06-08 09:22:40,355.55,0
2021-06-08 09:22:41,355.55,0
2021-06-08 09:22:42,355.55,0
2021-06-08 09:22:43,355.55,0
2021-06-08 09:22:44,355.5,0
2021-06-08 09:22:45,355.6,0
2021-06-08 09:22:46,355.6,0
2021-06-08 09:22:48,355.6,0
2021-06-08 09:22:50,355.65,0
2021-06-08 09:22:51,355.6,0
2021-06-08 09:22:52,355.65,0
2021-06-08 09:22:53,355.65,0
2021-06-08 09:22:54,355.6,0
2021-06-08 09:22:55,355.6,0
2021-06-08 09:22:56,355.6,0
2021-06-08 09:22:57,355.7,0
2021-06-08 09:22:58,355.65,0
2021-06-08 09:23:00,355.6,0
2021-06-08 09:23:01,355.6,0
2021-06-08 09:23:02,355.6,0
2021-06-08 09:23:03,355.55,0
2021-06-08 09:23:04,355.65,0
2021-06-08 09:23:05,355.65,0
2021-06-08 09:23:07,355.7,0
2021-06-08 09:23:08,355.55,0
2021-06-08 09:23:09,355.65,0
2021-06-08 09:23:11,355.55,0
2021-06-08 09:23:12,355.65,0
2021-06-08 09:23:13,355.7,0
2021-06-08 09:23:14,355.65,0
2021-06-08 09:23:15,355.55,0
2021-06-08 09:23:16,355.55,0
2021-06-08 09:23:17,355.6,0
2021-06-08 09:23:18,355.6,0
2021-06-08 09:23:19,355.6,0
2021-06-08 09:23:20,355.6,0
2021-06-08 09:23:21,355.6,0
2021-06-08 09:23:22,355.6,0
2021-06-08 09:23:23,355.65,0
2021-06-08 09:23:24,355.7,0
2021-06-08 09:23:25,355.6,0
2021-06-08 09:23:26,355.6,0
2021-06-08 09:23:27,355.55,0
2021-06-08 09:23:28,355.6,0
2021-06-08 09:23:29,355.6,0
2021-06-08 09:23:30,355.6,0
2021-06-08 09:23:31,355.55,0
2021-06-08 09:23:32,355.55,0
2021-06-08 09:23:33,355.65,0
2021-06-08 09:23:34,355.6,0
2021-06-08 09:23:35,355.7,0
2021-06-08 09:23:36,355.65,0
2021-06-08 09:23:37,355.6,0
2021-06-08 09:23:38,355.55,0
2021-06-08 09:23:39,355.65,0
2021-06-08 09:23:40,355.7,0
2021-06-08 09:23:41,355.65,0
2021-06-08 09:23:42,355.65,0
2021-06-08 09:23:43,355.6,0
2021-06-08 09:23:44,355.65,0
2021-06-08 09:23:46,355.55,0
2021-06-08 09:23:47,355.6,0
2021-06-08 09:23:48,355.7,0
2021-06-08 09:23:49,355.7,0
2021-06-08 09:23:50,355.7,0
2021-06-08 09:23:51,355.7,0
2021-06-08 09:23:52,355.7,0
2021-06-08 09:23:53,355.7,0
2021-06-08 09:23:54,355.7,0
2021-06-08 09:23:55,355.65,0
2021-06-08 09:23:57,355.65,0
2021-06-08 09:23:59,355.6,0
2021-06-08 09:24:01,355.6,0
2021-06-08 09:24:02,355.7,0
2021-06-08 09:24:04,355.65,0
2021-06-08 09:24:06,355.65,0
2021-06-08 09:24:07,355.6,0
2021-06-08 09:24:08,355.55,0
2021-06-08 09:24:09,355.65,0
2021-06-08 09:24:10,355.7,0
2021-06-08 09:24:11,355.7,0
2021-06-08 09:24:13,355.7,0
2021-06-08 09:24:14,355.55,0
2021-06-08 09:24:15,355.6,0
2021-06-08 09:24:16,355.7,0
2021-06-08 09:24:18,355.75,0
2021-06-08 09:24:19,355.7,0
2021-06-08 09:24:21,355.8,0
2021-06-08 09:24:22,355.8,0
2021-06-08 09:24:23,355.8,0
2021-06-08 09:24:24,355.75,0
2021-06-08 09:24:25,355.65,0
2021-06-08 09:24:26,355.75,0
2021-06-08 09:24:27,355.8,0
2021-06-08 09:24:29,355.7,0
2021-06-08 09:24:30,355.75,0
2021-06-08 09:24:32,355.85,0
2021-06-08 09:24:33,355.8,0
2021-06-08 09:24:34,355.8,0
2021-06-08 09:24:35,355.8,0
2021-06-08 09:24:36,355.8,0
2021-06-08 09:24:37,355.9,0
2021-06-08 09:24:39,355.85,0
2021-06-08 09:24:40,355.75,0
2021-06-08 09:24:41,355.85,0
2021-06-08 09:24:42,355.85,0
2021-06-08 09:24:43,355.8,0
2021-06-08 09:24:44,355.8,0
2021-06-08 09:24:45,355.75,0
2021-06-08 09:24:46,355.85,0
2021-06-08 09:24:47,355.85,0
2021-06-08 09:24:48,355.8,0
2021-06-08 09:24:49,355.85,0
2021-06-08 09:24:51,355.9,0
2021-06-08 09:24:52,355.85,0
2021-06-08 09:24:53,355.9,0
2021-06-08 09:24:54,355.95,0
2021-06-08 09:24:55,355.9,0
2021-06-08 09:24:56,355.95,0
2021-06-08 09:24:58,355.85,0
2021-06-08 09:24:59,355.75,0
2021-06-08 09:25:01,355.7,0
2021-06-08 09:25:02,355.7,0
2021-06-08 09:25:03,355.7,0
2021-06-08 09:25:05,355.65,0
2021-06-08 09:25:06,355.6,0
2021-06-08 09:25:08,355.75,0
2021-06-08 09:25:09,355.75,0
2021-06-08 09:25:10,355.65,0
2021-06-08 09:25:11,355.7,0
2021-06-08 09:25:13,355.7,0
2021-06-08 09:25:14,355.65,0
2021-06-08 09:25:15,355.7,0
2021-06-08 09:25:17,355.6,0
2021-06-08 09:25:18,355.6,0
2021-06-08 09:25:19,355.55,0
2021-06-08 09:25:20,355.6,0
2021-06-08 09:25:21,355.6,0
2021-06-08 09:25:22,355.55,0
2021-06-08 09:25:23,355.55,0
2021-06-08 09:25:24,355.6,0
2021-06-08 09:25:25,355.55,0
2021-06-08 09:25:26,355.55,0
2021-06-08 09:25:27,355.55,0
2021-06-08 09:25:28,355.55,0
2021-06-08 09:25:29,355.55,0
2021-06-08 09:25:31,355.55,0
2021-06-08 09:25:30,355.55,0
2021-06-08 09:25:32,355.55,0
2021-06-08 09:25:33,355.5,0
2021-06-08 09:25:35,355.5,0
2021-06-08 09:25:36,355.45,0
2021-06-08 09:25:37,355.55,0
2021-06-08 09:25:39,355.5,0
2021-06-08 09:25:40,355.4,0
2021-06-08 09:25:42,355.5,0
2021-06-08 09:25:43,355.5,0
2021-06-08 09:25:45,355.35,0
2021-06-08 09:25:46,355.35,0
2021-06-08 09:25:48,355.35,0
2021-06-08 09:25:49,355.4,0
2021-06-08 09:25:50,355.4,0
2021-06-08 09:25:52,355.35,0
2021-06-08 09:25:55,355.45,0
2021-06-08 09:25:56,355.4,0
2021-06-08 09:25:57,355.35,0
2021-06-08 09:25:58,355.35,0
2021-06-08 09:25:59,355.35,0
2021-06-08 09:26:02,355.3,0
2021-06-08 09:26:03,355.2,0
2021-06-08 09:26:04,355.2,0
2021-06-08 09:26:05,355.2,0
2021-06-08 09:26:06,355.15,0
2021-06-08 09:26:07,355.15,0
2021-06-08 09:26:09,355.15,0
2021-06-08 09:26:10,355.15,0
2021-06-08 09:26:11,355.1,0
2021-06-08 09:26:14,355.05,0
2021-06-08 09:26:15,355.05,0
2021-06-08 09:26:16,355.0,0
2021-06-08 09:26:17,355.05,0
2021-06-08 09:26:19,354.95,0
2021-06-08 09:26:20,355.0,0
2021-06-08 09:26:22,355.0,0
2021-06-08 09:26:24,355.0,0
2021-06-08 09:26:25,355.0,0
2021-06-08 09:26:27,355.0,0
2021-06-08 09:26:28,355.0,0
2021-06-08 09:26:30,355.0,0
2021-06-08 09:26:31,355.0,0
2021-06-08 09:26:32,355.05,0
2021-06-08 09:26:33,355.0,0
2021-06-08 09:26:34,355.0,0
2021-06-08 09:26:37,355.0,0
2021-06-08 09:26:38,355.0,0
2021-06-08 09:26:39,355.05,0
2021-06-08 09:26:40,355.05,0
2021-06-08 09:26:41,355.1,0
2021-06-08 09:26:42,355.05,0
2021-06-08 09:26:43,355.0,0
2021-06-08 09:26:44,355.05,0
2021-06-08 09:26:45,355.05,0
2021-06-08 09:26:46,355.0,0
2021-06-08 09:26:47,355.0,0
2021-06-08 09:26:48,355.0,0
2021-06-08 09:26:50,355.0,0
2021-06-08 09:26:53,355.1,0
2021-06-08 09:26:54,355.1,0
2021-06-08 09:26:55,355.1,0
2021-06-08 09:26:56,355.0,0
2021-06-08 09:26:57,355.05,0
2021-06-08 09:26:59,355.1,0
2021-06-08 09:27:00,355.15,0
2021-06-08 09:27:01,355.05,0
2021-06-08 09:27:03,355.1,0
2021-06-08 09:27:04,355.15,0
2021-06-08 09:27:05,355.1,0
2021-06-08 09:27:06,355.1,0
2021-06-08 09:27:07,354.95,0
2021-06-08 09:27:08,354.95,0
2021-06-08 09:27:09,354.95,0
2021-06-08 09:27:11,355.0,0
2021-06-08 09:27:13,355.05,0
2021-06-08 09:27:14,354.95,0
2021-06-08 09:27:16,355.05,0
2021-06-08 09:27:17,355.05,0
2021-06-08 09:27:19,355.0,0
2021-06-08 09:27:20,355.0,0
2021-06-08 09:27:21,355.05,0
2021-06-08 09:27:22,355.05,0
2021-06-08 09:27:23,355.0,0
2021-06-08 09:27:24,354.95,0
2021-06-08 09:27:25,354.95,0
2021-06-08 09:27:26,354.9,0
2021-06-08 09:27:27,354.85,0
2021-06-08 09:27:28,354.85,0
2021-06-08 09:27:29,354.9,0
2021-06-08 09:27:30,354.95,0
2021-06-08 09:27:31,354.9,0
2021-06-08 09:27:32,354.95,0
2021-06-08 09:27:33,354.9,0
2021-06-08 09:27:36,354.95,0
2021-06-08 09:27:37,354.95,0
2021-06-08 09:27:38,355.0,0
2021-06-08 09:27:39,354.9,0
2021-06-08 09:27:40,354.8,0
2021-06-08 09:27:43,354.85,0
2021-06-08 09:27:44,354.95,0
2021-06-08 09:27:45,355.0,0
2021-06-08 09:27:46,354.95,0
2021-06-08 09:27:47,354.95,0
2021-06-08 09:27:48,355.0,0
2021-06-08 09:27:49,354.95,0
2021-06-08 09:27:50,354.95,0
2021-06-08 09:27:51,354.85,0
2021-06-08 09:27:54,355.0,0
2021-06-08 09:27:55,354.95,0
2021-06-08 09:27:56,354.9,0
2021-06-08 09:27:57,354.95,0
2021-06-08 09:27:58,355.0,0
2021-06-08 09:27:59,354.95,0
2021-06-08 09:28:01,354.95,0
2021-06-08 09:28:02,354.95,0
2021-06-08 09:28:03,354.85,0
2021-06-08 09:28:04,354.85,0
2021-06-08 09:28:05,354.85,0
2021-06-08 09:28:06,354.8,0
2021-06-08 09:28:07,354.75,0
2021-06-08 09:28:08,354.7,0
2021-06-08 09:28:10,354.8,0
2021-06-08 09:28:11,354.8,0
2021-06-08 09:28:12,354.75,0
2021-06-08 09:28:13,354.8,0
2021-06-08 09:28:14,354.8,0
2021-06-08 09:28:15,354.75,0
2021-06-08 09:28:16,354.8,0
2021-06-08 09:28:18,354.6,0
2021-06-08 09:28:19,354.5,0
2021-06-08 09:28:20,354.5,0
2021-06-08 09:28:24,354.6,0
2021-06-08 09:28:26,354.65,0
2021-06-08 09:28:27,354.6,0
2021-06-08 09:28:28,354.6,0
2021-06-08 09:28:29,354.6,0
2021-06-08 09:28:30,354.65,0
2021-06-08 09:28:31,354.6,0
2021-06-08 09:28:32,354.6,0
2021-06-08 09:28:33,354.6,0
2021-06-08 09:28:34,354.6,0
2021-06-08 09:28:36,354.65,0
2021-06-08 09:28:37,354.6,0
2021-06-08 09:28:38,354.7,0
2021-06-08 09:28:39,354.7,0
2021-06-08 09:28:40,354.7,0
2021-06-08 09:28:41,354.65,0
2021-06-08 09:28:42,354.65,0
2021-06-08 09:28:43,354.65,0
2021-06-08 09:28:45,354.7,0
2021-06-08 09:28:46,354.65,0
2021-06-08 09:28:47,354.7,0
2021-06-08 09:28:48,354.75,0
2021-06-08 09:28:50,354.6,0
2021-06-08 09:28:51,354.65,0
2021-06-08 09:28:52,354.65,0
2021-06-08 09:28:53,354.65,0
2021-06-08 09:28:54,354.55,0
2021-06-08 09:28:56,354.55,0
2021-06-08 09:28:57,354.55,0
2021-06-08 09:28:58,354.65,0
2021-06-08 09:29:00,354.6,0
2021-06-08 09:29:02,354.55,0
2021-06-08 09:29:03,354.7,0
2021-06-08 09:29:05,354.65,0
2021-06-08 09:29:06,354.65,0
2021-06-08 09:29:07,354.65,0
2021-06-08 09:29:08,354.6,0
2021-06-08 09:29:09,354.65,0
2021-06-08 09:29:10,354.7,0
2021-06-08 09:29:11,354.7,0
2021-06-08 09:29:12,354.7,0
2021-06-08 09:29:13,354.7,0
2021-06-08 09:29:14,354.7,0
2021-06-08 09:29:15,354.65,0
2021-06-08 09:29:16,354.65,0
2021-06-08 09:29:19,354.75,0
2021-06-08 09:29:20,354.75,0
2021-06-08 09:29:22,354.75,0
2021-06-08 09:29:24,354.75,0
2021-06-08 09:29:25,354.6,0
2021-06-08 09:29:26,354.65,0
2021-06-08 09:29:27,354.6,0
2021-06-08 09:29:28,354.65,0
2021-06-08 09:29:29,354.7,0
2021-06-08 09:29:31,354.6,0
2021-06-08 09:29:32,354.55,0
2021-06-08 09:29:33,354.7,0
2021-06-08 09:29:34,354.7,0
2021-06-08 09:29:35,354.7,0
2021-06-08 09:29:37,354.75,0
2021-06-08 09:29:39,354.8,0
2021-06-08 09:29:40,354.75,0
2021-06-08 09:29:41,354.7,0
2021-06-08 09:29:42,354.75,0
2021-06-08 09:29:43,354.75,0
2021-06-08 09:29:44,354.7,0
2021-06-08 09:29:45,354.7,0
2021-06-08 09:29:48,354.7,0
2021-06-08 09:29:49,354.7,0
2021-06-08 09:29:50,354.7,0
2021-06-08 09:29:51,354.65,0
2021-06-08 09:29:54,354.7,0
2021-06-08 09:29:55,354.7,0
2021-06-08 09:29:56,354.8,0
2021-06-08 09:29:57,354.75,0
2021-06-08 09:29:58,354.75,0
2021-06-08 09:29:59,354.7,0
2021-06-08 09:30:00,354.7,0
2021-06-08 09:30:02,354.7,0
2021-06-08 09:30:03,354.7,0
2021-06-08 09:30:04,354.7,0
2021-06-08 09:30:05,354.65,0
2021-06-08 09:30:07,354.65,0
2021-06-08 09:30:06,354.65,0
2021-06-08 09:30:09,354.7,0
2021-06-08 09:30:10,354.85,0
2021-06-08 09:30:11,354.8,0
2021-06-08 09:30:12,354.75,0
2021-06-08 09:30:13,354.7,0
2021-06-08 09:30:14,354.7,0
2021-06-08 09:30:15,354.75,0
2021-06-08 09:30:17,354.75,0
2021-06-08 09:30:18,354.75,0
2021-06-08 09:30:19,354.7,0
2021-06-08 09:30:20,354.75,0
2021-06-08 09:30:21,354.75,0
2021-06-08 09:30:22,354.8,0
2021-06-08 09:30:23,354.8,0
2021-06-08 09:30:25,354.85,0
2021-06-08 09:30:27,354.85,0
2021-06-08 09:30:29,354.75,0
2021-06-08 09:30:30,354.7,0
2021-06-08 09:30:31,354.75,0
2021-06-08 09:30:32,354.75,0
2021-06-08 09:30:33,354.75,0
2021-06-08 09:30:34,354.75,0
2021-06-08 09:30:35,354.75,0
2021-06-08 09:30:36,354.8,0
2021-06-08 09:30:37,354.75,0
2021-06-08 09:30:38,354.7,0
2021-06-08 09:30:39,354.75,0
2021-06-08 09:30:40,354.75,0
2021-06-08 09:30:41,354.75,0
2021-06-08 09:30:42,354.75,0
2021-06-08 09:30:43,354.75,0
2021-06-08 09:30:44,354.7,0
2021-06-08 09:30:45,354.7,0
2021-06-08 09:30:46,354.8,0
2021-06-08 09:30:47,354.7,0
2021-06-08 09:30:48,354.65,0
2021-06-08 09:30:49,354.75,0
2021-06-08 09:30:50,354.6,0
2021-06-08 09:30:51,354.55,0
2021-06-08 09:30:54,354.65,0
2021-06-08 09:30:55,354.4,0
2021-06-08 09:30:56,354.5,0
2021-06-08 09:30:57,354.6,0
2021-06-08 09:30:58,354.6,0
2021-06-08 09:30:59,354.65,0
2021-06-08 09:31:00,354.65,0
2021-06-08 09:31:01,354.6,0
2021-06-08 09:31:04,354.6,0
2021-06-08 09:31:07,354.6,0
2021-06-08 09:31:08,354.55,0
2021-06-08 09:31:10,354.6,0
2021-06-08 09:31:11,354.55,0
2021-06-08 09:31:12,354.55,0
2021-06-08 09:31:13,354.55,0
2021-06-08 09:31:14,354.45,0
2021-06-08 09:31:15,354.55,0
2021-06-08 09:31:16,354.55,0
2021-06-08 09:31:17,354.55,0
2021-06-08 09:31:18,354.6,0
2021-06-08 09:31:19,354.55,0
2021-06-08 09:31:20,354.6,0
2021-06-08 09:31:21,354.55,0
2021-06-08 09:31:22,354.45,0
2021-06-08 09:31:23,354.45,0
2021-06-08 09:31:24,354.5,0
2021-06-08 09:31:25,354.5,0
2021-06-08 09:31:26,354.45,0
2021-06-08 09:31:27,354.45,0
2021-06-08 09:31:28,354.5,0
2021-06-08 09:31:30,354.6,0
2021-06-08 09:31:32,354.6,0
2021-06-08 09:31:33,354.55,0
2021-06-08 09:31:34,354.7,0
2021-06-08 09:31:37,354.6,0
2021-06-08 09:31:38,354.6,0
2021-06-08 09:31:40,354.6,0
2021-06-08 09:31:41,354.6,0
2021-06-08 09:31:42,354.55,0
2021-06-08 09:31:43,354.55,0
2021-06-08 09:31:45,354.55,0
2021-06-08 09:31:47,354.55,0
2021-06-08 09:31:48,354.55,0
2021-06-08 09:31:49,354.4,0
2021-06-08 09:31:50,354.4,0
2021-06-08 09:31:51,354.45,0
2021-06-08 09:31:52,354.4,0
2021-06-08 09:31:53,354.4,0
2021-06-08 09:31:54,354.4,0
2021-06-08 09:31:55,354.45,0
2021-06-08 09:31:56,354.5,0
2021-06-08 09:31:57,354.5,0
2021-06-08 09:31:59,354.55,0
2021-06-08 09:32:00,354.5,0
2021-06-08 09:32:01,354.45,0
2021-06-08 09:32:02,354.55,0
2021-06-08 09:32:03,354.5,0
2021-06-08 09:32:04,354.5,0
2021-06-08 09:32:05,354.5,0
2021-06-08 09:32:06,354.55,0
2021-06-08 09:32:07,354.55,0
2021-06-08 09:32:09,354.35,0
2021-06-08 09:32:10,354.4,0
2021-06-08 09:32:11,354.2,0
2021-06-08 09:32:12,354.25,0
2021-06-08 09:32:13,354.2,0
2021-06-08 09:32:14,354.1,0
2021-06-08 09:32:16,354.15,0
2021-06-08 09:32:18,354.1,0
2021-06-08 09:32:19,354.15,0
2021-06-08 09:32:20,354.2,0
2021-06-08 09:32:21,354.15,0
2021-06-08 09:32:22,354.15,0
2021-06-08 09:32:23,354.2,0
2021-06-08 09:32:25,354.25,0
2021-06-08 09:32:26,354.25,0
2021-06-08 09:32:28,354.3,0
2021-06-08 09:32:29,354.45,0
2021-06-08 09:32:30,354.45,0
2021-06-08 09:32:31,354.4,0
2021-06-08 09:32:32,354.4,0
2021-06-08 09:32:33,354.5,0
2021-06-08 09:32:34,354.45,0
2021-06-08 09:32:36,354.45,0
2021-06-08 09:32:38,354.55,0
2021-06-08 09:32:39,354.7,0
2021-06-08 09:32:40,354.7,0
2021-06-08 09:32:42,354.85,0
2021-06-08 09:32:44,354.8,0
2021-06-08 09:32:45,354.75,0
2021-06-08 09:32:46,354.8,0
2021-06-08 09:32:47,354.8,0
2021-06-08 09:32:48,354.8,0
2021-06-08 09:32:51,354.65,0
2021-06-08 09:32:52,354.8,0
2021-06-08 09:32:53,354.85,0
2021-06-08 09:32:54,354.8,0
2021-06-08 09:32:55,354.85,0
2021-06-08 09:32:56,354.85,0
2021-06-08 09:32:57,354.8,0
2021-06-08 09:32:58,354.8,0
2021-06-08 09:32:59,354.85,0
2021-06-08 09:33:00,354.9,0
2021-06-08 09:33:01,354.85,0
2021-06-08 09:33:02,354.75,0
2021-06-08 09:33:03,354.75,0
2021-06-08 09:33:04,354.8,0
2021-06-08 09:33:05,354.8,0
2021-06-08 09:33:06,354.85,0
2021-06-08 09:33:07,354.85,0
2021-06-08 09:33:08,354.9,0
2021-06-08 09:33:10,354.9,0
2021-06-08 09:33:11,354.85,0
2021-06-08 09:33:12,354.85,0
2021-06-08 09:33:13,354.85,0
2021-06-08 09:33:14,354.85,0
2021-06-08 09:33:15,354.9,0
2021-06-08 09:33:16,354.85,0
2021-06-08 09:33:17,354.9,0
2021-06-08 09:33:19,354.9,0
2021-06-08 09:33:20,354.9,0
2021-06-08 09:33:21,354.9,0
2021-06-08 09:33:22,354.85,0
2021-06-08 09:33:23,354.9,0
2021-06-08 09:33:24,354.9,0
2021-06-08 09:33:26,354.9,0
2021-06-08 09:33:27,354.95,0
2021-06-08 09:33:28,354.95,0
2021-06-08 09:33:29,354.9,0
2021-06-08 09:33:30,354.9,0
2021-06-08 09:33:33,355.0,0
2021-06-08 09:33:34,355.0,0
2021-06-08 09:33:35,355.05,0
2021-06-08 09:33:36,354.95,0
2021-06-08 09:33:38,354.95,0
2021-06-08 09:33:40,355.0,0
2021-06-08 09:33:41,354.95,0
2021-06-08 09:33:42,355.0,0
2021-06-08 09:33:43,355.0,0
2021-06-08 09:33:44,354.9,0
2021-06-08 09:33:45,354.9,0
2021-06-08 09:33:46,354.9,0
2021-06-08 09:33:47,354.95,0
2021-06-08 09:33:48,355.0,0
2021-06-08 09:33:49,355.0,0
2021-06-08 09:33:50,355.0,0
2021-06-08 09:33:51,354.95,0
2021-06-08 09:33:53,355.0,0
2021-06-08 09:33:55,355.0,0
2021-06-08 09:33:57,354.95,0
2021-06-08 09:33:58,355.0,0
2021-06-08 09:33:59,355.0,0
2021-06-08 09:34:00,355.05,0
2021-06-08 09:34:01,355.0,0
2021-06-08 09:34:02,354.95,0
2021-06-08 09:34:03,354.95,0
2021-06-08 09:34:04,354.95,0
2021-06-08 09:34:06,354.9,0
2021-06-08 09:34:07,354.95,0
2021-06-08 09:34:08,354.95,0
2021-06-08 09:34:09,354.95,0
2021-06-08 09:34:10,355.05,0
2021-06-08 09:34:11,355.05,0
2021-06-08 09:34:12,355.05,0
2021-06-08 09:34:14,354.95,0
2021-06-08 09:34:15,354.9,0
2021-06-08 09:34:16,354.9,0
2021-06-08 09:34:17,354.9,0
2021-06-08 09:34:18,354.9,0
2021-06-08 09:34:19,354.85,0
2021-06-08 09:34:20,354.85,0
2021-06-08 09:34:23,354.85,0
2021-06-08 09:34:24,354.85,0
2021-06-08 09:34:25,354.85,0
2021-06-08 09:34:26,354.85,0
2021-06-08 09:34:27,354.9,0
2021-06-08 09:34:30,354.9,0
2021-06-08 09:34:31,354.9,0
2021-06-08 09:34:35,354.9,0
2021-06-08 09:34:36,354.8,0
2021-06-08 09:34:37,354.8,0
2021-06-08 09:34:38,354.8,0
2021-06-08 09:34:43,354.75,0
2021-06-08 09:34:44,354.75,0
2021-06-08 09:34:46,354.8,0
2021-06-08 09:34:47,354.7,0
2021-06-08 09:34:48,354.7,0
2021-06-08 09:34:49,354.65,0
2021-06-08 09:34:50,354.65,0
2021-06-08 09:34:51,354.75,0
2021-06-08 09:34:52,354.8,0
2021-06-08 09:34:54,354.7,0
2021-06-08 09:34:55,354.7,0
2021-06-08 09:34:56,354.7,0
2021-06-08 09:34:57,354.75,0
2021-06-08 09:34:58,354.7,0
2021-06-08 09:35:01,354.8,0
2021-06-08 09:35:02,354.8,0
2021-06-08 09:35:03,354.8,0
2021-06-08 09:35:04,354.8,0
2021-06-08 09:35:05,354.8,0
2021-06-08 09:35:06,354.8,0
2021-06-08 09:35:07,354.75,0
2021-06-08 09:35:08,354.9,0
2021-06-08 09:35:09,354.9,0
2021-06-08 09:35:10,354.8,0
2021-06-08 09:35:12,354.9,0
2021-06-08 09:35:13,354.85,0
2021-06-08 09:35:14,354.8,0
2021-06-08 09:35:15,354.85,0
2021-06-08 09:35:16,354.9,0
2021-06-08 09:35:17,354.9,0
2021-06-08 09:35:18,354.9,0
2021-06-08 09:35:19,354.8,0
2021-06-08 09:35:20,354.85,0
2021-06-08 09:35:21,354.8,0
2021-06-08 09:35:22,354.9,0
2021-06-08 09:35:24,354.9,0
2021-06-08 09:35:25,354.85,0
2021-06-08 09:35:26,354.85,0
2021-06-08 09:35:27,354.85,0
2021-06-08 09:35:30,354.8,0
2021-06-08 09:35:31,354.8,0
2021-06-08 09:35:32,354.8,0
2021-06-08 09:35:33,354.85,0
2021-06-08 09:35:34,354.85,0
2021-06-08 09:35:35,354.75,0
2021-06-08 09:35:38,354.8,0
2021-06-08 09:35:39,354.75,0
2021-06-08 09:35:40,354.75,0
2021-06-08 09:35:42,354.85,0
2021-06-08 09:35:43,354.9,0
2021-06-08 09:35:45,354.9,0
2021-06-08 09:35:46,354.85,0
2021-06-08 09:35:47,354.9,0
2021-06-08 09:35:48,354.95,0
2021-06-08 09:35:49,354.9,0
2021-06-08 09:35:50,354.95,0
2021-06-08 09:35:51,354.85,0
2021-06-08 09:35:52,354.9,0
2021-06-08 09:35:53,354.9,0
2021-06-08 09:35:54,355.0,0
2021-06-08 09:35:56,355.0,0
2021-06-08 09:35:57,354.95,0
2021-06-08 09:35:58,354.95,0
2021-06-08 09:36:00,355.0,0
2021-06-08 09:36:01,355.0,0
2021-06-08 09:36:02,354.95,0
2021-06-08 09:36:04,355.05,0
2021-06-08 09:36:08,355.15,0
2021-06-08 09:36:10,355.1,0
2021-06-08 09:36:11,355.2,0
2021-06-08 09:36:12,355.15,0
2021-06-08 09:36:13,355.15,0
2021-06-08 09:36:14,355.15,0
2021-06-08 09:36:15,355.3,0
2021-06-08 09:36:16,355.3,0
2021-06-08 09:36:18,355.25,0
2021-06-08 09:36:19,355.25,0
2021-06-08 09:36:20,355.3,0
2021-06-08 09:36:21,355.3,0
2021-06-08 09:36:22,355.3,0
2021-06-08 09:36:23,355.3,0
2021-06-08 09:36:24,355.25,0
2021-06-08 09:36:25,355.3,0
2021-06-08 09:36:27,355.3,0
2021-06-08 09:36:28,355.35,0
2021-06-08 09:36:31,355.25,0
2021-06-08 09:36:32,355.35,0
2021-06-08 09:36:33,355.3,0
2021-06-08 09:36:34,355.3,0
2021-06-08 09:36:35,355.25,0
2021-06-08 09:36:36,355.25,0
2021-06-08 09:36:37,355.25,0
2021-06-08 09:36:38,355.25,0
2021-06-08 09:36:39,355.15,0
2021-06-08 09:36:40,355.15,0
2021-06-08 09:36:41,355.15,0
2021-06-08 09:36:42,355.15,0
2021-06-08 09:36:43,355.15,0
2021-06-08 09:36:44,355.2,0
2021-06-08 09:36:45,355.05,0
2021-06-08 09:36:47,355.1,0
2021-06-08 09:36:48,355.05,0
2021-06-08 09:36:50,354.95,0
2021-06-08 09:36:51,355.05,0
2021-06-08 09:36:52,355.05,0
2021-06-08 09:36:53,355.0,0
2021-06-08 09:36:56,354.9,0
2021-06-08 09:36:57,354.85,0
2021-06-08 09:36:58,354.9,0
2021-06-08 09:36:59,354.9,0
2021-06-08 09:37:00,354.95,0
2021-06-08 09:37:01,354.85,0
2021-06-08 09:37:03,354.95,0
2021-06-08 09:37:04,354.95,0
2021-06-08 09:37:05,354.95,0
2021-06-08 09:37:07,354.95,0
2021-06-08 09:37:08,354.95,0
2021-06-08 09:37:09,355.0,0
2021-06-08 09:37:10,355.0,0
2021-06-08 09:37:12,354.95,0
2021-06-08 09:37:14,355.05,0
2021-06-08 09:37:16,354.95,0
2021-06-08 09:37:17,354.9,0
2021-06-08 09:37:18,354.9,0
2021-06-08 09:37:20,354.95,0
2021-06-08 09:37:21,354.95,0
2021-06-08 09:37:22,354.95,0
2021-06-08 09:37:23,355.0,0
2021-06-08 09:37:24,355.0,0
2021-06-08 09:37:25,354.95,0
2021-06-08 09:37:26,355.0,0
2021-06-08 09:37:27,355.0,0
2021-06-08 09:37:28,355.0,0
2021-06-08 09:37:29,355.0,0
2021-06-08 09:37:30,354.95,0
2021-06-08 09:37:31,354.95,0
2021-06-08 09:37:32,355.0,0
2021-06-08 09:37:33,354.95,0
2021-06-08 09:37:34,354.9,0
2021-06-08 09:37:35,354.9,0
2021-06-08 09:37:36,354.9,0
2021-06-08 09:37:37,354.9,0
2021-06-08 09:37:38,354.9,0
2021-06-08 09:37:39,354.95,0
2021-06-08 09:37:41,354.95,0
2021-06-08 09:37:42,354.9,0
2021-06-08 09:37:43,354.9,0
2021-06-08 09:37:44,354.9,0
2021-06-08 09:37:45,354.9,0
2021-06-08 09:37:46,354.9,0
2021-06-08 09:37:47,354.95,0
2021-06-08 09:37:49,354.95,0
2021-06-08 09:37:50,354.95,0
2021-06-08 09:37:51,354.95,0
2021-06-08 09:37:52,354.95,0
2021-06-08 09:37:53,354.95,0
2021-06-08 09:37:54,354.95,0
2021-06-08 09:37:55,354.95,0
2021-06-08 09:37:57,354.95,0
2021-06-08 09:37:58,354.9,0
2021-06-08 09:38:00,354.8,0
2021-06-08 09:38:01,354.8,0
2021-06-08 09:38:02,354.85,0
2021-06-08 09:38:03,354.9,0
2021-06-08 09:38:05,354.8,0
2021-06-08 09:38:08,354.85,0
2021-06-08 09:38:10,354.85,0
2021-06-08 09:38:11,354.85,0
2021-06-08 09:38:12,354.85,0
2021-06-08 09:38:13,354.8,0
2021-06-08 09:38:15,354.9,0
2021-06-08 09:38:18,354.85,0
2021-06-08 09:38:21,354.9,0
2021-06-08 09:38:23,354.95,0
2021-06-08 09:38:24,355.05,0
2021-06-08 09:38:25,355.05,0
2021-06-08 09:38:26,355.1,0
2021-06-08 09:38:27,355.05,0
2021-06-08 09:38:28,355.05,0
2021-06-08 09:38:29,355.05,0
2021-06-08 09:38:30,355.05,0
2021-06-08 09:38:31,355.0,0
2021-06-08 09:38:32,355.1,0
2021-06-08 09:38:35,355.1,0
2021-06-08 09:38:37,355.05,0
2021-06-08 09:38:38,355.05,0
2021-06-08 09:38:39,355.05,0
2021-06-08 09:38:40,355.05,0
2021-06-08 09:38:42,355.1,0
2021-06-08 09:38:43,355.05,0
2021-06-08 09:38:44,355.1,0
2021-06-08 09:38:47,354.95,0
2021-06-08 09:38:48,354.95,0
2021-06-08 09:38:50,355.0,0
2021-06-08 09:38:51,355.05,0
2021-06-08 09:38:53,355.05,0
2021-06-08 09:38:54,355.05,0
2021-06-08 09:38:55,355.1,0
2021-06-08 09:38:56,355.1,0
2021-06-08 09:38:57,355.0,0
2021-06-08 09:38:59,355.15,0
2021-06-08 09:39:00,355.15,0
2021-06-08 09:39:01,355.15,0
2021-06-08 09:39:04,355.05,0
2021-06-08 09:39:05,355.05,0
2021-06-08 09:39:06,355.1,0
2021-06-08 09:39:07,355.1,0
2021-06-08 09:39:08,355.1,0
2021-06-08 09:39:09,355.15,0
2021-06-08 09:39:10,355.15,0
2021-06-08 09:39:11,355.2,0
2021-06-08 09:39:12,355.2,0
2021-06-08 09:39:13,355.1,0
2021-06-08 09:39:14,355.1,0
2021-06-08 09:39:15,355.1,0
2021-06-08 09:39:17,354.9,0
2021-06-08 09:39:18,354.9,0
2021-06-08 09:39:19,354.85,0
2021-06-08 09:39:21,354.85,0
2021-06-08 09:39:22,354.85,0
2021-06-08 09:39:23,354.9,0
2021-06-08 09:39:25,354.85,0
2021-06-08 09:39:26,354.95,0
2021-06-08 09:39:28,354.75,0
2021-06-08 09:39:29,354.8,0
2021-06-08 09:39:30,354.8,0
2021-06-08 09:39:31,354.75,0
2021-06-08 09:39:33,354.75,0
2021-06-08 09:39:34,354.75,0
2021-06-08 09:39:36,354.7,0
2021-06-08 09:39:39,354.7,0
2021-06-08 09:39:40,354.6,0
2021-06-08 09:39:41,354.6,0
2021-06-08 09:39:42,354.55,0
2021-06-08 09:39:43,354.6,0
2021-06-08 09:39:44,354.55,0
2021-06-08 09:39:46,354.6,0
2021-06-08 09:39:48,354.7,0
2021-06-08 09:39:49,354.7,0
2021-06-08 09:39:50,354.7,0
2021-06-08 09:39:51,354.6,0
2021-06-08 09:39:52,354.7,0
2021-06-08 09:39:53,354.65,0
2021-06-08 09:39:54,354.65,0
2021-06-08 09:39:55,354.75,0
2021-06-08 09:39:56,354.8,0
2021-06-08 09:39:57,354.75,0
2021-06-08 09:39:58,354.8,0
2021-06-08 09:39:59,354.8,0
2021-06-08 09:40:00,354.8,0
2021-06-08 09:40:01,354.8,0
2021-06-08 09:40:02,354.8,0
2021-06-08 09:40:03,354.7,0
2021-06-08 09:40:05,354.8,0
2021-06-08 09:40:06,354.8,0
2021-06-08 09:40:07,354.65,0
2021-06-08 09:40:09,354.6,0
2021-06-08 09:40:10,354.65,0
2021-06-08 09:40:11,354.65,0
2021-06-08 09:40:12,354.65,0
2021-06-08 09:40:14,354.65,0
2021-06-08 09:40:16,354.65,0
2021-06-08 09:40:17,354.6,0
2021-06-08 09:40:18,354.6,0
2021-06-08 09:40:19,354.6,0
2021-06-08 09:40:20,354.6,0
2021-06-08 09:40:21,354.55,0
2021-06-08 09:40:22,354.55,0
2021-06-08 09:40:23,354.5,0
2021-06-08 09:40:24,354.6,0
2021-06-08 09:40:25,354.55,0
2021-06-08 09:40:27,354.5,0
2021-06-08 09:40:28,354.45,0
2021-06-08 09:40:30,354.45,0
2021-06-08 09:40:31,354.45,0
2021-06-08 09:40:32,354.4,0
2021-06-08 09:40:33,354.4,0
2021-06-08 09:40:34,354.35,0
2021-06-08 09:40:35,354.35,0
2021-06-08 09:40:36,354.35,0
2021-06-08 09:40:38,354.25,0
2021-06-08 09:40:39,354.25,0
2021-06-08 09:40:40,354.2,0
2021-06-08 09:40:41,354.2,0
2021-06-08 09:40:42,354.3,0
2021-06-08 09:40:43,354.25,0
2021-06-08 09:40:44,354.3,0
2021-06-08 09:40:45,354.25,0
2021-06-08 09:40:47,354.2,0
2021-06-08 09:40:48,354.3,0
2021-06-08 09:40:49,354.25,0
2021-06-08 09:40:50,354.2,0
2021-06-08 09:40:52,354.3,0
2021-06-08 09:40:53,354.25,0
2021-06-08 09:40:54,354.25,0
2021-06-08 09:40:55,354.25,0
2021-06-08 09:40:56,354.2,0
2021-06-08 09:40:57,354.25,0
2021-06-08 09:40:58,354.25,0
2021-06-08 09:40:59,354.25,0
2021-06-08 09:41:00,354.2,0
2021-06-08 09:41:01,354.25,0
2021-06-08 09:41:02,354.25,0
2021-06-08 09:41:03,354.25,0
2021-06-08 09:41:05,354.2,0
2021-06-08 09:41:06,354.25,0
2021-06-08 09:41:07,354.1,0
2021-06-08 09:41:10,354.15,0
2021-06-08 09:41:12,354.0,0
2021-06-08 09:41:13,354.0,0
2021-06-08 09:41:15,354.0,0
2021-06-08 09:41:17,354.05,0
2021-06-08 09:41:18,354.15,0
2021-06-08 09:41:19,354.05,0
2021-06-08 09:41:20,354.0,0
2021-06-08 09:41:21,353.95,0
2021-06-08 09:41:24,354.0,0
2021-06-08 09:41:25,354.0,0
2021-06-08 09:41:26,354.05,0
2021-06-08 09:41:29,354.0,0
2021-06-08 09:41:30,354.0,0
2021-06-08 09:41:31,354.05,0
2021-06-08 09:41:32,354.0,0
2021-06-08 09:41:33,354.0,0
2021-06-08 09:41:34,354.0,0
2021-06-08 09:41:36,354.0,0
2021-06-08 09:41:37,354.0,0
2021-06-08 09:41:39,353.9,0
2021-06-08 09:41:40,353.9,0
2021-06-08 09:41:41,353.95,0
2021-06-08 09:41:42,353.95,0
2021-06-08 09:41:43,353.9,0
2021-06-08 09:41:44,353.9,0
2021-06-08 09:41:45,353.95,0
2021-06-08 09:41:46,353.95,0
2021-06-08 09:41:48,353.95,0
2021-06-08 09:41:49,353.9,0
2021-06-08 09:41:50,353.9,0
2021-06-08 09:41:53,353.85,0
2021-06-08 09:41:55,353.9,0
2021-06-08 09:41:56,353.9,0
2021-06-08 09:41:57,353.85,0
2021-06-08 09:41:58,353.9,0
2021-06-08 09:41:59,353.8,0
2021-06-08 09:42:00,353.8,0
2021-06-08 09:42:01,353.75,0
2021-06-08 09:42:02,353.75,0
2021-06-08 09:42:03,353.8,0
2021-06-08 09:42:04,353.7,0
2021-06-08 09:42:06,353.75,0
2021-06-08 09:42:07,353.75,0
2021-06-08 09:42:08,353.7,0
2021-06-08 09:42:09,353.75,0
2021-06-08 09:42:10,353.7,0
2021-06-08 09:42:11,353.75,0
2021-06-08 09:42:12,353.7,0
2021-06-08 09:42:14,353.8,0
2021-06-08 09:42:15,353.75,0
2021-06-08 09:42:16,353.75,0
2021-06-08 09:42:17,353.8,0
2021-06-08 09:42:18,353.75,0
2021-06-08 09:42:19,353.75,0
2021-06-08 09:42:20,353.75,0
2021-06-08 09:42:21,353.7,0
2021-06-08 09:42:22,353.8,0
2021-06-08 09:42:23,353.75,0
2021-06-08 09:42:24,353.75,0
2021-06-08 09:42:25,353.7,0
2021-06-08 09:42:26,353.75,0
2021-06-08 09:42:27,353.7,0
2021-06-08 09:42:28,353.75,0
2021-06-08 09:42:29,353.8,0
2021-06-08 09:42:30,353.75,0
2021-06-08 09:42:31,353.75,0
2021-06-08 09:42:33,353.8,0
2021-06-08 09:42:34,353.8,0
2021-06-08 09:42:37,353.8,0
2021-06-08 09:42:40,353.75,0
2021-06-08 09:42:41,353.7,0
2021-06-08 09:42:44,353.7,0
2021-06-08 09:42:45,353.75,0
2021-06-08 09:42:46,353.7,0
2021-06-08 09:42:48,353.7,0
2021-06-08 09:42:49,353.6,0
2021-06-08 09:42:50,353.5,0
2021-06-08 09:42:51,353.55,0
2021-06-08 09:42:52,353.55,0
2021-06-08 09:42:53,353.55,0
2021-06-08 09:42:54,353.55,0
2021-06-08 09:42:55,353.55,0
2021-06-08 09:42:56,353.5,0
2021-06-08 09:42:58,353.5,0
2021-06-08 09:42:59,353.5,0
2021-06-08 09:43:00,353.5,0
2021-06-08 09:43:01,353.5,0
2021-06-08 09:43:02,353.45,0
2021-06-08 09:43:03,353.55,0
2021-06-08 09:43:04,353.45,0
2021-06-08 09:43:05,353.2,0
2021-06-08 09:43:06,353.25,0
2021-06-08 09:43:07,353.25,0
2021-06-08 09:43:08,353.2,0
2021-06-08 09:43:09,353.15,0
2021-06-08 09:43:10,353.15,0
2021-06-08 09:43:11,353.15,0
2021-06-08 09:43:12,353.2,0
2021-06-08 09:43:13,353.1,0
2021-06-08 09:43:14,353.0,0
2021-06-08 09:43:15,353.1,0
2021-06-08 09:43:16,353.05,0
2021-06-08 09:43:17,353.05,0
2021-06-08 09:43:19,353.05,0
2021-06-08 09:43:21,352.95,0
2021-06-08 09:43:22,352.95,0
2021-06-08 09:43:23,352.95,0
2021-06-08 09:43:24,353.05,0
2021-06-08 09:43:25,352.9,0
2021-06-08 09:43:26,353.0,0
2021-06-08 09:43:27,353.0,0
2021-06-08 09:43:29,352.95,0
2021-06-08 09:43:31,352.9,0
2021-06-08 09:43:33,352.9,0
2021-06-08 09:43:34,352.95,0
2021-06-08 09:43:35,352.9,0
2021-06-08 09:43:37,352.95,0
2021-06-08 09:43:38,353.0,0
2021-06-08 09:43:39,352.95,0
2021-06-08 09:43:40,352.95,0
2021-06-08 09:43:42,353.0,0
2021-06-08 09:43:43,352.95,0
2021-06-08 09:43:45,352.85,0
2021-06-08 09:43:46,352.9,0
2021-06-08 09:43:49,352.9,0
2021-06-08 09:43:51,352.85,0
2021-06-08 09:43:53,353.0,0
2021-06-08 09:43:54,352.9,0
2021-06-08 09:43:55,352.9,0
2021-06-08 09:43:57,352.9,0
2021-06-08 09:43:58,352.9,0
2021-06-08 09:43:59,353.0,0
2021-06-08 09:44:00,353.0,0
2021-06-08 09:44:01,352.95,0
2021-06-08 09:44:02,352.9,0
2021-06-08 09:44:03,352.85,0
2021-06-08 09:44:04,352.9,0
2021-06-08 09:44:06,352.9,0
2021-06-08 09:44:07,352.85,0
2021-06-08 09:44:08,352.9,0
2021-06-08 09:44:09,352.95,0
2021-06-08 09:44:10,352.95,0
2021-06-08 09:44:11,352.95,0
2021-06-08 09:44:12,352.9,0
2021-06-08 09:44:17,352.7,0
2021-06-08 09:44:18,352.75,0
2021-06-08 09:44:20,352.7,0
2021-06-08 09:44:21,352.65,0
2021-06-08 09:44:22,352.75,0
2021-06-08 09:44:23,352.7,0
2021-06-08 09:44:24,352.75,0
2021-06-08 09:44:25,352.65,0
2021-06-08 09:44:26,352.65,0
2021-06-08 09:44:28,352.65,0
2021-06-08 09:44:29,352.65,0
2021-06-08 09:44:30,352.7,0
2021-06-08 09:44:31,352.65,0
2021-06-08 09:44:33,352.55,0
2021-06-08 09:44:34,352.6,0
2021-06-08 09:44:37,352.6,0
2021-06-08 09:44:38,352.55,0
2021-06-08 09:44:39,352.65,0
2021-06-08 09:44:40,352.65,0
2021-06-08 09:44:42,352.65,0
2021-06-08 09:44:43,352.65,0
2021-06-08 09:44:44,352.55,0
2021-06-08 09:44:45,352.6,0
2021-06-08 09:44:46,352.55,0
2021-06-08 09:44:47,352.55,0
2021-06-08 09:44:48,352.55,0
2021-06-08 09:44:51,352.6,0
2021-06-08 09:44:52,352.6,0
2021-06-08 09:44:53,352.55,0
2021-06-08 09:44:54,352.55,0
2021-06-08 09:44:55,352.55,0
2021-06-08 09:44:56,352.6,0
2021-06-08 09:44:58,352.45,0
2021-06-08 09:44:59,352.45,0
2021-06-08 09:45:00,352.45,0
2021-06-08 09:45:01,352.5,0
2021-06-08 09:45:02,352.35,0
2021-06-08 09:45:03,352.4,0
2021-06-08 09:45:05,352.35,0
2021-06-08 09:45:06,352.3,0
2021-06-08 09:45:07,352.35,0
2021-06-08 09:45:09,352.25,0
2021-06-08 09:45:10,352.25,0
2021-06-08 09:45:11,352.15,0
2021-06-08 09:45:12,352.15,0
2021-06-08 09:45:14,352.1,0
2021-06-08 09:45:15,351.95,0
2021-06-08 09:45:16,351.95,0
2021-06-08 09:45:17,351.95,0
2021-06-08 09:45:18,351.95,0
2021-06-08 09:45:19,351.85,0
2021-06-08 09:45:20,352.05,0
2021-06-08 09:45:21,352.0,0
2021-06-08 09:45:22,352.05,0
2021-06-08 09:45:25,352.0,0
2021-06-08 09:45:26,351.9,0
2021-06-08 09:45:29,351.9,0
2021-06-08 09:45:31,351.95,0
2021-06-08 09:45:32,351.95,0
2021-06-08 09:45:34,351.95,0
2021-06-08 09:45:36,352.0,0
2021-06-08 09:45:38,351.95,0
2021-06-08 09:45:39,351.95,0
2021-06-08 09:45:40,352.0,0
2021-06-08 09:45:42,351.85,0
2021-06-08 09:45:43,351.75,0
2021-06-08 09:45:46,351.75,0
2021-06-08 09:45:47,351.8,0
2021-06-08 09:45:48,351.8,0
2021-06-08 09:45:50,351.8,0
2021-06-08 09:45:53,351.75,0
2021-06-08 09:45:55,351.75,0
2021-06-08 09:45:56,351.8,0
2021-06-08 09:45:57,351.8,0
2021-06-08 09:45:58,351.85,0
2021-06-08 09:45:59,351.9,0
2021-06-08 09:46:00,351.9,0
2021-06-08 09:46:01,351.85,0
2021-06-08 09:46:02,351.8,0
2021-06-08 09:46:03,351.85,0
2021-06-08 09:46:04,351.8,0
2021-06-08 09:46:05,351.85,0
2021-06-08 09:46:07,351.8,0
2021-06-08 09:46:08,351.7,0
2021-06-08 09:46:09,351.6,0
2021-06-08 09:46:10,351.65,0
2021-06-08 09:46:11,351.65,0
2021-06-08 09:46:12,351.6,0
2021-06-08 09:46:13,351.7,0
2021-06-08 09:46:14,351.6,0
2021-06-08 09:46:15,351.65,0
2021-06-08 09:46:20,351.75,0
2021-06-08 09:46:21,351.75,0
2021-06-08 09:46:23,351.7,0
2021-06-08 09:46:24,351.75,0
2021-06-08 09:46:25,351.75,0
2021-06-08 09:46:26,351.75,0
2021-06-08 09:46:28,351.75,0
2021-06-08 09:46:29,351.75,0
2021-06-08 09:46:30,351.8,0
2021-06-08 09:46:31,351.75,0
2021-06-08 09:46:32,351.8,0
2021-06-08 09:46:33,351.8,0
2021-06-08 09:46:34,351.8,0
2021-06-08 09:46:35,351.85,0
2021-06-08 09:46:36,351.85,0
2021-06-08 09:46:37,351.95,0
2021-06-08 09:46:38,351.9,0
2021-06-08 09:46:39,351.8,0
2021-06-08 09:46:40,351.85,0
2021-06-08 09:46:42,351.85,0
2021-06-08 09:46:43,351.9,0
2021-06-08 09:46:44,351.95,0
2021-06-08 09:46:45,351.9,0
2021-06-08 09:46:46,351.9,0
2021-06-08 09:46:50,351.75,0
2021-06-08 09:46:51,351.75,0
2021-06-08 09:46:53,351.8,0
2021-06-08 09:46:54,351.8,0
2021-06-08 09:46:55,351.75,0
2021-06-08 09:46:56,351.75,0
2021-06-08 09:46:57,351.75,0
2021-06-08 09:46:59,351.85,0
2021-06-08 09:47:01,351.75,0
2021-06-08 09:47:02,351.8,0
2021-06-08 09:47:03,351.85,0
2021-06-08 09:47:04,351.8,0
2021-06-08 09:47:05,351.85,0
2021-06-08 09:47:06,351.8,0
2021-06-08 09:47:07,351.85,0
2021-06-08 09:47:08,351.85,0
2021-06-08 09:47:09,351.8,0
2021-06-08 09:47:10,351.8,0
2021-06-08 09:47:11,351.8,0
2021-06-08 09:47:12,351.85,0
2021-06-08 09:47:13,351.8,0
2021-06-08 09:47:14,351.75,0
2021-06-08 09:47:15,351.75,0
2021-06-08 09:47:16,351.75,0
2021-06-08 09:47:17,351.75,0
2021-06-08 09:47:18,351.8,0
2021-06-08 09:47:19,351.8,0
2021-06-08 09:47:21,351.8,0
2021-06-08 09:47:23,351.85,0
2021-06-08 09:47:24,351.8,0
2021-06-08 09:47:25,351.75,0
2021-06-08 09:47:26,351.8,0
2021-06-08 09:47:27,351.8,0
2021-06-08 09:47:28,351.8,0
2021-06-08 09:47:29,351.8,0
2021-06-08 09:47:34,351.9,0
2021-06-08 09:47:36,351.8,0
2021-06-08 09:47:39,351.75,0
2021-06-08 09:47:40,351.65,0
2021-06-08 09:47:41,351.65,0
2021-06-08 09:47:43,351.7,0
2021-06-08 09:47:44,351.6,0
2021-06-08 09:47:45,351.55,0
2021-06-08 09:47:46,351.55,0
2021-06-08 09:47:47,351.55,0
2021-06-08 09:47:48,351.5,0
2021-06-08 09:47:50,351.55,0
2021-06-08 09:47:51,351.55,0
2021-06-08 09:47:55,351.6,0
2021-06-08 09:47:56,351.55,0
2021-06-08 09:47:58,351.5,0
2021-06-08 09:47:59,351.5,0
2021-06-08 09:48:01,351.6,0
2021-06-08 09:48:02,351.55,0
2021-06-08 09:48:04,351.5,0
2021-06-08 09:48:05,351.5,0
2021-06-08 09:48:07,351.6,0
2021-06-08 09:48:08,351.45,0
2021-06-08 09:48:10,351.4,0
2021-06-08 09:48:14,351.35,0
2021-06-08 09:48:16,351.25,0
2021-06-08 09:48:17,351.3,0
2021-06-08 09:48:18,351.25,0
2021-06-08 09:48:19,351.3,0
2021-06-08 09:48:21,351.3,0
2021-06-08 09:48:23,351.25,0
2021-06-08 09:48:25,351.2,0
2021-06-08 09:48:26,351.25,0
2021-06-08 09:48:27,351.2,0
2021-06-08 09:48:28,351.2,0
2021-06-08 09:48:29,351.2,0
2021-06-08 09:48:31,351.25,0
2021-06-08 09:48:32,351.25,0
2021-06-08 09:48:33,351.2,0
2021-06-08 09:48:34,351.2,0
2021-06-08 09:48:35,351.3,0
2021-06-08 09:48:37,351.4,0
2021-06-08 09:48:39,351.4,0
2021-06-08 09:48:41,351.45,0
2021-06-08 09:48:44,351.5,0
2021-06-08 09:48:45,351.55,0
2021-06-08 09:48:46,351.6,0
2021-06-08 09:48:47,351.55,0
2021-06-08 09:48:50,351.45,0
2021-06-08 09:48:51,351.5,0
2021-06-08 09:48:52,351.55,0
2021-06-08 09:48:54,351.4,0
2021-06-08 09:48:55,351.45,0
2021-06-08 09:48:56,351.4,0
2021-06-08 09:48:57,351.4,0
2021-06-08 09:48:59,351.4,0
2021-06-08 09:49:00,351.4,0
2021-06-08 09:49:01,351.35,0
2021-06-08 09:49:02,351.4,0
2021-06-08 09:49:03,351.4,0
2021-06-08 09:49:04,351.35,0
2021-06-08 09:49:05,351.3,0
2021-06-08 09:49:06,351.3,0
2021-06-08 09:49:07,351.35,0
2021-06-08 09:49:09,351.35,0
2021-06-08 09:49:10,351.3,0
2021-06-08 09:49:11,351.3,0
2021-06-08 09:49:13,351.3,0
2021-06-08 09:49:14,351.35,0
2021-06-08 09:49:15,351.3,0
2021-06-08 09:49:17,351.3,0
2021-06-08 09:49:18,351.3,0
2021-06-08 09:49:19,351.35,0
2021-06-08 09:49:20,351.3,0
2021-06-08 09:49:21,351.35,0
2021-06-08 09:49:22,351.35,0
2021-06-08 09:49:23,351.35,0
2021-06-08 09:49:24,351.3,0
2021-06-08 09:49:25,351.25,0
2021-06-08 09:49:26,351.25,0
2021-06-08 09:49:27,351.35,0
2021-06-08 09:49:29,351.3,0
2021-06-08 09:49:31,351.35,0
2021-06-08 09:49:32,351.35,0
2021-06-08 09:49:33,351.35,0
2021-06-08 09:49:34,351.3,0
2021-06-08 09:49:35,351.25,0
2021-06-08 09:49:36,351.3,0
2021-06-08 09:49:37,351.3,0
2021-06-08 09:49:40,351.35,0
2021-06-08 09:49:41,351.3,0
2021-06-08 09:49:42,351.35,0
2021-06-08 09:49:43,351.35,0
2021-06-08 09:49:44,351.5,0
2021-06-08 09:49:45,351.45,0
2021-06-08 09:49:46,351.45,0
2021-06-08 09:49:47,351.4,0
2021-06-08 09:49:48,351.4,0
2021-06-08 09:49:50,351.5,0
2021-06-08 09:49:52,351.5,0
2021-06-08 09:49:53,351.5,0
2021-06-08 09:49:54,351.5,0
2021-06-08 09:49:55,351.45,0
2021-06-08 09:49:56,351.5,0
2021-06-08 09:49:57,351.5,0
2021-06-08 09:49:59,351.65,0
2021-06-08 09:50:01,351.65,0
2021-06-08 09:50:02,351.65,0
2021-06-08 09:50:03,351.55,0
2021-06-08 09:50:04,351.5,0
2021-06-08 09:50:05,351.55,0
2021-06-08 09:50:06,351.55,0
2021-06-08 09:50:07,351.6,0
2021-06-08 09:50:08,351.55,0
2021-06-08 09:50:09,351.5,0
2021-06-08 09:50:10,351.55,0
2021-06-08 09:50:11,351.5,0
2021-06-08 09:50:12,351.55,0
2021-06-08 09:50:13,351.45,0
2021-06-08 09:50:15,351.5,0
2021-06-08 09:50:17,351.5,0
2021-06-08 09:50:18,351.5,0
2021-06-08 09:50:19,351.45,0
2021-06-08 09:50:20,351.4,0
2021-06-08 09:50:21,351.4,0
2021-06-08 09:50:22,351.35,0
2021-06-08 09:50:23,351.35,0
2021-06-08 09:50:24,351.45,0
2021-06-08 09:50:25,351.45,0
2021-06-08 09:50:26,351.45,0
2021-06-08 09:50:27,351.45,0
2021-06-08 09:50:28,351.45,0
2021-06-08 09:50:29,351.4,0
2021-06-08 09:50:30,351.4,0
2021-06-08 09:50:31,351.4,0
2021-06-08 09:50:32,351.4,0
2021-06-08 09:50:33,351.4,0
2021-06-08 09:50:34,351.45,0
2021-06-08 09:50:35,351.4,0
2021-06-08 09:50:36,351.45,0
2021-06-08 09:50:37,351.5,0
2021-06-08 09:50:38,351.45,0
2021-06-08 09:50:39,351.45,0
2021-06-08 09:50:40,351.45,0
2021-06-08 09:50:41,351.4,0
2021-06-08 09:50:42,351.35,0
2021-06-08 09:50:44,351.3,0
2021-06-08 09:50:45,351.3,0
2021-06-08 09:50:46,351.35,0
2021-06-08 09:50:47,351.45,0
2021-06-08 09:50:48,351.5,0
2021-06-08 09:50:49,351.35,0
2021-06-08 09:50:50,351.35,0
2021-06-08 09:50:52,351.5,0
2021-06-08 09:50:53,351.55,0
2021-06-08 09:50:54,351.55,0
2021-06-08 09:50:55,351.6,0
2021-06-08 09:50:56,351.5,0
2021-06-08 09:50:57,351.5,0
2021-06-08 09:50:58,351.5,0
2021-06-08 09:51:01,351.55,0
2021-06-08 09:51:02,351.55,0
2021-06-08 09:51:03,351.55,0
2021-06-08 09:51:04,351.5,0
2021-06-08 09:51:05,351.55,0
2021-06-08 09:51:06,351.55,0
2021-06-08 09:51:08,351.55,0
2021-06-08 09:51:09,351.55,0
2021-06-08 09:51:10,351.6,0
2021-06-08 09:51:11,351.65,0
2021-06-08 09:51:12,351.65,0
2021-06-08 09:51:13,351.65,0
2021-06-08 09:51:15,351.7,0
2021-06-08 09:51:16,351.65,0
2021-06-08 09:51:17,351.7,0
2021-06-08 09:51:18,351.65,0
2021-06-08 09:51:20,351.65,0
2021-06-08 09:51:21,351.65,0
2021-06-08 09:51:23,351.75,0
2021-06-08 09:51:24,351.75,0
2021-06-08 09:51:25,351.7,0
2021-06-08 09:51:26,351.7,0
2021-06-08 09:51:27,351.75,0
2021-06-08 09:51:28,351.75,0
2021-06-08 09:51:29,351.7,0
2021-06-08 09:51:30,351.7,0
2021-06-08 09:51:31,351.75,0
2021-06-08 09:51:32,351.75,0
2021-06-08 09:51:33,351.85,0
2021-06-08 09:51:34,351.9,0
2021-06-08 09:51:35,351.9,0
2021-06-08 09:51:36,351.9,0
2021-06-08 09:51:37,351.9,0
2021-06-08 09:51:38,351.85,0
2021-06-08 09:51:39,351.85,0
2021-06-08 09:51:40,352.0,0
2021-06-08 09:51:41,351.95,0
2021-06-08 09:51:42,351.85,0
2021-06-08 09:51:43,351.9,0
2021-06-08 09:51:44,351.85,0
2021-06-08 09:51:45,352.05,0
2021-06-08 09:51:46,352.05,0
2021-06-08 09:51:47,352.0,0
2021-06-08 09:51:49,351.9,0
2021-06-08 09:51:50,351.9,0
2021-06-08 09:51:53,351.95,0
2021-06-08 09:51:54,351.9,0
2021-06-08 09:51:55,351.8,0
2021-06-08 09:51:56,351.8,0
2021-06-08 09:51:57,351.8,0
2021-06-08 09:51:58,351.9,0
2021-06-08 09:51:59,351.85,0
2021-06-08 09:52:00,351.9,0
2021-06-08 09:52:02,351.85,0
2021-06-08 09:52:03,351.85,0
2021-06-08 09:52:04,351.9,0
2021-06-08 09:52:05,351.9,0
2021-06-08 09:52:06,351.9,0
2021-06-08 09:52:07,351.85,0
2021-06-08 09:52:09,351.95,0
2021-06-08 09:52:10,351.95,0
2021-06-08 09:52:11,351.95,0
2021-06-08 09:52:12,351.95,0
2021-06-08 09:52:13,351.95,0
2021-06-08 09:52:14,351.95,0
2021-06-08 09:52:15,351.95,0
2021-06-08 09:52:16,352.0,0
2021-06-08 09:52:17,352.05,0
2021-06-08 09:52:18,352.05,0
2021-06-08 09:52:20,352.1,0
2021-06-08 09:52:22,352.15,0
2021-06-08 09:52:24,352.15,0
2021-06-08 09:52:25,352.05,0
2021-06-08 09:52:26,352.05,0
2021-06-08 09:52:27,352.0,0
2021-06-08 09:52:28,352.05,0
2021-06-08 09:52:29,352.05,0
2021-06-08 09:52:30,352.0,0
2021-06-08 09:52:31,352.05,0
2021-06-08 09:52:32,352.05,0
2021-06-08 09:52:33,352.0,0
2021-06-08 09:52:34,352.0,0
2021-06-08 09:52:35,352.05,0
2021-06-08 09:52:36,352.05,0
2021-06-08 09:52:37,352.05,0
2021-06-08 09:52:38,352.1,0
2021-06-08 09:52:39,352.1,0
2021-06-08 09:52:40,352.1,0
2021-06-08 09:52:41,352.1,0
2021-06-08 09:52:42,352.1,0
2021-06-08 09:52:44,352.1,0
2021-06-08 09:52:45,351.95,0
2021-06-08 09:52:46,352.05,0
2021-06-08 09:52:47,352.05,0
2021-06-08 09:52:48,352.05,0
2021-06-08 09:52:49,352.05,0
2021-06-08 09:52:50,352.05,0
2021-06-08 09:52:51,352.0,0
2021-06-08 09:52:52,352.0,0
2021-06-08 09:52:53,352.0,0
2021-06-08 09:52:54,352.05,0
2021-06-08 09:52:55,352.0,0
2021-06-08 09:52:56,351.95,0
2021-06-08 09:52:57,352.0,0
2021-06-08 09:52:59,351.95,0
2021-06-08 09:53:00,352.0,0
2021-06-08 09:53:01,352.0,0
2021-06-08 09:53:02,351.95,0
2021-06-08 09:53:03,352.0,0
2021-06-08 09:53:04,351.95,0
2021-06-08 09:53:05,352.0,0
2021-06-08 09:53:06,352.05,0
2021-06-08 09:53:07,352.05,0
2021-06-08 09:53:08,352.1,0
2021-06-08 09:53:10,352.05,0
2021-06-08 09:53:11,352.0,0
2021-06-08 09:53:13,352.05,0
2021-06-08 09:53:14,352.05,0
2021-06-08 09:53:15,352.05,0
2021-06-08 09:53:16,352.05,0
2021-06-08 09:53:17,352.05,0
2021-06-08 09:53:19,352.1,0
2021-06-08 09:53:20,352.05,0
2021-06-08 09:53:21,352.1,0
2021-06-08 09:53:22,352.1,0
2021-06-08 09:53:23,352.1,0
2021-06-08 09:53:25,352.05,0
2021-06-08 09:53:26,352.05,0
2021-06-08 09:53:27,352.05,0
2021-06-08 09:53:28,352.05,0
2021-06-08 09:53:29,352.05,0
2021-06-08 09:53:30,352.05,0
2021-06-08 09:53:31,352.05,0
2021-06-08 09:53:32,352.05,0
2021-06-08 09:53:34,352.05,0
2021-06-08 09:53:35,352.1,0
2021-06-08 09:53:36,352.1,0
2021-06-08 09:53:37,352.1,0
2021-06-08 09:53:38,352.1,0
2021-06-08 09:53:39,352.15,0
2021-06-08 09:53:40,352.15,0
2021-06-08 09:53:41,352.2,0
2021-06-08 09:53:42,352.2,0
2021-06-08 09:53:43,352.2,0
2021-06-08 09:53:44,352.2,0
2021-06-08 09:53:45,352.2,0
2021-06-08 09:53:46,352.2,0
2021-06-08 09:53:47,352.2,0
2021-06-08 09:53:48,352.2,0
2021-06-08 09:53:49,352.2,0
2021-06-08 09:53:50,352.2,0
2021-06-08 09:53:51,352.25,0
2021-06-08 09:53:52,352.35,0
2021-06-08 09:53:54,352.25,0
2021-06-08 09:53:53,352.25,0
2021-06-08 09:53:55,352.2,0
2021-06-08 09:53:56,352.2,0
2021-06-08 09:53:57,352.15,0
2021-06-08 09:53:58,352.1,0
2021-06-08 09:54:01,352.1,0
2021-06-08 09:54:02,352.15,0
2021-06-08 09:54:03,352.15,0
2021-06-08 09:54:04,352.15,0
2021-06-08 09:54:05,352.2,0
2021-06-08 09:54:06,352.25,0
2021-06-08 09:54:07,352.25,0
2021-06-08 09:54:08,352.25,0
2021-06-08 09:54:10,352.15,0
2021-06-08 09:54:11,352.15,0
2021-06-08 09:54:12,352.15,0
2021-06-08 09:54:13,352.15,0
2021-06-08 09:54:14,352.15,0
2021-06-08 09:54:15,352.1,0
2021-06-08 09:54:16,352.15,0
2021-06-08 09:54:17,352.15,0
2021-06-08 09:54:21,352.05,0
2021-06-08 09:54:22,352.1,0
2021-06-08 09:54:23,352.05,0
2021-06-08 09:54:24,352.1,0
2021-06-08 09:54:25,352.1,0
2021-06-08 09:54:26,352.05,0
2021-06-08 09:54:27,352.0,0
2021-06-08 09:54:28,352.0,0
2021-06-08 09:54:29,352.0,0
2021-06-08 09:54:30,352.0,0
2021-06-08 09:54:31,352.0,0
2021-06-08 09:54:32,351.95,0
2021-06-08 09:54:33,352.0,0
2021-06-08 09:54:35,352.0,0
2021-06-08 09:54:36,352.0,0
2021-06-08 09:54:37,351.95,0
2021-06-08 09:54:38,351.9,0
2021-06-08 09:54:39,351.9,0
2021-06-08 09:54:41,351.9,0
2021-06-08 09:54:42,351.9,0
2021-06-08 09:54:43,351.95,0
2021-06-08 09:54:44,351.95,0
2021-06-08 09:54:45,351.95,0
2021-06-08 09:54:47,351.9,0
2021-06-08 09:54:48,351.9,0
2021-06-08 09:54:49,351.9,0
2021-06-08 09:54:50,351.85,0
2021-06-08 09:54:51,351.8,0
2021-06-08 09:54:52,351.8,0
2021-06-08 09:54:53,351.8,0
2021-06-08 09:54:54,351.8,0
2021-06-08 09:54:55,351.8,0
2021-06-08 09:54:57,351.8,0
2021-06-08 09:54:58,351.85,0
2021-06-08 09:54:59,351.8,0
2021-06-08 09:55:00,351.8,0
2021-06-08 09:55:01,351.8,0
2021-06-08 09:55:02,351.95,0
2021-06-08 09:55:03,351.85,0
2021-06-08 09:55:04,351.8,0
2021-06-08 09:55:05,351.8,0
2021-06-08 09:55:06,351.75,0
2021-06-08 09:55:07,351.7,0
2021-06-08 09:55:08,351.7,0
2021-06-08 09:55:09,351.7,0
2021-06-08 09:55:10,351.7,0
2021-06-08 09:55:12,351.7,0
2021-06-08 09:55:13,351.7,0
2021-06-08 09:55:14,351.7,0
2021-06-08 09:55:16,351.6,0
2021-06-08 09:55:17,351.65,0
2021-06-08 09:55:18,351.6,0
2021-06-08 09:55:19,351.55,0
2021-06-08 09:55:20,351.6,0
2021-06-08 09:55:21,351.55,0
2021-06-08 09:55:22,351.45,0
2021-06-08 09:55:23,351.5,0
2021-06-08 09:55:24,351.5,0
2021-06-08 09:55:25,351.55,0
2021-06-08 09:55:26,351.55,0
2021-06-08 09:55:27,351.5,0
2021-06-08 09:55:28,351.45,0
2021-06-08 09:55:29,351.5,0
2021-06-08 09:55:30,351.5,0
2021-06-08 09:55:31,351.5,0
2021-06-08 09:55:32,351.45,0
2021-06-08 09:55:34,351.45,0
2021-06-08 09:55:35,351.5,0
2021-06-08 09:55:36,351.45,0
2021-06-08 09:55:37,351.55,0
2021-06-08 09:55:38,351.4,0
2021-06-08 09:55:39,351.5,0
2021-06-08 09:55:41,351.45,0
2021-06-08 09:55:42,351.35,0
2021-06-08 09:55:43,351.5,0
2021-06-08 09:55:45,351.5,0
2021-06-08 09:55:46,351.5,0
2021-06-08 09:55:48,351.35,0
2021-06-08 09:55:50,351.4,0
2021-06-08 09:55:51,351.4,0
2021-06-08 09:55:52,351.35,0
2021-06-08 09:55:53,351.3,0
2021-06-08 09:55:54,351.25,0
2021-06-08 09:55:55,351.25,0
2021-06-08 09:55:56,351.25,0
2021-06-08 09:55:57,351.25,0
2021-06-08 09:55:58,351.25,0
2021-06-08 09:55:59,351.25,0
2021-06-08 09:56:00,351.3,0
2021-06-08 09:56:01,351.35,0
2021-06-08 09:56:02,351.15,0
2021-06-08 09:56:03,351.15,0
2021-06-08 09:56:04,351.1,0
2021-06-08 09:56:05,351.05,0
2021-06-08 09:56:08,351.25,0
2021-06-08 09:56:09,351.2,0
2021-06-08 09:56:10,351.15,0
2021-06-08 09:56:11,351.15,0
2021-06-08 09:56:12,351.1,0
2021-06-08 09:56:14,351.1,0
2021-06-08 09:56:15,351.05,0
2021-06-08 09:56:17,351.1,0
2021-06-08 09:56:18,351.2,0
2021-06-08 09:56:19,351.2,0
2021-06-08 09:56:20,351.15,0
2021-06-08 09:56:21,351.15,0
2021-06-08 09:56:23,351.2,0
2021-06-08 09:56:24,351.15,0
2021-06-08 09:56:25,351.15,0
2021-06-08 09:56:26,351.15,0
2021-06-08 09:56:27,351.1,0
2021-06-08 09:56:28,351.2,0
2021-06-08 09:56:29,351.15,0
2021-06-08 09:56:30,351.2,0
2021-06-08 09:56:31,351.2,0
2021-06-08 09:56:32,351.1,0
2021-06-08 09:56:33,351.1,0
2021-06-08 09:56:34,351.1,0
2021-06-08 09:56:35,351.05,0
2021-06-08 09:56:36,351.05,0
2021-06-08 09:56:37,350.95,0
2021-06-08 09:56:38,350.95,0
2021-06-08 09:56:39,350.95,0
2021-06-08 09:56:40,350.95,0
2021-06-08 09:56:41,350.95,0
2021-06-08 09:56:42,351.0,0
2021-06-08 09:56:43,351.0,0
2021-06-08 09:56:44,350.95,0
2021-06-08 09:56:45,350.95,0
2021-06-08 09:56:46,350.9,0
2021-06-08 09:56:48,350.95,0
2021-06-08 09:56:51,350.95,0
2021-06-08 09:56:52,350.9,0
2021-06-08 09:56:53,350.95,0
2021-06-08 09:56:54,350.95,0
2021-06-08 09:56:55,351.05,0
2021-06-08 09:56:56,351.05,0
2021-06-08 09:56:58,351.05,0
2021-06-08 09:56:59,351.15,0
2021-06-08 09:57:00,351.0,0
2021-06-08 09:57:01,351.1,0
2021-06-08 09:57:02,351.15,0
2021-06-08 09:57:03,351.15,0
2021-06-08 09:57:05,351.1,0
2021-06-08 09:57:07,351.1,0
2021-06-08 09:57:09,351.1,0
2021-06-08 09:57:10,351.1,0
2021-06-08 09:57:11,351.05,0
2021-06-08 09:57:12,351.0,0
2021-06-08 09:57:13,351.0,0
2021-06-08 09:57:15,350.9,0
2021-06-08 09:57:17,350.9,0
2021-06-08 09:57:18,350.85,0
2021-06-08 09:57:19,350.95,0
2021-06-08 09:57:20,350.9,0
2021-06-08 09:57:21,350.9,0
2021-06-08 09:57:22,350.8,0
2021-06-08 09:57:23,350.85,0
2021-06-08 09:57:24,350.8,0
2021-06-08 09:57:25,350.8,0
2021-06-08 09:57:26,350.8,0
2021-06-08 09:57:27,350.85,0
2021-06-08 09:57:28,350.9,0
2021-06-08 09:57:29,350.95,0
2021-06-08 09:57:30,350.9,0
2021-06-08 09:57:31,350.85,0
2021-06-08 09:57:33,350.85,0
2021-06-08 09:57:34,350.8,0
2021-06-08 09:57:35,350.85,0
2021-06-08 09:57:36,350.9,0
2021-06-08 09:57:37,350.85,0
2021-06-08 09:57:38,350.85,0
2021-06-08 09:57:39,350.9,0
2021-06-08 09:57:40,350.9,0
2021-06-08 09:57:41,350.9,0
2021-06-08 09:57:42,350.95,0
2021-06-08 09:57:43,350.9,0
2021-06-08 09:57:44,350.85,0
2021-06-08 09:57:45,350.9,0
2021-06-08 09:57:46,350.95,0
2021-06-08 09:57:48,350.85,0
2021-06-08 09:57:49,350.8,0
2021-06-08 09:57:50,350.85,0
2021-06-08 09:57:51,350.8,0
2021-06-08 09:57:53,350.85,0
2021-06-08 09:57:54,350.85,0
2021-06-08 09:57:55,350.8,0
2021-06-08 09:57:56,350.9,0
2021-06-08 09:57:59,350.85,0
2021-06-08 09:58:00,350.85,0
2021-06-08 09:58:02,350.9,0
2021-06-08 09:58:03,350.8,0
2021-06-08 09:58:05,350.85,0
2021-06-08 09:58:06,350.9,0
2021-06-08 09:58:07,350.8,0
2021-06-08 09:58:08,350.7,0
2021-06-08 09:58:09,350.7,0
2021-06-08 09:58:10,350.8,0
2021-06-08 09:58:11,350.75,0
2021-06-08 09:58:12,350.7,0
2021-06-08 09:58:13,350.7,0
2021-06-08 09:58:14,350.7,0
2021-06-08 09:58:15,350.75,0
2021-06-08 09:58:17,350.75,0
2021-06-08 09:58:18,350.75,0
2021-06-08 09:58:19,350.8,0
2021-06-08 09:58:20,350.8,0
2021-06-08 09:58:22,350.75,0
2021-06-08 09:58:23,350.75,0
2021-06-08 09:58:24,350.75,0
2021-06-08 09:58:25,350.75,0
2021-06-08 09:58:26,350.75,0
2021-06-08 09:58:27,350.75,0
2021-06-08 09:58:28,350.75,0
2021-06-08 09:58:29,350.75,0
2021-06-08 09:58:30,350.7,0
2021-06-08 09:58:31,350.75,0
2021-06-08 09:58:32,350.75,0
2021-06-08 09:58:35,350.4,0
2021-06-08 09:58:36,350.4,0
2021-06-08 09:58:37,350.5,0
2021-06-08 09:58:38,350.5,0
2021-06-08 09:58:39,350.45,0
2021-06-08 09:58:40,350.5,0
2021-06-08 09:58:41,350.5,0
2021-06-08 09:58:43,350.45,0
2021-06-08 09:58:44,350.45,0
2021-06-08 09:58:47,350.3,0
2021-06-08 09:58:48,350.3,0
2021-06-08 09:58:49,350.35,0
2021-06-08 09:58:50,350.4,0
2021-06-08 09:58:51,350.4,0
2021-06-08 09:58:53,350.5,0
2021-06-08 09:58:54,350.4,0
2021-06-08 09:58:55,350.5,0
2021-06-08 09:58:56,350.45,0
2021-06-08 09:58:57,350.5,0
2021-06-08 09:58:58,350.35,0
2021-06-08 09:58:59,350.4,0
2021-06-08 09:59:00,350.4,0
2021-06-08 09:59:01,350.4,0
2021-06-08 09:59:02,350.45,0
2021-06-08 09:59:03,350.4,0
2021-06-08 09:59:04,350.4,0
2021-06-08 09:59:05,350.4,0
2021-06-08 09:59:06,350.45,0
2021-06-08 09:59:08,350.45,0
2021-06-08 09:59:10,350.35,0
2021-06-08 09:59:12,350.4,0
2021-06-08 09:59:13,350.4,0
2021-06-08 09:59:14,350.35,0
2021-06-08 09:59:15,350.35,0
2021-06-08 09:59:18,350.35,0
2021-06-08 09:59:19,350.35,0
2021-06-08 09:59:20,350.35,0
2021-06-08 09:59:21,350.35,0
2021-06-08 09:59:22,350.4,0
2021-06-08 09:59:23,350.4,0
2021-06-08 09:59:24,350.35,0
2021-06-08 09:59:25,350.4,0
2021-06-08 09:59:26,350.45,0
2021-06-08 09:59:27,350.5,0
2021-06-08 09:59:28,350.55,0
2021-06-08 09:59:29,350.6,0
2021-06-08 09:59:30,350.55,0
2021-06-08 09:59:31,350.45,0
2021-06-08 09:59:32,350.45,0
2021-06-08 09:59:33,350.45,0
2021-06-08 09:59:34,350.5,0
2021-06-08 09:59:35,350.45,0
2021-06-08 09:59:36,350.4,0
2021-06-08 09:59:37,350.45,0
2021-06-08 09:59:38,350.5,0
2021-06-08 09:59:39,350.5,0
2021-06-08 09:59:40,350.5,0
2021-06-08 09:59:42,350.5,0
2021-06-08 09:59:43,350.5,0
2021-06-08 09:59:44,350.5,0
2021-06-08 09:59:45,350.35,0
2021-06-08 09:59:46,350.3,0
2021-06-08 09:59:47,350.35,0
2021-06-08 09:59:48,350.3,0
2021-06-08 09:59:49,350.35,0
2021-06-08 09:59:50,350.35,0
2021-06-08 09:59:51,350.2,0
2021-06-08 09:59:52,350.35,0
2021-06-08 09:59:54,350.35,0
2021-06-08 09:59:55,350.4,0
2021-06-08 09:59:56,350.4,0
2021-06-08 09:59:57,350.4,0
2021-06-08 09:59:59,350.45,0
2021-06-08 10:00:00,350.5,0
2021-06-08 10:00:02,350.45,0
2021-06-08 10:00:03,350.45,0
2021-06-08 10:00:04,350.4,0
2021-06-08 10:00:05,350.4,0
2021-06-08 10:00:09,350.35,0
2021-06-08 10:00:10,350.3,0
2021-06-08 10:00:12,350.25,0
2021-06-08 10:00:13,350.3,0
2021-06-08 10:00:14,350.35,0
2021-06-08 10:00:15,350.3,0
2021-06-08 10:00:16,350.35,0
2021-06-08 10:00:18,350.35,0
2021-06-08 10:00:19,350.3,0
2021-06-08 10:00:20,350.3,0
2021-06-08 10:00:21,350.2,0
2021-06-08 10:00:22,350.15,0
2021-06-08 10:00:23,349.8,0
2021-06-08 10:00:24,349.85,0
2021-06-08 10:00:25,349.9,0
2021-06-08 10:00:26,349.8,0
2021-06-08 10:00:29,349.7,0
2021-06-08 10:00:30,349.85,0
2021-06-08 10:00:32,349.75,0
2021-06-08 10:00:33,349.7,0
2021-06-08 10:00:34,349.7,0
2021-06-08 10:00:35,349.65,0
2021-06-08 10:00:36,349.65,0
2021-06-08 10:00:38,349.65,0
2021-06-08 10:00:39,349.65,0
2021-06-08 10:00:41,349.65,0
2021-06-08 10:00:42,349.65,0
2021-06-08 10:00:43,349.5,0
2021-06-08 10:00:45,349.5,0
2021-06-08 10:00:47,349.5,0
2021-06-08 10:00:48,349.5,0
2021-06-08 10:00:49,349.55,0
2021-06-08 10:00:50,349.55,0
2021-06-08 10:00:52,349.6,0
2021-06-08 10:00:53,349.55,0
2021-06-08 10:00:55,349.4,0
2021-06-08 10:00:56,349.45,0
2021-06-08 10:00:57,349.4,0
2021-06-08 10:00:58,349.4,0
2021-06-08 10:00:59,349.5,0
2021-06-08 10:01:01,349.5,0
2021-06-08 10:01:02,349.35,0
2021-06-08 10:01:05,349.4,0
2021-06-08 10:01:06,349.2,0
2021-06-08 10:01:07,349.15,0
2021-06-08 10:01:08,349.1,0
2021-06-08 10:01:09,349.15,0
2021-06-08 10:01:12,349.3,0
2021-06-08 10:01:13,349.3,0
2021-06-08 10:01:14,349.3,0
2021-06-08 10:01:15,349.35,0
2021-06-08 10:01:16,349.3,0
2021-06-08 10:01:17,349.45,0
2021-06-08 10:01:18,349.45,0
2021-06-08 10:01:19,349.5,0
2021-06-08 10:01:21,349.5,0
2021-06-08 10:01:22,349.5,0
2021-06-08 10:01:23,349.5,0
2021-06-08 10:01:24,349.55,0
2021-06-08 10:01:25,349.5,0
2021-06-08 10:01:26,349.55,0
2021-06-08 10:01:27,349.45,0
2021-06-08 10:01:28,349.45,0
2021-06-08 10:01:30,349.55,0
2021-06-08 10:01:31,349.4,0
2021-06-08 10:01:32,349.35,0
2021-06-08 10:01:33,349.4,0
2021-06-08 10:01:34,349.4,0
2021-06-08 10:01:35,349.4,0
2021-06-08 10:01:36,349.45,0
2021-06-08 10:01:39,349.6,0
2021-06-08 10:01:40,349.5,0
2021-06-08 10:01:41,349.6,0
2021-06-08 10:01:42,349.75,0
2021-06-08 10:01:43,349.75,0
2021-06-08 10:01:46,349.7,0
2021-06-08 10:01:47,349.7,0
2021-06-08 10:01:48,349.7,0
2021-06-08 10:01:50,349.75,0
2021-06-08 10:01:51,349.8,0
2021-06-08 10:01:52,349.85,0
2021-06-08 10:01:53,349.85,0
2021-06-08 10:01:54,349.85,0
2021-06-08 10:01:55,349.75,0
2021-06-08 10:01:57,349.7,0
2021-06-08 10:01:58,349.8,0
2021-06-08 10:01:59,349.8,0
2021-06-08 10:02:00,349.95,0
2021-06-08 10:02:01,349.85,0
2021-06-08 10:02:02,349.85,0
2021-06-08 10:02:03,349.85,0
2021-06-08 10:02:04,349.85,0
2021-06-08 10:02:06,349.85,0
2021-06-08 10:02:07,349.95,0
2021-06-08 10:02:08,349.95,0
2021-06-08 10:02:11,349.85,0
2021-06-08 10:02:12,349.9,0
2021-06-08 10:02:13,349.85,0
2021-06-08 10:02:14,349.8,0
2021-06-08 10:02:15,349.85,0
2021-06-08 10:02:16,349.85,0
2021-06-08 10:02:18,349.8,0
2021-06-08 10:02:17,349.85,0
2021-06-08 10:02:19,349.9,0
2021-06-08 10:02:20,349.9,0
2021-06-08 10:02:21,349.9,0
2021-06-08 10:02:22,349.8,0
2021-06-08 10:02:24,349.85,0
2021-06-08 10:02:25,349.85,0
2021-06-08 10:02:26,349.85,0
2021-06-08 10:02:27,349.85,0
2021-06-08 10:02:30,349.8,0
2021-06-08 10:02:31,349.8,0
2021-06-08 10:02:32,349.85,0
2021-06-08 10:02:33,349.8,0
2021-06-08 10:02:34,349.8,0
2021-06-08 10:02:36,349.8,0
2021-06-08 10:02:35,349.8,0
2021-06-08 10:02:40,349.65,0
2021-06-08 10:02:41,349.55,0
2021-06-08 10:02:44,349.6,0
2021-06-08 10:02:46,349.6,0
2021-06-08 10:02:47,349.55,0
2021-06-08 10:02:48,349.6,0
2021-06-08 10:02:49,349.55,0
2021-06-08 10:02:50,349.6,0
2021-06-08 10:02:51,349.6,0
2021-06-08 10:02:52,349.65,0
2021-06-08 10:02:53,349.6,0
2021-06-08 10:02:54,349.6,0
2021-06-08 10:02:55,349.6,0
2021-06-08 10:02:58,349.45,0
2021-06-08 10:02:59,349.5,0
2021-06-08 10:03:00,349.6,0
2021-06-08 10:03:01,349.55,0
2021-06-08 10:03:02,349.55,0
2021-06-08 10:03:04,349.5,0
2021-06-08 10:03:05,349.5,0
2021-06-08 10:03:06,349.55,0
2021-06-08 10:03:07,349.5,0
2021-06-08 10:03:08,349.55,0
2021-06-08 10:03:09,349.5,0
2021-06-08 10:03:10,349.45,0
2021-06-08 10:03:11,349.45,0
2021-06-08 10:03:12,349.5,0
2021-06-08 10:03:13,349.5,0
2021-06-08 10:03:14,349.45,0
2021-06-08 10:03:15,349.5,0
2021-06-08 10:03:16,349.45,0
2021-06-08 10:03:17,349.35,0
2021-06-08 10:03:18,349.3,0
2021-06-08 10:03:19,349.3,0
2021-06-08 10:03:20,349.35,0
2021-06-08 10:03:21,349.35,0
2021-06-08 10:03:23,349.25,0
2021-06-08 10:03:24,349.25,0
2021-06-08 10:03:25,349.25,0
2021-06-08 10:03:26,349.3,0
2021-06-08 10:03:27,349.35,0
2021-06-08 10:03:28,349.25,0
2021-06-08 10:03:29,349.25,0
2021-06-08 10:03:30,349.15,0
2021-06-08 10:03:31,349.2,0
2021-06-08 10:03:32,349.2,0
2021-06-08 10:03:34,349.2,0
2021-06-08 10:03:35,349.15,0
2021-06-08 10:03:37,349.15,0
2021-06-08 10:03:38,349.15,0
2021-06-08 10:03:39,349.1,0
2021-06-08 10:03:40,349.05,0
2021-06-08 10:03:41,349.05,0
2021-06-08 10:03:42,349.1,0
2021-06-08 10:03:43,349.15,0
2021-06-08 10:03:44,349.15,0
2021-06-08 10:03:47,349.1,0
2021-06-08 10:03:48,349.1,0
2021-06-08 10:03:49,349.15,0
2021-06-08 10:03:50,349.15,0
2021-06-08 10:03:51,349.15,0
2021-06-08 10:03:52,349.15,0
2021-06-08 10:03:53,349.1,0
2021-06-08 10:03:54,349.05,0
2021-06-08 10:03:55,349.15,0
2021-06-08 10:03:56,349.2,0
2021-06-08 10:03:57,349.25,0
2021-06-08 10:03:58,349.2,0
2021-06-08 10:03:59,349.25,0
2021-06-08 10:04:00,349.1,0
2021-06-08 10:04:01,349.15,0
2021-06-08 10:04:02,349.2,0
2021-06-08 10:04:03,349.2,0
2021-06-08 10:04:04,349.2,0
2021-06-08 10:04:05,349.2,0
2021-06-08 10:04:06,349.3,0
2021-06-08 10:04:07,349.2,0
2021-06-08 10:04:08,349.15,0
2021-06-08 10:04:09,349.2,0
2021-06-08 10:04:10,349.3,0
2021-06-08 10:04:11,349.35,0
2021-06-08 10:04:12,349.25,0
2021-06-08 10:04:13,349.25,0
2021-06-08 10:04:14,349.25,0
2021-06-08 10:04:15,349.25,0
2021-06-08 10:04:16,349.25,0
2021-06-08 10:04:17,349.25,0
2021-06-08 10:04:18,349.25,0
2021-06-08 10:04:19,349.4,0
2021-06-08 10:04:20,349.4,0
2021-06-08 10:04:21,349.45,0
2021-06-08 10:04:22,349.35,0
2021-06-08 10:04:23,349.35,0
2021-06-08 10:04:24,349.4,0
2021-06-08 10:04:25,349.4,0
2021-06-08 10:04:26,349.4,0
2021-06-08 10:04:30,349.35,0
2021-06-08 10:04:31,349.35,0
2021-06-08 10:04:32,349.4,0
2021-06-08 10:04:33,349.35,0
2021-06-08 10:04:34,349.35,0
2021-06-08 10:04:35,349.4,0
2021-06-08 10:04:36,349.4,0
2021-06-08 10:04:37,349.5,0
2021-06-08 10:04:38,349.55,0
2021-06-08 10:04:40,349.55,0
2021-06-08 10:04:41,349.6,0
2021-06-08 10:04:42,349.65,0
2021-06-08 10:04:44,349.65,0
2021-06-08 10:04:46,349.6,0
2021-06-08 10:04:47,349.6,0
2021-06-08 10:04:49,349.65,0
2021-06-08 10:04:50,349.65,0
2021-06-08 10:04:51,349.65,0
2021-06-08 10:04:52,349.7,0
2021-06-08 10:04:54,349.7,0
2021-06-08 10:04:55,349.6,0
2021-06-08 10:04:56,349.6,0
2021-06-08 10:04:57,349.55,0
2021-06-08 10:04:58,349.65,0
2021-06-08 10:04:59,349.6,0
2021-06-08 10:05:00,349.65,0
2021-06-08 10:05:01,349.65,0
2021-06-08 10:05:02,349.65,0
2021-06-08 10:05:04,349.65,0
2021-06-08 10:05:07,349.65,0
2021-06-08 10:05:09,349.65,0
2021-06-08 10:05:10,349.65,0
2021-06-08 10:05:11,349.6,0
2021-06-08 10:05:12,349.7,0
2021-06-08 10:05:14,349.6,0
2021-06-08 10:05:15,349.6,0
2021-06-08 10:05:16,349.6,0
2021-06-08 10:05:18,349.5,0
2021-06-08 10:05:19,349.5,0
2021-06-08 10:05:20,349.5,0
2021-06-08 10:05:21,349.55,0
2021-06-08 10:05:22,349.55,0
2021-06-08 10:05:24,349.45,0
2021-06-08 10:05:25,349.45,0
2021-06-08 10:05:26,349.45,0
2021-06-08 10:05:27,349.5,0
2021-06-08 10:05:28,349.55,0
2021-06-08 10:05:30,349.55,0
2021-06-08 10:05:31,349.45,0
2021-06-08 10:05:32,349.45,0
2021-06-08 10:05:33,349.4,0
2021-06-08 10:05:34,349.4,0
2021-06-08 10:05:35,349.4,0
2021-06-08 10:05:36,349.4,0
2021-06-08 10:05:38,349.45,0
2021-06-08 10:05:39,349.45,0
2021-06-08 10:05:40,349.4,0
2021-06-08 10:05:41,349.4,0
2021-06-08 10:05:42,349.4,0
2021-06-08 10:05:43,349.5,0
2021-06-08 10:05:44,349.55,0
2021-06-08 10:05:45,349.5,0
2021-06-08 10:05:46,349.55,0
2021-06-08 10:05:47,349.5,0
2021-06-08 10:05:48,349.5,0
2021-06-08 10:05:50,349.65,0
2021-06-08 10:05:52,349.65,0
2021-06-08 10:05:53,349.7,0
2021-06-08 10:05:54,349.8,0
2021-06-08 10:05:56,349.7,0
2021-06-08 10:05:57,349.6,0
2021-06-08 10:05:58,349.7,0
2021-06-08 10:05:59,349.65,0
2021-06-08 10:06:00,349.7,0
2021-06-08 10:06:01,349.65,0
2021-06-08 10:06:02,349.7,0
2021-06-08 10:06:03,349.7,0
2021-06-08 10:06:04,349.8,0
2021-06-08 10:06:05,349.8,0
2021-06-08 10:06:06,349.8,0
2021-06-08 10:06:07,349.8,0
2021-06-08 10:06:08,349.85,0
2021-06-08 10:06:09,349.8,0
2021-06-08 10:06:11,349.85,0
2021-06-08 10:06:14,349.8,0
2021-06-08 10:06:15,349.8,0
2021-06-08 10:06:16,349.8,0
2021-06-08 10:06:17,349.9,0
2021-06-08 10:06:18,349.85,0
2021-06-08 10:06:19,349.85,0
2021-06-08 10:06:20,349.95,0
2021-06-08 10:06:21,349.9,0
2021-06-08 10:06:22,349.85,0
2021-06-08 10:06:24,349.9,0
2021-06-08 10:06:25,349.95,0
2021-06-08 10:06:26,349.95,0
2021-06-08 10:06:27,350.05,0
2021-06-08 10:06:28,349.95,0
2021-06-08 10:06:29,350.05,0
2021-06-08 10:06:30,350.0,0
2021-06-08 10:06:31,350.0,0
2021-06-08 10:06:32,350.0,0
2021-06-08 10:06:33,349.9,0
2021-06-08 10:06:35,350.1,0
2021-06-08 10:06:37,350.15,0
2021-06-08 10:06:38,350.2,0
2021-06-08 10:06:39,350.0,0
2021-06-08 10:06:40,350.0,0
2021-06-08 10:06:41,349.95,0
2021-06-08 10:06:42,349.95,0
2021-06-08 10:06:44,349.9,0
2021-06-08 10:06:45,349.9,0
2021-06-08 10:06:46,350.0,0
2021-06-08 10:06:47,349.9,0
2021-06-08 10:06:48,349.95,0
2021-06-08 10:06:49,349.95,0
2021-06-08 10:06:50,349.9,0
2021-06-08 10:06:51,349.95,0
2021-06-08 10:06:53,349.95,0
2021-06-08 10:06:55,350.05,0
2021-06-08 10:06:56,350.1,0
2021-06-08 10:06:57,350.05,0
2021-06-08 10:06:58,350.15,0
2021-06-08 10:06:59,350.05,0
2021-06-08 10:07:00,350.05,0
2021-06-08 10:07:01,350.05,0
2021-06-08 10:07:03,350.1,0
2021-06-08 10:07:04,350.1,0
2021-06-08 10:07:05,350.05,0
2021-06-08 10:07:06,350.05,0
2021-06-08 10:07:07,350.05,0
2021-06-08 10:07:08,350.1,0
2021-06-08 10:07:09,350.05,0
2021-06-08 10:07:10,350.1,0
2021-06-08 10:07:12,350.05,0
2021-06-08 10:07:13,350.05,0
2021-06-08 10:07:16,350.1,0
2021-06-08 10:07:17,350.1,0
2021-06-08 10:07:19,350.1,0
2021-06-08 10:07:20,350.15,0
2021-06-08 10:07:21,350.1,0
2021-06-08 10:07:22,350.1,0
2021-06-08 10:07:23,350.1,0
2021-06-08 10:07:24,350.1,0
2021-06-08 10:07:25,350.15,0
2021-06-08 10:07:26,350.15,0
2021-06-08 10:07:27,350.15,0
2021-06-08 10:07:28,350.1,0
2021-06-08 10:07:29,350.15,0
2021-06-08 10:07:30,350.15,0
2021-06-08 10:07:31,350.15,0
2021-06-08 10:07:32,350.25,0
2021-06-08 10:07:33,350.25,0
2021-06-08 10:07:34,350.2,0
2021-06-08 10:07:35,350.2,0
2021-06-08 10:07:36,350.25,0
2021-06-08 10:07:37,350.25,0
2021-06-08 10:07:38,350.3,0
2021-06-08 10:07:39,350.35,0
2021-06-08 10:07:40,350.35,0
2021-06-08 10:07:41,350.3,0
2021-06-08 10:07:42,350.3,0
2021-06-08 10:07:44,350.3,0
2021-06-08 10:07:45,350.3,0
2021-06-08 10:07:46,350.3,0
2021-06-08 10:07:47,350.3,0
2021-06-08 10:07:48,350.3,0
2021-06-08 10:07:49,350.35,0
2021-06-08 10:07:50,350.3,0
2021-06-08 10:07:51,350.25,0
2021-06-08 10:07:52,350.3,0
2021-06-08 10:07:53,350.25,0
2021-06-08 10:07:54,350.25,0
2021-06-08 10:07:55,350.3,0
2021-06-08 10:07:57,350.3,0
2021-06-08 10:07:58,350.3,0
2021-06-08 10:07:59,350.4,0
2021-06-08 10:08:00,350.4,0
2021-06-08 10:08:01,350.3,0
2021-06-08 10:08:02,350.3,0
2021-06-08 10:08:04,350.35,0
2021-06-08 10:08:05,350.35,0
2021-06-08 10:08:06,350.35,0
2021-06-08 10:08:07,350.35,0
2021-06-08 10:08:08,350.35,0
2021-06-08 10:08:10,350.35,0
2021-06-08 10:08:13,350.3,0
2021-06-08 10:08:14,350.35,0
2021-06-08 10:08:15,350.35,0
2021-06-08 10:08:16,350.35,0
2021-06-08 10:08:17,350.35,0
2021-06-08 10:08:18,350.3,0
2021-06-08 10:08:19,350.35,0
2021-06-08 10:08:20,350.3,0
2021-06-08 10:08:21,350.3,0
2021-06-08 10:08:23,350.4,0
2021-06-08 10:08:24,350.35,0
2021-06-08 10:08:25,350.35,0
2021-06-08 10:08:26,350.3,0
2021-06-08 10:08:27,350.3,0
2021-06-08 10:08:28,350.3,0
2021-06-08 10:08:29,350.35,0
2021-06-08 10:08:30,350.35,0
2021-06-08 10:08:31,350.35,0
2021-06-08 10:08:32,350.35,0
2021-06-08 10:08:33,350.3,0
2021-06-08 10:08:34,350.3,0
2021-06-08 10:08:35,350.4,0
2021-06-08 10:08:36,350.4,0
2021-06-08 10:08:38,350.4,0
2021-06-08 10:08:39,350.4,0
2021-06-08 10:08:40,350.4,0
2021-06-08 10:08:41,350.35,0
2021-06-08 10:08:42,350.35,0
2021-06-08 10:08:43,350.4,0
2021-06-08 10:08:44,350.4,0
2021-06-08 10:08:45,350.5,0
2021-06-08 10:08:46,350.45,0
2021-06-08 10:08:47,350.45,0
2021-06-08 10:08:48,350.45,0
2021-06-08 10:08:49,350.4,0
2021-06-08 10:08:50,350.35,0
2021-06-08 10:08:51,350.3,0
2021-06-08 10:08:52,350.35,0
2021-06-08 10:08:54,350.4,0
2021-06-08 10:08:55,350.3,0
2021-06-08 10:08:56,350.3,0
2021-06-08 10:08:57,350.35,0
2021-06-08 10:08:58,350.35,0
2021-06-08 10:08:59,350.3,0
2021-06-08 10:09:00,350.3,0
2021-06-08 10:09:01,350.3,0
2021-06-08 10:09:02,350.3,0
2021-06-08 10:09:03,350.35,0
2021-06-08 10:09:04,350.35,0
2021-06-08 10:09:05,350.4,0
2021-06-08 10:09:06,350.4,0
2021-06-08 10:09:07,350.4,0
2021-06-08 10:09:08,350.35,0
2021-06-08 10:09:09,350.35,0
2021-06-08 10:09:11,350.35,0
2021-06-08 10:09:12,350.35,0
2021-06-08 10:09:13,350.35,0
2021-06-08 10:09:17,350.3,0
2021-06-08 10:09:18,350.25,0
2021-06-08 10:09:19,350.25,0
2021-06-08 10:09:21,350.2,0
2021-06-08 10:09:22,350.2,0
2021-06-08 10:09:23,350.25,0
2021-06-08 10:09:24,350.25,0
2021-06-08 10:09:25,350.25,0
2021-06-08 10:09:26,350.15,0
2021-06-08 10:09:27,350.15,0
2021-06-08 10:09:29,350.15,0
2021-06-08 10:09:30,350.2,0
2021-06-08 10:09:31,350.3,0
2021-06-08 10:09:33,350.25,0
2021-06-08 10:09:34,350.2,0
2021-06-08 10:09:35,350.2,0
2021-06-08 10:09:37,350.25,0
2021-06-08 10:09:39,350.25,0
2021-06-08 10:09:40,350.2,0
2021-06-08 10:09:41,350.3,0
2021-06-08 10:09:43,350.25,0
2021-06-08 10:09:44,350.25,0
2021-06-08 10:09:45,350.25,0
2021-06-08 10:09:47,350.25,0
2021-06-08 10:09:48,350.3,0
2021-06-08 10:09:49,350.35,0
2021-06-08 10:09:50,350.3,0
2021-06-08 10:09:51,350.3,0
2021-06-08 10:09:53,350.3,0
2021-06-08 10:09:54,350.3,0
2021-06-08 10:09:55,350.25,0
2021-06-08 10:09:57,350.3,0
2021-06-08 10:09:58,350.35,0
2021-06-08 10:09:59,350.35,0
2021-06-08 10:10:01,350.3,0
2021-06-08 10:10:02,350.25,0
2021-06-08 10:10:03,350.2,0
2021-06-08 10:10:04,350.2,0
2021-06-08 10:10:05,350.2,0
2021-06-08 10:10:06,350.2,0
2021-06-08 10:10:07,350.2,0
2021-06-08 10:10:08,350.2,0
2021-06-08 10:10:09,350.15,0
2021-06-08 10:10:10,350.15,0
2021-06-08 10:10:11,350.2,0
2021-06-08 10:10:12,350.25,0
2021-06-08 10:10:13,350.25,0
2021-06-08 10:10:15,350.25,0
2021-06-08 10:10:17,350.25,0
2021-06-08 10:10:18,350.25,0
2021-06-08 10:10:19,350.15,0
2021-06-08 10:10:21,350.25,0
2021-06-08 10:10:22,350.25,0
2021-06-08 10:10:23,350.2,0
2021-06-08 10:10:25,350.25,0
2021-06-08 10:10:26,350.25,0
2021-06-08 10:10:27,350.25,0
2021-06-08 10:10:28,350.25,0
2021-06-08 10:10:29,350.25,0
2021-06-08 10:10:30,350.3,0
2021-06-08 10:10:31,350.35,0
2021-06-08 10:10:32,350.35,0
2021-06-08 10:10:33,350.35,0
2021-06-08 10:10:35,350.35,0
2021-06-08 10:10:36,350.35,0
2021-06-08 10:10:37,350.4,0
2021-06-08 10:10:38,350.3,0
2021-06-08 10:10:39,350.25,0
2021-06-08 10:10:40,350.3,0
2021-06-08 10:10:41,350.3,0
2021-06-08 10:10:42,350.3,0
2021-06-08 10:10:43,350.3,0
2021-06-08 10:10:44,350.3,0
2021-06-08 10:10:45,350.3,0
2021-06-08 10:10:46,350.3,0
2021-06-08 10:10:47,350.35,0
2021-06-08 10:10:48,350.35,0
2021-06-08 10:10:49,350.35,0
2021-06-08 10:10:50,350.4,0
2021-06-08 10:10:51,350.4,0
2021-06-08 10:10:52,350.4,0
2021-06-08 10:10:54,350.4,0
2021-06-08 10:10:55,350.45,0
2021-06-08 10:10:56,350.4,0
2021-06-08 10:10:59,350.4,0
2021-06-08 10:11:00,350.45,0
2021-06-08 10:11:04,350.45,0
2021-06-08 10:11:05,350.45,0
2021-06-08 10:11:07,350.45,0
2021-06-08 10:11:08,350.45,0
2021-06-08 10:11:09,350.45,0
2021-06-08 10:11:10,350.45,0
2021-06-08 10:11:11,350.4,0
2021-06-08 10:11:12,350.45,0
2021-06-08 10:11:13,350.45,0
2021-06-08 10:11:14,350.45,0
2021-06-08 10:11:15,350.45,0
2021-06-08 10:11:16,350.45,0
2021-06-08 10:11:17,350.45,0
2021-06-08 10:11:18,350.45,0
2021-06-08 10:11:19,350.45,0
2021-06-08 10:11:20,350.45,0
2021-06-08 10:11:21,350.45,0
2021-06-08 10:11:22,350.45,0
2021-06-08 10:11:23,350.5,0
2021-06-08 10:11:24,350.5,0
2021-06-08 10:11:27,350.45,0
2021-06-08 10:11:28,350.45,0
2021-06-08 10:11:31,350.4,0
2021-06-08 10:11:33,350.5,0
2021-06-08 10:11:34,350.5,0
2021-06-08 10:11:35,350.5,0
2021-06-08 10:11:37,350.5,0
2021-06-08 10:11:38,350.5,0
2021-06-08 10:11:39,350.5,0
2021-06-08 10:11:40,350.5,0
2021-06-08 10:11:42,350.4,0
2021-06-08 10:11:43,350.45,0
2021-06-08 10:11:44,350.45,0
2021-06-08 10:11:45,350.45,0
2021-06-08 10:11:46,350.45,0
2021-06-08 10:11:48,350.55,0
2021-06-08 10:11:49,350.55,0
2021-06-08 10:11:50,350.5,0
2021-06-08 10:11:51,350.5,0
2021-06-08 10:11:52,350.55,0
2021-06-08 10:11:53,350.55,0
2021-06-08 10:11:54,350.55,0
2021-06-08 10:11:55,350.5,0
2021-06-08 10:11:56,350.4,0
2021-06-08 10:11:57,350.55,0
2021-06-08 10:11:58,350.45,0
2021-06-08 10:11:59,350.45,0
2021-06-08 10:12:00,350.45,0
2021-06-08 10:12:01,350.45,0
2021-06-08 10:12:02,350.5,0
2021-06-08 10:12:03,350.5,0
2021-06-08 10:12:04,350.5,0
2021-06-08 10:12:05,350.5,0
2021-06-08 10:12:06,350.5,0
2021-06-08 10:12:07,350.55,0
2021-06-08 10:12:08,350.5,0
2021-06-08 10:12:09,350.5,0
2021-06-08 10:12:10,350.5,0
2021-06-08 10:12:11,350.5,0
2021-06-08 10:12:12,350.45,0
2021-06-08 10:12:13,350.5,0
2021-06-08 10:12:15,350.45,0
2021-06-08 10:12:16,350.4,0
2021-06-08 10:12:17,350.45,0
2021-06-08 10:12:18,350.45,0
2021-06-08 10:12:19,350.4,0
2021-06-08 10:12:20,350.45,0
2021-06-08 10:12:22,350.55,0
2021-06-08 10:12:23,350.55,0
2021-06-08 10:12:25,350.45,0
2021-06-08 10:12:26,350.5,0
2021-06-08 10:12:28,350.6,0
2021-06-08 10:12:29,350.6,0
2021-06-08 10:12:30,350.55,0
2021-06-08 10:12:31,350.55,0
2021-06-08 10:12:32,350.7,0
2021-06-08 10:12:34,350.6,0
2021-06-08 10:12:35,350.7,0
2021-06-08 10:12:36,350.7,0
2021-06-08 10:12:37,350.7,0
2021-06-08 10:12:38,350.7,0
2021-06-08 10:12:39,350.65,0
2021-06-08 10:12:40,350.65,0
2021-06-08 10:12:41,350.65,0
2021-06-08 10:12:42,350.7,0
2021-06-08 10:12:43,350.7,0
2021-06-08 10:12:45,350.65,0
2021-06-08 10:12:46,350.7,0
2021-06-08 10:12:47,350.65,0
2021-06-08 10:12:48,350.65,0
2021-06-08 10:12:49,350.65,0
2021-06-08 10:12:50,350.7,0
2021-06-08 10:12:51,350.7,0
2021-06-08 10:12:52,350.65,0
2021-06-08 10:12:53,350.7,0
2021-06-08 10:12:55,350.7,0
2021-06-08 10:12:56,350.7,0
2021-06-08 10:12:57,350.7,0
2021-06-08 10:12:58,350.7,0
2021-06-08 10:12:59,350.7,0
2021-06-08 10:13:00,350.7,0
2021-06-08 10:13:01,350.7,0
2021-06-08 10:13:02,350.7,0
2021-06-08 10:13:03,350.7,0
2021-06-08 10:13:04,350.7,0
2021-06-08 10:13:05,350.7,0
2021-06-08 10:13:06,350.7,0
2021-06-08 10:13:07,350.7,0
2021-06-08 10:13:08,350.7,0
2021-06-08 10:13:10,350.7,0
2021-06-08 10:13:11,350.75,0
2021-06-08 10:13:12,350.7,0
2021-06-08 10:13:13,350.7,0
2021-06-08 10:13:14,350.7,0
2021-06-08 10:13:15,350.7,0
2021-06-08 10:13:17,350.7,0
2021-06-08 10:13:18,350.7,0
2021-06-08 10:13:19,350.7,0
2021-06-08 10:13:20,350.65,0
2021-06-08 10:13:21,350.65,0
2021-06-08 10:13:22,350.65,0
2021-06-08 10:13:23,350.55,0
2021-06-08 10:13:24,350.55,0
2021-06-08 10:13:26,350.55,0
2021-06-08 10:13:27,350.5,0
2021-06-08 10:13:28,350.5,0
2021-06-08 10:13:29,350.5,0
2021-06-08 10:13:30,350.45,0
2021-06-08 10:13:31,350.45,0
2021-06-08 10:13:32,350.55,0
2021-06-08 10:13:33,350.55,0
2021-06-08 10:13:34,350.5,0
2021-06-08 10:13:35,350.45,0
2021-06-08 10:13:36,350.45,0
2021-06-08 10:13:37,350.55,0
2021-06-08 10:13:38,350.55,0
2021-06-08 10:13:39,350.55,0
2021-06-08 10:13:40,350.55,0
2021-06-08 10:13:41,350.55,0
2021-06-08 10:13:42,350.55,0
2021-06-08 10:13:43,350.55,0
2021-06-08 10:13:44,350.55,0
2021-06-08 10:13:45,350.55,0
2021-06-08 10:13:46,350.5,0
2021-06-08 10:13:47,350.5,0
2021-06-08 10:13:48,350.55,0
2021-06-08 10:13:49,350.6,0
2021-06-08 10:13:50,350.55,0
2021-06-08 10:13:51,350.6,0
2021-06-08 10:13:52,350.55,0
2021-06-08 10:13:53,350.55,0
2021-06-08 10:13:54,350.55,0
2021-06-08 10:13:55,350.55,0
2021-06-08 10:13:56,350.55,0
2021-06-08 10:13:57,350.55,0
2021-06-08 10:13:58,350.55,0
2021-06-08 10:14:00,350.55,0
2021-06-08 10:14:01,350.55,0
2021-06-08 10:14:02,350.55,0
2021-06-08 10:14:04,350.55,0
2021-06-08 10:14:05,350.55,0
2021-06-08 10:14:06,350.55,0
2021-06-08 10:14:07,350.55,0
2021-06-08 10:14:10,350.55,0
2021-06-08 10:14:11,350.55,0
2021-06-08 10:14:12,350.55,0
2021-06-08 10:14:14,350.5,0
2021-06-08 10:14:15,350.5,0
2021-06-08 10:14:16,350.55,0
2021-06-08 10:14:17,350.55,0
2021-06-08 10:14:18,350.6,0
2021-06-08 10:14:20,350.55,0
2021-06-08 10:14:22,350.55,0
2021-06-08 10:14:23,350.55,0
2021-06-08 10:14:25,350.55,0
2021-06-08 10:14:26,350.55,0
2021-06-08 10:14:27,350.55,0
2021-06-08 10:14:28,350.55,0
2021-06-08 10:14:29,350.55,0
2021-06-08 10:14:30,350.55,0
2021-06-08 10:14:31,350.55,0
2021-06-08 10:14:32,350.55,0
2021-06-08 10:14:33,350.55,0
2021-06-08 10:14:34,350.55,0
2021-06-08 10:14:35,350.6,0
2021-06-08 10:14:36,350.6,0
2021-06-08 10:14:37,350.6,0
2021-06-08 10:14:38,350.6,0
2021-06-08 10:14:39,350.55,0
2021-06-08 10:14:40,350.5,0
2021-06-08 10:14:41,350.5,0
2021-06-08 10:14:42,350.5,0
2021-06-08 10:14:44,350.55,0
2021-06-08 10:14:45,350.55,0
2021-06-08 10:14:47,350.55,0
2021-06-08 10:14:48,350.55,0
2021-06-08 10:14:50,350.6,0
2021-06-08 10:14:51,350.35,0
2021-06-08 10:14:52,350.45,0
2021-06-08 10:14:53,350.5,0
2021-06-08 10:14:54,350.5,0
2021-06-08 10:14:55,350.5,0
2021-06-08 10:14:58,350.45,0
2021-06-08 10:14:59,350.55,0
2021-06-08 10:15:00,350.55,0
2021-06-08 10:15:01,350.5,0
2021-06-08 10:15:02,350.55,0
2021-06-08 10:15:04,350.5,0
2021-06-08 10:15:05,350.5,0
2021-06-08 10:15:06,350.5,0
2021-06-08 10:15:07,350.5,0
2021-06-08 10:15:08,350.45,0
2021-06-08 10:15:09,350.5,0
2021-06-08 10:15:10,350.55,0
2021-06-08 10:15:11,350.5,0
2021-06-08 10:15:12,350.55,0
2021-06-08 10:15:13,350.55,0
2021-06-08 10:15:14,350.55,0
2021-06-08 10:15:15,350.5,0
2021-06-08 10:15:16,350.55,0
2021-06-08 10:15:17,350.55,0
2021-06-08 10:15:18,350.6,0
2021-06-08 10:15:19,350.55,0
2021-06-08 10:15:21,350.5,0
2021-06-08 10:15:23,350.5,0
2021-06-08 10:15:24,350.45,0
2021-06-08 10:15:25,350.45,0
2021-06-08 10:15:26,350.5,0
2021-06-08 10:15:27,350.5,0
2021-06-08 10:15:28,350.5,0
2021-06-08 10:15:29,350.5,0
2021-06-08 10:15:30,350.5,0
2021-06-08 10:15:31,350.5,0
2021-06-08 10:15:32,350.5,0
2021-06-08 10:15:34,350.5,0
2021-06-08 10:15:35,350.5,0
2021-06-08 10:15:36,350.5,0
2021-06-08 10:15:37,350.5,0
2021-06-08 10:15:38,350.5,0
2021-06-08 10:15:40,350.5,0
2021-06-08 10:15:41,350.45,0
2021-06-08 10:15:43,350.4,0
2021-06-08 10:15:44,350.4,0
2021-06-08 10:15:45,350.4,0
2021-06-08 10:15:46,350.4,0
2021-06-08 10:15:47,350.35,0
2021-06-08 10:15:48,350.5,0
2021-06-08 10:15:49,350.5,0
2021-06-08 10:15:50,350.5,0
2021-06-08 10:15:51,350.45,0
2021-06-08 10:15:53,350.4,0
2021-06-08 10:15:54,350.45,0
2021-06-08 10:15:56,350.45,0
2021-06-08 10:15:57,350.45,0
2021-06-08 10:15:59,350.4,0
2021-06-08 10:16:00,350.4,0
2021-06-08 10:16:02,350.4,0
2021-06-08 10:16:03,350.4,0
2021-06-08 10:16:04,350.4,0
2021-06-08 10:16:05,350.35,0
2021-06-08 10:16:06,350.4,0
2021-06-08 10:16:07,350.4,0
2021-06-08 10:16:08,350.4,0
2021-06-08 10:16:10,350.3,0
2021-06-08 10:16:11,350.25,0
2021-06-08 10:16:12,350.25,0
2021-06-08 10:16:13,350.25,0
2021-06-08 10:16:14,350.3,0
2021-06-08 10:16:15,350.25,0
2021-06-08 10:16:16,350.25,0
2021-06-08 10:16:18,350.3,0
2021-06-08 10:16:19,350.2,0
2021-06-08 10:16:20,350.2,0
2021-06-08 10:16:21,350.2,0
2021-06-08 10:16:22,350.2,0
2021-06-08 10:16:23,350.15,0
2021-06-08 10:16:24,350.1,0
2021-06-08 10:16:25,350.1,0
2021-06-08 10:16:26,350.05,0
2021-06-08 10:16:27,350.05,0
2021-06-08 10:16:28,350.05,0
2021-06-08 10:16:29,350.0,0
2021-06-08 10:16:30,350.05,0
2021-06-08 10:16:31,350.05,0
2021-06-08 10:16:32,350.1,0
2021-06-08 10:16:33,350.05,0
2021-06-08 10:16:34,350.05,0
2021-06-08 10:16:35,350.05,0
2021-06-08 10:16:37,350.05,0
2021-06-08 10:16:38,350.05,0
2021-06-08 10:16:39,350.05,0
2021-06-08 10:16:40,350.0,0
2021-06-08 10:16:41,350.0,0
2021-06-08 10:16:42,350.0,0
2021-06-08 10:16:43,350.05,0
2021-06-08 10:16:44,350.05,0
2021-06-08 10:16:45,350.05,0
2021-06-08 10:16:46,350.05,0
2021-06-08 10:16:47,350.0,0
2021-06-08 10:16:48,350.0,0
2021-06-08 10:16:49,350.0,0
2021-06-08 10:16:50,350.05,0
2021-06-08 10:16:51,350.05,0
2021-06-08 10:16:53,350.1,0
2021-06-08 10:16:54,350.05,0
2021-06-08 10:16:55,350.05,0
2021-06-08 10:16:56,350.05,0
2021-06-08 10:16:57,350.05,0
2021-06-08 10:16:58,350.05,0
2021-06-08 10:16:59,350.1,0
2021-06-08 10:17:00,350.1,0
2021-06-08 10:17:01,350.15,0
2021-06-08 10:17:02,350.1,0
2021-06-08 10:17:04,350.05,0
2021-06-08 10:17:05,350.0,0
2021-06-08 10:17:06,350.0,0
2021-06-08 10:17:07,350.1,0
2021-06-08 10:17:08,350.1,0
2021-06-08 10:17:09,350.1,0
2021-06-08 10:17:10,350.1,0
2021-06-08 10:17:11,350.15,0
2021-06-08 10:17:12,350.1,0
2021-06-08 10:17:13,350.1,0
2021-06-08 10:17:14,350.1,0
2021-06-08 10:17:17,350.1,0
2021-06-08 10:17:18,350.15,0
2021-06-08 10:17:19,350.2,0
2021-06-08 10:17:20,350.15,0
2021-06-08 10:17:21,350.15,0
2021-06-08 10:17:22,350.15,0
2021-06-08 10:17:23,350.1,0
2021-06-08 10:17:24,350.05,0
2021-06-08 10:17:25,350.0,0
2021-06-08 10:17:26,350.0,0
2021-06-08 10:17:27,350.05,0
2021-06-08 10:17:29,350.1,0
2021-06-08 10:17:31,350.05,0
2021-06-08 10:17:32,350.05,0
2021-06-08 10:17:33,350.0,0
2021-06-08 10:17:34,350.0,0
2021-06-08 10:17:35,350.0,0
2021-06-08 10:17:36,350.0,0
2021-06-08 10:17:37,350.0,0
2021-06-08 10:17:38,350.15,0
2021-06-08 10:17:39,350.2,0
2021-06-08 10:17:40,350.15,0
2021-06-08 10:17:41,350.15,0
2021-06-08 10:17:42,350.15,0
2021-06-08 10:17:43,350.15,0
2021-06-08 10:17:44,350.1,0
2021-06-08 10:17:45,350.05,0
2021-06-08 10:17:47,350.05,0
2021-06-08 10:17:48,350.05,0
2021-06-08 10:17:49,350.1,0
2021-06-08 10:17:50,350.05,0
2021-06-08 10:17:51,350.05,0
2021-06-08 10:17:52,350.0,0
2021-06-08 10:17:53,350.0,0
2021-06-08 10:17:56,349.8,0
2021-06-08 10:17:57,349.8,0
2021-06-08 10:17:58,349.7,0
2021-06-08 10:17:59,349.8,0
2021-06-08 10:18:00,349.75,0
2021-06-08 10:18:01,349.75,0
2021-06-08 10:18:02,349.8,0
2021-06-08 10:18:03,349.8,0
2021-06-08 10:18:04,349.75,0
2021-06-08 10:18:05,349.75,0
2021-06-08 10:18:06,349.75,0
2021-06-08 10:18:07,349.8,0
2021-06-08 10:18:08,349.8,0
2021-06-08 10:18:09,349.8,0
2021-06-08 10:18:10,349.75,0
2021-06-08 10:18:11,349.75,0
2021-06-08 10:18:12,349.8,0
2021-06-08 10:18:13,349.75,0
2021-06-08 10:18:14,349.75,0
2021-06-08 10:18:15,349.75,0
2021-06-08 10:18:16,349.75,0
2021-06-08 10:18:17,349.75,0
2021-06-08 10:18:18,349.65,0
2021-06-08 10:18:19,349.7,0
2021-06-08 10:18:20,349.75,0
2021-06-08 10:18:21,349.75,0
2021-06-08 10:18:22,349.75,0
2021-06-08 10:18:23,349.8,0
2021-06-08 10:18:25,349.7,0
2021-06-08 10:18:27,349.65,0
2021-06-08 10:18:28,349.7,0
2021-06-08 10:18:29,349.65,0
2021-06-08 10:18:30,349.45,0
2021-06-08 10:18:31,349.45,0
2021-06-08 10:18:33,349.5,0
2021-06-08 10:18:36,349.55,0
2021-06-08 10:18:37,349.5,0
2021-06-08 10:18:38,349.5,0
2021-06-08 10:18:39,349.5,0
2021-06-08 10:18:40,349.5,0
2021-06-08 10:18:41,349.5,0
2021-06-08 10:18:42,349.5,0
2021-06-08 10:18:43,349.5,0
2021-06-08 10:18:44,349.55,0
2021-06-08 10:18:45,349.5,0
2021-06-08 10:18:46,349.55,0
2021-06-08 10:18:47,349.55,0
2021-06-08 10:18:48,349.55,0
2021-06-08 10:18:49,349.6,0
2021-06-08 10:18:50,349.6,0
2021-06-08 10:18:52,349.6,0
2021-06-08 10:18:53,349.6,0
2021-06-08 10:18:54,349.6,0
2021-06-08 10:18:55,349.6,0
2021-06-08 10:18:57,349.65,0
2021-06-08 10:18:58,349.65,0
2021-06-08 10:18:59,349.6,0
2021-06-08 10:19:00,349.55,0
2021-06-08 10:19:01,349.55,0
2021-06-08 10:19:02,349.55,0
2021-06-08 10:19:03,349.6,0
2021-06-08 10:19:04,349.65,0
2021-06-08 10:19:05,349.6,0
2021-06-08 10:19:06,349.5,0
2021-06-08 10:19:07,349.5,0
2021-06-08 10:19:09,349.55,0
2021-06-08 10:19:10,349.55,0
2021-06-08 10:19:11,349.55,0
2021-06-08 10:19:12,349.6,0
2021-06-08 10:19:13,349.55,0
2021-06-08 10:19:14,349.55,0
2021-06-08 10:19:15,349.55,0
2021-06-08 10:19:16,349.55,0
2021-06-08 10:19:17,349.55,0
2021-06-08 10:19:18,349.55,0
2021-06-08 10:19:19,349.55,0
2021-06-08 10:19:21,349.6,0
2021-06-08 10:19:23,349.55,0
2021-06-08 10:19:24,349.55,0
2021-06-08 10:19:25,349.55,0
2021-06-08 10:19:27,349.55,0
2021-06-08 10:19:28,349.55,0
2021-06-08 10:19:29,349.5,0
2021-06-08 10:19:30,349.55,0
2021-06-08 10:19:32,349.5,0
2021-06-08 10:19:33,349.5,0
2021-06-08 10:19:34,349.5,0
2021-06-08 10:19:35,349.5,0
2021-06-08 10:19:36,349.55,0
2021-06-08 10:19:37,349.5,0
2021-06-08 10:19:38,349.5,0
2021-06-08 10:19:39,349.45,0
2021-06-08 10:19:40,349.45,0
2021-06-08 10:19:41,349.5,0
2021-06-08 10:19:42,349.5,0
2021-06-08 10:19:43,349.55,0
2021-06-08 10:19:44,349.55,0
2021-06-08 10:19:45,349.55,0
2021-06-08 10:19:46,349.5,0
2021-06-08 10:19:48,349.45,0
2021-06-08 10:19:49,349.5,0
2021-06-08 10:19:50,349.5,0
2021-06-08 10:19:51,349.55,0
2021-06-08 10:19:55,349.5,0
2021-06-08 10:19:57,349.4,0
2021-06-08 10:19:58,349.45,0
2021-06-08 10:19:59,349.45,0
2021-06-08 10:20:00,349.5,0
2021-06-08 10:20:01,349.45,0
2021-06-08 10:20:02,349.45,0
2021-06-08 10:20:04,349.45,0
2021-06-08 10:20:05,349.45,0
2021-06-08 10:20:06,349.45,0
2021-06-08 10:20:08,349.45,0
2021-06-08 10:20:09,349.45,0
2021-06-08 10:20:10,349.35,0
2021-06-08 10:20:11,349.4,0
2021-06-08 10:20:12,349.35,0
2021-06-08 10:20:13,349.35,0
2021-06-08 10:20:14,349.35,0
2021-06-08 10:20:15,349.45,0
2021-06-08 10:20:16,349.45,0
2021-06-08 10:20:18,349.5,0
2021-06-08 10:20:19,349.55,0
2021-06-08 10:20:20,349.55,0
2021-06-08 10:20:21,349.5,0
2021-06-08 10:20:22,349.45,0
2021-06-08 10:20:23,349.45,0
2021-06-08 10:20:25,349.45,0
2021-06-08 10:20:26,349.45,0
2021-06-08 10:20:27,349.5,0
2021-06-08 10:20:28,349.45,0
2021-06-08 10:20:29,349.45,0
2021-06-08 10:20:30,349.45,0
2021-06-08 10:20:31,349.45,0
2021-06-08 10:20:32,349.45,0
2021-06-08 10:20:33,349.45,0
2021-06-08 10:20:34,349.45,0
2021-06-08 10:20:35,349.45,0
2021-06-08 10:20:36,349.45,0
2021-06-08 10:20:37,349.45,0
2021-06-08 10:20:38,349.45,0
2021-06-08 10:20:39,349.5,0
2021-06-08 10:20:40,349.5,0
2021-06-08 10:20:41,349.45,0
2021-06-08 10:20:42,349.45,0
2021-06-08 10:20:43,349.45,0
2021-06-08 10:20:44,349.45,0
2021-06-08 10:20:45,349.5,0
2021-06-08 10:20:46,349.45,0
2021-06-08 10:20:47,349.5,0
2021-06-08 10:20:48,349.5,0
2021-06-08 10:20:49,349.5,0
2021-06-08 10:20:50,349.55,0
2021-06-08 10:20:51,349.55,0
2021-06-08 10:20:52,349.5,0
2021-06-08 10:20:53,349.5,0
2021-06-08 10:20:54,349.5,0
2021-06-08 10:20:55,349.5,0
2021-06-08 10:20:56,349.45,0
2021-06-08 10:20:58,349.5,0
2021-06-08 10:20:59,349.45,0
2021-06-08 10:21:00,349.55,0
2021-06-08 10:21:02,349.5,0
2021-06-08 10:21:03,349.5,0
2021-06-08 10:21:04,349.5,0
2021-06-08 10:21:05,349.5,0
2021-06-08 10:21:06,349.45,0
2021-06-08 10:21:07,349.45,0
2021-06-08 10:21:08,349.45,0
2021-06-08 10:21:09,349.45,0
2021-06-08 10:21:10,349.45,0
2021-06-08 10:21:11,349.45,0
2021-06-08 10:21:12,349.45,0
2021-06-08 10:21:13,349.45,0
2021-06-08 10:21:14,349.45,0
2021-06-08 10:21:15,349.5,0
2021-06-08 10:21:16,349.5,0
2021-06-08 10:21:17,349.5,0
2021-06-08 10:21:18,349.5,0
2021-06-08 10:21:19,349.55,0
2021-06-08 10:21:20,349.55,0
2021-06-08 10:21:21,349.6,0
2021-06-08 10:21:22,349.6,0
2021-06-08 10:21:23,349.6,0
2021-06-08 10:21:24,349.6,0
2021-06-08 10:21:25,349.6,0
2021-06-08 10:21:26,349.6,0
2021-06-08 10:21:27,349.55,0
2021-06-08 10:21:28,349.55,0
2021-06-08 10:21:29,349.55,0
2021-06-08 10:21:30,349.6,0
2021-06-08 10:21:31,349.6,0
2021-06-08 10:21:32,349.55,0
2021-06-08 10:21:33,349.55,0
2021-06-08 10:21:34,349.5,0
2021-06-08 10:21:35,349.5,0
2021-06-08 10:21:37,349.55,0
2021-06-08 10:21:38,349.6,0
2021-06-08 10:21:39,349.55,0
2021-06-08 10:21:40,349.55,0
2021-06-08 10:21:41,349.5,0
2021-06-08 10:21:42,349.55,0
2021-06-08 10:21:43,349.55,0
2021-06-08 10:21:44,349.55,0
2021-06-08 10:21:45,349.55,0
2021-06-08 10:21:46,349.55,0
2021-06-08 10:21:47,349.55,0
2021-06-08 10:21:48,349.5,0
2021-06-08 10:21:49,349.45,0
2021-06-08 10:21:50,349.55,0
2021-06-08 10:21:51,349.55,0
2021-06-08 10:21:52,349.55,0
2021-06-08 10:21:53,349.6,0
2021-06-08 10:21:54,349.55,0
2021-06-08 10:21:56,349.55,0
2021-06-08 10:21:58,349.5,0
2021-06-08 10:21:59,349.6,0
2021-06-08 10:22:00,349.65,0
2021-06-08 10:22:02,349.65,0
2021-06-08 10:22:03,349.55,0
2021-06-08 10:22:04,349.6,0
2021-06-08 10:22:05,349.65,0
2021-06-08 10:22:06,349.6,0
2021-06-08 10:22:07,349.6,0
2021-06-08 10:22:08,349.55,0
2021-06-08 10:22:09,349.55,0
2021-06-08 10:22:10,349.55,0
2021-06-08 10:22:11,349.6,0
2021-06-08 10:22:12,349.6,0
2021-06-08 10:22:13,349.65,0
2021-06-08 10:22:14,349.65,0
2021-06-08 10:22:15,349.65,0
2021-06-08 10:22:16,349.6,0
2021-06-08 10:22:17,349.6,0
2021-06-08 10:22:18,349.65,0
2021-06-08 10:22:19,349.75,0
2021-06-08 10:22:20,349.65,0
2021-06-08 10:22:22,349.65,0
2021-06-08 10:22:23,349.8,0
2021-06-08 10:22:25,349.75,0
2021-06-08 10:22:26,349.75,0
2021-06-08 10:22:27,349.75,0
2021-06-08 10:22:28,349.75,0
2021-06-08 10:22:29,349.75,0
2021-06-08 10:22:30,349.75,0
2021-06-08 10:22:31,349.75,0
2021-06-08 10:22:32,349.75,0
2021-06-08 10:22:33,349.75,0
2021-06-08 10:22:34,349.7,0
2021-06-08 10:22:36,349.7,0
2021-06-08 10:22:37,349.7,0
2021-06-08 10:22:38,349.7,0
2021-06-08 10:22:39,349.7,0
2021-06-08 10:22:40,349.7,0
2021-06-08 10:22:41,349.75,0
2021-06-08 10:22:42,349.7,0
2021-06-08 10:22:43,349.7,0
2021-06-08 10:22:45,349.75,0
2021-06-08 10:22:46,349.75,0
2021-06-08 10:22:47,349.7,0
2021-06-08 10:22:48,349.7,0
2021-06-08 10:22:49,349.7,0
2021-06-08 10:22:50,349.65,0
2021-06-08 10:22:51,349.65,0
2021-06-08 10:22:52,349.65,0
2021-06-08 10:22:53,349.65,0
2021-06-08 10:22:55,349.7,0
2021-06-08 10:22:56,349.65,0
2021-06-08 10:22:57,349.7,0
2021-06-08 10:22:59,349.75,0
2021-06-08 10:23:02,349.75,0
2021-06-08 10:23:03,349.75,0
2021-06-08 10:23:04,349.75,0
2021-06-08 10:23:05,349.8,0
2021-06-08 10:23:06,349.8,0
2021-06-08 10:23:07,349.75,0
2021-06-08 10:23:08,349.75,0
2021-06-08 10:23:09,349.75,0
2021-06-08 10:23:10,349.7,0
2021-06-08 10:23:11,349.7,0
2021-06-08 10:23:12,349.75,0
2021-06-08 10:23:13,349.7,0
2021-06-08 10:23:14,349.75,0
2021-06-08 10:23:15,349.75,0
2021-06-08 10:23:16,349.75,0
2021-06-08 10:23:17,349.75,0
2021-06-08 10:23:18,349.7,0
2021-06-08 10:23:19,349.7,0
2021-06-08 10:23:20,349.7,0
2021-06-08 10:23:21,349.7,0
2021-06-08 10:23:23,349.75,0
2021-06-08 10:23:24,349.75,0
2021-06-08 10:23:26,349.75,0
2021-06-08 10:23:27,349.75,0
2021-06-08 10:23:28,349.7,0
2021-06-08 10:23:29,349.65,0
2021-06-08 10:23:31,349.75,0
2021-06-08 10:23:32,349.75,0
2021-06-08 10:23:33,349.75,0
2021-06-08 10:23:34,349.8,0
2021-06-08 10:23:35,349.75,0
2021-06-08 10:23:36,349.7,0
2021-06-08 10:23:37,349.7,0
2021-06-08 10:23:38,349.75,0
2021-06-08 10:23:39,349.8,0
2021-06-08 10:23:41,349.65,0
2021-06-08 10:23:42,349.7,0
2021-06-08 10:23:43,349.8,0
2021-06-08 10:23:44,349.8,0
2021-06-08 10:23:45,349.8,0
2021-06-08 10:23:46,349.8,0
2021-06-08 10:23:47,349.8,0
2021-06-08 10:23:48,349.75,0
2021-06-08 10:23:49,349.75,0
2021-06-08 10:23:50,349.75,0
2021-06-08 10:23:51,349.75,0
2021-06-08 10:23:52,349.7,0
2021-06-08 10:23:54,349.65,0
2021-06-08 10:23:55,349.65,0
2021-06-08 10:23:56,349.7,0
2021-06-08 10:23:57,349.75,0
2021-06-08 10:23:58,349.75,0
2021-06-08 10:24:00,349.7,0
2021-06-08 10:24:01,349.75,0
2021-06-08 10:24:02,349.8,0
2021-06-08 10:24:03,349.8,0
2021-06-08 10:24:04,349.8,0
2021-06-08 10:24:05,349.85,0
2021-06-08 10:24:06,349.75,0
2021-06-08 10:24:07,349.75,0
2021-06-08 10:24:08,349.8,0
2021-06-08 10:24:09,349.8,0
2021-06-08 10:24:10,349.85,0
2021-06-08 10:24:11,349.85,0
2021-06-08 10:24:12,349.85,0
2021-06-08 10:24:13,349.9,0
2021-06-08 10:24:14,349.9,0
2021-06-08 10:24:15,349.9,0
2021-06-08 10:24:16,349.9,0
2021-06-08 10:24:17,349.85,0
2021-06-08 10:24:19,349.85,0
2021-06-08 10:24:21,349.95,0
2021-06-08 10:24:22,350.0,0
2021-06-08 10:24:23,350.05,0
2021-06-08 10:24:24,350.0,0
2021-06-08 10:24:25,350.0,0
2021-06-08 10:24:26,350.0,0
2021-06-08 10:24:27,350.0,0
2021-06-08 10:24:28,350.0,0
2021-06-08 10:24:29,350.0,0
2021-06-08 10:24:30,350.05,0
2021-06-08 10:24:31,350.05,0
2021-06-08 10:24:32,350.05,0
2021-06-08 10:24:33,350.15,0
2021-06-08 10:24:34,350.05,0
2021-06-08 10:24:35,350.1,0
2021-06-08 10:24:36,350.1,0
2021-06-08 10:24:37,350.1,0
2021-06-08 10:24:38,350.1,0
2021-06-08 10:24:39,350.2,0
2021-06-08 10:24:40,350.15,0
2021-06-08 10:24:41,350.15,0
2021-06-08 10:24:42,350.2,0
2021-06-08 10:24:43,350.2,0
2021-06-08 10:24:44,350.15,0
2021-06-08 10:24:45,350.15,0
2021-06-08 10:24:46,350.1,0
2021-06-08 10:24:47,350.15,0
2021-06-08 10:24:48,350.15,0
2021-06-08 10:24:49,350.15,0
2021-06-08 10:24:50,350.15,0
2021-06-08 10:24:51,350.15,0
2021-06-08 10:24:52,350.15,0
2021-06-08 10:24:54,350.15,0
2021-06-08 10:24:55,350.15,0
2021-06-08 10:24:56,350.15,0
2021-06-08 10:24:58,350.1,0
2021-06-08 10:25:00,350.05,0
2021-06-08 10:25:03,350.05,0
2021-06-08 10:25:05,350.1,0
2021-06-08 10:25:07,350.1,0
2021-06-08 10:25:08,350.1,0
2021-06-08 10:25:09,350.1,0
2021-06-08 10:25:11,350.1,0
2021-06-08 10:25:12,350.1,0
2021-06-08 10:25:13,350.1,0
2021-06-08 10:25:14,350.15,0
2021-06-08 10:25:16,350.2,0
2021-06-08 10:25:18,350.15,0
2021-06-08 10:25:20,350.2,0
2021-06-08 10:25:22,350.15,0
2021-06-08 10:25:23,350.2,0
2021-06-08 10:25:24,350.15,0
2021-06-08 10:25:25,350.15,0
2021-06-08 10:25:26,350.15,0
2021-06-08 10:25:27,350.1,0
2021-06-08 10:25:28,350.15,0
2021-06-08 10:25:29,350.15,0
2021-06-08 10:25:30,350.15,0
2021-06-08 10:25:31,350.15,0
2021-06-08 10:25:34,350.15,0
2021-06-08 10:25:35,350.15,0
2021-06-08 10:25:36,350.15,0
2021-06-08 10:25:37,350.2,0
2021-06-08 10:25:38,350.2,0
2021-06-08 10:25:39,350.2,0
2021-06-08 10:25:41,350.2,0
2021-06-08 10:25:42,350.2,0
2021-06-08 10:25:43,350.2,0
2021-06-08 10:25:45,350.25,0
2021-06-08 10:25:46,350.2,0
2021-06-08 10:25:47,350.2,0
2021-06-08 10:25:48,350.2,0
2021-06-08 10:25:49,350.3,0
2021-06-08 10:25:51,350.2,0
2021-06-08 10:25:52,350.15,0
2021-06-08 10:25:55,350.15,0
2021-06-08 10:25:56,350.2,0
2021-06-08 10:25:57,350.2,0
2021-06-08 10:25:58,350.2,0
2021-06-08 10:25:59,350.15,0
2021-06-08 10:26:01,350.2,0
2021-06-08 10:26:03,350.2,0
2021-06-08 10:26:04,350.2,0
2021-06-08 10:26:05,350.25,0
2021-06-08 10:26:07,350.25,0
2021-06-08 10:26:09,350.25,0
2021-06-08 10:26:08,350.25,0
2021-06-08 10:26:11,350.3,0
2021-06-08 10:26:10,350.25,0
2021-06-08 10:26:13,350.3,0
2021-06-08 10:26:14,350.3,0
2021-06-08 10:26:16,350.3,0
2021-06-08 10:26:17,350.35,0
2021-06-08 10:26:19,350.35,0
2021-06-08 10:26:20,350.35,0
2021-06-08 10:26:21,350.4,0
2021-06-08 10:26:22,350.4,0
2021-06-08 10:26:23,350.4,0
2021-06-08 10:26:24,350.4,0
2021-06-08 10:26:25,350.4,0
2021-06-08 10:26:26,350.4,0
2021-06-08 10:26:27,350.4,0
2021-06-08 10:26:28,350.35,0
2021-06-08 10:26:29,350.35,0
2021-06-08 10:26:30,350.35,0
2021-06-08 10:26:32,350.35,0
2021-06-08 10:26:33,350.5,0
2021-06-08 10:26:34,350.55,0
2021-06-08 10:26:35,350.55,0
2021-06-08 10:26:36,350.55,0
