timestamp,ltp,volume
2021-06-01 09:16:02,769.75,124957
2021-06-01 09:16:02,769.75,124957
2021-06-01 09:16:03,770.0,125210
2021-06-01 09:16:04,770.1,125451
2021-06-01 09:16:05,770.0,125626
2021-06-01 09:16:06,770.05,125677
2021-06-01 09:16:07,770.5,125840
2021-06-01 09:16:08,770.6,126940
2021-06-01 09:16:09,770.65,127628
2021-06-01 09:16:10,770.45,128127
2021-06-01 09:16:11,771.1,129030
2021-06-01 09:16:12,770.6,129272
2021-06-01 09:16:13,770.45,129597
2021-06-01 09:16:14,770.45,129985
2021-06-01 09:16:15,771.1,130612
2021-06-01 09:16:16,771.0,130739
2021-06-01 09:16:17,770.65,133536
2021-06-01 09:16:18,770.65,134391
2021-06-01 09:16:19,771.0,134397
2021-06-01 09:16:20,770.95,136228
2021-06-01 09:16:21,771.0,136311
2021-06-01 09:16:22,771.05,136335
2021-06-01 09:16:23,770.95,136945
2021-06-01 09:16:24,770.95,136945
2021-06-01 09:16:25,771.0,137845
2021-06-01 09:16:26,771.0,138243
2021-06-01 09:16:27,770.9,139104
2021-06-01 09:16:28,770.9,139660
2021-06-01 09:16:29,770.9,139758
2021-06-01 09:16:30,770.7,140878
2021-06-01 09:16:31,770.65,141035
2021-06-01 09:16:32,770.55,143230
2021-06-01 09:16:33,771.0,143287
2021-06-01 09:16:34,771.0,143903
2021-06-01 09:16:35,771.35,146656
2021-06-01 09:16:36,771.4,146778
2021-06-01 09:16:37,771.0,147845
2021-06-01 09:16:38,770.7,149673
2021-06-01 09:16:39,770.95,151851
2021-06-01 09:16:41,771.05,152176
2021-06-01 09:16:42,770.7,152201
2021-06-01 09:16:43,771.0,152485
2021-06-01 09:16:45,771.05,153813
2021-06-01 09:16:46,771.0,154713
2021-06-01 09:16:47,771.05,155868
2021-06-01 09:16:48,771.15,156309
2021-06-01 09:16:49,771.1,157248
2021-06-01 09:16:50,771.55,157468
2021-06-01 09:16:51,771.5,157713
2021-06-01 09:16:52,771.5,157766
2021-06-01 09:16:53,771.15,157842
2021-06-01 09:16:54,770.7,161025
2021-06-01 09:16:57,771.05,161945
2021-06-01 09:16:58,771.0,162725
2021-06-01 09:16:59,771.0,163800
2021-06-01 09:17:00,770.8,164815
2021-06-01 09:17:01,770.7,165200
2021-06-01 09:17:02,770.45,166363
2021-06-01 09:17:03,770.9,167287
2021-06-01 09:17:04,770.85,168811
2021-06-01 09:17:05,770.95,168914
2021-06-01 09:17:06,771.15,169529
2021-06-01 09:17:07,771.5,171337
2021-06-01 09:17:08,771.8,172232
2021-06-01 09:17:09,772.0,178967
2021-06-01 09:17:10,772.05,179037
2021-06-01 09:17:11,772.05,179242
2021-06-01 09:17:12,771.75,179788
2021-06-01 09:17:13,772.05,180159
2021-06-01 09:17:14,771.75,180451
2021-06-01 09:17:15,771.3,181144
2021-06-01 09:17:16,770.25,187762
2021-06-01 09:17:17,770.7,187789
2021-06-01 09:17:18,770.7,187789
2021-06-01 09:17:19,770.85,187892
2021-06-01 09:17:20,771.1,188335
2021-06-01 09:17:22,771.2,188864
2021-06-01 09:17:21,770.75,188832
2021-06-01 09:17:23,771.05,189697
2021-06-01 09:17:24,771.0,189936
2021-06-01 09:17:25,771.45,190153
2021-06-01 09:17:26,771.5,190245
2021-06-01 09:17:27,771.05,190505
2021-06-01 09:17:28,771.0,190570
2021-06-01 09:17:30,771.35,190813
2021-06-01 09:17:29,771.35,190813
2021-06-01 09:17:31,771.35,190838
2021-06-01 09:17:32,771.1,191318
2021-06-01 09:17:33,771.1,191622
2021-06-01 09:17:34,771.15,192889
2021-06-01 09:17:35,771.6,194241
2021-06-01 09:17:36,771.4,194364
2021-06-01 09:17:37,771.55,194510
2021-06-01 09:17:38,771.1,194649
2021-06-01 09:17:39,771.1,195353
2021-06-01 09:17:40,771.5,197173
2021-06-01 09:17:41,771.15,197343
2021-06-01 09:17:42,771.45,197934
2021-06-01 09:17:43,771.3,198292
2021-06-01 09:17:44,771.6,199052
2021-06-01 09:17:45,771.25,199116
2021-06-01 09:17:46,771.45,199199
2021-06-01 09:17:47,771.1,203936
2021-06-01 09:17:48,771.1,204318
2021-06-01 09:17:49,771.15,204408
2021-06-01 09:17:50,771.15,204581
2021-06-01 09:17:51,771.15,204606
2021-06-01 09:17:52,770.75,207204
2021-06-01 09:17:53,770.65,207309
2021-06-01 09:17:54,770.4,207530
2021-06-01 09:17:55,770.8,207735
2021-06-01 09:17:56,771.0,207949
2021-06-01 09:17:57,771.45,208449
2021-06-01 09:17:58,771.1,208606
2021-06-01 09:18:00,771.0,210826
2021-06-01 09:18:01,771.0,210826
2021-06-01 09:18:02,771.25,210965
2021-06-01 09:18:03,770.9,211549
2021-06-01 09:18:03,770.8,212003
2021-06-01 09:18:05,770.6,212249
2021-06-01 09:18:06,770.65,212286
2021-06-01 09:18:07,770.85,212516
2021-06-01 09:18:08,770.0,226621
2021-06-01 09:18:09,770.35,226915
2021-06-01 09:18:10,770.8,227528
2021-06-01 09:18:11,770.6,227649
2021-06-01 09:18:12,770.6,227751
2021-06-01 09:18:14,770.35,227890
2021-06-01 09:18:15,770.8,228140
2021-06-01 09:18:15,770.75,228430
2021-06-01 09:18:16,770.65,228671
2021-06-01 09:18:17,770.95,228672
2021-06-01 09:18:18,771.0,229544
2021-06-01 09:18:19,771.45,231372
2021-06-01 09:18:20,771.55,232487
2021-06-01 09:18:21,771.3,232943
2021-06-01 09:18:23,771.5,233065
2021-06-01 09:18:23,771.4,233220
2021-06-01 09:18:24,771.4,233921
2021-06-01 09:18:26,771.5,234228
2021-06-01 09:18:27,771.55,234293
2021-06-01 09:18:28,771.65,234393
2021-06-01 09:18:29,771.05,235881
2021-06-01 09:18:30,771.65,236749
2021-06-01 09:18:31,772.1,243078
2021-06-01 09:18:32,771.85,243272
2021-06-01 09:18:33,772.25,243618
2021-06-01 09:18:33,771.85,243718
2021-06-01 09:18:34,772.5,245645
2021-06-01 09:18:35,772.05,246341
2021-06-01 09:18:36,772.3,246951
2021-06-01 09:18:37,772.0,247170
2021-06-01 09:18:38,772.35,247843
2021-06-01 09:18:39,772.35,247843
2021-06-01 09:18:40,772.5,248507
2021-06-01 09:18:41,772.5,248617
2021-06-01 09:18:43,773.35,252940
2021-06-01 09:18:44,772.8,253193
2021-06-01 09:18:45,773.1,254271
2021-06-01 09:18:45,773.1,254271
2021-06-01 09:18:47,772.4,255167
2021-06-01 09:18:47,773.0,255192
2021-06-01 09:18:49,773.2,256734
2021-06-01 09:18:49,773.0,256859
2021-06-01 09:18:50,773.2,256889
2021-06-01 09:18:52,773.3,259075
2021-06-01 09:18:52,773.3,263102
2021-06-01 09:18:53,773.2,264097
2021-06-01 09:18:54,773.0,264486
2021-06-01 09:18:55,773.45,266230
2021-06-01 09:18:56,773.05,267257
2021-06-01 09:18:57,773.5,268250
2021-06-01 09:18:58,773.15,269487
2021-06-01 09:18:59,773.65,270542
2021-06-01 09:19:00,773.05,272437
2021-06-01 09:19:01,773.05,272645
2021-06-01 09:19:02,773.45,273087
2021-06-01 09:19:03,773.05,273603
2021-06-01 09:19:04,773.0,278534
2021-06-01 09:19:05,773.35,279277
2021-06-01 09:19:06,772.8,279377
2021-06-01 09:19:07,773.3,279719
2021-06-01 09:19:08,772.75,279893
2021-06-01 09:19:09,773.25,280153
2021-06-01 09:19:11,771.7,301475
2021-06-01 09:19:11,771.7,301475
2021-06-01 09:19:13,771.9,302473
2021-06-01 09:19:14,772.1,303693
2021-06-01 09:19:14,772.1,303856
2021-06-01 09:19:15,772.1,304024
2021-06-01 09:19:16,772.5,304133
2021-06-01 09:19:17,773.45,307035
2021-06-01 09:19:18,773.5,307125
2021-06-01 09:19:19,773.5,307216
2021-06-01 09:19:21,773.0,307791
2021-06-01 09:19:21,773.0,307791
2021-06-01 09:19:22,772.6,309791
2021-06-01 09:19:23,772.65,309951
2021-06-01 09:19:24,773.0,310059
2021-06-01 09:19:26,773.2,310285
2021-06-01 09:19:27,772.9,310449
2021-06-01 09:19:27,773.0,310689
2021-06-01 09:19:29,772.9,310988
2021-06-01 09:19:30,773.0,311144
2021-06-01 09:19:31,773.0,311425
2021-06-01 09:19:31,773.0,311425
2021-06-01 09:19:32,773.05,311492
2021-06-01 09:19:33,773.0,313731
2021-06-01 09:19:35,772.5,314140
2021-06-01 09:19:35,772.7,315504
2021-06-01 09:19:37,772.65,315942
2021-06-01 09:19:37,773.0,316067
2021-06-01 09:19:39,773.0,316177
2021-06-01 09:19:39,773.0,316177
2021-06-01 09:19:40,773.0,320125
2021-06-01 09:19:41,773.0,320305
2021-06-01 09:19:43,772.9,322065
2021-06-01 09:19:45,773.05,323015
2021-06-01 09:19:45,773.05,323015
2021-06-01 09:19:47,773.0,324937
2021-06-01 09:19:48,773.75,328855
2021-06-01 09:19:49,773.8,329001
2021-06-01 09:19:50,773.65,329978
2021-06-01 09:19:51,773.7,335183
2021-06-01 09:19:52,774.3,336162
2021-06-01 09:19:53,774.3,336163
2021-06-01 09:19:54,773.8,338556
2021-06-01 09:19:55,773.8,338595
2021-06-01 09:19:56,773.9,338727
2021-06-01 09:19:57,774.0,338981
2021-06-01 09:19:58,774.25,340240
2021-06-01 09:19:59,774.0,340870
2021-06-01 09:20:01,773.9,341605
2021-06-01 09:20:02,773.9,341741
2021-06-01 09:20:03,773.5,342526
2021-06-01 09:20:04,773.95,343671
2021-06-01 09:20:04,774.0,343927
2021-06-01 09:20:06,774.05,345531
2021-06-01 09:20:07,774.0,346645
2021-06-01 09:20:08,774.05,347398
2021-06-01 09:20:09,773.8,348118
2021-06-01 09:20:10,774.0,348539
2021-06-01 09:20:11,774.4,350181
2021-06-01 09:20:12,774.0,350742
2021-06-01 09:20:13,774.0,351037
2021-06-01 09:20:14,774.4,351083
2021-06-01 09:20:15,774.35,351751
2021-06-01 09:20:16,774.25,352097
2021-06-01 09:20:17,773.95,352370
2021-06-01 09:20:18,773.65,353833
2021-06-01 09:20:19,773.7,353872
2021-06-01 09:20:20,774.05,354537
2021-06-01 09:20:21,774.2,354923
2021-06-01 09:20:22,774.0,355023
2021-06-01 09:20:23,774.35,357369
2021-06-01 09:20:24,774.25,358202
2021-06-01 09:20:25,774.4,358252
2021-06-01 09:20:26,774.4,358677
2021-06-01 09:20:27,774.55,359142
2021-06-01 09:20:28,774.6,359806
2021-06-01 09:20:29,774.45,360686
2021-06-01 09:20:30,774.45,360839
2021-06-01 09:20:31,774.55,361120
2021-06-01 09:20:32,774.55,361244
2021-06-01 09:20:32,774.55,361314
2021-06-01 09:20:34,774.6,362126
2021-06-01 09:20:35,774.0,364083
2021-06-01 09:20:36,774.0,364683
2021-06-01 09:20:37,773.3,372947
2021-06-01 09:20:37,773.4,373277
2021-06-01 09:20:39,773.5,373372
2021-06-01 09:20:40,773.5,373589
2021-06-01 09:20:41,773.55,374348
2021-06-01 09:20:42,773.55,374466
2021-06-01 09:20:43,773.55,374898
2021-06-01 09:20:44,773.65,375369
2021-06-01 09:20:44,773.65,375410
2021-06-01 09:20:46,773.25,375764
2021-06-01 09:20:46,773.3,375775
2021-06-01 09:20:47,773.35,376583
2021-06-01 09:20:48,773.35,381871
2021-06-01 09:20:49,773.55,382651
2021-06-01 09:20:50,773.5,382820
2021-06-01 09:20:51,773.6,383207
2021-06-01 09:20:54,773.35,384315
2021-06-01 09:20:55,773.6,384465
2021-06-01 09:20:56,773.6,384887
2021-06-01 09:20:56,773.6,384940
2021-06-01 09:20:57,773.6,385002
2021-06-01 09:20:58,773.6,386255
2021-06-01 09:20:59,773.6,386691
2021-06-01 09:21:01,773.6,386905
2021-06-01 09:21:02,773.6,387016
2021-06-01 09:21:03,773.55,387598
2021-06-01 09:21:03,773.6,387604
2021-06-01 09:21:04,773.6,388266
2021-06-01 09:21:05,773.6,388822
2021-06-01 09:21:06,773.35,390750
2021-06-01 09:21:07,773.4,391339
2021-06-01 09:21:08,773.45,391681
2021-06-01 09:21:09,773.45,391853
2021-06-01 09:21:10,773.55,392890
2021-06-01 09:21:11,773.15,393042
2021-06-01 09:21:12,773.6,393059
2021-06-01 09:21:14,773.65,393750
2021-06-01 09:21:14,773.75,393689
2021-06-01 09:21:15,773.9,394243
2021-06-01 09:21:16,773.6,394526
2021-06-01 09:21:17,773.85,394820
2021-06-01 09:21:18,774.0,395092
2021-06-01 09:21:19,774.0,395573
2021-06-01 09:21:20,773.95,396457
2021-06-01 09:21:21,773.9,397026
2021-06-01 09:21:22,773.75,398941
2021-06-01 09:21:23,774.25,399061
2021-06-01 09:21:24,774.3,399062
2021-06-01 09:21:26,774.35,399442
2021-06-01 09:21:27,773.9,401207
2021-06-01 09:21:28,774.05,402508
2021-06-01 09:21:29,774.3,403245
2021-06-01 09:21:30,773.15,407422
2021-06-01 09:21:31,773.7,407577
2021-06-01 09:21:32,773.7,408616
2021-06-01 09:21:33,773.9,408815
2021-06-01 09:21:34,773.9,409031
2021-06-01 09:21:35,773.85,409085
2021-06-01 09:21:36,773.65,409784
2021-06-01 09:21:37,773.65,409819
2021-06-01 09:21:38,773.7,409864
2021-06-01 09:21:38,773.7,409864
2021-06-01 09:21:39,773.55,410073
2021-06-01 09:21:40,773.0,411639
2021-06-01 09:21:41,773.3,411702
2021-06-01 09:21:42,773.55,411825
2021-06-01 09:21:43,773.55,411926
2021-06-01 09:21:44,773.65,411928
2021-06-01 09:21:45,773.65,412182
2021-06-01 09:21:46,773.7,412202
2021-06-01 09:21:47,773.35,412752
2021-06-01 09:21:48,773.55,412800
2021-06-01 09:21:49,773.6,414047
2021-06-01 09:21:50,773.25,415149
2021-06-01 09:21:51,773.75,415181
2021-06-01 09:21:52,773.8,415269
2021-06-01 09:21:53,773.85,415691
2021-06-01 09:21:54,773.7,416016
2021-06-01 09:21:55,773.8,416120
2021-06-01 09:21:56,773.4,416716
2021-06-01 09:21:57,773.5,416770
2021-06-01 09:21:58,773.65,416824
2021-06-01 09:22:00,773.3,418031
2021-06-01 09:22:01,773.45,418086
2021-06-01 09:22:02,773.5,419179
2021-06-01 09:22:03,773.5,419182
2021-06-01 09:22:04,773.5,419191
2021-06-01 09:22:05,773.15,420141
2021-06-01 09:22:07,773.8,420435
2021-06-01 09:22:08,773.7,420466
2021-06-01 09:22:09,773.8,420545
2021-06-01 09:22:10,773.8,420642
2021-06-01 09:22:12,773.9,420742
2021-06-01 09:22:13,773.9,420870
2021-06-01 09:22:14,774.0,421212
2021-06-01 09:22:15,774.0,421633
2021-06-01 09:22:16,773.8,421674
2021-06-01 09:22:17,773.9,421740
2021-06-01 09:22:18,774.0,422000
2021-06-01 09:22:18,774.0,422000
2021-06-01 09:22:19,774.0,422143
2021-06-01 09:22:20,774.0,422449
2021-06-01 09:22:21,774.05,423486
2021-06-01 09:22:22,774.05,423591
2021-06-01 09:22:24,773.8,424562
2021-06-01 09:22:25,774.2,425923
2021-06-01 09:22:26,774.2,425923
2021-06-01 09:22:27,774.0,426193
2021-06-01 09:22:28,774.3,429184
2021-06-01 09:22:29,774.3,429184
2021-06-01 09:22:30,774.2,429594
2021-06-01 09:22:31,774.55,434118
2021-06-01 09:22:32,774.55,434654
2021-06-01 09:22:33,774.6,437841
2021-06-01 09:22:34,774.65,440328
2021-06-01 09:22:35,774.5,449146
2021-06-01 09:22:36,775.0,454291
2021-06-01 09:22:37,774.85,471067
2021-06-01 09:22:38,775.1,472642
2021-06-01 09:22:39,775.15,472892
2021-06-01 09:22:40,774.7,473165
2021-06-01 09:22:41,774.25,490156
2021-06-01 09:22:42,773.75,490390
2021-06-01 09:22:43,774.15,490575
2021-06-01 09:22:44,773.75,490770
2021-06-01 09:22:45,774.35,491527
2021-06-01 09:22:45,774.25,491532
2021-06-01 09:22:46,774.25,493503
2021-06-01 09:22:47,774.45,495502
2021-06-01 09:22:48,774.5,496754
2021-06-01 09:22:49,774.55,497532
2021-06-01 09:22:50,774.55,497537
2021-06-01 09:22:52,774.65,498277
2021-06-01 09:22:53,774.5,498507
2021-06-01 09:22:54,774.9,501991
2021-06-01 09:22:55,774.85,502593
2021-06-01 09:22:56,775.0,504001
2021-06-01 09:22:57,775.4,504537
2021-06-01 09:22:58,775.45,505655
2021-06-01 09:22:59,775.2,505842
2021-06-01 09:23:00,775.6,506548
2021-06-01 09:23:01,775.2,506661
2021-06-01 09:23:02,775.1,507188
2021-06-01 09:23:03,775.5,508135
2021-06-01 09:23:04,775.2,508438
2021-06-01 09:23:05,774.9,508688
2021-06-01 09:23:05,774.9,508688
2021-06-01 09:23:06,775.05,510067
2021-06-01 09:23:07,774.65,510730
2021-06-01 09:23:08,775.25,511046
2021-06-01 09:23:09,775.25,511186
2021-06-01 09:23:10,775.0,511617
2021-06-01 09:23:11,775.4,511747
2021-06-01 09:23:12,775.05,512049
2021-06-01 09:23:13,775.05,512956
2021-06-01 09:23:14,775.2,513635
2021-06-01 09:23:15,775.2,513698
2021-06-01 09:23:18,775.0,515241
2021-06-01 09:23:19,775.05,515551
2021-06-01 09:23:20,775.2,516095
2021-06-01 09:23:21,775.15,516370
2021-06-01 09:23:22,775.2,516749
2021-06-01 09:23:23,775.2,516941
2021-06-01 09:23:24,775.2,518421
2021-06-01 09:23:24,774.75,518441
2021-06-01 09:23:25,774.9,518467
2021-06-01 09:23:26,775.1,518578
2021-06-01 09:23:27,775.15,522532
2021-06-01 09:23:28,775.2,522590
2021-06-01 09:23:29,775.15,522943
2021-06-01 09:23:30,775.2,524459
2021-06-01 09:23:31,774.65,527486
2021-06-01 09:23:33,775.0,527831
2021-06-01 09:23:34,774.75,528027
2021-06-01 09:23:35,774.8,529640
2021-06-01 09:23:36,774.85,529700
2021-06-01 09:23:37,774.95,530143
2021-06-01 09:23:38,774.65,530243
2021-06-01 09:23:38,774.65,530243
2021-06-01 09:23:39,774.65,530243
2021-06-01 09:23:40,774.8,530304
2021-06-01 09:23:41,774.55,530831
2021-06-01 09:23:42,774.4,531296
2021-06-01 09:23:43,774.45,531359
2021-06-01 09:23:46,774.6,532468
2021-06-01 09:23:47,774.55,532757
2021-06-01 09:23:48,774.45,533411
2021-06-01 09:23:49,774.55,533718
2021-06-01 09:23:50,774.55,533768
2021-06-01 09:23:51,774.35,534166
2021-06-01 09:23:52,774.5,534190
2021-06-01 09:23:53,774.25,534365
2021-06-01 09:23:54,774.6,535341
2021-06-01 09:23:55,774.25,535384
2021-06-01 09:23:56,774.3,535400
2021-06-01 09:23:56,774.25,535399
2021-06-01 09:23:57,774.55,535728
2021-06-01 09:23:58,774.05,537763
2021-06-01 09:24:00,774.3,537787
2021-06-01 09:24:00,774.05,538052
2021-06-01 09:24:01,774.1,538640
2021-06-01 09:24:02,774.25,538790
2021-06-01 09:24:03,774.25,538871
2021-06-01 09:24:04,774.0,538931
2021-06-01 09:24:05,774.1,539556
2021-06-01 09:24:07,774.1,539572
2021-06-01 09:24:08,774.3,540561
2021-06-01 09:24:09,775.2,546833
2021-06-01 09:24:10,775.75,550573
2021-06-01 09:24:11,775.55,551497
2021-06-01 09:24:12,775.55,551898
2021-06-01 09:24:13,775.5,552264
2021-06-01 09:24:13,775.5,552264
2021-06-01 09:24:14,775.4,552345
2021-06-01 09:24:15,775.4,552395
2021-06-01 09:24:16,775.6,553148
2021-06-01 09:24:17,775.6,554058
2021-06-01 09:24:19,775.5,563752
2021-06-01 09:24:20,775.5,563775
2021-06-01 09:24:21,775.7,564285
2021-06-01 09:24:22,775.85,565613
2021-06-01 09:24:23,775.85,566146
2021-06-01 09:24:24,775.85,566206
2021-06-01 09:24:25,776.3,580620
2021-06-01 09:24:26,776.3,580793
2021-06-01 09:24:26,776.0,580828
2021-06-01 09:24:27,776.7,584367
2021-06-01 09:24:28,776.95,584835
2021-06-01 09:24:29,776.95,585380
2021-06-01 09:24:30,777.0,586743
2021-06-01 09:24:32,776.9,587254
2021-06-01 09:24:33,777.0,589108
2021-06-01 09:24:34,777.0,590746
2021-06-01 09:24:35,776.95,592107
2021-06-01 09:24:36,776.45,592497
2021-06-01 09:24:37,776.95,592762
2021-06-01 09:24:38,776.45,592990
2021-06-01 09:24:39,776.95,593794
2021-06-01 09:24:40,776.9,594589
2021-06-01 09:24:41,776.65,594900
2021-06-01 09:24:42,775.8,597166
2021-06-01 09:24:43,776.4,598758
2021-06-01 09:24:44,776.45,599585
2021-06-01 09:24:45,776.0,599866
2021-06-01 09:24:46,776.0,600412
2021-06-01 09:24:47,776.35,601346
2021-06-01 09:24:48,776.5,601353
2021-06-01 09:24:49,776.9,602044
2021-06-01 09:24:50,776.65,602211
2021-06-01 09:24:51,776.8,602893
2021-06-01 09:24:51,776.8,602893
2021-06-01 09:24:52,776.4,602945
2021-06-01 09:24:54,776.45,603364
2021-06-01 09:24:55,776.4,604455
2021-06-01 09:24:56,776.6,604533
2021-06-01 09:24:57,776.5,604585
2021-06-01 09:24:58,776.4,604773
2021-06-01 09:24:59,776.85,605261
2021-06-01 09:25:01,776.8,606008
2021-06-01 09:25:04,776.7,608495
2021-06-01 09:25:06,776.5,608613
2021-06-01 09:25:07,776.6,608734
2021-06-01 09:25:08,776.4,609114
2021-06-01 09:25:09,776.15,609286
2021-06-01 09:25:10,776.6,609324
2021-06-01 09:25:11,776.5,611729
2021-06-01 09:25:12,776.5,612872
2021-06-01 09:25:13,776.05,613088
2021-06-01 09:25:14,775.85,616027
2021-06-01 09:25:15,775.65,620888
2021-06-01 09:25:16,775.55,622146
2021-06-01 09:25:16,775.55,622161
2021-06-01 09:25:17,775.3,622167
2021-06-01 09:25:18,775.0,626242
2021-06-01 09:25:19,775.4,626440
2021-06-01 09:25:20,775.55,626798
2021-06-01 09:25:21,775.6,626955
2021-06-01 09:25:22,775.15,627205
2021-06-01 09:25:23,775.5,627350
2021-06-01 09:25:25,775.55,627647
2021-06-01 09:25:26,775.55,627761
2021-06-01 09:25:27,774.8,631620
2021-06-01 09:25:28,774.65,632435
2021-06-01 09:25:29,775.05,633330
2021-06-01 09:25:30,774.9,636005
2021-06-01 09:25:31,774.9,636369
2021-06-01 09:25:32,774.65,636510
2021-06-01 09:25:33,774.65,636864
2021-06-01 09:25:34,774.75,637181
2021-06-01 09:25:35,774.95,637221
2021-06-01 09:25:36,774.55,637361
2021-06-01 09:25:37,774.5,637485
2021-06-01 09:25:37,774.25,637563
2021-06-01 09:25:40,774.6,637950
2021-06-01 09:25:41,774.5,638561
2021-06-01 09:25:42,774.35,639201
2021-06-01 09:25:43,774.3,639576
2021-06-01 09:25:44,774.35,639771
2021-06-01 09:25:45,774.4,640012
2021-06-01 09:25:46,774.9,641037
2021-06-01 09:25:47,774.85,641127
2021-06-01 09:25:48,774.8,641181
2021-06-01 09:25:49,774.65,641879
2021-06-01 09:25:50,775.0,643899
2021-06-01 09:25:51,775.0,643899
2021-06-01 09:25:52,775.0,644149
2021-06-01 09:25:53,775.45,644489
2021-06-01 09:25:54,775.45,644499
2021-06-01 09:25:55,775.0,646009
2021-06-01 09:25:56,775.0,646659
2021-06-01 09:25:56,775.0,646659
2021-06-01 09:25:57,775.35,646869
2021-06-01 09:25:58,775.05,646889
2021-06-01 09:25:59,775.35,646943
2021-06-01 09:26:00,775.05,647085
2021-06-01 09:26:01,775.2,647086
2021-06-01 09:26:02,775.05,647797
2021-06-01 09:26:03,775.05,648713
2021-06-01 09:26:04,775.45,648879
2021-06-01 09:26:06,775.05,649915
2021-06-01 09:26:07,775.35,650065
2021-06-01 09:26:08,775.45,650153
2021-06-01 09:26:09,775.15,650203
2021-06-01 09:26:10,775.45,650266
2021-06-01 09:26:11,775.45,650271
2021-06-01 09:26:12,775.15,650406
2021-06-01 09:26:13,775.45,650480
2021-06-01 09:26:14,775.35,650925
2021-06-01 09:26:16,775.0,652292
2021-06-01 09:26:18,775.0,656351
2021-06-01 09:26:19,775.0,656852
2021-06-01 09:26:20,775.05,657639
2021-06-01 09:26:21,775.1,657897
2021-06-01 09:26:22,775.1,657907
2021-06-01 09:26:23,774.9,659154
2021-06-01 09:26:24,774.9,659319
2021-06-01 09:26:25,774.9,659446
2021-06-01 09:26:26,774.9,659446
2021-06-01 09:26:27,774.9,659896
2021-06-01 09:26:28,774.7,660111
2021-06-01 09:26:30,774.85,661586
2021-06-01 09:26:31,774.55,661796
2021-06-01 09:26:32,774.6,661852
2021-06-01 09:26:33,774.6,661932
2021-06-01 09:26:34,774.55,665560
2021-06-01 09:26:35,774.6,665663
2021-06-01 09:26:36,774.6,666003
2021-06-01 09:26:37,773.55,681228
2021-06-01 09:26:38,773.55,681228
2021-06-01 09:26:39,773.85,681318
2021-06-01 09:26:40,773.6,681475
2021-06-01 09:26:41,773.95,681485
2021-06-01 09:26:42,774.35,682033
2021-06-01 09:26:43,773.95,682581
2021-06-01 09:26:44,774.0,682641
2021-06-01 09:26:45,773.8,682692
2021-06-01 09:26:46,773.8,682700
2021-06-01 09:26:47,774.05,682725
2021-06-01 09:26:48,774.1,682925
2021-06-01 09:26:49,773.8,683989
2021-06-01 09:26:50,773.8,684001
2021-06-01 09:26:51,774.15,685061
2021-06-01 09:26:52,773.95,685086
2021-06-01 09:26:53,774.1,686402
2021-06-01 09:26:54,774.0,686541
2021-06-01 09:26:55,773.95,686542
2021-06-01 09:26:56,774.25,686806
2021-06-01 09:26:57,774.1,686917
2021-06-01 09:26:58,774.5,687033
2021-06-01 09:26:59,774.5,687033
2021-06-01 09:27:00,774.5,687123
2021-06-01 09:27:01,774.65,687823
2021-06-01 09:27:02,774.3,687824
2021-06-01 09:27:03,774.4,687843
2021-06-01 09:27:04,774.7,688071
2021-06-01 09:27:05,774.7,688071
2021-06-01 09:27:06,774.5,688201
2021-06-01 09:27:07,774.45,688574
2021-06-01 09:27:08,774.45,688574
2021-06-01 09:27:09,774.15,688921
2021-06-01 09:27:10,774.5,688928
2021-06-01 09:27:11,774.5,689048
2021-06-01 09:27:12,774.5,689101
2021-06-01 09:27:13,774.25,689476
2021-06-01 09:27:14,774.45,689958
2021-06-01 09:27:15,774.4,690601
2021-06-01 09:27:16,774.0,690626
2021-06-01 09:27:17,774.0,690753
2021-06-01 09:27:18,774.35,690953
2021-06-01 09:27:19,774.5,692298
2021-06-01 09:27:20,774.45,693513
2021-06-01 09:27:21,773.65,696320
2021-06-01 09:27:22,773.65,696320
2021-06-01 09:27:23,774.25,696789
2021-06-01 09:27:24,774.45,696962
2021-06-01 09:27:25,774.1,696987
2021-06-01 09:27:26,774.1,696987
2021-06-01 09:27:27,774.05,697078
2021-06-01 09:27:28,774.45,697180
2021-06-01 09:27:29,774.4,697474
2021-06-01 09:27:30,774.5,697497
2021-06-01 09:27:31,774.5,697497
2021-06-01 09:27:32,774.25,697678
2021-06-01 09:27:33,774.3,697716
2021-06-01 09:27:34,774.45,698216
2021-06-01 09:27:35,774.2,698266
2021-06-01 09:27:36,774.0,698516
2021-06-01 09:27:37,774.0,698545
2021-06-01 09:27:38,774.35,699075
2021-06-01 09:27:39,774.25,699108
2021-06-01 09:27:40,774.4,700284
2021-06-01 09:27:41,774.0,700347
2021-06-01 09:27:42,774.0,700479
2021-06-01 09:27:43,774.0,700479
2021-06-01 09:27:44,774.3,700757
2021-06-01 09:27:45,774.2,700780
2021-06-01 09:27:46,774.0,701089
2021-06-01 09:27:47,774.0,701427
2021-06-01 09:27:48,774.0,701492
2021-06-01 09:27:49,774.0,701844
2021-06-01 09:27:50,773.9,702089
2021-06-01 09:27:51,773.9,702236
2021-06-01 09:27:52,773.9,702236
2021-06-01 09:27:53,773.9,702236
2021-06-01 09:27:54,773.65,702275
2021-06-01 09:27:55,773.65,702345
2021-06-01 09:27:56,773.9,702955
2021-06-01 09:27:57,774.0,703229
2021-06-01 09:27:58,774.0,704442
2021-06-01 09:27:59,774.1,706594
2021-06-01 09:28:00,774.0,706799
2021-06-01 09:28:01,774.0,706799
2021-06-01 09:28:02,774.05,706816
2021-06-01 09:28:03,774.1,706839
2021-06-01 09:28:04,774.45,706866
2021-06-01 09:28:05,774.45,706983
2021-06-01 09:28:06,774.5,707705
2021-06-01 09:28:07,774.25,707739
2021-06-01 09:28:08,774.5,707834
2021-06-01 09:28:09,774.3,707879
2021-06-01 09:28:10,774.3,707886
2021-06-01 09:28:11,774.3,708113
2021-06-01 09:28:12,774.5,708135
2021-06-01 09:28:13,774.3,708244
2021-06-01 09:28:14,774.5,708354
2021-06-01 09:28:15,774.3,708374
2021-06-01 09:28:16,774.3,708416
2021-06-01 09:28:17,774.4,708467
2021-06-01 09:28:18,774.45,708544
2021-06-01 09:28:19,774.15,709044
2021-06-01 09:28:20,774.25,709045
2021-06-01 09:28:21,774.3,709247
2021-06-01 09:28:22,773.8,710788
2021-06-01 09:28:23,774.0,710822
2021-06-01 09:28:24,774.0,710822
2021-06-01 09:28:25,774.0,711088
2021-06-01 09:28:26,774.0,711521
2021-06-01 09:28:27,773.7,712001
2021-06-01 09:28:28,773.95,712061
2021-06-01 09:28:29,774.0,712095
2021-06-01 09:28:30,774.0,712196
2021-06-01 09:28:31,773.7,712224
2021-06-01 09:28:32,774.0,712364
2021-06-01 09:28:33,774.0,712364
2021-06-01 09:28:34,774.0,712787
2021-06-01 09:28:35,774.0,712787
2021-06-01 09:28:36,773.7,712837
2021-06-01 09:28:37,774.0,712874
2021-06-01 09:28:38,774.0,713107
2021-06-01 09:28:39,774.0,713516
2021-06-01 09:28:40,774.1,713542
2021-06-01 09:28:41,774.0,713742
2021-06-01 09:28:42,773.15,722556
2021-06-01 09:28:43,773.4,723756
2021-06-01 09:28:44,773.1,723849
2021-06-01 09:28:46,773.15,723903
2021-06-01 09:28:47,773.15,723903
2021-06-01 09:28:48,773.6,723948
2021-06-01 09:28:49,773.6,724058
2021-06-01 09:28:50,773.6,724088
2021-06-01 09:28:50,773.6,724088
2021-06-01 09:28:51,773.2,724645
2021-06-01 09:28:52,773.6,724775
2021-06-01 09:28:53,773.6,724791
2021-06-01 09:28:54,773.25,724857
2021-06-01 09:28:55,773.6,724887
2021-06-01 09:28:57,773.6,725009
2021-06-01 09:28:57,773.6,725009
2021-06-01 09:28:58,773.65,725063
2021-06-01 09:28:59,773.2,725240
2021-06-01 09:29:00,773.25,725340
2021-06-01 09:29:01,773.65,725370
2021-06-01 09:29:02,773.25,725470
2021-06-01 09:29:03,773.6,725528
2021-06-01 09:29:05,773.65,725533
2021-06-01 09:29:07,773.25,725615
2021-06-01 09:29:08,773.6,725696
2021-06-01 09:29:09,773.25,725818
2021-06-01 09:29:10,773.25,726232
2021-06-01 09:29:11,773.3,726235
2021-06-01 09:29:12,773.7,726500
2021-06-01 09:29:13,773.7,726814
2021-06-01 09:29:14,773.6,726876
2021-06-01 09:29:15,773.55,726897
2021-06-01 09:29:16,773.65,727944
2021-06-01 09:29:18,773.65,728010
2021-06-01 09:29:18,773.65,728047
2021-06-01 09:29:19,773.7,728049
2021-06-01 09:29:20,773.7,728068
2021-06-01 09:29:22,773.3,728094
2021-06-01 09:29:22,773.5,728108
2021-06-01 09:29:23,773.3,728244
2021-06-01 09:29:24,773.45,729475
2021-06-01 09:29:25,773.3,730216
2021-06-01 09:29:26,773.3,730217
2021-06-01 09:29:27,773.3,730754
2021-06-01 09:29:28,773.3,730844
2021-06-01 09:29:29,773.2,731899
2021-06-01 09:29:31,773.0,734444
2021-06-01 09:29:31,773.0,734444
2021-06-01 09:29:32,773.0,734655
2021-06-01 09:29:33,773.0,734655
2021-06-01 09:29:34,773.0,734754
2021-06-01 09:29:36,773.0,734885
2021-06-01 09:29:37,773.3,735039
2021-06-01 09:29:39,773.0,735140
2021-06-01 09:29:39,773.0,735140
2021-06-01 09:29:40,773.35,735941
2021-06-01 09:29:41,773.5,738011
2021-06-01 09:29:42,773.35,738111
2021-06-01 09:29:43,773.7,738161
2021-06-01 09:29:44,773.5,738227
2021-06-01 09:29:45,774.0,738691
2021-06-01 09:29:47,774.0,738696
2021-06-01 09:29:48,773.55,739762
2021-06-01 09:29:49,774.05,742755
2021-06-01 09:29:49,774.25,742760
2021-06-01 09:29:50,774.35,743698
2021-06-01 09:29:51,773.95,744970
2021-06-01 09:29:52,773.9,745120
2021-06-01 09:29:53,774.3,747194
2021-06-01 09:29:54,774.5,747196
2021-06-01 09:29:55,774.2,747487
2021-06-01 09:29:56,774.2,748122
2021-06-01 09:29:57,774.2,748142
2021-06-01 09:29:58,774.4,748300
2021-06-01 09:29:59,774.1,748328
2021-06-01 09:30:00,774.1,748470
2021-06-01 09:30:01,774.2,748481
2021-06-01 09:30:02,774.4,748524
2021-06-01 09:30:03,774.2,748637
2021-06-01 09:30:04,774.2,748729
2021-06-01 09:30:05,774.2,748730
2021-06-01 09:30:06,774.4,758932
2021-06-01 09:30:09,774.5,759087
2021-06-01 09:30:10,774.45,759367
2021-06-01 09:30:11,774.8,759398
2021-06-01 09:30:12,774.5,759473
2021-06-01 09:30:13,774.4,760013
2021-06-01 09:30:16,774.4,760578
2021-06-01 09:30:17,774.5,761079
2021-06-01 09:30:18,774.5,761512
2021-06-01 09:30:19,774.6,761607
2021-06-01 09:30:20,774.6,761770
2021-06-01 09:30:22,774.5,762271
2021-06-01 09:30:23,774.25,762342
2021-06-01 09:30:24,774.5,762348
2021-06-01 09:30:25,774.5,762489
2021-06-01 09:30:26,774.5,762489
2021-06-01 09:30:27,774.1,762658
2021-06-01 09:30:28,774.45,762713
2021-06-01 09:30:29,774.45,762713
2021-06-01 09:30:30,774.45,762713
2021-06-01 09:30:31,774.45,762721
2021-06-01 09:30:33,774.45,762922
2021-06-01 09:30:33,774.5,763096
2021-06-01 09:30:34,774.5,763096
2021-06-01 09:30:35,774.5,763109
2021-06-01 09:30:36,774.45,763155
2021-06-01 09:30:37,774.25,764670
2021-06-01 09:30:38,774.4,764896
2021-06-01 09:30:39,774.4,765070
2021-06-01 09:30:40,774.4,765184
2021-06-01 09:30:41,773.6,770387
2021-06-01 09:30:42,773.6,770423
2021-06-01 09:30:43,773.7,770694
2021-06-01 09:30:45,773.6,771254
2021-06-01 09:30:46,773.3,771279
2021-06-01 09:30:47,773.8,771405
2021-06-01 09:30:48,773.8,771405
2021-06-01 09:30:49,773.6,771707
2021-06-01 09:30:50,773.6,771732
2021-06-01 09:30:51,773.5,771733
2021-06-01 09:30:52,773.5,771838
2021-06-01 09:30:53,773.7,774345
2021-06-01 09:30:54,773.9,774704
2021-06-01 09:30:55,773.9,774704
2021-06-01 09:30:56,773.5,774777
2021-06-01 09:30:57,773.8,774783
2021-06-01 09:30:58,773.8,774989
2021-06-01 09:30:59,773.85,775342
2021-06-01 09:31:00,773.5,775682
2021-06-01 09:31:02,773.5,775734
2021-06-01 09:31:03,773.5,776264
2021-06-01 09:31:04,773.6,776279
2021-06-01 09:31:05,773.35,776280
2021-06-01 09:31:06,773.6,777395
2021-06-01 09:31:07,773.7,777523
2021-06-01 09:31:08,773.7,777545
2021-06-01 09:31:08,773.7,777545
2021-06-01 09:31:10,773.7,777571
2021-06-01 09:31:11,773.5,777573
2021-06-01 09:31:12,773.7,777623
2021-06-01 09:31:13,773.75,778023
2021-06-01 09:31:14,773.6,778028
2021-06-01 09:31:15,773.8,778049
2021-06-01 09:31:16,773.8,778049
2021-06-01 09:31:17,773.6,778053
2021-06-01 09:31:18,773.7,778054
2021-06-01 09:31:19,773.6,778154
2021-06-01 09:31:20,773.75,778164
2021-06-01 09:31:20,773.75,778164
2021-06-01 09:31:22,773.65,778354
2021-06-01 09:31:23,773.5,778778
2021-06-01 09:31:24,773.55,778829
2021-06-01 09:31:25,773.55,778832
2021-06-01 09:31:26,773.55,778837
2021-06-01 09:31:27,773.8,778907
2021-06-01 09:31:28,773.95,778951
2021-06-01 09:31:29,773.95,778963
2021-06-01 09:31:30,773.8,778996
2021-06-01 09:31:31,773.8,779056
2021-06-01 09:31:32,774.0,779078
2021-06-01 09:31:33,774.0,779127
2021-06-01 09:31:34,773.8,779196
2021-06-01 09:31:35,774.0,779257
2021-06-01 09:31:36,773.8,779268
2021-06-01 09:31:37,773.8,779293
2021-06-01 09:31:38,773.8,780218
2021-06-01 09:31:39,773.75,780256
2021-06-01 09:31:40,773.75,780314
2021-06-01 09:31:40,773.6,780463
2021-06-01 09:31:42,773.8,780518
2021-06-01 09:31:43,773.8,780520
2021-06-01 09:31:44,773.8,780521
2021-06-01 09:31:45,773.8,780525
2021-06-01 09:31:46,773.85,780540
2021-06-01 09:31:47,773.85,780605
2021-06-01 09:31:47,773.85,780609
2021-06-01 09:31:48,773.9,780723
2021-06-01 09:31:49,773.65,780724
2021-06-01 09:31:50,773.65,780774
2021-06-01 09:31:51,773.5,782127
2021-06-01 09:31:52,773.3,782508
2021-06-01 09:31:53,773.3,782565
2021-06-01 09:31:54,773.4,782869
2021-06-01 09:31:55,773.1,783784
2021-06-01 09:31:56,773.45,783788
2021-06-01 09:31:57,773.45,783788
2021-06-01 09:31:58,773.45,783820
2021-06-01 09:32:00,773.5,784011
2021-06-01 09:32:01,773.4,784013
2021-06-01 09:32:02,773.1,784388
2021-06-01 09:32:04,773.3,784508
2021-06-01 09:32:05,773.3,784508
2021-06-01 09:32:07,773.3,784509
2021-06-01 09:32:07,773.3,784509
2021-06-01 09:32:09,773.05,785010
2021-06-01 09:32:11,773.1,785180
2021-06-01 09:32:12,773.1,785180
2021-06-01 09:32:12,773.1,785180
2021-06-01 09:32:14,773.3,785209
2021-06-01 09:32:15,773.4,785464
2021-06-01 09:32:16,773.4,785464
2021-06-01 09:32:17,773.4,785484
2021-06-01 09:32:18,773.4,785544
2021-06-01 09:32:20,773.4,785571
2021-06-01 09:32:21,773.2,785668
2021-06-01 09:32:22,773.2,785668
2021-06-01 09:32:23,773.2,785668
2021-06-01 09:32:24,773.45,785806
2021-06-01 09:32:25,773.45,785980
2021-06-01 09:32:26,773.2,786032
2021-06-01 09:32:27,773.5,786033
2021-06-01 09:32:28,773.45,786035
2021-06-01 09:32:29,773.2,786113
2021-06-01 09:32:30,773.2,786113
2021-06-01 09:32:31,773.4,786273
2021-06-01 09:32:33,773.15,786343
2021-06-01 09:32:34,773.1,786344
2021-06-01 09:32:35,773.2,786392
2021-06-01 09:32:36,773.2,786402
2021-06-01 09:32:37,773.25,786914
2021-06-01 09:32:38,773.2,787533
2021-06-01 09:32:38,773.4,787524
2021-06-01 09:32:39,773.2,787535
2021-06-01 09:32:40,773.45,788077
2021-06-01 09:32:42,773.2,788103
2021-06-01 09:32:43,773.5,788231
2021-06-01 09:32:44,773.5,788342
2021-06-01 09:32:45,773.15,788381
2021-06-01 09:32:47,773.15,788746
2021-06-01 09:32:48,773.15,788746
2021-06-01 09:32:49,773.4,788747
2021-06-01 09:32:49,773.4,788747
2021-06-01 09:32:50,773.4,788747
2021-06-01 09:32:51,773.4,788778
2021-06-01 09:32:52,773.25,788785
2021-06-01 09:32:54,773.4,788805
2021-06-01 09:32:55,773.2,788881
2021-06-01 09:32:56,773.35,788921
2021-06-01 09:32:57,773.35,789025
2021-06-01 09:32:58,773.4,789074
2021-06-01 09:32:58,773.4,789120
2021-06-01 09:32:59,773.2,789121
2021-06-01 09:33:00,773.2,789221
2021-06-01 09:33:01,773.2,789246
2021-06-01 09:33:02,773.4,789346
2021-06-01 09:33:04,773.4,789346
2021-06-01 09:33:05,773.3,789356
2021-06-01 09:33:06,773.3,789356
2021-06-01 09:33:07,773.15,789724
2021-06-01 09:33:08,773.2,789759
2021-06-01 09:33:09,773.25,790006
2021-06-01 09:33:09,773.5,789941
2021-06-01 09:33:10,773.5,790040
2021-06-01 09:33:11,773.5,790040
2021-06-01 09:33:13,773.8,790615
2021-06-01 09:33:14,774.0,790765
2021-06-01 09:33:15,773.85,790907
2021-06-01 09:33:16,773.85,790925
2021-06-01 09:33:16,774.0,790930
2021-06-01 09:33:17,774.0,791030
2021-06-01 09:33:18,774.2,792935
2021-06-01 09:33:19,774.3,792936
2021-06-01 09:33:21,774.3,793458
2021-06-01 09:33:22,774.3,793458
2021-06-01 09:33:23,774.3,793458
2021-06-01 09:33:24,774.3,793458
2021-06-01 09:33:25,774.05,793479
2021-06-01 09:33:25,774.05,793479
2021-06-01 09:33:26,774.45,794480
2021-06-01 09:33:27,774.45,794480
2021-06-01 09:33:29,774.0,794544
2021-06-01 09:33:30,774.0,794768
2021-06-01 09:33:30,774.0,794768
2021-06-01 09:33:31,774.25,794770
2021-06-01 09:33:32,774.05,795785
2021-06-01 09:33:34,774.0,796285
2021-06-01 09:33:35,774.0,796285
2021-06-01 09:33:36,774.05,796288
2021-06-01 09:33:37,774.05,796288
2021-06-01 09:33:38,773.4,797644
2021-06-01 09:33:38,773.75,797648
2021-06-01 09:33:39,773.55,797848
2021-06-01 09:33:40,773.55,797848
2021-06-01 09:33:41,773.75,797971
2021-06-01 09:33:43,773.75,798021
2021-06-01 09:33:44,773.75,798026
2021-06-01 09:33:45,773.5,798181
2021-06-01 09:33:46,773.5,798207
2021-06-01 09:33:47,773.75,798357
2021-06-01 09:33:48,773.4,798657
2021-06-01 09:33:49,773.8,798806
2021-06-01 09:33:50,773.65,799852
2021-06-01 09:33:51,774.0,799872
2021-06-01 09:33:52,773.95,800037
2021-06-01 09:33:53,773.95,800158
2021-06-01 09:33:54,774.25,800169
2021-06-01 09:33:55,774.0,800612
2021-06-01 09:33:56,774.1,801123
2021-06-01 09:33:57,774.05,801153
2021-06-01 09:33:57,774.05,801153
2021-06-01 09:33:58,774.05,801178
2021-06-01 09:33:59,774.05,801178
2021-06-01 09:34:00,774.35,801179
2021-06-01 09:34:01,774.35,801330
2021-06-01 09:34:03,774.25,801358
2021-06-01 09:34:04,774.35,801379
2021-06-01 09:34:05,774.3,801486
2021-06-01 09:34:06,774.3,801584
2021-06-01 09:34:07,774.1,801624
2021-06-01 09:34:08,774.0,802409
2021-06-01 09:34:10,774.25,802509
2021-06-01 09:34:12,774.25,802654
2021-06-01 09:34:13,774.0,802674
2021-06-01 09:34:14,774.0,803044
2021-06-01 09:34:14,774.0,803044
2021-06-01 09:34:15,774.0,803052
2021-06-01 09:34:16,774.0,803284
2021-06-01 09:34:17,774.25,803307
2021-06-01 09:34:18,774.25,803310
2021-06-01 09:34:19,774.0,803510
2021-06-01 09:34:23,774.25,804037
2021-06-01 09:34:24,774.2,804088
2021-06-01 09:34:25,774.25,804124
2021-06-01 09:34:26,774.25,804124
2021-06-01 09:34:27,774.0,804130
2021-06-01 09:34:28,774.15,804212
2021-06-01 09:34:29,774.2,804722
2021-06-01 09:34:30,774.25,804782
2021-06-01 09:34:31,773.9,805049
2021-06-01 09:34:32,774.0,805149
2021-06-01 09:34:32,773.8,805184
2021-06-01 09:34:33,773.8,805184
2021-06-01 09:34:34,774.0,805221
2021-06-01 09:34:36,773.85,806076
2021-06-01 09:34:37,773.85,806100
2021-06-01 09:34:38,773.85,806100
2021-06-01 09:34:39,773.8,806866
2021-06-01 09:34:40,774.0,806868
2021-06-01 09:34:41,773.7,806869
2021-06-01 09:34:42,774.0,806974
2021-06-01 09:34:42,773.7,807040
2021-06-01 09:34:44,774.0,807041
2021-06-01 09:34:45,774.0,807634
2021-06-01 09:34:46,773.95,807650
2021-06-01 09:34:47,773.7,807779
2021-06-01 09:34:48,773.9,807880
2021-06-01 09:34:49,773.9,807885
2021-06-01 09:34:50,773.85,807936
2021-06-01 09:34:52,773.55,809063
2021-06-01 09:34:53,773.55,809063
2021-06-01 09:34:54,773.7,809065
2021-06-01 09:34:55,773.55,809075
2021-06-01 09:34:56,773.7,809076
2021-06-01 09:34:57,773.7,809087
2021-06-01 09:34:58,773.7,809118
2021-06-01 09:35:00,773.55,809302
2021-06-01 09:35:02,773.55,809583
2021-06-01 09:35:03,773.55,809583
2021-06-01 09:35:04,773.7,809597
2021-06-01 09:35:05,773.7,809601
2021-06-01 09:35:06,773.7,809714
2021-06-01 09:35:07,773.7,809715
2021-06-01 09:35:08,773.4,810865
2021-06-01 09:35:09,773.6,810868
2021-06-01 09:35:10,773.3,810968
2021-06-01 09:35:11,773.3,811088
2021-06-01 09:35:12,773.55,811090
2021-06-01 09:35:13,773.5,811132
2021-06-01 09:35:14,773.6,811167
2021-06-01 09:35:15,773.55,811168
2021-06-01 09:35:16,773.25,811241
2021-06-01 09:35:17,773.25,811241
2021-06-01 09:35:18,773.6,811301
2021-06-01 09:35:19,773.6,812002
2021-06-01 09:35:20,773.6,812102
2021-06-01 09:35:21,773.3,812120
2021-06-01 09:35:22,773.65,812132
2021-06-01 09:35:23,773.5,812142
2021-06-01 09:35:24,773.4,813528
2021-06-01 09:35:25,773.6,813548
2021-06-01 09:35:26,773.5,813559
2021-06-01 09:35:27,773.5,813559
2021-06-01 09:35:28,773.6,813561
2021-06-01 09:35:29,773.6,813561
2021-06-01 09:35:30,773.5,813908
2021-06-01 09:35:31,773.5,813948
2021-06-01 09:35:32,773.5,813948
2021-06-01 09:35:33,773.5,813948
2021-06-01 09:35:34,773.5,814109
2021-06-01 09:35:34,773.5,814109
2021-06-01 09:35:36,773.5,814264
2021-06-01 09:35:37,773.6,814275
2021-06-01 09:35:38,773.6,814801
2021-06-01 09:35:39,773.6,814853
2021-06-01 09:35:40,773.5,815431
2021-06-01 09:35:41,773.6,815441
2021-06-01 09:35:42,773.55,815900
2021-06-01 09:35:43,773.9,815957
2021-06-01 09:35:44,773.9,815957
2021-06-01 09:35:45,773.6,815987
2021-06-01 09:35:45,773.6,815987
2021-06-01 09:35:46,773.6,815987
2021-06-01 09:35:47,773.6,815987
2021-06-01 09:35:49,773.95,815990
2021-06-01 09:35:50,773.95,816073
2021-06-01 09:35:51,773.65,817819
2021-06-01 09:35:51,773.65,817976
2021-06-01 09:35:52,773.65,817976
2021-06-01 09:35:54,773.65,817976
2021-06-01 09:35:55,773.9,817981
2021-06-01 09:35:56,773.9,817981
2021-06-01 09:35:57,773.6,818031
2021-06-01 09:35:58,773.7,818138
2021-06-01 09:35:59,773.6,818238
2021-06-01 09:36:00,773.6,818256
2021-06-01 09:36:01,773.9,818269
2021-06-01 09:36:02,773.8,818342
2021-06-01 09:36:02,773.8,818342
2021-06-01 09:36:03,773.6,818346
2021-06-01 09:36:05,773.9,818517
2021-06-01 09:36:06,773.9,818541
2021-06-01 09:36:07,773.9,818581
2021-06-01 09:36:07,773.9,818581
2021-06-01 09:36:08,773.6,818923
2021-06-01 09:36:10,773.6,818923
2021-06-01 09:36:11,773.75,818933
2021-06-01 09:36:12,773.85,819033
2021-06-01 09:36:13,773.6,819056
2021-06-01 09:36:14,773.9,819236
2021-06-01 09:36:14,773.9,819241
2021-06-01 09:36:16,773.8,819278
2021-06-01 09:36:19,773.9,819340
2021-06-01 09:36:20,773.9,819440
2021-06-01 09:36:21,773.9,819446
2021-06-01 09:36:22,773.8,819451
2021-06-01 09:36:23,773.75,819458
2021-06-01 09:36:24,773.9,819488
2021-06-01 09:36:25,773.5,820778
2021-06-01 09:36:26,773.5,820778
2021-06-01 09:36:26,773.75,820878
2021-06-01 09:36:28,773.8,820890
2021-06-01 09:36:29,773.8,820890
2021-06-01 09:36:30,773.55,820897
2021-06-01 09:36:31,773.8,820912
2021-06-01 09:36:32,773.8,820912
2021-06-01 09:36:33,773.6,822225
2021-06-01 09:36:34,773.4,823255
2021-06-01 09:36:35,773.2,823265
2021-06-01 09:36:36,773.2,823273
2021-06-01 09:36:36,773.2,823385
2021-06-01 09:36:38,773.15,823589
2021-06-01 09:36:39,773.15,823589
2021-06-01 09:36:41,773.1,824165
2021-06-01 09:36:42,773.1,824174
2021-06-01 09:36:43,773.05,824675
2021-06-01 09:36:44,773.05,824675
2021-06-01 09:36:45,773.25,824980
2021-06-01 09:36:46,773.2,824992
2021-06-01 09:36:47,773.2,824992
2021-06-01 09:36:48,773.1,825017
2021-06-01 09:36:48,773.1,825017
2021-06-01 09:36:50,773.25,825080
2021-06-01 09:36:51,773.25,825309
2021-06-01 09:36:52,773.25,825309
2021-06-01 09:36:53,773.25,825309
2021-06-01 09:36:54,773.1,825310
2021-06-01 09:36:54,773.1,825310
2021-06-01 09:36:55,773.1,825330
2021-06-01 09:36:56,773.1,825330
2021-06-01 09:36:57,773.2,825423
2021-06-01 09:36:58,773.2,825656
2021-06-01 09:36:59,773.1,825661
2021-06-01 09:37:01,773.3,825698
2021-06-01 09:37:01,773.3,825698
2021-06-01 09:37:02,773.2,825748
2021-06-01 09:37:04,773.2,825800
2021-06-01 09:37:04,773.2,825811
2021-06-01 09:37:06,773.2,825898
2021-06-01 09:37:06,773.2,825898
2021-06-01 09:37:08,773.2,825963
2021-06-01 09:37:08,772.85,833901
2021-06-01 09:37:10,772.95,834002
2021-06-01 09:37:11,773.05,834613
2021-06-01 09:37:12,772.8,834778
2021-06-01 09:37:13,773.1,834790
2021-06-01 09:37:14,773.1,834790
2021-06-01 09:37:15,772.95,834890
2021-06-01 09:37:16,772.85,835036
2021-06-01 09:37:17,772.5,835308
2021-06-01 09:37:18,772.5,835349
2021-06-01 09:37:19,772.45,837168
2021-06-01 09:37:20,772.5,837222
2021-06-01 09:37:21,772.45,837224
2021-06-01 09:37:22,772.25,837455
2021-06-01 09:37:23,772.25,837463
2021-06-01 09:37:24,772.25,837478
2021-06-01 09:37:25,772.45,837701
2021-06-01 09:37:26,772.45,837707
2021-06-01 09:37:27,772.25,837719
2021-06-01 09:37:28,772.45,837724
2021-06-01 09:37:29,772.55,838499
2021-06-01 09:37:31,772.55,838654
2021-06-01 09:37:30,772.45,838535
2021-06-01 09:37:32,772.55,838674
2021-06-01 09:37:34,772.75,838946
2021-06-01 09:37:33,772.25,838679
2021-06-01 09:37:35,772.7,839446
2021-06-01 09:37:36,772.7,839446
2021-06-01 09:37:37,772.1,840298
2021-06-01 09:37:38,772.4,840417
2021-06-01 09:37:39,772.1,840437
2021-06-01 09:37:40,772.1,840537
2021-06-01 09:37:41,772.5,842277
2021-06-01 09:37:42,772.45,842379
2021-06-01 09:37:43,772.6,842380
2021-06-01 09:37:44,772.7,842418
2021-06-01 09:37:45,772.7,842519
2021-06-01 09:37:46,772.55,842700
2021-06-01 09:37:47,772.8,842710
2021-06-01 09:37:48,772.7,843621
2021-06-01 09:37:49,772.75,843731
2021-06-01 09:37:51,772.3,843741
2021-06-01 09:37:52,772.3,843741
2021-06-01 09:37:53,772.25,843950
2021-06-01 09:37:54,772.25,843971
2021-06-01 09:37:55,772.55,843978
2021-06-01 09:37:56,772.55,843978
2021-06-01 09:37:57,772.55,843978
2021-06-01 09:37:58,772.7,844115
2021-06-01 09:37:59,772.4,844511
2021-06-01 09:38:00,772.4,844511
2021-06-01 09:38:01,772.7,844513
2021-06-01 09:38:02,772.65,844547
2021-06-01 09:38:03,773.0,848880
2021-06-01 09:38:04,772.7,849390
2021-06-01 09:38:05,773.0,849633
2021-06-01 09:38:06,772.7,849758
2021-06-01 09:38:07,772.7,849811
2021-06-01 09:38:08,772.7,849811
2021-06-01 09:38:09,772.55,849901
2021-06-01 09:38:10,772.6,849917
2021-06-01 09:38:11,772.9,850320
2021-06-01 09:38:12,772.6,850350
2021-06-01 09:38:13,772.85,850471
2021-06-01 09:38:14,772.6,850475
2021-06-01 09:38:15,772.95,851079
2021-06-01 09:38:16,772.6,851139
2021-06-01 09:38:17,772.55,851239
2021-06-01 09:38:19,772.9,855302
2021-06-01 09:38:20,772.55,855403
2021-06-01 09:38:21,772.55,855403
2021-06-01 09:38:22,772.55,855404
2021-06-01 09:38:23,772.85,855548
2021-06-01 09:38:24,772.9,855650
2021-06-01 09:38:26,772.9,855650
2021-06-01 09:38:28,772.85,855746
2021-06-01 09:38:29,772.85,855746
2021-06-01 09:38:30,772.85,855751
2021-06-01 09:38:31,772.85,855751
2021-06-01 09:38:32,772.85,855751
2021-06-01 09:38:33,772.9,856270
2021-06-01 09:38:34,772.9,856300
2021-06-01 09:38:35,772.9,856300
2021-06-01 09:38:36,772.85,856550
2021-06-01 09:38:37,772.85,856550
2021-06-01 09:38:38,772.85,856556
2021-06-01 09:38:39,772.85,856591
2021-06-01 09:38:40,772.85,856591
2021-06-01 09:38:41,772.85,856591
2021-06-01 09:38:42,772.6,856629
2021-06-01 09:38:43,772.6,856666
2021-06-01 09:38:44,772.6,856666
2021-06-01 09:38:45,772.6,856716
2021-06-01 09:38:46,772.55,856766
2021-06-01 09:38:47,772.6,856869
2021-06-01 09:38:49,772.6,857061
2021-06-01 09:38:50,772.6,857061
2021-06-01 09:38:51,772.6,857061
2021-06-01 09:38:52,772.5,857111
2021-06-01 09:38:53,772.6,857528
2021-06-01 09:38:54,772.4,857563
2021-06-01 09:38:56,772.6,858096
2021-06-01 09:38:57,772.6,858096
2021-06-01 09:38:58,772.6,858096
2021-06-01 09:38:59,772.6,858795
2021-06-01 09:39:00,772.5,858852
2021-06-01 09:39:01,772.25,859333
2021-06-01 09:39:03,772.4,859348
2021-06-01 09:39:04,772.4,859356
2021-06-01 09:39:05,772.2,859377
2021-06-01 09:39:07,772.3,859433
2021-06-01 09:39:06,772.2,859377
2021-06-01 09:39:08,772.3,859534
2021-06-01 09:39:09,772.2,859631
2021-06-01 09:39:10,772.15,860243
2021-06-01 09:39:13,771.85,869075
2021-06-01 09:39:12,771.6,869072
2021-06-01 09:39:14,771.9,869390
2021-06-01 09:39:15,771.55,869420
2021-06-01 09:39:16,771.9,869557
2021-06-01 09:39:17,771.9,869732
2021-06-01 09:39:18,771.5,870379
2021-06-01 09:39:19,771.5,870379
2021-06-01 09:39:20,771.8,870534
2021-06-01 09:39:21,772.3,872996
2021-06-01 09:39:22,772.5,873022
2021-06-01 09:39:23,772.5,873255
2021-06-01 09:39:24,772.5,873256
2021-06-01 09:39:25,772.15,873410
2021-06-01 09:39:26,772.2,873419
2021-06-01 09:39:27,772.5,873534
2021-06-01 09:39:28,772.25,873539
2021-06-01 09:39:29,772.5,873541
2021-06-01 09:39:31,772.15,874021
2021-06-01 09:39:31,772.15,874021
2021-06-01 09:39:32,772.5,874778
2021-06-01 09:39:33,772.5,874790
2021-06-01 09:39:34,772.15,874895
2021-06-01 09:39:35,772.3,874896
2021-06-01 09:39:36,772.4,875060
2021-06-01 09:39:38,772.25,875425
2021-06-01 09:39:39,772.4,876735
2021-06-01 09:39:40,772.35,876742
2021-06-01 09:39:41,772.45,876887
2021-06-01 09:39:42,772.45,876942
2021-06-01 09:39:43,772.45,877026
2021-06-01 09:39:44,772.15,877233
2021-06-01 09:39:45,772.45,877364
2021-06-01 09:39:46,772.4,877412
2021-06-01 09:39:47,772.45,877612
2021-06-01 09:39:48,772.45,877612
2021-06-01 09:39:49,772.4,877616
2021-06-01 09:39:50,772.4,877617
2021-06-01 09:39:51,772.4,877617
2021-06-01 09:39:52,772.4,877628
2021-06-01 09:39:53,772.4,877628
2021-06-01 09:39:54,772.4,877656
2021-06-01 09:39:55,772.4,877675
2021-06-01 09:39:58,772.45,877924
2021-06-01 09:39:58,772.2,877861
2021-06-01 09:40:00,772.2,878004
2021-06-01 09:40:01,772.2,878006
2021-06-01 09:40:01,772.45,878166
2021-06-01 09:40:02,772.45,878166
2021-06-01 09:40:03,772.45,878286
2021-06-01 09:40:04,772.45,878363
2021-06-01 09:40:05,772.6,881977
2021-06-01 09:40:06,772.65,881982
2021-06-01 09:40:07,772.65,881982
2021-06-01 09:40:08,772.65,881982
2021-06-01 09:40:10,772.8,882807
2021-06-01 09:40:12,772.9,882973
2021-06-01 09:40:13,772.65,882981
2021-06-01 09:40:14,772.65,882985
2021-06-01 09:40:15,772.65,882985
2021-06-01 09:40:17,772.9,883345
2021-06-01 09:40:18,772.65,883346
2021-06-01 09:40:19,772.65,883346
2021-06-01 09:40:20,772.9,883452
2021-06-01 09:40:21,772.9,883452
2021-06-01 09:40:22,772.95,884501
2021-06-01 09:40:23,772.95,884501
2021-06-01 09:40:24,772.7,884531
2021-06-01 09:40:25,772.7,884531
2021-06-01 09:40:26,772.95,884546
2021-06-01 09:40:27,772.95,886548
2021-06-01 09:40:28,772.9,886848
2021-06-01 09:40:29,772.9,886849
2021-06-01 09:40:30,772.9,887292
2021-06-01 09:40:31,772.9,887497
2021-06-01 09:40:32,772.9,887497
2021-06-01 09:40:33,772.7,887557
2021-06-01 09:40:34,772.7,887857
2021-06-01 09:40:35,772.7,888067
2021-06-01 09:40:36,772.7,888067
2021-06-01 09:40:37,772.7,888067
2021-06-01 09:40:38,772.9,888068
2021-06-01 09:40:39,772.9,888068
2021-06-01 09:40:40,772.7,888082
2021-06-01 09:40:42,772.95,888617
2021-06-01 09:40:43,772.95,888629
2021-06-01 09:40:44,772.95,888629
2021-06-01 09:40:45,773.0,889632
2021-06-01 09:40:46,772.9,889646
2021-06-01 09:40:47,773.0,889668
2021-06-01 09:40:48,773.0,889668
2021-06-01 09:40:49,772.95,889681
2021-06-01 09:40:50,773.0,889892
2021-06-01 09:40:52,773.0,889994
2021-06-01 09:40:53,772.9,890023
2021-06-01 09:40:54,773.1,893499
2021-06-01 09:40:55,773.1,893499
2021-06-01 09:40:56,773.3,893509
2021-06-01 09:40:57,773.3,893540
2021-06-01 09:40:58,773.1,893859
2021-06-01 09:41:00,773.5,894399
2021-06-01 09:41:00,773.5,894500
2021-06-01 09:41:01,773.5,894500
2021-06-01 09:41:02,773.5,894634
2021-06-01 09:41:03,773.5,894704
2021-06-01 09:41:04,773.65,895439
2021-06-01 09:41:05,773.65,895439
2021-06-01 09:41:06,773.5,895449
2021-06-01 09:41:07,773.7,895552
2021-06-01 09:41:08,773.5,895556
2021-06-01 09:41:09,773.8,896156
2021-06-01 09:41:10,773.8,896185
2021-06-01 09:41:11,773.8,896915
2021-06-01 09:41:12,773.5,897110
2021-06-01 09:41:15,773.8,897298
2021-06-01 09:41:15,773.8,897298
2021-06-01 09:41:16,773.45,897355
2021-06-01 09:41:18,773.8,897516
2021-06-01 09:41:19,773.35,897667
2021-06-01 09:41:20,773.35,897667
2021-06-01 09:41:21,773.75,898275
2021-06-01 09:41:23,773.75,898278
2021-06-01 09:41:22,773.75,898275
2021-06-01 09:41:24,773.75,898305
2021-06-01 09:41:25,773.75,898331
2021-06-01 09:41:26,773.5,898334
2021-06-01 09:41:27,773.7,898387
2021-06-01 09:41:29,773.75,898531
2021-06-01 09:41:30,773.65,901069
2021-06-01 09:41:31,773.95,901144
2021-06-01 09:41:32,773.95,901144
2021-06-01 09:41:33,773.95,901349
2021-06-01 09:41:34,773.75,901352
2021-06-01 09:41:35,773.95,901553
2021-06-01 09:41:36,774.0,903344
2021-06-01 09:41:37,774.0,903344
2021-06-01 09:41:38,773.9,903445
2021-06-01 09:41:40,774.15,903467
2021-06-01 09:41:40,774.15,903509
2021-06-01 09:41:41,774.15,903509
2021-06-01 09:41:43,774.15,903509
2021-06-01 09:41:44,773.85,903909
2021-06-01 09:41:45,774.0,903959
2021-06-01 09:41:46,773.9,903978
2021-06-01 09:41:47,773.9,904998
2021-06-01 09:41:47,773.7,904988
2021-06-01 09:41:49,774.0,905133
2021-06-01 09:41:50,774.0,905135
2021-06-01 09:41:51,774.0,905143
2021-06-01 09:41:51,774.0,905198
2021-06-01 09:41:52,774.0,905198
2021-06-01 09:41:53,774.0,905208
2021-06-01 09:41:55,773.9,905223
2021-06-01 09:41:56,774.0,906884
2021-06-01 09:41:57,774.2,907544
2021-06-01 09:41:58,774.2,907609
2021-06-01 09:41:59,774.15,907729
2021-06-01 09:42:00,774.15,907729
2021-06-01 09:42:00,774.15,907729
2021-06-01 09:42:02,774.25,907916
2021-06-01 09:42:02,774.25,908069
2021-06-01 09:42:04,774.05,908319
2021-06-01 09:42:05,774.25,908335
2021-06-01 09:42:06,774.25,908335
2021-06-01 09:42:07,774.05,908365
2021-06-01 09:42:08,774.0,908605
2021-06-01 09:42:09,774.25,909115
2021-06-01 09:42:10,774.3,910010
2021-06-01 09:42:10,774.1,910030
2021-06-01 09:42:11,774.25,910036
2021-06-01 09:42:13,774.1,910066
2021-06-01 09:42:14,774.25,910106
2021-06-01 09:42:14,774.45,910351
2021-06-01 09:42:16,774.25,910517
2021-06-01 09:42:18,774.25,910554
2021-06-01 09:42:19,774.45,910869
2021-06-01 09:42:20,774.25,910889
2021-06-01 09:42:21,774.45,911209
2021-06-01 09:42:22,774.45,911253
2021-06-01 09:42:23,774.25,911505
2021-06-01 09:42:24,774.25,911505
2021-06-01 09:42:25,774.45,912116
2021-06-01 09:42:27,774.45,912116
2021-06-01 09:42:28,774.5,912168
2021-06-01 09:42:29,774.5,912176
2021-06-01 09:42:30,774.5,912286
2021-06-01 09:42:31,774.5,912286
2021-06-01 09:42:32,774.5,912289
2021-06-01 09:42:33,774.5,912409
2021-06-01 09:42:33,774.45,912657
2021-06-01 09:42:34,774.5,912841
2021-06-01 09:42:36,774.5,913023
2021-06-01 09:42:38,774.2,914973
2021-06-01 09:42:39,774.2,914973
2021-06-01 09:42:39,774.0,915123
2021-06-01 09:42:41,774.0,915282
2021-06-01 09:42:41,774.25,915292
2021-06-01 09:42:42,774.25,915392
2021-06-01 09:42:43,774.25,915392
2021-06-01 09:42:44,773.5,918117
2021-06-01 09:42:45,773.5,918117
2021-06-01 09:42:46,773.5,918220
2021-06-01 09:42:47,773.75,918271
2021-06-01 09:42:49,773.75,918271
2021-06-01 09:42:49,773.75,918275
2021-06-01 09:42:50,773.75,918282
2021-06-01 09:42:52,773.8,918292
2021-06-01 09:42:52,773.5,918392
2021-06-01 09:42:53,773.5,919642
2021-06-01 09:42:55,773.7,919905
2021-06-01 09:42:56,773.7,919905
2021-06-01 09:42:56,773.55,919906
2021-06-01 09:42:58,773.5,919975
2021-06-01 09:42:59,773.55,919988
2021-06-01 09:43:00,773.5,920488
2021-06-01 09:43:00,773.75,920798
2021-06-01 09:43:02,773.5,920898
2021-06-01 09:43:03,773.5,920898
2021-06-01 09:43:03,773.45,920973
2021-06-01 09:43:04,773.7,920976
2021-06-01 09:43:06,773.7,920979
2021-06-01 09:43:07,773.7,920979
2021-06-01 09:43:07,773.7,920979
2021-06-01 09:43:08,773.2,923044
2021-06-01 09:43:09,773.2,923173
2021-06-01 09:43:10,773.2,923223
2021-06-01 09:43:12,773.2,923857
2021-06-01 09:43:13,773.2,925184
2021-06-01 09:43:14,773.25,925196
2021-06-01 09:43:16,773.0,926542
2021-06-01 09:43:16,773.25,926552
2021-06-01 09:43:17,773.2,926553
2021-06-01 09:43:19,773.0,926604
2021-06-01 09:43:20,773.2,926613
2021-06-01 09:43:21,773.0,927863
2021-06-01 09:43:21,773.0,927863
2021-06-01 09:43:22,773.1,927864
2021-06-01 09:43:23,773.0,928394
2021-06-01 09:43:24,773.0,928544
2021-06-01 09:43:25,773.1,928644
2021-06-01 09:43:27,773.1,928655
2021-06-01 09:43:28,773.1,928690
2021-06-01 09:43:29,773.1,928690
2021-06-01 09:43:30,773.05,928817
2021-06-01 09:43:31,773.0,928877
2021-06-01 09:43:32,773.0,928930
2021-06-01 09:43:32,773.0,928930
2021-06-01 09:43:33,773.35,929155
2021-06-01 09:43:35,773.35,929155
2021-06-01 09:43:36,773.35,929155
2021-06-01 09:43:37,773.5,929212
2021-06-01 09:43:38,773.2,929237
2021-06-01 09:43:39,773.5,929313
2021-06-01 09:43:40,773.2,929338
2021-06-01 09:43:41,773.2,929338
2021-06-01 09:43:42,773.2,929358
2021-06-01 09:43:43,773.2,929358
2021-06-01 09:43:44,773.2,929358
2021-06-01 09:43:45,773.2,929383
2021-06-01 09:43:45,773.2,929383
2021-06-01 09:43:47,773.2,929383
2021-06-01 09:43:47,773.2,929383
2021-06-01 09:43:48,773.2,929393
2021-06-01 09:43:50,773.2,929428
2021-06-01 09:43:51,773.35,929816
2021-06-01 09:43:52,773.5,929819
2021-06-01 09:43:53,773.4,930289
2021-06-01 09:43:54,773.35,930314
2021-06-01 09:43:55,773.35,930355
2021-06-01 09:43:56,773.5,930356
2021-06-01 09:43:57,773.35,930456
2021-06-01 09:43:58,773.5,930479
2021-06-01 09:43:59,773.5,930479
2021-06-01 09:44:00,773.9,933479
2021-06-01 09:44:02,773.9,933479
2021-06-01 09:44:03,773.7,933483
2021-06-01 09:44:04,773.35,933840
2021-06-01 09:44:05,773.35,933840
2021-06-01 09:44:07,773.35,933840
2021-06-01 09:44:08,773.65,933940
2021-06-01 09:44:09,773.45,933942
2021-06-01 09:44:10,773.45,934043
2021-06-01 09:44:11,773.95,934096
2021-06-01 09:44:12,773.55,934166
2021-06-01 09:44:13,773.9,934283
2021-06-01 09:44:14,773.95,934344
2021-06-01 09:44:15,773.95,934344
2021-06-01 09:44:16,773.95,934344
2021-06-01 09:44:17,773.8,934371
2021-06-01 09:44:18,774.0,934477
2021-06-01 09:44:19,774.0,934524
2021-06-01 09:44:20,773.8,934525
2021-06-01 09:44:21,774.0,934745
2021-06-01 09:44:22,773.75,934933
2021-06-01 09:44:23,774.0,937935
2021-06-01 09:44:24,773.75,937945
2021-06-01 09:44:25,773.75,937945
2021-06-01 09:44:26,773.75,937945
2021-06-01 09:44:27,773.7,937952
2021-06-01 09:44:28,773.65,938323
2021-06-01 09:44:29,773.65,938486
2021-06-01 09:44:30,773.35,938896
2021-06-01 09:44:30,773.35,938896
2021-06-01 09:44:31,773.35,938896
2021-06-01 09:44:32,773.75,938941
2021-06-01 09:44:33,773.75,938942
2021-06-01 09:44:34,773.9,941361
2021-06-01 09:44:35,773.9,941361
2021-06-01 09:44:37,774.0,941371
2021-06-01 09:44:38,773.9,941396
2021-06-01 09:44:39,773.9,941396
2021-06-01 09:44:40,773.75,941946
2021-06-01 09:44:41,774.0,941949
2021-06-01 09:44:42,774.0,941949
2021-06-01 09:44:43,774.0,942049
2021-06-01 09:44:44,774.0,942159
2021-06-01 09:44:44,774.15,943555
2021-06-01 09:44:45,774.25,943680
2021-06-01 09:44:46,774.3,943810
2021-06-01 09:44:48,774.1,943848
2021-06-01 09:44:49,774.15,943888
2021-06-01 09:44:50,774.15,943892
2021-06-01 09:44:51,774.15,943892
2021-06-01 09:44:52,774.1,943919
2021-06-01 09:44:53,774.15,944020
2021-06-01 09:44:54,774.15,944020
2021-06-01 09:44:55,774.15,944021
2021-06-01 09:44:55,774.15,944021
2021-06-01 09:44:56,774.15,944034
2021-06-01 09:44:57,774.15,944034
2021-06-01 09:44:58,774.15,944063
2021-06-01 09:44:59,774.15,944144
2021-06-01 09:45:00,774.05,944647
2021-06-01 09:45:02,774.3,944659
2021-06-01 09:45:03,774.4,946164
2021-06-01 09:45:04,774.35,946165
2021-06-01 09:45:05,774.4,946645
2021-06-01 09:45:06,774.35,946805
2021-06-01 09:45:07,774.35,946975
2021-06-01 09:45:08,774.4,946977
2021-06-01 09:45:08,774.45,947048
2021-06-01 09:45:09,774.5,947098
2021-06-01 09:45:10,774.5,947151
2021-06-01 09:45:11,774.5,947154
2021-06-01 09:45:13,774.8,950460
2021-06-01 09:45:14,774.8,950460
2021-06-01 09:45:15,774.5,950475
2021-06-01 09:45:16,774.5,950599
2021-06-01 09:45:17,774.5,950704
2021-06-01 09:45:18,774.85,950754
2021-06-01 09:45:19,774.85,952194
2021-06-01 09:45:20,774.8,952358
2021-06-01 09:45:21,774.45,953259
2021-06-01 09:45:22,774.45,954309
2021-06-01 09:45:23,774.45,954447
2021-06-01 09:45:24,774.25,954698
2021-06-01 09:45:25,774.3,954818
2021-06-01 09:45:26,774.3,954824
2021-06-01 09:45:27,774.3,954824
2021-06-01 09:45:27,774.3,954834
2021-06-01 09:45:29,774.3,954869
2021-06-01 09:45:30,774.4,955054
2021-06-01 09:45:31,774.0,955303
2021-06-01 09:45:32,774.45,955316
2021-06-01 09:45:33,774.55,955625
2021-06-01 09:45:34,774.15,956366
2021-06-01 09:45:35,774.5,956416
2021-06-01 09:45:36,774.5,956453
2021-06-01 09:45:37,774.5,956453
2021-06-01 09:45:37,774.5,956471
2021-06-01 09:45:38,774.5,956509
2021-06-01 09:45:39,774.45,956523
2021-06-01 09:45:40,774.6,956924
2021-06-01 09:45:41,774.6,957017
2021-06-01 09:45:42,774.5,957287
2021-06-01 09:45:44,774.5,957395
2021-06-01 09:45:45,774.5,957398
2021-06-01 09:45:46,774.5,957408
2021-06-01 09:45:47,774.5,957443
2021-06-01 09:45:48,774.4,957707
2021-06-01 09:45:49,774.25,957790
2021-06-01 09:45:50,774.25,957790
2021-06-01 09:45:51,774.25,957811
2021-06-01 09:45:52,774.25,957825
2021-06-01 09:45:53,774.4,957889
2021-06-01 09:45:54,774.4,957889
2021-06-01 09:45:55,774.25,957949
2021-06-01 09:45:56,774.25,957949
2021-06-01 09:45:57,774.3,958110
2021-06-01 09:45:58,774.4,958310
2021-06-01 09:45:59,774.4,958390
2021-06-01 09:46:00,774.25,958393
2021-06-01 09:46:01,774.25,958393
2021-06-01 09:46:02,774.3,958418
2021-06-01 09:46:02,774.4,959418
2021-06-01 09:46:04,774.4,959628
2021-06-01 09:46:05,774.25,959784
2021-06-01 09:46:06,774.25,959857
2021-06-01 09:46:07,774.25,959874
2021-06-01 09:46:08,774.25,959874
2021-06-01 09:46:09,774.0,960296
2021-06-01 09:46:10,773.95,960418
2021-06-01 09:46:11,774.05,960474
2021-06-01 09:46:12,774.05,960696
2021-06-01 09:46:13,773.95,960697
2021-06-01 09:46:14,773.8,960927
2021-06-01 09:46:15,773.8,960927
2021-06-01 09:46:16,773.5,960967
2021-06-01 09:46:16,773.5,960967
2021-06-01 09:46:17,773.8,961022
2021-06-01 09:46:18,773.8,961022
2021-06-01 09:46:20,773.75,961142
2021-06-01 09:46:21,773.75,961273
2021-06-01 09:46:22,773.8,961335
2021-06-01 09:46:23,773.8,961337
2021-06-01 09:46:24,773.8,961337
2021-06-01 09:46:25,773.8,961337
2021-06-01 09:46:26,773.8,961340
2021-06-01 09:46:27,773.5,961394
2021-06-01 09:46:28,773.25,961888
2021-06-01 09:46:29,773.25,961888
2021-06-01 09:46:30,773.45,961910
2021-06-01 09:46:31,773.4,962014
2021-06-01 09:46:32,773.4,962257
2021-06-01 09:46:33,773.4,962282
2021-06-01 09:46:33,773.4,962282
2021-06-01 09:46:34,773.4,962282
2021-06-01 09:46:36,773.1,962504
2021-06-01 09:46:37,773.2,962609
2021-06-01 09:46:38,773.2,962709
2021-06-01 09:46:40,773.35,962874
2021-06-01 09:46:42,773.25,962961
2021-06-01 09:46:43,773.25,962961
2021-06-01 09:46:44,773.35,963287
2021-06-01 09:46:45,773.35,963287
2021-06-01 09:46:46,773.35,963287
2021-06-01 09:46:47,773.35,963287
2021-06-01 09:46:48,773.1,963327
2021-06-01 09:46:49,773.35,963355
2021-06-01 09:46:50,773.35,963464
2021-06-01 09:46:51,773.3,963475
2021-06-01 09:46:52,773.3,963475
2021-06-01 09:46:53,773.3,963775
2021-06-01 09:46:54,773.3,963787
2021-06-01 09:46:55,773.3,963787
2021-06-01 09:46:56,773.25,963850
2021-06-01 09:46:58,773.1,963932
2021-06-01 09:46:57,773.1,963932
2021-06-01 09:47:00,773.25,963956
2021-06-01 09:47:01,773.25,964278
2021-06-01 09:47:02,773.1,964295
2021-06-01 09:47:03,773.2,964419
2021-06-01 09:47:04,773.1,964616
2021-06-01 09:47:05,773.1,964666
2021-06-01 09:47:06,773.2,964770
2021-06-01 09:47:07,772.65,971160
2021-06-01 09:47:08,772.95,971163
2021-06-01 09:47:09,772.7,971186
2021-06-01 09:47:10,772.9,971199
2021-06-01 09:47:11,772.7,971285
2021-06-01 09:47:12,772.85,971288
2021-06-01 09:47:13,772.7,971332
2021-06-01 09:47:14,772.7,971382
2021-06-01 09:47:15,772.65,972089
2021-06-01 09:47:16,772.85,972092
2021-06-01 09:47:17,772.85,972092
2021-06-01 09:47:18,772.85,972202
2021-06-01 09:47:19,772.7,972233
2021-06-01 09:47:20,772.95,972734
2021-06-01 09:47:21,772.85,972769
2021-06-01 09:47:23,773.0,973190
2021-06-01 09:47:24,772.95,973315
2021-06-01 09:47:25,773.2,973330
2021-06-01 09:47:26,773.2,973330
2021-06-01 09:47:27,773.2,973333
2021-06-01 09:47:28,773.2,973340
2021-06-01 09:47:29,773.2,973340
2021-06-01 09:47:30,773.25,973860
2021-06-01 09:47:32,773.25,973863
2021-06-01 09:47:33,773.35,973890
2021-06-01 09:47:34,773.35,973895
2021-06-01 09:47:35,773.45,973905
2021-06-01 09:47:36,773.15,974588
2021-06-01 09:47:37,772.8,974717
2021-06-01 09:47:38,772.8,974759
2021-06-01 09:47:38,772.8,974764
2021-06-01 09:47:39,772.8,974826
2021-06-01 09:47:41,772.7,974885
2021-06-01 09:47:42,772.7,974885
2021-06-01 09:47:42,772.7,974885
2021-06-01 09:47:44,772.7,975488
2021-06-01 09:47:44,772.7,975504
2021-06-01 09:47:45,772.8,975516
2021-06-01 09:47:46,772.8,976744
2021-06-01 09:47:47,772.5,976860
2021-06-01 09:47:48,772.5,976860
2021-06-01 09:47:49,773.0,977241
2021-06-01 09:47:51,773.0,977441
2021-06-01 09:47:52,772.9,978518
2021-06-01 09:47:54,773.0,978548
2021-06-01 09:47:55,773.0,978548
2021-06-01 09:47:56,773.0,979248
2021-06-01 09:47:58,773.4,979362
2021-06-01 09:47:59,773.4,979362
2021-06-01 09:48:00,773.15,979452
2021-06-01 09:48:01,773.15,979566
2021-06-01 09:48:02,773.0,979571
2021-06-01 09:48:03,773.0,979920
2021-06-01 09:48:04,773.0,979940
2021-06-01 09:48:05,772.6,980095
2021-06-01 09:48:06,772.6,980095
2021-06-01 09:48:07,772.85,980096
2021-06-01 09:48:08,772.85,980137
2021-06-01 09:48:09,772.65,980862
2021-06-01 09:48:10,772.65,980957
2021-06-01 09:48:11,772.8,980964
2021-06-01 09:48:12,772.5,981867
2021-06-01 09:48:13,772.5,983117
2021-06-01 09:48:14,772.6,985118
2021-06-01 09:48:15,772.6,985118
2021-06-01 09:48:16,772.5,985166
2021-06-01 09:48:17,772.25,986781
2021-06-01 09:48:18,772.25,986781
2021-06-01 09:48:19,772.6,986847
2021-06-01 09:48:20,772.6,986883
2021-06-01 09:48:21,772.6,986883
2021-06-01 09:48:22,772.35,986890
2021-06-01 09:48:23,772.7,987145
2021-06-01 09:48:24,772.35,987168
2021-06-01 09:48:25,772.65,987334
2021-06-01 09:48:26,772.5,987439
2021-06-01 09:48:27,772.8,987446
2021-06-01 09:48:28,772.8,987449
2021-06-01 09:48:29,772.8,987449
2021-06-01 09:48:30,772.5,987471
2021-06-01 09:48:31,772.5,987477
2021-06-01 09:48:32,772.5,987478
2021-06-01 09:48:33,772.35,988478
2021-06-01 09:48:34,772.75,988581
2021-06-01 09:48:35,772.5,988609
2021-06-01 09:48:36,772.4,988614
2021-06-01 09:48:37,772.5,988634
2021-06-01 09:48:38,772.5,988664
2021-06-01 09:48:39,772.5,988712
2021-06-01 09:48:40,772.6,988831
2021-06-01 09:48:41,772.7,988881
2021-06-01 09:48:42,772.4,988921
2021-06-01 09:48:43,772.7,988946
2021-06-01 09:48:44,772.7,988946
2021-06-01 09:48:45,772.4,989024
2021-06-01 09:48:46,772.5,989047
2021-06-01 09:48:47,772.7,989259
2021-06-01 09:48:48,772.7,989259
2021-06-01 09:48:49,772.7,989785
2021-06-01 09:48:50,772.5,989794
2021-06-01 09:48:51,772.5,989823
2021-06-01 09:48:52,772.4,991070
2021-06-01 09:48:53,772.35,991119
2021-06-01 09:48:54,772.35,991119
2021-06-01 09:48:55,772.35,991119
2021-06-01 09:48:56,772.35,991328
2021-06-01 09:48:57,772.35,991387
2021-06-01 09:48:58,772.35,991623
2021-06-01 09:48:59,772.35,991623
2021-06-01 09:49:00,772.35,991623
2021-06-01 09:49:01,772.15,995627
2021-06-01 09:49:02,772.15,995627
2021-06-01 09:49:03,772.15,995627
2021-06-01 09:49:04,772.15,995648
2021-06-01 09:49:05,772.15,995648
2021-06-01 09:49:06,772.15,995676
2021-06-01 09:49:07,772.15,995751
2021-06-01 09:49:08,772.15,995751
2021-06-01 09:49:09,772.15,995751
2021-06-01 09:49:10,772.3,995774
2021-06-01 09:49:11,772.15,995775
2021-06-01 09:49:12,772.35,995788
2021-06-01 09:49:13,772.15,995867
2021-06-01 09:49:14,772.35,995933
2021-06-01 09:49:16,772.3,995979
2021-06-01 09:49:17,772.3,995985
2021-06-01 09:49:18,772.3,995995
2021-06-01 09:49:19,772.3,996391
2021-06-01 09:49:20,772.3,996729
2021-06-01 09:49:21,772.4,997229
2021-06-01 09:49:22,772.35,997254
2021-06-01 09:49:23,772.4,997406
2021-06-01 09:49:24,772.4,997409
2021-06-01 09:49:25,772.4,997413
2021-06-01 09:49:26,772.3,997438
2021-06-01 09:49:27,772.15,997443
2021-06-01 09:49:29,772.3,997735
2021-06-01 09:49:28,772.15,997645
2021-06-01 09:49:30,772.3,997735
2021-06-01 09:49:31,772.3,997735
2021-06-01 09:49:32,772.15,997835
2021-06-01 09:49:33,772.3,997998
2021-06-01 09:49:34,772.3,998303
2021-06-01 09:49:35,772.3,998388
2021-06-01 09:49:36,772.3,998388
2021-06-01 09:49:37,772.2,998398
2021-06-01 09:49:38,772.3,998860
2021-06-01 09:49:39,772.15,998915
2021-06-01 09:49:40,772.15,998972
2021-06-01 09:49:41,772.15,999002
2021-06-01 09:49:42,772.15,999004
2021-06-01 09:49:43,772.3,999013
2021-06-01 09:49:44,772.3,999153
2021-06-01 09:49:46,771.75,1010316
2021-06-01 09:49:47,772.05,1010329
2021-06-01 09:49:48,771.75,1010359
2021-06-01 09:49:49,772.05,1010378
2021-06-01 09:49:50,772.0,1010984
2021-06-01 09:49:51,772.0,1011195
2021-06-01 09:49:52,772.0,1011245
2021-06-01 09:49:53,771.7,1011250
2021-06-01 09:49:54,771.7,1011310
2021-06-01 09:49:55,771.95,1011484
2021-06-01 09:49:56,771.95,1011484
2021-06-01 09:49:57,771.7,1011524
2021-06-01 09:49:59,771.85,1011631
2021-06-01 09:50:00,771.85,1012241
2021-06-01 09:50:01,771.55,1013000
2021-06-01 09:50:03,771.7,1013183
2021-06-01 09:50:03,771.7,1013183
2021-06-01 09:50:04,771.45,1014902
2021-06-01 09:50:05,771.7,1015628
2021-06-01 09:50:06,771.9,1015828
2021-06-01 09:50:07,771.85,1015841
2021-06-01 09:50:08,771.9,1015851
2021-06-01 09:50:09,771.7,1015861
2021-06-01 09:50:10,771.5,1016421
2021-06-01 09:50:11,771.6,1016425
2021-06-01 09:50:12,771.85,1017222
2021-06-01 09:50:13,771.7,1017309
2021-06-01 09:50:14,771.9,1017345
2021-06-01 09:50:15,771.9,1017396
2021-06-01 09:50:16,771.8,1017444
2021-06-01 09:50:17,771.85,1017594
2021-06-01 09:50:18,771.55,1017794
2021-06-01 09:50:19,771.8,1018419
2021-06-01 09:50:20,771.8,1018419
2021-06-01 09:50:21,771.55,1018451
2021-06-01 09:50:22,771.85,1018464
2021-06-01 09:50:23,771.55,1018559
2021-06-01 09:50:24,771.9,1018591
2021-06-01 09:50:25,771.6,1018594
2021-06-01 09:50:26,771.9,1022510
2021-06-01 09:50:27,771.65,1022566
2021-06-01 09:50:28,771.6,1022730
2021-06-01 09:50:29,771.85,1022789
2021-06-01 09:50:30,771.85,1022789
2021-06-01 09:50:31,771.9,1022875
2021-06-01 09:50:32,771.85,1022986
2021-06-01 09:50:33,771.6,1023159
2021-06-01 09:50:34,771.6,1023262
2021-06-01 09:50:35,771.6,1023286
2021-06-01 09:50:36,771.85,1023336
2021-06-01 09:50:38,771.6,1023532
2021-06-01 09:50:39,771.85,1023548
2021-06-01 09:50:39,771.85,1023548
2021-06-01 09:50:40,771.85,1023577
2021-06-01 09:50:42,771.85,1023757
2021-06-01 09:50:43,771.85,1023769
2021-06-01 09:50:44,771.6,1023787
2021-06-01 09:50:45,771.75,1023802
2021-06-01 09:50:46,771.75,1023804
2021-06-01 09:50:47,771.6,1023817
2021-06-01 09:50:48,771.6,1023817
2021-06-01 09:50:49,771.6,1023870
2021-06-01 09:50:50,771.6,1023870
2021-06-01 09:50:51,770.7,1038827
2021-06-01 09:50:52,770.75,1038835
2021-06-01 09:50:53,770.75,1038838
2021-06-01 09:50:54,770.7,1038934
2021-06-01 09:50:55,771.0,1038959
2021-06-01 09:50:57,771.0,1038981
2021-06-01 09:50:59,771.0,1039370
2021-06-01 09:50:59,770.75,1039475
2021-06-01 09:51:00,770.4,1043298
2021-06-01 09:51:01,770.65,1043368
2021-06-01 09:51:02,770.25,1044412
2021-06-01 09:51:03,770.65,1044509
2021-06-01 09:51:05,770.3,1045224
2021-06-01 09:51:06,770.65,1045620
2021-06-01 09:51:08,770.25,1045973
2021-06-01 09:51:08,770.3,1046458
2021-06-01 09:51:09,770.15,1048111
2021-06-01 09:51:10,770.15,1048392
2021-06-01 09:51:11,770.1,1048492
2021-06-01 09:51:12,770.1,1048733
2021-06-01 09:51:14,770.35,1048752
2021-06-01 09:51:14,770.1,1048755
2021-06-01 09:51:15,770.35,1049158
2021-06-01 09:51:16,770.15,1049521
2021-06-01 09:51:18,770.35,1050496
2021-06-01 09:51:18,770.35,1050496
2021-06-01 09:51:19,771.05,1054096
2021-06-01 09:51:20,771.4,1054257
2021-06-01 09:51:21,771.4,1054270
2021-06-01 09:51:22,771.3,1054366
2021-06-01 09:51:23,771.4,1054444
2021-06-01 09:51:24,771.55,1054515
2021-06-01 09:51:25,771.5,1054575
2021-06-01 09:51:26,771.25,1054886
2021-06-01 09:51:27,771.2,1055456
2021-06-01 09:51:28,771.2,1055456
2021-06-01 09:51:29,771.4,1055569
2021-06-01 09:51:30,771.45,1055645
2021-06-01 09:51:31,771.5,1055795
2021-06-01 09:51:32,770.5,1056682
2021-06-01 09:51:33,770.8,1056832
2021-06-01 09:51:34,770.5,1056932
2021-06-01 09:51:35,770.8,1056942
2021-06-01 09:51:36,770.8,1056942
2021-06-01 09:51:37,770.8,1056997
2021-06-01 09:51:38,770.75,1057009
2021-06-01 09:51:39,770.5,1057114
2021-06-01 09:51:40,770.6,1057252
2021-06-01 09:51:41,770.6,1057252
2021-06-01 09:51:42,770.5,1057267
2021-06-01 09:51:43,770.85,1058043
2021-06-01 09:51:44,770.9,1058120
2021-06-01 09:51:45,770.9,1058120
2021-06-01 09:51:46,770.75,1058223
2021-06-01 09:51:47,770.8,1058234
2021-06-01 09:51:48,770.5,1058307
2021-06-01 09:51:49,770.8,1058493
2021-06-01 09:51:50,770.9,1058558
2021-06-01 09:51:51,770.55,1059474
2021-06-01 09:51:52,770.7,1059524
2021-06-01 09:51:53,770.7,1059524
2021-06-01 09:51:54,770.55,1059634
2021-06-01 09:51:55,770.5,1060334
2021-06-01 09:51:56,770.5,1060334
2021-06-01 09:51:57,770.55,1060570
2021-06-01 09:51:58,770.55,1060601
2021-06-01 09:51:59,770.55,1060654
2021-06-01 09:52:01,770.55,1060654
2021-06-01 09:52:01,770.55,1061383
2021-06-01 09:52:03,770.35,1064416
2021-06-01 09:52:04,770.4,1065422
2021-06-01 09:52:05,770.5,1065918
2021-06-01 09:52:06,770.5,1065937
2021-06-01 09:52:06,770.65,1067059
2021-06-01 09:52:07,770.7,1067109
2021-06-01 09:52:09,770.35,1067552
2021-06-01 09:52:10,770.35,1067717
2021-06-01 09:52:11,770.85,1067925
2021-06-01 09:52:12,770.95,1067973
2021-06-01 09:52:13,770.95,1068026
2021-06-01 09:52:14,770.5,1068626
2021-06-01 09:52:15,770.7,1071133
2021-06-01 09:52:16,771.0,1071140
2021-06-01 09:52:18,771.0,1071179
2021-06-01 09:52:19,771.0,1071202
2021-06-01 09:52:20,770.75,1071374
2021-06-01 09:52:21,771.0,1071401
2021-06-01 09:52:22,771.0,1071451
2021-06-01 09:52:23,770.8,1072198
2021-06-01 09:52:23,770.8,1072198
2021-06-01 09:52:24,771.2,1072353
2021-06-01 09:52:25,771.2,1072353
2021-06-01 09:52:26,771.0,1072478
2021-06-01 09:52:27,771.0,1072478
2021-06-01 09:52:28,771.0,1072711
2021-06-01 09:52:29,770.85,1073011
2021-06-01 09:52:30,771.4,1073228
2021-06-01 09:52:31,771.4,1073250
2021-06-01 09:52:32,771.4,1073250
2021-06-01 09:52:33,771.05,1073278
2021-06-01 09:52:34,771.05,1073646
2021-06-01 09:52:35,770.85,1074008
2021-06-01 09:52:36,771.1,1074059
2021-06-01 09:52:38,771.0,1074596
2021-06-01 09:52:39,770.9,1074603
2021-06-01 09:52:39,770.95,1074675
2021-06-01 09:52:40,770.7,1074979
2021-06-01 09:52:41,770.8,1075978
2021-06-01 09:52:42,770.8,1075991
2021-06-01 09:52:43,770.8,1075991
2021-06-01 09:52:44,770.8,1076018
2021-06-01 09:52:45,770.9,1076416
2021-06-01 09:52:46,770.6,1076679
2021-06-01 09:52:48,770.6,1076857
2021-06-01 09:52:52,770.85,1077530
2021-06-01 09:52:53,770.85,1077753
2021-06-01 09:52:54,770.6,1077888
2021-06-01 09:52:54,770.6,1077888
2021-06-01 09:52:56,770.85,1078503
2021-06-01 09:52:56,770.85,1078503
2021-06-01 09:52:57,770.85,1078533
2021-06-01 09:52:58,770.85,1078536
2021-06-01 09:52:59,770.85,1078563
2021-06-01 09:53:00,770.6,1079602
2021-06-01 09:53:01,770.8,1079609
2021-06-01 09:53:02,770.45,1082011
2021-06-01 09:53:03,770.7,1082109
2021-06-01 09:53:04,770.55,1082466
2021-06-01 09:53:05,770.4,1082511
2021-06-01 09:53:06,770.35,1082924
2021-06-01 09:53:08,770.55,1082960
2021-06-01 09:53:09,770.55,1083158
2021-06-01 09:53:10,770.5,1083289
2021-06-01 09:53:10,770.35,1084010
2021-06-01 09:53:12,770.45,1084276
2021-06-01 09:53:13,770.6,1084438
2021-06-01 09:53:14,770.6,1084688
2021-06-01 09:53:15,770.35,1084698
2021-06-01 09:53:15,770.35,1084698
2021-06-01 09:53:16,770.55,1086248
2021-06-01 09:53:17,770.6,1086270
2021-06-01 09:53:18,770.6,1086307
2021-06-01 09:53:19,770.6,1086328
2021-06-01 09:53:21,770.15,1086444
2021-06-01 09:53:22,770.4,1086447
2021-06-01 09:53:23,770.25,1086554
2021-06-01 09:53:24,770.55,1086616
2021-06-01 09:53:25,770.8,1089925
2021-06-01 09:53:27,770.85,1090104
2021-06-01 09:53:28,770.65,1090110
2021-06-01 09:53:30,770.85,1090362
2021-06-01 09:53:31,770.85,1090362
2021-06-01 09:53:32,770.85,1090392
2021-06-01 09:53:33,770.85,1090417
2021-06-01 09:53:34,770.85,1090583
2021-06-01 09:53:35,770.85,1090623
2021-06-01 09:53:36,770.65,1090723
2021-06-01 09:53:37,770.85,1091006
2021-06-01 09:53:37,770.85,1090991
2021-06-01 09:53:38,770.7,1091140
2021-06-01 09:53:39,770.6,1091241
2021-06-01 09:53:40,770.7,1091283
2021-06-01 09:53:41,770.55,1091388
2021-06-01 09:53:42,770.55,1091442
2021-06-01 09:53:43,770.85,1091543
2021-06-01 09:53:44,770.95,1091818
2021-06-01 09:53:45,770.95,1091818
2021-06-01 09:53:46,770.7,1091861
2021-06-01 09:53:48,770.55,1092021
2021-06-01 09:53:49,770.7,1092061
2021-06-01 09:53:50,770.75,1092093
2021-06-01 09:53:51,770.75,1092093
2021-06-01 09:53:52,770.55,1092216
2021-06-01 09:53:53,770.55,1092567
2021-06-01 09:53:54,770.55,1092567
2021-06-01 09:53:56,770.8,1092914
2021-06-01 09:53:57,770.85,1092919
2021-06-01 09:53:58,770.55,1093444
2021-06-01 09:53:59,770.9,1093652
2021-06-01 09:54:00,770.9,1093718
2021-06-01 09:54:01,770.9,1093993
2021-06-01 09:54:03,770.9,1093993
2021-06-01 09:54:04,770.9,1094029
2021-06-01 09:54:05,770.95,1094932
2021-06-01 09:54:05,770.95,1094932
2021-06-01 09:54:06,770.9,1095050
2021-06-01 09:54:07,770.9,1095472
2021-06-01 09:54:08,771.0,1095488
2021-06-01 09:54:09,771.0,1095519
2021-06-01 09:54:10,770.85,1095658
2021-06-01 09:54:11,771.0,1095661
2021-06-01 09:54:12,771.0,1095671
2021-06-01 09:54:13,771.0,1095999
2021-06-01 09:54:14,770.95,1096345
2021-06-01 09:54:16,771.05,1099449
2021-06-01 09:54:17,771.05,1099748
2021-06-01 09:54:18,771.25,1099782
2021-06-01 09:54:19,771.0,1099932
2021-06-01 09:54:20,770.9,1100090
2021-06-01 09:54:21,770.8,1100294
2021-06-01 09:54:21,771.0,1100299
2021-06-01 09:54:22,771.0,1100302
2021-06-01 09:54:23,771.0,1100505
2021-06-01 09:54:24,771.15,1100560
2021-06-01 09:54:26,771.2,1100582
2021-06-01 09:54:27,771.2,1100582
2021-06-01 09:54:28,771.05,1100682
2021-06-01 09:54:29,771.2,1100707
2021-06-01 09:54:30,771.2,1100707
2021-06-01 09:54:31,771.0,1100924
2021-06-01 09:54:32,771.2,1101542
2021-06-01 09:54:33,771.2,1101568
2021-06-01 09:54:34,771.2,1101618
2021-06-01 09:54:35,771.2,1101618
2021-06-01 09:54:36,771.2,1101631
2021-06-01 09:54:37,771.2,1101631
2021-06-01 09:54:38,771.2,1101631
2021-06-01 09:54:39,771.2,1101959
2021-06-01 09:54:41,771.2,1101959
2021-06-01 09:54:42,771.2,1102010
2021-06-01 09:54:43,771.2,1102442
2021-06-01 09:54:44,771.2,1102443
2021-06-01 09:54:45,771.1,1102480
2021-06-01 09:54:46,771.1,1102480
2021-06-01 09:54:47,771.2,1102586
2021-06-01 09:54:47,771.2,1102886
2021-06-01 09:54:48,771.2,1102910
2021-06-01 09:54:49,771.0,1102914
2021-06-01 09:54:50,771.0,1102994
2021-06-01 09:54:51,771.2,1103044
2021-06-01 09:54:52,771.2,1103174
2021-06-01 09:54:54,771.2,1103335
2021-06-01 09:54:55,771.2,1103335
2021-06-01 09:54:56,771.1,1103453
2021-06-01 09:54:57,771.1,1103508
2021-06-01 09:54:58,771.0,1104808
2021-06-01 09:54:58,770.95,1104809
2021-06-01 09:54:59,771.1,1104873
2021-06-01 09:55:00,771.1,1105034
2021-06-01 09:55:01,771.1,1105089
2021-06-01 09:55:03,771.0,1105139
2021-06-01 09:55:04,771.15,1105303
2021-06-01 09:55:04,771.2,1105963
2021-06-01 09:55:06,771.2,1106039
2021-06-01 09:55:06,771.2,1106063
2021-06-01 09:55:07,771.2,1106113
2021-06-01 09:55:08,771.4,1106189
2021-06-01 09:55:10,771.4,1106325
2021-06-01 09:55:11,771.5,1109117
2021-06-01 09:55:13,771.1,1109617
2021-06-01 09:55:14,771.5,1109655
2021-06-01 09:55:14,771.5,1109655
2021-06-01 09:55:15,771.5,1109660
2021-06-01 09:55:16,771.25,1109902
2021-06-01 09:55:17,771.5,1109924
2021-06-01 09:55:18,771.5,1109924
2021-06-01 09:55:20,771.5,1110556
2021-06-01 09:55:20,771.3,1110595
2021-06-01 09:55:21,771.4,1110630
2021-06-01 09:55:22,771.4,1110658
2021-06-01 09:55:23,771.4,1110808
2021-06-01 09:55:25,771.4,1110828
2021-06-01 09:55:25,771.4,1110833
2021-06-01 09:55:26,771.3,1110857
2021-06-01 09:55:27,771.6,1110928
2021-06-01 09:55:28,771.6,1110930
2021-06-01 09:55:29,771.6,1110930
2021-06-01 09:55:30,771.4,1111120
2021-06-01 09:55:31,771.4,1111325
2021-06-01 09:55:32,771.4,1111350
2021-06-01 09:55:33,771.5,1111616
2021-06-01 09:55:35,771.3,1111652
2021-06-01 09:55:36,771.5,1111772
2021-06-01 09:55:37,771.5,1111875
2021-06-01 09:55:38,771.5,1111875
2021-06-01 09:55:39,771.85,1111975
2021-06-01 09:55:40,771.45,1111986
2021-06-01 09:55:41,771.75,1112051
2021-06-01 09:55:42,771.8,1112133
2021-06-01 09:55:42,771.45,1112138
2021-06-01 09:55:44,771.45,1112138
2021-06-01 09:55:45,771.75,1112150
2021-06-01 09:55:46,771.8,1112180
2021-06-01 09:55:47,771.9,1112224
2021-06-01 09:55:48,771.9,1112224
2021-06-01 09:55:49,771.9,1112249
2021-06-01 09:55:50,771.6,1112276
2021-06-01 09:55:51,771.6,1112276
2021-06-01 09:55:53,771.9,1113086
2021-06-01 09:55:53,771.9,1113114
2021-06-01 09:55:54,771.9,1113164
2021-06-01 09:55:56,771.9,1113170
2021-06-01 09:55:56,771.9,1113164
2021-06-01 09:55:57,771.95,1113895
2021-06-01 09:55:58,771.95,1113895
2021-06-01 09:55:59,771.95,1113936
2021-06-01 09:56:00,771.9,1114038
2021-06-01 09:56:01,772.0,1115396
2021-06-01 09:56:02,772.2,1118229
2021-06-01 09:56:03,772.2,1118232
2021-06-01 09:56:04,772.2,1118292
2021-06-01 09:56:05,772.0,1118656
2021-06-01 09:56:06,772.3,1118781
2021-06-01 09:56:07,772.45,1121906
2021-06-01 09:56:08,772.5,1122412
2021-06-01 09:56:09,772.5,1122440
2021-06-01 09:56:10,772.45,1122470
2021-06-01 09:56:11,772.5,1122609
2021-06-01 09:56:13,771.8,1125090
2021-06-01 09:56:14,771.8,1125111
2021-06-01 09:56:16,771.9,1125320
2021-06-01 09:56:15,771.85,1125286
2021-06-01 09:56:17,771.9,1125320
2021-06-01 09:56:18,771.95,1125485
2021-06-01 09:56:19,771.9,1125676
2021-06-01 09:56:20,771.95,1125686
2021-06-01 09:56:21,771.95,1125916
2021-06-01 09:56:22,771.9,1125957
2021-06-01 09:56:23,772.0,1126957
2021-06-01 09:56:24,771.8,1126960
2021-06-01 09:56:25,771.95,1126966
2021-06-01 09:56:26,771.8,1126992
2021-06-01 09:56:27,771.95,1126995
2021-06-01 09:56:28,771.95,1126995
2021-06-01 09:56:29,771.95,1126995
2021-06-01 09:56:30,771.95,1126995
2021-06-01 09:56:32,771.85,1128537
2021-06-01 09:56:32,772.1,1132613
2021-06-01 09:56:33,771.7,1132900
2021-06-01 09:56:34,772.05,1132972
2021-06-01 09:56:36,772.05,1132982
2021-06-01 09:56:36,772.25,1133007
2021-06-01 09:56:38,772.35,1133516
2021-06-01 09:56:39,772.0,1133517
2021-06-01 09:56:40,772.3,1133518
2021-06-01 09:56:41,772.4,1133568
2021-06-01 09:56:42,771.95,1133873
2021-06-01 09:56:43,772.25,1133885
2021-06-01 09:56:44,772.25,1133885
2021-06-01 09:56:45,772.25,1133982
2021-06-01 09:56:46,772.25,1134482
2021-06-01 09:56:47,772.0,1134587
2021-06-01 09:56:48,771.95,1134746
2021-06-01 09:56:49,772.25,1134812
2021-06-01 09:56:50,772.25,1134816
2021-06-01 09:56:50,772.25,1134816
2021-06-01 09:56:51,772.25,1134863
2021-06-01 09:56:52,772.25,1135304
2021-06-01 09:56:53,772.4,1135308
2021-06-01 09:56:55,772.2,1135345
2021-06-01 09:56:56,772.45,1135608
2021-06-01 09:56:57,772.1,1135648
2021-06-01 09:56:58,771.95,1135744
2021-06-01 09:56:59,771.95,1135744
2021-06-01 09:57:00,772.2,1135747
2021-06-01 09:57:01,772.0,1136246
2021-06-01 09:57:02,772.0,1136273
2021-06-01 09:57:03,772.0,1136299
2021-06-01 09:57:03,772.0,1136299
2021-06-01 09:57:04,772.0,1136299
2021-06-01 09:57:06,772.0,1136437
2021-06-01 09:57:07,772.0,1136437
2021-06-01 09:57:10,772.15,1136484
2021-06-01 09:57:10,772.15,1136484
2021-06-01 09:57:11,772.15,1136521
2021-06-01 09:57:12,771.8,1136742
2021-06-01 09:57:13,772.05,1136824
2021-06-01 09:57:14,771.85,1137004
2021-06-01 09:57:16,772.0,1137011
2021-06-01 09:57:17,772.0,1137121
2021-06-01 09:57:18,771.7,1137122
2021-06-01 09:57:19,771.95,1137127
2021-06-01 09:57:20,772.0,1137541
2021-06-01 09:57:21,772.0,1137541
2021-06-01 09:57:22,772.0,1137541
2021-06-01 09:57:23,772.05,1137688
2021-06-01 09:57:23,771.8,1137693
2021-06-01 09:57:24,771.8,1137743
2021-06-01 09:57:26,771.95,1137872
2021-06-01 09:57:27,771.8,1138185
2021-06-01 09:57:28,771.75,1138367
2021-06-01 09:57:29,771.8,1138420
2021-06-01 09:57:30,771.8,1138420
2021-06-01 09:57:31,772.05,1138430
2021-06-01 09:57:32,772.05,1138440
2021-06-01 09:57:33,772.15,1138513
2021-06-01 09:57:34,772.15,1138513
2021-06-01 09:57:34,772.15,1138513
2021-06-01 09:57:35,772.15,1138513
2021-06-01 09:57:36,772.2,1138520
2021-06-01 09:57:38,772.2,1138520
2021-06-01 09:57:39,772.2,1138521
2021-06-01 09:57:40,772.05,1138522
2021-06-01 09:57:41,772.2,1138532
2021-06-01 09:57:42,772.2,1138587
2021-06-01 09:57:42,772.05,1138687
2021-06-01 09:57:43,772.05,1138709
2021-06-01 09:57:44,772.2,1138811
2021-06-01 09:57:46,772.1,1138812
2021-06-01 09:57:47,772.2,1138837
2021-06-01 09:57:48,772.2,1138991
2021-06-01 09:57:49,772.2,1138993
2021-06-01 09:57:50,772.2,1138997
2021-06-01 09:57:51,772.0,1139047
2021-06-01 09:57:52,772.05,1139077
2021-06-01 09:57:53,772.1,1139217
2021-06-01 09:57:54,772.0,1140217
2021-06-01 09:57:54,772.0,1140217
2021-06-01 09:57:55,772.2,1142083
2021-06-01 09:57:56,772.2,1142114
2021-06-01 09:57:57,772.05,1142664
2021-06-01 09:57:58,772.2,1142840
2021-06-01 09:57:59,772.2,1142840
2021-06-01 09:58:01,772.05,1142950
2021-06-01 09:58:02,772.05,1142950
2021-06-01 09:58:03,772.05,1142950
2021-06-01 09:58:04,772.2,1143015
2021-06-01 09:58:04,772.2,1143015
2021-06-01 09:58:05,772.2,1143015
2021-06-01 09:58:08,772.2,1143033
2021-06-01 09:58:08,772.2,1143033
2021-06-01 09:58:09,772.2,1143034
2021-06-01 09:58:10,772.2,1143038
2021-06-01 09:58:12,772.2,1143233
2021-06-01 09:58:13,772.2,1143261
2021-06-01 09:58:14,772.2,1143266
2021-06-01 09:58:15,772.0,1144266
2021-06-01 09:58:16,772.0,1144266
2021-06-01 09:58:16,772.0,1144561
2021-06-01 09:58:18,772.0,1144561
2021-06-01 09:58:19,771.9,1144712
2021-06-01 09:58:19,771.9,1144712
2021-06-01 09:58:20,772.0,1144746
2021-06-01 09:58:21,772.0,1144746
2021-06-01 09:58:22,771.9,1144783
2021-06-01 09:58:23,771.9,1144783
2021-06-01 09:58:24,772.0,1144834
2021-06-01 09:58:25,771.9,1144989
2021-06-01 09:58:26,772.0,1145047
2021-06-01 09:58:27,772.0,1145047
2021-06-01 09:58:28,771.9,1145048
2021-06-01 09:58:29,771.9,1145048
2021-06-01 09:58:30,772.0,1145073
2021-06-01 09:58:31,771.9,1145088
2021-06-01 09:58:32,771.9,1145088
2021-06-01 09:58:33,772.0,1145605
2021-06-01 09:58:34,772.0,1145605
2021-06-01 09:58:35,772.0,1147083
2021-06-01 09:58:37,772.2,1147115
2021-06-01 09:58:38,771.95,1147135
2021-06-01 09:58:39,772.0,1147145
2021-06-01 09:58:40,772.0,1147145
2021-06-01 09:58:41,772.0,1147200
2021-06-01 09:58:42,772.15,1147204
2021-06-01 09:58:43,772.0,1147206
2021-06-01 09:58:44,771.95,1147610
2021-06-01 09:58:45,771.9,1147693
2021-06-01 09:58:46,771.9,1148007
2021-06-01 09:58:47,771.85,1148078
2021-06-01 09:58:48,771.9,1148103
2021-06-01 09:58:49,771.9,1148103
2021-06-01 09:58:50,771.8,1148108
2021-06-01 09:58:51,771.8,1149558
2021-06-01 09:58:52,771.8,1149558
2021-06-01 09:58:53,771.8,1149558
2021-06-01 09:58:55,771.65,1149883
2021-06-01 09:58:54,771.5,1149633
2021-06-01 09:58:56,771.65,1149883
2021-06-01 09:58:57,771.65,1149887
2021-06-01 09:58:58,771.65,1149888
2021-06-01 09:58:59,771.65,1149908
2021-06-01 09:59:01,771.5,1150009
2021-06-01 09:59:02,771.65,1150016
2021-06-01 09:59:03,771.5,1151008
2021-06-01 09:59:04,771.3,1151160
2021-06-01 09:59:05,771.3,1151160
2021-06-01 09:59:06,771.45,1151161
2021-06-01 09:59:07,771.45,1151161
2021-06-01 09:59:08,771.3,1152161
2021-06-01 09:59:09,771.3,1152275
2021-06-01 09:59:10,771.25,1152832
2021-06-01 09:59:11,771.3,1152840
2021-06-01 09:59:12,771.3,1152990
2021-06-01 09:59:13,771.45,1153197
2021-06-01 09:59:14,771.4,1153222
2021-06-01 09:59:15,771.15,1153422
2021-06-01 09:59:16,771.3,1155073
2021-06-01 09:59:17,771.3,1155077
2021-06-01 09:59:18,771.3,1155077
2021-06-01 09:59:19,771.3,1155327
2021-06-01 09:59:20,771.3,1155327
2021-06-01 09:59:21,771.3,1155328
2021-06-01 09:59:22,771.3,1155369
2021-06-01 09:59:23,771.3,1155369
2021-06-01 09:59:24,771.35,1155410
2021-06-01 09:59:25,771.35,1155446
2021-06-01 09:59:26,771.25,1155587
2021-06-01 09:59:27,771.25,1155588
2021-06-01 09:59:28,771.45,1155594
2021-06-01 09:59:29,771.45,1155594
2021-06-01 09:59:31,771.25,1155686
2021-06-01 09:59:32,771.3,1155737
2021-06-01 09:59:33,771.25,1155800
2021-06-01 09:59:34,771.25,1155800
2021-06-01 09:59:35,771.25,1155806
2021-06-01 09:59:36,771.25,1155916
2021-06-01 09:59:37,771.15,1155942
2021-06-01 09:59:39,771.1,1156446
2021-06-01 09:59:40,771.25,1156493
2021-06-01 09:59:41,771.1,1162074
2021-06-01 09:59:42,770.85,1163981
2021-06-01 09:59:43,770.8,1164711
2021-06-01 09:59:44,770.8,1164811
2021-06-01 09:59:45,770.95,1164838
2021-06-01 09:59:46,771.0,1164869
2021-06-01 09:59:47,771.05,1165020
2021-06-01 09:59:48,771.0,1165130
2021-06-01 09:59:49,770.8,1165185
2021-06-01 09:59:50,771.0,1165195
2021-06-01 09:59:51,771.0,1165195
2021-06-01 09:59:52,770.95,1165198
2021-06-01 09:59:53,770.85,1165218
2021-06-01 09:59:54,770.95,1165221
2021-06-01 09:59:55,770.95,1165246
2021-06-01 09:59:56,770.5,1166686
2021-06-01 09:59:57,770.9,1166732
2021-06-01 09:59:58,770.8,1167125
2021-06-01 09:59:59,770.5,1167226
2021-06-01 10:00:01,770.8,1167646
2021-06-01 10:00:02,770.8,1167652
2021-06-01 10:00:03,770.5,1171083
2021-06-01 10:00:04,770.8,1171084
2021-06-01 10:00:05,770.8,1171121
2021-06-01 10:00:06,770.8,1171149
2021-06-01 10:00:07,770.8,1171199
2021-06-01 10:00:09,770.8,1171209
2021-06-01 10:00:10,770.8,1171260
2021-06-01 10:00:11,770.8,1171475
2021-06-01 10:00:12,770.6,1171487
2021-06-01 10:00:13,770.45,1172785
2021-06-01 10:00:14,770.6,1172870
2021-06-01 10:00:15,770.55,1173002
2021-06-01 10:00:16,770.5,1173032
2021-06-01 10:00:17,770.85,1173324
2021-06-01 10:00:18,770.95,1173401
2021-06-01 10:00:19,770.95,1173441
2021-06-01 10:00:20,770.95,1173441
2021-06-01 10:00:21,770.95,1173751
2021-06-01 10:00:22,770.95,1173752
2021-06-01 10:00:23,770.85,1173764
2021-06-01 10:00:24,771.0,1173790
2021-06-01 10:00:25,771.0,1173791
2021-06-01 10:00:26,771.0,1173816
2021-06-01 10:00:27,771.0,1173932
2021-06-01 10:00:28,771.0,1173952
2021-06-01 10:00:30,770.85,1174026
2021-06-01 10:00:29,771.0,1174023
2021-06-01 10:00:31,770.95,1174086
2021-06-01 10:00:32,770.95,1175311
2021-06-01 10:00:33,771.0,1176343
2021-06-01 10:00:34,771.0,1176343
2021-06-01 10:00:35,770.95,1176382
2021-06-01 10:00:36,770.95,1176382
2021-06-01 10:00:37,771.0,1176582
2021-06-01 10:00:38,771.0,1176600
2021-06-01 10:00:39,771.0,1176603
2021-06-01 10:00:40,770.9,1176608
2021-06-01 10:00:41,770.9,1176890
2021-06-01 10:00:43,771.1,1178966
2021-06-01 10:00:44,771.0,1179016
2021-06-01 10:00:45,771.1,1179055
2021-06-01 10:00:46,771.0,1179155
2021-06-01 10:00:47,771.0,1179235
2021-06-01 10:00:48,771.1,1179238
2021-06-01 10:00:49,771.05,1179450
2021-06-01 10:00:50,771.3,1179574
2021-06-01 10:00:51,771.15,1179627
2021-06-01 10:00:53,771.45,1179656
2021-06-01 10:00:53,771.25,1179697
2021-06-01 10:00:54,771.25,1179719
2021-06-01 10:00:55,771.45,1179944
2021-06-01 10:00:56,771.45,1179951
2021-06-01 10:00:57,771.45,1180069
2021-06-01 10:00:58,772.0,1181487
2021-06-01 10:01:00,772.0,1181650
2021-06-01 10:01:00,772.0,1181500
2021-06-01 10:01:01,771.65,1181975
2021-06-01 10:01:02,771.65,1182045
2021-06-01 10:01:03,771.9,1182147
2021-06-01 10:01:04,771.65,1182149
2021-06-01 10:01:05,771.65,1182159
2021-06-01 10:01:06,771.9,1182245
2021-06-01 10:01:07,771.7,1182362
2021-06-01 10:01:09,771.7,1182395
2021-06-01 10:01:09,771.9,1182400
2021-06-01 10:01:10,772.0,1182650
2021-06-01 10:01:11,772.0,1182650
2021-06-01 10:01:12,771.9,1182655
2021-06-01 10:01:13,772.0,1182755
2021-06-01 10:01:15,772.0,1182785
2021-06-01 10:01:15,772.0,1182789
2021-06-01 10:01:16,771.75,1182799
2021-06-01 10:01:17,771.75,1182801
2021-06-01 10:01:18,771.75,1182801
2021-06-01 10:01:19,772.0,1183076
2021-06-01 10:01:20,771.9,1183137
2021-06-01 10:01:23,771.95,1183150
2021-06-01 10:01:24,771.95,1183150
2021-06-01 10:01:25,771.95,1183162
2021-06-01 10:01:26,771.9,1187172
2021-06-01 10:01:27,771.9,1187172
2021-06-01 10:01:28,771.75,1187173
2021-06-01 10:01:29,771.75,1187173
2021-06-01 10:01:30,771.9,1187208
2021-06-01 10:01:31,771.9,1187208
2021-06-01 10:01:32,771.9,1187238
2021-06-01 10:01:35,771.9,1187339
2021-06-01 10:01:36,771.9,1187339
2021-06-01 10:01:36,771.9,1187339
2021-06-01 10:01:37,771.9,1187401
2021-06-01 10:01:38,771.9,1187867
2021-06-01 10:01:39,771.65,1188209
2021-06-01 10:01:40,771.9,1188211
2021-06-01 10:01:41,771.75,1188284
2021-06-01 10:01:42,771.75,1188409
2021-06-01 10:01:44,771.7,1188413
2021-06-01 10:01:45,771.7,1188413
2021-06-01 10:01:46,771.7,1188413
2021-06-01 10:01:47,771.7,1188413
2021-06-01 10:01:47,771.7,1188413
2021-06-01 10:01:49,771.9,1188448
2021-06-01 10:01:50,771.9,1188472
2021-06-01 10:01:50,771.9,1188472
2021-06-01 10:01:51,771.75,1188474
2021-06-01 10:01:52,771.75,1188474
2021-06-01 10:01:53,771.9,1188562
2021-06-01 10:01:54,771.75,1188727
2021-06-01 10:01:55,771.75,1188727
2021-06-01 10:01:56,771.75,1188727
2021-06-01 10:01:57,771.75,1188728
2021-06-01 10:01:58,771.9,1188778
2021-06-01 10:01:59,771.9,1188778
2021-06-01 10:02:00,771.9,1188781
2021-06-01 10:02:01,771.75,1188842
2021-06-01 10:02:02,771.7,1188846
2021-06-01 10:02:03,771.75,1188856
2021-06-01 10:02:04,771.75,1188856
2021-06-01 10:02:05,771.75,1188856
2021-06-01 10:02:06,771.7,1188920
2021-06-01 10:02:07,771.75,1188923
2021-06-01 10:02:08,771.75,1188923
2021-06-01 10:02:09,771.7,1188967
2021-06-01 10:02:10,771.7,1189208
2021-06-01 10:02:11,771.75,1189260
2021-06-01 10:02:12,771.75,1189260
2021-06-01 10:02:15,771.7,1189313
2021-06-01 10:02:15,771.7,1189313
2021-06-01 10:02:16,771.7,1189313
2021-06-01 10:02:17,771.75,1189415
2021-06-01 10:02:18,771.75,1189600
2021-06-01 10:02:19,771.7,1189610
2021-06-01 10:02:20,771.75,1189625
2021-06-01 10:02:21,771.7,1189626
2021-06-01 10:02:22,771.7,1190166
2021-06-01 10:02:23,771.65,1190248
2021-06-01 10:02:25,771.65,1190298
2021-06-01 10:02:25,771.65,1190298
2021-06-01 10:02:26,771.65,1190325
2021-06-01 10:02:27,771.65,1190325
2021-06-01 10:02:28,771.65,1190325
2021-06-01 10:02:29,771.7,1190536
2021-06-01 10:02:30,771.5,1190539
2021-06-01 10:02:31,771.5,1191231
2021-06-01 10:02:32,771.45,1191238
2021-06-01 10:02:33,771.45,1191238
2021-06-01 10:02:35,771.45,1191554
2021-06-01 10:02:36,771.45,1191556
2021-06-01 10:02:37,771.45,1191606
2021-06-01 10:02:38,771.45,1191606
2021-06-01 10:02:39,771.45,1191734
2021-06-01 10:02:40,771.65,1191737
2021-06-01 10:02:41,771.5,1191837
2021-06-01 10:02:42,771.35,1192524
2021-06-01 10:02:43,771.35,1192574
2021-06-01 10:02:44,771.35,1192574
2021-06-01 10:02:45,771.35,1192574
2021-06-01 10:02:46,771.35,1192574
2021-06-01 10:02:47,771.35,1192574
2021-06-01 10:02:48,771.35,1192574
2021-06-01 10:02:49,771.55,1193830
2021-06-01 10:02:51,771.85,1193838
2021-06-01 10:02:52,771.9,1193961
2021-06-01 10:02:52,771.9,1193961
2021-06-01 10:02:53,771.65,1193962
2021-06-01 10:02:54,771.5,1194622
2021-06-01 10:02:55,771.5,1194622
2021-06-01 10:02:56,771.5,1194622
2021-06-01 10:02:58,771.65,1194631
2021-06-01 10:02:58,771.55,1194642
2021-06-01 10:02:59,771.75,1195104
2021-06-01 10:03:00,771.75,1195304
2021-06-01 10:03:02,771.55,1195370
2021-06-01 10:03:03,771.55,1195370
2021-06-01 10:03:04,771.55,1195408
2021-06-01 10:03:05,770.9,1205355
2021-06-01 10:03:06,770.9,1205380
2021-06-01 10:03:07,770.95,1206930
2021-06-01 10:03:08,771.0,1206963
2021-06-01 10:03:09,771.0,1206985
2021-06-01 10:03:10,770.95,1207010
2021-06-01 10:03:11,770.95,1207010
2021-06-01 10:03:12,771.0,1207157
2021-06-01 10:03:12,771.0,1207057
2021-06-01 10:03:13,770.75,1207313
2021-06-01 10:03:14,770.7,1207323
2021-06-01 10:03:15,770.7,1207323
2021-06-01 10:03:16,770.85,1207603
2021-06-01 10:03:17,770.55,1207669
2021-06-01 10:03:18,770.75,1208274
2021-06-01 10:03:19,770.85,1208884
2021-06-01 10:03:20,770.8,1208885
2021-06-01 10:03:21,770.8,1208886
2021-06-01 10:03:22,770.8,1208886
2021-06-01 10:03:23,770.85,1208936
2021-06-01 10:03:24,770.7,1209110
2021-06-01 10:03:25,770.7,1209110
2021-06-01 10:03:27,770.7,1209110
2021-06-01 10:03:28,770.55,1211577
2021-06-01 10:03:29,770.65,1213020
2021-06-01 10:03:30,770.65,1213084
2021-06-01 10:03:31,770.65,1213094
2021-06-01 10:03:31,770.65,1213097
2021-06-01 10:03:32,770.6,1213258
2021-06-01 10:03:33,770.3,1213307
2021-06-01 10:03:34,770.5,1213663
2021-06-01 10:03:35,770.55,1213682
2021-06-01 10:03:36,770.5,1214139
2021-06-01 10:03:37,770.3,1214183
2021-06-01 10:03:38,770.3,1214183
2021-06-01 10:03:39,770.3,1214431
2021-06-01 10:03:40,770.3,1214543
2021-06-01 10:03:41,770.55,1215053
2021-06-01 10:03:42,770.3,1215152
2021-06-01 10:03:43,770.25,1215265
2021-06-01 10:03:44,770.65,1215427
2021-06-01 10:03:46,770.6,1215453
2021-06-01 10:03:47,770.25,1215993
2021-06-01 10:03:48,770.3,1216071
2021-06-01 10:03:49,770.25,1216271
2021-06-01 10:03:50,770.6,1216604
2021-06-01 10:03:51,770.6,1216614
2021-06-01 10:03:51,770.6,1216614
2021-06-01 10:03:52,770.55,1216615
2021-06-01 10:03:53,770.55,1216615
2021-06-01 10:03:54,770.45,1216638
2021-06-01 10:03:55,770.3,1216649
2021-06-01 10:03:56,770.45,1216663
2021-06-01 10:03:57,770.4,1217916
2021-06-01 10:03:58,770.35,1219633
2021-06-01 10:03:59,770.4,1219708
2021-06-01 10:04:00,770.15,1219947
2021-06-01 10:04:03,770.4,1220867
2021-06-01 10:04:02,770.1,1220267
2021-06-01 10:04:04,770.4,1221069
2021-06-01 10:04:05,770.15,1221272
2021-06-01 10:04:06,770.35,1221410
2021-06-01 10:04:07,770.35,1221537
2021-06-01 10:04:08,770.15,1221543
2021-06-01 10:04:09,770.5,1221578
2021-06-01 10:04:10,770.3,1221678
2021-06-01 10:04:11,770.3,1221688
2021-06-01 10:04:12,770.3,1221734
2021-06-01 10:04:13,770.3,1221834
2021-06-01 10:04:14,770.3,1221944
2021-06-01 10:04:16,770.2,1222078
2021-06-01 10:04:17,770.2,1222088
2021-06-01 10:04:18,770.15,1222107
2021-06-01 10:04:19,770.2,1222128
2021-06-01 10:04:21,770.5,1222713
2021-06-01 10:04:21,770.15,1222743
2021-06-01 10:04:23,770.5,1222746
2021-06-01 10:04:24,770.5,1222756
2021-06-01 10:04:25,770.5,1222769
2021-06-01 10:04:26,770.15,1222869
2021-06-01 10:04:27,770.3,1222910
2021-06-01 10:04:27,770.45,1223007
2021-06-01 10:04:28,770.5,1223035
2021-06-01 10:04:29,770.5,1223065
2021-06-01 10:04:30,770.45,1223066
2021-06-01 10:04:32,770.15,1223671
2021-06-01 10:04:32,770.15,1223671
2021-06-01 10:04:33,770.2,1223736
2021-06-01 10:04:34,770.2,1223736
2021-06-01 10:04:35,770.2,1223749
2021-06-01 10:04:37,770.2,1223986
2021-06-01 10:04:37,770.25,1223992
2021-06-01 10:04:38,770.45,1224017
2021-06-01 10:04:39,770.25,1224265
2021-06-01 10:04:40,770.25,1224272
2021-06-01 10:04:41,770.5,1224310
2021-06-01 10:04:42,770.5,1224335
2021-06-01 10:04:43,770.25,1224396
2021-06-01 10:04:44,770.25,1224404
2021-06-01 10:04:45,770.25,1224404
2021-06-01 10:04:46,770.4,1224944
2021-06-01 10:04:47,770.45,1225469
2021-06-01 10:04:48,770.15,1225671
2021-06-01 10:04:49,770.25,1225761
2021-06-01 10:04:50,770.25,1225761
2021-06-01 10:04:52,770.4,1225766
2021-06-01 10:04:53,770.4,1225766
2021-06-01 10:04:54,770.3,1225800
2021-06-01 10:04:55,770.5,1225826
2021-06-01 10:04:57,770.5,1226058
2021-06-01 10:04:58,770.5,1226058
2021-06-01 10:04:58,770.5,1226084
2021-06-01 10:04:59,770.5,1226222
2021-06-01 10:05:00,770.25,1226323
2021-06-01 10:05:01,770.35,1226334
2021-06-01 10:05:02,770.35,1226334
2021-06-01 10:05:03,770.35,1226334
2021-06-01 10:05:05,770.25,1226867
2021-06-01 10:05:06,770.3,1226990
2021-06-01 10:05:07,770.35,1227322
2021-06-01 10:05:08,770.35,1227422
2021-06-01 10:05:09,770.3,1227472
2021-06-01 10:05:10,770.3,1227497
2021-06-01 10:05:11,770.3,1227497
2021-06-01 10:05:12,770.3,1227500
2021-06-01 10:05:12,770.15,1228116
2021-06-01 10:05:13,770.4,1228201
2021-06-01 10:05:14,770.15,1229228
2021-06-01 10:05:15,770.15,1229788
2021-06-01 10:05:16,770.15,1229789
2021-06-01 10:05:17,770.35,1229802
2021-06-01 10:05:18,770.35,1229822
2021-06-01 10:05:19,770.35,1229952
2021-06-01 10:05:20,770.2,1229958
2021-06-01 10:05:21,770.2,1229958
2021-06-01 10:05:22,770.3,1230067
2021-06-01 10:05:23,770.35,1230230
2021-06-01 10:05:24,770.15,1230265
2021-06-01 10:05:25,770.15,1230265
2021-06-01 10:05:26,769.2,1257626
2021-06-01 10:05:28,769.25,1260968
2021-06-01 10:05:29,769.25,1261213
2021-06-01 10:05:30,769.45,1262595
2021-06-01 10:05:32,769.8,1262684
2021-06-01 10:05:36,769.95,1263669
2021-06-01 10:05:37,769.8,1263788
2021-06-01 10:05:38,769.8,1263788
2021-06-01 10:05:39,769.95,1264708
2021-06-01 10:05:40,769.9,1264788
2021-06-01 10:05:41,769.75,1265327
2021-06-01 10:05:42,770.45,1269039
2021-06-01 10:05:43,770.15,1269280
2021-06-01 10:05:44,770.1,1269580
2021-06-01 10:05:45,770.2,1269706
2021-06-01 10:05:46,770.45,1269736
2021-06-01 10:05:47,770.45,1269736
2021-06-01 10:05:48,770.2,1269750
2021-06-01 10:05:50,770.5,1269789
2021-06-01 10:05:51,770.5,1269789
2021-06-01 10:05:52,770.45,1270304
2021-06-01 10:05:53,770.45,1270320
2021-06-01 10:05:54,770.25,1270335
2021-06-01 10:05:55,770.25,1270381
2021-06-01 10:05:56,770.25,1270521
2021-06-01 10:05:57,770.45,1270524
2021-06-01 10:05:58,770.25,1270553
2021-06-01 10:05:59,770.25,1270553
2021-06-01 10:05:59,770.25,1270563
2021-06-01 10:06:01,770.25,1270720
2021-06-01 10:06:02,769.8,1271111
2021-06-01 10:06:02,770.0,1270926
2021-06-01 10:06:03,770.05,1271131
2021-06-01 10:06:04,770.0,1271280
2021-06-01 10:06:07,770.65,1275671
2021-06-01 10:06:07,770.8,1276120
2021-06-01 10:06:08,770.7,1276778
2021-06-01 10:06:09,770.7,1276806
2021-06-01 10:06:10,770.65,1278179
2021-06-01 10:06:11,770.3,1278204
2021-06-01 10:06:13,770.6,1278282
2021-06-01 10:06:14,770.6,1278282
2021-06-01 10:06:15,770.3,1279424
2021-06-01 10:06:16,770.3,1279424
2021-06-01 10:06:17,770.25,1279679
2021-06-01 10:06:18,770.3,1279684
2021-06-01 10:06:19,770.7,1280501
2021-06-01 10:06:24,770.9,1281119
2021-06-01 10:06:25,770.65,1281413
2021-06-01 10:06:26,770.9,1281423
2021-06-01 10:06:27,770.9,1281423
2021-06-01 10:06:28,770.9,1281424
2021-06-01 10:06:29,770.85,1281632
2021-06-01 10:06:31,770.85,1281632
2021-06-01 10:06:32,770.85,1281633
2021-06-01 10:06:33,770.85,1281636
2021-06-01 10:06:34,770.8,1281871
2021-06-01 10:06:35,770.75,1281872
2021-06-01 10:06:36,770.75,1281872
2021-06-01 10:06:37,770.75,1281872
2021-06-01 10:06:37,770.75,1281872
2021-06-01 10:06:39,770.75,1282063
2021-06-01 10:06:40,770.65,1282067
2021-06-01 10:06:41,770.65,1282067
2021-06-01 10:06:41,770.65,1282067
2021-06-01 10:06:42,770.65,1282122
2021-06-01 10:06:44,770.4,1282250
2021-06-01 10:06:44,770.45,1282315
2021-06-01 10:06:45,770.3,1282316
2021-06-01 10:06:46,770.45,1282416
2021-06-01 10:06:48,770.05,1283342
2021-06-01 10:06:49,770.3,1283371
2021-06-01 10:06:50,770.0,1283561
2021-06-01 10:06:51,770.0,1284311
2021-06-01 10:06:53,770.25,1284478
2021-06-01 10:06:53,770.25,1284478
2021-06-01 10:06:55,770.25,1284733
2021-06-01 10:06:56,770.0,1285480
2021-06-01 10:06:57,770.35,1285491
2021-06-01 10:06:58,770.4,1285551
2021-06-01 10:06:59,770.4,1285568
2021-06-01 10:07:00,770.25,1285622
2021-06-01 10:07:01,770.3,1286155
2021-06-01 10:07:02,770.3,1286165
2021-06-01 10:07:03,770.3,1286165
2021-06-01 10:07:04,770.3,1286165
2021-06-01 10:07:05,770.25,1286289
2021-06-01 10:07:06,770.0,1286294
2021-06-01 10:07:07,770.0,1286300
2021-06-01 10:07:08,770.05,1286301
2021-06-01 10:07:09,770.05,1286301
2021-06-01 10:07:10,770.05,1286826
2021-06-01 10:07:11,770.0,1286891
2021-06-01 10:07:11,770.05,1286894
2021-06-01 10:07:13,770.05,1286894
2021-06-01 10:07:14,770.05,1286895
2021-06-01 10:07:15,770.05,1286895
2021-06-01 10:07:16,770.15,1286959
2021-06-01 10:07:17,770.1,1286967
2021-06-01 10:07:18,770.1,1286967
2021-06-01 10:07:19,770.3,1287167
2021-06-01 10:07:20,770.35,1287191
2021-06-01 10:07:22,770.35,1287197
2021-06-01 10:07:23,770.35,1287199
2021-06-01 10:07:24,770.35,1287199
2021-06-01 10:07:25,770.35,1287249
2021-06-01 10:07:26,770.4,1287291
2021-06-01 10:07:27,770.15,1287366
2021-06-01 10:07:28,770.25,1287367
2021-06-01 10:07:28,770.25,1287367
2021-06-01 10:07:29,770.25,1287367
2021-06-01 10:07:30,770.25,1287367
