timestamp,ltp,volume
2021-06-01 09:15:49,11780.35,3109
2021-06-01 09:15:50,11793.6,3116
2021-06-01 09:15:51,11792.55,3170
2021-06-01 09:15:52,11785.7,3231
2021-06-01 09:15:53,11785.7,3231
2021-06-01 09:15:54,11796.4,3251
2021-06-01 09:15:55,11796.4,3336
2021-06-01 09:15:56,11800.7,3368
2021-06-01 09:15:57,11806.0,3430
2021-06-01 09:15:58,11814.0,3975
2021-06-01 09:15:59,11808.7,3976
2021-06-01 09:16:00,11802.85,4100
2021-06-01 09:16:01,11811.2,4208
2021-06-01 09:16:02,11801.3,4210
2021-06-01 09:16:03,11800.7,4213
2021-06-01 09:16:04,11804.2,4238
2021-06-01 09:16:05,11800.7,4252
2021-06-01 09:16:06,11805.05,4279
2021-06-01 09:16:07,11807.5,4336
2021-06-01 09:16:08,11807.5,4336
2021-06-01 09:16:09,11806.4,4351
2021-06-01 09:16:10,11800.7,4402
2021-06-01 09:16:11,11800.75,4425
2021-06-01 09:16:12,11806.9,4455
2021-06-01 09:16:13,11806.4,4462
2021-06-01 09:16:14,11806.9,4598
2021-06-01 09:16:15,11809.7,4632
2021-06-01 09:16:16,11809.7,4632
2021-06-01 09:16:17,11809.7,4649
2021-06-01 09:16:18,11809.7,4649
2021-06-01 09:16:19,11819.45,4651
2021-06-01 09:16:20,11815.0,4765
2021-06-01 09:16:21,11809.7,4770
2021-06-01 09:16:22,11809.7,4770
2021-06-01 09:16:23,11809.7,4780
2021-06-01 09:16:24,11811.3,5047
2021-06-01 09:16:25,11815.0,5189
2021-06-01 09:16:26,11809.7,5192
2021-06-01 09:16:27,11805.3,5356
2021-06-01 09:16:28,11812.45,5484
2021-06-01 09:16:29,11801.15,5491
2021-06-01 09:16:30,11807.65,5779
2021-06-01 09:16:31,11820.0,6048
2021-06-01 09:16:32,11815.7,6050
2021-06-01 09:16:34,11818.25,6263
2021-06-01 09:16:35,11819.8,6313
2021-06-01 09:16:36,11820.9,6318
2021-06-01 09:16:37,11822.4,6370
2021-06-01 09:16:38,11821.15,6385
2021-06-01 09:16:39,11822.3,6400
2021-06-01 09:16:40,11821.9,6433
2021-06-01 09:16:41,11828.9,6494
2021-06-01 09:16:42,11823.15,6548
2021-06-01 09:16:43,11828.35,6559
2021-06-01 09:16:44,11825.55,6576
2021-06-01 09:16:45,11829.4,6691
2021-06-01 09:16:46,11822.95,6697
2021-06-01 09:16:47,11824.55,7039
2021-06-01 09:16:48,11827.9,7142
2021-06-01 09:16:49,11827.9,7142
2021-06-01 09:16:50,11826.0,7340
2021-06-01 09:16:51,11831.5,7395
2021-06-01 09:16:52,11834.3,7398
2021-06-01 09:16:53,11825.6,7414
2021-06-01 09:16:54,11823.65,7426
2021-06-01 09:16:57,11830.15,7470
2021-06-01 09:16:58,11830.15,7470
2021-06-01 09:16:59,11825.0,7481
2021-06-01 09:17:00,11832.4,7494
2021-06-01 09:17:01,11830.0,7511
2021-06-01 09:17:02,11836.8,7517
2021-06-01 09:17:03,11832.35,7744
2021-06-01 09:17:04,11832.35,7750
2021-06-01 09:17:05,11828.4,7973
2021-06-01 09:17:06,11828.35,7990
2021-06-01 09:17:07,11833.0,8002
2021-06-01 09:17:08,11827.05,8004
2021-06-01 09:17:09,11810.0,8347
2021-06-01 09:17:10,11812.05,8357
2021-06-01 09:17:11,11813.45,8394
2021-06-01 09:17:12,11813.25,8398
2021-06-01 09:17:13,11807.45,8404
2021-06-01 09:17:14,11811.8,8409
2021-06-01 09:17:15,11811.65,8420
2021-06-01 09:17:16,11811.65,8420
2021-06-01 09:17:17,11807.45,8424
2021-06-01 09:17:18,11810.95,8427
2021-06-01 09:17:19,11811.1,8441
2021-06-01 09:17:20,11818.8,8691
2021-06-01 09:17:21,11821.6,8723
2021-06-01 09:17:22,11811.35,8853
2021-06-01 09:17:23,11805.4,9311
2021-06-01 09:17:24,11810.55,9356
2021-06-01 09:17:25,11805.1,9358
2021-06-01 09:17:26,11807.45,9365
2021-06-01 09:17:27,11807.45,9365
2021-06-01 09:17:28,11805.2,9419
2021-06-01 09:17:29,11805.3,9444
2021-06-01 09:17:30,11812.8,9455
2021-06-01 09:17:31,11812.15,9459
2021-06-01 09:17:32,11808.65,9476
2021-06-01 09:17:33,11808.65,9481
2021-06-01 09:17:34,11808.65,9482
2021-06-01 09:17:35,11808.65,9494
2021-06-01 09:17:36,11813.0,9846
2021-06-01 09:17:37,11807.4,9857
2021-06-01 09:17:38,11807.4,9857
2021-06-01 09:17:39,11805.0,9859
2021-06-01 09:17:40,11805.05,9867
2021-06-01 09:17:41,11805.05,9869
2021-06-01 09:17:42,11805.0,9938
2021-06-01 09:17:43,11805.0,9938
2021-06-01 09:17:44,11809.2,10000
2021-06-01 09:17:45,11810.0,10010
2021-06-01 09:17:46,11803.4,10013
2021-06-01 09:17:47,11802.45,10019
2021-06-01 09:17:48,11805.05,10144
2021-06-01 09:17:49,11805.3,10147
2021-06-01 09:17:50,11805.3,10147
2021-06-01 09:17:51,11806.0,10148
2021-06-01 09:17:52,11805.0,10153
2021-06-01 09:17:53,11803.7,10163
2021-06-01 09:17:54,11803.45,10176
2021-06-01 09:17:55,11803.45,10176
2021-06-01 09:17:56,11802.55,10703
2021-06-01 09:17:57,11795.35,10805
2021-06-01 09:18:00,11793.1,10820
2021-06-01 09:18:01,11790.0,10850
2021-06-01 09:18:02,11790.0,10850
2021-06-01 09:18:03,11796.75,10851
2021-06-01 09:18:05,11796.75,10851
2021-06-01 09:18:06,11796.75,10851
2021-06-01 09:18:07,11793.05,10887
2021-06-01 09:18:08,11781.9,11972
2021-06-01 09:18:09,11781.9,11972
2021-06-01 09:18:10,11792.15,12024
2021-06-01 09:18:11,11792.15,12024
2021-06-01 09:18:12,11792.15,12024
2021-06-01 09:18:13,11791.0,12034
2021-06-01 09:18:14,11791.0,12034
2021-06-01 09:18:16,11791.7,12056
2021-06-01 09:18:17,11797.0,12082
2021-06-01 09:18:18,11802.0,12119
2021-06-01 09:18:19,11802.25,12127
2021-06-01 09:18:20,11801.3,12140
2021-06-01 09:18:20,11801.35,12150
2021-06-01 09:18:21,11801.35,12150
2021-06-01 09:18:22,11805.15,12152
2021-06-01 09:18:23,11805.15,12152
2021-06-01 09:18:24,11801.45,12164
2021-06-01 09:18:25,11801.5,12458
2021-06-01 09:18:26,11802.65,12478
2021-06-01 09:18:27,11805.0,12488
2021-06-01 09:18:28,11807.0,12492
2021-06-01 09:18:29,11807.0,12492
2021-06-01 09:18:30,11807.0,12492
2021-06-01 09:18:31,11807.0,12492
2021-06-01 09:18:32,11802.65,12500
2021-06-01 09:18:33,11805.3,12522
2021-06-01 09:18:34,11815.4,12631
2021-06-01 09:18:35,11815.4,12631
2021-06-01 09:18:37,11811.2,12641
2021-06-01 09:18:38,11810.55,12667
2021-06-01 09:18:39,11811.25,12672
2021-06-01 09:18:40,11811.3,12682
2021-06-01 09:18:41,11819.9,12708
2021-06-01 09:18:42,11814.1,12709
2021-06-01 09:18:42,11814.1,12709
2021-06-01 09:18:43,11814.1,12711
2021-06-01 09:18:44,11827.9,13037
2021-06-01 09:18:45,11820.65,13048
2021-06-01 09:18:46,11820.65,13048
2021-06-01 09:18:47,11820.4,13058
2021-06-01 09:18:48,11822.5,13063
2021-06-01 09:18:49,11827.4,13078
2021-06-01 09:18:50,11827.4,13099
2021-06-01 09:18:51,11821.0,13149
2021-06-01 09:18:52,11822.0,13234
2021-06-01 09:18:53,11833.85,13498
2021-06-01 09:18:54,11831.35,13500
2021-06-01 09:18:55,11828.3,13512
2021-06-01 09:18:56,11830.2,13515
2021-06-01 09:18:57,11830.3,13533
2021-06-01 09:18:58,11831.2,13538
2021-06-01 09:18:59,11828.65,13984
2021-06-01 09:19:00,11821.1,14089
2021-06-01 09:19:01,11828.4,14104
2021-06-01 09:19:02,11816.6,14108
2021-06-01 09:19:03,11816.6,14108
2021-06-01 09:19:04,11819.95,14127
2021-06-01 09:19:06,11830.0,14182
2021-06-01 09:19:07,11817.0,14188
2021-06-01 09:19:08,11817.0,14188
2021-06-01 09:19:10,11828.9,14225
2021-06-01 09:19:11,11817.2,14230
2021-06-01 09:19:12,11817.1,14252
2021-06-01 09:19:13,11829.2,14304
2021-06-01 09:19:14,11829.2,14304
2021-06-01 09:19:16,11829.2,14304
2021-06-01 09:19:16,11829.35,14330
2021-06-01 09:19:17,11829.35,14330
2021-06-01 09:19:18,11829.35,14330
2021-06-01 09:19:19,11819.6,14335
2021-06-01 09:19:20,11819.45,14345
2021-06-01 09:19:21,11819.45,14345
2021-06-01 09:19:22,11819.45,14345
2021-06-01 09:19:23,11819.65,14350
2021-06-01 09:19:24,11819.65,14350
2021-06-01 09:19:25,11819.65,14350
2021-06-01 09:19:26,11819.7,14352
2021-06-01 09:19:27,11829.25,14356
2021-06-01 09:19:28,11829.25,14356
2021-06-01 09:19:29,11819.7,14363
2021-06-01 09:19:30,11819.7,14363
2021-06-01 09:19:32,11828.15,14377
2021-06-01 09:19:32,11828.15,14378
2021-06-01 09:19:33,11826.95,14411
2021-06-01 09:19:34,11826.95,14411
2021-06-01 09:19:35,11826.85,14412
2021-06-01 09:19:36,11826.85,14412
2021-06-01 09:19:37,11826.85,14412
2021-06-01 09:19:38,11825.0,14416
2021-06-01 09:19:39,11821.0,14467
2021-06-01 09:19:40,11821.0,14467
2021-06-01 09:19:41,11821.0,14467
2021-06-01 09:19:43,11821.0,14471
2021-06-01 09:19:43,11821.0,14471
2021-06-01 09:19:44,11821.0,14471
2021-06-01 09:19:45,11821.0,14473
2021-06-01 09:19:46,11821.0,14473
2021-06-01 09:19:47,11821.0,14473
2021-06-01 09:19:48,11821.0,14478
2021-06-01 09:19:49,11828.35,14531
2021-06-01 09:19:50,11835.0,15093
2021-06-01 09:19:51,11835.0,15093
2021-06-01 09:19:52,11833.35,15117
2021-06-01 09:19:53,11833.35,15117
2021-06-01 09:19:54,11838.75,15169
2021-06-01 09:19:55,11833.35,15172
2021-06-01 09:19:56,11838.95,15189
2021-06-01 09:19:57,11843.75,15239
2021-06-01 09:19:58,11839.4,15293
2021-06-01 09:19:59,11848.15,15305
2021-06-01 09:20:00,11845.9,15307
2021-06-01 09:20:01,11838.1,15310
2021-06-01 09:20:02,11838.1,15310
2021-06-01 09:20:03,11838.1,15310
2021-06-01 09:20:04,11847.85,15320
2021-06-01 09:20:06,11847.7,15337
2021-06-01 09:20:07,11838.7,15338
2021-06-01 09:20:08,11838.7,15338
2021-06-01 09:20:09,11843.7,15347
2021-06-01 09:20:09,11843.7,15347
2021-06-01 09:20:10,11843.7,15347
2021-06-01 09:20:11,11842.1,15400
2021-06-01 09:20:12,11842.1,15410
2021-06-01 09:20:13,11843.75,15430
2021-06-01 09:20:15,11847.7,15451
2021-06-01 09:20:16,11841.85,15455
2021-06-01 09:20:17,11839.0,15562
2021-06-01 09:20:18,11841.85,15589
2021-06-01 09:20:19,11841.85,15645
2021-06-01 09:20:20,11842.75,15798
2021-06-01 09:20:21,11842.75,15798
2021-06-01 09:20:22,11847.0,15901
2021-06-01 09:20:23,11842.15,15952
2021-06-01 09:20:24,11842.4,15954
2021-06-01 09:20:25,11849.25,16088
2021-06-01 09:20:26,11844.0,16146
2021-06-01 09:20:27,11849.75,16152
2021-06-01 09:20:27,11849.75,16152
2021-06-01 09:20:28,11849.95,16181
2021-06-01 09:20:29,11861.1,17011
2021-06-01 09:20:30,11865.8,17036
2021-06-01 09:20:31,11861.7,17205
2021-06-01 09:20:32,11864.85,17250
2021-06-01 09:20:33,11857.1,17254
2021-06-01 09:20:34,11857.1,17268
2021-06-01 09:20:35,11861.0,17275
2021-06-01 09:20:36,11861.15,17325
2021-06-01 09:20:37,11844.2,18446
2021-06-01 09:20:38,11843.45,18526
2021-06-01 09:20:39,11840.1,18568
2021-06-01 09:20:40,11833.6,18633
2021-06-01 09:20:41,11833.55,18639
2021-06-01 09:20:42,11839.8,18644
2021-06-01 09:20:44,11840.2,18649
2021-06-01 09:20:45,11840.2,18654
2021-06-01 09:20:46,11839.35,18823
2021-06-01 09:20:46,11838.9,18824
2021-06-01 09:20:47,11840.75,18863
2021-06-01 09:20:49,11841.1,18881
2021-06-01 09:20:50,11841.1,18881
2021-06-01 09:20:51,11840.75,18921
2021-06-01 09:20:52,11838.7,18976
2021-06-01 09:20:54,11841.2,19028
2021-06-01 09:20:55,11834.4,19062
2021-06-01 09:20:56,11841.7,19071
2021-06-01 09:20:57,11834.95,19073
2021-06-01 09:20:58,11843.6,19143
2021-06-01 09:20:59,11836.1,19146
2021-06-01 09:21:00,11834.85,19205
2021-06-01 09:21:01,11834.85,19205
2021-06-01 09:21:02,11835.0,19207
2021-06-01 09:21:03,11839.95,19208
2021-06-01 09:21:04,11835.0,19221
2021-06-01 09:21:05,11835.0,19221
2021-06-01 09:21:06,11835.0,19224
2021-06-01 09:21:08,11839.65,19238
2021-06-01 09:21:09,11835.85,19242
2021-06-01 09:21:10,11839.65,19244
2021-06-01 09:21:11,11839.65,19248
2021-06-01 09:21:11,11839.65,19248
2021-06-01 09:21:12,11839.95,19268
2021-06-01 09:21:13,11839.95,19273
2021-06-01 09:21:14,11839.95,19273
2021-06-01 09:21:15,11840.0,19429
2021-06-01 09:21:16,11840.0,19429
2021-06-01 09:21:17,11841.05,19448
2021-06-01 09:21:19,11845.0,19456
2021-06-01 09:21:20,11850.0,19562
2021-06-01 09:21:21,11856.7,19666
2021-06-01 09:21:21,11856.7,19666
2021-06-01 09:21:22,11853.55,19700
2021-06-01 09:21:23,11859.65,19701
2021-06-01 09:21:24,11853.85,19702
2021-06-01 09:21:25,11853.85,19702
2021-06-01 09:21:26,11850.05,19717
2021-06-01 09:21:27,11850.05,19717
2021-06-01 09:21:28,11850.0,19721
2021-06-01 09:21:29,11856.3,19728
2021-06-01 09:21:30,11856.3,19728
2021-06-01 09:21:31,11857.9,19729
2021-06-01 09:21:33,11854.85,19760
2021-06-01 09:21:34,11854.85,19760
2021-06-01 09:21:35,11850.05,19768
2021-06-01 09:21:36,11855.0,19776
2021-06-01 09:21:37,11855.0,19776
2021-06-01 09:21:38,11855.0,19776
2021-06-01 09:21:38,11855.0,19776
2021-06-01 09:21:40,11856.3,19781
2021-06-01 09:21:41,11856.3,19781
2021-06-01 09:21:42,11859.0,19783
2021-06-01 09:21:43,11859.0,19783
2021-06-01 09:21:44,11859.0,19784
2021-06-01 09:21:45,11859.0,19784
2021-06-01 09:21:46,11859.0,19784
2021-06-01 09:21:47,11859.0,19784
2021-06-01 09:21:48,11858.95,19836
2021-06-01 09:21:49,11856.3,19860
2021-06-01 09:21:50,11856.3,19860
2021-06-01 09:21:51,11856.3,19862
2021-06-01 09:21:52,11856.0,19866
2021-06-01 09:21:53,11856.2,20018
2021-06-01 09:21:54,11851.1,20173
2021-06-01 09:21:54,11851.1,20173
2021-06-01 09:21:55,11850.05,20178
2021-06-01 09:21:56,11850.1,20200
2021-06-01 09:21:57,11856.0,20303
2021-06-01 09:21:58,11851.1,20313
2021-06-01 09:21:59,11855.4,20343
2021-06-01 09:22:00,11855.95,20357
2021-06-01 09:22:01,11856.3,20381
2021-06-01 09:22:02,11852.85,20517
2021-06-01 09:22:03,11852.85,20517
2021-06-01 09:22:04,11857.9,20519
2021-06-01 09:22:05,11856.3,20539
2021-06-01 09:22:06,11853.4,20556
2021-06-01 09:22:07,11853.4,20556
2021-06-01 09:22:09,11853.35,20557
2021-06-01 09:22:10,11856.0,20570
2021-06-01 09:22:10,11853.65,20574
2021-06-01 09:22:12,11853.4,20581
2021-06-01 09:22:12,11855.0,20584
2021-06-01 09:22:13,11855.0,20584
2021-06-01 09:22:15,11853.55,20638
2021-06-01 09:22:16,11853.55,20638
2021-06-01 09:22:17,11853.55,20640
2021-06-01 09:22:18,11853.55,20640
2021-06-01 09:22:19,11853.65,20752
2021-06-01 09:22:20,11854.9,20756
2021-06-01 09:22:21,11850.0,20765
2021-06-01 09:22:22,11850.0,20765
2021-06-01 09:22:23,11853.65,20770
2021-06-01 09:22:24,11853.65,20770
2021-06-01 09:22:25,11853.65,20770
2021-06-01 09:22:26,11853.65,20770
2021-06-01 09:22:27,11848.3,20870
2021-06-01 09:22:28,11848.3,20870
2021-06-01 09:22:29,11848.3,20870
2021-06-01 09:22:30,11847.55,20871
2021-06-01 09:22:31,11847.55,20871
2021-06-01 09:22:32,11847.55,20881
2021-06-01 09:22:33,11847.55,20886
2021-06-01 09:22:34,11850.0,20896
2021-06-01 09:22:35,11851.05,21024
2021-06-01 09:22:36,11858.7,21081
2021-06-01 09:22:37,11861.0,21380
2021-06-01 09:22:38,11861.0,21380
2021-06-01 09:22:39,11861.0,21380
2021-06-01 09:22:40,11860.05,21383
2021-06-01 09:22:41,11860.05,21383
2021-06-01 09:22:42,11861.95,21567
2021-06-01 09:22:43,11869.0,21569
2021-06-01 09:22:44,11860.95,21579
2021-06-01 09:22:45,11868.65,21585
2021-06-01 09:22:46,11868.85,21635
2021-06-01 09:22:47,11869.0,21649
2021-06-01 09:22:48,11875.0,21779
2021-06-01 09:22:49,11870.2,21794
2021-06-01 09:22:50,11875.0,21837
2021-06-01 09:22:51,11870.5,21838
2021-06-01 09:22:52,11874.95,21943
2021-06-01 09:22:53,11870.25,21948
2021-06-01 09:22:54,11875.5,22021
2021-06-01 09:22:55,11871.05,22030
2021-06-01 09:22:56,11878.6,22031
2021-06-01 09:22:57,11874.0,22032
2021-06-01 09:22:58,11880.45,22269
2021-06-01 09:22:59,11878.0,22322
2021-06-01 09:23:00,11884.8,22327
2021-06-01 09:23:01,11887.6,22359
2021-06-01 09:23:01,11887.6,22359
2021-06-01 09:23:02,11880.05,22389
2021-06-01 09:23:03,11884.8,22395
2021-06-01 09:23:05,11880.05,22521
2021-06-01 09:23:06,11878.65,22522
2021-06-01 09:23:07,11886.45,22541
2021-06-01 09:23:08,11873.3,22743
2021-06-01 09:23:08,11876.85,22755
2021-06-01 09:23:09,11876.85,22755
2021-06-01 09:23:10,11876.85,22755
2021-06-01 09:23:11,11876.05,22760
2021-06-01 09:23:14,11876.85,22820
2021-06-01 09:23:15,11876.0,22857
2021-06-01 09:23:16,11876.05,22859
2021-06-01 09:23:17,11880.45,22880
2021-06-01 09:23:19,11880.0,22890
2021-06-01 09:23:20,11883.6,22896
2021-06-01 09:23:22,11886.0,23046
2021-06-01 09:23:23,11886.0,23046
2021-06-01 09:23:24,11886.35,23062
2021-06-01 09:23:25,11886.35,23062
2021-06-01 09:23:26,11883.9,23067
2021-06-01 09:23:26,11883.9,23067
2021-06-01 09:23:27,11883.9,23067
2021-06-01 09:23:28,11883.9,23067
2021-06-01 09:23:30,11887.5,23097
2021-06-01 09:23:31,11887.45,23117
2021-06-01 09:23:32,11879.8,23124
2021-06-01 09:23:32,11879.8,23124
2021-06-01 09:23:33,11879.8,23124
2021-06-01 09:23:34,11879.8,23124
2021-06-01 09:23:35,11885.5,23134
2021-06-01 09:23:36,11887.15,23135
2021-06-01 09:23:37,11887.15,23135
2021-06-01 09:23:38,11887.6,23138
2021-06-01 09:23:39,11885.25,23225
2021-06-01 09:23:40,11890.75,23324
2021-06-01 09:23:41,11890.75,23324
2021-06-01 09:23:42,11890.75,23324
2021-06-01 09:23:43,11883.2,23337
2021-06-01 09:23:44,11885.5,23338
2021-06-01 09:23:45,11883.15,23407
2021-06-01 09:23:46,11887.0,23423
2021-06-01 09:23:47,11886.35,23434
2021-06-01 09:23:48,11886.35,23443
2021-06-01 09:23:49,11890.0,23448
2021-06-01 09:23:50,11890.0,23448
2021-06-01 09:23:51,11890.0,23476
2021-06-01 09:23:53,11890.0,23495
2021-06-01 09:23:54,11890.0,23495
2021-06-01 09:23:55,11885.5,23556
2021-06-01 09:23:57,11889.95,23592
2021-06-01 09:23:58,11889.95,23592
2021-06-01 09:23:59,11890.0,23593
2021-06-01 09:23:59,11890.0,23593
2021-06-01 09:24:01,11886.75,23596
2021-06-01 09:24:02,11889.65,23610
2021-06-01 09:24:03,11889.9,23626
2021-06-01 09:24:04,11890.75,23713
2021-06-01 09:24:05,11890.75,23727
2021-06-01 09:24:06,11885.3,23890
2021-06-01 09:24:07,11889.5,23945
2021-06-01 09:24:08,11885.6,23948
2021-06-01 09:24:09,11885.1,23953
2021-06-01 09:24:10,11889.3,23959
2021-06-01 09:24:10,11889.3,23959
2021-06-01 09:24:11,11885.85,24170
2021-06-01 09:24:12,11885.85,24170
2021-06-01 09:24:13,11887.2,24210
2021-06-01 09:24:15,11889.4,24222
2021-06-01 09:24:16,11885.5,24223
2021-06-01 09:24:16,11885.5,24223
2021-06-01 09:24:17,11885.5,24223
2021-06-01 09:24:18,11884.0,24360
2021-06-01 09:24:19,11881.4,24362
2021-06-01 09:24:20,11881.5,24507
2021-06-01 09:24:21,11881.5,24542
2021-06-01 09:24:22,11881.5,24542
2021-06-01 09:24:24,11887.15,24557
2021-06-01 09:24:24,11887.15,24557
2021-06-01 09:24:25,11888.0,24560
2021-06-01 09:24:27,11881.9,24693
2021-06-01 09:24:27,11881.9,24693
2021-06-01 09:24:28,11881.85,24723
2021-06-01 09:24:29,11881.85,24727
2021-06-01 09:24:30,11881.85,24727
2021-06-01 09:24:32,11882.0,24787
2021-06-01 09:24:32,11885.0,24789
2021-06-01 09:24:33,11885.0,24789
2021-06-01 09:24:34,11885.0,24815
2021-06-01 09:24:36,11882.0,24835
2021-06-01 09:24:36,11885.0,24878
2021-06-01 09:24:38,11888.0,24903
2021-06-01 09:24:38,11888.0,24903
2021-06-01 09:24:39,11885.0,24955
2021-06-01 09:24:40,11889.95,24965
2021-06-01 09:24:41,11884.25,24967
2021-06-01 09:24:44,11889.85,24977
2021-06-01 09:24:43,11884.25,24967
2021-06-01 09:24:45,11873.2,25227
2021-06-01 09:24:45,11873.2,25227
2021-06-01 09:24:47,11862.9,25968
2021-06-01 09:24:48,11868.65,26014
2021-06-01 09:24:49,11875.2,26160
2021-06-01 09:24:50,11852.7,28244
2021-06-01 09:24:51,11852.7,28244
2021-06-01 09:24:52,11851.6,28359
2021-06-01 09:24:53,11849.05,28417
2021-06-01 09:24:54,11855.8,28477
2021-06-01 09:24:55,11852.35,28651
2021-06-01 09:24:56,11856.8,28680
2021-06-01 09:24:56,11856.8,28680
2021-06-01 09:24:57,11856.8,28680
2021-06-01 09:24:58,11856.8,28680
2021-06-01 09:24:59,11857.75,28739
2021-06-01 09:25:01,11863.35,28986
2021-06-01 09:25:04,11864.05,28997
2021-06-01 09:25:05,11857.2,29097
2021-06-01 09:25:06,11863.6,29127
2021-06-01 09:25:07,11860.9,29131
2021-06-01 09:25:08,11861.2,29132
2021-06-01 09:25:08,11861.4,29158
2021-06-01 09:25:09,11864.4,29161
2021-06-01 09:25:11,11858.55,29183
2021-06-01 09:25:12,11858.55,29183
2021-06-01 09:25:12,11858.55,29183
2021-06-01 09:25:13,11858.55,29183
2021-06-01 09:25:14,11860.1,29235
2021-06-01 09:25:16,11860.1,29235
2021-06-01 09:25:17,11860.1,29235
2021-06-01 09:25:17,11865.0,29240
2021-06-01 09:25:18,11864.4,29242
2021-06-01 09:25:19,11864.4,29242
2021-06-01 09:25:20,11865.0,29246
2021-06-01 09:25:21,11865.0,29255
2021-06-01 09:25:22,11866.75,29441
2021-06-01 09:25:23,11866.8,29450
2021-06-01 09:25:25,11866.8,29450
2021-06-01 09:25:25,11866.8,29450
2021-06-01 09:25:27,11864.45,29977
2021-06-01 09:25:28,11859.95,30002
2021-06-01 09:25:29,11855.0,30003
2021-06-01 09:25:30,11857.1,30034
2021-06-01 09:25:31,11861.3,30058
2021-06-01 09:25:32,11861.3,30058
2021-06-01 09:25:33,11852.25,31034
2021-06-01 09:25:34,11851.9,31071
2021-06-01 09:25:34,11851.9,31071
2021-06-01 09:25:35,11851.9,31071
2021-06-01 09:25:37,11852.95,31105
2021-06-01 09:25:38,11853.2,31184
2021-06-01 09:25:39,11853.05,31190
2021-06-01 09:25:39,11853.05,31190
2021-06-01 09:25:40,11853.05,31190
2021-06-01 09:25:42,11860.0,31192
2021-06-01 09:25:44,11860.0,31192
2021-06-01 09:25:44,11853.75,31194
2021-06-01 09:25:45,11853.75,31214
2021-06-01 09:25:46,11853.75,31214
2021-06-01 09:25:47,11860.7,31215
2021-06-01 09:25:48,11860.7,31215
2021-06-01 09:25:49,11857.5,31230
2021-06-01 09:25:50,11857.5,31230
2021-06-01 09:25:51,11860.0,31231
2021-06-01 09:25:53,11860.0,31242
2021-06-01 09:25:53,11860.0,31242
2021-06-01 09:25:54,11861.35,31285
2021-06-01 09:25:56,11861.75,31317
2021-06-01 09:25:57,11861.75,31317
2021-06-01 09:25:58,11862.0,31322
2021-06-01 09:25:59,11867.4,31324
2021-06-01 09:26:00,11862.65,31459
2021-06-01 09:26:01,11862.0,31534
2021-06-01 09:26:02,11858.0,31539
2021-06-01 09:26:03,11860.9,31544
2021-06-01 09:26:04,11858.0,31546
2021-06-01 09:26:05,11858.0,31674
2021-06-01 09:26:06,11858.0,31678
2021-06-01 09:26:07,11858.0,31678
2021-06-01 09:26:08,11858.0,31680
2021-06-01 09:26:08,11858.0,31680
2021-06-01 09:26:10,11858.0,31680
2021-06-01 09:26:10,11858.0,31680
2021-06-01 09:26:11,11858.0,31680
2021-06-01 09:26:12,11862.9,31710
2021-06-01 09:26:13,11858.55,31731
2021-06-01 09:26:14,11858.55,31731
2021-06-01 09:26:15,11858.55,31731
2021-06-01 09:26:16,11858.55,31731
2021-06-01 09:26:17,11858.55,31731
2021-06-01 09:26:18,11858.55,31731
2021-06-01 09:26:19,11862.9,31732
2021-06-01 09:26:21,11858.65,31789
2021-06-01 09:26:21,11862.95,31809
2021-06-01 09:26:22,11862.95,31809
2021-06-01 09:26:24,11858.65,31836
2021-06-01 09:26:25,11858.65,31848
2021-06-01 09:26:26,11858.65,31848
2021-06-01 09:26:27,11858.65,31848
2021-06-01 09:26:28,11861.35,31863
2021-06-01 09:26:29,11861.35,31863
2021-06-01 09:26:30,11861.35,31863
2021-06-01 09:26:31,11858.0,31938
2021-06-01 09:26:32,11858.0,31938
2021-06-01 09:26:33,11858.0,31938
2021-06-01 09:26:34,11858.7,31939
2021-06-01 09:26:35,11867.35,32140
2021-06-01 09:26:36,11867.35,32140
2021-06-01 09:26:37,11865.0,32150
2021-06-01 09:26:38,11862.95,32246
2021-06-01 09:26:39,11862.95,32246
2021-06-01 09:26:40,11862.95,32246
2021-06-01 09:26:41,11858.7,32427
2021-06-01 09:26:42,11859.0,32439
2021-06-01 09:26:43,11859.0,32439
2021-06-01 09:26:44,11859.0,32439
2021-06-01 09:26:45,11859.0,32439
2021-06-01 09:26:46,11860.0,32442
2021-06-01 09:26:47,11860.0,32442
2021-06-01 09:26:48,11860.0,32442
2021-06-01 09:26:49,11860.0,32513
2021-06-01 09:26:50,11860.0,32513
2021-06-01 09:26:51,11855.0,32515
2021-06-01 09:26:52,11855.0,32515
2021-06-01 09:26:53,11858.0,32516
2021-06-01 09:26:54,11860.1,33426
2021-06-01 09:26:55,11851.1,33434
2021-06-01 09:26:56,11851.1,33434
2021-06-01 09:26:57,11856.4,33442
2021-06-01 09:26:58,11857.35,33471
2021-06-01 09:26:59,11854.05,33485
2021-06-01 09:27:00,11854.05,33485
2021-06-01 09:27:01,11854.05,33485
2021-06-01 09:27:02,11854.05,33485
2021-06-01 09:27:03,11854.05,33485
2021-06-01 09:27:04,11855.35,33488
2021-06-01 09:27:05,11855.35,33488
2021-06-01 09:27:06,11855.35,33488
2021-06-01 09:27:08,11855.35,33488
2021-06-01 09:27:07,11855.35,33488
2021-06-01 09:27:09,11855.35,33488
2021-06-01 09:27:10,11854.05,33595
2021-06-01 09:27:11,11854.05,33595
2021-06-01 09:27:12,11862.25,33603
2021-06-01 09:27:13,11854.5,33626
2021-06-01 09:27:14,11851.1,33726
2021-06-01 09:27:15,11851.15,33728
2021-06-01 09:27:16,11856.95,33729
2021-06-01 09:27:17,11854.0,33739
2021-06-01 09:27:18,11851.15,33742
2021-06-01 09:27:20,11857.2,33774
2021-06-01 09:27:21,11856.9,33777
2021-06-01 09:27:22,11856.9,33777
2021-06-01 09:27:23,11856.9,33781
2021-06-01 09:27:24,11856.9,33781
2021-06-01 09:27:25,11856.9,33781
2021-06-01 09:27:26,11856.9,33781
2021-06-01 09:27:27,11856.9,33781
2021-06-01 09:27:28,11858.8,34084
2021-06-01 09:27:29,11860.0,34089
2021-06-01 09:27:30,11860.0,34118
2021-06-01 09:27:31,11860.0,34128
2021-06-01 09:27:33,11859.9,34141
2021-06-01 09:27:35,11859.9,34141
2021-06-01 09:27:34,11859.9,34141
2021-06-01 09:27:36,11859.95,34164
2021-06-01 09:27:38,11853.95,34171
2021-06-01 09:27:39,11853.95,34171
2021-06-01 09:27:40,11853.95,34242
2021-06-01 09:27:41,11853.95,34242
2021-06-01 09:27:42,11853.95,34242
2021-06-01 09:27:43,11856.1,34243
2021-06-01 09:27:44,11856.65,34244
2021-06-01 09:27:45,11856.65,34250
2021-06-01 09:27:46,11850.0,34421
2021-06-01 09:27:47,11850.0,34473
2021-06-01 09:27:48,11850.0,34479
2021-06-01 09:27:49,11850.0,34733
2021-06-01 09:27:50,11850.0,34743
2021-06-01 09:27:51,11848.1,34757
2021-06-01 09:27:52,11848.1,34757
2021-06-01 09:27:53,11848.0,34777
2021-06-01 09:27:54,11848.0,34786
2021-06-01 09:27:55,11845.7,34807
2021-06-01 09:27:56,11845.7,34807
2021-06-01 09:27:57,11848.0,34808
2021-06-01 09:27:58,11848.0,34823
2021-06-01 09:27:59,11848.0,34830
2021-06-01 09:28:00,11845.85,34836
2021-06-01 09:28:01,11845.85,34836
2021-06-01 09:28:02,11845.85,34836
2021-06-01 09:28:03,11849.85,34840
2021-06-01 09:28:04,11846.5,34842
2021-06-01 09:28:05,11846.35,34847
2021-06-01 09:28:06,11850.0,34866
2021-06-01 09:28:07,11850.0,34866
2021-06-01 09:28:08,11846.6,34942
2021-06-01 09:28:09,11849.95,34946
2021-06-01 09:28:10,11849.75,34947
2021-06-01 09:28:11,11845.85,35047
2021-06-01 09:28:13,11845.85,35058
2021-06-01 09:28:14,11845.85,35058
2021-06-01 09:28:15,11845.85,35058
2021-06-01 09:28:16,11851.95,35059
2021-06-01 09:28:17,11851.95,35059
2021-06-01 09:28:18,11851.95,35059
2021-06-01 09:28:19,11851.95,35059
2021-06-01 09:28:20,11851.95,35059
2021-06-01 09:28:21,11851.95,35059
2021-06-01 09:28:22,11852.3,35064
2021-06-01 09:28:23,11852.3,35064
2021-06-01 09:28:24,11852.3,35064
2021-06-01 09:28:25,11852.3,35064
2021-06-01 09:28:26,11850.0,35066
2021-06-01 09:28:28,11850.0,35067
2021-06-01 09:28:29,11846.4,35069
2021-06-01 09:28:30,11850.0,35085
2021-06-01 09:28:31,11851.55,35089
2021-06-01 09:28:32,11847.3,35094
2021-06-01 09:28:33,11847.3,35094
2021-06-01 09:28:34,11847.3,35094
2021-06-01 09:28:35,11847.3,35094
2021-06-01 09:28:36,11850.0,35095
2021-06-01 09:28:37,11850.0,35095
2021-06-01 09:28:38,11854.7,35099
2021-06-01 09:28:39,11850.0,35109
2021-06-01 09:28:40,11850.0,35110
2021-06-01 09:28:41,11850.0,35110
2021-06-01 09:28:43,11850.0,35112
2021-06-01 09:28:44,11855.0,35171
2021-06-01 09:28:45,11859.6,35371
2021-06-01 09:28:46,11859.6,35371
2021-06-01 09:28:47,11859.6,35371
2021-06-01 09:28:48,11859.6,35371
2021-06-01 09:28:49,11859.6,35371
2021-06-01 09:28:50,11854.0,35372
2021-06-01 09:28:51,11854.0,35372
2021-06-01 09:28:52,11858.75,35429
2021-06-01 09:28:53,11858.75,35429
2021-06-01 09:28:54,11858.65,35434
2021-06-01 09:28:55,11854.0,35435
2021-06-01 09:28:56,11854.0,35438
2021-06-01 09:28:57,11858.0,35467
2021-06-01 09:28:59,11855.0,35470
2021-06-01 09:28:59,11855.0,35506
2021-06-01 09:29:00,11855.0,35506
2021-06-01 09:29:01,11854.0,35508
2021-06-01 09:29:02,11855.0,35610
2021-06-01 09:29:04,11854.15,35678
2021-06-01 09:29:05,11858.0,35679
2021-06-01 09:29:06,11858.0,35679
2021-06-01 09:29:07,11841.55,36012
2021-06-01 09:29:08,11832.25,36169
2021-06-01 09:29:09,11832.25,36169
2021-06-01 09:29:10,11841.8,36177
2021-06-01 09:29:11,11841.8,36177
2021-06-01 09:29:12,11841.8,36177
2021-06-01 09:29:13,11841.8,36177
2021-06-01 09:29:14,11840.05,36178
2021-06-01 09:29:15,11840.05,36178
2021-06-01 09:29:16,11840.0,36212
2021-06-01 09:29:17,11840.0,36212
2021-06-01 09:29:18,11840.0,36212
2021-06-01 09:29:19,11839.0,36258
2021-06-01 09:29:20,11839.0,36258
2021-06-01 09:29:21,11839.0,36258
2021-06-01 09:29:22,11836.55,36264
2021-06-01 09:29:23,11839.5,36348
2021-06-01 09:29:24,11833.0,36352
2021-06-01 09:29:25,11832.5,36357
2021-06-01 09:29:26,11837.85,36367
2021-06-01 09:29:27,11831.8,36508
2021-06-01 09:29:28,11839.25,36509
2021-06-01 09:29:29,11839.25,36509
2021-06-01 09:29:31,11839.25,36509
2021-06-01 09:29:32,11839.25,36509
2021-06-01 09:29:33,11836.55,36510
2021-06-01 09:29:34,11836.55,36513
2021-06-01 09:29:35,11833.0,36573
2021-06-01 09:29:36,11840.85,36574
2021-06-01 09:29:37,11836.55,36584
2021-06-01 09:29:38,11836.55,36584
2021-06-01 09:29:39,11841.75,36585
2021-06-01 09:29:40,11836.6,36590
2021-06-01 09:29:41,11836.6,36590
2021-06-01 09:29:43,11840.85,36599
2021-06-01 09:29:44,11844.4,36604
2021-06-01 09:29:45,11837.65,36609
2021-06-01 09:29:47,11837.65,36609
2021-06-01 09:29:48,11837.65,36609
2021-06-01 09:29:49,11840.85,36610
2021-06-01 09:29:51,11835.05,36873
2021-06-01 09:29:51,11835.05,36873
2021-06-01 09:29:52,11842.3,36874
2021-06-01 09:29:53,11842.3,36874
2021-06-01 09:29:54,11835.0,36875
2021-06-01 09:29:55,11835.0,36875
2021-06-01 09:29:56,11837.65,36876
2021-06-01 09:29:57,11840.9,36891
2021-06-01 09:29:58,11836.55,36892
2021-06-01 09:29:59,11843.0,36893
2021-06-01 09:30:00,11843.0,36893
2021-06-01 09:30:01,11841.6,36895
2021-06-01 09:30:02,11841.6,36895
2021-06-01 09:30:03,11842.65,36897
2021-06-01 09:30:04,11842.65,36897
2021-06-01 09:30:05,11842.65,36897
2021-06-01 09:30:06,11842.65,36897
2021-06-01 09:30:09,11845.0,36898
2021-06-01 09:30:09,11841.65,36901
2021-06-01 09:30:10,11841.65,36901
2021-06-01 09:30:11,11840.5,36911
2021-06-01 09:30:12,11840.5,36911
2021-06-01 09:30:13,11840.5,36911
2021-06-01 09:30:14,11840.5,36911
2021-06-01 09:30:15,11840.5,36911
2021-06-01 09:30:16,11840.5,36911
2021-06-01 09:30:17,11845.3,37011
2021-06-01 09:30:18,11845.3,37011
2021-06-01 09:30:19,11849.9,37014
2021-06-01 09:30:20,11849.9,37014
2021-06-01 09:30:21,11842.55,37026
2021-06-01 09:30:22,11842.55,37026
2021-06-01 09:30:23,11840.4,37029
2021-06-01 09:30:24,11840.4,37029
2021-06-01 09:30:25,11841.05,37030
2021-06-01 09:30:26,11847.6,37045
2021-06-01 09:30:27,11847.6,37045
2021-06-01 09:30:28,11840.0,37170
2021-06-01 09:30:29,11846.45,37190
2021-06-01 09:30:30,11846.45,37190
2021-06-01 09:30:31,11846.45,37190
2021-06-01 09:30:32,11846.45,37190
2021-06-01 09:30:33,11846.45,37190
2021-06-01 09:30:34,11846.6,37191
2021-06-01 09:30:35,11846.0,37192
2021-06-01 09:30:37,11846.0,37192
2021-06-01 09:30:38,11846.6,37245
2021-06-01 09:30:39,11840.35,37247
2021-06-01 09:30:40,11840.35,37247
2021-06-01 09:30:41,11840.35,37247
2021-06-01 09:30:42,11845.2,37257
2021-06-01 09:30:43,11841.0,37259
2021-06-01 09:30:44,11846.0,37260
2021-06-01 09:30:45,11841.0,37262
2021-06-01 09:30:46,11841.0,37262
2021-06-01 09:30:47,11841.0,37264
2021-06-01 09:30:49,11840.95,37521
2021-06-01 09:30:50,11840.95,37521
2021-06-01 09:30:51,11835.1,37522
2021-06-01 09:30:52,11840.55,37524
2021-06-01 09:30:53,11840.55,37524
2021-06-01 09:30:54,11840.55,37524
2021-06-01 09:30:55,11840.55,37524
2021-06-01 09:30:56,11835.15,37528
2021-06-01 09:30:56,11835.15,37528
2021-06-01 09:30:57,11835.15,37528
2021-06-01 09:30:58,11835.15,37528
2021-06-01 09:31:00,11835.15,37528
2021-06-01 09:31:01,11835.15,37528
2021-06-01 09:31:02,11840.9,37569
2021-06-01 09:31:03,11840.9,37569
2021-06-01 09:31:04,11840.9,37569
2021-06-01 09:31:05,11828.7,39250
2021-06-01 09:31:06,11831.5,39288
2021-06-01 09:31:07,11834.0,39388
2021-06-01 09:31:07,11834.75,39398
2021-06-01 09:31:09,11834.75,39398
2021-06-01 09:31:09,11834.75,39398
2021-06-01 09:31:10,11833.8,39408
2021-06-01 09:31:11,11833.8,39408
2021-06-01 09:31:12,11834.75,39410
2021-06-01 09:31:13,11831.1,39428
2021-06-01 09:31:14,11834.75,39447
2021-06-01 09:31:15,11838.0,39451
2021-06-01 09:31:16,11840.4,39590
2021-06-01 09:31:17,11840.3,39605
2021-06-01 09:31:18,11840.3,39605
2021-06-01 09:31:19,11840.3,39605
2021-06-01 09:31:20,11840.3,39605
2021-06-01 09:31:21,11840.3,39605
2021-06-01 09:31:22,11841.05,39683
2021-06-01 09:31:23,11841.05,39683
2021-06-01 09:31:24,11841.05,39683
2021-06-01 09:31:25,11841.05,39683
2021-06-01 09:31:26,11841.05,39683
2021-06-01 09:31:27,11839.4,39688
2021-06-01 09:31:28,11839.4,39699
2021-06-01 09:31:29,11839.5,39728
2021-06-01 09:31:31,11841.85,39832
2021-06-01 09:31:32,11841.85,39832
2021-06-01 09:31:33,11841.85,39832
2021-06-01 09:31:34,11841.15,39836
2021-06-01 09:31:34,11835.7,39837
2021-06-01 09:31:35,11835.7,39837
2021-06-01 09:31:36,11835.7,39837
2021-06-01 09:31:37,11835.7,39837
2021-06-01 09:31:38,11835.7,39837
2021-06-01 09:31:40,11835.85,39839
2021-06-01 09:31:41,11835.85,39839
2021-06-01 09:31:42,11841.2,39949
2021-06-01 09:31:42,11841.2,39949
2021-06-01 09:31:43,11836.4,39954
2021-06-01 09:31:44,11836.4,39955
2021-06-01 09:31:45,11838.25,39961
2021-06-01 09:31:47,11836.45,39963
2021-06-01 09:31:48,11840.95,39964
2021-06-01 09:31:48,11838.25,39965
2021-06-01 09:31:49,11836.4,39967
2021-06-01 09:31:50,11836.4,40017
2021-06-01 09:31:51,11836.4,40017
2021-06-01 09:31:52,11836.4,40026
2021-06-01 09:31:54,11837.0,40095
2021-06-01 09:31:55,11836.4,40113
2021-06-01 09:31:56,11836.4,40113
2021-06-01 09:31:57,11836.4,40113
2021-06-01 09:31:58,11836.4,40113
2021-06-01 09:31:59,11836.4,40113
2021-06-01 09:32:00,11836.4,40113
2021-06-01 09:32:01,11836.4,40113
2021-06-01 09:32:02,11837.0,40138
2021-06-01 09:32:03,11836.4,40139
2021-06-01 09:32:04,11836.4,40139
2021-06-01 09:32:05,11838.25,40148
2021-06-01 09:32:05,11836.4,40139
2021-06-01 09:32:06,11838.25,40148
2021-06-01 09:32:07,11838.25,40148
2021-06-01 09:32:08,11838.25,40148
2021-06-01 09:32:09,11838.25,40148
2021-06-01 09:32:11,11840.0,40160
2021-06-01 09:32:12,11840.0,40160
2021-06-01 09:32:13,11840.0,40337
2021-06-01 09:32:15,11841.0,40342
2021-06-01 09:32:16,11840.0,40347
2021-06-01 09:32:17,11842.0,40372
2021-06-01 09:32:18,11842.0,40372
2021-06-01 09:32:19,11846.0,40616
2021-06-01 09:32:20,11846.0,40616
2021-06-01 09:32:20,11846.0,40616
2021-06-01 09:32:21,11842.3,40669
2021-06-01 09:32:22,11842.3,40669
2021-06-01 09:32:23,11842.3,40669
2021-06-01 09:32:24,11842.3,40669
2021-06-01 09:32:26,11847.6,40689
2021-06-01 09:32:27,11842.6,40700
2021-06-01 09:32:28,11842.6,40700
2021-06-01 09:32:28,11842.6,40700
2021-06-01 09:32:29,11842.6,40700
2021-06-01 09:32:30,11848.0,40736
2021-06-01 09:32:31,11845.55,40737
2021-06-01 09:32:32,11845.4,40739
2021-06-01 09:32:33,11845.4,40739
2021-06-01 09:32:35,11845.4,40739
2021-06-01 09:32:36,11845.2,40740
2021-06-01 09:32:37,11845.2,40740
2021-06-01 09:32:37,11845.2,40740
2021-06-01 09:32:38,11843.0,40840
2021-06-01 09:32:39,11843.0,40840
2021-06-01 09:32:40,11847.45,40852
2021-06-01 09:32:41,11843.0,40857
2021-06-01 09:32:43,11847.45,40859
2021-06-01 09:32:44,11843.1,40862
2021-06-01 09:32:45,11843.1,40862
2021-06-01 09:32:46,11843.1,40862
2021-06-01 09:32:47,11843.1,40862
2021-06-01 09:32:48,11847.0,40892
2021-06-01 09:32:49,11847.45,40925
2021-06-01 09:32:51,11847.45,40925
2021-06-01 09:32:52,11847.45,40929
2021-06-01 09:32:52,11847.45,40929
2021-06-01 09:32:53,11847.45,40929
2021-06-01 09:32:54,11847.45,40932
2021-06-01 09:32:56,11847.45,40934
2021-06-01 09:32:57,11847.45,40934
2021-06-01 09:32:58,11847.45,40934
2021-06-01 09:32:59,11847.45,40934
2021-06-01 09:32:59,11847.45,40934
2021-06-01 09:33:00,11847.45,40934
2021-06-01 09:33:01,11847.45,40934
2021-06-01 09:33:02,11847.45,40934
2021-06-01 09:33:04,11850.0,40947
2021-06-01 09:33:05,11850.0,40947
2021-06-01 09:33:06,11851.35,40957
2021-06-01 09:33:07,11854.0,40959
2021-06-01 09:33:08,11853.85,40970
2021-06-01 09:33:09,11853.85,40970
2021-06-01 09:33:09,11853.85,40970
2021-06-01 09:33:11,11853.75,40971
2021-06-01 09:33:12,11853.75,40971
2021-06-01 09:33:13,11849.65,40996
2021-06-01 09:33:14,11849.65,40996
2021-06-01 09:33:14,11849.65,40996
2021-06-01 09:33:15,11849.65,40996
2021-06-01 09:33:16,11849.65,40996
2021-06-01 09:33:18,11854.95,41046
2021-06-01 09:33:19,11854.95,41046
2021-06-01 09:33:20,11854.95,41046
2021-06-01 09:33:20,11854.95,41046
2021-06-01 09:33:21,11854.95,41046
2021-06-01 09:33:23,11855.0,41051
2021-06-01 09:33:24,11855.0,41051
2021-06-01 09:33:25,11860.25,41089
2021-06-01 09:33:25,11860.25,41089
2021-06-01 09:33:26,11860.25,41090
2021-06-01 09:33:28,11857.05,41092
2021-06-01 09:33:29,11857.05,41092
2021-06-01 09:33:30,11857.5,41094
2021-06-01 09:33:31,11857.2,41115
2021-06-01 09:33:32,11857.2,41115
2021-06-01 09:33:32,11857.2,41115
2021-06-01 09:33:33,11857.4,41127
2021-06-01 09:33:35,11857.4,41127
2021-06-01 09:33:36,11860.0,41139
2021-06-01 09:33:37,11860.0,41139
2021-06-01 09:33:37,11860.0,41139
2021-06-01 09:33:38,11860.3,41163
2021-06-01 09:33:40,11865.0,41189
2021-06-01 09:33:41,11860.6,41190
2021-06-01 09:33:42,11860.6,41190
2021-06-01 09:33:43,11860.95,41199
2021-06-01 09:33:43,11865.8,41228
2021-06-01 09:33:44,11865.8,41228
2021-06-01 09:33:45,11862.1,41230
2021-06-01 09:33:46,11862.3,41243
2021-06-01 09:33:48,11865.0,41256
2021-06-01 09:33:49,11870.0,41496
2021-06-01 09:33:50,11865.65,41498
2021-06-01 09:33:51,11865.65,41498
2021-06-01 09:33:52,11866.15,41500
2021-06-01 09:33:52,11866.15,41500
2021-06-01 09:33:53,11870.0,41509
2021-06-01 09:33:55,11867.0,41510
2021-06-01 09:33:56,11870.0,41529
2021-06-01 09:33:57,11871.35,41903
2021-06-01 09:33:57,11871.35,41903
2021-06-01 09:33:58,11866.9,41915
2021-06-01 09:34:00,11872.2,41918
2021-06-01 09:34:01,11872.2,41919
2021-06-01 09:34:02,11870.0,41920
2021-06-01 09:34:02,11870.0,41920
2021-06-01 09:34:03,11871.15,41942
2021-06-01 09:34:05,11872.0,41948
2021-06-01 09:34:06,11872.0,41948
2021-06-01 09:34:07,11872.2,41961
2021-06-01 09:34:08,11875.75,42010
2021-06-01 09:34:08,11875.75,42010
2021-06-01 09:34:09,11872.2,42012
2021-06-01 09:34:10,11872.2,42012
2021-06-01 09:34:11,11870.0,42112
2021-06-01 09:34:13,11873.0,42136
2021-06-01 09:34:14,11870.0,42139
2021-06-01 09:34:15,11872.0,42142
2021-06-01 09:34:15,11872.0,42142
2021-06-01 09:34:16,11872.0,42142
2021-06-01 09:34:17,11872.0,42142
2021-06-01 09:34:18,11872.0,42142
2021-06-01 09:34:19,11872.0,42142
2021-06-01 09:34:22,11875.5,42157
2021-06-01 09:34:23,11875.45,42165
2021-06-01 09:34:24,11872.2,42211
2021-06-01 09:34:24,11880.0,42432
2021-06-01 09:34:25,11880.0,42432
2021-06-01 09:34:26,11882.1,42436
2021-06-01 09:34:27,11879.9,42441
2021-06-01 09:34:28,11876.65,42455
2021-06-01 09:34:29,11876.65,42455
2021-06-01 09:34:30,11881.75,42467
2021-06-01 09:34:31,11881.75,42473
2021-06-01 09:34:34,11881.7,42476
2021-06-01 09:34:35,11881.7,42476
2021-06-01 09:34:36,11876.25,42478
2021-06-01 09:34:37,11876.25,42478
2021-06-01 09:34:39,11876.25,42478
2021-06-01 09:34:40,11879.0,42482
2021-06-01 09:34:41,11881.2,42549
2021-06-01 09:34:42,11881.2,42549
2021-06-01 09:34:43,11884.2,42760
2021-06-01 09:34:44,11884.2,42760
2021-06-01 09:34:45,11886.0,42806
2021-06-01 09:34:46,11879.6,42931
2021-06-01 09:34:46,11879.6,42931
2021-06-01 09:34:47,11879.6,42931
2021-06-01 09:34:48,11879.0,42937
2021-06-01 09:34:49,11879.0,42937
2021-06-01 09:34:50,11879.0,43297
2021-06-01 09:34:51,11879.6,43298
2021-06-01 09:34:52,11879.6,43298
2021-06-01 09:34:53,11879.6,43298
2021-06-01 09:34:54,11879.0,43314
2021-06-01 09:34:56,11879.75,43315
2021-06-01 09:34:57,11873.9,43316
2021-06-01 09:34:58,11873.9,43316
2021-06-01 09:35:00,11873.9,43316
2021-06-01 09:35:02,11873.9,43316
2021-06-01 09:35:03,11873.9,43319
2021-06-01 09:35:04,11873.9,43319
2021-06-01 09:35:05,11872.05,43372
2021-06-01 09:35:06,11872.05,43372
2021-06-01 09:35:07,11872.05,43372
2021-06-01 09:35:08,11866.0,43560
2021-06-01 09:35:09,11869.35,43586
2021-06-01 09:35:10,11865.0,43592
2021-06-01 09:35:11,11870.3,43790
2021-06-01 09:35:13,11872.65,43795
2021-06-01 09:35:14,11872.65,43798
2021-06-01 09:35:15,11872.65,43798
2021-06-01 09:35:16,11872.65,43798
2021-06-01 09:35:17,11872.65,43798
2021-06-01 09:35:18,11871.15,43801
2021-06-01 09:35:19,11877.15,43827
2021-06-01 09:35:20,11877.15,43827
2021-06-01 09:35:21,11877.15,43827
2021-06-01 09:35:22,11877.9,43839
2021-06-01 09:35:23,11877.65,43848
2021-06-01 09:35:24,11877.65,43848
2021-06-01 09:35:25,11877.75,43857
2021-06-01 09:35:26,11877.75,43857
2021-06-01 09:35:27,11872.35,43867
2021-06-01 09:35:28,11872.4,43868
2021-06-01 09:35:29,11872.4,43871
2021-06-01 09:35:30,11872.4,43871
2021-06-01 09:35:31,11872.4,43880
2021-06-01 09:35:32,11872.4,43880
2021-06-01 09:35:33,11872.4,43880
2021-06-01 09:35:34,11872.4,43906
2021-06-01 09:35:34,11872.4,43906
2021-06-01 09:35:35,11872.4,43906
2021-06-01 09:35:37,11872.4,43906
2021-06-01 09:35:38,11877.7,43910
2021-06-01 09:35:39,11877.7,43910
2021-06-01 09:35:40,11877.7,43910
2021-06-01 09:35:41,11877.7,43910
2021-06-01 09:35:42,11877.8,43911
2021-06-01 09:35:43,11877.8,43911
2021-06-01 09:35:44,11877.8,43911
2021-06-01 09:35:44,11877.8,43911
2021-06-01 09:35:45,11877.8,43911
2021-06-01 09:35:47,11875.0,43920
2021-06-01 09:35:48,11875.0,43920
2021-06-01 09:35:49,11875.0,43920
2021-06-01 09:35:50,11877.8,43943
2021-06-01 09:35:51,11877.8,43943
2021-06-01 09:35:52,11877.8,43948
2021-06-01 09:35:52,11877.8,43952
2021-06-01 09:35:53,11877.8,43952
2021-06-01 09:35:54,11877.8,43974
2021-06-01 09:35:56,11875.0,43984
2021-06-01 09:35:57,11875.0,43984
2021-06-01 09:35:58,11875.0,43993
2021-06-01 09:35:59,11875.0,43998
2021-06-01 09:36:00,11877.8,44001
2021-06-01 09:36:01,11878.0,44109
2021-06-01 09:36:02,11877.75,44114
2021-06-01 09:36:03,11877.8,44116
2021-06-01 09:36:04,11877.8,44116
2021-06-01 09:36:06,11877.8,44119
2021-06-01 09:36:08,11877.8,44119
2021-06-01 09:36:07,11877.8,44119
2021-06-01 09:36:09,11877.8,44121
2021-06-01 09:36:10,11877.8,44134
2021-06-01 09:36:11,11877.8,44135
2021-06-01 09:36:12,11877.8,44135
2021-06-01 09:36:13,11877.8,44135
2021-06-01 09:36:14,11877.8,44135
2021-06-01 09:36:15,11877.8,44135
2021-06-01 09:36:16,11877.8,44135
2021-06-01 09:36:17,11877.8,44139
2021-06-01 09:36:18,11879.0,44145
2021-06-01 09:36:19,11879.0,44155
2021-06-01 09:36:20,11879.0,44155
2021-06-01 09:36:21,11879.0,44155
2021-06-01 09:36:22,11883.4,44261
2021-06-01 09:36:23,11882.45,44266
2021-06-01 09:36:24,11882.45,44271
2021-06-01 09:36:25,11879.05,44276
2021-06-01 09:36:26,11879.05,44279
2021-06-01 09:36:26,11879.05,44279
2021-06-01 09:36:27,11879.05,44279
2021-06-01 09:36:28,11879.25,44304
2021-06-01 09:36:29,11879.25,44304
2021-06-01 09:36:30,11884.2,44314
2021-06-01 09:36:31,11884.2,44317
2021-06-01 09:36:33,11884.2,44322
2021-06-01 09:36:34,11884.2,44322
2021-06-01 09:36:35,11885.0,44339
2021-06-01 09:36:36,11885.0,44339
2021-06-01 09:36:37,11885.0,44339
2021-06-01 09:36:38,11884.2,44343
2021-06-01 09:36:39,11884.2,44343
2021-06-01 09:36:40,11880.1,44359
2021-06-01 09:36:41,11880.1,44360
2021-06-01 09:36:42,11880.1,44380
2021-06-01 09:36:43,11884.2,44388
2021-06-01 09:36:44,11884.2,44388
2021-06-01 09:36:45,11884.2,44388
2021-06-01 09:36:46,11880.1,44456
2021-06-01 09:36:47,11880.1,44456
2021-06-01 09:36:48,11880.1,44467
2021-06-01 09:36:49,11880.1,44467
2021-06-01 09:36:50,11880.1,44467
2021-06-01 09:36:51,11880.1,44467
2021-06-01 09:36:52,11883.95,44470
2021-06-01 09:36:53,11883.75,44471
2021-06-01 09:36:54,11880.1,44496
2021-06-01 09:36:55,11880.1,44496
2021-06-01 09:36:56,11880.1,44496
2021-06-01 09:36:57,11880.1,44507
2021-06-01 09:36:58,11880.1,44509
2021-06-01 09:36:59,11880.1,44524
2021-06-01 09:37:00,11880.1,44524
2021-06-01 09:37:01,11880.1,44524
2021-06-01 09:37:02,11880.1,44527
2021-06-01 09:37:03,11880.1,44536
2021-06-01 09:37:04,11880.1,44536
2021-06-01 09:37:06,11880.1,44536
2021-06-01 09:37:07,11880.1,44537
2021-06-01 09:37:08,11880.1,44538
2021-06-01 09:37:09,11880.0,44694
2021-06-01 09:37:10,11880.0,44694
2021-06-01 09:37:11,11880.0,44694
2021-06-01 09:37:12,11880.0,44694
2021-06-01 09:37:13,11880.0,44694
2021-06-01 09:37:14,11880.0,44699
2021-06-01 09:37:15,11880.0,44699
2021-06-01 09:37:16,11880.0,44706
2021-06-01 09:37:17,11880.0,44716
2021-06-01 09:37:18,11880.0,44716
2021-06-01 09:37:19,11883.55,44746
2021-06-01 09:37:20,11880.0,44879
2021-06-01 09:37:21,11880.0,44879
2021-06-01 09:37:22,11880.0,44879
2021-06-01 09:37:23,11880.0,44879
2021-06-01 09:37:24,11880.0,44879
2021-06-01 09:37:25,11885.0,44889
2021-06-01 09:37:26,11880.05,44893
2021-06-01 09:37:27,11880.05,44893
2021-06-01 09:37:28,11895.85,45816
2021-06-01 09:37:29,11884.0,45850
2021-06-01 09:37:30,11884.0,45850
2021-06-01 09:37:31,11883.1,45862
2021-06-01 09:37:33,11883.1,45862
2021-06-01 09:37:32,11883.1,45862
2021-06-01 09:37:34,11887.6,45892
2021-06-01 09:37:35,11887.6,45892
2021-06-01 09:37:36,11883.1,45924
2021-06-01 09:37:37,11883.1,45924
2021-06-01 09:37:38,11883.1,46058
2021-06-01 09:37:39,11883.1,46058
2021-06-01 09:37:40,11883.1,46081
2021-06-01 09:37:41,11883.1,46081
2021-06-01 09:37:42,11880.4,46110
2021-06-01 09:37:43,11884.95,46113
2021-06-01 09:37:44,11880.15,46114
2021-06-01 09:37:46,11880.15,46114
2021-06-01 09:37:47,11880.15,46114
2021-06-01 09:37:48,11885.0,46148
2021-06-01 09:37:50,11886.65,46173
2021-06-01 09:37:51,11886.65,46173
2021-06-01 09:37:52,11883.25,46225
2021-06-01 09:37:53,11883.2,46326
2021-06-01 09:37:54,11891.15,46362
2021-06-01 09:37:55,11891.0,46365
2021-06-01 09:37:56,11891.0,46365
2021-06-01 09:37:57,11890.0,46392
2021-06-01 09:37:58,11891.15,46397
2021-06-01 09:37:59,11891.15,46397
2021-06-01 09:38:00,11891.05,46435
2021-06-01 09:38:01,11891.05,46435
2021-06-01 09:38:02,11891.0,46493
2021-06-01 09:38:03,11891.0,46495
2021-06-01 09:38:04,11891.0,46495
2021-06-01 09:38:05,11891.0,46535
2021-06-01 09:38:06,11891.0,46537
2021-06-01 09:38:07,11891.0,46537
2021-06-01 09:38:08,11891.0,46541
2021-06-01 09:38:09,11891.0,46557
2021-06-01 09:38:10,11891.0,46561
2021-06-01 09:38:11,11891.0,46561
2021-06-01 09:38:12,11890.05,46577
2021-06-01 09:38:13,11890.05,46577
2021-06-01 09:38:14,11891.0,46582
2021-06-01 09:38:15,11890.0,46588
2021-06-01 09:38:16,11890.0,46588
2021-06-01 09:38:17,11890.0,46588
2021-06-01 09:38:18,11890.0,46588
2021-06-01 09:38:19,11889.95,46589
2021-06-01 09:38:20,11889.95,46589
2021-06-01 09:38:21,11889.95,46589
2021-06-01 09:38:22,11889.7,46600
2021-06-01 09:38:23,11885.0,46602
2021-06-01 09:38:24,11889.7,46613
2021-06-01 09:38:25,11889.7,46613
2021-06-01 09:38:26,11889.85,46619
2021-06-01 09:38:27,11889.85,46623
2021-06-01 09:38:28,11894.0,46823
2021-06-01 09:38:29,11894.0,46823
2021-06-01 09:38:30,11885.45,46824
2021-06-01 09:38:31,11885.45,46829
2021-06-01 09:38:32,11888.7,47090
2021-06-01 09:38:33,11888.7,47090
2021-06-01 09:38:34,11888.55,47114
2021-06-01 09:38:36,11888.55,47114
2021-06-01 09:38:37,11882.0,47117
2021-06-01 09:38:38,11882.0,47117
2021-06-01 09:38:39,11892.4,47162
2021-06-01 09:38:40,11892.4,47162
2021-06-01 09:38:41,11891.0,47172
2021-06-01 09:38:42,11891.0,47172
2021-06-01 09:38:43,11891.0,47172
2021-06-01 09:38:44,11889.85,47178
2021-06-01 09:38:45,11889.85,47178
2021-06-01 09:38:46,11889.85,47178
2021-06-01 09:38:47,11883.75,47180
2021-06-01 09:38:48,11890.9,47228
2021-06-01 09:38:49,11890.9,47228
2021-06-01 09:38:50,11890.3,47274
2021-06-01 09:38:51,11890.3,47279
2021-06-01 09:38:52,11890.3,47279
2021-06-01 09:38:53,11890.3,47280
2021-06-01 09:38:54,11890.3,47280
2021-06-01 09:38:55,11889.95,47285
2021-06-01 09:38:56,11888.4,47319
2021-06-01 09:38:58,11888.4,47327
2021-06-01 09:38:59,11888.4,47327
2021-06-01 09:39:00,11884.35,47331
2021-06-01 09:39:01,11889.2,47356
2021-06-01 09:39:02,11884.4,47407
2021-06-01 09:39:04,11884.4,47407
2021-06-01 09:39:05,11884.4,47409
2021-06-01 09:39:06,11889.9,47410
2021-06-01 09:39:08,11884.4,47415
2021-06-01 09:39:09,11884.4,47415
2021-06-01 09:39:10,11885.0,47470
2021-06-01 09:39:11,11885.0,47470
2021-06-01 09:39:12,11889.0,47487
2021-06-01 09:39:13,11884.8,47493
2021-06-01 09:39:14,11884.8,47493
2021-06-01 09:39:15,11884.8,47493
2021-06-01 09:39:17,11889.0,47495
2021-06-01 09:39:17,11889.0,47495
2021-06-01 09:39:19,11889.4,47523
2021-06-01 09:39:20,11884.95,47528
2021-06-01 09:39:22,11884.95,47573
2021-06-01 09:39:22,11883.1,47577
2021-06-01 09:39:23,11888.85,47605
2021-06-01 09:39:24,11888.85,47605
2021-06-01 09:39:25,11883.0,47630
2021-06-01 09:39:26,11883.0,47630
2021-06-01 09:39:27,11883.0,47630
2021-06-01 09:39:28,11883.0,47630
2021-06-01 09:39:29,11883.0,47630
2021-06-01 09:39:30,11883.0,47630
2021-06-01 09:39:31,11883.0,47630
2021-06-01 09:39:32,11888.0,47635
2021-06-01 09:39:33,11888.0,47635
2021-06-01 09:39:34,11888.0,47635
2021-06-01 09:39:35,11888.0,47635
2021-06-01 09:39:37,11888.0,47636
2021-06-01 09:39:38,11888.0,47638
2021-06-01 09:39:38,11888.0,47638
2021-06-01 09:39:40,11884.0,47640
2021-06-01 09:39:40,11884.0,47650
2021-06-01 09:39:41,11887.4,47659
2021-06-01 09:39:43,11888.0,47721
2021-06-01 09:39:42,11888.0,47721
2021-06-01 09:39:44,11884.0,47846
2021-06-01 09:39:47,11886.6,47991
2021-06-01 09:39:49,11863.6,49123
2021-06-01 09:39:49,11863.6,49123
2021-06-01 09:39:50,11860.5,49206
2021-06-01 09:39:51,11860.5,49206
2021-06-01 09:39:53,11860.5,49206
2021-06-01 09:39:54,11856.0,49439
2021-06-01 09:39:54,11855.95,49429
2021-06-01 09:39:56,11858.35,49469
2021-06-01 09:39:57,11858.35,49469
2021-06-01 09:39:58,11856.05,49493
2021-06-01 09:39:59,11856.05,49493
2021-06-01 09:40:00,11856.95,49552
2021-06-01 09:40:01,11858.55,49567
2021-06-01 09:40:02,11854.95,49592
2021-06-01 09:40:04,11850.4,49773
2021-06-01 09:40:05,11853.65,49837
2021-06-01 09:40:06,11855.55,49873
2021-06-01 09:40:07,11859.9,49874
2021-06-01 09:40:09,11859.9,49874
2021-06-01 09:40:10,11859.9,49874
2021-06-01 09:40:11,11859.9,49874
2021-06-01 09:40:11,11860.55,49994
2021-06-01 09:40:12,11854.4,49999
2021-06-01 09:40:14,11855.55,50000
2021-06-01 09:40:15,11853.0,50013
2021-06-01 09:40:16,11853.0,50029
2021-06-01 09:40:18,11855.9,50041
2021-06-01 09:40:19,11856.6,50067
2021-06-01 09:40:19,11856.6,50067
2021-06-01 09:40:20,11853.0,50079
2021-06-01 09:40:21,11851.0,50084
2021-06-01 09:40:22,11851.0,50084
2021-06-01 09:40:23,11843.0,50092
2021-06-01 09:40:25,11843.0,50095
2021-06-01 09:40:25,11843.0,50106
2021-06-01 09:40:26,11849.95,50114
2021-06-01 09:40:27,11850.0,50119
2021-06-01 09:40:28,11850.0,50120
2021-06-01 09:40:30,11850.0,50132
2021-06-01 09:40:30,11850.0,50132
2021-06-01 09:40:31,11853.15,50145
2021-06-01 09:40:32,11853.15,50145
2021-06-01 09:40:33,11851.0,50256
2021-06-01 09:40:34,11851.0,50257
2021-06-01 09:40:35,11853.2,50307
2021-06-01 09:40:36,11850.0,50325
2021-06-01 09:40:37,11853.15,50330
2021-06-01 09:40:38,11853.15,50330
2021-06-01 09:40:40,11853.15,50330
2021-06-01 09:40:41,11850.1,50334
2021-06-01 09:40:42,11850.1,50335
2021-06-01 09:40:43,11850.1,50335
2021-06-01 09:40:45,11853.0,50345
2021-06-01 09:40:46,11853.0,50345
2021-06-01 09:40:47,11853.0,50345
2021-06-01 09:40:47,11854.8,50355
2021-06-01 09:40:48,11850.1,50356
2021-06-01 09:40:50,11855.2,50357
2021-06-01 09:40:52,11850.1,50545
2021-06-01 09:40:54,11842.8,50695
2021-06-01 09:40:55,11842.6,50703
2021-06-01 09:40:56,11842.6,50703
2021-06-01 09:40:57,11848.95,50718
2021-06-01 09:40:58,11848.95,50718
2021-06-01 09:40:58,11848.95,50718
2021-06-01 09:40:59,11848.95,50718
2021-06-01 09:41:00,11848.95,50718
2021-06-01 09:41:01,11848.95,50718
2021-06-01 09:41:02,11848.95,50718
2021-06-01 09:41:03,11848.95,50719
2021-06-01 09:41:04,11848.95,50731
2021-06-01 09:41:05,11848.95,50731
2021-06-01 09:41:06,11843.05,50743
2021-06-01 09:41:07,11843.05,50744
2021-06-01 09:41:08,11843.05,50744
2021-06-01 09:41:09,11847.85,50745
2021-06-01 09:41:11,11843.05,50755
2021-06-01 09:41:12,11847.9,50759
2021-06-01 09:41:12,11847.9,50759
2021-06-01 09:41:13,11847.9,50759
2021-06-01 09:41:14,11847.9,50759
2021-06-01 09:41:15,11847.85,50760
2021-06-01 09:41:16,11847.9,50765
2021-06-01 09:41:17,11847.9,50765
2021-06-01 09:41:19,11847.9,50765
2021-06-01 09:41:20,11848.3,50766
2021-06-01 09:41:21,11848.0,50773
2021-06-01 09:41:22,11848.0,50773
2021-06-01 09:41:23,11848.0,50773
2021-06-01 09:41:24,11848.0,50773
2021-06-01 09:41:25,11848.0,50773
2021-06-01 09:41:26,11848.15,50784
2021-06-01 09:41:27,11848.15,50785
2021-06-01 09:41:28,11845.0,50805
2021-06-01 09:41:29,11843.8,50984
2021-06-01 09:41:31,11843.8,50984
2021-06-01 09:41:31,11842.0,51004
2021-06-01 09:41:32,11840.05,51052
2021-06-01 09:41:34,11840.1,51079
2021-06-01 09:41:34,11840.1,51079
2021-06-01 09:41:35,11840.1,51079
2021-06-01 09:41:36,11840.1,51079
2021-06-01 09:41:38,11840.1,51086
2021-06-01 09:41:39,11840.1,51086
2021-06-01 09:41:39,11840.1,51086
2021-06-01 09:41:40,11840.1,51086
2021-06-01 09:41:41,11840.1,51086
2021-06-01 09:41:42,11841.0,51089
2021-06-01 09:41:44,11841.0,51094
2021-06-01 09:41:45,11841.0,51094
2021-06-01 09:41:47,11841.0,51110
2021-06-01 09:41:48,11841.0,51110
2021-06-01 09:41:49,11839.8,51348
2021-06-01 09:41:50,11835.0,51708
2021-06-01 09:41:51,11835.0,51708
2021-06-01 09:41:52,11834.0,51709
2021-06-01 09:41:53,11836.4,51729
2021-06-01 09:41:54,11832.0,51759
2021-06-01 09:41:55,11827.9,52646
2021-06-01 09:41:56,11827.9,52646
2021-06-01 09:41:57,11827.9,52646
2021-06-01 09:41:59,11821.0,52647
2021-06-01 09:41:59,11820.7,52778
2021-06-01 09:42:01,11820.7,52783
2021-06-01 09:42:02,11820.7,52784
2021-06-01 09:42:03,11821.0,52799
2021-06-01 09:42:04,11821.0,52799
2021-06-01 09:42:05,11821.0,52799
2021-06-01 09:42:06,11825.2,52870
2021-06-01 09:42:08,11820.7,52893
2021-06-01 09:42:08,11820.7,52898
2021-06-01 09:42:10,11820.7,52898
2021-06-01 09:42:11,11820.7,52898
2021-06-01 09:42:11,11820.7,52898
2021-06-01 09:42:12,11820.8,52906
2021-06-01 09:42:13,11820.8,52907
2021-06-01 09:42:14,11820.8,52907
2021-06-01 09:42:15,11820.8,52907
2021-06-01 09:42:16,11820.8,53009
2021-06-01 09:42:17,11820.8,53009
2021-06-01 09:42:18,11821.0,53014
2021-06-01 09:42:19,11820.0,53166
2021-06-01 09:42:21,11820.0,53211
2021-06-01 09:42:21,11820.0,53213
2021-06-01 09:42:22,11820.0,53214
2021-06-01 09:42:23,11815.0,53219
2021-06-01 09:42:24,11815.0,53280
2021-06-01 09:42:25,11815.0,53280
2021-06-01 09:42:26,11820.65,53285
2021-06-01 09:42:27,11820.65,53286
2021-06-01 09:42:28,11820.65,53286
2021-06-01 09:42:30,11820.65,53286
2021-06-01 09:42:31,11815.0,53288
2021-06-01 09:42:32,11820.5,53296
2021-06-01 09:42:34,11812.95,53354
2021-06-01 09:42:35,11815.0,53366
2021-06-01 09:42:36,11819.55,53387
2021-06-01 09:42:37,11819.55,53387
2021-06-01 09:42:38,11815.0,53407
2021-06-01 09:42:39,11820.4,53408
2021-06-01 09:42:40,11820.4,53408
2021-06-01 09:42:42,11820.4,53408
2021-06-01 09:42:43,11820.4,53408
2021-06-01 09:42:44,11820.0,53539
2021-06-01 09:42:45,11820.0,53590
2021-06-01 09:42:46,11820.0,53595
2021-06-01 09:42:47,11820.0,53595
2021-06-01 09:42:48,11820.0,53681
2021-06-01 09:42:49,11820.15,53693
2021-06-01 09:42:50,11827.5,53772
2021-06-01 09:42:51,11827.5,53772
2021-06-01 09:42:52,11827.5,53772
2021-06-01 09:42:53,11823.0,53775
2021-06-01 09:42:54,11823.0,53775
2021-06-01 09:42:55,11823.0,53775
2021-06-01 09:42:56,11830.7,53779
2021-06-01 09:42:57,11830.9,53809
2021-06-01 09:42:58,11830.9,53809
2021-06-01 09:42:59,11830.9,53810
2021-06-01 09:43:00,11830.9,53810
2021-06-01 09:43:01,11830.9,53810
2021-06-01 09:43:03,11830.9,53810
2021-06-01 09:43:04,11825.5,53816
2021-06-01 09:43:05,11820.4,53916
2021-06-01 09:43:06,11826.8,54016
2021-06-01 09:43:07,11825.95,54020
2021-06-01 09:43:08,11826.75,54046
2021-06-01 09:43:09,11826.75,54046
2021-06-01 09:43:10,11826.75,54046
2021-06-01 09:43:11,11826.75,54046
2021-06-01 09:43:12,11826.75,54046
2021-06-01 09:43:13,11825.5,54080
2021-06-01 09:43:15,11825.0,54082
2021-06-01 09:43:14,11825.0,54082
2021-06-01 09:43:16,11825.0,54082
2021-06-01 09:43:17,11825.0,54082
2021-06-01 09:43:18,11825.0,54082
2021-06-01 09:43:19,11825.0,54082
2021-06-01 09:43:20,11825.0,54110
2021-06-01 09:43:22,11825.5,54118
2021-06-01 09:43:23,11825.0,54128
2021-06-01 09:43:23,11825.0,54128
2021-06-01 09:43:24,11825.0,54128
2021-06-01 09:43:25,11825.0,54128
2021-06-01 09:43:26,11825.0,54128
2021-06-01 09:43:27,11825.0,54130
2021-06-01 09:43:28,11825.0,54130
2021-06-01 09:43:29,11820.65,54133
2021-06-01 09:43:30,11825.5,54138
2021-06-01 09:43:31,11820.65,54190
2021-06-01 09:43:32,11820.65,54190
2021-06-01 09:43:33,11820.65,54190
2021-06-01 09:43:34,11826.4,54215
2021-06-01 09:43:35,11825.0,54225
2021-06-01 09:43:36,11825.0,54225
2021-06-01 09:43:37,11825.0,54225
2021-06-01 09:43:38,11825.0,54225
2021-06-01 09:43:39,11826.75,54366
2021-06-01 09:43:40,11826.75,54366
2021-06-01 09:43:41,11826.75,54366
2021-06-01 09:43:42,11826.75,54366
2021-06-01 09:43:44,11825.15,54376
2021-06-01 09:43:44,11825.15,54376
2021-06-01 09:43:45,11825.15,54376
2021-06-01 09:43:46,11825.15,54376
2021-06-01 09:43:47,11825.15,54401
2021-06-01 09:43:48,11826.0,54406
2021-06-01 09:43:49,11826.0,54406
2021-06-01 09:43:50,11830.0,54415
2021-06-01 09:43:51,11830.0,54415
2021-06-01 09:43:52,11830.0,54415
2021-06-01 09:43:53,11831.0,54417
2021-06-01 09:43:54,11831.0,54417
2021-06-01 09:43:55,11820.0,54596
2021-06-01 09:43:57,11820.0,54596
2021-06-01 09:43:58,11827.55,54597
2021-06-01 09:43:59,11827.55,54597
2021-06-01 09:44:00,11827.55,54597
2021-06-01 09:44:01,11827.55,54597
2021-06-01 09:44:02,11826.65,54605
2021-06-01 09:44:03,11826.65,54605
2021-06-01 09:44:04,11826.65,54605
2021-06-01 09:44:05,11826.65,54605
2021-06-01 09:44:06,11826.85,54610
2021-06-01 09:44:07,11826.8,54632
2021-06-01 09:44:08,11830.0,54638
2021-06-01 09:44:10,11827.55,54639
2021-06-01 09:44:10,11826.65,54643
2021-06-01 09:44:11,11826.65,54643
2021-06-01 09:44:13,11826.65,54643
2021-06-01 09:44:14,11826.65,54643
2021-06-01 09:44:14,11826.65,54643
2021-06-01 09:44:15,11826.65,54643
2021-06-01 09:44:16,11826.85,54653
2021-06-01 09:44:17,11830.0,54656
2021-06-01 09:44:18,11830.0,54656
2021-06-01 09:44:19,11830.0,54656
2021-06-01 09:44:20,11832.4,54706
2021-06-01 09:44:21,11832.4,54706
2021-06-01 09:44:23,11832.4,54706
2021-06-01 09:44:23,11829.2,54707
2021-06-01 09:44:24,11828.4,54757
2021-06-01 09:44:25,11828.4,54757
2021-06-01 09:44:26,11829.4,54807
2021-06-01 09:44:28,11826.65,54932
2021-06-01 09:44:29,11826.65,54932
2021-06-01 09:44:30,11826.65,54932
2021-06-01 09:44:31,11826.65,54932
2021-06-01 09:44:32,11826.65,54932
2021-06-01 09:44:33,11827.0,54933
2021-06-01 09:44:33,11827.0,54933
2021-06-01 09:44:34,11827.0,54961
2021-06-01 09:44:35,11827.0,54962
2021-06-01 09:44:36,11827.0,54962
2021-06-01 09:44:37,11827.0,54962
2021-06-01 09:44:38,11832.0,54984
2021-06-01 09:44:39,11832.0,54984
2021-06-01 09:44:40,11832.0,54984
2021-06-01 09:44:41,11827.2,54990
2021-06-01 09:44:43,11827.2,54990
2021-06-01 09:44:44,11827.2,54990
2021-06-01 09:44:45,11832.25,55020
2021-06-01 09:44:45,11832.25,55020
2021-06-01 09:44:46,11832.25,55020
2021-06-01 09:44:47,11827.7,55036
2021-06-01 09:44:48,11827.7,55036
2021-06-01 09:44:49,11827.7,55036
2021-06-01 09:44:50,11832.85,55039
2021-06-01 09:44:51,11832.85,55039
2021-06-01 09:44:53,11827.75,55042
2021-06-01 09:44:54,11827.75,55042
2021-06-01 09:44:55,11827.75,55042
2021-06-01 09:44:56,11836.0,55048
2021-06-01 09:44:57,11832.85,55217
2021-06-01 09:44:58,11832.85,55217
2021-06-01 09:44:58,11832.85,55217
2021-06-01 09:45:00,11828.65,55219
2021-06-01 09:45:02,11828.65,55219
2021-06-01 09:45:03,11828.65,55220
2021-06-01 09:45:03,11828.65,55220
2021-06-01 09:45:04,11828.65,55220
2021-06-01 09:45:06,11832.95,55230
2021-06-01 09:45:07,11832.95,55232
2021-06-01 09:45:08,11832.95,55232
2021-06-01 09:45:09,11832.95,55232
2021-06-01 09:45:10,11832.95,55232
2021-06-01 09:45:11,11832.95,55232
2021-06-01 09:45:12,11825.0,55382
2021-06-01 09:45:12,11825.0,55382
2021-06-01 09:45:13,11825.0,55382
2021-06-01 09:45:14,11825.95,55383
2021-06-01 09:45:15,11825.0,55385
2021-06-01 09:45:16,11825.0,55385
2021-06-01 09:45:18,11811.1,55660
2021-06-01 09:45:19,11811.1,55663
2021-06-01 09:45:20,11811.1,55668
2021-06-01 09:45:20,11811.1,55668
2021-06-01 09:45:21,11815.95,55674
2021-06-01 09:45:23,11817.5,55856
2021-06-01 09:45:24,11817.5,55856
2021-06-01 09:45:25,11817.5,55856
2021-06-01 09:45:26,11817.55,55858
2021-06-01 09:45:27,11817.55,55858
2021-06-01 09:45:28,11811.1,55909
2021-06-01 09:45:28,11811.1,55909
2021-06-01 09:45:29,11815.95,55911
2021-06-01 09:45:30,11815.95,55911
2021-06-01 09:45:32,11815.95,55911
2021-06-01 09:45:32,11815.95,55911
2021-06-01 09:45:34,11815.95,55911
2021-06-01 09:45:35,11800.3,58066
2021-06-01 09:45:36,11797.25,58182
2021-06-01 09:45:37,11797.25,58182
2021-06-01 09:45:38,11797.25,58182
2021-06-01 09:45:39,11804.45,58194
2021-06-01 09:45:40,11800.0,58195
2021-06-01 09:45:41,11800.0,58195
2021-06-01 09:45:41,11800.2,58205
2021-06-01 09:45:42,11800.2,58208
2021-06-01 09:45:43,11800.2,58208
2021-06-01 09:45:46,11803.85,58237
2021-06-01 09:45:47,11803.8,58274
2021-06-01 09:45:48,11796.3,58304
2021-06-01 09:45:49,11796.3,58304
2021-06-01 09:45:50,11804.45,58397
2021-06-01 09:45:51,11804.05,58422
2021-06-01 09:45:52,11804.15,58442
2021-06-01 09:45:53,11807.6,58492
2021-06-01 09:45:54,11807.6,58492
2021-06-01 09:45:55,11807.6,58492
2021-06-01 09:45:56,11803.2,58507
2021-06-01 09:45:56,11801.9,58526
2021-06-01 09:45:57,11801.9,58526
2021-06-01 09:45:59,11801.9,58526
2021-06-01 09:46:00,11799.95,58554
2021-06-01 09:46:01,11796.75,58614
2021-06-01 09:46:02,11798.1,58628
2021-06-01 09:46:03,11798.1,58628
2021-06-01 09:46:04,11795.15,58687
2021-06-01 09:46:05,11795.15,58687
2021-06-01 09:46:06,11795.15,58687
2021-06-01 09:46:07,11795.0,58842
2021-06-01 09:46:08,11795.0,58847
2021-06-01 09:46:10,11794.3,58867
2021-06-01 09:46:11,11794.3,58884
2021-06-01 09:46:12,11790.5,58897
2021-06-01 09:46:13,11796.75,58898
2021-06-01 09:46:14,11798.0,58948
2021-06-01 09:46:15,11798.7,58973
2021-06-01 09:46:16,11797.8,58984
2021-06-01 09:46:17,11797.8,58985
2021-06-01 09:46:18,11797.8,58985
2021-06-01 09:46:19,11794.3,58986
2021-06-01 09:46:19,11794.3,58986
2021-06-01 09:46:21,11794.3,58986
2021-06-01 09:46:22,11797.9,58987
2021-06-01 09:46:23,11797.9,58987
2021-06-01 09:46:24,11797.9,58987
2021-06-01 09:46:25,11797.9,58987
2021-06-01 09:46:26,11797.9,58987
2021-06-01 09:46:27,11797.95,58988
2021-06-01 09:46:28,11797.9,58990
2021-06-01 09:46:29,11795.0,58997
2021-06-01 09:46:30,11797.8,58999
2021-06-01 09:46:31,11795.0,59002
2021-06-01 09:46:32,11795.0,59011
2021-06-01 09:46:33,11795.0,59013
2021-06-01 09:46:34,11797.85,59014
2021-06-01 09:46:35,11795.0,59029
2021-06-01 09:46:36,11795.0,59029
2021-06-01 09:46:37,11797.35,59218
2021-06-01 09:46:38,11795.0,59287
2021-06-01 09:46:39,11795.0,59294
2021-06-01 09:46:40,11797.3,59300
2021-06-01 09:46:41,11790.0,59686
2021-06-01 09:46:41,11790.0,59686
2021-06-01 09:46:42,11789.95,59687
2021-06-01 09:46:44,11790.55,59698
2021-06-01 09:46:45,11790.5,59704
2021-06-01 09:46:46,11790.55,59714
2021-06-01 09:46:47,11786.05,59863
2021-06-01 09:46:48,11785.0,60048
2021-06-01 09:46:49,11789.95,60049
2021-06-01 09:46:50,11781.4,60085
2021-06-01 09:46:51,11781.4,60091
2021-06-01 09:46:52,11781.85,60098
2021-06-01 09:46:53,11788.0,60099
2021-06-01 09:46:54,11781.85,60102
2021-06-01 09:46:55,11781.0,60152
2021-06-01 09:46:55,11781.0,60152
2021-06-01 09:46:57,11781.0,60152
2021-06-01 09:46:58,11781.3,60191
2021-06-01 09:46:59,11785.95,60192
2021-06-01 09:47:00,11782.0,60194
2021-06-01 09:47:00,11782.0,60194
2021-06-01 09:47:02,11782.0,60194
2021-06-01 09:47:03,11785.95,60202
2021-06-01 09:47:04,11782.0,60237
2021-06-01 09:47:05,11782.0,60252
2021-06-01 09:47:06,11785.95,60259
2021-06-01 09:47:07,11785.95,60259
2021-06-01 09:47:08,11785.95,60264
2021-06-01 09:47:08,11785.95,60274
2021-06-01 09:47:09,11785.95,60286
2021-06-01 09:47:10,11783.25,60288
2021-06-01 09:47:12,11785.95,60336
2021-06-01 09:47:13,11785.95,60352
2021-06-01 09:47:14,11789.45,60379
2021-06-01 09:47:15,11786.0,60382
2021-06-01 09:47:16,11795.0,60551
2021-06-01 09:47:17,11795.0,60551
2021-06-01 09:47:18,11795.0,60551
2021-06-01 09:47:19,11789.05,60561
2021-06-01 09:47:20,11786.15,60571
2021-06-01 09:47:22,11786.0,60636
2021-06-01 09:47:22,11790.0,60639
2021-06-01 09:47:24,11790.0,60639
2021-06-01 09:47:24,11790.0,60639
2021-06-01 09:47:26,11790.0,60639
2021-06-01 09:47:27,11790.0,60639
2021-06-01 09:47:28,11790.0,60639
2021-06-01 09:47:29,11790.0,60639
2021-06-01 09:47:30,11790.0,60639
2021-06-01 09:47:31,11790.0,60652
2021-06-01 09:47:32,11790.0,60652
2021-06-01 09:47:33,11786.0,60729
2021-06-01 09:47:34,11785.95,60772
2021-06-01 09:47:35,11786.0,60773
2021-06-01 09:47:36,11785.7,60839
2021-06-01 09:47:37,11785.0,60845
2021-06-01 09:47:38,11785.0,60845
2021-06-01 09:47:38,11785.0,60845
2021-06-01 09:47:40,11785.85,60954
2021-06-01 09:47:41,11782.0,60956
2021-06-01 09:47:42,11782.0,60998
2021-06-01 09:47:43,11785.0,61078
2021-06-01 09:47:44,11781.0,61089
2021-06-01 09:47:45,11785.0,61090
2021-06-01 09:47:46,11772.65,61780
2021-06-01 09:47:47,11772.7,61964
2021-06-01 09:47:47,11772.7,61964
2021-06-01 09:47:48,11772.7,61964
2021-06-01 09:47:49,11773.0,61965
2021-06-01 09:47:50,11775.0,61973
2021-06-01 09:47:52,11777.15,61980
2021-06-01 09:47:53,11775.0,61996
2021-06-01 09:47:54,11778.9,61997
2021-06-01 09:47:55,11777.0,62017
2021-06-01 09:47:56,11777.0,62017
2021-06-01 09:47:57,11773.3,62019
2021-06-01 09:47:58,11777.0,62021
2021-06-01 09:47:59,11778.75,62124
2021-06-01 09:48:00,11773.3,62125
2021-06-01 09:48:01,11773.3,62125
2021-06-01 09:48:02,11773.3,62125
2021-06-01 09:48:04,11773.5,62142
2021-06-01 09:48:03,11778.3,62132
2021-06-01 09:48:05,11773.5,62142
2021-06-01 09:48:06,11773.3,62188
2021-06-01 09:48:07,11773.3,62202
2021-06-01 09:48:08,11773.3,62202
2021-06-01 09:48:09,11778.0,62225
2021-06-01 09:48:10,11778.0,62225
2021-06-01 09:48:11,11776.65,62226
2021-06-01 09:48:12,11779.0,62246
2021-06-01 09:48:13,11779.95,62255
2021-06-01 09:48:14,11780.0,62306
2021-06-01 09:48:15,11780.0,62306
2021-06-01 09:48:16,11780.4,62574
2021-06-01 09:48:17,11780.4,62574
2021-06-01 09:48:18,11780.4,62574
2021-06-01 09:48:19,11780.4,62574
2021-06-01 09:48:20,11785.85,62575
2021-06-01 09:48:21,11785.0,62675
2021-06-01 09:48:22,11785.0,62675
2021-06-01 09:48:23,11780.2,62676
2021-06-01 09:48:24,11780.2,62676
2021-06-01 09:48:25,11780.2,62676
2021-06-01 09:48:26,11780.2,62676
2021-06-01 09:48:27,11786.0,62727
2021-06-01 09:48:28,11786.0,62727
2021-06-01 09:48:29,11789.55,62732
2021-06-01 09:48:30,11782.55,62735
2021-06-01 09:48:31,11782.55,62735
2021-06-01 09:48:32,11785.0,62736
2021-06-01 09:48:33,11782.3,62748
2021-06-01 09:48:34,11784.95,62750
2021-06-01 09:48:35,11784.95,62750
2021-06-01 09:48:36,11784.95,62750
2021-06-01 09:48:37,11784.95,62752
2021-06-01 09:48:38,11784.95,62752
2021-06-01 09:48:39,11782.3,62963
2021-06-01 09:48:40,11782.3,62981
2021-06-01 09:48:41,11780.0,62984
2021-06-01 09:48:43,11783.35,62985
2021-06-01 09:48:42,11783.35,62985
2021-06-01 09:48:44,11783.35,62985
2021-06-01 09:48:45,11782.9,62986
2021-06-01 09:48:46,11782.9,62986
2021-06-01 09:48:47,11783.45,63002
2021-06-01 09:48:48,11783.45,63002
2021-06-01 09:48:49,11783.6,63052
2021-06-01 09:48:50,11780.05,63073
2021-06-01 09:48:51,11784.0,63077
2021-06-01 09:48:52,11784.0,63093
2021-06-01 09:48:53,11784.0,63093
2021-06-01 09:48:54,11780.05,63108
2021-06-01 09:48:55,11784.95,63110
2021-06-01 09:48:56,11784.95,63110
2021-06-01 09:48:57,11784.0,63114
2021-06-01 09:48:58,11784.0,63114
2021-06-01 09:48:59,11784.0,63114
2021-06-01 09:49:00,11784.0,63114
2021-06-01 09:49:01,11784.0,63114
2021-06-01 09:49:02,11784.0,63114
2021-06-01 09:49:03,11784.0,63124
2021-06-01 09:49:04,11783.9,63136
2021-06-01 09:49:05,11783.9,63148
2021-06-01 09:49:06,11780.05,63154
2021-06-01 09:49:07,11780.05,63154
2021-06-01 09:49:09,11780.05,63154
2021-06-01 09:49:08,11780.05,63154
2021-06-01 09:49:10,11784.0,63155
2021-06-01 09:49:11,11784.0,63157
2021-06-01 09:49:13,11784.0,63158
2021-06-01 09:49:14,11784.0,63158
2021-06-01 09:49:15,11784.0,63158
2021-06-01 09:49:16,11784.0,63158
2021-06-01 09:49:17,11784.0,63159
2021-06-01 09:49:18,11780.5,63196
2021-06-01 09:49:19,11780.5,63198
2021-06-01 09:49:20,11784.0,63201
2021-06-01 09:49:21,11784.0,63207
2021-06-01 09:49:22,11784.0,63207
2021-06-01 09:49:23,11784.0,63207
2021-06-01 09:49:24,11784.0,63207
2021-06-01 09:49:25,11784.0,63207
2021-06-01 09:49:26,11784.0,63207
2021-06-01 09:49:27,11784.0,63213
2021-06-01 09:49:28,11784.0,63213
2021-06-01 09:49:29,11784.0,63213
2021-06-01 09:49:30,11780.5,63214
2021-06-01 09:49:31,11784.0,63215
2021-06-01 09:49:32,11784.0,63215
2021-06-01 09:49:33,11784.0,63220
2021-06-01 09:49:34,11784.0,63220
2021-06-01 09:49:35,11784.0,63221
2021-06-01 09:49:36,11780.0,63274
2021-06-01 09:49:37,11780.0,63274
2021-06-01 09:49:38,11780.0,63274
2021-06-01 09:49:39,11784.0,63281
2021-06-01 09:49:40,11784.0,63281
2021-06-01 09:49:41,11784.0,63285
2021-06-01 09:49:42,11780.5,63295
2021-06-01 09:49:43,11780.5,63295
2021-06-01 09:49:44,11784.0,63298
2021-06-01 09:49:46,11784.0,63303
2021-06-01 09:49:47,11784.0,63304
2021-06-01 09:49:48,11784.0,63304
2021-06-01 09:49:49,11780.5,63313
2021-06-01 09:49:50,11780.5,63313
2021-06-01 09:49:51,11780.5,63313
2021-06-01 09:49:52,11780.5,63313
2021-06-01 09:49:53,11784.0,63314
2021-06-01 09:49:54,11780.55,63316
2021-06-01 09:49:55,11780.55,63316
2021-06-01 09:49:56,11780.55,63418
2021-06-01 09:49:57,11780.55,63418
2021-06-01 09:49:59,11780.55,63418
2021-06-01 09:50:00,11784.0,63419
2021-06-01 09:50:01,11784.0,63430
2021-06-01 09:50:02,11784.0,63430
2021-06-01 09:50:04,11783.0,63431
2021-06-01 09:50:04,11783.0,63431
2021-06-01 09:50:05,11780.85,63471
2021-06-01 09:50:06,11770.0,64013
2021-06-01 09:50:07,11773.35,64124
2021-06-01 09:50:08,11770.0,64143
2021-06-01 09:50:09,11770.0,64143
2021-06-01 09:50:10,11774.0,64264
2021-06-01 09:50:11,11774.0,64264
2021-06-01 09:50:12,11774.0,64264
2021-06-01 09:50:13,11766.25,64282
2021-06-01 09:50:15,11772.4,64285
2021-06-01 09:50:15,11772.4,64286
2021-06-01 09:50:16,11773.65,64287
2021-06-01 09:50:17,11773.65,64288
2021-06-01 09:50:18,11773.65,64289
2021-06-01 09:50:19,11767.6,64305
2021-06-01 09:50:21,11767.6,64305
2021-06-01 09:50:21,11767.6,64305
2021-06-01 09:50:23,11770.0,64366
2021-06-01 09:50:23,11773.6,64376
2021-06-01 09:50:24,11776.35,64477
2021-06-01 09:50:25,11776.35,64477
2021-06-01 09:50:26,11770.0,64485
2021-06-01 09:50:27,11770.0,64504
2021-06-01 09:50:28,11770.0,64504
2021-06-01 09:50:29,11766.3,64514
2021-06-01 09:50:30,11766.3,64514
2021-06-01 09:50:32,11766.3,64514
2021-06-01 09:50:33,11766.95,64524
2021-06-01 09:50:34,11766.95,64524
2021-06-01 09:50:34,11766.95,64524
2021-06-01 09:50:36,11766.95,64524
2021-06-01 09:50:37,11767.6,64525
2021-06-01 09:50:38,11767.6,64525
2021-06-01 09:50:39,11767.6,64525
2021-06-01 09:50:40,11767.6,64604
2021-06-01 09:50:42,11769.8,64605
2021-06-01 09:50:42,11766.0,64787
2021-06-01 09:50:43,11769.35,64802
2021-06-01 09:50:44,11769.35,64802
2021-06-01 09:50:45,11769.35,64802
2021-06-01 09:50:46,11766.0,64910
2021-06-01 09:50:48,11769.25,64930
2021-06-01 09:50:49,11767.0,64963
2021-06-01 09:50:50,11769.35,65063
2021-06-01 09:50:50,11769.35,65063
2021-06-01 09:50:51,11761.2,65164
2021-06-01 09:50:52,11765.45,65195
2021-06-01 09:50:53,11761.1,65199
2021-06-01 09:50:54,11765.35,65211
2021-06-01 09:50:55,11760.0,65459
2021-06-01 09:50:56,11760.0,65459
2021-06-01 09:50:58,11761.2,65534
2021-06-01 09:50:58,11756.05,65548
2021-06-01 09:50:59,11760.0,65550
2021-06-01 09:51:01,11759.95,65552
2021-06-01 09:51:02,11760.0,65558
2021-06-01 09:51:03,11760.0,65558
2021-06-01 09:51:04,11756.15,65646
2021-06-01 09:51:05,11760.0,65647
2021-06-01 09:51:06,11755.6,65684
2021-06-01 09:51:06,11755.6,65684
2021-06-01 09:51:08,11760.0,65793
2021-06-01 09:51:09,11760.0,65805
2021-06-01 09:51:11,11756.0,65855
2021-06-01 09:51:12,11759.95,65859
2021-06-01 09:51:13,11759.95,65859
2021-06-01 09:51:14,11759.95,65859
2021-06-01 09:51:15,11759.95,65859
2021-06-01 09:51:16,11760.0,65864
2021-06-01 09:51:17,11760.0,65921
2021-06-01 09:51:18,11760.0,65922
2021-06-01 09:51:19,11760.0,65929
2021-06-01 09:51:20,11760.0,65930
2021-06-01 09:51:21,11756.0,65939
2021-06-01 09:51:22,11756.0,65989
2021-06-01 09:51:23,11755.0,66015
2021-06-01 09:51:24,11752.1,66016
2021-06-01 09:51:25,11755.0,66043
2021-06-01 09:51:26,11755.0,66043
2021-06-01 09:51:27,11750.85,66156
2021-06-01 09:51:28,11756.45,66166
2021-06-01 09:51:29,11750.0,66411
2021-06-01 09:51:31,11750.0,66411
2021-06-01 09:51:31,11750.0,66411
2021-06-01 09:51:33,11752.1,66425
2021-06-01 09:51:34,11752.1,66425
2021-06-01 09:51:35,11752.1,66425
2021-06-01 09:51:36,11750.0,66488
2021-06-01 09:51:37,11752.75,66658
2021-06-01 09:51:38,11751.0,66659
2021-06-01 09:51:40,11748.95,66720
2021-06-01 09:51:41,11743.6,66803
2021-06-01 09:51:42,11746.0,66805
2021-06-01 09:51:43,11748.3,66807
2021-06-01 09:51:44,11749.15,66925
2021-06-01 09:51:45,11742.05,67057
2021-06-01 09:51:46,11742.05,67068
2021-06-01 09:51:47,11746.75,67137
2021-06-01 09:51:48,11747.95,67139
2021-06-01 09:51:49,11741.4,67141
2021-06-01 09:51:50,11746.0,67153
2021-06-01 09:51:51,11745.0,67223
2021-06-01 09:51:52,11746.75,67334
2021-06-01 09:51:53,11746.75,67334
2021-06-01 09:51:54,11750.0,67361
2021-06-01 09:51:55,11746.35,67435
2021-06-01 09:51:56,11755.0,67442
2021-06-01 09:51:57,11748.15,67451
2021-06-01 09:51:59,11754.95,67499
2021-06-01 09:52:00,11753.85,67503
2021-06-01 09:52:00,11753.85,67503
2021-06-01 09:52:01,11754.8,67538
2021-06-01 09:52:02,11746.9,67665
2021-06-01 09:52:03,11747.6,67703
2021-06-01 09:52:04,11745.0,67706
2021-06-01 09:52:05,11749.55,67721
2021-06-01 09:52:06,11755.8,67732
2021-06-01 09:52:07,11755.55,67741
2021-06-01 09:52:09,11750.0,67748
2021-06-01 09:52:11,11753.75,67759
2021-06-01 09:52:12,11753.45,67764
2021-06-01 09:52:13,11753.35,67816
2021-06-01 09:52:14,11753.55,67826
2021-06-01 09:52:14,11753.55,67826
2021-06-01 09:52:15,11754.0,67832
2021-06-01 09:52:16,11754.0,67833
2021-06-01 09:52:18,11754.65,67840
2021-06-01 09:52:19,11755.0,67841
2021-06-01 09:52:19,11755.0,67846
2021-06-01 09:52:20,11755.0,67852
2021-06-01 09:52:21,11758.5,67872
2021-06-01 09:52:22,11760.0,67874
2021-06-01 09:52:23,11763.6,67893
2021-06-01 09:52:25,11762.35,67950
2021-06-01 09:52:26,11762.35,67952
2021-06-01 09:52:27,11762.35,67952
2021-06-01 09:52:29,11762.95,67955
2021-06-01 09:52:30,11760.0,67992
2021-06-01 09:52:31,11760.0,67992
2021-06-01 09:52:32,11760.0,67992
2021-06-01 09:52:33,11760.0,67992
2021-06-01 09:52:33,11760.0,67992
2021-06-01 09:52:34,11762.0,67997
2021-06-01 09:52:35,11762.0,68000
2021-06-01 09:52:36,11756.85,68129
2021-06-01 09:52:37,11753.65,68186
2021-06-01 09:52:38,11757.85,68248
2021-06-01 09:52:39,11757.85,68248
2021-06-01 09:52:40,11757.85,68248
2021-06-01 09:52:41,11756.3,68252
2021-06-01 09:52:42,11755.85,68263
2021-06-01 09:52:43,11755.85,68269
2021-06-01 09:52:44,11755.8,68276
2021-06-01 09:52:45,11755.8,68276
2021-06-01 09:52:46,11755.8,68276
2021-06-01 09:52:47,11755.45,68277
2021-06-01 09:52:48,11755.45,68278
2021-06-01 09:52:49,11755.4,68279
2021-06-01 09:52:52,11751.25,68296
2021-06-01 09:52:53,11755.6,68298
2021-06-01 09:52:54,11755.6,68300
2021-06-01 09:52:55,11752.0,68322
2021-06-01 09:52:56,11755.6,68333
2021-06-01 09:52:56,11755.6,68333
2021-06-01 09:52:57,11756.95,68345
2021-06-01 09:52:59,11756.9,68347
2021-06-01 09:53:00,11755.0,68349
2021-06-01 09:53:01,11755.0,68349
2021-06-01 09:53:03,11755.0,68358
2021-06-01 09:53:04,11754.0,68369
2021-06-01 09:53:05,11754.0,68369
2021-06-01 09:53:06,11756.1,68511
2021-06-01 09:53:07,11756.1,68511
2021-06-01 09:53:07,11756.1,68511
2021-06-01 09:53:08,11755.0,68516
2021-06-01 09:53:09,11755.0,68516
2021-06-01 09:53:10,11755.0,68516
2021-06-01 09:53:11,11755.0,68516
2021-06-01 09:53:12,11755.0,68517
2021-06-01 09:53:13,11755.0,68517
2021-06-01 09:53:14,11757.0,68555
2021-06-01 09:53:16,11753.0,68565
2021-06-01 09:53:17,11755.0,68596
2021-06-01 09:53:17,11755.0,68596
2021-06-01 09:53:18,11755.0,68596
2021-06-01 09:53:19,11750.0,68723
2021-06-01 09:53:20,11750.7,68934
2021-06-01 09:53:21,11750.7,68934
2021-06-01 09:53:22,11754.75,68970
2021-06-01 09:53:23,11746.45,69223
2021-06-01 09:53:25,11740.55,69348
2021-06-01 09:53:27,11740.75,69384
2021-06-01 09:53:28,11745.2,69406
2021-06-01 09:53:29,11745.2,69406
2021-06-01 09:53:30,11746.3,69407
2021-06-01 09:53:31,11740.0,69500
2021-06-01 09:53:32,11745.05,69530
2021-06-01 09:53:33,11741.0,69545
2021-06-01 09:53:33,11741.0,69545
2021-06-01 09:53:34,11745.0,69550
2021-06-01 09:53:35,11745.0,69552
2021-06-01 09:53:36,11746.0,69605
2021-06-01 09:53:37,11747.6,69635
2021-06-01 09:53:38,11747.6,69640
2021-06-01 09:53:39,11747.6,69640
2021-06-01 09:53:40,11746.0,69642
2021-06-01 09:53:42,11747.0,69662
2021-06-01 09:53:43,11745.05,69762
2021-06-01 09:53:44,11745.05,69762
2021-06-01 09:53:45,11745.05,69762
2021-06-01 09:53:45,11745.05,69762
2021-06-01 09:53:46,11746.35,69768
2021-06-01 09:53:47,11745.1,69788
2021-06-01 09:53:49,11745.1,69788
2021-06-01 09:53:50,11745.1,69788
2021-06-01 09:53:51,11746.35,69789
2021-06-01 09:53:52,11745.05,69805
2021-06-01 09:53:53,11749.1,69810
2021-06-01 09:53:54,11749.1,69810
2021-06-01 09:53:55,11749.1,69810
2021-06-01 09:53:56,11745.05,69821
2021-06-01 09:53:57,11749.2,69823
2021-06-01 09:53:57,11745.1,69828
2021-06-01 09:53:58,11749.2,69830
2021-06-01 09:54:00,11749.2,69830
2021-06-01 09:54:01,11750.3,69846
2021-06-01 09:54:02,11745.85,69847
2021-06-01 09:54:03,11745.05,69992
2021-06-01 09:54:04,11749.75,69999
2021-06-01 09:54:05,11749.7,70011
2021-06-01 09:54:06,11750.0,70013
2021-06-01 09:54:07,11750.0,70013
2021-06-01 09:54:10,11740.05,70149
2021-06-01 09:54:11,11748.95,70200
2021-06-01 09:54:12,11748.95,70200
2021-06-01 09:54:12,11748.95,70200
2021-06-01 09:54:13,11747.6,70230
2021-06-01 09:54:14,11747.6,70230
2021-06-01 09:54:15,11747.6,70230
2021-06-01 09:54:16,11747.6,70230
2021-06-01 09:54:18,11742.15,70400
2021-06-01 09:54:19,11742.15,70403
2021-06-01 09:54:20,11744.95,70418
2021-06-01 09:54:21,11744.95,70418
2021-06-01 09:54:21,11744.95,70418
2021-06-01 09:54:22,11744.95,70418
2021-06-01 09:54:24,11740.05,70420
2021-06-01 09:54:25,11745.8,70430
2021-06-01 09:54:26,11740.0,70483
2021-06-01 09:54:26,11740.0,70483
2021-06-01 09:54:27,11740.0,70483
2021-06-01 09:54:29,11741.0,70501
2021-06-01 09:54:30,11738.45,70529
2021-06-01 09:54:31,11738.45,70529
2021-06-01 09:54:33,11734.0,70574
2021-06-01 09:54:34,11734.8,70577
2021-06-01 09:54:35,11734.75,70588
2021-06-01 09:54:36,11734.3,70624
2021-06-01 09:54:37,11734.3,70624
2021-06-01 09:54:38,11730.0,70634
2021-06-01 09:54:39,11733.65,70635
2021-06-01 09:54:40,11730.0,70644
2021-06-01 09:54:41,11725.1,70646
2021-06-01 09:54:42,11720.0,70720
2021-06-01 09:54:42,11720.0,70720
2021-06-01 09:54:45,11721.3,70909
2021-06-01 09:54:46,11715.25,70919
2021-06-01 09:54:47,11720.85,70930
2021-06-01 09:54:47,11717.7,71082
2021-06-01 09:54:48,11717.7,71082
2021-06-01 09:54:49,11717.05,71180
2021-06-01 09:54:51,11717.05,71180
2021-06-01 09:54:52,11719.0,71187
2021-06-01 09:54:53,11725.1,71191
2021-06-01 09:54:53,11725.1,71196
2021-06-01 09:54:54,11718.15,71200
2021-06-01 09:54:56,11724.95,71202
2021-06-01 09:54:57,11723.95,71244
2021-06-01 09:54:58,11721.8,71253
2021-06-01 09:54:59,11725.1,71260
2021-06-01 09:55:00,11724.95,71271
2021-06-01 09:55:01,11725.05,71282
2021-06-01 09:55:01,11725.05,71282
2021-06-01 09:55:02,11724.95,71309
2021-06-01 09:55:04,11728.6,71315
2021-06-01 09:55:05,11722.05,71320
2021-06-01 09:55:06,11725.0,71354
2021-06-01 09:55:07,11721.9,71370
2021-06-01 09:55:08,11725.0,71375
2021-06-01 09:55:09,11721.9,71385
2021-06-01 09:55:10,11723.3,71502
2021-06-01 09:55:11,11723.0,71528
2021-06-01 09:55:12,11723.2,71538
2021-06-01 09:55:13,11723.2,71567
2021-06-01 09:55:14,11723.2,71567
2021-06-01 09:55:15,11728.2,71582
2021-06-01 09:55:16,11732.9,71585
2021-06-01 09:55:16,11732.9,71585
2021-06-01 09:55:17,11725.0,71659
2021-06-01 09:55:18,11721.85,71667
2021-06-01 09:55:19,11725.0,71672
2021-06-01 09:55:20,11725.0,71676
2021-06-01 09:55:21,11725.0,71708
2021-06-01 09:55:23,11725.0,71708
2021-06-01 09:55:24,11728.0,71728
2021-06-01 09:55:25,11722.65,71734
2021-06-01 09:55:26,11722.7,71744
2021-06-01 09:55:27,11722.95,71750
2021-06-01 09:55:28,11728.0,71790
2021-06-01 09:55:29,11728.0,71791
2021-06-01 09:55:30,11725.0,71792
2021-06-01 09:55:31,11728.85,71909
2021-06-01 09:55:32,11728.85,71909
2021-06-01 09:55:33,11728.85,71909
2021-06-01 09:55:33,11728.85,71909
2021-06-01 09:55:34,11732.2,71911
2021-06-01 09:55:35,11732.2,71913
2021-06-01 09:55:37,11732.2,71915
2021-06-01 09:55:38,11728.85,71930
2021-06-01 09:55:39,11732.2,71932
2021-06-01 09:55:40,11728.9,72002
2021-06-01 09:55:40,11728.85,72029
2021-06-01 09:55:41,11728.85,72029
2021-06-01 09:55:42,11730.0,72030
2021-06-01 09:55:43,11730.0,72030
2021-06-01 09:55:45,11732.0,72072
2021-06-01 09:55:46,11732.0,72072
2021-06-01 09:55:47,11732.0,72073
2021-06-01 09:55:48,11732.0,72073
2021-06-01 09:55:48,11732.0,72074
2021-06-01 09:55:49,11732.0,72077
2021-06-01 09:55:51,11728.85,72120
2021-06-01 09:55:52,11728.85,72120
2021-06-01 09:55:54,11728.85,72120
2021-06-01 09:55:55,11735.35,72133
2021-06-01 09:55:56,11735.35,72133
2021-06-01 09:55:57,11736.5,72135
2021-06-01 09:55:57,11729.15,72137
2021-06-01 09:55:58,11734.8,72139
2021-06-01 09:55:59,11735.0,72141
2021-06-01 09:56:01,11735.0,72167
2021-06-01 09:56:03,11735.0,72172
2021-06-01 09:56:04,11737.95,72184
2021-06-01 09:56:05,11737.95,72196
2021-06-01 09:56:06,11738.55,72230
2021-06-01 09:56:08,11738.55,72232
2021-06-01 09:56:09,11730.9,72234
2021-06-01 09:56:10,11735.0,72239
2021-06-01 09:56:11,11735.0,72239
2021-06-01 09:56:12,11737.9,72242
2021-06-01 09:56:13,11737.9,72242
2021-06-01 09:56:14,11731.15,72259
2021-06-01 09:56:14,11735.9,72260
2021-06-01 09:56:15,11735.9,72261
2021-06-01 09:56:16,11736.7,72271
2021-06-01 09:56:17,11731.85,72282
2021-06-01 09:56:18,11735.85,72287
2021-06-01 09:56:20,11735.9,72295
2021-06-01 09:56:21,11736.8,72304
2021-06-01 09:56:22,11736.8,72304
2021-06-01 09:56:23,11742.15,72311
2021-06-01 09:56:24,11739.95,72325
2021-06-01 09:56:25,11739.95,72325
2021-06-01 09:56:25,11739.95,72325
2021-06-01 09:56:26,11739.95,72325
2021-06-01 09:56:27,11739.95,72325
2021-06-01 09:56:29,11738.25,72347
2021-06-01 09:56:30,11743.95,72348
2021-06-01 09:56:31,11743.95,72348
2021-06-01 09:56:32,11743.95,72348
2021-06-01 09:56:33,11748.3,72387
2021-06-01 09:56:35,11744.4,72398
2021-06-01 09:56:36,11750.0,72511
2021-06-01 09:56:37,11750.0,72511
2021-06-01 09:56:38,11750.0,72511
2021-06-01 09:56:40,11752.25,72513
2021-06-01 09:56:41,11744.45,72529
2021-06-01 09:56:42,11748.0,72541
2021-06-01 09:56:43,11744.45,72591
2021-06-01 09:56:44,11744.45,72592
2021-06-01 09:56:45,11744.45,72592
2021-06-01 09:56:45,11747.85,72593
2021-06-01 09:56:46,11748.15,72603
2021-06-01 09:56:47,11748.15,72603
2021-06-01 09:56:48,11745.05,72643
2021-06-01 09:56:50,11747.0,72645
2021-06-01 09:56:52,11747.0,72646
2021-06-01 09:56:53,11747.0,72646
2021-06-01 09:56:54,11745.0,72681
2021-06-01 09:56:55,11745.0,72681
2021-06-01 09:56:56,11750.0,72682
2021-06-01 09:56:58,11750.0,72707
2021-06-01 09:56:59,11750.0,72707
2021-06-01 09:57:00,11750.0,72707
2021-06-01 09:57:01,11747.0,72757
2021-06-01 09:57:02,11747.0,72757
2021-06-01 09:57:03,11747.0,72855
2021-06-01 09:57:04,11747.0,72855
2021-06-01 09:57:05,11745.0,72886
2021-06-01 09:57:06,11746.0,72887
2021-06-01 09:57:07,11743.3,72888
2021-06-01 09:57:08,11736.85,73038
2021-06-01 09:57:10,11739.3,73043
2021-06-01 09:57:10,11739.3,73043
2021-06-01 09:57:11,11739.3,73043
2021-06-01 09:57:12,11739.3,73043
2021-06-01 09:57:13,11739.05,73044
2021-06-01 09:57:14,11735.0,73047
2021-06-01 09:57:15,11735.0,73047
2021-06-01 09:57:17,11735.0,73047
2021-06-01 09:57:18,11735.0,73069
2021-06-01 09:57:19,11738.7,73090
2021-06-01 09:57:20,11737.8,73105
2021-06-01 09:57:21,11737.8,73105
2021-06-01 09:57:22,11738.85,73106
2021-06-01 09:57:23,11738.85,73107
2021-06-01 09:57:24,11740.0,73172
2021-06-01 09:57:24,11740.0,73172
2021-06-01 09:57:25,11740.0,73172
2021-06-01 09:57:26,11741.1,73199
2021-06-01 09:57:27,11736.85,73205
2021-06-01 09:57:28,11736.85,73211
2021-06-01 09:57:29,11736.85,73211
2021-06-01 09:57:30,11735.8,73247
2021-06-01 09:57:31,11735.8,73247
2021-06-01 09:57:32,11735.0,73287
2021-06-01 09:57:33,11737.55,73293
2021-06-01 09:57:35,11737.55,73293
2021-06-01 09:57:36,11737.55,73293
2021-06-01 09:57:37,11739.45,73294
2021-06-01 09:57:38,11739.45,73294
2021-06-01 09:57:39,11738.4,73313
2021-06-01 09:57:40,11738.4,73315
2021-06-01 09:57:41,11737.4,73325
2021-06-01 09:57:42,11730.0,73521
2021-06-01 09:57:42,11730.0,73521
2021-06-01 09:57:43,11720.0,73646
2021-06-01 09:57:46,11726.5,73665
2021-06-01 09:57:47,11725.6,73802
2021-06-01 09:57:48,11725.0,73948
2021-06-01 09:57:49,11725.0,73948
2021-06-01 09:57:50,11721.3,73958
2021-06-01 09:57:51,11727.85,73959
2021-06-01 09:57:52,11725.0,73969
2021-06-01 09:57:53,11726.65,73979
2021-06-01 09:57:54,11728.35,74037
2021-06-01 09:57:55,11728.35,74037
2021-06-01 09:57:56,11722.45,74042
2021-06-01 09:57:57,11722.45,74042
2021-06-01 09:57:58,11728.35,74053
2021-06-01 09:57:59,11725.0,74068
2021-06-01 09:58:00,11727.75,74098
2021-06-01 09:58:01,11727.75,74098
2021-06-01 09:58:02,11725.0,74106
2021-06-01 09:58:02,11725.0,74106
2021-06-01 09:58:04,11728.0,74113
2021-06-01 09:58:05,11728.0,74149
2021-06-01 09:58:06,11725.0,74157
2021-06-01 09:58:07,11728.0,74203
2021-06-01 09:58:08,11728.0,74203
2021-06-01 09:58:09,11728.35,74214
2021-06-01 09:58:11,11731.85,74249
2021-06-01 09:58:12,11729.05,74266
2021-06-01 09:58:12,11729.05,74266
2021-06-01 09:58:14,11730.4,74273
2021-06-01 09:58:15,11732.7,74287
2021-06-01 09:58:16,11732.7,74287
2021-06-01 09:58:17,11732.45,74299
2021-06-01 09:58:18,11732.45,74299
2021-06-01 09:58:19,11737.6,74301
2021-06-01 09:58:20,11734.7,74306
2021-06-01 09:58:21,11734.7,74360
2021-06-01 09:58:22,11734.7,74362
2021-06-01 09:58:23,11734.7,74362
2021-06-01 09:58:24,11734.7,74364
2021-06-01 09:58:25,11734.7,74378
2021-06-01 09:58:26,11734.7,74482
2021-06-01 09:58:26,11734.7,74482
2021-06-01 09:58:27,11734.7,74482
2021-06-01 09:58:28,11734.7,74482
2021-06-01 09:58:30,11729.2,74616
2021-06-01 09:58:31,11729.2,74616
2021-06-01 09:58:32,11735.35,74626
2021-06-01 09:58:33,11735.35,74626
2021-06-01 09:58:34,11735.35,74626
2021-06-01 09:58:36,11735.35,74626
2021-06-01 09:58:35,11735.35,74626
2021-06-01 09:58:37,11732.0,74627
2021-06-01 09:58:38,11732.0,74627
2021-06-01 09:58:39,11732.0,74627
2021-06-01 09:58:41,11732.0,74627
2021-06-01 09:58:42,11732.0,74627
2021-06-01 09:58:43,11730.0,74628
2021-06-01 09:58:45,11728.25,74642
2021-06-01 09:58:46,11731.7,74654
2021-06-01 09:58:47,11731.7,74654
2021-06-01 09:58:48,11730.0,74658
2021-06-01 09:58:49,11730.0,74658
2021-06-01 09:58:50,11730.0,74658
2021-06-01 09:58:51,11730.0,74658
2021-06-01 09:58:52,11730.0,74658
2021-06-01 09:58:53,11731.0,74663
2021-06-01 09:58:55,11729.6,74701
2021-06-01 09:58:54,11729.0,74698
2021-06-01 09:58:56,11731.0,74722
2021-06-01 09:58:57,11731.0,74722
2021-06-01 09:58:59,11731.0,74722
2021-06-01 09:59:00,11731.0,74723
2021-06-01 09:59:01,11731.0,74723
2021-06-01 09:59:02,11731.0,74723
2021-06-01 09:59:03,11731.0,74733
2021-06-01 09:59:04,11730.0,74734
2021-06-01 09:59:05,11730.0,74748
2021-06-01 09:59:06,11730.0,74748
2021-06-01 09:59:07,11732.0,74798
2021-06-01 09:59:08,11731.0,74826
2021-06-01 09:59:10,11730.0,74838
2021-06-01 09:59:09,11730.0,74838
2021-06-01 09:59:12,11730.0,74840
2021-06-01 09:59:11,11730.0,74840
2021-06-01 09:59:13,11730.0,74840
2021-06-01 09:59:14,11730.0,74840
2021-06-01 09:59:15,11730.0,74876
2021-06-01 09:59:16,11733.9,74880
2021-06-01 09:59:17,11733.9,74881
2021-06-01 09:59:18,11733.9,74881
2021-06-01 09:59:19,11733.9,74891
2021-06-01 09:59:20,11733.9,74891
2021-06-01 09:59:22,11733.9,74897
2021-06-01 09:59:21,11733.9,74891
2021-06-01 09:59:23,11733.9,74897
2021-06-01 09:59:24,11733.9,74907
2021-06-01 09:59:25,11734.6,74914
2021-06-01 09:59:26,11734.6,74914
2021-06-01 09:59:27,11734.6,74920
2021-06-01 09:59:28,11735.3,74921
2021-06-01 09:59:29,11733.9,74973
2021-06-01 09:59:31,11735.25,74977
2021-06-01 09:59:33,11734.8,74984
2021-06-01 09:59:34,11734.8,74984
2021-06-01 09:59:35,11729.0,75007
2021-06-01 09:59:36,11733.0,75008
2021-06-01 09:59:38,11725.0,75064
2021-06-01 09:59:39,11725.25,75071
2021-06-01 09:59:40,11725.25,75071
2021-06-01 09:59:41,11725.25,75071
2021-06-01 09:59:42,11720.0,75187
2021-06-01 09:59:43,11720.0,75187
2021-06-01 09:59:44,11720.25,75192
2021-06-01 09:59:45,11727.15,75194
2021-06-01 09:59:46,11723.65,75208
2021-06-01 09:59:48,11729.15,75210
2021-06-01 09:59:47,11729.15,75210
2021-06-01 09:59:49,11729.15,75210
2021-06-01 09:59:50,11727.1,75211
2021-06-01 09:59:51,11729.3,75221
2021-06-01 09:59:52,11726.55,75252
2021-06-01 09:59:53,11725.0,75375
2021-06-01 09:59:54,11725.0,75375
2021-06-01 09:59:55,11727.4,75377
2021-06-01 09:59:56,11727.4,75377
2021-06-01 09:59:57,11723.65,75381
2021-06-01 09:59:58,11727.65,75408
2021-06-01 09:59:59,11727.05,75414
2021-06-01 10:00:00,11715.0,75695
2021-06-01 10:00:01,11708.0,76520
2021-06-01 10:00:02,11708.0,76521
2021-06-01 10:00:03,11708.0,76521
2021-06-01 10:00:04,11712.4,76541
2021-06-01 10:00:05,11712.4,76541
2021-06-01 10:00:06,11720.0,76682
2021-06-01 10:00:07,11720.0,76692
2021-06-01 10:00:08,11720.0,76692
2021-06-01 10:00:09,11720.0,76696
2021-06-01 10:00:10,11720.0,76710
2021-06-01 10:00:11,11720.0,76714
2021-06-01 10:00:12,11717.05,76722
2021-06-01 10:00:13,11717.05,76722
2021-06-01 10:00:14,11719.9,76724
2021-06-01 10:00:15,11719.9,76724
2021-06-01 10:00:17,11716.75,76735
2021-06-01 10:00:18,11718.9,76741
2021-06-01 10:00:19,11718.9,76741
2021-06-01 10:00:20,11718.8,76791
2021-06-01 10:00:21,11717.0,76811
2021-06-01 10:00:22,11722.2,76894
2021-06-01 10:00:23,11720.0,76895
2021-06-01 10:00:24,11725.9,76897
2021-06-01 10:00:25,11725.9,76897
2021-06-01 10:00:26,11720.2,76898
2021-06-01 10:00:27,11726.35,76900
2021-06-01 10:00:28,11724.35,76907
2021-06-01 10:00:29,11724.35,76907
2021-06-01 10:00:30,11725.0,76911
2021-06-01 10:00:32,11730.0,76923
2021-06-01 10:00:31,11730.0,76923
2021-06-01 10:00:33,11732.2,76926
2021-06-01 10:00:34,11731.25,76977
2021-06-01 10:00:35,11728.0,76983
2021-06-01 10:00:36,11728.0,76983
2021-06-01 10:00:37,11720.0,77001
2021-06-01 10:00:38,11720.0,77001
2021-06-01 10:00:39,11718.15,77051
2021-06-01 10:00:40,11718.0,77052
2021-06-01 10:00:41,11718.0,77053
2021-06-01 10:00:42,11724.65,77058
2021-06-01 10:00:43,11724.65,77058
2021-06-01 10:00:45,11720.0,77060
2021-06-01 10:00:45,11720.0,77060
2021-06-01 10:00:46,11720.0,77060
2021-06-01 10:00:47,11720.0,77060
2021-06-01 10:00:48,11720.65,77079
2021-06-01 10:00:49,11720.65,77083
2021-06-01 10:00:50,11718.0,77097
2021-06-01 10:00:51,11720.65,77098
2021-06-01 10:00:52,11720.65,77101
2021-06-01 10:00:53,11720.65,77101
2021-06-01 10:00:54,11720.65,77101
2021-06-01 10:00:55,11720.0,77189
2021-06-01 10:00:56,11720.0,77192
2021-06-01 10:00:57,11720.65,77193
2021-06-01 10:00:58,11720.65,77198
2021-06-01 10:01:00,11720.65,77240
2021-06-01 10:01:01,11718.0,77296
2021-06-01 10:01:01,11722.75,77297
2021-06-01 10:01:02,11722.75,77297
2021-06-01 10:01:03,11718.0,77310
2021-06-01 10:01:04,11718.0,77310
2021-06-01 10:01:05,11718.0,77310
2021-06-01 10:01:06,11718.0,77310
2021-06-01 10:01:08,11721.95,77312
2021-06-01 10:01:08,11723.0,77344
2021-06-01 10:01:10,11726.45,77380
2021-06-01 10:01:10,11726.45,77380
2021-06-01 10:01:11,11726.3,77383
2021-06-01 10:01:12,11726.3,77383
2021-06-01 10:01:13,11720.25,77384
2021-06-01 10:01:14,11720.25,77384
2021-06-01 10:01:15,11720.25,77384
2021-06-01 10:01:16,11724.05,77391
2021-06-01 10:01:17,11724.05,77392
2021-06-01 10:01:18,11724.05,77392
2021-06-01 10:01:19,11724.05,77392
2021-06-01 10:01:20,11724.05,77392
2021-06-01 10:01:21,11724.05,77392
2021-06-01 10:01:22,11724.05,77392
2021-06-01 10:01:24,11724.05,77394
2021-06-01 10:01:24,11724.05,77394
2021-06-01 10:01:25,11724.05,77394
2021-06-01 10:01:26,11725.0,77396
2021-06-01 10:01:27,11724.05,77397
2021-06-01 10:01:28,11724.05,77407
2021-06-01 10:01:29,11724.05,77407
2021-06-01 10:01:30,11726.75,77609
2021-06-01 10:01:31,11726.75,77609
2021-06-01 10:01:33,11726.75,77609
2021-06-01 10:01:33,11732.0,77618
2021-06-01 10:01:34,11728.35,77628
2021-06-01 10:01:35,11728.35,77628
2021-06-01 10:01:36,11728.35,77628
2021-06-01 10:01:37,11729.0,77631
2021-06-01 10:01:39,11732.0,77638
2021-06-01 10:01:39,11732.0,77638
2021-06-01 10:01:40,11735.75,77648
2021-06-01 10:01:41,11736.0,77653
2021-06-01 10:01:42,11736.0,77653
2021-06-01 10:01:43,11735.75,77655
2021-06-01 10:01:44,11737.75,77698
2021-06-01 10:01:45,11737.75,77698
2021-06-01 10:01:46,11736.0,77699
2021-06-01 10:01:47,11736.0,77699
2021-06-01 10:01:48,11730.0,77824
2021-06-01 10:01:49,11730.0,77824
2021-06-01 10:01:50,11730.0,77824
2021-06-01 10:01:51,11736.0,77844
2021-06-01 10:01:52,11736.0,77845
2021-06-01 10:01:53,11736.0,77846
2021-06-01 10:01:55,11736.0,77847
2021-06-01 10:01:55,11736.0,77847
2021-06-01 10:01:56,11736.0,77847
2021-06-01 10:01:57,11738.15,77897
2021-06-01 10:01:58,11738.15,77897
2021-06-01 10:01:59,11738.15,77897
2021-06-01 10:02:00,11739.0,77907
2021-06-01 10:02:01,11739.0,77907
2021-06-01 10:02:02,11739.0,77947
2021-06-01 10:02:03,11742.9,78067
2021-06-01 10:02:04,11742.9,78067
2021-06-01 10:02:05,11742.9,78067
2021-06-01 10:02:06,11742.9,78067
2021-06-01 10:02:07,11745.0,78087
2021-06-01 10:02:08,11745.0,78087
2021-06-01 10:02:09,11745.0,78089
2021-06-01 10:02:10,11745.0,78089
2021-06-01 10:02:11,11745.0,78091
2021-06-01 10:02:12,11746.35,78101
2021-06-01 10:02:13,11749.0,78102
2021-06-01 10:02:14,11749.0,78102
2021-06-01 10:02:15,11749.0,78102
2021-06-01 10:02:16,11749.1,78154
2021-06-01 10:02:17,11750.85,78155
2021-06-01 10:02:18,11750.85,78155
2021-06-01 10:02:19,11750.85,78155
2021-06-01 10:02:20,11750.85,78155
2021-06-01 10:02:21,11750.85,78155
2021-06-01 10:02:22,11755.15,78166
2021-06-01 10:02:23,11755.15,78166
2021-06-01 10:02:24,11755.15,78166
2021-06-01 10:02:25,11755.15,78166
2021-06-01 10:02:26,11751.0,78191
2021-06-01 10:02:27,11751.0,78257
2021-06-01 10:02:28,11755.1,78264
2021-06-01 10:02:29,11755.1,78265
2021-06-01 10:02:30,11751.0,78270
2021-06-01 10:02:32,11750.0,78314
2021-06-01 10:02:32,11750.0,78314
2021-06-01 10:02:33,11750.0,78314
2021-06-01 10:02:34,11755.0,78812
2021-06-01 10:02:35,11750.0,78881
2021-06-01 10:02:36,11755.0,78883
2021-06-01 10:02:37,11755.0,78883
2021-06-01 10:02:38,11750.6,78884
2021-06-01 10:02:40,11750.6,78884
2021-06-01 10:02:40,11750.6,78884
2021-06-01 10:02:41,11749.5,78904
2021-06-01 10:02:42,11754.95,78905
2021-06-01 10:02:43,11754.95,78910
2021-06-01 10:02:44,11754.95,78910
2021-06-01 10:02:46,11754.95,78914
2021-06-01 10:02:46,11754.95,78914
2021-06-01 10:02:48,11749.5,78933
2021-06-01 10:02:49,11749.5,78944
2021-06-01 10:02:49,11749.5,78944
2021-06-01 10:02:50,11749.5,78944
2021-06-01 10:02:51,11755.0,79000
2021-06-01 10:02:52,11755.0,79000
2021-06-01 10:02:53,11754.75,79007
2021-06-01 10:02:54,11749.55,79028
2021-06-01 10:02:56,11749.55,79028
2021-06-01 10:02:57,11750.0,79029
2021-06-01 10:02:58,11749.0,79099
2021-06-01 10:02:59,11743.7,79112
2021-06-01 10:02:59,11743.7,79112
2021-06-01 10:03:00,11743.7,79112
2021-06-01 10:03:01,11740.0,79122
2021-06-01 10:03:02,11744.0,79128
2021-06-01 10:03:03,11744.0,79128
2021-06-01 10:03:04,11744.0,79128
2021-06-01 10:03:05,11744.0,79128
2021-06-01 10:03:06,11744.0,79128
2021-06-01 10:03:07,11746.6,79130
2021-06-01 10:03:08,11746.6,79137
2021-06-01 10:03:09,11746.55,79142
2021-06-01 10:03:10,11746.55,79142
2021-06-01 10:03:11,11746.55,79142
2021-06-01 10:03:12,11746.55,79142
2021-06-01 10:03:13,11744.45,79143
2021-06-01 10:03:14,11746.55,79146
2021-06-01 10:03:15,11746.55,79146
2021-06-01 10:03:16,11746.55,79146
2021-06-01 10:03:17,11746.55,79146
2021-06-01 10:03:18,11746.55,79198
2021-06-01 10:03:19,11746.55,79198
2021-06-01 10:03:21,11746.55,79198
2021-06-01 10:03:22,11746.55,79198
2021-06-01 10:03:23,11746.55,79200
2021-06-01 10:03:23,11746.55,79215
2021-06-01 10:03:24,11746.55,79217
2021-06-01 10:03:25,11746.55,79217
2021-06-01 10:03:26,11746.5,79222
2021-06-01 10:03:27,11746.55,79227
2021-06-01 10:03:28,11746.55,79269
2021-06-01 10:03:29,11751.8,79325
2021-06-01 10:03:30,11746.55,79335
2021-06-01 10:03:31,11746.55,79335
2021-06-01 10:03:32,11746.55,79335
2021-06-01 10:03:33,11743.7,79523
2021-06-01 10:03:34,11743.7,79523
2021-06-01 10:03:35,11737.8,79648
2021-06-01 10:03:36,11737.8,79648
2021-06-01 10:03:37,11737.8,79648
2021-06-01 10:03:38,11737.8,79648
2021-06-01 10:03:39,11740.1,79668
2021-06-01 10:03:40,11736.4,79670
2021-06-01 10:03:41,11736.4,79670
2021-06-01 10:03:42,11736.4,79670
2021-06-01 10:03:44,11736.4,79670
2021-06-01 10:03:45,11738.1,79671
2021-06-01 10:03:45,11738.1,79671
2021-06-01 10:03:46,11738.1,79671
2021-06-01 10:03:47,11737.35,79726
2021-06-01 10:03:48,11737.35,79726
2021-06-01 10:03:49,11737.35,79726
2021-06-01 10:03:51,11741.9,79733
2021-06-01 10:03:52,11741.9,79733
2021-06-01 10:03:52,11741.9,79733
2021-06-01 10:03:53,11743.45,79734
2021-06-01 10:03:54,11737.7,79736
2021-06-01 10:03:55,11737.7,79752
2021-06-01 10:03:56,11737.7,79752
2021-06-01 10:03:57,11737.0,79753
2021-06-01 10:03:58,11737.0,79753
2021-06-01 10:03:59,11740.0,79755
2021-06-01 10:04:00,11739.9,79760
2021-06-01 10:04:02,11736.8,79781
2021-06-01 10:04:03,11736.8,79781
2021-06-01 10:04:04,11734.8,79806
2021-06-01 10:04:04,11734.8,79806
2021-06-01 10:04:05,11734.8,79806
2021-06-01 10:04:06,11735.75,79809
2021-06-01 10:04:07,11735.75,79811
2021-06-01 10:04:08,11735.75,79811
2021-06-01 10:04:10,11735.9,79836
2021-06-01 10:04:11,11735.9,79836
2021-06-01 10:04:12,11735.0,79936
2021-06-01 10:04:12,11735.0,79936
2021-06-01 10:04:15,11737.0,79941
2021-06-01 10:04:16,11735.0,79951
2021-06-01 10:04:18,11735.0,79971
2021-06-01 10:04:19,11735.0,79979
2021-06-01 10:04:20,11735.0,79979
2021-06-01 10:04:21,11735.0,79979
2021-06-01 10:04:22,11735.0,79979
2021-06-01 10:04:23,11737.0,79984
2021-06-01 10:04:24,11737.0,79987
2021-06-01 10:04:25,11737.0,79988
2021-06-01 10:04:26,11737.0,79988
2021-06-01 10:04:28,11737.0,79988
2021-06-01 10:04:29,11737.0,79988
2021-06-01 10:04:30,11737.0,79988
2021-06-01 10:04:31,11737.0,79988
2021-06-01 10:04:32,11737.0,79988
2021-06-01 10:04:32,11737.0,79988
2021-06-01 10:04:33,11738.0,79989
2021-06-01 10:04:34,11738.0,79989
2021-06-01 10:04:35,11738.0,79990
2021-06-01 10:04:36,11738.65,80031
2021-06-01 10:04:37,11738.65,80031
2021-06-01 10:04:39,11740.1,80158
2021-06-01 10:04:40,11740.1,80158
2021-06-01 10:04:41,11740.55,80161
2021-06-01 10:04:41,11740.55,80161
2021-06-01 10:04:42,11740.55,80178
2021-06-01 10:04:43,11743.0,80180
2021-06-01 10:04:44,11744.2,80189
2021-06-01 10:04:45,11744.2,80189
2021-06-01 10:04:47,11744.2,80189
2021-06-01 10:04:48,11744.2,80189
2021-06-01 10:04:49,11744.2,80189
2021-06-01 10:04:49,11744.2,80189
2021-06-01 10:04:50,11744.2,80189
2021-06-01 10:04:51,11744.2,80189
2021-06-01 10:04:52,11738.05,80199
2021-06-01 10:04:53,11738.05,80199
2021-06-01 10:04:54,11738.05,80199
2021-06-01 10:04:55,11743.6,80204
2021-06-01 10:04:56,11743.6,80204
2021-06-01 10:04:57,11743.8,80206
2021-06-01 10:04:58,11743.8,80206
2021-06-01 10:04:59,11738.15,80211
2021-06-01 10:05:00,11743.25,80217
2021-06-01 10:05:01,11743.25,80217
2021-06-01 10:05:03,11743.25,80217
2021-06-01 10:05:04,11743.25,80217
2021-06-01 10:05:05,11743.25,80229
2021-06-01 10:05:06,11743.5,80233
2021-06-01 10:05:07,11744.2,80235
2021-06-01 10:05:07,11744.2,80235
2021-06-01 10:05:08,11744.2,80239
2021-06-01 10:05:09,11744.2,80239
2021-06-01 10:05:11,11744.2,80241
2021-06-01 10:05:11,11744.2,80241
2021-06-01 10:05:12,11744.2,80241
2021-06-01 10:05:13,11738.2,80251
2021-06-01 10:05:15,11738.2,80251
2021-06-01 10:05:16,11738.2,80251
2021-06-01 10:05:17,11738.2,80251
2021-06-01 10:05:18,11743.95,80252
2021-06-01 10:05:19,11743.95,80252
2021-06-01 10:05:20,11740.8,80254
2021-06-01 10:05:20,11740.8,80254
2021-06-01 10:05:21,11740.8,80254
2021-06-01 10:05:22,11740.8,80254
2021-06-01 10:05:24,11743.95,80268
2021-06-01 10:05:25,11743.95,80268
2021-06-01 10:05:25,11743.95,80268
2021-06-01 10:05:26,11740.8,80274
2021-06-01 10:05:27,11740.8,80274
2021-06-01 10:05:28,11740.8,80274
2021-06-01 10:05:30,11740.8,80274
2021-06-01 10:05:30,11740.8,80274
2021-06-01 10:05:31,11743.0,80276
2021-06-01 10:05:32,11743.0,80280
2021-06-01 10:05:33,11743.0,80280
2021-06-01 10:05:34,11743.0,80280
2021-06-01 10:05:35,11743.0,80280
2021-06-01 10:05:37,11740.8,80314
2021-06-01 10:05:38,11741.0,80324
2021-06-01 10:05:39,11741.0,80324
2021-06-01 10:05:40,11741.0,80324
2021-06-01 10:05:41,11735.0,80696
2021-06-01 10:05:42,11735.0,80696
2021-06-01 10:05:43,11735.0,80700
2021-06-01 10:05:44,11735.0,80700
2021-06-01 10:05:45,11735.0,80700
2021-06-01 10:05:47,11734.95,80705
2021-06-01 10:05:48,11734.95,80705
2021-06-01 10:05:49,11734.95,80705
2021-06-01 10:05:50,11734.95,80705
2021-06-01 10:05:51,11734.95,80705
2021-06-01 10:05:52,11734.95,80705
2021-06-01 10:05:53,11730.0,80831
2021-06-01 10:05:55,11730.0,80831
2021-06-01 10:05:56,11730.0,80831
2021-06-01 10:05:57,11730.0,80831
2021-06-01 10:05:58,11730.0,80831
2021-06-01 10:05:59,11732.95,80835
2021-06-01 10:06:00,11732.95,80835
2021-06-01 10:06:01,11732.95,80835
2021-06-01 10:06:01,11732.95,80835
2021-06-01 10:06:02,11731.95,80837
2021-06-01 10:06:03,11729.95,80981
2021-06-01 10:06:04,11729.95,80981
2021-06-01 10:06:06,11723.2,81048
2021-06-01 10:06:06,11723.2,81048
2021-06-01 10:06:07,11720.0,81188
2021-06-01 10:06:09,11720.0,81189
2021-06-01 10:06:10,11720.0,81189
2021-06-01 10:06:11,11720.0,81189
2021-06-01 10:06:12,11719.95,81197
