timestamp,ltp,volume
2021-06-01 09:15:49,5659.95,23322
2021-06-01 09:15:50,5659.55,23414
2021-06-01 09:15:51,5659.55,23597
2021-06-01 09:15:52,5659.55,23598
2021-06-01 09:15:53,5659.4,23612
2021-06-01 09:15:54,5659.25,23693
2021-06-01 09:15:55,5659.45,23850
2021-06-01 09:15:56,5657.25,23916
2021-06-01 09:15:57,5657.7,24013
2021-06-01 09:15:58,5659.65,24176
2021-06-01 09:15:59,5656.45,24326
2021-06-01 09:16:00,5659.4,24494
2021-06-01 09:16:01,5659.25,24584
2021-06-01 09:16:02,5658.7,24741
2021-06-01 09:16:03,5656.2,24755
2021-06-01 09:16:04,5656.45,25035
2021-06-01 09:16:05,5656.4,25084
2021-06-01 09:16:06,5656.0,25504
2021-06-01 09:16:07,5659.1,25713
2021-06-01 09:16:08,5659.05,25822
2021-06-01 09:16:09,5656.45,25992
2021-06-01 09:16:10,5659.0,26213
2021-06-01 09:16:11,5659.0,26501
2021-06-01 09:16:12,5657.0,26952
2021-06-01 09:16:13,5656.85,27084
2021-06-01 09:16:14,5659.8,28365
2021-06-01 09:16:15,5663.0,28840
2021-06-01 09:16:16,5662.65,29498
2021-06-01 09:16:17,5659.6,30393
2021-06-01 09:16:18,5663.35,30483
2021-06-01 09:16:19,5663.95,30503
2021-06-01 09:16:20,5661.6,31475
2021-06-01 09:16:21,5661.0,31825
2021-06-01 09:16:22,5663.55,31854
2021-06-01 09:16:23,5664.55,31974
2021-06-01 09:16:24,5666.15,32119
2021-06-01 09:16:25,5667.8,32214
2021-06-01 09:16:26,5669.9,33044
2021-06-01 09:16:27,5669.65,34093
2021-06-01 09:16:28,5668.8,34307
2021-06-01 09:16:29,5670.7,34369
2021-06-01 09:16:30,5666.9,34774
2021-06-01 09:16:31,5666.9,34774
2021-06-01 09:16:32,5669.55,35452
2021-06-01 09:16:33,5670.0,35760
2021-06-01 09:16:34,5669.7,36094
2021-06-01 09:16:35,5669.05,36414
2021-06-01 09:16:36,5669.65,36637
2021-06-01 09:16:37,5669.3,36921
2021-06-01 09:16:38,5667.2,37475
2021-06-01 09:16:39,5668.65,37741
2021-06-01 09:16:40,5669.3,37793
2021-06-01 09:16:41,5670.0,38208
2021-06-01 09:16:42,5670.0,38431
2021-06-01 09:16:43,5672.0,39181
2021-06-01 09:16:44,5671.9,39397
2021-06-01 09:16:45,5673.95,39563
2021-06-01 09:16:46,5671.7,39641
2021-06-01 09:16:47,5672.35,40117
2021-06-01 09:16:48,5668.05,40268
2021-06-01 09:16:49,5670.0,40502
2021-06-01 09:16:50,5670.5,41427
2021-06-01 09:16:51,5670.3,41513
2021-06-01 09:16:52,5665.6,41975
2021-06-01 09:16:53,5660.8,42443
2021-06-01 09:16:54,5658.5,42715
2021-06-01 09:16:56,5663.1,43106
2021-06-01 09:16:57,5660.0,43332
2021-06-01 09:16:58,5658.35,43374
2021-06-01 09:16:59,5660.75,43393
2021-06-01 09:17:00,5660.75,43639
2021-06-01 09:17:01,5663.65,43765
2021-06-01 09:17:02,5661.25,43777
2021-06-01 09:17:03,5663.6,43829
2021-06-01 09:17:04,5660.0,43932
2021-06-01 09:17:05,5661.25,44009
2021-06-01 09:17:06,5661.55,44074
2021-06-01 09:17:07,5660.9,44422
2021-06-01 09:17:08,5658.5,45337
2021-06-01 09:17:09,5657.0,45387
2021-06-01 09:17:10,5658.0,45830
2021-06-01 09:17:11,5658.75,45843
2021-06-01 09:17:12,5656.0,45955
2021-06-01 09:17:13,5650.5,46479
2021-06-01 09:17:14,5652.85,46522
2021-06-01 09:17:15,5652.45,46582
2021-06-01 09:17:16,5653.45,46640
2021-06-01 09:17:17,5645.5,47268
2021-06-01 09:17:18,5648.85,47281
2021-06-01 09:17:19,5649.05,47480
2021-06-01 09:17:20,5645.4,47613
2021-06-01 09:17:21,5648.6,47724
2021-06-01 09:17:22,5649.5,47811
2021-06-01 09:17:23,5646.75,47849
2021-06-01 09:17:24,5649.2,47901
2021-06-01 09:17:25,5646.05,47991
2021-06-01 09:17:26,5648.5,48011
2021-06-01 09:17:27,5649.45,48308
2021-06-01 09:17:28,5646.5,48567
2021-06-01 09:17:29,5646.5,48567
2021-06-01 09:17:30,5650.0,48617
2021-06-01 09:17:31,5646.4,48978
2021-06-01 09:17:32,5649.3,49069
2021-06-01 09:17:33,5644.4,51495
2021-06-01 09:17:34,5644.1,52075
2021-06-01 09:17:35,5644.9,52149
2021-06-01 09:17:36,5641.6,52834
2021-06-01 09:17:37,5643.75,52973
2021-06-01 09:17:38,5641.8,53140
2021-06-01 09:17:39,5641.8,53211
2021-06-01 09:17:40,5641.2,53273
2021-06-01 09:17:41,5641.4,53621
2021-06-01 09:17:42,5640.3,54159
2021-06-01 09:17:43,5637.0,54301
2021-06-01 09:17:44,5638.9,54587
2021-06-01 09:17:45,5638.8,54787
2021-06-01 09:17:46,5635.8,54808
2021-06-01 09:17:47,5634.7,55020
2021-06-01 09:17:48,5639.95,55358
2021-06-01 09:17:49,5638.9,55628
2021-06-01 09:17:50,5638.4,56113
2021-06-01 09:17:51,5638.0,56365
2021-06-01 09:17:52,5636.05,56424
2021-06-01 09:17:53,5636.0,56429
2021-06-01 09:17:54,5636.0,56436
2021-06-01 09:17:55,5638.55,56545
2021-06-01 09:17:56,5639.3,56565
2021-06-01 09:17:57,5636.55,56779
2021-06-01 09:18:00,5635.0,58411
2021-06-01 09:18:01,5632.0,59132
2021-06-01 09:18:02,5635.0,59330
2021-06-01 09:18:03,5634.0,59550
2021-06-01 09:18:05,5635.0,59578
2021-06-01 09:18:06,5635.0,59594
2021-06-01 09:18:07,5634.35,60142
2021-06-01 09:18:08,5626.1,62747
2021-06-01 09:18:09,5632.1,63012
2021-06-01 09:18:10,5632.85,63053
2021-06-01 09:18:11,5630.1,63055
2021-06-01 09:18:12,5630.45,63657
2021-06-01 09:18:13,5630.6,63664
2021-06-01 09:18:14,5634.35,63714
2021-06-01 09:18:16,5631.7,63770
2021-06-01 09:18:17,5634.3,63781
2021-06-01 09:18:18,5632.65,63889
2021-06-01 09:18:19,5634.55,65009
2021-06-01 09:18:20,5634.55,66456
2021-06-01 09:18:20,5635.0,66515
2021-06-01 09:18:21,5634.5,66612
2021-06-01 09:18:22,5632.95,67505
2021-06-01 09:18:23,5632.95,67550
2021-06-01 09:18:24,5632.85,67599
2021-06-01 09:18:25,5640.95,68383
2021-06-01 09:18:26,5638.8,68426
2021-06-01 09:18:27,5638.8,68497
2021-06-01 09:18:28,5642.35,68596
2021-06-01 09:18:29,5646.3,68922
2021-06-01 09:18:30,5643.95,68948
2021-06-01 09:18:31,5646.75,69010
2021-06-01 09:18:32,5643.3,69042
2021-06-01 09:18:33,5647.05,69069
2021-06-01 09:18:34,5647.05,69069
2021-06-01 09:18:36,5645.25,69115
2021-06-01 09:18:36,5645.25,69115
2021-06-01 09:18:37,5647.0,69132
2021-06-01 09:18:38,5647.0,69207
2021-06-01 09:18:39,5643.6,69408
2021-06-01 09:18:40,5646.2,69464
2021-06-01 09:18:41,5643.95,69635
2021-06-01 09:18:42,5646.85,69694
2021-06-01 09:18:43,5646.0,69719
2021-06-01 09:18:44,5657.85,72105
2021-06-01 09:18:45,5660.0,72489
2021-06-01 09:18:46,5659.9,72559
2021-06-01 09:18:47,5659.95,72579
2021-06-01 09:18:48,5659.95,72616
2021-06-01 09:18:49,5657.6,72630
2021-06-01 09:18:50,5659.95,72636
2021-06-01 09:18:51,5659.95,72643
2021-06-01 09:18:52,5660.0,72969
2021-06-01 09:18:53,5658.2,73204
2021-06-01 09:18:54,5657.3,73234
2021-06-01 09:18:55,5660.0,73372
2021-06-01 09:18:57,5656.8,73389
2021-06-01 09:18:58,5656.75,73541
2021-06-01 09:18:59,5659.15,73650
2021-06-01 09:19:00,5655.85,73944
2021-06-01 09:19:01,5652.65,74038
2021-06-01 09:19:02,5656.65,74178
2021-06-01 09:19:03,5653.6,74196
2021-06-01 09:19:04,5654.0,74297
2021-06-01 09:19:05,5653.15,74338
2021-06-01 09:19:05,5655.3,74348
2021-06-01 09:19:06,5655.4,74398
2021-06-01 09:19:07,5655.0,74598
2021-06-01 09:19:08,5655.85,74608
2021-06-01 09:19:09,5653.75,74715
2021-06-01 09:19:10,5655.95,74866
2021-06-01 09:19:11,5655.8,74927
2021-06-01 09:19:12,5654.8,75444
2021-06-01 09:19:13,5658.65,75565
2021-06-01 09:19:14,5658.9,75627
2021-06-01 09:19:16,5656.5,75758
2021-06-01 09:19:16,5657.85,75764
2021-06-01 09:19:17,5656.5,75857
2021-06-01 09:19:18,5656.85,76260
2021-06-01 09:19:19,5656.75,76378
2021-06-01 09:19:20,5659.65,76406
2021-06-01 09:19:21,5657.05,76426
2021-06-01 09:19:22,5659.1,76463
2021-06-01 09:19:23,5656.75,76523
2021-06-01 09:19:24,5656.4,76557
2021-06-01 09:19:25,5658.0,76567
2021-06-01 09:19:26,5660.0,77936
2021-06-01 09:19:27,5658.15,77971
2021-06-01 09:19:28,5658.1,77993
2021-06-01 09:19:29,5657.0,78074
2021-06-01 09:19:30,5658.0,78096
2021-06-01 09:19:32,5657.85,78432
2021-06-01 09:19:32,5657.85,78448
2021-06-01 09:19:33,5656.05,78457
2021-06-01 09:19:34,5657.85,78474
2021-06-01 09:19:35,5657.85,78527
2021-06-01 09:19:36,5657.85,78628
2021-06-01 09:19:37,5655.5,78690
2021-06-01 09:19:38,5659.95,78967
2021-06-01 09:19:40,5659.0,79170
2021-06-01 09:19:41,5660.0,79446
2021-06-01 09:19:42,5660.95,79644
2021-06-01 09:19:43,5661.35,80058
2021-06-01 09:19:44,5661.25,80081
2021-06-01 09:19:45,5661.8,80097
2021-06-01 09:19:46,5661.8,80097
2021-06-01 09:19:47,5662.0,80413
2021-06-01 09:19:48,5659.65,80438
2021-06-01 09:19:49,5664.95,82132
2021-06-01 09:19:50,5662.7,82171
2021-06-01 09:19:51,5665.55,82484
2021-06-01 09:19:52,5668.0,82864
2021-06-01 09:19:53,5672.0,84225
2021-06-01 09:19:55,5669.0,84615
2021-06-01 09:19:56,5669.8,84894
2021-06-01 09:19:57,5674.3,85435
2021-06-01 09:19:58,5672.1,85564
2021-06-01 09:19:59,5671.95,85760
2021-06-01 09:20:00,5669.75,86192
2021-06-01 09:20:01,5666.15,86245
2021-06-01 09:20:02,5664.95,86282
2021-06-01 09:20:03,5664.85,86332
2021-06-01 09:20:04,5666.1,86516
2021-06-01 09:20:05,5669.85,86533
2021-06-01 09:20:05,5669.85,86533
2021-06-01 09:20:06,5669.85,86716
2021-06-01 09:20:07,5670.0,86825
2021-06-01 09:20:08,5669.75,86876
2021-06-01 09:20:09,5667.75,86949
2021-06-01 09:20:10,5669.75,86992
2021-06-01 09:20:11,5668.8,87092
2021-06-01 09:20:12,5670.0,87104
2021-06-01 09:20:13,5668.4,87177
2021-06-01 09:20:15,5670.0,87322
2021-06-01 09:20:16,5671.35,87602
2021-06-01 09:20:17,5669.75,87784
2021-06-01 09:20:18,5666.0,88015
2021-06-01 09:20:19,5669.9,88040
2021-06-01 09:20:20,5670.0,88361
2021-06-01 09:20:21,5670.0,88388
2021-06-01 09:20:22,5671.55,88457
2021-06-01 09:20:23,5668.55,88612
2021-06-01 09:20:24,5671.5,88934
2021-06-01 09:20:25,5669.45,89097
2021-06-01 09:20:26,5671.6,89434
2021-06-01 09:20:27,5671.8,89482
2021-06-01 09:20:27,5671.85,89512
2021-06-01 09:20:28,5671.05,90298
2021-06-01 09:20:29,5676.05,93733
2021-06-01 09:20:30,5679.1,93939
2021-06-01 09:20:31,5679.5,94186
2021-06-01 09:20:32,5678.65,94506
2021-06-01 09:20:33,5679.95,94695
2021-06-01 09:20:34,5679.15,94990
2021-06-01 09:20:35,5679.1,95181
2021-06-01 09:20:36,5678.1,95256
2021-06-01 09:20:37,5682.0,97472
2021-06-01 09:20:38,5677.55,98254
2021-06-01 09:20:39,5674.75,98390
2021-06-01 09:20:40,5675.5,98451
2021-06-01 09:20:41,5672.35,98482
2021-06-01 09:20:43,5674.7,98756
2021-06-01 09:20:44,5676.05,98808
2021-06-01 09:20:44,5676.05,98808
2021-06-01 09:20:45,5672.6,99008
2021-06-01 09:20:46,5673.7,99051
2021-06-01 09:20:47,5673.0,99155
2021-06-01 09:20:48,5672.5,99236
2021-06-01 09:20:49,5674.0,99316
2021-06-01 09:20:50,5676.05,99461
2021-06-01 09:20:51,5676.0,99827
2021-06-01 09:20:52,5674.95,99989
2021-06-01 09:20:56,5674.75,101690
2021-06-01 09:20:57,5672.35,101994
2021-06-01 09:20:58,5674.15,102002
2021-06-01 09:20:59,5674.95,102102
2021-06-01 09:21:00,5674.95,102275
2021-06-01 09:21:01,5676.0,102393
2021-06-01 09:21:02,5675.5,102494
2021-06-01 09:21:04,5673.05,102539
2021-06-01 09:21:05,5674.0,102613
2021-06-01 09:21:06,5675.2,102712
2021-06-01 09:21:08,5675.0,102764
2021-06-01 09:21:08,5675.0,102764
2021-06-01 09:21:09,5675.0,103008
2021-06-01 09:21:10,5675.5,103419
2021-06-01 09:21:11,5674.4,103603
2021-06-01 09:21:12,5678.0,103783
2021-06-01 09:21:13,5678.15,103825
2021-06-01 09:21:14,5679.95,103831
2021-06-01 09:21:15,5680.0,103927
2021-06-01 09:21:16,5681.6,104535
2021-06-01 09:21:18,5681.6,104660
2021-06-01 09:21:19,5681.2,105280
2021-06-01 09:21:20,5681.7,105526
2021-06-01 09:21:20,5683.8,105506
2021-06-01 09:21:21,5681.8,105653
2021-06-01 09:21:22,5682.3,105920
2021-06-01 09:21:23,5685.0,106120
2021-06-01 09:21:24,5682.8,106396
2021-06-01 09:21:25,5680.0,107055
2021-06-01 09:21:26,5678.25,107115
2021-06-01 09:21:27,5680.0,107362
2021-06-01 09:21:28,5681.75,107851
2021-06-01 09:21:30,5679.25,108120
2021-06-01 09:21:31,5679.25,108121
2021-06-01 09:21:32,5676.25,108196
2021-06-01 09:21:33,5678.25,108355
2021-06-01 09:21:34,5678.25,108419
2021-06-01 09:21:35,5678.0,108430
2021-06-01 09:21:36,5678.0,108528
2021-06-01 09:21:36,5678.0,108528
2021-06-01 09:21:37,5679.25,108668
2021-06-01 09:21:38,5680.0,108834
2021-06-01 09:21:39,5678.15,108917
2021-06-01 09:21:40,5680.0,109963
2021-06-01 09:21:41,5682.7,110073
2021-06-01 09:21:43,5682.45,110353
2021-06-01 09:21:44,5680.0,110371
2021-06-01 09:21:45,5682.8,110561
2021-06-01 09:21:46,5682.8,110714
2021-06-01 09:21:47,5680.0,111104
2021-06-01 09:21:49,5681.15,111563
2021-06-01 09:21:50,5681.0,111622
2021-06-01 09:21:51,5680.0,111756
2021-06-01 09:21:52,5678.25,111807
2021-06-01 09:21:53,5680.0,112245
2021-06-01 09:21:54,5678.0,112574
2021-06-01 09:21:55,5675.5,112611
2021-06-01 09:21:56,5676.0,112869
2021-06-01 09:21:57,5675.0,113005
2021-06-01 09:21:58,5675.0,113221
2021-06-01 09:21:59,5676.65,113289
2021-06-01 09:22:00,5673.35,113342
2021-06-01 09:22:01,5676.0,113426
2021-06-01 09:22:02,5675.85,113688
2021-06-01 09:22:03,5679.5,113713
2021-06-01 09:22:04,5676.6,113721
2021-06-01 09:22:05,5676.15,113727
2021-06-01 09:22:06,5676.15,113730
2021-06-01 09:22:07,5676.5,113768
2021-06-01 09:22:09,5677.8,113846
2021-06-01 09:22:10,5676.2,113897
2021-06-01 09:22:11,5677.6,113954
2021-06-01 09:22:12,5674.35,113964
2021-06-01 09:22:13,5678.8,114038
2021-06-01 09:22:14,5678.8,114071
2021-06-01 09:22:15,5678.8,114146
2021-06-01 09:22:16,5676.6,114167
2021-06-01 09:22:17,5676.6,114221
2021-06-01 09:22:19,5672.0,114293
2021-06-01 09:22:20,5675.7,114325
2021-06-01 09:22:21,5677.1,114459
2021-06-01 09:22:22,5673.85,114686
2021-06-01 09:22:23,5677.0,114743
2021-06-01 09:22:24,5676.8,115297
2021-06-01 09:22:25,5678.0,115380
2021-06-01 09:22:26,5676.45,115552
2021-06-01 09:22:27,5677.7,115743
2021-06-01 09:22:28,5677.0,115835
2021-06-01 09:22:29,5679.0,115866
2021-06-01 09:22:30,5678.95,115895
2021-06-01 09:22:31,5678.0,115966
2021-06-01 09:22:32,5677.0,116142
2021-06-01 09:22:33,5677.3,116167
2021-06-01 09:22:34,5677.1,116204
2021-06-01 09:22:35,5680.0,116741
2021-06-01 09:22:36,5678.9,116844
2021-06-01 09:22:38,5678.8,117048
2021-06-01 09:22:40,5680.2,118236
2021-06-01 09:22:41,5682.8,118412
2021-06-01 09:22:42,5682.8,118419
2021-06-01 09:22:44,5680.0,118870
2021-06-01 09:22:46,5680.1,118994
2021-06-01 09:22:47,5682.0,119010
2021-06-01 09:22:48,5681.0,119373
2021-06-01 09:22:49,5682.2,119653
2021-06-01 09:22:50,5681.4,119820
2021-06-01 09:22:51,5681.25,119862
2021-06-01 09:22:52,5681.0,119903
2021-06-01 09:22:53,5683.9,119945
2021-06-01 09:22:54,5681.35,120101
2021-06-01 09:22:55,5681.5,120112
2021-06-01 09:22:56,5684.8,120167
2021-06-01 09:22:57,5681.5,120197
2021-06-01 09:22:58,5684.0,120271
2021-06-01 09:22:59,5687.0,122679
2021-06-01 09:22:59,5685.4,122674
2021-06-01 09:23:00,5687.5,123276
2021-06-01 09:23:01,5685.2,123368
2021-06-01 09:23:02,5685.2,123409
2021-06-01 09:23:03,5687.5,123502
2021-06-01 09:23:04,5686.0,123901
2021-06-01 09:23:06,5683.9,124022
2021-06-01 09:23:07,5684.3,124057
2021-06-01 09:23:08,5684.25,124089
2021-06-01 09:23:09,5686.5,124215
2021-06-01 09:23:10,5687.95,124712
2021-06-01 09:23:11,5688.0,124787
2021-06-01 09:23:12,5689.0,125337
2021-06-01 09:23:13,5684.6,125627
2021-06-01 09:23:14,5685.2,125892
2021-06-01 09:23:15,5688.15,126174
2021-06-01 09:23:16,5687.5,126301
2021-06-01 09:23:17,5686.25,126364
2021-06-01 09:23:18,5688.75,126532
2021-06-01 09:23:18,5687.0,126537
2021-06-01 09:23:19,5689.0,126673
2021-06-01 09:23:20,5689.0,126682
2021-06-01 09:23:21,5687.5,126749
2021-06-01 09:23:22,5687.9,126802
2021-06-01 09:23:23,5686.2,126901
2021-06-01 09:23:25,5687.9,126967
2021-06-01 09:23:26,5688.0,127275
2021-06-01 09:23:27,5689.0,127661
2021-06-01 09:23:28,5689.95,127778
2021-06-01 09:23:29,5688.0,127978
2021-06-01 09:23:30,5688.0,128003
2021-06-01 09:23:31,5690.1,131502
2021-06-01 09:23:32,5688.0,131555
2021-06-01 09:23:33,5688.0,131613
2021-06-01 09:23:33,5687.05,131612
2021-06-01 09:23:34,5690.55,131743
2021-06-01 09:23:35,5690.55,131823
2021-06-01 09:23:36,5689.25,131912
2021-06-01 09:23:37,5691.0,132048
2021-06-01 09:23:39,5692.2,132184
2021-06-01 09:23:40,5690.95,132392
2021-06-01 09:23:41,5693.85,132569
2021-06-01 09:23:42,5693.0,132584
2021-06-01 09:23:43,5693.0,132642
2021-06-01 09:23:44,5693.05,133924
2021-06-01 09:23:45,5690.55,133951
2021-06-01 09:23:46,5688.0,134718
2021-06-01 09:23:46,5688.0,134729
2021-06-01 09:23:47,5690.8,135231
2021-06-01 09:23:48,5689.25,135341
2021-06-01 09:23:49,5688.5,135373
2021-06-01 09:23:50,5690.0,135421
2021-06-01 09:23:51,5688.5,135732
2021-06-01 09:23:52,5691.0,135760
2021-06-01 09:23:53,5689.7,136215
2021-06-01 09:23:54,5692.9,137340
2021-06-01 09:23:55,5690.5,137400
2021-06-01 09:23:57,5690.5,137412
2021-06-01 09:23:58,5688.5,137502
2021-06-01 09:23:59,5691.9,137556
2021-06-01 09:24:00,5691.95,137599
2021-06-01 09:24:01,5690.0,137639
2021-06-01 09:24:02,5690.95,137704
2021-06-01 09:24:03,5689.7,138204
2021-06-01 09:24:04,5690.35,138316
2021-06-01 09:24:05,5689.6,138575
2021-06-01 09:24:06,5688.9,138616
2021-06-01 09:24:07,5693.0,139288
2021-06-01 09:24:08,5688.85,139335
2021-06-01 09:24:09,5688.65,139458
2021-06-01 09:24:10,5690.35,139585
2021-06-01 09:24:10,5689.95,139572
2021-06-01 09:24:11,5691.65,139649
2021-06-01 09:24:12,5691.05,139667
2021-06-01 09:24:14,5692.45,139691
2021-06-01 09:24:15,5689.05,139867
2021-06-01 09:24:16,5690.0,139956
2021-06-01 09:24:17,5689.0,140081
2021-06-01 09:24:18,5690.0,140173
2021-06-01 09:24:19,5690.0,140193
2021-06-01 09:24:20,5690.0,140436
2021-06-01 09:24:20,5689.05,140437
2021-06-01 09:24:21,5690.0,140571
2021-06-01 09:24:24,5689.65,141102
2021-06-01 09:24:25,5689.0,141112
2021-06-01 09:24:26,5688.9,141200
2021-06-01 09:24:27,5690.0,141321
2021-06-01 09:24:28,5688.0,141551
2021-06-01 09:24:29,5688.0,141551
2021-06-01 09:24:30,5688.0,141566
2021-06-01 09:24:31,5688.0,141661
2021-06-01 09:24:33,5691.05,142727
2021-06-01 09:24:32,5690.0,141841
2021-06-01 09:24:34,5690.0,142744
2021-06-01 09:24:35,5691.05,142906
2021-06-01 09:24:36,5695.6,144935
2021-06-01 09:24:37,5694.05,145000
2021-06-01 09:24:38,5693.35,145029
2021-06-01 09:24:38,5693.35,145030
2021-06-01 09:24:39,5693.3,145131
2021-06-01 09:24:40,5696.55,145160
2021-06-01 09:24:41,5696.4,145233
2021-06-01 09:24:42,5694.05,145347
2021-06-01 09:24:43,5693.55,145504
2021-06-01 09:24:45,5696.3,145715
2021-06-01 09:24:45,5694.05,145731
2021-06-01 09:24:46,5691.9,146044
2021-06-01 09:24:47,5694.8,146279
2021-06-01 09:24:48,5692.85,146335
2021-06-01 09:24:50,5695.7,146685
2021-06-01 09:24:51,5691.3,147439
2021-06-01 09:24:52,5689.0,147801
2021-06-01 09:24:53,5689.9,147974
2021-06-01 09:24:54,5690.0,148102
2021-06-01 09:24:55,5690.0,148114
2021-06-01 09:24:56,5688.2,148533
2021-06-01 09:24:57,5691.6,148738
2021-06-01 09:24:58,5688.2,148783
2021-06-01 09:24:59,5692.0,148878
2021-06-01 09:25:00,5692.65,149430
2021-06-01 09:25:01,5692.65,149447
2021-06-01 09:25:02,5693.35,149601
2021-06-01 09:25:03,5692.0,149810
2021-06-01 09:25:04,5691.6,149841
2021-06-01 09:25:05,5692.1,149842
2021-06-01 09:25:06,5694.0,150502
2021-06-01 09:25:07,5692.3,150656
2021-06-01 09:25:08,5692.1,150861
2021-06-01 09:25:09,5692.1,151071
2021-06-01 09:25:10,5693.9,151081
2021-06-01 09:25:11,5693.9,151182
2021-06-01 09:25:11,5694.0,151283
2021-06-01 09:25:12,5694.9,151349
2021-06-01 09:25:13,5692.1,151376
2021-06-01 09:25:14,5695.0,151378
2021-06-01 09:25:16,5694.65,151440
2021-06-01 09:25:17,5694.0,151728
2021-06-01 09:25:18,5692.15,151800
2021-06-01 09:25:19,5694.0,151861
2021-06-01 09:25:20,5693.0,152130
2021-06-01 09:25:21,5692.0,152230
2021-06-01 09:25:22,5688.0,152907
2021-06-01 09:25:23,5688.0,153027
2021-06-01 09:25:24,5690.3,153154
2021-06-01 09:25:25,5690.6,153294
2021-06-01 09:25:26,5690.5,153414
2021-06-01 09:25:27,5688.1,153445
2021-06-01 09:25:28,5688.05,153446
2021-06-01 09:25:29,5690.0,153713
2021-06-01 09:25:30,5690.0,153740
2021-06-01 09:25:31,5688.0,153823
2021-06-01 09:25:32,5687.0,154619
2021-06-01 09:25:33,5688.25,154707
2021-06-01 09:25:33,5688.25,154707
2021-06-01 09:25:34,5686.15,154879
2021-06-01 09:25:35,5684.0,155832
2021-06-01 09:25:37,5683.55,156193
2021-06-01 09:25:38,5681.45,156821
2021-06-01 09:25:39,5683.4,156876
2021-06-01 09:25:40,5689.4,158107
2021-06-01 09:25:41,5686.8,158207
2021-06-01 09:25:42,5687.4,158238
2021-06-01 09:25:43,5691.45,158353
2021-06-01 09:25:44,5690.0,158500
2021-06-01 09:25:45,5690.0,158649
2021-06-01 09:25:46,5691.6,158699
2021-06-01 09:25:47,5690.0,158815
2021-06-01 09:25:48,5691.0,158828
2021-06-01 09:25:49,5690.0,158849
2021-06-01 09:25:50,5690.0,158869
2021-06-01 09:25:51,5690.0,158986
2021-06-01 09:25:52,5690.0,159014
2021-06-01 09:25:52,5690.0,159014
2021-06-01 09:25:53,5690.0,159103
2021-06-01 09:25:54,5690.85,159175
2021-06-01 09:25:56,5693.0,160016
2021-06-01 09:25:57,5691.05,160040
2021-06-01 09:25:58,5693.0,160384
2021-06-01 09:25:59,5694.0,160441
2021-06-01 09:26:00,5694.95,160907
2021-06-01 09:26:01,5693.0,160937
2021-06-01 09:26:02,5693.0,161107
2021-06-01 09:26:03,5690.85,161121
2021-06-01 09:26:04,5692.9,161209
2021-06-01 09:26:05,5690.5,161237
2021-06-01 09:26:06,5688.85,162220
2021-06-01 09:26:07,5686.15,162229
2021-06-01 09:26:08,5688.5,162285
2021-06-01 09:26:09,5692.8,162603
2021-06-01 09:26:10,5690.0,162891
2021-06-01 09:26:11,5693.0,163208
2021-06-01 09:26:12,5691.25,163231
2021-06-01 09:26:13,5690.8,163373
2021-06-01 09:26:14,5690.6,163800
2021-06-01 09:26:15,5690.0,163863
2021-06-01 09:26:16,5690.0,163876
2021-06-01 09:26:17,5692.4,164454
2021-06-01 09:26:18,5692.4,164759
2021-06-01 09:26:19,5690.0,164788
2021-06-01 09:26:20,5690.0,164820
2021-06-01 09:26:20,5690.0,164820
2021-06-01 09:26:21,5691.25,165324
2021-06-01 09:26:22,5692.75,165344
2021-06-01 09:26:24,5690.15,165368
2021-06-01 09:26:25,5692.8,165397
2021-06-01 09:26:26,5690.8,165412
2021-06-01 09:26:27,5691.1,165566
2021-06-01 09:26:28,5692.45,165811
2021-06-01 09:26:29,5691.4,165861
2021-06-01 09:26:30,5691.35,165880
2021-06-01 09:26:31,5693.0,166272
2021-06-01 09:26:32,5693.0,166272
2021-06-01 09:26:33,5692.95,166396
2021-06-01 09:26:34,5691.25,166431
2021-06-01 09:26:35,5690.8,166546
2021-06-01 09:26:36,5692.0,166627
2021-06-01 09:26:37,5692.8,166686
2021-06-01 09:26:38,5692.65,166699
2021-06-01 09:26:39,5692.65,166699
2021-06-01 09:26:40,5693.0,166714
2021-06-01 09:26:41,5693.0,166832
2021-06-01 09:26:42,5691.25,166888
2021-06-01 09:26:43,5693.0,167022
2021-06-01 09:26:44,5693.0,167022
2021-06-01 09:26:45,5692.95,167207
2021-06-01 09:26:46,5692.8,167239
2021-06-01 09:26:47,5693.0,167373
2021-06-01 09:26:48,5692.8,167453
2021-06-01 09:26:49,5694.8,173547
2021-06-01 09:26:50,5697.1,173675
2021-06-01 09:26:51,5695.8,173860
2021-06-01 09:26:52,5697.85,173975
2021-06-01 09:26:53,5698.0,174095
2021-06-01 09:26:54,5696.75,174369
2021-06-01 09:26:55,5697.0,174949
2021-06-01 09:26:56,5698.0,175230
2021-06-01 09:26:57,5698.0,175363
2021-06-01 09:26:58,5699.9,178377
2021-06-01 09:26:59,5704.15,184541
2021-06-01 09:27:00,5704.2,184941
2021-06-01 09:27:01,5704.2,185262
2021-06-01 09:27:02,5705.0,185673
2021-06-01 09:27:03,5705.0,185733
2021-06-01 09:27:04,5704.0,186075
2021-06-01 09:27:05,5704.8,186891
2021-06-01 09:27:06,5702.95,187222
2021-06-01 09:27:07,5702.05,187407
2021-06-01 09:27:08,5705.35,187615
2021-06-01 09:27:09,5705.25,187762
2021-06-01 09:27:10,5704.0,188063
2021-06-01 09:27:11,5704.0,188356
2021-06-01 09:27:12,5705.0,188715
2021-06-01 09:27:13,5705.45,189344
2021-06-01 09:27:14,5704.9,190348
2021-06-01 09:27:15,5704.2,190791
2021-06-01 09:27:16,5702.0,191068
2021-06-01 09:27:17,5703.85,191209
2021-06-01 09:27:18,5703.75,191375
2021-06-01 09:27:19,5703.75,191380
2021-06-01 09:27:20,5702.0,191603
2021-06-01 09:27:21,5704.15,191746
2021-06-01 09:27:22,5702.0,192085
2021-06-01 09:27:23,5700.0,192427
2021-06-01 09:27:24,5703.0,192541
2021-06-01 09:27:25,5701.0,192754
2021-06-01 09:27:26,5704.35,193850
2021-06-01 09:27:27,5702.6,193930
2021-06-01 09:27:28,5704.9,194147
2021-06-01 09:27:29,5704.0,194148
2021-06-01 09:27:30,5704.9,194290
2021-06-01 09:27:31,5704.9,194377
2021-06-01 09:27:32,5704.8,194793
2021-06-01 09:27:33,5704.8,194919
2021-06-01 09:27:34,5704.8,194948
2021-06-01 09:27:35,5704.1,194983
2021-06-01 09:27:36,5705.0,196459
2021-06-01 09:27:38,5704.8,196653
2021-06-01 09:27:37,5704.8,196653
2021-06-01 09:27:39,5704.0,196948
2021-06-01 09:27:40,5704.0,197070
2021-06-01 09:27:41,5704.0,197137
2021-06-01 09:27:42,5703.05,197965
2021-06-01 09:27:43,5704.0,198136
2021-06-01 09:27:44,5705.35,198307
2021-06-01 09:27:45,5704.95,198469
2021-06-01 09:27:46,5702.7,198740
2021-06-01 09:27:47,5704.9,199106
2021-06-01 09:27:48,5706.0,199166
2021-06-01 09:27:49,5705.45,199202
2021-06-01 09:27:50,5704.0,199385
2021-06-01 09:27:51,5706.0,199614
2021-06-01 09:27:52,5705.0,199772
2021-06-01 09:27:53,5707.0,199865
2021-06-01 09:27:54,5705.4,200298
2021-06-01 09:27:55,5705.4,200348
2021-06-01 09:27:56,5706.05,200497
2021-06-01 09:27:57,5707.0,200709
2021-06-01 09:27:58,5707.0,200726
2021-06-01 09:27:59,5707.0,200794
2021-06-01 09:28:00,5707.0,201049
2021-06-01 09:28:01,5707.0,201239
2021-06-01 09:28:02,5705.4,201393
2021-06-01 09:28:03,5705.0,201539
2021-06-01 09:28:04,5707.0,201651
2021-06-01 09:28:06,5707.0,202159
2021-06-01 09:28:07,5705.0,202263
2021-06-01 09:28:08,5705.15,203105
2021-06-01 09:28:09,5704.15,204233
2021-06-01 09:28:10,5703.9,204474
2021-06-01 09:28:11,5703.0,204544
2021-06-01 09:28:13,5700.0,205269
2021-06-01 09:28:14,5699.0,207224
2021-06-01 09:28:15,5699.0,207238
2021-06-01 09:28:16,5697.2,207291
2021-06-01 09:28:17,5698.65,207391
2021-06-01 09:28:18,5696.1,207622
2021-06-01 09:28:19,5698.9,207625
2021-06-01 09:28:20,5701.45,207874
2021-06-01 09:28:21,5698.9,207878
2021-06-01 09:28:22,5699.0,207914
2021-06-01 09:28:23,5700.0,208440
2021-06-01 09:28:24,5699.0,208491
2021-06-01 09:28:25,5701.35,208505
2021-06-01 09:28:26,5700.0,208552
2021-06-01 09:28:28,5699.0,208670
2021-06-01 09:28:29,5701.75,208919
2021-06-01 09:28:30,5699.0,208925
2021-06-01 09:28:31,5702.0,209131
2021-06-01 09:28:32,5700.0,209221
2021-06-01 09:28:33,5702.55,209408
2021-06-01 09:28:34,5700.7,209508
2021-06-01 09:28:35,5703.0,209618
2021-06-01 09:28:37,5701.2,209917
2021-06-01 09:28:38,5702.05,210117
2021-06-01 09:28:39,5705.0,210395
2021-06-01 09:28:39,5703.8,210396
2021-06-01 09:28:40,5703.7,210458
2021-06-01 09:28:41,5706.0,210788
2021-06-01 09:28:42,5703.85,210840
2021-06-01 09:28:43,5708.35,212258
2021-06-01 09:28:44,5707.2,212415
2021-06-01 09:28:45,5707.3,212788
2021-06-01 09:28:46,5710.0,212938
2021-06-01 09:28:47,5710.25,214493
2021-06-01 09:28:48,5710.25,214542
2021-06-01 09:28:49,5712.0,214676
2021-06-01 09:28:50,5712.0,214739
2021-06-01 09:28:51,5713.0,215050
2021-06-01 09:28:52,5710.2,215922
2021-06-01 09:28:53,5710.2,216035
2021-06-01 09:28:55,5710.0,216153
2021-06-01 09:28:56,5709.6,216407
2021-06-01 09:28:57,5712.55,216626
2021-06-01 09:28:59,5710.3,216901
2021-06-01 09:29:00,5709.8,217125
2021-06-01 09:29:01,5710.0,217227
2021-06-01 09:29:02,5712.0,217514
2021-06-01 09:29:03,5713.0,217638
2021-06-01 09:29:03,5709.9,217668
2021-06-01 09:29:05,5710.3,217944
2021-06-01 09:29:06,5712.0,218136
2021-06-01 09:29:06,5708.6,218156
2021-06-01 09:29:07,5709.6,218283
2021-06-01 09:29:08,5709.05,218477
2021-06-01 09:29:09,5709.0,218828
2021-06-01 09:29:10,5710.3,219120
2021-06-01 09:29:11,5712.0,220087
2021-06-01 09:29:12,5711.85,220173
2021-06-01 09:29:13,5713.0,221074
2021-06-01 09:29:14,5710.15,221279
2021-06-01 09:29:15,5708.2,221600
2021-06-01 09:29:16,5706.7,221920
2021-06-01 09:29:17,5708.45,222208
2021-06-01 09:29:18,5712.8,223284
2021-06-01 09:29:19,5710.0,223431
2021-06-01 09:29:20,5708.7,223726
2021-06-01 09:29:21,5707.95,223792
2021-06-01 09:29:22,5710.0,223910
2021-06-01 09:29:23,5706.3,224096
2021-06-01 09:29:24,5706.0,224385
2021-06-01 09:29:25,5707.6,224699
2021-06-01 09:29:26,5710.0,225999
2021-06-01 09:29:27,5709.95,226089
2021-06-01 09:29:28,5709.95,226089
2021-06-01 09:29:29,5709.95,226152
2021-06-01 09:29:31,5707.6,226475
2021-06-01 09:29:32,5707.6,226587
2021-06-01 09:29:34,5708.0,226989
2021-06-01 09:29:35,5709.75,227203
2021-06-01 09:29:36,5706.6,227500
2021-06-01 09:29:37,5708.4,228123
2021-06-01 09:29:38,5706.45,228408
2021-06-01 09:29:39,5706.45,228471
2021-06-01 09:29:40,5707.0,228539
2021-06-01 09:29:42,5709.15,228651
2021-06-01 09:29:42,5709.25,228652
2021-06-01 09:29:43,5709.25,228702
2021-06-01 09:29:44,5710.0,228742
2021-06-01 09:29:45,5710.0,229177
2021-06-01 09:29:46,5706.85,229333
2021-06-01 09:29:47,5709.55,229363
2021-06-01 09:29:48,5709.75,229474
2021-06-01 09:29:49,5707.6,229594
2021-06-01 09:29:51,5709.0,229599
2021-06-01 09:29:51,5709.0,229652
2021-06-01 09:29:52,5707.85,229676
2021-06-01 09:29:53,5709.0,230134
2021-06-01 09:29:54,5708.1,230166
2021-06-01 09:29:55,5709.0,230397
2021-06-01 09:29:57,5710.0,230549
2021-06-01 09:29:58,5710.0,230585
2021-06-01 09:29:59,5710.0,230642
2021-06-01 09:30:00,5710.0,231030
2021-06-01 09:30:01,5710.0,231084
2021-06-01 09:30:02,5707.85,231319
2021-06-01 09:30:03,5712.0,233225
2021-06-01 09:30:04,5710.0,233755
2021-06-01 09:30:05,5712.0,233826
2021-06-01 09:30:06,5714.0,235987
2021-06-01 09:30:07,5714.95,236702
2021-06-01 09:30:08,5715.0,236971
2021-06-01 09:30:09,5715.0,238895
2021-06-01 09:30:10,5716.05,242616
2021-06-01 09:30:11,5717.55,243119
2021-06-01 09:30:12,5718.0,243285
2021-06-01 09:30:13,5719.45,243959
2021-06-01 09:30:14,5716.4,244093
2021-06-01 09:30:15,5716.0,244381
2021-06-01 09:30:16,5716.3,244783
2021-06-01 09:30:17,5715.1,244947
2021-06-01 09:30:18,5715.9,245062
2021-06-01 09:30:19,5718.6,245165
2021-06-01 09:30:20,5716.3,245220
2021-06-01 09:30:21,5716.45,245325
2021-06-01 09:30:22,5717.0,245595
2021-06-01 09:30:23,5717.0,245686
2021-06-01 09:30:24,5717.0,245841
2021-06-01 09:30:27,5716.05,246145
2021-06-01 09:30:28,5716.15,246462
2021-06-01 09:30:28,5716.25,246452
2021-06-01 09:30:29,5717.1,247235
2021-06-01 09:30:30,5717.15,248117
2021-06-01 09:30:31,5717.45,248222
2021-06-01 09:30:32,5718.0,248557
2021-06-01 09:30:33,5718.8,248864
2021-06-01 09:30:34,5717.55,248954
2021-06-01 09:30:35,5717.0,249330
2021-06-01 09:30:37,5719.6,249578
2021-06-01 09:30:38,5718.0,249649
2021-06-01 09:30:39,5717.8,249877
2021-06-01 09:30:40,5718.0,250163
2021-06-01 09:30:41,5719.4,250520
2021-06-01 09:30:42,5718.0,250729
2021-06-01 09:30:43,5719.0,251089
2021-06-01 09:30:44,5718.8,251492
2021-06-01 09:30:45,5716.0,252339
2021-06-01 09:30:46,5716.3,253419
2021-06-01 09:30:47,5716.35,253693
2021-06-01 09:30:49,5716.0,254379
2021-06-01 09:30:50,5712.0,254555
2021-06-01 09:30:51,5712.0,254579
2021-06-01 09:30:52,5712.1,254619
2021-06-01 09:30:53,5715.35,255179
2021-06-01 09:30:54,5713.45,255216
2021-06-01 09:30:55,5715.0,255266
2021-06-01 09:30:56,5712.9,255282
2021-06-01 09:30:57,5712.0,255373
2021-06-01 09:30:58,5713.0,255400
2021-06-01 09:30:59,5712.95,255460
2021-06-01 09:30:59,5713.55,255471
2021-06-01 09:31:00,5715.75,255535
2021-06-01 09:31:01,5712.75,255644
2021-06-01 09:31:02,5715.7,255844
2021-06-01 09:31:03,5715.35,255990
2021-06-01 09:31:04,5712.45,258093
2021-06-01 09:31:05,5712.5,258222
2021-06-01 09:31:06,5710.55,258377
2021-06-01 09:31:07,5711.1,258574
2021-06-01 09:31:08,5712.7,258591
2021-06-01 09:31:09,5711.15,258741
2021-06-01 09:31:10,5713.0,258896
2021-06-01 09:31:11,5710.0,259118
2021-06-01 09:31:12,5707.7,259707
2021-06-01 09:31:13,5709.95,259815
2021-06-01 09:31:14,5710.0,259988
2021-06-01 09:31:15,5707.85,259993
2021-06-01 09:31:16,5707.6,260055
2021-06-01 09:31:17,5709.85,260070
2021-06-01 09:31:18,5709.9,260824
2021-06-01 09:31:19,5709.9,260824
2021-06-01 09:31:20,5709.0,260847
2021-06-01 09:31:21,5706.15,261239
2021-06-01 09:31:22,5704.85,261768
2021-06-01 09:31:23,5704.7,261793
2021-06-01 09:31:24,5705.0,261989
2021-06-01 09:31:25,5704.4,262226
2021-06-01 09:31:26,5704.0,262252
2021-06-01 09:31:27,5707.1,262926
2021-06-01 09:31:28,5706.45,263070
2021-06-01 09:31:29,5709.0,263173
2021-06-01 09:31:34,5708.75,263695
2021-06-01 09:31:35,5708.5,264177
2021-06-01 09:31:36,5707.2,264410
2021-06-01 09:31:37,5710.0,264460
2021-06-01 09:31:38,5708.0,264462
2021-06-01 09:31:40,5709.85,264891
2021-06-01 09:31:41,5709.4,267138
2021-06-01 09:31:42,5705.9,267195
2021-06-01 09:31:44,5707.5,267246
2021-06-01 09:31:45,5709.55,267289
2021-06-01 09:31:46,5706.0,267339
2021-06-01 09:31:46,5705.0,267341
2021-06-01 09:31:47,5705.35,267492
2021-06-01 09:31:48,5705.0,267529
2021-06-01 09:31:49,5704.0,267629
2021-06-01 09:31:50,5705.0,267780
2021-06-01 09:31:52,5704.8,268002
2021-06-01 09:31:53,5701.75,268401
2021-06-01 09:31:53,5704.1,268398
2021-06-01 09:31:54,5699.0,270336
2021-06-01 09:31:55,5699.0,270436
2021-06-01 09:31:56,5699.0,270513
2021-06-01 09:31:57,5699.0,270564
2021-06-01 09:31:58,5698.9,270617
2021-06-01 09:31:59,5699.0,270631
2021-06-01 09:32:00,5699.95,270674
2021-06-01 09:32:01,5700.7,270770
2021-06-01 09:32:02,5704.75,271044
2021-06-01 09:32:03,5702.35,271190
2021-06-01 09:32:04,5704.8,271191
2021-06-01 09:32:05,5704.9,271248
2021-06-01 09:32:07,5700.75,271369
2021-06-01 09:32:08,5703.5,271527
2021-06-01 09:32:09,5705.0,274065
2021-06-01 09:32:10,5705.0,274304
2021-06-01 09:32:10,5705.0,274274
2021-06-01 09:32:11,5701.0,274406
2021-06-01 09:32:12,5702.55,274427
2021-06-01 09:32:13,5702.55,274495
2021-06-01 09:32:14,5702.55,274790
2021-06-01 09:32:15,5702.55,274790
2021-06-01 09:32:16,5702.0,274832
2021-06-01 09:32:17,5702.0,274917
2021-06-01 09:32:18,5701.0,274950
2021-06-01 09:32:19,5702.45,275076
2021-06-01 09:32:20,5701.15,275156
2021-06-01 09:32:21,5700.0,275211
2021-06-01 09:32:22,5701.6,275225
2021-06-01 09:32:24,5701.45,275228
2021-06-01 09:32:25,5700.0,275291
2021-06-01 09:32:25,5700.0,275291
2021-06-01 09:32:26,5700.55,275475
2021-06-01 09:32:27,5702.6,275486
2021-06-01 09:32:28,5701.15,275557
2021-06-01 09:32:29,5700.0,276267
2021-06-01 09:32:30,5699.0,276550
2021-06-01 09:32:32,5700.0,276571
2021-06-01 09:32:33,5700.0,276981
2021-06-01 09:32:33,5700.0,276985
2021-06-01 09:32:34,5700.0,277020
2021-06-01 09:32:35,5700.0,277086
2021-06-01 09:32:36,5700.0,277152
2021-06-01 09:32:37,5699.9,277862
2021-06-01 09:32:39,5697.55,280181
2021-06-01 09:32:40,5696.0,280419
2021-06-01 09:32:41,5692.85,281584
2021-06-01 09:32:42,5693.7,281869
2021-06-01 09:32:42,5693.7,281869
2021-06-01 09:32:43,5694.2,281990
2021-06-01 09:32:44,5696.45,282043
2021-06-01 09:32:45,5696.45,282088
2021-06-01 09:32:46,5694.25,282554
2021-06-01 09:32:47,5694.2,282695
2021-06-01 09:32:49,5694.4,282789
2021-06-01 09:32:50,5695.7,283024
2021-06-01 09:32:50,5695.7,283024
2021-06-01 09:32:51,5695.0,283137
2021-06-01 09:32:53,5694.6,283261
2021-06-01 09:32:54,5695.0,283495
2021-06-01 09:32:55,5695.65,283640
2021-06-01 09:32:56,5697.0,283788
2021-06-01 09:32:56,5699.0,283790
2021-06-01 09:32:57,5698.9,283886
2021-06-01 09:32:58,5700.0,284861
2021-06-01 09:33:00,5698.6,285053
2021-06-01 09:33:01,5698.75,285085
2021-06-01 09:33:02,5701.7,285339
2021-06-01 09:33:03,5698.7,285393
2021-06-01 09:33:04,5702.0,285485
2021-06-01 09:33:04,5702.0,285485
2021-06-01 09:33:05,5700.0,285668
2021-06-01 09:33:06,5699.25,285780
2021-06-01 09:33:07,5698.5,286228
2021-06-01 09:33:09,5700.5,286294
2021-06-01 09:33:10,5700.0,286323
2021-06-01 09:33:11,5702.0,286332
2021-06-01 09:33:11,5699.5,286442
2021-06-01 09:33:13,5700.1,286657
2021-06-01 09:33:14,5700.0,286712
2021-06-01 09:33:16,5700.0,286869
2021-06-01 09:33:17,5700.0,286880
2021-06-01 09:33:18,5700.5,286895
2021-06-01 09:33:19,5700.0,286960
2021-06-01 09:33:21,5702.0,287065
2021-06-01 09:33:22,5701.95,287068
2021-06-01 09:33:23,5700.0,287079
2021-06-01 09:33:23,5700.0,287079
2021-06-01 09:33:24,5700.25,287162
2021-06-01 09:33:26,5700.6,287312
2021-06-01 09:33:27,5702.0,287325
2021-06-01 09:33:28,5701.4,287657
2021-06-01 09:33:29,5701.25,287708
2021-06-01 09:33:29,5701.35,287715
2021-06-01 09:33:30,5705.0,288349
2021-06-01 09:33:31,5703.8,288372
2021-06-01 09:33:33,5705.0,288465
2021-06-01 09:33:34,5703.65,289073
2021-06-01 09:33:35,5705.35,289259
2021-06-01 09:33:35,5705.35,289259
2021-06-01 09:33:36,5705.75,289432
2021-06-01 09:33:38,5705.0,289837
2021-06-01 09:33:39,5705.05,289924
2021-06-01 09:33:40,5705.0,290076
2021-06-01 09:33:40,5705.0,290101
2021-06-01 09:33:41,5704.95,290200
2021-06-01 09:33:42,5704.95,290202
2021-06-01 09:33:44,5708.7,290501
2021-06-01 09:33:45,5708.9,290536
2021-06-01 09:33:46,5705.0,290703
2021-06-01 09:33:47,5708.55,291114
2021-06-01 09:33:48,5706.3,291197
2021-06-01 09:33:49,5710.0,291760
2021-06-01 09:33:50,5709.75,291832
2021-06-01 09:33:50,5709.75,291832
2021-06-01 09:33:53,5708.9,291917
2021-06-01 09:33:54,5710.0,292213
2021-06-01 09:33:55,5710.0,292428
2021-06-01 09:33:56,5707.4,292595
2021-06-01 09:33:58,5710.0,293314
2021-06-01 09:33:59,5710.0,293878
2021-06-01 09:34:00,5710.25,295372
2021-06-01 09:34:00,5711.15,295478
2021-06-01 09:34:01,5712.0,295534
2021-06-01 09:34:03,5710.05,295556
2021-06-01 09:34:04,5710.0,295636
2021-06-01 09:34:05,5710.0,296222
2021-06-01 09:34:05,5710.1,296018
2021-06-01 09:34:06,5711.0,296476
2021-06-01 09:34:07,5713.45,296668
2021-06-01 09:34:09,5713.35,296693
2021-06-01 09:34:10,5713.0,296795
2021-06-01 09:34:11,5713.2,296845
2021-06-01 09:34:12,5712.45,297023
2021-06-01 09:34:13,5714.9,297198
2021-06-01 09:34:13,5713.0,297253
2021-06-01 09:34:14,5712.0,297321
2021-06-01 09:34:16,5712.75,297413
2021-06-01 09:34:17,5714.8,297468
2021-06-01 09:34:18,5714.75,297564
2021-06-01 09:34:19,5713.7,297876
2021-06-01 09:34:20,5713.95,297932
2021-06-01 09:34:21,5712.85,298220
2021-06-01 09:34:21,5712.85,298220
2021-06-01 09:34:22,5714.9,298318
2021-06-01 09:34:23,5715.0,298522
2021-06-01 09:34:25,5714.8,298666
2021-06-01 09:34:26,5717.55,301410
2021-06-01 09:34:27,5718.25,301734
2021-06-01 09:34:28,5715.6,302004
2021-06-01 09:34:30,5717.45,302210
2021-06-01 09:34:31,5715.15,302269
2021-06-01 09:34:32,5715.0,302415
2021-06-01 09:34:33,5714.3,303216
2021-06-01 09:34:33,5716.75,303166
2021-06-01 09:34:34,5715.0,303434
2021-06-01 09:34:35,5716.0,303442
2021-06-01 09:34:38,5716.0,303711
2021-06-01 09:34:39,5714.0,303887
2021-06-01 09:34:40,5714.1,304039
2021-06-01 09:34:41,5712.2,304078
2021-06-01 09:34:42,5714.45,304178
2021-06-01 09:34:43,5713.45,304294
2021-06-01 09:34:43,5713.45,304294
2021-06-01 09:34:44,5713.35,304428
2021-06-01 09:34:45,5713.55,304610
2021-06-01 09:34:47,5714.65,304670
2021-06-01 09:34:48,5710.35,304774
2021-06-01 09:34:49,5713.2,304940
2021-06-01 09:34:50,5710.0,304955
2021-06-01 09:34:52,5714.55,305119
2021-06-01 09:34:53,5713.35,305124
2021-06-01 09:34:54,5713.35,305184
2021-06-01 09:34:55,5712.0,305310
2021-06-01 09:34:56,5711.4,305475
2021-06-01 09:34:57,5713.95,305482
2021-06-01 09:34:58,5710.6,305597
2021-06-01 09:34:59,5711.0,305698
2021-06-01 09:35:00,5712.0,305737
2021-06-01 09:35:01,5712.0,305781
2021-06-01 09:35:02,5710.65,305821
2021-06-01 09:35:04,5711.95,305895
2021-06-01 09:35:05,5711.0,305917
2021-06-01 09:35:06,5710.75,307573
2021-06-01 09:35:07,5708.2,307743
2021-06-01 09:35:08,5710.0,307751
2021-06-01 09:35:09,5708.75,308559
2021-06-01 09:35:10,5711.0,308589
2021-06-01 09:35:11,5708.65,308689
2021-06-01 09:35:12,5712.0,308699
2021-06-01 09:35:13,5710.95,308719
2021-06-01 09:35:14,5712.0,308750
2021-06-01 09:35:15,5708.7,308835
2021-06-01 09:35:16,5708.65,308846
2021-06-01 09:35:17,5710.35,308856
2021-06-01 09:35:18,5709.05,308976
2021-06-01 09:35:19,5710.05,309335
2021-06-01 09:35:20,5710.95,309338
2021-06-01 09:35:21,5710.95,309359
2021-06-01 09:35:22,5709.2,309409
2021-06-01 09:35:22,5709.2,309409
2021-06-01 09:35:23,5710.0,309484
2021-06-01 09:35:24,5710.0,309519
2021-06-01 09:35:26,5710.95,309583
2021-06-01 09:35:27,5710.0,309760
2021-06-01 09:35:28,5709.25,310650
2021-06-01 09:35:29,5709.75,310777
2021-06-01 09:35:30,5712.0,310809
2021-06-01 09:35:30,5712.0,310809
2021-06-01 09:35:31,5709.7,310912
2021-06-01 09:35:32,5709.7,310927
2021-06-01 09:35:34,5709.5,310950
2021-06-01 09:35:35,5709.6,310963
2021-06-01 09:35:36,5712.0,311205
2021-06-01 09:35:37,5713.0,311244
2021-06-01 09:35:38,5712.0,311257
2021-06-01 09:35:39,5712.0,311340
2021-06-01 09:35:40,5711.55,311403
2021-06-01 09:35:40,5711.95,311390
2021-06-01 09:35:41,5714.0,311628
2021-06-01 09:35:42,5714.0,311690
2021-06-01 09:35:44,5710.9,311938
2021-06-01 09:35:45,5710.75,312097
2021-06-01 09:35:46,5712.85,312137
2021-06-01 09:35:47,5711.1,312146
2021-06-01 09:35:48,5712.85,312398
2021-06-01 09:35:48,5712.85,312398
2021-06-01 09:35:49,5710.7,312642
2021-06-01 09:35:50,5711.55,312643
2021-06-01 09:35:52,5712.0,312673
2021-06-01 09:35:54,5712.0,312921
2021-06-01 09:35:55,5712.0,312942
2021-06-01 09:35:56,5710.7,313093
2021-06-01 09:35:57,5710.7,313098
2021-06-01 09:35:58,5710.2,313239
2021-06-01 09:35:59,5712.2,313366
2021-06-01 09:36:00,5710.2,313515
2021-06-01 09:36:01,5710.0,313660
2021-06-01 09:36:01,5710.2,313772
2021-06-01 09:36:03,5711.1,313797
2021-06-01 09:36:04,5710.1,313824
2021-06-01 09:36:05,5711.8,313844
2021-06-01 09:36:06,5711.7,313930
2021-06-01 09:36:07,5710.7,314055
2021-06-01 09:36:08,5710.0,314313
2021-06-01 09:36:09,5710.0,314410
2021-06-01 09:36:10,5710.0,314478
2021-06-01 09:36:10,5710.05,314479
2021-06-01 09:36:12,5710.0,314767
2021-06-01 09:36:13,5710.0,315103
2021-06-01 09:36:14,5710.0,315329
2021-06-01 09:36:15,5708.25,315506
2021-06-01 09:36:16,5710.0,315748
2021-06-01 09:36:17,5707.7,316349
2021-06-01 09:36:18,5707.6,316425
2021-06-01 09:36:19,5707.45,316443
2021-06-01 09:36:20,5707.45,316496
2021-06-01 09:36:21,5710.0,316766
2021-06-01 09:36:22,5710.0,316956
2021-06-01 09:36:22,5707.85,316999
2021-06-01 09:36:23,5707.8,317026
2021-06-01 09:36:24,5707.8,317026
2021-06-01 09:36:26,5707.6,317064
2021-06-01 09:36:27,5709.5,317235
2021-06-01 09:36:28,5710.0,317418
2021-06-01 09:36:29,5710.0,317543
2021-06-01 09:36:30,5710.0,318187
2021-06-01 09:36:31,5708.6,318189
2021-06-01 09:36:32,5710.0,318201
2021-06-01 09:36:33,5708.0,318278
2021-06-01 09:36:34,5709.95,318298
2021-06-01 09:36:35,5708.0,318469
2021-06-01 09:36:36,5708.0,318573
2021-06-01 09:36:37,5707.55,318619
2021-06-01 09:36:38,5709.9,318656
2021-06-01 09:36:39,5709.5,318814
2021-06-01 09:36:40,5707.5,318884
2021-06-01 09:36:41,5707.0,319096
2021-06-01 09:36:42,5707.0,319131
2021-06-01 09:36:43,5708.25,319409
2021-06-01 09:36:43,5708.3,319412
2021-06-01 09:36:44,5708.0,319417
2021-06-01 09:36:46,5708.05,319429
2021-06-01 09:36:47,5710.0,319432
2021-06-01 09:36:48,5709.95,319447
2021-06-01 09:36:49,5709.95,319603
2021-06-01 09:36:50,5707.45,319651
2021-06-01 09:36:51,5707.55,319687
2021-06-01 09:36:52,5709.9,319853
2021-06-01 09:36:53,5710.0,319997
2021-06-01 09:36:53,5710.0,319997
2021-06-01 09:36:54,5710.0,320150
2021-06-01 09:36:55,5710.0,320209
2021-06-01 09:36:57,5710.0,320238
2021-06-01 09:36:58,5710.4,320717
2021-06-01 09:36:59,5712.0,320728
2021-06-01 09:37:00,5712.1,321440
2021-06-01 09:37:01,5712.1,321455
2021-06-01 09:37:02,5710.3,321562
2021-06-01 09:37:03,5710.0,321663
2021-06-01 09:37:04,5710.0,321671
2021-06-01 09:37:05,5712.5,321729
2021-06-01 09:37:06,5710.3,321914
2021-06-01 09:37:07,5710.1,322081
2021-06-01 09:37:08,5709.2,322540
2021-06-01 09:37:08,5709.2,322540
2021-06-01 09:37:11,5713.25,325406
2021-06-01 09:37:12,5713.4,325416
2021-06-01 09:37:13,5712.5,325603
2021-06-01 09:37:14,5714.3,325868
2021-06-01 09:37:15,5715.2,325949
2021-06-01 09:37:16,5715.0,325974
2021-06-01 09:37:17,5717.95,326740
2021-06-01 09:37:19,5716.2,327560
2021-06-01 09:37:20,5717.9,328209
2021-06-01 09:37:21,5718.8,328257
2021-06-01 09:37:22,5716.5,328305
2021-06-01 09:37:23,5716.5,328345
2021-06-01 09:37:24,5718.45,328375
2021-06-01 09:37:25,5718.8,328585
2021-06-01 09:37:26,5718.8,328795
2021-06-01 09:37:27,5719.0,329287
2021-06-01 09:37:28,5725.0,340858
2021-06-01 09:37:29,5719.4,342523
2021-06-01 09:37:30,5720.0,342757
2021-06-01 09:37:31,5722.3,342764
2021-06-01 09:37:32,5720.05,343070
2021-06-01 09:37:33,5719.0,343830
2021-06-01 09:37:35,5719.0,343996
2021-06-01 09:37:34,5716.8,343966
2021-06-01 09:37:36,5719.0,344050
2021-06-01 09:37:37,5719.3,344145
2021-06-01 09:37:38,5720.95,344248
2021-06-01 09:37:39,5719.7,344435
2021-06-01 09:37:40,5719.0,344540
2021-06-01 09:37:41,5719.45,344750
2021-06-01 09:37:42,5719.55,345238
2021-06-01 09:37:43,5717.4,345267
2021-06-01 09:37:44,5717.0,345439
2021-06-01 09:37:46,5718.6,345684
2021-06-01 09:37:47,5718.6,345684
2021-06-01 09:37:48,5716.5,345790
2021-06-01 09:37:50,5717.95,345849
2021-06-01 09:37:51,5718.8,345906
2021-06-01 09:37:52,5720.0,346284
2021-06-01 09:37:53,5719.0,346307
2021-06-01 09:37:54,5720.0,346512
2021-06-01 09:37:55,5718.2,346643
2021-06-01 09:37:56,5720.0,346727
2021-06-01 09:37:57,5720.0,346763
2021-06-01 09:37:58,5721.25,346994
2021-06-01 09:37:59,5721.25,346994
2021-06-01 09:38:00,5721.2,347054
2021-06-01 09:38:01,5721.15,347193
2021-06-01 09:38:02,5721.15,347204
2021-06-01 09:38:03,5721.2,347263
2021-06-01 09:38:04,5723.0,347268
2021-06-01 09:38:05,5722.85,347279
2021-06-01 09:38:06,5720.2,347345
2021-06-01 09:38:07,5719.0,347596
2021-06-01 09:38:08,5722.8,348126
2021-06-01 09:38:10,5719.8,348327
2021-06-01 09:38:09,5719.8,348327
2021-06-01 09:38:11,5721.65,348460
2021-06-01 09:38:12,5722.2,348514
2021-06-01 09:38:13,5721.15,348834
2021-06-01 09:38:14,5720.0,349049
2021-06-01 09:38:15,5720.0,349128
2021-06-01 09:38:16,5719.0,349455
2021-06-01 09:38:17,5720.0,349621
2021-06-01 09:38:18,5721.1,349687
2021-06-01 09:38:19,5719.7,349747
2021-06-01 09:38:20,5720.95,349904
2021-06-01 09:38:21,5719.0,349911
2021-06-01 09:38:22,5719.9,350178
2021-06-01 09:38:23,5719.9,350188
2021-06-01 09:38:24,5719.9,350240
2021-06-01 09:38:26,5719.0,350301
2021-06-01 09:38:27,5719.9,350327
2021-06-01 09:38:28,5719.3,350514
2021-06-01 09:38:29,5721.95,350615
2021-06-01 09:38:30,5720.0,350634
2021-06-01 09:38:31,5721.0,350654
2021-06-01 09:38:32,5719.2,350698
2021-06-01 09:38:33,5719.2,350772
2021-06-01 09:38:34,5719.05,350789
2021-06-01 09:38:35,5721.8,350994
2021-06-01 09:38:36,5719.3,351124
2021-06-01 09:38:37,5719.15,351266
2021-06-01 09:38:38,5719.15,351266
2021-06-01 09:38:39,5719.0,351498
2021-06-01 09:38:40,5719.15,351533
2021-06-01 09:38:41,5719.0,351623
2021-06-01 09:38:42,5721.0,351644
2021-06-01 09:38:44,5720.25,352108
2021-06-01 09:38:45,5719.0,352272
2021-06-01 09:38:46,5722.6,352872
2021-06-01 09:38:47,5721.0,353026
2021-06-01 09:38:48,5721.35,353245
2021-06-01 09:38:49,5721.45,353512
2021-06-01 09:38:50,5719.0,353576
2021-06-01 09:38:51,5719.1,353607
2021-06-01 09:38:52,5718.0,353727
2021-06-01 09:38:53,5716.5,354060
2021-06-01 09:38:54,5712.45,354258
2021-06-01 09:38:56,5707.0,356959
2021-06-01 09:38:57,5708.75,357096
2021-06-01 09:38:58,5708.8,357112
2021-06-01 09:38:59,5708.8,357112
2021-06-01 09:39:01,5709.25,357376
2021-06-01 09:39:03,5707.0,357570
2021-06-01 09:39:04,5708.85,357597
2021-06-01 09:39:05,5708.85,357635
2021-06-01 09:39:06,5709.65,357713
2021-06-01 09:39:07,5709.35,357783
2021-06-01 09:39:08,5712.4,357828
2021-06-01 09:39:09,5712.6,357928
2021-06-01 09:39:10,5712.7,357973
2021-06-01 09:39:11,5713.65,358091
2021-06-01 09:39:12,5711.15,358099
2021-06-01 09:39:13,5714.55,358155
2021-06-01 09:39:14,5714.55,358155
2021-06-01 09:39:15,5712.95,358220
2021-06-01 09:39:16,5712.8,358224
2021-06-01 09:39:17,5715.25,358236
2021-06-01 09:39:18,5710.3,358878
2021-06-01 09:39:19,5709.85,359028
2021-06-01 09:39:21,5710.2,359249
2021-06-01 09:39:23,5710.2,359250
2021-06-01 09:39:23,5710.2,359249
2021-06-01 09:39:24,5709.85,359310
2021-06-01 09:39:25,5707.4,359556
2021-06-01 09:39:26,5708.0,359603
2021-06-01 09:39:27,5710.0,359606
2021-06-01 09:39:28,5712.4,359657
2021-06-01 09:39:29,5709.65,359662
2021-06-01 09:39:30,5712.35,359699
2021-06-01 09:39:31,5709.7,359742
2021-06-01 09:39:33,5710.0,359911
2021-06-01 09:39:33,5710.0,359891
2021-06-01 09:39:34,5709.65,360030
2021-06-01 09:39:35,5711.75,360267
2021-06-01 09:39:36,5710.0,360333
2021-06-01 09:39:37,5709.65,360348
2021-06-01 09:39:38,5707.0,360906
2021-06-01 09:39:39,5709.15,361045
2021-06-01 09:39:40,5709.2,361143
2021-06-01 09:39:41,5709.0,361184
2021-06-01 09:39:43,5710.3,361972
2021-06-01 09:39:43,5712.7,361999
2021-06-01 09:39:44,5711.6,362010
2021-06-01 09:39:45,5711.0,362137
2021-06-01 09:39:46,5711.0,362214
2021-06-01 09:39:47,5707.0,362469
2021-06-01 09:39:48,5705.8,363649
2021-06-01 09:39:50,5702.85,363799
2021-06-01 09:39:51,5701.55,364434
2021-06-01 09:39:51,5701.55,364434
2021-06-01 09:39:52,5703.05,364550
2021-06-01 09:39:53,5703.55,364583
2021-06-01 09:39:54,5703.3,364606
2021-06-01 09:39:55,5701.2,364700
2021-06-01 09:39:56,5703.65,364851
2021-06-01 09:39:57,5701.9,364875
2021-06-01 09:39:58,5704.45,364967
2021-06-01 09:40:00,5703.0,365039
2021-06-01 09:40:00,5703.55,365029
2021-06-01 09:40:01,5701.25,365107
2021-06-01 09:40:02,5703.0,365147
2021-06-01 09:40:03,5701.6,365151
2021-06-01 09:40:04,5701.6,365204
2021-06-01 09:40:05,5701.85,365239
2021-06-01 09:40:06,5701.95,365453
2021-06-01 09:40:08,5705.0,365750
2021-06-01 09:40:10,5703.65,365812
2021-06-01 09:40:11,5703.8,366027
2021-06-01 09:40:12,5706.65,366028
2021-06-01 09:40:13,5706.7,366318
2021-06-01 09:40:14,5707.55,366329
2021-06-01 09:40:16,5706.45,366489
2021-06-01 09:40:16,5703.5,366541
2021-06-01 09:40:18,5705.65,366621
2021-06-01 09:40:19,5705.65,366646
2021-06-01 09:40:20,5704.95,366671
2021-06-01 09:40:21,5703.95,366768
2021-06-01 09:40:23,5704.55,366832
2021-06-01 09:40:23,5704.55,366832
2021-06-01 09:40:24,5704.5,366923
2021-06-01 09:40:25,5702.0,367027
2021-06-01 09:40:26,5704.2,367030
2021-06-01 09:40:27,5703.0,367134
2021-06-01 09:40:28,5705.0,367474
2021-06-01 09:40:29,5704.2,367482
2021-06-01 09:40:30,5705.15,367611
2021-06-01 09:40:31,5706.4,367693
2021-06-01 09:40:32,5704.65,368215
2021-06-01 09:40:33,5705.65,368219
2021-06-01 09:40:35,5704.0,368330
2021-06-01 09:40:35,5704.0,368330
2021-06-01 09:40:36,5706.75,368412
2021-06-01 09:40:37,5706.75,368427
2021-06-01 09:40:38,5706.45,368553
2021-06-01 09:40:40,5706.0,368573
2021-06-01 09:40:41,5706.7,368646
2021-06-01 09:40:42,5704.7,368666
2021-06-01 09:40:43,5706.0,368671
2021-06-01 09:40:45,5706.95,368904
2021-06-01 09:40:46,5708.05,369228
2021-06-01 09:40:47,5704.0,369393
2021-06-01 09:40:48,5704.0,369393
2021-06-01 09:40:49,5704.65,369455
2021-06-01 09:40:50,5704.0,369716
2021-06-01 09:40:53,5703.05,370038
2021-06-01 09:40:53,5705.15,370043
2021-06-01 09:40:54,5705.0,370044
2021-06-01 09:40:55,5705.0,370054
2021-06-01 09:40:56,5705.0,370075
2021-06-01 09:40:57,5707.1,370894
2021-06-01 09:40:58,5705.0,370919
2021-06-01 09:40:59,5706.0,370961
2021-06-01 09:41:01,5707.0,371171
2021-06-01 09:41:02,5706.0,371185
2021-06-01 09:41:04,5704.65,371394
2021-06-01 09:41:04,5706.35,371364
2021-06-01 09:41:05,5704.35,371434
2021-06-01 09:41:06,5706.1,371449
2021-06-01 09:41:07,5708.0,371575
2021-06-01 09:41:08,5706.7,371578
2021-06-01 09:41:09,5705.25,371614
2021-06-01 09:41:10,5705.2,371665
2021-06-01 09:41:11,5705.2,371665
2021-06-01 09:41:12,5705.25,371723
2021-06-01 09:41:13,5704.35,371789
2021-06-01 09:41:14,5705.0,371909
2021-06-01 09:41:15,5705.0,371909
2021-06-01 09:41:16,5706.3,371914
2021-06-01 09:41:18,5706.3,371919
2021-06-01 09:41:20,5706.3,371995
2021-06-01 09:41:21,5701.55,373123
2021-06-01 09:41:22,5703.4,373245
2021-06-01 09:41:23,5701.55,373291
2021-06-01 09:41:24,5703.15,373305
2021-06-01 09:41:25,5701.0,373487
2021-06-01 09:41:26,5701.55,373490
2021-06-01 09:41:28,5701.55,373523
2021-06-01 09:41:29,5701.0,373605
2021-06-01 09:41:30,5701.55,373800
2021-06-01 09:41:30,5701.55,373800
2021-06-01 09:41:31,5700.0,375184
2021-06-01 09:41:32,5701.0,375209
2021-06-01 09:41:33,5700.0,375223
2021-06-01 09:41:34,5701.0,375231
2021-06-01 09:41:36,5700.0,375338
2021-06-01 09:41:37,5700.0,376479
2021-06-01 09:41:38,5701.1,376554
2021-06-01 09:41:38,5701.1,376552
2021-06-01 09:41:39,5700.15,376599
2021-06-01 09:41:41,5700.0,376749
2021-06-01 09:41:41,5701.0,376719
2021-06-01 09:41:42,5700.15,376884
2021-06-01 09:41:44,5701.1,377073
2021-06-01 09:41:45,5699.85,378289
2021-06-01 09:41:47,5698.3,378663
2021-06-01 09:41:48,5695.65,378855
2021-06-01 09:41:49,5698.1,378876
2021-06-01 09:41:50,5695.65,378918
2021-06-01 09:41:52,5696.2,379080
2021-06-01 09:41:53,5695.1,379114
2021-06-01 09:41:53,5697.05,379390
2021-06-01 09:41:55,5697.05,379559
2021-06-01 09:41:56,5696.65,379570
2021-06-01 09:41:56,5698.5,379670
2021-06-01 09:41:58,5697.05,379711
2021-06-01 09:42:00,5697.7,380002
2021-06-01 09:41:59,5696.65,379781
2021-06-01 09:42:01,5697.7,380022
2021-06-01 09:42:03,5695.05,380105
2021-06-01 09:42:04,5695.0,380438
2021-06-01 09:42:05,5695.0,380438
2021-06-01 09:42:06,5696.65,380472
2021-06-01 09:42:07,5696.65,381006
2021-06-01 09:42:09,5695.0,381222
2021-06-01 09:42:10,5696.5,381294
2021-06-01 09:42:11,5694.0,381529
2021-06-01 09:42:11,5694.0,381529
2021-06-01 09:42:12,5691.1,382065
2021-06-01 09:42:13,5691.1,382378
2021-06-01 09:42:14,5691.25,382503
2021-06-01 09:42:15,5691.15,382672
2021-06-01 09:42:17,5691.1,382784
2021-06-01 09:42:19,5693.0,382829
2021-06-01 09:42:20,5691.1,382880
2021-06-01 09:42:21,5693.0,382927
2021-06-01 09:42:21,5693.6,382982
2021-06-01 09:42:22,5693.6,382985
2021-06-01 09:42:23,5691.1,383296
2021-06-01 09:42:24,5691.2,383994
2021-06-01 09:42:26,5692.0,384063
2021-06-01 09:42:27,5690.75,384122
2021-06-01 09:42:28,5692.0,384158
2021-06-01 09:42:29,5690.2,384785
2021-06-01 09:42:30,5692.5,384861
2021-06-01 09:42:31,5690.85,385029
2021-06-01 09:42:32,5692.45,385089
2021-06-01 09:42:32,5692.45,385089
2021-06-01 09:42:34,5691.15,385167
2021-06-01 09:42:36,5686.15,388260
2021-06-01 09:42:37,5688.2,389124
2021-06-01 09:42:39,5688.1,389313
2021-06-01 09:42:40,5688.2,389332
2021-06-01 09:42:41,5690.15,389609
2021-06-01 09:42:41,5690.25,389709
2021-06-01 09:42:42,5689.2,389880
2021-06-01 09:42:44,5688.6,389927
2021-06-01 09:42:45,5690.0,390217
2021-06-01 09:42:46,5690.7,390230
2021-06-01 09:42:46,5690.7,390229
2021-06-01 09:42:47,5688.25,390357
2021-06-01 09:42:48,5691.05,390408
2021-06-01 09:42:49,5689.0,390599
2021-06-01 09:42:50,5690.5,390732
2021-06-01 09:42:52,5690.45,390772
2021-06-01 09:42:53,5691.25,390806
2021-06-01 09:42:53,5691.25,390806
2021-06-01 09:42:54,5693.0,391207
2021-06-01 09:42:55,5691.7,391388
2021-06-01 09:42:56,5695.05,391500
2021-06-01 09:42:57,5696.55,391650
2021-06-01 09:42:58,5696.05,391924
2021-06-01 09:43:00,5693.55,391980
2021-06-01 09:43:01,5693.65,392071
2021-06-01 09:43:01,5693.65,392071
2021-06-01 09:43:02,5696.6,392073
2021-06-01 09:43:03,5696.4,392131
2021-06-01 09:43:04,5696.55,392201
2021-06-01 09:43:05,5696.75,392311
2021-06-01 09:43:06,5696.8,392349
2021-06-01 09:43:07,5696.0,392355
2021-06-01 09:43:09,5696.0,392357
2021-06-01 09:43:10,5696.0,392400
2021-06-01 09:43:10,5695.0,392420
2021-06-01 09:43:11,5695.0,392426
2021-06-01 09:43:13,5696.25,392481
2021-06-01 09:43:14,5696.25,392556
2021-06-01 09:43:15,5696.2,392579
2021-06-01 09:43:16,5696.0,392594
2021-06-01 09:43:17,5693.7,392629
2021-06-01 09:43:19,5695.95,392658
2021-06-01 09:43:19,5695.95,392658
2021-06-01 09:43:21,5695.15,392683
2021-06-01 09:43:22,5693.4,392706
2021-06-01 09:43:23,5695.15,392757
2021-06-01 09:43:23,5695.15,392757
2021-06-01 09:43:24,5695.0,392824
2021-06-01 09:43:25,5695.0,392848
2021-06-01 09:43:26,5695.0,392852
2021-06-01 09:43:27,5694.0,392853
2021-06-01 09:43:28,5696.0,392873
2021-06-01 09:43:29,5696.0,392875
2021-06-01 09:43:31,5694.0,392879
2021-06-01 09:43:32,5693.4,392889
2021-06-01 09:43:32,5695.0,393043
2021-06-01 09:43:34,5695.15,393068
2021-06-01 09:43:35,5695.15,393068
2021-06-01 09:43:36,5695.15,393093
2021-06-01 09:43:37,5695.15,393093
2021-06-01 09:43:38,5695.15,393094
2021-06-01 09:43:39,5696.25,393244
2021-06-01 09:43:41,5696.0,393370
2021-06-01 09:43:42,5695.15,393435
2021-06-01 09:43:42,5696.55,393430
2021-06-01 09:43:43,5695.15,393501
2021-06-01 09:43:44,5695.0,393635
2021-06-01 09:43:46,5696.6,393637
2021-06-01 09:43:47,5695.15,393698
2021-06-01 09:43:48,5695.95,393747
2021-06-01 09:43:49,5696.6,394529
2021-06-01 09:43:50,5697.55,394546
2021-06-01 09:43:51,5698.0,394645
2021-06-01 09:43:52,5697.45,394765
2021-06-01 09:43:53,5699.0,394780
2021-06-01 09:43:54,5699.0,394780
2021-06-01 09:43:56,5699.0,394837
2021-06-01 09:43:57,5697.75,394894
2021-06-01 09:43:58,5698.7,394900
2021-06-01 09:43:59,5698.2,394969
2021-06-01 09:44:00,5698.0,394972
2021-06-01 09:44:00,5698.0,394972
2021-06-01 09:44:02,5696.0,395855
2021-06-01 09:44:04,5696.0,395887
2021-06-01 09:44:05,5696.0,395887
2021-06-01 09:44:06,5696.0,395891
2021-06-01 09:44:07,5695.15,395916
2021-06-01 09:44:07,5695.15,395916
2021-06-01 09:44:08,5695.25,396218
2021-06-01 09:44:10,5696.0,396263
2021-06-01 09:44:11,5696.25,396305
2021-06-01 09:44:12,5696.25,396319
2021-06-01 09:44:12,5698.0,396324
2021-06-01 09:44:13,5695.6,396366
2021-06-01 09:44:14,5695.7,396468
2021-06-01 09:44:16,5696.0,396500
2021-06-01 09:44:17,5697.9,396533
2021-06-01 09:44:18,5697.9,396560
2021-06-01 09:44:19,5696.0,396580
2021-06-01 09:44:19,5696.0,396580
2021-06-01 09:44:20,5696.0,396755
2021-06-01 09:44:21,5696.0,396755
2021-06-01 09:44:23,5695.55,396759
2021-06-01 09:44:24,5695.5,396887
2021-06-01 09:44:25,5697.5,396895
2021-06-01 09:44:26,5695.5,396904
2021-06-01 09:44:27,5695.5,396936
2021-06-01 09:44:27,5695.5,396936
2021-06-01 09:44:28,5697.0,396951
2021-06-01 09:44:29,5695.2,397051
2021-06-01 09:44:30,5695.5,397086
2021-06-01 09:44:32,5696.0,397090
2021-06-01 09:44:33,5695.55,397103
2021-06-01 09:44:34,5697.95,397142
2021-06-01 09:44:35,5697.95,397146
2021-06-01 09:44:35,5696.0,397147
2021-06-01 09:44:36,5696.0,397153
2021-06-01 09:44:37,5697.0,397203
2021-06-01 09:44:39,5695.55,397235
2021-06-01 09:44:39,5695.6,397379
2021-06-01 09:44:41,5698.7,397461
2021-06-01 09:44:42,5698.7,397461
2021-06-01 09:44:43,5698.6,397536
2021-06-01 09:44:44,5698.6,397551
2021-06-01 09:44:45,5698.6,397551
2021-06-01 09:44:46,5695.65,397571
2021-06-01 09:44:47,5696.05,397572
2021-06-01 09:44:48,5697.75,397618
2021-06-01 09:44:49,5698.4,397643
2021-06-01 09:44:50,5696.15,397644
2021-06-01 09:44:51,5696.15,397814
2021-06-01 09:44:52,5697.95,397816
2021-06-01 09:44:53,5698.4,397966
2021-06-01 09:44:55,5696.7,397982
2021-06-01 09:44:56,5699.55,398085
2021-06-01 09:44:57,5697.6,398100
2021-06-01 09:44:58,5698.85,398161
2021-06-01 09:44:58,5698.85,398161
2021-06-01 09:44:59,5698.85,398181
2021-06-01 09:45:00,5698.0,398225
2021-06-01 09:45:01,5698.0,398247
2021-06-01 09:45:03,5697.0,398294
2021-06-01 09:45:03,5697.0,398294
2021-06-01 09:45:04,5697.0,398312
2021-06-01 09:45:05,5698.95,398318
2021-06-01 09:45:07,5698.95,398318
2021-06-01 09:45:08,5698.0,398319
2021-06-01 09:45:09,5699.0,398340
2021-06-01 09:45:10,5698.0,398341
2021-06-01 09:45:11,5697.05,398343
2021-06-01 09:45:12,5698.0,398348
2021-06-01 09:45:13,5697.0,398561
2021-06-01 09:45:13,5694.15,399702
2021-06-01 09:45:14,5694.35,399812
2021-06-01 09:45:15,5691.0,400847
2021-06-01 09:45:17,5692.05,400848
2021-06-01 09:45:18,5688.25,402260
2021-06-01 09:45:19,5689.05,402288
2021-06-01 09:45:20,5689.05,402319
2021-06-01 09:45:21,5689.15,402359
2021-06-01 09:45:22,5690.65,402445
2021-06-01 09:45:23,5689.25,402457
2021-06-01 09:45:24,5689.05,402484
2021-06-01 09:45:25,5690.8,402534
2021-06-01 09:45:26,5689.95,402737
2021-06-01 09:45:26,5689.95,402737
2021-06-01 09:45:27,5689.7,403958
2021-06-01 09:45:28,5689.5,403993
2021-06-01 09:45:29,5691.0,404021
2021-06-01 09:45:30,5689.1,404048
2021-06-01 09:45:31,5689.1,404088
2021-06-01 09:45:32,5689.0,404089
2021-06-01 09:45:33,5688.95,404131
2021-06-01 09:45:35,5688.0,405789
2021-06-01 09:45:36,5686.0,405934
2021-06-01 09:45:37,5686.85,405978
2021-06-01 09:45:38,5688.1,405979
2021-06-01 09:45:38,5688.1,405979
2021-06-01 09:45:39,5686.0,406106
2021-06-01 09:45:40,5686.5,406109
2021-06-01 09:45:42,5686.0,406188
2021-06-01 09:45:43,5688.1,406255
2021-06-01 09:45:44,5686.45,406290
2021-06-01 09:45:44,5686.45,406292
2021-06-01 09:45:46,5686.0,406334
2021-06-01 09:45:47,5687.95,406363
2021-06-01 09:45:48,5686.5,406428
2021-06-01 09:45:49,5687.95,406445
2021-06-01 09:45:50,5688.0,406492
2021-06-01 09:45:51,5688.1,406493
2021-06-01 09:45:52,5688.0,406586
2021-06-01 09:45:52,5688.0,406586
2021-06-01 09:45:54,5686.45,406706
2021-06-01 09:45:55,5688.0,406914
2021-06-01 09:45:56,5688.0,406917
2021-06-01 09:45:57,5689.55,406977
2021-06-01 09:45:58,5688.0,407058
2021-06-01 09:45:59,5688.0,407058
2021-06-01 09:46:00,5689.2,407188
2021-06-01 09:46:01,5687.0,407196
2021-06-01 09:46:02,5688.9,407222
2021-06-01 09:46:02,5686.5,407252
2021-06-01 09:46:03,5688.9,407290
2021-06-01 09:46:05,5688.0,407858
2021-06-01 09:46:06,5686.2,407873
2021-06-01 09:46:07,5688.65,408253
2021-06-01 09:46:08,5686.1,408295
2021-06-01 09:46:10,5686.0,408590
2021-06-01 09:46:11,5686.0,408615
2021-06-01 09:46:12,5685.85,408657
2021-06-01 09:46:13,5686.2,409009
2021-06-01 09:46:14,5688.0,409172
2021-06-01 09:46:14,5688.0,409157
2021-06-01 09:46:16,5688.95,409312
2021-06-01 09:46:17,5686.1,409322
2021-06-01 09:46:18,5688.0,409332
2021-06-01 09:46:19,5686.05,409342
2021-06-01 09:46:20,5688.0,409363
2021-06-01 09:46:20,5688.1,409388
2021-06-01 09:46:21,5687.0,409389
2021-06-01 09:46:23,5685.5,409879
2021-06-01 09:46:26,5686.1,410510
2021-06-01 09:46:25,5685.0,410498
2021-06-01 09:46:27,5685.0,410583
2021-06-01 09:46:28,5685.0,410594
2021-06-01 09:46:29,5685.5,410596
2021-06-01 09:46:30,5685.05,410755
2021-06-01 09:46:32,5685.0,410834
2021-06-01 09:46:33,5686.9,410990
2021-06-01 09:46:34,5686.95,411155
2021-06-01 09:46:35,5686.65,411165
2021-06-01 09:46:36,5685.0,411245
2021-06-01 09:46:38,5685.0,411370
2021-06-01 09:46:38,5685.0,411370
2021-06-01 09:46:40,5685.0,412053
2021-06-01 09:46:41,5686.3,412078
2021-06-01 09:46:42,5686.0,412095
2021-06-01 09:46:43,5686.3,412118
2021-06-01 09:46:44,5686.3,412180
2021-06-01 09:46:44,5686.3,412179
2021-06-01 09:46:46,5685.0,412203
2021-06-01 09:46:47,5686.0,412217
2021-06-01 09:46:48,5685.0,412339
2021-06-01 09:46:49,5686.65,412430
2021-06-01 09:46:50,5686.0,412490
2021-06-01 09:46:51,5685.0,412498
2021-06-01 09:46:52,5686.0,412529
2021-06-01 09:46:53,5685.0,412539
2021-06-01 09:46:54,5685.0,412549
2021-06-01 09:46:55,5685.0,412557
2021-06-01 09:46:56,5685.0,412673
2021-06-01 09:46:57,5684.05,412754
2021-06-01 09:46:58,5684.05,412764
2021-06-01 09:46:59,5684.05,412783
2021-06-01 09:47:00,5685.0,412846
2021-06-01 09:47:01,5685.0,412866
2021-06-01 09:47:02,5685.0,412874
2021-06-01 09:47:03,5685.0,412964
2021-06-01 09:47:03,5684.05,413019
2021-06-01 09:47:05,5686.0,413309
2021-06-01 09:47:07,5684.05,413322
2021-06-01 09:47:08,5686.0,413360
2021-06-01 09:47:09,5686.0,413706
2021-06-01 09:47:10,5687.55,413820
2021-06-01 09:47:11,5685.25,413846
2021-06-01 09:47:12,5687.85,413938
2021-06-01 09:47:13,5685.3,414038
2021-06-01 09:47:14,5685.45,414134
2021-06-01 09:47:14,5685.25,414053
2021-06-01 09:47:16,5687.85,414155
2021-06-01 09:47:17,5685.6,414173
2021-06-01 09:47:18,5687.95,414201
2021-06-01 09:47:19,5685.65,414221
2021-06-01 09:47:20,5688.1,414676
2021-06-01 09:47:21,5688.1,414679
2021-06-01 09:47:22,5688.1,414679
2021-06-01 09:47:23,5690.0,414887
2021-06-01 09:47:24,5687.65,414892
2021-06-01 09:47:25,5687.6,414942
2021-06-01 09:47:26,5689.3,414982
2021-06-01 09:47:26,5689.9,415007
2021-06-01 09:47:29,5690.0,415017
2021-06-01 09:47:30,5690.0,416201
2021-06-01 09:47:31,5690.0,416227
2021-06-01 09:47:32,5690.0,416228
2021-06-01 09:47:32,5688.6,416278
2021-06-01 09:47:34,5688.6,416278
2021-06-01 09:47:35,5689.0,416331
2021-06-01 09:47:36,5688.1,416351
2021-06-01 09:47:37,5687.8,416452
2021-06-01 09:47:38,5688.9,416453
2021-06-01 09:47:39,5687.95,416463
2021-06-01 09:47:40,5686.35,416621
2021-06-01 09:47:41,5685.65,418264
2021-06-01 09:47:42,5685.8,418389
2021-06-01 09:47:43,5683.5,418967
2021-06-01 09:47:44,5682.3,419052
2021-06-01 09:47:45,5684.0,419150
2021-06-01 09:47:46,5682.3,419151
2021-06-01 09:47:47,5682.3,419153
2021-06-01 09:47:48,5682.3,419199
2021-06-01 09:47:49,5682.3,419265
2021-06-01 09:47:50,5682.3,419404
2021-06-01 09:47:51,5682.4,419430
2021-06-01 09:47:52,5682.0,419587
2021-06-01 09:47:53,5683.6,419588
2021-06-01 09:47:55,5683.95,419660
2021-06-01 09:47:56,5683.95,419666
2021-06-01 09:47:57,5684.0,419969
2021-06-01 09:47:58,5681.1,419985
2021-06-01 09:47:59,5683.75,420040
2021-06-01 09:48:00,5683.75,420123
2021-06-01 09:48:01,5681.0,420351
2021-06-01 09:48:02,5683.5,420358
2021-06-01 09:48:03,5683.5,420358
2021-06-01 09:48:04,5683.0,420373
2021-06-01 09:48:05,5682.95,420384
2021-06-01 09:48:06,5682.95,420384
2021-06-01 09:48:07,5682.95,420412
2021-06-01 09:48:08,5683.5,420632
2021-06-01 09:48:09,5684.0,420695
2021-06-01 09:48:10,5681.65,420697
2021-06-01 09:48:11,5681.65,420697
2021-06-01 09:48:12,5682.0,420797
2021-06-01 09:48:13,5683.95,420857
2021-06-01 09:48:14,5682.3,420880
2021-06-01 09:48:15,5683.95,420974
2021-06-01 09:48:16,5683.35,421100
2021-06-01 09:48:17,5684.0,421104
2021-06-01 09:48:18,5683.6,421173
2021-06-01 09:48:19,5683.05,421210
2021-06-01 09:48:20,5683.05,421214
2021-06-01 09:48:21,5685.65,421666
2021-06-01 09:48:22,5685.65,421666
2021-06-01 09:48:23,5684.95,421691
2021-06-01 09:48:24,5685.5,421747
2021-06-01 09:48:25,5685.5,421747
2021-06-01 09:48:26,5683.05,421920
2021-06-01 09:48:27,5684.95,421930
2021-06-01 09:48:28,5686.0,421960
2021-06-01 09:48:29,5683.25,422101
2021-06-01 09:48:30,5683.5,422141
2021-06-01 09:48:31,5683.5,422146
2021-06-01 09:48:32,5683.5,422146
2021-06-01 09:48:33,5684.95,422159
2021-06-01 09:48:34,5683.4,422174
2021-06-01 09:48:35,5683.65,422249
2021-06-01 09:48:36,5683.85,422254
2021-06-01 09:48:38,5684.0,422304
2021-06-01 09:48:37,5684.0,422304
2021-06-01 09:48:39,5684.0,422312
2021-06-01 09:48:40,5683.0,422870
2021-06-01 09:48:41,5682.3,422883
2021-06-01 09:48:42,5682.3,422893
2021-06-01 09:48:43,5682.3,422893
2021-06-01 09:48:44,5683.0,422948
2021-06-01 09:48:45,5683.4,423593
2021-06-01 09:48:46,5683.4,423593
2021-06-01 09:48:47,5681.0,423699
2021-06-01 09:48:48,5683.0,423724
2021-06-01 09:48:49,5681.0,423848
2021-06-01 09:48:50,5681.0,423936
2021-06-01 09:48:51,5680.95,423976
2021-06-01 09:48:52,5683.85,424103
2021-06-01 09:48:53,5683.85,424113
2021-06-01 09:48:54,5684.0,424171
2021-06-01 09:48:56,5681.7,424314
2021-06-01 09:48:55,5682.0,424274
2021-06-01 09:48:57,5681.85,424331
2021-06-01 09:48:58,5681.75,424337
2021-06-01 09:48:59,5681.75,424337
2021-06-01 09:49:00,5683.0,424340
2021-06-01 09:49:01,5683.0,424341
2021-06-01 09:49:02,5684.0,424403
2021-06-01 09:49:03,5683.0,424406
2021-06-01 09:49:04,5683.0,424442
2021-06-01 09:49:05,5684.1,424553
2021-06-01 09:49:06,5682.5,424581
2021-06-01 09:49:07,5682.5,424581
2021-06-01 09:49:08,5683.0,424582
2021-06-01 09:49:09,5683.0,424595
2021-06-01 09:49:10,5681.05,424693
2021-06-01 09:49:11,5682.9,424754
2021-06-01 09:49:12,5682.9,424754
2021-06-01 09:49:13,5682.85,424810
2021-06-01 09:49:14,5681.7,424916
2021-06-01 09:49:16,5681.5,424944
2021-06-01 09:49:17,5683.25,425028
2021-06-01 09:49:18,5681.7,425063
2021-06-01 09:49:19,5681.7,425063
2021-06-01 09:49:20,5681.65,425205
2021-06-01 09:49:21,5683.0,425206
2021-06-01 09:49:22,5683.2,425316
2021-06-01 09:49:23,5683.2,425326
2021-06-01 09:49:24,5681.05,425339
2021-06-01 09:49:25,5681.1,425469
2021-06-01 09:49:26,5681.15,425484
2021-06-01 09:49:27,5683.25,425563
2021-06-01 09:49:28,5681.85,425613
2021-06-01 09:49:29,5681.7,425614
2021-06-01 09:49:30,5681.6,425666
2021-06-01 09:49:31,5682.3,425720
2021-06-01 09:49:32,5684.0,425838
2021-06-01 09:49:34,5682.35,426001
2021-06-01 09:49:35,5681.55,426111
2021-06-01 09:49:36,5681.6,426123
2021-06-01 09:49:37,5681.2,426285
2021-06-01 09:49:38,5681.25,426290
2021-06-01 09:49:39,5681.25,426290
2021-06-01 09:49:40,5681.6,426315
2021-06-01 09:49:41,5681.15,426361
2021-06-01 09:49:42,5681.4,426374
2021-06-01 09:49:43,5681.35,426421
2021-06-01 09:49:44,5681.35,426421
2021-06-01 09:49:45,5684.0,426565
2021-06-01 09:49:46,5682.6,426576
2021-06-01 09:49:48,5682.5,426586
2021-06-01 09:49:49,5684.9,426706
2021-06-01 09:49:50,5684.95,426746
2021-06-01 09:49:51,5684.0,426751
2021-06-01 09:49:52,5682.5,426754
2021-06-01 09:49:53,5682.5,427003
2021-06-01 09:49:54,5684.9,427046
2021-06-01 09:49:55,5684.9,427046
2021-06-01 09:49:56,5682.5,427048
2021-06-01 09:49:57,5682.5,427048
2021-06-01 09:49:58,5682.5,427050
2021-06-01 09:49:59,5684.65,427080
2021-06-01 09:50:00,5684.65,427081
2021-06-01 09:50:01,5684.05,427096
2021-06-01 09:50:02,5684.85,427111
2021-06-01 09:50:03,5684.9,427122
2021-06-01 09:50:04,5684.95,427183
2021-06-01 09:50:06,5683.0,427263
2021-06-01 09:50:08,5680.1,428033
2021-06-01 09:50:10,5677.0,431849
2021-06-01 09:50:11,5678.0,431944
2021-06-01 09:50:12,5677.0,431975
2021-06-01 09:50:13,5677.0,432010
2021-06-01 09:50:14,5676.7,433628
2021-06-01 09:50:15,5679.1,433710
2021-06-01 09:50:16,5678.0,433732
2021-06-01 09:50:18,5676.0,433799
2021-06-01 09:50:18,5676.0,433799
2021-06-01 09:50:19,5678.4,433804
2021-06-01 09:50:20,5683.0,434125
2021-06-01 09:50:21,5680.85,434379
2021-06-01 09:50:22,5675.4,434917
2021-06-01 09:50:23,5677.7,434928
2021-06-01 09:50:25,5678.4,435071
2021-06-01 09:50:25,5677.05,435116
2021-06-01 09:50:26,5679.45,435174
2021-06-01 09:50:27,5677.0,435215
2021-06-01 09:50:29,5677.0,435481
2021-06-01 09:50:29,5677.0,435514
2021-06-01 09:50:30,5678.8,435639
2021-06-01 09:50:31,5677.0,435642
2021-06-01 09:50:32,5678.75,435681
2021-06-01 09:50:33,5678.75,435681
2021-06-01 09:50:34,5679.6,435732
2021-06-01 09:50:36,5680.0,435812
2021-06-01 09:50:37,5678.25,435912
2021-06-01 09:50:38,5678.1,436002
2021-06-01 09:50:39,5678.1,436022
2021-06-01 09:50:39,5680.0,436122
2021-06-01 09:50:40,5677.75,436191
2021-06-01 09:50:41,5677.25,436436
2021-06-01 09:50:42,5677.25,436728
2021-06-01 09:50:44,5677.1,436733
2021-06-01 09:50:44,5677.1,436733
2021-06-01 09:50:45,5677.1,436756
2021-06-01 09:50:46,5677.05,436898
2021-06-01 09:50:47,5677.15,436964
2021-06-01 09:50:48,5677.9,437267
2021-06-01 09:50:49,5677.85,437317
2021-06-01 09:50:50,5677.9,437332
2021-06-01 09:50:51,5675.9,437513
2021-06-01 09:50:53,5675.0,438303
2021-06-01 09:50:53,5675.0,438303
2021-06-01 09:50:54,5675.2,438388
2021-06-01 09:50:55,5675.2,438544
2021-06-01 09:50:56,5675.05,438591
2021-06-01 09:50:57,5673.2,438870
2021-06-01 09:50:58,5675.9,438882
2021-06-01 09:50:59,5674.0,439194
2021-06-01 09:51:00,5674.3,439358
2021-06-01 09:51:01,5674.75,439459
2021-06-01 09:51:02,5673.9,439499
2021-06-01 09:51:03,5675.0,439900
2021-06-01 09:51:04,5674.05,440062
2021-06-01 09:51:06,5674.75,440330
2021-06-01 09:51:07,5676.2,440436
2021-06-01 09:51:08,5676.9,440570
2021-06-01 09:51:09,5675.25,440763
2021-06-01 09:51:10,5677.4,441221
2021-06-01 09:51:11,5676.9,441256
2021-06-01 09:51:12,5676.2,441274
2021-06-01 09:51:13,5676.2,441275
2021-06-01 09:51:15,5676.2,441278
2021-06-01 09:51:16,5676.2,441440
2021-06-01 09:51:17,5676.2,441474
2021-06-01 09:51:18,5676.9,441478
2021-06-01 09:51:18,5676.75,441488
2021-06-01 09:51:19,5676.2,441635
2021-06-01 09:51:20,5676.9,441785
2021-06-01 09:51:21,5676.85,441999
2021-06-01 09:51:22,5677.95,442116
2021-06-01 09:51:23,5677.95,442116
2021-06-01 09:51:24,5678.0,442354
2021-06-01 09:51:25,5679.5,442420
2021-06-01 09:51:26,5679.45,442456
2021-06-01 09:51:27,5679.4,442618
2021-06-01 09:51:28,5677.3,442675
2021-06-01 09:51:29,5677.2,442733
2021-06-01 09:51:30,5679.5,442814
2021-06-01 09:51:31,5679.45,442949
2021-06-01 09:51:33,5677.95,442982
2021-06-01 09:51:34,5677.95,442986
2021-06-01 09:51:35,5677.95,442986
2021-06-01 09:51:36,5679.65,443064
2021-06-01 09:51:37,5676.75,443202
2021-06-01 09:51:38,5677.65,443223
2021-06-01 09:51:39,5677.65,443230
2021-06-01 09:51:39,5677.65,443230
2021-06-01 09:51:40,5677.0,443336
2021-06-01 09:51:41,5677.0,443336
2021-06-01 09:51:42,5676.8,443609
2021-06-01 09:51:43,5676.0,443610
2021-06-01 09:51:45,5676.9,443654
2021-06-01 09:51:46,5676.3,443721
2021-06-01 09:51:47,5676.95,443813
2021-06-01 09:51:47,5676.95,443815
2021-06-01 09:51:48,5676.9,443839
2021-06-01 09:51:49,5676.9,443919
2021-06-01 09:51:50,5676.8,443947
2021-06-01 09:51:51,5675.0,443979
2021-06-01 09:51:52,5677.2,444220
2021-06-01 09:51:53,5676.05,444222
2021-06-01 09:51:54,5676.95,444252
2021-06-01 09:51:55,5677.95,444289
2021-06-01 09:51:57,5678.65,444342
2021-06-01 09:51:58,5678.9,444343
2021-06-01 09:51:59,5678.9,444343
2021-06-01 09:52:00,5676.05,444369
2021-06-01 09:52:01,5676.05,444369
2021-06-01 09:52:03,5678.0,444483
2021-06-01 09:52:04,5676.0,444535
2021-06-01 09:52:05,5678.65,444613
2021-06-01 09:52:06,5676.15,444648
2021-06-01 09:52:07,5676.45,444662
2021-06-01 09:52:08,5676.7,444707
2021-06-01 09:52:09,5676.55,444732
2021-06-01 09:52:10,5678.0,444742
2021-06-01 09:52:10,5678.0,444742
2021-06-01 09:52:11,5677.0,444769
2021-06-01 09:52:12,5677.0,444774
2021-06-01 09:52:13,5678.0,444889
2021-06-01 09:52:15,5678.0,444996
2021-06-01 09:52:16,5678.0,445130
2021-06-01 09:52:16,5678.65,445132
2021-06-01 09:52:17,5677.1,445216
2021-06-01 09:52:18,5679.0,445221
2021-06-01 09:52:20,5679.0,445245
2021-06-01 09:52:21,5679.0,445245
2021-06-01 09:52:22,5679.0,445811
2021-06-01 09:52:23,5680.65,447155
2021-06-01 09:52:24,5679.2,447177
2021-06-01 09:52:25,5681.8,447222
2021-06-01 09:52:26,5681.95,447240
2021-06-01 09:52:27,5681.85,447291
2021-06-01 09:52:28,5681.8,447314
2021-06-01 09:52:29,5681.85,447366
2021-06-01 09:52:30,5682.0,447458
2021-06-01 09:52:31,5681.85,447480
2021-06-01 09:52:32,5682.0,447725
2021-06-01 09:52:34,5682.5,447748
2021-06-01 09:52:35,5682.9,447798
2021-06-01 09:52:36,5682.75,447905
2021-06-01 09:52:37,5682.9,447908
2021-06-01 09:52:38,5682.2,447987
2021-06-01 09:52:39,5682.0,448022
2021-06-01 09:52:40,5682.95,448028
2021-06-01 09:52:41,5682.7,448162
2021-06-01 09:52:42,5682.6,448171
2021-06-01 09:52:42,5682.6,448171
2021-06-01 09:52:43,5683.0,448220
2021-06-01 09:52:44,5680.45,448305
2021-06-01 09:52:45,5682.0,448335
2021-06-01 09:52:46,5680.4,448682
2021-06-01 09:52:47,5681.85,448697
2021-06-01 09:52:48,5681.85,448727
2021-06-01 09:52:49,5680.5,448732
2021-06-01 09:52:50,5681.3,449226
2021-06-01 09:52:51,5681.85,449231
2021-06-01 09:52:52,5681.0,449269
2021-06-01 09:52:53,5681.85,449332
2021-06-01 09:52:54,5682.7,449406
2021-06-01 09:52:55,5682.75,449407
2021-06-01 09:52:57,5681.8,449408
2021-06-01 09:52:59,5682.0,449434
2021-06-01 09:53:00,5683.7,449536
2021-06-01 09:53:01,5681.8,449663
2021-06-01 09:53:01,5680.5,449763
2021-06-01 09:53:02,5680.3,449969
2021-06-01 09:53:03,5682.0,450388
2021-06-01 09:53:04,5682.8,452298
2021-06-01 09:53:05,5681.85,452306
2021-06-01 09:53:06,5683.15,452432
2021-06-01 09:53:08,5683.1,452458
2021-06-01 09:53:09,5683.7,452558
2021-06-01 09:53:10,5680.75,452571
2021-06-01 09:53:11,5680.75,452571
2021-06-01 09:53:11,5683.75,452581
2021-06-01 09:53:12,5683.75,452582
2021-06-01 09:53:13,5683.0,452961
2021-06-01 09:53:14,5682.8,452977
2021-06-01 09:53:15,5682.8,452988
2021-06-01 09:53:16,5680.3,452990
2021-06-01 09:53:18,5680.15,453001
2021-06-01 09:53:19,5681.95,453011
2021-06-01 09:53:20,5681.95,453011
2021-06-01 09:53:21,5681.95,453012
2021-06-01 09:53:22,5682.85,453063
2021-06-01 09:53:23,5679.95,453855
2021-06-01 09:53:24,5679.95,453891
2021-06-01 09:53:25,5678.0,453892
2021-06-01 09:53:26,5679.95,453950
2021-06-01 09:53:27,5678.0,453952
2021-06-01 09:53:28,5678.0,453955
2021-06-01 09:53:29,5679.8,453959
2021-06-01 09:53:30,5678.0,454059
2021-06-01 09:53:31,5678.65,454138
2021-06-01 09:53:32,5677.0,454245
2021-06-01 09:53:34,5678.75,454247
2021-06-01 09:53:35,5678.65,454267
2021-06-01 09:53:36,5678.0,454330
2021-06-01 09:53:37,5676.0,454364
2021-06-01 09:53:37,5676.0,454364
2021-06-01 09:53:38,5678.6,454556
2021-06-01 09:53:39,5676.1,454581
2021-06-01 09:53:40,5677.5,454615
2021-06-01 09:53:41,5678.0,454670
2021-06-01 09:53:42,5678.0,454670
2021-06-01 09:53:43,5678.65,454675
2021-06-01 09:53:44,5679.9,454700
2021-06-01 09:53:46,5680.0,454805
2021-06-01 09:53:47,5680.0,454819
2021-06-01 09:53:48,5678.65,454826
2021-06-01 09:53:48,5678.65,454826
2021-06-01 09:53:49,5678.0,454829
2021-06-01 09:53:50,5679.9,454834
2021-06-01 09:53:51,5677.15,454883
2021-06-01 09:53:52,5677.15,454883
2021-06-01 09:53:53,5679.85,454915
2021-06-01 09:53:54,5679.85,454915
2021-06-01 09:53:56,5679.75,455044
2021-06-01 09:53:58,5680.0,455106
2021-06-01 09:53:59,5680.0,455531
2021-06-01 09:54:00,5680.0,455549
2021-06-01 09:54:01,5678.1,455573
2021-06-01 09:54:02,5679.9,455575
2021-06-01 09:54:03,5679.75,455581
2021-06-01 09:54:05,5679.7,455601
2021-06-01 09:54:07,5680.0,455725
2021-06-01 09:54:08,5679.9,455814
2021-06-01 09:54:08,5679.9,455814
2021-06-01 09:54:09,5678.7,455923
2021-06-01 09:54:11,5680.0,455972
2021-06-01 09:54:13,5680.0,455983
2021-06-01 09:54:14,5679.95,456069
2021-06-01 09:54:14,5679.95,456069
2021-06-01 09:54:15,5678.0,456070
2021-06-01 09:54:16,5679.75,456173
2021-06-01 09:54:17,5679.75,456174
2021-06-01 09:54:18,5677.4,456230
2021-06-01 09:54:19,5677.4,456230
2021-06-01 09:54:21,5677.05,456304
2021-06-01 09:54:22,5678.9,456387
2021-06-01 09:54:23,5676.85,456391
2021-06-01 09:54:23,5676.4,456409
2021-06-01 09:54:24,5679.3,456565
2021-06-01 09:54:26,5676.85,456618
2021-06-01 09:54:27,5679.3,456620
2021-06-01 09:54:28,5676.0,457620
2021-06-01 09:54:29,5678.85,457621
2021-06-01 09:54:30,5678.8,457624
2021-06-01 09:54:31,5676.45,457678
2021-06-01 09:54:32,5677.35,457830
2021-06-01 09:54:33,5673.0,459770
2021-06-01 09:54:35,5672.6,459826
2021-06-01 09:54:36,5670.75,460076
2021-06-01 09:54:37,5672.6,460086
2021-06-01 09:54:39,5671.0,460289
2021-06-01 09:54:40,5672.6,460312
2021-06-01 09:54:41,5673.0,460462
2021-06-01 09:54:42,5671.1,460484
2021-06-01 09:54:43,5673.0,460619
2021-06-01 09:54:44,5673.2,460799
2021-06-01 09:54:44,5673.2,460799
2021-06-01 09:54:45,5673.65,460843
2021-06-01 09:54:46,5676.0,460969
2021-06-01 09:54:48,5675.9,461086
2021-06-01 09:54:49,5673.2,461587
2021-06-01 09:54:50,5673.0,461598
2021-06-01 09:54:50,5673.0,461598
2021-06-01 09:54:51,5675.9,461602
2021-06-01 09:54:53,5675.9,461626
2021-06-01 09:54:54,5674.0,461638
2021-06-01 09:54:55,5676.9,461647
2021-06-01 09:54:55,5673.65,461667
2021-06-01 09:54:56,5675.8,461702
2021-06-01 09:54:57,5674.55,461771
2021-06-01 09:54:58,5674.6,461790
2021-06-01 09:55:00,5677.0,461819
2021-06-01 09:55:01,5677.0,461928
2021-06-01 09:55:02,5677.0,461956
2021-06-01 09:55:03,5678.45,462075
2021-06-01 09:55:03,5678.45,462075
2021-06-01 09:55:04,5676.6,462082
2021-06-01 09:55:05,5678.45,462093
2021-06-01 09:55:06,5678.65,462111
2021-06-01 09:55:07,5677.15,462283
2021-06-01 09:55:08,5678.0,462291
2021-06-01 09:55:09,5679.0,462301
2021-06-01 09:55:11,5678.3,462562
2021-06-01 09:55:12,5679.0,462605
2021-06-01 09:55:13,5678.0,462807
2021-06-01 09:55:14,5678.7,462827
2021-06-01 09:55:16,5680.0,462872
2021-06-01 09:55:17,5680.0,462872
2021-06-01 09:55:18,5680.0,462997
2021-06-01 09:55:19,5679.5,463002
2021-06-01 09:55:20,5679.25,463022
2021-06-01 09:55:21,5679.0,463326
2021-06-01 09:55:22,5676.6,463328
2021-06-01 09:55:22,5679.1,463338
2021-06-01 09:55:23,5679.9,463623
2021-06-01 09:55:24,5679.9,463625
2021-06-01 09:55:25,5680.0,463640
2021-06-01 09:55:26,5680.0,463640
2021-06-01 09:55:27,5679.9,463679
2021-06-01 09:55:28,5680.0,463700
2021-06-01 09:55:29,5678.0,464485
2021-06-01 09:55:30,5679.45,464634
2021-06-01 09:55:31,5679.45,464644
2021-06-01 09:55:33,5679.4,464651
2021-06-01 09:55:34,5680.0,464669
2021-06-01 09:55:35,5680.0,464697
2021-06-01 09:55:36,5679.9,464831
2021-06-01 09:55:36,5679.9,464831
2021-06-01 09:55:37,5679.9,464834
2021-06-01 09:55:39,5679.9,464836
2021-06-01 09:55:40,5679.9,464877
2021-06-01 09:55:41,5680.0,464980
2021-06-01 09:55:42,5678.1,465045
2021-06-01 09:55:43,5680.0,465050
2021-06-01 09:55:44,5678.1,465051
2021-06-01 09:55:44,5679.95,465053
2021-06-01 09:55:45,5680.0,465109
2021-06-01 09:55:46,5680.0,465109
2021-06-01 09:55:47,5679.95,465118
2021-06-01 09:55:49,5679.95,465127
2021-06-01 09:55:50,5679.0,465731
2021-06-01 09:55:50,5679.0,465731
2021-06-01 09:55:51,5680.0,465826
2021-06-01 09:55:52,5680.0,465876
2021-06-01 09:55:53,5679.0,465907
2021-06-01 09:55:54,5680.0,465933
2021-06-01 09:55:56,5680.0,466224
2021-06-01 09:55:57,5680.0,466250
2021-06-01 09:55:58,5680.0,466261
2021-06-01 09:55:59,5681.0,466306
2021-06-01 09:56:00,5681.5,466335
2021-06-01 09:56:00,5681.5,466335
2021-06-01 09:56:01,5680.35,466381
2021-06-01 09:56:03,5680.6,466422
2021-06-01 09:56:05,5682.0,466534
2021-06-01 09:56:06,5683.35,466727
2021-06-01 09:56:07,5683.35,466727
2021-06-01 09:56:07,5683.35,466727
2021-06-01 09:56:08,5684.05,466995
2021-06-01 09:56:09,5684.05,466995
2021-06-01 09:56:10,5683.9,467000
2021-06-01 09:56:12,5680.5,467291
2021-06-01 09:56:12,5681.2,467321
2021-06-01 09:56:14,5681.65,467356
2021-06-01 09:56:15,5681.65,467392
2021-06-01 09:56:16,5681.65,467398
2021-06-01 09:56:17,5683.6,467921
2021-06-01 09:56:18,5682.75,467934
2021-06-01 09:56:18,5682.7,468024
2021-06-01 09:56:19,5682.75,468095
2021-06-01 09:56:20,5682.65,468115
2021-06-01 09:56:21,5681.65,468116
2021-06-01 09:56:22,5680.95,468132
2021-06-01 09:56:24,5683.6,468164
2021-06-01 09:56:25,5680.8,468246
2021-06-01 09:56:26,5683.95,468346
2021-06-01 09:56:27,5681.1,468348
2021-06-01 09:56:28,5681.25,468378
2021-06-01 09:56:29,5683.95,468473
2021-06-01 09:56:31,5683.9,468741
2021-06-01 09:56:32,5683.9,468741
2021-06-01 09:56:33,5683.9,468889
2021-06-01 09:56:34,5683.9,468896
2021-06-01 09:56:37,5683.75,468994
2021-06-01 09:56:36,5685.0,468985
2021-06-01 09:56:38,5685.0,469004
2021-06-01 09:56:39,5685.0,469061
2021-06-01 09:56:40,5685.0,469094
2021-06-01 09:56:41,5685.0,469095
2021-06-01 09:56:42,5685.95,469135
2021-06-01 09:56:43,5686.0,469158
2021-06-01 09:56:44,5685.0,469159
2021-06-01 09:56:45,5686.6,469310
2021-06-01 09:56:46,5685.0,469314
2021-06-01 09:56:47,5686.15,469326
2021-06-01 09:56:49,5686.1,469327
2021-06-01 09:56:50,5686.0,469332
2021-06-01 09:56:51,5686.15,469422
2021-06-01 09:56:52,5685.55,469542
2021-06-01 09:56:52,5686.95,469435
2021-06-01 09:56:53,5686.9,470616
2021-06-01 09:56:54,5686.0,470652
2021-06-01 09:56:55,5686.0,470660
2021-06-01 09:56:56,5686.0,470681
2021-06-01 09:56:57,5686.0,470697
2021-06-01 09:56:58,5686.0,470770
2021-06-01 09:57:00,5686.95,471032
2021-06-01 09:57:00,5688.5,471137
2021-06-01 09:57:02,5687.05,471314
2021-06-01 09:57:03,5686.95,471317
2021-06-01 09:57:04,5688.95,471325
2021-06-01 09:57:06,5686.95,471441
2021-06-01 09:57:07,5688.75,471442
2021-06-01 09:57:08,5686.0,471521
2021-06-01 09:57:09,5686.25,471736
2021-06-01 09:57:10,5686.85,471791
2021-06-01 09:57:11,5684.4,473200
2021-06-01 09:57:12,5684.95,473203
2021-06-01 09:57:13,5685.45,473278
2021-06-01 09:57:14,5684.6,473475
2021-06-01 09:57:15,5683.75,473981
2021-06-01 09:57:16,5684.85,474142
2021-06-01 09:57:17,5685.75,474153
2021-06-01 09:57:17,5685.75,474153
2021-06-01 09:57:18,5685.0,474393
2021-06-01 09:57:19,5686.0,474403
2021-06-01 09:57:20,5686.15,474512
2021-06-01 09:57:22,5688.2,474587
2021-06-01 09:57:23,5685.2,474787
2021-06-01 09:57:24,5687.55,474956
2021-06-01 09:57:25,5687.55,474956
2021-06-01 09:57:26,5687.55,474956
2021-06-01 09:57:27,5686.15,474974
2021-06-01 09:57:28,5686.1,474984
2021-06-01 09:57:29,5686.0,474988
2021-06-01 09:57:30,5686.0,474988
2021-06-01 09:57:31,5685.55,475100
2021-06-01 09:57:32,5685.55,475105
2021-06-01 09:57:33,5686.9,475106
2021-06-01 09:57:34,5686.9,475295
2021-06-01 09:57:35,5686.9,475295
2021-06-01 09:57:36,5685.3,475400
2021-06-01 09:57:36,5685.2,475406
2021-06-01 09:57:37,5686.8,476655
2021-06-01 09:57:38,5686.8,476655
2021-06-01 09:57:40,5685.8,476671
2021-06-01 09:57:41,5683.35,476770
2021-06-01 09:57:43,5683.7,476785
2021-06-01 09:57:44,5686.0,476786
2021-06-01 09:57:45,5683.3,476789
2021-06-01 09:57:46,5683.3,476789
2021-06-01 09:57:47,5685.85,476842
2021-06-01 09:57:48,5685.0,476877
2021-06-01 09:57:49,5685.4,476885
2021-06-01 09:57:50,5683.45,476890
2021-06-01 09:57:51,5683.45,476890
2021-06-01 09:57:51,5683.6,476990
2021-06-01 09:57:52,5683.6,476990
2021-06-01 09:57:53,5683.6,476990
2021-06-01 09:57:55,5684.35,477029
2021-06-01 09:57:56,5686.55,477102
2021-06-01 09:57:56,5686.2,477122
2021-06-01 09:57:57,5684.9,477142
2021-06-01 09:57:58,5684.9,477142
2021-06-01 09:58:00,5685.0,477143
2021-06-01 09:58:01,5685.35,477165
2021-06-01 09:58:02,5685.75,477200
2021-06-01 09:58:03,5685.75,477200
2021-06-01 09:58:04,5686.95,477236
2021-06-01 09:58:05,5686.0,477261
2021-06-01 09:58:06,5685.35,477286
2021-06-01 09:58:07,5685.35,477286
2021-06-01 09:58:08,5685.35,477306
2021-06-01 09:58:09,5686.0,477308
2021-06-01 09:58:10,5685.35,477380
2021-06-01 09:58:11,5687.0,477404
2021-06-01 09:58:12,5685.35,477414
2021-06-01 09:58:13,5687.45,477423
2021-06-01 09:58:14,5687.7,477428
2021-06-01 09:58:15,5686.75,477483
2021-06-01 09:58:16,5686.0,477540
2021-06-01 09:58:17,5686.0,477540
2021-06-01 09:58:18,5687.95,477545
2021-06-01 09:58:18,5687.95,477545
2021-06-01 09:58:19,5687.95,477755
2021-06-01 09:58:21,5687.95,477755
2021-06-01 09:58:23,5686.0,477876
2021-06-01 09:58:24,5687.0,477883
2021-06-01 09:58:25,5687.0,477886
2021-06-01 09:58:26,5687.0,477889
2021-06-01 09:58:28,5686.2,478202
2021-06-01 09:58:29,5686.4,478212
2021-06-01 09:58:30,5686.4,478212
2021-06-01 09:58:30,5686.4,478212
2021-06-01 09:58:31,5687.1,478387
2021-06-01 09:58:33,5685.1,478397
2021-06-01 09:58:34,5686.5,478474
2021-06-01 09:58:35,5687.45,478485
2021-06-01 09:58:36,5687.0,478495
2021-06-01 09:58:37,5685.0,479102
2021-06-01 09:58:38,5686.6,479112
2021-06-01 09:58:39,5687.4,479185
2021-06-01 09:58:40,5687.4,479185
2021-06-01 09:58:41,5685.0,479285
2021-06-01 09:58:42,5687.0,479297
2021-06-01 09:58:43,5687.0,479297
2021-06-01 09:58:44,5685.0,479310
2021-06-01 09:58:45,5685.0,479310
2021-06-01 09:58:46,5685.0,479350
2021-06-01 09:58:47,5686.1,479418
2021-06-01 09:58:49,5686.0,479429
2021-06-01 09:58:50,5684.0,479431
2021-06-01 09:58:51,5685.95,479433
2021-06-01 09:58:52,5685.95,479433
2021-06-01 09:58:53,5683.3,479483
2021-06-01 09:58:54,5682.9,480238
2021-06-01 09:58:55,5682.9,480238
2021-06-01 09:58:56,5682.9,480238
2021-06-01 09:58:57,5680.55,480265
2021-06-01 09:58:58,5680.55,480279
2021-06-01 09:58:59,5681.0,480280
2021-06-01 09:59:00,5681.0,480307
2021-06-01 09:59:01,5680.55,480317
2021-06-01 09:59:03,5678.0,482274
2021-06-01 09:59:02,5678.0,482274
2021-06-01 09:59:04,5676.9,482283
2021-06-01 09:59:05,5676.85,482285
2021-06-01 09:59:06,5678.0,482356
2021-06-01 09:59:07,5676.35,482367
2021-06-01 09:59:08,5677.0,482482
2021-06-01 09:59:09,5678.85,482483
2021-06-01 09:59:10,5677.0,482533
2021-06-01 09:59:11,5677.0,482533
2021-06-01 09:59:12,5677.0,482545
2021-06-01 09:59:13,5675.9,482685
2021-06-01 09:59:14,5678.25,482785
2021-06-01 09:59:15,5675.0,483300
2021-06-01 09:59:16,5676.0,483358
2021-06-01 09:59:17,5676.0,483358
2021-06-01 09:59:18,5675.9,483459
2021-06-01 09:59:19,5675.0,483469
2021-06-01 09:59:20,5675.0,483471
2021-06-01 09:59:21,5675.0,483492
2021-06-01 09:59:22,5674.95,483550
2021-06-01 09:59:23,5674.0,483574
2021-06-01 09:59:24,5675.0,483613
2021-06-01 09:59:25,5674.0,483736
2021-06-01 09:59:26,5675.0,484106
2021-06-01 09:59:27,5676.35,484120
2021-06-01 09:59:28,5674.2,484325
2021-06-01 09:59:30,5677.85,484397
2021-06-01 09:59:29,5676.35,484369
2021-06-01 09:59:31,5676.1,484443
2021-06-01 09:59:32,5675.05,485429
2021-06-01 09:59:33,5675.05,485429
2021-06-01 09:59:34,5676.25,485430
2021-06-01 09:59:35,5676.1,485440
2021-06-01 09:59:36,5676.1,485440
2021-06-01 09:59:37,5675.05,485441
2021-06-01 09:59:38,5675.05,485441
2021-06-01 09:59:39,5675.05,485441
2021-06-01 09:59:40,5675.0,485564
2021-06-01 09:59:41,5675.05,485617
2021-06-01 09:59:42,5675.85,485622
2021-06-01 09:59:43,5675.05,485635
2021-06-01 09:59:44,5675.85,485641
2021-06-01 09:59:45,5675.85,485673
2021-06-01 09:59:46,5675.85,485709
2021-06-01 09:59:47,5675.9,485818
2021-06-01 09:59:48,5677.05,485874
2021-06-01 09:59:49,5677.05,485979
2021-06-01 09:59:50,5675.0,486000
2021-06-01 09:59:51,5675.85,486010
2021-06-01 09:59:52,5675.85,486010
2021-06-01 09:59:53,5675.85,486015
2021-06-01 09:59:54,5675.85,486075
2021-06-01 09:59:55,5675.9,486105
2021-06-01 09:59:56,5675.9,486121
2021-06-01 09:59:57,5675.1,486199
2021-06-01 09:59:59,5677.85,486410
2021-06-01 10:00:00,5677.6,486420
2021-06-01 10:00:01,5675.05,486459
2021-06-01 10:00:02,5675.05,486459
2021-06-01 10:00:03,5675.05,486459
2021-06-01 10:00:04,5676.25,486546
2021-06-01 10:00:05,5677.15,486574
2021-06-01 10:00:06,5678.0,486597
2021-06-01 10:00:07,5677.9,486634
2021-06-01 10:00:08,5677.9,486634
2021-06-01 10:00:09,5677.5,486635
2021-06-01 10:00:10,5677.5,486644
2021-06-01 10:00:11,5678.0,486748
2021-06-01 10:00:12,5676.05,486800
2021-06-01 10:00:13,5676.05,486800
2021-06-01 10:00:14,5677.95,486810
2021-06-01 10:00:15,5677.95,486810
2021-06-01 10:00:16,5677.95,486810
2021-06-01 10:00:17,5676.95,486848
2021-06-01 10:00:18,5676.95,486959
2021-06-01 10:00:19,5676.95,486989
2021-06-01 10:00:20,5676.95,486989
2021-06-01 10:00:21,5676.95,486989
2021-06-01 10:00:22,5675.85,487015
2021-06-01 10:00:23,5677.0,487027
2021-06-01 10:00:24,5678.0,487052
2021-06-01 10:00:25,5676.8,487053
2021-06-01 10:00:26,5679.0,487081
2021-06-01 10:00:27,5675.55,487159
2021-06-01 10:00:28,5675.55,487159
2021-06-01 10:00:29,5675.55,487160
2021-06-01 10:00:30,5677.0,487236
2021-06-01 10:00:31,5675.4,487338
2021-06-01 10:00:32,5675.4,487338
2021-06-01 10:00:33,5676.95,487363
2021-06-01 10:00:34,5676.0,487368
2021-06-01 10:00:35,5676.0,487378
2021-06-01 10:00:37,5676.0,487491
2021-06-01 10:00:36,5677.5,487486
2021-06-01 10:00:38,5676.95,487536
2021-06-01 10:00:39,5675.5,487549
2021-06-01 10:00:40,5675.5,487549
2021-06-01 10:00:41,5676.95,487556
2021-06-01 10:00:43,5675.9,487557
2021-06-01 10:00:44,5677.85,487564
2021-06-01 10:00:45,5677.85,487564
2021-06-01 10:00:46,5677.0,487569
2021-06-01 10:00:47,5676.0,487637
2021-06-01 10:00:48,5676.95,487844
2021-06-01 10:00:49,5674.85,488526
2021-06-01 10:00:51,5674.0,488681
2021-06-01 10:00:51,5674.0,488681
2021-06-01 10:00:53,5675.0,488706
2021-06-01 10:00:53,5675.0,488706
2021-06-01 10:00:54,5675.55,491337
2021-06-01 10:00:55,5675.7,491402
2021-06-01 10:00:56,5677.0,491413
2021-06-01 10:00:57,5675.75,491425
2021-06-01 10:00:58,5677.85,491464
2021-06-01 10:00:59,5678.0,491484
2021-06-01 10:01:00,5678.0,491484
2021-06-01 10:01:01,5677.0,491524
2021-06-01 10:01:02,5678.0,491564
2021-06-01 10:01:04,5677.0,491569
2021-06-01 10:01:04,5677.0,491569
2021-06-01 10:01:05,5677.0,491569
2021-06-01 10:01:06,5677.25,491584
2021-06-01 10:01:07,5677.95,491593
2021-06-01 10:01:08,5677.95,491606
2021-06-01 10:01:09,5680.9,493237
2021-06-01 10:01:10,5682.85,493247
2021-06-01 10:01:11,5680.05,493274
2021-06-01 10:01:12,5682.6,493289
2021-06-01 10:01:13,5680.95,494799
2021-06-01 10:01:14,5681.8,494887
2021-06-01 10:01:15,5680.0,494890
2021-06-01 10:01:17,5681.75,494964
2021-06-01 10:01:17,5681.75,494964
2021-06-01 10:01:18,5679.3,494971
2021-06-01 10:01:19,5681.5,494975
2021-06-01 10:01:20,5682.35,495056
2021-06-01 10:01:21,5680.5,495073
2021-06-01 10:01:22,5679.7,495130
2021-06-01 10:01:23,5682.0,495133
2021-06-01 10:01:24,5682.0,495133
2021-06-01 10:01:26,5682.75,495283
2021-06-01 10:01:26,5682.75,495283
2021-06-01 10:01:27,5683.8,495398
2021-06-01 10:01:28,5680.1,495599
2021-06-01 10:01:29,5682.0,495651
2021-06-01 10:01:30,5682.0,495651
2021-06-01 10:01:31,5682.0,495703
2021-06-01 10:01:32,5683.45,495729
2021-06-01 10:01:33,5682.85,495861
2021-06-01 10:01:34,5684.75,495862
2021-06-01 10:01:36,5682.9,495872
2021-06-01 10:01:37,5682.9,495874
2021-06-01 10:01:38,5682.9,495874
2021-06-01 10:01:39,5682.9,495874
2021-06-01 10:01:40,5683.6,495875
2021-06-01 10:01:41,5684.75,495905
2021-06-01 10:01:42,5683.7,495980
2021-06-01 10:01:43,5685.25,496207
2021-06-01 10:01:44,5687.95,496468
2021-06-01 10:01:45,5685.4,496579
2021-06-01 10:01:46,5687.95,496631
2021-06-01 10:01:47,5687.75,496668
2021-06-01 10:01:48,5685.05,496670
2021-06-01 10:01:49,5688.0,497351
2021-06-01 10:01:50,5686.2,497707
2021-06-01 10:01:51,5688.0,497722
2021-06-01 10:01:52,5688.0,497722
2021-06-01 10:01:54,5689.5,497902
2021-06-01 10:01:54,5689.5,497902
2021-06-01 10:01:55,5686.95,497938
2021-06-01 10:01:56,5689.45,497948
2021-06-01 10:01:57,5689.0,497999
2021-06-01 10:01:58,5689.2,498019
2021-06-01 10:01:59,5690.0,498521
2021-06-01 10:02:00,5689.0,498707
2021-06-01 10:02:01,5687.3,498750
2021-06-01 10:02:02,5689.95,498770
2021-06-01 10:02:03,5689.9,498810
2021-06-01 10:02:04,5690.0,499018
2021-06-01 10:02:05,5690.0,499118
2021-06-01 10:02:06,5691.15,499414
2021-06-01 10:02:07,5690.0,499511
2021-06-01 10:02:08,5692.0,499559
2021-06-01 10:02:09,5692.0,499559
2021-06-01 10:02:10,5692.0,499559
2021-06-01 10:02:11,5692.9,499589
2021-06-01 10:02:12,5694.8,499810
2021-06-01 10:02:13,5694.75,499819
2021-06-01 10:02:14,5694.95,499852
2021-06-01 10:02:15,5695.0,500209
2021-06-01 10:02:16,5693.05,500235
2021-06-01 10:02:17,5693.05,500235
2021-06-01 10:02:18,5694.8,500236
2021-06-01 10:02:19,5694.8,500248
2021-06-01 10:02:20,5694.95,500327
2021-06-01 10:02:21,5695.7,501415
2021-06-01 10:02:22,5695.0,501675
2021-06-01 10:02:23,5695.0,501747
2021-06-01 10:02:24,5694.95,502083
2021-06-01 10:02:25,5693.0,502168
2021-06-01 10:02:26,5693.0,502168
2021-06-01 10:02:27,5695.0,502218
2021-06-01 10:02:28,5694.8,502219
2021-06-01 10:02:29,5693.75,502986
2021-06-01 10:02:31,5693.75,503018
2021-06-01 10:02:31,5693.75,503018
2021-06-01 10:02:32,5693.0,503056
2021-06-01 10:02:33,5693.95,503271
2021-06-01 10:02:34,5694.0,503292
2021-06-01 10:02:35,5694.9,503367
2021-06-01 10:02:36,5694.05,503485
2021-06-01 10:02:37,5693.9,503517
2021-06-01 10:02:39,5693.05,503656
2021-06-01 10:02:39,5693.05,503656
2021-06-01 10:02:40,5693.0,503812
2021-06-01 10:02:41,5693.0,503812
2021-06-01 10:02:42,5692.5,503829
2021-06-01 10:02:43,5693.05,503836
2021-06-01 10:02:45,5692.95,503909
2021-06-01 10:02:45,5694.7,503959
2021-06-01 10:02:46,5695.7,504656
2021-06-01 10:02:48,5694.85,504659
2021-06-01 10:02:49,5695.0,505157
2021-06-01 10:02:49,5695.0,505157
2021-06-01 10:02:50,5695.6,505272
2021-06-01 10:02:51,5695.65,505372
2021-06-01 10:02:52,5692.7,505379
2021-06-01 10:02:53,5694.0,505404
2021-06-01 10:02:54,5693.0,505444
2021-06-01 10:02:56,5692.9,505446
2021-06-01 10:02:57,5695.5,505478
2021-06-01 10:02:58,5692.8,505601
2021-06-01 10:02:59,5694.0,505604
2021-06-01 10:02:59,5694.0,505604
2021-06-01 10:03:00,5695.0,505663
2021-06-01 10:03:01,5693.2,505666
2021-06-01 10:03:02,5695.0,505676
2021-06-01 10:03:03,5693.25,505790
2021-06-01 10:03:04,5693.4,505793
2021-06-01 10:03:05,5695.65,505843
2021-06-01 10:03:06,5693.35,505876
2021-06-01 10:03:07,5695.7,506059
2021-06-01 10:03:08,5695.2,506086
2021-06-01 10:03:09,5695.7,506112
2021-06-01 10:03:10,5695.7,506168
2021-06-01 10:03:11,5694.0,506335
2021-06-01 10:03:12,5695.65,506338
2021-06-01 10:03:13,5694.0,506353
2021-06-01 10:03:14,5695.7,507142
2021-06-01 10:03:15,5695.5,507202
2021-06-01 10:03:16,5695.45,507264
2021-06-01 10:03:17,5695.45,507264
2021-06-01 10:03:19,5695.2,507267
2021-06-01 10:03:20,5694.0,507362
2021-06-01 10:03:21,5694.0,507517
2021-06-01 10:03:22,5695.0,507737
2021-06-01 10:03:22,5695.0,507737
2021-06-01 10:03:23,5697.0,507889
2021-06-01 10:03:24,5696.2,507934
2021-06-01 10:03:25,5696.2,507953
2021-06-01 10:03:26,5697.0,508028
2021-06-01 10:03:27,5696.35,508032
2021-06-01 10:03:28,5697.0,508140
2021-06-01 10:03:29,5699.95,510244
2021-06-01 10:03:30,5699.35,510292
2021-06-01 10:03:31,5699.0,510339
2021-06-01 10:03:32,5700.0,510565
2021-06-01 10:03:33,5696.0,510656
2021-06-01 10:03:34,5697.85,510697
2021-06-01 10:03:35,5695.5,510702
2021-06-01 10:03:37,5697.5,510838
2021-06-01 10:03:37,5695.5,510855
2021-06-01 10:03:38,5695.45,511358
2021-06-01 10:03:39,5698.95,511360
2021-06-01 10:03:40,5698.8,511434
2021-06-01 10:03:41,5697.1,511610
2021-06-01 10:03:43,5698.15,511621
2021-06-01 10:03:44,5698.15,511621
2021-06-01 10:03:44,5698.15,511621
2021-06-01 10:03:45,5697.6,511756
2021-06-01 10:03:46,5697.6,511756
2021-06-01 10:03:47,5695.6,511766
2021-06-01 10:03:48,5694.0,512211
2021-06-01 10:03:50,5693.5,512275
2021-06-01 10:03:51,5695.0,512325
2021-06-01 10:03:52,5695.0,512331
2021-06-01 10:03:52,5695.0,512331
2021-06-01 10:03:53,5695.0,512348
2021-06-01 10:03:54,5695.0,512357
2021-06-01 10:03:55,5695.0,512396
2021-06-01 10:03:57,5695.0,512511
2021-06-01 10:03:58,5693.4,512759
2021-06-01 10:03:59,5693.35,512787
2021-06-01 10:04:01,5692.35,512850
2021-06-01 10:04:02,5689.0,513168
2021-06-01 10:04:02,5688.05,513178
2021-06-01 10:04:03,5688.05,513178
2021-06-01 10:04:04,5687.8,513190
2021-06-01 10:04:05,5686.65,513398
2021-06-01 10:04:06,5688.95,513560
2021-06-01 10:04:08,5688.55,513581
2021-06-01 10:04:10,5691.0,513610
2021-06-01 10:04:10,5691.0,513610
2021-06-01 10:04:11,5690.0,513810
2021-06-01 10:04:12,5689.95,513825
2021-06-01 10:04:13,5689.75,513839
2021-06-01 10:04:14,5691.9,514311
2021-06-01 10:04:15,5689.7,514313
2021-06-01 10:04:16,5689.7,514313
2021-06-01 10:04:17,5690.65,514363
2021-06-01 10:04:18,5689.65,514366
2021-06-01 10:04:19,5689.7,514372
2021-06-01 10:04:20,5689.7,514402
2021-06-01 10:04:21,5690.6,514422
2021-06-01 10:04:22,5692.0,514462
2021-06-01 10:04:23,5689.65,514553
2021-06-01 10:04:24,5692.0,514559
2021-06-01 10:04:25,5689.5,514586
2021-06-01 10:04:27,5691.9,514587
2021-06-01 10:04:28,5691.9,514587
2021-06-01 10:04:29,5690.0,514608
2021-06-01 10:04:29,5690.0,514608
2021-06-01 10:04:30,5690.0,514608
2021-06-01 10:04:31,5690.0,514613
2021-06-01 10:04:32,5691.85,514617
2021-06-01 10:04:33,5691.85,514617
2021-06-01 10:04:34,5691.75,514618
2021-06-01 10:04:35,5691.9,514622
2021-06-01 10:04:38,5692.95,515046
2021-06-01 10:04:39,5692.4,515075
2021-06-01 10:04:39,5692.4,515075
2021-06-01 10:04:40,5693.0,515090
2021-06-01 10:04:41,5692.65,515140
2021-06-01 10:04:42,5694.55,515169
2021-06-01 10:04:43,5691.85,515393
2021-06-01 10:04:44,5694.55,515468
2021-06-01 10:04:46,5694.55,515468
2021-06-01 10:04:47,5691.95,515539
2021-06-01 10:04:48,5693.75,515572
2021-06-01 10:04:48,5693.95,515570
2021-06-01 10:04:49,5693.9,515583
2021-06-01 10:04:50,5693.8,515614
2021-06-01 10:04:51,5691.35,515935
2021-06-01 10:04:52,5694.0,516075
2021-06-01 10:04:53,5693.65,516230
2021-06-01 10:04:54,5691.55,516307
2021-06-01 10:04:55,5694.0,516326
2021-06-01 10:04:56,5691.7,516336
2021-06-01 10:04:57,5692.0,516342
2021-06-01 10:04:58,5694.0,516389
2021-06-01 10:04:59,5694.0,516406
2021-06-01 10:05:00,5692.05,516424
2021-06-01 10:05:02,5693.9,516469
2021-06-01 10:05:04,5693.9,516531
2021-06-01 10:05:05,5693.9,516531
2021-06-01 10:05:06,5693.9,516549
2021-06-01 10:05:06,5693.9,516549
2021-06-01 10:05:07,5696.95,518102
2021-06-01 10:05:08,5696.05,518107
2021-06-01 10:05:10,5696.8,518117
2021-06-01 10:05:11,5696.8,518133
2021-06-01 10:05:11,5696.05,518143
2021-06-01 10:05:12,5696.1,518144
2021-06-01 10:05:14,5696.95,519057
2021-06-01 10:05:15,5696.5,519067
2021-06-01 10:05:16,5692.65,519324
2021-06-01 10:05:17,5694.9,519358
2021-06-01 10:05:17,5694.9,519368
2021-06-01 10:05:18,5694.6,519396
2021-06-01 10:05:19,5694.8,520405
2021-06-01 10:05:20,5695.5,520466
2021-06-01 10:05:21,5696.95,520580
2021-06-01 10:05:23,5696.0,520605
2021-06-01 10:05:24,5693.25,520620
2021-06-01 10:05:25,5694.0,520637
2021-06-01 10:05:25,5694.6,520681
2021-06-01 10:05:27,5694.95,520682
2021-06-01 10:05:27,5695.0,520716
2021-06-01 10:05:29,5695.0,520716
2021-06-01 10:05:30,5695.0,520716
2021-06-01 10:05:30,5695.0,520716
2021-06-01 10:05:31,5694.35,522429
2021-06-01 10:05:33,5695.0,522548
2021-06-01 10:05:33,5695.0,522608
2021-06-01 10:05:35,5695.0,522824
2021-06-01 10:05:35,5697.0,522886
2021-06-01 10:05:37,5694.5,522923
2021-06-01 10:05:38,5697.0,523250
2021-06-01 10:05:39,5695.1,523356
2021-06-01 10:05:40,5695.05,523416
2021-06-01 10:05:40,5695.05,523416
2021-06-01 10:05:41,5695.0,523441
2021-06-01 10:05:43,5695.0,523441
2021-06-01 10:05:44,5695.0,523441
2021-06-01 10:05:45,5695.3,523701
2021-06-01 10:05:46,5695.3,523801
2021-06-01 10:05:47,5697.0,523942
2021-06-01 10:05:48,5697.85,524071
2021-06-01 10:05:49,5697.85,524071
2021-06-01 10:05:49,5697.85,524071
2021-06-01 10:05:50,5697.9,524395
2021-06-01 10:05:51,5698.0,524501
2021-06-01 10:05:52,5698.0,524502
2021-06-01 10:05:54,5695.35,524506
2021-06-01 10:05:55,5695.35,524516
2021-06-01 10:05:56,5697.45,524538
2021-06-01 10:05:57,5697.45,524538
2021-06-01 10:05:58,5697.45,524580
2021-06-01 10:05:59,5697.4,524620
2021-06-01 10:06:00,5695.55,524673
2021-06-01 10:06:01,5697.45,524693
2021-06-01 10:06:01,5695.55,524709
2021-06-01 10:06:02,5695.55,524730
2021-06-01 10:06:03,5695.35,524786
2021-06-01 10:06:05,5697.1,524841
2021-06-01 10:06:06,5697.35,524890
2021-06-01 10:06:06,5697.05,524960
2021-06-01 10:06:08,5697.0,525210
2021-06-01 10:06:09,5697.0,525210
2021-06-01 10:06:10,5697.0,525210
2021-06-01 10:06:11,5697.0,525210
2021-06-01 10:06:12,5697.1,525235
2021-06-01 10:06:12,5695.35,525237
2021-06-01 10:06:14,5697.4,525262
2021-06-01 10:06:15,5698.0,525326
2021-06-01 10:06:16,5695.5,525395
2021-06-01 10:06:17,5695.5,525454
2021-06-01 10:06:17,5695.5,525454
2021-06-01 10:06:18,5696.95,525501
2021-06-01 10:06:19,5698.7,525790
2021-06-01 10:06:20,5698.7,525803
2021-06-01 10:06:21,5696.9,525804
2021-06-01 10:06:22,5698.7,525835
2021-06-01 10:06:23,5698.7,525835
