timestamp,ltp,volume
2021-06-01 09:16:02,5299.75,10233
2021-06-01 09:16:02,5299.75,10233
2021-06-01 09:16:03,5296.45,10295
2021-06-01 09:16:04,5295.4,10402
2021-06-01 09:16:05,5298.0,10423
2021-06-01 09:16:06,5295.4,10428
2021-06-01 09:16:07,5299.45,10434
2021-06-01 09:16:08,5296.25,10455
2021-06-01 09:16:09,5299.0,10457
2021-06-01 09:16:10,5295.9,10645
2021-06-01 09:16:11,5295.7,10675
2021-06-01 09:16:12,5295.7,10675
2021-06-01 09:16:13,5295.2,10929
2021-06-01 09:16:14,5295.3,11047
2021-06-01 09:16:15,5295.05,11166
2021-06-01 09:16:16,5295.0,11198
2021-06-01 09:16:17,5293.2,11378
2021-06-01 09:16:18,5291.4,11402
2021-06-01 09:16:19,5291.4,11402
2021-06-01 09:16:20,5290.0,11529
2021-06-01 09:16:21,5290.35,11539
2021-06-01 09:16:22,5292.8,11604
2021-06-01 09:16:23,5290.0,11832
2021-06-01 09:16:24,5288.0,11849
2021-06-01 09:16:25,5288.0,11849
2021-06-01 09:16:26,5288.0,11868
2021-06-01 09:16:27,5287.05,12147
2021-06-01 09:16:28,5286.3,12389
2021-06-01 09:16:29,5286.45,12412
2021-06-01 09:16:30,5290.0,12508
2021-06-01 09:16:31,5287.4,12789
2021-06-01 09:16:32,5289.45,12912
2021-06-01 09:16:33,5288.1,13076
2021-06-01 09:16:34,5289.65,13146
2021-06-01 09:16:35,5288.95,13165
2021-06-01 09:16:38,5287.3,13329
2021-06-01 09:16:42,5287.6,13362
2021-06-01 09:16:41,5287.6,13353
2021-06-01 09:16:43,5288.8,13373
2021-06-01 09:16:45,5288.0,13401
2021-06-01 09:16:46,5288.0,13489
2021-06-01 09:16:47,5287.3,13536
2021-06-01 09:16:48,5287.3,13536
2021-06-01 09:16:49,5287.7,13589
2021-06-01 09:16:50,5280.35,14630
2021-06-01 09:16:51,5282.45,14635
2021-06-01 09:16:52,5280.0,14640
2021-06-01 09:16:53,5282.4,14646
2021-06-01 09:16:54,5281.05,14751
2021-06-01 09:16:57,5281.6,17100
2021-06-01 09:16:58,5285.05,17192
2021-06-01 09:16:59,5282.45,17196
2021-06-01 09:17:00,5282.45,17210
2021-06-01 09:17:01,5284.35,17282
2021-06-01 09:17:03,5282.45,17319
2021-06-01 09:17:04,5281.3,17333
2021-06-01 09:17:05,5280.9,17419
2021-06-01 09:17:06,5284.1,17429
2021-06-01 09:17:07,5282.25,17459
2021-06-01 09:17:08,5280.5,17476
2021-06-01 09:17:09,5280.0,17681
2021-06-01 09:17:10,5283.0,17684
2021-06-01 09:17:11,5283.85,17712
2021-06-01 09:17:12,5281.15,17736
2021-06-01 09:17:13,5283.85,17771
2021-06-01 09:17:14,5283.9,17804
2021-06-01 09:17:15,5282.4,17872
2021-06-01 09:17:16,5282.4,17881
2021-06-01 09:17:17,5282.4,17881
2021-06-01 09:17:18,5283.6,17882
2021-06-01 09:17:19,5281.75,17945
2021-06-01 09:17:20,5281.5,17950
2021-06-01 09:17:21,5280.6,17983
2021-06-01 09:17:22,5283.7,18021
2021-06-01 09:17:23,5283.7,18076
2021-06-01 09:17:24,5281.0,18087
2021-06-01 09:17:25,5283.0,18093
2021-06-01 09:17:26,5281.0,18198
2021-06-01 09:17:27,5281.0,18245
2021-06-01 09:17:28,5280.0,18364
2021-06-01 09:17:30,5279.0,18914
2021-06-01 09:17:29,5282.95,18385
2021-06-01 09:17:31,5279.0,18914
2021-06-01 09:17:32,5279.45,19043
2021-06-01 09:17:33,5277.05,19193
2021-06-01 09:17:34,5281.5,19262
2021-06-01 09:17:35,5280.85,19269
2021-06-01 09:17:36,5281.55,19806
2021-06-01 09:17:37,5282.85,19816
2021-06-01 09:17:38,5282.85,19816
2021-06-01 09:17:39,5280.85,19835
2021-06-01 09:17:40,5278.6,19840
2021-06-01 09:17:41,5281.6,19854
2021-06-01 09:17:42,5280.0,19864
2021-06-01 09:17:43,5280.0,19937
2021-06-01 09:17:44,5280.0,19937
2021-06-01 09:17:45,5280.0,19937
2021-06-01 09:17:46,5279.45,19941
2021-06-01 09:17:47,5280.0,19957
2021-06-01 09:17:48,5280.0,19977
2021-06-01 09:17:49,5279.45,20036
2021-06-01 09:17:50,5280.0,20056
2021-06-01 09:17:51,5280.0,20056
2021-06-01 09:17:52,5279.6,20064
2021-06-01 09:17:53,5280.0,20066
2021-06-01 09:17:55,5279.7,20119
2021-06-01 09:17:54,5279.7,20119
2021-06-01 09:17:56,5279.6,20136
2021-06-01 09:17:57,5280.0,20196
2021-06-01 09:17:58,5281.5,20247
2021-06-01 09:18:00,5279.7,20353
2021-06-01 09:18:01,5278.0,20378
2021-06-01 09:18:02,5279.85,20384
2021-06-01 09:18:03,5280.05,20439
2021-06-01 09:18:05,5276.5,20445
2021-06-01 09:18:06,5276.5,20445
2021-06-01 09:18:07,5274.85,21493
2021-06-01 09:18:08,5271.0,21720
2021-06-01 09:18:09,5273.6,21729
2021-06-01 09:18:10,5273.6,21772
2021-06-01 09:18:11,5276.5,22029
2021-06-01 09:18:12,5276.5,22029
2021-06-01 09:18:13,5273.6,22040
2021-06-01 09:18:14,5277.4,22098
2021-06-01 09:18:16,5278.95,22150
2021-06-01 09:18:17,5275.7,22250
2021-06-01 09:18:18,5278.55,22283
2021-06-01 09:18:19,5276.85,22303
2021-06-01 09:18:20,5276.85,22303
2021-06-01 09:18:20,5276.85,22303
2021-06-01 09:18:21,5275.6,22305
2021-06-01 09:18:22,5279.15,22473
2021-06-01 09:18:23,5279.75,22510
2021-06-01 09:18:24,5278.45,22531
2021-06-01 09:18:26,5282.85,23810
2021-06-01 09:18:27,5280.0,24060
2021-06-01 09:18:28,5283.3,24077
2021-06-01 09:18:29,5287.2,24176
2021-06-01 09:18:30,5286.5,24178
2021-06-01 09:18:31,5284.4,24279
2021-06-01 09:18:32,5282.1,24304
2021-06-01 09:18:33,5278.4,25429
2021-06-01 09:18:33,5278.4,25429
2021-06-01 09:18:34,5284.7,25515
2021-06-01 09:18:35,5284.7,25515
2021-06-01 09:18:36,5283.25,25562
2021-06-01 09:18:37,5285.2,25566
2021-06-01 09:18:38,5285.2,25577
2021-06-01 09:18:39,5285.2,25577
2021-06-01 09:18:40,5285.0,25691
2021-06-01 09:18:41,5287.8,25726
2021-06-01 09:18:43,5286.25,25771
2021-06-01 09:18:43,5286.45,25778
2021-06-01 09:18:44,5287.05,25788
2021-06-01 09:18:46,5288.0,25792
2021-06-01 09:18:46,5288.85,25867
2021-06-01 09:18:47,5285.7,25872
2021-06-01 09:18:49,5288.85,25886
2021-06-01 09:18:49,5289.1,25887
2021-06-01 09:18:50,5289.0,26899
2021-06-01 09:18:51,5286.4,26966
2021-06-01 09:18:53,5286.4,26971
2021-06-01 09:18:53,5286.4,26971
2021-06-01 09:18:54,5286.4,26971
2021-06-01 09:18:55,5286.4,27009
2021-06-01 09:18:56,5285.2,27033
2021-06-01 09:18:57,5287.8,27052
2021-06-01 09:18:58,5287.5,27074
2021-06-01 09:18:59,5287.5,27074
2021-06-01 09:19:00,5286.2,27109
2021-06-01 09:19:01,5285.55,27124
2021-06-01 09:19:02,5285.55,27224
2021-06-01 09:19:03,5285.4,27242
2021-06-01 09:19:04,5286.4,27282
2021-06-01 09:19:05,5284.45,27330
2021-06-01 09:19:06,5285.25,27468
2021-06-01 09:19:07,5285.2,27526
2021-06-01 09:19:08,5285.0,27826
2021-06-01 09:19:09,5286.3,27833
2021-06-01 09:19:10,5285.1,27852
2021-06-01 09:19:11,5285.1,27852
2021-06-01 09:19:13,5284.95,27856
2021-06-01 09:19:14,5284.85,27873
2021-06-01 09:19:15,5287.6,27877
2021-06-01 09:19:15,5287.6,27877
2021-06-01 09:19:16,5287.6,27877
2021-06-01 09:19:17,5287.55,27994
2021-06-01 09:19:18,5287.8,28006
2021-06-01 09:19:19,5286.2,28021
2021-06-01 09:19:20,5285.25,28073
2021-06-01 09:19:22,5285.0,28086
2021-06-01 09:19:23,5285.0,28130
2021-06-01 09:19:24,5284.1,28138
2021-06-01 09:19:25,5286.55,28139
2021-06-01 09:19:25,5285.2,28160
2021-06-01 09:19:26,5285.05,28170
2021-06-01 09:19:28,5284.2,28186
2021-06-01 09:19:28,5284.2,28190
2021-06-01 09:19:29,5284.3,28194
2021-06-01 09:19:30,5284.3,28194
2021-06-01 09:19:32,5286.4,28205
2021-06-01 09:19:33,5286.4,28205
2021-06-01 09:19:33,5286.55,28228
2021-06-01 09:19:35,5284.55,28244
2021-06-01 09:19:35,5286.3,28245
2021-06-01 09:19:37,5286.0,28248
2021-06-01 09:19:37,5284.45,28262
2021-06-01 09:19:39,5284.45,28262
2021-06-01 09:19:39,5284.45,28262
2021-06-01 09:19:40,5284.45,28262
2021-06-01 09:19:41,5285.0,28339
2021-06-01 09:19:43,5284.45,28357
2021-06-01 09:19:44,5285.0,28497
2021-06-01 09:19:46,5286.0,28921
2021-06-01 09:19:46,5285.0,28962
2021-06-01 09:19:48,5286.55,28973
2021-06-01 09:19:49,5286.55,29036
2021-06-01 09:19:50,5285.0,29107
2021-06-01 09:19:51,5285.0,29107
2021-06-01 09:19:51,5288.0,29159
2021-06-01 09:19:52,5289.4,29206
2021-06-01 09:19:53,5289.4,29207
2021-06-01 09:19:54,5288.25,29211
2021-06-01 09:19:55,5290.0,29279
2021-06-01 09:19:56,5287.35,29342
2021-06-01 09:19:57,5287.0,29392
2021-06-01 09:19:58,5287.0,29407
2021-06-01 09:19:59,5287.0,29416
2021-06-01 09:20:00,5289.55,29553
2021-06-01 09:20:01,5288.6,29632
2021-06-01 09:20:02,5288.15,29637
2021-06-01 09:20:03,5289.95,29638
2021-06-01 09:20:04,5289.95,29638
2021-06-01 09:20:06,5289.95,29653
2021-06-01 09:20:07,5289.95,29656
2021-06-01 09:20:08,5289.95,29676
2021-06-01 09:20:09,5289.95,29677
2021-06-01 09:20:10,5289.95,29678
2021-06-01 09:20:11,5289.95,29680
2021-06-01 09:20:12,5292.05,29952
2021-06-01 09:20:13,5292.15,29953
2021-06-01 09:20:14,5293.6,30068
2021-06-01 09:20:15,5293.65,30070
2021-06-01 09:20:16,5292.5,30109
2021-06-01 09:20:17,5293.85,30188
2021-06-01 09:20:18,5291.5,30302
2021-06-01 09:20:19,5292.1,30307
2021-06-01 09:20:20,5292.1,30381
2021-06-01 09:20:21,5294.0,30396
2021-06-01 09:20:22,5294.25,30618
2021-06-01 09:20:23,5294.25,30713
2021-06-01 09:20:24,5294.25,30753
2021-06-01 09:20:25,5294.25,30753
2021-06-01 09:20:26,5292.3,30763
2021-06-01 09:20:27,5292.45,30773
2021-06-01 09:20:28,5294.0,30846
2021-06-01 09:20:29,5294.0,30846
2021-06-01 09:20:30,5291.8,30962
2021-06-01 09:20:31,5292.0,31002
2021-06-01 09:20:32,5289.95,31276
2021-06-01 09:20:33,5289.95,31280
2021-06-01 09:20:34,5290.45,31284
2021-06-01 09:20:35,5292.5,31365
2021-06-01 09:20:36,5290.0,31376
2021-06-01 09:20:37,5290.4,31391
2021-06-01 09:20:38,5290.0,31445
2021-06-01 09:20:39,5292.35,31459
2021-06-01 09:20:40,5289.5,31468
2021-06-01 09:20:41,5286.0,31667
2021-06-01 09:20:42,5285.75,31676
2021-06-01 09:20:43,5287.9,31678
2021-06-01 09:20:44,5285.8,31680
2021-06-01 09:20:45,5286.0,31682
2021-06-01 09:20:46,5286.0,31694
2021-06-01 09:20:47,5285.75,31709
2021-06-01 09:20:47,5284.45,31859
2021-06-01 09:20:48,5284.95,31865
2021-06-01 09:20:49,5284.95,31885
2021-06-01 09:20:50,5284.95,31885
2021-06-01 09:20:51,5284.45,31914
2021-06-01 09:20:54,5285.0,31944
2021-06-01 09:20:55,5284.45,31953
2021-06-01 09:20:56,5285.1,32102
2021-06-01 09:20:57,5284.55,32107
2021-06-01 09:20:57,5284.55,32107
2021-06-01 09:20:58,5286.7,32127
2021-06-01 09:20:59,5284.75,32181
2021-06-01 09:21:01,5287.25,32213
2021-06-01 09:21:02,5285.3,32233
2021-06-01 09:21:03,5285.2,32257
2021-06-01 09:21:04,5285.2,32263
2021-06-01 09:21:05,5285.0,32293
2021-06-01 09:21:06,5283.55,32918
2021-06-01 09:21:07,5282.0,32922
2021-06-01 09:21:07,5282.0,32922
2021-06-01 09:21:08,5283.55,33016
2021-06-01 09:21:09,5282.6,33027
2021-06-01 09:21:10,5282.0,33032
2021-06-01 09:21:11,5281.45,33047
2021-06-01 09:21:12,5281.75,33297
2021-06-01 09:21:14,5285.2,33472
2021-06-01 09:21:14,5282.45,33422
2021-06-01 09:21:15,5286.55,33696
2021-06-01 09:21:16,5288.55,33829
2021-06-01 09:21:17,5288.1,33837
2021-06-01 09:21:18,5289.0,33893
2021-06-01 09:21:19,5287.95,33902
2021-06-01 09:21:20,5287.9,33931
2021-06-01 09:21:21,5287.85,33947
2021-06-01 09:21:22,5287.85,33961
2021-06-01 09:21:23,5287.75,33965
2021-06-01 09:21:24,5289.8,34071
2021-06-01 09:21:26,5288.1,34194
2021-06-01 09:21:27,5288.1,34194
2021-06-01 09:21:28,5285.2,34202
2021-06-01 09:21:29,5288.85,34204
2021-06-01 09:21:30,5286.5,34208
2021-06-01 09:21:31,5284.4,34318
2021-06-01 09:21:32,5282.95,34341
2021-06-01 09:21:33,5285.0,34363
2021-06-01 09:21:34,5285.0,34363
2021-06-01 09:21:35,5283.05,34368
2021-06-01 09:21:36,5286.5,34371
2021-06-01 09:21:37,5285.45,34508
2021-06-01 09:21:38,5285.3,34509
2021-06-01 09:21:39,5285.85,34528
2021-06-01 09:21:39,5285.85,34528
2021-06-01 09:21:40,5283.15,34529
2021-06-01 09:21:41,5283.15,34529
2021-06-01 09:21:42,5285.8,34532
2021-06-01 09:21:43,5285.8,34532
2021-06-01 09:21:44,5283.15,34539
2021-06-01 09:21:45,5283.15,34539
2021-06-01 09:21:46,5283.15,34539
2021-06-01 09:21:47,5285.8,34547
2021-06-01 09:21:48,5285.0,34566
2021-06-01 09:21:49,5283.6,34611
2021-06-01 09:21:50,5285.8,34639
2021-06-01 09:21:51,5283.2,34643
2021-06-01 09:21:52,5283.1,34654
2021-06-01 09:21:53,5282.55,34779
2021-06-01 09:21:54,5282.95,34793
2021-06-01 09:21:55,5283.1,34794
2021-06-01 09:21:56,5282.55,34829
2021-06-01 09:21:57,5282.95,34840
2021-06-01 09:21:58,5282.65,34870
2021-06-01 09:21:59,5282.65,34870
2021-06-01 09:22:00,5283.1,34903
2021-06-01 09:22:02,5282.0,34995
2021-06-01 09:22:02,5283.0,35005
2021-06-01 09:22:04,5283.0,35005
2021-06-01 09:22:05,5283.0,35005
2021-06-01 09:22:06,5284.0,35010
2021-06-01 09:22:07,5284.0,35011
2021-06-01 09:22:08,5284.0,35017
2021-06-01 09:22:08,5282.0,35037
2021-06-01 09:22:09,5284.0,35042
2021-06-01 09:22:10,5282.0,35051
2021-06-01 09:22:13,5283.9,35150
2021-06-01 09:22:14,5282.9,36477
2021-06-01 09:22:14,5282.9,36537
2021-06-01 09:22:15,5280.5,36542
2021-06-01 09:22:17,5282.7,36558
2021-06-01 09:22:18,5280.6,36560
2021-06-01 09:22:18,5282.4,36617
2021-06-01 09:22:21,5282.35,36690
2021-06-01 09:22:20,5282.35,36667
2021-06-01 09:22:22,5280.05,36785
2021-06-01 09:22:23,5282.35,36839
2021-06-01 09:22:23,5282.35,36839
2021-06-01 09:22:24,5282.35,36859
2021-06-01 09:22:25,5280.25,36894
2021-06-01 09:22:26,5281.95,36896
2021-06-01 09:22:28,5280.0,36931
2021-06-01 09:22:29,5280.0,36951
2021-06-01 09:22:30,5280.25,36961
2021-06-01 09:22:31,5281.35,36963
2021-06-01 09:22:32,5281.35,36987
2021-06-01 09:22:33,5281.95,37006
2021-06-01 09:22:34,5281.95,37009
2021-06-01 09:22:35,5282.0,37800
2021-06-01 09:22:36,5282.35,37844
2021-06-01 09:22:37,5282.35,37844
2021-06-01 09:22:38,5282.35,37844
2021-06-01 09:22:39,5282.0,37850
2021-06-01 09:22:40,5280.0,37930
2021-06-01 09:22:41,5281.75,37942
2021-06-01 09:22:42,5282.25,37964
2021-06-01 09:22:43,5282.25,37964
2021-06-01 09:22:44,5281.75,37974
2021-06-01 09:22:45,5281.75,37974
2021-06-01 09:22:45,5281.75,37974
2021-06-01 09:22:47,5282.0,37992
2021-06-01 09:22:48,5280.0,37998
2021-06-01 09:22:49,5280.0,37999
2021-06-01 09:22:50,5280.0,37999
2021-06-01 09:22:50,5280.0,38376
2021-06-01 09:22:51,5281.1,38386
2021-06-01 09:22:53,5281.4,38402
2021-06-01 09:22:54,5281.4,38402
2021-06-01 09:22:55,5281.4,38402
2021-06-01 09:22:56,5281.4,38407
2021-06-01 09:22:57,5281.4,38407
2021-06-01 09:22:58,5281.4,38413
2021-06-01 09:22:59,5282.0,38468
2021-06-01 09:22:59,5282.0,38468
2021-06-01 09:23:00,5282.0,38468
2021-06-01 09:23:02,5282.0,38473
2021-06-01 09:23:03,5280.0,38583
2021-06-01 09:23:04,5280.0,38650
2021-06-01 09:23:05,5282.2,38701
2021-06-01 09:23:05,5282.2,38701
2021-06-01 09:23:07,5280.0,38712
2021-06-01 09:23:08,5280.0,38713
2021-06-01 09:23:09,5281.85,38718
2021-06-01 09:23:10,5281.85,38718
2021-06-01 09:23:11,5281.0,38719
2021-06-01 09:23:12,5280.0,38729
2021-06-01 09:23:13,5279.0,39012
2021-06-01 09:23:14,5279.5,39108
2021-06-01 09:23:15,5279.5,39108
2021-06-01 09:23:16,5279.5,39108
2021-06-01 09:23:17,5279.0,39162
2021-06-01 09:23:18,5279.0,39162
2021-06-01 09:23:19,5279.0,39167
2021-06-01 09:23:20,5279.0,39167
2021-06-01 09:23:21,5279.0,39196
2021-06-01 09:23:22,5278.65,39428
2021-06-01 09:23:23,5278.9,39429
2021-06-01 09:23:23,5278.9,39429
2021-06-01 09:23:24,5279.45,39450
2021-06-01 09:23:25,5279.4,39451
2021-06-01 09:23:27,5279.4,39451
2021-06-01 09:23:28,5279.4,39451
2021-06-01 09:23:29,5279.4,39451
2021-06-01 09:23:29,5279.8,39501
2021-06-01 09:23:30,5279.85,39632
2021-06-01 09:23:31,5277.6,39647
2021-06-01 09:23:33,5279.85,39697
2021-06-01 09:23:34,5279.85,39697
2021-06-01 09:23:35,5279.9,39698
2021-06-01 09:23:36,5279.9,39698
2021-06-01 09:23:37,5280.9,39801
2021-06-01 09:23:38,5279.0,39992
2021-06-01 09:23:39,5279.0,39992
2021-06-01 09:23:40,5279.0,39992
2021-06-01 09:23:41,5278.0,39999
2021-06-01 09:23:42,5278.0,39999
2021-06-01 09:23:43,5279.35,40011
2021-06-01 09:23:44,5279.35,40011
2021-06-01 09:23:46,5276.6,40048
2021-06-01 09:23:47,5276.6,40068
2021-06-01 09:23:48,5279.4,40113
2021-06-01 09:23:49,5278.95,40118
2021-06-01 09:23:50,5278.95,40118
2021-06-01 09:23:51,5278.0,40138
2021-06-01 09:23:52,5278.0,40138
2021-06-01 09:23:52,5280.0,40296
2021-06-01 09:23:53,5279.8,40297
2021-06-01 09:23:55,5278.5,40298
2021-06-01 09:23:55,5278.5,40298
2021-06-01 09:23:56,5280.4,40318
2021-06-01 09:23:57,5278.5,40328
2021-06-01 09:23:58,5278.95,40379
2021-06-01 09:24:00,5278.95,40392
2021-06-01 09:24:00,5278.95,40428
2021-06-01 09:24:01,5278.95,40428
2021-06-01 09:24:02,5277.0,40488
2021-06-01 09:24:03,5277.0,40488
2021-06-01 09:24:04,5280.45,40588
2021-06-01 09:24:05,5280.45,40588
2021-06-01 09:24:06,5278.0,40615
2021-06-01 09:24:07,5280.85,40715
2021-06-01 09:24:08,5280.85,40715
2021-06-01 09:24:09,5280.85,40715
2021-06-01 09:24:11,5280.8,40716
2021-06-01 09:24:12,5280.8,40716
2021-06-01 09:24:12,5279.95,40729
2021-06-01 09:24:14,5279.95,40729
2021-06-01 09:24:14,5279.95,40729
2021-06-01 09:24:15,5278.1,40889
2021-06-01 09:24:17,5280.0,40955
2021-06-01 09:24:17,5278.5,40975
2021-06-01 09:24:19,5280.4,40979
2021-06-01 09:24:19,5280.4,40979
2021-06-01 09:24:21,5280.0,41074
2021-06-01 09:24:22,5280.0,41074
2021-06-01 09:24:23,5280.0,41074
2021-06-01 09:24:24,5280.0,41078
2021-06-01 09:24:25,5280.0,41078
2021-06-01 09:24:26,5280.0,41189
2021-06-01 09:24:27,5280.0,41304
2021-06-01 09:24:28,5280.0,41304
2021-06-01 09:24:29,5280.0,41304
2021-06-01 09:24:30,5280.0,41304
2021-06-01 09:24:31,5280.0,41304
2021-06-01 09:24:33,5278.2,41306
2021-06-01 09:24:32,5278.2,41306
2021-06-01 09:24:34,5278.25,41307
2021-06-01 09:24:35,5280.0,41321
2021-06-01 09:24:36,5280.0,41321
2021-06-01 09:24:37,5277.0,41523
2021-06-01 09:24:38,5277.6,41540
2021-06-01 09:24:39,5277.6,41540
2021-06-01 09:24:40,5277.6,41540
2021-06-01 09:24:41,5277.6,41541
2021-06-01 09:24:42,5277.0,41586
2021-06-01 09:24:43,5278.0,41589
2021-06-01 09:24:43,5278.0,41589
2021-06-01 09:24:44,5278.55,41641
2021-06-01 09:24:46,5276.1,41691
2021-06-01 09:24:46,5276.1,41691
2021-06-01 09:24:47,5276.15,41701
2021-06-01 09:24:48,5279.15,41775
2021-06-01 09:24:49,5276.4,41885
2021-06-01 09:24:50,5279.1,41886
2021-06-01 09:24:51,5278.0,41887
2021-06-01 09:24:52,5279.1,41889
2021-06-01 09:24:55,5279.15,42024
2021-06-01 09:24:56,5277.0,42074
2021-06-01 09:24:57,5277.0,42074
2021-06-01 09:24:58,5277.0,42074
2021-06-01 09:24:59,5279.1,42100
2021-06-01 09:25:00,5280.0,42103
2021-06-01 09:25:01,5279.15,42109
2021-06-01 09:25:02,5279.15,42109
2021-06-01 09:25:03,5280.0,42117
2021-06-01 09:25:04,5279.6,42656
2021-06-01 09:25:05,5279.6,42666
2021-06-01 09:25:06,5282.0,42671
2021-06-01 09:25:07,5279.9,42683
2021-06-01 09:25:08,5279.15,42760
2021-06-01 09:25:09,5280.45,42779
2021-06-01 09:25:10,5280.45,42781
2021-06-01 09:25:11,5277.0,42809
2021-06-01 09:25:12,5278.9,42859
2021-06-01 09:25:13,5278.9,42859
2021-06-01 09:25:14,5277.5,42868
2021-06-01 09:25:15,5279.0,42873
2021-06-01 09:25:16,5277.0,42984
2021-06-01 09:25:17,5277.0,42984
2021-06-01 09:25:18,5277.0,43112
2021-06-01 09:25:19,5279.4,43172
2021-06-01 09:25:20,5276.5,43372
2021-06-01 09:25:21,5279.0,43400
2021-06-01 09:25:22,5279.45,43427
2021-06-01 09:25:23,5277.0,43429
2021-06-01 09:25:24,5279.45,43432
2021-06-01 09:25:25,5279.45,43434
2021-06-01 09:25:26,5279.0,43473
2021-06-01 09:25:27,5279.0,43479
2021-06-01 09:25:28,5276.0,43624
2021-06-01 09:25:29,5275.5,43842
2021-06-01 09:25:30,5276.75,43920
2021-06-01 09:25:31,5276.8,43945
2021-06-01 09:25:32,5275.0,44017
2021-06-01 09:25:33,5276.95,44167
2021-06-01 09:25:34,5276.8,44168
2021-06-01 09:25:35,5276.8,44168
2021-06-01 09:25:36,5274.0,44845
2021-06-01 09:25:37,5274.9,44873
2021-06-01 09:25:38,5274.9,44874
2021-06-01 09:25:39,5274.7,44929
2021-06-01 09:25:40,5274.7,44929
2021-06-01 09:25:41,5274.7,44930
2021-06-01 09:25:42,5272.0,45030
2021-06-01 09:25:43,5272.0,45574
2021-06-01 09:25:44,5273.7,45576
2021-06-01 09:25:45,5273.7,45677
2021-06-01 09:25:46,5272.0,45712
2021-06-01 09:25:47,5272.0,45717
2021-06-01 09:25:48,5273.7,45727
2021-06-01 09:25:49,5273.7,45727
2021-06-01 09:25:50,5272.0,45729
2021-06-01 09:25:51,5272.1,45747
2021-06-01 09:25:52,5272.1,45774
2021-06-01 09:25:53,5272.1,45811
2021-06-01 09:25:54,5272.1,45821
2021-06-01 09:25:55,5272.1,45821
2021-06-01 09:25:56,5272.1,45821
2021-06-01 09:25:57,5271.6,45871
2021-06-01 09:25:58,5273.85,45927
2021-06-01 09:25:59,5273.0,45977
2021-06-01 09:26:00,5272.1,45982
2021-06-01 09:26:01,5275.0,45988
2021-06-01 09:26:02,5273.8,46000
2021-06-01 09:26:03,5271.5,46068
2021-06-01 09:26:04,5271.15,46072
2021-06-01 09:26:05,5271.1,46077
2021-06-01 09:26:06,5271.1,46081
2021-06-01 09:26:07,5271.1,46085
2021-06-01 09:26:08,5273.0,46090
2021-06-01 09:26:10,5271.1,46290
2021-06-01 09:26:11,5271.2,46291
2021-06-01 09:26:12,5271.2,46364
2021-06-01 09:26:13,5273.7,46390
2021-06-01 09:26:14,5274.75,46570
2021-06-01 09:26:16,5275.35,46757
2021-06-01 09:26:18,5271.8,46777
2021-06-01 09:26:19,5271.8,46777
2021-06-01 09:26:20,5271.8,46777
2021-06-01 09:26:21,5275.4,46847
2021-06-01 09:26:22,5274.15,46869
2021-06-01 09:26:23,5274.15,46869
2021-06-01 09:26:24,5272.15,46874
2021-06-01 09:26:24,5272.0,46900
2021-06-01 09:26:26,5274.45,46911
2021-06-01 09:26:27,5272.0,46952
2021-06-01 09:26:28,5274.5,46984
2021-06-01 09:26:29,5275.0,47094
2021-06-01 09:26:30,5273.0,47104
2021-06-01 09:26:31,5273.0,47108
2021-06-01 09:26:32,5273.2,47149
2021-06-01 09:26:33,5274.0,47169
2021-06-01 09:26:34,5274.0,47169
2021-06-01 09:26:35,5274.0,47169
2021-06-01 09:26:36,5274.0,47169
2021-06-01 09:26:37,5275.3,47174
2021-06-01 09:26:38,5274.0,47176
2021-06-01 09:26:39,5275.75,47276
2021-06-01 09:26:40,5274.0,47278
2021-06-01 09:26:41,5275.8,47330
2021-06-01 09:26:42,5273.95,47376
2021-06-01 09:26:43,5273.95,47376
2021-06-01 09:26:48,5275.0,47440
2021-06-01 09:26:49,5273.35,47540
2021-06-01 09:26:50,5273.35,47541
2021-06-01 09:26:51,5275.0,47550
2021-06-01 09:26:52,5275.0,47550
2021-06-01 09:26:53,5275.0,47563
2021-06-01 09:26:54,5275.0,47597
2021-06-01 09:26:55,5275.0,47597
2021-06-01 09:26:56,5273.35,47612
2021-06-01 09:26:57,5273.25,47613
2021-06-01 09:26:58,5272.0,47692
2021-06-01 09:26:59,5272.0,47692
2021-06-01 09:27:00,5273.0,47850
2021-06-01 09:27:01,5273.0,47850
2021-06-01 09:27:02,5274.5,47851
2021-06-01 09:27:03,5272.15,47862
2021-06-01 09:27:04,5272.15,47862
2021-06-01 09:27:05,5274.6,47892
2021-06-01 09:27:06,5274.5,47925
2021-06-01 09:27:07,5274.5,47925
2021-06-01 09:27:08,5272.4,47929
2021-06-01 09:27:09,5273.0,47930
2021-06-01 09:27:10,5273.0,47930
2021-06-01 09:27:11,5273.0,47930
2021-06-01 09:27:12,5274.85,47932
2021-06-01 09:27:13,5274.8,47942
2021-06-01 09:27:14,5272.2,47957
2021-06-01 09:27:15,5274.65,47990
2021-06-01 09:27:16,5274.7,48068
2021-06-01 09:27:17,5274.75,48098
2021-06-01 09:27:18,5272.15,48108
2021-06-01 09:27:19,5272.15,48108
2021-06-01 09:27:20,5272.15,48113
2021-06-01 09:27:21,5273.9,48122
2021-06-01 09:27:22,5273.9,48122
2021-06-01 09:27:23,5273.9,48123
2021-06-01 09:27:24,5273.0,48137
2021-06-01 09:27:25,5273.0,48137
2021-06-01 09:27:26,5274.0,48657
2021-06-01 09:27:27,5274.0,48657
2021-06-01 09:27:28,5274.0,48657
2021-06-01 09:27:29,5274.3,48677
2021-06-01 09:27:30,5275.8,48859
2021-06-01 09:27:31,5277.95,48860
2021-06-01 09:27:32,5277.95,48862
2021-06-01 09:27:33,5275.35,48867
2021-06-01 09:27:34,5275.35,48867
2021-06-01 09:27:36,5275.45,48906
2021-06-01 09:27:35,5275.45,48906
2021-06-01 09:27:37,5275.4,48942
2021-06-01 09:27:38,5277.5,49024
2021-06-01 09:27:39,5274.3,49065
2021-06-01 09:27:40,5274.3,49065
2021-06-01 09:27:41,5275.45,49140
2021-06-01 09:27:42,5275.45,49140
2021-06-01 09:27:43,5275.55,49185
2021-06-01 09:27:44,5275.55,49185
2021-06-01 09:27:45,5275.55,49185
2021-06-01 09:27:46,5277.5,49192
2021-06-01 09:27:47,5274.6,49215
2021-06-01 09:27:48,5274.3,49223
2021-06-01 09:27:49,5274.3,49223
2021-06-01 09:27:50,5274.3,49223
2021-06-01 09:27:51,5274.3,49223
2021-06-01 09:27:52,5274.0,49228
2021-06-01 09:27:53,5274.1,49243
2021-06-01 09:27:54,5274.1,49243
2021-06-01 09:27:55,5274.1,49243
2021-06-01 09:27:56,5274.1,49243
2021-06-01 09:27:58,5276.3,49267
2021-06-01 09:27:57,5276.3,49262
2021-06-01 09:27:59,5274.95,49309
2021-06-01 09:28:00,5274.85,49313
2021-06-01 09:28:01,5274.85,49313
2021-06-01 09:28:02,5274.35,49315
2021-06-01 09:28:03,5274.35,49315
2021-06-01 09:28:04,5274.35,49319
2021-06-01 09:28:05,5272.55,49622
2021-06-01 09:28:06,5272.65,49652
2021-06-01 09:28:07,5272.65,49652
2021-06-01 09:28:08,5272.65,49652
2021-06-01 09:28:09,5272.65,49652
2021-06-01 09:28:10,5274.0,49662
2021-06-01 09:28:11,5272.9,49911
2021-06-01 09:28:13,5273.5,50086
2021-06-01 09:28:14,5273.5,50086
2021-06-01 09:28:15,5272.65,50108
2021-06-01 09:28:16,5272.65,50112
2021-06-01 09:28:17,5272.65,50112
2021-06-01 09:28:18,5274.0,50147
2021-06-01 09:28:19,5274.0,50147
2021-06-01 09:28:20,5274.0,50147
2021-06-01 09:28:21,5274.0,50147
2021-06-01 09:28:22,5274.0,50147
2021-06-01 09:28:23,5274.3,50178
2021-06-01 09:28:24,5274.3,50178
2021-06-01 09:28:25,5271.7,50210
2021-06-01 09:28:26,5266.0,52284
2021-06-01 09:28:27,5268.0,52305
2021-06-01 09:28:28,5268.0,52357
2021-06-01 09:28:29,5268.0,52358
2021-06-01 09:28:30,5268.0,52366
2021-06-01 09:28:31,5268.1,52435
2021-06-01 09:28:32,5268.1,52435
2021-06-01 09:28:33,5266.55,52445
2021-06-01 09:28:35,5269.0,52449
2021-06-01 09:28:36,5269.0,52455
2021-06-01 09:28:37,5270.0,52665
2021-06-01 09:28:38,5269.0,52715
2021-06-01 09:28:39,5268.25,52736
2021-06-01 09:28:40,5268.25,52736
2021-06-01 09:28:41,5268.25,52736
2021-06-01 09:28:42,5268.25,52736
2021-06-01 09:28:43,5272.95,52945
2021-06-01 09:28:44,5272.5,52955
2021-06-01 09:28:45,5272.5,53006
2021-06-01 09:28:46,5272.5,53006
2021-06-01 09:28:47,5268.85,53457
2021-06-01 09:28:48,5272.5,53477
2021-06-01 09:28:49,5270.2,53553
2021-06-01 09:28:50,5272.45,53555
2021-06-01 09:28:51,5269.6,53557
2021-06-01 09:28:52,5269.55,53607
2021-06-01 09:28:53,5269.55,53607
2021-06-01 09:28:55,5269.55,53609
2021-06-01 09:28:56,5269.55,53613
2021-06-01 09:28:57,5269.55,53613
2021-06-01 09:28:58,5269.55,53613
2021-06-01 09:28:59,5271.5,53618
2021-06-01 09:29:00,5271.5,53627
2021-06-01 09:29:01,5271.75,53714
2021-06-01 09:29:02,5271.75,53714
2021-06-01 09:29:03,5269.55,53715
2021-06-01 09:29:05,5268.05,53815
2021-06-01 09:29:07,5269.55,53888
2021-06-01 09:29:08,5272.0,54068
2021-06-01 09:29:09,5272.0,54068
2021-06-01 09:29:10,5272.0,54082
2021-06-01 09:29:11,5272.0,54082
2021-06-01 09:29:12,5273.05,54555
2021-06-01 09:29:13,5273.05,54555
2021-06-01 09:29:14,5273.05,54555
2021-06-01 09:29:15,5272.0,54560
2021-06-01 09:29:16,5272.0,54560
2021-06-01 09:29:17,5272.0,54565
2021-06-01 09:29:18,5271.15,54572
2021-06-01 09:29:19,5271.15,54572
2021-06-01 09:29:20,5272.0,54574
2021-06-01 09:29:21,5272.0,54592
2021-06-01 09:29:22,5270.35,54598
2021-06-01 09:29:23,5272.0,54609
2021-06-01 09:29:24,5271.15,54614
2021-06-01 09:29:25,5271.15,54629
2021-06-01 09:29:26,5273.0,54638
2021-06-01 09:29:27,5271.6,54640
2021-06-01 09:29:28,5271.6,54640
2021-06-01 09:29:29,5271.35,54642
2021-06-01 09:29:30,5271.35,54642
2021-06-01 09:29:31,5271.35,54642
2021-06-01 09:29:32,5273.0,54644
2021-06-01 09:29:34,5272.0,54685
2021-06-01 09:29:35,5272.0,54690
2021-06-01 09:29:36,5273.05,54740
2021-06-01 09:29:37,5272.2,54750
2021-06-01 09:29:38,5272.2,54751
2021-06-01 09:29:39,5272.2,54751
2021-06-01 09:29:40,5272.2,54751
2021-06-01 09:29:41,5272.2,54751
2021-06-01 09:29:42,5274.0,54771
2021-06-01 09:29:43,5271.55,54898
2021-06-01 09:29:44,5271.55,54898
2021-06-01 09:29:45,5271.55,54898
2021-06-01 09:29:47,5271.55,54898
2021-06-01 09:29:48,5272.0,54909
2021-06-01 09:29:49,5273.9,54910
2021-06-01 09:29:52,5272.05,54991
2021-06-01 09:29:53,5274.45,55041
2021-06-01 09:29:53,5274.45,55041
2021-06-01 09:29:54,5274.45,55041
2021-06-01 09:29:55,5274.45,55041
2021-06-01 09:29:57,5272.6,55051
2021-06-01 09:29:58,5272.6,55052
2021-06-01 09:29:59,5272.2,55242
2021-06-01 09:30:00,5272.2,55242
2021-06-01 09:30:01,5274.8,55267
2021-06-01 09:30:02,5272.6,55275
2021-06-01 09:30:03,5275.0,55315
2021-06-01 09:30:04,5275.0,55325
2021-06-01 09:30:05,5278.0,55554
2021-06-01 09:30:06,5278.0,55587
2021-06-01 09:30:07,5279.0,55687
2021-06-01 09:30:08,5279.0,55692
2021-06-01 09:30:09,5279.0,55692
2021-06-01 09:30:10,5279.0,55692
2021-06-01 09:30:11,5279.0,55692
2021-06-01 09:30:12,5279.0,55694
2021-06-01 09:30:13,5276.65,55701
2021-06-01 09:30:14,5278.5,55702
2021-06-01 09:30:15,5279.5,55752
2021-06-01 09:30:16,5279.35,55753
2021-06-01 09:30:17,5278.5,55789
2021-06-01 09:30:18,5278.5,55824
2021-06-01 09:30:19,5278.5,55824
2021-06-01 09:30:20,5274.15,56034
2021-06-01 09:30:21,5278.5,56046
2021-06-01 09:30:22,5278.5,56046
2021-06-01 09:30:24,5278.5,56075
2021-06-01 09:30:25,5278.5,56090
2021-06-01 09:30:26,5278.5,56090
2021-06-01 09:30:27,5278.5,56090
2021-06-01 09:30:28,5276.85,56157
2021-06-01 09:30:29,5278.0,56364
2021-06-01 09:30:30,5277.0,56392
2021-06-01 09:30:31,5280.0,56492
2021-06-01 09:30:32,5280.0,56492
2021-06-01 09:30:33,5280.0,56603
2021-06-01 09:30:34,5280.0,56612
2021-06-01 09:30:35,5278.4,56636
2021-06-01 09:30:36,5278.45,56655
2021-06-01 09:30:37,5278.45,56659
2021-06-01 09:30:38,5281.0,56863
2021-06-01 09:30:39,5279.2,56921
2021-06-01 09:30:40,5281.0,56922
2021-06-01 09:30:41,5282.45,56925
2021-06-01 09:30:42,5281.0,56929
2021-06-01 09:30:44,5281.0,56932
2021-06-01 09:30:45,5282.45,56936
2021-06-01 09:30:46,5282.0,56998
2021-06-01 09:30:47,5282.0,57003
2021-06-01 09:30:49,5282.0,57004
2021-06-01 09:30:48,5282.0,57004
2021-06-01 09:30:50,5282.9,57027
2021-06-01 09:30:51,5282.9,57027
2021-06-01 09:30:52,5282.0,57047
2021-06-01 09:30:53,5280.55,57051
2021-06-01 09:30:54,5280.55,57081
2021-06-01 09:30:55,5282.0,57101
2021-06-01 09:30:56,5282.0,57105
2021-06-01 09:30:56,5282.0,57105
2021-06-01 09:30:57,5282.0,57105
2021-06-01 09:30:58,5282.0,57106
2021-06-01 09:30:59,5282.9,57445
2021-06-01 09:31:00,5284.5,57454
2021-06-01 09:31:01,5285.65,57556
2021-06-01 09:31:02,5285.65,57556
2021-06-01 09:31:03,5285.35,57611
2021-06-01 09:31:04,5285.35,57614
2021-06-01 09:31:05,5282.55,57627
2021-06-01 09:31:06,5284.5,57636
2021-06-01 09:31:07,5284.5,57636
2021-06-01 09:31:08,5284.5,57636
2021-06-01 09:31:10,5285.35,57637
2021-06-01 09:31:11,5285.0,57647
2021-06-01 09:31:12,5285.8,57662
2021-06-01 09:31:13,5285.8,57662
2021-06-01 09:31:14,5286.0,57672
2021-06-01 09:31:14,5286.0,57672
2021-06-01 09:31:15,5285.0,57723
2021-06-01 09:31:16,5286.35,58175
2021-06-01 09:31:17,5287.55,58222
2021-06-01 09:31:18,5287.25,58255
2021-06-01 09:31:19,5286.85,58355
2021-06-01 09:31:20,5289.5,58358
2021-06-01 09:31:21,5289.5,58358
2021-06-01 09:31:22,5286.85,58465
2021-06-01 09:31:23,5289.0,58519
2021-06-01 09:31:24,5288.7,58521
2021-06-01 09:31:25,5289.5,58522
2021-06-01 09:31:26,5289.5,58522
2021-06-01 09:31:27,5288.7,58600
2021-06-01 09:31:28,5288.7,58600
2021-06-01 09:31:29,5288.7,58600
2021-06-01 09:31:31,5285.0,58622
2021-06-01 09:31:32,5285.0,58622
2021-06-01 09:31:33,5287.1,58670
2021-06-01 09:31:34,5287.1,58672
2021-06-01 09:31:34,5287.1,58672
2021-06-01 09:31:35,5287.1,58672
2021-06-01 09:31:36,5287.1,58672
2021-06-01 09:31:37,5285.0,58903
2021-06-01 09:31:38,5285.0,58908
2021-06-01 09:31:40,5285.0,58908
2021-06-01 09:31:41,5285.0,58910
2021-06-01 09:31:42,5282.95,58947
2021-06-01 09:31:42,5282.95,58947
2021-06-01 09:31:43,5285.0,58958
2021-06-01 09:31:46,5285.0,59013
2021-06-01 09:31:47,5284.0,59024
2021-06-01 09:31:48,5284.0,59043
2021-06-01 09:31:49,5282.9,59044
2021-06-01 09:31:50,5282.9,59044
2021-06-01 09:31:51,5282.9,59044
2021-06-01 09:31:52,5282.9,59044
2021-06-01 09:31:54,5285.0,59087
2021-06-01 09:31:55,5285.0,59087
2021-06-01 09:31:56,5284.95,59088
2021-06-01 09:31:57,5282.9,59107
2021-06-01 09:31:58,5282.9,59119
2021-06-01 09:31:59,5282.55,59134
2021-06-01 09:32:00,5284.95,59161
2021-06-01 09:32:01,5283.0,59263
2021-06-01 09:32:01,5286.0,59401
2021-06-01 09:32:03,5285.0,59411
2021-06-01 09:32:04,5285.0,59416
2021-06-01 09:32:05,5285.0,59416
2021-06-01 09:32:05,5285.0,59416
2021-06-01 09:32:06,5285.0,59416
2021-06-01 09:32:07,5285.0,59421
2021-06-01 09:32:09,5287.0,59443
2021-06-01 09:32:09,5287.0,59443
2021-06-01 09:32:10,5286.95,59453
2021-06-01 09:32:11,5286.0,59457
2021-06-01 09:32:12,5287.0,59459
2021-06-01 09:32:13,5287.0,59459
2021-06-01 09:32:14,5286.0,59476
2021-06-01 09:32:15,5287.75,59525
2021-06-01 09:32:17,5286.05,59540
2021-06-01 09:32:18,5286.05,59540
2021-06-01 09:32:18,5286.05,59540
2021-06-01 09:32:20,5287.8,59703
2021-06-01 09:32:20,5287.8,59694
2021-06-01 09:32:21,5288.0,59748
2021-06-01 09:32:22,5288.0,59773
2021-06-01 09:32:24,5285.95,59776
2021-06-01 09:32:25,5287.8,59784
2021-06-01 09:32:26,5286.15,59787
2021-06-01 09:32:27,5288.75,59837
2021-06-01 09:32:29,5286.15,59848
2021-06-01 09:32:30,5288.45,59856
2021-06-01 09:32:31,5288.35,59885
2021-06-01 09:32:32,5288.35,59885
2021-06-01 09:32:33,5288.35,59890
2021-06-01 09:32:33,5288.35,59890
2021-06-01 09:32:34,5286.05,59960
2021-06-01 09:32:36,5288.25,59964
2021-06-01 09:32:37,5286.05,59998
2021-06-01 09:32:38,5286.05,59998
2021-06-01 09:32:39,5286.5,60001
2021-06-01 09:32:40,5286.5,60001
2021-06-01 09:32:42,5286.5,60001
2021-06-01 09:32:42,5286.5,60001
2021-06-01 09:32:44,5287.15,60010
2021-06-01 09:32:44,5286.5,60013
2021-06-01 09:32:45,5287.5,60023
2021-06-01 09:32:47,5286.5,60055
2021-06-01 09:32:47,5286.5,60055
2021-06-01 09:32:48,5287.5,60064
2021-06-01 09:32:49,5287.65,60140
2021-06-01 09:32:50,5287.5,60429
2021-06-01 09:32:51,5287.5,60448
2021-06-01 09:32:53,5286.5,60457
2021-06-01 09:32:54,5286.5,60457
2021-06-01 09:32:55,5286.5,60457
2021-06-01 09:32:56,5286.5,60457
2021-06-01 09:32:57,5285.4,60497
2021-06-01 09:32:57,5285.4,60497
2021-06-01 09:32:58,5285.6,60507
2021-06-01 09:32:59,5287.2,60548
2021-06-01 09:33:00,5286.7,60560
2021-06-01 09:33:02,5286.5,60561
2021-06-01 09:33:03,5286.5,60563
2021-06-01 09:33:04,5286.5,60563
2021-06-01 09:33:05,5287.1,60564
2021-06-01 09:33:05,5287.5,60570
2021-06-01 09:33:07,5288.0,60572
2021-06-01 09:33:07,5288.0,60572
2021-06-01 09:33:08,5286.95,60586
2021-06-01 09:33:09,5288.0,60591
2021-06-01 09:33:10,5288.0,60591
2021-06-01 09:33:12,5288.0,60609
2021-06-01 09:33:13,5286.5,60621
2021-06-01 09:33:14,5288.0,60673
2021-06-01 09:33:15,5288.0,60673
2021-06-01 09:33:15,5288.0,60673
2021-06-01 09:33:16,5288.0,60673
2021-06-01 09:33:17,5287.15,60683
2021-06-01 09:33:19,5287.15,60689
2021-06-01 09:33:20,5287.15,60689
2021-06-01 09:33:21,5287.15,60689
2021-06-01 09:33:22,5286.5,60697
2021-06-01 09:33:22,5286.5,60697
2021-06-01 09:33:23,5286.5,60697
2021-06-01 09:33:24,5288.0,60698
2021-06-01 09:33:25,5288.0,60871
2021-06-01 09:33:27,5288.35,60874
2021-06-01 09:33:28,5287.05,60880
2021-06-01 09:33:29,5288.0,60954
2021-06-01 09:33:29,5288.0,60964
2021-06-01 09:33:30,5286.7,60967
2021-06-01 09:33:31,5288.0,60969
2021-06-01 09:33:33,5287.15,60970
2021-06-01 09:33:34,5286.7,61004
2021-06-01 09:33:35,5286.7,61038
2021-06-01 09:33:36,5288.0,61051
2021-06-01 09:33:36,5288.0,61051
2021-06-01 09:33:37,5288.0,61081
2021-06-01 09:33:38,5286.6,61086
2021-06-01 09:33:39,5286.6,61086
2021-06-01 09:33:41,5286.6,61086
2021-06-01 09:33:42,5288.0,61087
2021-06-01 09:33:43,5288.35,61096
2021-06-01 09:33:44,5288.0,61106
2021-06-01 09:33:44,5288.0,61106
2021-06-01 09:33:45,5287.4,61119
2021-06-01 09:33:47,5286.6,61134
2021-06-01 09:33:47,5286.6,61134
2021-06-01 09:33:49,5286.35,61144
2021-06-01 09:33:50,5286.35,61153
2021-06-01 09:33:50,5286.35,61153
2021-06-01 09:33:51,5286.05,61157
2021-06-01 09:33:52,5287.35,61158
2021-06-01 09:33:53,5287.35,61158
2021-06-01 09:33:54,5287.35,61182
2021-06-01 09:33:56,5288.0,61206
2021-06-01 09:33:57,5288.0,61206
2021-06-01 09:33:58,5287.9,61214
2021-06-01 09:34:01,5285.0,61483
2021-06-01 09:34:02,5282.6,61726
2021-06-01 09:34:03,5282.0,61990
2021-06-01 09:34:04,5280.0,62145
2021-06-01 09:34:05,5279.0,62565
2021-06-01 09:34:05,5279.0,62565
2021-06-01 09:34:07,5279.85,62600
2021-06-01 09:34:07,5279.85,62600
2021-06-01 09:34:08,5278.0,62624
2021-06-01 09:34:09,5278.0,62624
2021-06-01 09:34:12,5281.25,62636
2021-06-01 09:34:13,5280.5,62649
2021-06-01 09:34:13,5280.5,62649
2021-06-01 09:34:14,5280.5,62649
2021-06-01 09:34:16,5282.75,62668
2021-06-01 09:34:17,5280.3,62671
2021-06-01 09:34:18,5280.3,62671
2021-06-01 09:34:19,5283.85,62691
2021-06-01 09:34:20,5279.7,62916
2021-06-01 09:34:21,5279.7,62916
2021-06-01 09:34:22,5283.85,62920
2021-06-01 09:34:23,5283.85,62920
2021-06-01 09:34:24,5283.85,62920
2021-06-01 09:34:24,5283.85,62920
2021-06-01 09:34:26,5282.05,62934
2021-06-01 09:34:27,5282.05,62934
2021-06-01 09:34:28,5282.05,62934
2021-06-01 09:34:29,5282.0,62935
2021-06-01 09:34:29,5282.0,62935
2021-06-01 09:34:30,5282.0,62935
2021-06-01 09:34:32,5280.15,62985
2021-06-01 09:34:33,5280.15,62985
2021-06-01 09:34:35,5283.8,62997
2021-06-01 09:34:36,5283.8,62997
2021-06-01 09:34:37,5283.8,62997
2021-06-01 09:34:38,5283.8,62997
2021-06-01 09:34:40,5282.55,63040
2021-06-01 09:34:40,5282.55,63040
2021-06-01 09:34:42,5285.5,63180
2021-06-01 09:34:43,5285.5,63180
2021-06-01 09:34:44,5283.55,63181
2021-06-01 09:34:45,5283.6,63184
2021-06-01 09:34:46,5283.6,63184
2021-06-01 09:34:46,5283.6,63184
2021-06-01 09:34:47,5285.0,63188
2021-06-01 09:34:49,5285.0,63188
2021-06-01 09:34:50,5285.0,63188
2021-06-01 09:34:51,5285.0,63188
2021-06-01 09:34:52,5285.0,63188
2021-06-01 09:34:53,5285.0,63189
2021-06-01 09:34:53,5285.0,63189
2021-06-01 09:34:55,5285.0,63214
2021-06-01 09:34:56,5285.0,63214
2021-06-01 09:34:58,5285.5,63229
2021-06-01 09:34:59,5285.5,63257
2021-06-01 09:35:00,5285.5,63292
2021-06-01 09:35:01,5286.0,63293
2021-06-01 09:35:01,5286.0,63293
2021-06-01 09:35:03,5286.0,63293
2021-06-01 09:35:03,5286.0,63293
2021-06-01 09:35:05,5286.0,63293
2021-06-01 09:35:06,5286.0,63293
2021-06-01 09:35:07,5286.55,63299
2021-06-01 09:35:08,5286.55,63299
2021-06-01 09:35:09,5285.5,63324
2021-06-01 09:35:10,5286.55,63352
2021-06-01 09:35:11,5285.5,63357
2021-06-01 09:35:12,5286.55,63362
2021-06-01 09:35:13,5286.55,63416
2021-06-01 09:35:14,5286.55,63416
2021-06-01 09:35:15,5286.55,63416
2021-06-01 09:35:16,5286.55,63416
2021-06-01 09:35:17,5286.0,63444
2021-06-01 09:35:18,5288.0,63544
2021-06-01 09:35:19,5285.75,63572
2021-06-01 09:35:20,5288.0,63583
2021-06-01 09:35:21,5288.0,63583
2021-06-01 09:35:21,5288.0,63583
2021-06-01 09:35:22,5288.0,63584
2021-06-01 09:35:23,5288.0,63584
2021-06-01 09:35:24,5288.35,63590
2021-06-01 09:35:25,5288.35,63604
2021-06-01 09:35:26,5288.0,63606
2021-06-01 09:35:28,5288.0,63609
2021-06-01 09:35:29,5289.0,64364
2021-06-01 09:35:30,5291.05,64374
2021-06-01 09:35:30,5291.05,64408
2021-06-01 09:35:31,5290.0,64418
2021-06-01 09:35:33,5290.0,64438
2021-06-01 09:35:33,5290.0,64438
2021-06-01 09:35:35,5291.8,64589
2021-06-01 09:35:36,5290.0,64594
2021-06-01 09:35:36,5292.0,64679
2021-06-01 09:35:38,5291.95,64731
2021-06-01 09:35:38,5291.95,64731
2021-06-01 09:35:40,5291.05,64911
2021-06-01 09:35:40,5291.05,64911
2021-06-01 09:35:42,5293.75,64946
2021-06-01 09:35:43,5293.75,64946
2021-06-01 09:35:43,5293.75,64946
2021-06-01 09:35:44,5293.75,64946
2021-06-01 09:35:45,5293.75,64946
2021-06-01 09:35:47,5293.75,64946
2021-06-01 09:35:48,5290.7,64956
2021-06-01 09:35:49,5293.5,64981
2021-06-01 09:35:50,5291.35,65129
2021-06-01 09:35:50,5293.75,65134
2021-06-01 09:35:52,5293.75,65134
2021-06-01 09:35:53,5293.75,65134
2021-06-01 09:35:54,5293.75,65134
2021-06-01 09:35:55,5293.0,65139
2021-06-01 09:35:56,5293.0,65139
2021-06-01 09:35:57,5293.0,65139
2021-06-01 09:35:58,5292.0,65149
2021-06-01 09:35:59,5292.0,65149
2021-06-01 09:36:00,5293.75,65168
2021-06-01 09:36:01,5293.0,65198
2021-06-01 09:36:01,5293.0,65198
2021-06-01 09:36:03,5293.0,65204
2021-06-01 09:36:04,5293.0,65209
2021-06-01 09:36:05,5292.5,65262
2021-06-01 09:36:08,5291.35,65363
2021-06-01 09:36:09,5293.15,65391
2021-06-01 09:36:10,5290.7,65394
2021-06-01 09:36:11,5290.7,65394
2021-06-01 09:36:12,5292.0,65400
2021-06-01 09:36:13,5290.5,65405
2021-06-01 09:36:13,5290.5,65405
2021-06-01 09:36:15,5290.5,65405
2021-06-01 09:36:16,5290.5,65405
2021-06-01 09:36:17,5290.5,65405
2021-06-01 09:36:18,5290.55,65453
2021-06-01 09:36:19,5290.5,65465
2021-06-01 09:36:21,5290.55,65510
2021-06-01 09:36:22,5290.55,65550
2021-06-01 09:36:22,5290.55,65550
2021-06-01 09:36:24,5290.55,65550
2021-06-01 09:36:24,5290.55,65550
2021-06-01 09:36:25,5290.55,65550
2021-06-01 09:36:27,5291.0,65584
2021-06-01 09:36:27,5291.0,65584
2021-06-01 09:36:29,5292.0,65625
2021-06-01 09:36:29,5292.0,65625
2021-06-01 09:36:31,5291.0,65680
2021-06-01 09:36:32,5291.0,65680
2021-06-01 09:36:32,5291.0,65701
2021-06-01 09:36:34,5291.95,65769
2021-06-01 09:36:35,5290.5,65924
2021-06-01 09:36:36,5291.5,65927
2021-06-01 09:36:37,5291.5,65927
2021-06-01 09:36:38,5291.0,65937
2021-06-01 09:36:39,5291.0,65937
2021-06-01 09:36:40,5291.85,65942
2021-06-01 09:36:41,5290.5,65967
2021-06-01 09:36:42,5291.8,65989
2021-06-01 09:36:43,5291.8,65989
2021-06-01 09:36:44,5291.85,66010
2021-06-01 09:36:45,5291.85,66010
2021-06-01 09:36:46,5291.0,66013
2021-06-01 09:36:47,5291.0,66019
2021-06-01 09:36:48,5291.4,66022
2021-06-01 09:36:49,5291.4,66022
2021-06-01 09:36:50,5291.5,66023
2021-06-01 09:36:51,5291.5,66023
2021-06-01 09:36:52,5291.5,66023
2021-06-01 09:36:53,5291.0,66167
2021-06-01 09:36:54,5290.5,66173
2021-06-01 09:36:55,5291.95,66193
2021-06-01 09:36:56,5291.95,66193
2021-06-01 09:36:57,5291.95,66193
2021-06-01 09:36:58,5289.7,67723
2021-06-01 09:36:59,5289.35,67793
2021-06-01 09:37:00,5290.25,67819
2021-06-01 09:37:01,5290.25,67819
2021-06-01 09:37:02,5290.85,67919
2021-06-01 09:37:03,5290.9,67937
2021-06-01 09:37:04,5290.9,67937
2021-06-01 09:37:05,5290.0,67985
2021-06-01 09:37:06,5290.0,67985
2021-06-01 09:37:07,5290.0,67985
2021-06-01 09:37:08,5291.5,67990
2021-06-01 09:37:09,5290.0,67994
2021-06-01 09:37:10,5290.0,67994
2021-06-01 09:37:11,5290.0,67994
2021-06-01 09:37:12,5290.0,67994
2021-06-01 09:37:13,5290.0,67994
2021-06-01 09:37:14,5290.05,67997
2021-06-01 09:37:15,5290.0,68051
2021-06-01 09:37:16,5290.0,68051
2021-06-01 09:37:17,5290.0,68051
2021-06-01 09:37:18,5290.0,68051
2021-06-01 09:37:19,5290.0,68076
2021-06-01 09:37:20,5290.0,68076
2021-06-01 09:37:21,5291.0,68084
2021-06-01 09:37:22,5290.0,68157
2021-06-01 09:37:23,5290.0,68160
2021-06-01 09:37:24,5290.0,68160
2021-06-01 09:37:25,5292.0,68179
2021-06-01 09:37:26,5292.0,68179
2021-06-01 09:37:27,5292.0,68179
2021-06-01 09:37:28,5290.25,68204
2021-06-01 09:37:29,5290.15,68245
2021-06-01 09:37:30,5291.5,68248
2021-06-01 09:37:31,5291.5,68260
2021-06-01 09:37:32,5291.5,68260
2021-06-01 09:37:33,5291.5,68260
2021-06-01 09:37:34,5291.5,68260
2021-06-01 09:37:35,5291.0,68292
2021-06-01 09:37:36,5291.0,68292
2021-06-01 09:37:38,5290.0,68322
2021-06-01 09:37:37,5290.0,68312
2021-06-01 09:37:39,5290.0,68438
2021-06-01 09:37:40,5290.0,68438
2021-06-01 09:37:41,5289.0,68448
2021-06-01 09:37:42,5289.0,68490
2021-06-01 09:37:43,5290.0,68505
2021-06-01 09:37:44,5290.0,68505
2021-06-01 09:37:46,5290.0,68572
2021-06-01 09:37:47,5290.0,68572
2021-06-01 09:37:48,5290.0,68583
2021-06-01 09:37:49,5289.0,68584
2021-06-01 09:37:50,5289.0,68584
2021-06-01 09:37:51,5289.0,68586
2021-06-01 09:37:52,5289.0,68596
2021-06-01 09:37:53,5289.95,68607
2021-06-01 09:37:54,5289.0,68614
2021-06-01 09:37:55,5289.0,68651
2021-06-01 09:37:56,5289.0,68651
2021-06-01 09:37:57,5289.0,68651
2021-06-01 09:37:58,5290.0,68865
2021-06-01 09:37:59,5290.55,69055
2021-06-01 09:38:00,5290.45,69056
2021-06-01 09:38:01,5290.45,69056
2021-06-01 09:38:02,5290.45,69056
2021-06-01 09:38:03,5288.1,69096
2021-06-01 09:38:04,5288.1,69096
2021-06-01 09:38:05,5288.15,69136
2021-06-01 09:38:06,5290.0,69148
2021-06-01 09:38:07,5290.45,69279
2021-06-01 09:38:08,5290.3,69298
2021-06-01 09:38:09,5290.3,69298
2021-06-01 09:38:10,5290.3,69298
2021-06-01 09:38:11,5290.3,69298
2021-06-01 09:38:12,5289.95,69301
2021-06-01 09:38:13,5289.95,69303
2021-06-01 09:38:14,5289.95,69303
2021-06-01 09:38:15,5289.7,69308
2021-06-01 09:38:16,5289.0,69328
2021-06-01 09:38:17,5289.0,69328
2021-06-01 09:38:18,5289.0,69328
2021-06-01 09:38:19,5289.75,69347
2021-06-01 09:38:20,5290.0,69544
2021-06-01 09:38:21,5290.0,69559
2021-06-01 09:38:22,5290.0,69559
2021-06-01 09:38:23,5290.0,69559
2021-06-01 09:38:24,5288.5,69561
2021-06-01 09:38:26,5288.5,69561
2021-06-01 09:38:27,5289.0,69580
2021-06-01 09:38:29,5289.0,69580
2021-06-01 09:38:30,5289.0,69580
2021-06-01 09:38:31,5289.0,69580
2021-06-01 09:38:32,5289.0,69580
2021-06-01 09:38:33,5289.0,69580
2021-06-01 09:38:34,5289.0,69580
2021-06-01 09:38:35,5289.0,69630
2021-06-01 09:38:36,5290.0,69713
2021-06-01 09:38:37,5290.5,70392
2021-06-01 09:38:38,5290.5,70392
2021-06-01 09:38:39,5293.0,70468
2021-06-01 09:38:40,5292.35,70735
2021-06-01 09:38:41,5294.0,70935
2021-06-01 09:38:42,5294.0,70935
2021-06-01 09:38:43,5292.35,70936
2021-06-01 09:38:44,5292.3,70990
2021-06-01 09:38:45,5292.35,71010
2021-06-01 09:38:46,5295.0,71072
2021-06-01 09:38:47,5295.0,71072
2021-06-01 09:38:48,5295.0,71092
2021-06-01 09:38:49,5295.0,71092
2021-06-01 09:38:50,5295.0,71092
2021-06-01 09:38:51,5295.0,71092
2021-06-01 09:38:52,5292.6,71107
2021-06-01 09:38:53,5292.5,71607
2021-06-01 09:38:54,5295.0,71621
2021-06-01 09:38:55,5295.0,71621
2021-06-01 09:38:56,5295.0,71621
2021-06-01 09:38:57,5290.0,71751
2021-06-01 09:38:58,5291.4,71764
2021-06-01 09:38:59,5290.5,71766
2021-06-01 09:39:00,5290.5,71792
2021-06-01 09:39:01,5288.5,71794
2021-06-01 09:39:02,5288.5,71794
2021-06-01 09:39:04,5291.25,71797
2021-06-01 09:39:05,5291.25,71797
2021-06-01 09:39:06,5290.05,71814
2021-06-01 09:39:08,5291.25,71846
2021-06-01 09:39:09,5291.25,71865
2021-06-01 09:39:10,5292.35,71928
2021-06-01 09:39:11,5291.55,71973
2021-06-01 09:39:12,5291.55,71990
2021-06-01 09:39:13,5291.55,71990
2021-06-01 09:39:14,5291.55,71990
2021-06-01 09:39:15,5292.4,71991
2021-06-01 09:39:16,5292.4,71992
2021-06-01 09:39:17,5292.4,71992
2021-06-01 09:39:19,5290.7,71999
2021-06-01 09:39:21,5290.5,72026
2021-06-01 09:39:23,5292.0,72041
2021-06-01 09:39:23,5292.0,72041
2021-06-01 09:39:24,5292.0,72041
2021-06-01 09:39:25,5292.0,72041
2021-06-01 09:39:26,5292.0,72041
2021-06-01 09:39:27,5290.0,72055
2021-06-01 09:39:28,5291.5,72057
2021-06-01 09:39:29,5291.3,72060
2021-06-01 09:39:30,5291.55,72062
2021-06-01 09:39:31,5291.55,72077
2021-06-01 09:39:32,5291.0,72083
2021-06-01 09:39:33,5291.0,72157
2021-06-01 09:39:34,5290.0,72160
2021-06-01 09:39:35,5290.0,72168
2021-06-01 09:39:36,5290.0,72168
2021-06-01 09:39:37,5291.0,72297
2021-06-01 09:39:39,5291.0,72297
2021-06-01 09:39:39,5291.0,72297
2021-06-01 09:39:40,5292.4,72309
2021-06-01 09:39:41,5292.4,72309
2021-06-01 09:39:43,5290.1,72310
2021-06-01 09:39:42,5290.1,72310
2021-06-01 09:39:44,5290.5,72311
2021-06-01 09:39:45,5292.0,72336
2021-06-01 09:39:47,5292.0,72347
2021-06-01 09:39:49,5292.0,72347
2021-06-01 09:39:49,5292.0,72347
2021-06-01 09:39:50,5292.0,72347
2021-06-01 09:39:51,5291.95,72366
2021-06-01 09:39:52,5290.0,72380
2021-06-01 09:39:53,5291.5,72495
2021-06-01 09:39:56,5289.15,72514
2021-06-01 09:39:57,5289.15,72514
2021-06-01 09:39:58,5289.15,72514
2021-06-01 09:39:59,5289.15,72514
2021-06-01 09:40:00,5291.5,72539
2021-06-01 09:40:01,5291.4,72589
2021-06-01 09:40:02,5291.4,72589
2021-06-01 09:40:03,5289.25,72609
2021-06-01 09:40:04,5289.25,72609
2021-06-01 09:40:05,5289.25,72609
2021-06-01 09:40:06,5289.25,72609
2021-06-01 09:40:07,5289.25,72609
2021-06-01 09:40:08,5290.5,72627
2021-06-01 09:40:10,5290.5,72627
2021-06-01 09:40:10,5290.5,72627
2021-06-01 09:40:11,5289.15,72638
2021-06-01 09:40:12,5290.35,72657
2021-06-01 09:40:13,5290.35,72657
2021-06-01 09:40:15,5290.5,72658
2021-06-01 09:40:15,5290.5,72658
2021-06-01 09:40:16,5290.5,72658
2021-06-01 09:40:17,5290.5,72663
2021-06-01 09:40:18,5289.25,72664
2021-06-01 09:40:20,5289.25,72667
2021-06-01 09:40:20,5289.25,72667
2021-06-01 09:40:21,5289.0,72696
2021-06-01 09:40:22,5289.0,72696
2021-06-01 09:40:23,5289.0,72696
2021-06-01 09:40:24,5290.8,72717
2021-06-01 09:40:26,5290.8,72724
2021-06-01 09:40:26,5290.8,72724
2021-06-01 09:40:27,5290.8,72724
2021-06-01 09:40:28,5290.0,72746
2021-06-01 09:40:29,5289.0,73146
2021-06-01 09:40:30,5288.6,73148
2021-06-01 09:40:32,5288.6,73148
2021-06-01 09:40:32,5288.6,73148
2021-06-01 09:40:34,5289.0,73188
2021-06-01 09:40:34,5289.0,73188
2021-06-01 09:40:35,5289.0,73197
2021-06-01 09:40:37,5288.5,73232
2021-06-01 09:40:38,5288.5,73235
2021-06-01 09:40:39,5288.5,73235
2021-06-01 09:40:40,5288.4,73285
2021-06-01 09:40:41,5288.4,73285
2021-06-01 09:40:42,5288.4,73285
2021-06-01 09:40:43,5288.6,73289
2021-06-01 09:40:45,5288.6,73295
2021-06-01 09:40:46,5288.5,73304
2021-06-01 09:40:47,5288.5,73304
2021-06-01 09:40:48,5288.5,73304
2021-06-01 09:40:50,5289.0,73320
2021-06-01 09:40:52,5288.1,73370
2021-06-01 09:40:54,5289.95,73388
2021-06-01 09:40:54,5292.4,73586
2021-06-01 09:40:55,5294.0,73668
2021-06-01 09:40:56,5294.9,73671
2021-06-01 09:40:57,5292.45,73721
2021-06-01 09:40:58,5292.45,73721
2021-06-01 09:40:59,5292.45,73741
2021-06-01 09:41:01,5294.75,73743
2021-06-01 09:41:02,5294.75,73743
2021-06-01 09:41:03,5294.0,73744
2021-06-01 09:41:04,5294.0,73744
2021-06-01 09:41:05,5294.2,73819
2021-06-01 09:41:06,5294.55,73899
2021-06-01 09:41:07,5294.55,73899
2021-06-01 09:41:08,5294.55,73899
2021-06-01 09:41:09,5294.55,73899
2021-06-01 09:41:10,5292.85,73912
2021-06-01 09:41:12,5293.75,73916
2021-06-01 09:41:12,5293.75,73913
2021-06-01 09:41:13,5292.1,73921
2021-06-01 09:41:14,5292.25,73941
2021-06-01 09:41:15,5292.25,73941
2021-06-01 09:41:16,5292.25,73941
2021-06-01 09:41:17,5292.25,73941
2021-06-01 09:41:18,5293.75,73945
2021-06-01 09:41:19,5294.35,73964
2021-06-01 09:41:21,5294.35,73964
2021-06-01 09:41:22,5294.35,73964
2021-06-01 09:41:23,5293.75,73973
2021-06-01 09:41:24,5293.75,73973
2021-06-01 09:41:25,5293.4,73975
2021-06-01 09:41:26,5293.4,73975
2021-06-01 09:41:27,5294.25,73980
2021-06-01 09:41:29,5293.75,73982
2021-06-01 09:41:30,5293.75,73988
2021-06-01 09:41:31,5293.75,74026
2021-06-01 09:41:32,5294.05,74027
2021-06-01 09:41:33,5294.35,74124
2021-06-01 09:41:34,5294.35,74124
2021-06-01 09:41:35,5293.75,74129
2021-06-01 09:41:36,5294.0,74148
2021-06-01 09:41:37,5294.0,74161
2021-06-01 09:41:39,5293.85,74162
2021-06-01 09:41:39,5293.85,74162
2021-06-01 09:41:40,5293.85,74163
2021-06-01 09:41:41,5293.85,74188
2021-06-01 09:41:43,5293.85,74188
2021-06-01 09:41:44,5294.9,74414
2021-06-01 09:41:44,5293.9,74456
2021-06-01 09:41:45,5297.0,76381
2021-06-01 09:41:46,5296.0,76452
2021-06-01 09:41:48,5297.0,76519
2021-06-01 09:41:49,5298.0,76548
2021-06-01 09:41:49,5298.0,76548
2021-06-01 09:41:50,5298.0,76548
2021-06-01 09:41:51,5296.0,76575
2021-06-01 09:41:52,5297.0,76578
2021-06-01 09:41:53,5298.0,76598
2021-06-01 09:41:54,5298.0,76598
2021-06-01 09:41:55,5296.0,76708
2021-06-01 09:41:57,5295.0,77011
2021-06-01 09:41:58,5296.7,77044
2021-06-01 09:41:59,5297.0,77051
2021-06-01 09:42:00,5297.0,77051
2021-06-01 09:42:01,5296.9,77062
2021-06-01 09:42:02,5295.0,77067
2021-06-01 09:42:04,5295.0,77067
2021-06-01 09:42:05,5296.9,77081
2021-06-01 09:42:06,5294.55,77181
2021-06-01 09:42:07,5296.75,77183
2021-06-01 09:42:07,5296.75,77183
2021-06-01 09:42:08,5295.05,77184
2021-06-01 09:42:09,5294.45,77212
2021-06-01 09:42:10,5294.2,77215
2021-06-01 09:42:11,5294.1,77286
2021-06-01 09:42:13,5294.1,77286
2021-06-01 09:42:14,5294.1,77286
2021-06-01 09:42:15,5295.0,77292
2021-06-01 09:42:16,5294.0,77294
2021-06-01 09:42:17,5294.0,77301
2021-06-01 09:42:17,5294.0,77308
2021-06-01 09:42:18,5295.0,77327
2021-06-01 09:42:19,5295.0,77332
2021-06-01 09:42:20,5292.45,77581
2021-06-01 09:42:21,5290.0,77652
2021-06-01 09:42:23,5290.0,77652
2021-06-01 09:42:24,5290.0,77652
2021-06-01 09:42:24,5290.0,77652
2021-06-01 09:42:25,5291.0,77669
2021-06-01 09:42:26,5291.0,77669
2021-06-01 09:42:27,5291.0,77669
2021-06-01 09:42:28,5293.85,77679
2021-06-01 09:42:29,5292.15,77694
2021-06-01 09:42:30,5293.85,77698
2021-06-01 09:42:31,5293.85,77698
2021-06-01 09:42:32,5292.2,77703
2021-06-01 09:42:34,5291.2,77708
2021-06-01 09:42:35,5291.2,77708
2021-06-01 09:42:36,5291.2,77708
2021-06-01 09:42:37,5291.2,77708
2021-06-01 09:42:37,5291.2,77708
2021-06-01 09:42:38,5291.2,77708
2021-06-01 09:42:39,5293.65,77729
2021-06-01 09:42:40,5293.65,77739
2021-06-01 09:42:41,5293.65,77739
2021-06-01 09:42:42,5293.65,77739
2021-06-01 09:42:43,5293.65,77739
2021-06-01 09:42:44,5292.35,77740
2021-06-01 09:42:45,5292.35,77740
2021-06-01 09:42:46,5292.35,77740
2021-06-01 09:42:48,5292.35,77740
2021-06-01 09:42:49,5294.25,77790
2021-06-01 09:42:50,5294.25,77790
2021-06-01 09:42:51,5291.7,77791
2021-06-01 09:42:51,5291.7,77791
2021-06-01 09:42:52,5293.55,77826
2021-06-01 09:42:53,5293.55,77826
2021-06-01 09:42:55,5291.7,77836
2021-06-01 09:42:56,5291.7,77836
2021-06-01 09:42:56,5291.7,77836
2021-06-01 09:42:57,5293.55,77879
2021-06-01 09:42:58,5293.55,77879
2021-06-01 09:42:59,5293.55,77879
2021-06-01 09:43:00,5293.0,77898
2021-06-01 09:43:01,5293.0,77898
2021-06-01 09:43:03,5293.0,77898
2021-06-01 09:43:04,5293.0,77898
2021-06-01 09:43:05,5293.0,77898
2021-06-01 09:43:06,5291.5,77900
2021-06-01 09:43:06,5293.0,77898
2021-06-01 09:43:07,5291.2,77910
2021-06-01 09:43:08,5291.2,77915
2021-06-01 09:43:09,5292.0,77935
2021-06-01 09:43:11,5292.65,77937
2021-06-01 09:43:12,5292.65,77937
2021-06-01 09:43:12,5292.65,77937
2021-06-01 09:43:13,5292.65,77937
2021-06-01 09:43:15,5292.65,77988
2021-06-01 09:43:16,5292.65,78095
2021-06-01 09:43:17,5294.9,78136
2021-06-01 09:43:17,5292.65,78144
2021-06-01 09:43:18,5292.65,78159
2021-06-01 09:43:19,5292.65,78160
2021-06-01 09:43:20,5292.65,78161
2021-06-01 09:43:21,5293.9,78191
2021-06-01 09:43:22,5292.15,78207
2021-06-01 09:43:23,5292.15,78207
2021-06-01 09:43:25,5292.95,78211
2021-06-01 09:43:26,5292.95,78211
2021-06-01 09:43:26,5292.95,78213
2021-06-01 09:43:27,5292.95,78213
2021-06-01 09:43:28,5292.95,78219
2021-06-01 09:43:29,5292.0,78220
2021-06-01 09:43:30,5292.0,78221
2021-06-01 09:43:31,5292.0,78221
2021-06-01 09:43:32,5292.0,78221
2021-06-01 09:43:33,5292.0,78221
2021-06-01 09:43:34,5292.0,78221
2021-06-01 09:43:35,5292.0,78221
2021-06-01 09:43:36,5292.0,78241
2021-06-01 09:43:37,5292.0,78247
2021-06-01 09:43:38,5292.5,78248
2021-06-01 09:43:39,5292.0,78348
2021-06-01 09:43:40,5292.0,78349
2021-06-01 09:43:42,5292.0,78351
2021-06-01 09:43:43,5292.5,78356
2021-06-01 09:43:44,5292.5,78356
2021-06-01 09:43:45,5292.55,78359
2021-06-01 09:43:45,5292.55,78359
2021-06-01 09:43:46,5292.5,78364
2021-06-01 09:43:47,5292.95,78376
2021-06-01 09:43:48,5292.0,78379
2021-06-01 09:43:50,5292.0,78379
2021-06-01 09:43:51,5292.0,78406
2021-06-01 09:43:52,5292.0,78406
2021-06-01 09:43:53,5292.95,78489
2021-06-01 09:43:54,5292.95,78489
2021-06-01 09:43:55,5292.0,78492
2021-06-01 09:43:56,5292.95,78652
2021-06-01 09:43:56,5292.95,78652
2021-06-01 09:43:57,5292.95,78662
2021-06-01 09:43:58,5292.95,78662
2021-06-01 09:44:00,5292.0,78671
2021-06-01 09:44:01,5292.0,78671
2021-06-01 09:44:02,5292.0,78671
2021-06-01 09:44:03,5292.95,78690
2021-06-01 09:44:03,5292.95,78690
2021-06-01 09:44:04,5292.95,78690
2021-06-01 09:44:05,5292.2,78700
2021-06-01 09:44:07,5292.2,78710
2021-06-01 09:44:08,5292.2,78710
2021-06-01 09:44:10,5292.2,78710
2021-06-01 09:44:12,5292.2,78710
2021-06-01 09:44:13,5292.2,78719
2021-06-01 09:44:14,5292.2,78722
2021-06-01 09:44:15,5292.95,78751
2021-06-01 09:44:15,5292.95,78751
2021-06-01 09:44:16,5292.95,78751
2021-06-01 09:44:17,5292.95,78751
2021-06-01 09:44:18,5292.2,78753
2021-06-01 09:44:20,5292.2,78753
2021-06-01 09:44:21,5292.0,78762
2021-06-01 09:44:22,5292.2,78766
2021-06-01 09:44:23,5292.2,78771
2021-06-01 09:44:24,5292.2,78789
2021-06-01 09:44:25,5292.0,78790
2021-06-01 09:44:26,5292.0,78790
2021-06-01 09:44:28,5292.0,78790
2021-06-01 09:44:29,5292.0,78790
2021-06-01 09:44:30,5292.0,78790
2021-06-01 09:44:31,5292.0,78840
2021-06-01 09:44:31,5292.0,78840
2021-06-01 09:44:32,5292.0,78840
2021-06-01 09:44:34,5292.0,78840
2021-06-01 09:44:35,5292.0,78840
2021-06-01 09:44:36,5292.0,78846
2021-06-01 09:44:37,5292.0,78846
2021-06-01 09:44:38,5292.0,78871
2021-06-01 09:44:39,5292.0,78881
2021-06-01 09:44:40,5292.2,78882
2021-06-01 09:44:41,5292.2,78882
2021-06-01 09:44:42,5292.2,78882
2021-06-01 09:44:43,5292.2,78883
2021-06-01 09:44:44,5292.2,78883
2021-06-01 09:44:45,5292.2,78919
2021-06-01 09:44:45,5292.2,78913
2021-06-01 09:44:46,5292.2,78919
2021-06-01 09:44:48,5292.0,78984
2021-06-01 09:44:48,5292.0,78984
2021-06-01 09:44:49,5292.0,79009
2021-06-01 09:44:51,5292.0,79009
2021-06-01 09:44:52,5292.0,79014
2021-06-01 09:44:53,5291.7,79065
2021-06-01 09:44:54,5291.7,79065
2021-06-01 09:44:55,5291.7,79065
2021-06-01 09:44:55,5291.7,79065
2021-06-01 09:44:56,5292.55,79143
2021-06-01 09:44:58,5292.55,79143
2021-06-01 09:44:59,5291.0,79149
2021-06-01 09:45:00,5291.0,79149
2021-06-01 09:45:01,5291.0,79149
2021-06-01 09:45:02,5291.0,79149
2021-06-01 09:45:02,5291.0,79149
2021-06-01 09:45:04,5291.7,79170
2021-06-01 09:45:05,5291.7,79178
2021-06-01 09:45:06,5291.5,79225
2021-06-01 09:45:06,5291.5,79225
2021-06-01 09:45:07,5291.5,79225
2021-06-01 09:45:08,5291.5,79225
2021-06-01 09:45:09,5291.0,79230
2021-06-01 09:45:11,5291.0,79230
2021-06-01 09:45:12,5291.0,79230
2021-06-01 09:45:13,5291.0,79240
2021-06-01 09:45:14,5291.0,79240
2021-06-01 09:45:15,5291.0,79257
2021-06-01 09:45:16,5291.0,79292
2021-06-01 09:45:16,5291.0,79292
2021-06-01 09:45:17,5291.0,79292
2021-06-01 09:45:18,5291.0,79296
2021-06-01 09:45:19,5291.0,79297
2021-06-01 09:45:20,5291.0,79312
2021-06-01 09:45:21,5291.0,79312
2021-06-01 09:45:22,5291.0,79312
2021-06-01 09:45:23,5291.0,79312
2021-06-01 09:45:24,5291.0,79312
2021-06-01 09:45:25,5291.0,79333
2021-06-01 09:45:27,5291.5,79352
2021-06-01 09:45:28,5291.5,79352
2021-06-01 09:45:29,5291.5,79352
2021-06-01 09:45:30,5291.9,79402
2021-06-01 09:45:31,5291.9,79402
2021-06-01 09:45:32,5291.9,79402
2021-06-01 09:45:33,5291.9,79402
2021-06-01 09:45:34,5291.9,79412
2021-06-01 09:45:34,5291.9,79412
2021-06-01 09:45:35,5291.0,79428
2021-06-01 09:45:36,5292.0,79433
2021-06-01 09:45:37,5292.0,79433
2021-06-01 09:45:39,5292.0,79433
2021-06-01 09:45:40,5289.0,80421
2021-06-01 09:45:41,5290.55,80445
2021-06-01 09:45:41,5290.0,80438
2021-06-01 09:45:43,5290.45,80595
2021-06-01 09:45:44,5288.5,80596
2021-06-01 09:45:45,5288.5,80596
2021-06-01 09:45:46,5288.5,80646
2021-06-01 09:45:47,5287.0,80830
2021-06-01 09:45:47,5287.0,80830
2021-06-01 09:45:48,5288.0,80848
2021-06-01 09:45:49,5288.0,80848
2021-06-01 09:45:51,5287.05,80860
2021-06-01 09:45:52,5287.05,80860
2021-06-01 09:45:53,5287.05,80872
2021-06-01 09:45:54,5287.05,80872
2021-06-01 09:45:55,5287.05,80872
2021-06-01 09:45:56,5285.1,81197
2021-06-01 09:45:57,5287.0,81243
2021-06-01 09:45:58,5287.0,81243
2021-06-01 09:45:59,5287.0,81243
2021-06-01 09:45:59,5287.0,81243
2021-06-01 09:46:01,5287.0,81243
2021-06-01 09:46:02,5287.0,81243
2021-06-01 09:46:03,5285.4,81253
2021-06-01 09:46:04,5285.4,81253
2021-06-01 09:46:05,5285.4,81253
2021-06-01 09:46:06,5285.4,81253
2021-06-01 09:46:07,5285.4,81253
2021-06-01 09:46:08,5285.0,81429
2021-06-01 09:46:09,5286.75,81448
2021-06-01 09:46:10,5286.75,81448
2021-06-01 09:46:11,5286.75,81448
2021-06-01 09:46:13,5286.55,81449
2021-06-01 09:46:14,5286.65,81450
2021-06-01 09:46:15,5286.65,81450
2021-06-01 09:46:16,5284.5,81487
2021-06-01 09:46:16,5284.5,81487
2021-06-01 09:46:17,5288.0,81694
2021-06-01 09:46:19,5287.65,81787
2021-06-01 09:46:20,5287.65,81805
2021-06-01 09:46:21,5287.65,81805
2021-06-01 09:46:22,5287.95,81890
2021-06-01 09:46:23,5287.95,81890
2021-06-01 09:46:24,5287.6,81892
2021-06-01 09:46:24,5287.6,81892
2021-06-01 09:46:26,5287.6,81906
2021-06-01 09:46:27,5289.5,81919
2021-06-01 09:46:28,5289.5,81919
2021-06-01 09:46:29,5289.5,81919
2021-06-01 09:46:30,5289.0,81928
2021-06-01 09:46:31,5289.85,81931
2021-06-01 09:46:32,5289.85,81931
2021-06-01 09:46:32,5289.85,81931
2021-06-01 09:46:33,5289.85,81931
2021-06-01 09:46:34,5289.85,81931
2021-06-01 09:46:35,5289.85,81963
2021-06-01 09:46:37,5289.85,81963
2021-06-01 09:46:38,5289.85,81963
2021-06-01 09:46:39,5286.95,82006
2021-06-01 09:46:40,5286.95,82017
2021-06-01 09:46:40,5286.95,82017
2021-06-01 09:46:41,5288.0,82019
2021-06-01 09:46:42,5288.0,82019
2021-06-01 09:46:44,5287.0,82033
2021-06-01 09:46:45,5288.5,82083
2021-06-01 09:46:46,5288.5,82083
2021-06-01 09:46:47,5289.0,82085
2021-06-01 09:46:48,5287.05,82088
2021-06-01 09:46:49,5289.85,82092
2021-06-01 09:46:50,5289.9,82101
2021-06-01 09:46:51,5289.9,82107
2021-06-01 09:46:51,5289.9,82107
2021-06-01 09:46:52,5289.9,82107
2021-06-01 09:46:53,5290.45,82354
2021-06-01 09:46:54,5292.0,82360
2021-06-01 09:46:56,5290.3,82467
2021-06-01 09:46:57,5290.3,82499
2021-06-01 09:46:58,5292.2,82504
2021-06-01 09:46:59,5292.2,82504
2021-06-01 09:46:59,5292.2,82504
2021-06-01 09:47:01,5292.0,82506
2021-06-01 09:47:02,5291.5,82509
2021-06-01 09:47:03,5291.5,82509
2021-06-01 09:47:04,5291.5,82509
2021-06-01 09:47:05,5290.3,82515
2021-06-01 09:47:06,5290.3,82526
2021-06-01 09:47:07,5291.9,82528
2021-06-01 09:47:07,5291.9,82528
2021-06-01 09:47:08,5291.65,82530
2021-06-01 09:47:10,5289.5,82555
2021-06-01 09:47:11,5290.3,82558
2021-06-01 09:47:12,5291.45,82560
2021-06-01 09:47:13,5292.0,82588
2021-06-01 09:47:14,5292.0,82588
2021-06-01 09:47:15,5292.2,82589
2021-06-01 09:47:17,5292.2,82606
2021-06-01 09:47:19,5291.45,82607
2021-06-01 09:47:19,5291.45,82607
2021-06-01 09:47:20,5291.45,82607
2021-06-01 09:47:21,5291.45,82607
2021-06-01 09:47:23,5292.65,82619
2021-06-01 09:47:24,5293.0,82653
2021-06-01 09:47:25,5292.5,82655
2021-06-01 09:47:26,5292.25,82703
2021-06-01 09:47:27,5292.25,82703
2021-06-01 09:47:28,5292.25,82707
2021-06-01 09:47:29,5292.25,82707
2021-06-01 09:47:29,5293.0,82748
2021-06-01 09:47:30,5294.9,82759
2021-06-01 09:47:32,5292.3,82774
2021-06-01 09:47:33,5294.9,82793
2021-06-01 09:47:34,5294.9,82795
2021-06-01 09:47:35,5294.9,82795
2021-06-01 09:47:36,5294.9,82795
2021-06-01 09:47:37,5294.9,82795
2021-06-01 09:47:37,5294.9,82795
2021-06-01 09:47:38,5292.3,82797
2021-06-01 09:47:40,5292.3,82799
2021-06-01 09:47:41,5292.3,82799
2021-06-01 09:47:42,5292.3,82800
2021-06-01 09:47:43,5292.3,82800
2021-06-01 09:47:44,5292.3,82800
2021-06-01 09:47:45,5294.0,82802
2021-06-01 09:47:46,5292.3,82807
2021-06-01 09:47:47,5294.0,82809
2021-06-01 09:47:48,5290.75,82895
2021-06-01 09:47:50,5291.85,83002
2021-06-01 09:47:51,5291.85,83002
2021-06-01 09:47:52,5291.5,83009
2021-06-01 09:47:53,5289.2,83014
2021-06-01 09:47:54,5290.3,83033
2021-06-01 09:47:55,5290.3,83033
2021-06-01 09:47:56,5288.0,83158
2021-06-01 09:47:57,5290.65,83192
2021-06-01 09:47:58,5290.65,83192
2021-06-01 09:47:59,5290.65,83192
2021-06-01 09:48:00,5290.35,83193
2021-06-01 09:48:01,5290.35,83193
2021-06-01 09:48:02,5290.35,83196
2021-06-01 09:48:03,5290.35,83196
2021-06-01 09:48:04,5290.35,83196
2021-06-01 09:48:05,5290.35,83196
2021-06-01 09:48:06,5290.35,83299
2021-06-01 09:48:07,5290.35,83299
2021-06-01 09:48:08,5290.35,83299
2021-06-01 09:48:09,5290.35,83299
2021-06-01 09:48:10,5291.0,83309
2021-06-01 09:48:11,5291.0,83309
2021-06-01 09:48:12,5290.35,83318
2021-06-01 09:48:13,5290.35,83318
2021-06-01 09:48:14,5290.35,83318
2021-06-01 09:48:15,5291.0,83332
2021-06-01 09:48:16,5291.0,83344
2021-06-01 09:48:17,5290.35,83354
2021-06-01 09:48:18,5290.35,83354
2021-06-01 09:48:19,5290.35,83354
2021-06-01 09:48:20,5290.35,83354
2021-06-01 09:48:21,5292.0,83367
2021-06-01 09:48:22,5292.0,83367
2021-06-01 09:48:23,5292.0,83367
2021-06-01 09:48:24,5290.35,83369
2021-06-01 09:48:25,5290.35,83369
2021-06-01 09:48:26,5290.35,83369
2021-06-01 09:48:27,5290.35,83369
2021-06-01 09:48:28,5290.35,83369
2021-06-01 09:48:29,5291.95,83379
2021-06-01 09:48:30,5291.95,83379
2021-06-01 09:48:31,5291.95,83379
2021-06-01 09:48:32,5290.35,83386
2021-06-01 09:48:33,5290.35,83388
2021-06-01 09:48:34,5290.35,83388
2021-06-01 09:48:35,5291.0,83389
2021-06-01 09:48:36,5290.8,83471
2021-06-01 09:48:37,5290.8,83471
2021-06-01 09:48:38,5290.8,83473
2021-06-01 09:48:39,5290.8,83473
2021-06-01 09:48:40,5290.65,83503
2021-06-01 09:48:41,5290.95,83568
2021-06-01 09:48:42,5290.95,83568
2021-06-01 09:48:43,5290.95,83568
2021-06-01 09:48:44,5290.95,83568
2021-06-01 09:48:45,5289.15,83578
2021-06-01 09:48:46,5289.15,83578
2021-06-01 09:48:47,5290.95,83580
2021-06-01 09:48:48,5290.95,83580
2021-06-01 09:48:49,5290.95,83580
2021-06-01 09:48:50,5290.0,83584
2021-06-01 09:48:51,5291.0,83607
2021-06-01 09:48:52,5290.0,83610
2021-06-01 09:48:53,5290.0,83610
2021-06-01 09:48:54,5291.0,83611
2021-06-01 09:48:55,5290.0,83716
2021-06-01 09:48:56,5291.0,83719
2021-06-01 09:48:57,5291.0,83728
2021-06-01 09:48:58,5291.0,83728
2021-06-01 09:48:59,5291.0,83729
2021-06-01 09:49:00,5291.0,83729
2021-06-01 09:49:01,5291.0,83729
2021-06-01 09:49:02,5292.0,83744
2021-06-01 09:49:03,5291.85,83763
2021-06-01 09:49:04,5291.8,83765
2021-06-01 09:49:07,5290.0,83766
2021-06-01 09:49:08,5290.0,83766
2021-06-01 09:49:09,5290.0,83766
2021-06-01 09:49:10,5290.0,83766
2021-06-01 09:49:11,5290.0,83766
2021-06-01 09:49:12,5285.0,84148
2021-06-01 09:49:13,5285.0,84154
2021-06-01 09:49:14,5285.0,84154
2021-06-01 09:49:16,5285.0,84154
2021-06-01 09:49:17,5286.5,84164
2021-06-01 09:49:18,5287.0,84352
2021-06-01 09:49:19,5287.0,84352
2021-06-01 09:49:20,5288.5,84375
2021-06-01 09:49:22,5288.5,84375
2021-06-01 09:49:21,5288.5,84375
2021-06-01 09:49:23,5288.5,84375
2021-06-01 09:49:24,5288.5,84375
2021-06-01 09:49:25,5287.55,84385
2021-06-01 09:49:26,5287.55,84385
2021-06-01 09:49:27,5287.55,84385
2021-06-01 09:49:28,5287.7,84400
2021-06-01 09:49:29,5287.7,84400
2021-06-01 09:49:30,5287.75,84401
2021-06-01 09:49:31,5287.75,84401
2021-06-01 09:49:32,5287.75,84401
2021-06-01 09:49:33,5287.3,84421
2021-06-01 09:49:34,5287.3,84421
2021-06-01 09:49:35,5287.3,84421
2021-06-01 09:49:36,5287.3,84421
2021-06-01 09:49:38,5287.3,84421
2021-06-01 09:49:37,5287.3,84421
2021-06-01 09:49:39,5287.7,84424
2021-06-01 09:49:40,5287.7,84424
2021-06-01 09:49:41,5287.7,84424
2021-06-01 09:49:42,5289.7,84427
2021-06-01 09:49:43,5289.7,84428
2021-06-01 09:49:44,5290.0,84446
2021-06-01 09:49:46,5290.0,84450
2021-06-01 09:49:47,5290.0,84450
2021-06-01 09:49:48,5287.9,84455
2021-06-01 09:49:49,5287.9,84456
2021-06-01 09:49:50,5287.9,84456
2021-06-01 09:49:51,5287.9,84456
2021-06-01 09:49:52,5287.9,84456
2021-06-01 09:49:54,5287.9,84456
2021-06-01 09:49:53,5287.9,84456
2021-06-01 09:49:55,5287.9,84456
2021-06-01 09:49:56,5287.15,84581
2021-06-01 09:49:57,5287.15,84581
2021-06-01 09:49:59,5287.05,84598
2021-06-01 09:50:00,5289.5,84619
2021-06-01 09:50:01,5289.5,84621
2021-06-01 09:50:02,5289.5,84622
2021-06-01 09:50:04,5289.5,84622
2021-06-01 09:50:04,5289.5,84622
2021-06-01 09:50:05,5288.0,84660
2021-06-01 09:50:06,5289.5,84661
2021-06-01 09:50:07,5289.5,84663
2021-06-01 09:50:08,5289.5,84663
2021-06-01 09:50:09,5289.5,84663
2021-06-01 09:50:10,5289.5,84663
2021-06-01 09:50:11,5289.5,84663
2021-06-01 09:50:12,5288.1,84664
2021-06-01 09:50:14,5288.1,84664
2021-06-01 09:50:14,5288.1,84696
2021-06-01 09:50:15,5289.5,84698
2021-06-01 09:50:16,5289.5,84718
2021-06-01 09:50:17,5287.5,84722
2021-06-01 09:50:18,5287.5,84722
2021-06-01 09:50:20,5287.5,84722
2021-06-01 09:50:20,5287.5,84722
2021-06-01 09:50:22,5288.0,84732
2021-06-01 09:50:22,5289.4,84734
2021-06-01 09:50:23,5289.4,84734
2021-06-01 09:50:24,5288.55,84736
2021-06-01 09:50:25,5288.55,84736
2021-06-01 09:50:26,5288.55,84782
2021-06-01 09:50:27,5288.55,84782
2021-06-01 09:50:28,5288.0,84783
2021-06-01 09:50:29,5288.0,84783
2021-06-01 09:50:31,5288.0,84783
2021-06-01 09:50:32,5288.0,84783
2021-06-01 09:50:33,5288.0,84783
2021-06-01 09:50:34,5288.0,84783
2021-06-01 09:50:36,5289.5,84784
2021-06-01 09:50:37,5288.0,84785
2021-06-01 09:50:38,5288.0,84785
2021-06-01 09:50:39,5288.0,84785
2021-06-01 09:50:40,5290.0,84835
2021-06-01 09:50:42,5290.0,84835
2021-06-01 09:50:42,5290.0,84853
2021-06-01 09:50:43,5290.0,84853
2021-06-01 09:50:44,5288.15,84855
2021-06-01 09:50:45,5288.15,84855
2021-06-01 09:50:46,5288.15,84855
2021-06-01 09:50:48,5290.0,84865
2021-06-01 09:50:49,5289.0,84871
2021-06-01 09:50:50,5289.0,84871
2021-06-01 09:50:51,5289.0,84871
2021-06-01 09:50:52,5289.0,84871
2021-06-01 09:50:53,5289.0,84871
2021-06-01 09:50:54,5289.0,84871
2021-06-01 09:50:56,5288.0,84873
2021-06-01 09:50:57,5289.0,84876
2021-06-01 09:50:59,5289.0,84876
2021-06-01 09:51:00,5288.0,84980
2021-06-01 09:51:00,5288.0,84980
2021-06-01 09:51:02,5288.0,84991
2021-06-01 09:51:03,5289.95,85012
2021-06-01 09:51:04,5289.95,85020
2021-06-01 09:51:05,5289.95,85047
2021-06-01 09:51:06,5289.95,85047
2021-06-01 09:51:08,5290.0,85261
2021-06-01 09:51:09,5289.0,85264
2021-06-01 09:51:11,5289.0,85272
2021-06-01 09:51:12,5289.15,85274
2021-06-01 09:51:13,5289.15,85274
2021-06-01 09:51:14,5289.15,85274
2021-06-01 09:51:15,5289.15,85274
2021-06-01 09:51:16,5289.15,85274
2021-06-01 09:51:17,5289.7,85278
2021-06-01 09:51:18,5288.0,85292
2021-06-01 09:51:19,5288.0,85295
2021-06-01 09:51:20,5289.5,85299
2021-06-01 09:51:22,5289.5,85300
2021-06-01 09:51:23,5289.5,85300
2021-06-01 09:51:24,5289.7,85319
2021-06-01 09:51:25,5289.7,85327
2021-06-01 09:51:26,5289.7,85327
2021-06-01 09:51:27,5289.0,85328
2021-06-01 09:51:28,5289.0,85328
2021-06-01 09:51:29,5288.0,85330
2021-06-01 09:51:30,5288.0,85346
2021-06-01 09:51:30,5288.0,85346
2021-06-01 09:51:31,5288.0,85346
2021-06-01 09:51:33,5288.0,85351
2021-06-01 09:51:34,5288.0,85351
2021-06-01 09:51:35,5288.0,85360
2021-06-01 09:51:36,5288.0,85360
2021-06-01 09:51:37,5288.0,85370
2021-06-01 09:51:38,5289.4,85372
2021-06-01 09:51:39,5289.45,85373
2021-06-01 09:51:40,5289.45,85373
2021-06-01 09:51:41,5289.45,85373
2021-06-01 09:51:42,5290.0,85480
2021-06-01 09:51:43,5288.05,85484
2021-06-01 09:51:44,5288.0,85489
2021-06-01 09:51:45,5289.45,85509
2021-06-01 09:51:46,5290.0,85521
2021-06-01 09:51:47,5288.0,85556
2021-06-01 09:51:48,5290.0,85560
2021-06-01 09:51:49,5290.0,85560
2021-06-01 09:51:50,5290.0,85569
2021-06-01 09:51:51,5290.0,85569
2021-06-01 09:51:52,5289.75,85573
2021-06-01 09:51:53,5289.75,85573
2021-06-01 09:51:54,5289.75,85573
2021-06-01 09:51:55,5289.75,85573
2021-06-01 09:51:56,5287.0,85698
2021-06-01 09:51:57,5287.0,85741
2021-06-01 09:51:59,5287.0,85741
2021-06-01 09:51:59,5287.0,85741
2021-06-01 09:52:01,5287.0,85741
2021-06-01 09:52:01,5287.0,85741
2021-06-01 09:52:03,5289.0,85751
2021-06-01 09:52:04,5289.0,85751
2021-06-01 09:52:05,5288.6,85777
2021-06-01 09:52:06,5288.9,85778
2021-06-01 09:52:06,5288.9,85780
2021-06-01 09:52:07,5289.0,85880
2021-06-01 09:52:08,5288.6,85924
2021-06-01 09:52:09,5290.0,85934
2021-06-01 09:52:10,5288.6,85939
2021-06-01 09:52:11,5289.9,85965
2021-06-01 09:52:12,5289.9,85965
2021-06-01 09:52:13,5289.95,85970
2021-06-01 09:52:14,5288.6,85980
2021-06-01 09:52:15,5290.0,85992
2021-06-01 09:52:17,5290.0,85992
2021-06-01 09:52:18,5288.6,85999
2021-06-01 09:52:19,5287.45,86101
2021-06-01 09:52:20,5290.0,86187
2021-06-01 09:52:21,5290.0,86187
2021-06-01 09:52:22,5289.95,86193
2021-06-01 09:52:23,5289.95,86193
2021-06-01 09:52:24,5290.0,86234
2021-06-01 09:52:25,5291.0,86264
2021-06-01 09:52:26,5291.3,86280
2021-06-01 09:52:27,5291.95,86286
2021-06-01 09:52:28,5292.0,86752
2021-06-01 09:52:29,5292.0,86783
2021-06-01 09:52:30,5292.0,86817
2021-06-01 09:52:31,5292.0,86828
2021-06-01 09:52:32,5292.0,86828
2021-06-01 09:52:33,5292.0,86828
2021-06-01 09:52:34,5292.0,87001
2021-06-01 09:52:35,5292.15,87021
2021-06-01 09:52:36,5292.95,87026
2021-06-01 09:52:38,5292.85,87044
2021-06-01 09:52:39,5292.85,87044
2021-06-01 09:52:39,5292.85,87044
2021-06-01 09:52:40,5292.7,87097
2021-06-01 09:52:41,5290.35,87115
2021-06-01 09:52:42,5292.7,87127
2021-06-01 09:52:43,5292.7,87129
2021-06-01 09:52:44,5292.7,87131
2021-06-01 09:52:45,5292.7,87133
2021-06-01 09:52:46,5292.7,87138
2021-06-01 09:52:48,5290.55,87166
2021-06-01 09:52:51,5291.0,87197
2021-06-01 09:52:52,5293.0,87345
2021-06-01 09:52:53,5293.4,87350
2021-06-01 09:52:54,5293.8,87354
2021-06-01 09:52:54,5293.8,87354
2021-06-01 09:52:56,5294.0,88043
2021-06-01 09:52:56,5292.75,88055
2021-06-01 09:52:57,5293.05,88158
2021-06-01 09:52:58,5293.05,88200
2021-06-01 09:52:59,5293.05,88200
2021-06-01 09:53:00,5294.9,88205
2021-06-01 09:53:01,5293.0,88305
2021-06-01 09:53:02,5293.0,88305
2021-06-01 09:53:03,5294.9,88331
2021-06-01 09:53:04,5292.85,88333
2021-06-01 09:53:05,5292.85,88333
2021-06-01 09:53:06,5292.85,88334
2021-06-01 09:53:08,5294.6,88376
2021-06-01 09:53:09,5292.95,88386
2021-06-01 09:53:10,5292.8,88506
2021-06-01 09:53:11,5294.9,88556
2021-06-01 09:53:12,5294.9,88556
2021-06-01 09:53:13,5292.8,88567
2021-06-01 09:53:14,5292.7,88607
2021-06-01 09:53:15,5292.7,88607
2021-06-01 09:53:15,5292.7,88607
2021-06-01 09:53:16,5292.6,88608
2021-06-01 09:53:17,5292.6,88608
2021-06-01 09:53:18,5292.6,88608
2021-06-01 09:53:19,5292.6,88608
2021-06-01 09:53:21,5294.0,88623
2021-06-01 09:53:22,5293.0,88627
2021-06-01 09:53:23,5293.0,88634
2021-06-01 09:53:24,5292.6,88667
2021-06-01 09:53:25,5292.3,88686
2021-06-01 09:53:27,5292.6,88698
2021-06-01 09:53:28,5292.6,88698
2021-06-01 09:53:30,5292.6,88741
2021-06-01 09:53:31,5292.6,88741
2021-06-01 09:53:32,5293.7,88750
2021-06-01 09:53:33,5291.35,88753
2021-06-01 09:53:33,5291.35,88753
2021-06-01 09:53:34,5291.35,88754
2021-06-01 09:53:35,5293.15,88764
2021-06-01 09:53:36,5291.35,88765
2021-06-01 09:53:37,5293.3,88771
2021-06-01 09:53:38,5293.3,88771
2021-06-01 09:53:39,5291.35,88775
2021-06-01 09:53:40,5291.35,88777
2021-06-01 09:53:41,5291.35,88781
2021-06-01 09:53:42,5292.95,88783
2021-06-01 09:53:43,5292.95,88783
2021-06-01 09:53:44,5291.35,88793
2021-06-01 09:53:45,5291.35,88793
2021-06-01 09:53:46,5292.8,88795
2021-06-01 09:53:48,5290.5,88818
2021-06-01 09:53:49,5290.0,88819
2021-06-01 09:53:50,5292.7,88887
2021-06-01 09:53:51,5292.7,88887
2021-06-01 09:53:52,5291.0,88897
2021-06-01 09:53:53,5291.0,88899
2021-06-01 09:53:54,5290.0,89049
2021-06-01 09:53:55,5290.0,89049
2021-06-01 09:53:56,5291.35,89092
2021-06-01 09:53:57,5291.35,89092
2021-06-01 09:53:58,5293.1,89196
2021-06-01 09:53:59,5292.45,89261
2021-06-01 09:54:01,5291.0,89264
2021-06-01 09:54:01,5291.35,89274
2021-06-01 09:54:03,5291.35,89274
2021-06-01 09:54:04,5292.4,89276
2021-06-01 09:54:05,5292.9,89343
2021-06-01 09:54:05,5292.9,89343
2021-06-01 09:54:06,5292.9,89345
2021-06-01 09:54:07,5292.9,89347
2021-06-01 09:54:08,5292.8,89349
2021-06-01 09:54:09,5292.8,89349
2021-06-01 09:54:10,5292.8,89355
2021-06-01 09:54:11,5292.8,89355
2021-06-01 09:54:12,5292.8,89374
2021-06-01 09:54:13,5292.9,89378
2021-06-01 09:54:14,5293.0,89386
2021-06-01 09:54:16,5293.0,89388
2021-06-01 09:54:17,5292.0,89759
2021-06-01 09:54:18,5291.5,89761
2021-06-01 09:54:19,5291.5,89781
2021-06-01 09:54:20,5291.5,89781
2021-06-01 09:54:21,5291.5,89781
2021-06-01 09:54:21,5291.5,89781
2021-06-01 09:54:22,5291.5,89781
2021-06-01 09:54:23,5288.4,89804
2021-06-01 09:54:24,5288.4,89804
2021-06-01 09:54:26,5291.25,89807
2021-06-01 09:54:27,5291.25,89807
2021-06-01 09:54:28,5291.3,89818
2021-06-01 09:54:29,5290.0,89848
2021-06-01 09:54:30,5290.0,89848
2021-06-01 09:54:31,5290.0,89848
2021-06-01 09:54:32,5290.0,89850
2021-06-01 09:54:33,5291.0,89851
2021-06-01 09:54:34,5291.0,89903
2021-06-01 09:54:35,5291.0,89992
2021-06-01 09:54:35,5291.8,89994
2021-06-01 09:54:37,5289.0,89999
2021-06-01 09:54:38,5289.0,89999
2021-06-01 09:54:39,5289.0,89999
2021-06-01 09:54:41,5289.05,90019
2021-06-01 09:54:42,5289.05,90019
2021-06-01 09:54:43,5289.05,90019
2021-06-01 09:54:44,5289.05,90019
2021-06-01 09:54:45,5289.05,90019
2021-06-01 09:54:46,5289.05,90019
2021-06-01 09:54:47,5290.8,90022
2021-06-01 09:54:47,5290.8,90022
2021-06-01 09:54:50,5290.8,90022
2021-06-01 09:54:51,5290.8,90022
2021-06-01 09:54:52,5288.0,90024
2021-06-01 09:54:53,5288.85,90028
2021-06-01 09:54:54,5290.3,90034
2021-06-01 09:54:55,5290.35,90037
2021-06-01 09:54:56,5290.45,90041
2021-06-01 09:54:57,5290.0,90080
2021-06-01 09:54:58,5288.05,90085
2021-06-01 09:54:58,5288.05,90085
2021-06-01 09:54:59,5290.0,90091
2021-06-01 09:55:00,5290.45,90104
2021-06-01 09:55:01,5290.45,90112
2021-06-01 09:55:03,5290.45,90125
2021-06-01 09:55:04,5290.45,90131
2021-06-01 09:55:05,5290.45,90136
2021-06-01 09:55:06,5290.35,90142
2021-06-01 09:55:07,5290.35,90144
2021-06-01 09:55:08,5290.35,90153
2021-06-01 09:55:09,5288.0,90180
2021-06-01 09:55:10,5290.25,90184
2021-06-01 09:55:11,5290.25,90184
2021-06-01 09:55:12,5290.0,90236
2021-06-01 09:55:13,5290.0,90236
2021-06-01 09:55:14,5290.15,90238
2021-06-01 09:55:15,5290.1,90357
2021-06-01 09:55:16,5289.85,90363
2021-06-01 09:55:17,5289.85,90363
2021-06-01 09:55:18,5287.2,90488
2021-06-01 09:55:20,5288.85,90514
2021-06-01 09:55:20,5288.85,90518
2021-06-01 09:55:21,5288.85,90523
2021-06-01 09:55:23,5288.85,90523
2021-06-01 09:55:24,5288.85,90524
2021-06-01 09:55:25,5288.85,90524
2021-06-01 09:55:25,5288.85,90524
2021-06-01 09:55:26,5288.85,90524
2021-06-01 09:55:27,5288.0,90583
2021-06-01 09:55:28,5288.0,90583
2021-06-01 09:55:29,5288.0,90583
2021-06-01 09:55:30,5288.0,90592
2021-06-01 09:55:31,5289.6,90646
2021-06-01 09:55:32,5288.0,90650
2021-06-01 09:55:34,5289.8,90654
2021-06-01 09:55:35,5289.8,90654
2021-06-01 09:55:36,5289.8,90674
2021-06-01 09:55:37,5288.0,90684
2021-06-01 09:55:38,5288.0,90684
2021-06-01 09:55:39,5288.0,90684
2021-06-01 09:55:40,5288.0,90684
2021-06-01 09:55:41,5288.0,90684
2021-06-01 09:55:42,5288.0,90684
2021-06-01 09:55:42,5288.0,90684
2021-06-01 09:55:44,5288.0,90684
2021-06-01 09:55:45,5289.8,90686
2021-06-01 09:55:46,5289.8,90686
2021-06-01 09:55:47,5289.8,90688
2021-06-01 09:55:48,5288.2,90698
2021-06-01 09:55:49,5288.2,90703
2021-06-01 09:55:50,5290.0,90705
2021-06-01 09:55:51,5290.0,90705
2021-06-01 09:55:52,5290.0,90708
2021-06-01 09:55:53,5290.0,90708
2021-06-01 09:55:53,5290.0,90709
2021-06-01 09:55:55,5290.0,90709
2021-06-01 09:55:56,5290.0,90728
2021-06-01 09:55:56,5290.0,90732
2021-06-01 09:55:57,5290.5,90795
2021-06-01 09:55:58,5290.5,90795
2021-06-01 09:55:59,5291.0,90799
2021-06-01 09:56:00,5291.0,90803
2021-06-01 09:56:02,5291.0,90803
2021-06-01 09:56:03,5291.0,90808
2021-06-01 09:56:03,5291.0,90808
2021-06-01 09:56:05,5291.0,90808
2021-06-01 09:56:05,5289.0,90810
2021-06-01 09:56:06,5289.0,90810
2021-06-01 09:56:07,5289.0,90810
2021-06-01 09:56:08,5289.0,90810
2021-06-01 09:56:09,5289.0,90810
2021-06-01 09:56:10,5289.0,90810
2021-06-01 09:56:12,5289.15,90812
2021-06-01 09:56:13,5289.0,90832
2021-06-01 09:56:14,5288.0,90835
2021-06-01 09:56:16,5288.15,90879
2021-06-01 09:56:15,5288.0,90877
2021-06-01 09:56:17,5288.15,90879
2021-06-01 09:56:18,5288.35,90885
2021-06-01 09:56:19,5289.15,90943
2021-06-01 09:56:20,5286.4,90969
2021-06-01 09:56:21,5286.4,90969
2021-06-01 09:56:22,5286.4,90969
2021-06-01 09:56:23,5286.4,90969
2021-06-01 09:56:24,5285.5,90975
2021-06-01 09:56:25,5285.5,90975
2021-06-01 09:56:25,5285.5,90975
2021-06-01 09:56:27,5285.5,90975
2021-06-01 09:56:28,5285.5,90975
2021-06-01 09:56:29,5285.5,90975
2021-06-01 09:56:30,5285.55,91000
2021-06-01 09:56:32,5287.45,91101
2021-06-01 09:56:33,5287.2,91112
2021-06-01 09:56:34,5287.2,91114
2021-06-01 09:56:35,5287.2,91114
2021-06-01 09:56:36,5287.5,91124
2021-06-01 09:56:37,5287.45,91128
2021-06-01 09:56:38,5287.45,91128
2021-06-01 09:56:39,5287.4,91154
2021-06-01 09:56:40,5287.4,91154
2021-06-01 09:56:41,5287.4,91154
2021-06-01 09:56:42,5285.7,91209
2021-06-01 09:56:43,5285.7,91209
2021-06-01 09:56:44,5285.7,91209
2021-06-01 09:56:45,5285.7,91209
2021-06-01 09:56:46,5287.5,91210
2021-06-01 09:56:47,5285.7,91235
2021-06-01 09:56:48,5285.7,91235
2021-06-01 09:56:51,5287.5,91238
2021-06-01 09:56:52,5287.5,91238
2021-06-01 09:56:53,5287.5,91238
2021-06-01 09:56:54,5287.5,91238
2021-06-01 09:56:55,5287.5,91238
2021-06-01 09:56:56,5287.5,91238
2021-06-01 09:56:57,5287.5,91238
2021-06-01 09:56:58,5287.5,91238
2021-06-01 09:57:00,5287.0,91256
2021-06-01 09:57:01,5287.0,91256
2021-06-01 09:57:01,5287.0,91256
2021-06-01 09:57:03,5287.0,91256
2021-06-01 09:57:04,5287.0,91256
2021-06-01 09:57:06,5286.5,91258
2021-06-01 09:57:08,5286.5,91258
2021-06-01 09:57:09,5286.75,91403
2021-06-01 09:57:10,5286.3,91405
2021-06-01 09:57:11,5285.0,91408
2021-06-01 09:57:12,5285.0,91408
2021-06-01 09:57:13,5285.0,91408
2021-06-01 09:57:14,5285.0,91408
2021-06-01 09:57:15,5285.0,91408
2021-06-01 09:57:16,5285.0,91408
2021-06-01 09:57:17,5283.45,91578
2021-06-01 09:57:18,5283.45,91578
2021-06-01 09:57:19,5283.9,91581
2021-06-01 09:57:20,5283.9,91581
2021-06-01 09:57:21,5284.3,91640
2021-06-01 09:57:21,5283.75,91642
2021-06-01 09:57:22,5283.75,91642
2021-06-01 09:57:24,5283.75,91642
2021-06-01 09:57:25,5282.1,91643
2021-06-01 09:57:26,5282.1,91643
2021-06-01 09:57:27,5282.1,91643
2021-06-01 09:57:28,5284.1,91646
2021-06-01 09:57:29,5284.0,91650
2021-06-01 09:57:30,5284.0,91650
2021-06-01 09:57:31,5284.0,91656
2021-06-01 09:57:32,5284.0,91661
2021-06-01 09:57:33,5284.0,91661
2021-06-01 09:57:34,5284.0,91661
2021-06-01 09:57:35,5284.0,91665
2021-06-01 09:57:36,5284.0,91665
2021-06-01 09:57:37,5285.15,91685
2021-06-01 09:57:38,5285.15,91685
2021-06-01 09:57:39,5285.15,91685
2021-06-01 09:57:39,5285.15,91685
2021-06-01 09:57:40,5285.15,91685
2021-06-01 09:57:41,5285.0,91687
2021-06-01 09:57:43,5284.15,91712
2021-06-01 09:57:44,5284.15,91712
2021-06-01 09:57:45,5284.0,91772
2021-06-01 09:57:46,5284.0,91772
2021-06-01 09:57:47,5285.0,91796
2021-06-01 09:57:48,5284.0,91802
2021-06-01 09:57:49,5287.5,92119
2021-06-01 09:57:50,5289.15,92121
2021-06-01 09:57:51,5287.65,92138
2021-06-01 09:57:52,5287.65,92139
2021-06-01 09:57:53,5287.65,92149
2021-06-01 09:57:54,5288.0,92168
2021-06-01 09:57:54,5288.0,92168
2021-06-01 09:57:56,5288.0,92168
2021-06-01 09:57:57,5288.95,92172
2021-06-01 09:57:58,5290.35,92184
2021-06-01 09:57:59,5290.35,92184
2021-06-01 09:57:59,5290.35,92184
2021-06-01 09:58:00,5288.0,92185
2021-06-01 09:58:01,5288.95,92187
2021-06-01 09:58:03,5288.95,92205
2021-06-01 09:58:03,5288.95,92209
2021-06-01 09:58:04,5288.95,92209
2021-06-01 09:58:06,5288.05,92210
2021-06-01 09:58:07,5288.05,92210
2021-06-01 09:58:08,5288.05,92210
2021-06-01 09:58:09,5288.0,92241
2021-06-01 09:58:10,5288.0,92241
2021-06-01 09:58:10,5286.35,92242
2021-06-01 09:58:11,5286.2,92254
2021-06-01 09:58:13,5288.5,92258
2021-06-01 09:58:14,5288.5,92258
2021-06-01 09:58:15,5288.5,92258
2021-06-01 09:58:16,5288.5,92258
2021-06-01 09:58:17,5288.5,92258
2021-06-01 09:58:18,5288.5,92258
2021-06-01 09:58:19,5288.45,92262
2021-06-01 09:58:20,5288.45,92262
2021-06-01 09:58:20,5286.15,92264
2021-06-01 09:58:21,5286.15,92264
2021-06-01 09:58:22,5286.15,92264
2021-06-01 09:58:23,5287.95,92267
2021-06-01 09:58:24,5288.45,92270
2021-06-01 09:58:25,5288.45,92270
2021-06-01 09:58:27,5287.95,92280
2021-06-01 09:58:28,5288.45,92282
2021-06-01 09:58:29,5288.0,92290
2021-06-01 09:58:30,5288.0,92290
2021-06-01 09:58:31,5288.0,92290
2021-06-01 09:58:32,5288.0,92290
2021-06-01 09:58:32,5288.0,92290
2021-06-01 09:58:33,5288.0,92290
2021-06-01 09:58:35,5288.0,92290
2021-06-01 09:58:36,5288.0,92290
2021-06-01 09:58:37,5288.0,92290
2021-06-01 09:58:38,5288.0,92290
2021-06-01 09:58:39,5285.9,92419
2021-06-01 09:58:40,5285.9,92419
2021-06-01 09:58:41,5285.9,92419
2021-06-01 09:58:42,5287.0,92422
2021-06-01 09:58:43,5287.0,92422
2021-06-01 09:58:44,5287.0,92422
2021-06-01 09:58:45,5286.75,92451
2021-06-01 09:58:46,5286.0,92453
2021-06-01 09:58:47,5286.0,92453
2021-06-01 09:58:48,5286.0,92453
2021-06-01 09:58:49,5286.6,92463
2021-06-01 09:58:50,5286.6,92480
2021-06-01 09:58:51,5286.6,92480
2021-06-01 09:58:52,5286.6,92480
2021-06-01 09:58:53,5285.75,92641
2021-06-01 09:58:54,5285.75,92641
2021-06-01 09:58:55,5285.75,92641
2021-06-01 09:58:56,5285.75,92641
2021-06-01 09:58:57,5285.75,92643
2021-06-01 09:58:58,5285.75,92643
2021-06-01 09:58:59,5284.0,92768
2021-06-01 09:59:00,5284.0,92768
2021-06-01 09:59:01,5284.0,92768
2021-06-01 09:59:02,5284.0,92768
2021-06-01 09:59:03,5284.95,92809
2021-06-01 09:59:06,5284.95,92809
2021-06-01 09:59:05,5284.95,92809
2021-06-01 09:59:07,5285.75,92826
2021-06-01 09:59:08,5285.75,92828
2021-06-01 09:59:09,5285.75,92837
2021-06-01 09:59:10,5285.75,92837
2021-06-01 09:59:11,5285.75,92839
2021-06-01 09:59:12,5285.75,92841
2021-06-01 09:59:13,5285.75,92841
2021-06-01 09:59:14,5285.75,92841
2021-06-01 09:59:15,5285.75,92841
2021-06-01 09:59:16,5285.75,92841
2021-06-01 09:59:17,5285.75,92841
2021-06-01 09:59:18,5285.75,92841
2021-06-01 09:59:19,5285.75,92841
2021-06-01 09:59:20,5285.75,92841
2021-06-01 09:59:21,5285.75,92841
2021-06-01 09:59:23,5287.45,92879
2021-06-01 09:59:22,5287.45,92879
2021-06-01 09:59:24,5287.45,92879
2021-06-01 09:59:25,5287.45,92879
2021-06-01 09:59:26,5287.45,92895
2021-06-01 09:59:27,5287.45,92905
2021-06-01 09:59:28,5288.85,93091
2021-06-01 09:59:29,5287.45,93098
2021-06-01 09:59:31,5287.95,93107
2021-06-01 09:59:32,5286.1,93115
2021-06-01 09:59:33,5287.5,93116
2021-06-01 09:59:34,5287.5,93116
2021-06-01 09:59:35,5287.5,93116
2021-06-01 09:59:36,5287.5,93116
2021-06-01 09:59:37,5287.5,93116
2021-06-01 09:59:39,5288.0,93142
2021-06-01 09:59:40,5289.85,93150
2021-06-01 09:59:41,5289.85,93150
2021-06-01 09:59:42,5287.65,93151
2021-06-01 09:59:43,5287.65,93151
2021-06-01 09:59:44,5287.65,93151
2021-06-01 09:59:45,5289.35,93163
2021-06-01 09:59:46,5289.35,93163
2021-06-01 09:59:47,5289.85,93169
2021-06-01 09:59:48,5289.7,93179
2021-06-01 09:59:49,5289.65,93198
2021-06-01 09:59:50,5289.65,93198
2021-06-01 09:59:51,5289.65,93198
2021-06-01 09:59:52,5284.2,93234
2021-06-01 09:59:53,5286.65,93235
2021-06-01 09:59:54,5286.65,93235
2021-06-01 09:59:55,5288.15,93239
2021-06-01 09:59:56,5288.15,93239
2021-06-01 09:59:57,5286.2,93246
2021-06-01 09:59:58,5288.45,93247
2021-06-01 09:59:59,5285.35,93257
2021-06-01 10:00:01,5285.35,93257
2021-06-01 10:00:02,5286.6,93258
2021-06-01 10:00:03,5286.6,93258
2021-06-01 10:00:04,5286.6,93258
2021-06-01 10:00:05,5286.6,93262
2021-06-01 10:00:06,5286.6,93266
2021-06-01 10:00:07,5286.6,93370
2021-06-01 10:00:08,5283.55,93409
2021-06-01 10:00:09,5286.25,93437
2021-06-01 10:00:10,5286.25,93439
2021-06-01 10:00:12,5285.5,93460
2021-06-01 10:00:13,5285.25,93480
2021-06-01 10:00:14,5287.1,93484
2021-06-01 10:00:15,5287.1,93489
2021-06-01 10:00:16,5286.5,93494
2021-06-01 10:00:17,5289.0,93503
2021-06-01 10:00:18,5289.0,93509
2021-06-01 10:00:19,5289.0,93511
2021-06-01 10:00:20,5287.7,93531
2021-06-01 10:00:21,5289.85,93541
2021-06-01 10:00:22,5287.9,93543
2021-06-01 10:00:23,5287.9,93543
2021-06-01 10:00:24,5290.0,93547
2021-06-01 10:00:25,5290.0,93648
2021-06-01 10:00:26,5291.65,94710
2021-06-01 10:00:27,5292.0,94784
2021-06-01 10:00:28,5292.0,94784
2021-06-01 10:00:29,5292.0,94784
2021-06-01 10:00:30,5292.0,94849
2021-06-01 10:00:31,5293.0,94855
2021-06-01 10:00:32,5293.0,94855
2021-06-01 10:00:33,5293.0,94863
2021-06-01 10:00:34,5293.0,94880
2021-06-01 10:00:35,5292.5,95036
2021-06-01 10:00:36,5293.5,95049
2021-06-01 10:00:37,5292.5,95052
2021-06-01 10:00:38,5292.5,95054
2021-06-01 10:00:39,5292.5,95054
2021-06-01 10:00:41,5290.55,95130
2021-06-01 10:00:40,5290.3,95129
2021-06-01 10:00:42,5292.8,95131
2021-06-01 10:00:43,5292.8,95131
2021-06-01 10:00:44,5290.55,95146
2021-06-01 10:00:45,5290.55,95146
2021-06-01 10:00:46,5292.0,95156
2021-06-01 10:00:47,5292.0,95173
2021-06-01 10:00:48,5290.85,95298
2021-06-01 10:00:49,5290.85,95298
2021-06-01 10:00:50,5290.85,95298
2021-06-01 10:00:51,5293.5,95313
2021-06-01 10:00:52,5293.5,95313
2021-06-01 10:00:53,5293.5,95313
2021-06-01 10:00:55,5294.0,95343
2021-06-01 10:00:55,5294.0,95343
2021-06-01 10:00:56,5294.0,95396
2021-06-01 10:00:57,5294.0,95396
2021-06-01 10:00:58,5293.95,95400
2021-06-01 10:00:59,5294.0,95414
2021-06-01 10:01:00,5294.0,95414
2021-06-01 10:01:01,5294.0,95414
2021-06-01 10:01:02,5293.85,95416
2021-06-01 10:01:03,5293.85,95416
2021-06-01 10:01:04,5293.85,95416
2021-06-01 10:01:06,5293.85,95416
2021-06-01 10:01:06,5293.85,95416
2021-06-01 10:01:07,5293.45,95464
2021-06-01 10:01:08,5291.8,95476
2021-06-01 10:01:09,5292.1,95487
2021-06-01 10:01:10,5292.95,95491
2021-06-01 10:01:11,5293.5,95516
2021-06-01 10:01:12,5293.7,95540
2021-06-01 10:01:13,5293.7,95540
2021-06-01 10:01:14,5293.7,95540
2021-06-01 10:01:15,5293.7,95540
2021-06-01 10:01:16,5293.7,95540
2021-06-01 10:01:17,5293.7,95540
2021-06-01 10:01:19,5291.55,95575
2021-06-01 10:01:19,5291.55,95575
2021-06-01 10:01:20,5293.25,96086
2021-06-01 10:01:21,5295.0,96106
2021-06-01 10:01:22,5296.95,96786
2021-06-01 10:01:23,5296.95,96786
2021-06-01 10:01:24,5296.9,96869
2021-06-01 10:01:25,5296.65,96875
2021-06-01 10:01:26,5296.65,96875
2021-06-01 10:01:28,5295.0,96885
2021-06-01 10:01:28,5295.0,96885
2021-06-01 10:01:29,5295.0,96885
2021-06-01 10:01:30,5298.5,97842
2021-06-01 10:01:31,5298.5,98176
2021-06-01 10:01:32,5301.0,100594
2021-06-01 10:01:33,5301.75,100789
2021-06-01 10:01:34,5300.3,100790
2021-06-01 10:01:36,5299.95,100847
2021-06-01 10:01:37,5299.95,100847
2021-06-01 10:01:38,5299.9,100852
2021-06-01 10:01:39,5299.9,100852
2021-06-01 10:01:40,5299.7,100869
2021-06-01 10:01:41,5298.0,100911
2021-06-01 10:01:42,5298.0,100919
2021-06-01 10:01:44,5298.0,100919
2021-06-01 10:01:44,5298.0,100919
2021-06-01 10:01:45,5298.0,100919
2021-06-01 10:01:46,5298.0,100958
2021-06-01 10:01:47,5295.35,100975
2021-06-01 10:01:48,5297.4,101006
2021-06-01 10:01:49,5297.4,101006
2021-06-01 10:01:51,5295.35,101037
2021-06-01 10:01:51,5295.35,101038
2021-06-01 10:01:52,5295.35,101043
2021-06-01 10:01:53,5295.35,101043
2021-06-01 10:01:54,5297.4,101161
2021-06-01 10:01:55,5295.5,101178
2021-06-01 10:01:56,5297.0,101180
2021-06-01 10:01:57,5297.0,101180
2021-06-01 10:01:58,5295.15,101300
2021-06-01 10:01:59,5295.25,101302
2021-06-01 10:02:01,5296.5,101311
2021-06-01 10:02:02,5296.5,101311
2021-06-01 10:02:02,5295.25,101312
2021-06-01 10:02:03,5295.25,101312
2021-06-01 10:02:06,5294.0,101432
2021-06-01 10:02:07,5294.0,101432
2021-06-01 10:02:07,5294.0,101432
2021-06-01 10:02:08,5294.0,101432
2021-06-01 10:02:09,5294.0,101432
2021-06-01 10:02:10,5293.4,101568
2021-06-01 10:02:11,5293.4,101568
2021-06-01 10:02:12,5295.25,101569
2021-06-01 10:02:14,5294.45,101613
2021-06-01 10:02:16,5294.3,101619
2021-06-01 10:02:16,5294.45,101620
2021-06-01 10:02:17,5291.25,101670
2021-06-01 10:02:18,5294.55,101690
2021-06-01 10:02:19,5294.55,101690
2021-06-01 10:02:20,5294.55,101690
2021-06-01 10:02:21,5292.1,101697
2021-06-01 10:02:22,5292.1,101698
2021-06-01 10:02:23,5292.1,101698
2021-06-01 10:02:24,5292.1,101698
2021-06-01 10:02:25,5294.0,101700
2021-06-01 10:02:26,5295.0,101703
2021-06-01 10:02:27,5294.5,101715
2021-06-01 10:02:29,5294.5,101715
2021-06-01 10:02:29,5294.5,101715
2021-06-01 10:02:30,5294.5,101715
2021-06-01 10:02:31,5295.0,101727
2021-06-01 10:02:32,5295.0,101727
2021-06-01 10:02:33,5294.0,101741
2021-06-01 10:02:34,5295.0,101753
2021-06-01 10:02:36,5295.5,101756
2021-06-01 10:02:37,5296.95,101778
2021-06-01 10:02:38,5294.0,101913
2021-06-01 10:02:39,5294.0,101913
2021-06-01 10:02:40,5294.0,101920
2021-06-01 10:02:41,5294.0,101930
2021-06-01 10:02:42,5295.0,101937
2021-06-01 10:02:44,5295.0,101939
2021-06-01 10:02:44,5295.0,101939
2021-06-01 10:02:45,5295.0,101939
2021-06-01 10:02:46,5295.0,101939
2021-06-01 10:02:47,5295.0,101939
2021-06-01 10:02:48,5295.0,101946
2021-06-01 10:02:49,5296.65,101948
2021-06-01 10:02:50,5294.25,101949
2021-06-01 10:02:51,5294.25,101949
2021-06-01 10:02:52,5294.25,101949
2021-06-01 10:02:54,5294.25,101949
2021-06-01 10:02:55,5294.25,101949
2021-06-01 10:02:55,5294.25,101949
2021-06-01 10:02:56,5294.0,101962
2021-06-01 10:02:57,5294.0,101985
2021-06-01 10:02:58,5294.0,101986
2021-06-01 10:02:59,5294.0,101986
2021-06-01 10:03:00,5294.0,101986
2021-06-01 10:03:02,5294.0,101986
2021-06-01 10:03:03,5295.25,101999
2021-06-01 10:03:04,5295.25,101999
2021-06-01 10:03:05,5295.25,101999
2021-06-01 10:03:05,5295.25,101999
2021-06-01 10:03:07,5295.25,101999
2021-06-01 10:03:08,5295.5,102009
2021-06-01 10:03:09,5295.5,102017
2021-06-01 10:03:10,5295.5,102018
2021-06-01 10:03:11,5295.5,102018
2021-06-01 10:03:12,5295.5,102018
2021-06-01 10:03:13,5295.5,102018
2021-06-01 10:03:14,5298.0,102068
2021-06-01 10:03:15,5298.0,102068
2021-06-01 10:03:16,5296.1,102088
2021-06-01 10:03:17,5298.0,102102
2021-06-01 10:03:18,5298.0,102119
2021-06-01 10:03:19,5298.0,102119
2021-06-01 10:03:20,5298.0,102119
2021-06-01 10:03:21,5298.0,102132
2021-06-01 10:03:22,5296.1,102145
2021-06-01 10:03:23,5297.95,102195
2021-06-01 10:03:24,5297.95,102195
2021-06-01 10:03:25,5297.95,102195
2021-06-01 10:03:26,5297.95,102195
2021-06-01 10:03:27,5297.95,102195
2021-06-01 10:03:28,5299.0,102345
2021-06-01 10:03:29,5297.95,102358
2021-06-01 10:03:30,5297.95,102367
2021-06-01 10:03:31,5298.15,102387
2021-06-01 10:03:32,5298.15,102387
2021-06-01 10:03:34,5298.15,102387
2021-06-01 10:03:35,5296.0,102698
2021-06-01 10:03:36,5295.5,102699
2021-06-01 10:03:36,5295.5,102709
2021-06-01 10:03:38,5295.05,102719
2021-06-01 10:03:39,5297.05,102743
2021-06-01 10:03:40,5295.0,102757
2021-06-01 10:03:41,5297.1,102814
2021-06-01 10:03:42,5295.1,102819
2021-06-01 10:03:42,5295.1,102819
2021-06-01 10:03:43,5295.1,102819
2021-06-01 10:03:44,5295.1,102832
2021-06-01 10:03:45,5295.35,102842
2021-06-01 10:03:47,5298.0,102994
2021-06-01 10:03:48,5298.0,102994
2021-06-01 10:03:49,5295.6,103013
2021-06-01 10:03:49,5295.6,103013
2021-06-01 10:03:50,5295.0,103026
2021-06-01 10:03:51,5295.0,103026
2021-06-01 10:03:52,5295.0,103026
2021-06-01 10:03:53,5295.0,103026
2021-06-01 10:03:54,5295.0,103026
2021-06-01 10:03:56,5295.5,103027
2021-06-01 10:03:57,5295.5,103030
2021-06-01 10:03:58,5295.5,103030
2021-06-01 10:03:59,5295.95,103037
2021-06-01 10:04:00,5295.95,103040
2021-06-01 10:04:00,5295.95,103050
2021-06-01 10:04:01,5295.95,103050
2021-06-01 10:04:02,5295.95,103056
2021-06-01 10:04:03,5295.95,103073
2021-06-01 10:04:04,5295.95,103073
2021-06-01 10:04:06,5296.0,103125
2021-06-01 10:04:07,5297.5,103159
2021-06-01 10:04:08,5297.5,103159
2021-06-01 10:04:09,5297.5,103159
2021-06-01 10:04:09,5297.5,103159
2021-06-01 10:04:10,5297.5,103159
2021-06-01 10:04:12,5296.2,103186
2021-06-01 10:04:14,5298.0,103216
2021-06-01 10:04:15,5298.0,103216
2021-06-01 10:04:16,5298.0,103216
2021-06-01 10:04:17,5298.0,103216
2021-06-01 10:04:18,5298.0,103216
2021-06-01 10:04:19,5296.2,103226
2021-06-01 10:04:20,5296.2,103226
2021-06-01 10:04:21,5297.35,103232
2021-06-01 10:04:22,5297.35,103233
2021-06-01 10:04:23,5297.35,103233
2021-06-01 10:04:24,5296.2,103253
2021-06-01 10:04:25,5297.4,103270
2021-06-01 10:04:26,5297.4,103270
2021-06-01 10:04:26,5297.4,103270
2021-06-01 10:04:27,5297.0,103281
2021-06-01 10:04:29,5297.4,103407
2021-06-01 10:04:30,5297.4,103407
2021-06-01 10:04:31,5297.4,103407
2021-06-01 10:04:33,5297.4,103407
2021-06-01 10:04:34,5297.5,103551
2021-06-01 10:04:36,5298.0,103569
2021-06-01 10:04:37,5297.5,103579
2021-06-01 10:04:38,5297.5,103579
2021-06-01 10:04:38,5297.5,103579
2021-06-01 10:04:39,5298.0,103583
2021-06-01 10:04:40,5298.0,103583
2021-06-01 10:04:41,5298.0,103594
2021-06-01 10:04:42,5297.5,103619
2021-06-01 10:04:44,5298.0,103623
2021-06-01 10:04:45,5297.5,103638
2021-06-01 10:04:46,5297.5,103671
2021-06-01 10:04:46,5297.5,103671
2021-06-01 10:04:47,5297.5,103673
2021-06-01 10:04:48,5297.5,103673
2021-06-01 10:04:49,5297.5,103673
2021-06-01 10:04:50,5297.5,103702
2021-06-01 10:04:51,5297.2,103730
2021-06-01 10:04:52,5297.2,103730
2021-06-01 10:04:53,5297.2,103730
2021-06-01 10:04:54,5297.2,103730
2021-06-01 10:04:55,5297.2,103739
2021-06-01 10:04:56,5297.2,103739
2021-06-01 10:04:57,5297.2,103741
2021-06-01 10:04:59,5297.2,103741
2021-06-01 10:05:00,5297.2,103741
2021-06-01 10:05:01,5297.2,103741
2021-06-01 10:05:01,5297.2,103741
2021-06-01 10:05:02,5297.2,103746
2021-06-01 10:05:03,5297.5,103765
2021-06-01 10:05:04,5297.5,103810
2021-06-01 10:05:06,5297.2,103831
2021-06-01 10:05:08,5297.5,103872
2021-06-01 10:05:09,5297.5,103896
2021-06-01 10:05:10,5298.65,103957
2021-06-01 10:05:11,5298.65,103957
2021-06-01 10:05:12,5298.65,103957
2021-06-01 10:05:13,5298.65,103958
2021-06-01 10:05:14,5298.65,103962
2021-06-01 10:05:15,5299.0,103987
2021-06-01 10:05:15,5299.0,103987
2021-06-01 10:05:16,5299.0,103987
2021-06-01 10:05:17,5300.0,104261
2021-06-01 10:05:18,5300.0,104271
2021-06-01 10:05:19,5298.65,104372
2021-06-01 10:05:21,5297.15,104422
2021-06-01 10:05:22,5297.15,104422
2021-06-01 10:05:23,5297.15,104422
2021-06-01 10:05:24,5298.65,104470
2021-06-01 10:05:24,5298.65,104471
2021-06-01 10:05:26,5298.65,104471
2021-06-01 10:05:27,5298.65,104471
2021-06-01 10:05:28,5300.0,104599
2021-06-01 10:05:29,5300.0,104599
2021-06-01 10:05:30,5302.5,105451
2021-06-01 10:05:31,5302.5,105451
2021-06-01 10:05:32,5303.0,105469
2021-06-01 10:05:33,5303.0,105538
2021-06-01 10:05:35,5303.5,105767
2021-06-01 10:05:36,5303.5,105767
2021-06-01 10:05:37,5302.0,105891
2021-06-01 10:05:38,5301.35,105917
2021-06-01 10:05:38,5301.35,105917
2021-06-01 10:05:40,5302.0,106027
2021-06-01 10:05:42,5301.9,106030
2021-06-01 10:05:43,5301.9,106062
2021-06-01 10:05:44,5300.1,106063
2021-06-01 10:05:45,5300.0,106081
2021-06-01 10:05:46,5300.0,106081
2021-06-01 10:05:47,5300.0,106081
2021-06-01 10:05:47,5300.0,106081
2021-06-01 10:05:48,5299.0,106086
2021-06-01 10:05:50,5300.0,106206
2021-06-01 10:05:52,5300.0,106206
2021-06-01 10:05:53,5298.65,106222
2021-06-01 10:05:54,5299.65,106399
2021-06-01 10:05:55,5299.65,106399
2021-06-01 10:05:55,5299.65,106399
2021-06-01 10:05:56,5299.65,106399
2021-06-01 10:05:57,5299.65,106399
2021-06-01 10:05:58,5299.65,106399
2021-06-01 10:05:59,5300.0,106414
2021-06-01 10:06:00,5300.0,106439
2021-06-01 10:06:02,5300.0,106439
2021-06-01 10:06:03,5299.0,106441
2021-06-01 10:06:04,5299.0,106441
2021-06-01 10:06:05,5299.0,106441
2021-06-01 10:06:06,5298.95,106455
2021-06-01 10:06:07,5298.95,106455
2021-06-01 10:06:08,5299.0,106457
2021-06-01 10:06:09,5300.0,106490
2021-06-01 10:06:09,5300.0,106490
2021-06-01 10:06:10,5300.0,106490
2021-06-01 10:06:11,5298.0,106551
2021-06-01 10:06:13,5298.0,106551
2021-06-01 10:06:14,5300.0,106601
2021-06-01 10:06:14,5298.0,106551
2021-06-01 10:06:15,5300.0,106601
2021-06-01 10:06:16,5300.0,106619
2021-06-01 10:06:17,5300.0,106635
2021-06-01 10:06:18,5298.75,106654
2021-06-01 10:06:20,5300.0,106662
2021-06-01 10:06:21,5298.5,106667
2021-06-01 10:06:22,5298.5,106667
2021-06-01 10:06:23,5298.15,107167
2021-06-01 10:06:24,5300.0,107186
2021-06-01 10:06:25,5299.95,107187
2021-06-01 10:06:26,5298.5,107258
2021-06-01 10:06:26,5298.5,107258
2021-06-01 10:06:27,5301.0,107277
2021-06-01 10:06:28,5301.0,107277
2021-06-01 10:06:30,5298.5,107287
2021-06-01 10:06:31,5298.5,107287
2021-06-01 10:06:33,5299.95,107289
2021-06-01 10:06:34,5299.95,107289
2021-06-01 10:06:36,5299.95,107289
2021-06-01 10:06:35,5299.95,107289
2021-06-01 10:06:36,5299.95,107289
2021-06-01 10:06:37,5299.9,107291
2021-06-01 10:06:39,5299.9,107291
2021-06-01 10:06:39,5299.9,107294
2021-06-01 10:06:40,5299.9,107294
2021-06-01 10:06:42,5300.0,107324
2021-06-01 10:06:43,5300.0,107324
2021-06-01 10:06:44,5300.0,107324
2021-06-01 10:06:45,5300.0,107324
2021-06-01 10:06:46,5300.0,107324
2021-06-01 10:06:46,5299.9,107327
2021-06-01 10:06:49,5298.5,107366
2021-06-01 10:06:50,5298.5,107366
2021-06-01 10:06:51,5300.65,107376
2021-06-01 10:06:52,5300.65,107376
2021-06-01 10:06:52,5300.65,107376
2021-06-01 10:06:53,5299.0,107386
2021-06-01 10:06:54,5300.95,107390
2021-06-01 10:06:55,5300.95,107390
2021-06-01 10:06:57,5300.95,107390
2021-06-01 10:06:58,5300.9,107403
2021-06-01 10:06:59,5299.0,107404
2021-06-01 10:06:59,5301.0,107413
2021-06-01 10:07:00,5301.0,107413
2021-06-01 10:07:01,5301.0,107413
2021-06-01 10:07:02,5301.0,107413
2021-06-01 10:07:04,5301.0,107427
2021-06-01 10:07:05,5301.0,107427
2021-06-01 10:07:06,5300.95,107428
2021-06-01 10:07:07,5300.95,107431
2021-06-01 10:07:07,5300.95,107431
2021-06-01 10:07:08,5300.95,107431
2021-06-01 10:07:10,5302.0,107495
2021-06-01 10:07:11,5302.35,107806
2021-06-01 10:07:12,5303.5,107914
2021-06-01 10:07:13,5307.65,109801
2021-06-01 10:07:15,5308.1,109877
2021-06-01 10:07:16,5309.0,110367
2021-06-01 10:07:17,5307.95,110388
2021-06-01 10:07:18,5312.0,112249
2021-06-01 10:07:19,5311.95,112272
2021-06-01 10:07:20,5312.0,112375
2021-06-01 10:07:20,5310.0,112323
2021-06-01 10:07:21,5310.45,112614
2021-06-01 10:07:23,5308.05,112833
2021-06-01 10:07:24,5311.15,112943
2021-06-01 10:07:25,5312.05,113029
2021-06-01 10:07:26,5313.65,113077
2021-06-01 10:07:27,5314.55,113210
2021-06-01 10:07:27,5314.1,113182
2021-06-01 10:07:28,5314.4,113322
2021-06-01 10:07:30,5314.25,113351
2021-06-01 10:07:31,5312.55,113430
2021-06-01 10:07:32,5313.5,113436
2021-06-01 10:07:33,5312.45,113459
2021-06-01 10:07:34,5313.65,113460
2021-06-01 10:07:34,5313.65,113460
2021-06-01 10:07:36,5315.0,114085
2021-06-01 10:07:38,5314.65,114315
2021-06-01 10:07:39,5314.65,114348
2021-06-01 10:07:39,5313.5,114317
2021-06-01 10:07:40,5315.0,114408
2021-06-01 10:07:41,5313.5,114415
2021-06-01 10:07:42,5312.1,114429
2021-06-01 10:07:43,5314.0,114435
2021-06-01 10:07:45,5311.4,114536
2021-06-01 10:07:46,5314.0,114702
2021-06-01 10:07:47,5314.95,114713
2021-06-01 10:07:48,5313.65,114723
2021-06-01 10:07:49,5314.85,114783
2021-06-01 10:07:51,5315.0,114823
2021-06-01 10:07:52,5312.0,114993
2021-06-01 10:07:53,5312.5,115524
