timestamp,ltp,volume
2021-06-01 09:16:02,394.35,318324
2021-06-01 09:16:03,394.5,323638
2021-06-01 09:16:04,394.5,327588
2021-06-01 09:16:05,394.15,329236
2021-06-01 09:16:06,394.1,330713
2021-06-01 09:16:06,394.2,330813
2021-06-01 09:16:08,394.1,338758
2021-06-01 09:16:08,394.0,340004
2021-06-01 09:16:09,393.65,341236
2021-06-01 09:16:11,393.6,343688
2021-06-01 09:16:12,394.25,345494
2021-06-01 09:16:13,394.05,350797
2021-06-01 09:16:14,394.1,352781
2021-06-01 09:16:15,394.25,353699
2021-06-01 09:16:16,393.95,354647
2021-06-01 09:16:17,393.85,356462
2021-06-01 09:16:18,394.05,363744
2021-06-01 09:16:19,394.05,371988
2021-06-01 09:16:20,393.6,374505
2021-06-01 09:16:21,393.55,387026
2021-06-01 09:16:22,393.55,388171
2021-06-01 09:16:23,393.35,389832
2021-06-01 09:16:24,393.7,390330
2021-06-01 09:16:25,393.65,392486
2021-06-01 09:16:26,394.1,400552
2021-06-01 09:16:27,393.95,404004
2021-06-01 09:16:28,393.85,404072
2021-06-01 09:16:29,393.95,404345
2021-06-01 09:16:30,394.05,405625
2021-06-01 09:16:31,393.7,405797
2021-06-01 09:16:32,394.0,407902
2021-06-01 09:16:33,394.1,410631
2021-06-01 09:16:34,394.15,411373
2021-06-01 09:16:35,394.25,414534
2021-06-01 09:16:36,394.3,415335
2021-06-01 09:16:37,394.2,415960
2021-06-01 09:16:38,394.35,417651
2021-06-01 09:16:39,394.35,419758
2021-06-01 09:16:40,394.35,420720
2021-06-01 09:16:41,394.3,421605
2021-06-01 09:16:42,394.3,421762
2021-06-01 09:16:43,394.35,422705
2021-06-01 09:16:44,394.35,423512
2021-06-01 09:16:45,394.35,423522
2021-06-01 09:16:46,394.35,424640
2021-06-01 09:16:47,394.4,429763
2021-06-01 09:16:47,394.3,430213
2021-06-01 09:16:49,393.8,434065
2021-06-01 09:16:50,394.1,434170
2021-06-01 09:16:51,393.75,435414
2021-06-01 09:16:52,393.75,436014
2021-06-01 09:16:53,393.85,436473
2021-06-01 09:16:54,393.95,437069
2021-06-01 09:16:55,393.85,437164
2021-06-01 09:16:56,394.0,437721
2021-06-01 09:16:57,393.85,437823
2021-06-01 09:16:58,393.8,438498
2021-06-01 09:16:59,394.0,439675
2021-06-01 09:16:59,394.0,439700
2021-06-01 09:17:00,393.7,476335
2021-06-01 09:17:01,393.55,477793
2021-06-01 09:17:02,393.55,482047
2021-06-01 09:17:03,393.45,482730
2021-06-01 09:17:04,393.55,482790
2021-06-01 09:17:05,393.6,482801
2021-06-01 09:17:06,393.3,486370
2021-06-01 09:17:08,393.55,493894
2021-06-01 09:17:08,393.45,494007
2021-06-01 09:17:09,393.55,495788
2021-06-01 09:17:10,393.35,500181
2021-06-01 09:17:11,393.15,500781
2021-06-01 09:17:12,393.35,501181
2021-06-01 09:17:14,393.2,501739
2021-06-01 09:17:15,393.4,502435
2021-06-01 09:17:16,393.15,503590
2021-06-01 09:17:17,393.0,521738
2021-06-01 09:17:18,393.1,522350
2021-06-01 09:17:19,393.15,523805
2021-06-01 09:17:20,393.0,524005
2021-06-01 09:17:20,393.15,524258
2021-06-01 09:17:22,393.0,526550
2021-06-01 09:17:23,393.4,528715
2021-06-01 09:17:24,393.4,533850
2021-06-01 09:17:25,393.0,541741
2021-06-01 09:17:26,393.3,542725
2021-06-01 09:17:27,393.6,543546
2021-06-01 09:17:28,393.3,543747
2021-06-01 09:17:29,393.2,544284
2021-06-01 09:17:30,393.35,544741
2021-06-01 09:17:31,393.35,545117
2021-06-01 09:17:32,393.1,546726
2021-06-01 09:17:33,393.5,547765
2021-06-01 09:17:34,393.45,548534
2021-06-01 09:17:35,393.6,551088
2021-06-01 09:17:36,393.6,551333
2021-06-01 09:17:37,393.55,555275
2021-06-01 09:17:38,393.5,555775
2021-06-01 09:17:39,393.55,556077
2021-06-01 09:17:40,393.6,556344
2021-06-01 09:17:41,393.5,556674
2021-06-01 09:17:42,393.5,558184
2021-06-01 09:17:43,393.6,558556
2021-06-01 09:17:44,393.7,559861
2021-06-01 09:17:45,393.9,559885
2021-06-01 09:17:46,393.5,562053
2021-06-01 09:17:47,393.45,562918
2021-06-01 09:17:48,393.5,564715
2021-06-01 09:17:49,393.5,565847
2021-06-01 09:17:50,393.45,566071
2021-06-01 09:17:51,393.45,566345
2021-06-01 09:17:52,393.4,566448
2021-06-01 09:17:53,393.6,567545
2021-06-01 09:17:54,393.65,567810
2021-06-01 09:17:55,393.55,569850
2021-06-01 09:17:56,393.55,569926
2021-06-01 09:17:57,393.6,570026
2021-06-01 09:17:58,393.55,570082
2021-06-01 09:17:59,393.5,570814
2021-06-01 09:18:00,393.6,570880
2021-06-01 09:18:01,393.25,578211
2021-06-01 09:18:02,393.25,579460
2021-06-01 09:18:03,392.8,603356
2021-06-01 09:18:04,392.95,603592
2021-06-01 09:18:05,392.6,609375
2021-06-01 09:18:06,392.7,609605
2021-06-01 09:18:07,392.6,615574
2021-06-01 09:18:08,392.6,615574
2021-06-01 09:18:09,392.45,617481
2021-06-01 09:18:10,392.4,628405
2021-06-01 09:18:11,392.7,630264
2021-06-01 09:18:12,392.5,630830
2021-06-01 09:18:14,392.6,638109
2021-06-01 09:18:15,392.9,638870
2021-06-01 09:18:16,392.8,639669
2021-06-01 09:18:17,392.85,640005
2021-06-01 09:18:18,393.0,640210
2021-06-01 09:18:19,392.85,641968
2021-06-01 09:18:20,393.1,643397
2021-06-01 09:18:22,392.75,644477
2021-06-01 09:18:21,392.9,643959
2021-06-01 09:18:23,392.75,644477
2021-06-01 09:18:24,392.9,646133
2021-06-01 09:18:25,392.6,648856
2021-06-01 09:18:26,392.8,650328
2021-06-01 09:18:27,392.95,653075
2021-06-01 09:18:28,392.85,653221
2021-06-01 09:18:29,393.25,656392
2021-06-01 09:18:30,393.1,656709
2021-06-01 09:18:31,393.3,656927
2021-06-01 09:18:32,392.85,659041
2021-06-01 09:18:33,393.0,659401
2021-06-01 09:18:34,392.95,660060
2021-06-01 09:18:35,392.85,664707
2021-06-01 09:18:36,392.55,664834
2021-06-01 09:18:37,392.7,665505
2021-06-01 09:18:38,392.75,665939
2021-06-01 09:18:39,392.8,668236
2021-06-01 09:18:40,393.05,669108
2021-06-01 09:18:41,393.1,669848
2021-06-01 09:18:42,393.3,669971
2021-06-01 09:18:43,393.1,672823
2021-06-01 09:18:44,393.3,672923
2021-06-01 09:18:45,393.0,675793
2021-06-01 09:18:46,393.15,676769
2021-06-01 09:18:47,393.25,677189
2021-06-01 09:18:48,393.55,680227
2021-06-01 09:18:49,393.5,680296
2021-06-01 09:18:50,393.5,680326
2021-06-01 09:18:51,393.5,680326
2021-06-01 09:18:52,393.75,680779
2021-06-01 09:18:53,393.7,681029
2021-06-01 09:18:54,393.9,682264
2021-06-01 09:18:55,393.75,682279
2021-06-01 09:18:56,393.7,682425
2021-06-01 09:18:57,393.7,684510
2021-06-01 09:18:58,393.45,684711
2021-06-01 09:18:59,393.45,684711
2021-06-01 09:19:00,393.5,685461
2021-06-01 09:19:01,393.45,693031
2021-06-01 09:19:02,393.3,693525
2021-06-01 09:19:03,393.45,693619
2021-06-01 09:19:04,392.95,703234
2021-06-01 09:19:05,393.4,705654
2021-06-01 09:19:06,393.15,705901
2021-06-01 09:19:07,393.3,706451
2021-06-01 09:19:08,393.3,706601
2021-06-01 09:19:09,393.3,706601
2021-06-01 09:19:11,393.5,707687
2021-06-01 09:19:12,393.5,707687
2021-06-01 09:19:13,393.45,708123
2021-06-01 09:19:15,393.45,712541
2021-06-01 09:19:16,393.5,714366
2021-06-01 09:19:17,393.1,716366
2021-06-01 09:19:18,393.0,719790
2021-06-01 09:19:19,392.95,720083
2021-06-01 09:19:20,392.9,720096
2021-06-01 09:19:21,392.85,720848
2021-06-01 09:19:22,392.55,730960
2021-06-01 09:19:23,392.7,731326
2021-06-01 09:19:24,392.8,732026
2021-06-01 09:19:25,392.8,732026
2021-06-01 09:19:26,392.75,732116
2021-06-01 09:19:27,392.75,732166
2021-06-01 09:19:28,393.05,734167
2021-06-01 09:19:29,392.85,734425
2021-06-01 09:19:30,392.8,734850
2021-06-01 09:19:31,392.8,735342
2021-06-01 09:19:32,392.6,738132
2021-06-01 09:19:33,392.6,738132
2021-06-01 09:19:34,392.8,738157
2021-06-01 09:19:35,392.7,738887
2021-06-01 09:19:37,392.55,740270
2021-06-01 09:19:37,392.55,740270
2021-06-01 09:19:38,392.8,744612
2021-06-01 09:19:39,392.35,762332
2021-06-01 09:19:40,392.35,762539
2021-06-01 09:19:41,392.15,788249
2021-06-01 09:19:43,392.15,791592
2021-06-01 09:19:42,392.15,791592
2021-06-01 09:19:44,392.15,791613
2021-06-01 09:19:45,392.2,791911
2021-06-01 09:19:46,392.45,793127
2021-06-01 09:19:48,392.25,793677
2021-06-01 09:19:48,392.25,793677
2021-06-01 09:19:49,392.5,795187
2021-06-01 09:19:50,392.6,795247
2021-06-01 09:19:51,392.7,795435
2021-06-01 09:19:52,392.45,796080
2021-06-01 09:19:53,392.7,796099
2021-06-01 09:19:54,392.45,799354
2021-06-01 09:19:55,392.45,801834
2021-06-01 09:19:56,392.6,801960
2021-06-01 09:19:57,392.5,802752
2021-06-01 09:19:58,392.7,802995
2021-06-01 09:19:59,392.6,805312
2021-06-01 09:20:00,392.45,812763
2021-06-01 09:20:01,392.3,813798
2021-06-01 09:20:02,392.3,814561
2021-06-01 09:20:03,392.5,814895
2021-06-01 09:20:04,392.35,822372
2021-06-01 09:20:06,392.35,822764
2021-06-01 09:20:07,392.25,823064
2021-06-01 09:20:07,392.35,823074
2021-06-01 09:20:08,392.3,826728
2021-06-01 09:20:09,392.35,827363
2021-06-01 09:20:10,392.35,831314
2021-06-01 09:20:11,392.45,831363
2021-06-01 09:20:12,392.45,831453
2021-06-01 09:20:13,392.25,831668
2021-06-01 09:20:14,392.5,831846
2021-06-01 09:20:15,392.5,832479
2021-06-01 09:20:16,392.45,832769
2021-06-01 09:20:17,392.35,833294
2021-06-01 09:20:18,392.2,835131
2021-06-01 09:20:19,392.25,835387
2021-06-01 09:20:20,392.1,838056
2021-06-01 09:20:21,392.1,838268
2021-06-01 09:20:22,392.15,841642
2021-06-01 09:20:23,392.3,842515
2021-06-01 09:20:24,391.95,843574
2021-06-01 09:20:25,392.55,846497
2021-06-01 09:20:26,392.6,846748
2021-06-01 09:20:27,392.45,847503
2021-06-01 09:20:28,392.6,847803
2021-06-01 09:20:29,392.35,847973
2021-06-01 09:20:30,392.45,848003
2021-06-01 09:20:31,392.45,852098
2021-06-01 09:20:32,392.6,854654
2021-06-01 09:20:33,392.45,854854
2021-06-01 09:20:34,392.55,856453
2021-06-01 09:20:35,392.55,856856
2021-06-01 09:20:36,392.4,860352
2021-06-01 09:20:37,392.45,860468
2021-06-01 09:20:38,392.7,860714
2021-06-01 09:20:39,392.45,860841
2021-06-01 09:20:40,392.45,860879
2021-06-01 09:20:42,392.45,861579
2021-06-01 09:20:42,392.45,861681
2021-06-01 09:20:43,392.6,862231
2021-06-01 09:20:44,392.65,862431
2021-06-01 09:20:45,392.6,862781
2021-06-01 09:20:46,392.35,863810
2021-06-01 09:20:47,392.6,864341
2021-06-01 09:20:48,392.6,864341
2021-06-01 09:20:49,392.9,864585
2021-06-01 09:20:50,392.8,865287
2021-06-01 09:20:51,392.85,865494
2021-06-01 09:20:52,392.6,867044
2021-06-01 09:20:53,392.9,868155
2021-06-01 09:20:54,392.7,870305
2021-06-01 09:20:55,392.75,870356
2021-06-01 09:20:56,392.9,870457
2021-06-01 09:20:57,392.9,871212
2021-06-01 09:20:58,392.95,871742
2021-06-01 09:20:59,392.75,872517
2021-06-01 09:21:00,392.65,873318
2021-06-01 09:21:02,392.75,874609
2021-06-01 09:21:03,392.9,875940
2021-06-01 09:21:04,392.85,876701
2021-06-01 09:21:06,392.85,877158
2021-06-01 09:21:07,392.7,877709
2021-06-01 09:21:07,392.7,877899
2021-06-01 09:21:08,392.65,879384
2021-06-01 09:21:10,392.75,879408
2021-06-01 09:21:10,392.75,879408
2021-06-01 09:21:11,392.8,880351
2021-06-01 09:21:12,392.3,889544
2021-06-01 09:21:13,392.35,889817
2021-06-01 09:21:14,392.4,890325
2021-06-01 09:21:15,392.6,893005
2021-06-01 09:21:16,392.65,894385
2021-06-01 09:21:17,392.8,897145
2021-06-01 09:21:18,392.8,897145
2021-06-01 09:21:19,392.7,897236
2021-06-01 09:21:20,392.7,897337
2021-06-01 09:21:21,392.7,897487
2021-06-01 09:21:22,392.7,897538
2021-06-01 09:21:23,392.5,900024
2021-06-01 09:21:24,392.5,900531
2021-06-01 09:21:25,392.4,900931
2021-06-01 09:21:26,392.1,907578
2021-06-01 09:21:27,392.2,907881
2021-06-01 09:21:28,392.25,907883
2021-06-01 09:21:29,392.25,908604
2021-06-01 09:21:31,392.0,921735
2021-06-01 09:21:31,391.8,919701
2021-06-01 09:21:32,392.0,922339
2021-06-01 09:21:33,392.05,923205
2021-06-01 09:21:34,392.05,923290
2021-06-01 09:21:35,391.85,923340
2021-06-01 09:21:36,392.0,923457
2021-06-01 09:21:37,392.0,923728
2021-06-01 09:21:38,392.0,923888
2021-06-01 09:21:39,391.85,924048
2021-06-01 09:21:40,392.0,924103
2021-06-01 09:21:41,391.85,924320
2021-06-01 09:21:44,391.85,927863
2021-06-01 09:21:46,391.9,928499
2021-06-01 09:21:47,391.95,929514
2021-06-01 09:21:48,392.0,934289
2021-06-01 09:21:49,392.05,934440
2021-06-01 09:21:49,391.95,934873
2021-06-01 09:21:51,392.1,935635
2021-06-01 09:21:51,392.2,937038
2021-06-01 09:21:52,392.15,937118
2021-06-01 09:21:53,392.25,937122
2021-06-01 09:21:54,392.0,937963
2021-06-01 09:21:55,392.05,938806
2021-06-01 09:21:56,392.05,939516
2021-06-01 09:21:57,391.75,942657
2021-06-01 09:21:58,391.75,942828
2021-06-01 09:21:59,391.95,943390
2021-06-01 09:22:00,391.95,943465
2021-06-01 09:22:01,392.0,943570
2021-06-01 09:22:02,392.05,943802
2021-06-01 09:22:03,392.1,943852
2021-06-01 09:22:04,391.9,944945
2021-06-01 09:22:05,391.95,947236
2021-06-01 09:22:06,392.2,947565
2021-06-01 09:22:07,392.05,947812
2021-06-01 09:22:08,392.05,947872
2021-06-01 09:22:10,392.15,950234
2021-06-01 09:22:15,392.3,954646
2021-06-01 09:22:16,392.3,956494
2021-06-01 09:22:17,392.5,956694
2021-06-01 09:22:18,392.5,957194
2021-06-01 09:22:19,392.5,957800
2021-06-01 09:22:20,392.45,958090
2021-06-01 09:22:21,392.3,958308
2021-06-01 09:22:22,392.35,958328
2021-06-01 09:22:23,392.15,959028
2021-06-01 09:22:25,392.3,959726
2021-06-01 09:22:26,392.25,962366
2021-06-01 09:22:27,392.1,962491
2021-06-01 09:22:28,392.3,962896
2021-06-01 09:22:29,392.1,963206
2021-06-01 09:22:30,392.1,963671
2021-06-01 09:22:31,392.1,963797
2021-06-01 09:22:32,392.2,963812
2021-06-01 09:22:33,392.2,963914
2021-06-01 09:22:34,392.3,964019
2021-06-01 09:22:35,392.35,966407
2021-06-01 09:22:36,392.35,966432
2021-06-01 09:22:37,392.3,966704
2021-06-01 09:22:39,392.5,972808
2021-06-01 09:22:40,392.35,973163
2021-06-01 09:22:41,392.35,973623
2021-06-01 09:22:42,392.35,973648
2021-06-01 09:22:43,392.5,982409
2021-06-01 09:22:44,392.5,982409
2021-06-01 09:22:45,392.7,982504
2021-06-01 09:22:46,392.7,983706
2021-06-01 09:22:47,392.7,983706
2021-06-01 09:22:50,392.85,985027
2021-06-01 09:22:51,392.85,985027
2021-06-01 09:22:52,392.85,985027
2021-06-01 09:22:53,392.9,985777
2021-06-01 09:22:54,393.0,985779
2021-06-01 09:22:55,392.9,985881
2021-06-01 09:22:56,393.0,999744
2021-06-01 09:22:57,392.85,1002473
2021-06-01 09:22:58,392.95,1003474
2021-06-01 09:22:59,393.15,1003974
2021-06-01 09:23:00,393.0,1004262
2021-06-01 09:23:01,393.05,1006736
2021-06-01 09:23:02,392.8,1007144
2021-06-01 09:23:03,393.1,1009051
2021-06-01 09:23:04,392.7,1018148
2021-06-01 09:23:05,392.45,1019638
2021-06-01 09:23:06,392.55,1019860
2021-06-01 09:23:07,392.4,1036407
2021-06-01 09:23:08,392.35,1038975
2021-06-01 09:23:09,392.5,1041863
2021-06-01 09:23:10,392.5,1042388
2021-06-01 09:23:11,392.35,1042593
2021-06-01 09:23:12,392.45,1043606
2021-06-01 09:23:13,392.4,1044162
2021-06-01 09:23:14,392.4,1044162
2021-06-01 09:23:15,392.4,1044192
2021-06-01 09:23:17,392.4,1045912
2021-06-01 09:23:18,392.15,1056382
2021-06-01 09:23:19,392.05,1058259
2021-06-01 09:23:20,392.0,1058585
2021-06-01 09:23:21,392.05,1058635
2021-06-01 09:23:22,392.15,1062304
2021-06-01 09:23:23,392.0,1062965
2021-06-01 09:23:24,392.0,1064965
2021-06-01 09:23:25,392.0,1067791
2021-06-01 09:23:26,392.2,1068673
2021-06-01 09:23:27,392.15,1068772
2021-06-01 09:23:28,392.25,1068803
2021-06-01 09:23:29,392.4,1069854
2021-06-01 09:23:30,392.15,1069914
2021-06-01 09:23:31,392.05,1072596
2021-06-01 09:23:32,391.95,1091085
2021-06-01 09:23:33,391.95,1094716
2021-06-01 09:23:34,392.1,1095955
2021-06-01 09:23:35,391.85,1096550
2021-06-01 09:23:36,391.85,1096550
2021-06-01 09:23:37,392.15,1098085
2021-06-01 09:23:38,392.15,1098092
2021-06-01 09:23:39,392.35,1098499
2021-06-01 09:23:40,392.15,1100501
2021-06-01 09:23:41,392.2,1100522
2021-06-01 09:23:42,392.2,1101522
2021-06-01 09:23:43,392.35,1101772
2021-06-01 09:23:44,392.35,1101841
2021-06-01 09:23:45,392.25,1101943
2021-06-01 09:23:46,392.3,1102822
2021-06-01 09:23:47,392.35,1104747
2021-06-01 09:23:48,392.2,1105103
2021-06-01 09:23:49,392.2,1105103
2021-06-01 09:23:50,392.35,1105644
2021-06-01 09:23:51,392.75,1107153
2021-06-01 09:23:52,392.6,1107353
2021-06-01 09:23:53,392.6,1107353
2021-06-01 09:23:54,392.7,1107618
2021-06-01 09:23:55,392.7,1107618
2021-06-01 09:23:56,392.7,1107618
2021-06-01 09:23:57,392.6,1108028
2021-06-01 09:23:58,392.75,1108073
2021-06-01 09:23:59,392.75,1108073
2021-06-01 09:24:00,392.7,1108213
2021-06-01 09:24:01,392.7,1108213
2021-06-01 09:24:02,392.8,1108314
2021-06-01 09:24:03,392.7,1108329
2021-06-01 09:24:04,392.7,1108334
2021-06-01 09:24:05,392.85,1108352
2021-06-01 09:24:06,392.9,1108457
2021-06-01 09:24:07,392.75,1108707
2021-06-01 09:24:08,392.7,1108709
2021-06-01 09:24:09,392.7,1108709
2021-06-01 09:24:10,392.75,1109087
2021-06-01 09:24:12,392.75,1110188
2021-06-01 09:24:13,392.75,1110189
2021-06-01 09:24:14,392.75,1110289
2021-06-01 09:24:15,392.75,1110289
2021-06-01 09:24:16,392.8,1110320
2021-06-01 09:24:17,392.8,1110342
2021-06-01 09:24:18,392.8,1110348
2021-06-01 09:24:19,392.8,1110348
2021-06-01 09:24:19,392.8,1110348
2021-06-01 09:24:20,393.0,1111477
2021-06-01 09:24:22,392.9,1111507
2021-06-01 09:24:23,392.8,1111522
2021-06-01 09:24:24,392.95,1111542
2021-06-01 09:24:25,392.95,1111647
2021-06-01 09:24:26,392.9,1111702
2021-06-01 09:24:26,392.95,1111847
2021-06-01 09:24:27,392.95,1111847
2021-06-01 09:24:28,392.9,1111858
2021-06-01 09:24:29,392.9,1111964
2021-06-01 09:24:30,392.95,1112260
2021-06-01 09:24:31,392.95,1113317
2021-06-01 09:24:32,392.95,1113329
2021-06-01 09:24:33,393.0,1114329
2021-06-01 09:24:34,393.0,1114622
2021-06-01 09:24:35,393.0,1114766
2021-06-01 09:24:36,393.15,1123721
2021-06-01 09:24:37,393.2,1123821
2021-06-01 09:24:38,393.3,1124471
2021-06-01 09:24:39,393.35,1125573
2021-06-01 09:24:40,393.3,1125726
2021-06-01 09:24:41,393.3,1125746
2021-06-01 09:24:43,393.2,1125872
2021-06-01 09:24:44,393.3,1125982
2021-06-01 09:24:45,393.2,1126299
2021-06-01 09:24:46,393.3,1127616
2021-06-01 09:24:47,393.3,1129092
2021-06-01 09:24:48,393.35,1129178
2021-06-01 09:24:48,393.35,1130209
2021-06-01 09:24:49,393.25,1130509
2021-06-01 09:24:50,393.2,1133659
2021-06-01 09:24:51,393.2,1133670
2021-06-01 09:24:52,393.2,1133759
2021-06-01 09:24:53,393.2,1133955
2021-06-01 09:24:54,393.3,1134055
2021-06-01 09:24:55,393.05,1134555
2021-06-01 09:24:56,393.15,1134953
2021-06-01 09:24:57,393.35,1136665
2021-06-01 09:24:58,393.25,1136875
2021-06-01 09:25:00,393.2,1139510
2021-06-01 09:25:00,393.5,1144787
2021-06-01 09:25:01,393.55,1144797
2021-06-01 09:25:02,393.35,1145061
2021-06-01 09:25:03,393.35,1146102
2021-06-01 09:25:05,393.5,1147129
2021-06-01 09:25:05,393.55,1147890
2021-06-01 09:25:06,393.5,1147917
2021-06-01 09:25:07,393.7,1149997
2021-06-01 09:25:09,393.5,1153877
2021-06-01 09:25:10,393.5,1154803
2021-06-01 09:25:11,393.35,1155128
2021-06-01 09:25:12,393.5,1155249
2021-06-01 09:25:13,393.5,1163826
2021-06-01 09:25:13,393.5,1163826
2021-06-01 09:25:14,393.8,1165769
2021-06-01 09:25:17,393.6,1166176
2021-06-01 09:25:18,393.65,1166429
2021-06-01 09:25:19,393.75,1166508
2021-06-01 09:25:20,393.8,1166773
2021-06-01 09:25:21,393.75,1166911
2021-06-01 09:25:22,393.65,1167560
2021-06-01 09:25:23,393.6,1167841
2021-06-01 09:25:24,393.6,1168445
2021-06-01 09:25:25,393.55,1172379
2021-06-01 09:25:26,393.55,1174312
2021-06-01 09:25:27,393.45,1184627
2021-06-01 09:25:29,393.1,1185780
2021-06-01 09:25:30,393.1,1186169
2021-06-01 09:25:31,393.0,1186907
2021-06-01 09:25:32,393.1,1187632
2021-06-01 09:25:33,393.0,1187847
2021-06-01 09:25:34,393.1,1187859
2021-06-01 09:25:35,393.1,1187940
2021-06-01 09:25:36,393.25,1189240
2021-06-01 09:25:37,393.2,1189707
2021-06-01 09:25:38,393.0,1190725
2021-06-01 09:25:39,393.3,1191549
2021-06-01 09:25:40,393.25,1193124
2021-06-01 09:25:41,393.0,1193324
2021-06-01 09:25:42,393.3,1193358
2021-06-01 09:25:43,393.35,1193773
2021-06-01 09:25:44,393.35,1194137
2021-06-01 09:25:45,393.35,1195407
2021-06-01 09:25:46,393.4,1196075
2021-06-01 09:25:47,393.4,1196090
2021-06-01 09:25:50,393.4,1196411
2021-06-01 09:25:51,393.45,1196749
2021-06-01 09:25:53,393.25,1197300
2021-06-01 09:25:54,393.4,1198045
2021-06-01 09:25:55,393.3,1198049
2021-06-01 09:25:56,393.3,1198049
2021-06-01 09:25:57,393.35,1198099
2021-06-01 09:25:58,393.15,1198149
2021-06-01 09:25:59,393.35,1198150
2021-06-01 09:26:00,393.3,1198662
2021-06-01 09:26:01,393.1,1198762
2021-06-01 09:26:02,393.15,1198837
2021-06-01 09:26:03,393.3,1199018
2021-06-01 09:26:04,393.25,1199119
2021-06-01 09:26:05,393.25,1199319
2021-06-01 09:26:06,393.15,1199620
2021-06-01 09:26:07,393.15,1199620
2021-06-01 09:26:07,393.3,1199728
2021-06-01 09:26:08,393.15,1200033
2021-06-01 09:26:09,393.3,1200140
2021-06-01 09:26:10,393.3,1200140
2021-06-01 09:26:11,393.25,1200260
2021-06-01 09:26:12,393.25,1200460
2021-06-01 09:26:13,393.25,1200461
2021-06-01 09:26:14,393.2,1200566
2021-06-01 09:26:16,393.25,1202537
2021-06-01 09:26:17,393.3,1203152
2021-06-01 09:26:18,393.25,1203226
2021-06-01 09:26:19,393.25,1203939
2021-06-01 09:26:20,393.25,1204941
2021-06-01 09:26:21,393.25,1204957
2021-06-01 09:26:22,393.1,1205157
2021-06-01 09:26:23,393.25,1205207
2021-06-01 09:26:24,393.15,1211513
2021-06-01 09:26:25,393.0,1220523
2021-06-01 09:26:26,393.0,1224892
2021-06-01 09:26:27,393.0,1229133
2021-06-01 09:26:28,392.75,1232839
2021-06-01 09:26:29,392.9,1233419
2021-06-01 09:26:30,392.9,1233434
2021-06-01 09:26:31,392.75,1235584
2021-06-01 09:26:32,392.9,1236177
2021-06-01 09:26:33,392.9,1236189
2021-06-01 09:26:34,392.9,1236239
2021-06-01 09:26:35,392.9,1236246
2021-06-01 09:26:36,392.75,1236472
2021-06-01 09:26:37,392.7,1236680
2021-06-01 09:26:38,392.7,1236680
2021-06-01 09:26:39,392.75,1237185
2021-06-01 09:26:40,392.75,1237185
2021-06-01 09:26:41,392.75,1237195
2021-06-01 09:26:41,392.7,1238095
2021-06-01 09:26:44,392.7,1242213
2021-06-01 09:26:45,392.7,1242233
2021-06-01 09:26:46,392.7,1242238
2021-06-01 09:26:47,392.55,1242283
2021-06-01 09:26:48,392.7,1242295
2021-06-01 09:26:49,392.6,1242296
2021-06-01 09:26:50,392.6,1242328
2021-06-01 09:26:51,392.55,1242508
2021-06-01 09:26:52,392.6,1243793
2021-06-01 09:26:53,392.7,1246356
2021-06-01 09:26:54,392.65,1246456
2021-06-01 09:26:55,392.65,1246456
2021-06-01 09:26:56,392.75,1247038
2021-06-01 09:26:57,392.75,1247038
2021-06-01 09:26:58,392.75,1247791
2021-06-01 09:26:59,392.75,1248509
2021-06-01 09:27:00,392.9,1248774
2021-06-01 09:27:01,392.75,1249327
2021-06-01 09:27:02,392.85,1249339
2021-06-01 09:27:03,392.75,1249344
2021-06-01 09:27:04,393.0,1250701
2021-06-01 09:27:05,393.0,1250701
2021-06-01 09:27:06,392.9,1250702
2021-06-01 09:27:07,392.9,1250702
2021-06-01 09:27:08,392.9,1250812
2021-06-01 09:27:09,392.9,1251162
2021-06-01 09:27:10,392.95,1251598
2021-06-01 09:27:11,393.0,1253513
2021-06-01 09:27:12,393.0,1253795
2021-06-01 09:27:13,393.0,1253926
2021-06-01 09:27:14,392.95,1254007
2021-06-01 09:27:14,392.95,1254007
2021-06-01 09:27:15,393.0,1254017
2021-06-01 09:27:16,392.9,1254314
2021-06-01 09:27:18,392.9,1254459
2021-06-01 09:27:19,393.0,1254513
2021-06-01 09:27:20,392.8,1254917
2021-06-01 09:27:20,392.9,1254867
2021-06-01 09:27:22,392.9,1257402
2021-06-01 09:27:23,392.85,1257472
2021-06-01 09:27:24,392.75,1259172
2021-06-01 09:27:25,392.65,1259392
2021-06-01 09:27:26,392.8,1259713
2021-06-01 09:27:27,392.8,1259832
2021-06-01 09:27:28,392.85,1259842
2021-06-01 09:27:29,392.85,1259842
2021-06-01 09:27:30,392.85,1259902
2021-06-01 09:27:31,392.85,1259902
2021-06-01 09:27:32,392.95,1260904
2021-06-01 09:27:33,393.0,1261416
2021-06-01 09:27:34,393.0,1261416
2021-06-01 09:27:35,393.0,1261426
2021-06-01 09:27:36,392.95,1261677
2021-06-01 09:27:37,392.95,1261699
2021-06-01 09:27:38,392.95,1261701
2021-06-01 09:27:39,392.75,1261706
2021-06-01 09:27:40,392.9,1261807
2021-06-01 09:27:41,392.95,1263682
2021-06-01 09:27:42,392.75,1264907
2021-06-01 09:27:43,392.6,1266374
2021-06-01 09:27:44,392.6,1266377
2021-06-01 09:27:45,392.6,1270953
2021-06-01 09:27:46,392.45,1276639
2021-06-01 09:27:47,392.3,1277475
2021-06-01 09:27:48,392.35,1280275
2021-06-01 09:27:49,392.5,1280325
2021-06-01 09:27:50,392.3,1280335
2021-06-01 09:27:51,392.3,1280338
2021-06-01 09:27:52,392.35,1281354
2021-06-01 09:27:53,392.3,1281789
2021-06-01 09:27:54,392.1,1305611
2021-06-01 09:27:55,392.05,1308976
2021-06-01 09:27:56,392.1,1309575
2021-06-01 09:27:57,391.95,1309825
2021-06-01 09:27:58,392.05,1311597
2021-06-01 09:27:59,392.05,1311642
2021-06-01 09:28:00,392.1,1312172
2021-06-01 09:28:01,392.05,1312272
2021-06-01 09:28:02,392.35,1314288
2021-06-01 09:28:03,392.6,1314788
2021-06-01 09:28:04,392.3,1314838
2021-06-01 09:28:05,392.3,1314838
2021-06-01 09:28:06,392.3,1314838
2021-06-01 09:28:07,392.2,1314929
2021-06-01 09:28:08,392.3,1314932
2021-06-01 09:28:09,392.3,1314932
2021-06-01 09:28:10,392.2,1315627
2021-06-01 09:28:11,392.3,1315923
2021-06-01 09:28:13,392.05,1319968
2021-06-01 09:28:14,392.05,1321100
2021-06-01 09:28:15,391.75,1323790
2021-06-01 09:28:16,391.75,1323790
2021-06-01 09:28:17,391.8,1324574
2021-06-01 09:28:18,391.8,1324821
2021-06-01 09:28:19,392.0,1326616
2021-06-01 09:28:20,391.75,1328616
2021-06-01 09:28:21,391.75,1330499
2021-06-01 09:28:22,391.75,1331301
2021-06-01 09:28:23,391.75,1331951
2021-06-01 09:28:24,391.9,1331953
2021-06-01 09:28:25,391.8,1332016
2021-06-01 09:28:26,391.8,1332121
2021-06-01 09:28:27,391.8,1332181
2021-06-01 09:28:28,391.85,1335221
2021-06-01 09:28:29,391.65,1335571
2021-06-01 09:28:30,391.75,1335622
2021-06-01 09:28:31,391.85,1336215
2021-06-01 09:28:32,391.9,1337215
2021-06-01 09:28:33,391.75,1337221
2021-06-01 09:28:34,391.95,1339731
2021-06-01 09:28:35,392.0,1341231
2021-06-01 09:28:36,391.75,1341252
2021-06-01 09:28:37,391.75,1341254
2021-06-01 09:28:38,391.8,1342594
2021-06-01 09:28:39,391.85,1347030
2021-06-01 09:28:40,391.65,1354268
2021-06-01 09:28:41,391.7,1355383
2021-06-01 09:28:42,391.65,1355694
2021-06-01 09:28:43,391.7,1356028
2021-06-01 09:28:45,391.7,1356682
2021-06-01 09:28:44,391.7,1356182
2021-06-01 09:28:46,391.75,1357028
2021-06-01 09:28:47,391.65,1357154
2021-06-01 09:28:49,391.85,1358566
2021-06-01 09:28:50,391.65,1358590
2021-06-01 09:28:51,391.9,1358822
2021-06-01 09:28:52,391.85,1358927
2021-06-01 09:28:53,391.9,1359128
2021-06-01 09:28:54,391.85,1359378
2021-06-01 09:28:55,391.85,1359471
2021-06-01 09:28:56,391.85,1359522
2021-06-01 09:28:57,391.85,1360005
2021-06-01 09:28:58,391.85,1360005
2021-06-01 09:28:59,391.85,1360255
2021-06-01 09:29:00,391.7,1363422
2021-06-01 09:29:01,391.7,1363510
2021-06-01 09:29:02,391.7,1363510
2021-06-01 09:29:03,391.85,1363635
2021-06-01 09:29:04,391.7,1364217
2021-06-01 09:29:05,391.85,1364517
2021-06-01 09:29:06,391.85,1364660
2021-06-01 09:29:07,391.85,1365185
2021-06-01 09:29:08,391.85,1365185
2021-06-01 09:29:09,391.75,1365223
2021-06-01 09:29:10,391.85,1365423
2021-06-01 09:29:11,391.9,1366123
2021-06-01 09:29:12,391.8,1372764
2021-06-01 09:29:13,391.7,1373466
2021-06-01 09:29:14,391.75,1373696
2021-06-01 09:29:15,391.7,1374327
2021-06-01 09:29:17,391.7,1377327
2021-06-01 09:29:18,391.8,1378365
2021-06-01 09:29:19,391.85,1378499
2021-06-01 09:29:20,391.85,1378606
2021-06-01 09:29:21,391.85,1378606
2021-06-01 09:29:22,391.9,1379217
2021-06-01 09:29:23,391.7,1381882
2021-06-01 09:29:24,391.8,1381943
2021-06-01 09:29:25,391.8,1381943
2021-06-01 09:29:26,391.65,1387913
2021-06-01 09:29:27,391.5,1390123
2021-06-01 09:29:28,391.7,1390573
2021-06-01 09:29:29,391.75,1392790
2021-06-01 09:29:31,391.65,1393257
2021-06-01 09:29:32,391.7,1393607
2021-06-01 09:29:34,391.5,1395911
2021-06-01 09:29:33,391.5,1393761
2021-06-01 09:29:35,391.75,1398126
2021-06-01 09:29:36,391.5,1398736
2021-06-01 09:29:37,391.5,1399012
2021-06-01 09:29:38,391.65,1399483
2021-06-01 09:29:39,391.7,1400716
2021-06-01 09:29:40,391.7,1400831
2021-06-01 09:29:41,391.7,1400856
2021-06-01 09:29:42,391.7,1400856
2021-06-01 09:29:43,391.9,1400956
2021-06-01 09:29:44,391.9,1400958
2021-06-01 09:29:45,391.9,1400963
2021-06-01 09:29:46,391.95,1401219
2021-06-01 09:29:47,391.95,1402921
2021-06-01 09:29:49,391.95,1404058
2021-06-01 09:29:50,391.9,1404308
2021-06-01 09:29:51,392.0,1404958
2021-06-01 09:29:52,392.0,1405431
2021-06-01 09:29:53,391.8,1406061
2021-06-01 09:29:54,391.95,1406891
2021-06-01 09:29:55,392.1,1411032
2021-06-01 09:29:56,392.0,1411158
2021-06-01 09:29:57,392.0,1411220
2021-06-01 09:29:58,392.2,1411275
2021-06-01 09:29:59,392.0,1411575
2021-06-01 09:30:00,392.25,1411692
2021-06-01 09:30:01,391.95,1413844
2021-06-01 09:30:02,391.75,1414574
2021-06-01 09:30:03,391.85,1414863
2021-06-01 09:30:04,392.05,1420636
2021-06-01 09:30:05,392.3,1421687
2021-06-01 09:30:06,392.15,1423001
2021-06-01 09:30:07,392.2,1423011
2021-06-01 09:30:08,392.25,1423101
2021-06-01 09:30:09,392.4,1423657
2021-06-01 09:30:10,392.45,1423935
2021-06-01 09:30:11,392.45,1424262
2021-06-01 09:30:12,392.4,1425987
2021-06-01 09:30:13,392.5,1426671
2021-06-01 09:30:14,392.5,1427349
2021-06-01 09:30:15,392.6,1427450
2021-06-01 09:30:16,392.6,1427500
2021-06-01 09:30:18,392.7,1427689
2021-06-01 09:30:19,392.7,1427689
2021-06-01 09:30:20,392.65,1427794
2021-06-01 09:30:21,392.9,1429493
2021-06-01 09:30:22,392.8,1430560
2021-06-01 09:30:24,392.7,1430778
2021-06-01 09:30:24,392.6,1432008
2021-06-01 09:30:26,392.55,1432283
2021-06-01 09:30:26,392.6,1432609
2021-06-01 09:30:27,392.6,1432634
2021-06-01 09:30:28,392.6,1432639
2021-06-01 09:30:30,392.6,1432919
2021-06-01 09:30:31,392.5,1433466
2021-06-01 09:30:32,392.4,1433627
2021-06-01 09:30:33,392.35,1434169
2021-06-01 09:30:34,392.35,1434169
2021-06-01 09:30:35,392.35,1434169
2021-06-01 09:30:35,392.35,1434169
2021-06-01 09:30:36,391.95,1436169
2021-06-01 09:30:37,391.85,1436613
2021-06-01 09:30:38,391.9,1436893
2021-06-01 09:30:39,391.9,1438646
2021-06-01 09:30:40,391.9,1438956
2021-06-01 09:30:41,391.9,1438956
2021-06-01 09:30:42,392.0,1439060
2021-06-01 09:30:43,392.0,1439060
2021-06-01 09:30:44,391.85,1439460
2021-06-01 09:30:45,392.0,1439564
2021-06-01 09:30:47,391.85,1439934
2021-06-01 09:30:47,391.85,1439934
2021-06-01 09:30:48,391.95,1439949
2021-06-01 09:30:49,391.85,1442475
2021-06-01 09:30:50,391.85,1443475
2021-06-01 09:30:51,391.85,1443648
2021-06-01 09:30:53,391.9,1445836
2021-06-01 09:30:54,391.85,1446096
2021-06-01 09:30:55,391.8,1446222
2021-06-01 09:30:56,391.8,1447472
2021-06-01 09:30:57,391.8,1449007
2021-06-01 09:30:58,391.8,1449007
2021-06-01 09:31:01,391.75,1452764
2021-06-01 09:31:02,391.7,1452794
2021-06-01 09:31:03,391.9,1457492
2021-06-01 09:31:04,391.8,1464048
2021-06-01 09:31:05,391.6,1464503
2021-06-01 09:31:06,391.6,1464503
2021-06-01 09:31:07,391.7,1466797
2021-06-01 09:31:08,391.8,1466997
2021-06-01 09:31:09,391.65,1467647
2021-06-01 09:31:10,391.75,1468458
2021-06-01 09:31:11,391.65,1468530
2021-06-01 09:31:13,391.75,1468698
2021-06-01 09:31:14,391.75,1468798
2021-06-01 09:31:14,391.75,1468798
2021-06-01 09:31:16,391.65,1468810
2021-06-01 09:31:16,391.7,1469060
2021-06-01 09:31:17,391.7,1469060
2021-06-01 09:31:18,392.0,1476720
2021-06-01 09:31:19,391.95,1476730
2021-06-01 09:31:20,391.95,1476730
2021-06-01 09:31:21,392.05,1477080
2021-06-01 09:31:22,392.05,1477280
2021-06-01 09:31:23,392.05,1477304
2021-06-01 09:31:24,392.05,1477304
2021-06-01 09:31:26,392.05,1478204
2021-06-01 09:31:26,392.05,1478404
2021-06-01 09:31:28,392.0,1478945
2021-06-01 09:31:28,392.0,1479415
2021-06-01 09:31:29,392.05,1480420
2021-06-01 09:31:30,392.1,1480837
2021-06-01 09:31:31,392.1,1481036
2021-06-01 09:31:33,392.2,1482104
2021-06-01 09:31:34,392.1,1482304
2021-06-01 09:31:36,392.05,1483143
2021-06-01 09:31:37,391.8,1484282
2021-06-01 09:31:38,391.9,1484475
2021-06-01 09:31:40,391.9,1484528
2021-06-01 09:31:41,391.8,1484880
2021-06-01 09:31:42,391.85,1485210
2021-06-01 09:31:43,391.9,1489161
2021-06-01 09:31:44,391.9,1489161
2021-06-01 09:31:46,391.75,1489960
2021-06-01 09:31:47,391.9,1490020
2021-06-01 09:31:48,391.9,1490352
2021-06-01 09:31:49,391.95,1490365
2021-06-01 09:31:50,391.9,1491352
2021-06-01 09:31:51,391.95,1491573
2021-06-01 09:31:52,391.95,1491573
2021-06-01 09:31:53,391.8,1491871
2021-06-01 09:31:54,392.0,1492451
2021-06-01 09:31:55,392.0,1492651
2021-06-01 09:31:56,392.0,1492651
2021-06-01 09:31:58,391.95,1492654
2021-06-01 09:31:59,392.05,1494160
2021-06-01 09:31:59,392.05,1494160
2021-06-01 09:32:00,391.95,1499134
2021-06-01 09:32:01,392.05,1499175
2021-06-01 09:32:02,392.05,1500717
2021-06-01 09:32:03,392.0,1501333
2021-06-01 09:32:04,392.05,1501513
2021-06-01 09:32:05,392.2,1503291
2021-06-01 09:32:06,392.2,1503291
2021-06-01 09:32:07,392.2,1504442
2021-06-01 09:32:08,392.3,1509404
2021-06-01 09:32:09,392.35,1509777
2021-06-01 09:32:10,392.35,1510037
2021-06-01 09:32:11,392.45,1511598
2021-06-01 09:32:12,392.45,1511914
2021-06-01 09:32:13,392.55,1512914
2021-06-01 09:32:14,392.55,1512926
2021-06-01 09:32:15,392.55,1513047
2021-06-01 09:32:16,392.6,1513497
2021-06-01 09:32:17,392.6,1513497
2021-06-01 09:32:18,392.55,1513606
2021-06-01 09:32:19,392.6,1513965
2021-06-01 09:32:20,392.6,1519640
2021-06-01 09:32:21,392.65,1519750
2021-06-01 09:32:22,392.65,1519750
2021-06-01 09:32:24,392.5,1520023
2021-06-01 09:32:25,392.45,1520214
2021-06-01 09:32:26,392.45,1521645
2021-06-01 09:32:27,392.3,1522740
2021-06-01 09:32:28,392.35,1523241
2021-06-01 09:32:30,392.4,1523501
2021-06-01 09:32:31,392.5,1524624
2021-06-01 09:32:32,392.55,1524990
2021-06-01 09:32:32,392.6,1525165
2021-06-01 09:32:33,392.6,1525565
2021-06-01 09:32:34,392.4,1526175
2021-06-01 09:32:35,392.4,1526175
2021-06-01 09:32:36,392.4,1526175
2021-06-01 09:32:37,392.6,1526181
2021-06-01 09:32:38,392.4,1527181
2021-06-01 09:32:39,392.4,1527681
2021-06-01 09:32:40,392.4,1527781
2021-06-01 09:32:41,392.4,1527781
2021-06-01 09:32:42,392.55,1528438
2021-06-01 09:32:43,392.55,1528441
2021-06-01 09:32:44,392.55,1529224
2021-06-01 09:32:45,392.6,1530115
2021-06-01 09:32:46,392.6,1530115
2021-06-01 09:32:47,392.6,1530235
2021-06-01 09:32:48,392.6,1530285
2021-06-01 09:32:49,392.8,1532444
2021-06-01 09:32:50,392.65,1532692
2021-06-01 09:32:51,392.65,1533193
2021-06-01 09:32:52,392.85,1534305
2021-06-01 09:32:53,392.9,1534859
2021-06-01 09:32:54,392.75,1534999
2021-06-01 09:32:55,392.75,1535229
2021-06-01 09:32:56,392.85,1535258
2021-06-01 09:32:57,392.85,1535258
2021-06-01 09:32:58,392.8,1535268
2021-06-01 09:32:59,392.75,1536367
2021-06-01 09:33:00,392.65,1536867
2021-06-01 09:33:01,392.75,1537364
2021-06-01 09:33:02,392.7,1539441
2021-06-01 09:33:03,392.75,1539480
2021-06-01 09:33:04,392.85,1539530
2021-06-01 09:33:05,392.85,1539552
2021-06-01 09:33:06,392.85,1539552
2021-06-01 09:33:07,392.85,1543235
2021-06-01 09:33:08,392.7,1543740
2021-06-01 09:33:10,392.55,1546550
2021-06-01 09:33:11,392.7,1546600
2021-06-01 09:33:12,392.65,1546800
2021-06-01 09:33:13,392.65,1546800
2021-06-01 09:33:14,392.65,1546800
2021-06-01 09:33:14,392.65,1546800
2021-06-01 09:33:15,392.7,1547175
2021-06-01 09:33:16,392.7,1547175
2021-06-01 09:33:17,392.7,1547760
2021-06-01 09:33:19,392.85,1548756
2021-06-01 09:33:20,392.7,1548958
2021-06-01 09:33:21,392.7,1548983
2021-06-01 09:33:22,392.7,1549563
2021-06-01 09:33:24,392.7,1552021
2021-06-01 09:33:25,392.6,1552431
2021-06-01 09:33:26,392.55,1552434
2021-06-01 09:33:27,392.7,1552467
2021-06-01 09:33:28,392.7,1552467
2021-06-01 09:33:29,392.45,1556351
2021-06-01 09:33:30,392.45,1556767
2021-06-01 09:33:32,392.5,1558732
2021-06-01 09:33:33,392.5,1560070
2021-06-01 09:33:34,392.5,1560299
2021-06-01 09:33:35,392.5,1560649
2021-06-01 09:33:36,392.55,1561815
2021-06-01 09:33:37,392.6,1563408
2021-06-01 09:33:38,392.8,1563480
2021-06-01 09:33:39,392.8,1563501
2021-06-01 09:33:40,392.85,1564501
2021-06-01 09:33:41,392.7,1564869
2021-06-01 09:33:42,392.8,1565502
2021-06-01 09:33:44,392.7,1565552
2021-06-01 09:33:44,392.7,1565552
2021-06-01 09:33:45,392.55,1567764
2021-06-01 09:33:46,392.6,1567814
2021-06-01 09:33:47,392.6,1567865
2021-06-01 09:33:48,392.65,1567969
2021-06-01 09:33:49,392.6,1568019
2021-06-01 09:33:50,392.5,1570621
2021-06-01 09:33:51,392.5,1570673
2021-06-01 09:33:52,392.7,1570978
2021-06-01 09:33:53,392.55,1570999
2021-06-01 09:33:54,392.55,1570999
2021-06-01 09:33:55,392.65,1571839
2021-06-01 09:33:56,392.65,1571984
2021-06-01 09:33:57,392.65,1572254
2021-06-01 09:33:58,392.6,1572557
2021-06-01 09:33:59,392.7,1573084
2021-06-01 09:34:00,392.8,1573212
2021-06-01 09:34:01,392.7,1573532
2021-06-01 09:34:02,392.55,1578867
2021-06-01 09:34:03,392.7,1579447
2021-06-01 09:34:04,392.6,1579837
2021-06-01 09:34:05,392.6,1579857
2021-06-01 09:34:06,392.6,1579857
2021-06-01 09:34:07,392.65,1580874
2021-06-01 09:34:08,392.65,1580874
2021-06-01 09:34:09,392.65,1581815
2021-06-01 09:34:11,392.6,1581959
2021-06-01 09:34:12,392.65,1582009
2021-06-01 09:34:13,392.65,1582534
2021-06-01 09:34:14,392.65,1582784
2021-06-01 09:34:15,392.4,1585024
2021-06-01 09:34:16,392.4,1585024
2021-06-01 09:34:17,392.55,1585324
2021-06-01 09:34:18,392.55,1585607
2021-06-01 09:34:20,392.6,1585627
2021-06-01 09:34:19,392.55,1585607
2021-06-01 09:34:21,392.7,1585981
2021-06-01 09:34:22,392.65,1585985
2021-06-01 09:34:23,392.65,1585985
2021-06-01 09:34:25,392.65,1588135
2021-06-01 09:34:26,392.65,1588185
2021-06-01 09:34:27,392.65,1588185
2021-06-01 09:34:28,392.75,1588186
2021-06-01 09:34:28,392.75,1588197
2021-06-01 09:34:30,392.75,1588197
2021-06-01 09:34:31,392.65,1588398
2021-06-01 09:34:32,392.6,1589715
2021-06-01 09:34:33,392.65,1589951
2021-06-01 09:34:33,392.55,1589986
2021-06-01 09:34:34,392.65,1590618
2021-06-01 09:34:35,392.65,1590618
2021-06-01 09:34:37,392.75,1600112
2021-06-01 09:34:38,392.75,1600112
2021-06-01 09:34:39,392.75,1600112
2021-06-01 09:34:40,392.75,1600112
2021-06-01 09:34:41,392.75,1600112
2021-06-01 09:34:42,392.75,1600312
2021-06-01 09:34:43,392.8,1601432
2021-06-01 09:34:45,392.8,1601432
2021-06-01 09:34:45,392.85,1608103
2021-06-01 09:34:47,392.8,1609092
2021-06-01 09:34:48,392.8,1609152
2021-06-01 09:34:49,392.8,1609166
2021-06-01 09:34:50,392.9,1609179
2021-06-01 09:34:51,392.8,1609582
2021-06-01 09:34:52,392.9,1609583
2021-06-01 09:34:53,392.9,1610583
2021-06-01 09:34:54,392.9,1610765
2021-06-01 09:34:55,392.9,1611757
2021-06-01 09:34:56,392.85,1611777
2021-06-01 09:34:57,392.85,1611777
2021-06-01 09:34:58,392.85,1611839
2021-06-01 09:34:58,392.85,1611839
2021-06-01 09:34:59,392.85,1611839
2021-06-01 09:35:00,392.85,1612139
2021-06-01 09:35:01,392.9,1613277
2021-06-01 09:35:02,392.9,1613287
2021-06-01 09:35:03,392.9,1616187
2021-06-01 09:35:04,392.95,1616753
2021-06-01 09:35:05,392.9,1617193
2021-06-01 09:35:06,392.95,1617248
2021-06-01 09:35:07,392.9,1617598
2021-06-01 09:35:09,392.9,1618068
2021-06-01 09:35:10,392.95,1619077
2021-06-01 09:35:11,392.9,1619988
2021-06-01 09:35:13,392.85,1620292
2021-06-01 09:35:14,392.8,1620362
2021-06-01 09:35:15,392.8,1620662
2021-06-01 09:35:16,392.8,1620662
2021-06-01 09:35:17,392.9,1621067
2021-06-01 09:35:19,392.75,1624602
2021-06-01 09:35:20,392.75,1625253
2021-06-01 09:35:21,392.75,1625253
2021-06-01 09:35:22,392.75,1625253
2021-06-01 09:35:23,392.75,1625253
2021-06-01 09:35:24,392.65,1625503
2021-06-01 09:35:24,392.65,1625503
2021-06-01 09:35:25,392.85,1626357
2021-06-01 09:35:26,392.8,1626358
2021-06-01 09:35:27,392.75,1626363
2021-06-01 09:35:29,392.75,1626363
2021-06-01 09:35:29,392.75,1626383
2021-06-01 09:35:30,392.85,1626598
2021-06-01 09:35:31,392.75,1626619
2021-06-01 09:35:32,392.75,1626619
2021-06-01 09:35:33,393.05,1669228
2021-06-01 09:35:34,393.0,1673255
2021-06-01 09:35:35,392.85,1673265
2021-06-01 09:35:36,392.85,1673265
2021-06-01 09:35:37,392.85,1673475
2021-06-01 09:35:38,392.85,1673475
2021-06-01 09:35:39,392.85,1673475
2021-06-01 09:35:40,392.85,1673475
2021-06-01 09:35:41,392.75,1673613
2021-06-01 09:35:42,392.85,1675607
2021-06-01 09:35:43,392.9,1675827
2021-06-01 09:35:46,393.05,1678828
2021-06-01 09:35:47,393.1,1680022
2021-06-01 09:35:49,392.95,1680072
2021-06-01 09:35:50,393.05,1680074
2021-06-01 09:35:51,393.25,1680174
2021-06-01 09:35:52,393.25,1680220
2021-06-01 09:35:53,393.3,1681876
2021-06-01 09:35:53,393.3,1681876
2021-06-01 09:35:54,393.15,1683505
2021-06-01 09:35:55,393.15,1683505
2021-06-01 09:35:56,393.3,1684057
2021-06-01 09:35:57,393.1,1684390
2021-06-01 09:35:58,393.05,1684445
2021-06-01 09:35:59,393.2,1685111
2021-06-01 09:36:00,393.3,1685161
2021-06-01 09:36:01,393.35,1685185
2021-06-01 09:36:02,393.3,1687277
2021-06-01 09:36:03,393.2,1687863
2021-06-01 09:36:04,393.25,1688548
2021-06-01 09:36:05,393.1,1689457
2021-06-01 09:36:06,393.1,1690866
2021-06-01 09:36:07,393.05,1690918
2021-06-01 09:36:09,393.05,1690973
2021-06-01 09:36:10,393.1,1691223
2021-06-01 09:36:11,393.25,1691903
2021-06-01 09:36:12,393.1,1692535
2021-06-01 09:36:13,393.25,1695340
2021-06-01 09:36:14,393.1,1695422
2021-06-01 09:36:15,393.25,1695959
2021-06-01 09:36:16,393.2,1700297
2021-06-01 09:36:17,393.3,1700352
2021-06-01 09:36:18,393.2,1700890
2021-06-01 09:36:19,393.2,1700920
2021-06-01 09:36:20,393.3,1700970
2021-06-01 09:36:21,393.25,1701552
2021-06-01 09:36:22,393.2,1701860
2021-06-01 09:36:23,393.25,1701893
2021-06-01 09:36:23,393.25,1701893
2021-06-01 09:36:24,393.3,1702057
2021-06-01 09:36:25,393.15,1702209
2021-06-01 09:36:26,393.05,1704878
2021-06-01 09:36:27,393.15,1705908
2021-06-01 09:36:28,393.1,1706563
2021-06-01 09:36:29,393.05,1706683
2021-06-01 09:36:30,393.0,1707195
2021-06-01 09:36:31,393.0,1707195
2021-06-01 09:36:32,393.0,1707195
2021-06-01 09:36:33,392.95,1711101
2021-06-01 09:36:34,392.9,1713278
2021-06-01 09:36:35,392.7,1715372
2021-06-01 09:36:37,392.65,1719099
2021-06-01 09:36:38,392.6,1720146
2021-06-01 09:36:39,392.75,1720148
2021-06-01 09:36:40,392.8,1721096
2021-06-01 09:36:40,392.8,1721096
2021-06-01 09:36:42,392.9,1721473
2021-06-01 09:36:43,392.85,1721483
2021-06-01 09:36:44,392.85,1721483
2021-06-01 09:36:45,392.85,1721483
2021-06-01 09:36:46,392.85,1721483
2021-06-01 09:36:47,392.9,1721593
2021-06-01 09:36:47,392.9,1721808
2021-06-01 09:36:49,392.7,1721906
2021-06-01 09:36:50,392.85,1722059
2021-06-01 09:36:51,392.85,1722869
2021-06-01 09:36:52,392.85,1722869
2021-06-01 09:36:52,392.85,1722869
2021-06-01 09:36:53,392.85,1722869
2021-06-01 09:36:54,392.85,1723069
2021-06-01 09:36:55,392.65,1723369
2021-06-01 09:36:56,392.85,1723370
2021-06-01 09:36:57,392.85,1723655
2021-06-01 09:36:58,392.65,1724077
2021-06-01 09:36:59,392.8,1724087
2021-06-01 09:37:01,392.75,1725626
2021-06-01 09:37:02,392.8,1725788
2021-06-01 09:37:03,392.85,1725888
2021-06-01 09:37:04,392.85,1725888
2021-06-01 09:37:05,392.85,1725888
2021-06-01 09:37:06,392.65,1726749
2021-06-01 09:37:07,392.55,1727440
2021-06-01 09:37:08,392.55,1727440
2021-06-01 09:37:09,392.65,1727456
2021-06-01 09:37:10,392.65,1727456
2021-06-01 09:37:11,392.4,1729417
2021-06-01 09:37:12,392.1,1730895
2021-06-01 09:37:13,392.2,1730900
2021-06-01 09:37:14,392.35,1734569
2021-06-01 09:37:15,392.15,1734845
2021-06-01 09:37:16,392.3,1734898
2021-06-01 09:37:17,392.35,1734900
2021-06-01 09:37:18,392.3,1734906
2021-06-01 09:37:19,392.2,1735114
2021-06-01 09:37:20,392.35,1736394
2021-06-01 09:37:21,392.35,1736394
2021-06-01 09:37:22,392.4,1736397
2021-06-01 09:37:22,392.4,1736524
2021-06-01 09:37:23,392.2,1737669
2021-06-01 09:37:25,392.4,1737862
2021-06-01 09:37:27,392.4,1737862
2021-06-01 09:37:28,392.4,1737862
2021-06-01 09:37:29,392.35,1740138
2021-06-01 09:37:30,392.4,1740166
2021-06-01 09:37:31,392.4,1740414
2021-06-01 09:37:32,392.4,1742059
2021-06-01 09:37:34,392.4,1742981
2021-06-01 09:37:33,392.35,1742169
2021-06-01 09:37:35,392.4,1743083
2021-06-01 09:37:35,392.4,1743083
2021-06-01 09:37:37,392.3,1743177
2021-06-01 09:37:38,392.35,1743178
2021-06-01 09:37:39,392.35,1743178
2021-06-01 09:37:40,392.3,1743356
2021-06-01 09:37:41,392.3,1743356
2021-06-01 09:37:42,392.3,1743376
2021-06-01 09:37:43,392.3,1743376
2021-06-01 09:37:44,392.3,1743438
2021-06-01 09:37:45,392.25,1743443
2021-06-01 09:37:46,392.25,1743468
2021-06-01 09:37:47,392.2,1743569
2021-06-01 09:37:48,392.2,1743569
2021-06-01 09:37:49,392.2,1743615
2021-06-01 09:37:50,392.25,1743741
2021-06-01 09:37:51,392.2,1749120
2021-06-01 09:37:52,392.05,1749350
2021-06-01 09:37:53,392.2,1749361
2021-06-01 09:37:54,392.2,1749361
2021-06-01 09:37:56,392.15,1749468
2021-06-01 09:37:57,392.15,1749468
2021-06-01 09:37:58,392.05,1749872
2021-06-01 09:37:59,392.2,1749993
2021-06-01 09:38:00,392.1,1750213
2021-06-01 09:38:01,392.2,1750219
2021-06-01 09:38:03,392.1,1750321
2021-06-01 09:38:04,392.1,1750321
2021-06-01 09:38:05,392.1,1750322
2021-06-01 09:38:06,392.1,1750342
2021-06-01 09:38:07,392.1,1757384
2021-06-01 09:38:08,392.1,1757384
2021-06-01 09:38:09,392.1,1757384
2021-06-01 09:38:10,392.0,1757503
2021-06-01 09:38:11,392.15,1758233
2021-06-01 09:38:12,392.0,1758333
2021-06-01 09:38:13,392.0,1758333
2021-06-01 09:38:14,392.0,1758335
2021-06-01 09:38:15,392.0,1777777
2021-06-01 09:38:16,391.95,1780129
2021-06-01 09:38:16,391.8,1780461
2021-06-01 09:38:18,392.0,1781465
2021-06-01 09:38:19,392.0,1781675
2021-06-01 09:38:20,392.0,1781921
2021-06-01 09:38:21,392.0,1781921
2021-06-01 09:38:22,391.95,1782153
2021-06-01 09:38:23,391.9,1782355
2021-06-01 09:38:23,391.95,1782405
2021-06-01 09:38:24,391.9,1782520
2021-06-01 09:38:26,391.9,1782520
2021-06-01 09:38:27,391.8,1782625
2021-06-01 09:38:28,391.85,1782675
2021-06-01 09:38:29,391.85,1782995
2021-06-01 09:38:30,391.85,1782995
2021-06-01 09:38:31,391.85,1783060
2021-06-01 09:38:32,391.8,1783317
2021-06-01 09:38:32,391.8,1783317
2021-06-01 09:38:33,391.8,1783842
2021-06-01 09:38:34,391.85,1784958
2021-06-01 09:38:38,391.85,1786329
2021-06-01 09:38:38,391.8,1786420
2021-06-01 09:38:39,392.1,1787802
2021-06-01 09:38:40,392.2,1787883
2021-06-01 09:38:41,392.2,1787936
2021-06-01 09:38:42,392.1,1788686
2021-06-01 09:38:44,392.2,1788696
2021-06-01 09:38:46,392.2,1788895
2021-06-01 09:38:45,392.2,1788809
2021-06-01 09:38:47,392.2,1788895
2021-06-01 09:38:48,392.2,1788895
2021-06-01 09:38:49,392.3,1789078
2021-06-01 09:38:50,392.3,1789078
2021-06-01 09:38:51,392.3,1789278
2021-06-01 09:38:52,392.2,1789795
2021-06-01 09:38:53,392.2,1789795
2021-06-01 09:38:54,392.15,1791056
2021-06-01 09:38:55,392.15,1791246
2021-06-01 09:38:56,392.15,1791252
2021-06-01 09:38:57,392.15,1791252
2021-06-01 09:38:58,391.9,1791437
2021-06-01 09:38:59,391.9,1791639
2021-06-01 09:39:00,391.9,1791639
2021-06-01 09:39:01,391.9,1791664
2021-06-01 09:39:02,392.0,1791665
2021-06-01 09:39:03,391.95,1792065
2021-06-01 09:39:04,391.95,1792079
2021-06-01 09:39:05,391.85,1792144
2021-06-01 09:39:06,391.85,1792144
2021-06-01 09:39:07,391.95,1792694
2021-06-01 09:39:08,391.9,1792725
2021-06-01 09:39:09,391.9,1792725
2021-06-01 09:39:10,391.9,1792787
2021-06-01 09:39:11,391.9,1793579
2021-06-01 09:39:12,391.95,1793581
2021-06-01 09:39:13,391.95,1793606
2021-06-01 09:39:14,391.9,1793616
2021-06-01 09:39:15,391.9,1793916
2021-06-01 09:39:16,392.0,1794177
2021-06-01 09:39:17,392.0,1794277
2021-06-01 09:39:18,392.1,1794413
2021-06-01 09:39:20,392.1,1794824
2021-06-01 09:39:21,392.0,1795077
2021-06-01 09:39:22,392.1,1795103
2021-06-01 09:39:23,392.0,1795104
2021-06-01 09:39:24,392.0,1795204
2021-06-01 09:39:25,392.2,1796899
2021-06-01 09:39:26,392.3,1796910
2021-06-01 09:39:27,392.3,1796910
2021-06-01 09:39:28,392.2,1797010
2021-06-01 09:39:29,392.2,1797010
2021-06-01 09:39:30,392.2,1797024
2021-06-01 09:39:32,392.2,1797356
2021-06-01 09:39:31,392.2,1797356
2021-06-01 09:39:33,392.2,1797856
2021-06-01 09:39:34,392.2,1797856
2021-06-01 09:39:35,392.35,1797886
2021-06-01 09:39:36,392.2,1798964
2021-06-01 09:39:37,392.2,1799064
2021-06-01 09:39:38,392.15,1799528
2021-06-01 09:39:39,392.15,1799528
2021-06-01 09:39:40,392.1,1799529
2021-06-01 09:39:43,392.1,1799640
2021-06-01 09:39:45,392.05,1799645
2021-06-01 09:39:46,392.1,1799722
2021-06-01 09:39:47,392.3,1800242
2021-06-01 09:39:48,392.35,1801176
2021-06-01 09:39:49,392.2,1802390
2021-06-01 09:39:50,392.2,1802390
2021-06-01 09:39:51,392.2,1802390
2021-06-01 09:39:52,392.1,1802535
2021-06-01 09:39:53,392.1,1802535
2021-06-01 09:39:54,392.25,1802615
2021-06-01 09:39:56,392.25,1802615
2021-06-01 09:39:57,392.3,1802791
2021-06-01 09:39:58,392.2,1802833
2021-06-01 09:39:59,392.2,1802833
2021-06-01 09:40:00,392.2,1802908
2021-06-01 09:40:01,392.2,1802908
2021-06-01 09:40:02,392.3,1802958
2021-06-01 09:40:03,392.2,1803158
2021-06-01 09:40:04,392.2,1803158
2021-06-01 09:40:05,392.2,1803158
2021-06-01 09:40:06,392.2,1803158
2021-06-01 09:40:07,392.2,1803158
2021-06-01 09:40:08,392.25,1803163
2021-06-01 09:40:09,392.3,1803165
2021-06-01 09:40:10,392.25,1803169
2021-06-01 09:40:11,392.3,1803207
2021-06-01 09:40:12,392.25,1803217
2021-06-01 09:40:13,392.3,1803231
2021-06-01 09:40:14,392.3,1803231
2021-06-01 09:40:15,392.25,1803307
2021-06-01 09:40:16,392.25,1803533
2021-06-01 09:40:17,392.25,1803533
2021-06-01 09:40:18,392.25,1803633
2021-06-01 09:40:19,392.3,1803893
2021-06-01 09:40:20,392.3,1804742
2021-06-01 09:40:21,392.2,1804752
2021-06-01 09:40:22,392.2,1804752
2021-06-01 09:40:23,392.3,1804902
2021-06-01 09:40:24,392.05,1808040
2021-06-01 09:40:25,392.2,1808140
2021-06-01 09:40:26,392.2,1808140
2021-06-01 09:40:27,392.2,1808150
2021-06-01 09:40:28,392.3,1810060
2021-06-01 09:40:29,392.2,1810261
2021-06-01 09:40:31,392.2,1810532
2021-06-01 09:40:33,392.35,1810632
2021-06-01 09:40:32,392.2,1810532
2021-06-01 09:40:34,392.35,1810642
2021-06-01 09:40:35,392.35,1810642
2021-06-01 09:40:36,392.35,1810642
2021-06-01 09:40:37,392.35,1810659
2021-06-01 09:40:38,392.35,1810659
2021-06-01 09:40:39,392.2,1811159
2021-06-01 09:40:41,392.3,1811179
2021-06-01 09:40:40,392.3,1811179
2021-06-01 09:40:43,392.45,1812707
2021-06-01 09:40:42,392.3,1811459
2021-06-01 09:40:44,392.35,1812767
2021-06-01 09:40:45,392.5,1813306
2021-06-01 09:40:46,392.6,1813414
2021-06-01 09:40:47,392.6,1813414
2021-06-01 09:40:48,392.7,1813915
2021-06-01 09:40:49,392.5,1813925
2021-06-01 09:40:50,392.5,1813925
2021-06-01 09:40:51,392.7,1814142
2021-06-01 09:40:52,392.8,1814391
2021-06-01 09:40:54,392.7,1814491
2021-06-01 09:40:54,392.7,1814491
2021-06-01 09:40:55,392.8,1814712
2021-06-01 09:40:56,392.7,1815212
2021-06-01 09:40:57,392.7,1815212
2021-06-01 09:40:58,392.7,1815212
2021-06-01 09:40:59,392.8,1815519
2021-06-01 09:41:02,392.65,1815520
2021-06-01 09:41:03,392.75,1815521
2021-06-01 09:41:04,392.85,1815752
2021-06-01 09:41:04,392.85,1815752
2021-06-01 09:41:05,392.85,1815752
2021-06-01 09:41:06,392.8,1815808
2021-06-01 09:41:08,392.8,1815809
2021-06-01 09:41:08,392.85,1815859
2021-06-01 09:41:09,392.8,1815992
2021-06-01 09:41:10,392.9,1817454
2021-06-01 09:41:11,392.95,1817474
2021-06-01 09:41:12,392.85,1817491
2021-06-01 09:41:13,392.85,1817792
2021-06-01 09:41:14,392.95,1817832
2021-06-01 09:41:16,392.95,1818063
2021-06-01 09:41:18,392.95,1818063
2021-06-01 09:41:20,392.85,1818173
2021-06-01 09:41:21,392.95,1818428
2021-06-01 09:41:22,392.85,1818478
2021-06-01 09:41:24,392.95,1818840
2021-06-01 09:41:24,392.95,1818840
2021-06-01 09:41:25,392.9,1819027
2021-06-01 09:41:27,392.95,1821533
2021-06-01 09:41:27,392.9,1822033
2021-06-01 09:41:28,392.9,1822232
2021-06-01 09:41:30,392.9,1822932
2021-06-01 09:41:30,392.9,1822432
2021-06-01 09:41:33,393.0,1824112
2021-06-01 09:41:33,393.0,1824112
2021-06-01 09:41:34,393.0,1824113
2021-06-01 09:41:35,393.0,1824113
2021-06-01 09:41:36,392.9,1824516
2021-06-01 09:41:37,392.9,1824566
2021-06-01 09:41:38,393.0,1824816
2021-06-01 09:41:40,392.95,1825015
2021-06-01 09:41:40,392.95,1825015
2021-06-01 09:41:41,392.9,1825215
2021-06-01 09:41:42,393.0,1825716
2021-06-01 09:41:44,393.0,1825931
2021-06-01 09:41:45,393.0,1826941
2021-06-01 09:41:45,392.95,1827041
2021-06-01 09:41:46,392.95,1827041
2021-06-01 09:41:47,392.95,1827441
2021-06-01 09:41:48,392.95,1827441
2021-06-01 09:41:50,392.95,1829051
2021-06-01 09:41:52,392.95,1829321
2021-06-01 09:41:53,392.9,1829571
2021-06-01 09:41:53,392.95,1829728
2021-06-01 09:41:54,392.9,1829788
2021-06-01 09:41:55,392.95,1839742
2021-06-01 09:41:56,392.9,1839992
2021-06-01 09:41:57,392.9,1839992
2021-06-01 09:41:58,392.9,1839992
2021-06-01 09:41:59,392.9,1844271
2021-06-01 09:42:01,392.9,1844559
2021-06-01 09:42:02,392.9,1844561
2021-06-01 09:42:02,392.9,1844561
2021-06-01 09:42:03,392.85,1844562
2021-06-01 09:42:04,392.85,1844562
2021-06-01 09:42:05,392.9,1846067
2021-06-01 09:42:06,392.9,1846067
2021-06-01 09:42:07,392.9,1846467
2021-06-01 09:42:08,392.9,1846689
2021-06-01 09:42:09,392.9,1848864
2021-06-01 09:42:10,392.9,1848864
2021-06-01 09:42:11,393.0,1849064
2021-06-01 09:42:12,392.9,1849231
2021-06-01 09:42:14,392.75,1849741
2021-06-01 09:42:14,392.8,1849756
2021-06-01 09:42:16,392.75,1849876
2021-06-01 09:42:18,392.8,1849916
2021-06-01 09:42:18,392.8,1849916
2021-06-01 09:42:20,392.8,1850497
2021-06-01 09:42:21,392.8,1850497
2021-06-01 09:42:21,392.7,1850697
2021-06-01 09:42:22,392.7,1850697
2021-06-01 09:42:23,392.8,1850698
2021-06-01 09:42:24,392.6,1852198
2021-06-01 09:42:25,392.6,1854848
2021-06-01 09:42:27,392.7,1855225
2021-06-01 09:42:27,392.7,1855450
2021-06-01 09:42:28,392.7,1855475
2021-06-01 09:42:29,392.7,1855490
2021-06-01 09:42:30,392.75,1855960
2021-06-01 09:42:32,392.75,1855960
2021-06-01 09:42:32,392.75,1855960
2021-06-01 09:42:33,392.75,1855960
2021-06-01 09:42:34,392.5,1857648
2021-06-01 09:42:35,392.5,1858505
2021-06-01 09:42:36,392.5,1858949
2021-06-01 09:42:37,392.5,1858949
2021-06-01 09:42:39,392.45,1859091
2021-06-01 09:42:39,392.45,1859091
2021-06-01 09:42:40,392.35,1859192
2021-06-01 09:42:41,392.35,1859192
2021-06-01 09:42:42,392.35,1859402
2021-06-01 09:42:43,392.35,1859505
2021-06-01 09:42:44,392.4,1859645
2021-06-01 09:42:45,392.4,1859745
2021-06-01 09:42:46,392.4,1859745
2021-06-01 09:42:47,392.4,1859745
2021-06-01 09:42:48,392.5,1859784
2021-06-01 09:42:49,392.5,1859784
2021-06-01 09:42:50,392.75,1861520
2021-06-01 09:42:51,392.65,1861540
2021-06-01 09:42:52,392.65,1861540
2021-06-01 09:42:53,392.85,1862790
2021-06-01 09:42:54,392.85,1862790
2021-06-01 09:42:55,392.9,1863246
2021-06-01 09:42:57,392.85,1863467
2021-06-01 09:42:57,392.85,1863467
2021-06-01 09:42:58,392.85,1863467
2021-06-01 09:42:59,392.8,1865549
2021-06-01 09:43:01,392.75,1865724
2021-06-01 09:43:02,392.75,1865724
2021-06-01 09:43:03,392.8,1865974
2021-06-01 09:43:04,392.8,1865984
2021-06-01 09:43:05,392.8,1865984
2021-06-01 09:43:06,392.8,1865984
2021-06-01 09:43:07,392.7,1866084
2021-06-01 09:43:08,392.8,1866584
2021-06-01 09:43:08,392.8,1866584
2021-06-01 09:43:09,392.7,1866715
2021-06-01 09:43:10,392.7,1866715
2021-06-01 09:43:11,392.7,1866715
2021-06-01 09:43:12,392.8,1866731
2021-06-01 09:43:13,392.8,1866731
2021-06-01 09:43:14,392.8,1866731
2021-06-01 09:43:16,392.7,1866941
2021-06-01 09:43:16,392.75,1866951
2021-06-01 09:43:18,392.8,1867441
2021-06-01 09:43:19,392.75,1867442
2021-06-01 09:43:20,392.75,1867762
2021-06-01 09:43:21,392.85,1867891
2021-06-01 09:43:22,392.85,1867891
2021-06-01 09:43:24,392.8,1867892
2021-06-01 09:43:25,392.8,1868490
2021-06-01 09:43:26,392.75,1868565
2021-06-01 09:43:27,392.75,1868565
2021-06-01 09:43:27,392.75,1868565
2021-06-01 09:43:28,392.7,1869090
2021-06-01 09:43:29,392.75,1869092
2021-06-01 09:43:30,392.7,1869102
2021-06-01 09:43:31,392.7,1869103
2021-06-01 09:43:32,392.75,1869303
2021-06-01 09:43:34,392.7,1869516
2021-06-01 09:43:34,392.7,1869516
2021-06-01 09:43:36,392.8,1869616
2021-06-01 09:43:37,392.7,1869637
2021-06-01 09:43:38,392.7,1869637
2021-06-01 09:43:39,392.6,1869707
2021-06-01 09:43:40,392.6,1869707
2021-06-01 09:43:41,392.6,1869707
2021-06-01 09:43:42,392.8,1871907
2021-06-01 09:43:43,392.6,1872407
2021-06-01 09:43:44,392.7,1872507
2021-06-01 09:43:44,392.7,1872550
2021-06-01 09:43:45,392.75,1872828
2021-06-01 09:43:46,392.75,1873629
2021-06-01 09:43:47,392.7,1874629
2021-06-01 09:43:48,392.7,1874879
2021-06-01 09:43:49,392.65,1875030
2021-06-01 09:43:50,392.65,1875030
2021-06-01 09:43:51,392.75,1875408
2021-06-01 09:43:52,392.8,1875583
2021-06-01 09:43:54,392.8,1875784
2021-06-01 09:43:55,392.75,1876244
2021-06-01 09:43:56,392.75,1876444
2021-06-01 09:43:57,392.75,1876444
2021-06-01 09:43:58,392.75,1876444
2021-06-01 09:43:58,392.75,1876444
2021-06-01 09:44:00,392.8,1878310
2021-06-01 09:44:01,392.8,1878310
2021-06-01 09:44:02,392.75,1878455
2021-06-01 09:44:03,392.75,1878843
2021-06-01 09:44:05,392.75,1878843
2021-06-01 09:44:06,392.75,1879043
2021-06-01 09:44:07,392.85,1880043
2021-06-01 09:44:08,392.75,1880064
2021-06-01 09:44:09,392.8,1880164
2021-06-01 09:44:10,392.8,1880164
2021-06-01 09:44:10,392.8,1880164
2021-06-01 09:44:11,392.8,1880164
2021-06-01 09:44:12,392.8,1880244
2021-06-01 09:44:15,392.8,1880254
2021-06-01 09:44:16,392.8,1880254
2021-06-01 09:44:17,392.8,1880424
2021-06-01 09:44:19,392.8,1880944
2021-06-01 09:44:19,392.75,1881089
2021-06-01 09:44:20,392.8,1881090
2021-06-01 09:44:21,392.8,1881152
2021-06-01 09:44:22,392.8,1881152
2021-06-01 09:44:23,392.75,1881437
2021-06-01 09:44:24,392.75,1883700
2021-06-01 09:44:25,392.65,1884316
2021-06-01 09:44:26,392.65,1884316
2021-06-01 09:44:27,392.65,1884316
2021-06-01 09:44:29,392.65,1884316
2021-06-01 09:44:30,392.65,1884316
2021-06-01 09:44:33,392.6,1884606
2021-06-01 09:44:34,392.6,1884783
2021-06-01 09:44:35,392.7,1884848
2021-06-01 09:44:36,392.7,1884848
2021-06-01 09:44:37,392.6,1885679
2021-06-01 09:44:39,392.6,1885860
2021-06-01 09:44:40,392.6,1885860
2021-06-01 09:44:41,392.55,1886160
2021-06-01 09:44:42,392.55,1886278
2021-06-01 09:44:43,392.5,1886420
2021-06-01 09:44:44,392.65,1886658
2021-06-01 09:44:44,392.65,1886658
2021-06-01 09:44:45,392.5,1886668
2021-06-01 09:44:46,392.7,1886773
2021-06-01 09:44:47,392.7,1886773
2021-06-01 09:44:48,392.5,1886803
2021-06-01 09:44:49,392.5,1899543
2021-06-01 09:44:50,392.25,1901727
2021-06-01 09:44:51,392.2,1901827
2021-06-01 09:44:52,392.3,1901877
2021-06-01 09:44:53,392.3,1901877
2021-06-01 09:44:55,392.3,1901877
2021-06-01 09:44:55,392.3,1901877
2021-06-01 09:44:56,392.3,1902452
2021-06-01 09:44:57,392.3,1902552
2021-06-01 09:44:58,392.3,1902552
2021-06-01 09:44:59,392.2,1903799
2021-06-01 09:45:00,392.1,1904761
2021-06-01 09:45:01,392.1,1905261
2021-06-01 09:45:02,392.25,1906392
2021-06-01 09:45:03,392.25,1906392
2021-06-01 09:45:05,392.5,1910035
2021-06-01 09:45:05,392.5,1910435
2021-06-01 09:45:06,392.4,1910515
2021-06-01 09:45:08,392.4,1910516
2021-06-01 09:45:09,392.4,1910516
2021-06-01 09:45:10,392.4,1910776
2021-06-01 09:45:10,392.4,1910776
2021-06-01 09:45:11,392.3,1912976
2021-06-01 09:45:13,392.15,1913218
2021-06-01 09:45:13,392.15,1913218
2021-06-01 09:45:14,392.15,1913218
2021-06-01 09:45:15,392.15,1913484
2021-06-01 09:45:16,392.15,1916271
2021-06-01 09:45:17,392.05,1916336
2021-06-01 09:45:19,392.05,1916596
2021-06-01 09:45:20,392.1,1917130
2021-06-01 09:45:21,392.1,1917181
2021-06-01 09:45:22,392.05,1917565
2021-06-01 09:45:23,392.05,1917565
2021-06-01 09:45:23,392.05,1917565
2021-06-01 09:45:24,392.05,1917565
2021-06-01 09:45:26,392.05,1917565
2021-06-01 09:45:26,392.05,1917735
2021-06-01 09:45:27,392.05,1917885
2021-06-01 09:45:29,392.05,1917886
2021-06-01 09:45:30,392.0,1919395
2021-06-01 09:45:31,392.0,1919588
2021-06-01 09:45:32,392.05,1919593
2021-06-01 09:45:33,392.0,1928550
2021-06-01 09:45:34,392.0,1931916
2021-06-01 09:45:35,392.0,1931916
2021-06-01 09:45:36,392.05,1932016
2021-06-01 09:45:37,392.3,1934485
2021-06-01 09:45:38,392.1,1935235
2021-06-01 09:45:38,392.2,1935335
2021-06-01 09:45:39,392.3,1935465
2021-06-01 09:45:41,392.15,1935714
2021-06-01 09:45:42,392.15,1935714
2021-06-01 09:45:43,392.35,1935799
2021-06-01 09:45:44,392.35,1935799
2021-06-01 09:45:45,392.3,1935905
2021-06-01 09:45:45,392.3,1935905
2021-06-01 09:45:46,392.3,1935910
2021-06-01 09:45:47,392.3,1935910
2021-06-01 09:45:49,392.2,1936060
2021-06-01 09:45:50,392.3,1936105
2021-06-01 09:45:50,392.3,1936105
2021-06-01 09:45:51,392.3,1936105
2021-06-01 09:45:52,392.3,1936155
2021-06-01 09:45:53,392.2,1936235
2021-06-01 09:45:54,392.3,1936240
2021-06-01 09:45:55,392.3,1936241
2021-06-01 09:45:56,392.3,1936241
2021-06-01 09:45:57,392.25,1936245
2021-06-01 09:45:58,392.2,1936433
2021-06-01 09:45:59,392.25,1936515
2021-06-01 09:46:01,392.2,1937070
2021-06-01 09:46:01,392.2,1937070
2021-06-01 09:46:03,392.25,1937356
2021-06-01 09:46:04,392.15,1937357
2021-06-01 09:46:04,392.15,1937422
2021-06-01 09:46:06,392.15,1937423
2021-06-01 09:46:06,392.15,1937423
2021-06-01 09:46:08,392.15,1937484
2021-06-01 09:46:09,392.15,1937484
2021-06-01 09:46:09,392.15,1937484
2021-06-01 09:46:10,392.15,1937813
2021-06-01 09:46:12,392.25,1938093
2021-06-01 09:46:13,392.25,1938093
2021-06-01 09:46:15,392.25,1938093
2021-06-01 09:46:17,392.35,1941139
2021-06-01 09:46:17,392.35,1941139
2021-06-01 09:46:19,392.2,1941149
2021-06-01 09:46:20,392.2,1941349
2021-06-01 09:46:21,392.35,1941549
2021-06-01 09:46:22,392.35,1941549
2021-06-01 09:46:23,392.35,1941549
2021-06-01 09:46:24,392.2,1941949
2021-06-01 09:46:24,392.2,1941964
2021-06-01 09:46:25,392.25,1941974
2021-06-01 09:46:26,392.2,1942397
2021-06-01 09:46:27,392.2,1942397
2021-06-01 09:46:29,392.2,1942638
2021-06-01 09:46:30,392.2,1943238
2021-06-01 09:46:31,392.25,1943474
2021-06-01 09:46:32,392.25,1943589
2021-06-01 09:46:32,392.25,1943589
2021-06-01 09:46:33,392.25,1943589
2021-06-01 09:46:34,392.2,1943601
2021-06-01 09:46:35,392.2,1943601
2021-06-01 09:46:36,392.2,1943626
2021-06-01 09:46:38,392.2,1943626
2021-06-01 09:46:38,392.2,1943646
2021-06-01 09:46:40,392.2,1943846
2021-06-01 09:46:41,392.2,1951083
2021-06-01 09:46:42,392.25,1951128
2021-06-01 09:46:43,392.25,1951228
2021-06-01 09:46:44,392.25,1951229
2021-06-01 09:46:45,392.25,1951729
2021-06-01 09:46:46,392.25,1951729
2021-06-01 09:46:47,392.25,1951729
2021-06-01 09:46:49,392.25,1952119
2021-06-01 09:46:49,392.1,1952419
2021-06-01 09:46:51,392.25,1952519
2021-06-01 09:46:52,392.25,1952520
2021-06-01 09:46:53,392.25,1952759
2021-06-01 09:46:54,392.25,1953066
2021-06-01 09:46:55,392.25,1953068
2021-06-01 09:46:56,392.25,1953068
2021-06-01 09:46:57,392.25,1953068
2021-06-01 09:46:58,392.25,1953319
2021-06-01 09:46:59,392.15,1953699
2021-06-01 09:47:00,392.15,1954077
2021-06-01 09:47:01,392.25,1954282
2021-06-01 09:47:02,392.25,1954357
2021-06-01 09:47:03,392.25,1954357
2021-06-01 09:47:03,392.25,1954475
2021-06-01 09:47:04,392.25,1954475
2021-06-01 09:47:05,392.25,1954475
2021-06-01 09:47:06,392.25,1954725
2021-06-01 09:47:07,392.25,1954727
2021-06-01 09:47:08,392.25,1954754
2021-06-01 09:47:09,392.15,1954811
2021-06-01 09:47:10,392.15,1954883
2021-06-01 09:47:12,392.15,1954954
2021-06-01 09:47:13,392.15,1955081
2021-06-01 09:47:14,392.15,1955081
2021-06-01 09:47:15,392.25,1955093
2021-06-01 09:47:16,392.25,1955093
2021-06-01 09:47:17,392.2,1955193
2021-06-01 09:47:18,392.2,1955193
2021-06-01 09:47:19,392.2,1955227
2021-06-01 09:47:19,392.2,1955227
2021-06-01 09:47:20,392.2,1955576
2021-06-01 09:47:22,392.15,1956076
2021-06-01 09:47:24,392.15,1956076
2021-06-01 09:47:24,392.15,1956576
2021-06-01 09:47:25,392.15,1957127
2021-06-01 09:47:27,392.2,1957677
2021-06-01 09:47:28,392.15,1958177
2021-06-01 09:47:29,392.2,1958341
2021-06-01 09:47:30,392.2,1958381
2021-06-01 09:47:31,392.2,1958406
2021-06-01 09:47:32,392.2,1958406
2021-06-01 09:47:33,392.2,1958573
2021-06-01 09:47:34,392.2,1958573
2021-06-01 09:47:35,392.2,1958573
2021-06-01 09:47:36,392.15,1958683
2021-06-01 09:47:37,392.2,1958883
2021-06-01 09:47:38,392.2,1958938
2021-06-01 09:47:39,392.2,1958938
2021-06-01 09:47:40,392.2,1958938
2021-06-01 09:47:41,392.2,1958938
2021-06-01 09:47:42,392.2,1962127
2021-06-01 09:47:43,392.2,1962476
2021-06-01 09:47:44,392.1,1962606
2021-06-01 09:47:45,392.1,1962611
2021-06-01 09:47:46,392.15,1962662
2021-06-01 09:47:47,392.15,1962662
2021-06-01 09:47:48,392.15,1962937
2021-06-01 09:47:49,392.15,1963062
2021-06-01 09:47:50,392.0,1976337
2021-06-01 09:47:51,392.0,1976337
2021-06-01 09:47:52,391.95,1984860
2021-06-01 09:47:53,391.85,1985278
2021-06-01 09:47:54,391.9,1985546
2021-06-01 09:47:55,391.9,1985546
2021-06-01 09:47:56,391.85,1987696
2021-06-01 09:47:57,391.9,1988031
2021-06-01 09:47:58,391.9,1988041
2021-06-01 09:48:00,391.9,1988041
2021-06-01 09:48:01,391.9,1988126
2021-06-01 09:48:02,391.9,1988135
2021-06-01 09:48:03,391.9,1988635
2021-06-01 09:48:04,391.85,1988836
2021-06-01 09:48:05,391.9,1989136
2021-06-01 09:48:06,391.95,1989141
2021-06-01 09:48:06,391.95,1989141
2021-06-01 09:48:07,391.95,1989142
2021-06-01 09:48:08,392.0,1989292
2021-06-01 09:48:10,392.0,1989292
2021-06-01 09:48:10,391.9,1989390
2021-06-01 09:48:12,391.9,1989391
2021-06-01 09:48:13,391.9,1989901
2021-06-01 09:48:14,391.85,1989906
2021-06-01 09:48:15,391.9,1990006
2021-06-01 09:48:16,392.0,1998051
2021-06-01 09:48:17,392.1,1998292
2021-06-01 09:48:18,392.0,1998343
2021-06-01 09:48:19,392.2,1999889
2021-06-01 09:48:20,392.0,2001861
2021-06-01 09:48:20,391.95,2001941
2021-06-01 09:48:21,391.95,2001941
2021-06-01 09:48:22,391.95,2001941
2021-06-01 09:48:23,392.0,2002336
2021-06-01 09:48:24,391.9,2008400
2021-06-01 09:48:25,392.05,2008743
2021-06-01 09:48:27,391.85,2029907
2021-06-01 09:48:28,391.7,2032635
2021-06-01 09:48:29,391.7,2033255
2021-06-01 09:48:30,391.75,2033280
2021-06-01 09:48:31,391.6,2034855
2021-06-01 09:48:32,391.75,2036051
2021-06-01 09:48:33,391.6,2036601
2021-06-01 09:48:34,391.7,2038402
2021-06-01 09:48:35,391.7,2038503
2021-06-01 09:48:36,391.7,2039083
2021-06-01 09:48:37,391.6,2039109
2021-06-01 09:48:38,391.7,2039112
2021-06-01 09:48:39,391.55,2039420
2021-06-01 09:48:40,391.7,2040420
2021-06-01 09:48:41,391.7,2040925
2021-06-01 09:48:42,391.6,2041300
2021-06-01 09:48:43,391.65,2041306
2021-06-01 09:48:44,391.55,2043006
2021-06-01 09:48:45,391.7,2043368
2021-06-01 09:48:45,391.6,2043587
2021-06-01 09:48:46,391.7,2043737
2021-06-01 09:48:47,391.75,2046401
2021-06-01 09:48:49,391.8,2046448
2021-06-01 09:48:50,391.75,2046648
2021-06-01 09:48:51,391.8,2046758
2021-06-01 09:48:52,391.75,2047190
2021-06-01 09:48:53,391.8,2047218
2021-06-01 09:48:54,391.75,2048803
2021-06-01 09:48:55,391.8,2048851
2021-06-01 09:48:56,391.8,2048851
2021-06-01 09:48:57,391.9,2048926
2021-06-01 09:48:58,391.9,2048926
2021-06-01 09:48:59,391.8,2049456
2021-06-01 09:49:00,391.75,2049767
2021-06-01 09:49:01,391.85,2050079
2021-06-01 09:49:02,391.9,2050164
2021-06-01 09:49:03,391.7,2050601
2021-06-01 09:49:04,391.85,2050631
2021-06-01 09:49:04,391.85,2050632
2021-06-01 09:49:05,391.85,2050632
2021-06-01 09:49:06,391.85,2050633
2021-06-01 09:49:07,391.8,2050643
2021-06-01 09:49:09,391.85,2050773
2021-06-01 09:49:10,391.65,2050775
2021-06-01 09:49:10,391.85,2050835
2021-06-01 09:49:12,391.8,2050985
2021-06-01 09:49:13,392.0,2053064
2021-06-01 09:49:15,391.9,2053121
2021-06-01 09:49:16,391.9,2053121
2021-06-01 09:49:17,391.9,2053121
2021-06-01 09:49:18,391.9,2053121
2021-06-01 09:49:19,391.9,2053121
2021-06-01 09:49:20,392.0,2055585
2021-06-01 09:49:21,392.0,2055585
2021-06-01 09:49:21,392.0,2055585
2021-06-01 09:49:23,392.05,2055646
2021-06-01 09:49:23,392.0,2055666
2021-06-01 09:49:24,392.2,2056089
2021-06-01 09:49:25,392.25,2056239
2021-06-01 09:49:27,392.15,2056265
2021-06-01 09:49:28,392.15,2056265
2021-06-01 09:49:29,392.25,2056768
2021-06-01 09:49:30,392.25,2056768
2021-06-01 09:49:31,392.15,2057178
2021-06-01 09:49:32,392.15,2057178
2021-06-01 09:49:33,392.25,2057784
2021-06-01 09:49:34,392.25,2057889
2021-06-01 09:49:35,392.3,2057989
2021-06-01 09:49:36,392.2,2058127
2021-06-01 09:49:37,392.2,2058130
2021-06-01 09:49:38,392.2,2058130
2021-06-01 09:49:39,392.15,2058140
2021-06-01 09:49:40,392.15,2058140
2021-06-01 09:49:41,392.15,2058140
2021-06-01 09:49:42,392.1,2059177
2021-06-01 09:49:43,392.05,2059257
2021-06-01 09:49:44,392.15,2059282
2021-06-01 09:49:45,392.1,2059377
2021-06-01 09:49:46,392.05,2059389
2021-06-01 09:49:47,392.1,2059636
2021-06-01 09:49:48,392.1,2059636
2021-06-01 09:49:49,392.0,2059736
2021-06-01 09:49:50,392.1,2059737
2021-06-01 09:49:51,392.0,2060437
2021-06-01 09:49:52,392.0,2060437
2021-06-01 09:49:53,392.0,2060439
2021-06-01 09:49:55,392.1,2060489
2021-06-01 09:49:56,392.0,2060556
2021-06-01 09:49:57,392.05,2062288
2021-06-01 09:49:58,392.05,2062288
2021-06-01 09:49:59,392.0,2064383
2021-06-01 09:50:01,391.95,2065013
2021-06-01 09:50:02,391.85,2065053
2021-06-01 09:50:03,391.85,2066568
2021-06-01 09:50:04,391.8,2066883
2021-06-01 09:50:05,391.7,2066957
2021-06-01 09:50:06,391.7,2067214
2021-06-01 09:50:07,391.75,2067371
2021-06-01 09:50:08,391.75,2067372
2021-06-01 09:50:09,391.75,2068073
2021-06-01 09:50:10,391.75,2068117
2021-06-01 09:50:11,391.75,2068212
2021-06-01 09:50:12,391.7,2068312
2021-06-01 09:50:13,391.75,2068512
2021-06-01 09:50:14,391.65,2069648
2021-06-01 09:50:15,391.65,2069709
2021-06-01 09:50:16,391.6,2069935
2021-06-01 09:50:17,391.65,2070360
2021-06-01 09:50:18,391.65,2070828
2021-06-01 09:50:19,391.6,2071940
2021-06-01 09:50:20,391.6,2072330
2021-06-01 09:50:21,391.6,2072730
2021-06-01 09:50:22,391.65,2072755
2021-06-01 09:50:23,391.6,2072805
2021-06-01 09:50:24,391.6,2073481
2021-06-01 09:50:25,391.6,2073681
2021-06-01 09:50:26,391.7,2073781
2021-06-01 09:50:27,391.65,2080527
2021-06-01 09:50:28,391.65,2080742
2021-06-01 09:50:29,391.65,2081831
2021-06-01 09:50:30,391.65,2081836
2021-06-01 09:50:32,391.65,2082018
2021-06-01 09:50:33,391.65,2082018
2021-06-01 09:50:34,391.6,2083212
2021-06-01 09:50:35,391.55,2100208
2021-06-01 09:50:36,391.4,2103275
2021-06-01 09:50:37,391.55,2104248
2021-06-01 09:50:39,391.5,2105755
2021-06-01 09:50:40,391.45,2106062
2021-06-01 09:50:41,391.25,2109520
2021-06-01 09:50:42,391.35,2111884
2021-06-01 09:50:43,391.45,2111935
2021-06-01 09:50:44,391.45,2111935
2021-06-01 09:50:45,391.35,2112752
2021-06-01 09:50:46,391.55,2113984
2021-06-01 09:50:47,391.55,2113989
2021-06-01 09:50:48,391.45,2114089
2021-06-01 09:50:49,391.65,2116018
2021-06-01 09:50:50,391.55,2116350
2021-06-01 09:50:51,391.55,2116379
2021-06-01 09:50:52,391.7,2117499
2021-06-01 09:50:53,391.5,2117619
2021-06-01 09:50:54,391.5,2117624
2021-06-01 09:50:55,391.5,2117624
2021-06-01 09:50:56,391.5,2117624
2021-06-01 09:50:57,391.45,2119834
2021-06-01 09:50:58,391.35,2120541
2021-06-01 09:50:59,391.55,2120646
2021-06-01 09:51:00,391.4,2121180
2021-06-01 09:51:01,391.4,2121180
2021-06-01 09:51:02,391.5,2121230
2021-06-01 09:51:03,391.4,2121379
2021-06-01 09:51:04,391.4,2121379
2021-06-01 09:51:05,391.5,2121801
2021-06-01 09:51:06,391.4,2122391
2021-06-01 09:51:07,391.35,2123040
2021-06-01 09:51:08,391.5,2123165
2021-06-01 09:51:09,391.55,2123591
2021-06-01 09:51:10,391.6,2123800
2021-06-01 09:51:11,391.6,2124501
2021-06-01 09:51:12,391.6,2124527
2021-06-01 09:51:13,391.4,2124553
2021-06-01 09:51:14,391.5,2124805
2021-06-01 09:51:15,391.5,2124805
2021-06-01 09:51:16,391.5,2124855
2021-06-01 09:51:17,391.4,2126107
2021-06-01 09:51:18,391.6,2127209
2021-06-01 09:51:19,391.75,2131408
2021-06-01 09:51:20,391.85,2131433
2021-06-01 09:51:21,391.9,2132083
2021-06-01 09:51:22,391.8,2132088
2021-06-01 09:51:23,391.8,2132138
2021-06-01 09:51:24,391.8,2132797
2021-06-01 09:51:25,391.8,2132810
2021-06-01 09:51:26,391.8,2134227
2021-06-01 09:51:27,391.75,2134479
2021-06-01 09:51:28,391.55,2134543
2021-06-01 09:51:29,391.75,2134598
2021-06-01 09:51:30,391.75,2134598
2021-06-01 09:51:31,391.7,2134868
2021-06-01 09:51:32,391.7,2134913
2021-06-01 09:51:33,391.7,2135383
2021-06-01 09:51:34,391.7,2135383
2021-06-01 09:51:35,391.55,2135483
2021-06-01 09:51:36,391.65,2135493
2021-06-01 09:51:37,391.5,2138033
2021-06-01 09:51:38,391.55,2138168
2021-06-01 09:51:39,391.55,2138218
2021-06-01 09:51:40,391.55,2138218
2021-06-01 09:51:41,391.55,2138218
2021-06-01 09:51:42,391.5,2138774
2021-06-01 09:51:43,391.4,2149636
2021-06-01 09:51:45,391.35,2150506
2021-06-01 09:51:46,390.9,2208963
2021-06-01 09:51:46,390.9,2232322
2021-06-01 09:51:47,391.05,2233909
2021-06-01 09:51:48,391.0,2237021
2021-06-01 09:51:49,391.0,2237943
2021-06-01 09:51:50,391.25,2238011
2021-06-01 09:51:51,391.25,2239316
2021-06-01 09:51:52,391.35,2240268
2021-06-01 09:51:53,391.35,2240323
2021-06-01 09:51:54,391.35,2240522
2021-06-01 09:51:55,391.35,2240522
2021-06-01 09:51:56,391.3,2240572
2021-06-01 09:51:57,391.2,2242583
2021-06-01 09:51:58,391.35,2242603
2021-06-01 09:51:59,391.35,2242857
2021-06-01 09:52:00,391.2,2243057
2021-06-01 09:52:01,391.25,2243151
2021-06-01 09:52:02,391.2,2243627
2021-06-01 09:52:03,391.25,2244717
2021-06-01 09:52:04,391.25,2245253
2021-06-01 09:52:05,391.35,2245660
2021-06-01 09:52:06,391.35,2246285
2021-06-01 09:52:07,391.35,2247407
2021-06-01 09:52:08,391.2,2247424
2021-06-01 09:52:09,391.5,2254648
2021-06-01 09:52:10,391.65,2255328
2021-06-01 09:52:11,391.5,2255378
2021-06-01 09:52:12,391.5,2255378
2021-06-01 09:52:13,391.6,2256760
2021-06-01 09:52:14,391.45,2256784
2021-06-01 09:52:15,391.5,2256914
2021-06-01 09:52:16,391.4,2259840
2021-06-01 09:52:17,391.4,2259892
2021-06-01 09:52:18,391.25,2260042
2021-06-01 09:52:19,391.4,2264194
2021-06-01 09:52:20,391.4,2264310
2021-06-01 09:52:21,391.4,2264310
2021-06-01 09:52:22,391.45,2264360
2021-06-01 09:52:23,391.3,2265330
2021-06-01 09:52:25,391.2,2267083
2021-06-01 09:52:26,391.2,2267134
2021-06-01 09:52:27,391.05,2267717
2021-06-01 09:52:28,391.15,2268052
2021-06-01 09:52:29,391.15,2270292
2021-06-01 09:52:32,391.1,2271409
2021-06-01 09:52:33,390.95,2272064
2021-06-01 09:52:33,390.95,2272064
2021-06-01 09:52:34,391.0,2272230
2021-06-01 09:52:35,390.8,2273071
2021-06-01 09:52:36,390.7,2274945
2021-06-01 09:52:37,390.8,2275121
2021-06-01 09:52:38,390.85,2276373
2021-06-01 09:52:39,390.75,2276393
2021-06-01 09:52:40,390.75,2277905
2021-06-01 09:52:41,390.9,2280315
2021-06-01 09:52:42,390.75,2280566
2021-06-01 09:52:43,390.75,2281162
2021-06-01 09:52:44,390.65,2288784
2021-06-01 09:52:45,390.65,2296051
2021-06-01 09:52:46,390.6,2296152
2021-06-01 09:52:47,390.6,2298789
2021-06-01 09:52:48,390.65,2298951
2021-06-01 09:52:49,390.65,2302369
2021-06-01 09:52:50,390.7,2302564
2021-06-01 09:52:52,390.8,2308201
2021-06-01 09:52:52,390.65,2308701
2021-06-01 09:52:54,390.7,2313686
2021-06-01 09:52:54,390.7,2313635
2021-06-01 09:52:55,390.55,2313772
2021-06-01 09:52:56,390.65,2314834
2021-06-01 09:52:57,390.4,2317240
2021-06-01 09:52:58,390.6,2318046
2021-06-01 09:52:59,390.55,2324246
2021-06-01 09:53:00,390.5,2324557
2021-06-01 09:53:01,390.3,2324871
2021-06-01 09:53:02,390.55,2326530
2021-06-01 09:53:04,390.35,2327209
2021-06-01 09:53:05,390.5,2327510
2021-06-01 09:53:06,390.5,2327773
2021-06-01 09:53:07,390.55,2328280
2021-06-01 09:53:09,390.5,2329840
2021-06-01 09:53:08,390.5,2329840
2021-06-01 09:53:10,390.4,2329990
2021-06-01 09:53:11,390.5,2332710
2021-06-01 09:53:12,390.3,2334584
2021-06-01 09:53:13,390.55,2335143
2021-06-01 09:53:14,390.5,2337418
2021-06-01 09:53:15,390.35,2337917
2021-06-01 09:53:16,390.45,2339340
2021-06-01 09:53:17,390.35,2340672
2021-06-01 09:53:18,390.3,2343188
2021-06-01 09:53:19,390.2,2344011
2021-06-01 09:53:20,390.3,2344814
2021-06-01 09:53:21,390.35,2346524
2021-06-01 09:53:22,390.35,2347742
2021-06-01 09:53:23,390.2,2355495
2021-06-01 09:53:24,390.2,2355705
2021-06-01 09:53:25,390.35,2355779
2021-06-01 09:53:26,390.2,2360770
2021-06-01 09:53:27,390.1,2361120
2021-06-01 09:53:28,390.1,2361785
2021-06-01 09:53:29,390.1,2361935
2021-06-01 09:53:30,390.1,2362546
2021-06-01 09:53:31,390.1,2362696
2021-06-01 09:53:32,390.1,2363295
2021-06-01 09:53:33,390.1,2364305
2021-06-01 09:53:34,390.1,2365701
2021-06-01 09:53:35,390.0,2377169
2021-06-01 09:53:36,390.1,2377223
2021-06-01 09:53:37,390.15,2381084
2021-06-01 09:53:38,390.1,2381209
2021-06-01 09:53:40,390.1,2382751
2021-06-01 09:53:41,390.1,2382811
2021-06-01 09:53:42,390.05,2382927
2021-06-01 09:53:43,390.05,2383110
2021-06-01 09:53:44,390.05,2418838
2021-06-01 09:53:45,390.0,2426607
2021-06-01 09:53:46,390.0,2427986
2021-06-01 09:53:47,389.8,2456027
2021-06-01 09:53:48,389.95,2461289
2021-06-01 09:53:49,390.0,2461694
2021-06-01 09:53:50,390.0,2461800
2021-06-01 09:53:51,390.1,2465586
2021-06-01 09:53:52,390.1,2466236
2021-06-01 09:53:53,389.95,2468611
2021-06-01 09:53:54,389.9,2469508
2021-06-01 09:53:55,389.9,2469508
2021-06-01 09:53:56,390.0,2469662
2021-06-01 09:53:57,389.95,2469794
2021-06-01 09:53:58,390.0,2470075
2021-06-01 09:53:59,390.0,2470408
2021-06-01 09:54:00,390.05,2481142
2021-06-01 09:54:01,390.1,2481170
2021-06-01 09:54:02,390.2,2482170
2021-06-01 09:54:03,390.05,2482280
2021-06-01 09:54:04,390.1,2483681
2021-06-01 09:54:05,390.0,2485098
2021-06-01 09:54:06,390.2,2486123
2021-06-01 09:54:07,390.15,2486523
2021-06-01 09:54:08,390.0,2486579
2021-06-01 09:54:09,390.05,2486959
2021-06-01 09:54:12,390.05,2489698
2021-06-01 09:54:13,390.2,2489800
2021-06-01 09:54:14,390.25,2490710
2021-06-01 09:54:15,390.35,2491483
2021-06-01 09:54:16,390.35,2491533
2021-06-01 09:54:16,390.35,2491533
2021-06-01 09:54:17,390.35,2491563
2021-06-01 09:54:18,390.2,2491988
2021-06-01 09:54:19,390.0,2492208
2021-06-01 09:54:20,390.05,2492757
2021-06-01 09:54:21,390.15,2493687
2021-06-01 09:54:22,390.15,2494196
2021-06-01 09:54:23,390.2,2494609
2021-06-01 09:54:24,390.2,2494609
2021-06-01 09:54:25,390.05,2494899
2021-06-01 09:54:27,390.05,2495379
2021-06-01 09:54:27,390.05,2495379
2021-06-01 09:54:29,390.05,2497012
2021-06-01 09:54:30,390.05,2497115
2021-06-01 09:54:31,390.2,2497118
2021-06-01 09:54:32,390.05,2497168
2021-06-01 09:54:33,390.05,2497688
2021-06-01 09:54:34,390.05,2497688
2021-06-01 09:54:35,390.2,2498418
2021-06-01 09:54:36,390.2,2498718
2021-06-01 09:54:37,390.05,2498918
2021-06-01 09:54:38,390.1,2499618
2021-06-01 09:54:39,390.1,2499621
2021-06-01 09:54:40,390.05,2499641
2021-06-01 09:54:41,390.25,2500691
2021-06-01 09:54:42,390.25,2500726
2021-06-01 09:54:43,390.25,2501326
2021-06-01 09:54:44,390.25,2501426
2021-06-01 09:54:45,390.15,2501556
2021-06-01 09:54:47,390.25,2502196
2021-06-01 09:54:48,390.25,2502326
2021-06-01 09:54:48,390.15,2502446
2021-06-01 09:54:50,390.25,2503311
2021-06-01 09:54:51,390.25,2503311
2021-06-01 09:54:52,390.2,2503323
2021-06-01 09:54:53,390.25,2503398
2021-06-01 09:54:54,390.15,2503898
2021-06-01 09:54:54,390.15,2504380
2021-06-01 09:54:55,390.25,2505753
2021-06-01 09:54:56,390.25,2505818
2021-06-01 09:54:58,390.15,2516208
2021-06-01 09:54:59,390.1,2516523
2021-06-01 09:54:59,390.0,2516773
2021-06-01 09:55:00,390.1,2517246
2021-06-01 09:55:02,390.1,2518574
2021-06-01 09:55:02,390.1,2517574
2021-06-01 09:55:03,390.1,2520799
2021-06-01 09:55:04,390.1,2520878
2021-06-01 09:55:05,390.1,2520933
2021-06-01 09:55:06,390.1,2521477
2021-06-01 09:55:07,390.0,2521677
2021-06-01 09:55:08,390.2,2521929
2021-06-01 09:55:09,390.1,2521992
2021-06-01 09:55:10,390.2,2522401
2021-06-01 09:55:11,390.15,2522552
2021-06-01 09:55:12,390.2,2522653
2021-06-01 09:55:13,390.2,2523100
2021-06-01 09:55:14,390.25,2523843
2021-06-01 09:55:16,390.25,2526399
2021-06-01 09:55:17,390.25,2526678
2021-06-01 09:55:18,390.25,2527522
2021-06-01 09:55:19,390.25,2527567
2021-06-01 09:55:20,390.3,2528707
2021-06-01 09:55:21,390.25,2528873
2021-06-01 09:55:22,390.3,2529424
2021-06-01 09:55:23,390.2,2530434
2021-06-01 09:55:24,390.2,2530434
2021-06-01 09:55:25,390.3,2531034
2021-06-01 09:55:26,390.3,2531034
2021-06-01 09:55:27,390.35,2531104
2021-06-01 09:55:28,390.3,2531411
2021-06-01 09:55:29,390.3,2531564
2021-06-01 09:55:30,390.3,2532042
2021-06-01 09:55:31,390.3,2532362
2021-06-01 09:55:32,390.35,2532912
2021-06-01 09:55:33,390.3,2532988
2021-06-01 09:55:35,390.6,2544248
2021-06-01 09:55:35,390.65,2545688
2021-06-01 09:55:36,390.45,2546884
2021-06-01 09:55:37,390.45,2547084
2021-06-01 09:55:38,390.45,2547084
2021-06-01 09:55:40,390.5,2547210
2021-06-01 09:55:41,390.5,2547352
2021-06-01 09:55:42,390.45,2547373
2021-06-01 09:55:43,390.5,2548383
2021-06-01 09:55:44,390.5,2548408
2021-06-01 09:55:45,390.5,2548434
2021-06-01 09:55:45,390.5,2549234
2021-06-01 09:55:46,390.5,2549684
2021-06-01 09:55:47,390.5,2549759
2021-06-01 09:55:48,390.5,2549859
2021-06-01 09:55:49,390.5,2550962
2021-06-01 09:55:51,390.6,2552606
2021-06-01 09:55:52,390.5,2554313
2021-06-01 09:55:53,390.5,2554313
2021-06-01 09:55:54,390.5,2554373
2021-06-01 09:55:55,390.45,2554819
2021-06-01 09:55:55,390.45,2555131
2021-06-01 09:55:57,390.5,2555293
2021-06-01 09:55:58,390.4,2555832
2021-06-01 09:55:59,390.4,2556463
2021-06-01 09:56:00,390.4,2559141
2021-06-01 09:56:01,390.35,2559192
2021-06-01 09:56:02,390.3,2560163
2021-06-01 09:56:03,390.4,2561542
2021-06-01 09:56:04,390.35,2562157
2021-06-01 09:56:07,390.3,2564639
2021-06-01 09:56:08,390.15,2565279
2021-06-01 09:56:09,390.3,2565356
2021-06-01 09:56:10,390.3,2565576
2021-06-01 09:56:12,390.2,2565812
2021-06-01 09:56:12,390.25,2565813
2021-06-01 09:56:13,390.1,2567963
2021-06-01 09:56:14,390.2,2568156
2021-06-01 09:56:15,390.2,2568207
2021-06-01 09:56:17,390.2,2569339
2021-06-01 09:56:18,390.25,2569539
2021-06-01 09:56:18,390.3,2569615
2021-06-01 09:56:20,390.2,2569965
2021-06-01 09:56:20,390.3,2570019
2021-06-01 09:56:21,390.2,2570119
2021-06-01 09:56:22,390.3,2570169
2021-06-01 09:56:23,390.2,2570911
2021-06-01 09:56:25,390.35,2571161
2021-06-01 09:56:27,390.3,2571997
2021-06-01 09:56:28,390.5,2575118
2021-06-01 09:56:29,390.5,2575419
2021-06-01 09:56:30,390.5,2575492
2021-06-01 09:56:31,390.55,2576690
2021-06-01 09:56:31,390.5,2576790
2021-06-01 09:56:32,390.55,2577078
2021-06-01 09:56:34,390.55,2577224
2021-06-01 09:56:34,390.55,2577224
2021-06-01 09:56:35,390.55,2578230
2021-06-01 09:56:37,390.75,2579306
2021-06-01 09:56:38,390.75,2579317
2021-06-01 09:56:38,390.55,2579337
2021-06-01 09:56:40,390.55,2579586
2021-06-01 09:56:41,390.7,2579686
2021-06-01 09:56:42,390.85,2580990
2021-06-01 09:56:42,390.6,2580992
2021-06-01 09:56:43,390.85,2581302
2021-06-01 09:56:44,390.85,2581302
2021-06-01 09:56:46,390.65,2581602
2021-06-01 09:56:47,390.8,2581622
2021-06-01 09:56:48,390.8,2581818
2021-06-01 09:56:48,390.8,2581936
2021-06-01 09:56:50,390.6,2582940
2021-06-01 09:56:52,390.5,2584186
2021-06-01 09:56:53,390.5,2584236
2021-06-01 09:56:54,390.2,2590450
2021-06-01 09:56:56,390.4,2590514
2021-06-01 09:56:57,390.45,2590980
2021-06-01 09:56:58,390.35,2591002
2021-06-01 09:56:59,390.5,2591227
2021-06-01 09:57:00,390.3,2591512
2021-06-01 09:57:02,390.4,2592174
2021-06-01 09:57:03,390.3,2592523
2021-06-01 09:57:04,390.2,2592609
2021-06-01 09:57:04,390.2,2592609
2021-06-01 09:57:05,390.35,2593010
2021-06-01 09:57:06,390.1,2602719
2021-06-01 09:57:08,390.15,2603134
2021-06-01 09:57:09,390.15,2603134
2021-06-01 09:57:10,390.15,2604944
2021-06-01 09:57:10,390.0,2606542
2021-06-01 09:57:12,390.15,2607742
2021-06-01 09:57:13,390.2,2607865
2021-06-01 09:57:13,390.0,2607890
2021-06-01 09:57:14,390.1,2608145
2021-06-01 09:57:15,390.15,2608445
2021-06-01 09:57:16,390.0,2610475
2021-06-01 09:57:18,390.1,2610875
2021-06-01 09:57:18,390.1,2610876
2021-06-01 09:57:19,390.0,2612236
2021-06-01 09:57:20,390.2,2612805
2021-06-01 09:57:22,390.45,2612815
2021-06-01 09:57:22,390.4,2612846
2021-06-01 09:57:23,390.4,2612896
2021-06-01 09:57:24,390.4,2612898
2021-06-01 09:57:26,390.4,2613187
2021-06-01 09:57:26,390.4,2613882
2021-06-01 09:57:27,390.4,2613882
2021-06-01 09:57:28,390.35,2614387
2021-06-01 09:57:29,390.35,2614537
2021-06-01 09:57:31,390.2,2614582
2021-06-01 09:57:32,390.4,2614832
2021-06-01 09:57:33,390.4,2614832
2021-06-01 09:57:33,390.4,2614832
2021-06-01 09:57:34,390.3,2614852
2021-06-01 09:57:35,390.3,2614852
2021-06-01 09:57:36,390.3,2614852
2021-06-01 09:57:37,390.3,2614852
2021-06-01 09:57:38,390.4,2614952
2021-06-01 09:57:39,390.2,2616992
2021-06-01 09:57:40,390.2,2616992
2021-06-01 09:57:42,390.2,2616992
2021-06-01 09:57:42,390.35,2617031
2021-06-01 09:57:43,390.35,2617063
2021-06-01 09:57:44,390.3,2617064
2021-06-01 09:57:45,390.3,2617064
2021-06-01 09:57:46,390.35,2617069
2021-06-01 09:57:47,390.2,2617255
2021-06-01 09:57:48,390.2,2617302
2021-06-01 09:57:50,390.2,2617977
2021-06-01 09:57:51,390.3,2621258
2021-06-01 09:57:52,390.3,2621258
2021-06-01 09:57:53,390.3,2621258
2021-06-01 09:57:54,390.3,2621309
2021-06-01 09:57:55,390.3,2621484
2021-06-01 09:57:56,390.5,2621824
2021-06-01 09:57:57,390.3,2622883
2021-06-01 09:57:59,390.45,2623834
2021-06-01 09:58:00,390.35,2623954
2021-06-01 09:58:01,390.4,2624154
2021-06-01 09:58:02,390.4,2624154
2021-06-01 09:58:03,390.35,2624486
2021-06-01 09:58:04,390.35,2624507
2021-06-01 09:58:05,390.3,2624527
2021-06-01 09:58:06,390.4,2625059
2021-06-01 09:58:07,390.2,2626197
2021-06-01 09:58:08,390.2,2626197
2021-06-01 09:58:09,390.2,2626383
2021-06-01 09:58:10,390.2,2626674
2021-06-01 09:58:11,390.2,2626711
2021-06-01 09:58:12,390.2,2626948
2021-06-01 09:58:13,390.2,2627048
2021-06-01 09:58:14,390.35,2628207
2021-06-01 09:58:15,390.25,2628209
2021-06-01 09:58:16,390.25,2628211
2021-06-01 09:58:17,390.15,2628711
2021-06-01 09:58:18,390.35,2628714
2021-06-01 09:58:19,390.35,2628774
2021-06-01 09:58:20,390.35,2629223
2021-06-01 09:58:21,390.2,2629460
2021-06-01 09:58:22,390.3,2629515
2021-06-01 09:58:23,390.2,2629855
2021-06-01 09:58:24,390.2,2629855
2021-06-01 09:58:25,390.2,2629855
2021-06-01 09:58:26,390.2,2630079
2021-06-01 09:58:27,390.2,2630079
2021-06-01 09:58:28,390.25,2630129
2021-06-01 09:58:29,390.25,2630129
2021-06-01 09:58:30,390.25,2630704
2021-06-01 09:58:31,390.3,2630754
2021-06-01 09:58:32,390.3,2630754
2021-06-01 09:58:33,390.2,2630914
2021-06-01 09:58:34,390.35,2631076
2021-06-01 09:58:35,390.35,2631126
2021-06-01 09:58:36,390.4,2631320
2021-06-01 09:58:37,390.25,2631450
2021-06-01 09:58:38,390.25,2631727
2021-06-01 09:58:39,390.25,2631728
2021-06-01 09:58:40,390.25,2631750
2021-06-01 09:58:40,390.3,2631776
2021-06-01 09:58:41,390.35,2631930
2021-06-01 09:58:42,390.25,2631932
2021-06-01 09:58:43,390.25,2631933
2021-06-01 09:58:45,390.35,2632108
2021-06-01 09:58:45,390.35,2632308
2021-06-01 09:58:47,390.25,2632309
2021-06-01 09:58:48,390.25,2632309
2021-06-01 09:58:49,390.5,2635010
2021-06-01 09:58:50,390.5,2635105
2021-06-01 09:58:51,390.45,2635155
2021-06-01 09:58:52,390.35,2635275
2021-06-01 09:58:53,390.35,2635490
2021-06-01 09:58:54,390.35,2635580
2021-06-01 09:58:55,390.35,2636658
2021-06-01 09:58:56,390.4,2636758
2021-06-01 09:58:57,390.3,2636759
2021-06-01 09:58:58,390.35,2639222
2021-06-01 09:58:59,390.3,2639252
2021-06-01 09:59:00,390.15,2640207
2021-06-01 09:59:01,390.3,2640682
2021-06-01 09:59:02,390.3,2640682
2021-06-01 09:59:02,390.25,2640683
2021-06-01 09:59:03,390.25,2640683
2021-06-01 09:59:04,390.25,2640683
2021-06-01 09:59:05,390.2,2641139
2021-06-01 09:59:07,390.2,2641139
2021-06-01 09:59:08,390.2,2641229
2021-06-01 09:59:09,390.2,2641229
2021-06-01 09:59:10,390.2,2642478
2021-06-01 09:59:11,390.05,2644733
2021-06-01 09:59:12,390.15,2645294
2021-06-01 09:59:12,390.15,2645552
2021-06-01 09:59:13,390.0,2645553
2021-06-01 09:59:15,390.0,2645964
2021-06-01 09:59:15,390.15,2645984
2021-06-01 09:59:17,390.1,2646070
2021-06-01 09:59:18,390.0,2646263
2021-06-01 09:59:19,390.1,2646293
2021-06-01 09:59:20,390.15,2646730
2021-06-01 09:59:21,390.15,2646740
2021-06-01 09:59:22,390.15,2646897
2021-06-01 09:59:23,390.05,2646947
2021-06-01 09:59:24,390.1,2647262
2021-06-01 09:59:24,390.05,2647412
2021-06-01 09:59:26,390.15,2648442
2021-06-01 09:59:27,390.1,2650068
2021-06-01 09:59:28,390.1,2650118
2021-06-01 09:59:29,390.1,2650418
2021-06-01 09:59:30,390.15,2650468
2021-06-01 09:59:31,390.15,2650518
2021-06-01 09:59:32,390.15,2650639
2021-06-01 09:59:33,390.05,2651639
2021-06-01 09:59:34,390.05,2651939
2021-06-01 09:59:35,390.05,2651974
2021-06-01 09:59:36,390.05,2652584
2021-06-01 09:59:37,390.1,2652804
2021-06-01 09:59:38,390.05,2654104
2021-06-01 09:59:39,390.1,2656300
2021-06-01 09:59:40,390.1,2656401
2021-06-01 09:59:41,389.9,2684483
2021-06-01 09:59:42,389.9,2684540
2021-06-01 09:59:43,390.0,2691780
2021-06-01 09:59:44,390.1,2691821
2021-06-01 09:59:45,390.15,2692691
2021-06-01 09:59:46,390.2,2695897
2021-06-01 09:59:47,390.2,2696048
2021-06-01 09:59:48,390.2,2696048
2021-06-01 09:59:49,390.2,2696048
2021-06-01 09:59:50,390.2,2696548
2021-06-01 09:59:51,390.2,2696621
2021-06-01 09:59:52,390.2,2696621
2021-06-01 09:59:53,390.15,2699029
2021-06-01 09:59:54,390.3,2699131
2021-06-01 09:59:54,390.2,2699211
2021-06-01 09:59:55,390.2,2699412
2021-06-01 09:59:57,390.3,2699413
2021-06-01 09:59:58,390.2,2699428
2021-06-01 09:59:59,390.2,2699739
2021-06-01 10:00:00,390.2,2699739
2021-06-01 10:00:01,390.25,2699860
2021-06-01 10:00:02,390.1,2699880
2021-06-01 10:00:03,390.1,2701757
2021-06-01 10:00:04,390.3,2704981
2021-06-01 10:00:04,390.3,2704981
2021-06-01 10:00:06,390.25,2705044
2021-06-01 10:00:07,390.3,2705247
2021-06-01 10:00:08,390.3,2705559
2021-06-01 10:00:09,390.55,2722491
2021-06-01 10:00:10,390.5,2723315
2021-06-01 10:00:11,390.55,2724041
2021-06-01 10:00:12,390.55,2724765
2021-06-01 10:00:13,390.55,2725265
2021-06-01 10:00:14,390.75,2725499
2021-06-01 10:00:15,390.75,2725512
2021-06-01 10:00:16,390.75,2725587
2021-06-01 10:00:17,390.8,2725914
2021-06-01 10:00:18,390.6,2725965
2021-06-01 10:00:19,390.7,2726013
2021-06-01 10:00:20,390.6,2726364
2021-06-01 10:00:21,390.6,2726364
2021-06-01 10:00:22,390.7,2726470
2021-06-01 10:00:23,390.6,2726475
2021-06-01 10:00:24,390.6,2726768
2021-06-01 10:00:25,390.6,2726768
2021-06-01 10:00:26,390.6,2726838
2021-06-01 10:00:27,390.8,2727239
2021-06-01 10:00:28,390.7,2727249
2021-06-01 10:00:29,390.7,2727249
2021-06-01 10:00:30,390.65,2727599
2021-06-01 10:00:31,390.7,2727776
2021-06-01 10:00:32,390.75,2727779
2021-06-01 10:00:33,390.75,2727849
2021-06-01 10:00:34,390.75,2727849
2021-06-01 10:00:35,390.75,2728044
2021-06-01 10:00:36,390.7,2728074
2021-06-01 10:00:37,390.8,2729141
2021-06-01 10:00:38,390.85,2730546
2021-06-01 10:00:39,390.8,2730809
2021-06-01 10:00:40,390.75,2733951
2021-06-01 10:00:41,390.8,2734976
2021-06-01 10:00:42,390.8,2734976
2021-06-01 10:00:43,390.8,2734976
2021-06-01 10:00:44,390.9,2735991
2021-06-01 10:00:45,390.9,2736092
2021-06-01 10:00:46,390.9,2736103
2021-06-01 10:00:47,390.85,2736129
2021-06-01 10:00:48,390.9,2737208
2021-06-01 10:00:49,390.9,2737210
2021-06-01 10:00:50,390.9,2737239
2021-06-01 10:00:51,390.9,2737239
2021-06-01 10:00:52,390.9,2737665
2021-06-01 10:00:53,391.1,2751143
2021-06-01 10:00:54,391.05,2751251
2021-06-01 10:00:55,391.1,2752552
2021-06-01 10:00:56,391.1,2752552
2021-06-01 10:00:57,391.15,2752587
2021-06-01 10:00:58,391.15,2753012
2021-06-01 10:00:59,391.1,2753871
2021-06-01 10:01:00,391.25,2753896
2021-06-01 10:01:01,391.2,2753947
2021-06-01 10:01:02,390.95,2759300
2021-06-01 10:01:03,391.05,2759313
2021-06-01 10:01:05,391.1,2760186
2021-06-01 10:01:06,391.1,2760186
2021-06-01 10:01:07,390.9,2760336
2021-06-01 10:01:08,391.15,2760387
2021-06-01 10:01:09,391.15,2760387
2021-06-01 10:01:10,391.15,2760414
2021-06-01 10:01:11,391.05,2761502
2021-06-01 10:01:12,390.95,2761742
2021-06-01 10:01:13,391.1,2762897
2021-06-01 10:01:14,391.15,2763005
2021-06-01 10:01:15,391.2,2763405
2021-06-01 10:01:16,391.2,2763605
2021-06-01 10:01:17,391.2,2763605
2021-06-01 10:01:18,391.2,2764134
2021-06-01 10:01:19,391.2,2764454
2021-06-01 10:01:20,391.25,2765196
2021-06-01 10:01:21,391.2,2765697
2021-06-01 10:01:22,391.2,2765757
2021-06-01 10:01:23,391.2,2765807
2021-06-01 10:01:24,391.2,2766489
2021-06-01 10:01:25,391.2,2766499
2021-06-01 10:01:26,391.1,2767923
2021-06-01 10:01:28,391.15,2767924
2021-06-01 10:01:29,391.25,2768474
2021-06-01 10:01:30,391.25,2768474
2021-06-01 10:01:31,391.3,2768524
2021-06-01 10:01:32,391.25,2768804
2021-06-01 10:01:33,391.3,2769059
2021-06-01 10:01:34,391.25,2769062
2021-06-01 10:01:36,391.3,2769312
2021-06-01 10:01:37,391.3,2769362
2021-06-01 10:01:38,391.3,2769362
2021-06-01 10:01:39,391.3,2769612
2021-06-01 10:01:40,391.15,2769622
2021-06-01 10:01:41,391.05,2770019
2021-06-01 10:01:42,391.2,2770714
2021-06-01 10:01:43,391.0,2773024
2021-06-01 10:01:44,391.3,2777024
2021-06-01 10:01:45,390.95,2777850
2021-06-01 10:01:46,391.15,2778180
2021-06-01 10:01:47,391.15,2778180
2021-06-01 10:01:48,391.15,2778180
2021-06-01 10:01:49,391.2,2778484
2021-06-01 10:01:50,391.1,2778804
2021-06-01 10:01:51,391.2,2778812
2021-06-01 10:01:52,391.25,2778912
2021-06-01 10:01:53,391.25,2778924
2021-06-01 10:01:54,391.3,2780179
2021-06-01 10:01:55,391.2,2780182
2021-06-01 10:01:56,391.2,2780232
2021-06-01 10:01:57,391.2,2780232
2021-06-01 10:01:58,391.35,2781598
2021-06-01 10:01:59,391.35,2781998
2021-06-01 10:02:00,391.25,2782062
2021-06-01 10:02:01,391.25,2782062
2021-06-01 10:02:02,391.25,2782062
2021-06-01 10:02:03,391.3,2782072
2021-06-01 10:02:04,391.3,2782384
2021-06-01 10:02:05,391.3,2782434
2021-06-01 10:02:06,391.3,2782909
2021-06-01 10:02:07,391.3,2782948
2021-06-01 10:02:08,391.3,2783601
2021-06-01 10:02:09,391.3,2783601
2021-06-01 10:02:11,391.35,2790936
2021-06-01 10:02:12,391.3,2791163
2021-06-01 10:02:13,391.25,2791902
2021-06-01 10:02:14,391.25,2794021
2021-06-01 10:02:15,391.25,2794021
2021-06-01 10:02:16,391.35,2797739
2021-06-01 10:02:17,391.2,2797756
2021-06-01 10:02:18,391.2,2797818
2021-06-01 10:02:19,391.2,2797818
2021-06-01 10:02:20,391.2,2797818
2021-06-01 10:02:21,391.2,2797818
2021-06-01 10:02:22,391.2,2798018
2021-06-01 10:02:23,391.2,2798018
2021-06-01 10:02:24,391.25,2798096
2021-06-01 10:02:25,391.25,2798181
2021-06-01 10:02:26,391.2,2798281
2021-06-01 10:02:27,391.2,2798281
2021-06-01 10:02:28,391.25,2798282
2021-06-01 10:02:29,391.25,2798282
2021-06-01 10:02:30,391.25,2798382
2021-06-01 10:02:31,391.2,2799132
2021-06-01 10:02:32,391.2,2799140
2021-06-01 10:02:34,391.3,2799700
2021-06-01 10:02:33,391.2,2799140
2021-06-01 10:02:35,391.25,2799759
2021-06-01 10:02:36,391.25,2799759
2021-06-01 10:02:37,391.3,2800131
2021-06-01 10:02:38,391.3,2800131
2021-06-01 10:02:39,391.3,2800434
2021-06-01 10:02:40,391.3,2800484
2021-06-01 10:02:42,391.3,2800559
2021-06-01 10:02:41,391.3,2800484
2021-06-01 10:02:43,391.35,2800748
2021-06-01 10:02:44,391.35,2800834
2021-06-01 10:02:45,391.3,2801335
2021-06-01 10:02:46,391.4,2802041
2021-06-01 10:02:47,391.3,2802062
2021-06-01 10:02:48,391.35,2802272
2021-06-01 10:02:49,391.35,2804056
2021-06-01 10:02:51,391.4,2804142
2021-06-01 10:02:52,391.4,2804152
2021-06-01 10:02:53,391.4,2804155
2021-06-01 10:02:53,391.4,2804155
2021-06-01 10:02:55,391.4,2804365
2021-06-01 10:02:56,391.4,2804366
2021-06-01 10:02:57,391.45,2820007
2021-06-01 10:02:58,391.7,2820414
2021-06-01 10:02:59,391.6,2820739
2021-06-01 10:03:00,391.6,2820739
2021-06-01 10:03:01,391.75,2820747
2021-06-01 10:03:02,391.75,2820778
2021-06-01 10:03:03,391.75,2820778
2021-06-01 10:03:04,391.75,2820938
2021-06-01 10:03:05,391.75,2821018
2021-06-01 10:03:07,391.75,2822072
2021-06-01 10:03:07,391.8,2826699
2021-06-01 10:03:09,391.8,2828481
2021-06-01 10:03:09,391.6,2827581
2021-06-01 10:03:10,391.6,2828582
2021-06-01 10:03:11,391.3,2829828
2021-06-01 10:03:12,391.35,2830177
2021-06-01 10:03:13,391.35,2832232
2021-06-01 10:03:14,391.25,2832636
2021-06-01 10:03:15,391.1,2833274
2021-06-01 10:03:16,391.1,2833478
2021-06-01 10:03:17,391.25,2836358
2021-06-01 10:03:18,391.2,2836723
2021-06-01 10:03:19,391.2,2836739
2021-06-01 10:03:20,391.2,2837088
2021-06-01 10:03:21,391.2,2837088
2021-06-01 10:03:22,391.0,2839134
2021-06-01 10:03:23,391.1,2841981
2021-06-01 10:03:24,391.1,2842437
2021-06-01 10:03:25,391.1,2842437
2021-06-01 10:03:27,391.0,2842764
2021-06-01 10:03:28,391.0,2842774
2021-06-01 10:03:29,391.0,2842774
2021-06-01 10:03:30,391.0,2842995
2021-06-01 10:03:32,390.9,2844252
2021-06-01 10:03:32,390.7,2845124
2021-06-01 10:03:34,390.7,2846024
2021-06-01 10:03:35,390.85,2846044
2021-06-01 10:03:36,391.0,2850408
2021-06-01 10:03:37,391.0,2850408
2021-06-01 10:03:38,390.9,2850884
2021-06-01 10:03:39,390.9,2850884
2021-06-01 10:03:40,390.9,2850884
2021-06-01 10:03:41,390.85,2851054
2021-06-01 10:03:42,390.9,2851101
2021-06-01 10:03:43,390.9,2851101
2021-06-01 10:03:44,390.9,2851101
2021-06-01 10:03:45,390.9,2851101
2021-06-01 10:03:46,390.9,2851101
2021-06-01 10:03:47,390.9,2854966
2021-06-01 10:03:48,390.9,2854966
2021-06-01 10:03:49,390.9,2854966
2021-06-01 10:03:50,390.7,2855665
2021-06-01 10:03:51,390.65,2855737
2021-06-01 10:03:52,390.65,2855822
2021-06-01 10:03:53,390.5,2856075
2021-06-01 10:03:54,390.6,2856183
2021-06-01 10:03:55,390.6,2856183
2021-06-01 10:03:56,390.6,2856183
2021-06-01 10:03:57,390.5,2856208
2021-06-01 10:03:58,390.65,2857708
2021-06-01 10:03:59,390.65,2857708
2021-06-01 10:04:00,390.5,2866800
2021-06-01 10:04:01,390.4,2867263
2021-06-01 10:04:02,390.4,2867743
2021-06-01 10:04:03,390.1,2873158
2021-06-01 10:04:04,390.4,2873794
2021-06-01 10:04:05,390.4,2873844
2021-06-01 10:04:06,390.35,2873845
2021-06-01 10:04:07,390.4,2873921
2021-06-01 10:04:08,390.35,2874153
2021-06-01 10:04:09,390.35,2874153
2021-06-01 10:04:10,390.35,2874156
2021-06-01 10:04:11,390.4,2877313
2021-06-01 10:04:12,390.4,2877378
2021-06-01 10:04:13,390.4,2877378
2021-06-01 10:04:14,390.35,2877728
2021-06-01 10:04:15,390.5,2878078
2021-06-01 10:04:16,390.5,2878087
2021-06-01 10:04:17,390.5,2878108
2021-06-01 10:04:19,390.6,2878309
2021-06-01 10:04:20,390.6,2878498
2021-06-01 10:04:21,390.6,2878498
2021-06-01 10:04:22,390.6,2878498
2021-06-01 10:04:23,390.6,2878508
2021-06-01 10:04:24,390.65,2878533
2021-06-01 10:04:25,390.6,2878607
2021-06-01 10:04:26,390.6,2878609
2021-06-01 10:04:27,390.5,2880809
2021-06-01 10:04:28,390.5,2882969
2021-06-01 10:04:29,390.6,2882993
2021-06-01 10:04:30,390.6,2883063
2021-06-01 10:04:31,390.6,2883063
2021-06-01 10:04:32,390.6,2883313
2021-06-01 10:04:33,390.6,2883313
2021-06-01 10:04:34,390.4,2883813
2021-06-01 10:04:35,390.6,2884813
2021-06-01 10:04:36,390.6,2884889
2021-06-01 10:04:38,390.5,2884962
2021-06-01 10:04:37,390.6,2884889
2021-06-01 10:04:39,390.65,2886082
2021-06-01 10:04:40,390.65,2886273
2021-06-01 10:04:41,390.85,2887013
2021-06-01 10:04:42,390.85,2887564
2021-06-01 10:04:43,391.0,2887671
2021-06-01 10:04:44,390.75,2887780
2021-06-01 10:04:45,390.75,2887780
2021-06-01 10:04:46,390.75,2887804
2021-06-01 10:04:47,390.75,2888009
2021-06-01 10:04:48,390.75,2888009
2021-06-01 10:04:49,390.75,2888009
2021-06-01 10:04:50,390.75,2888009
2021-06-01 10:04:51,390.7,2888011
2021-06-01 10:04:52,390.6,2889788
2021-06-01 10:04:53,390.65,2890289
2021-06-01 10:04:54,390.5,2892197
2021-06-01 10:04:55,390.5,2893100
2021-06-01 10:04:56,390.5,2893100
2021-06-01 10:04:57,390.45,2894085
2021-06-01 10:04:58,390.35,2894460
2021-06-01 10:04:59,390.35,2894460
2021-06-01 10:05:00,390.25,2896677
2021-06-01 10:05:01,390.05,2897219
2021-06-01 10:05:02,390.05,2897219
2021-06-01 10:05:03,390.1,2897220
2021-06-01 10:05:05,390.1,2898114
2021-06-01 10:05:06,390.1,2898571
2021-06-01 10:05:07,390.1,2898571
2021-06-01 10:05:08,390.2,2898871
2021-06-01 10:05:09,390.25,2898896
2021-06-01 10:05:09,390.25,2898896
2021-06-01 10:05:10,390.45,2899635
2021-06-01 10:05:11,390.5,2899842
2021-06-01 10:05:12,390.5,2899842
2021-06-01 10:05:13,390.45,2900591
2021-06-01 10:05:14,390.3,2900880
2021-06-01 10:05:15,390.3,2900880
2021-06-01 10:05:16,390.3,2900880
2021-06-01 10:05:17,390.3,2900880
2021-06-01 10:05:18,390.45,2902881
2021-06-01 10:05:19,390.3,2903207
2021-06-01 10:05:20,390.4,2903906
2021-06-01 10:05:22,390.4,2905809
2021-06-01 10:05:22,390.2,2906197
2021-06-01 10:05:23,390.2,2906473
2021-06-01 10:05:24,390.2,2906473
2021-06-01 10:05:25,390.4,2906613
2021-06-01 10:05:26,390.45,2908639
2021-06-01 10:05:28,390.2,2909268
2021-06-01 10:05:29,390.45,2909518
2021-06-01 10:05:30,390.35,2909528
2021-06-01 10:05:31,390.45,2909537
2021-06-01 10:05:32,390.45,2910413
2021-06-01 10:05:33,390.45,2910513
2021-06-01 10:05:34,390.45,2911536
2021-06-01 10:05:36,390.45,2911634
2021-06-01 10:05:37,390.65,2911775
2021-06-01 10:05:38,390.8,2912347
2021-06-01 10:05:38,390.8,2912347
2021-06-01 10:05:39,390.5,2913731
2021-06-01 10:05:40,390.45,2914254
2021-06-01 10:05:42,390.3,2914670
2021-06-01 10:05:44,390.5,2914744
2021-06-01 10:05:45,390.55,2915844
2021-06-01 10:05:46,390.55,2915844
2021-06-01 10:05:46,390.4,2916344
2021-06-01 10:05:47,390.4,2916344
2021-06-01 10:05:48,390.5,2916348
2021-06-01 10:05:49,390.5,2916348
2021-06-01 10:05:50,390.5,2916398
2021-06-01 10:05:51,390.3,2918684
2021-06-01 10:05:52,390.25,2919508
2021-06-01 10:05:53,390.25,2919618
2021-06-01 10:05:55,390.3,2919708
2021-06-01 10:05:56,390.3,2920229
2021-06-01 10:05:57,390.45,2921291
2021-06-01 10:05:58,390.45,2921353
2021-06-01 10:05:59,390.45,2921353
2021-06-01 10:05:59,390.45,2921353
2021-06-01 10:06:00,390.45,2921353
2021-06-01 10:06:01,390.45,2921353
2021-06-01 10:06:02,390.45,2921463
2021-06-01 10:06:03,390.35,2921513
2021-06-01 10:06:05,390.5,2921873
2021-06-01 10:06:06,390.5,2921907
2021-06-01 10:06:06,390.5,2921907
2021-06-01 10:06:07,390.5,2921907
2021-06-01 10:06:08,390.6,2921917
2021-06-01 10:06:09,390.6,2921917
2021-06-01 10:06:10,390.5,2922117
2021-06-01 10:06:11,390.6,2922358
2021-06-01 10:06:12,390.6,2922358
2021-06-01 10:06:14,390.6,2922358
2021-06-01 10:06:15,390.6,2922618
2021-06-01 10:06:16,390.85,2922668
2021-06-01 10:06:16,390.85,2922668
2021-06-01 10:06:17,390.85,2922693
2021-06-01 10:06:18,390.9,2922758
2021-06-01 10:06:19,390.95,2923734
2021-06-01 10:06:20,390.95,2923734
2021-06-01 10:06:21,391.05,2925478
2021-06-01 10:06:23,391.05,2927045
2021-06-01 10:06:25,390.65,2930277
2021-06-01 10:06:26,390.65,2930316
