timestamp,ltp,volume
2021-06-01 09:15:59,225.2,77404
2021-06-01 09:16:05,225.3,83109
2021-06-01 09:16:12,225.35,88768
2021-06-01 09:16:18,224.95,93166
2021-06-01 09:16:24,225.35,94932
2021-06-01 09:16:31,225.35,98421
2021-06-01 09:16:37,225.35,100029
2021-06-01 09:16:43,225.3,103344
2021-06-01 09:16:49,225.35,103927
2021-06-01 09:16:55,225.35,104721
2021-06-01 09:17:01,225.35,106166
2021-06-01 09:17:07,225.15,107698
2021-06-01 09:17:14,225.35,111651
2021-06-01 09:17:20,225.35,112632
2021-06-01 09:17:26,225.2,114716
2021-06-01 09:17:32,225.5,117394
2021-06-01 09:17:38,225.45,118684
2021-06-01 09:17:44,225.3,119071
2021-06-01 09:17:50,225.4,119666
2021-06-01 09:17:56,225.3,119944
2021-06-01 09:18:03,225.3,122525
2021-06-01 09:18:09,224.9,140176
2021-06-01 09:18:15,225.0,140787
2021-06-01 09:18:21,225.05,140819
2021-06-01 09:18:27,225.0,145455
2021-06-01 09:18:33,225.0,146922
2021-06-01 09:18:39,224.95,147679
2021-06-01 09:18:45,225.15,150381
2021-06-01 09:18:51,225.25,151984
2021-06-01 09:18:56,225.3,152312
2021-06-01 09:19:02,225.3,157553
2021-06-01 09:19:08,225.45,159233
2021-06-01 09:19:14,225.2,160673
2021-06-01 09:19:20,225.3,160774
2021-06-01 09:19:26,225.25,161290
2021-06-01 09:19:32,225.25,164541
2021-06-01 09:19:37,225.25,164822
2021-06-01 09:19:43,225.15,165063
2021-06-01 09:19:49,225.05,166600
2021-06-01 09:19:55,225.15,171013
2021-06-01 09:20:00,225.2,173442
2021-06-01 09:20:06,225.05,173847
2021-06-01 09:20:11,225.15,173848
2021-06-01 09:20:17,225.15,178057
2021-06-01 09:20:23,225.15,183376
2021-06-01 09:20:29,224.85,186253
2021-06-01 09:20:35,224.8,191281
2021-06-01 09:20:40,224.75,194528
2021-06-01 09:20:46,224.9,194752
2021-06-01 09:20:52,224.9,195581
2021-06-01 09:20:57,224.8,198462
2021-06-01 09:21:03,224.8,199525
2021-06-01 09:21:09,224.8,200118
2021-06-01 09:21:14,225.0,201199
2021-06-01 09:21:20,224.95,204363
2021-06-01 09:21:25,224.95,227075
2021-06-01 09:21:31,224.95,234332
2021-06-01 09:21:36,224.9,234683
2021-06-01 09:21:42,224.95,235187
2021-06-01 09:21:48,224.95,235212
2021-06-01 09:21:53,224.9,235689
2021-06-01 09:21:59,224.9,236584
2021-06-01 09:22:05,224.95,237046
2021-06-01 09:22:11,224.75,243290
2021-06-01 09:22:16,224.8,245604
2021-06-01 09:22:22,224.9,251617
2021-06-01 09:22:27,224.8,252252
2021-06-01 09:22:33,224.85,252664
2021-06-01 09:22:38,225.0,254314
2021-06-01 09:22:44,224.9,254405
2021-06-01 09:22:50,225.0,257330
2021-06-01 09:22:55,225.15,260329
2021-06-01 09:23:00,225.0,261497
2021-06-01 09:23:06,225.05,261711
2021-06-01 09:23:12,225.05,262806
2021-06-01 09:23:17,224.95,268073
2021-06-01 09:23:22,224.9,268224
2021-06-01 09:23:28,225.0,269055
2021-06-01 09:23:34,224.9,269281
2021-06-01 09:23:39,224.9,274486
2021-06-01 09:23:45,224.9,274486
2021-06-01 09:23:50,224.95,274999
2021-06-01 09:23:56,224.9,275361
2021-06-01 09:24:01,224.95,276177
2021-06-01 09:24:07,225.05,276757
2021-06-01 09:24:12,225.1,280516
2021-06-01 09:24:18,225.15,281359
2021-06-01 09:24:23,225.15,281513
2021-06-01 09:24:29,225.05,283324
2021-06-01 09:24:34,225.15,291341
2021-06-01 09:24:39,225.1,293719
2021-06-01 09:24:45,225.1,295242
2021-06-01 09:24:50,225.15,297625
2021-06-01 09:24:55,225.15,297692
2021-06-01 09:25:00,225.1,298337
2021-06-01 09:25:06,225.0,299621
2021-06-01 09:25:11,225.1,302626
2021-06-01 09:25:17,225.1,302631
2021-06-01 09:25:22,225.1,302689
2021-06-01 09:25:28,224.9,306375
2021-06-01 09:25:33,224.95,306534
2021-06-01 09:25:39,224.85,306805
2021-06-01 09:25:45,224.8,307055
2021-06-01 09:25:50,225.0,307659
2021-06-01 09:25:56,224.9,308718
2021-06-01 09:26:01,224.85,308828
2021-06-01 09:26:06,224.8,310302
2021-06-01 09:26:12,224.85,311033
2021-06-01 09:26:17,224.85,311033
2021-06-01 09:26:22,225.0,311082
2021-06-01 09:26:27,225.0,311691
2021-06-01 09:26:33,224.85,311844
2021-06-01 09:26:38,225.0,311924
2021-06-01 09:26:43,225.0,312540
2021-06-01 09:26:49,225.0,312563
2021-06-01 09:26:54,225.0,312610
2021-06-01 09:26:59,224.85,313522
2021-06-01 09:27:05,225.0,314103
2021-06-01 09:27:10,225.0,314123
2021-06-01 09:27:15,225.0,315491
2021-06-01 09:27:20,224.95,316271
2021-06-01 09:27:26,224.9,317101
2021-06-01 09:27:31,224.9,317146
2021-06-01 09:27:36,224.8,324660
2021-06-01 09:27:41,224.75,324883
2021-06-01 09:27:46,224.7,326176
2021-06-01 09:27:52,224.85,326376
2021-06-01 09:27:56,224.85,326501
2021-06-01 09:28:02,224.85,326834
2021-06-01 09:28:07,224.85,326936
2021-06-01 09:28:17,224.9,327138
2021-06-01 09:28:22,224.95,331190
2021-06-01 09:28:27,224.95,331190
2021-06-01 09:28:32,224.85,335196
2021-06-01 09:28:37,224.9,335315
2021-06-01 09:28:42,224.6,338159
2021-06-01 09:28:48,224.75,338263
2021-06-01 09:28:53,224.8,338720
2021-06-01 09:28:58,224.65,338809
2021-06-01 09:29:03,224.65,339358
2021-06-01 09:29:08,224.65,339358
2021-06-01 09:29:13,224.65,340260
2021-06-01 09:29:18,224.8,341791
2021-06-01 09:29:23,224.65,341994
2021-06-01 09:29:28,224.55,347322
2021-06-01 09:29:33,224.55,347482
2021-06-01 09:29:38,224.8,347829
2021-06-01 09:29:43,224.8,347890
2021-06-01 09:29:49,224.8,348045
2021-06-01 09:29:54,224.8,348768
2021-06-01 09:29:59,224.75,350608
2021-06-01 09:30:04,224.75,350645
2021-06-01 09:30:10,224.75,350777
2021-06-01 09:30:15,224.75,351663
2021-06-01 09:30:20,224.85,353308
2021-06-01 09:30:25,224.85,353459
2021-06-01 09:30:30,224.75,353779
2021-06-01 09:30:35,224.85,354958
2021-06-01 09:30:41,224.7,355139
2021-06-01 09:30:46,224.7,358067
2021-06-01 09:30:51,224.7,360768
2021-06-01 09:30:56,224.65,361058
2021-06-01 09:31:01,224.6,361272
2021-06-01 09:31:06,224.6,362497
2021-06-01 09:31:11,224.7,362511
2021-06-01 09:31:16,224.75,362836
2021-06-01 09:31:22,224.75,363016
2021-06-01 09:31:27,224.7,363511
2021-06-01 09:31:32,224.6,365061
2021-06-01 09:31:37,224.7,366699
2021-06-01 09:31:42,224.6,367156
2021-06-01 09:31:47,224.75,367520
2021-06-01 09:31:52,224.75,367540
2021-06-01 09:31:57,224.75,368418
2021-06-01 09:32:02,224.7,368571
2021-06-01 09:32:07,224.75,373371
2021-06-01 09:32:12,224.9,374655
2021-06-01 09:32:17,224.9,374655
2021-06-01 09:32:22,225.1,380985
2021-06-01 09:32:27,225.15,381135
2021-06-01 09:32:32,225.15,381342
2021-06-01 09:32:36,225.05,381842
2021-06-01 09:32:41,225.15,382094
2021-06-01 09:32:45,225.1,383173
2021-06-01 09:32:50,225.05,384638
2021-06-01 09:32:54,225.1,384768
2021-06-01 09:33:00,225.2,385468
2021-06-01 09:33:05,225.1,385678
2021-06-01 09:33:09,225.2,385876
2021-06-01 09:33:15,225.2,386585
2021-06-01 09:33:19,225.2,387864
2021-06-01 09:33:24,225.1,388059
2021-06-01 09:33:29,225.2,388940
2021-06-01 09:33:34,225.15,389091
2021-06-01 09:33:39,225.1,393468
2021-06-01 09:33:43,225.1,396090
2021-06-01 09:33:48,225.0,398795
2021-06-01 09:33:53,224.9,405326
2021-06-01 09:33:58,224.9,405503
2021-06-01 09:34:03,224.9,406471
2021-06-01 09:34:08,225.0,406789
2021-06-01 09:34:12,225.0,406871
2021-06-01 09:34:17,225.0,407146
2021-06-01 09:34:22,225.05,407154
2021-06-01 09:34:26,225.05,407232
2021-06-01 09:34:31,225.0,407489
2021-06-01 09:34:36,225.05,407753
2021-06-01 09:34:40,225.0,407774
2021-06-01 09:34:45,224.95,407804
2021-06-01 09:34:49,224.95,413800
2021-06-01 09:34:54,225.1,417802
2021-06-01 09:34:58,225.1,418102
2021-06-01 09:35:03,225.1,418276
2021-06-01 09:35:08,225.05,418480
2021-06-01 09:35:12,225.1,418580
2021-06-01 09:35:17,225.1,419086
2021-06-01 09:35:21,225.1,419643
2021-06-01 09:35:26,225.1,420273
2021-06-01 09:35:30,225.1,420340
2021-06-01 09:35:35,225.25,425016
2021-06-01 09:35:40,225.25,425574
2021-06-01 09:35:44,225.25,426307
2021-06-01 09:35:49,225.25,429179
2021-06-01 09:35:54,225.25,429179
2021-06-01 09:35:58,225.2,429419
2021-06-01 09:36:03,225.25,435073
2021-06-01 09:36:07,225.3,435096
2021-06-01 09:36:12,225.3,435897
2021-06-01 09:36:17,225.3,436112
2021-06-01 09:36:21,225.3,436343
2021-06-01 09:36:26,225.2,437235
2021-06-01 09:36:30,225.2,439625
2021-06-01 09:36:35,225.1,441259
2021-06-01 09:36:39,225.05,442073
2021-06-01 09:36:44,225.0,444394
2021-06-01 09:36:49,225.0,444491
2021-06-01 09:36:53,225.0,444491
2021-06-01 09:36:58,225.0,444561
2021-06-01 09:37:02,225.05,446521
2021-06-01 09:37:06,225.0,446634
2021-06-01 09:37:11,225.2,446754
2021-06-01 09:37:15,225.2,446754
2021-06-01 09:37:20,225.1,446755
2021-06-01 09:37:24,225.15,447055
2021-06-01 09:37:29,225.05,447066
2021-06-01 09:37:33,225.15,447780
2021-06-01 09:37:43,225.15,448025
2021-06-01 09:37:47,225.2,448083
2021-06-01 09:37:52,225.2,448108
2021-06-01 09:37:56,225.2,448208
2021-06-01 09:38:01,225.2,448881
2021-06-01 09:38:06,225.3,448981
2021-06-01 09:38:10,225.2,448982
2021-06-01 09:38:15,225.25,448989
2021-06-01 09:38:19,225.2,449489
2021-06-01 09:38:24,225.25,449490
2021-06-01 09:38:28,225.15,450033
2021-06-01 09:38:32,225.15,450040
2021-06-01 09:38:37,225.15,450219
2021-06-01 09:38:41,225.05,450229
2021-06-01 09:38:46,225.15,450293
2021-06-01 09:38:50,225.15,450673
2021-06-01 09:38:54,225.15,451027
2021-06-01 09:38:59,225.1,452822
2021-06-01 09:39:04,225.05,452825
2021-06-01 09:39:08,225.05,453728
2021-06-01 09:39:13,225.05,454415
2021-06-01 09:39:17,225.05,454415
2021-06-01 09:39:22,224.95,454619
2021-06-01 09:39:26,224.75,456501
2021-06-01 09:39:31,224.85,456657
2021-06-01 09:39:35,224.85,456797
2021-06-01 09:39:39,224.95,456824
2021-06-01 09:39:44,224.9,457039
2021-06-01 09:39:48,224.95,457089
2021-06-01 09:39:53,224.95,457324
2021-06-01 09:39:57,224.85,457389
2021-06-01 09:40:01,224.85,457393
2021-06-01 09:40:06,224.85,457542
2021-06-01 09:40:10,224.95,457556
2021-06-01 09:40:14,224.85,457659
2021-06-01 09:40:18,225.0,458318
2021-06-01 09:40:22,225.0,458548
2021-06-01 09:40:26,225.0,459015
2021-06-01 09:40:30,224.9,459080
2021-06-01 09:40:35,224.95,459248
2021-06-01 09:40:39,224.9,459805
2021-06-01 09:40:44,225.0,460619
2021-06-01 09:40:48,224.85,462052
2021-06-01 09:40:53,224.85,462638
2021-06-01 09:40:57,225.0,462648
2021-06-01 09:41:02,225.2,463520
2021-06-01 09:41:06,225.05,464545
2021-06-01 09:41:10,224.9,470181
2021-06-01 09:41:15,225.0,470599
2021-06-01 09:41:23,225.05,470799
2021-06-01 09:41:28,225.05,470799
2021-06-01 09:41:32,225.1,475689
2021-06-01 09:41:37,225.2,475860
2021-06-01 09:41:41,225.2,475860
2021-06-01 09:41:46,225.2,476676
2021-06-01 09:41:50,225.3,476752
2021-06-01 09:41:54,225.3,476842
2021-06-01 09:41:59,225.3,479239
2021-06-01 09:42:03,225.35,480664
2021-06-01 09:42:08,225.35,480715
2021-06-01 09:42:12,225.2,482754
2021-06-01 09:42:17,225.15,484878
2021-06-01 09:42:21,225.3,484898
2021-06-01 09:42:25,225.3,485006
2021-06-01 09:42:29,225.3,485007
2021-06-01 09:42:33,225.2,485158
2021-06-01 09:42:37,225.3,485218
2021-06-01 09:42:42,225.3,485246
2021-06-01 09:42:46,225.2,485396
2021-06-01 09:42:50,225.2,485411
2021-06-01 09:42:55,225.2,485424
2021-06-01 09:42:59,225.25,485470
2021-06-01 09:43:04,225.25,485628
2021-06-01 09:43:08,225.25,485628
2021-06-01 09:43:12,225.15,485643
2021-06-01 09:43:17,225.15,485643
2021-06-01 09:43:21,225.3,485981
2021-06-01 09:43:25,225.15,486496
2021-06-01 09:43:29,225.3,486505
2021-06-01 09:43:33,225.2,486657
2021-06-01 09:43:38,225.3,486680
2021-06-01 09:43:42,225.3,486680
2021-06-01 09:43:46,225.2,486690
2021-06-01 09:43:51,225.3,486847
2021-06-01 09:43:55,225.3,487047
2021-06-01 09:44:00,225.3,487197
2021-06-01 09:44:04,225.3,487389
2021-06-01 09:44:08,225.25,487394
2021-06-01 09:44:13,225.25,487449
2021-06-01 09:44:17,225.3,487499
2021-06-01 09:44:21,225.25,487534
2021-06-01 09:44:26,225.25,487534
2021-06-01 09:44:30,225.25,487534
2021-06-01 09:44:34,225.25,487848
2021-06-01 09:44:39,225.25,489136
2021-06-01 09:44:43,225.25,489488
2021-06-01 09:44:47,225.25,489588
2021-06-01 09:44:51,225.25,489638
2021-06-01 09:44:55,225.2,490640
2021-06-01 09:45:00,225.2,490640
2021-06-01 09:45:04,225.25,494565
2021-06-01 09:45:09,225.25,494694
2021-06-01 09:45:13,225.2,494719
2021-06-01 09:45:18,225.3,497837
2021-06-01 09:45:22,225.3,497987
2021-06-01 09:45:26,225.3,498000
2021-06-01 09:45:31,225.25,499791
2021-06-01 09:45:35,225.25,499793
2021-06-01 09:45:40,225.25,499997
2021-06-01 09:45:44,225.25,500919
2021-06-01 09:45:48,225.3,501089
2021-06-01 09:45:52,225.3,501099
2021-06-01 09:45:56,225.3,501150
2021-06-01 09:46:00,225.25,501367
2021-06-01 09:46:04,225.25,501537
2021-06-01 09:46:08,225.3,501538
2021-06-01 09:46:12,225.2,501558
2021-06-01 09:46:17,225.3,501586
2021-06-01 09:46:21,225.2,501637
2021-06-01 09:46:25,225.3,501663
2021-06-01 09:46:29,225.25,505713
2021-06-01 09:46:34,225.2,507581
2021-06-01 09:46:38,225.2,507584
2021-06-01 09:46:42,225.15,507632
2021-06-01 09:46:46,225.2,507639
2021-06-01 09:46:50,225.2,507725
2021-06-01 09:46:55,225.2,508012
2021-06-01 09:46:59,225.1,510051
2021-06-01 09:47:04,225.3,510291
2021-06-01 09:47:08,225.3,510413
2021-06-01 09:47:12,225.25,510597
2021-06-01 09:47:16,225.3,511097
2021-06-01 09:47:20,225.35,523106
2021-06-01 09:47:25,225.3,524315
2021-06-01 09:47:29,225.3,524315
2021-06-01 09:47:38,225.3,524555
2021-06-01 09:47:42,225.35,525563
2021-06-01 09:47:46,225.3,526654
2021-06-01 09:47:51,225.25,527143
2021-06-01 09:47:55,225.3,528010
2021-06-01 09:47:59,225.3,528060
2021-06-01 09:48:03,225.3,528218
2021-06-01 09:48:08,225.3,529558
2021-06-01 09:48:17,225.2,533646
2021-06-01 09:48:22,225.35,535710
2021-06-01 09:48:26,225.2,536275
2021-06-01 09:48:30,225.2,536471
2021-06-01 09:48:34,225.2,537079
2021-06-01 09:48:39,225.15,538624
2021-06-01 09:48:44,225.2,538991
2021-06-01 09:48:48,225.2,539056
2021-06-01 09:48:53,225.25,539252
2021-06-01 09:48:58,225.2,539464
2021-06-01 09:49:02,225.2,539622
2021-06-01 09:49:07,225.3,540067
2021-06-01 09:49:11,225.3,540067
2021-06-01 09:49:15,225.3,540072
2021-06-01 09:49:20,225.3,540225
2021-06-01 09:49:24,225.35,540576
2021-06-01 09:49:28,225.35,540577
2021-06-01 09:49:32,225.3,540729
2021-06-01 09:49:36,225.35,541094
2021-06-01 09:49:41,225.3,541108
2021-06-01 09:49:49,225.35,541805
2021-06-01 09:49:53,225.3,541855
2021-06-01 09:49:58,225.3,542464
2021-06-01 09:50:02,225.2,543195
2021-06-01 09:50:06,225.25,543196
2021-06-01 09:50:10,225.35,543370
2021-06-01 09:50:15,225.2,543655
2021-06-01 09:50:19,225.35,544001
2021-06-01 09:50:23,225.35,544047
2021-06-01 09:50:27,225.35,544091
2021-06-01 09:50:32,225.25,544850
2021-06-01 09:50:36,225.25,544850
2021-06-01 09:50:41,225.35,544856
2021-06-01 09:50:45,225.35,544856
2021-06-01 09:50:49,225.35,544930
2021-06-01 09:50:53,225.35,544991
2021-06-01 09:50:57,225.25,545091
2021-06-01 09:51:01,225.45,547645
2021-06-01 09:51:06,225.5,553171
2021-06-01 09:51:10,225.6,554293
2021-06-01 09:51:15,225.65,555870
2021-06-01 09:51:19,225.65,556801
2021-06-01 09:51:24,225.55,557232
2021-06-01 09:51:29,225.5,557267
2021-06-01 09:51:34,225.55,557420
2021-06-01 09:51:38,225.6,557489
2021-06-01 09:51:43,225.65,557569
2021-06-01 09:51:48,225.7,558111
2021-06-01 09:51:53,225.7,558378
2021-06-01 09:51:58,225.65,560876
2021-06-01 09:52:02,225.65,562042
2021-06-01 09:52:07,225.8,562574
2021-06-01 09:52:11,225.8,562804
2021-06-01 09:52:16,225.8,563260
2021-06-01 09:52:20,225.85,564807
2021-06-01 09:52:23,225.85,565518
2021-06-01 09:52:28,225.85,565838
2021-06-01 09:52:32,225.9,610617
2021-06-01 09:52:37,225.95,611009
2021-06-01 09:52:41,225.8,612293
2021-06-01 09:52:46,225.85,612767
2021-06-01 09:52:50,225.85,613206
2021-06-01 09:52:55,225.85,614721
2021-06-01 09:52:59,225.85,615015
2021-06-01 09:53:03,225.8,615729
2021-06-01 09:53:08,225.8,616465
2021-06-01 09:53:13,225.75,624197
2021-06-01 09:53:17,225.75,624397
2021-06-01 09:53:21,225.75,624529
2021-06-01 09:53:25,225.75,630203
2021-06-01 09:53:30,225.75,630561
2021-06-01 09:53:34,225.75,632814
2021-06-01 09:53:39,225.75,633039
2021-06-01 09:53:43,225.7,633284
2021-06-01 09:53:47,225.75,633873
2021-06-01 09:53:51,225.7,634073
2021-06-01 09:53:55,225.65,638221
2021-06-01 09:53:59,225.7,638439
2021-06-01 09:54:03,225.6,639949
2021-06-01 09:54:07,225.65,640291
2021-06-01 09:54:12,225.65,640520
2021-06-01 09:54:16,225.7,640735
2021-06-01 09:54:20,225.7,640841
2021-06-01 09:54:25,225.55,641409
2021-06-01 09:54:29,225.65,641411
2021-06-01 09:54:33,225.55,641564
2021-06-01 09:54:37,225.65,641674
2021-06-01 09:54:42,225.65,642714
2021-06-01 09:54:46,225.4,644730
2021-06-01 09:54:50,225.5,644774
2021-06-01 09:54:54,225.5,644863
2021-06-01 09:54:58,225.5,645507
2021-06-01 09:55:03,225.45,646326
2021-06-01 09:55:11,225.6,648198
2021-06-01 09:55:16,225.55,650127
2021-06-01 09:55:21,225.5,650305
2021-06-01 09:55:25,225.6,650459
2021-06-01 09:55:29,225.45,651206
2021-06-01 09:55:33,225.55,651586
2021-06-01 09:55:38,225.55,652084
2021-06-01 09:55:42,225.55,652085
2021-06-01 09:55:46,225.55,652130
2021-06-01 09:55:51,225.65,667067
2021-06-01 09:55:55,225.75,667460
2021-06-01 09:55:59,225.75,668464
2021-06-01 09:56:03,225.65,668884
2021-06-01 09:56:10,225.55,672235
2021-06-01 09:56:14,225.55,674126
2021-06-01 09:56:19,225.45,676292
2021-06-01 09:56:23,225.4,676597
2021-06-01 09:56:27,225.4,676597
2021-06-01 09:56:31,225.4,676741
2021-06-01 09:56:36,225.5,676968
2021-06-01 09:56:40,225.65,678196
2021-06-01 09:56:44,225.65,680692
2021-06-01 09:56:48,225.65,680692
2021-06-01 09:56:52,225.6,682517
2021-06-01 09:56:56,225.65,682889
2021-06-01 09:57:00,225.5,682989
2021-06-01 09:57:04,225.65,683216
2021-06-01 09:57:08,225.65,683804
2021-06-01 09:57:13,225.5,684198
2021-06-01 09:57:17,225.55,684528
2021-06-01 09:57:22,225.55,684528
2021-06-01 09:57:26,225.55,684528
2021-06-01 09:57:30,225.6,684830
2021-06-01 09:57:34,225.55,684985
2021-06-01 09:57:38,225.65,685883
2021-06-01 09:57:41,225.65,685883
2021-06-01 09:57:45,225.6,686804
2021-06-01 09:57:54,225.6,687342
2021-06-01 09:57:59,225.6,688288
2021-06-01 09:58:03,225.6,688966
2021-06-01 09:58:07,225.6,689849
2021-06-01 09:58:11,225.5,690664
2021-06-01 09:58:15,225.55,690828
2021-06-01 09:58:19,225.55,691589
2021-06-01 09:58:23,225.5,691776
2021-06-01 09:58:27,225.45,692175
2021-06-01 09:58:31,225.5,692638
2021-06-01 09:58:35,225.5,692638
2021-06-01 09:58:39,225.5,692797
2021-06-01 09:58:43,225.55,693008
2021-06-01 09:58:47,225.5,693379
2021-06-01 09:58:52,225.45,693389
2021-06-01 09:58:56,225.5,693850
2021-06-01 09:59:00,225.5,694403
2021-06-01 09:59:04,225.5,694814
2021-06-01 09:59:09,225.5,696275
2021-06-01 09:59:13,225.4,696277
2021-06-01 09:59:17,225.4,696738
2021-06-01 09:59:21,225.5,698133
2021-06-01 09:59:26,225.55,698737
2021-06-01 09:59:30,225.45,699346
2021-06-01 09:59:35,225.45,699888
2021-06-01 09:59:39,225.55,699979
2021-06-01 09:59:44,225.55,700368
2021-06-01 09:59:48,225.55,701392
2021-06-01 09:59:53,225.5,703924
2021-06-01 09:59:57,225.5,705272
2021-06-01 10:00:01,225.5,706021
2021-06-01 10:00:06,225.55,706329
2021-06-01 10:00:10,225.6,706912
2021-06-01 10:00:15,225.6,708105
2021-06-01 10:00:19,225.6,709014
2021-06-01 10:00:24,225.6,709674
2021-06-01 10:00:28,225.6,710416
2021-06-01 10:00:32,225.55,710660
2021-06-01 10:00:37,225.6,713679
2021-06-01 10:00:41,225.65,714257
2021-06-01 10:00:46,225.55,715269
2021-06-01 10:00:50,225.65,721171
2021-06-01 10:00:55,225.65,722076
2021-06-01 10:00:59,225.7,723700
2021-06-01 10:01:04,225.65,724053
2021-06-01 10:01:08,225.7,725286
2021-06-01 10:01:13,225.7,726824
2021-06-01 10:01:18,225.75,727717
2021-06-01 10:01:22,225.7,730256
2021-06-01 10:01:26,225.7,732372
2021-06-01 10:01:30,225.75,732399
2021-06-01 10:01:34,225.65,732571
2021-06-01 10:01:38,225.7,733572
2021-06-01 10:01:42,225.75,733932
2021-06-01 10:01:46,225.75,734111
2021-06-01 10:01:50,225.75,734620
2021-06-01 10:01:54,225.75,735281
2021-06-01 10:01:58,225.75,735982
2021-06-01 10:02:02,225.7,736171
2021-06-01 10:02:06,225.75,736495
2021-06-01 10:02:10,225.75,736856
2021-06-01 10:02:14,225.75,736856
2021-06-01 10:02:18,225.65,738346
2021-06-01 10:02:22,225.75,738846
2021-06-01 10:02:26,225.65,740295
2021-06-01 10:02:30,225.65,741171
2021-06-01 10:02:34,225.7,741433
2021-06-01 10:02:38,225.7,741433
2021-06-01 10:02:42,225.75,741838
2021-06-01 10:02:46,225.85,752654
2021-06-01 10:02:50,225.85,753976
2021-06-01 10:02:58,225.75,755146
2021-06-01 10:03:02,225.75,757444
2021-06-01 10:03:06,225.9,757668
2021-06-01 10:03:10,225.9,759510
2021-06-01 10:03:14,225.85,759557
2021-06-01 10:03:18,225.9,760675
2021-06-01 10:03:22,225.9,760675
2021-06-01 10:03:26,225.95,764912
2021-06-01 10:03:30,225.9,777290
2021-06-01 10:03:34,226.0,777857
2021-06-01 10:03:38,226.0,779395
2021-06-01 10:03:42,226.0,779956
2021-06-01 10:03:46,226.0,780498
2021-06-01 10:03:50,226.0,781244
2021-06-01 10:03:54,226.0,781671
2021-06-01 10:03:58,225.95,784751
2021-06-01 10:04:03,225.85,786429
2021-06-01 10:04:07,225.85,787447
2021-06-01 10:04:12,225.8,787652
2021-06-01 10:04:16,225.75,788507
2021-06-01 10:04:21,225.65,788762
2021-06-01 10:04:25,225.8,789007
2021-06-01 10:04:29,225.75,789728
2021-06-01 10:04:33,225.75,790091
2021-06-01 10:04:37,225.7,790287
2021-06-01 10:04:42,225.8,790898
2021-06-01 10:04:46,225.75,791526
2021-06-01 10:04:50,225.75,792239
2021-06-01 10:04:54,225.75,797528
2021-06-01 10:04:59,225.75,797806
2021-06-01 10:05:03,225.75,798686
2021-06-01 10:05:07,225.7,798872
2021-06-01 10:05:12,225.7,799272
2021-06-01 10:05:17,225.75,799872
2021-06-01 10:05:21,225.65,800368
2021-06-01 10:05:25,225.75,800729
2021-06-01 10:05:29,225.75,800730
2021-06-01 10:05:34,225.75,801986
2021-06-01 10:05:38,225.8,804386
2021-06-01 10:05:42,225.8,804636
2021-06-01 10:05:46,225.8,805658
2021-06-01 10:05:50,225.8,805658
2021-06-01 10:05:54,225.8,805658
2021-06-01 10:05:57,225.8,806059
2021-06-01 10:06:01,225.75,806210
2021-06-01 10:06:05,225.75,806621
2021-06-01 10:06:10,225.8,806982
2021-06-01 10:06:13,225.65,807482
2021-06-01 10:06:17,225.8,808043
2021-06-01 10:06:21,225.9,809257
2021-06-01 10:06:25,226.0,810108
2021-06-01 10:06:30,225.85,811887
2021-06-01 10:06:34,225.95,812193
2021-06-01 10:06:40,226.0,813402
2021-06-01 10:06:39,226.0,813402
2021-06-01 10:06:41,226.0,813402
2021-06-01 10:06:42,226.0,813402
2021-06-01 10:06:43,225.85,814208
2021-06-01 10:06:44,225.85,814208
2021-06-01 10:06:45,225.95,816208
2021-06-01 10:06:46,225.95,816208
2021-06-01 10:06:48,226.0,816297
2021-06-01 10:06:49,226.0,822737
2021-06-01 10:06:49,225.9,823237
2021-06-01 10:06:50,226.0,823325
2021-06-01 10:06:51,226.0,823493
2021-06-01 10:06:52,226.0,823493
2021-06-01 10:06:53,226.0,823582
2021-06-01 10:06:54,226.0,823582
2021-06-01 10:06:55,226.0,823671
2021-06-01 10:06:56,226.0,823671
2021-06-01 10:06:58,225.95,824050
2021-06-01 10:06:59,225.95,824050
2021-06-01 10:07:00,225.95,824050
2021-06-01 10:07:02,225.95,824455
2021-06-01 10:07:03,225.95,824455
2021-06-01 10:07:04,225.95,824455
2021-06-01 10:07:05,225.95,824473
2021-06-01 10:07:06,225.95,824473
2021-06-01 10:07:07,225.95,824473
2021-06-01 10:07:08,225.95,824473
2021-06-01 10:07:09,225.95,824832
2021-06-01 10:07:10,226.0,824921
2021-06-01 10:07:11,226.0,824921
2021-06-01 10:07:12,226.0,824921
2021-06-01 10:07:14,225.9,824922
2021-06-01 10:07:16,226.0,825282
2021-06-01 10:07:17,226.0,825283
2021-06-01 10:07:20,225.9,825383
2021-06-01 10:07:21,226.0,825611
2021-06-01 10:07:22,226.0,825617
2021-06-01 10:07:23,226.0,825617
2021-06-01 10:07:24,226.0,825617
2021-06-01 10:07:25,226.0,825621
2021-06-01 10:07:26,226.0,825621
2021-06-01 10:07:27,226.0,825621
2021-06-01 10:07:27,226.0,825979
2021-06-01 10:07:28,226.0,825979
2021-06-01 10:07:29,226.0,826079
2021-06-01 10:07:31,225.95,827241
2021-06-01 10:07:32,225.95,827241
2021-06-01 10:07:33,225.95,827241
2021-06-01 10:07:34,225.95,827241
2021-06-01 10:07:35,225.95,828130
2021-06-01 10:07:37,226.0,829085
2021-06-01 10:07:38,225.85,829665
2021-06-01 10:07:39,225.85,829665
2021-06-01 10:07:40,225.85,829665
2021-06-01 10:07:41,225.9,829675
2021-06-01 10:07:42,225.85,829681
2021-06-01 10:07:44,225.95,829682
2021-06-01 10:07:44,225.95,829706
2021-06-01 10:07:45,225.95,829725
2021-06-01 10:07:46,226.0,829728
2021-06-01 10:07:47,226.0,830228
2021-06-01 10:07:48,226.0,830636
2021-06-01 10:07:49,226.0,830636
2021-06-01 10:07:50,226.0,830636
2021-06-01 10:07:51,225.95,830637
2021-06-01 10:07:52,226.0,835638
2021-06-01 10:07:53,226.0,835643
2021-06-01 10:07:55,226.0,835644
2021-06-01 10:07:56,226.0,840645
2021-06-01 10:07:57,226.0,840647
2021-06-01 10:07:58,225.95,843095
2021-06-01 10:07:58,225.95,843095
2021-06-01 10:07:59,226.0,843196
2021-06-01 10:08:00,226.0,843285
2021-06-01 10:08:01,225.8,851413
2021-06-01 10:08:03,225.9,851414
2021-06-01 10:08:03,225.9,851414
2021-06-01 10:08:05,225.85,851427
2021-06-01 10:08:05,225.9,851437
2021-06-01 10:08:06,225.9,851926
2021-06-01 10:08:07,225.9,851926
2021-06-01 10:08:08,225.9,851926
2021-06-01 10:08:09,225.95,852251
2021-06-01 10:08:10,225.9,852269
2021-06-01 10:08:11,225.9,852458
2021-06-01 10:08:12,225.95,852658
2021-06-01 10:08:13,225.95,852658
2021-06-01 10:08:14,225.9,853012
2021-06-01 10:08:16,225.9,853012
2021-06-01 10:08:17,225.85,853130
2021-06-01 10:08:18,225.95,853180
2021-06-01 10:08:18,225.95,853200
2021-06-01 10:08:19,225.95,853289
2021-06-01 10:08:20,225.95,853289
2021-06-01 10:08:21,225.9,853296
2021-06-01 10:08:22,225.9,853296
2021-06-01 10:08:23,226.0,853643
2021-06-01 10:08:24,226.0,853643
2021-06-01 10:08:25,226.0,853943
2021-06-01 10:08:26,226.0,853943
2021-06-01 10:08:27,226.0,857020
2021-06-01 10:08:28,226.0,857022
2021-06-01 10:08:30,226.0,857022
2021-06-01 10:08:31,226.0,857378
2021-06-01 10:08:32,226.0,857378
2021-06-01 10:08:33,226.0,857378
2021-06-01 10:08:35,225.95,857379
2021-06-01 10:08:36,225.95,857379
2021-06-01 10:08:37,226.0,857732
2021-06-01 10:08:37,226.0,857732
2021-06-01 10:08:39,226.0,857732
2021-06-01 10:08:40,225.8,860732
2021-06-01 10:08:41,225.8,860732
2021-06-01 10:08:41,225.8,860732
2021-06-01 10:08:43,225.95,860821
2021-06-01 10:08:45,226.0,860967
2021-06-01 10:08:45,226.0,860967
2021-06-01 10:08:46,226.0,860967
2021-06-01 10:08:48,226.0,861618
2021-06-01 10:08:49,225.95,861707
2021-06-01 10:08:50,225.85,861708
2021-06-01 10:08:50,225.85,861708
2021-06-01 10:08:51,225.85,861708
2021-06-01 10:08:52,225.95,862419
2021-06-01 10:08:53,225.95,862419
2021-06-01 10:08:54,226.0,862552
2021-06-01 10:08:55,226.0,862552
2021-06-01 10:08:56,226.0,862685
2021-06-01 10:08:57,226.0,862685
2021-06-01 10:08:58,225.95,862985
2021-06-01 10:08:59,226.0,863042
2021-06-01 10:09:01,225.9,863193
2021-06-01 10:09:01,225.9,863193
2021-06-01 10:09:02,226.0,868193
2021-06-01 10:09:03,226.0,868193
2021-06-01 10:09:04,225.8,868279
2021-06-01 10:09:05,225.8,868279
2021-06-01 10:09:07,225.9,868368
2021-06-01 10:09:08,225.9,868370
2021-06-01 10:09:08,225.9,868370
2021-06-01 10:09:09,225.9,868370
2021-06-01 10:09:10,225.9,868370
2021-06-01 10:09:11,225.9,868370
2021-06-01 10:09:13,225.95,868504
2021-06-01 10:09:13,225.95,868856
2021-06-01 10:09:14,225.95,868856
2021-06-01 10:09:15,225.95,868856
2021-06-01 10:09:16,225.95,868856
2021-06-01 10:09:17,225.95,868856
2021-06-01 10:09:18,225.95,868856
2021-06-01 10:09:20,225.9,869227
2021-06-01 10:09:21,225.9,869227
2021-06-01 10:09:22,225.9,869316
2021-06-01 10:09:23,225.9,869316
2021-06-01 10:09:24,225.9,869616
2021-06-01 10:09:25,226.0,869749
2021-06-01 10:09:26,226.0,869749
2021-06-01 10:09:26,226.0,869749
2021-06-01 10:09:28,226.0,869964
2021-06-01 10:09:28,226.0,869964
2021-06-01 10:09:30,226.0,870331
2021-06-01 10:09:31,225.95,870533
2021-06-01 10:09:32,226.0,870800
2021-06-01 10:09:33,226.0,870800
2021-06-01 10:09:34,226.0,870901
2021-06-01 10:09:35,226.0,870901
2021-06-01 10:09:35,226.0,870901
2021-06-01 10:09:37,226.0,871574
2021-06-01 10:09:37,226.0,871574
2021-06-01 10:09:40,225.95,871575
2021-06-01 10:09:41,225.95,871575
2021-06-01 10:09:42,226.0,877953
2021-06-01 10:09:42,226.0,877953
2021-06-01 10:09:43,225.9,878378
2021-06-01 10:09:45,225.9,878378
2021-06-01 10:09:46,225.9,878378
2021-06-01 10:09:47,226.0,878528
2021-06-01 10:09:48,226.0,879028
2021-06-01 10:09:50,226.0,879028
2021-06-01 10:09:51,226.0,879028
2021-06-01 10:09:52,226.0,879028
2021-06-01 10:09:53,225.95,879128
2021-06-01 10:09:53,225.95,879326
2021-06-01 10:09:54,225.9,879426
2021-06-01 10:09:55,225.9,879426
2021-06-01 10:09:57,225.95,879610
2021-06-01 10:09:58,226.0,879743
2021-06-01 10:09:59,226.0,887172
2021-06-01 10:10:00,226.1,887389
2021-06-01 10:10:01,226.0,887541
2021-06-01 10:10:02,226.0,887824
2021-06-01 10:10:03,226.0,891830
2021-06-01 10:10:03,226.0,891830
2021-06-01 10:10:05,226.15,893447
2021-06-01 10:10:07,226.1,893472
2021-06-01 10:10:08,226.1,893474
2021-06-01 10:10:08,226.1,893474
2021-06-01 10:10:10,226.1,893487
2021-06-01 10:10:11,226.15,893836
2021-06-01 10:10:12,226.15,893836
2021-06-01 10:10:12,226.15,893836
2021-06-01 10:10:13,226.1,893837
2021-06-01 10:10:14,226.0,894037
2021-06-01 10:10:15,226.0,894037
2021-06-01 10:10:16,226.0,894037
2021-06-01 10:10:18,226.0,894037
2021-06-01 10:10:18,226.0,894037
2021-06-01 10:10:20,226.0,894037
2021-06-01 10:10:21,226.1,894087
2021-06-01 10:10:22,226.1,894087
2021-06-01 10:10:23,226.1,894087
2021-06-01 10:10:24,226.15,894220
2021-06-01 10:10:24,226.15,894220
2021-06-01 10:10:26,226.2,894349
2021-06-01 10:10:27,226.1,894599
2021-06-01 10:10:28,226.1,894609
2021-06-01 10:10:29,226.2,894613
2021-06-01 10:10:30,226.2,894643
2021-06-01 10:10:31,226.15,894794
2021-06-01 10:10:32,226.15,895023
2021-06-01 10:10:34,226.15,898795
2021-06-01 10:10:35,226.2,899310
2021-06-01 10:10:36,226.2,899310
2021-06-01 10:10:37,226.2,899310
2021-06-01 10:10:38,226.15,899311
2021-06-01 10:10:40,226.2,899421
2021-06-01 10:10:41,226.2,899421
2021-06-01 10:10:42,226.2,899421
2021-06-01 10:10:43,226.2,899525
2021-06-01 10:10:44,226.3,902586
2021-06-01 10:10:45,226.2,902616
2021-06-01 10:10:46,226.2,902616
2021-06-01 10:10:47,226.2,902616
2021-06-01 10:10:48,226.2,902617
2021-06-01 10:10:49,226.2,902677
2021-06-01 10:10:50,226.25,902777
2021-06-01 10:10:51,226.25,904079
2021-06-01 10:10:52,226.25,904129
2021-06-01 10:10:53,226.25,904129
2021-06-01 10:10:54,226.25,904455
2021-06-01 10:10:56,226.25,904455
2021-06-01 10:10:55,226.25,904455
2021-06-01 10:10:57,226.25,904455
2021-06-01 10:10:58,226.35,908547
2021-06-01 10:10:59,226.35,908791
2021-06-01 10:11:00,226.35,909322
2021-06-01 10:11:01,226.35,909903
2021-06-01 10:11:02,226.35,909903
2021-06-01 10:11:03,226.35,909903
2021-06-01 10:11:04,226.45,909927
2021-06-01 10:11:05,226.45,909952
2021-06-01 10:11:06,226.45,910174
2021-06-01 10:11:07,226.35,911174
2021-06-01 10:11:07,226.45,911175
2021-06-01 10:11:08,226.35,911176
2021-06-01 10:11:10,226.5,914083
2021-06-01 10:11:11,226.5,914083
2021-06-01 10:11:12,226.4,914716
2021-06-01 10:11:13,226.4,914716
2021-06-01 10:11:14,226.5,914805
2021-06-01 10:11:15,226.45,914813
2021-06-01 10:11:16,226.45,914903
2021-06-01 10:11:17,226.5,915103
2021-06-01 10:11:19,226.5,915103
2021-06-01 10:11:20,226.5,915103
2021-06-01 10:11:21,226.3,915846
2021-06-01 10:11:22,226.3,915846
2021-06-01 10:11:23,226.3,915846
2021-06-01 10:11:24,226.45,916751
2021-06-01 10:11:25,226.45,917351
2021-06-01 10:11:26,226.45,917352
2021-06-01 10:11:27,226.45,917352
2021-06-01 10:11:28,226.45,917352
2021-06-01 10:11:29,226.45,917376
2021-06-01 10:11:30,226.45,917956
2021-06-01 10:11:31,226.4,918228
2021-06-01 10:11:32,226.3,919289
2021-06-01 10:11:32,226.3,919289
2021-06-01 10:11:35,226.3,919289
2021-06-01 10:11:36,226.3,919289
2021-06-01 10:11:37,226.3,920439
2021-06-01 10:11:38,226.2,921583
2021-06-01 10:11:40,226.35,924586
2021-06-01 10:11:41,226.35,924586
2021-06-01 10:11:42,226.35,924630
2021-06-01 10:11:43,226.2,925130
2021-06-01 10:11:43,226.2,925130
2021-06-01 10:11:44,226.35,925140
2021-06-01 10:11:46,226.35,925140
2021-06-01 10:11:47,226.2,925592
2021-06-01 10:11:48,226.35,925595
2021-06-01 10:11:49,226.4,927095
2021-06-01 10:11:50,226.4,927121
2021-06-01 10:11:50,226.4,927121
2021-06-01 10:11:52,226.4,927124
2021-06-01 10:11:52,226.4,927124
2021-06-01 10:11:53,226.4,927124
2021-06-01 10:11:54,226.4,927124
2021-06-01 10:11:55,226.25,927524
2021-06-01 10:11:56,226.25,927524
2021-06-01 10:11:57,226.35,927793
2021-06-01 10:11:58,226.25,928037
2021-06-01 10:11:59,226.25,928127
2021-06-01 10:12:00,226.25,928627
2021-06-01 10:12:01,226.25,928979
2021-06-01 10:12:03,226.25,928979
2021-06-01 10:12:04,226.25,928979
2021-06-01 10:12:05,226.25,928979
2021-06-01 10:12:06,226.35,929168
2021-06-01 10:12:06,226.35,929168
2021-06-01 10:12:07,226.35,929168
2021-06-01 10:12:08,226.35,929257
2021-06-01 10:12:09,226.35,929267
2021-06-01 10:12:11,226.25,929442
2021-06-01 10:12:11,226.25,929442
2021-06-01 10:12:12,226.25,929443
2021-06-01 10:12:14,226.25,929443
2021-06-01 10:12:15,226.25,929443
2021-06-01 10:12:15,226.35,929483
2021-06-01 10:12:16,226.35,929483
2021-06-01 10:12:17,226.35,929483
2021-06-01 10:12:18,226.35,929483
2021-06-01 10:12:20,226.2,932869
2021-06-01 10:12:21,226.2,932869
2021-06-01 10:12:22,226.25,933092
2021-06-01 10:12:23,226.3,933137
2021-06-01 10:12:23,226.3,933137
2021-06-01 10:12:24,226.15,933859
2021-06-01 10:12:26,226.25,933860
2021-06-01 10:12:27,226.25,933860
2021-06-01 10:12:28,226.25,933860
2021-06-01 10:12:29,226.25,933860
2021-06-01 10:12:30,226.25,933860
2021-06-01 10:12:31,226.15,934011
2021-06-01 10:12:32,226.25,934100
2021-06-01 10:12:33,226.25,934100
2021-06-01 10:12:34,226.15,934130
2021-06-01 10:12:35,226.25,934280
2021-06-01 10:12:36,226.25,934280
2021-06-01 10:12:37,226.2,934422
2021-06-01 10:12:38,226.2,934472
2021-06-01 10:12:39,226.15,934811
2021-06-01 10:12:40,226.2,935363
2021-06-01 10:12:41,226.25,935366
2021-06-01 10:12:42,226.25,935455
2021-06-01 10:12:43,226.2,936078
2021-06-01 10:12:44,226.25,939166
2021-06-01 10:12:45,226.25,939166
2021-06-01 10:12:46,226.25,939166
2021-06-01 10:12:47,226.25,939166
2021-06-01 10:12:48,226.25,939166
2021-06-01 10:12:49,226.3,939266
2021-06-01 10:12:50,226.25,939887
2021-06-01 10:12:51,226.25,939987
2021-06-01 10:12:52,226.25,939987
2021-06-01 10:12:53,226.3,939988
2021-06-01 10:12:54,226.25,940288
2021-06-01 10:12:55,226.3,940314
2021-06-01 10:12:56,226.3,940314
2021-06-01 10:12:57,226.3,940314
2021-06-01 10:12:58,226.3,940314
2021-06-01 10:12:59,226.3,940364
2021-06-01 10:13:00,226.25,941266
2021-06-01 10:13:01,226.2,941423
2021-06-01 10:13:02,226.2,941427
2021-06-01 10:13:03,226.2,941427
2021-06-01 10:13:04,226.2,941427
2021-06-01 10:13:05,226.25,941430
2021-06-01 10:13:06,226.25,941430
2021-06-01 10:13:07,226.25,941440
2021-06-01 10:13:08,226.25,941440
2021-06-01 10:13:09,226.25,941440
2021-06-01 10:13:10,226.2,941940
2021-06-01 10:13:11,226.2,941940
2021-06-01 10:13:12,226.2,942290
2021-06-01 10:13:13,226.2,944290
2021-06-01 10:13:14,226.2,944290
2021-06-01 10:13:15,226.25,944322
2021-06-01 10:13:16,226.3,944597
2021-06-01 10:13:18,226.25,944947
2021-06-01 10:13:19,226.25,944947
2021-06-01 10:13:20,226.3,944956
2021-06-01 10:13:22,226.2,944961
2021-06-01 10:13:23,226.2,944961
2021-06-01 10:13:24,226.2,944961
2021-06-01 10:13:25,226.2,944961
2021-06-01 10:13:26,226.2,944961
2021-06-01 10:13:27,226.2,944961
2021-06-01 10:13:28,226.3,944971
2021-06-01 10:13:29,226.3,944973
2021-06-01 10:13:30,226.3,944993
2021-06-01 10:13:31,226.25,945145
2021-06-01 10:13:32,226.25,945145
2021-06-01 10:13:33,226.2,945244
2021-06-01 10:13:34,226.2,945244
2021-06-01 10:13:35,226.2,945244
2021-06-01 10:13:36,226.2,945244
2021-06-01 10:13:37,226.2,945244
2021-06-01 10:13:38,226.2,945244
2021-06-01 10:13:39,226.2,945344
2021-06-01 10:13:40,226.2,945344
2021-06-01 10:13:41,226.2,945344
2021-06-01 10:13:42,226.2,945344
2021-06-01 10:13:43,226.3,945354
2021-06-01 10:13:44,226.3,945354
2021-06-01 10:13:46,226.2,945364
2021-06-01 10:13:47,226.2,945364
2021-06-01 10:13:48,226.25,945365
2021-06-01 10:13:49,226.3,945555
2021-06-01 10:13:50,226.3,945679
2021-06-01 10:13:51,226.25,945681
2021-06-01 10:13:52,226.25,945681
2021-06-01 10:13:53,226.3,945686
2021-06-01 10:13:54,226.3,945786
2021-06-01 10:13:55,226.3,945786
2021-06-01 10:13:57,226.3,945786
2021-06-01 10:13:58,226.3,945886
2021-06-01 10:13:59,226.25,946043
2021-06-01 10:14:00,226.25,947043
2021-06-01 10:14:01,226.2,947194
2021-06-01 10:14:02,226.2,947206
2021-06-01 10:14:03,226.25,947296
2021-06-01 10:14:04,226.25,947449
2021-06-01 10:14:05,226.25,947550
2021-06-01 10:14:07,226.25,947550
2021-06-01 10:14:08,226.25,947550
2021-06-01 10:14:09,226.25,947550
2021-06-01 10:14:10,226.25,947550
2021-06-01 10:14:11,226.3,947560
2021-06-01 10:14:12,226.3,947560
2021-06-01 10:14:15,226.3,947560
2021-06-01 10:14:16,226.3,947560
2021-06-01 10:14:17,226.25,947660
2021-06-01 10:14:18,226.25,947660
2021-06-01 10:14:19,226.25,947660
2021-06-01 10:14:20,226.25,947660
2021-06-01 10:14:21,226.25,947660
2021-06-01 10:14:22,226.2,948160
2021-06-01 10:14:23,226.2,948160
2021-06-01 10:14:24,226.2,948160
2021-06-01 10:14:25,226.2,948160
2021-06-01 10:14:26,226.2,948160
2021-06-01 10:14:27,226.3,948215
2021-06-01 10:14:28,226.3,948215
2021-06-01 10:14:29,226.3,948465
2021-06-01 10:14:30,226.3,948465
2021-06-01 10:14:31,226.3,953617
2021-06-01 10:14:32,226.3,953667
2021-06-01 10:14:33,226.4,953677
2021-06-01 10:14:34,226.4,953677
2021-06-01 10:14:35,226.4,953677
2021-06-01 10:14:36,226.4,953677
2021-06-01 10:14:37,226.3,954177
2021-06-01 10:14:38,226.3,954177
2021-06-01 10:14:39,226.3,954177
2021-06-01 10:14:40,226.3,954177
2021-06-01 10:14:41,226.3,954177
2021-06-01 10:14:42,226.35,954201
2021-06-01 10:14:43,226.35,954201
2021-06-01 10:14:44,226.35,954201
2021-06-01 10:14:45,226.35,954201
2021-06-01 10:14:46,226.35,954201
2021-06-01 10:14:47,226.35,954201
2021-06-01 10:14:48,226.35,954201
2021-06-01 10:14:49,226.35,954201
2021-06-01 10:14:50,226.35,954201
2021-06-01 10:14:51,226.35,954201
2021-06-01 10:14:52,226.35,954345
2021-06-01 10:14:53,226.35,954345
2021-06-01 10:14:54,226.35,954345
2021-06-01 10:14:55,226.35,954345
2021-06-01 10:14:56,226.35,954345
2021-06-01 10:14:57,226.35,954345
2021-06-01 10:14:58,226.35,954477
2021-06-01 10:14:59,226.4,954479
2021-06-01 10:15:00,226.4,954479
2021-06-01 10:15:01,226.35,954631
2021-06-01 10:15:02,226.35,954631
2021-06-01 10:15:04,226.35,954631
2021-06-01 10:15:05,226.4,954646
2021-06-01 10:15:06,226.4,954646
2021-06-01 10:15:07,226.35,954656
2021-06-01 10:15:08,226.35,954656
2021-06-01 10:15:09,226.45,955000
2021-06-01 10:15:10,226.45,955000
2021-06-01 10:15:11,226.45,955421
2021-06-01 10:15:13,226.45,955436
2021-06-01 10:15:14,226.45,955436
2021-06-01 10:15:15,226.45,958459
2021-06-01 10:15:16,226.45,958459
2021-06-01 10:15:17,226.45,958459
2021-06-01 10:15:18,226.45,958459
2021-06-01 10:15:19,226.45,958959
2021-06-01 10:15:20,226.35,960465
2021-06-01 10:15:21,226.3,960540
2021-06-01 10:15:22,226.3,960540
2021-06-01 10:15:24,226.3,960540
2021-06-01 10:15:24,226.3,960540
2021-06-01 10:15:25,226.3,960544
2021-06-01 10:15:26,226.3,960594
2021-06-01 10:15:27,226.3,960594
2021-06-01 10:15:28,226.3,960594
2021-06-01 10:15:29,226.35,960828
2021-06-01 10:15:30,226.3,961455
2021-06-01 10:15:31,226.25,962132
2021-06-01 10:15:32,226.25,962132
2021-06-01 10:15:33,226.25,962182
2021-06-01 10:15:34,226.2,962447
2021-06-01 10:15:35,226.2,962447
2021-06-01 10:15:36,226.2,962447
2021-06-01 10:15:37,226.2,962507
2021-06-01 10:15:38,226.2,962507
2021-06-01 10:15:39,226.2,965249
2021-06-01 10:15:40,226.25,965330
2021-06-01 10:15:41,226.25,965330
2021-06-01 10:15:42,226.2,965360
2021-06-01 10:15:43,226.2,965360
2021-06-01 10:15:44,226.2,965360
2021-06-01 10:15:45,226.2,965460
2021-06-01 10:15:46,226.2,965460
2021-06-01 10:15:47,226.2,965460
2021-06-01 10:15:48,226.2,965460
2021-06-01 10:15:49,226.25,965510
2021-06-01 10:15:50,226.3,966010
2021-06-01 10:15:52,226.2,966045
2021-06-01 10:15:52,226.2,966055
2021-06-01 10:15:53,226.2,966055
2021-06-01 10:15:54,226.2,966055
2021-06-01 10:15:55,226.3,966355
2021-06-01 10:15:56,226.2,966555
2021-06-01 10:15:57,226.2,966570
2021-06-01 10:15:58,226.2,966570
2021-06-01 10:15:59,226.35,966734
2021-06-01 10:16:00,226.35,966734
2021-06-01 10:16:02,226.25,966915
2021-06-01 10:16:03,226.25,966915
2021-06-01 10:16:04,226.25,966935
2021-06-01 10:16:05,226.25,966935
2021-06-01 10:16:06,226.3,967535
2021-06-01 10:16:07,226.3,968035
2021-06-01 10:16:08,226.2,968052
2021-06-01 10:16:09,226.3,968057
2021-06-01 10:16:10,226.3,968057
2021-06-01 10:16:12,226.25,968557
2021-06-01 10:16:13,226.2,969392
2021-06-01 10:16:14,226.15,974049
2021-06-01 10:16:15,226.15,974049
2021-06-01 10:16:16,226.15,974049
2021-06-01 10:16:17,226.1,974163
2021-06-01 10:16:18,226.1,974163
2021-06-01 10:16:19,226.15,974167
2021-06-01 10:16:20,226.15,974168
2021-06-01 10:16:21,226.1,974316
2021-06-01 10:16:22,226.0,974953
2021-06-01 10:16:23,226.1,974999
2021-06-01 10:16:24,226.1,975144
2021-06-01 10:16:25,226.0,975168
2021-06-01 10:16:27,226.1,975178
2021-06-01 10:16:26,226.0,975168
2021-06-01 10:16:28,226.0,975347
2021-06-01 10:16:29,226.0,975347
2021-06-01 10:16:30,226.1,975436
2021-06-01 10:16:31,226.1,976228
2021-06-01 10:16:32,226.1,976478
2021-06-01 10:16:33,226.1,976478
2021-06-01 10:16:34,226.1,976478
2021-06-01 10:16:36,226.0,976538
2021-06-01 10:16:36,226.0,976538
2021-06-01 10:16:37,226.0,976538
2021-06-01 10:16:38,226.0,976538
2021-06-01 10:16:41,226.1,976776
2021-06-01 10:16:45,226.0,979839
2021-06-01 10:16:50,226.0,983120
2021-06-01 10:16:55,225.8,983315
2021-06-01 10:16:59,225.85,988768
2021-06-01 10:17:04,225.95,989194
2021-06-01 10:17:08,226.0,989751
2021-06-01 10:17:13,226.0,994527
2021-06-01 10:17:17,226.0,995504
2021-06-01 10:17:21,226.1,999661
2021-06-01 10:17:25,226.2,1001078
2021-06-01 10:17:29,226.1,1001966
2021-06-01 10:17:33,226.15,1003278
2021-06-01 10:17:37,226.3,1007445
2021-06-01 10:17:41,226.25,1009542
2021-06-01 10:17:45,226.3,1014037
2021-06-01 10:17:48,226.3,1014215
2021-06-01 10:17:52,226.3,1014255
2021-06-01 10:17:57,226.2,1015731
2021-06-01 10:18:01,226.1,1015809
2021-06-01 10:18:05,226.1,1015819
2021-06-01 10:18:09,226.1,1015820
2021-06-01 10:18:14,226.15,1015821
2021-06-01 10:18:18,226.25,1016901
2021-06-01 10:18:22,226.25,1018045
2021-06-01 10:18:25,226.25,1025821
2021-06-01 10:18:29,226.05,1026304
2021-06-01 10:18:33,226.1,1027220
2021-06-01 10:18:37,226.1,1028343
2021-06-01 10:18:41,226.25,1029862
2021-06-01 10:18:46,226.0,1031908
2021-06-01 10:18:50,226.0,1032113
2021-06-01 10:18:55,225.9,1032370
2021-06-01 10:18:59,226.1,1034382
2021-06-01 10:19:08,226.0,1037232
2021-06-01 10:19:13,226.1,1040381
2021-06-01 10:19:18,226.25,1042733
2021-06-01 10:19:22,226.25,1042733
2021-06-01 10:19:27,226.25,1052235
2021-06-01 10:19:31,226.2,1053421
2021-06-01 10:19:36,226.1,1053832
2021-06-01 10:19:40,226.1,1054578
2021-06-01 10:19:44,226.1,1054976
2021-06-01 10:19:48,226.1,1055081
2021-06-01 10:19:52,226.05,1055229
2021-06-01 10:19:56,226.1,1055403
2021-06-01 10:20:03,226.0,1056369
2021-06-01 10:20:08,226.05,1058517
2021-06-01 10:20:12,226.05,1058904
2021-06-01 10:20:16,226.05,1059115
2021-06-01 10:20:20,225.95,1059117
2021-06-01 10:20:24,225.85,1060165
2021-06-01 10:20:28,225.75,1065778
2021-06-01 10:20:32,225.7,1069128
2021-06-01 10:20:36,225.7,1069909
2021-06-01 10:20:39,225.7,1070059
2021-06-01 10:20:48,225.7,1070513
2021-06-01 10:20:52,225.6,1073672
2021-06-01 10:20:56,225.55,1074418
2021-06-01 10:21:01,225.55,1075140
2021-06-01 10:21:05,225.6,1076007
2021-06-01 10:21:10,225.55,1078504
2021-06-01 10:21:14,225.5,1083621
2021-06-01 10:21:18,225.5,1083722
2021-06-01 10:21:22,225.4,1086084
2021-06-01 10:21:26,225.4,1086594
2021-06-01 10:21:30,225.4,1087829
2021-06-01 10:21:34,225.3,1088601
2021-06-01 10:21:39,225.3,1088609
2021-06-01 10:21:39,225.3,1088609
2021-06-01 10:21:41,225.3,1088909
2021-06-01 10:21:42,225.3,1088910
2021-06-01 10:21:43,225.4,1088912
2021-06-01 10:21:44,225.4,1088912
2021-06-01 10:21:45,225.4,1088912
2021-06-01 10:21:46,225.3,1088962
2021-06-01 10:21:47,225.3,1088962
2021-06-01 10:21:49,225.3,1088962
2021-06-01 10:21:51,225.3,1090758
2021-06-01 10:21:52,225.3,1090758
2021-06-01 10:21:54,225.3,1091998
2021-06-01 10:21:55,225.3,1091998
2021-06-01 10:21:56,225.15,1093889
2021-06-01 10:21:57,225.15,1093891
2021-06-01 10:21:58,225.15,1095259
2021-06-01 10:21:59,225.15,1095259
2021-06-01 10:22:02,225.3,1095545
2021-06-01 10:22:03,225.3,1095605
2021-06-01 10:22:04,225.25,1095694
2021-06-01 10:22:05,225.25,1095704
2021-06-01 10:22:06,225.4,1100704
2021-06-01 10:22:07,225.25,1100904
2021-06-01 10:22:08,225.25,1100904
2021-06-01 10:22:09,225.3,1100955
2021-06-01 10:22:10,225.5,1110955
2021-06-01 10:22:11,225.5,1110965
2021-06-01 10:22:12,225.5,1110965
2021-06-01 10:22:13,225.5,1110965
2021-06-01 10:22:14,225.4,1113828
2021-06-01 10:22:15,225.4,1113828
2021-06-01 10:22:16,225.4,1114132
2021-06-01 10:22:16,225.4,1114331
2021-06-01 10:22:17,225.45,1114332
2021-06-01 10:22:19,225.4,1114532
2021-06-01 10:22:20,225.4,1114532
2021-06-01 10:22:21,225.4,1114532
2021-06-01 10:22:22,225.4,1116309
2021-06-01 10:22:23,225.4,1116565
2021-06-01 10:22:24,225.4,1116565
2021-06-01 10:22:25,225.4,1116565
2021-06-01 10:22:26,225.4,1116582
2021-06-01 10:22:27,225.4,1116582
2021-06-01 10:22:28,225.45,1116624
2021-06-01 10:22:30,225.4,1116955
2021-06-01 10:22:32,225.4,1117109
2021-06-01 10:22:33,225.4,1117109
2021-06-01 10:22:34,225.4,1117109
2021-06-01 10:22:34,225.4,1117477
2021-06-01 10:22:36,225.5,1118621
2021-06-01 10:22:37,225.5,1118621
2021-06-01 10:22:38,225.5,1119751
2021-06-01 10:22:39,225.5,1119761
2021-06-01 10:22:40,225.5,1119761
2021-06-01 10:22:41,225.5,1119761
2021-06-01 10:22:42,225.5,1119761
2021-06-01 10:22:43,225.5,1119761
2021-06-01 10:22:44,225.5,1119761
2021-06-01 10:22:45,225.4,1119764
2021-06-01 10:22:46,225.4,1119764
2021-06-01 10:22:46,225.4,1119764
2021-06-01 10:22:47,225.4,1119764
2021-06-01 10:22:49,225.4,1119764
2021-06-01 10:22:50,225.4,1119795
2021-06-01 10:22:51,225.5,1131980
2021-06-01 10:22:52,225.5,1131980
2021-06-01 10:22:53,225.55,1131986
2021-06-01 10:22:54,225.55,1131986
2021-06-01 10:22:54,225.55,1131986
2021-06-01 10:22:57,225.55,1131986
2021-06-01 10:22:58,225.55,1132186
2021-06-01 10:23:00,225.55,1132200
2021-06-01 10:22:59,225.55,1132200
2021-06-01 10:23:01,225.5,1132351
2021-06-01 10:23:02,225.5,1132529
2021-06-01 10:23:03,225.5,1132529
2021-06-01 10:23:05,225.5,1133850
2021-06-01 10:23:04,225.5,1133700
2021-06-01 10:23:06,225.5,1134792
2021-06-01 10:23:07,225.5,1134805
2021-06-01 10:23:08,225.5,1134805
2021-06-01 10:23:09,225.5,1134805
2021-06-01 10:23:10,225.5,1135895
2021-06-01 10:23:11,225.5,1135895
2021-06-01 10:23:12,225.5,1135895
2021-06-01 10:23:13,225.45,1135900
2021-06-01 10:23:14,225.45,1135900
2021-06-01 10:23:15,225.45,1135900
2021-06-01 10:23:16,225.4,1135902
2021-06-01 10:23:16,225.45,1136003
2021-06-01 10:23:17,225.4,1136023
2021-06-01 10:23:18,225.45,1136028
2021-06-01 10:23:19,225.45,1136028
2021-06-01 10:23:21,225.4,1136077
2021-06-01 10:23:22,225.4,1136077
2021-06-01 10:23:23,225.4,1136077
2021-06-01 10:23:24,225.4,1136077
2021-06-01 10:23:26,225.5,1136177
2021-06-01 10:23:25,225.5,1136177
2021-06-01 10:23:28,225.6,1144720
2021-06-01 10:23:29,225.6,1145220
2021-06-01 10:23:30,225.6,1146655
2021-06-01 10:23:31,225.7,1163406
2021-06-01 10:23:32,225.7,1163406
2021-06-01 10:23:33,225.75,1163456
2021-06-01 10:23:34,225.75,1166831
2021-06-01 10:23:35,225.75,1166920
2021-06-01 10:23:36,225.75,1166920
2021-06-01 10:23:37,225.75,1167009
2021-06-01 10:23:38,225.75,1167009
2021-06-01 10:23:39,225.75,1167009
2021-06-01 10:23:40,225.75,1167009
2021-06-01 10:23:41,225.7,1167219
2021-06-01 10:23:42,225.7,1167219
2021-06-01 10:23:43,225.7,1167394
2021-06-01 10:23:44,225.7,1167394
2021-06-01 10:23:45,225.7,1167505
2021-06-01 10:23:46,225.7,1167505
2021-06-01 10:23:47,225.7,1167505
2021-06-01 10:23:48,225.7,1167555
2021-06-01 10:23:49,225.75,1167562
2021-06-01 10:23:50,225.75,1167651
2021-06-01 10:23:51,225.75,1167651
2021-06-01 10:23:52,225.75,1168109
2021-06-01 10:23:53,225.7,1168294
2021-06-01 10:23:54,225.7,1168319
2021-06-01 10:23:56,225.75,1168386
2021-06-01 10:23:57,225.7,1168804
2021-06-01 10:23:58,225.7,1168852
2021-06-01 10:23:59,225.7,1168852
2021-06-01 10:24:00,225.65,1169204
2021-06-01 10:24:01,225.7,1169444
2021-06-01 10:24:02,225.65,1169494
2021-06-01 10:24:03,225.65,1169494
2021-06-01 10:24:04,225.7,1169523
2021-06-01 10:24:05,225.7,1169523
2021-06-01 10:24:06,225.7,1169523
2021-06-01 10:24:07,225.7,1169528
2021-06-01 10:24:08,225.65,1169628
2021-06-01 10:24:09,225.65,1169628
2021-06-01 10:24:10,225.65,1169628
2021-06-01 10:24:11,225.65,1169628
2021-06-01 10:24:12,225.65,1169629
2021-06-01 10:24:13,225.6,1169641
2021-06-01 10:24:14,225.6,1169641
2021-06-01 10:24:15,225.6,1169641
2021-06-01 10:24:16,225.6,1169641
2021-06-01 10:24:17,225.6,1169641
2021-06-01 10:24:18,225.6,1169641
2021-06-01 10:24:19,225.6,1169642
2021-06-01 10:24:20,225.6,1169642
2021-06-01 10:24:21,225.6,1170642
2021-06-01 10:24:22,225.6,1170642
2021-06-01 10:24:23,225.6,1170642
2021-06-01 10:24:24,225.6,1170642
2021-06-01 10:24:25,225.6,1171332
2021-06-01 10:24:26,225.6,1171332
2021-06-01 10:24:27,225.65,1171382
2021-06-01 10:24:28,225.65,1171382
2021-06-01 10:24:29,225.7,1171406
2021-06-01 10:24:30,225.6,1171557
2021-06-01 10:24:31,225.6,1171557
2021-06-01 10:24:32,225.6,1171557
2021-06-01 10:24:33,225.6,1171557
2021-06-01 10:24:34,225.7,1171717
2021-06-01 10:24:35,225.7,1171751
2021-06-01 10:24:36,225.7,1171751
2021-06-01 10:24:37,225.7,1171751
2021-06-01 10:24:39,225.7,1171767
2021-06-01 10:24:40,225.7,1171769
2021-06-01 10:24:42,225.7,1171770
2021-06-01 10:24:43,225.7,1171770
2021-06-01 10:24:44,225.65,1171779
2021-06-01 10:24:45,225.75,1175722
2021-06-01 10:24:46,225.8,1176117
2021-06-01 10:24:47,225.75,1176118
2021-06-01 10:24:48,225.85,1185828
2021-06-01 10:24:49,225.9,1186839
2021-06-01 10:24:50,225.9,1186894
2021-06-01 10:24:51,225.9,1186894
2021-06-01 10:24:52,225.9,1187001
2021-06-01 10:24:53,225.85,1187026
2021-06-01 10:24:54,225.85,1187026
2021-06-01 10:24:55,225.85,1187196
2021-06-01 10:24:56,225.85,1187196
2021-06-01 10:24:57,225.85,1187196
2021-06-01 10:24:58,225.85,1187206
2021-06-01 10:24:59,225.85,1187227
2021-06-01 10:25:00,225.85,1187272
2021-06-01 10:25:01,225.8,1187281
2021-06-01 10:25:02,225.8,1187281
2021-06-01 10:25:04,225.8,1187287
2021-06-01 10:25:05,225.8,1187287
2021-06-01 10:25:06,225.75,1187290
2021-06-01 10:25:07,225.75,1187896
2021-06-01 10:25:08,225.75,1187897
2021-06-01 10:25:10,225.8,1188063
2021-06-01 10:25:11,225.8,1188063
2021-06-01 10:25:12,225.8,1188063
2021-06-01 10:25:13,225.8,1188080
2021-06-01 10:25:14,225.8,1188080
2021-06-01 10:25:15,225.75,1188370
2021-06-01 10:25:16,225.85,1193531
2021-06-01 10:25:17,225.85,1193531
2021-06-01 10:25:18,225.9,1193538
2021-06-01 10:25:19,225.9,1193538
2021-06-01 10:25:20,225.9,1194064
2021-06-01 10:25:21,225.9,1194064
2021-06-01 10:25:22,225.9,1194064
2021-06-01 10:25:23,225.9,1194064
2021-06-01 10:25:24,225.9,1194064
2021-06-01 10:25:25,225.9,1194667
2021-06-01 10:25:26,225.8,1194687
2021-06-01 10:25:27,225.8,1194687
2021-06-01 10:25:28,225.85,1194712
2021-06-01 10:25:29,225.8,1194792
2021-06-01 10:25:30,225.8,1194792
2021-06-01 10:25:31,225.7,1194803
2021-06-01 10:25:32,225.7,1194803
2021-06-01 10:25:33,225.7,1194803
2021-06-01 10:25:34,225.8,1195395
2021-06-01 10:25:35,225.8,1195395
2021-06-01 10:25:36,225.7,1195398
2021-06-01 10:25:37,225.65,1195403
2021-06-01 10:25:38,225.65,1195403
2021-06-01 10:25:39,225.65,1195403
2021-06-01 10:25:40,225.8,1195473
2021-06-01 10:25:41,225.8,1195473
2021-06-01 10:25:42,225.8,1195473
2021-06-01 10:25:43,225.8,1195473
2021-06-01 10:25:46,225.8,1195480
2021-06-01 10:25:47,225.8,1195480
2021-06-01 10:25:48,225.8,1195480
2021-06-01 10:25:49,225.8,1195480
2021-06-01 10:25:50,225.8,1195480
2021-06-01 10:25:51,225.8,1195480
2021-06-01 10:25:52,225.8,1195480
2021-06-01 10:25:53,225.8,1195480
2021-06-01 10:25:54,225.8,1195480
2021-06-01 10:25:55,225.7,1195496
2021-06-01 10:25:56,225.7,1195496
2021-06-01 10:25:57,225.7,1195496
2021-06-01 10:25:58,225.75,1195528
2021-06-01 10:26:00,225.7,1195680
2021-06-01 10:26:01,225.8,1195705
2021-06-01 10:26:01,225.8,1195705
2021-06-01 10:26:02,225.8,1196127
2021-06-01 10:26:04,225.8,1196127
2021-06-01 10:26:04,225.9,1196200
2021-06-01 10:26:05,225.9,1196200
2021-06-01 10:26:06,225.9,1196200
2021-06-01 10:26:07,225.9,1196368
2021-06-01 10:26:08,225.9,1196368
2021-06-01 10:26:10,225.9,1196418
2021-06-01 10:26:10,225.85,1196398
2021-06-01 10:26:11,226.0,1206418
2021-06-01 10:26:12,226.0,1206418
2021-06-01 10:26:13,226.0,1206418
2021-06-01 10:26:14,226.0,1206730
2021-06-01 10:26:15,226.0,1206870
2021-06-01 10:26:16,226.05,1207921
2021-06-01 10:26:17,226.05,1207921
2021-06-01 10:26:18,226.1,1211662
2021-06-01 10:26:19,226.1,1217028
2021-06-01 10:26:20,226.0,1217128
2021-06-01 10:26:21,226.05,1217138
2021-06-01 10:26:22,226.05,1217138
2021-06-01 10:26:23,226.05,1217689
2021-06-01 10:26:24,226.0,1217828
2021-06-01 10:26:25,226.0,1217828
2021-06-01 10:26:26,226.0,1218683
2021-06-01 10:26:27,226.0,1219232
2021-06-01 10:26:28,226.0,1219232
2021-06-01 10:26:29,226.0,1219373
2021-06-01 10:26:30,225.95,1219524
2021-06-01 10:26:31,225.95,1219524
2021-06-01 10:26:32,226.0,1219553
2021-06-01 10:26:33,226.0,1219553
2021-06-01 10:26:34,226.0,1219556
2021-06-01 10:26:36,226.0,1219556
2021-06-01 10:26:36,226.0,1219559
2021-06-01 10:26:37,226.0,1219559
2021-06-01 10:26:38,226.0,1219559
2021-06-01 10:26:39,226.0,1219559
2021-06-01 10:26:41,226.05,1219999
2021-06-01 10:26:45,225.95,1220303
2021-06-01 10:26:49,226.0,1220391
2021-06-01 10:26:52,226.05,1220978
2021-06-01 10:26:56,226.0,1221050
2021-06-01 10:27:00,226.1,1222222
2021-06-01 10:27:04,226.1,1222842
2021-06-01 10:27:08,226.15,1223928
2021-06-01 10:27:12,226.05,1231167
2021-06-01 10:27:16,226.05,1236978
2021-06-01 10:27:20,226.05,1237569
2021-06-01 10:27:23,226.05,1238152
2021-06-01 10:27:32,226.05,1240622
2021-06-01 10:27:36,226.05,1240887
2021-06-01 10:27:40,226.1,1240920
2021-06-01 10:27:45,226.05,1241935
2021-06-01 10:27:49,226.05,1242236
2021-06-01 10:27:52,226.15,1246721
2021-06-01 10:27:56,226.25,1251627
2021-06-01 10:28:01,226.2,1252336
2021-06-01 10:28:05,226.25,1253197
2021-06-01 10:28:09,226.25,1253670
2021-06-01 10:28:14,226.25,1257943
2021-06-01 10:28:17,226.25,1258380
2021-06-01 10:28:22,226.25,1259349
2021-06-01 10:28:26,226.3,1259946
2021-06-01 10:28:31,226.25,1260763
2021-06-01 10:28:35,226.3,1260860
2021-06-01 10:28:39,226.25,1262105
2021-06-01 10:28:42,226.25,1263044
2021-06-01 10:28:47,226.3,1263141
2021-06-01 10:28:50,226.3,1263769
2021-06-01 10:28:55,226.35,1266589
2021-06-01 10:28:59,226.35,1268944
2021-06-01 10:29:03,226.35,1270009
2021-06-01 10:29:07,226.3,1270321
2021-06-01 10:29:11,226.35,1270822
2021-06-01 10:29:15,226.35,1271472
2021-06-01 10:29:20,226.35,1272500
2021-06-01 10:29:23,226.35,1272604
2021-06-01 10:29:27,226.4,1277614
2021-06-01 10:29:31,226.4,1279045
2021-06-01 10:29:35,226.45,1284045
2021-06-01 10:29:39,226.5,1307054
2021-06-01 10:29:43,226.5,1357554
2021-06-01 10:29:47,226.5,1358052
2021-06-01 10:29:51,226.3,1367052
2021-06-01 10:29:55,226.45,1367084
2021-06-01 10:29:59,226.5,1367332
2021-06-01 10:30:03,226.65,1377794
2021-06-01 10:30:07,226.75,1385482
2021-06-01 10:30:11,226.65,1388982
2021-06-01 10:30:15,226.7,1390498
2021-06-01 10:30:19,226.65,1391968
2021-06-01 10:30:24,226.6,1395093
2021-06-01 10:30:28,226.55,1395706
2021-06-01 10:30:32,226.55,1396116
2021-06-01 10:30:35,226.5,1396423
2021-06-01 10:30:39,226.6,1396458
2021-06-01 10:30:42,226.7,1397507
2021-06-01 10:30:46,226.7,1398178
2021-06-01 10:30:50,226.7,1400018
2021-06-01 10:30:55,226.8,1400446
2021-06-01 10:30:59,226.8,1401166
2021-06-01 10:31:03,226.8,1401772
2021-06-01 10:31:07,226.75,1401837
2021-06-01 10:31:11,226.75,1402272
2021-06-01 10:31:15,226.85,1402395
2021-06-01 10:31:19,226.85,1402496
2021-06-01 10:31:23,226.95,1406693
2021-06-01 10:31:26,226.95,1407068
2021-06-01 10:31:30,226.55,1440583
2021-06-01 10:31:34,226.55,1441255
2021-06-01 10:31:38,226.6,1444379
2021-06-01 10:31:42,226.6,1444535
2021-06-01 10:31:46,226.65,1445448
2021-06-01 10:31:50,226.55,1447519
2021-06-01 10:31:54,226.5,1447985
2021-06-01 10:31:57,226.4,1448447
2021-06-01 10:32:00,226.4,1448898
2021-06-01 10:32:04,226.3,1449044
2021-06-01 10:32:08,226.3,1450185
2021-06-01 10:32:11,226.25,1452517
2021-06-01 10:32:15,226.25,1452517
2021-06-01 10:32:18,226.35,1452518
2021-06-01 10:32:22,226.2,1454064
2021-06-01 10:32:25,226.3,1454283
2021-06-01 10:32:29,226.2,1454410
2021-06-01 10:32:33,226.15,1454808
2021-06-01 10:32:36,226.15,1455848
2021-06-01 10:32:40,226.35,1482447
2021-06-01 10:32:43,226.35,1486139
2021-06-01 10:32:47,226.4,1486239
2021-06-01 10:32:51,226.35,1490562
2021-06-01 10:32:54,226.45,1490850
2021-06-01 10:32:58,226.4,1493281
2021-06-01 10:33:01,226.55,1501201
2021-06-01 10:33:05,226.25,1508103
2021-06-01 10:33:09,226.15,1518732
2021-06-01 10:33:12,226.15,1521014
2021-06-01 10:33:15,226.15,1521770
2021-06-01 10:33:19,226.15,1524135
2021-06-01 10:33:23,226.15,1584371
2021-06-01 10:33:27,226.05,1585897
2021-06-01 10:33:31,226.05,1601193
2021-06-01 10:33:34,226.1,1603353
2021-06-01 10:33:38,226.25,1612791
2021-06-01 10:33:42,226.4,1617924
2021-06-01 10:33:45,226.5,1622107
2021-06-01 10:33:49,226.2,1722861
2021-06-01 10:33:52,226.25,1724863
2021-06-01 10:33:55,226.25,1725046
2021-06-01 10:33:59,226.25,1728083
2021-06-01 10:34:02,226.25,1728434
2021-06-01 10:34:06,226.35,1728598
2021-06-01 10:34:09,226.4,1729643
2021-06-01 10:34:13,226.5,1729723
2021-06-01 10:34:16,226.45,1730168
2021-06-01 10:34:20,226.55,1730291
2021-06-01 10:34:23,226.55,1730343
2021-06-01 10:34:26,226.6,1737440
2021-06-01 10:34:30,226.65,1737792
2021-06-01 10:34:34,226.7,1739313
2021-06-01 10:34:37,226.55,1739536
2021-06-01 10:34:41,226.65,1739770
2021-06-01 10:34:45,226.6,1773283
2021-06-01 10:34:49,226.7,1777886
2021-06-01 10:34:52,226.65,1780012
2021-06-01 10:34:55,226.6,1780372
2021-06-01 10:34:59,226.6,1780620
2021-06-01 10:35:02,226.6,1783047
2021-06-01 10:35:06,226.7,1784524
2021-06-01 10:35:10,226.55,1788355
2021-06-01 10:35:13,226.55,1791430
2021-06-01 10:35:17,226.7,1791431
2021-06-01 10:35:20,226.7,1791791
2021-06-01 10:35:23,226.6,1791986
2021-06-01 10:35:27,226.65,1792292
2021-06-01 10:35:30,226.65,1792682
2021-06-01 10:35:34,226.7,1794026
2021-06-01 10:35:38,226.65,1794244
2021-06-01 10:35:42,226.65,1794685
2021-06-01 10:35:45,226.65,1794879
2021-06-01 10:35:52,226.65,1796950
2021-06-01 10:35:56,226.7,1797746
2021-06-01 10:36:00,226.85,1798386
2021-06-01 10:36:04,226.85,1798586
2021-06-01 10:36:07,226.8,1799222
2021-06-01 10:36:11,226.8,1799460
2021-06-01 10:36:14,226.8,1802725
2021-06-01 10:36:17,226.85,1803865
2021-06-01 10:36:20,226.85,1804529
2021-06-01 10:36:23,226.9,1804681
2021-06-01 10:36:27,226.95,1811669
2021-06-01 10:36:31,226.85,1931507
2021-06-01 10:36:34,226.6,1937263
2021-06-01 10:36:37,226.65,1939069
2021-06-01 10:36:39,226.75,1942969
2021-06-01 10:36:40,226.75,1942969
2021-06-01 10:36:41,226.7,1943269
2021-06-01 10:36:42,226.7,1943269
2021-06-01 10:36:43,226.7,1943269
2021-06-01 10:36:44,226.7,1943870
2021-06-01 10:36:45,226.6,1943987
2021-06-01 10:36:46,226.6,1943987
2021-06-01 10:36:47,226.7,1944187
2021-06-01 10:36:48,226.7,1945187
2021-06-01 10:36:49,226.7,1945259
2021-06-01 10:36:50,226.65,1945439
2021-06-01 10:36:51,226.65,1945439
2021-06-01 10:36:52,226.65,1945439
2021-06-01 10:36:53,226.5,1946664
2021-06-01 10:36:54,226.5,1946664
2021-06-01 10:36:55,226.5,1946664
2021-06-01 10:36:56,226.5,1946664
2021-06-01 10:36:57,226.5,1946664
2021-06-01 10:36:58,226.65,1946796
2021-06-01 10:36:59,226.65,1946796
2021-06-01 10:37:00,226.6,1947048
2021-06-01 10:37:01,226.65,1947327
2021-06-01 10:37:02,226.65,1947756
2021-06-01 10:37:03,226.65,1947756
2021-06-01 10:37:04,226.7,1947826
2021-06-01 10:37:05,226.7,1947826
2021-06-01 10:37:06,226.7,1947826
2021-06-01 10:37:07,226.7,1947833
2021-06-01 10:37:08,226.7,1947833
2021-06-01 10:37:10,226.7,1947846
2021-06-01 10:37:11,226.7,1947853
2021-06-01 10:37:13,226.7,1947855
2021-06-01 10:37:13,226.7,1947853
2021-06-01 10:37:14,226.7,1948355
2021-06-01 10:37:16,226.7,1948405
2021-06-01 10:37:17,226.75,1948423
2021-06-01 10:37:19,226.7,1948431
2021-06-01 10:37:21,226.6,1949325
2021-06-01 10:37:22,226.65,1950015
2021-06-01 10:37:23,226.7,1950515
2021-06-01 10:37:24,226.6,1950915
2021-06-01 10:37:25,226.65,1951119
2021-06-01 10:37:26,226.65,1951119
2021-06-01 10:37:27,226.65,1951119
2021-06-01 10:37:28,226.65,1951140
2021-06-01 10:37:29,226.65,1951140
2021-06-01 10:37:30,226.65,1952292
2021-06-01 10:37:31,226.65,1952736
2021-06-01 10:37:32,226.65,1952786
2021-06-01 10:37:33,226.65,1952786
2021-06-01 10:37:34,226.65,1952835
2021-06-01 10:37:35,226.65,1952835
2021-06-01 10:37:36,226.65,1952935
2021-06-01 10:37:37,226.65,1952950
2021-06-01 10:37:38,226.6,1952974
2021-06-01 10:37:39,226.6,1952974
2021-06-01 10:37:40,226.65,1953355
2021-06-01 10:37:41,226.7,1953859
2021-06-01 10:37:42,226.65,1954389
2021-06-01 10:37:43,226.7,1956125
2021-06-01 10:37:44,226.7,1956125
2021-06-01 10:37:45,226.7,1956125
2021-06-01 10:37:46,226.7,1956318
2021-06-01 10:37:47,226.7,1956318
2021-06-01 10:37:48,226.7,1956318
2021-06-01 10:37:49,226.7,1956367
2021-06-01 10:37:51,226.7,1956367
2021-06-01 10:37:51,226.65,1956458
2021-06-01 10:37:52,226.7,1956472
2021-06-01 10:37:53,226.65,1957155
2021-06-01 10:37:54,226.65,1957155
2021-06-01 10:37:55,226.7,1957225
2021-06-01 10:37:56,226.7,1957225
2021-06-01 10:37:57,226.7,1957225
2021-06-01 10:37:58,226.7,1957237
2021-06-01 10:37:59,226.7,1957287
2021-06-01 10:38:00,226.65,1957439
2021-06-01 10:38:01,226.7,1957461
2021-06-01 10:38:02,226.65,1957511
2021-06-01 10:38:03,226.7,1957524
2021-06-01 10:38:04,226.7,1958622
2021-06-01 10:38:05,226.7,1958624
2021-06-01 10:38:06,226.7,1958624
2021-06-01 10:38:07,226.7,1958735
2021-06-01 10:38:08,226.7,1958735
2021-06-01 10:38:09,226.7,1958845
2021-06-01 10:38:10,226.75,1960301
2021-06-01 10:38:11,226.75,1960423
2021-06-01 10:38:12,226.75,1960423
2021-06-01 10:38:14,226.7,1960700
2021-06-01 10:38:15,226.7,1960700
2021-06-01 10:38:16,226.7,1960700
2021-06-01 10:38:17,226.75,1960728
2021-06-01 10:38:18,226.75,1965124
2021-06-01 10:38:18,226.75,1965124
2021-06-01 10:38:19,226.75,1965124
2021-06-01 10:38:20,226.85,1965794
2021-06-01 10:38:21,226.8,1965996
2021-06-01 10:38:22,226.9,1966083
2021-06-01 10:38:23,226.9,1966083
2021-06-01 10:38:24,226.9,1966083
2021-06-01 10:38:25,226.8,1966184
2021-06-01 10:38:26,226.9,1966189
2021-06-01 10:38:27,226.9,1966189
2021-06-01 10:38:28,226.85,1966212
2021-06-01 10:38:29,226.8,1966752
2021-06-01 10:38:30,226.7,1969462
2021-06-01 10:38:31,226.75,1970027
2021-06-01 10:38:32,226.75,1970180
2021-06-01 10:38:33,226.75,1970381
2021-06-01 10:38:34,226.75,1970635
2021-06-01 10:38:35,226.75,1970645
2021-06-01 10:38:36,226.75,1970645
2021-06-01 10:38:37,226.75,1970645
2021-06-01 10:38:38,226.8,1971573
2021-06-01 10:38:39,226.8,1971573
2021-06-01 10:38:40,226.75,1971724
2021-06-01 10:38:41,226.75,1972002
2021-06-01 10:38:42,226.8,1972555
2021-06-01 10:38:43,226.8,1972555
2021-06-01 10:38:44,226.75,1972600
2021-06-01 10:38:45,226.7,1972701
2021-06-01 10:38:46,226.75,1972968
2021-06-01 10:38:47,226.75,1972968
2021-06-01 10:38:48,226.75,1972968
2021-06-01 10:38:49,226.75,1972968
2021-06-01 10:38:50,226.75,1972998
2021-06-01 10:38:51,226.75,1973003
2021-06-01 10:38:52,226.7,1973035
2021-06-01 10:38:53,226.75,1973535
2021-06-01 10:38:55,226.75,1973591
2021-06-01 10:38:56,226.75,1973691
2021-06-01 10:38:57,226.75,1974002
2021-06-01 10:38:58,226.75,1974055
2021-06-01 10:39:00,226.75,1974055
2021-06-01 10:39:00,226.75,1974207
2021-06-01 10:39:01,226.8,1974278
2021-06-01 10:39:02,226.8,1974278
2021-06-01 10:39:04,226.8,1974278
2021-06-01 10:39:05,226.75,1974337
2021-06-01 10:39:05,226.75,1974337
2021-06-01 10:39:06,226.8,1974372
2021-06-01 10:39:07,226.8,1974372
2021-06-01 10:39:08,226.75,1974580
2021-06-01 10:39:09,226.8,1974581
2021-06-01 10:39:10,226.8,1974581
2021-06-01 10:39:11,226.8,1974663
2021-06-01 10:39:13,226.8,1974669
2021-06-01 10:39:14,226.8,1975703
2021-06-01 10:39:16,226.85,1975808
2021-06-01 10:39:16,226.85,1975808
2021-06-01 10:39:18,226.75,1976198
2021-06-01 10:39:19,226.85,1976203
2021-06-01 10:39:19,226.85,1976203
2021-06-01 10:39:21,226.85,1976203
2021-06-01 10:39:22,226.75,1976703
2021-06-01 10:39:24,226.8,1976718
2021-06-01 10:39:24,226.8,1976718
2021-06-01 10:39:25,226.8,1977765
2021-06-01 10:39:26,226.8,1977765
2021-06-01 10:39:27,226.8,1977765
2021-06-01 10:39:28,226.8,1978899
2021-06-01 10:39:29,226.8,1978899
2021-06-01 10:39:31,226.85,1979561
2021-06-01 10:39:32,226.85,1979561
2021-06-01 10:39:32,226.8,1980128
2021-06-01 10:39:33,226.85,1980233
2021-06-01 10:39:34,226.8,1981095
2021-06-01 10:39:35,226.8,1981400
2021-06-01 10:39:36,226.85,1981405
2021-06-01 10:39:37,226.85,1981405
2021-06-01 10:39:38,226.65,1983008
2021-06-01 10:39:39,226.6,1984706
2021-06-01 10:39:40,226.7,1984711
2021-06-01 10:39:42,226.6,1984721
2021-06-01 10:39:43,226.6,1984721
2021-06-01 10:39:43,226.6,1984721
2021-06-01 10:39:44,226.6,1984721
2021-06-01 10:39:45,226.6,1984721
2021-06-01 10:39:46,226.6,1984721
2021-06-01 10:39:47,226.65,1984821
2021-06-01 10:39:48,226.6,1985131
2021-06-01 10:39:49,226.6,1986109
2021-06-01 10:39:50,226.6,1992684
2021-06-01 10:39:51,226.6,1992704
2021-06-01 10:39:53,226.55,1992707
2021-06-01 10:39:55,226.55,1992808
2021-06-01 10:39:56,226.55,1992808
2021-06-01 10:39:57,226.55,1992860
2021-06-01 10:39:58,226.5,1995325
2021-06-01 10:39:59,226.5,1995325
2021-06-01 10:40:00,226.35,1995577
2021-06-01 10:40:01,226.35,1995577
2021-06-01 10:40:02,226.35,1995577
2021-06-01 10:40:04,226.5,1995627
2021-06-01 10:40:05,226.5,1995827
2021-06-01 10:40:06,226.5,1995827
2021-06-01 10:40:07,226.5,1995927
2021-06-01 10:40:08,226.5,1999815
2021-06-01 10:40:09,226.5,1999815
2021-06-01 10:40:10,226.5,1999815
2021-06-01 10:40:11,226.55,1999825
2021-06-01 10:40:12,226.55,1999825
2021-06-01 10:40:13,226.55,1999825
2021-06-01 10:40:14,226.55,1999835
2021-06-01 10:40:15,226.55,1999835
2021-06-01 10:40:16,226.55,1999835
2021-06-01 10:40:18,226.55,1999845
2021-06-01 10:40:19,226.55,1999845
2021-06-01 10:40:20,226.55,1999846
2021-06-01 10:40:21,226.55,1999846
2021-06-01 10:40:22,226.5,2001246
2021-06-01 10:40:23,226.45,2001346
2021-06-01 10:40:24,226.4,2001596
2021-06-01 10:40:24,226.5,2001597
2021-06-01 10:40:26,226.5,2001607
2021-06-01 10:40:27,226.4,2001708
2021-06-01 10:40:27,226.4,2001708
2021-06-01 10:40:28,226.5,2001808
2021-06-01 10:40:29,226.5,2001813
2021-06-01 10:40:30,226.5,2001994
2021-06-01 10:40:31,226.4,2002194
2021-06-01 10:40:32,226.4,2002194
2021-06-01 10:40:33,226.4,2002194
2021-06-01 10:40:34,226.4,2002194
2021-06-01 10:40:36,226.4,2002219
2021-06-01 10:40:37,226.4,2002219
2021-06-01 10:40:38,226.4,2002225
2021-06-01 10:40:38,226.4,2002225
2021-06-01 10:40:39,226.4,2002225
2021-06-01 10:40:40,226.4,2002288
2021-06-01 10:40:41,226.4,2002297
2021-06-01 10:40:42,226.4,2002297
2021-06-01 10:40:43,226.4,2002297
2021-06-01 10:40:45,226.45,2002298
2021-06-01 10:40:46,226.45,2002298
2021-06-01 10:40:47,226.5,2005495
2021-06-01 10:40:48,226.5,2006549
2021-06-01 10:40:48,226.5,2006549
2021-06-01 10:40:49,226.5,2006549
2021-06-01 10:40:51,226.5,2006683
2021-06-01 10:40:53,226.55,2006695
2021-06-01 10:40:54,226.55,2006695
2021-06-01 10:40:55,226.5,2006715
2021-06-01 10:40:56,226.5,2006715
2021-06-01 10:40:57,226.5,2008694
2021-06-01 10:40:58,226.5,2008694
2021-06-01 10:40:58,226.5,2008694
2021-06-01 10:40:59,226.5,2008694
2021-06-01 10:41:01,226.5,2008946
2021-06-01 10:41:02,226.5,2008946
2021-06-01 10:41:03,226.5,2009386
2021-06-01 10:41:03,226.35,2013586
2021-06-01 10:41:04,226.45,2013986
2021-06-01 10:41:05,226.45,2013986
2021-06-01 10:41:06,226.35,2014086
2021-06-01 10:41:08,226.5,2014146
2021-06-01 10:41:09,226.3,2016185
2021-06-01 10:41:10,226.3,2016185
2021-06-01 10:41:11,226.3,2016185
2021-06-01 10:41:11,226.3,2016185
2021-06-01 10:41:12,226.45,2016274
2021-06-01 10:41:14,226.5,2016365
2021-06-01 10:41:14,226.5,2016365
2021-06-01 10:41:15,226.35,2017272
2021-06-01 10:41:16,226.4,2017290
2021-06-01 10:41:17,226.4,2017290
2021-06-01 10:41:18,226.4,2017334
2021-06-01 10:41:19,226.35,2017379
2021-06-01 10:41:20,226.35,2017379
2021-06-01 10:41:21,226.35,2017379
2021-06-01 10:41:22,226.35,2017379
2021-06-01 10:41:23,226.3,2017524
2021-06-01 10:41:24,226.3,2017524
2021-06-01 10:41:25,226.35,2017589
2021-06-01 10:41:26,226.35,2017589
2021-06-01 10:41:27,226.35,2017589
2021-06-01 10:41:28,226.3,2017689
2021-06-01 10:41:29,226.35,2018689
2021-06-01 10:41:31,226.35,2019143
2021-06-01 10:41:31,226.4,2019148
2021-06-01 10:41:32,226.4,2019148
2021-06-01 10:41:33,226.45,2019622
2021-06-01 10:41:34,226.35,2030235
2021-06-01 10:41:35,226.35,2030279
2021-06-01 10:41:37,226.4,2030695
2021-06-01 10:41:38,226.4,2030695
2021-06-01 10:41:39,226.4,2030700
2021-06-01 10:41:41,226.4,2030700
2021-06-01 10:41:42,226.4,2030745
2021-06-01 10:41:43,226.4,2030745
2021-06-01 10:41:43,226.4,2030790
2021-06-01 10:41:45,226.4,2030834
2021-06-01 10:41:46,226.4,2030834
2021-06-01 10:41:47,226.3,2030836
2021-06-01 10:41:47,226.45,2030881
2021-06-01 10:41:48,226.45,2030886
2021-06-01 10:41:49,226.45,2030930
2021-06-01 10:41:50,226.45,2030930
2021-06-01 10:41:51,226.25,2031184
2021-06-01 10:41:53,226.25,2031184
2021-06-01 10:41:54,226.25,2031184
2021-06-01 10:41:55,226.4,2031272
2021-06-01 10:41:56,226.35,2041274
2021-06-01 10:41:57,226.35,2041274
2021-06-01 10:41:58,226.35,2041274
2021-06-01 10:41:58,226.35,2041274
2021-06-01 10:41:59,226.5,2046873
2021-06-01 10:42:00,226.55,2047037
2021-06-01 10:42:01,226.6,2047042
2021-06-01 10:42:03,226.6,2047042
2021-06-01 10:42:04,226.6,2047052
2021-06-01 10:42:05,226.6,2047052
2021-06-01 10:42:06,226.6,2047052
2021-06-01 10:42:07,226.6,2047066
2021-06-01 10:42:07,226.6,2047066
2021-06-01 10:42:09,226.6,2047076
2021-06-01 10:42:10,226.6,2047076
2021-06-01 10:42:11,226.6,2047076
2021-06-01 10:42:12,226.55,2047274
2021-06-01 10:42:13,226.6,2048383
2021-06-01 10:42:14,226.55,2048584
2021-06-01 10:42:15,226.6,2048594
2021-06-01 10:42:16,226.6,2048895
2021-06-01 10:42:17,226.55,2049145
2021-06-01 10:42:18,226.55,2049145
2021-06-01 10:42:19,226.55,2049145
2021-06-01 10:42:19,226.5,2049305
2021-06-01 10:42:20,226.5,2049305
2021-06-01 10:42:21,226.5,2049305
2021-06-01 10:42:23,226.5,2049305
2021-06-01 10:42:24,226.6,2049315
2021-06-01 10:42:25,226.6,2049315
2021-06-01 10:42:26,226.6,2051124
2021-06-01 10:42:27,226.6,2051124
2021-06-01 10:42:28,226.65,2051129
2021-06-01 10:42:28,226.7,2051629
2021-06-01 10:42:30,226.65,2054049
2021-06-01 10:42:31,226.65,2054049
2021-06-01 10:42:32,226.65,2054069
2021-06-01 10:42:32,226.65,2054069
2021-06-01 10:42:33,226.65,2054069
2021-06-01 10:42:34,226.65,2054069
2021-06-01 10:42:36,226.55,2054169
2021-06-01 10:42:37,226.55,2054169
2021-06-01 10:42:38,226.65,2054174
2021-06-01 10:42:39,226.6,2054190
2021-06-01 10:42:41,226.65,2055190
2021-06-01 10:42:42,226.65,2055195
2021-06-01 10:42:43,226.65,2055195
2021-06-01 10:42:44,226.65,2055195
2021-06-01 10:42:45,226.65,2055199
2021-06-01 10:42:46,226.65,2055219
2021-06-01 10:42:47,226.6,2055669
2021-06-01 10:42:48,226.6,2055669
2021-06-01 10:42:50,226.5,2056864
2021-06-01 10:42:51,226.5,2056864
2021-06-01 10:42:52,226.45,2057464
2021-06-01 10:42:52,226.45,2057564
2021-06-01 10:42:55,226.4,2057599
2021-06-01 10:42:56,226.4,2057599
2021-06-01 10:42:57,226.45,2057602
2021-06-01 10:42:58,226.45,2057602
2021-06-01 10:42:59,226.45,2057607
2021-06-01 10:43:00,226.35,2057679
2021-06-01 10:43:02,226.5,2058421
2021-06-01 10:43:01,226.5,2057871
2021-06-01 10:43:03,226.5,2058426
2021-06-01 10:43:04,226.5,2058426
2021-06-01 10:43:05,226.5,2058426
2021-06-01 10:43:07,226.5,2058426
2021-06-01 10:43:08,226.5,2058426
2021-06-01 10:43:08,226.45,2058431
2021-06-01 10:43:09,226.45,2058431
2021-06-01 10:43:11,226.4,2058481
2021-06-01 10:43:11,226.4,2058481
2021-06-01 10:43:13,226.4,2058481
2021-06-01 10:43:14,226.45,2058486
2021-06-01 10:43:15,226.45,2058486
2021-06-01 10:43:16,226.45,2058488
2021-06-01 10:43:17,226.4,2058489
2021-06-01 10:43:18,226.45,2058494
2021-06-01 10:43:18,226.45,2058577
2021-06-01 10:43:19,226.5,2058597
2021-06-01 10:43:20,226.35,2058797
2021-06-01 10:43:22,226.5,2058802
2021-06-01 10:43:24,226.5,2058803
2021-06-01 10:43:25,226.35,2058805
2021-06-01 10:43:26,226.4,2058812
2021-06-01 10:43:26,226.4,2058812
2021-06-01 10:43:28,226.35,2059312
2021-06-01 10:43:28,226.35,2059322
2021-06-01 10:43:30,226.35,2059473
2021-06-01 10:43:31,226.35,2059473
2021-06-01 10:43:32,226.35,2059473
2021-06-01 10:43:33,226.5,2069473
2021-06-01 10:43:34,226.5,2069473
2021-06-01 10:43:35,226.5,2069473
2021-06-01 10:43:35,226.35,2069998
2021-06-01 10:43:36,226.5,2070003
2021-06-01 10:43:38,226.35,2070171
2021-06-01 10:43:39,226.5,2070181
2021-06-01 10:43:40,226.5,2072695
2021-06-01 10:43:40,226.5,2072695
2021-06-01 10:43:41,226.5,2072945
2021-06-01 10:43:42,226.55,2072955
2021-06-01 10:43:43,226.5,2072957
2021-06-01 10:43:44,226.5,2072957
2021-06-01 10:43:45,226.55,2072967
2021-06-01 10:43:46,226.55,2072967
2021-06-01 10:43:48,226.55,2072967
2021-06-01 10:43:48,226.55,2072967
2021-06-01 10:43:50,226.55,2072972
2021-06-01 10:43:51,226.55,2072972
2021-06-01 10:43:52,226.55,2072972
2021-06-01 10:43:53,226.55,2072972
2021-06-01 10:43:54,226.55,2072977
2021-06-01 10:43:55,226.55,2072977
2021-06-01 10:43:55,226.5,2073057
2021-06-01 10:43:56,226.5,2073292
2021-06-01 10:43:58,226.5,2073292
2021-06-01 10:43:59,226.5,2073292
2021-06-01 10:44:00,226.5,2073499
2021-06-01 10:44:01,226.5,2074297
2021-06-01 10:44:02,226.5,2074297
2021-06-01 10:44:02,226.55,2074300
2021-06-01 10:44:04,226.55,2074311
2021-06-01 10:44:06,226.5,2076452
2021-06-01 10:44:07,226.55,2076462
2021-06-01 10:44:08,226.5,2076482
2021-06-01 10:44:09,226.5,2076682
2021-06-01 10:44:09,226.5,2076682
2021-06-01 10:44:11,226.55,2076733
2021-06-01 10:44:13,226.55,2076733
2021-06-01 10:44:13,226.55,2076743
2021-06-01 10:44:15,226.5,2079987
2021-06-01 10:44:18,226.5,2079987
2021-06-01 10:44:19,226.5,2079987
2021-06-01 10:44:20,226.5,2079987
2021-06-01 10:44:21,226.5,2080002
2021-06-01 10:44:22,226.5,2080161
2021-06-01 10:44:23,226.5,2080161
2021-06-01 10:44:24,226.45,2081801
2021-06-01 10:44:25,226.45,2081801
2021-06-01 10:44:26,226.45,2081801
2021-06-01 10:44:27,226.45,2081801
2021-06-01 10:44:28,226.45,2081801
2021-06-01 10:44:29,226.35,2082192
2021-06-01 10:44:30,226.3,2082344
2021-06-01 10:44:31,226.35,2084497
2021-06-01 10:44:33,226.4,2084997
2021-06-01 10:44:35,226.35,2086650
2021-06-01 10:44:36,226.35,2086650
2021-06-01 10:44:37,226.35,2086650
2021-06-01 10:44:38,226.35,2086650
2021-06-01 10:44:39,226.35,2086750
2021-06-01 10:44:40,226.4,2086900
2021-06-01 10:44:41,226.4,2086900
2021-06-01 10:44:42,226.4,2086900
2021-06-01 10:44:43,226.4,2086900
2021-06-01 10:44:45,226.35,2087000
2021-06-01 10:44:46,226.4,2087001
2021-06-01 10:44:47,226.4,2088049
2021-06-01 10:44:48,226.4,2088049
2021-06-01 10:44:49,226.4,2089416
2021-06-01 10:44:50,226.4,2089416
2021-06-01 10:44:51,226.4,2089416
2021-06-01 10:44:52,226.4,2089416
2021-06-01 10:44:53,226.35,2089417
2021-06-01 10:44:54,226.35,2089422
2021-06-01 10:44:56,226.4,2089424
2021-06-01 10:44:55,226.35,2089422
2021-06-01 10:44:57,226.4,2089425
2021-06-01 10:44:58,226.4,2089425
2021-06-01 10:44:59,226.35,2090095
2021-06-01 10:45:00,226.35,2090246
2021-06-01 10:45:01,226.35,2090246
2021-06-01 10:45:02,226.5,2108135
2021-06-01 10:45:03,226.5,2108137
2021-06-01 10:45:04,226.5,2108137
2021-06-01 10:45:05,226.5,2108137
2021-06-01 10:45:06,226.5,2108137
2021-06-01 10:45:07,226.5,2108137
2021-06-01 10:45:08,226.5,2108387
2021-06-01 10:45:09,226.5,2109314
2021-06-01 10:45:10,226.55,2110137
2021-06-01 10:45:11,226.5,2110531
2021-06-01 10:45:12,226.55,2110633
2021-06-01 10:45:13,226.55,2111495
2021-06-01 10:45:14,226.55,2111495
2021-06-01 10:45:15,226.55,2111495
2021-06-01 10:45:16,226.55,2111495
2021-06-01 10:45:18,226.5,2113558
2021-06-01 10:45:19,226.5,2113578
2021-06-01 10:45:20,226.5,2113578
2021-06-01 10:45:21,226.5,2113578
2021-06-01 10:45:22,226.55,2113598
2021-06-01 10:45:23,226.55,2113598
2021-06-01 10:45:24,226.55,2113598
2021-06-01 10:45:25,226.55,2113598
2021-06-01 10:45:26,226.5,2113698
2021-06-01 10:45:27,226.5,2115801
2021-06-01 10:45:28,226.5,2115802
2021-06-01 10:45:29,226.5,2115802
2021-06-01 10:45:30,226.5,2115802
2021-06-01 10:45:31,226.5,2115954
2021-06-01 10:45:32,226.55,2116154
2021-06-01 10:45:33,226.55,2116158
2021-06-01 10:45:34,226.55,2116158
2021-06-01 10:45:35,226.5,2116205
2021-06-01 10:45:36,226.5,2123871
2021-06-01 10:45:37,226.5,2123871
2021-06-01 10:45:38,226.45,2124900
2021-06-01 10:45:39,226.45,2124900
2021-06-01 10:45:40,226.45,2124900
2021-06-01 10:45:41,226.45,2124900
2021-06-01 10:45:42,226.45,2124900
2021-06-01 10:45:43,226.45,2124900
2021-06-01 10:45:44,226.45,2124900
2021-06-01 10:45:45,226.45,2124900
2021-06-01 10:45:46,226.5,2124901
2021-06-01 10:45:47,226.5,2124902
2021-06-01 10:45:48,226.5,2124902
2021-06-01 10:45:49,226.5,2126702
2021-06-01 10:45:50,226.5,2126702
2021-06-01 10:45:51,226.5,2126702
2021-06-01 10:45:52,226.5,2126702
2021-06-01 10:45:54,226.5,2126702
2021-06-01 10:45:55,226.5,2126702
2021-06-01 10:45:56,226.5,2126702
2021-06-01 10:45:57,226.5,2126702
2021-06-01 10:45:58,226.5,2126702
2021-06-01 10:45:59,226.5,2126702
2021-06-01 10:46:00,226.45,2126932
2021-06-01 10:46:01,226.45,2126932
2021-06-01 10:46:02,226.45,2126932
2021-06-01 10:46:03,226.45,2126932
2021-06-01 10:46:04,226.45,2126932
2021-06-01 10:46:05,226.45,2126933
2021-06-01 10:46:06,226.45,2126933
2021-06-01 10:46:07,226.45,2126933
2021-06-01 10:46:08,226.45,2127104
2021-06-01 10:46:09,226.45,2127104
2021-06-01 10:46:10,226.4,2128964
2021-06-01 10:46:11,226.4,2128964
2021-06-01 10:46:13,226.45,2129964
2021-06-01 10:46:14,226.45,2129964
2021-06-01 10:46:15,226.45,2130214
2021-06-01 10:46:17,226.45,2130264
2021-06-01 10:46:18,226.45,2130264
2021-06-01 10:46:19,226.45,2130264
2021-06-01 10:46:20,226.45,2130264
2021-06-01 10:46:21,226.45,2130264
2021-06-01 10:46:22,226.45,2130363
2021-06-01 10:46:23,226.45,2130363
2021-06-01 10:46:24,226.45,2130363
2021-06-01 10:46:25,226.45,2130363
2021-06-01 10:46:26,226.45,2130363
2021-06-01 10:46:27,226.45,2130363
2021-06-01 10:46:28,226.45,2130368
2021-06-01 10:46:29,226.45,2130368
2021-06-01 10:46:30,226.4,2130519
2021-06-01 10:46:31,226.4,2130519
2021-06-01 10:46:32,226.45,2130539
2021-06-01 10:46:33,226.45,2130539
2021-06-01 10:46:34,226.45,2130539
2021-06-01 10:46:35,226.45,2130539
2021-06-01 10:46:36,226.45,2130539
2021-06-01 10:46:37,226.45,2130539
2021-06-01 10:46:38,226.45,2130540
2021-06-01 10:46:40,226.45,2130540
2021-06-01 10:46:44,226.45,2130590
2021-06-01 10:46:47,226.45,2130816
2021-06-01 10:46:54,226.45,2132656
2021-06-01 10:46:59,226.45,2132933
2021-06-01 10:47:03,226.45,2133174
2021-06-01 10:47:08,226.5,2133280
2021-06-01 10:47:15,226.5,2133670
2021-06-01 10:47:18,226.5,2140803
2021-06-01 10:47:22,226.5,2147087
2021-06-01 10:47:26,226.55,2147088
2021-06-01 10:47:29,226.5,2147708
2021-06-01 10:47:32,226.55,2147881
2021-06-01 10:47:36,226.6,2149308
2021-06-01 10:47:39,226.6,2149309
2021-06-01 10:47:43,226.6,2150228
2021-06-01 10:47:46,226.6,2150734
2021-06-01 10:47:49,226.6,2151473
2021-06-01 10:47:52,226.5,2151938
2021-06-01 10:47:55,226.5,2151940
2021-06-01 10:48:02,226.5,2153273
2021-06-01 10:48:05,226.55,2155868
2021-06-01 10:48:11,226.5,2156218
2021-06-01 10:48:15,226.55,2156308
2021-06-01 10:48:18,226.5,2156408
2021-06-01 10:48:21,226.5,2156993
2021-06-01 10:48:24,226.55,2157243
2021-06-01 10:48:28,226.6,2157843
2021-06-01 10:48:31,226.55,2158558
2021-06-01 10:48:34,226.55,2158563
2021-06-01 10:48:37,226.5,2158574
2021-06-01 10:48:40,226.55,2164539
2021-06-01 10:48:44,226.6,2164549
2021-06-01 10:48:47,226.6,2164549
2021-06-01 10:48:50,226.6,2164558
2021-06-01 10:48:54,226.6,2164758
2021-06-01 10:48:57,226.5,2165048
2021-06-01 10:49:00,226.5,2165347
2021-06-01 10:49:04,226.6,2165547
2021-06-01 10:49:07,226.6,2165547
2021-06-01 10:49:10,226.5,2165557
2021-06-01 10:49:14,226.6,2165687
2021-06-01 10:49:17,226.5,2165690
2021-06-01 10:49:20,226.5,2165690
2021-06-01 10:49:23,226.6,2165691
2021-06-01 10:49:26,226.6,2165691
2021-06-01 10:49:29,226.6,2165691
2021-06-01 10:49:31,226.5,2165842
2021-06-01 10:49:35,226.5,2167127
2021-06-01 10:49:38,226.5,2167127
2021-06-01 10:49:41,226.55,2167177
2021-06-01 10:49:44,226.5,2167198
2021-06-01 10:49:47,226.3,2176369
2021-06-01 10:49:51,226.4,2176469
2021-06-01 10:49:54,226.4,2176471
2021-06-01 10:49:57,226.3,2176572
2021-06-01 10:50:00,226.4,2177127
2021-06-01 10:50:03,226.4,2177127
2021-06-01 10:50:06,226.4,2177336
2021-06-01 10:50:10,226.4,2177386
2021-06-01 10:50:14,226.5,2177393
2021-06-01 10:50:17,226.5,2177404
2021-06-01 10:50:21,226.5,2177404
2021-06-01 10:50:24,226.4,2177429
2021-06-01 10:50:28,226.4,2177429
2021-06-01 10:50:31,226.5,2180531
2021-06-01 10:50:34,226.5,2180781
2021-06-01 10:50:40,226.5,2180831
2021-06-01 10:50:43,226.55,2183094
2021-06-01 10:50:47,226.6,2192241
2021-06-01 10:50:50,226.55,2196323
2021-06-01 10:50:54,226.55,2196323
2021-06-01 10:50:57,226.55,2196428
2021-06-01 10:51:00,226.55,2196579
2021-06-01 10:51:04,226.65,2196767
2021-06-01 10:51:07,226.45,2198567
2021-06-01 10:51:10,226.45,2198668
2021-06-01 10:51:15,226.5,2198718
2021-06-01 10:51:19,226.5,2198718
2021-06-01 10:51:22,226.5,2198718
2021-06-01 10:51:25,226.5,2198718
2021-06-01 10:51:28,226.5,2198719
2021-06-01 10:51:31,226.5,2198871
2021-06-01 10:51:34,226.6,2198877
2021-06-01 10:51:36,226.6,2198877
2021-06-01 10:51:39,226.6,2198877
2021-06-01 10:51:42,226.6,2198887
2021-06-01 10:51:45,226.6,2198887
2021-06-01 10:51:48,226.6,2198887
2021-06-01 10:51:54,226.6,2198887
2021-06-01 10:51:57,226.5,2199408
2021-06-01 10:51:59,226.6,2199412
2021-06-01 10:52:03,226.6,2218245
2021-06-01 10:52:06,226.65,2218345
2021-06-01 10:52:08,226.65,2224030
2021-06-01 10:52:12,226.65,2224595
2021-06-01 10:52:16,226.6,2224606
2021-06-01 10:52:19,226.7,2224619
2021-06-01 10:52:23,226.65,2224719
2021-06-01 10:52:27,226.65,2225044
2021-06-01 10:52:33,226.6,2226236
2021-06-01 10:52:37,226.65,2226346
2021-06-01 10:52:41,226.65,2226901
2021-06-01 10:52:44,226.65,2227401
2021-06-01 10:52:47,226.65,2227401
2021-06-01 10:52:50,226.7,2227921
2021-06-01 10:52:53,226.65,2228371
2021-06-01 10:52:57,226.65,2228371
2021-06-01 10:53:01,226.65,2228736
2021-06-01 10:53:04,226.7,2228748
2021-06-01 10:53:07,226.7,2228748
2021-06-01 10:53:10,226.7,2228848
2021-06-01 10:53:13,226.7,2228911
2021-06-01 10:53:22,226.65,2230906
2021-06-01 10:53:25,226.65,2233358
2021-06-01 10:53:28,226.6,2253123
2021-06-01 10:53:32,226.6,2253275
2021-06-01 10:53:35,226.6,2253375
2021-06-01 10:53:38,226.6,2253875
2021-06-01 10:53:41,226.65,2254120
2021-06-01 10:53:44,226.65,2254120
2021-06-01 10:53:47,226.65,2254125
2021-06-01 10:53:50,226.65,2254230
2021-06-01 10:53:54,226.65,2254230
2021-06-01 10:53:57,226.65,2254230
2021-06-01 10:54:00,226.6,2254682
2021-06-01 10:54:04,226.65,2254813
2021-06-01 10:54:08,226.65,2254813
2021-06-01 10:54:11,226.65,2254813
2021-06-01 10:54:15,226.6,2254883
2021-06-01 10:54:19,226.6,2254883
2021-06-01 10:54:23,226.6,2255140
2021-06-01 10:54:26,226.65,2269834
2021-06-01 10:54:30,226.6,2270054
2021-06-01 10:54:33,226.65,2270104
2021-06-01 10:54:39,226.65,2270104
2021-06-01 10:54:42,226.65,2270104
2021-06-01 10:54:45,226.65,2270104
2021-06-01 10:54:48,226.65,2270104
2021-06-01 10:54:52,226.6,2272048
2021-06-01 10:54:55,226.6,2272088
2021-06-01 10:54:59,226.6,2272088
2021-06-01 10:55:03,226.55,2275206
2021-06-01 10:55:07,226.5,2275720
2021-06-01 10:55:10,226.55,2275866
2021-06-01 10:55:13,226.5,2275870
2021-06-01 10:55:17,226.5,2275870
2021-06-01 10:55:20,226.5,2275870
2021-06-01 10:55:24,226.5,2275920
2021-06-01 10:55:28,226.5,2276334
2021-06-01 10:55:31,226.5,2276782
2021-06-01 10:55:34,226.45,2280500
2021-06-01 10:55:37,226.45,2280600
2021-06-01 10:55:40,226.45,2280750
2021-06-01 10:55:43,226.45,2280750
2021-06-01 10:55:46,226.5,2281000
2021-06-01 10:55:49,226.5,2281000
2021-06-01 10:55:51,226.4,2281003
2021-06-01 10:55:54,226.4,2281003
2021-06-01 10:55:57,226.4,2281003
2021-06-01 10:56:00,226.4,2281737
2021-06-01 10:56:03,226.25,2285262
2021-06-01 10:56:06,226.25,2285262
2021-06-01 10:56:10,226.35,2285272
2021-06-01 10:56:13,226.25,2285820
2021-06-01 10:56:17,226.35,2285839
2021-06-01 10:56:20,226.25,2285840
2021-06-01 10:56:23,226.35,2285915
2021-06-01 10:56:26,226.35,2290515
2021-06-01 10:56:29,226.35,2290516
2021-06-01 10:56:32,226.35,2291117
2021-06-01 10:56:35,226.3,2291118
2021-06-01 10:56:38,226.35,2291618
2021-06-01 10:56:42,226.35,2291618
2021-06-01 10:56:45,226.3,2292268
2021-06-01 10:56:49,226.35,2292520
2021-06-01 10:56:52,226.35,2292715
2021-06-01 10:56:55,226.45,2294715
2021-06-01 10:56:58,226.45,2294715
2021-06-01 10:57:01,226.4,2294716
2021-06-01 10:57:04,226.4,2294716
2021-06-01 10:57:06,226.45,2294767
2021-06-01 10:57:09,226.4,2295567
2021-06-01 10:57:12,226.4,2295718
2021-06-01 10:57:15,226.5,2296987
2021-06-01 10:57:17,226.5,2307494
2021-06-01 10:57:20,226.5,2307494
2021-06-01 10:57:23,226.5,2307534
2021-06-01 10:57:27,226.5,2307534
2021-06-01 10:57:30,226.5,2307534
2021-06-01 10:57:33,226.5,2307685
2021-06-01 10:57:36,226.5,2307685
2021-06-01 10:57:39,226.55,2312347
2021-06-01 10:57:42,226.55,2312347
2021-06-01 10:57:45,226.6,2314511
2021-06-01 10:57:48,226.6,2314536
2021-06-01 10:57:50,226.65,2320638
2021-06-01 10:57:53,226.65,2321138
2021-06-01 10:57:56,226.7,2321190
2021-06-01 10:57:59,226.7,2321391
2021-06-01 10:58:02,226.7,2321544
2021-06-01 10:58:05,226.85,2346745
2021-06-01 10:58:09,226.7,2346755
2021-06-01 10:58:13,226.7,2347661
2021-06-01 10:58:16,226.7,2347661
2021-06-01 10:58:19,226.7,2347661
2021-06-01 10:58:22,226.75,2347981
2021-06-01 10:58:25,226.75,2349501
2021-06-01 10:58:28,226.8,2349826
2021-06-01 10:58:31,226.8,2350028
2021-06-01 10:58:37,226.75,2350079
2021-06-01 10:58:39,226.85,2354297
2021-06-01 10:58:42,226.85,2355100
2021-06-01 10:58:45,226.9,2368038
2021-06-01 10:58:48,226.9,2368093
2021-06-01 10:58:52,227.0,2371576
2021-06-01 10:58:55,226.95,2373061
2021-06-01 10:58:58,227.0,2398261
2021-06-01 10:59:00,226.85,2399962
2021-06-01 10:59:03,227.0,2399992
2021-06-01 10:59:06,227.0,2399992
2021-06-01 10:59:08,226.95,2400022
2021-06-01 10:59:11,227.05,2404851
2021-06-01 10:59:14,227.05,2404851
2021-06-01 10:59:16,227.05,2405580
2021-06-01 10:59:19,227.0,2405875
2021-06-01 10:59:22,227.1,2409682
2021-06-01 10:59:24,227.15,2409782
2021-06-01 10:59:27,227.15,2409983
2021-06-01 10:59:30,227.15,2410457
2021-06-01 10:59:33,227.2,2410832
2021-06-01 10:59:36,227.2,2410868
2021-06-01 10:59:39,227.2,2413780
2021-06-01 10:59:42,227.15,2413860
2021-06-01 10:59:45,227.25,2416210
2021-06-01 10:59:48,227.25,2416370
2021-06-01 10:59:51,227.5,2469120
2021-06-01 10:59:54,227.5,2473033
2021-06-01 10:59:57,227.35,2473435
2021-06-01 11:00:00,227.4,2473789
2021-06-01 11:00:03,227.35,2473809
2021-06-01 11:00:06,227.35,2474361
2021-06-01 11:00:09,227.35,2475256
2021-06-01 11:00:12,227.45,2475376
2021-06-01 11:00:15,227.35,2476736
2021-06-01 11:00:20,227.35,2477238
2021-06-01 11:00:23,227.45,2477249
2021-06-01 11:00:25,227.55,2485362
2021-06-01 11:00:28,227.7,2496342
2021-06-01 11:00:31,227.6,2497594
2021-06-01 11:00:34,227.7,2511770
2021-06-01 11:00:38,227.5,2521075
2021-06-01 11:00:41,227.6,2522440
2021-06-01 11:00:44,227.75,2529895
2021-06-01 11:00:47,227.75,2534194
2021-06-01 11:00:50,227.65,2536011
2021-06-01 11:00:52,227.85,2546723
2021-06-01 11:00:55,227.85,2555144
2021-06-01 11:00:58,227.85,2556414
2021-06-01 11:01:02,227.95,2565416
2021-06-01 11:01:06,227.9,2567777
2021-06-01 11:01:09,228.0,2582056
2021-06-01 11:01:12,227.95,2586255
2021-06-01 11:01:15,227.8,2590787
2021-06-01 11:01:21,227.75,2594052
2021-06-01 11:01:23,227.7,2594566
2021-06-01 11:01:26,227.7,2596784
2021-06-01 11:01:29,227.6,2598013
2021-06-01 11:01:32,227.55,2599508
2021-06-01 11:01:34,227.75,2605859
2021-06-01 11:01:37,227.7,2605902
2021-06-01 11:01:39,227.8,2605938
2021-06-01 11:01:40,227.8,2606038
2021-06-01 11:01:41,227.8,2606038
2021-06-01 11:01:42,227.8,2606038
2021-06-01 11:01:43,227.85,2607544
2021-06-01 11:01:44,227.75,2607747
2021-06-01 11:01:45,227.85,2609496
2021-06-01 11:01:46,227.85,2610571
2021-06-01 11:01:47,227.9,2616128
2021-06-01 11:01:48,227.85,2617402
2021-06-01 11:01:49,227.85,2617502
2021-06-01 11:01:50,227.85,2619157
2021-06-01 11:01:51,227.9,2619246
2021-06-01 11:01:53,227.9,2619246
2021-06-01 11:01:54,227.9,2620585
2021-06-01 11:01:54,227.75,2620605
2021-06-01 11:01:56,227.95,2621605
2021-06-01 11:01:57,227.9,2622138
2021-06-01 11:01:58,227.9,2622388
2021-06-01 11:01:59,227.9,2622388
2021-06-01 11:01:59,227.85,2622396
2021-06-01 11:02:00,227.75,2622547
2021-06-01 11:02:02,227.85,2622777
2021-06-01 11:02:03,227.85,2622777
2021-06-01 11:02:04,227.85,2622777
2021-06-01 11:02:05,227.85,2623309
2021-06-01 11:02:06,227.85,2623309
2021-06-01 11:02:07,227.85,2623309
2021-06-01 11:02:08,227.8,2624226
2021-06-01 11:02:09,227.8,2624812
2021-06-01 11:02:10,227.8,2625812
2021-06-01 11:02:11,227.8,2625812
2021-06-01 11:02:12,227.8,2625812
2021-06-01 11:02:12,227.8,2626813
2021-06-01 11:02:13,227.8,2626823
2021-06-01 11:02:14,227.8,2626823
2021-06-01 11:02:15,227.8,2626823
2021-06-01 11:02:16,227.8,2627582
2021-06-01 11:02:17,227.7,2627682
2021-06-01 11:02:19,227.7,2627682
2021-06-01 11:02:19,227.7,2627682
2021-06-01 11:02:21,227.7,2627984
2021-06-01 11:02:21,227.7,2627984
2021-06-01 11:02:22,227.7,2629330
2021-06-01 11:02:23,227.7,2630263
2021-06-01 11:02:25,227.8,2631197
2021-06-01 11:02:26,227.8,2631466
2021-06-01 11:02:26,227.8,2631566
2021-06-01 11:02:27,227.8,2631566
2021-06-01 11:02:28,227.8,2631566
2021-06-01 11:02:29,227.8,2631676
2021-06-01 11:02:31,227.8,2632628
2021-06-01 11:02:32,227.7,2632858
2021-06-01 11:02:33,227.75,2635860
2021-06-01 11:02:33,227.85,2636460
2021-06-01 11:02:35,227.8,2637061
2021-06-01 11:02:35,227.8,2637061
2021-06-01 11:02:36,227.8,2637061
2021-06-01 11:02:38,227.65,2637933
2021-06-01 11:02:39,227.65,2639133
2021-06-01 11:02:40,227.7,2639978
2021-06-01 11:02:41,227.7,2640666
2021-06-01 11:02:42,227.7,2640666
2021-06-01 11:02:43,227.7,2640966
2021-06-01 11:02:43,227.7,2640966
2021-06-01 11:02:45,227.6,2643623
2021-06-01 11:02:46,227.55,2643923
2021-06-01 11:02:47,227.6,2644094
2021-06-01 11:02:48,227.6,2644834
2021-06-01 11:02:49,227.5,2646030
2021-06-01 11:02:49,227.6,2645379
2021-06-01 11:02:50,227.5,2646030
2021-06-01 11:02:51,227.5,2646030
2021-06-01 11:02:53,227.5,2646030
2021-06-01 11:02:54,227.6,2646280
2021-06-01 11:02:55,227.5,2647581
2021-06-01 11:02:56,227.5,2647581
2021-06-01 11:02:57,227.5,2647581
2021-06-01 11:02:57,227.55,2647681
2021-06-01 11:02:58,227.55,2647681
2021-06-01 11:02:59,227.55,2648369
2021-06-01 11:03:00,227.55,2648576
2021-06-01 11:03:01,227.55,2648727
2021-06-01 11:03:03,227.55,2648877
2021-06-01 11:03:04,227.5,2649921
2021-06-01 11:03:05,227.5,2649921
2021-06-01 11:03:06,227.5,2649921
2021-06-01 11:03:06,227.5,2649941
2021-06-01 11:03:08,227.7,2650676
2021-06-01 11:03:08,227.5,2650091
2021-06-01 11:03:09,227.7,2650797
2021-06-01 11:03:10,227.7,2650797
2021-06-01 11:03:11,227.7,2650797
2021-06-01 11:03:12,227.7,2650797
2021-06-01 11:03:14,227.7,2650797
2021-06-01 11:03:15,227.55,2650807
2021-06-01 11:03:15,227.6,2650808
2021-06-01 11:03:17,227.6,2652377
2021-06-01 11:03:18,227.7,2652410
2021-06-01 11:03:18,227.7,2652410
2021-06-01 11:03:19,227.7,2652455
2021-06-01 11:03:20,227.7,2652455
2021-06-01 11:03:22,227.7,2652468
2021-06-01 11:03:23,227.6,2652469
2021-06-01 11:03:24,227.75,2653469
2021-06-01 11:03:25,227.55,2653969
2021-06-01 11:03:26,227.7,2654485
2021-06-01 11:03:27,227.7,2654587
2021-06-01 11:03:28,227.7,2654587
2021-06-01 11:03:29,227.55,2654637
2021-06-01 11:03:30,227.65,2655349
2021-06-01 11:03:31,227.65,2656070
2021-06-01 11:03:32,227.55,2656078
2021-06-01 11:03:33,227.65,2656093
2021-06-01 11:03:34,227.65,2656093
2021-06-01 11:03:35,227.65,2656093
2021-06-01 11:03:36,227.45,2660864
2021-06-01 11:03:37,227.45,2660989
2021-06-01 11:03:38,227.35,2661781
2021-06-01 11:03:39,227.55,2662781
2021-06-01 11:03:41,227.5,2662841
2021-06-01 11:03:42,227.45,2662951
2021-06-01 11:03:42,227.45,2663001
2021-06-01 11:03:43,227.45,2663001
2021-06-01 11:03:44,227.45,2663001
2021-06-01 11:03:46,227.45,2663021
2021-06-01 11:03:47,227.45,2663031
2021-06-01 11:03:48,227.45,2663031
2021-06-01 11:03:49,227.45,2663031
2021-06-01 11:03:50,227.5,2663539
2021-06-01 11:03:51,227.5,2663539
2021-06-01 11:03:52,227.45,2663540
2021-06-01 11:03:53,227.5,2663740
2021-06-01 11:03:54,227.5,2663740
2021-06-01 11:03:55,227.5,2663745
2021-06-01 11:03:56,227.45,2663890
2021-06-01 11:03:58,227.5,2663990
2021-06-01 11:03:59,227.5,2664062
2021-06-01 11:04:00,227.4,2664607
2021-06-01 11:04:01,227.4,2664759
2021-06-01 11:04:02,227.4,2664759
2021-06-01 11:04:03,227.5,2665059
2021-06-01 11:04:03,227.5,2665059
2021-06-01 11:04:04,227.45,2665159
2021-06-01 11:04:05,227.4,2665452
2021-06-01 11:04:06,227.4,2665903
2021-06-01 11:04:08,227.4,2665903
2021-06-01 11:04:09,227.5,2666103
2021-06-01 11:04:10,227.4,2666283
2021-06-01 11:04:11,227.5,2666683
2021-06-01 11:04:12,227.5,2666683
2021-06-01 11:04:13,227.5,2666683
2021-06-01 11:04:14,227.5,2666683
2021-06-01 11:04:15,227.4,2666783
2021-06-01 11:04:16,227.4,2666783
2021-06-01 11:04:17,227.4,2666784
2021-06-01 11:04:18,227.4,2666784
2021-06-01 11:04:19,227.5,2666828
2021-06-01 11:04:20,227.5,2667028
2021-06-01 11:04:21,227.5,2667028
2021-06-01 11:04:22,227.5,2667028
2021-06-01 11:04:23,227.5,2667528
2021-06-01 11:04:25,227.5,2667798
2021-06-01 11:04:26,227.5,2667800
2021-06-01 11:04:27,227.35,2671464
2021-06-01 11:04:28,227.45,2671694
2021-06-01 11:04:28,227.5,2675694
2021-06-01 11:04:30,227.4,2675703
2021-06-01 11:04:31,227.4,2675703
2021-06-01 11:04:32,227.4,2675703
2021-06-01 11:04:33,227.4,2675703
2021-06-01 11:04:34,227.4,2675796
2021-06-01 11:04:34,227.4,2675792
2021-06-01 11:04:35,227.35,2675822
2021-06-01 11:04:37,227.4,2675880
2021-06-01 11:04:37,227.4,2675890
2021-06-01 11:04:39,227.4,2675890
2021-06-01 11:04:40,227.3,2676265
2021-06-01 11:04:41,227.3,2676308
2021-06-01 11:04:42,227.4,2676318
2021-06-01 11:04:44,227.4,2676367
2021-06-01 11:04:45,227.4,2676367
2021-06-01 11:04:47,227.4,2676367
2021-06-01 11:04:48,227.3,2676967
2021-06-01 11:04:49,227.35,2677167
2021-06-01 11:04:50,227.35,2677478
2021-06-01 11:04:51,227.4,2677839
2021-06-01 11:04:52,227.4,2677839
2021-06-01 11:04:53,227.4,2677939
2021-06-01 11:04:54,227.4,2677939
2021-06-01 11:04:55,227.45,2677989
2021-06-01 11:04:56,227.45,2680276
2021-06-01 11:04:57,227.45,2680276
2021-06-01 11:04:58,227.5,2680376
2021-06-01 11:04:59,227.45,2680377
2021-06-01 11:04:59,227.5,2680477
2021-06-01 11:05:01,227.45,2680628
2021-06-01 11:05:02,227.5,2682968
2021-06-01 11:05:02,227.45,2680628
2021-06-01 11:05:04,227.45,2682973
2021-06-01 11:05:05,227.55,2683069
2021-06-01 11:05:06,227.55,2683069
2021-06-01 11:05:07,227.55,2683069
2021-06-01 11:05:08,227.55,2683149
2021-06-01 11:05:09,227.55,2684456
2021-06-01 11:05:10,227.55,2684707
2021-06-01 11:05:11,227.55,2684710
2021-06-01 11:05:12,227.55,2684711
2021-06-01 11:05:12,227.55,2684711
2021-06-01 11:05:14,227.55,2684832
2021-06-01 11:05:15,227.55,2684832
2021-06-01 11:05:16,227.5,2684932
2021-06-01 11:05:17,227.5,2684932
2021-06-01 11:05:18,227.55,2685203
2021-06-01 11:05:19,227.55,2685203
2021-06-01 11:05:20,227.55,2685203
2021-06-01 11:05:21,227.5,2685214
2021-06-01 11:05:22,227.55,2685251
2021-06-01 11:05:23,227.55,2685276
2021-06-01 11:05:24,227.5,2685931
2021-06-01 11:05:25,227.5,2685931
2021-06-01 11:05:26,227.5,2685931
2021-06-01 11:05:27,227.55,2685938
2021-06-01 11:05:28,227.5,2686038
2021-06-01 11:05:29,227.55,2689543
2021-06-01 11:05:29,227.45,2690043
2021-06-01 11:05:30,227.45,2690467
2021-06-01 11:05:32,227.45,2690467
2021-06-01 11:05:33,227.45,2690467
2021-06-01 11:05:34,227.45,2690467
2021-06-01 11:05:35,227.45,2690517
2021-06-01 11:05:36,227.45,2690517
2021-06-01 11:05:37,227.45,2690517
2021-06-01 11:05:37,227.5,2690927
2021-06-01 11:05:38,227.5,2690927
2021-06-01 11:05:40,227.5,2690927
2021-06-01 11:05:41,227.5,2691748
2021-06-01 11:05:42,227.55,2691818
2021-06-01 11:05:43,227.55,2691818
2021-06-01 11:05:44,227.5,2691823
2021-06-01 11:05:45,227.5,2691843
2021-06-01 11:05:46,227.5,2691844
2021-06-01 11:05:47,227.5,2691844
2021-06-01 11:05:48,227.5,2691844
2021-06-01 11:05:49,227.5,2691844
2021-06-01 11:05:50,227.5,2691854
2021-06-01 11:05:51,227.55,2691958
2021-06-01 11:05:52,227.5,2693555
2021-06-01 11:05:53,227.5,2693655
2021-06-01 11:05:54,227.5,2693658
2021-06-01 11:05:54,227.5,2694658
2021-06-01 11:05:56,227.5,2694818
2021-06-01 11:05:57,227.5,2694818
2021-06-01 11:05:58,227.5,2694818
2021-06-01 11:05:59,227.5,2694818
2021-06-01 11:06:00,227.5,2694818
2021-06-01 11:06:01,227.45,2694970
2021-06-01 11:06:02,227.5,2694975
2021-06-01 11:06:03,227.5,2694975
2021-06-01 11:06:04,227.5,2695475
2021-06-01 11:06:05,227.4,2695575
2021-06-01 11:06:06,227.4,2695575
2021-06-01 11:06:07,227.5,2695605
2021-06-01 11:06:09,227.5,2696140
2021-06-01 11:06:10,227.45,2696340
2021-06-01 11:06:11,227.45,2696340
2021-06-01 11:06:12,227.4,2697420
2021-06-01 11:06:13,227.35,2697577
2021-06-01 11:06:14,227.35,2697577
2021-06-01 11:06:15,227.35,2697577
2021-06-01 11:06:16,227.35,2697577
2021-06-01 11:06:17,227.35,2697577
2021-06-01 11:06:18,227.35,2697577
2021-06-01 11:06:19,227.4,2697887
2021-06-01 11:06:20,227.4,2697887
2021-06-01 11:06:21,227.25,2701709
2021-06-01 11:06:22,227.25,2701709
2021-06-01 11:06:23,227.25,2701709
2021-06-01 11:06:24,227.25,2701709
2021-06-01 11:06:25,227.25,2701946
2021-06-01 11:06:26,227.2,2702049
2021-06-01 11:06:27,227.25,2702549
2021-06-01 11:06:28,227.2,2702659
2021-06-01 11:06:29,227.25,2703159
2021-06-01 11:06:30,227.2,2703310
2021-06-01 11:06:31,227.2,2704561
2021-06-01 11:06:32,227.25,2704581
2021-06-01 11:06:33,227.2,2704588
2021-06-01 11:06:34,227.25,2706590
2021-06-01 11:06:35,227.25,2706634
2021-06-01 11:06:36,227.2,2706784
2021-06-01 11:06:37,227.2,2706784
2021-06-01 11:06:38,227.2,2708322
2021-06-01 11:06:39,227.2,2708342
2021-06-01 11:06:41,227.25,2709274
2021-06-01 11:06:42,227.2,2709674
2021-06-01 11:06:43,227.2,2709794
2021-06-01 11:06:44,227.2,2709994
2021-06-01 11:06:45,227.3,2710429
2021-06-01 11:06:46,227.3,2710429
2021-06-01 11:06:47,227.25,2710473
2021-06-01 11:06:48,227.25,2710473
2021-06-01 11:06:49,227.25,2710473
2021-06-01 11:06:50,227.25,2710473
2021-06-01 11:06:51,227.2,2710871
2021-06-01 11:06:52,227.15,2711541
2021-06-01 11:06:53,227.2,2712091
2021-06-01 11:06:54,227.2,2712391
2021-06-01 11:06:55,227.1,2715629
2021-06-01 11:06:56,227.2,2715639
2021-06-01 11:06:57,227.2,2715639
2021-06-01 11:06:58,227.2,2715696
2021-06-01 11:06:59,227.2,2715746
2021-06-01 11:07:00,227.1,2715898
2021-06-01 11:07:01,227.05,2717048
2021-06-01 11:07:02,227.05,2717063
2021-06-01 11:07:03,227.05,2717092
2021-06-01 11:07:04,227.05,2717102
2021-06-01 11:07:05,227.05,2717102
2021-06-01 11:07:06,227.0,2918641
2021-06-01 11:07:07,226.9,3154499
2021-06-01 11:07:08,226.9,3154499
2021-06-01 11:07:09,226.85,3154530
2021-06-01 11:07:11,226.8,3155051
2021-06-01 11:07:10,226.85,3154531
2021-06-01 11:07:12,226.85,3156251
2021-06-01 11:07:13,226.8,3156933
2021-06-01 11:07:14,226.8,3156933
2021-06-01 11:07:15,226.8,3156933
2021-06-01 11:07:16,226.9,3156948
2021-06-01 11:07:17,226.9,3156948
2021-06-01 11:07:18,226.9,3156948
2021-06-01 11:07:19,226.95,3156968
2021-06-01 11:07:20,226.95,3156968
2021-06-01 11:07:21,226.8,3156969
2021-06-01 11:07:22,226.8,3156969
2021-06-01 11:07:23,226.8,3156969
2021-06-01 11:07:24,226.8,3156969
2021-06-01 11:07:25,226.9,3157177
2021-06-01 11:07:26,226.8,3159207
2021-06-01 11:07:27,226.8,3159207
2021-06-01 11:07:28,226.8,3159262
2021-06-01 11:07:29,226.8,3159262
2021-06-01 11:07:30,226.9,3159484
2021-06-01 11:07:31,226.9,3159484
2021-06-01 11:07:32,226.85,3159534
2021-06-01 11:07:33,226.85,3159534
2021-06-01 11:07:35,226.8,3159864
2021-06-01 11:07:34,226.9,3159764
2021-06-01 11:07:36,226.8,3159864
2021-06-01 11:07:37,226.9,3159914
2021-06-01 11:07:38,226.8,3159924
2021-06-01 11:07:39,226.8,3159924
2021-06-01 11:07:40,226.8,3159924
2021-06-01 11:07:41,226.8,3159924
2021-06-01 11:07:42,226.8,3160424
2021-06-01 11:07:43,226.8,3160424
2021-06-01 11:07:45,227.0,3164407
2021-06-01 11:07:44,227.0,3164307
2021-06-01 11:07:47,226.9,3164468
2021-06-01 11:07:48,226.9,3164468
2021-06-01 11:07:49,226.9,3164468
2021-06-01 11:07:50,226.8,3164568
2021-06-01 11:07:51,227.1,3169568
2021-06-01 11:07:52,227.05,3170568
2021-06-01 11:07:53,227.05,3170702
2021-06-01 11:07:54,227.05,3170702
2021-06-01 11:07:56,227.05,3170702
2021-06-01 11:07:58,227.05,3170702
2021-06-01 11:07:57,227.05,3170702
2021-06-01 11:07:59,227.05,3170702
2021-06-01 11:08:00,227.05,3170702
2021-06-01 11:08:01,226.95,3170854
