timestamp,ltp,volume
2021-06-01 09:15:49,664.65,53966
2021-06-01 09:15:50,664.3,54216
2021-06-01 09:15:51,664.3,54259
2021-06-01 09:15:52,664.7,54477
2021-06-01 09:15:54,664.95,54742
2021-06-01 09:15:55,665.2,57164
2021-06-01 09:15:56,665.6,57166
2021-06-01 09:15:57,665.5,57216
2021-06-01 09:15:58,665.05,57385
2021-06-01 09:15:59,665.2,58424
2021-06-01 09:16:00,664.65,58596
2021-06-01 09:16:01,664.35,59875
2021-06-01 09:16:02,664.5,61241
2021-06-01 09:16:03,664.7,61785
2021-06-01 09:16:04,664.15,61929
2021-06-01 09:16:05,664.45,62082
2021-06-01 09:16:06,664.25,62154
2021-06-01 09:16:06,664.25,62154
2021-06-01 09:16:07,664.2,62264
2021-06-01 09:16:09,664.4,63202
2021-06-01 09:16:10,664.5,63260
2021-06-01 09:16:11,664.45,63291
2021-06-01 09:16:12,664.55,64419
2021-06-01 09:16:13,664.1,64482
2021-06-01 09:16:14,664.15,64497
2021-06-01 09:16:15,664.2,64570
2021-06-01 09:16:17,664.6,64674
2021-06-01 09:16:18,664.55,64744
2021-06-01 09:16:19,664.35,64774
2021-06-01 09:16:20,664.45,65808
2021-06-01 09:16:21,664.1,66100
2021-06-01 09:16:22,664.1,66194
2021-06-01 09:16:23,664.1,66261
2021-06-01 09:16:24,664.1,67011
2021-06-01 09:16:25,663.15,71994
2021-06-01 09:16:26,663.65,72094
2021-06-01 09:16:27,663.25,72420
2021-06-01 09:16:28,663.4,72632
2021-06-01 09:16:29,663.4,72732
2021-06-01 09:16:30,664.1,73853
2021-06-01 09:16:31,664.1,75008
2021-06-01 09:16:31,664.1,75008
2021-06-01 09:16:32,664.0,75611
2021-06-01 09:16:34,663.7,75834
2021-06-01 09:16:35,663.65,76110
2021-06-01 09:16:36,663.65,76183
2021-06-01 09:16:37,663.3,76505
2021-06-01 09:16:38,663.25,77665
2021-06-01 09:16:39,663.75,77801
2021-06-01 09:16:40,663.95,80530
2021-06-01 09:16:41,664.1,80582
2021-06-01 09:16:42,664.05,81165
2021-06-01 09:16:43,664.55,82160
2021-06-01 09:16:44,664.2,82223
2021-06-01 09:16:45,664.2,82237
2021-06-01 09:16:46,664.45,82793
2021-06-01 09:16:47,664.45,82893
2021-06-01 09:16:48,664.6,82944
2021-06-01 09:16:49,664.4,83292
2021-06-01 09:16:50,664.4,83422
2021-06-01 09:16:51,664.4,83648
2021-06-01 09:16:52,664.55,85209
2021-06-01 09:16:53,664.4,85261
2021-06-01 09:16:54,664.5,85278
2021-06-01 09:16:55,664.3,85375
2021-06-01 09:16:57,663.9,86617
2021-06-01 09:16:58,664.3,88421
2021-06-01 09:16:59,663.9,88463
2021-06-01 09:17:00,664.25,88466
2021-06-01 09:17:01,664.05,88591
2021-06-01 09:17:02,664.0,88716
2021-06-01 09:17:03,664.0,88728
2021-06-01 09:17:03,664.0,88728
2021-06-01 09:17:04,663.65,88748
2021-06-01 09:17:05,663.65,89077
2021-06-01 09:17:06,663.55,89326
2021-06-01 09:17:08,663.8,90688
2021-06-01 09:17:09,663.8,90706
2021-06-01 09:17:10,663.4,90938
2021-06-01 09:17:11,663.7,90968
2021-06-01 09:17:12,663.35,91020
2021-06-01 09:17:13,663.7,91290
2021-06-01 09:17:14,663.6,91591
2021-06-01 09:17:14,663.3,91568
2021-06-01 09:17:15,663.7,93785
2021-06-01 09:17:17,663.4,93985
2021-06-01 09:17:18,663.4,94006
2021-06-01 09:17:19,663.7,94124
2021-06-01 09:17:20,663.4,94144
2021-06-01 09:17:21,663.4,94181
2021-06-01 09:17:22,663.4,94274
2021-06-01 09:17:23,663.25,94373
2021-06-01 09:17:24,663.35,94474
2021-06-01 09:17:24,663.1,94494
2021-06-01 09:17:26,663.1,94552
2021-06-01 09:17:28,663.4,95327
2021-06-01 09:17:29,663.35,95364
2021-06-01 09:17:30,663.45,95474
2021-06-01 09:17:31,663.35,96808
2021-06-01 09:17:32,663.35,96813
2021-06-01 09:17:33,663.0,99306
2021-06-01 09:17:34,663.0,99307
2021-06-01 09:17:35,662.7,99453
2021-06-01 09:17:36,662.85,99469
2021-06-01 09:17:36,662.85,99469
2021-06-01 09:17:38,662.85,99540
2021-06-01 09:17:39,662.85,99599
2021-06-01 09:17:40,662.6,99641
2021-06-01 09:17:41,662.65,100121
2021-06-01 09:17:42,662.6,100528
2021-06-01 09:17:43,662.6,100534
2021-06-01 09:17:44,662.6,100534
2021-06-01 09:17:45,662.6,100534
2021-06-01 09:17:46,662.25,101309
2021-06-01 09:17:47,662.0,101537
2021-06-01 09:17:48,661.6,102852
2021-06-01 09:17:49,661.75,104387
2021-06-01 09:17:50,662.0,104959
2021-06-01 09:17:51,662.0,106130
2021-06-01 09:17:52,661.65,106281
2021-06-01 09:17:53,661.65,106281
2021-06-01 09:17:54,661.8,106808
2021-06-01 09:17:55,661.5,107511
2021-06-01 09:17:56,661.2,108132
2021-06-01 09:17:57,661.75,108182
2021-06-01 09:17:58,661.5,108384
2021-06-01 09:17:59,661.15,108516
2021-06-01 09:18:00,661.5,109012
2021-06-01 09:18:01,661.5,109051
2021-06-01 09:18:02,661.35,109061
2021-06-01 09:18:03,661.45,109770
2021-06-01 09:18:04,661.45,109795
2021-06-01 09:18:05,661.1,109995
2021-06-01 09:18:06,661.15,110105
2021-06-01 09:18:07,661.15,110209
2021-06-01 09:18:08,661.15,110635
2021-06-01 09:18:09,661.15,110892
2021-06-01 09:18:10,661.35,111020
2021-06-01 09:18:11,661.35,111020
2021-06-01 09:18:12,661.45,111035
2021-06-01 09:18:13,661.55,119628
2021-06-01 09:18:14,661.45,119648
2021-06-01 09:18:15,662.0,120860
2021-06-01 09:18:16,661.5,121360
2021-06-01 09:18:17,661.5,121412
2021-06-01 09:18:18,661.7,121554
2021-06-01 09:18:19,661.7,121554
2021-06-01 09:18:20,662.0,124390
2021-06-01 09:18:21,661.9,125392
2021-06-01 09:18:22,661.9,125392
2021-06-01 09:18:23,662.0,125408
2021-06-01 09:18:24,662.2,125409
2021-06-01 09:18:25,661.95,125424
2021-06-01 09:18:26,662.1,125584
2021-06-01 09:18:27,662.0,125742
2021-06-01 09:18:29,662.0,126012
2021-06-01 09:18:30,662.0,126131
2021-06-01 09:18:31,662.35,126231
2021-06-01 09:18:32,662.8,127321
2021-06-01 09:18:33,662.45,127347
2021-06-01 09:18:34,662.4,127375
2021-06-01 09:18:35,662.35,127430
2021-06-01 09:18:36,662.35,127482
2021-06-01 09:18:37,662.35,127482
2021-06-01 09:18:38,662.75,127660
2021-06-01 09:18:39,662.6,127785
2021-06-01 09:18:40,662.6,127785
2021-06-01 09:18:41,663.15,128295
2021-06-01 09:18:42,663.45,128369
2021-06-01 09:18:43,663.8,129369
2021-06-01 09:18:44,663.2,129394
2021-06-01 09:18:45,663.2,129394
2021-06-01 09:18:46,663.65,129832
2021-06-01 09:18:47,663.25,129857
2021-06-01 09:18:48,663.25,130067
2021-06-01 09:18:49,663.7,130070
2021-06-01 09:18:50,663.25,130172
2021-06-01 09:18:51,663.75,130445
2021-06-01 09:18:52,663.65,130475
2021-06-01 09:18:53,663.65,130505
2021-06-01 09:18:54,663.25,130529
2021-06-01 09:18:55,663.4,130579
2021-06-01 09:18:56,663.7,130855
2021-06-01 09:18:57,663.2,131096
2021-06-01 09:18:58,663.2,131106
2021-06-01 09:18:59,663.65,131226
2021-06-01 09:19:00,663.3,131450
2021-06-01 09:19:01,663.35,131551
2021-06-01 09:19:02,663.8,131702
2021-06-01 09:19:03,663.7,132046
2021-06-01 09:19:04,663.8,132146
2021-06-01 09:19:05,663.75,132198
2021-06-01 09:19:06,663.6,132506
2021-06-01 09:19:07,663.4,132613
2021-06-01 09:19:08,663.5,132723
2021-06-01 09:19:09,663.45,132794
2021-06-01 09:19:11,663.4,133020
2021-06-01 09:19:10,663.4,133020
2021-06-01 09:19:12,663.4,133365
2021-06-01 09:19:13,663.4,133453
2021-06-01 09:19:14,663.6,133454
2021-06-01 09:19:15,663.65,133484
2021-06-01 09:19:16,663.65,133504
2021-06-01 09:19:17,663.15,139854
2021-06-01 09:19:18,663.8,139874
2021-06-01 09:19:19,663.4,140174
2021-06-01 09:19:20,663.4,140274
2021-06-01 09:19:21,663.55,140323
2021-06-01 09:19:22,663.3,140373
2021-06-01 09:19:23,663.2,140634
2021-06-01 09:19:24,663.5,140804
2021-06-01 09:19:25,663.9,141367
2021-06-01 09:19:26,663.95,141422
2021-06-01 09:19:27,663.75,141443
2021-06-01 09:19:28,663.95,141746
2021-06-01 09:19:29,663.75,142056
2021-06-01 09:19:30,664.0,142106
2021-06-01 09:19:31,664.0,142106
2021-06-01 09:19:32,664.0,142362
2021-06-01 09:19:33,664.0,142400
2021-06-01 09:19:34,663.95,142851
2021-06-01 09:19:35,663.95,142870
2021-06-01 09:19:36,663.75,143165
2021-06-01 09:19:37,664.0,143185
2021-06-01 09:19:38,664.0,144255
2021-06-01 09:19:39,664.15,144343
2021-06-01 09:19:40,664.15,144343
2021-06-01 09:19:41,664.15,144343
2021-06-01 09:19:42,663.95,144408
2021-06-01 09:19:43,663.75,144570
2021-06-01 09:19:44,663.85,144697
2021-06-01 09:19:45,664.15,144920
2021-06-01 09:19:46,664.15,144920
2021-06-01 09:19:47,664.25,145677
2021-06-01 09:19:48,664.25,145677
2021-06-01 09:19:49,664.2,146202
2021-06-01 09:19:50,664.75,146602
2021-06-01 09:19:51,664.7,146632
2021-06-01 09:19:52,664.25,146713
2021-06-01 09:19:53,664.25,146737
2021-06-01 09:19:54,664.25,146828
2021-06-01 09:19:55,664.25,146828
2021-06-01 09:19:56,664.7,147089
2021-06-01 09:19:57,664.65,147241
2021-06-01 09:19:59,664.7,147409
2021-06-01 09:19:59,664.25,147419
2021-06-01 09:20:00,664.7,147642
2021-06-01 09:20:01,664.25,147684
2021-06-01 09:20:02,664.65,147709
2021-06-01 09:20:03,664.25,147775
2021-06-01 09:20:05,664.45,147776
2021-06-01 09:20:05,664.45,147786
2021-06-01 09:20:06,664.65,148086
2021-06-01 09:20:07,664.65,148115
2021-06-01 09:20:08,664.55,148470
2021-06-01 09:20:09,664.55,148570
2021-06-01 09:20:10,664.35,148601
2021-06-01 09:20:11,664.4,148656
2021-06-01 09:20:12,664.4,148696
2021-06-01 09:20:13,664.65,148921
2021-06-01 09:20:14,664.4,149823
2021-06-01 09:20:15,664.35,149825
2021-06-01 09:20:16,664.35,149946
2021-06-01 09:20:17,664.4,150013
2021-06-01 09:20:18,664.0,152423
2021-06-01 09:20:19,664.15,152435
2021-06-01 09:20:20,664.15,152537
2021-06-01 09:20:21,664.3,152557
2021-06-01 09:20:23,664.1,152587
2021-06-01 09:20:24,664.1,152612
2021-06-01 09:20:25,664.2,152642
2021-06-01 09:20:26,664.1,152962
2021-06-01 09:20:27,664.1,153071
2021-06-01 09:20:28,664.0,153096
2021-06-01 09:20:29,664.0,153117
2021-06-01 09:20:30,664.0,153262
2021-06-01 09:20:31,664.0,153809
2021-06-01 09:20:32,664.0,153857
2021-06-01 09:20:33,664.0,153928
2021-06-01 09:20:35,663.75,153970
2021-06-01 09:20:34,663.75,153949
2021-06-01 09:20:36,664.0,154040
2021-06-01 09:20:37,663.55,154204
2021-06-01 09:20:38,663.55,154654
2021-06-01 09:20:39,664.0,154775
2021-06-01 09:20:40,664.0,154775
2021-06-01 09:20:41,663.6,154817
2021-06-01 09:20:42,663.4,155213
2021-06-01 09:20:43,663.4,155213
2021-06-01 09:20:44,663.65,155215
2021-06-01 09:20:45,663.25,155398
2021-06-01 09:20:46,663.45,155559
2021-06-01 09:20:48,663.45,155559
2021-06-01 09:20:48,663.6,155563
2021-06-01 09:20:49,663.5,157878
2021-06-01 09:20:50,664.0,157881
2021-06-01 09:20:51,663.95,157941
2021-06-01 09:20:52,663.95,157941
2021-06-01 09:20:54,663.75,158034
2021-06-01 09:20:54,663.05,159384
2021-06-01 09:20:55,663.05,159546
2021-06-01 09:20:56,663.05,159593
2021-06-01 09:20:57,663.05,159636
2021-06-01 09:20:58,663.05,159636
2021-06-01 09:20:59,663.2,159637
2021-06-01 09:21:00,663.3,159678
2021-06-01 09:21:01,663.0,159719
2021-06-01 09:21:02,663.05,160179
2021-06-01 09:21:03,663.0,160221
2021-06-01 09:21:04,663.0,160242
2021-06-01 09:21:05,663.35,160287
2021-06-01 09:21:06,663.3,160449
2021-06-01 09:21:07,663.1,161210
2021-06-01 09:21:08,663.1,161210
2021-06-01 09:21:09,663.0,161611
2021-06-01 09:21:10,663.0,161672
2021-06-01 09:21:11,662.8,161839
2021-06-01 09:21:12,662.8,161950
2021-06-01 09:21:13,662.8,162061
2021-06-01 09:21:15,662.45,162466
2021-06-01 09:21:15,662.45,162506
2021-06-01 09:21:16,662.55,162583
2021-06-01 09:21:17,662.45,162767
2021-06-01 09:21:18,662.8,162768
2021-06-01 09:21:19,662.8,162768
2021-06-01 09:21:20,662.45,162820
2021-06-01 09:21:21,662.25,163079
2021-06-01 09:21:22,662.25,163079
2021-06-01 09:21:23,663.35,166333
2021-06-01 09:21:24,662.85,166347
2021-06-01 09:21:25,662.85,166410
2021-06-01 09:21:26,662.85,166410
2021-06-01 09:21:27,663.0,166510
2021-06-01 09:21:28,663.0,166530
2021-06-01 09:21:29,663.15,166599
2021-06-01 09:21:30,663.0,166685
2021-06-01 09:21:31,663.0,166685
2021-06-01 09:21:32,663.0,167158
2021-06-01 09:21:33,663.3,167313
2021-06-01 09:21:34,663.3,167313
2021-06-01 09:21:35,663.0,167344
2021-06-01 09:21:36,663.2,168721
2021-06-01 09:21:37,663.2,168721
2021-06-01 09:21:38,663.2,168759
2021-06-01 09:21:39,663.0,168809
2021-06-01 09:21:45,663.05,169180
2021-06-01 09:21:51,663.2,169496
2021-06-01 09:21:58,662.8,171387
2021-06-01 09:22:04,662.85,172081
2021-06-01 09:22:10,662.65,172370
2021-06-01 09:22:16,662.15,173227
2021-06-01 09:22:22,662.35,173936
2021-06-01 09:22:28,662.0,175838
2021-06-01 09:22:34,661.85,176766
2021-06-01 09:22:40,662.25,178083
2021-06-01 09:22:46,662.25,178887
2021-06-01 09:22:52,662.25,179748
2021-06-01 09:22:58,662.6,179991
2021-06-01 09:23:04,662.75,180239
2021-06-01 09:23:11,662.65,180686
2021-06-01 09:23:17,662.65,180854
2021-06-01 09:23:23,662.55,180897
2021-06-01 09:23:29,662.45,181940
2021-06-01 09:23:35,662.25,182178
2021-06-01 09:23:41,662.45,182375
2021-06-01 09:23:47,662.0,183489
2021-06-01 09:23:53,662.2,183541
2021-06-01 09:23:59,662.25,184058
2021-06-01 09:24:05,662.45,184184
2021-06-01 09:24:11,662.25,184531
2021-06-01 09:24:17,662.25,184812
2021-06-01 09:24:23,662.4,187472
2021-06-01 09:24:29,662.35,187546
2021-06-01 09:24:35,662.2,189436
2021-06-01 09:24:42,662.45,192489
2021-06-01 09:24:48,662.85,192630
2021-06-01 09:24:53,662.6,193367
2021-06-01 09:24:59,662.5,193593
2021-06-01 09:25:05,662.45,194275
2021-06-01 09:25:11,662.4,194376
2021-06-01 09:25:17,662.8,194666
2021-06-01 09:25:22,662.5,195010
2021-06-01 09:25:28,662.55,197869
2021-06-01 09:25:34,662.6,199038
2021-06-01 09:25:41,662.45,199298
2021-06-01 09:25:47,662.7,199764
2021-06-01 09:25:53,662.4,200351
2021-06-01 09:25:59,662.35,200560
2021-06-01 09:26:05,662.0,201308
2021-06-01 09:26:11,662.0,201872
2021-06-01 09:26:23,661.8,203026
2021-06-01 09:26:28,661.7,203422
2021-06-01 09:26:34,661.65,203647
2021-06-01 09:26:40,661.95,204058
2021-06-01 09:26:46,662.0,205486
2021-06-01 09:26:51,661.9,205802
2021-06-01 09:26:57,661.95,206122
2021-06-01 09:27:03,661.95,207313
2021-06-01 09:27:08,661.7,207438
2021-06-01 09:27:14,661.95,207889
2021-06-01 09:27:20,661.95,208567
2021-06-01 09:27:26,661.8,208600
2021-06-01 09:27:31,661.7,208620
2021-06-01 09:27:37,661.7,208909
2021-06-01 09:27:43,661.95,208933
2021-06-01 09:27:48,661.8,208987
2021-06-01 09:27:54,661.75,209896
2021-06-01 09:28:00,661.75,210836
2021-06-01 09:28:05,661.5,211409
2021-06-01 09:28:10,661.5,211686
2021-06-01 09:28:16,661.7,212281
2021-06-01 09:28:22,661.5,212507
2021-06-01 09:28:27,661.5,212816
2021-06-01 09:28:33,661.45,213338
2021-06-01 09:28:39,661.4,213536
2021-06-01 09:28:44,660.5,220037
2021-06-01 09:28:50,661.25,221690
2021-06-01 09:28:56,661.0,221812
2021-06-01 09:29:01,661.3,222780
2021-06-01 09:29:07,661.25,223420
2021-06-01 09:29:13,661.4,223610
2021-06-01 09:29:19,661.65,224990
2021-06-01 09:29:24,661.25,225180
2021-06-01 09:29:29,661.25,225762
2021-06-01 09:29:35,661.25,226014
2021-06-01 09:29:40,661.55,227015
2021-06-01 09:29:46,661.85,227276
2021-06-01 09:29:52,661.85,227706
2021-06-01 09:29:57,661.85,227905
2021-06-01 09:30:03,662.2,229169
2021-06-01 09:30:08,661.85,231608
2021-06-01 09:30:14,662.0,232733
2021-06-01 09:30:20,661.95,234731
2021-06-01 09:30:31,662.25,236073
2021-06-01 09:30:37,662.25,236855
2021-06-01 09:30:43,662.0,237397
2021-06-01 09:30:49,662.05,237623
2021-06-01 09:30:54,662.35,237905
2021-06-01 09:31:00,662.4,237940
2021-06-01 09:31:05,662.25,238599
2021-06-01 09:31:10,662.25,238983
2021-06-01 09:31:16,662.25,239329
2021-06-01 09:31:21,662.35,239627
2021-06-01 09:31:27,662.0,240704
2021-06-01 09:31:38,662.1,241096
2021-06-01 09:31:43,662.05,241193
2021-06-01 09:31:49,662.1,241451
2021-06-01 09:31:54,661.95,246400
2021-06-01 09:32:00,661.4,246504
2021-06-01 09:32:05,661.4,246882
2021-06-01 09:32:11,662.0,247062
2021-06-01 09:32:16,661.85,247212
2021-06-01 09:32:21,661.85,247277
2021-06-01 09:32:26,661.3,249350
2021-06-01 09:32:31,661.8,249673
2021-06-01 09:32:36,661.55,249741
2021-06-01 09:32:41,661.55,250219
2021-06-01 09:32:47,661.55,250495
2021-06-01 09:32:52,661.55,250655
2021-06-01 09:32:58,661.45,250674
2021-06-01 09:33:03,661.55,251022
2021-06-01 09:33:08,661.55,253253
2021-06-01 09:33:13,661.55,253592
2021-06-01 09:33:18,661.85,254226
2021-06-01 09:33:23,661.65,254451
2021-06-01 09:33:29,661.75,254769
2021-06-01 09:33:34,661.55,255000
2021-06-01 09:33:39,661.9,255185
2021-06-01 09:33:44,662.0,255398
2021-06-01 09:33:49,661.75,255797
2021-06-01 09:33:55,661.75,257121
2021-06-01 09:34:05,661.85,259747
2021-06-01 09:34:11,661.95,259849
2021-06-01 09:34:16,661.85,260859
2021-06-01 09:34:21,661.9,260890
2021-06-01 09:34:26,661.85,261196
2021-06-01 09:34:32,661.6,263112
2021-06-01 09:34:37,661.3,267434
2021-06-01 09:34:42,661.55,268742
2021-06-01 09:34:48,661.05,271937
2021-06-01 09:34:53,661.25,272561
2021-06-01 09:34:58,661.05,272666
2021-06-01 09:35:03,661.1,273091
2021-06-01 09:35:08,661.05,273201
2021-06-01 09:35:14,661.05,273883
2021-06-01 09:35:19,661.05,274898
2021-06-01 09:35:23,661.0,275188
2021-06-01 09:35:28,661.05,275353
2021-06-01 09:35:33,661.0,276288
2021-06-01 09:35:39,661.1,276387
2021-06-01 09:35:44,661.05,276789
2021-06-01 09:35:49,661.3,277522
2021-06-01 09:35:54,661.3,278687
2021-06-01 09:35:59,661.3,278815
2021-06-01 09:36:04,661.75,279015
2021-06-01 09:36:09,661.35,279045
2021-06-01 09:36:14,661.7,279278
2021-06-01 09:36:20,661.7,279335
2021-06-01 09:36:25,661.55,279421
2021-06-01 09:36:30,661.5,279582
2021-06-01 09:36:36,661.5,279774
2021-06-01 09:36:41,661.2,279854
2021-06-01 09:36:46,661.65,280101
2021-06-01 09:36:50,661.25,280151
2021-06-01 09:36:55,661.65,280431
2021-06-01 09:37:00,661.7,280620
2021-06-01 09:37:05,661.35,280780
2021-06-01 09:37:10,661.7,280946
2021-06-01 09:37:16,661.6,280984
2021-06-01 09:37:21,661.55,281049
2021-06-01 09:37:25,661.55,281384
2021-06-01 09:37:30,661.55,281397
2021-06-01 09:37:35,661.3,281518
2021-06-01 09:37:40,661.4,281978
2021-06-01 09:37:46,661.65,282018
2021-06-01 09:37:50,661.55,282111
2021-06-01 09:37:55,661.7,282202
2021-06-01 09:38:00,661.7,282407
2021-06-01 09:38:05,661.7,282516
2021-06-01 09:38:09,661.7,282660
2021-06-01 09:38:14,661.95,282797
2021-06-01 09:38:19,661.7,282930
2021-06-01 09:38:24,661.8,283179
2021-06-01 09:38:28,661.8,283209
2021-06-01 09:38:33,662.35,283862
2021-06-01 09:38:38,661.9,283926
2021-06-01 09:38:43,662.1,284950
2021-06-01 09:38:53,662.15,288195
2021-06-01 09:38:58,662.25,288446
2021-06-01 09:39:03,662.3,288849
2021-06-01 09:39:09,661.7,290211
2021-06-01 09:39:14,661.95,290299
2021-06-01 09:39:19,662.3,291414
2021-06-01 09:39:23,661.95,291547
2021-06-01 09:39:28,662.0,291739
2021-06-01 09:39:33,662.0,291835
2021-06-01 09:39:38,661.9,291897
2021-06-01 09:39:43,661.9,291926
2021-06-01 09:39:48,661.9,292551
2021-06-01 09:39:53,662.05,292582
2021-06-01 09:39:57,661.85,292617
2021-06-01 09:40:02,662.3,292643
2021-06-01 09:40:07,662.35,292683
2021-06-01 09:40:12,662.1,292690
2021-06-01 09:40:16,662.15,292891
2021-06-01 09:40:21,662.15,292911
2021-06-01 09:40:25,662.25,292963
2021-06-01 09:40:30,662.2,293055
2021-06-01 09:40:35,662.3,293303
2021-06-01 09:40:39,662.25,293306
2021-06-01 09:40:48,662.3,293981
2021-06-01 09:40:53,662.05,294141
2021-06-01 09:40:58,662.35,294261
2021-06-01 09:41:03,662.35,294417
2021-06-01 09:41:08,662.35,294992
2021-06-01 09:41:13,662.1,295018
2021-06-01 09:41:18,662.15,295108
2021-06-01 09:41:23,662.65,299168
2021-06-01 09:41:33,662.7,300151
2021-06-01 09:41:39,663.0,300680
2021-06-01 09:41:44,663.4,302580
2021-06-01 09:41:48,662.75,302600
2021-06-01 09:41:53,662.7,302786
2021-06-01 09:41:58,662.8,302963
2021-06-01 09:42:07,663.0,303153
2021-06-01 09:42:12,663.0,303625
2021-06-01 09:42:17,662.8,303753
2021-06-01 09:42:21,662.85,305910
2021-06-01 09:42:26,662.75,306057
2021-06-01 09:42:31,662.6,306088
2021-06-01 09:42:36,662.5,307000
2021-06-01 09:42:40,662.7,307240
2021-06-01 09:42:45,662.4,307477
2021-06-01 09:42:50,662.4,307477
2021-06-01 09:42:54,662.7,307637
2021-06-01 09:43:00,662.45,307646
2021-06-01 09:43:05,662.8,307820
2021-06-01 09:43:10,662.75,307831
2021-06-01 09:43:15,662.8,308094
2021-06-01 09:43:20,662.35,308884
2021-06-01 09:43:24,662.2,309147
2021-06-01 09:43:29,662.0,310215
2021-06-01 09:43:34,662.15,310910
2021-06-01 09:43:38,662.15,311006
2021-06-01 09:43:43,662.05,313371
2021-06-01 09:43:48,662.1,313759
2021-06-01 09:43:53,662.05,314520
2021-06-01 09:43:57,661.75,316095
2021-06-01 09:44:02,662.0,316158
2021-06-01 09:44:07,661.8,316482
2021-06-01 09:44:12,661.75,316700
2021-06-01 09:44:16,661.7,316733
2021-06-01 09:44:21,661.65,316748
2021-06-01 09:44:26,661.65,316794
2021-06-01 09:44:30,661.65,316854
2021-06-01 09:44:35,661.55,316901
2021-06-01 09:44:40,661.6,317037
2021-06-01 09:44:44,661.65,317538
2021-06-01 09:44:49,661.55,317589
2021-06-01 09:44:53,661.6,317596
2021-06-01 09:44:58,661.55,317614
2021-06-01 09:45:02,661.65,318085
2021-06-01 09:45:07,661.55,318140
2021-06-01 09:45:12,661.6,318355
2021-06-01 09:45:17,661.6,319048
2021-06-01 09:45:22,661.25,319646
2021-06-01 09:45:27,661.3,319677
2021-06-01 09:45:33,661.3,319822
2021-06-01 09:45:38,661.15,320661
2021-06-01 09:45:42,661.1,320946
2021-06-01 09:45:47,661.1,320987
2021-06-01 09:45:51,661.1,321114
2021-06-01 09:45:55,661.15,321149
2021-06-01 09:46:00,661.15,321233
2021-06-01 09:46:10,661.1,328371
2021-06-01 09:46:14,660.55,329589
2021-06-01 09:46:19,660.85,329619
2021-06-01 09:46:28,660.55,330115
2021-06-01 09:46:33,660.55,330784
2021-06-01 09:46:38,660.55,331190
2021-06-01 09:46:43,660.55,331443
2021-06-01 09:46:48,660.55,331725
2021-06-01 09:46:52,660.55,331778
2021-06-01 09:46:57,660.4,332104
2021-06-01 09:47:02,660.55,332241
2021-06-01 09:47:07,660.45,332423
2021-06-01 09:47:12,660.35,332667
2021-06-01 09:47:17,660.35,332744
2021-06-01 09:47:26,660.35,333542
2021-06-01 09:47:30,660.1,337753
2021-06-01 09:47:35,660.55,338736
2021-06-01 09:47:40,660.25,338845
2021-06-01 09:47:44,660.4,339182
2021-06-01 09:47:49,660.2,339296
2021-06-01 09:47:53,660.5,340689
2021-06-01 09:47:58,660.95,340775
2021-06-01 09:48:02,660.55,340809
2021-06-01 09:48:07,660.55,340854
2021-06-01 09:48:12,660.7,341170
2021-06-01 09:48:16,660.2,342605
2021-06-01 09:48:22,660.25,342704
2021-06-01 09:48:26,660.2,343225
2021-06-01 09:48:31,660.55,343541
2021-06-01 09:48:36,660.5,343778
2021-06-01 09:48:41,660.55,344002
2021-06-01 09:48:45,660.65,344147
2021-06-01 09:48:50,660.55,344160
2021-06-01 09:48:55,660.85,344205
2021-06-01 09:49:00,660.8,344515
2021-06-01 09:49:05,660.8,344741
2021-06-01 09:49:09,661.0,344892
2021-06-01 09:49:14,661.0,345055
2021-06-01 09:49:18,660.8,346462
2021-06-01 09:49:23,660.8,346517
2021-06-01 09:49:27,661.1,346593
2021-06-01 09:49:32,661.1,346606
2021-06-01 09:49:36,661.0,346696
2021-06-01 09:49:41,661.1,346918
2021-06-01 09:49:45,661.0,347044
2021-06-01 09:49:49,661.0,348025
2021-06-01 09:49:54,660.8,348137
2021-06-01 09:49:58,660.85,348144
2021-06-01 09:50:03,660.8,348293
2021-06-01 09:50:13,660.8,348406
2021-06-01 09:50:17,660.8,349587
2021-06-01 09:50:21,660.7,349676
2021-06-01 09:50:26,660.8,349965
2021-06-01 09:50:30,660.8,350398
2021-06-01 09:50:35,660.8,350411
2021-06-01 09:50:39,660.8,350545
2021-06-01 09:50:44,660.7,350651
2021-06-01 09:50:49,660.75,351284
2021-06-01 09:50:53,660.8,351827
2021-06-01 09:50:58,660.85,352080
2021-06-01 09:51:02,660.85,352138
2021-06-01 09:51:07,660.9,352196
2021-06-01 09:51:11,660.9,352438
2021-06-01 09:51:16,661.0,352578
2021-06-01 09:51:21,660.9,352663
2021-06-01 09:51:27,660.75,354529
2021-06-01 09:51:32,660.25,357864
2021-06-01 09:51:36,660.15,366348
2021-06-01 09:51:42,660.0,371485
2021-06-01 09:51:47,660.05,371631
2021-06-01 09:51:52,660.05,371756
2021-06-01 09:51:57,660.0,374774
2021-06-01 09:52:02,659.85,378141
2021-06-01 09:52:07,659.75,378463
2021-06-01 09:52:12,659.95,378546
2021-06-01 09:52:17,659.9,378728
2021-06-01 09:52:21,659.75,379002
2021-06-01 09:52:26,660.0,379456
2021-06-01 09:52:31,659.95,379628
2021-06-01 09:52:36,659.9,382848
2021-06-01 09:52:41,659.95,383473
2021-06-01 09:52:45,659.7,383884
2021-06-01 09:52:50,659.65,385048
2021-06-01 09:52:55,659.6,385127
2021-06-01 09:52:59,659.7,385240
2021-06-01 09:53:04,659.35,391809
2021-06-01 09:53:08,659.6,396246
2021-06-01 09:53:13,659.2,396263
2021-06-01 09:53:18,659.25,396324
2021-06-01 09:53:23,659.2,396677
2021-06-01 09:53:27,659.0,398174
2021-06-01 09:53:32,658.85,399340
2021-06-01 09:53:37,659.0,399764
2021-06-01 09:53:42,659.0,400057
2021-06-01 09:53:46,658.85,400847
2021-06-01 09:53:51,658.75,401072
2021-06-01 09:53:56,658.75,401305
2021-06-01 09:54:05,658.75,402794
2021-06-01 09:54:09,658.5,403031
2021-06-01 09:54:14,658.35,403556
2021-06-01 09:54:19,658.5,404153
2021-06-01 09:54:23,658.4,404232
2021-06-01 09:54:28,658.25,404334
2021-06-01 09:54:33,658.3,404738
2021-06-01 09:54:37,658.25,405006
2021-06-01 09:54:42,658.3,405053
2021-06-01 09:54:47,658.45,405426
2021-06-01 09:54:51,658.35,405742
2021-06-01 09:54:55,658.35,406161
2021-06-01 09:55:00,658.45,406261
2021-06-01 09:55:04,658.45,409346
2021-06-01 09:55:09,658.45,410143
2021-06-01 09:55:15,658.5,410536
2021-06-01 09:55:20,658.4,411286
2021-06-01 09:55:25,658.35,411681
2021-06-01 09:55:30,658.25,411971
2021-06-01 09:55:34,658.5,412054
2021-06-01 09:55:39,658.25,412299
2021-06-01 09:55:44,658.6,413536
2021-06-01 09:55:49,658.95,413762
2021-06-01 09:55:53,659.15,414436
2021-06-01 09:55:57,659.15,414480
2021-06-01 09:56:02,659.3,414730
2021-06-01 09:56:10,659.35,415274
2021-06-01 09:56:15,659.25,415441
2021-06-01 09:56:20,659.35,415565
2021-06-01 09:56:25,659.35,415599
2021-06-01 09:56:29,659.15,416277
2021-06-01 09:56:34,659.15,416897
2021-06-01 09:56:39,659.2,417733
2021-06-01 09:56:43,659.15,418509
2021-06-01 09:56:47,659.35,418937
2021-06-01 09:56:51,659.35,419183
2021-06-01 09:56:56,659.05,419816
2021-06-01 09:57:00,658.55,422520
2021-06-01 09:57:10,658.5,423324
2021-06-01 09:57:15,658.45,423557
2021-06-01 09:57:20,658.55,423605
2021-06-01 09:57:25,658.6,424047
2021-06-01 09:57:29,658.8,425468
2021-06-01 09:57:34,658.8,425595
2021-06-01 09:57:38,658.8,425888
2021-06-01 09:57:42,658.8,426065
2021-06-01 09:57:47,658.8,428182
2021-06-01 09:57:51,658.65,432403
2021-06-01 09:57:55,658.25,432652
2021-06-01 09:58:00,658.3,433107
2021-06-01 09:58:05,658.25,433538
2021-06-01 09:58:09,658.35,439251
2021-06-01 09:58:14,658.35,439804
2021-06-01 09:58:18,658.2,439958
2021-06-01 09:58:23,658.35,440249
2021-06-01 09:58:31,658.4,440313
2021-06-01 09:58:36,658.8,440319
2021-06-01 09:58:44,658.55,440528
2021-06-01 09:58:48,658.8,440531
2021-06-01 09:58:52,658.65,440591
2021-06-01 09:58:57,658.8,440722
2021-06-01 09:59:02,658.65,440723
2021-06-01 09:59:06,658.8,441157
2021-06-01 09:59:11,658.5,442218
2021-06-01 09:59:16,658.45,442539
2021-06-01 09:59:20,658.45,442581
2021-06-01 09:59:25,658.7,442710
2021-06-01 09:59:30,658.8,442883
2021-06-01 09:59:35,658.55,442933
2021-06-01 09:59:40,658.85,442999
2021-06-01 09:59:45,658.75,443043
2021-06-01 09:59:50,658.85,443285
2021-06-01 09:59:55,658.8,443360
2021-06-01 10:00:00,658.5,443432
2021-06-01 10:00:05,658.65,443717
2021-06-01 10:00:10,658.75,444424
2021-06-01 10:00:15,658.5,444875
2021-06-01 10:00:20,658.6,445037
2021-06-01 10:00:25,658.85,445506
2021-06-01 10:00:29,658.75,445626
2021-06-01 10:00:34,658.85,445922
2021-06-01 10:00:39,658.85,446084
2021-06-01 10:00:44,659.25,447085
2021-06-01 10:00:49,658.95,447516
2021-06-01 10:00:54,659.65,448353
2021-06-01 10:00:59,659.8,448621
2021-06-01 10:01:04,659.65,448737
2021-06-01 10:01:09,659.3,449115
2021-06-01 10:01:14,659.3,449292
2021-06-01 10:01:19,659.1,449655
2021-06-01 10:01:24,659.25,449663
2021-06-01 10:01:28,659.45,449721
2021-06-01 10:01:32,659.0,450732
2021-06-01 10:01:37,659.0,450930
2021-06-01 10:01:41,658.95,451266
2021-06-01 10:01:46,658.85,451405
2021-06-01 10:01:51,658.95,452860
2021-06-01 10:01:55,659.0,453356
2021-06-01 10:02:00,658.95,453367
2021-06-01 10:02:04,659.0,453675
2021-06-01 10:02:09,658.95,453726
2021-06-01 10:02:13,659.3,454087
2021-06-01 10:02:17,659.35,454131
2021-06-01 10:02:22,659.15,454143
2021-06-01 10:02:27,659.2,454361
2021-06-01 10:02:32,659.3,454461
2021-06-01 10:02:36,659.2,454638
2021-06-01 10:02:40,659.05,455622
2021-06-01 10:02:45,659.2,455671
2021-06-01 10:02:49,659.2,456804
2021-06-01 10:02:53,659.3,458264
2021-06-01 10:02:57,659.1,458407
2021-06-01 10:03:02,659.0,459587
2021-06-01 10:03:06,658.95,459831
2021-06-01 10:03:11,658.9,459985
2021-06-01 10:03:15,658.9,460598
2021-06-01 10:03:19,658.9,460598
2021-06-01 10:03:24,658.8,460961
2021-06-01 10:03:28,659.1,461222
2021-06-01 10:03:32,659.1,461300
2021-06-01 10:03:37,658.75,461329
2021-06-01 10:03:42,658.75,461349
2021-06-01 10:03:46,658.8,461418
2021-06-01 10:03:50,659.0,462425
2021-06-01 10:03:55,658.7,462621
2021-06-01 10:03:59,658.75,462808
2021-06-01 10:04:04,658.55,463076
2021-06-01 10:04:09,658.5,463412
2021-06-01 10:04:14,658.25,465813
2021-06-01 10:04:19,658.25,466344
2021-06-01 10:04:24,658.25,466450
2021-06-01 10:04:33,658.45,466820
2021-06-01 10:04:37,658.5,467044
2021-06-01 10:04:42,658.4,472436
2021-06-01 10:04:48,658.45,472914
2021-06-01 10:04:52,658.75,473645
2021-06-01 10:04:57,659.2,475303
2021-06-01 10:05:02,658.75,475733
2021-06-01 10:05:07,659.1,476266
2021-06-01 10:05:12,658.9,476667
2021-06-01 10:05:17,658.9,476737
2021-06-01 10:05:22,659.2,477005
2021-06-01 10:05:26,659.5,477607
2021-06-01 10:05:31,659.7,478206
2021-06-01 10:05:36,659.9,478573
2021-06-01 10:05:40,659.5,478783
2021-06-01 10:05:45,659.6,478903
2021-06-01 10:05:49,659.6,479077
2021-06-01 10:05:53,659.25,480462
2021-06-01 10:05:57,659.5,480488
2021-06-01 10:06:01,659.8,480600
2021-06-01 10:06:06,659.5,480833
2021-06-01 10:06:10,659.8,480838
2021-06-01 10:06:14,659.8,480869
2021-06-01 10:06:19,659.5,481819
2021-06-01 10:06:23,659.35,482039
2021-06-01 10:06:28,659.35,482057
2021-06-01 10:06:33,659.4,482178
2021-06-01 10:06:37,659.4,482287
2021-06-01 10:06:41,659.5,482358
2021-06-01 10:06:45,659.4,482500
2021-06-01 10:06:49,659.6,482697
2021-06-01 10:06:54,659.8,483240
2021-06-01 10:06:59,659.65,483393
2021-06-01 10:07:03,659.85,486357
2021-06-01 10:07:07,660.0,486389
2021-06-01 10:07:16,660.0,486870
2021-06-01 10:07:20,660.3,487280
2021-06-01 10:07:24,660.0,487401
2021-06-01 10:07:29,660.05,487416
2021-06-01 10:07:33,660.15,487758
2021-06-01 10:07:38,660.1,487958
2021-06-01 10:07:42,660.4,488170
2021-06-01 10:07:46,660.4,488401
2021-06-01 10:07:50,660.05,488798
2021-06-01 10:07:55,660.0,488909
2021-06-01 10:07:59,660.4,489459
2021-06-01 10:08:04,660.4,490122
2021-06-01 10:08:09,660.2,490164
2021-06-01 10:08:13,660.4,490487
2021-06-01 10:08:18,660.05,490655
2021-06-01 10:08:22,660.0,490799
2021-06-01 10:08:27,660.05,490800
2021-06-01 10:08:31,660.0,491282
2021-06-01 10:08:36,660.0,491391
2021-06-01 10:08:40,660.0,491861
2021-06-01 10:08:45,660.1,493008
2021-06-01 10:08:49,660.3,493320
2021-06-01 10:08:53,660.25,493330
2021-06-01 10:09:02,659.95,493676
2021-06-01 10:09:07,660.05,493788
2021-06-01 10:09:11,660.05,493843
2021-06-01 10:09:16,660.25,493926
2021-06-01 10:09:21,660.35,494361
2021-06-01 10:09:30,660.25,495022
2021-06-01 10:09:35,660.25,495090
2021-06-01 10:09:39,660.25,495250
2021-06-01 10:09:43,660.05,495261
2021-06-01 10:09:48,660.35,495694
2021-06-01 10:09:53,660.35,495719
2021-06-01 10:09:58,659.7,498403
2021-06-01 10:10:03,660.0,498934
2021-06-01 10:10:08,660.05,499366
2021-06-01 10:10:13,660.05,499377
2021-06-01 10:10:17,660.0,499648
2021-06-01 10:10:21,659.75,499676
2021-06-01 10:10:26,659.9,499738
2021-06-01 10:10:30,660.0,499849
2021-06-01 10:10:35,660.0,499898
2021-06-01 10:10:43,659.95,501496
2021-06-01 10:10:48,660.0,501736
2021-06-01 10:10:51,659.75,501973
2021-06-01 10:10:56,659.9,502058
2021-06-01 10:11:00,659.9,502068
2021-06-01 10:11:04,659.9,502136
2021-06-01 10:11:08,659.95,502179
2021-06-01 10:11:12,659.9,502388
2021-06-01 10:11:20,659.55,502784
2021-06-01 10:11:24,659.5,502817
2021-06-01 10:11:28,659.55,502819
2021-06-01 10:11:32,659.55,502857
2021-06-01 10:11:37,659.55,502917
2021-06-01 10:11:41,659.5,503030
2021-06-01 10:11:46,659.55,503171
2021-06-01 10:11:50,659.55,503355
2021-06-01 10:11:54,659.55,503467
2021-06-01 10:11:58,659.45,503568
2021-06-01 10:12:03,659.6,503754
2021-06-01 10:12:07,659.65,504525
2021-06-01 10:12:11,660.0,505169
2021-06-01 10:12:16,660.4,505382
2021-06-01 10:12:20,660.2,505397
2021-06-01 10:12:24,660.2,505982
2021-06-01 10:12:29,660.0,506030
2021-06-01 10:12:34,660.0,506088
2021-06-01 10:12:38,660.0,506306
2021-06-01 10:12:42,660.2,506470
2021-06-01 10:12:47,660.1,506496
2021-06-01 10:12:51,660.0,506503
2021-06-01 10:12:55,660.15,506869
2021-06-01 10:12:59,660.3,507569
2021-06-01 10:13:04,660.1,507641
2021-06-01 10:13:08,660.25,507813
2021-06-01 10:13:12,660.0,507913
2021-06-01 10:13:16,660.0,508544
2021-06-01 10:13:21,660.0,508575
2021-06-01 10:13:25,660.0,508990
2021-06-01 10:13:29,660.25,509000
2021-06-01 10:13:33,660.0,509019
2021-06-01 10:13:36,659.95,510193
2021-06-01 10:13:40,659.9,510343
2021-06-01 10:13:44,659.8,510455
2021-06-01 10:13:49,659.75,510597
2021-06-01 10:13:53,659.35,510781
2021-06-01 10:13:57,659.3,510914
2021-06-01 10:14:01,659.3,510944
2021-06-01 10:14:06,659.35,511140
2021-06-01 10:14:10,659.35,511151
2021-06-01 10:14:14,659.4,511171
2021-06-01 10:14:18,659.35,511311
2021-06-01 10:14:22,659.35,511327
2021-06-01 10:14:26,659.75,511499
2021-06-01 10:14:30,659.35,511509
2021-06-01 10:14:34,659.35,511513
2021-06-01 10:14:38,659.35,511660
2021-06-01 10:14:42,659.3,511672
2021-06-01 10:14:46,659.55,511675
2021-06-01 10:14:50,659.35,511687
2021-06-01 10:14:54,659.3,512343
2021-06-01 10:14:58,659.45,512352
2021-06-01 10:15:02,659.25,512452
2021-06-01 10:15:06,659.3,512727
2021-06-01 10:15:10,659.35,512936
2021-06-01 10:15:14,659.25,513111
2021-06-01 10:15:19,659.35,513117
2021-06-01 10:15:24,659.3,515031
2021-06-01 10:15:28,659.0,515125
2021-06-01 10:15:32,659.0,515225
2021-06-01 10:15:36,658.9,515628
2021-06-01 10:15:40,658.85,516210
2021-06-01 10:15:44,658.5,516265
2021-06-01 10:15:48,658.55,517073
2021-06-01 10:15:52,658.1,517744
2021-06-01 10:15:56,658.25,517857
2021-06-01 10:16:01,658.15,518028
2021-06-01 10:16:05,658.1,518440
2021-06-01 10:16:10,658.0,519305
2021-06-01 10:16:14,658.25,519385
2021-06-01 10:16:19,658.05,519452
2021-06-01 10:16:23,658.05,519649
2021-06-01 10:16:27,658.0,519752
2021-06-01 10:16:31,658.0,519937
2021-06-01 10:16:35,658.05,520148
2021-06-01 10:16:39,658.05,520603
2021-06-01 10:16:43,658.0,520978
2021-06-01 10:16:47,657.65,524495
2021-06-01 10:16:52,657.55,525211
2021-06-01 10:16:57,657.55,525483
2021-06-01 10:17:01,657.5,526034
2021-06-01 10:17:05,657.55,526610
2021-06-01 10:17:10,658.0,531038
2021-06-01 10:17:15,658.1,531559
2021-06-01 10:17:20,658.15,531585
2021-06-01 10:17:24,658.0,532828
2021-06-01 10:17:28,658.1,532847
2021-06-01 10:17:32,658.35,533370
2021-06-01 10:17:36,658.0,533450
2021-06-01 10:17:41,658.35,533955
2021-06-01 10:17:45,658.3,534156
2021-06-01 10:17:50,658.0,534635
2021-06-01 10:17:54,658.0,534932
2021-06-01 10:17:58,657.75,535068
2021-06-01 10:18:02,657.75,535352
2021-06-01 10:18:07,657.75,535563
2021-06-01 10:18:11,657.8,535565
2021-06-01 10:18:16,657.8,535916
2021-06-01 10:18:20,657.65,536064
2021-06-01 10:18:24,657.6,536280
2021-06-01 10:18:28,657.55,536585
2021-06-01 10:18:32,657.5,536937
2021-06-01 10:18:36,657.5,537007
2021-06-01 10:18:40,657.55,537357
2021-06-01 10:18:45,657.55,537427
2021-06-01 10:18:49,657.5,540499
2021-06-01 10:18:54,657.4,540983
2021-06-01 10:18:58,657.45,541397
2021-06-01 10:19:03,657.1,542456
2021-06-01 10:19:07,657.2,545220
2021-06-01 10:19:11,657.65,545803
2021-06-01 10:19:16,657.75,546020
2021-06-01 10:19:21,657.8,546191
2021-06-01 10:19:26,657.65,546392
2021-06-01 10:19:31,657.7,546430
2021-06-01 10:19:36,657.9,546603
2021-06-01 10:19:40,658.0,547844
2021-06-01 10:19:45,657.9,547851
2021-06-01 10:19:50,658.0,548355
2021-06-01 10:19:54,657.9,548408
2021-06-01 10:19:58,658.05,548962
2021-06-01 10:20:03,658.0,549151
2021-06-01 10:20:08,658.05,549442
2021-06-01 10:20:12,658.2,549502
2021-06-01 10:20:17,658.0,549506
2021-06-01 10:20:21,658.0,549773
2021-06-01 10:20:25,658.0,549907
2021-06-01 10:20:30,658.05,549952
2021-06-01 10:20:34,658.05,549960
2021-06-01 10:20:39,658.0,550210
2021-06-01 10:20:43,658.3,550465
2021-06-01 10:20:48,658.3,550565
2021-06-01 10:20:52,658.05,550701
2021-06-01 10:20:57,658.05,550772
2021-06-01 10:21:02,658.1,550777
2021-06-01 10:21:06,658.25,551458
2021-06-01 10:21:11,658.2,551473
2021-06-01 10:21:15,658.2,551624
2021-06-01 10:21:19,658.35,554991
2021-06-01 10:21:23,658.35,554994
2021-06-01 10:21:27,658.35,554994
2021-06-01 10:21:31,658.05,555343
2021-06-01 10:21:35,658.15,555946
2021-06-01 10:21:40,658.05,556365
2021-06-01 10:21:44,658.1,556420
2021-06-01 10:21:48,658.1,556962
2021-06-01 10:21:52,658.3,557422
2021-06-01 10:21:57,658.15,558439
2021-06-01 10:22:01,658.0,558480
2021-06-01 10:22:06,658.1,558702
2021-06-01 10:22:11,657.75,558797
2021-06-01 10:22:15,658.0,558863
2021-06-01 10:22:20,657.85,558963
2021-06-01 10:22:24,657.8,558990
2021-06-01 10:22:29,657.75,559070
2021-06-01 10:22:34,657.6,559123
2021-06-01 10:22:39,657.6,559309
2021-06-01 10:22:43,657.65,559369
2021-06-01 10:22:48,657.6,559389
2021-06-01 10:22:52,657.65,559423
2021-06-01 10:22:57,657.5,559582
2021-06-01 10:23:01,657.6,559602
2021-06-01 10:23:06,657.6,559959
2021-06-01 10:23:10,657.6,559977
2021-06-01 10:23:15,657.65,560297
2021-06-01 10:23:19,657.65,560343
2021-06-01 10:23:24,657.6,560401
2021-06-01 10:23:29,657.6,560679
2021-06-01 10:23:34,657.55,560924
2021-06-01 10:23:38,657.5,561110
2021-06-01 10:23:43,657.55,561221
2021-06-01 10:23:47,657.55,561284
2021-06-01 10:23:51,657.5,561783
2021-06-01 10:23:56,657.5,561987
2021-06-01 10:24:01,657.55,562352
2021-06-01 10:24:06,657.55,562761
2021-06-01 10:24:11,657.7,562768
2021-06-01 10:24:16,657.6,562973
2021-06-01 10:24:20,657.9,564181
2021-06-01 10:24:25,657.55,564216
2021-06-01 10:24:29,657.8,564322
2021-06-01 10:24:34,657.5,564332
2021-06-01 10:24:39,657.5,564556
2021-06-01 10:24:44,657.6,564581
2021-06-01 10:24:52,657.5,565535
2021-06-01 10:24:57,657.5,566111
2021-06-01 10:25:01,657.5,566256
2021-06-01 10:25:06,657.65,566483
2021-06-01 10:25:11,657.5,566539
2021-06-01 10:25:16,657.45,567113
2021-06-01 10:25:20,657.35,568200
2021-06-01 10:25:25,657.15,568239
2021-06-01 10:25:30,657.1,568357
2021-06-01 10:25:39,657.2,568694
2021-06-01 10:25:43,657.3,568753
2021-06-01 10:25:47,657.45,568833
2021-06-01 10:25:52,657.15,569177
2021-06-01 10:25:56,657.1,569410
2021-06-01 10:26:05,657.15,569989
2021-06-01 10:26:09,657.1,570368
2021-06-01 10:26:14,657.1,572692
2021-06-01 10:26:18,657.1,572718
2021-06-01 10:26:22,657.1,573013
2021-06-01 10:26:26,657.1,573525
2021-06-01 10:26:31,657.1,573565
2021-06-01 10:26:39,657.0,574488
2021-06-01 10:26:43,657.1,574510
2021-06-01 10:26:47,657.0,574565
2021-06-01 10:26:52,657.0,574565
2021-06-01 10:26:56,657.0,575608
2021-06-01 10:27:00,656.9,577393
2021-06-01 10:27:05,656.95,577757
2021-06-01 10:27:09,656.9,577945
2021-06-01 10:27:13,656.85,578246
2021-06-01 10:27:18,657.0,579107
2021-06-01 10:27:22,657.2,579292
2021-06-01 10:27:26,657.35,581228
2021-06-01 10:27:31,657.5,581811
2021-06-01 10:27:35,657.65,581958
2021-06-01 10:27:40,657.7,582293
2021-06-01 10:27:44,658.2,583077
2021-06-01 10:27:49,658.2,583100
2021-06-01 10:27:53,658.0,583214
2021-06-01 10:27:57,658.0,583351
2021-06-01 10:28:02,658.05,583474
2021-06-01 10:28:06,658.2,583597
2021-06-01 10:28:11,658.05,583657
2021-06-01 10:28:15,658.15,583747
2021-06-01 10:28:20,658.1,584685
2021-06-01 10:28:25,658.1,584689
2021-06-01 10:28:29,658.15,584700
2021-06-01 10:28:34,658.1,584795
2021-06-01 10:28:38,658.25,584982
2021-06-01 10:28:43,658.3,585324
2021-06-01 10:28:47,658.3,585329
2021-06-01 10:28:52,658.25,585371
2021-06-01 10:28:56,658.6,585492
2021-06-01 10:29:00,658.3,585506
2021-06-01 10:29:04,658.6,585698
2021-06-01 10:29:09,658.8,586055
2021-06-01 10:29:14,658.6,586173
2021-06-01 10:29:18,658.25,586376
2021-06-01 10:29:22,658.4,586479
2021-06-01 10:29:27,658.4,586596
2021-06-01 10:29:31,658.45,586627
2021-06-01 10:29:36,658.25,586689
2021-06-01 10:29:40,658.6,586809
2021-06-01 10:29:45,658.9,586924
2021-06-01 10:29:49,658.5,586937
2021-06-01 10:29:54,658.45,587228
2021-06-01 10:29:58,658.25,588342
2021-06-01 10:30:03,658.7,588343
2021-06-01 10:30:08,658.75,588738
2021-06-01 10:30:12,658.75,588738
2021-06-01 10:30:17,658.55,588937
2021-06-01 10:30:22,658.55,588948
2021-06-01 10:30:31,658.6,589105
2021-06-01 10:30:35,658.7,589535
2021-06-01 10:30:39,659.25,590884
2021-06-01 10:30:43,659.25,590899
2021-06-01 10:30:51,658.9,591024
2021-06-01 10:30:56,659.15,591663
2021-06-01 10:31:00,658.8,592178
2021-06-01 10:31:04,658.75,592753
2021-06-01 10:31:08,659.0,592821
2021-06-01 10:31:12,658.85,592886
2021-06-01 10:31:16,658.75,592989
2021-06-01 10:31:21,658.7,593019
2021-06-01 10:31:25,658.7,593091
2021-06-01 10:31:29,658.6,593160
2021-06-01 10:31:33,658.6,593594
2021-06-01 10:31:37,658.55,593607
2021-06-01 10:31:41,658.35,593692
2021-06-01 10:31:45,658.35,593722
2021-06-01 10:31:49,658.3,593733
2021-06-01 10:31:52,658.25,593843
2021-06-01 10:31:56,658.2,593908
2021-06-01 10:31:59,658.1,593963
2021-06-01 10:32:03,658.1,593990
2021-06-01 10:32:07,658.1,594488
2021-06-01 10:32:11,658.1,594498
2021-06-01 10:32:15,658.1,594499
2021-06-01 10:32:19,658.15,594790
2021-06-01 10:32:23,658.1,595124
2021-06-01 10:32:26,658.1,595177
2021-06-01 10:32:30,658.1,595211
2021-06-01 10:32:34,658.15,595464
2021-06-01 10:32:38,658.1,595579
2021-06-01 10:32:42,658.1,595579
2021-06-01 10:32:45,658.1,595640
2021-06-01 10:32:49,658.1,595645
2021-06-01 10:32:53,658.1,595754
2021-06-01 10:32:56,658.1,595764
2021-06-01 10:33:00,658.1,595803
2021-06-01 10:33:04,658.15,596030
2021-06-01 10:33:08,658.1,596146
2021-06-01 10:33:11,658.1,596242
2021-06-01 10:33:14,658.1,596292
2021-06-01 10:33:18,658.15,596361
2021-06-01 10:33:22,658.1,596557
2021-06-01 10:33:26,658.75,597588
2021-06-01 10:33:29,658.7,597633
2021-06-01 10:33:37,658.5,597743
2021-06-01 10:33:40,658.35,597856
2021-06-01 10:33:44,658.5,598052
2021-06-01 10:33:48,658.5,598052
2021-06-01 10:33:51,658.5,598102
2021-06-01 10:33:58,658.5,598272
2021-06-01 10:34:02,658.6,598443
2021-06-01 10:34:09,658.7,598647
2021-06-01 10:34:13,658.7,598649
2021-06-01 10:34:17,658.85,598924
2021-06-01 10:34:20,658.7,598974
2021-06-01 10:34:24,658.5,599471
2021-06-01 10:34:28,658.5,599510
2021-06-01 10:34:32,658.7,599513
2021-06-01 10:34:36,658.6,599514
2021-06-01 10:34:39,658.7,599638
2021-06-01 10:34:43,658.7,599638
2021-06-01 10:34:47,658.5,601657
2021-06-01 10:34:51,658.5,601865
2021-06-01 10:34:55,658.5,601944
2021-06-01 10:34:58,658.7,602146
2021-06-01 10:35:02,658.7,602146
2021-06-01 10:35:05,658.7,602252
2021-06-01 10:35:09,658.85,602313
2021-06-01 10:35:12,659.0,602963
2021-06-01 10:35:16,659.2,602964
2021-06-01 10:35:19,659.0,602989
2021-06-01 10:35:23,659.45,603483
2021-06-01 10:35:26,659.4,603587
2021-06-01 10:35:29,659.0,603737
2021-06-01 10:35:33,659.0,603762
2021-06-01 10:35:37,659.0,603802
2021-06-01 10:35:41,659.0,603974
2021-06-01 10:35:45,659.0,604224
2021-06-01 10:35:48,659.0,604224
2021-06-01 10:35:52,659.05,604324
2021-06-01 10:35:56,659.05,604390
2021-06-01 10:36:00,659.0,604412
2021-06-01 10:36:03,659.0,604435
2021-06-01 10:36:11,659.2,604591
2021-06-01 10:36:14,659.2,604591
2021-06-01 10:36:17,659.1,604626
2021-06-01 10:36:20,659.1,604626
2021-06-01 10:36:24,659.2,604951
2021-06-01 10:36:28,659.2,604951
2021-06-01 10:36:31,659.05,605001
2021-06-01 10:36:35,659.05,605033
2021-06-01 10:36:38,659.0,605116
2021-06-01 10:36:40,659.3,605138
2021-06-01 10:36:40,659.3,605140
2021-06-01 10:36:41,659.15,605150
2021-06-01 10:36:43,659.25,605152
2021-06-01 10:36:42,659.25,605152
2021-06-01 10:36:44,659.3,605202
2021-06-01 10:36:45,659.3,605202
2021-06-01 10:36:47,659.3,605202
2021-06-01 10:36:48,659.4,605402
2021-06-01 10:36:49,659.35,605452
2021-06-01 10:36:50,659.35,605452
2021-06-01 10:36:51,659.35,605452
2021-06-01 10:36:52,659.35,605452
2021-06-01 10:36:53,659.35,605452
2021-06-01 10:36:54,659.1,605652
2021-06-01 10:36:55,659.1,605652
2021-06-01 10:36:56,659.1,605660
2021-06-01 10:36:57,659.1,605660
2021-06-01 10:36:58,659.2,605680
2021-06-01 10:37:00,659.2,605680
2021-06-01 10:37:01,659.2,605680
2021-06-01 10:37:02,659.2,605680
2021-06-01 10:37:03,659.2,605680
2021-06-01 10:37:04,659.15,607275
2021-06-01 10:37:05,659.15,607275
2021-06-01 10:37:07,659.15,607275
2021-06-01 10:37:07,659.15,607275
2021-06-01 10:37:08,659.15,607275
2021-06-01 10:37:09,659.2,607325
2021-06-01 10:37:10,659.2,607325
2021-06-01 10:37:11,659.2,607325
2021-06-01 10:37:12,659.2,607325
2021-06-01 10:37:13,659.2,607325
2021-06-01 10:37:15,659.2,607325
2021-06-01 10:37:16,659.2,607325
2021-06-01 10:37:16,659.15,607408
2021-06-01 10:37:17,659.2,607422
2021-06-01 10:37:18,659.2,607522
2021-06-01 10:37:20,659.2,607522
2021-06-01 10:37:21,659.2,607522
2021-06-01 10:37:21,659.15,607532
2021-06-01 10:37:22,659.15,607532
2021-06-01 10:37:23,659.15,607542
2021-06-01 10:37:24,659.15,607542
2021-06-01 10:37:25,659.15,607652
2021-06-01 10:37:26,659.0,607662
2021-06-01 10:37:27,659.25,607772
2021-06-01 10:37:28,659.05,607782
2021-06-01 10:37:29,659.05,607782
2021-06-01 10:37:30,659.2,607802
2021-06-01 10:37:31,659.2,607802
2021-06-01 10:37:32,659.2,607802
2021-06-01 10:37:33,659.2,607802
2021-06-01 10:37:34,659.2,607802
2021-06-01 10:37:35,659.0,607826
2021-06-01 10:37:37,659.0,607826
2021-06-01 10:37:38,659.15,607908
2021-06-01 10:37:39,659.15,607908
2021-06-01 10:37:40,659.0,607925
2021-06-01 10:37:40,659.0,607925
2021-06-01 10:37:41,659.0,607925
2021-06-01 10:37:44,659.0,607925
2021-06-01 10:37:44,659.0,607925
2021-06-01 10:37:46,659.0,607925
2021-06-01 10:37:47,659.05,607930
2021-06-01 10:37:48,659.0,607935
2021-06-01 10:37:48,659.0,607935
2021-06-01 10:37:49,659.0,607946
2021-06-01 10:37:50,659.0,607946
2021-06-01 10:37:51,659.0,607946
2021-06-01 10:37:52,659.0,608037
2021-06-01 10:37:53,659.0,608037
2021-06-01 10:37:54,659.0,608037
2021-06-01 10:37:56,659.15,608070
2021-06-01 10:37:57,659.15,608075
2021-06-01 10:37:58,659.0,608575
2021-06-01 10:37:59,659.0,608575
2021-06-01 10:38:00,659.1,608576
2021-06-01 10:38:01,659.1,608576
2021-06-01 10:38:02,659.1,608576
2021-06-01 10:38:03,659.1,608576
2021-06-01 10:38:04,659.05,608670
2021-06-01 10:38:05,659.05,608720
2021-06-01 10:38:06,659.05,608720
2021-06-01 10:38:07,659.05,608730
2021-06-01 10:38:09,659.05,608730
2021-06-01 10:38:10,659.05,608730
2021-06-01 10:38:10,659.05,608735
2021-06-01 10:38:11,659.05,608775
2021-06-01 10:38:13,659.1,608819
2021-06-01 10:38:14,659.1,608819
2021-06-01 10:38:14,659.0,608919
2021-06-01 10:38:16,659.0,608919
2021-06-01 10:38:17,659.0,608919
2021-06-01 10:38:18,659.0,608919
2021-06-01 10:38:19,659.0,608919
2021-06-01 10:38:19,659.0,608930
2021-06-01 10:38:20,659.0,608930
2021-06-01 10:38:21,659.05,608935
2021-06-01 10:38:23,659.0,609044
2021-06-01 10:38:24,659.0,609045
2021-06-01 10:38:25,659.0,609045
2021-06-01 10:38:26,659.0,609045
2021-06-01 10:38:27,659.05,609114
2021-06-01 10:38:27,659.05,609114
2021-06-01 10:38:28,659.05,609114
2021-06-01 10:38:29,659.05,609114
2021-06-01 10:38:30,659.0,609120
2021-06-01 10:38:31,659.0,609120
2021-06-01 10:38:32,659.0,609120
2021-06-01 10:38:33,659.0,609126
2021-06-01 10:38:34,659.05,609136
2021-06-01 10:38:35,659.05,609136
2021-06-01 10:38:36,659.05,609136
2021-06-01 10:38:37,659.0,609250
2021-06-01 10:38:38,659.0,609250
2021-06-01 10:38:40,659.0,609262
2021-06-01 10:38:41,659.05,609277
2021-06-01 10:38:43,659.0,609843
2021-06-01 10:38:44,659.0,609843
2021-06-01 10:38:45,659.05,609853
2021-06-01 10:38:45,659.05,609853
2021-06-01 10:38:46,659.05,609853
2021-06-01 10:38:47,659.0,609963
2021-06-01 10:38:48,659.0,609963
2021-06-01 10:38:50,659.05,609973
2021-06-01 10:38:51,659.05,609973
2021-06-01 10:38:52,659.05,609973
2021-06-01 10:38:52,659.0,610062
2021-06-01 10:38:53,659.05,610115
2021-06-01 10:38:54,659.0,610138
2021-06-01 10:38:55,659.0,610638
2021-06-01 10:38:57,659.0,610638
2021-06-01 10:38:57,659.05,610668
2021-06-01 10:38:58,659.05,610668
2021-06-01 10:38:59,659.05,610668
2021-06-01 10:39:01,659.05,610668
2021-06-01 10:39:01,659.0,610712
2021-06-01 10:39:02,659.0,610712
2021-06-01 10:39:03,659.05,610732
2021-06-01 10:39:04,659.05,610954
2021-06-01 10:39:05,659.05,610964
2021-06-01 10:39:06,659.05,610964
2021-06-01 10:39:07,659.0,611025
2021-06-01 10:39:08,659.0,611154
2021-06-01 10:39:09,659.05,611205
2021-06-01 10:39:11,659.05,611205
2021-06-01 10:39:11,659.05,611205
2021-06-01 10:39:13,659.05,611255
2021-06-01 10:39:15,659.05,611255
2021-06-01 10:39:16,659.0,611273
2021-06-01 10:39:17,659.0,611273
2021-06-01 10:39:18,659.0,611293
2021-06-01 10:39:19,659.0,611293
2021-06-01 10:39:20,659.0,611582
2021-06-01 10:39:21,659.0,611582
2021-06-01 10:39:22,659.0,611582
2021-06-01 10:39:24,659.0,611582
2021-06-01 10:39:25,659.0,611582
2021-06-01 10:39:26,659.0,611632
2021-06-01 10:39:27,659.1,611662
2021-06-01 10:39:28,659.1,611663
2021-06-01 10:39:30,659.1,611664
2021-06-01 10:39:33,659.1,611664
2021-06-01 10:39:33,659.1,611664
2021-06-01 10:39:34,659.1,611664
2021-06-01 10:39:35,659.1,611664
2021-06-01 10:39:36,659.1,611664
2021-06-01 10:39:38,659.0,611764
2021-06-01 10:39:39,659.0,611764
2021-06-01 10:39:39,659.0,611764
2021-06-01 10:39:41,659.0,611764
2021-06-01 10:39:42,659.0,611764
2021-06-01 10:39:43,659.0,611764
2021-06-01 10:39:44,659.05,611782
2021-06-01 10:39:45,659.0,611783
2021-06-01 10:39:46,659.0,611783
2021-06-01 10:39:47,659.0,611783
2021-06-01 10:39:49,659.0,611784
2021-06-01 10:39:50,659.0,611785
2021-06-01 10:39:51,659.0,611785
2021-06-01 10:39:52,659.0,611921
2021-06-01 10:39:53,659.0,611921
2021-06-01 10:39:54,659.0,611923
2021-06-01 10:39:55,659.0,611923
2021-06-01 10:39:56,659.0,611923
2021-06-01 10:39:57,659.0,611934
2021-06-01 10:39:58,659.0,611934
2021-06-01 10:39:59,659.0,611934
2021-06-01 10:40:00,659.0,611934
2021-06-01 10:40:02,659.0,611984
2021-06-01 10:40:02,659.0,611984
2021-06-01 10:40:03,659.0,611984
2021-06-01 10:40:04,659.0,612210
2021-06-01 10:40:05,659.0,612210
2021-06-01 10:40:08,659.1,612217
2021-06-01 10:40:08,659.1,612216
2021-06-01 10:40:09,659.1,612217
2021-06-01 10:40:12,659.0,612244
2021-06-01 10:40:13,659.0,612244
2021-06-01 10:40:14,659.0,612244
2021-06-01 10:40:15,659.05,612248
2021-06-01 10:40:16,659.05,612248
2021-06-01 10:40:17,659.05,612253
2021-06-01 10:40:18,659.05,612253
2021-06-01 10:40:19,659.0,612267
2021-06-01 10:40:20,659.0,612267
2021-06-01 10:40:20,659.0,612267
2021-06-01 10:40:21,659.0,612267
2021-06-01 10:40:22,659.0,612374
2021-06-01 10:40:24,659.3,613058
2021-06-01 10:40:24,659.3,613058
2021-06-01 10:40:25,659.3,613058
2021-06-01 10:40:27,659.0,613108
2021-06-01 10:40:28,659.05,613133
2021-06-01 10:40:29,659.05,613133
2021-06-01 10:40:30,659.05,613133
2021-06-01 10:40:31,659.05,613133
2021-06-01 10:40:32,659.1,613143
2021-06-01 10:40:34,659.05,613198
2021-06-01 10:40:34,659.05,613198
2021-06-01 10:40:35,659.1,613199
2021-06-01 10:40:36,659.05,613218
2021-06-01 10:40:38,659.05,613257
2021-06-01 10:40:39,659.0,613272
2021-06-01 10:40:41,659.0,613272
2021-06-01 10:40:41,659.0,613335
2021-06-01 10:40:42,659.0,613335
2021-06-01 10:40:43,659.1,613336
2021-06-01 10:40:44,659.1,613336
2021-06-01 10:40:45,659.1,613336
2021-06-01 10:40:46,659.1,613336
2021-06-01 10:40:47,659.1,613336
2021-06-01 10:40:49,659.1,613336
2021-06-01 10:40:50,659.05,613337
2021-06-01 10:40:51,659.05,613347
2021-06-01 10:40:52,659.05,613347
2021-06-01 10:40:52,659.05,613458
2021-06-01 10:40:54,659.05,613458
2021-06-01 10:40:55,659.0,613460
2021-06-01 10:40:56,659.1,613486
2021-06-01 10:40:57,659.2,613546
2021-06-01 10:40:58,659.2,613546
2021-06-01 10:40:59,659.2,613546
2021-06-01 10:41:00,659.2,613546
2021-06-01 10:41:00,659.2,613546
2021-06-01 10:41:01,659.2,613546
2021-06-01 10:41:03,659.2,613546
2021-06-01 10:41:04,659.1,613686
2021-06-01 10:41:05,659.1,613697
2021-06-01 10:41:05,659.1,613697
2021-06-01 10:41:07,659.1,613697
2021-06-01 10:41:09,659.2,613713
2021-06-01 10:41:10,659.1,613728
2021-06-01 10:41:11,659.15,613915
2021-06-01 10:41:12,659.15,613916
2021-06-01 10:41:13,659.2,613935
2021-06-01 10:41:14,659.15,613944
2021-06-01 10:41:15,659.15,613944
2021-06-01 10:41:16,659.15,613944
2021-06-01 10:41:17,659.05,613954
2021-06-01 10:41:18,659.15,613980
2021-06-01 10:41:19,659.15,613980
2021-06-01 10:41:20,659.15,613980
2021-06-01 10:41:21,659.0,615066
2021-06-01 10:41:22,659.1,615161
2021-06-01 10:41:24,659.1,615171
2021-06-01 10:41:25,659.1,615181
2021-06-01 10:41:26,659.1,615181
2021-06-01 10:41:27,659.1,615181
2021-06-01 10:41:27,659.0,615293
2021-06-01 10:41:28,659.1,615294
2021-06-01 10:41:29,659.1,615294
2021-06-01 10:41:30,659.0,615304
2021-06-01 10:41:32,659.0,615409
2021-06-01 10:41:32,659.05,615419
2021-06-01 10:41:34,659.05,615427
2021-06-01 10:41:35,659.0,615438
2021-06-01 10:41:36,659.05,615439
2021-06-01 10:41:37,659.0,615570
2021-06-01 10:41:38,659.0,615570
2021-06-01 10:41:39,659.0,615590
2021-06-01 10:41:42,659.1,615600
2021-06-01 10:41:46,659.0,615624
2021-06-01 10:41:50,659.0,615708
2021-06-01 10:41:54,659.0,615805
2021-06-01 10:41:58,659.05,615821
2021-06-01 10:42:02,659.15,615837
2021-06-01 10:42:06,659.1,615983
2021-06-01 10:42:10,659.15,616093
2021-06-01 10:42:13,659.1,616113
2021-06-01 10:42:17,659.15,616123
2021-06-01 10:42:20,659.1,616171
2021-06-01 10:42:25,659.1,616271
2021-06-01 10:42:29,659.1,616271
2021-06-01 10:42:32,659.15,616284
2021-06-01 10:42:35,659.15,616299
2021-06-01 10:42:39,659.15,616535
2021-06-01 10:42:43,659.15,616547
2021-06-01 10:42:46,659.1,616568
2021-06-01 10:42:50,659.1,616568
2021-06-01 10:42:58,659.0,616749
2021-06-01 10:43:01,659.0,616830
2021-06-01 10:43:09,659.05,617004
2021-06-01 10:43:13,659.1,617007
2021-06-01 10:43:17,659.1,617007
2021-06-01 10:43:20,659.1,617017
2021-06-01 10:43:24,659.05,617268
2021-06-01 10:43:28,659.05,617295
2021-06-01 10:43:31,659.1,617505
2021-06-01 10:43:35,659.1,617538
2021-06-01 10:43:38,659.05,617590
2021-06-01 10:43:42,659.0,617646
2021-06-01 10:43:45,659.1,617647
2021-06-01 10:43:48,659.05,617662
2021-06-01 10:43:51,659.05,617662
2021-06-01 10:43:55,659.0,617793
2021-06-01 10:43:58,659.0,618043
2021-06-01 10:44:02,659.1,618269
2021-06-01 10:44:05,659.15,618426
2021-06-01 10:44:08,659.0,618985
2021-06-01 10:44:11,659.0,618985
2021-06-01 10:44:14,659.0,619048
2021-06-01 10:44:17,659.05,619563
2021-06-01 10:44:21,659.0,619913
2021-06-01 10:44:24,659.15,620115
2021-06-01 10:44:31,659.0,620165
2021-06-01 10:44:35,659.0,620270
2021-06-01 10:44:38,659.0,620412
2021-06-01 10:44:42,659.0,620417
2021-06-01 10:44:45,659.0,620527
2021-06-01 10:44:48,659.0,620528
2021-06-01 10:44:52,659.0,621034
2021-06-01 10:44:55,659.0,621084
2021-06-01 10:44:59,659.0,621084
2021-06-01 10:45:03,659.0,621175
2021-06-01 10:45:08,659.0,621616
2021-06-01 10:45:12,659.0,621631
2021-06-01 10:45:16,659.0,621911
2021-06-01 10:45:19,659.0,621969
2021-06-01 10:45:22,659.0,622050
2021-06-01 10:45:26,659.0,622076
2021-06-01 10:45:31,659.05,622132
2021-06-01 10:45:35,659.0,622267
2021-06-01 10:45:39,659.0,622317
2021-06-01 10:45:42,659.0,622406
2021-06-01 10:45:46,659.05,622726
2021-06-01 10:45:50,659.05,622886
2021-06-01 10:45:54,659.15,622896
2021-06-01 10:45:58,659.15,623008
2021-06-01 10:46:02,659.15,623147
2021-06-01 10:46:06,659.2,623369
2021-06-01 10:46:09,659.15,623411
2021-06-01 10:46:13,659.15,623538
2021-06-01 10:46:17,659.15,623616
2021-06-01 10:46:21,659.1,623618
2021-06-01 10:46:25,659.05,623908
2021-06-01 10:46:28,659.15,623909
2021-06-01 10:46:32,659.1,623912
2021-06-01 10:46:35,659.1,624958
2021-06-01 10:46:39,659.05,625084
2021-06-01 10:46:42,659.05,625084
2021-06-01 10:46:46,659.1,625184
2021-06-01 10:46:50,659.1,625184
2021-06-01 10:46:54,659.0,625285
2021-06-01 10:46:58,659.2,625600
2021-06-01 10:47:03,659.2,625630
2021-06-01 10:47:08,659.2,626012
2021-06-01 10:47:12,659.2,626012
2021-06-01 10:47:16,659.4,626196
2021-06-01 10:47:20,659.5,626327
2021-06-01 10:47:24,659.2,626352
2021-06-01 10:47:28,659.5,626393
2021-06-01 10:47:31,659.45,626461
2021-06-01 10:47:34,659.45,626461
2021-06-01 10:47:38,659.4,626481
2021-06-01 10:47:41,659.2,626568
2021-06-01 10:47:44,659.2,626568
2021-06-01 10:47:48,659.2,626568
2021-06-01 10:47:51,659.2,626568
2021-06-01 10:47:55,659.45,627414
2021-06-01 10:47:58,659.65,627434
2021-06-01 10:48:01,659.6,628016
2021-06-01 10:48:05,659.75,629036
2021-06-01 10:48:09,659.75,629199
2021-06-01 10:48:12,659.75,629227
2021-06-01 10:48:16,659.8,629533
2021-06-01 10:48:19,659.8,629533
2021-06-01 10:48:23,659.95,629759
2021-06-01 10:48:27,659.8,630024
2021-06-01 10:48:31,659.9,630039
2021-06-01 10:48:35,659.95,630098
2021-06-01 10:48:38,659.95,630472
2021-06-01 10:48:42,659.95,630547
2021-06-01 10:48:45,659.8,630560
2021-06-01 10:48:49,659.75,630677
2021-06-01 10:48:56,659.75,630826
2021-06-01 10:49:03,659.75,631078
2021-06-01 10:49:07,659.85,631370
2021-06-01 10:49:10,659.75,631383
2021-06-01 10:49:17,659.95,631583
2021-06-01 10:49:20,659.75,631606
2021-06-01 10:49:24,659.95,631716
2021-06-01 10:49:27,659.95,631716
2021-06-01 10:49:30,659.75,631843
2021-06-01 10:49:34,659.85,631922
2021-06-01 10:49:37,659.9,632319
2021-06-01 10:49:41,659.7,632790
2021-06-01 10:49:44,659.9,633276
2021-06-01 10:49:47,659.8,633329
2021-06-01 10:49:51,659.75,633463
2021-06-01 10:49:55,659.5,633639
2021-06-01 10:49:58,659.8,633659
2021-06-01 10:50:01,659.5,633771
2021-06-01 10:50:05,659.65,633975
2021-06-01 10:50:09,659.65,633977
2021-06-01 10:50:13,659.8,634083
2021-06-01 10:50:17,659.8,634103
2021-06-01 10:50:21,659.75,634123
2021-06-01 10:50:25,659.7,634247
2021-06-01 10:50:29,659.8,634347
2021-06-01 10:50:32,659.75,634444
2021-06-01 10:50:36,659.8,634811
2021-06-01 10:50:39,659.55,634812
2021-06-01 10:50:42,659.8,634813
2021-06-01 10:50:47,659.75,634814
2021-06-01 10:50:51,659.75,634869
2021-06-01 10:50:55,659.75,634984
2021-06-01 10:50:58,659.6,634995
2021-06-01 10:51:02,659.6,634995
2021-06-01 10:51:05,659.65,635097
2021-06-01 10:51:09,659.75,635107
2021-06-01 10:51:12,659.75,635131
2021-06-01 10:51:15,659.65,635195
2021-06-01 10:51:19,659.7,635197
2021-06-01 10:51:23,659.65,635277
2021-06-01 10:51:27,659.6,635309
2021-06-01 10:51:30,659.7,635314
2021-06-01 10:51:34,659.65,635424
2021-06-01 10:51:37,659.65,635443
2021-06-01 10:51:41,659.7,635523
2021-06-01 10:51:44,659.65,635542
2021-06-01 10:51:47,659.65,635615
2021-06-01 10:51:50,659.65,635615
2021-06-01 10:51:54,659.65,635676
2021-06-01 10:51:57,659.6,635782
2021-06-01 10:52:04,659.6,635983
2021-06-01 10:52:08,659.6,636007
2021-06-01 10:52:11,659.65,636032
2021-06-01 10:52:15,659.5,636247
2021-06-01 10:52:19,659.65,636257
2021-06-01 10:52:22,659.6,636284
2021-06-01 10:52:26,659.5,636308
2021-06-01 10:52:29,659.4,636376
2021-06-01 10:52:33,659.4,636403
2021-06-01 10:52:36,659.45,636486
2021-06-01 10:52:40,659.35,636564
2021-06-01 10:52:43,659.2,637614
2021-06-01 10:52:47,659.2,637632
2021-06-01 10:52:50,659.15,637640
2021-06-01 10:52:53,659.2,637840
2021-06-01 10:52:57,659.1,637849
2021-06-01 10:53:01,659.05,638014
2021-06-01 10:53:04,659.1,638239
2021-06-01 10:53:08,659.05,638409
2021-06-01 10:53:11,659.0,638453
2021-06-01 10:53:14,659.0,638508
2021-06-01 10:53:18,659.05,638571
2021-06-01 10:53:21,659.05,638571
2021-06-01 10:53:24,659.0,638632
2021-06-01 10:53:27,659.0,638632
2021-06-01 10:53:31,659.05,638638
2021-06-01 10:53:34,659.05,638638
2021-06-01 10:53:37,659.0,638660
2021-06-01 10:53:40,659.0,638742
2021-06-01 10:53:43,659.0,638787
2021-06-01 10:53:46,659.0,639441
2021-06-01 10:53:49,659.05,639442
2021-06-01 10:53:53,659.0,640998
2021-06-01 10:53:57,659.0,641098
2021-06-01 10:53:59,659.0,644854
2021-06-01 10:54:02,659.0,644944
2021-06-01 10:54:06,659.05,645513
2021-06-01 10:54:14,659.15,645941
2021-06-01 10:54:18,659.7,646101
2021-06-01 10:54:22,659.7,646264
2021-06-01 10:54:26,659.7,646279
2021-06-01 10:54:29,659.55,646344
2021-06-01 10:54:33,659.55,646374
2021-06-01 10:54:36,659.55,646545
2021-06-01 10:54:39,659.8,646550
2021-06-01 10:54:42,659.45,647000
2021-06-01 10:54:45,659.45,647005
2021-06-01 10:54:49,659.4,647075
2021-06-01 10:54:53,659.35,647100
2021-06-01 10:54:57,659.4,647218
2021-06-01 10:55:00,659.4,647228
2021-06-01 10:55:04,659.65,647451
2021-06-01 10:55:08,659.45,647462
2021-06-01 10:55:11,659.45,647462
2021-06-01 10:55:14,659.6,647482
2021-06-01 10:55:18,659.4,647518
2021-06-01 10:55:22,659.45,647531
2021-06-01 10:55:26,659.35,647552
2021-06-01 10:55:29,659.15,647619
2021-06-01 10:55:32,659.15,647659
2021-06-01 10:55:35,659.15,647671
2021-06-01 10:55:38,659.2,647763
2021-06-01 10:55:42,659.55,647990
2021-06-01 10:55:45,659.25,648031
2021-06-01 10:55:48,659.45,648036
2021-06-01 10:55:51,659.45,648091
2021-06-01 10:55:54,659.2,648153
2021-06-01 10:55:57,659.2,648170
2021-06-01 10:56:00,659.2,648205
2021-06-01 10:56:03,659.15,648211
2021-06-01 10:56:07,659.2,648433
2021-06-01 10:56:10,659.15,648451
2021-06-01 10:56:14,659.2,648632
2021-06-01 10:56:17,659.2,648742
2021-06-01 10:56:20,659.0,649142
2021-06-01 10:56:23,659.0,649236
2021-06-01 10:56:27,658.95,649280
2021-06-01 10:56:30,658.95,649441
2021-06-01 10:56:33,658.95,649599
2021-06-01 10:56:37,658.9,649604
2021-06-01 10:56:39,658.9,649719
2021-06-01 10:56:40,658.85,649737
2021-06-01 10:56:41,658.75,650545
2021-06-01 10:56:42,658.75,650545
2021-06-01 10:56:43,658.75,650545
2021-06-01 10:56:44,658.75,650545
2021-06-01 10:56:45,658.75,650545
2021-06-01 10:56:46,658.75,650545
2021-06-01 10:56:47,658.75,650545
2021-06-01 10:56:48,658.75,650545
2021-06-01 10:56:49,658.75,650545
2021-06-01 10:56:50,659.0,650745
2021-06-01 10:56:51,658.9,650780
2021-06-01 10:56:52,658.9,650780
2021-06-01 10:56:55,658.9,650780
2021-06-01 10:56:57,658.9,650782
2021-06-01 10:56:58,658.9,650797
2021-06-01 10:57:00,658.9,650897
2021-06-01 10:57:00,658.9,650897
2021-06-01 10:57:01,658.9,650897
2021-06-01 10:57:03,658.9,650897
2021-06-01 10:57:04,658.85,650916
2021-06-01 10:57:04,658.9,650931
2021-06-01 10:57:05,658.9,650931
2021-06-01 10:57:06,658.9,651032
2021-06-01 10:57:07,658.9,651032
2021-06-01 10:57:08,658.9,651032
2021-06-01 10:57:09,658.9,651032
2021-06-01 10:57:10,658.9,651032
2021-06-01 10:57:11,658.9,651139
2021-06-01 10:57:12,658.85,651140
2021-06-01 10:57:13,658.85,651156
2021-06-01 10:57:14,658.85,651156
2021-06-01 10:57:15,658.85,651156
2021-06-01 10:57:16,658.7,651160
2021-06-01 10:57:17,658.7,651160
2021-06-01 10:57:19,658.8,651172
2021-06-01 10:57:19,658.8,651172
2021-06-01 10:57:20,658.8,651283
2021-06-01 10:57:21,658.8,651283
2021-06-01 10:57:22,658.7,651607
2021-06-01 10:57:23,658.75,651945
2021-06-01 10:57:25,658.75,651945
2021-06-01 10:57:25,658.75,651945
2021-06-01 10:57:26,658.75,651945
2021-06-01 10:57:27,658.85,651950
2021-06-01 10:57:28,658.8,651971
2021-06-01 10:57:29,658.8,652417
2021-06-01 10:57:30,658.8,652417
2021-06-01 10:57:31,658.8,652417
2021-06-01 10:57:33,658.9,652527
2021-06-01 10:57:33,658.8,652529
2021-06-01 10:57:34,658.85,652607
2021-06-01 10:57:35,658.85,652607
2021-06-01 10:57:36,658.8,652711
2021-06-01 10:57:37,658.85,652972
2021-06-01 10:57:39,658.85,652972
2021-06-01 10:57:39,658.85,652972
2021-06-01 10:57:40,658.7,653072
2021-06-01 10:57:41,658.7,653072
2021-06-01 10:57:42,658.7,653072
2021-06-01 10:57:43,658.7,653072
2021-06-01 10:57:44,658.7,653072
2021-06-01 10:57:45,658.7,653072
2021-06-01 10:57:46,658.75,653076
2021-06-01 10:57:47,658.75,653076
2021-06-01 10:57:48,658.7,653106
2021-06-01 10:57:49,658.7,653139
2021-06-01 10:57:50,658.7,653139
2021-06-01 10:57:51,658.7,653139
2021-06-01 10:57:52,658.75,653143
2021-06-01 10:57:53,658.7,653260
2021-06-01 10:57:54,658.7,653260
2021-06-01 10:57:55,658.7,653260
2021-06-01 10:57:56,658.6,653570
2021-06-01 10:57:57,658.85,653572
2021-06-01 10:57:58,658.6,653577
2021-06-01 10:57:59,658.85,653647
2021-06-01 10:58:00,658.85,653647
2021-06-01 10:58:01,658.85,653647
2021-06-01 10:58:02,658.85,653647
2021-06-01 10:58:03,658.85,653647
2021-06-01 10:58:04,658.65,653763
2021-06-01 10:58:05,658.7,653773
2021-06-01 10:58:06,658.7,653773
2021-06-01 10:58:07,658.7,653773
2021-06-01 10:58:09,658.7,653773
2021-06-01 10:58:09,658.7,653773
2021-06-01 10:58:10,658.65,653775
2021-06-01 10:58:11,658.55,654075
2021-06-01 10:58:12,658.55,654075
2021-06-01 10:58:13,658.55,654075
2021-06-01 10:58:14,658.7,654085
2021-06-01 10:58:15,658.7,654085
2021-06-01 10:58:16,658.55,654095
2021-06-01 10:58:17,658.5,654477
2021-06-01 10:58:18,658.5,654497
2021-06-01 10:58:19,658.5,654522
2021-06-01 10:58:20,658.5,654522
2021-06-01 10:58:22,658.5,654564
2021-06-01 10:58:23,658.5,654715
2021-06-01 10:58:24,658.5,654715
2021-06-01 10:58:25,658.5,654715
2021-06-01 10:58:26,658.5,654715
2021-06-01 10:58:27,658.5,654715
2021-06-01 10:58:30,658.5,654715
2021-06-01 10:58:30,658.5,654715
2021-06-01 10:58:31,658.5,654747
2021-06-01 10:58:32,658.5,654747
2021-06-01 10:58:33,658.5,654747
2021-06-01 10:58:34,658.5,654747
2021-06-01 10:58:35,658.5,654932
2021-06-01 10:58:38,658.5,655056
2021-06-01 10:58:39,658.55,655116
2021-06-01 10:58:40,658.55,655116
2021-06-01 10:58:40,658.55,655116
2021-06-01 10:58:42,658.5,655131
2021-06-01 10:58:43,658.5,655342
2021-06-01 10:58:43,658.65,655354
2021-06-01 10:58:44,658.65,655354
2021-06-01 10:58:45,658.65,655354
2021-06-01 10:58:46,658.65,655354
2021-06-01 10:58:47,658.5,655454
2021-06-01 10:58:48,658.5,655454
2021-06-01 10:58:51,658.55,655464
2021-06-01 10:58:53,658.5,655597
2021-06-01 10:58:54,658.5,655597
2021-06-01 10:58:55,658.5,655597
2021-06-01 10:58:56,658.5,655597
2021-06-01 10:58:57,658.5,655597
2021-06-01 10:58:59,658.5,655636
2021-06-01 10:59:00,658.5,655636
2021-06-01 10:59:01,658.5,655640
2021-06-01 10:59:02,658.5,655640
2021-06-01 10:59:02,658.5,655640
2021-06-01 10:59:03,658.5,655640
2021-06-01 10:59:04,658.55,655789
2021-06-01 10:59:05,658.55,655824
2021-06-01 10:59:06,658.55,655842
2021-06-01 10:59:07,658.55,655857
2021-06-01 10:59:08,658.55,655992
2021-06-01 10:59:09,658.5,656042
2021-06-01 10:59:11,658.5,656142
2021-06-01 10:59:12,658.5,656142
2021-06-01 10:59:13,658.5,656142
2021-06-01 10:59:14,658.5,656142
2021-06-01 10:59:15,658.5,656142
2021-06-01 10:59:16,658.5,656142
2021-06-01 10:59:17,658.5,656142
2021-06-01 10:59:18,658.5,656142
2021-06-01 10:59:19,658.5,656170
2021-06-01 10:59:19,658.5,656145
2021-06-01 10:59:20,658.55,656182
2021-06-01 10:59:21,658.5,656237
2021-06-01 10:59:22,658.5,656237
2021-06-01 10:59:23,658.5,656315
2021-06-01 10:59:25,658.6,656347
2021-06-01 10:59:27,658.55,656447
2021-06-01 10:59:29,658.6,656547
2021-06-01 10:59:30,658.6,656547
2021-06-01 10:59:31,658.6,656547
2021-06-01 10:59:32,658.5,656572
2021-06-01 10:59:32,658.5,656572
2021-06-01 10:59:33,658.5,656581
2021-06-01 10:59:34,658.75,656841
2021-06-01 10:59:35,658.75,656851
2021-06-01 10:59:36,658.75,656854
2021-06-01 10:59:37,658.75,656855
2021-06-01 10:59:38,658.75,656855
2021-06-01 10:59:39,658.75,656855
2021-06-01 10:59:40,658.75,656855
2021-06-01 10:59:41,658.75,656855
2021-06-01 10:59:42,658.9,656955
2021-06-01 10:59:43,658.9,656955
2021-06-01 10:59:44,659.0,658106
2021-06-01 10:59:45,659.0,658106
2021-06-01 10:59:46,659.0,658106
2021-06-01 10:59:48,659.0,658266
2021-06-01 10:59:49,659.05,658267
2021-06-01 10:59:50,659.05,658267
2021-06-01 10:59:50,659.05,658267
2021-06-01 10:59:51,659.05,658267
2021-06-01 10:59:52,659.05,658267
2021-06-01 10:59:53,659.0,658375
2021-06-01 10:59:54,659.0,658396
2021-06-01 10:59:55,659.0,658396
2021-06-01 10:59:56,659.05,658397
2021-06-01 10:59:57,659.05,658397
2021-06-01 10:59:58,659.05,658397
2021-06-01 10:59:59,659.0,658457
2021-06-01 11:00:00,659.0,658457
2021-06-01 11:00:01,659.0,658470
2021-06-01 11:00:02,659.0,658470
2021-06-01 11:00:03,659.0,658511
2021-06-01 11:00:05,659.05,658675
2021-06-01 11:00:06,659.05,658675
2021-06-01 11:00:06,659.05,658675
2021-06-01 11:00:07,659.05,658675
2021-06-01 11:00:08,659.05,658692
2021-06-01 11:00:09,659.05,658692
2021-06-01 11:00:10,659.05,658692
2021-06-01 11:00:11,659.05,658692
2021-06-01 11:00:12,659.05,658707
2021-06-01 11:00:13,659.05,658707
2021-06-01 11:00:14,659.0,659707
2021-06-01 11:00:16,659.05,659722
2021-06-01 11:00:17,659.05,659722
2021-06-01 11:00:17,659.0,659922
2021-06-01 11:00:18,659.0,659922
2021-06-01 11:00:19,659.0,659922
2021-06-01 11:00:21,659.05,659947
2021-06-01 11:00:21,659.05,659947
2021-06-01 11:00:22,659.0,660175
2021-06-01 11:00:24,659.0,660235
2021-06-01 11:00:25,659.0,660235
2021-06-01 11:00:25,659.0,660235
2021-06-01 11:00:27,659.0,660285
2021-06-01 11:00:27,659.0,660285
2021-06-01 11:00:28,659.05,660325
2021-06-01 11:00:29,659.0,660355
2021-06-01 11:00:30,659.0,660365
2021-06-01 11:00:32,659.0,660385
2021-06-01 11:00:33,659.0,660385
2021-06-01 11:00:34,659.0,660385
2021-06-01 11:00:35,659.0,660445
2021-06-01 11:00:36,659.0,660454
2021-06-01 11:00:38,659.0,660568
2021-06-01 11:00:38,659.0,660568
2021-06-01 11:00:39,659.0,660576
2021-06-01 11:00:40,659.0,660576
2021-06-01 11:00:42,659.0,660633
2021-06-01 11:00:43,659.0,660663
2021-06-01 11:00:44,659.0,660663
2021-06-01 11:00:45,659.05,660667
2021-06-01 11:00:47,659.05,660667
2021-06-01 11:00:47,659.0,661983
2021-06-01 11:00:48,659.0,661983
2021-06-01 11:00:49,659.0,662483
2021-06-01 11:00:50,659.0,662631
2021-06-01 11:00:51,659.0,662671
2021-06-01 11:00:52,659.0,662671
2021-06-01 11:00:53,659.0,662778
2021-06-01 11:00:54,659.0,662778
2021-06-01 11:00:55,659.0,662783
2021-06-01 11:00:56,659.0,662783
2021-06-01 11:00:57,659.0,662807
2021-06-01 11:00:58,659.0,662867
2021-06-01 11:00:59,659.0,662867
2021-06-01 11:01:00,659.0,662867
2021-06-01 11:01:01,659.0,662867
2021-06-01 11:01:02,659.0,662867
2021-06-01 11:01:03,659.0,662909
2021-06-01 11:01:05,659.0,663141
2021-06-01 11:01:06,659.0,663141
2021-06-01 11:01:08,659.0,663223
2021-06-01 11:01:09,659.05,663224
2021-06-01 11:01:09,659.05,663224
2021-06-01 11:01:10,659.05,663224
2021-06-01 11:01:11,659.0,663250
2021-06-01 11:01:13,659.0,663250
2021-06-01 11:01:14,659.0,663260
2021-06-01 11:01:15,659.05,663270
2021-06-01 11:01:16,659.05,663270
2021-06-01 11:01:16,659.0,663271
2021-06-01 11:01:17,659.0,663271
2021-06-01 11:01:18,659.0,663334
2021-06-01 11:01:19,659.0,663334
2021-06-01 11:01:20,659.0,663334
2021-06-01 11:01:21,659.05,663444
2021-06-01 11:01:22,659.0,663512
2021-06-01 11:01:23,659.0,663512
2021-06-01 11:01:24,659.0,663512
2021-06-01 11:01:25,659.0,663531
2021-06-01 11:01:27,659.05,663533
2021-06-01 11:01:28,659.05,663533
2021-06-01 11:01:29,659.0,663593
2021-06-01 11:01:30,659.0,663593
2021-06-01 11:01:32,659.0,663599
2021-06-01 11:01:32,659.0,663593
2021-06-01 11:01:33,659.0,665599
2021-06-01 11:01:34,659.0,665621
2021-06-01 11:01:35,659.0,665621
2021-06-01 11:01:36,659.0,665621
2021-06-01 11:01:37,659.0,665621
2021-06-01 11:01:38,659.0,665706
2021-06-01 11:01:40,659.0,665887
2021-06-01 11:01:43,659.0,665948
2021-06-01 11:01:46,659.0,666019
2021-06-01 11:01:49,659.05,666021
2021-06-01 11:01:53,659.05,667028
2021-06-01 11:01:57,659.1,667093
2021-06-01 11:02:01,659.25,667126
2021-06-01 11:02:04,659.15,667321
2021-06-01 11:02:07,659.3,667331
2021-06-01 11:02:11,659.2,667340
2021-06-01 11:02:14,659.2,667340
2021-06-01 11:02:17,659.2,667392
2021-06-01 11:02:20,659.25,667502
2021-06-01 11:02:23,659.1,667588
2021-06-01 11:02:27,659.3,667951
2021-06-01 11:02:29,659.3,667987
2021-06-01 11:02:32,659.25,667993
2021-06-01 11:02:34,659.25,667994
2021-06-01 11:02:40,659.05,668033
2021-06-01 11:02:43,659.15,668131
2021-06-01 11:02:46,659.15,668131
2021-06-01 11:02:49,659.05,668180
2021-06-01 11:02:52,659.05,668195
2021-06-01 11:02:56,659.2,668411
2021-06-01 11:03:00,659.0,668480
2021-06-01 11:03:04,659.0,668515
2021-06-01 11:03:07,659.25,668634
2021-06-01 11:03:10,659.15,668646
2021-06-01 11:03:14,659.0,668887
2021-06-01 11:03:17,659.0,668887
2021-06-01 11:03:20,659.0,668901
2021-06-01 11:03:24,659.0,669104
2021-06-01 11:03:27,659.0,669104
2021-06-01 11:03:30,659.05,669108
2021-06-01 11:03:33,659.0,669141
2021-06-01 11:03:36,659.0,669171
2021-06-01 11:03:39,659.0,669476
2021-06-01 11:03:43,659.25,669531
2021-06-01 11:03:46,659.25,669531
2021-06-01 11:03:48,659.1,669532
2021-06-01 11:03:51,659.1,669532
2021-06-01 11:03:54,659.3,669687
2021-06-01 11:03:57,659.3,669697
2021-06-01 11:04:00,659.3,669697
2021-06-01 11:04:03,659.15,669707
2021-06-01 11:04:07,659.45,669927
2021-06-01 11:04:13,659.25,670002
2021-06-01 11:04:17,659.3,670017
2021-06-01 11:04:20,659.3,670017
2021-06-01 11:04:23,659.25,670135
2021-06-01 11:04:27,659.35,670143
2021-06-01 11:04:30,659.3,670155
2021-06-01 11:04:34,659.35,670178
2021-06-01 11:04:38,659.3,670270
2021-06-01 11:04:42,659.05,670340
2021-06-01 11:04:45,659.05,670340
2021-06-01 11:04:48,659.15,670364
2021-06-01 11:04:50,659.35,670539
2021-06-01 11:04:53,659.3,670599
2021-06-01 11:04:56,659.3,670617
2021-06-01 11:05:02,659.3,670617
2021-06-01 11:05:05,659.3,670907
2021-06-01 11:05:09,659.3,670964
2021-06-01 11:05:13,659.5,671022
2021-06-01 11:05:16,659.5,671022
2021-06-01 11:05:19,659.35,671164
2021-06-01 11:05:22,659.35,671164
2021-06-01 11:05:26,659.05,671228
2021-06-01 11:05:29,659.0,671289
2021-06-01 11:05:32,659.1,671297
2021-06-01 11:05:35,659.05,671361
2021-06-01 11:05:38,659.15,671437
2021-06-01 11:05:41,659.15,671437
2021-06-01 11:05:44,659.0,671450
2021-06-01 11:05:47,659.05,671484
2021-06-01 11:05:50,659.05,671493
2021-06-01 11:05:53,659.0,671600
2021-06-01 11:05:55,659.0,671660
2021-06-01 11:05:58,659.0,671678
2021-06-01 11:06:01,659.05,671879
2021-06-01 11:06:04,659.05,672101
2021-06-01 11:06:07,659.0,672196
2021-06-01 11:06:11,659.0,672212
2021-06-01 11:06:14,659.05,672245
2021-06-01 11:06:18,659.05,672245
2021-06-01 11:06:21,659.0,672421
2021-06-01 11:06:25,658.75,673723
2021-06-01 11:06:29,658.75,673723
2021-06-01 11:06:33,658.8,673754
2021-06-01 11:06:36,658.75,673948
2021-06-01 11:06:40,658.75,674035
2021-06-01 11:06:43,658.75,674059
2021-06-01 11:06:46,658.75,674126
2021-06-01 11:06:50,658.75,674146
2021-06-01 11:06:53,658.75,674329
2021-06-01 11:06:55,658.75,674346
2021-06-01 11:06:59,658.8,674411
2021-06-01 11:07:02,658.75,674568
2021-06-01 11:07:05,658.75,675471
2021-06-01 11:07:08,658.75,675471
2021-06-01 11:07:11,659.0,675479
2021-06-01 11:07:14,658.8,675504
2021-06-01 11:07:18,658.8,675663
2021-06-01 11:07:21,659.05,675883
2021-06-01 11:07:23,658.75,675983
2021-06-01 11:07:26,658.85,675994
2021-06-01 11:07:29,658.85,675994
2021-06-01 11:07:32,658.8,676022
2021-06-01 11:07:36,658.75,676272
2021-06-01 11:07:39,658.8,676416
2021-06-01 11:07:42,658.75,676476
2021-06-01 11:07:45,658.75,676624
2021-06-01 11:07:48,658.75,676714
2021-06-01 11:07:56,658.75,677084
2021-06-01 11:08:00,658.75,677118
2021-06-01 11:08:03,658.8,677722
2021-06-01 11:08:06,659.0,677956
2021-06-01 11:08:10,659.0,678279
2021-06-01 11:08:13,659.0,678398
2021-06-01 11:08:17,659.35,678723
2021-06-01 11:08:19,659.2,678724
2021-06-01 11:08:22,659.15,678765
2021-06-01 11:08:25,659.3,678785
2021-06-01 11:08:28,659.3,679023
2021-06-01 11:08:31,659.3,679023
2021-06-01 11:08:34,659.2,679374
2021-06-01 11:08:37,659.3,679580
2021-06-01 11:08:40,659.3,679580
2021-06-01 11:08:43,659.3,679580
2021-06-01 11:08:47,659.3,679624
2021-06-01 11:08:50,659.3,679637
2021-06-01 11:08:54,659.2,679678
2021-06-01 11:08:57,659.15,679740
2021-06-01 11:09:01,659.3,680112
2021-06-01 11:09:04,659.3,680335
2021-06-01 11:09:07,659.3,680335
2021-06-01 11:09:14,659.25,680352
2021-06-01 11:09:21,659.1,680396
2021-06-01 11:09:24,659.05,680513
2021-06-01 11:09:27,659.05,680541
2021-06-01 11:09:31,659.0,680552
2021-06-01 11:09:34,659.0,680619
2021-06-01 11:09:38,659.1,680886
2021-06-01 11:09:42,659.0,680988
2021-06-01 11:09:46,659.05,680999
2021-06-01 11:09:50,659.0,681136
2021-06-01 11:09:53,659.0,681807
2021-06-01 11:09:56,659.05,681818
2021-06-01 11:09:59,659.0,682240
2021-06-01 11:10:03,659.0,682315
2021-06-01 11:10:07,659.05,682577
2021-06-01 11:10:11,659.15,682638
2021-06-01 11:10:14,659.05,682760
2021-06-01 11:10:18,659.05,682760
2021-06-01 11:10:21,659.05,682872
2021-06-01 11:10:24,659.0,682986
2021-06-01 11:10:27,659.0,683286
2021-06-01 11:10:30,659.0,683286
2021-06-01 11:10:33,659.0,683286
2021-06-01 11:10:36,659.05,683296
2021-06-01 11:10:39,659.0,683401
2021-06-01 11:10:43,659.0,683430
2021-06-01 11:10:46,659.1,683434
2021-06-01 11:10:49,659.1,683434
2021-06-01 11:10:53,659.0,683534
2021-06-01 11:10:56,658.95,683585
2021-06-01 11:10:59,658.8,683615
2021-06-01 11:11:03,658.8,683622
2021-06-01 11:11:06,658.8,683904
2021-06-01 11:11:10,658.8,684096
2021-06-01 11:11:13,658.8,684521
2021-06-01 11:11:16,658.85,684611
2021-06-01 11:11:19,658.85,684611
2021-06-01 11:11:23,658.8,685044
2021-06-01 11:11:26,658.8,685364
2021-06-01 11:11:29,658.8,685427
2021-06-01 11:11:32,659.0,686241
2021-06-01 11:11:36,659.0,686456
2021-06-01 11:11:40,659.0,686487
2021-06-01 11:11:43,659.0,687557
2021-06-01 11:11:46,659.05,687581
2021-06-01 11:11:50,659.0,687738
2021-06-01 11:11:53,659.0,687824
2021-06-01 11:11:56,659.0,687843
2021-06-01 11:11:59,659.0,687883
2021-06-01 11:12:02,659.0,687889
2021-06-01 11:12:05,659.05,688020
2021-06-01 11:12:08,659.05,688221
2021-06-01 11:12:12,659.0,688247
2021-06-01 11:12:15,659.05,688251
2021-06-01 11:12:19,659.0,688253
2021-06-01 11:12:22,659.0,688363
2021-06-01 11:12:25,659.05,688463
2021-06-01 11:12:29,659.05,688463
2021-06-01 11:12:32,659.0,688482
2021-06-01 11:12:35,659.0,688482
2021-06-01 11:12:38,659.0,688573
2021-06-01 11:12:41,659.0,688573
2021-06-01 11:12:44,659.0,688583
2021-06-01 11:12:47,659.0,688629
2021-06-01 11:12:50,659.0,688629
2021-06-01 11:12:53,659.0,688739
2021-06-01 11:12:56,659.0,688739
2021-06-01 11:12:59,659.0,688797
2021-06-01 11:13:02,659.05,688800
2021-06-01 11:13:06,659.0,689140
2021-06-01 11:13:09,659.0,689791
2021-06-01 11:13:12,659.05,689798
2021-06-01 11:13:15,659.0,690979
2021-06-01 11:13:19,659.05,690981
2021-06-01 11:13:23,659.0,691277
2021-06-01 11:13:27,659.05,691786
2021-06-01 11:13:31,659.05,691786
2021-06-01 11:13:34,659.0,691826
2021-06-01 11:13:38,659.0,692056
2021-06-01 11:13:41,659.0,692082
2021-06-01 11:13:44,659.0,692102
2021-06-01 11:13:47,659.0,692102
2021-06-01 11:13:51,659.0,692165
2021-06-01 11:13:54,659.0,692281
2021-06-01 11:13:58,659.0,692516
2021-06-01 11:14:01,659.05,692597
2021-06-01 11:14:05,659.0,693010
2021-06-01 11:14:08,659.1,693127
2021-06-01 11:14:11,659.05,693152
2021-06-01 11:14:15,659.0,693177
2021-06-01 11:14:17,659.0,693198
2021-06-01 11:14:20,659.0,693198
2021-06-01 11:14:23,659.0,693322
2021-06-01 11:14:26,659.05,693326
2021-06-01 11:14:30,658.8,693826
2021-06-01 11:14:33,658.8,693826
2021-06-01 11:14:36,658.85,693827
2021-06-01 11:14:40,658.8,693929
2021-06-01 11:14:43,658.95,694056
2021-06-01 11:14:46,659.05,694082
2021-06-01 11:14:49,659.05,694104
2021-06-01 11:14:53,659.0,694201
2021-06-01 11:14:57,659.3,695390
2021-06-01 11:15:00,659.2,695579
2021-06-01 11:15:04,659.5,695937
2021-06-01 11:15:08,659.5,695991
2021-06-01 11:15:12,659.45,696105
2021-06-01 11:15:15,659.6,696108
2021-06-01 11:15:19,659.5,696229
2021-06-01 11:15:23,659.4,696346
2021-06-01 11:15:26,659.4,696401
2021-06-01 11:15:30,659.6,696744
2021-06-01 11:15:34,659.6,696744
2021-06-01 11:15:38,659.5,696845
2021-06-01 11:15:41,659.5,696853
2021-06-01 11:15:44,659.55,696854
2021-06-01 11:15:48,659.5,696914
2021-06-01 11:15:52,659.55,697092
2021-06-01 11:15:55,659.6,697183
2021-06-01 11:15:59,659.75,697224
2021-06-01 11:16:03,659.75,697292
2021-06-01 11:16:06,660.1,701350
2021-06-01 11:16:11,660.2,701462
2021-06-01 11:16:14,660.1,701600
2021-06-01 11:16:18,660.1,701749
2021-06-01 11:16:21,660.05,701781
2021-06-01 11:16:25,660.1,702103
2021-06-01 11:16:32,660.1,702163
2021-06-01 11:16:36,660.1,702436
2021-06-01 11:16:40,660.1,702476
2021-06-01 11:16:44,659.85,703399
2021-06-01 11:16:47,659.75,703403
2021-06-01 11:16:51,659.8,703516
2021-06-01 11:16:55,659.8,703672
2021-06-01 11:16:58,659.85,703774
2021-06-01 11:17:02,660.0,703936
2021-06-01 11:17:06,660.0,703956
2021-06-01 11:17:09,660.05,703969
2021-06-01 11:17:13,660.4,704476
2021-06-01 11:17:17,660.0,705907
2021-06-01 11:17:21,660.15,705935
2021-06-01 11:17:25,660.0,706060
2021-06-01 11:17:28,660.0,706249
2021-06-01 11:17:31,660.05,706302
2021-06-01 11:17:35,660.0,706327
2021-06-01 11:17:38,660.0,706593
2021-06-01 11:17:42,659.95,706603
2021-06-01 11:17:45,659.8,706653
2021-06-01 11:17:48,659.75,706770
2021-06-01 11:17:51,659.8,706831
2021-06-01 11:17:55,659.85,706873
2021-06-01 11:17:58,660.0,706911
2021-06-01 11:18:00,660.0,706911
2021-06-01 11:18:03,659.9,707259
2021-06-01 11:18:06,659.9,707393
2021-06-01 11:18:09,660.0,707618
2021-06-01 11:18:12,659.9,707628
2021-06-01 11:18:16,659.85,707707
2021-06-01 11:18:19,659.95,707797
2021-06-01 11:18:22,659.9,707852
2021-06-01 11:18:25,659.85,707900
2021-06-01 11:18:28,659.8,707908
2021-06-01 11:18:31,659.85,708018
2021-06-01 11:18:34,659.95,708109
2021-06-01 11:18:37,659.85,708118
2021-06-01 11:18:40,659.8,708167
2021-06-01 11:18:43,659.95,708566
2021-06-01 11:18:48,659.95,708566
2021-06-01 11:18:52,660.0,708622
2021-06-01 11:18:56,660.0,708932
2021-06-01 11:19:00,660.0,708982
2021-06-01 11:19:04,659.95,708984
2021-06-01 11:19:07,660.0,709568
2021-06-01 11:19:11,660.1,709569
2021-06-01 11:19:14,660.05,709619
2021-06-01 11:19:17,660.05,709872
2021-06-01 11:19:20,660.05,709872
2021-06-01 11:19:24,660.0,709893
2021-06-01 11:19:27,660.05,709955
2021-06-01 11:19:30,660.05,710028
2021-06-01 11:19:34,660.05,710028
2021-06-01 11:19:37,660.05,710158
2021-06-01 11:19:40,660.05,710320
2021-06-01 11:19:43,660.35,710440
2021-06-01 11:19:47,660.35,710480
2021-06-01 11:19:50,660.35,710695
2021-06-01 11:19:54,660.35,711061
2021-06-01 11:19:57,660.35,711071
2021-06-01 11:20:01,660.35,711489
2021-06-01 11:20:05,660.35,711535
2021-06-01 11:20:09,660.35,711654
2021-06-01 11:20:12,660.3,711713
2021-06-01 11:20:14,660.4,711866
2021-06-01 11:20:17,660.45,712054
2021-06-01 11:20:20,660.4,712212
2021-06-01 11:20:23,660.35,712315
2021-06-01 11:20:27,660.35,712315
2021-06-01 11:20:31,660.35,712466
2021-06-01 11:20:34,660.3,712498
2021-06-01 11:20:38,660.35,712538
2021-06-01 11:20:43,660.5,712865
2021-06-01 11:20:47,660.5,712915
2021-06-01 11:20:51,660.35,712995
2021-06-01 11:20:54,660.35,713043
2021-06-01 11:20:56,660.35,713275
2021-06-01 11:20:59,660.4,714042
2021-06-01 11:21:02,660.35,715044
2021-06-01 11:21:05,660.05,715069
2021-06-01 11:21:07,660.05,715069
2021-06-01 11:21:11,660.05,715299
2021-06-01 11:21:14,660.0,715339
2021-06-01 11:21:17,660.0,715350
2021-06-01 11:21:19,660.0,715373
2021-06-01 11:21:22,660.3,715873
2021-06-01 11:21:26,660.1,715903
2021-06-01 11:21:30,660.0,716153
2021-06-01 11:21:33,660.1,716265
2021-06-01 11:21:36,660.05,716270
2021-06-01 11:21:40,660.0,716605
2021-06-01 11:21:43,660.0,716632
2021-06-01 11:21:47,660.0,716739
2021-06-01 11:21:50,660.0,716750
2021-06-01 11:21:53,659.9,716841
2021-06-01 11:21:56,660.0,717292
2021-06-01 11:21:59,660.0,717302
2021-06-01 11:22:05,660.0,717442
2021-06-01 11:22:08,660.0,717553
2021-06-01 11:22:11,660.05,717582
2021-06-01 11:22:14,660.05,717582
2021-06-01 11:22:17,660.3,718003
2021-06-01 11:22:19,660.3,718003
2021-06-01 11:22:22,660.3,718087
2021-06-01 11:22:25,660.3,718087
2021-06-01 11:22:27,660.35,718097
2021-06-01 11:22:31,660.35,718130
2021-06-01 11:22:35,660.4,719840
2021-06-01 11:22:39,660.5,719862
2021-06-01 11:22:42,660.3,719942
2021-06-01 11:22:46,660.35,719944
2021-06-01 11:22:49,660.3,720162
2021-06-01 11:22:52,660.5,720361
2021-06-01 11:22:55,660.4,720436
2021-06-01 11:22:59,660.4,720490
2021-06-01 11:23:03,660.4,720811
2021-06-01 11:23:07,660.5,720896
2021-06-01 11:23:10,660.45,720949
2021-06-01 11:23:13,660.5,721432
2021-06-01 11:23:16,660.6,721860
2021-06-01 11:23:19,660.6,721870
2021-06-01 11:23:22,660.6,721976
2021-06-01 11:23:26,660.65,722534
2021-06-01 11:23:33,660.5,722700
2021-06-01 11:23:36,660.55,722896
2021-06-01 11:23:39,660.35,722916
2021-06-01 11:23:42,660.35,722916
2021-06-01 11:23:46,660.4,722974
2021-06-01 11:23:50,660.35,722992
2021-06-01 11:23:53,660.4,723133
2021-06-01 11:23:56,660.4,723158
2021-06-01 11:23:59,660.2,723904
2021-06-01 11:24:03,660.2,723954
2021-06-01 11:24:06,660.15,723993
2021-06-01 11:24:09,660.15,724005
2021-06-01 11:24:12,660.45,724178
2021-06-01 11:24:15,660.45,724178
2021-06-01 11:24:17,660.45,724178
2021-06-01 11:24:20,660.25,724243
2021-06-01 11:24:23,660.1,724345
2021-06-01 11:24:26,660.2,724558
2021-06-01 11:24:29,660.45,724738
2021-06-01 11:24:32,660.55,724833
2021-06-01 11:24:35,660.25,724852
2021-06-01 11:24:38,660.25,724942
2021-06-01 11:24:41,660.35,725012
2021-06-01 11:24:44,660.35,725012
2021-06-01 11:24:47,660.3,725013
2021-06-01 11:24:50,660.3,725013
2021-06-01 11:24:53,660.25,725047
2021-06-01 11:24:56,660.1,725053
2021-06-01 11:25:00,660.25,725906
2021-06-01 11:25:03,660.25,726187
2021-06-01 11:25:07,660.6,726282
2021-06-01 11:25:10,660.25,726290
2021-06-01 11:25:14,660.6,726420
2021-06-01 11:25:18,660.6,726504
2021-06-01 11:25:22,660.6,726587
2021-06-01 11:25:26,660.25,728220
2021-06-01 11:25:29,660.45,728322
2021-06-01 11:25:35,660.8,728558
2021-06-01 11:25:39,660.65,728736
2021-06-01 11:25:42,660.75,735706
2021-06-01 11:25:46,660.95,735708
2021-06-01 11:25:49,660.95,735708
2021-06-01 11:25:53,661.0,735848
2021-06-01 11:25:56,660.85,735963
2021-06-01 11:26:00,660.8,736357
2021-06-01 11:26:03,661.1,736627
2021-06-01 11:26:07,660.95,736667
2021-06-01 11:26:13,660.2,739500
2021-06-01 11:26:17,660.45,740500
2021-06-01 11:26:20,660.25,740511
2021-06-01 11:26:23,660.1,741586
2021-06-01 11:26:27,660.2,741590
2021-06-01 11:26:31,660.05,741716
2021-06-01 11:26:34,660.05,741807
2021-06-01 11:26:37,660.0,742003
2021-06-01 11:26:39,660.15,742035
2021-06-01 11:26:40,660.15,742035
2021-06-01 11:26:41,660.15,742035
2021-06-01 11:26:42,660.15,742035
2021-06-01 11:26:43,660.15,742035
2021-06-01 11:26:44,660.15,742035
2021-06-01 11:26:45,660.15,742035
2021-06-01 11:26:46,660.15,742035
2021-06-01 11:26:47,660.0,742036
2021-06-01 11:26:48,660.05,742120
2021-06-01 11:26:49,660.05,742120
2021-06-01 11:26:50,660.05,742120
2021-06-01 11:26:51,660.05,742120
2021-06-01 11:26:52,660.0,742130
2021-06-01 11:26:53,660.0,742302
2021-06-01 11:26:54,660.0,742302
2021-06-01 11:26:55,660.0,742302
2021-06-01 11:26:56,660.0,742302
2021-06-01 11:26:57,660.0,742302
2021-06-01 11:26:58,660.2,742307
2021-06-01 11:26:59,660.2,742307
2021-06-01 11:27:00,660.2,742307
2021-06-01 11:27:01,660.2,742307
2021-06-01 11:27:02,660.15,743529
2021-06-01 11:27:03,660.15,743534
2021-06-01 11:27:04,660.15,743534
2021-06-01 11:27:05,660.15,743534
2021-06-01 11:27:06,660.15,743534
2021-06-01 11:27:07,660.0,743645
2021-06-01 11:27:08,660.0,743645
2021-06-01 11:27:09,660.0,743677
2021-06-01 11:27:10,660.0,743677
2021-06-01 11:27:11,660.05,743702
2021-06-01 11:27:12,660.05,743702
2021-06-01 11:27:13,660.0,743774
2021-06-01 11:27:14,660.05,743794
2021-06-01 11:27:15,660.05,743794
2021-06-01 11:27:16,660.05,743794
2021-06-01 11:27:17,660.0,743804
2021-06-01 11:27:18,660.05,743829
2021-06-01 11:27:19,660.0,743869
2021-06-01 11:27:20,660.05,743926
2021-06-01 11:27:21,660.05,743957
2021-06-01 11:27:22,660.05,743957
2021-06-01 11:27:23,660.05,744049
2021-06-01 11:27:26,660.05,744068
2021-06-01 11:27:27,660.05,744091
2021-06-01 11:27:28,660.05,744091
2021-06-01 11:27:29,660.05,744091
2021-06-01 11:27:30,660.05,744091
2021-06-01 11:27:31,660.0,744121
2021-06-01 11:27:32,660.0,744126
2021-06-01 11:27:33,660.05,744129
2021-06-01 11:27:34,660.05,744911
2021-06-01 11:27:35,660.05,744911
2021-06-01 11:27:37,660.05,744911
2021-06-01 11:27:38,660.0,745026
2021-06-01 11:27:39,660.05,745056
2021-06-01 11:27:40,660.0,745066
2021-06-01 11:27:41,660.0,745140
2021-06-01 11:27:42,660.0,745240
2021-06-01 11:27:43,660.0,745250
2021-06-01 11:27:44,660.0,746128
2021-06-01 11:27:45,660.05,746129
2021-06-01 11:27:46,660.05,746161
2021-06-01 11:27:47,659.4,749161
2021-06-01 11:27:48,659.3,749172
2021-06-01 11:27:49,659.3,749172
2021-06-01 11:27:50,659.3,749172
2021-06-01 11:27:51,659.4,749173
2021-06-01 11:27:52,659.4,749173
2021-06-01 11:27:53,659.35,749272
2021-06-01 11:27:54,659.35,749272
2021-06-01 11:27:55,659.0,750211
2021-06-01 11:27:56,659.0,750211
2021-06-01 11:27:57,659.45,750224
2021-06-01 11:27:58,659.45,750224
2021-06-01 11:27:59,659.45,750224
2021-06-01 11:28:00,659.05,750324
2021-06-01 11:28:01,659.5,750374
2021-06-01 11:28:02,659.5,750374
2021-06-01 11:28:03,659.5,750374
2021-06-01 11:28:04,659.45,750597
2021-06-01 11:28:05,659.3,750600
2021-06-01 11:28:06,659.3,750600
2021-06-01 11:28:07,659.45,750609
2021-06-01 11:28:08,659.45,750609
2021-06-01 11:28:09,659.45,750609
2021-06-01 11:28:10,659.25,750628
2021-06-01 11:28:11,659.45,750630
2021-06-01 11:28:12,659.45,750630
2021-06-01 11:28:13,659.45,750630
2021-06-01 11:28:15,659.1,750701
2021-06-01 11:28:16,659.45,750801
2021-06-01 11:28:17,659.45,750801
2021-06-01 11:28:18,659.25,750811
2021-06-01 11:28:19,659.25,750811
2021-06-01 11:28:20,659.25,750811
2021-06-01 11:28:21,659.25,750811
2021-06-01 11:28:22,659.25,750868
2021-06-01 11:28:23,659.25,750868
2021-06-01 11:28:24,659.45,750870
2021-06-01 11:28:25,659.35,750871
2021-06-01 11:28:27,659.2,750933
2021-06-01 11:28:28,659.2,750933
2021-06-01 11:28:29,659.2,750933
2021-06-01 11:28:30,659.3,750942
2021-06-01 11:28:31,659.35,750946
2021-06-01 11:28:32,659.35,750946
2021-06-01 11:28:33,659.35,750946
2021-06-01 11:28:34,659.35,751129
2021-06-01 11:28:35,659.4,751131
2021-06-01 11:28:36,659.4,751179
2021-06-01 11:28:37,659.4,751512
2021-06-01 11:28:38,659.4,751512
2021-06-01 11:28:39,659.4,751512
2021-06-01 11:28:40,659.35,751562
2021-06-01 11:28:41,659.3,751575
2021-06-01 11:28:42,659.35,752540
2021-06-01 11:28:43,659.35,752540
2021-06-01 11:28:44,659.35,752540
2021-06-01 11:28:45,659.4,752640
2021-06-01 11:28:46,659.4,752748
2021-06-01 11:28:47,659.3,752790
2021-06-01 11:28:48,659.3,752790
2021-06-01 11:28:49,659.25,752865
2021-06-01 11:28:50,659.25,752865
2021-06-01 11:28:51,659.35,752868
2021-06-01 11:28:52,659.3,752891
2021-06-01 11:28:53,659.25,752977
2021-06-01 11:28:54,659.25,752977
2021-06-01 11:28:55,659.3,753002
2021-06-01 11:28:56,659.3,753002
2021-06-01 11:28:57,659.3,753002
2021-06-01 11:28:58,659.5,753029
2021-06-01 11:28:59,659.5,753029
2021-06-01 11:29:00,659.5,753029
2021-06-01 11:29:03,659.2,753089
2021-06-01 11:29:02,659.2,753089
2021-06-01 11:29:04,659.55,753339
2021-06-01 11:29:05,659.45,753444
2021-06-01 11:29:06,659.45,753475
2021-06-01 11:29:07,659.45,753475
2021-06-01 11:29:09,659.45,753475
2021-06-01 11:29:10,659.25,753501
2021-06-01 11:29:11,659.25,753501
2021-06-01 11:29:12,659.45,753521
2021-06-01 11:29:13,659.45,753521
2021-06-01 11:29:14,659.45,753521
2021-06-01 11:29:15,659.45,753521
2021-06-01 11:29:16,659.45,753521
2021-06-01 11:29:17,659.45,753524
2021-06-01 11:29:18,659.45,753526
2021-06-01 11:29:19,659.35,753528
2021-06-01 11:29:20,659.35,753528
2021-06-01 11:29:21,659.45,753544
2021-06-01 11:29:22,659.45,753544
2021-06-01 11:29:23,659.3,753637
2021-06-01 11:29:24,659.3,755137
2021-06-01 11:29:25,659.3,755137
2021-06-01 11:29:26,659.3,755137
2021-06-01 11:29:27,659.3,755137
2021-06-01 11:29:28,659.3,755137
2021-06-01 11:29:29,659.3,755137
2021-06-01 11:29:30,659.65,755142
2021-06-01 11:29:31,659.55,755253
2021-06-01 11:29:32,659.55,755326
2021-06-01 11:29:33,659.65,755389
2021-06-01 11:29:34,660.0,755427
2021-06-01 11:29:35,660.0,755427
2021-06-01 11:29:37,660.0,755427
2021-06-01 11:29:37,660.0,755427
2021-06-01 11:29:38,660.0,755427
2021-06-01 11:29:39,660.0,755478
2021-06-01 11:29:40,660.0,755478
2021-06-01 11:29:41,660.0,755478
2021-06-01 11:29:42,659.8,755613
2021-06-01 11:29:43,659.85,755646
2021-06-01 11:29:44,659.85,755671
2021-06-01 11:29:45,659.85,755672
2021-06-01 11:29:46,659.75,755686
2021-06-01 11:29:47,659.8,755693
2021-06-01 11:29:48,659.85,755743
2021-06-01 11:29:49,659.85,755743
2021-06-01 11:29:50,659.85,755743
2021-06-01 11:29:51,659.85,755743
2021-06-01 11:29:52,659.75,755761
2021-06-01 11:29:53,659.75,755761
2021-06-01 11:29:54,659.75,755979
2021-06-01 11:29:55,659.75,755985
2021-06-01 11:29:56,659.75,755987
2021-06-01 11:29:57,659.85,756036
2021-06-01 11:29:58,659.85,756036
2021-06-01 11:29:59,659.85,756036
2021-06-01 11:30:00,659.85,756036
2021-06-01 11:30:01,659.8,756037
2021-06-01 11:30:02,659.8,756037
2021-06-01 11:30:03,659.7,756039
2021-06-01 11:30:05,659.7,756152
2021-06-01 11:30:06,659.7,756152
2021-06-01 11:30:07,659.7,756152
2021-06-01 11:30:08,659.8,756153
2021-06-01 11:30:09,659.7,756159
2021-06-01 11:30:10,659.7,756159
2021-06-01 11:30:11,659.7,756159
2021-06-01 11:30:12,659.55,756359
2021-06-01 11:30:13,659.85,756659
2021-06-01 11:30:14,659.7,756672
2021-06-01 11:30:15,659.65,756677
2021-06-01 11:30:16,659.65,756677
2021-06-01 11:30:17,659.65,756678
2021-06-01 11:30:18,659.65,756679
2021-06-01 11:30:19,659.65,756679
2021-06-01 11:30:21,659.65,756679
2021-06-01 11:30:21,659.65,756679
2021-06-01 11:30:22,659.5,756713
2021-06-01 11:30:24,659.5,756713
2021-06-01 11:30:25,659.5,756713
2021-06-01 11:30:26,659.5,756734
2021-06-01 11:30:27,659.45,756805
2021-06-01 11:30:27,659.45,756805
2021-06-01 11:30:28,659.5,756810
2021-06-01 11:30:29,659.6,756811
2021-06-01 11:30:30,659.6,756811
2021-06-01 11:30:32,659.6,756811
2021-06-01 11:30:33,659.6,756811
2021-06-01 11:30:33,659.6,756811
2021-06-01 11:30:34,659.6,756811
2021-06-01 11:30:35,659.55,756813
2021-06-01 11:30:37,659.55,756912
2021-06-01 11:30:38,659.6,756913
2021-06-01 11:30:38,659.6,756913
2021-06-01 11:30:39,659.6,756913
2021-06-01 11:30:40,659.6,756913
2021-06-01 11:30:41,659.65,756963
2021-06-01 11:30:44,659.55,758090
2021-06-01 11:30:45,659.55,758090
2021-06-01 11:30:46,659.55,758090
2021-06-01 11:30:46,659.65,758097
2021-06-01 11:30:48,659.65,758097
2021-06-01 11:30:48,659.65,758097
2021-06-01 11:30:50,659.55,758205
2021-06-01 11:30:52,659.55,758205
2021-06-01 11:30:52,659.55,758301
2021-06-01 11:30:53,659.65,758303
2021-06-01 11:30:55,659.65,758303
2021-06-01 11:30:55,659.65,758303
2021-06-01 11:30:57,659.65,758303
2021-06-01 11:30:58,659.65,758303
2021-06-01 11:30:59,659.65,758303
2021-06-01 11:31:00,659.65,758303
2021-06-01 11:31:01,659.65,758303
2021-06-01 11:31:02,659.65,758303
2021-06-01 11:31:03,659.65,758303
2021-06-01 11:31:04,659.6,758313
2021-06-01 11:31:05,659.6,758509
2021-06-01 11:31:06,659.6,758509
2021-06-01 11:31:06,659.65,758511
2021-06-01 11:31:08,659.6,758514
2021-06-01 11:31:08,659.6,758514
2021-06-01 11:31:09,659.6,758514
2021-06-01 11:31:11,659.6,758530
2021-06-01 11:31:11,659.65,758532
2021-06-01 11:31:14,659.55,758762
2021-06-01 11:31:14,659.55,758752
2021-06-01 11:31:16,659.55,758762
2021-06-01 11:31:17,659.55,758762
2021-06-01 11:31:18,659.55,758781
2021-06-01 11:31:19,659.55,758781
2021-06-01 11:31:22,659.55,758803
2021-06-01 11:31:22,659.6,758783
2021-06-01 11:31:23,659.55,758803
2021-06-01 11:31:24,659.6,758954
2021-06-01 11:31:26,659.6,758954
2021-06-01 11:31:27,659.6,758954
2021-06-01 11:31:29,659.45,758955
2021-06-01 11:31:29,659.45,758955
2021-06-01 11:31:30,659.5,758957
2021-06-01 11:31:31,659.45,758959
2021-06-01 11:31:32,659.45,758971
2021-06-01 11:31:33,659.45,758971
2021-06-01 11:31:35,659.45,759001
2021-06-01 11:31:34,659.45,758971
2021-06-01 11:31:36,659.5,759022
2021-06-01 11:31:37,659.6,759643
2021-06-01 11:31:38,659.6,759643
2021-06-01 11:31:40,659.35,759644
2021-06-01 11:31:43,659.35,759705
2021-06-01 11:31:45,659.35,759705
2021-06-01 11:31:48,659.35,759748
2021-06-01 11:31:51,659.35,759748
2021-06-01 11:31:55,659.25,759838
2021-06-01 11:31:58,659.25,759857
2021-06-01 11:32:02,659.25,760076
2021-06-01 11:32:04,659.3,760270
2021-06-01 11:32:07,659.3,760320
2021-06-01 11:32:09,659.35,760321
2021-06-01 11:32:12,659.4,760323
2021-06-01 11:32:15,659.4,760387
2021-06-01 11:32:17,659.4,760387
2021-06-01 11:32:20,659.4,760387
2021-06-01 11:32:23,659.3,760444
2021-06-01 11:32:25,659.15,760668
2021-06-01 11:32:28,659.25,760704
2021-06-01 11:32:31,659.3,760719
2021-06-01 11:32:33,659.25,760785
2021-06-01 11:32:36,659.2,760953
2021-06-01 11:32:38,659.1,760987
2021-06-01 11:32:41,659.1,760987
2021-06-01 11:32:44,659.2,761021
2021-06-01 11:32:47,659.15,761046
2021-06-01 11:32:49,659.15,761046
2021-06-01 11:32:52,659.05,761268
2021-06-01 11:32:54,659.05,761377
2021-06-01 11:32:57,659.05,761407
2021-06-01 11:32:59,659.05,761432
2021-06-01 11:33:01,659.05,761442
2021-06-01 11:33:04,659.15,761664
2021-06-01 11:33:06,659.1,761771
2021-06-01 11:33:09,659.05,761825
2021-06-01 11:33:11,659.15,761867
2021-06-01 11:33:14,659.15,761867
2021-06-01 11:33:16,659.2,762213
2021-06-01 11:33:18,659.2,762227
2021-06-01 11:33:20,659.2,762227
2021-06-01 11:33:23,659.25,762232
2021-06-01 11:33:26,659.2,762288
2021-06-01 11:33:28,659.2,762288
2021-06-01 11:33:31,659.2,762494
2021-06-01 11:33:34,659.2,762494
2021-06-01 11:33:37,659.5,762770
2021-06-01 11:33:40,659.4,762974
2021-06-01 11:33:43,659.4,762974
2021-06-01 11:33:46,659.35,762982
2021-06-01 11:33:48,659.3,763008
2021-06-01 11:33:51,659.4,763028
2021-06-01 11:33:54,659.3,763103
2021-06-01 11:33:56,659.3,763111
2021-06-01 11:33:59,659.3,763252
2021-06-01 11:34:02,659.5,763276
2021-06-01 11:34:04,659.5,763498
2021-06-01 11:34:07,659.5,763498
2021-06-01 11:34:09,659.3,763503
2021-06-01 11:34:12,659.25,763535
2021-06-01 11:34:15,659.3,763596
2021-06-01 11:34:18,659.4,763605
2021-06-01 11:34:21,659.5,765292
2021-06-01 11:34:24,659.4,765295
2021-06-01 11:34:27,659.5,765298
2021-06-01 11:34:30,659.4,765330
2021-06-01 11:34:32,659.25,765465
2021-06-01 11:34:35,659.25,765465
2021-06-01 11:34:38,659.25,765568
2021-06-01 11:34:41,659.25,765589
2021-06-01 11:34:44,659.35,765710
2021-06-01 11:34:48,659.2,765831
2021-06-01 11:34:51,659.25,765990
2021-06-01 11:34:54,659.35,765997
2021-06-01 11:34:59,659.25,766109
2021-06-01 11:35:02,659.25,766224
2021-06-01 11:35:05,659.25,766407
2021-06-01 11:35:07,659.3,766425
2021-06-01 11:35:09,659.05,766580
2021-06-01 11:35:12,659.3,766590
2021-06-01 11:35:14,659.3,766590
2021-06-01 11:35:17,659.25,766600
2021-06-01 11:35:19,659.15,766603
2021-06-01 11:35:23,659.05,766706
2021-06-01 11:35:25,659.0,766774
2021-06-01 11:35:28,659.0,767635
2021-06-01 11:35:31,659.25,767639
2021-06-01 11:35:33,659.15,767644
2021-06-01 11:35:36,659.05,767747
2021-06-01 11:35:41,659.25,768064
2021-06-01 11:35:44,659.25,768064
2021-06-01 11:35:47,659.15,768069
2021-06-01 11:35:49,659.1,768079
2021-06-01 11:35:52,659.3,768393
2021-06-01 11:35:56,659.25,768403
2021-06-01 11:35:59,659.3,768431
2021-06-01 11:36:01,659.3,768440
2021-06-01 11:36:05,659.45,768662
2021-06-01 11:36:08,659.3,768685
2021-06-01 11:36:11,659.3,768685
2021-06-01 11:36:14,659.3,768687
2021-06-01 11:36:17,659.45,768717
2021-06-01 11:36:21,659.45,768717
2021-06-01 11:36:23,659.35,768826
2021-06-01 11:36:26,659.35,768826
2021-06-01 11:36:29,659.35,768826
2021-06-01 11:36:32,659.5,768891
2021-06-01 11:36:34,659.4,768907
2021-06-01 11:36:37,659.4,768956
2021-06-01 11:36:39,659.35,769033
2021-06-01 11:36:42,659.65,769093
2021-06-01 11:36:45,659.35,769124
2021-06-01 11:36:47,659.35,769124
2021-06-01 11:36:50,659.4,769684
2021-06-01 11:36:53,659.4,769708
2021-06-01 11:36:56,659.6,769709
2021-06-01 11:36:58,659.35,769884
2021-06-01 11:37:01,659.35,769884
2021-06-01 11:37:04,659.55,770130
2021-06-01 11:37:06,659.55,770130
2021-06-01 11:37:09,659.55,770176
2021-06-01 11:37:12,659.6,770278
2021-06-01 11:37:14,659.6,770278
2021-06-01 11:37:17,659.4,770341
2021-06-01 11:37:20,659.4,770341
2021-06-01 11:37:23,659.4,770440
2021-06-01 11:37:26,659.4,770440
2021-06-01 11:37:28,659.5,770495
2021-06-01 11:37:34,659.45,770496
2021-06-01 11:37:37,659.4,770612
2021-06-01 11:37:40,659.4,770612
2021-06-01 11:37:46,659.45,770662
2021-06-01 11:37:49,659.45,770683
2021-06-01 11:37:51,659.4,770762
2021-06-01 11:37:54,659.4,770788
2021-06-01 11:37:57,659.35,770797
2021-06-01 11:37:59,659.4,770887
2021-06-01 11:38:02,659.35,770890
2021-06-01 11:38:05,659.4,771120
2021-06-01 11:38:08,659.4,771235
2021-06-01 11:38:11,659.45,771462
2021-06-01 11:38:14,659.45,771463
2021-06-01 11:38:17,659.35,771489
2021-06-01 11:38:20,659.3,771509
2021-06-01 11:38:22,659.3,771583
2021-06-01 11:38:25,659.3,771630
2021-06-01 11:38:28,659.4,771631
2021-06-01 11:38:31,659.6,771781
2021-06-01 11:38:34,659.6,771781
2021-06-01 11:38:36,659.3,771833
2021-06-01 11:38:39,659.55,771900
2021-06-01 11:38:41,659.45,772071
2021-06-01 11:38:44,659.6,772982
2021-06-01 11:38:47,659.55,772983
2021-06-01 11:38:50,659.55,772986
2021-06-01 11:38:53,659.5,773171
2021-06-01 11:38:55,659.6,773173
2021-06-01 11:38:58,659.55,773179
2021-06-01 11:39:01,659.55,773198
2021-06-01 11:39:03,659.55,773198
2021-06-01 11:39:06,659.6,773371
2021-06-01 11:39:09,659.35,773721
2021-06-01 11:39:12,659.45,773746
2021-06-01 11:39:16,659.4,773790
2021-06-01 11:39:20,659.45,773888
2021-06-01 11:39:23,659.45,773903
2021-06-01 11:39:26,659.4,773908
2021-06-01 11:39:29,659.3,773960
2021-06-01 11:39:32,659.4,773997
2021-06-01 11:39:34,659.4,773997
2021-06-01 11:39:38,659.3,774125
2021-06-01 11:39:41,659.2,774230
2021-06-01 11:39:44,659.1,774299
2021-06-01 11:39:48,659.4,787408
2021-06-01 11:39:53,659.4,788552
2021-06-01 11:39:57,659.4,788554
2021-06-01 11:40:00,659.3,788560
