timestamp,ltp,volume
2021-06-01 09:15:56,6665.15,5597
2021-06-01 09:16:03,6660.0,5908
2021-06-01 09:16:10,6659.25,6233
2021-06-01 09:16:17,6665.0,6331
2021-06-01 09:16:24,6665.0,6439
2021-06-01 09:16:30,6661.1,6618
2021-06-01 09:16:37,6650.15,7183
2021-06-01 09:16:43,6650.4,7283
2021-06-01 09:16:50,6653.5,7545
2021-06-01 09:16:56,6653.5,7822
2021-06-01 09:17:03,6654.3,7965
2021-06-01 09:17:09,6650.7,8077
2021-06-01 09:17:15,6646.8,8883
2021-06-01 09:17:22,6641.0,9180
2021-06-01 09:17:28,6641.65,9389
2021-06-01 09:17:35,6642.0,9819
2021-06-01 09:17:41,6640.45,10169
2021-06-01 09:17:48,6640.45,10299
2021-06-01 09:17:55,6646.4,10585
2021-06-01 09:18:01,6644.0,10684
2021-06-01 09:18:08,6644.0,10769
2021-06-01 09:18:14,6644.0,10863
2021-06-01 09:18:21,6648.85,11256
2021-06-01 09:18:27,6653.45,11517
2021-06-01 09:18:34,6650.0,11589
2021-06-01 09:18:40,6649.95,11707
2021-06-01 09:18:47,6656.2,12114
2021-06-01 09:18:53,6660.0,12402
2021-06-01 09:19:00,6660.0,12508
2021-06-01 09:19:06,6651.6,12537
2021-06-01 09:19:13,6657.7,12664
2021-06-01 09:19:19,6657.85,12955
2021-06-01 09:19:25,6657.5,13192
2021-06-01 09:19:32,6659.2,13229
2021-06-01 09:19:38,6658.05,13297
2021-06-01 09:19:44,6651.65,13313
2021-06-01 09:19:50,6654.0,13417
2021-06-01 09:19:56,6653.9,13720
2021-06-01 09:20:03,6651.65,13893
2021-06-01 09:20:09,6654.0,13957
2021-06-01 09:20:15,6652.05,13989
2021-06-01 09:20:22,6650.6,15100
2021-06-01 09:20:28,6653.6,15159
2021-06-01 09:20:34,6653.6,15238
2021-06-01 09:20:40,6652.05,15271
2021-06-01 09:20:47,6648.45,15537
2021-06-01 09:20:59,6653.35,15830
2021-06-01 09:21:05,6649.3,15939
2021-06-01 09:21:11,6647.8,15978
2021-06-01 09:21:18,6645.35,16253
2021-06-01 09:21:23,6640.25,16905
2021-06-01 09:21:29,6640.25,17200
2021-06-01 09:21:35,6636.85,17644
2021-06-01 09:21:39,6635.0,17989
2021-06-01 09:21:40,6632.7,18023
2021-06-01 09:21:41,6637.75,18058
2021-06-01 09:21:42,6635.45,18068
2021-06-01 09:21:43,6635.8,18200
2021-06-01 09:21:44,6635.8,18200
2021-06-01 09:21:45,6640.0,18220
2021-06-01 09:21:46,6631.25,18546
2021-06-01 09:21:47,6635.8,18547
2021-06-01 09:21:48,6636.6,18548
2021-06-01 09:21:49,6636.0,18576
2021-06-01 09:21:50,6636.0,18616
2021-06-01 09:21:51,6636.0,18621
2021-06-01 09:21:52,6635.7,18713
2021-06-01 09:21:53,6635.7,18713
2021-06-01 09:21:54,6636.6,18723
2021-06-01 09:21:55,6633.0,18823
2021-06-01 09:21:56,6635.0,18836
2021-06-01 09:21:57,6635.0,18836
2021-06-01 09:21:58,6635.25,18842
2021-06-01 09:21:59,6635.4,18912
2021-06-01 09:22:00,6635.4,18915
2021-06-01 09:22:01,6635.8,18926
2021-06-01 09:22:03,6632.35,18957
2021-06-01 09:22:03,6637.15,18977
2021-06-01 09:22:04,6637.7,19080
2021-06-01 09:22:06,6637.7,19090
2021-06-01 09:22:06,6637.7,19090
2021-06-01 09:22:07,6637.7,19091
2021-06-01 09:22:08,6637.7,19113
2021-06-01 09:22:09,6637.7,19113
2021-06-01 09:22:10,6635.85,19121
2021-06-01 09:22:11,6635.85,19121
2021-06-01 09:22:12,6635.85,19140
2021-06-01 09:22:13,6635.85,19140
2021-06-01 09:22:14,6637.7,19216
2021-06-01 09:22:15,6636.5,19230
2021-06-01 09:22:17,6639.15,19284
2021-06-01 09:22:18,6637.4,19320
2021-06-01 09:22:20,6637.4,19324
2021-06-01 09:22:21,6638.05,19330
2021-06-01 09:22:22,6642.3,19355
2021-06-01 09:22:23,6640.0,19381
2021-06-01 09:22:24,6642.85,19387
2021-06-01 09:22:24,6642.85,19387
2021-06-01 09:22:25,6643.75,19397
2021-06-01 09:22:26,6643.75,19397
2021-06-01 09:22:27,6643.75,19397
2021-06-01 09:22:28,6644.5,19402
2021-06-01 09:22:29,6644.15,19425
2021-06-01 09:22:30,6644.15,19425
2021-06-01 09:22:31,6644.15,19425
2021-06-01 09:22:32,6644.15,19425
2021-06-01 09:22:33,6648.7,19445
2021-06-01 09:22:34,6648.75,19517
2021-06-01 09:22:35,6648.75,19517
2021-06-01 09:22:36,6648.75,19517
2021-06-01 09:22:37,6648.75,19527
2021-06-01 09:22:38,6648.75,19527
2021-06-01 09:22:39,6648.75,19538
2021-06-01 09:22:40,6648.75,19619
2021-06-01 09:22:41,6648.75,19620
2021-06-01 09:22:42,6648.75,19620
2021-06-01 09:22:45,6650.5,19689
2021-06-01 09:22:46,6650.5,19721
2021-06-01 09:22:47,6650.5,19721
2021-06-01 09:22:48,6655.65,19999
2021-06-01 09:22:50,6660.0,20000
2021-06-01 09:22:51,6654.25,20042
2021-06-01 09:22:52,6654.25,20042
2021-06-01 09:22:53,6658.65,20043
2021-06-01 09:22:54,6654.95,20094
2021-06-01 09:22:55,6655.0,20128
2021-06-01 09:22:56,6655.0,20128
2021-06-01 09:22:57,6658.55,20133
2021-06-01 09:22:58,6655.65,20243
2021-06-01 09:22:59,6655.65,20243
2021-06-01 09:23:00,6655.05,20255
2021-06-01 09:23:02,6657.5,20310
2021-06-01 09:23:01,6657.5,20310
2021-06-01 09:23:03,6657.5,20310
2021-06-01 09:23:05,6655.0,20323
2021-06-01 09:23:06,6654.95,20364
2021-06-01 09:23:07,6659.9,20514
2021-06-01 09:23:08,6654.95,20520
2021-06-01 09:23:09,6654.95,20524
2021-06-01 09:23:10,6654.95,20528
2021-06-01 09:23:11,6654.95,20528
2021-06-01 09:23:11,6654.95,20528
2021-06-01 09:23:12,6654.95,20528
2021-06-01 09:23:13,6653.45,20552
2021-06-01 09:23:14,6651.3,20584
2021-06-01 09:23:15,6655.2,20586
2021-06-01 09:23:16,6654.75,20590
2021-06-01 09:23:17,6654.75,20590
2021-06-01 09:23:18,6652.0,20612
2021-06-01 09:23:19,6654.3,20613
2021-06-01 09:23:20,6654.3,20613
2021-06-01 09:23:22,6654.3,20613
2021-06-01 09:23:23,6650.5,20644
2021-06-01 09:23:24,6649.6,20654
2021-06-01 09:23:24,6649.6,20654
2021-06-01 09:23:25,6652.8,20793
2021-06-01 09:23:26,6654.3,20803
2021-06-01 09:23:27,6654.3,20803
2021-06-01 09:23:28,6654.3,20803
2021-06-01 09:23:29,6654.3,20803
2021-06-01 09:23:30,6653.6,20804
2021-06-01 09:23:31,6650.65,20805
2021-06-01 09:23:32,6650.65,20805
2021-06-01 09:23:33,6650.65,20805
2021-06-01 09:23:34,6650.0,20806
2021-06-01 09:23:36,6653.9,20841
2021-06-01 09:23:37,6653.9,20842
2021-06-01 09:23:38,6650.9,20843
2021-06-01 09:23:39,6653.9,20849
2021-06-01 09:23:40,6653.9,20849
2021-06-01 09:23:41,6653.9,20849
2021-06-01 09:23:42,6653.9,20851
2021-06-01 09:23:43,6653.9,20861
2021-06-01 09:23:44,6654.8,20888
2021-06-01 09:23:45,6653.9,20890
2021-06-01 09:23:46,6655.65,20910
2021-06-01 09:23:47,6651.35,20913
2021-06-01 09:23:48,6651.35,20913
2021-06-01 09:23:49,6655.9,20923
2021-06-01 09:23:50,6655.95,20971
2021-06-01 09:23:51,6658.0,20996
2021-06-01 09:23:52,6658.0,20996
2021-06-01 09:23:53,6658.0,20996
2021-06-01 09:23:54,6660.0,21552
2021-06-01 09:23:55,6660.0,21606
2021-06-01 09:23:56,6660.0,21606
2021-06-01 09:23:57,6657.0,21618
2021-06-01 09:23:58,6657.0,21618
2021-06-01 09:23:59,6657.0,21618
2021-06-01 09:24:00,6657.0,21618
2021-06-01 09:24:01,6658.0,21623
2021-06-01 09:24:02,6658.0,21623
2021-06-01 09:24:03,6658.6,21653
2021-06-01 09:24:04,6658.6,21653
2021-06-01 09:24:05,6658.65,21678
2021-06-01 09:24:06,6658.65,21681
2021-06-01 09:24:07,6658.0,21684
2021-06-01 09:24:08,6658.0,21684
2021-06-01 09:24:09,6658.65,21774
2021-06-01 09:24:10,6658.0,21775
2021-06-01 09:24:11,6658.0,21815
2021-06-01 09:24:12,6658.65,21818
2021-06-01 09:24:13,6658.65,21826
2021-06-01 09:24:15,6658.0,21827
2021-06-01 09:24:16,6658.0,21827
2021-06-01 09:24:17,6658.0,21827
2021-06-01 09:24:18,6658.0,21832
2021-06-01 09:24:19,6657.0,21844
2021-06-01 09:24:20,6657.6,21862
2021-06-01 09:24:21,6655.15,21871
2021-06-01 09:24:22,6655.15,21879
2021-06-01 09:24:23,6655.15,21879
2021-06-01 09:24:24,6657.4,21890
2021-06-01 09:24:25,6657.15,21891
2021-06-01 09:24:26,6657.05,21893
2021-06-01 09:24:28,6656.95,21899
2021-06-01 09:24:29,6656.95,21899
2021-06-01 09:24:29,6656.8,21911
2021-06-01 09:24:30,6656.85,22031
2021-06-01 09:24:31,6656.85,22033
2021-06-01 09:24:33,6657.05,22058
2021-06-01 09:24:34,6656.9,22072
2021-06-01 09:24:35,6660.0,22334
2021-06-01 09:24:36,6668.45,22603
2021-06-01 09:24:37,6667.75,22667
2021-06-01 09:24:38,6666.8,22675
2021-06-01 09:24:39,6666.7,22757
2021-06-01 09:24:39,6666.7,22829
2021-06-01 09:24:40,6669.0,22884
2021-06-01 09:24:41,6668.2,22900
2021-06-01 09:24:42,6668.25,22918
2021-06-01 09:24:43,6669.0,22932
2021-06-01 09:24:44,6669.0,22983
2021-06-01 09:24:45,6670.0,23079
2021-06-01 09:24:46,6670.0,23082
2021-06-01 09:24:48,6670.0,23493
2021-06-01 09:24:49,6670.0,23534
2021-06-01 09:24:50,6669.65,23566
2021-06-01 09:24:52,6670.0,23659
2021-06-01 09:24:52,6670.0,23659
2021-06-01 09:24:53,6670.0,23659
2021-06-01 09:24:55,6673.15,24891
2021-06-01 09:24:55,6673.15,24891
2021-06-01 09:24:56,6672.35,25040
2021-06-01 09:24:57,6672.35,25040
2021-06-01 09:24:58,6675.1,25206
2021-06-01 09:24:59,6675.75,25242
2021-06-01 09:25:01,6679.1,25382
2021-06-01 09:25:03,6679.7,25397
2021-06-01 09:25:04,6680.0,25436
2021-06-01 09:25:05,6680.05,25654
2021-06-01 09:25:06,6680.2,25658
2021-06-01 09:25:07,6682.1,25758
2021-06-01 09:25:08,6682.1,25764
2021-06-01 09:25:09,6684.65,25938
2021-06-01 09:25:10,6684.65,25938
2021-06-01 09:25:11,6684.65,25978
2021-06-01 09:25:12,6684.6,25983
2021-06-01 09:25:13,6684.65,26036
2021-06-01 09:25:14,6684.65,26057
2021-06-01 09:25:15,6683.3,26113
2021-06-01 09:25:16,6686.95,26114
2021-06-01 09:25:16,6686.95,26114
2021-06-01 09:25:17,6682.2,26228
2021-06-01 09:25:18,6686.95,26353
2021-06-01 09:25:19,6686.95,26454
2021-06-01 09:25:21,6682.85,26531
2021-06-01 09:25:21,6678.9,26622
2021-06-01 09:25:23,6678.9,26622
2021-06-01 09:25:23,6681.9,26628
2021-06-01 09:25:24,6679.1,26636
2021-06-01 09:25:26,6679.15,26665
2021-06-01 09:25:27,6680.7,26685
2021-06-01 09:25:28,6677.3,26690
2021-06-01 09:25:30,6673.05,26758
2021-06-01 09:25:31,6670.0,26861
2021-06-01 09:25:32,6672.95,26922
2021-06-01 09:25:33,6675.35,26995
2021-06-01 09:25:34,6671.85,27076
2021-06-01 09:25:35,6674.45,27174
2021-06-01 09:25:37,6674.95,27186
2021-06-01 09:25:38,6674.75,27202
2021-06-01 09:25:40,6671.15,27257
2021-06-01 09:25:41,6671.05,27274
2021-06-01 09:25:42,6673.65,27351
2021-06-01 09:25:43,6674.45,27352
2021-06-01 09:25:44,6671.95,27381
2021-06-01 09:25:45,6674.95,27440
2021-06-01 09:25:46,6677.0,27455
2021-06-01 09:25:47,6677.0,27497
2021-06-01 09:25:48,6675.2,27505
2021-06-01 09:25:49,6680.0,27593
2021-06-01 09:25:50,6682.75,27612
2021-06-01 09:25:50,6683.35,27644
2021-06-01 09:25:51,6684.85,27705
2021-06-01 09:25:52,6685.0,27742
2021-06-01 09:25:53,6682.15,27820
2021-06-01 09:25:54,6685.0,27828
2021-06-01 09:25:55,6685.0,27937
2021-06-01 09:25:56,6685.0,27937
2021-06-01 09:25:57,6689.0,28228
2021-06-01 09:25:58,6689.5,28250
2021-06-01 09:26:00,6687.7,28311
2021-06-01 09:26:01,6689.75,28373
2021-06-01 09:26:02,6690.0,28445
2021-06-01 09:26:03,6690.0,28521
2021-06-01 09:26:04,6689.75,28802
2021-06-01 09:26:04,6689.75,28802
2021-06-01 09:26:05,6689.0,28806
2021-06-01 09:26:06,6686.45,29013
2021-06-01 09:26:07,6686.0,29021
2021-06-01 09:26:09,6686.0,29021
2021-06-01 09:26:10,6689.5,29062
2021-06-01 09:26:10,6689.0,29101
2021-06-01 09:26:11,6689.0,29112
2021-06-01 09:26:12,6689.0,29112
2021-06-01 09:26:13,6689.5,29119
2021-06-01 09:26:14,6687.45,29164
2021-06-01 09:26:15,6689.5,29174
2021-06-01 09:26:16,6690.0,29359
2021-06-01 09:26:18,6694.35,29462
2021-06-01 09:26:19,6690.25,29598
2021-06-01 09:26:20,6693.3,29725
2021-06-01 09:26:21,6693.3,29725
2021-06-01 09:26:22,6690.85,29748
2021-06-01 09:26:23,6690.9,29762
2021-06-01 09:26:24,6693.55,29796
2021-06-01 09:26:25,6693.85,29837
2021-06-01 09:26:26,6689.2,29990
2021-06-01 09:26:27,6693.0,29991
2021-06-01 09:26:28,6693.0,29991
2021-06-01 09:26:29,6693.0,29991
2021-06-01 09:26:30,6693.85,30021
2021-06-01 09:26:31,6693.85,30025
2021-06-01 09:26:31,6693.85,30025
2021-06-01 09:26:32,6694.35,30050
2021-06-01 09:26:34,6695.0,30066
2021-06-01 09:26:35,6691.75,30079
2021-06-01 09:26:36,6695.0,30083
2021-06-01 09:26:37,6694.0,30090
2021-06-01 09:26:38,6692.3,30098
2021-06-01 09:26:39,6690.9,30160
2021-06-01 09:26:39,6694.0,30163
2021-06-01 09:26:40,6693.0,30173
2021-06-01 09:26:41,6693.0,30204
2021-06-01 09:26:42,6692.0,30217
2021-06-01 09:26:43,6694.0,30331
2021-06-01 09:26:44,6694.0,30331
2021-06-01 09:26:46,6694.0,30337
2021-06-01 09:26:47,6694.0,30361
2021-06-01 09:26:48,6692.0,30599
2021-06-01 09:26:49,6691.0,30639
2021-06-01 09:26:50,6695.0,30744
2021-06-01 09:26:51,6693.3,30754
2021-06-01 09:26:53,6694.05,30942
2021-06-01 09:26:54,6694.05,30993
2021-06-01 09:26:55,6695.6,31026
2021-06-01 09:26:56,6693.0,31078
2021-06-01 09:26:57,6693.0,31078
2021-06-01 09:26:58,6696.55,31093
2021-06-01 09:26:59,6696.8,31134
2021-06-01 09:27:00,6694.05,31144
2021-06-01 09:27:01,6696.9,31148
2021-06-01 09:27:02,6696.9,31148
2021-06-01 09:27:03,6697.0,31284
2021-06-01 09:27:04,6699.0,31286
2021-06-01 09:27:05,6694.85,31288
2021-06-01 09:27:06,6694.85,31288
2021-06-01 09:27:07,6695.9,31318
2021-06-01 09:27:08,6695.9,31318
2021-06-01 09:27:08,6695.9,31319
2021-06-01 09:27:09,6694.85,31329
2021-06-01 09:27:10,6694.85,31329
2021-06-01 09:27:11,6694.85,31329
2021-06-01 09:27:13,6694.85,31386
2021-06-01 09:27:14,6694.85,31389
2021-06-01 09:27:15,6691.6,31403
2021-06-01 09:27:16,6690.0,31793
2021-06-01 09:27:17,6690.0,31828
2021-06-01 09:27:18,6690.0,31828
2021-06-01 09:27:19,6692.8,31883
2021-06-01 09:27:20,6694.7,31892
2021-06-01 09:27:21,6692.8,31910
2021-06-01 09:27:22,6692.8,31919
2021-06-01 09:27:22,6692.8,31919
2021-06-01 09:27:23,6692.8,31959
2021-06-01 09:27:24,6692.8,31963
2021-06-01 09:27:25,6692.8,31965
2021-06-01 09:27:26,6692.8,31965
2021-06-01 09:27:27,6692.8,31973
2021-06-01 09:27:28,6690.05,31976
2021-06-01 09:27:29,6690.05,31976
2021-06-01 09:27:31,6693.0,32063
2021-06-01 09:27:32,6693.3,32502
2021-06-01 09:27:33,6693.3,32502
2021-06-01 09:27:34,6689.55,32517
2021-06-01 09:27:35,6689.55,32589
2021-06-01 09:27:36,6691.95,32657
2021-06-01 09:27:37,6691.95,32676
2021-06-01 09:27:38,6692.0,32703
2021-06-01 09:27:39,6692.8,32817
2021-06-01 09:27:40,6692.0,33259
2021-06-01 09:27:40,6692.0,33260
2021-06-01 09:27:41,6692.0,33266
2021-06-01 09:27:43,6692.0,33316
2021-06-01 09:27:44,6692.0,33406
2021-06-01 09:27:45,6692.0,33407
2021-06-01 09:27:46,6692.8,33417
2021-06-01 09:27:47,6692.8,33422
2021-06-01 09:27:48,6692.8,33422
2021-06-01 09:27:49,6693.0,33427
2021-06-01 09:27:50,6693.0,33432
2021-06-01 09:27:51,6693.05,33435
2021-06-01 09:27:52,6694.85,33445
2021-06-01 09:27:53,6694.95,33458
2021-06-01 09:27:54,6694.95,33460
2021-06-01 09:27:54,6694.95,33461
2021-06-01 09:27:55,6695.0,33490
2021-06-01 09:27:57,6695.9,33493
2021-06-01 09:27:58,6695.9,33494
2021-06-01 09:27:59,6693.15,33553
2021-06-01 09:28:00,6693.0,33557
2021-06-01 09:28:01,6695.9,33560
2021-06-01 09:28:02,6695.9,33560
2021-06-01 09:28:03,6695.85,33572
2021-06-01 09:28:04,6693.0,33583
2021-06-01 09:28:05,6693.05,33633
2021-06-01 09:28:06,6693.0,33649
2021-06-01 09:28:06,6693.0,33649
2021-06-01 09:28:08,6695.85,33650
2021-06-01 09:28:09,6695.85,33653
2021-06-01 09:28:10,6693.0,33695
2021-06-01 09:28:11,6692.6,33723
2021-06-01 09:28:12,6692.6,33723
2021-06-01 09:28:13,6695.8,33732
2021-06-01 09:28:16,6695.0,33843
2021-06-01 09:28:17,6693.7,33859
2021-06-01 09:28:18,6693.7,33859
2021-06-01 09:28:19,6695.0,33876
2021-06-01 09:28:20,6695.0,33879
2021-06-01 09:28:21,6693.5,33898
2021-06-01 09:28:22,6693.5,33898
2021-06-01 09:28:23,6693.5,33898
2021-06-01 09:28:24,6693.5,33931
2021-06-01 09:28:24,6693.5,33931
2021-06-01 09:28:26,6691.55,33998
2021-06-01 09:28:27,6691.6,34133
2021-06-01 09:28:28,6690.05,34211
2021-06-01 09:28:29,6685.2,34291
2021-06-01 09:28:30,6685.0,34295
2021-06-01 09:28:31,6685.0,34295
2021-06-01 09:28:32,6683.4,34395
2021-06-01 09:28:33,6683.4,34395
2021-06-01 09:28:34,6683.4,34395
2021-06-01 09:28:35,6689.75,34415
2021-06-01 09:28:36,6689.6,34436
2021-06-01 09:28:37,6689.6,34436
2021-06-01 09:28:38,6684.3,34451
2021-06-01 09:28:39,6684.35,34468
2021-06-01 09:28:40,6684.35,34468
2021-06-01 09:28:41,6688.4,34476
2021-06-01 09:28:42,6688.35,34482
2021-06-01 09:28:43,6685.0,34486
2021-06-01 09:28:44,6683.45,34501
2021-06-01 09:28:45,6683.45,34505
2021-06-01 09:28:46,6681.0,34521
2021-06-01 09:28:47,6681.0,34528
2021-06-01 09:28:48,6681.0,34528
2021-06-01 09:28:49,6681.0,34528
2021-06-01 09:28:50,6680.65,34539
2021-06-01 09:28:51,6680.3,34567
2021-06-01 09:28:52,6680.3,34567
2021-06-01 09:28:53,6680.3,34567
2021-06-01 09:28:54,6680.65,34650
2021-06-01 09:28:55,6680.3,34693
2021-06-01 09:28:56,6680.0,34711
2021-06-01 09:28:57,6680.5,34750
2021-06-01 09:28:58,6677.4,34810
2021-06-01 09:28:59,6680.5,34837
2021-06-01 09:29:00,6677.75,34844
2021-06-01 09:29:01,6680.5,34870
2021-06-01 09:29:02,6680.5,34919
2021-06-01 09:29:03,6680.5,34919
2021-06-01 09:29:05,6680.6,35002
2021-06-01 09:29:07,6681.0,35088
2021-06-01 09:29:08,6676.6,35222
2021-06-01 09:29:09,6676.6,35222
2021-06-01 09:29:10,6677.25,35238
2021-06-01 09:29:11,6677.25,35238
2021-06-01 09:29:12,6676.4,35318
2021-06-01 09:29:14,6676.4,35318
2021-06-01 09:29:15,6679.5,35336
2021-06-01 09:29:16,6679.5,35336
2021-06-01 09:29:17,6679.5,35336
2021-06-01 09:29:18,6680.45,35419
2021-06-01 09:29:19,6680.05,35454
2021-06-01 09:29:20,6680.5,35471
2021-06-01 09:29:21,6679.55,35479
2021-06-01 09:29:22,6684.95,35648
2021-06-01 09:29:23,6687.9,35681
2021-06-01 09:29:24,6684.65,35685
2021-06-01 09:29:25,6687.05,35738
2021-06-01 09:29:26,6683.2,35755
2021-06-01 09:29:27,6683.2,35755
2021-06-01 09:29:28,6683.2,35755
2021-06-01 09:29:29,6682.25,35770
2021-06-01 09:29:30,6685.85,35773
2021-06-01 09:29:31,6685.35,35774
2021-06-01 09:29:32,6685.4,35777
2021-06-01 09:29:34,6684.9,35778
2021-06-01 09:29:35,6684.45,35779
2021-06-01 09:29:36,6683.3,35783
2021-06-01 09:29:37,6683.3,35783
2021-06-01 09:29:38,6683.3,35783
2021-06-01 09:29:39,6683.65,35784
2021-06-01 09:29:40,6683.65,35877
2021-06-01 09:29:41,6683.85,35883
2021-06-01 09:29:42,6683.85,35883
2021-06-01 09:29:43,6683.85,35883
2021-06-01 09:29:44,6683.55,35950
2021-06-01 09:29:45,6684.0,35977
2021-06-01 09:29:46,6684.0,35977
2021-06-01 09:29:47,6684.0,35997
2021-06-01 09:29:48,6685.85,36004
2021-06-01 09:29:49,6684.05,36005
2021-06-01 09:29:51,6685.85,36033
2021-06-01 09:29:52,6687.0,36034
2021-06-01 09:29:53,6687.0,36035
2021-06-01 09:29:54,6687.0,36040
2021-06-01 09:29:55,6687.0,36040
2021-06-01 09:29:57,6684.35,36056
2021-06-01 09:29:58,6687.0,36057
2021-06-01 09:29:59,6684.25,36074
2021-06-01 09:30:00,6684.25,36074
2021-06-01 09:30:01,6686.95,36081
2021-06-01 09:30:02,6684.35,36084
2021-06-01 09:30:03,6684.35,36085
2021-06-01 09:30:04,6684.35,36087
2021-06-01 09:30:05,6684.35,36088
2021-06-01 09:30:06,6684.35,36089
2021-06-01 09:30:07,6684.35,36089
2021-06-01 09:30:08,6685.9,36263
2021-06-01 09:30:09,6688.35,36269
2021-06-01 09:30:10,6688.35,36269
2021-06-01 09:30:11,6688.85,36271
2021-06-01 09:30:12,6688.9,36423
2021-06-01 09:30:13,6688.35,36426
2021-06-01 09:30:14,6687.0,36476
2021-06-01 09:30:15,6687.0,36477
2021-06-01 09:30:16,6687.1,36512
2021-06-01 09:30:17,6690.0,36538
2021-06-01 09:30:18,6692.6,36558
2021-06-01 09:30:19,6693.3,36601
2021-06-01 09:30:20,6692.6,36632
2021-06-01 09:30:21,6692.6,36632
2021-06-01 09:30:22,6692.05,36640
2021-06-01 09:30:23,6692.05,36640
2021-06-01 09:30:24,6692.05,36647
2021-06-01 09:30:25,6688.55,36649
2021-06-01 09:30:27,6691.15,36657
2021-06-01 09:30:28,6690.7,36660
2021-06-01 09:30:29,6690.7,36661
2021-06-01 09:30:30,6690.0,36714
2021-06-01 09:30:31,6690.0,36714
2021-06-01 09:30:32,6690.0,36714
2021-06-01 09:30:33,6690.0,36714
2021-06-01 09:30:34,6689.55,36725
2021-06-01 09:30:35,6689.55,36825
2021-06-01 09:30:36,6685.35,36937
2021-06-01 09:30:37,6685.6,36941
2021-06-01 09:30:38,6685.6,36941
2021-06-01 09:30:39,6689.2,36959
2021-06-01 09:30:40,6689.2,36981
2021-06-01 09:30:41,6691.0,37011
2021-06-01 09:30:42,6692.0,37022
2021-06-01 09:30:44,6692.0,37027
2021-06-01 09:30:45,6692.0,37033
2021-06-01 09:30:46,6692.0,37039
2021-06-01 09:30:47,6690.1,37600
2021-06-01 09:30:48,6692.0,37618
2021-06-01 09:30:49,6692.0,37618
2021-06-01 09:30:50,6690.1,37628
2021-06-01 09:30:50,6692.0,37673
2021-06-01 09:30:51,6692.05,37684
2021-06-01 09:30:53,6690.1,37827
2021-06-01 09:30:54,6693.85,37849
2021-06-01 09:30:55,6690.15,37914
2021-06-01 09:30:56,6690.15,37914
2021-06-01 09:30:57,6693.4,37939
2021-06-01 09:30:58,6693.2,37966
2021-06-01 09:31:00,6694.95,38086
2021-06-01 09:31:01,6694.95,38086
2021-06-01 09:31:02,6694.5,38092
2021-06-01 09:31:03,6694.5,38092
2021-06-01 09:31:04,6694.05,38104
2021-06-01 09:31:05,6694.05,38106
2021-06-01 09:31:06,6694.05,38106
2021-06-01 09:31:07,6693.3,38108
2021-06-01 09:31:08,6693.3,38108
2021-06-01 09:31:10,6693.3,38110
2021-06-01 09:31:11,6693.3,38111
2021-06-01 09:31:12,6693.3,38111
2021-06-01 09:31:13,6693.3,38111
2021-06-01 09:31:14,6693.3,38116
2021-06-01 09:31:15,6693.3,38116
2021-06-01 09:31:15,6693.3,38116
2021-06-01 09:31:16,6690.1,38136
2021-06-01 09:31:17,6690.1,38136
2021-06-01 09:31:18,6690.1,38141
2021-06-01 09:31:19,6692.05,38144
2021-06-01 09:31:20,6692.05,38154
2021-06-01 09:31:21,6692.05,38164
2021-06-01 09:31:22,6692.05,38164
2021-06-01 09:31:23,6692.05,38165
2021-06-01 09:31:24,6692.05,38167
2021-06-01 09:31:26,6692.05,38304
2021-06-01 09:31:27,6692.0,38305
2021-06-01 09:31:28,6691.95,38342
2021-06-01 09:31:29,6692.0,38397
2021-06-01 09:31:31,6691.55,38428
2021-06-01 09:31:32,6691.1,38480
2021-06-01 09:31:34,6691.55,38501
2021-06-01 09:31:34,6691.55,38501
2021-06-01 09:31:35,6691.8,38507
2021-06-01 09:31:36,6691.85,38682
2021-06-01 09:31:37,6692.0,38683
2021-06-01 09:31:38,6691.85,38686
2021-06-01 09:31:40,6692.55,38776
2021-06-01 09:31:41,6692.55,38776
2021-06-01 09:31:42,6692.85,38792
2021-06-01 09:31:43,6692.0,38828
2021-06-01 09:31:44,6690.1,38861
2021-06-01 09:31:45,6692.0,38904
2021-06-01 09:31:46,6696.85,39369
2021-06-01 09:31:47,6694.0,39450
2021-06-01 09:31:48,6694.0,39454
2021-06-01 09:31:49,6694.0,39482
2021-06-01 09:31:50,6694.0,39482
2021-06-01 09:31:51,6698.8,39633
2021-06-01 09:31:53,6699.15,41122
2021-06-01 09:31:54,6702.9,41123
2021-06-01 09:31:55,6703.7,41201
2021-06-01 09:31:56,6703.7,41201
2021-06-01 09:31:56,6707.9,41250
2021-06-01 09:31:57,6709.0,41286
2021-06-01 09:31:59,6709.9,41398
2021-06-01 09:31:59,6710.0,41469
2021-06-01 09:32:00,6711.0,41479
2021-06-01 09:32:01,6711.05,41974
2021-06-01 09:32:02,6718.0,42156
2021-06-01 09:32:03,6715.05,42220
2021-06-01 09:32:04,6717.4,42263
2021-06-01 09:32:05,6717.4,42290
2021-06-01 09:32:06,6717.5,42295
2021-06-01 09:32:08,6711.6,42447
2021-06-01 09:32:09,6717.45,42549
2021-06-01 09:32:11,6713.8,42550
2021-06-01 09:32:12,6715.05,42581
2021-06-01 09:32:16,6708.35,42689
2021-06-01 09:32:17,6709.8,42746
2021-06-01 09:32:18,6709.95,42753
2021-06-01 09:32:18,6709.95,42753
2021-06-01 09:32:19,6709.95,42753
2021-06-01 09:32:20,6709.5,42790
2021-06-01 09:32:21,6709.5,42846
2021-06-01 09:32:22,6709.5,42846
2021-06-01 09:32:23,6705.7,42850
2021-06-01 09:32:24,6705.7,42855
2021-06-01 09:32:25,6705.5,42934
2021-06-01 09:32:26,6708.5,42943
2021-06-01 09:32:27,6704.0,42945
2021-06-01 09:32:28,6708.95,42961
2021-06-01 09:32:29,6704.75,42995
2021-06-01 09:32:30,6705.7,43012
2021-06-01 09:32:32,6704.2,43022
2021-06-01 09:32:32,6704.2,43022
2021-06-01 09:32:33,6704.2,43030
2021-06-01 09:32:34,6704.2,43030
2021-06-01 09:32:35,6705.75,43071
2021-06-01 09:32:36,6705.75,43074
2021-06-01 09:32:37,6704.2,43077
2021-06-01 09:32:38,6704.2,43081
2021-06-01 09:32:39,6705.75,43086
2021-06-01 09:32:40,6705.75,43086
2021-06-01 09:32:41,6704.85,43111
2021-06-01 09:32:42,6704.85,43130
2021-06-01 09:32:43,6704.85,43131
2021-06-01 09:32:44,6704.85,43131
2021-06-01 09:32:46,6703.05,43264
2021-06-01 09:32:47,6705.0,43267
2021-06-01 09:32:47,6703.0,43414
2021-06-01 09:32:49,6703.0,43414
2021-06-01 09:32:49,6703.0,43414
2021-06-01 09:32:51,6699.85,43493
2021-06-01 09:32:52,6701.55,43496
2021-06-01 09:32:53,6701.55,43496
2021-06-01 09:32:54,6699.75,43498
2021-06-01 09:32:55,6701.15,43513
2021-06-01 09:32:56,6699.25,43524
2021-06-01 09:32:57,6699.25,43524
2021-06-01 09:32:59,6701.1,43537
2021-06-01 09:33:01,6701.1,43595
2021-06-01 09:33:02,6699.0,43610
2021-06-01 09:33:03,6699.0,43610
2021-06-01 09:33:04,6699.0,43656
2021-06-01 09:33:05,6700.65,43670
2021-06-01 09:33:06,6698.9,43685
2021-06-01 09:33:06,6698.35,43694
2021-06-01 09:33:07,6698.35,43694
2021-06-01 09:33:08,6699.0,43748
2021-06-01 09:33:09,6699.5,43761
2021-06-01 09:33:10,6699.5,43761
2021-06-01 09:33:12,6699.25,43787
2021-06-01 09:33:13,6699.25,43790
2021-06-01 09:33:14,6699.0,43817
2021-06-01 09:33:15,6695.05,43830
2021-06-01 09:33:16,6695.05,43830
2021-06-01 09:33:16,6695.05,43830
2021-06-01 09:33:17,6693.95,43885
2021-06-01 09:33:19,6695.8,43934
2021-06-01 09:33:20,6696.0,43963
2021-06-01 09:33:21,6696.5,44032
2021-06-01 09:33:21,6696.5,44032
2021-06-01 09:33:22,6699.0,44041
2021-06-01 09:33:23,6699.0,44041
2021-06-01 09:33:24,6699.0,44255
2021-06-01 09:33:25,6695.35,44316
2021-06-01 09:33:26,6695.35,44316
2021-06-01 09:33:27,6694.95,44329
2021-06-01 09:33:28,6697.95,44393
2021-06-01 09:33:29,6693.6,44397
2021-06-01 09:33:30,6697.2,44428
2021-06-01 09:33:31,6697.2,44429
2021-06-01 09:33:33,6696.75,44444
2021-06-01 09:33:33,6696.75,44444
2021-06-01 09:33:35,6694.55,44473
2021-06-01 09:33:36,6694.0,44486
2021-06-01 09:33:37,6695.0,44488
2021-06-01 09:33:37,6695.0,44488
2021-06-01 09:33:39,6695.0,44502
2021-06-01 09:33:39,6695.0,44502
2021-06-01 09:33:40,6695.0,44502
2021-06-01 09:33:41,6695.0,44502
2021-06-01 09:33:42,6695.0,44505
2021-06-01 09:33:43,6695.0,44505
2021-06-01 09:33:44,6695.0,44529
2021-06-01 09:33:45,6692.7,44533
2021-06-01 09:33:47,6692.7,44537
2021-06-01 09:33:48,6695.0,44543
2021-06-01 09:33:48,6693.2,44547
2021-06-01 09:33:50,6692.7,44591
2021-06-01 09:33:50,6692.7,44591
2021-06-01 09:33:52,6692.7,44595
2021-06-01 09:33:52,6694.55,44612
2021-06-01 09:33:53,6694.55,44636
2021-06-01 09:33:54,6694.55,44636
2021-06-01 09:33:56,6692.7,44644
2021-06-01 09:33:57,6694.55,44659
2021-06-01 09:33:57,6694.55,44659
2021-06-01 09:33:58,6691.65,44675
2021-06-01 09:33:59,6691.65,44675
2021-06-01 09:34:01,6694.3,44700
2021-06-01 09:34:03,6694.3,44701
2021-06-01 09:34:04,6693.85,44703
2021-06-01 09:34:04,6693.85,44703
2021-06-01 09:34:05,6692.7,44704
2021-06-01 09:34:06,6693.4,44705
2021-06-01 09:34:07,6692.0,45105
2021-06-01 09:34:08,6693.3,45112
2021-06-01 09:34:09,6693.3,45112
2021-06-01 09:34:11,6693.45,45202
2021-06-01 09:34:12,6693.4,45204
2021-06-01 09:34:13,6693.4,45204
2021-06-01 09:34:14,6693.4,45222
2021-06-01 09:34:15,6692.0,45288
2021-06-01 09:34:16,6692.0,45288
2021-06-01 09:34:17,6692.0,45307
2021-06-01 09:34:18,6693.55,45336
2021-06-01 09:34:20,6693.55,45336
2021-06-01 09:34:21,6693.5,45340
2021-06-01 09:34:22,6693.5,45346
2021-06-01 09:34:23,6693.5,45346
2021-06-01 09:34:24,6693.5,45346
2021-06-01 09:34:25,6690.9,45349
2021-06-01 09:34:27,6690.9,45349
2021-06-01 09:34:27,6690.9,45349
2021-06-01 09:34:29,6690.9,45349
2021-06-01 09:34:30,6689.0,45617
2021-06-01 09:34:31,6688.0,45642
2021-06-01 09:34:32,6690.75,45643
2021-06-01 09:34:33,6688.0,45658
2021-06-01 09:34:34,6690.6,45685
2021-06-01 09:34:35,6690.5,45688
2021-06-01 09:34:37,6690.5,45691
2021-06-01 09:34:38,6688.0,45698
2021-06-01 09:34:39,6686.1,45702
2021-06-01 09:34:40,6689.45,45727
2021-06-01 09:34:41,6689.5,45827
2021-06-01 09:34:42,6690.0,45839
2021-06-01 09:34:43,6690.0,45840
2021-06-01 09:34:44,6690.0,45846
2021-06-01 09:34:45,6693.55,45890
2021-06-01 09:34:46,6694.0,45891
2021-06-01 09:34:48,6697.2,45892
2021-06-01 09:34:49,6697.75,45905
2021-06-01 09:34:50,6697.4,45911
2021-06-01 09:34:51,6697.6,45953
2021-06-01 09:34:51,6697.6,45953
2021-06-01 09:34:52,6692.7,45986
2021-06-01 09:34:53,6692.7,45986
2021-06-01 09:34:54,6697.2,46003
2021-06-01 09:34:55,6697.2,46003
2021-06-01 09:34:57,6695.0,46006
2021-06-01 09:34:59,6695.0,46006
2021-06-01 09:35:00,6695.0,46006
2021-06-01 09:35:01,6695.7,46009
2021-06-01 09:35:02,6695.7,46009
2021-06-01 09:35:03,6695.7,46009
2021-06-01 09:35:04,6695.7,46009
2021-06-01 09:35:04,6692.0,46016
2021-06-01 09:35:05,6691.65,46017
2021-06-01 09:35:07,6695.45,46069
2021-06-01 09:35:09,6695.35,46070
2021-06-01 09:35:09,6694.45,46103
2021-06-01 09:35:10,6694.45,46111
2021-06-01 09:35:12,6694.45,46115
2021-06-01 09:35:13,6694.45,46121
2021-06-01 09:35:14,6694.35,46123
2021-06-01 09:35:16,6690.25,46127
2021-06-01 09:35:17,6690.25,46127
2021-06-01 09:35:18,6690.25,46127
2021-06-01 09:35:19,6694.1,46128
2021-06-01 09:35:20,6694.1,46128
2021-06-01 09:35:21,6694.1,46128
2021-06-01 09:35:21,6690.9,46143
2021-06-01 09:35:22,6690.9,46152
2021-06-01 09:35:24,6690.0,46198
2021-06-01 09:35:25,6690.0,46220
2021-06-01 09:35:26,6687.4,46247
2021-06-01 09:35:27,6686.6,46260
2021-06-01 09:35:28,6686.6,46260
2021-06-01 09:35:29,6686.55,46275
2021-06-01 09:35:29,6686.55,46275
2021-06-01 09:35:30,6689.1,46278
2021-06-01 09:35:31,6689.1,46278
2021-06-01 09:35:32,6689.1,46286
2021-06-01 09:35:33,6689.1,46286
2021-06-01 09:35:34,6688.0,46304
2021-06-01 09:35:35,6688.0,46304
2021-06-01 09:35:36,6688.0,46305
2021-06-01 09:35:37,6688.0,46322
2021-06-01 09:35:39,6688.0,46386
2021-06-01 09:35:40,6689.2,46411
2021-06-01 09:35:41,6688.55,46427
2021-06-01 09:35:42,6690.0,46440
2021-06-01 09:35:43,6690.45,46503
2021-06-01 09:35:45,6690.45,46503
2021-06-01 09:35:46,6690.45,46503
2021-06-01 09:35:47,6693.6,46516
2021-06-01 09:35:47,6693.6,46516
2021-06-01 09:35:48,6693.6,46516
2021-06-01 09:35:49,6693.6,46516
2021-06-01 09:35:50,6693.15,46518
2021-06-01 09:35:52,6693.15,46518
2021-06-01 09:35:53,6693.15,46518
2021-06-01 09:35:54,6692.25,46519
2021-06-01 09:35:55,6692.25,46519
2021-06-01 09:35:56,6692.25,46519
2021-06-01 09:35:57,6692.25,46519
2021-06-01 09:35:58,6692.25,46519
2021-06-01 09:35:58,6692.25,46519
2021-06-01 09:35:59,6692.25,46519
2021-06-01 09:36:01,6692.25,46519
2021-06-01 09:36:02,6690.95,46554
2021-06-01 09:36:03,6692.0,46609
2021-06-01 09:36:04,6691.1,46611
2021-06-01 09:36:04,6691.1,46625
2021-06-01 09:36:06,6693.8,46643
2021-06-01 09:36:06,6693.8,46643
2021-06-01 09:36:07,6693.8,46646
2021-06-01 09:36:08,6693.8,46646
2021-06-01 09:36:09,6693.4,46661
2021-06-01 09:36:11,6693.25,46720
2021-06-01 09:36:12,6691.0,46735
2021-06-01 09:36:12,6691.0,46735
2021-06-01 09:36:13,6691.0,46735
2021-06-01 09:36:14,6692.8,46747
2021-06-01 09:36:17,6693.8,46752
2021-06-01 09:36:18,6693.8,46755
2021-06-01 09:36:19,6693.8,46757
2021-06-01 09:36:21,6693.8,46758
2021-06-01 09:36:22,6691.0,46768
2021-06-01 09:36:22,6691.0,46768
2021-06-01 09:36:24,6693.8,46769
2021-06-01 09:36:25,6693.8,46769
2021-06-01 09:36:26,6693.8,46771
2021-06-01 09:36:27,6693.8,46771
2021-06-01 09:36:28,6693.8,46771
2021-06-01 09:36:29,6693.8,46771
2021-06-01 09:36:29,6693.8,46771
2021-06-01 09:36:31,6692.8,46795
2021-06-01 09:36:31,6692.8,46795
2021-06-01 09:36:32,6692.8,46795
2021-06-01 09:36:33,6692.7,46797
2021-06-01 09:36:35,6692.6,46802
2021-06-01 09:36:36,6692.6,46802
2021-06-01 09:36:37,6692.4,46803
2021-06-01 09:36:38,6692.4,46803
2021-06-01 09:36:39,6688.45,46858
2021-06-01 09:36:40,6689.8,46859
2021-06-01 09:36:41,6688.0,46885
2021-06-01 09:36:42,6688.0,46895
2021-06-01 09:36:43,6685.0,46909
2021-06-01 09:36:43,6685.0,46909
2021-06-01 09:36:44,6684.65,46999
2021-06-01 09:36:45,6685.6,47009
2021-06-01 09:36:46,6685.6,47009
2021-06-01 09:36:48,6684.7,47040
2021-06-01 09:36:48,6684.7,47040
2021-06-01 09:36:49,6682.2,47061
2021-06-01 09:36:50,6682.2,47061
2021-06-01 09:36:51,6682.2,47061
2021-06-01 09:36:52,6682.2,47061
2021-06-01 09:36:53,6683.35,47065
2021-06-01 09:36:54,6683.35,47065
2021-06-01 09:36:55,6683.35,47065
2021-06-01 09:36:56,6683.35,47065
2021-06-01 09:36:59,6682.0,47126
2021-06-01 09:37:00,6681.95,47127
2021-06-01 09:37:01,6682.0,47131
2021-06-01 09:37:02,6682.0,47142
2021-06-01 09:37:03,6682.0,47147
2021-06-01 09:37:04,6682.0,47148
2021-06-01 09:37:05,6682.0,47150
2021-06-01 09:37:05,6682.0,47150
2021-06-01 09:37:06,6682.0,47151
2021-06-01 09:37:07,6682.0,47166
2021-06-01 09:37:09,6682.0,47189
2021-06-01 09:37:10,6682.0,47241
2021-06-01 09:37:12,6682.0,47245
2021-06-01 09:37:13,6682.0,47253
2021-06-01 09:37:13,6682.0,47263
2021-06-01 09:37:14,6682.0,47263
2021-06-01 09:37:16,6682.0,47264
2021-06-01 09:37:17,6682.0,47273
2021-06-01 09:37:18,6682.0,47273
2021-06-01 09:37:19,6682.0,47273
2021-06-01 09:37:20,6682.0,47273
2021-06-01 09:37:21,6681.0,47296
2021-06-01 09:37:22,6681.0,47296
2021-06-01 09:37:22,6681.0,47296
2021-06-01 09:37:24,6681.0,47296
2021-06-01 09:37:25,6682.0,47300
2021-06-01 09:37:26,6682.0,47300
2021-06-01 09:37:27,6681.05,47312
2021-06-01 09:37:28,6682.0,47318
2021-06-01 09:37:29,6682.0,47319
2021-06-01 09:37:30,6682.0,47323
2021-06-01 09:37:31,6682.0,47325
2021-06-01 09:37:31,6682.0,47327
2021-06-01 09:37:33,6682.0,47327
2021-06-01 09:37:33,6680.0,47430
2021-06-01 09:37:34,6679.0,47443
2021-06-01 09:37:35,6679.0,47456
2021-06-01 09:37:37,6677.0,47468
2021-06-01 09:37:38,6677.0,47468
2021-06-01 09:37:39,6677.0,47468
2021-06-01 09:37:40,6677.0,47468
2021-06-01 09:37:41,6677.7,47470
2021-06-01 09:37:42,6677.7,47470
2021-06-01 09:37:43,6677.7,47470
2021-06-01 09:37:44,6677.7,47470
2021-06-01 09:37:45,6677.0,47480
2021-06-01 09:37:46,6677.1,47515
2021-06-01 09:37:47,6677.2,47550
2021-06-01 09:37:48,6677.2,47552
2021-06-01 09:37:49,6677.2,47573
2021-06-01 09:37:50,6677.2,47579
2021-06-01 09:37:53,6676.15,47584
2021-06-01 09:37:54,6676.15,47584
2021-06-01 09:37:55,6677.0,47585
2021-06-01 09:37:55,6676.15,47584
2021-06-01 09:37:56,6677.0,47593
2021-06-01 09:37:57,6677.0,47593
2021-06-01 09:37:58,6677.0,47620
2021-06-01 09:37:59,6677.0,47623
2021-06-01 09:38:00,6677.0,47625
2021-06-01 09:38:01,6677.0,47625
2021-06-01 09:38:02,6678.15,47850
2021-06-01 09:38:03,6679.15,47863
2021-06-01 09:38:05,6681.05,47872
2021-06-01 09:38:06,6681.55,47918
2021-06-01 09:38:07,6681.55,47923
2021-06-01 09:38:08,6681.55,47923
2021-06-01 09:38:09,6682.0,47925
2021-06-01 09:38:10,6680.05,47952
2021-06-01 09:38:11,6680.05,47952
2021-06-01 09:38:12,6680.05,47952
2021-06-01 09:38:13,6680.05,47952
2021-06-01 09:38:14,6680.05,47952
2021-06-01 09:38:15,6680.05,47952
2021-06-01 09:38:16,6680.05,47952
2021-06-01 09:38:17,6680.05,47979
2021-06-01 09:38:18,6680.05,47979
2021-06-01 09:38:19,6682.0,47989
2021-06-01 09:38:20,6682.0,47989
2021-06-01 09:38:21,6677.65,47990
2021-06-01 09:38:22,6677.65,47994
2021-06-01 09:38:23,6677.65,47994
2021-06-01 09:38:24,6677.65,47994
2021-06-01 09:38:25,6677.65,47994
2021-06-01 09:38:26,6677.65,47994
2021-06-01 09:38:29,6677.0,47995
2021-06-01 09:38:30,6677.0,47995
2021-06-01 09:38:32,6677.0,47995
2021-06-01 09:38:33,6677.0,47995
2021-06-01 09:38:33,6677.0,48007
2021-06-01 09:38:34,6677.0,48007
2021-06-01 09:38:37,6670.0,48476
2021-06-01 09:38:38,6670.0,48530
2021-06-01 09:38:39,6671.45,48531
2021-06-01 09:38:41,6670.0,48605
2021-06-01 09:38:41,6670.0,48605
2021-06-01 09:38:43,6670.0,48659
2021-06-01 09:38:44,6672.5,49059
2021-06-01 09:38:45,6674.4,49097
2021-06-01 09:38:46,6677.85,49129
2021-06-01 09:38:46,6677.85,49129
2021-06-01 09:38:47,6677.0,49133
2021-06-01 09:38:48,6675.3,49147
2021-06-01 09:38:49,6675.3,49147
2021-06-01 09:38:51,6675.3,49147
2021-06-01 09:38:52,6678.85,49148
2021-06-01 09:38:53,6678.85,49148
2021-06-01 09:38:54,6678.85,49148
2021-06-01 09:38:55,6675.45,49149
2021-06-01 09:38:56,6675.4,49161
2021-06-01 09:38:56,6675.4,49161
2021-06-01 09:38:58,6675.4,49161
2021-06-01 09:38:59,6675.4,49161
2021-06-01 09:39:00,6675.4,49161
2021-06-01 09:39:01,6675.95,49171
2021-06-01 09:39:03,6676.0,49535
2021-06-01 09:39:04,6676.0,49535
2021-06-01 09:39:05,6676.0,49535
2021-06-01 09:39:07,6678.5,49548
2021-06-01 09:39:09,6678.5,49548
2021-06-01 09:39:10,6678.5,49548
2021-06-01 09:39:11,6678.5,49548
2021-06-01 09:39:12,6678.5,49548
2021-06-01 09:39:13,6678.5,49548
2021-06-01 09:39:14,6676.0,49579
2021-06-01 09:39:15,6676.0,49579
2021-06-01 09:39:16,6676.0,49581
2021-06-01 09:39:17,6676.0,49581
2021-06-01 09:39:18,6676.0,49605
2021-06-01 09:39:19,6680.0,50725
2021-06-01 09:39:20,6679.3,50848
2021-06-01 09:39:21,6672.85,51032
2021-06-01 09:39:22,6678.8,51033
2021-06-01 09:39:23,6678.8,51033
2021-06-01 09:39:24,6678.8,51033
2021-06-01 09:39:25,6678.8,51033
2021-06-01 09:39:26,6678.8,51033
2021-06-01 09:39:27,6673.6,51271
2021-06-01 09:39:28,6673.65,51272
2021-06-01 09:39:29,6672.5,51407
2021-06-01 09:39:30,6672.5,51407
2021-06-01 09:39:32,6679.6,52013
2021-06-01 09:39:31,6679.6,52013
2021-06-01 09:39:33,6679.6,52013
2021-06-01 09:39:34,6675.6,52084
2021-06-01 09:39:35,6674.6,52111
2021-06-01 09:39:36,6674.6,52111
2021-06-01 09:39:37,6674.6,52111
2021-06-01 09:39:38,6674.85,52127
2021-06-01 09:39:39,6678.1,52139
2021-06-01 09:39:40,6675.0,52339
2021-06-01 09:39:41,6675.0,52461
2021-06-01 09:39:42,6675.0,52461
2021-06-01 09:39:43,6678.0,52686
2021-06-01 09:39:44,6678.0,52686
2021-06-01 09:39:45,6678.0,52686
2021-06-01 09:39:46,6678.0,52822
2021-06-01 09:39:47,6678.0,52867
2021-06-01 09:39:48,6679.0,52967
2021-06-01 09:39:49,6679.0,52967
2021-06-01 09:39:51,6679.0,52967
2021-06-01 09:39:52,6679.0,52967
2021-06-01 09:39:53,6679.0,52967
2021-06-01 09:39:54,6679.0,52967
2021-06-01 09:39:56,6680.1,52977
2021-06-01 09:39:57,6680.1,53012
2021-06-01 09:39:58,6680.1,53012
2021-06-01 09:39:59,6680.1,53012
2021-06-01 09:40:00,6680.1,53012
2021-06-01 09:40:01,6680.1,53035
2021-06-01 09:40:02,6680.1,53035
2021-06-01 09:40:03,6680.0,53042
2021-06-01 09:40:04,6680.0,53536
2021-06-01 09:40:05,6680.0,53536
2021-06-01 09:40:06,6680.0,53536
2021-06-01 09:40:08,6680.0,53536
2021-06-01 09:40:09,6680.0,53536
2021-06-01 09:40:10,6680.0,53536
2021-06-01 09:40:12,6680.0,53536
2021-06-01 09:40:13,6680.0,53569
2021-06-01 09:40:15,6680.25,53617
2021-06-01 09:40:16,6680.0,53676
2021-06-01 09:40:17,6680.0,53676
2021-06-01 09:40:18,6680.0,53676
2021-06-01 09:40:19,6680.0,53676
2021-06-01 09:40:20,6679.0,54783
2021-06-01 09:40:21,6679.0,54783
2021-06-01 09:40:22,6678.0,54831
2021-06-01 09:40:23,6678.0,54899
2021-06-01 09:40:24,6678.0,54899
2021-06-01 09:40:25,6678.0,55396
2021-06-01 09:40:26,6678.0,55746
2021-06-01 09:40:27,6680.9,56409
2021-06-01 09:40:28,6680.0,56464
2021-06-01 09:40:29,6680.0,56464
2021-06-01 09:40:30,6680.0,56464
2021-06-01 09:40:31,6680.0,56464
2021-06-01 09:40:32,6680.0,56464
2021-06-01 09:40:33,6683.5,56566
2021-06-01 09:40:34,6680.0,56809
2021-06-01 09:40:35,6680.0,56809
2021-06-01 09:40:36,6680.0,57258
2021-06-01 09:40:37,6680.0,57258
2021-06-01 09:40:38,6680.0,57258
2021-06-01 09:40:39,6680.0,57258
2021-06-01 09:40:40,6680.0,57258
2021-06-01 09:40:41,6680.0,57258
2021-06-01 09:40:42,6680.0,57258
2021-06-01 09:40:43,6680.0,57258
2021-06-01 09:40:45,6681.2,57704
2021-06-01 09:40:46,6680.25,57863
2021-06-01 09:40:47,6680.25,57863
2021-06-01 09:40:48,6680.25,57863
2021-06-01 09:40:49,6683.05,57963
2021-06-01 09:40:50,6683.05,57963
2021-06-01 09:40:52,6683.05,57963
2021-06-01 09:40:53,6682.0,58169
2021-06-01 09:40:54,6680.0,58392
2021-06-01 09:40:55,6680.0,58392
2021-06-01 09:40:56,6677.05,58504
2021-06-01 09:40:57,6677.05,58504
2021-06-01 09:40:58,6675.0,58507
2021-06-01 09:40:59,6675.1,58523
2021-06-01 09:41:01,6676.55,58629
2021-06-01 09:41:00,6674.95,58618
2021-06-01 09:41:02,6676.45,58634
2021-06-01 09:41:03,6674.0,58645
2021-06-01 09:41:04,6674.0,58645
2021-06-01 09:41:05,6672.6,58647
2021-06-01 09:41:06,6675.55,58847
2021-06-01 09:41:07,6674.95,58889
2021-06-01 09:41:08,6672.1,58899
2021-06-01 09:41:09,6670.5,59445
2021-06-01 09:41:10,6672.2,59450
2021-06-01 09:41:11,6667.0,59496
2021-06-01 09:41:12,6668.0,59592
2021-06-01 09:41:13,6665.0,59951
2021-06-01 09:41:14,6667.25,59981
2021-06-01 09:41:15,6667.25,59981
2021-06-01 09:41:16,6666.95,59999
2021-06-01 09:41:17,6665.0,60006
2021-06-01 09:41:18,6663.0,60011
2021-06-01 09:41:19,6662.2,60076
2021-06-01 09:41:20,6662.2,60076
2021-06-01 09:41:22,6662.2,60076
2021-06-01 09:41:23,6663.9,60083
2021-06-01 09:41:23,6663.9,60083
2021-06-01 09:41:24,6663.45,60093
2021-06-01 09:41:25,6663.45,60103
2021-06-01 09:41:26,6663.45,60103
2021-06-01 09:41:29,6660.8,60256
2021-06-01 09:41:30,6660.25,60264
2021-06-01 09:41:31,6657.6,60394
2021-06-01 09:41:32,6657.6,60394
2021-06-01 09:41:33,6657.6,60394
2021-06-01 09:41:34,6657.0,60404
2021-06-01 09:41:36,6655.15,60875
2021-06-01 09:41:36,6655.15,60875
2021-06-01 09:41:37,6655.15,60875
2021-06-01 09:41:38,6656.55,60955
2021-06-01 09:41:39,6659.4,61056
2021-06-01 09:41:40,6660.0,61156
2021-06-01 09:41:41,6655.0,61325
2021-06-01 09:41:42,6653.0,61426
2021-06-01 09:41:43,6651.0,61540
2021-06-01 09:41:44,6651.0,61569
2021-06-01 09:41:45,6651.0,61575
2021-06-01 09:41:46,6651.0,61575
2021-06-01 09:41:47,6653.95,61582
2021-06-01 09:41:48,6651.0,61636
2021-06-01 09:41:49,6653.95,61652
2021-06-01 09:41:50,6652.0,61677
2021-06-01 09:41:51,6654.0,61680
2021-06-01 09:41:52,6654.0,61680
2021-06-01 09:41:53,6654.0,61681
2021-06-01 09:41:54,6654.0,61682
2021-06-01 09:41:55,6650.0,61821
2021-06-01 09:41:56,6653.7,61827
2021-06-01 09:41:57,6653.7,61827
2021-06-01 09:41:58,6654.0,61953
2021-06-01 09:42:01,6650.4,62016
2021-06-01 09:42:02,6650.4,62016
2021-06-01 09:42:03,6650.4,62016
2021-06-01 09:42:04,6651.15,62026
2021-06-01 09:42:05,6654.0,62029
2021-06-01 09:42:06,6654.0,62034
2021-06-01 09:42:07,6653.95,62037
2021-06-01 09:42:09,6653.95,62088
2021-06-01 09:42:10,6653.95,62088
2021-06-01 09:42:10,6653.95,62088
2021-06-01 09:42:11,6653.9,62089
2021-06-01 09:42:12,6653.9,62092
2021-06-01 09:42:13,6653.9,62092
2021-06-01 09:42:14,6653.9,62092
2021-06-01 09:42:15,6653.9,62143
2021-06-01 09:42:16,6653.9,62143
2021-06-01 09:42:17,6653.9,62147
2021-06-01 09:42:18,6653.9,62167
2021-06-01 09:42:19,6653.9,62169
2021-06-01 09:42:20,6653.9,62169
2021-06-01 09:42:21,6653.9,62175
2021-06-01 09:42:22,6653.85,62178
2021-06-01 09:42:23,6653.85,62178
2021-06-01 09:42:24,6653.85,62200
2021-06-01 09:42:25,6653.85,62210
2021-06-01 09:42:26,6653.85,62213
2021-06-01 09:42:27,6653.85,62234
2021-06-01 09:42:28,6653.85,62240
2021-06-01 09:42:29,6653.85,62241
2021-06-01 09:42:30,6653.85,62242
2021-06-01 09:42:31,6653.85,62242
2021-06-01 09:42:32,6653.85,62242
2021-06-01 09:42:33,6651.2,62248
2021-06-01 09:42:34,6653.45,62254
2021-06-01 09:42:35,6653.45,62254
2021-06-01 09:42:36,6652.95,62274
2021-06-01 09:42:37,6652.95,62315
2021-06-01 09:42:38,6652.95,62364
2021-06-01 09:42:39,6652.95,62378
2021-06-01 09:42:40,6652.95,62378
2021-06-01 09:42:41,6652.95,62400
2021-06-01 09:42:43,6652.95,62403
2021-06-01 09:42:43,6652.95,62404
2021-06-01 09:42:44,6652.95,62404
2021-06-01 09:42:45,6651.5,62430
2021-06-01 09:42:46,6651.5,62430
2021-06-01 09:42:47,6651.5,62430
2021-06-01 09:42:48,6651.5,62430
2021-06-01 09:42:49,6652.95,62431
2021-06-01 09:42:50,6652.95,62431
2021-06-01 09:42:52,6652.95,62431
2021-06-01 09:42:51,6652.95,62431
2021-06-01 09:42:53,6654.65,62623
2021-06-01 09:42:54,6654.65,62623
2021-06-01 09:42:55,6656.2,62639
2021-06-01 09:42:56,6656.2,62661
2021-06-01 09:42:57,6656.2,62661
2021-06-01 09:42:58,6656.2,62661
2021-06-01 09:42:59,6656.2,62663
2021-06-01 09:43:01,6656.2,62683
2021-06-01 09:43:02,6656.1,62694
2021-06-01 09:43:02,6656.1,62694
2021-06-01 09:43:03,6655.85,62700
2021-06-01 09:43:04,6651.5,62742
2021-06-01 09:43:06,6651.5,62742
2021-06-01 09:43:07,6651.5,62742
2021-06-01 09:43:07,6651.5,62742
2021-06-01 09:43:08,6654.5,62784
2021-06-01 09:43:10,6654.45,62795
2021-06-01 09:43:11,6654.5,62818
2021-06-01 09:43:12,6655.25,62848
2021-06-01 09:43:13,6656.2,62900
2021-06-01 09:43:14,6656.65,62980
2021-06-01 09:43:15,6656.65,62981
2021-06-01 09:43:16,6656.15,63102
2021-06-01 09:43:17,6656.15,63102
2021-06-01 09:43:18,6656.15,63102
2021-06-01 09:43:19,6654.5,63133
2021-06-01 09:43:20,6654.5,63133
2021-06-01 09:43:21,6654.5,63133
2021-06-01 09:43:22,6656.3,63148
2021-06-01 09:43:23,6656.5,63170
2021-06-01 09:43:24,6656.5,63182
2021-06-01 09:43:25,6656.2,63282
2021-06-01 09:43:26,6656.2,63282
2021-06-01 09:43:28,6656.35,63287
2021-06-01 09:43:28,6656.35,63292
2021-06-01 09:43:29,6656.35,63292
2021-06-01 09:43:30,6656.35,63292
2021-06-01 09:43:31,6656.35,63292
2021-06-01 09:43:32,6656.35,63334
2021-06-01 09:43:33,6655.9,63336
2021-06-01 09:43:34,6655.9,63349
2021-06-01 09:43:35,6655.9,63349
2021-06-01 09:43:36,6654.85,63391
2021-06-01 09:43:37,6656.35,63392
2021-06-01 09:43:38,6656.35,63392
2021-06-01 09:43:39,6656.35,63392
2021-06-01 09:43:40,6656.35,63417
2021-06-01 09:43:41,6656.35,63417
2021-06-01 09:43:42,6656.35,63417
2021-06-01 09:43:43,6656.35,63461
2021-06-01 09:43:45,6660.0,63462
2021-06-01 09:43:45,6660.0,63467
2021-06-01 09:43:46,6660.0,63468
2021-06-01 09:43:47,6660.0,63475
2021-06-01 09:43:49,6660.0,63475
2021-06-01 09:43:49,6660.0,63475
2021-06-01 09:43:50,6660.0,63475
2021-06-01 09:43:51,6660.0,63553
2021-06-01 09:43:52,6660.0,63553
2021-06-01 09:43:53,6660.0,63553
2021-06-01 09:43:55,6662.35,63557
2021-06-01 09:43:56,6662.35,63558
2021-06-01 09:43:57,6662.35,63558
2021-06-01 09:43:58,6662.35,63558
2021-06-01 09:43:58,6662.35,63558
2021-06-01 09:43:59,6662.35,63625
2021-06-01 09:44:00,6662.35,63625
2021-06-01 09:44:01,6662.35,63625
2021-06-01 09:44:02,6662.35,63625
2021-06-01 09:44:03,6660.0,63748
2021-06-01 09:44:04,6662.75,63753
2021-06-01 09:44:05,6662.75,63753
2021-06-01 09:44:06,6662.75,63753
2021-06-01 09:44:07,6662.95,63759
2021-06-01 09:44:08,6662.95,63760
2021-06-01 09:44:10,6662.95,63762
2021-06-01 09:44:11,6662.95,63763
2021-06-01 09:44:12,6662.95,63764
2021-06-01 09:44:14,6660.05,63768
2021-06-01 09:44:15,6663.4,63867
2021-06-01 09:44:15,6660.05,63772
2021-06-01 09:44:16,6658.05,63912
2021-06-01 09:44:17,6661.15,63913
2021-06-01 09:44:18,6661.15,63913
2021-06-01 09:44:19,6660.7,63916
2021-06-01 09:44:20,6656.25,64678
2021-06-01 09:44:21,6656.5,64682
2021-06-01 09:44:22,6656.5,64682
2021-06-01 09:44:23,6656.25,64692
2021-06-01 09:44:24,6656.3,64730
2021-06-01 09:44:25,6657.2,64733
2021-06-01 09:44:26,6655.0,64734
2021-06-01 09:44:27,6655.0,64745
2021-06-01 09:44:28,6656.6,64746
2021-06-01 09:44:30,6656.9,64756
2021-06-01 09:44:31,6656.85,64757
2021-06-01 09:44:32,6656.85,64757
2021-06-01 09:44:33,6657.3,64758
2021-06-01 09:44:34,6656.6,64815
2021-06-01 09:44:35,6656.6,64815
2021-06-01 09:44:36,6656.6,64815
2021-06-01 09:44:37,6656.6,64815
2021-06-01 09:44:38,6657.6,64920
2021-06-01 09:44:39,6657.6,64920
2021-06-01 09:44:40,6657.6,64920
2021-06-01 09:44:41,6657.0,64921
2021-06-01 09:44:42,6657.0,64921
2021-06-01 09:44:43,6657.0,64921
2021-06-01 09:44:44,6657.7,64925
2021-06-01 09:44:45,6657.7,64925
2021-06-01 09:44:46,6657.65,64927
2021-06-01 09:44:47,6657.65,64927
2021-06-01 09:44:48,6657.65,64927
2021-06-01 09:44:49,6657.65,64952
2021-06-01 09:44:51,6657.65,64956
2021-06-01 09:44:52,6657.7,64971
2021-06-01 09:44:53,6658.05,64998
2021-06-01 09:44:54,6658.05,64998
2021-06-01 09:44:55,6658.05,64999
2021-06-01 09:44:57,6658.05,65150
2021-06-01 09:44:58,6658.05,65150
2021-06-01 09:44:59,6655.0,65153
2021-06-01 09:45:00,6658.05,65210
2021-06-01 09:45:01,6658.05,65210
2021-06-01 09:45:02,6658.05,65210
2021-06-01 09:45:04,6658.05,65229
2021-06-01 09:45:05,6658.05,65229
2021-06-01 09:45:06,6658.05,65229
2021-06-01 09:45:07,6658.4,65234
2021-06-01 09:45:07,6658.4,65234
2021-06-01 09:45:08,6658.4,65234
2021-06-01 09:45:09,6658.4,65234
2021-06-01 09:45:10,6659.95,65235
2021-06-01 09:45:11,6659.95,65235
2021-06-01 09:45:12,6658.4,65240
2021-06-01 09:45:13,6658.4,65240
2021-06-01 09:45:14,6658.4,65240
2021-06-01 09:45:15,6658.4,65240
2021-06-01 09:45:16,6658.4,65252
2021-06-01 09:45:17,6658.4,65252
2021-06-01 09:45:18,6660.0,65302
2021-06-01 09:45:19,6660.0,65302
2021-06-01 09:45:20,6659.9,65312
2021-06-01 09:45:21,6658.4,65317
2021-06-01 09:45:23,6658.4,65317
2021-06-01 09:45:24,6658.4,65317
2021-06-01 09:45:25,6658.4,65317
2021-06-01 09:45:26,6660.15,65443
2021-06-01 09:45:26,6660.15,65443
2021-06-01 09:45:27,6660.15,65443
2021-06-01 09:45:28,6660.15,65443
2021-06-01 09:45:29,6660.15,65449
2021-06-01 09:45:30,6660.15,65459
2021-06-01 09:45:31,6660.15,65459
2021-06-01 09:45:32,6660.25,65529
2021-06-01 09:45:34,6658.5,65532
2021-06-01 09:45:34,6659.95,65557
2021-06-01 09:45:35,6658.5,65559
2021-06-01 09:45:36,6661.35,65664
2021-06-01 09:45:38,6661.35,65674
2021-06-01 09:45:38,6661.35,65674
2021-06-01 09:45:39,6661.3,65679
2021-06-01 09:45:40,6661.35,65784
2021-06-01 09:45:41,6661.35,65785
2021-06-01 09:45:43,6661.35,65785
2021-06-01 09:45:44,6661.35,65792
2021-06-01 09:45:45,6661.35,65792
2021-06-01 09:45:46,6661.35,65807
2021-06-01 09:45:46,6661.35,65807
2021-06-01 09:45:47,6661.35,65818
2021-06-01 09:45:48,6661.35,65818
2021-06-01 09:45:50,6660.25,65873
2021-06-01 09:45:50,6661.0,65883
2021-06-01 09:45:51,6660.75,65884
2021-06-01 09:45:52,6660.75,65884
2021-06-01 09:45:54,6660.75,65902
2021-06-01 09:45:55,6660.75,65902
2021-06-01 09:45:55,6660.75,65903
2021-06-01 09:45:56,6658.5,65904
2021-06-01 09:45:57,6660.75,65905
2021-06-01 09:45:59,6660.75,65905
2021-06-01 09:45:59,6660.75,65905
2021-06-01 09:46:00,6660.75,65905
2021-06-01 09:46:02,6660.75,65936
2021-06-01 09:46:03,6660.75,65941
2021-06-01 09:46:04,6660.75,65946
2021-06-01 09:46:04,6660.75,65941
2021-06-01 09:46:05,6660.75,65948
2021-06-01 09:46:06,6660.75,65948
2021-06-01 09:46:07,6660.75,65948
2021-06-01 09:46:08,6660.75,65948
2021-06-01 09:46:09,6659.3,65954
2021-06-01 09:46:10,6659.3,65954
2021-06-01 09:46:11,6659.3,65954
2021-06-01 09:46:12,6658.5,66025
2021-06-01 09:46:13,6658.5,66025
2021-06-01 09:46:14,6658.5,66025
2021-06-01 09:46:15,6659.3,66028
2021-06-01 09:46:16,6658.0,66038
2021-06-01 09:46:18,6659.3,66048
2021-06-01 09:46:19,6659.3,66048
2021-06-01 09:46:20,6659.3,66058
2021-06-01 09:46:21,6659.3,66084
2021-06-01 09:46:21,6659.3,66085
2021-06-01 09:46:22,6658.5,66105
2021-06-01 09:46:23,6659.3,66106
2021-06-01 09:46:24,6659.3,66117
2021-06-01 09:46:25,6659.3,66117
2021-06-01 09:46:26,6658.8,66118
2021-06-01 09:46:27,6658.75,66144
2021-06-01 09:46:28,6658.75,66144
2021-06-01 09:46:29,6658.75,66144
2021-06-01 09:46:30,6656.0,66146
2021-06-01 09:46:31,6658.2,66147
2021-06-01 09:46:32,6656.0,66176
2021-06-01 09:46:33,6656.0,66176
2021-06-01 09:46:35,6656.0,66176
2021-06-01 09:46:36,6655.0,66277
2021-06-01 09:46:37,6657.7,66286
2021-06-01 09:46:38,6657.7,66286
2021-06-01 09:46:38,6657.7,66316
2021-06-01 09:46:39,6659.3,66822
2021-06-01 09:46:40,6659.3,66822
2021-06-01 09:46:41,6659.15,66874
2021-06-01 09:46:42,6659.05,66875
2021-06-01 09:46:43,6659.3,66952
2021-06-01 09:46:45,6659.1,66954
2021-06-01 09:46:47,6655.15,66968
2021-06-01 09:46:48,6655.15,66968
2021-06-01 09:46:49,6655.15,66968
2021-06-01 09:46:50,6659.05,66969
2021-06-01 09:46:51,6659.05,66969
2021-06-01 09:46:53,6659.05,66969
2021-06-01 09:46:53,6659.05,66969
2021-06-01 09:46:55,6659.05,66974
2021-06-01 09:46:55,6659.05,66974
2021-06-01 09:46:56,6659.05,66974
2021-06-01 09:46:57,6659.05,66974
2021-06-01 09:46:58,6659.05,66974
2021-06-01 09:47:00,6659.05,66974
2021-06-01 09:47:01,6659.05,66976
2021-06-01 09:47:02,6659.05,66976
2021-06-01 09:47:03,6659.05,66983
2021-06-01 09:47:04,6659.05,66983
2021-06-01 09:47:04,6659.05,66984
2021-06-01 09:47:06,6659.05,66988
2021-06-01 09:47:07,6659.05,67003
2021-06-01 09:47:08,6659.05,67003
2021-06-01 09:47:09,6656.35,67025
2021-06-01 09:47:10,6659.3,67028
2021-06-01 09:47:11,6659.3,67028
2021-06-01 09:47:12,6659.3,67032
2021-06-01 09:47:13,6659.3,67032
2021-06-01 09:47:14,6659.3,67083
2021-06-01 09:47:14,6659.3,67083
2021-06-01 09:47:16,6659.3,67083
2021-06-01 09:47:17,6659.3,67083
2021-06-01 09:47:18,6659.3,67085
2021-06-01 09:47:19,6659.3,67085
2021-06-01 09:47:20,6659.3,67135
2021-06-01 09:47:22,6659.05,67136
2021-06-01 09:47:23,6659.3,67139
2021-06-01 09:47:23,6659.3,67139
2021-06-01 09:47:24,6659.3,67139
2021-06-01 09:47:25,6659.3,67139
2021-06-01 09:47:27,6659.3,67144
2021-06-01 09:47:28,6659.3,67144
2021-06-01 09:47:28,6659.3,67144
2021-06-01 09:47:30,6659.3,67313
2021-06-01 09:47:31,6659.1,67326
2021-06-01 09:47:32,6657.9,67347
2021-06-01 09:47:33,6657.9,67347
2021-06-01 09:47:35,6659.3,67348
2021-06-01 09:47:36,6659.3,67348
2021-06-01 09:47:37,6659.3,67349
2021-06-01 09:47:38,6659.3,67349
2021-06-01 09:47:39,6659.3,67349
2021-06-01 09:47:40,6659.3,67349
2021-06-01 09:47:41,6659.3,67349
2021-06-01 09:47:42,6659.3,67349
2021-06-01 09:47:43,6659.3,67349
2021-06-01 09:47:44,6659.45,67369
2021-06-01 09:47:45,6659.8,67371
2021-06-01 09:47:46,6659.8,67371
2021-06-01 09:47:47,6657.9,67383
2021-06-01 09:47:48,6659.45,67385
2021-06-01 09:47:49,6659.45,67387
2021-06-01 09:47:49,6659.45,67387
2021-06-01 09:47:51,6659.45,67387
2021-06-01 09:47:52,6659.45,67388
2021-06-01 09:47:54,6659.45,67388
2021-06-01 09:47:55,6659.0,67488
2021-06-01 09:47:56,6659.0,67488
2021-06-01 09:47:57,6659.0,67498
2021-06-01 09:47:58,6659.0,67498
2021-06-01 09:47:58,6659.0,67503
2021-06-01 09:48:00,6659.0,67503
2021-06-01 09:48:01,6659.0,67503
2021-06-01 09:48:02,6659.0,67504
2021-06-01 09:48:02,6659.0,67504
2021-06-01 09:48:03,6659.0,67504
2021-06-01 09:48:04,6658.0,67505
2021-06-01 09:48:06,6659.0,67506
2021-06-01 09:48:07,6659.0,67508
2021-06-01 09:48:08,6659.0,67538
2021-06-01 09:48:09,6659.0,67538
2021-06-01 09:48:10,6659.0,67538
2021-06-01 09:48:11,6659.0,67542
2021-06-01 09:48:12,6659.0,67542
2021-06-01 09:48:13,6659.0,67542
2021-06-01 09:48:14,6659.0,67543
2021-06-01 09:48:15,6658.0,67545
2021-06-01 09:48:16,6656.0,67718
2021-06-01 09:48:16,6656.0,67718
2021-06-01 09:48:19,6656.0,67748
2021-06-01 09:48:20,6659.0,67768
2021-06-01 09:48:21,6659.0,67768
2021-06-01 09:48:22,6659.0,67775
2021-06-01 09:48:23,6656.15,67776
2021-06-01 09:48:24,6659.0,67777
2021-06-01 09:48:25,6659.0,67778
2021-06-01 09:48:26,6659.0,67778
2021-06-01 09:48:26,6658.95,67779
2021-06-01 09:48:28,6659.0,67783
2021-06-01 09:48:29,6659.0,67785
2021-06-01 09:48:30,6659.0,67785
2021-06-01 09:48:31,6659.0,67786
2021-06-01 09:48:32,6659.0,67786
2021-06-01 09:48:33,6659.0,67787
2021-06-01 09:48:34,6659.0,67787
2021-06-01 09:48:35,6659.0,67788
2021-06-01 09:48:37,6659.0,67788
2021-06-01 09:48:38,6659.0,67799
2021-06-01 09:48:39,6659.0,67801
2021-06-01 09:48:40,6659.0,67801
2021-06-01 09:48:41,6659.0,67801
2021-06-01 09:48:42,6659.0,67802
2021-06-01 09:48:43,6659.0,67805
2021-06-01 09:48:44,6659.0,67806
2021-06-01 09:48:45,6659.0,67823
2021-06-01 09:48:47,6659.0,67825
2021-06-01 09:48:46,6659.0,67823
2021-06-01 09:48:48,6659.0,67837
2021-06-01 09:48:49,6659.0,67840
2021-06-01 09:48:50,6657.1,67843
2021-06-01 09:48:51,6659.0,67849
2021-06-01 09:48:52,6659.0,67851
2021-06-01 09:48:53,6659.0,67852
2021-06-01 09:48:53,6659.0,67852
2021-06-01 09:48:54,6659.0,67852
2021-06-01 09:48:56,6659.0,67852
2021-06-01 09:48:57,6659.0,67858
2021-06-01 09:48:58,6659.0,67858
2021-06-01 09:48:59,6659.0,67858
2021-06-01 09:49:00,6659.0,67858
2021-06-01 09:49:01,6659.0,67858
2021-06-01 09:49:02,6659.0,67858
2021-06-01 09:49:03,6659.0,67858
2021-06-01 09:49:05,6659.0,67865
2021-06-01 09:49:04,6659.0,67865
2021-06-01 09:49:06,6659.0,67868
2021-06-01 09:49:07,6659.0,67868
2021-06-01 09:49:08,6659.0,67868
2021-06-01 09:49:09,6659.0,67868
2021-06-01 09:49:10,6659.0,67868
2021-06-01 09:49:11,6660.95,67922
2021-06-01 09:49:12,6659.6,67937
2021-06-01 09:49:13,6659.6,67937
2021-06-01 09:49:14,6661.2,67938
2021-06-01 09:49:15,6661.1,67939
2021-06-01 09:49:17,6661.1,67939
2021-06-01 09:49:18,6661.1,67939
2021-06-01 09:49:19,6661.1,67939
2021-06-01 09:49:20,6661.1,67939
2021-06-01 09:49:22,6660.7,67940
2021-06-01 09:49:23,6660.7,67940
2021-06-01 09:49:24,6660.7,67940
2021-06-01 09:49:25,6659.7,68060
2021-06-01 09:49:27,6659.9,68066
2021-06-01 09:49:28,6660.0,68172
2021-06-01 09:49:29,6660.35,68177
2021-06-01 09:49:30,6660.0,68202
2021-06-01 09:49:31,6654.25,68692
2021-06-01 09:49:32,6651.5,68740
2021-06-01 09:49:33,6651.5,68740
2021-06-01 09:49:34,6653.65,68744
2021-06-01 09:49:35,6654.1,68797
2021-06-01 09:49:36,6653.95,68800
2021-06-01 09:49:37,6651.5,68837
2021-06-01 09:49:38,6653.5,68844
2021-06-01 09:49:39,6653.5,68844
2021-06-01 09:49:40,6651.0,68884
2021-06-01 09:49:41,6650.2,68922
2021-06-01 09:49:42,6652.0,68988
2021-06-01 09:49:43,6652.0,68998
2021-06-01 09:49:44,6653.5,69188
2021-06-01 09:49:45,6654.9,69191
2021-06-01 09:49:46,6655.0,69203
2021-06-01 09:49:47,6655.25,69206
2021-06-01 09:49:48,6657.5,69226
2021-06-01 09:49:49,6653.4,69238
2021-06-01 09:49:50,6655.8,69244
2021-06-01 09:49:51,6655.8,69244
2021-06-01 09:49:52,6655.8,69244
2021-06-01 09:49:53,6657.7,69245
2021-06-01 09:49:54,6657.7,69245
2021-06-01 09:49:55,6657.7,69245
2021-06-01 09:49:56,6654.2,69376
2021-06-01 09:49:57,6654.2,69376
2021-06-01 09:49:58,6654.2,69376
2021-06-01 09:49:59,6657.25,69383
2021-06-01 09:50:00,6657.25,69385
2021-06-01 09:50:01,6657.25,69484
2021-06-01 09:50:02,6657.25,69484
2021-06-01 09:50:03,6657.25,69484
2021-06-01 09:50:04,6661.25,69496
2021-06-01 09:50:05,6661.25,69496
2021-06-01 09:50:06,6661.25,69496
2021-06-01 09:50:07,6661.05,69499
2021-06-01 09:50:09,6661.05,69500
2021-06-01 09:50:10,6661.05,69500
2021-06-01 09:50:11,6661.05,69500
2021-06-01 09:50:12,6661.05,69500
2021-06-01 09:50:13,6660.6,69516
2021-06-01 09:50:14,6660.6,69518
2021-06-01 09:50:16,6660.6,69522
2021-06-01 09:50:17,6660.6,69523
2021-06-01 09:50:18,6659.25,69534
2021-06-01 09:50:19,6659.25,69534
2021-06-01 09:50:20,6659.25,69534
2021-06-01 09:50:21,6657.35,69538
2021-06-01 09:50:22,6656.9,69542
2021-06-01 09:50:23,6656.9,69542
2021-06-01 09:50:24,6656.45,69547
2021-06-01 09:50:25,6656.45,69548
2021-06-01 09:50:26,6655.95,69574
2021-06-01 09:50:27,6655.95,69574
2021-06-01 09:50:28,6655.0,69576
2021-06-01 09:50:29,6655.0,69576
2021-06-01 09:50:30,6655.05,69577
2021-06-01 09:50:31,6655.05,69577
2021-06-01 09:50:32,6655.05,69577
2021-06-01 09:50:33,6652.25,69646
2021-06-01 09:50:34,6652.25,69646
2021-06-01 09:50:35,6654.6,69696
2021-06-01 09:50:36,6654.6,69701
2021-06-01 09:50:37,6654.55,69705
2021-06-01 09:50:38,6654.55,69705
2021-06-01 09:50:39,6654.55,69707
2021-06-01 09:50:40,6654.55,69707
2021-06-01 09:50:41,6654.55,69708
2021-06-01 09:50:42,6654.55,69708
2021-06-01 09:50:43,6654.55,69708
2021-06-01 09:50:44,6654.55,69708
2021-06-01 09:50:45,6654.55,69708
2021-06-01 09:50:46,6651.0,69778
2021-06-01 09:50:47,6651.0,69778
2021-06-01 09:50:48,6651.0,69778
2021-06-01 09:50:49,6651.0,69778
2021-06-01 09:50:50,6654.55,69781
2021-06-01 09:50:51,6654.55,69781
2021-06-01 09:50:52,6654.55,69781
2021-06-01 09:50:53,6654.55,69781
2021-06-01 09:50:54,6651.3,69786
2021-06-01 09:50:55,6651.3,69786
2021-06-01 09:50:56,6654.55,69789
2021-06-01 09:50:57,6651.3,69795
2021-06-01 09:50:58,6654.55,69796
2021-06-01 09:50:59,6654.55,69800
2021-06-01 09:51:00,6654.55,69804
2021-06-01 09:51:01,6654.55,69819
2021-06-01 09:51:02,6654.55,69819
2021-06-01 09:51:03,6654.55,69819
2021-06-01 09:51:04,6656.5,69877
2021-06-01 09:51:05,6659.4,69879
2021-06-01 09:51:06,6659.45,69881
2021-06-01 09:51:07,6659.45,69887
2021-06-01 09:51:08,6660.2,69898
2021-06-01 09:51:09,6660.2,69898
2021-06-01 09:51:10,6660.2,69898
2021-06-01 09:51:13,6660.1,69951
2021-06-01 09:51:14,6660.1,69951
2021-06-01 09:51:15,6660.05,69954
2021-06-01 09:51:16,6660.05,69954
2021-06-01 09:51:17,6659.95,69962
2021-06-01 09:51:18,6659.95,69962
2021-06-01 09:51:19,6659.35,69964
2021-06-01 09:51:20,6659.35,69968
2021-06-01 09:51:21,6659.35,69969
2021-06-01 09:51:22,6659.35,69970
2021-06-01 09:51:23,6659.35,70000
2021-06-01 09:51:24,6659.35,70000
2021-06-01 09:51:26,6659.4,70081
2021-06-01 09:51:25,6659.4,70081
2021-06-01 09:51:27,6659.4,70081
2021-06-01 09:51:28,6659.4,70081
2021-06-01 09:51:29,6659.4,70085
2021-06-01 09:51:30,6659.4,70086
2021-06-01 09:51:31,6659.4,70086
2021-06-01 09:51:32,6657.0,70096
2021-06-01 09:51:33,6659.4,70102
2021-06-01 09:51:34,6659.4,70102
2021-06-01 09:51:36,6650.5,70266
2021-06-01 09:51:37,6650.5,70266
2021-06-01 09:51:38,6654.1,70268
2021-06-01 09:51:44,6654.1,70308
2021-06-01 09:51:49,6654.1,70330
2021-06-01 09:51:54,6660.6,70645
2021-06-01 09:51:59,6654.1,70713
2021-06-01 09:52:04,6657.6,70826
2021-06-01 09:52:09,6657.0,70849
2021-06-01 09:52:14,6657.0,70871
2021-06-01 09:52:18,6657.0,70890
2021-06-01 09:52:23,6657.0,70930
2021-06-01 09:52:28,6657.0,70964
2021-06-01 09:52:33,6659.0,71038
2021-06-01 09:52:37,6658.7,71066
2021-06-01 09:52:42,6658.6,71075
2021-06-01 09:52:47,6656.45,71095
2021-06-01 09:52:52,6658.15,71118
2021-06-01 09:52:56,6655.35,71133
2021-06-01 09:53:01,6657.95,71148
2021-06-01 09:53:05,6657.95,71196
2021-06-01 09:53:10,6657.95,71208
2021-06-01 09:53:14,6655.25,71215
2021-06-01 09:53:19,6655.0,71355
2021-06-01 09:53:24,6655.15,71505
2021-06-01 09:53:29,6654.7,71614
2021-06-01 09:53:34,6654.25,71669
2021-06-01 09:53:39,6640.6,74578
2021-06-01 09:53:43,6644.05,74903
2021-06-01 09:53:48,6646.05,75025
2021-06-01 09:53:52,6649.75,75081
2021-06-01 09:53:57,6650.0,75100
2021-06-01 09:54:02,6645.85,75185
2021-06-01 09:54:06,6650.0,75223
2021-06-01 09:54:11,6649.25,75311
2021-06-01 09:54:16,6654.4,75316
2021-06-01 09:54:20,6657.9,75379
2021-06-01 09:54:25,6657.55,75382
2021-06-01 09:54:29,6657.55,75387
2021-06-01 09:54:34,6657.55,75390
2021-06-01 09:54:39,6657.4,75496
2021-06-01 09:54:43,6657.0,75501
2021-06-01 09:54:48,6655.65,75526
2021-06-01 09:54:52,6655.45,75537
2021-06-01 09:54:57,6655.15,75553
2021-06-01 09:55:01,6655.05,75697
2021-06-01 09:55:06,6654.45,75795
2021-06-01 09:55:11,6651.15,75826
2021-06-01 09:55:16,6653.55,75844
2021-06-01 09:55:21,6653.55,75918
2021-06-01 09:55:31,6652.2,75975
2021-06-01 09:55:36,6656.15,75983
2021-06-01 09:55:41,6657.55,76107
2021-06-01 09:55:45,6654.6,76141
2021-06-01 09:55:50,6657.4,76165
2021-06-01 09:55:54,6657.4,76174
2021-06-01 09:55:59,6657.0,76183
2021-06-01 09:56:03,6657.0,76202
2021-06-01 09:56:07,6657.0,76211
2021-06-01 09:56:12,6657.0,76243
2021-06-01 09:56:17,6656.6,76296
2021-06-01 09:56:22,6656.6,76313
2021-06-01 09:56:26,6653.7,76319
2021-06-01 09:56:31,6656.6,76320
2021-06-01 09:56:35,6656.6,76341
2021-06-01 09:56:39,6653.35,76495
2021-06-01 09:56:40,6653.35,76495
2021-06-01 09:56:43,6653.4,76529
2021-06-01 09:56:45,6655.7,76530
2021-06-01 09:56:46,6655.7,76530
2021-06-01 09:56:47,6655.7,76530
2021-06-01 09:56:47,6655.7,76530
2021-06-01 09:56:48,6653.4,76550
2021-06-01 09:56:49,6654.8,76567
2021-06-01 09:56:50,6654.8,76567
2021-06-01 09:56:51,6654.8,76567
2021-06-01 09:56:53,6653.9,76568
2021-06-01 09:56:54,6653.9,76568
2021-06-01 09:56:55,6653.45,76603
2021-06-01 09:56:56,6653.45,76629
2021-06-01 09:56:57,6653.45,76629
2021-06-01 09:56:58,6653.45,76649
2021-06-01 09:57:00,6653.45,76650
2021-06-01 09:57:00,6653.45,76650
2021-06-01 09:57:01,6653.45,76651
2021-06-01 09:57:02,6653.45,76651
2021-06-01 09:57:03,6653.55,76765
2021-06-01 09:57:04,6653.55,76765
2021-06-01 09:57:05,6653.55,76765
2021-06-01 09:57:06,6653.55,76765
2021-06-01 09:57:07,6655.4,76771
2021-06-01 09:57:08,6655.4,76771
2021-06-01 09:57:09,6655.4,76771
2021-06-01 09:57:10,6653.4,76775
2021-06-01 09:57:12,6655.4,76776
2021-06-01 09:57:13,6653.45,76782
2021-06-01 09:57:14,6655.4,76783
2021-06-01 09:57:15,6653.45,76793
2021-06-01 09:57:15,6653.45,76793
2021-06-01 09:57:16,6653.45,76793
2021-06-01 09:57:18,6655.4,76803
2021-06-01 09:57:19,6655.4,76804
2021-06-01 09:57:19,6655.4,76804
2021-06-01 09:57:20,6655.4,76804
2021-06-01 09:57:21,6655.4,76804
2021-06-01 09:57:22,6655.4,76805
2021-06-01 09:57:24,6655.4,76805
2021-06-01 09:57:25,6655.4,76805
2021-06-01 09:57:26,6656.6,76905
2021-06-01 09:57:26,6656.6,76905
2021-06-01 09:57:28,6656.6,76905
2021-06-01 09:57:29,6656.6,76905
2021-06-01 09:57:29,6655.4,76910
2021-06-01 09:57:30,6655.4,76910
2021-06-01 09:57:31,6655.4,76910
2021-06-01 09:57:33,6655.4,76910
2021-06-01 09:57:34,6655.4,76910
2021-06-01 09:57:35,6655.4,76910
2021-06-01 09:57:36,6655.4,76911
2021-06-01 09:57:37,6655.4,76911
2021-06-01 09:57:38,6655.4,76911
2021-06-01 09:57:39,6655.4,76911
2021-06-01 09:57:40,6655.4,76912
2021-06-01 09:57:41,6655.4,76912
2021-06-01 09:57:42,6655.4,76912
2021-06-01 09:57:43,6655.4,76912
2021-06-01 09:57:44,6655.4,76925
2021-06-01 09:57:45,6655.4,76925
2021-06-01 09:57:45,6655.4,76925
2021-06-01 09:57:46,6655.4,76926
2021-06-01 09:57:47,6655.4,76948
2021-06-01 09:57:48,6652.6,76998
2021-06-01 09:57:50,6652.6,76998
2021-06-01 09:57:51,6652.6,76998
2021-06-01 09:57:52,6652.6,76998
2021-06-01 09:57:53,6655.4,77018
2021-06-01 09:57:53,6655.4,77018
2021-06-01 09:57:54,6655.4,77026
2021-06-01 09:57:55,6655.4,77026
2021-06-01 09:57:56,6655.4,77089
2021-06-01 09:57:57,6655.4,77089
2021-06-01 09:57:58,6656.6,77097
2021-06-01 09:58:00,6656.6,77098
2021-06-01 09:58:01,6656.6,77098
2021-06-01 09:58:02,6656.6,77098
2021-06-01 09:58:03,6656.6,77098
2021-06-01 09:58:04,6656.6,77102
2021-06-01 09:58:05,6656.6,77103
2021-06-01 09:58:06,6656.6,77103
2021-06-01 09:58:06,6656.6,77103
2021-06-01 09:58:07,6656.6,77103
2021-06-01 09:58:09,6656.6,77104
2021-06-01 09:58:10,6656.6,77104
2021-06-01 09:58:11,6656.6,77112
2021-06-01 09:58:13,6656.6,77141
2021-06-01 09:58:14,6656.6,77145
2021-06-01 09:58:15,6656.6,77145
2021-06-01 09:58:16,6656.6,77145
2021-06-01 09:58:17,6656.6,77145
2021-06-01 09:58:18,6656.6,77145
2021-06-01 09:58:19,6656.5,77245
2021-06-01 09:58:20,6656.6,77249
2021-06-01 09:58:21,6656.6,77249
2021-06-01 09:58:22,6656.6,77249
2021-06-01 09:58:23,6656.6,77249
2021-06-01 09:58:24,6655.8,77255
2021-06-01 09:58:25,6655.8,77255
2021-06-01 09:58:26,6655.45,77304
2021-06-01 09:58:26,6655.8,77255
2021-06-01 09:58:28,6655.45,77304
2021-06-01 09:58:31,6655.4,77306
2021-06-01 09:58:32,6655.4,77306
2021-06-01 09:58:34,6655.4,77306
2021-06-01 09:58:35,6655.4,77306
2021-06-01 09:58:36,6655.4,77306
2021-06-01 09:58:37,6655.4,77306
2021-06-01 09:58:38,6655.4,77306
2021-06-01 09:58:39,6655.4,77313
2021-06-01 09:58:41,6655.4,77313
2021-06-01 09:58:43,6655.4,77313
2021-06-01 09:58:44,6655.45,77324
2021-06-01 09:58:45,6656.15,77364
2021-06-01 09:58:46,6656.15,77364
2021-06-01 09:58:47,6656.15,77364
2021-06-01 09:58:48,6656.15,77364
2021-06-01 09:58:49,6656.15,77364
2021-06-01 09:58:50,6656.15,77419
2021-06-01 09:58:51,6656.15,77419
2021-06-01 09:58:52,6656.15,77419
2021-06-01 09:58:53,6656.15,77419
2021-06-01 09:58:54,6656.15,77419
2021-06-01 09:58:55,6655.4,77444
2021-06-01 09:58:56,6655.4,77444
2021-06-01 09:58:58,6655.4,77444
2021-06-01 09:59:00,6655.4,77454
2021-06-01 09:59:01,6656.85,77474
2021-06-01 09:59:02,6656.85,77474
2021-06-01 09:59:04,6656.85,77474
2021-06-01 09:59:05,6656.85,77474
2021-06-01 09:59:07,6656.85,77474
2021-06-01 09:59:08,6656.85,77474
2021-06-01 09:59:10,6652.75,77501
2021-06-01 09:59:11,6654.8,77521
2021-06-01 09:59:12,6654.0,77526
2021-06-01 09:59:13,6654.0,77526
2021-06-01 09:59:14,6654.0,77526
2021-06-01 09:59:15,6654.0,77526
2021-06-01 09:59:16,6654.0,77526
2021-06-01 09:59:17,6653.05,77531
2021-06-01 09:59:18,6653.05,77531
2021-06-01 09:59:19,6653.05,77531
2021-06-01 09:59:20,6651.0,77533
2021-06-01 09:59:21,6651.0,77533
2021-06-01 09:59:22,6651.6,77551
2021-06-01 09:59:23,6651.6,77551
2021-06-01 09:59:24,6651.6,77565
2021-06-01 09:59:26,6651.6,77600
2021-06-01 09:59:25,6651.6,77592
2021-06-01 09:59:27,6651.6,77600
2021-06-01 09:59:27,6651.6,77600
2021-06-01 09:59:28,6651.6,77600
2021-06-01 09:59:29,6651.6,77608
2021-06-01 09:59:30,6651.6,77700
2021-06-01 09:59:31,6651.6,77700
2021-06-01 09:59:33,6654.8,77704
2021-06-01 09:59:34,6654.8,77704
2021-06-01 09:59:35,6654.8,77704
2021-06-01 09:59:36,6654.75,77705
2021-06-01 09:59:37,6654.75,77705
2021-06-01 09:59:38,6654.75,77705
2021-06-01 09:59:39,6654.5,77713
2021-06-01 09:59:40,6654.5,77713
2021-06-01 09:59:41,6654.5,77713
2021-06-01 09:59:42,6654.5,77713
2021-06-01 09:59:43,6654.5,77713
2021-06-01 09:59:44,6654.4,77719
2021-06-01 09:59:45,6654.45,77727
2021-06-01 09:59:47,6654.45,77731
2021-06-01 09:59:47,6654.45,77731
2021-06-01 09:59:49,6654.45,77731
2021-06-01 09:59:50,6652.05,77745
2021-06-01 09:59:51,6652.05,77745
2021-06-01 09:59:52,6652.05,77745
2021-06-01 09:59:53,6652.05,77748
2021-06-01 09:59:54,6652.05,77748
2021-06-01 09:59:55,6654.45,77752
2021-06-01 09:59:56,6654.45,77752
2021-06-01 09:59:57,6654.45,77752
2021-06-01 09:59:58,6650.2,77852
2021-06-01 09:59:59,6654.0,77862
2021-06-01 10:00:00,6653.55,77877
2021-06-01 10:00:01,6650.15,77900
2021-06-01 10:00:02,6650.0,77902
2021-06-01 10:00:02,6650.0,77902
2021-06-01 10:00:03,6653.05,77904
2021-06-01 10:00:04,6653.05,77904
2021-06-01 10:00:05,6652.6,77912
2021-06-01 10:00:06,6651.0,77986
2021-06-01 10:00:07,6652.15,77990
2021-06-01 10:00:09,6652.15,77990
2021-06-01 10:00:10,6651.7,77998
2021-06-01 10:00:11,6651.7,78000
2021-06-01 10:00:12,6651.55,78009
2021-06-01 10:00:13,6651.55,78009
2021-06-01 10:00:14,6651.7,78013
2021-06-01 10:00:15,6650.1,78014
2021-06-01 10:00:16,6650.1,78014
2021-06-01 10:00:17,6651.7,78018
2021-06-01 10:00:18,6651.7,78029
2021-06-01 10:00:19,6651.7,78029
2021-06-01 10:00:20,6651.7,78029
2021-06-01 10:00:21,6651.65,78034
2021-06-01 10:00:22,6651.65,78034
2021-06-01 10:00:23,6651.65,78034
2021-06-01 10:00:24,6651.65,78038
2021-06-01 10:00:25,6650.1,78063
2021-06-01 10:00:26,6650.1,78063
2021-06-01 10:00:27,6650.1,78142
2021-06-01 10:00:28,6650.1,78142
2021-06-01 10:00:30,6650.1,78196
2021-06-01 10:00:31,6650.1,78196
2021-06-01 10:00:33,6650.1,78218
2021-06-01 10:00:32,6650.0,78200
2021-06-01 10:00:34,6650.1,78218
2021-06-01 10:00:35,6650.1,78220
2021-06-01 10:00:37,6650.0,78235
2021-06-01 10:00:36,6650.1,78220
2021-06-01 10:00:38,6650.0,78235
2021-06-01 10:00:39,6650.0,78235
2021-06-01 10:00:40,6650.05,78237
2021-06-01 10:00:41,6649.4,78366
2021-06-01 10:00:42,6649.4,78366
2021-06-01 10:00:43,6649.4,78366
2021-06-01 10:00:44,6649.6,78371
2021-06-01 10:00:45,6649.15,78399
2021-06-01 10:00:47,6646.5,78499
2021-06-01 10:00:46,6646.5,78499
2021-06-01 10:00:48,6646.5,78499
2021-06-01 10:00:49,6648.25,78585
2021-06-01 10:00:50,6648.7,78589
2021-06-01 10:00:51,6649.15,78608
2021-06-01 10:00:52,6649.15,78612
2021-06-01 10:00:53,6649.15,78612
2021-06-01 10:00:54,6649.15,78612
2021-06-01 10:00:55,6649.15,78612
2021-06-01 10:00:56,6649.15,78612
2021-06-01 10:00:57,6649.15,78612
2021-06-01 10:00:58,6649.0,78616
2021-06-01 10:00:59,6649.15,78826
2021-06-01 10:01:00,6647.1,78926
2021-06-01 10:01:01,6649.15,78929
2021-06-01 10:01:03,6649.15,78929
2021-06-01 10:01:02,6649.15,78929
2021-06-01 10:01:04,6649.1,78931
2021-06-01 10:01:06,6649.15,79009
2021-06-01 10:01:05,6649.15,79009
2021-06-01 10:01:07,6652.85,79015
2021-06-01 10:01:08,6652.85,79015
2021-06-01 10:01:09,6652.85,79023
2021-06-01 10:01:10,6652.85,79039
2021-06-01 10:01:11,6654.8,79043
2021-06-01 10:01:12,6655.25,79068
2021-06-01 10:01:13,6654.75,79078
2021-06-01 10:01:14,6654.75,79078
2021-06-01 10:01:15,6650.5,79080
2021-06-01 10:01:16,6650.5,79080
2021-06-01 10:01:17,6650.5,79080
2021-06-01 10:01:18,6651.95,79081
2021-06-01 10:01:19,6651.95,79081
2021-06-01 10:01:20,6651.95,79081
2021-06-01 10:01:21,6651.95,79081
2021-06-01 10:01:22,6651.95,79081
2021-06-01 10:01:23,6651.95,79081
2021-06-01 10:01:24,6651.95,79081
2021-06-01 10:01:25,6650.85,79084
2021-06-01 10:01:26,6650.85,79084
2021-06-01 10:01:27,6650.85,79084
2021-06-01 10:01:28,6650.85,79084
2021-06-01 10:01:29,6650.85,79084
2021-06-01 10:01:31,6650.85,79084
2021-06-01 10:01:32,6650.85,79084
2021-06-01 10:01:33,6650.85,79084
2021-06-01 10:01:34,6650.85,79084
2021-06-01 10:01:36,6653.9,79094
2021-06-01 10:01:37,6653.9,79144
2021-06-01 10:01:38,6653.9,79144
2021-06-01 10:01:39,6653.9,79144
2021-06-01 10:01:43,6653.9,79194
2021-06-01 10:01:47,6653.9,79245
2021-06-01 10:01:52,6653.9,79246
2021-06-01 10:01:57,6651.5,79321
2021-06-01 10:02:01,6651.9,79323
2021-06-01 10:02:06,6652.0,79324
2021-06-01 10:02:10,6652.0,79325
2021-06-01 10:02:14,6652.0,79327
2021-06-01 10:02:19,6652.0,79327
2021-06-01 10:02:24,6650.85,79382
2021-06-01 10:02:28,6651.75,79438
2021-06-01 10:02:33,6651.75,79438
2021-06-01 10:02:37,6647.85,79455
2021-06-01 10:02:42,6649.95,79462
2021-06-01 10:02:46,6649.5,79516
2021-06-01 10:02:51,6649.5,79516
2021-06-01 10:02:55,6649.5,79516
2021-06-01 10:02:59,6646.65,79557
2021-06-01 10:03:03,6649.0,79604
2021-06-01 10:03:08,6649.0,79613
2021-06-01 10:03:12,6649.0,79613
2021-06-01 10:03:16,6649.0,79613
2021-06-01 10:03:20,6649.0,79613
2021-06-01 10:03:25,6646.0,79682
2021-06-01 10:03:29,6646.0,79700
2021-06-01 10:03:34,6645.5,79979
2021-06-01 10:03:39,6642.0,80050
2021-06-01 10:03:43,6640.1,80090
2021-06-01 10:03:47,6636.7,80595
2021-06-01 10:03:51,6639.15,80620
2021-06-01 10:03:56,6636.1,80640
2021-06-01 10:04:00,6639.1,80669
2021-06-01 10:04:05,6636.1,80673
2021-06-01 10:04:16,6639.1,80830
2021-06-01 10:04:21,6639.1,80861
2021-06-01 10:04:25,6639.05,80885
2021-06-01 10:04:30,6639.05,80915
2021-06-01 10:04:34,6639.05,80950
2021-06-01 10:04:39,6646.05,81223
2021-06-01 10:04:44,6646.4,81405
2021-06-01 10:04:49,6641.55,81486
2021-06-01 10:04:54,6643.0,81489
2021-06-01 10:04:59,6636.6,81653
2021-06-01 10:05:03,6637.1,81677
2021-06-01 10:05:08,6637.5,81701
2021-06-01 10:05:14,6637.75,81798
2021-06-01 10:05:19,6640.2,81875
2021-06-01 10:05:23,6642.15,81991
2021-06-01 10:05:28,6644.5,82035
2021-06-01 10:05:32,6644.45,82081
2021-06-01 10:05:37,6644.45,82085
2021-06-01 10:05:41,6644.0,82140
2021-06-01 10:05:46,6644.0,82140
2021-06-01 10:05:50,6638.55,82250
2021-06-01 10:05:55,6643.05,82260
2021-06-01 10:05:59,6640.2,82272
2021-06-01 10:06:03,6640.2,82328
2021-06-01 10:06:07,6637.75,82338
2021-06-01 10:06:11,6640.95,82453
2021-06-01 10:06:16,6640.55,82494
2021-06-01 10:06:20,6643.9,82595
2021-06-01 10:06:24,6640.9,82637
2021-06-01 10:06:29,6643.5,82647
2021-06-01 10:06:34,6641.0,82660
2021-06-01 10:06:38,6641.45,82715
2021-06-01 10:06:39,6639.0,82716
2021-06-01 10:06:40,6639.0,82716
2021-06-01 10:06:41,6639.0,82716
2021-06-01 10:06:42,6639.0,82716
2021-06-01 10:06:43,6639.0,82725
2021-06-01 10:06:44,6639.0,82734
2021-06-01 10:06:46,6640.0,82748
2021-06-01 10:06:47,6640.0,82748
2021-06-01 10:06:48,6641.45,82756
2021-06-01 10:06:48,6641.45,82756
2021-06-01 10:06:49,6641.45,82756
2021-06-01 10:06:51,6641.45,82756
2021-06-01 10:06:52,6641.45,82756
2021-06-01 10:06:53,6641.45,82756
2021-06-01 10:06:54,6641.45,82764
2021-06-01 10:06:55,6641.45,82781
2021-06-01 10:06:57,6641.45,82781
2021-06-01 10:06:59,6641.45,82781
2021-06-01 10:07:00,6641.45,82781
2021-06-01 10:07:01,6641.45,82781
2021-06-01 10:07:01,6641.45,82781
2021-06-01 10:07:02,6641.45,82781
2021-06-01 10:07:03,6640.0,82790
2021-06-01 10:07:04,6640.0,82792
2021-06-01 10:07:05,6640.0,82792
2021-06-01 10:07:06,6640.0,82822
2021-06-01 10:07:07,6640.0,82822
2021-06-01 10:07:08,6639.0,82834
2021-06-01 10:07:09,6638.65,82967
2021-06-01 10:07:10,6644.0,82971
2021-06-01 10:07:11,6644.0,82971
2021-06-01 10:07:15,6639.25,82989
2021-06-01 10:07:16,6640.0,82990
2021-06-01 10:07:17,6643.2,83000
2021-06-01 10:07:17,6643.2,83000
2021-06-01 10:07:18,6643.2,83000
2021-06-01 10:07:20,6643.2,83000
2021-06-01 10:07:21,6643.2,83000
2021-06-01 10:07:22,6643.2,83000
2021-06-01 10:07:23,6643.2,83000
2021-06-01 10:07:23,6639.0,83058
2021-06-01 10:07:24,6639.0,83058
2021-06-01 10:07:25,6639.0,83058
2021-06-01 10:07:26,6639.0,83058
2021-06-01 10:07:27,6639.0,83091
2021-06-01 10:07:28,6642.6,83092
2021-06-01 10:07:30,6642.5,83130
2021-06-01 10:07:31,6637.5,83225
2021-06-01 10:07:32,6637.2,83263
2021-06-01 10:07:33,6637.2,83263
2021-06-01 10:07:34,6639.0,83267
2021-06-01 10:07:34,6639.0,83267
2021-06-01 10:07:35,6639.0,83267
2021-06-01 10:07:36,6639.0,83267
2021-06-01 10:07:38,6640.55,83268
2021-06-01 10:07:39,6640.55,83268
2021-06-01 10:07:40,6640.55,83268
2021-06-01 10:07:41,6640.55,83268
2021-06-01 10:07:42,6640.55,83268
2021-06-01 10:07:43,6639.05,83270
2021-06-01 10:07:44,6637.0,83288
2021-06-01 10:07:45,6637.0,83290
2021-06-01 10:07:46,6637.0,83327
2021-06-01 10:07:47,6640.05,83328
2021-06-01 10:07:48,6640.05,83328
2021-06-01 10:07:49,6640.05,83328
2021-06-01 10:07:49,6640.05,83328
2021-06-01 10:07:50,6639.0,83333
2021-06-01 10:07:52,6639.0,83333
2021-06-01 10:07:52,6639.9,83334
2021-06-01 10:07:53,6639.9,83334
2021-06-01 10:07:54,6639.9,83334
2021-06-01 10:07:55,6639.9,83334
2021-06-01 10:07:56,6639.0,83399
2021-06-01 10:07:57,6639.9,83412
2021-06-01 10:07:58,6639.9,83412
2021-06-01 10:07:59,6639.9,83420
2021-06-01 10:08:01,6639.9,83420
2021-06-01 10:08:01,6639.9,83420
2021-06-01 10:08:03,6639.9,83456
2021-06-01 10:08:04,6639.9,83456
2021-06-01 10:08:05,6640.0,83506
2021-06-01 10:08:06,6640.0,83506
2021-06-01 10:08:07,6640.0,83511
2021-06-01 10:08:08,6640.05,83540
2021-06-01 10:08:08,6640.05,83540
2021-06-01 10:08:09,6640.05,83562
2021-06-01 10:08:10,6640.05,83562
2021-06-01 10:08:11,6640.05,83562
2021-06-01 10:08:12,6640.05,83562
2021-06-01 10:08:13,6640.05,83562
2021-06-01 10:08:14,6640.05,83562
2021-06-01 10:08:15,6640.05,83608
2021-06-01 10:08:16,6642.0,83612
2021-06-01 10:08:17,6642.0,83626
2021-06-01 10:08:18,6643.65,83656
2021-06-01 10:08:20,6643.65,83656
2021-06-01 10:08:21,6643.1,83657
2021-06-01 10:08:22,6643.1,83657
2021-06-01 10:08:23,6640.05,83667
2021-06-01 10:08:24,6639.2,83677
2021-06-01 10:08:26,6641.45,83720
2021-06-01 10:08:25,6640.0,83690
2021-06-01 10:08:27,6641.6,83724
2021-06-01 10:08:27,6641.6,83724
2021-06-01 10:08:28,6641.6,83724
2021-06-01 10:08:29,6640.0,83749
2021-06-01 10:08:31,6640.0,83749
2021-06-01 10:08:32,6640.0,83749
2021-06-01 10:08:33,6640.0,83749
2021-06-01 10:08:34,6640.0,83749
2021-06-01 10:08:35,6640.0,83749
2021-06-01 10:08:36,6640.0,83749
2021-06-01 10:08:38,6640.05,83750
2021-06-01 10:08:39,6640.05,83750
2021-06-01 10:08:40,6638.05,83765
2021-06-01 10:08:42,6638.05,83765
2021-06-01 10:08:43,6639.6,83785
2021-06-01 10:08:44,6637.0,84021
2021-06-01 10:08:45,6637.15,84179
2021-06-01 10:08:45,6637.15,84179
2021-06-01 10:08:46,6636.95,84197
2021-06-01 10:08:47,6636.95,84197
2021-06-01 10:08:49,6636.85,84229
2021-06-01 10:08:50,6636.85,84229
2021-06-01 10:08:51,6636.85,84229
2021-06-01 10:08:52,6640.3,84231
2021-06-01 10:08:53,6640.3,84232
2021-06-01 10:08:54,6640.3,84244
2021-06-01 10:08:55,6640.3,84244
2021-06-01 10:08:56,6640.0,84245
2021-06-01 10:08:57,6637.0,84246
2021-06-01 10:08:58,6637.0,84246
2021-06-01 10:08:59,6637.0,84285
2021-06-01 10:09:00,6639.95,84297
2021-06-01 10:09:01,6639.95,84297
2021-06-01 10:09:02,6639.95,84297
2021-06-01 10:09:03,6639.95,84297
2021-06-01 10:09:04,6639.95,84297
2021-06-01 10:09:05,6639.95,84297
2021-06-01 10:09:06,6639.95,84297
2021-06-01 10:09:07,6636.0,84380
2021-06-01 10:09:08,6638.05,84384
2021-06-01 10:09:09,6638.05,84384
2021-06-01 10:09:10,6638.05,84384
2021-06-01 10:09:12,6637.8,84390
2021-06-01 10:09:13,6637.8,84390
2021-06-01 10:09:14,6637.8,84390
2021-06-01 10:09:15,6637.8,84390
2021-06-01 10:09:16,6637.8,84390
2021-06-01 10:09:17,6637.8,84390
2021-06-01 10:09:18,6635.0,85553
2021-06-01 10:09:19,6635.0,85571
2021-06-01 10:09:20,6635.0,85571
2021-06-01 10:09:21,6635.6,85591
2021-06-01 10:09:22,6635.6,85600
2021-06-01 10:09:23,6635.6,85600
2021-06-01 10:09:24,6635.6,85600
2021-06-01 10:09:25,6635.6,85607
2021-06-01 10:09:26,6635.6,85611
2021-06-01 10:09:28,6635.6,85625
2021-06-01 10:09:28,6635.6,85625
2021-06-01 10:09:29,6635.4,85658
2021-06-01 10:09:30,6635.4,85658
2021-06-01 10:09:31,6639.5,85670
2021-06-01 10:09:32,6639.5,85670
2021-06-01 10:09:34,6639.5,85670
2021-06-01 10:09:35,6639.5,85670
2021-06-01 10:09:35,6639.5,85670
2021-06-01 10:09:37,6639.5,85670
2021-06-01 10:09:38,6639.5,85670
2021-06-01 10:09:38,6639.5,85670
2021-06-01 10:09:39,6639.5,85670
2021-06-01 10:09:41,6639.5,85670
2021-06-01 10:09:42,6635.6,85677
2021-06-01 10:09:43,6635.6,85677
2021-06-01 10:09:44,6635.6,85695
2021-06-01 10:09:46,6638.25,85763
2021-06-01 10:09:47,6638.25,85763
2021-06-01 10:09:48,6638.25,85763
2021-06-01 10:09:49,6636.0,85778
2021-06-01 10:09:50,6638.1,85780
2021-06-01 10:09:51,6638.1,85780
2021-06-01 10:09:52,6638.1,85780
2021-06-01 10:09:53,6638.1,85780
2021-06-01 10:09:54,6638.1,85780
2021-06-01 10:09:55,6638.1,85780
2021-06-01 10:09:55,6638.1,85810
2021-06-01 10:09:56,6638.1,85810
2021-06-01 10:09:58,6636.05,85899
2021-06-01 10:09:59,6638.1,85909
2021-06-01 10:10:01,6638.1,85909
2021-06-01 10:10:02,6638.1,85909
2021-06-01 10:10:03,6638.1,85909
2021-06-01 10:10:04,6635.8,86070
2021-06-01 10:10:05,6635.8,86070
2021-06-01 10:10:07,6633.35,86071
2021-06-01 10:10:08,6633.3,86081
2021-06-01 10:10:09,6635.0,86191
2021-06-01 10:10:10,6635.0,86191
2021-06-01 10:10:11,6635.0,86191
2021-06-01 10:10:12,6632.7,86267
2021-06-01 10:10:13,6633.3,86268
2021-06-01 10:10:13,6632.7,86267
2021-06-01 10:10:15,6632.0,86383
2021-06-01 10:10:16,6635.15,86384
2021-06-01 10:10:17,6635.15,86384
2021-06-01 10:10:18,6635.0,86421
2021-06-01 10:10:19,6635.0,86421
2021-06-01 10:10:20,6635.0,86421
2021-06-01 10:10:21,6634.9,86423
2021-06-01 10:10:22,6634.9,86426
2021-06-01 10:10:23,6632.75,86445
2021-06-01 10:10:24,6634.9,86466
2021-06-01 10:10:25,6634.9,86484
2021-06-01 10:10:26,6634.9,86484
2021-06-01 10:10:27,6634.9,86501
2021-06-01 10:10:27,6634.9,86501
2021-06-01 10:10:30,6634.9,86601
2021-06-01 10:10:29,6634.9,86601
2021-06-01 10:10:32,6634.9,86601
2021-06-01 10:10:33,6634.9,86601
2021-06-01 10:10:33,6635.0,86604
2021-06-01 10:10:35,6635.0,86605
2021-06-01 10:10:36,6637.95,86625
2021-06-01 10:10:37,6637.95,86625
2021-06-01 10:10:38,6637.95,86625
2021-06-01 10:10:40,6634.9,86640
2021-06-01 10:10:41,6634.9,86640
2021-06-01 10:10:42,6637.95,86655
2021-06-01 10:10:43,6635.4,86683
2021-06-01 10:10:44,6635.4,86683
2021-06-01 10:10:46,6637.0,86688
2021-06-01 10:10:48,6637.0,86688
2021-06-01 10:10:50,6637.0,86688
2021-06-01 10:10:51,6637.0,86688
2021-06-01 10:10:52,6637.0,86693
2021-06-01 10:10:54,6637.75,86858
2021-06-01 10:10:56,6637.95,86863
2021-06-01 10:10:57,6637.95,86863
2021-06-01 10:10:58,6637.95,86864
2021-06-01 10:10:58,6637.95,86866
2021-06-01 10:10:59,6637.95,86866
2021-06-01 10:11:00,6637.95,86866
2021-06-01 10:11:02,6637.95,86866
2021-06-01 10:11:03,6637.0,86871
2021-06-01 10:11:04,6636.05,86889
2021-06-01 10:11:05,6635.55,86891
2021-06-01 10:11:06,6635.55,86891
2021-06-01 10:11:07,6637.95,86896
2021-06-01 10:11:08,6638.9,86917
2021-06-01 10:11:09,6638.9,86917
2021-06-01 10:11:10,6638.9,86917
2021-06-01 10:11:11,6638.9,86917
2021-06-01 10:11:12,6638.9,86917
2021-06-01 10:11:13,6639.0,86932
2021-06-01 10:11:14,6640.0,86936
2021-06-01 10:11:15,6640.0,86936
2021-06-01 10:11:16,6640.0,86936
2021-06-01 10:11:17,6640.05,86956
2021-06-01 10:11:18,6637.95,86982
2021-06-01 10:11:19,6637.95,86982
2021-06-01 10:11:20,6637.95,86982
2021-06-01 10:11:21,6640.05,86983
2021-06-01 10:11:22,6640.05,86983
2021-06-01 10:11:23,6640.05,86983
2021-06-01 10:11:24,6640.0,86984
2021-06-01 10:11:25,6636.55,86985
2021-06-01 10:11:26,6636.55,86985
2021-06-01 10:11:28,6639.95,86996
2021-06-01 10:11:27,6639.95,86986
2021-06-01 10:11:29,6639.95,86996
2021-06-01 10:11:30,6639.95,86996
2021-06-01 10:11:31,6639.95,86996
2021-06-01 10:11:32,6639.95,86996
2021-06-01 10:11:33,6639.95,87008
2021-06-01 10:11:34,6639.95,87008
2021-06-01 10:11:35,6639.95,87008
2021-06-01 10:11:36,6635.1,87106
2021-06-01 10:11:37,6635.1,87106
2021-06-01 10:11:38,6639.15,87111
2021-06-01 10:11:39,6639.15,87111
2021-06-01 10:11:40,6639.15,87111
2021-06-01 10:11:41,6639.15,87111
2021-06-01 10:11:42,6639.15,87111
2021-06-01 10:11:44,6637.0,87381
2021-06-01 10:11:46,6637.0,87381
2021-06-01 10:11:47,6637.0,87381
2021-06-01 10:11:48,6637.0,87381
2021-06-01 10:11:49,6637.0,87381
2021-06-01 10:11:50,6638.45,87401
2021-06-01 10:11:51,6638.45,87401
2021-06-01 10:11:52,6638.45,87401
2021-06-01 10:11:53,6635.25,87402
2021-06-01 10:11:54,6635.25,87402
2021-06-01 10:11:55,6635.25,87402
2021-06-01 10:11:56,6638.45,87412
2021-06-01 10:11:57,6638.45,87420
2021-06-01 10:11:58,6638.45,87435
2021-06-01 10:11:59,6638.45,87458
2021-06-01 10:12:00,6638.45,87458
2021-06-01 10:12:01,6638.4,87483
2021-06-01 10:12:02,6638.4,87483
2021-06-01 10:12:03,6637.75,87497
2021-06-01 10:12:04,6637.75,87497
2021-06-01 10:12:05,6637.75,87497
2021-06-01 10:12:06,6640.0,87534
2021-06-01 10:12:08,6640.0,87534
2021-06-01 10:12:09,6640.0,87534
2021-06-01 10:12:10,6640.0,87536
2021-06-01 10:12:11,6640.0,87536
2021-06-01 10:12:12,6640.1,87586
2021-06-01 10:12:13,6640.1,87586
2021-06-01 10:12:14,6640.1,87586
2021-06-01 10:12:15,6640.1,87586
2021-06-01 10:12:16,6640.1,87586
2021-06-01 10:12:17,6640.1,87586
2021-06-01 10:12:19,6640.1,87586
2021-06-01 10:12:20,6640.1,87586
2021-06-01 10:12:21,6640.1,87586
2021-06-01 10:12:22,6640.1,87601
2021-06-01 10:12:23,6639.0,87632
2021-06-01 10:12:25,6640.1,87638
2021-06-01 10:12:26,6640.1,87638
2021-06-01 10:12:27,6639.0,87643
2021-06-01 10:12:29,6639.0,87643
2021-06-01 10:12:30,6639.0,87643
2021-06-01 10:12:31,6640.1,87648
2021-06-01 10:12:33,6640.9,87658
2021-06-01 10:12:34,6640.9,87658
2021-06-01 10:12:35,6640.9,87658
2021-06-01 10:12:36,6640.9,87658
2021-06-01 10:12:37,6640.9,87658
2021-06-01 10:12:38,6640.9,87662
2021-06-01 10:12:39,6640.9,87662
2021-06-01 10:12:40,6640.9,87670
2021-06-01 10:12:41,6640.9,87670
2021-06-01 10:12:42,6640.9,87670
2021-06-01 10:12:43,6640.9,87670
2021-06-01 10:12:44,6640.9,87723
2021-06-01 10:12:45,6640.9,87723
2021-06-01 10:12:46,6640.9,87723
2021-06-01 10:12:47,6640.9,87723
2021-06-01 10:12:48,6640.9,87723
2021-06-01 10:12:49,6640.9,87723
2021-06-01 10:12:50,6640.9,87723
2021-06-01 10:12:51,6642.0,87744
2021-06-01 10:12:52,6642.0,87744
2021-06-01 10:12:53,6642.0,87744
2021-06-01 10:12:54,6642.0,87744
2021-06-01 10:12:55,6642.0,87744
2021-06-01 10:12:56,6642.0,87744
2021-06-01 10:12:58,6642.0,87747
2021-06-01 10:12:59,6642.0,87747
2021-06-01 10:13:00,6642.0,87747
2021-06-01 10:13:01,6642.0,87747
2021-06-01 10:13:02,6642.0,87747
2021-06-01 10:13:03,6642.0,87756
2021-06-01 10:13:04,6642.0,87833
2021-06-01 10:13:05,6642.0,87845
2021-06-01 10:13:06,6642.0,87845
2021-06-01 10:13:07,6642.0,87845
2021-06-01 10:13:08,6642.0,87850
2021-06-01 10:13:09,6642.0,87850
2021-06-01 10:13:10,6642.0,87850
2021-06-01 10:13:11,6642.0,87890
2021-06-01 10:13:12,6642.0,87890
2021-06-01 10:13:13,6644.8,87990
2021-06-01 10:13:14,6644.8,87990
2021-06-01 10:13:16,6644.8,87990
2021-06-01 10:13:16,6644.8,87990
2021-06-01 10:13:17,6643.9,87992
2021-06-01 10:13:18,6643.9,87992
2021-06-01 10:13:21,6643.9,87992
2021-06-01 10:13:21,6643.9,87992
2021-06-01 10:13:22,6643.9,87992
2021-06-01 10:13:24,6642.0,88010
2021-06-01 10:13:24,6642.0,88010
2021-06-01 10:13:25,6642.0,88010
2021-06-01 10:13:26,6643.9,88060
2021-06-01 10:13:27,6643.9,88060
2021-06-01 10:13:28,6643.9,88060
2021-06-01 10:13:29,6643.9,88060
2021-06-01 10:13:30,6643.9,88060
2021-06-01 10:13:31,6643.9,88060
2021-06-01 10:13:33,6643.9,88060
2021-06-01 10:13:35,6643.85,88081
2021-06-01 10:13:35,6643.85,88081
2021-06-01 10:13:36,6643.85,88081
2021-06-01 10:13:38,6643.85,88081
2021-06-01 10:13:38,6643.85,88081
2021-06-01 10:13:39,6643.85,88081
2021-06-01 10:13:42,6643.85,88081
2021-06-01 10:13:42,6643.85,88081
2021-06-01 10:13:43,6643.85,88081
2021-06-01 10:13:44,6642.05,88210
2021-06-01 10:13:45,6640.9,88215
2021-06-01 10:13:46,6640.0,88255
2021-06-01 10:13:47,6637.7,88311
2021-06-01 10:13:48,6637.7,88320
2021-06-01 10:13:49,6637.7,88320
2021-06-01 10:13:50,6635.25,88333
2021-06-01 10:13:51,6635.25,88333
2021-06-01 10:13:52,6637.25,88353
2021-06-01 10:13:53,6637.25,88354
2021-06-01 10:13:54,6637.25,88357
2021-06-01 10:13:55,6637.25,88357
2021-06-01 10:13:57,6637.25,88357
2021-06-01 10:13:58,6637.25,88357
2021-06-01 10:14:00,6635.0,88379
2021-06-01 10:14:01,6637.25,88404
2021-06-01 10:14:02,6637.25,88404
2021-06-01 10:14:03,6635.0,88426
2021-06-01 10:14:04,6637.25,88428
2021-06-01 10:14:05,6637.25,88428
2021-06-01 10:14:06,6637.25,88428
2021-06-01 10:14:07,6637.25,88428
2021-06-01 10:14:08,6637.25,88428
2021-06-01 10:14:09,6637.25,88428
2021-06-01 10:14:11,6637.25,88428
2021-06-01 10:14:11,6637.25,88428
2021-06-01 10:14:12,6637.25,88428
2021-06-01 10:14:13,6637.25,88428
2021-06-01 10:14:14,6637.25,88441
2021-06-01 10:14:15,6637.25,88442
2021-06-01 10:14:17,6637.25,88442
2021-06-01 10:14:18,6637.25,88442
2021-06-01 10:14:18,6637.25,88442
2021-06-01 10:14:19,6637.25,88442
2021-06-01 10:14:20,6637.25,88442
2021-06-01 10:14:22,6637.25,88444
2021-06-01 10:14:21,6637.25,88442
2021-06-01 10:14:23,6637.25,88444
2021-06-01 10:14:24,6636.1,88447
2021-06-01 10:14:25,6635.25,88457
2021-06-01 10:14:26,6636.1,88480
2021-06-01 10:14:27,6636.1,88480
2021-06-01 10:14:28,6635.25,88481
2021-06-01 10:14:29,6635.25,88487
2021-06-01 10:14:30,6636.1,88490
2021-06-01 10:14:32,6636.1,88490
2021-06-01 10:14:33,6635.0,88557
2021-06-01 10:14:34,6635.0,88557
2021-06-01 10:14:35,6637.25,88562
2021-06-01 10:14:36,6637.25,88562
2021-06-01 10:14:37,6637.25,88562
2021-06-01 10:14:38,6637.25,88562
2021-06-01 10:14:40,6637.25,88572
2021-06-01 10:14:41,6633.2,88690
2021-06-01 10:14:41,6633.2,88690
2021-06-01 10:14:42,6633.2,88690
2021-06-01 10:14:43,6632.5,88710
2021-06-01 10:14:44,6635.0,88748
2021-06-01 10:14:45,6635.0,88748
2021-06-01 10:14:46,6635.0,88750
2021-06-01 10:14:47,6635.0,88752
2021-06-01 10:14:48,6635.0,88752
2021-06-01 10:14:49,6635.0,88752
2021-06-01 10:14:50,6635.0,88755
2021-06-01 10:14:51,6632.5,88765
2021-06-01 10:14:52,6636.3,88795
2021-06-01 10:14:53,6636.3,88795
2021-06-01 10:14:54,6636.3,88795
2021-06-01 10:14:55,6635.0,88796
2021-06-01 10:14:56,6635.0,88796
2021-06-01 10:14:57,6635.0,88796
2021-06-01 10:14:58,6635.0,88802
2021-06-01 10:14:59,6635.0,88802
2021-06-01 10:15:00,6635.0,88802
2021-06-01 10:15:01,6635.0,88803
2021-06-01 10:15:02,6635.0,88809
2021-06-01 10:15:03,6633.0,88817
2021-06-01 10:15:05,6633.0,88817
2021-06-01 10:15:05,6633.0,88819
2021-06-01 10:15:06,6635.0,88820
2021-06-01 10:15:07,6635.0,88821
2021-06-01 10:15:09,6635.0,88821
2021-06-01 10:15:11,6632.5,88854
2021-06-01 10:15:11,6632.5,88854
2021-06-01 10:15:13,6632.5,88855
2021-06-01 10:15:14,6635.0,88875
2021-06-01 10:15:14,6635.0,88878
2021-06-01 10:15:15,6634.95,88883
2021-06-01 10:15:16,6634.95,88883
2021-06-01 10:15:17,6634.7,88885
2021-06-01 10:15:18,6631.05,89336
2021-06-01 10:15:19,6631.05,89831
2021-06-01 10:15:21,6630.0,90137
2021-06-01 10:15:23,6630.0,90198
2021-06-01 10:15:23,6631.0,90216
2021-06-01 10:15:25,6631.05,90263
2021-06-01 10:15:26,6631.05,90274
2021-06-01 10:15:27,6631.25,90282
2021-06-01 10:15:28,6631.05,90283
2021-06-01 10:15:29,6631.25,90293
2021-06-01 10:15:30,6631.25,90294
2021-06-01 10:15:31,6630.0,90350
2021-06-01 10:15:31,6630.0,90351
2021-06-01 10:15:32,6630.0,90351
2021-06-01 10:15:33,6630.0,90352
2021-06-01 10:15:34,6631.05,90357
2021-06-01 10:15:36,6631.05,90370
2021-06-01 10:15:37,6631.05,90371
2021-06-01 10:15:38,6631.0,90396
2021-06-01 10:15:39,6631.05,90407
2021-06-01 10:15:40,6631.05,90407
2021-06-01 10:15:42,6631.05,90422
2021-06-01 10:15:43,6631.05,90423
2021-06-01 10:15:44,6631.05,90423
2021-06-01 10:15:45,6631.05,90440
2021-06-01 10:15:45,6631.05,90440
2021-06-01 10:15:46,6631.05,90440
2021-06-01 10:15:47,6631.05,90440
2021-06-01 10:15:48,6631.05,90441
2021-06-01 10:15:49,6631.05,90443
2021-06-01 10:15:50,6631.05,90443
2021-06-01 10:15:51,6631.05,90459
2021-06-01 10:15:53,6631.05,90467
2021-06-01 10:15:54,6631.0,90497
2021-06-01 10:15:55,6631.05,90498
2021-06-01 10:15:55,6631.15,90500
2021-06-01 10:15:56,6631.15,90501
2021-06-01 10:15:58,6631.15,90504
2021-06-01 10:15:59,6631.15,90514
2021-06-01 10:16:00,6631.15,90514
2021-06-01 10:16:00,6631.15,90514
2021-06-01 10:16:02,6631.15,90515
2021-06-01 10:16:03,6631.15,90516
2021-06-01 10:16:04,6631.15,90532
2021-06-01 10:16:04,6631.15,90532
2021-06-01 10:16:06,6631.15,90534
2021-06-01 10:16:06,6631.15,90534
2021-06-01 10:16:07,6631.15,90537
2021-06-01 10:16:08,6631.15,90537
2021-06-01 10:16:10,6631.15,90537
2021-06-01 10:16:11,6631.05,90538
2021-06-01 10:16:11,6631.05,90538
2021-06-01 10:16:13,6631.05,90561
2021-06-01 10:16:13,6631.05,90561
2021-06-01 10:16:15,6631.15,90566
2021-06-01 10:16:16,6631.25,90593
2021-06-01 10:16:17,6631.25,90596
2021-06-01 10:16:18,6631.25,90596
2021-06-01 10:16:18,6631.25,90596
2021-06-01 10:16:19,6631.25,90606
2021-06-01 10:16:21,6631.05,90616
2021-06-01 10:16:22,6631.05,90616
2021-06-01 10:16:23,6631.25,90617
2021-06-01 10:16:24,6631.0,90656
2021-06-01 10:16:25,6631.05,90685
2021-06-01 10:16:26,6632.7,90913
2021-06-01 10:16:27,6632.7,90913
2021-06-01 10:16:28,6631.0,90918
2021-06-01 10:16:29,6631.0,90923
2021-06-01 10:16:30,6631.0,90923
2021-06-01 10:16:32,6632.05,90988
2021-06-01 10:16:32,6632.05,90988
2021-06-01 10:16:33,6631.0,91017
2021-06-01 10:16:34,6631.0,91017
2021-06-01 10:16:35,6631.0,91033
2021-06-01 10:16:36,6631.0,91033
2021-06-01 10:16:37,6631.0,91033
2021-06-01 10:16:38,6631.0,91051
2021-06-01 10:16:40,6632.5,91056
2021-06-01 10:16:41,6632.5,91056
2021-06-01 10:16:42,6630.0,91059
2021-06-01 10:16:42,6630.0,91059
2021-06-01 10:16:43,6632.5,91070
2021-06-01 10:16:45,6632.5,91070
2021-06-01 10:16:46,6629.25,91582
2021-06-01 10:16:46,6630.0,91551
2021-06-01 10:16:47,6629.25,91582
2021-06-01 10:16:48,6629.95,91603
2021-06-01 10:16:50,6629.6,91641
2021-06-01 10:16:51,6629.95,91643
2021-06-01 10:16:52,6629.95,91656
2021-06-01 10:16:53,6629.95,91657
2021-06-01 10:16:54,6629.95,91658
2021-06-01 10:16:56,6629.95,91691
2021-06-01 10:16:57,6629.95,91696
2021-06-01 10:16:58,6629.3,91746
2021-06-01 10:16:58,6629.3,91746
2021-06-01 10:16:59,6629.3,91751
2021-06-01 10:17:00,6629.3,91751
2021-06-01 10:17:01,6629.3,91784
2021-06-01 10:17:02,6629.3,91793
2021-06-01 10:17:03,6632.0,91801
2021-06-01 10:17:04,6630.0,91816
2021-06-01 10:17:05,6632.0,91824
2021-06-01 10:17:06,6633.95,91848
2021-06-01 10:17:07,6637.25,91860
2021-06-01 10:17:09,6635.0,91861
2021-06-01 10:17:10,6635.0,91861
2021-06-01 10:17:11,6635.0,91861
2021-06-01 10:17:12,6637.5,91862
2021-06-01 10:17:12,6637.5,91862
2021-06-01 10:17:13,6637.5,91862
2021-06-01 10:17:14,6637.5,91862
2021-06-01 10:17:15,6637.5,91862
2021-06-01 10:17:16,6637.5,91862
2021-06-01 10:17:17,6637.5,91862
2021-06-01 10:17:19,6634.0,91892
2021-06-01 10:17:20,6634.0,91892
2021-06-01 10:17:21,6632.65,91897
2021-06-01 10:17:21,6632.65,91897
2021-06-01 10:17:22,6635.0,91898
2021-06-01 10:17:23,6632.1,91901
2021-06-01 10:17:25,6632.0,91912
2021-06-01 10:17:26,6632.0,91912
2021-06-01 10:17:26,6632.0,91912
2021-06-01 10:17:27,6631.65,92017
2021-06-01 10:17:28,6630.05,92023
2021-06-01 10:17:29,6630.05,92023
2021-06-01 10:17:31,6631.65,92028
2021-06-01 10:17:32,6631.65,92039
2021-06-01 10:17:32,6631.65,92034
2021-06-01 10:17:34,6631.65,92041
2021-06-01 10:17:35,6631.65,92041
2021-06-01 10:17:36,6631.65,92041
2021-06-01 10:17:36,6631.65,92041
2021-06-01 10:17:38,6630.0,92092
2021-06-01 10:17:39,6631.65,92113
2021-06-01 10:17:40,6631.65,92113
2021-06-01 10:17:41,6631.2,92115
2021-06-01 10:17:41,6631.2,92115
2021-06-01 10:17:42,6631.2,92115
2021-06-01 10:17:43,6631.2,92115
2021-06-01 10:17:44,6631.2,92115
2021-06-01 10:17:45,6631.2,92115
2021-06-01 10:17:46,6630.1,92116
2021-06-01 10:17:47,6630.1,92141
2021-06-01 10:17:48,6630.0,92251
2021-06-01 10:17:49,6630.0,92261
2021-06-01 10:17:50,6630.0,92292
2021-06-01 10:17:51,6630.0,92292
2021-06-01 10:17:53,6630.05,92320
2021-06-01 10:17:54,6630.0,92321
2021-06-01 10:17:55,6630.05,92325
2021-06-01 10:17:56,6630.05,92325
2021-06-01 10:17:56,6630.05,92325
2021-06-01 10:17:58,6630.0,92330
2021-06-01 10:17:59,6630.05,92367
2021-06-01 10:18:00,6630.0,92368
2021-06-01 10:18:01,6630.0,92368
2021-06-01 10:18:02,6630.0,92368
2021-06-01 10:18:03,6630.05,92379
2021-06-01 10:18:04,6630.05,92379
2021-06-01 10:18:05,6630.05,92379
2021-06-01 10:18:06,6630.0,92394
2021-06-01 10:18:07,6630.0,92394
2021-06-01 10:18:08,6630.0,92394
2021-06-01 10:18:09,6630.0,92396
2021-06-01 10:18:10,6630.0,92419
2021-06-01 10:18:11,6629.5,92427
2021-06-01 10:18:12,6629.5,92427
2021-06-01 10:18:13,6629.5,92427
2021-06-01 10:18:14,6629.0,92453
2021-06-01 10:18:15,6629.8,92553
2021-06-01 10:18:16,6629.8,92553
2021-06-01 10:18:17,6629.5,92558
2021-06-01 10:18:18,6629.8,92568
2021-06-01 10:18:19,6629.8,92568
2021-06-01 10:18:20,6629.8,92568
2021-06-01 10:18:21,6629.55,92569
2021-06-01 10:18:22,6629.8,92595
2021-06-01 10:18:23,6629.0,92635
2021-06-01 10:18:24,6629.0,92662
2021-06-01 10:18:25,6629.8,92664
2021-06-01 10:18:26,6629.0,92676
2021-06-01 10:18:27,6629.0,92676
2021-06-01 10:18:28,6629.0,92676
2021-06-01 10:18:29,6629.4,92684
2021-06-01 10:18:30,6629.4,92684
2021-06-01 10:18:31,6629.05,92686
2021-06-01 10:18:32,6629.25,92696
2021-06-01 10:18:33,6629.25,92696
2021-06-01 10:18:34,6629.25,92696
2021-06-01 10:18:35,6629.05,92699
2021-06-01 10:18:36,6628.8,92706
2021-06-01 10:18:37,6628.8,92706
2021-06-01 10:18:38,6629.0,92806
2021-06-01 10:18:39,6629.25,92853
2021-06-01 10:18:39,6629.25,92853
2021-06-01 10:18:40,6629.25,92853
2021-06-01 10:18:41,6629.25,92853
2021-06-01 10:18:42,6628.8,92883
2021-06-01 10:18:44,6628.8,92883
2021-06-01 10:18:45,6628.8,92888
2021-06-01 10:18:46,6628.85,92955
2021-06-01 10:18:48,6628.85,92955
2021-06-01 10:18:50,6628.85,92992
2021-06-01 10:18:51,6628.85,92992
2021-06-01 10:18:51,6628.85,92992
2021-06-01 10:18:52,6629.05,93092
2021-06-01 10:18:53,6628.8,93102
2021-06-01 10:18:54,6628.95,93106
2021-06-01 10:18:55,6628.7,93117
2021-06-01 10:18:56,6628.7,93117
2021-06-01 10:18:57,6628.7,93117
2021-06-01 10:18:58,6628.7,93118
2021-06-01 10:18:59,6628.7,93119
2021-06-01 10:19:00,6628.1,93128
2021-06-01 10:19:02,6628.4,93138
2021-06-01 10:19:03,6627.0,93170
2021-06-01 10:19:04,6627.0,93186
2021-06-01 10:19:05,6627.0,93188
2021-06-01 10:19:06,6627.0,93221
2021-06-01 10:19:07,6627.0,93262
2021-06-01 10:19:06,6627.4,93236
2021-06-01 10:19:08,6627.4,93266
2021-06-01 10:19:09,6625.55,93303
2021-06-01 10:19:10,6627.4,93315
2021-06-01 10:19:11,6627.4,93320
2021-06-01 10:19:12,6628.8,93324
2021-06-01 10:19:13,6628.8,93336
2021-06-01 10:19:15,6628.8,93341
2021-06-01 10:19:16,6628.8,93341
2021-06-01 10:19:17,6628.8,93341
2021-06-01 10:19:18,6628.8,93341
2021-06-01 10:19:19,6628.8,93341
2021-06-01 10:19:20,6626.15,93372
2021-06-01 10:19:21,6626.1,93387
2021-06-01 10:19:22,6626.1,93387
2021-06-01 10:19:23,6627.0,93392
2021-06-01 10:19:24,6627.0,93392
2021-06-01 10:19:25,6627.0,93392
2021-06-01 10:19:26,6627.0,93392
2021-06-01 10:19:28,6626.2,93432
2021-06-01 10:19:29,6625.8,93442
2021-06-01 10:19:30,6625.8,93445
2021-06-01 10:19:31,6627.0,93468
2021-06-01 10:19:32,6627.0,93468
2021-06-01 10:19:33,6627.0,93468
2021-06-01 10:19:34,6627.0,93468
2021-06-01 10:19:35,6627.0,93468
2021-06-01 10:19:36,6627.0,93468
2021-06-01 10:19:37,6627.0,93470
2021-06-01 10:19:38,6627.0,93470
2021-06-01 10:19:39,6628.8,93472
2021-06-01 10:19:40,6628.8,93494
2021-06-01 10:19:42,6628.8,93495
2021-06-01 10:19:41,6628.8,93494
2021-06-01 10:19:43,6628.8,93495
2021-06-01 10:19:44,6626.15,93513
2021-06-01 10:19:45,6626.15,93513
2021-06-01 10:19:46,6628.8,93563
2021-06-01 10:19:46,6628.8,93566
2021-06-01 10:19:47,6629.2,93627
2021-06-01 10:19:48,6629.2,93627
2021-06-01 10:19:49,6629.2,93627
2021-06-01 10:19:50,6629.2,93627
2021-06-01 10:19:52,6629.2,93627
2021-06-01 10:19:53,6628.0,93630
2021-06-01 10:19:54,6628.0,93630
2021-06-01 10:19:55,6628.0,93630
2021-06-01 10:19:56,6628.0,93631
2021-06-01 10:19:57,6628.0,93631
2021-06-01 10:19:58,6628.0,93632
2021-06-01 10:19:59,6628.0,93693
2021-06-01 10:20:00,6628.0,93693
2021-06-01 10:20:01,6628.0,93693
2021-06-01 10:20:02,6628.0,93693
2021-06-01 10:20:03,6626.2,93696
2021-06-01 10:20:04,6626.2,93700
2021-06-01 10:20:05,6626.2,93700
2021-06-01 10:20:06,6626.2,93718
2021-06-01 10:20:07,6626.2,93724
2021-06-01 10:20:08,6626.2,93730
2021-06-01 10:20:10,6626.2,93730
2021-06-01 10:20:11,6626.0,93768
2021-06-01 10:20:12,6626.0,93768
2021-06-01 10:20:13,6626.0,93768
2021-06-01 10:20:14,6626.0,93768
2021-06-01 10:20:15,6626.2,93771
2021-06-01 10:20:16,6628.0,93776
2021-06-01 10:20:17,6626.2,93782
2021-06-01 10:20:18,6626.0,93792
2021-06-01 10:20:19,6626.0,93810
2021-06-01 10:20:20,6626.3,93823
2021-06-01 10:20:21,6626.3,93823
2021-06-01 10:20:22,6626.3,93825
2021-06-01 10:20:23,6626.3,93879
2021-06-01 10:20:24,6626.3,93902
2021-06-01 10:20:25,6626.3,93902
2021-06-01 10:20:26,6626.3,93914
2021-06-01 10:20:26,6626.3,93916
2021-06-01 10:20:27,6626.3,93916
2021-06-01 10:20:28,6626.3,93926
2021-06-01 10:20:29,6628.0,93956
2021-06-01 10:20:30,6628.0,93956
2021-06-01 10:20:32,6626.3,93958
2021-06-01 10:20:33,6626.3,93958
2021-06-01 10:20:34,6626.3,93958
2021-06-01 10:20:35,6628.0,93978
2021-06-01 10:20:36,6628.0,93984
2021-06-01 10:20:37,6626.4,93990
2021-06-01 10:20:38,6626.4,93990
2021-06-01 10:20:40,6626.4,94058
2021-06-01 10:20:39,6626.4,94058
2021-06-01 10:20:41,6626.4,94058
2021-06-01 10:20:42,6628.0,94077
2021-06-01 10:20:42,6628.0,94077
2021-06-01 10:20:44,6626.4,94118
2021-06-01 10:20:45,6626.0,94119
2021-06-01 10:20:46,6625.0,95357
2021-06-01 10:20:47,6625.0,95357
2021-06-01 10:20:48,6626.0,95372
2021-06-01 10:20:49,6625.95,95457
2021-06-01 10:20:50,6625.0,95469
2021-06-01 10:20:51,6625.5,95471
2021-06-01 10:20:52,6625.5,95482
2021-06-01 10:20:53,6625.5,95494
2021-06-01 10:20:54,6625.5,95494
2021-06-01 10:20:55,6625.0,95543
2021-06-01 10:20:56,6625.0,95543
2021-06-01 10:20:57,6625.0,95642
2021-06-01 10:20:58,6625.0,95659
2021-06-01 10:20:59,6625.0,95663
2021-06-01 10:21:00,6624.0,95702
2021-06-01 10:21:01,6624.55,95703
2021-06-01 10:21:02,6624.3,95704
2021-06-01 10:21:03,6624.3,95704
2021-06-01 10:21:04,6624.15,95724
2021-06-01 10:21:05,6624.0,95743
