timestamp,ltp,volume
2021-05-14 09:15:24,755.0,96822
2021-05-14 09:15:26,754.2,101645
2021-05-14 09:15:26,754.3,101725
2021-05-14 09:15:27,754.25,102112
2021-05-14 09:15:29,754.25,104971
2021-05-14 09:15:32,754.75,110955
2021-05-14 09:15:33,755.15,112272
2021-05-14 09:15:38,755.5,116860
2021-05-14 09:15:39,755.5,116971
2021-05-14 09:15:39,755.5,116971
2021-05-14 09:15:41,755.45,119505
2021-05-14 09:15:41,755.1,119893
2021-05-14 09:15:42,755.1,121467
2021-05-14 09:15:43,755.1,121602
2021-05-14 09:15:44,755.05,122343
2021-05-14 09:15:45,754.7,126565
2021-05-14 09:15:47,754.9,127815
2021-05-14 09:15:48,754.9,128016
2021-05-14 09:15:49,754.25,133762
2021-05-14 09:15:50,754.7,135619
2021-05-14 09:15:51,754.65,136074
2021-05-14 09:15:51,754.45,135773
2021-05-14 09:15:52,754.65,136185
2021-05-14 09:15:53,754.15,136445
2021-05-14 09:15:54,754.2,136747
2021-05-14 09:15:55,754.5,137962
2021-05-14 09:15:56,754.65,138570
2021-05-14 09:15:58,754.6,145926
2021-05-14 09:15:58,754.35,145976
2021-05-14 09:15:59,754.15,148497
2021-05-14 09:16:00,754.2,150509
2021-05-14 09:16:01,753.85,151163
2021-05-14 09:16:03,753.15,154148
2021-05-14 09:16:04,752.9,157873
2021-05-14 09:16:04,752.75,157988
2021-05-14 09:16:06,752.3,170464
2021-05-14 09:16:07,751.7,175665
2021-05-14 09:16:08,751.95,176270
2021-05-14 09:16:08,751.95,176429
2021-05-14 09:16:09,750.65,185975
2021-05-14 09:16:10,751.0,194172
2021-05-14 09:16:11,751.8,197405
2021-05-14 09:16:13,751.6,199416
2021-05-14 09:16:14,751.0,200589
2021-05-14 09:16:14,751.35,202677
2021-05-14 09:16:16,751.0,206115
2021-05-14 09:16:16,751.0,206115
2021-05-14 09:16:17,750.5,209300
2021-05-14 09:16:19,750.15,213105
2021-05-14 09:16:19,750.15,213105
2021-05-14 09:16:21,750.35,216957
2021-05-14 09:16:22,750.95,218805
2021-05-14 09:16:23,751.0,221278
2021-05-14 09:16:23,751.0,221278
2021-05-14 09:16:24,750.85,223504
2021-05-14 09:16:25,750.65,224531
2021-05-14 09:16:26,751.8,229576
2021-05-14 09:16:27,751.85,231355
2021-05-14 09:16:28,752.25,232163
2021-05-14 09:16:29,751.5,233370
2021-05-14 09:16:30,751.85,234816
2021-05-14 09:16:31,751.85,236610
2021-05-14 09:16:32,751.45,237599
2021-05-14 09:16:33,751.15,238473
2021-05-14 09:16:35,752.0,246760
2021-05-14 09:16:35,751.85,247035
2021-05-14 09:16:37,752.15,249008
2021-05-14 09:16:37,752.0,248951
2021-05-14 09:16:38,752.65,254653
2021-05-14 09:16:39,752.4,254903
2021-05-14 09:16:40,752.55,255289
2021-05-14 09:16:41,752.65,257736
2021-05-14 09:16:43,752.85,261322
2021-05-14 09:16:44,753.25,261561
2021-05-14 09:16:45,753.0,262183
2021-05-14 09:16:46,753.35,269343
2021-05-14 09:16:46,753.25,269308
2021-05-14 09:16:48,753.85,272411
2021-05-14 09:16:49,753.5,273834
2021-05-14 09:16:49,753.5,273834
2021-05-14 09:16:51,753.4,277147
2021-05-14 09:16:51,753.6,277172
2021-05-14 09:16:53,754.3,282896
2021-05-14 09:16:54,755.2,288118
2021-05-14 09:16:55,755.3,289515
2021-05-14 09:16:55,754.9,289506
2021-05-14 09:16:56,756.0,291871
2021-05-14 09:16:57,755.95,294087
2021-05-14 09:16:58,756.0,295842
2021-05-14 09:16:59,756.25,296042
2021-05-14 09:17:01,756.05,299240
2021-05-14 09:17:02,756.05,300690
2021-05-14 09:17:03,755.9,301724
2021-05-14 09:17:04,756.35,301997
2021-05-14 09:17:05,756.1,302868
2021-05-14 09:17:06,756.65,305047
2021-05-14 09:17:08,756.35,306298
2021-05-14 09:17:09,756.0,309516
2021-05-14 09:17:11,756.0,325277
2021-05-14 09:17:12,755.75,326773
2021-05-14 09:17:13,755.75,328384
2021-05-14 09:17:14,755.25,330213
2021-05-14 09:17:15,754.5,340946
2021-05-14 09:17:15,754.9,341446
2021-05-14 09:17:17,754.95,342707
2021-05-14 09:17:18,754.95,342939
2021-05-14 09:17:18,754.95,342939
2021-05-14 09:17:20,754.55,344043
2021-05-14 09:17:20,754.45,344125
2021-05-14 09:17:21,754.55,345959
2021-05-14 09:17:23,754.55,349156
2021-05-14 09:17:24,754.55,349880
2021-05-14 09:17:24,754.3,350011
2021-05-14 09:17:25,754.3,354656
2021-05-14 09:17:27,754.3,355564
2021-05-14 09:17:27,754.3,355779
2021-05-14 09:17:28,754.3,356327
2021-05-14 09:17:30,754.3,357013
2021-05-14 09:17:31,754.3,357933
2021-05-14 09:17:32,754.3,357943
2021-05-14 09:17:33,754.3,358593
2021-05-14 09:17:33,754.3,358593
2021-05-14 09:17:35,754.3,359051
2021-05-14 09:17:36,754.3,360668
2021-05-14 09:17:36,754.3,360668
2021-05-14 09:17:37,754.3,360892
2021-05-14 09:17:38,754.55,361289
2021-05-14 09:17:39,754.75,362069
2021-05-14 09:17:40,754.75,362189
2021-05-14 09:17:42,755.0,363200
2021-05-14 09:17:43,754.7,364318
2021-05-14 09:17:44,755.0,364680
2021-05-14 09:17:45,754.75,366295
2021-05-14 09:17:45,753.85,370100
2021-05-14 09:17:47,753.55,374665
2021-05-14 09:17:48,753.5,376125
2021-05-14 09:17:49,753.3,381070
2021-05-14 09:17:50,753.05,383313
2021-05-14 09:17:51,752.7,383738
2021-05-14 09:17:51,752.7,383738
2021-05-14 09:17:53,752.85,385257
2021-05-14 09:17:54,753.05,385271
2021-05-14 09:17:55,753.05,385429
2021-05-14 09:17:55,753.0,386385
2021-05-14 09:17:56,753.7,388411
2021-05-14 09:17:57,753.7,388666
2021-05-14 09:17:58,753.5,388943
2021-05-14 09:17:59,753.4,389475
2021-05-14 09:18:00,753.6,389476
2021-05-14 09:18:02,753.3,389912
2021-05-14 09:18:02,753.6,389982
2021-05-14 09:18:03,753.6,390217
2021-05-14 09:18:05,753.6,391322
2021-05-14 09:18:06,753.55,391488
2021-05-14 09:18:07,753.9,393621
2021-05-14 09:18:07,753.9,393621
2021-05-14 09:18:09,753.95,394553
2021-05-14 09:18:10,753.85,396314
2021-05-14 09:18:10,753.9,395313
2021-05-14 09:18:11,753.9,396384
2021-05-14 09:18:13,753.65,397208
2021-05-14 09:18:14,753.6,397913
2021-05-14 09:18:14,753.6,397913
2021-05-14 09:18:16,753.3,398613
2021-05-14 09:18:16,753.65,398145
2021-05-14 09:18:17,753.55,399086
2021-05-14 09:18:19,753.0,401219
2021-05-14 09:18:19,753.35,401229
2021-05-14 09:18:21,753.35,401451
2021-05-14 09:18:21,753.1,401466
2021-05-14 09:18:23,753.3,402248
2021-05-14 09:18:24,753.35,402964
2021-05-14 09:18:24,753.35,403017
2021-05-14 09:18:26,753.05,403614
2021-05-14 09:18:27,753.35,403724
2021-05-14 09:18:28,753.35,405565
2021-05-14 09:18:29,753.35,406216
2021-05-14 09:18:30,753.1,406336
2021-05-14 09:18:31,753.2,406341
2021-05-14 09:18:31,753.2,406341
2021-05-14 09:18:32,753.75,406581
2021-05-14 09:18:34,753.5,407981
2021-05-14 09:18:34,753.6,408004
2021-05-14 09:18:36,753.9,408128
2021-05-14 09:18:36,753.9,408128
2021-05-14 09:18:37,753.35,408369
2021-05-14 09:18:39,753.35,410468
2021-05-14 09:18:40,753.35,410567
2021-05-14 09:18:41,753.65,410950
2021-05-14 09:18:42,753.65,410952
2021-05-14 09:18:43,753.95,416551
2021-05-14 09:18:43,753.5,416555
2021-05-14 09:18:45,753.45,417373
2021-05-14 09:18:45,753.45,417373
2021-05-14 09:18:46,753.45,417540
2021-05-14 09:18:48,753.85,417623
2021-05-14 09:18:48,753.85,417623
2021-05-14 09:18:49,754.35,420073
2021-05-14 09:18:50,754.0,420144
2021-05-14 09:18:52,754.4,420687
2021-05-14 09:18:52,754.35,420753
2021-05-14 09:18:53,753.95,420891
2021-05-14 09:18:54,754.05,420911
2021-05-14 09:18:56,754.55,421943
2021-05-14 09:18:57,754.7,422713
2021-05-14 09:18:58,754.2,423080
2021-05-14 09:19:00,754.7,423162
2021-05-14 09:19:00,754.7,423162
2021-05-14 09:19:02,754.6,423706
2021-05-14 09:19:02,754.6,423706
2021-05-14 09:19:04,754.5,424362
2021-05-14 09:19:04,754.5,424362
2021-05-14 09:19:05,754.55,425794
2021-05-14 09:19:07,754.95,429674
2021-05-14 09:19:08,754.6,429904
2021-05-14 09:19:09,754.9,430057
2021-05-14 09:19:10,754.6,431266
2021-05-14 09:19:11,754.9,431278
2021-05-14 09:19:12,754.65,431811
2021-05-14 09:19:12,754.5,432827
2021-05-14 09:19:14,754.6,432832
2021-05-14 09:19:15,754.65,433001
2021-05-14 09:19:16,754.65,433135
2021-05-14 09:19:17,754.65,433388
2021-05-14 09:19:18,754.65,433892
2021-05-14 09:19:19,754.5,434386
2021-05-14 09:19:20,754.65,434525
2021-05-14 09:19:21,754.0,444867
2021-05-14 09:19:23,753.95,446228
2021-05-14 09:19:23,753.95,446228
2021-05-14 09:19:25,753.0,451660
2021-05-14 09:19:26,753.45,453109
2021-05-14 09:19:27,753.45,453486
2021-05-14 09:19:27,753.45,453336
2021-05-14 09:19:29,753.45,453690
2021-05-14 09:19:29,753.5,454090
2021-05-14 09:19:31,753.0,459770
2021-05-14 09:19:32,752.85,466261
2021-05-14 09:19:33,753.0,466553
2021-05-14 09:19:34,753.0,466558
2021-05-14 09:19:35,752.8,467772
2021-05-14 09:19:36,752.5,468347
2021-05-14 09:19:37,752.0,469942
2021-05-14 09:19:38,752.0,474574
2021-05-14 09:19:39,752.0,475231
2021-05-14 09:19:40,751.65,477013
2021-05-14 09:19:41,751.95,477537
2021-05-14 09:19:42,751.9,478259
2021-05-14 09:19:43,752.2,479657
2021-05-14 09:19:44,752.5,479743
2021-05-14 09:19:45,752.2,480765
2021-05-14 09:19:46,752.5,481085
2021-05-14 09:19:47,752.45,481360
2021-05-14 09:19:48,752.45,481360
2021-05-14 09:19:49,752.9,481500
2021-05-14 09:19:50,752.35,481650
2021-05-14 09:19:52,752.6,481682
2021-05-14 09:19:55,752.7,481894
2021-05-14 09:19:56,752.75,482285
2021-05-14 09:19:57,752.7,483200
2021-05-14 09:19:58,752.8,483366
2021-05-14 09:19:59,752.8,483386
2021-05-14 09:20:00,752.9,483429
2021-05-14 09:20:01,752.35,484161
2021-05-14 09:20:02,752.15,484736
2021-05-14 09:20:03,752.45,484857
2021-05-14 09:20:04,752.1,488872
2021-05-14 09:20:05,752.3,489773
2021-05-14 09:20:06,752.05,491988
2021-05-14 09:20:07,752.05,492296
2021-05-14 09:20:08,752.05,492345
2021-05-14 09:20:09,751.65,492348
2021-05-14 09:20:10,751.6,492788
2021-05-14 09:20:11,751.6,492788
2021-05-14 09:20:12,751.6,493320
2021-05-14 09:20:13,751.75,494218
2021-05-14 09:20:14,751.6,494733
2021-05-14 09:20:15,751.6,494840
2021-05-14 09:20:16,751.2,494847
2021-05-14 09:20:17,751.2,495015
2021-05-14 09:20:18,751.45,495494
2021-05-14 09:20:19,751.1,496370
2021-05-14 09:20:20,751.2,508799
2021-05-14 09:20:21,751.05,508910
2021-05-14 09:20:22,750.9,509133
2021-05-14 09:20:23,750.9,509509
2021-05-14 09:20:24,750.35,512271
2021-05-14 09:20:25,750.35,513326
2021-05-14 09:20:26,750.5,513666
2021-05-14 09:20:27,750.05,515171
2021-05-14 09:20:28,750.3,516211
2021-05-14 09:20:29,750.3,516714
2021-05-14 09:20:30,750.45,517424
2021-05-14 09:20:31,750.45,518476
2021-05-14 09:20:32,750.45,518634
2021-05-14 09:20:33,750.5,518889
2021-05-14 09:20:34,750.15,521422
2021-05-14 09:20:35,750.5,522467
2021-05-14 09:20:36,750.2,523012
2021-05-14 09:20:37,750.05,524165
2021-05-14 09:20:38,750.1,525380
2021-05-14 09:20:39,750.1,526669
2021-05-14 09:20:40,750.0,526721
2021-05-14 09:20:41,750.1,527710
2021-05-14 09:20:42,750.1,527710
2021-05-14 09:20:43,750.0,529385
2021-05-14 09:20:44,750.0,530804
2021-05-14 09:20:45,750.0,531316
2021-05-14 09:20:46,749.9,536730
2021-05-14 09:20:47,749.95,537191
2021-05-14 09:20:48,749.65,537729
2021-05-14 09:20:50,749.95,537907
2021-05-14 09:20:49,749.75,537895
2021-05-14 09:20:51,749.6,539777
2021-05-14 09:20:52,749.65,540571
2021-05-14 09:20:53,749.8,541875
2021-05-14 09:20:54,749.75,542074
2021-05-14 09:20:56,749.7,542568
2021-05-14 09:20:55,749.7,542568
2021-05-14 09:20:58,749.45,544437
2021-05-14 09:20:57,749.8,543524
2021-05-14 09:20:59,749.65,545371
2021-05-14 09:21:00,749.5,546038
2021-05-14 09:21:01,749.45,547125
2021-05-14 09:21:02,749.4,548336
2021-05-14 09:21:03,749.4,549722
2021-05-14 09:21:04,749.4,550486
2021-05-14 09:21:05,749.15,550780
2021-05-14 09:21:06,749.2,550830
2021-05-14 09:21:07,749.15,551896
2021-05-14 09:21:08,749.15,552855
2021-05-14 09:21:09,749.0,555886
2021-05-14 09:21:10,749.0,557067
2021-05-14 09:21:11,749.15,557319
2021-05-14 09:21:12,749.1,557552
2021-05-14 09:21:13,749.0,557728
2021-05-14 09:21:14,749.0,560351
2021-05-14 09:21:15,748.65,560889
2021-05-14 09:21:16,748.65,562448
2021-05-14 09:21:17,748.65,562924
2021-05-14 09:21:18,748.65,563137
2021-05-14 09:21:19,748.65,564109
2021-05-14 09:21:20,748.0,569556
2021-05-14 09:21:21,748.25,570487
2021-05-14 09:21:22,748.25,572181
2021-05-14 09:21:24,748.25,575522
2021-05-14 09:21:25,748.25,575522
2021-05-14 09:21:27,748.35,578326
2021-05-14 09:21:28,748.05,578517
2021-05-14 09:21:30,748.0,580179
2021-05-14 09:21:29,748.0,579582
2021-05-14 09:21:31,748.05,580369
2021-05-14 09:21:32,748.05,581517
2021-05-14 09:21:35,747.65,591996
2021-05-14 09:21:34,748.0,582482
2021-05-14 09:21:37,747.6,593850
2021-05-14 09:21:38,747.25,595944
2021-05-14 09:21:39,747.6,596695
2021-05-14 09:21:39,747.6,596695
2021-05-14 09:21:40,747.6,598775
2021-05-14 09:21:41,747.85,601791
2021-05-14 09:21:42,747.25,602686
2021-05-14 09:21:43,747.2,603597
2021-05-14 09:21:44,747.3,604047
2021-05-14 09:21:45,747.0,606413
2021-05-14 09:21:46,747.0,606821
2021-05-14 09:21:47,746.8,607058
2021-05-14 09:21:48,747.35,608294
2021-05-14 09:21:49,746.9,608673
2021-05-14 09:21:50,747.0,609915
2021-05-14 09:21:51,746.8,610214
2021-05-14 09:21:52,747.0,613081
2021-05-14 09:21:53,746.65,613243
2021-05-14 09:21:54,746.8,613261
2021-05-14 09:21:55,746.55,614258
2021-05-14 09:21:56,746.15,618543
2021-05-14 09:21:57,746.1,619121
2021-05-14 09:21:58,746.1,621526
2021-05-14 09:21:59,745.65,623459
2021-05-14 09:22:00,745.35,627400
2021-05-14 09:22:01,745.1,628119
2021-05-14 09:22:02,745.5,634690
2021-05-14 09:22:03,745.5,635580
2021-05-14 09:22:04,745.15,635735
2021-05-14 09:22:05,746.3,647044
2021-05-14 09:22:06,746.3,647223
2021-05-14 09:22:07,746.55,649012
2021-05-14 09:22:08,746.95,662204
2021-05-14 09:22:09,747.25,664565
2021-05-14 09:22:10,746.85,667365
2021-05-14 09:22:11,747.3,669734
2021-05-14 09:22:12,747.2,670722
2021-05-14 09:22:13,746.8,671056
2021-05-14 09:22:14,746.75,671232
2021-05-14 09:22:15,746.95,671459
2021-05-14 09:22:16,746.6,672477
2021-05-14 09:22:17,746.9,672800
2021-05-14 09:22:18,746.65,673376
2021-05-14 09:22:19,746.65,673551
2021-05-14 09:22:20,747.1,681091
2021-05-14 09:22:21,747.7,681751
2021-05-14 09:22:22,747.6,682263
2021-05-14 09:22:23,747.75,682428
2021-05-14 09:22:24,747.85,682745
2021-05-14 09:22:25,748.0,684054
2021-05-14 09:22:26,747.55,687263
2021-05-14 09:22:27,747.65,688030
2021-05-14 09:22:28,747.8,688321
2021-05-14 09:22:29,747.65,689053
2021-05-14 09:22:30,748.05,689516
2021-05-14 09:22:31,748.0,691059
2021-05-14 09:22:32,747.8,691382
2021-05-14 09:22:33,747.9,691780
2021-05-14 09:22:34,747.35,691942
2021-05-14 09:22:35,747.65,692140
2021-05-14 09:22:36,747.4,692314
2021-05-14 09:22:37,747.6,693169
2021-05-14 09:22:38,747.0,695611
2021-05-14 09:22:39,746.8,696467
2021-05-14 09:22:40,746.95,696723
2021-05-14 09:22:41,746.9,696751
2021-05-14 09:22:42,746.8,697051
2021-05-14 09:22:43,746.55,697601
2021-05-14 09:22:44,746.95,697963
2021-05-14 09:22:45,747.0,698264
2021-05-14 09:22:46,747.05,698681
2021-05-14 09:22:47,746.75,699925
2021-05-14 09:22:48,747.2,700397
2021-05-14 09:22:49,746.7,700860
2021-05-14 09:22:50,746.55,700943
2021-05-14 09:22:51,746.3,702244
2021-05-14 09:22:52,746.35,702653
2021-05-14 09:22:53,745.9,706264
2021-05-14 09:22:54,745.85,706536
2021-05-14 09:22:55,746.05,707878
2021-05-14 09:22:56,747.6,716751
2021-05-14 09:22:57,747.6,717137
2021-05-14 09:22:58,747.25,717743
2021-05-14 09:22:59,747.25,717831
2021-05-14 09:23:00,747.0,717965
2021-05-14 09:23:01,747.0,718165
2021-05-14 09:23:02,747.0,718385
2021-05-14 09:23:03,747.0,719191
2021-05-14 09:23:04,747.0,719588
2021-05-14 09:23:05,746.9,719590
2021-05-14 09:23:06,746.9,719717
2021-05-14 09:23:08,746.9,721485
2021-05-14 09:23:09,746.9,721485
2021-05-14 09:23:10,746.5,721508
2021-05-14 09:23:11,746.5,721515
2021-05-14 09:23:12,746.8,721550
2021-05-14 09:23:13,746.8,723699
2021-05-14 09:23:14,746.9,724151
2021-05-14 09:23:15,747.5,724782
2021-05-14 09:23:16,747.45,725204
2021-05-14 09:23:17,747.5,725534
2021-05-14 09:23:18,747.9,729140
2021-05-14 09:23:19,748.1,729584
2021-05-14 09:23:20,747.6,730375
2021-05-14 09:23:21,748.0,730840
2021-05-14 09:23:22,748.05,731238
2021-05-14 09:23:24,747.5,732496
2021-05-14 09:23:25,747.6,737459
2021-05-14 09:23:26,748.0,737769
2021-05-14 09:23:27,748.0,737769
2021-05-14 09:23:28,747.75,737992
2021-05-14 09:23:29,747.7,738714
2021-05-14 09:23:30,747.75,738874
2021-05-14 09:23:31,747.75,738874
2021-05-14 09:23:32,747.7,739195
2021-05-14 09:23:33,747.95,739545
2021-05-14 09:23:34,747.75,740010
2021-05-14 09:23:35,747.5,741659
2021-05-14 09:23:36,747.5,741682
2021-05-14 09:23:37,747.45,742066
2021-05-14 09:23:38,747.1,742506
2021-05-14 09:23:39,747.4,742526
2021-05-14 09:23:40,747.0,743091
2021-05-14 09:23:41,747.0,743198
2021-05-14 09:23:42,746.9,744610
2021-05-14 09:23:43,746.95,744801
2021-05-14 09:23:44,747.0,745088
2021-05-14 09:23:45,746.7,745938
2021-05-14 09:23:46,746.7,745938
2021-05-14 09:23:47,746.95,745961
2021-05-14 09:23:48,747.05,746008
2021-05-14 09:23:49,747.1,746036
2021-05-14 09:23:50,747.0,746375
2021-05-14 09:23:51,747.3,746550
2021-05-14 09:23:52,747.3,747101
2021-05-14 09:23:53,747.4,747312
2021-05-14 09:23:54,747.35,747632
2021-05-14 09:23:55,747.5,748719
2021-05-14 09:23:56,747.5,748720
2021-05-14 09:23:57,747.5,748760
2021-05-14 09:23:58,747.6,749497
2021-05-14 09:23:59,747.8,749554
2021-05-14 09:24:00,748.45,751645
2021-05-14 09:24:01,748.0,752106
2021-05-14 09:24:02,748.05,752165
2021-05-14 09:24:03,747.6,752250
2021-05-14 09:24:04,748.05,752489
2021-05-14 09:24:05,748.0,752599
2021-05-14 09:24:06,748.0,753135
2021-05-14 09:24:07,748.0,753439
2021-05-14 09:24:08,748.45,754121
2021-05-14 09:24:09,748.35,754174
2021-05-14 09:24:11,748.35,756040
2021-05-14 09:24:12,747.85,756148
2021-05-14 09:24:13,748.1,756697
2021-05-14 09:24:14,748.25,757174
2021-05-14 09:24:14,748.25,757174
2021-05-14 09:24:15,748.05,757275
2021-05-14 09:24:16,747.5,758305
2021-05-14 09:24:17,747.85,759111
2021-05-14 09:24:18,747.85,759203
2021-05-14 09:24:19,747.95,759714
2021-05-14 09:24:20,747.65,760064
2021-05-14 09:24:21,748.2,760265
2021-05-14 09:24:22,748.2,760265
2021-05-14 09:24:23,748.2,760300
2021-05-14 09:24:24,748.2,760300
2021-05-14 09:24:25,747.85,760377
2021-05-14 09:24:26,748.0,760707
2021-05-14 09:24:27,748.05,761299
2021-05-14 09:24:28,747.85,761330
2021-05-14 09:24:29,748.0,761392
2021-05-14 09:24:30,748.1,761456
2021-05-14 09:24:31,747.8,761656
2021-05-14 09:24:32,747.5,762229
2021-05-14 09:24:33,747.9,762489
2021-05-14 09:24:34,747.85,762721
2021-05-14 09:24:35,747.8,763340
2021-05-14 09:24:36,748.0,763645
2021-05-14 09:24:37,747.55,763695
2021-05-14 09:24:38,747.8,763933
2021-05-14 09:24:42,748.0,764367
2021-05-14 09:24:44,748.1,767590
2021-05-14 09:24:45,748.4,768115
2021-05-14 09:24:46,748.5,768663
2021-05-14 09:24:47,748.6,771191
2021-05-14 09:24:47,748.65,771371
2021-05-14 09:24:48,747.75,781577
2021-05-14 09:24:49,747.8,781618
2021-05-14 09:24:50,747.55,781699
2021-05-14 09:24:51,747.8,781741
2021-05-14 09:24:52,747.55,781863
2021-05-14 09:24:53,747.7,783474
2021-05-14 09:24:54,747.8,783643
2021-05-14 09:24:55,747.8,784029
2021-05-14 09:24:56,747.55,784058
2021-05-14 09:24:57,747.75,784132
2021-05-14 09:24:58,748.0,784154
2021-05-14 09:24:59,748.0,784204
2021-05-14 09:25:00,747.9,785319
2021-05-14 09:25:01,748.0,785471
2021-05-14 09:25:02,748.5,785626
2021-05-14 09:25:03,748.1,785676
2021-05-14 09:25:04,747.95,786176
2021-05-14 09:25:05,747.95,786365
2021-05-14 09:25:06,748.1,786472
2021-05-14 09:25:07,747.85,786480
2021-05-14 09:25:08,747.85,786672
2021-05-14 09:25:09,747.85,786718
2021-05-14 09:25:10,747.8,787533
2021-05-14 09:25:11,747.8,787956
2021-05-14 09:25:12,747.85,788047
2021-05-14 09:25:13,747.35,792649
2021-05-14 09:25:14,746.2,811236
2021-05-14 09:25:15,746.4,811889
2021-05-14 09:25:16,746.05,811920
2021-05-14 09:25:17,746.4,812117
2021-05-14 09:25:18,746.4,812897
2021-05-14 09:25:19,746.35,813007
2021-05-14 09:25:20,746.0,815047
2021-05-14 09:25:21,746.05,815209
2021-05-14 09:25:22,746.05,815286
2021-05-14 09:25:23,745.5,817020
2021-05-14 09:25:24,745.8,817290
2021-05-14 09:25:25,745.8,818492
2021-05-14 09:25:26,745.75,819537
2021-05-14 09:25:27,745.45,821407
2021-05-14 09:25:28,745.35,821409
2021-05-14 09:25:29,745.5,824030
2021-05-14 09:25:30,745.3,824400
2021-05-14 09:25:31,745.6,824521
2021-05-14 09:25:32,745.5,824600
2021-05-14 09:25:34,745.6,825261
2021-05-14 09:25:35,745.35,825699
2021-05-14 09:25:36,745.65,827491
2021-05-14 09:25:37,745.6,829061
2021-05-14 09:25:38,745.6,829217
2021-05-14 09:25:39,745.9,829756
2021-05-14 09:25:40,745.65,830019
2021-05-14 09:25:41,745.6,830845
2021-05-14 09:25:42,745.7,830926
2021-05-14 09:25:43,746.0,831208
2021-05-14 09:25:44,746.0,831462
2021-05-14 09:25:45,746.0,831729
2021-05-14 09:25:46,746.1,832135
2021-05-14 09:25:47,746.35,832655
2021-05-14 09:25:48,746.0,832731
2021-05-14 09:25:49,746.0,832849
2021-05-14 09:25:50,745.9,833660
2021-05-14 09:25:51,746.0,835784
2021-05-14 09:25:52,746.05,836095
2021-05-14 09:25:53,746.05,836438
2021-05-14 09:25:54,746.0,836689
2021-05-14 09:25:55,746.0,838271
2021-05-14 09:25:56,746.4,838806
2021-05-14 09:25:57,745.95,840202
2021-05-14 09:25:58,746.15,840317
2021-05-14 09:25:59,746.25,840382
2021-05-14 09:26:00,746.25,840438
2021-05-14 09:26:01,746.25,840438
2021-05-14 09:26:02,746.4,841011
2021-05-14 09:26:03,746.25,843531
2021-05-14 09:26:04,746.55,843535
2021-05-14 09:26:05,746.1,843645
2021-05-14 09:26:06,746.05,845472
2021-05-14 09:26:07,746.1,845973
2021-05-14 09:26:09,745.95,846694
2021-05-14 09:26:10,746.15,847106
2021-05-14 09:26:11,745.8,847283
2021-05-14 09:26:12,746.0,847287
2021-05-14 09:26:13,746.15,847458
2021-05-14 09:26:14,746.0,847468
2021-05-14 09:26:15,746.4,848648
2021-05-14 09:26:16,746.05,848778
2021-05-14 09:26:17,746.15,848788
2021-05-14 09:26:18,746.4,848797
2021-05-14 09:26:19,746.75,850850
2021-05-14 09:26:20,746.5,851879
2021-05-14 09:26:21,745.85,853728
2021-05-14 09:26:21,745.85,853728
2021-05-14 09:26:22,746.1,854778
2021-05-14 09:26:23,745.85,854982
2021-05-14 09:26:24,745.8,855401
2021-05-14 09:26:25,744.4,882326
2021-05-14 09:26:26,744.4,883022
2021-05-14 09:26:27,744.0,883532
2021-05-14 09:26:28,744.0,887413
2021-05-14 09:26:29,743.85,888465
2021-05-14 09:26:30,744.5,890385
2021-05-14 09:26:31,744.1,891576
2021-05-14 09:26:32,744.1,892125
2021-05-14 09:26:33,744.1,892485
2021-05-14 09:26:34,743.75,892585
2021-05-14 09:26:35,743.9,895683
2021-05-14 09:26:36,743.8,896845
2021-05-14 09:26:37,743.8,897847
2021-05-14 09:26:38,743.5,898777
2021-05-14 09:26:39,743.7,899913
2021-05-14 09:26:40,743.2,900391
2021-05-14 09:26:41,743.2,900669
2021-05-14 09:26:42,743.2,901244
2021-05-14 09:26:43,743.2,903040
2021-05-14 09:26:45,743.2,904149
2021-05-14 09:26:46,743.15,904861
2021-05-14 09:26:47,743.05,905820
2021-05-14 09:26:48,743.1,905985
2021-05-14 09:26:49,743.4,906710
2021-05-14 09:26:50,743.4,907738
2021-05-14 09:26:51,743.8,907926
2021-05-14 09:26:52,743.55,908979
2021-05-14 09:26:53,744.0,910062
2021-05-14 09:26:54,745.0,914863
2021-05-14 09:26:55,745.0,921471
2021-05-14 09:26:56,745.5,921507
2021-05-14 09:26:57,745.0,921708
2021-05-14 09:26:58,744.8,922310
2021-05-14 09:26:59,744.55,922635
2021-05-14 09:27:00,744.65,923208
2021-05-14 09:27:01,744.9,923212
2021-05-14 09:27:02,744.3,923536
2021-05-14 09:27:03,744.55,923736
2021-05-14 09:27:04,744.1,923981
2021-05-14 09:27:05,744.4,924535
2021-05-14 09:27:06,744.1,924695
2021-05-14 09:27:07,744.4,925798
2021-05-14 09:27:08,744.1,926164
2021-05-14 09:27:09,744.1,926371
2021-05-14 09:27:10,744.35,926397
2021-05-14 09:27:11,744.35,926564
2021-05-14 09:27:12,744.35,926965
2021-05-14 09:27:13,744.45,929355
2021-05-14 09:27:14,745.0,930356
2021-05-14 09:27:15,745.15,931066
2021-05-14 09:27:16,745.5,931134
2021-05-14 09:27:17,745.5,931164
2021-05-14 09:27:18,745.45,931467
2021-05-14 09:27:19,745.45,932322
2021-05-14 09:27:20,745.45,932899
2021-05-14 09:27:21,745.45,933041
2021-05-14 09:27:22,745.55,938473
2021-05-14 09:27:23,745.65,940190
2021-05-14 09:27:25,745.0,941017
2021-05-14 09:27:26,744.85,941492
2021-05-14 09:27:27,745.05,942244
2021-05-14 09:27:28,745.0,942454
2021-05-14 09:27:29,745.0,942834
2021-05-14 09:27:30,744.85,943207
2021-05-14 09:27:31,745.0,945168
2021-05-14 09:27:32,745.2,945226
2021-05-14 09:27:33,745.2,945521
2021-05-14 09:27:34,744.75,945839
2021-05-14 09:27:35,744.5,946354
2021-05-14 09:27:36,744.75,946636
2021-05-14 09:27:37,744.75,946696
2021-05-14 09:27:38,744.75,946779
2021-05-14 09:27:39,744.95,947530
2021-05-14 09:27:40,744.75,947779
2021-05-14 09:27:41,744.9,948219
2021-05-14 09:27:42,745.15,948726
2021-05-14 09:27:43,745.0,950144
2021-05-14 09:27:44,745.1,950299
2021-05-14 09:27:45,745.45,950909
2021-05-14 09:27:46,745.45,951150
2021-05-14 09:27:47,745.45,951260
2021-05-14 09:27:48,745.45,951348
2021-05-14 09:27:49,744.85,952085
2021-05-14 09:27:50,744.8,952366
2021-05-14 09:27:51,744.35,955500
2021-05-14 09:27:52,744.35,956171
2021-05-14 09:27:53,743.85,962581
2021-05-14 09:27:54,743.9,962971
2021-05-14 09:27:55,743.9,963378
2021-05-14 09:27:56,744.1,966463
2021-05-14 09:27:57,744.1,966528
2021-05-14 09:27:58,743.8,966641
2021-05-14 09:27:59,743.95,967553
2021-05-14 09:27:59,743.65,967763
2021-05-14 09:28:00,743.95,968404
2021-05-14 09:28:01,743.9,968550
2021-05-14 09:28:03,743.5,970276
2021-05-14 09:28:04,744.1,970732
2021-05-14 09:28:05,743.5,971426
2021-05-14 09:28:06,743.5,971912
2021-05-14 09:28:07,743.5,972263
2021-05-14 09:28:08,743.1,973688
2021-05-14 09:28:09,743.5,974508
2021-05-14 09:28:10,743.6,975409
2021-05-14 09:28:11,743.15,976509
2021-05-14 09:28:12,743.3,976695
2021-05-14 09:28:13,743.55,976875
2021-05-14 09:28:14,743.3,977237
2021-05-14 09:28:15,743.55,977489
2021-05-14 09:28:16,743.65,979625
2021-05-14 09:28:17,743.2,980529
2021-05-14 09:28:18,743.2,981104
2021-05-14 09:28:19,743.2,981381
2021-05-14 09:28:20,743.35,981400
2021-05-14 09:28:21,743.35,981531
2021-05-14 09:28:22,743.35,982300
2021-05-14 09:28:23,743.35,982325
2021-05-14 09:28:24,743.35,982416
2021-05-14 09:28:25,743.9,983501
2021-05-14 09:28:26,744.0,984390
2021-05-14 09:28:27,743.55,984606
2021-05-14 09:28:28,743.95,984769
2021-05-14 09:28:29,743.95,984830
2021-05-14 09:28:30,743.95,985022
2021-05-14 09:28:31,743.85,985220
2021-05-14 09:28:32,743.6,985280
2021-05-14 09:28:33,744.15,988039
2021-05-14 09:28:34,744.7,989282
2021-05-14 09:28:35,744.1,991500
2021-05-14 09:28:36,744.45,991642
2021-05-14 09:28:37,744.2,991826
2021-05-14 09:28:38,744.45,991886
2021-05-14 09:28:39,744.45,991919
2021-05-14 09:28:40,744.2,992224
2021-05-14 09:28:41,744.2,993234
2021-05-14 09:28:42,744.2,993453
2021-05-14 09:28:43,744.2,993685
2021-05-14 09:28:44,744.2,994059
2021-05-14 09:28:45,744.6,994698
2021-05-14 09:28:46,744.5,994846
2021-05-14 09:28:47,744.45,995522
2021-05-14 09:28:47,744.1,995519
2021-05-14 09:28:48,744.4,996666
2021-05-14 09:28:49,744.6,997396
2021-05-14 09:28:51,744.5,997492
2021-05-14 09:28:52,744.5,997803
2021-05-14 09:28:54,744.0,1000189
2021-05-14 09:28:55,744.35,1001228
2021-05-14 09:28:56,744.35,1001232
2021-05-14 09:28:57,744.6,1001562
2021-05-14 09:28:58,744.2,1001837
2021-05-14 09:28:59,744.55,1001842
2021-05-14 09:29:00,744.5,1001867
2021-05-14 09:29:01,744.65,1002559
2021-05-14 09:29:02,744.8,1004268
2021-05-14 09:29:03,744.8,1004281
2021-05-14 09:29:04,744.8,1005113
2021-05-14 09:29:05,744.95,1005163
2021-05-14 09:29:07,744.75,1005300
2021-05-14 09:29:08,744.7,1005320
2021-05-14 09:29:09,744.7,1005330
2021-05-14 09:29:10,744.7,1005330
2021-05-14 09:29:11,744.55,1007954
2021-05-14 09:29:11,744.75,1007955
2021-05-14 09:29:13,743.8,1010716
2021-05-14 09:29:14,743.85,1011090
2021-05-14 09:29:15,743.55,1011157
2021-05-14 09:29:16,743.35,1013764
2021-05-14 09:29:17,743.3,1018922
2021-05-14 09:29:18,743.0,1019984
2021-05-14 09:29:20,743.0,1031102
2021-05-14 09:29:21,743.0,1031975
2021-05-14 09:29:21,743.0,1031975
2021-05-14 09:29:22,742.6,1032316
2021-05-14 09:29:23,742.75,1033128
2021-05-14 09:29:24,742.75,1035943
2021-05-14 09:29:25,742.6,1037173
2021-05-14 09:29:27,742.6,1037579
2021-05-14 09:29:28,742.65,1038236
2021-05-14 09:29:29,742.5,1038352
2021-05-14 09:29:30,742.5,1038352
2021-05-14 09:29:31,742.65,1038611
2021-05-14 09:29:32,742.65,1038643
2021-05-14 09:29:33,743.0,1039344
2021-05-14 09:29:34,742.65,1039581
2021-05-14 09:29:34,743.0,1039498
2021-05-14 09:29:35,742.95,1040822
2021-05-14 09:29:36,742.95,1040822
2021-05-14 09:29:37,742.65,1043688
2021-05-14 09:29:38,742.65,1043883
2021-05-14 09:29:39,742.65,1044218
2021-05-14 09:29:40,742.5,1044604
2021-05-14 09:29:42,742.5,1045099
2021-05-14 09:29:43,742.5,1045780
2021-05-14 09:29:44,742.5,1046410
2021-05-14 09:29:45,742.5,1046479
2021-05-14 09:29:46,742.5,1050214
2021-05-14 09:29:46,742.5,1050419
2021-05-14 09:29:48,742.45,1052273
2021-05-14 09:29:49,742.45,1052455
2021-05-14 09:29:50,742.1,1052722
2021-05-14 09:29:51,742.45,1053072
2021-05-14 09:29:52,742.1,1053158
2021-05-14 09:29:53,742.25,1053875
2021-05-14 09:29:54,742.0,1056161
2021-05-14 09:29:55,742.25,1057214
2021-05-14 09:29:56,742.25,1058335
2021-05-14 09:29:57,742.25,1058580
2021-05-14 09:29:58,742.2,1059376
2021-05-14 09:29:59,742.25,1060079
2021-05-14 09:30:00,742.3,1060921
2021-05-14 09:30:01,741.65,1068213
2021-05-14 09:30:02,742.15,1069206
2021-05-14 09:30:03,742.25,1070937
2021-05-14 09:30:04,741.7,1071297
2021-05-14 09:30:05,741.6,1072248
2021-05-14 09:30:06,741.05,1078405
2021-05-14 09:30:07,741.0,1081564
2021-05-14 09:30:08,740.4,1084388
2021-05-14 09:30:09,739.7,1107256
2021-05-14 09:30:10,740.9,1115896
2021-05-14 09:30:11,740.95,1116695
2021-05-14 09:30:12,740.75,1117728
2021-05-14 09:30:13,740.95,1121410
2021-05-14 09:30:14,740.75,1121497
2021-05-14 09:30:15,740.6,1123034
2021-05-14 09:30:16,741.35,1132517
2021-05-14 09:30:17,741.05,1134155
2021-05-14 09:30:19,741.4,1136766
2021-05-14 09:30:20,741.2,1140920
2021-05-14 09:30:23,740.95,1145694
2021-05-14 09:30:24,740.75,1145815
2021-05-14 09:30:25,741.1,1147591
2021-05-14 09:30:26,741.4,1148327
2021-05-14 09:30:27,741.05,1149528
2021-05-14 09:30:28,741.05,1152033
2021-05-14 09:30:29,741.3,1153631
2021-05-14 09:30:30,741.05,1154906
2021-05-14 09:30:31,741.65,1156727
2021-05-14 09:30:32,741.85,1156990
2021-05-14 09:30:33,741.8,1157070
2021-05-14 09:30:34,741.55,1157528
2021-05-14 09:30:35,741.8,1157731
2021-05-14 09:30:36,741.65,1157894
2021-05-14 09:30:37,741.55,1157945
2021-05-14 09:30:38,741.6,1161989
2021-05-14 09:30:39,741.55,1162019
2021-05-14 09:30:40,741.5,1162563
2021-05-14 09:30:41,741.35,1163293
2021-05-14 09:30:42,741.05,1164723
2021-05-14 09:30:43,740.85,1168647
2021-05-14 09:30:44,740.5,1168649
2021-05-14 09:30:45,740.85,1169019
2021-05-14 09:30:46,740.8,1169330
2021-05-14 09:30:47,740.45,1170140
2021-05-14 09:30:48,740.2,1170229
2021-05-14 09:30:49,740.35,1170780
2021-05-14 09:30:50,740.35,1171247
2021-05-14 09:30:51,739.9,1179708
2021-05-14 09:30:52,739.5,1180388
2021-05-14 09:30:53,739.75,1181087
2021-05-14 09:30:55,739.1,1184747
2021-05-14 09:30:56,739.0,1187189
2021-05-14 09:30:57,738.8,1189721
2021-05-14 09:30:58,738.55,1190891
2021-05-14 09:30:59,738.5,1191562
2021-05-14 09:31:00,738.65,1193158
2021-05-14 09:31:01,738.3,1194009
2021-05-14 09:31:02,738.3,1196422
2021-05-14 09:31:03,738.1,1197542
2021-05-14 09:31:04,738.25,1199934
2021-05-14 09:31:05,737.95,1204321
2021-05-14 09:31:06,737.7,1205141
2021-05-14 09:31:07,737.5,1206078
2021-05-14 09:31:09,737.15,1212351
2021-05-14 09:31:10,737.0,1217366
2021-05-14 09:31:11,737.0,1218267
2021-05-14 09:31:12,737.05,1223176
2021-05-14 09:31:13,737.2,1228100
2021-05-14 09:31:15,737.2,1231915
2021-05-14 09:31:16,736.6,1242292
2021-05-14 09:31:17,737.15,1245238
2021-05-14 09:31:18,737.2,1248686
2021-05-14 09:31:19,737.0,1248937
2021-05-14 09:31:20,737.0,1249427
2021-05-14 09:31:21,737.0,1250183
2021-05-14 09:31:22,736.5,1250645
2021-05-14 09:31:23,736.3,1251844
2021-05-14 09:31:24,736.2,1252694
2021-05-14 09:31:25,736.3,1254818
2021-05-14 09:31:26,736.0,1256147
2021-05-14 09:31:27,736.15,1257116
2021-05-14 09:31:28,736.0,1257960
2021-05-14 09:31:29,735.8,1258950
2021-05-14 09:31:30,735.8,1266956
2021-05-14 09:31:31,735.7,1268389
2021-05-14 09:31:32,736.0,1272890
2021-05-14 09:31:33,736.35,1275895
2021-05-14 09:31:35,736.55,1280978
2021-05-14 09:31:36,736.7,1284296
2021-05-14 09:31:37,736.6,1284759
2021-05-14 09:31:38,736.55,1285252
2021-05-14 09:31:39,736.4,1285846
2021-05-14 09:31:40,737.05,1290517
2021-05-14 09:31:41,736.9,1292059
2021-05-14 09:31:43,737.3,1293201
2021-05-14 09:31:44,736.6,1294018
2021-05-14 09:31:45,736.8,1295629
2021-05-14 09:31:46,736.6,1299183
2021-05-14 09:31:47,736.5,1299250
2021-05-14 09:31:48,736.55,1302183
2021-05-14 09:31:49,736.65,1303880
2021-05-14 09:31:50,736.75,1304252
2021-05-14 09:31:51,736.6,1304633
2021-05-14 09:31:52,736.65,1304775
2021-05-14 09:31:55,736.95,1306431
2021-05-14 09:31:56,737.05,1306632
2021-05-14 09:31:57,736.75,1307472
2021-05-14 09:31:58,736.65,1307978
2021-05-14 09:32:01,737.2,1309263
2021-05-14 09:32:06,736.0,1323200
2021-05-14 09:32:07,735.6,1326553
2021-05-14 09:32:08,735.6,1328008
2021-05-14 09:32:09,735.6,1329068
2021-05-14 09:32:10,735.9,1330474
2021-05-14 09:32:11,736.05,1333809
2021-05-14 09:32:12,735.8,1335637
2021-05-14 09:32:13,736.1,1336494
2021-05-14 09:32:14,735.25,1340325
2021-05-14 09:32:15,734.85,1360511
2021-05-14 09:32:16,734.45,1362168
2021-05-14 09:32:17,734.65,1363135
2021-05-14 09:32:18,734.65,1366407
2021-05-14 09:32:19,734.5,1368464
2021-05-14 09:32:20,734.75,1369066
2021-05-14 09:32:21,734.6,1369454
2021-05-14 09:32:22,734.85,1371300
2021-05-14 09:32:23,735.0,1373048
2021-05-14 09:32:25,735.0,1374448
2021-05-14 09:32:25,734.5,1374498
2021-05-14 09:32:26,733.75,1379867
2021-05-14 09:32:27,733.85,1380862
2021-05-14 09:32:28,733.8,1382837
2021-05-14 09:32:29,733.75,1384492
2021-05-14 09:32:30,733.95,1385873
2021-05-14 09:32:32,733.25,1388012
2021-05-14 09:32:33,732.5,1391532
2021-05-14 09:32:34,732.1,1394539
2021-05-14 09:32:35,732.2,1397357
2021-05-14 09:32:36,732.2,1398743
2021-05-14 09:32:37,732.45,1401097
2021-05-14 09:32:38,732.6,1403496
2021-05-14 09:32:40,733.0,1408605
2021-05-14 09:32:41,732.7,1411207
2021-05-14 09:32:42,732.85,1412011
2021-05-14 09:32:43,732.8,1412495
2021-05-14 09:32:44,732.65,1413260
2021-05-14 09:32:46,732.8,1414156
2021-05-14 09:32:46,732.75,1414184
2021-05-14 09:32:47,732.8,1414608
2021-05-14 09:32:48,732.65,1415302
2021-05-14 09:32:49,733.0,1415879
2021-05-14 09:32:51,734.0,1429277
2021-05-14 09:32:51,733.9,1430302
2021-05-14 09:32:52,733.85,1434693
2021-05-14 09:32:53,733.9,1437832
2021-05-14 09:32:54,734.05,1438323
2021-05-14 09:32:56,733.9,1440428
2021-05-14 09:32:56,733.85,1440134
2021-05-14 09:32:57,734.5,1442801
2021-05-14 09:32:58,734.65,1445832
2021-05-14 09:32:59,735.0,1448506
2021-05-14 09:33:00,735.0,1451132
2021-05-14 09:33:02,734.7,1452521
2021-05-14 09:33:02,734.7,1452521
2021-05-14 09:33:03,734.75,1453658
2021-05-14 09:33:04,735.15,1453987
2021-05-14 09:33:05,735.0,1457600
2021-05-14 09:33:07,734.7,1458144
2021-05-14 09:33:07,735.0,1458222
2021-05-14 09:33:08,735.5,1459080
2021-05-14 09:33:09,734.9,1460634
2021-05-14 09:33:10,735.0,1460924
2021-05-14 09:33:12,734.9,1462322
2021-05-14 09:33:13,735.0,1463624
2021-05-14 09:33:14,735.0,1464496
2021-05-14 09:33:15,734.95,1465232
2021-05-14 09:33:19,735.25,1467525
2021-05-14 09:33:19,735.5,1467655
2021-05-14 09:33:20,735.0,1468858
2021-05-14 09:33:21,735.05,1469311
2021-05-14 09:33:22,735.25,1470811
2021-05-14 09:33:23,735.5,1471426
2021-05-14 09:33:24,735.55,1471756
2021-05-14 09:33:26,735.5,1473380
2021-05-14 09:33:26,735.8,1474099
2021-05-14 09:33:28,736.1,1480282
2021-05-14 09:33:29,736.45,1482951
2021-05-14 09:33:31,736.95,1484342
2021-05-14 09:33:31,737.0,1484643
2021-05-14 09:33:33,736.8,1486696
2021-05-14 09:33:34,737.15,1487902
2021-05-14 09:33:35,737.1,1489632
2021-05-14 09:33:37,737.0,1490583
2021-05-14 09:33:39,737.0,1495186
2021-05-14 09:33:40,737.2,1495734
2021-05-14 09:33:41,737.25,1496802
2021-05-14 09:33:43,737.3,1497056
2021-05-14 09:33:43,737.3,1497056
2021-05-14 09:33:44,737.5,1498391
2021-05-14 09:33:45,736.9,1501956
2021-05-14 09:33:46,737.1,1504780
2021-05-14 09:33:48,737.65,1505059
2021-05-14 09:33:49,737.45,1506622
2021-05-14 09:33:50,737.95,1507002
2021-05-14 09:33:51,737.3,1508732
2021-05-14 09:33:52,737.1,1509116
2021-05-14 09:33:54,736.6,1513064
2021-05-14 09:33:54,736.8,1511839
2021-05-14 09:33:55,736.25,1530752
2021-05-14 09:33:56,736.15,1532065
2021-05-14 09:33:57,736.35,1533859
2021-05-14 09:33:59,736.35,1534825
2021-05-14 09:33:59,736.35,1534805
2021-05-14 09:34:00,736.0,1535841
2021-05-14 09:34:01,735.5,1536735
2021-05-14 09:34:02,735.4,1537590
2021-05-14 09:34:04,735.35,1537896
2021-05-14 09:34:04,735.35,1537898
2021-05-14 09:34:05,735.35,1538258
2021-05-14 09:34:06,734.75,1542138
2021-05-14 09:34:07,734.75,1542208
2021-05-14 09:34:09,734.2,1546196
2021-05-14 09:34:09,734.4,1546706
2021-05-14 09:34:10,734.3,1548481
2021-05-14 09:34:11,735.0,1548939
2021-05-14 09:34:12,734.3,1551708
2021-05-14 09:34:14,734.35,1554833
2021-05-14 09:34:14,734.35,1554833
2021-05-14 09:34:15,734.8,1555745
2021-05-14 09:34:16,734.95,1556512
2021-05-14 09:34:19,734.8,1556886
2021-05-14 09:34:19,734.75,1557120
2021-05-14 09:34:20,734.6,1557300
2021-05-14 09:34:21,734.95,1560430
2021-05-14 09:34:23,735.3,1562519
2021-05-14 09:34:24,735.25,1562774
2021-05-14 09:34:24,735.25,1562799
2021-05-14 09:34:25,735.25,1563839
2021-05-14 09:34:26,735.25,1564529
2021-05-14 09:34:28,735.55,1564829
2021-05-14 09:34:29,735.5,1565321
2021-05-14 09:34:29,735.5,1565321
2021-05-14 09:34:30,735.35,1565495
2021-05-14 09:34:31,735.55,1565540
2021-05-14 09:34:33,735.25,1567126
2021-05-14 09:34:34,735.3,1569393
2021-05-14 09:34:34,735.35,1569893
2021-05-14 09:34:35,735.95,1572107
2021-05-14 09:34:36,735.8,1573113
2021-05-14 09:34:38,736.1,1574122
2021-05-14 09:34:39,736.05,1575207
2021-05-14 09:34:39,736.1,1574887
2021-05-14 09:34:40,735.55,1576392
2021-05-14 09:34:41,734.45,1584296
2021-05-14 09:34:44,733.75,1602803
2021-05-14 09:34:44,733.15,1605913
2021-05-14 09:34:45,733.3,1606939
2021-05-14 09:34:46,732.7,1608803
2021-05-14 09:34:48,732.6,1616526
2021-05-14 09:34:49,732.25,1630527
2021-05-14 09:34:49,732.25,1630615
2021-05-14 09:34:50,733.05,1632621
2021-05-14 09:34:51,733.2,1634246
2021-05-14 09:34:53,733.0,1634660
2021-05-14 09:34:54,733.3,1634873
2021-05-14 09:34:54,733.0,1634852
2021-05-14 09:34:55,733.25,1635653
2021-05-14 09:34:56,734.0,1636827
2021-05-14 09:34:58,734.25,1637063
2021-05-14 09:34:59,734.8,1637519
2021-05-14 09:34:59,734.8,1637519
2021-05-14 09:35:00,734.0,1637821
2021-05-14 09:35:01,733.95,1637938
2021-05-14 09:35:03,733.3,1638778
2021-05-14 09:35:04,732.65,1640232
2021-05-14 09:35:04,732.65,1640253
2021-05-14 09:35:05,732.95,1640813
2021-05-14 09:35:06,732.85,1641027
2021-05-14 09:35:08,732.95,1642320
2021-05-14 09:35:09,732.55,1643972
2021-05-14 09:35:09,732.9,1643997
2021-05-14 09:35:10,733.3,1645261
2021-05-14 09:35:11,733.5,1645522
2021-05-14 09:35:13,733.25,1646698
2021-05-14 09:35:14,732.7,1649251
2021-05-14 09:35:14,733.05,1649469
2021-05-14 09:35:15,733.05,1650477
2021-05-14 09:35:16,733.1,1651605
2021-05-14 09:35:18,732.2,1654298
2021-05-14 09:35:19,732.1,1655374
2021-05-14 09:35:19,732.1,1655374
2021-05-14 09:35:20,732.3,1657035
2021-05-14 09:35:21,732.85,1660324
2021-05-14 09:35:23,732.75,1662045
2021-05-14 09:35:24,732.65,1662262
2021-05-14 09:35:24,732.55,1663812
2021-05-14 09:35:25,732.6,1664075
2021-05-14 09:35:26,733.4,1665139
2021-05-14 09:35:28,733.0,1665720
2021-05-14 09:35:29,733.05,1665967
2021-05-14 09:35:29,733.45,1666000
2021-05-14 09:35:30,733.45,1666665
2021-05-14 09:35:31,733.55,1666847
2021-05-14 09:35:33,734.1,1670114
2021-05-14 09:35:34,733.95,1670225
2021-05-14 09:35:34,733.7,1670228
2021-05-14 09:35:35,734.0,1670476
2021-05-14 09:35:36,734.05,1670716
2021-05-14 09:35:37,733.9,1670774
2021-05-14 09:35:39,734.15,1672473
2021-05-14 09:35:40,733.75,1673037
2021-05-14 09:35:40,734.15,1672671
2021-05-14 09:35:41,734.0,1673286
2021-05-14 09:35:42,734.6,1674017
2021-05-14 09:35:44,734.25,1675091
2021-05-14 09:35:45,734.8,1676167
2021-05-14 09:35:45,734.2,1676407
2021-05-14 09:35:46,734.6,1677252
2021-05-14 09:35:47,734.6,1678486
2021-05-14 09:35:49,735.1,1680260
2021-05-14 09:35:50,735.2,1681279
2021-05-14 09:35:51,735.0,1683774
2021-05-14 09:35:52,735.15,1684174
2021-05-14 09:35:54,734.95,1684424
2021-05-14 09:35:55,734.9,1685626
2021-05-14 09:35:55,734.6,1685786
2021-05-14 09:35:56,734.8,1687119
2021-05-14 09:35:57,734.65,1687878
2021-05-14 09:35:59,734.65,1688442
2021-05-14 09:36:00,734.5,1689172
2021-05-14 09:36:00,734.2,1689307
2021-05-14 09:36:01,734.1,1692105
2021-05-14 09:36:02,733.85,1692391
2021-05-14 09:36:03,734.0,1693968
2021-05-14 09:36:04,734.15,1694695
2021-05-14 09:36:05,734.2,1695402
2021-05-14 09:36:06,734.45,1697990
2021-05-14 09:36:07,734.55,1698022
2021-05-14 09:36:08,735.25,1699221
2021-05-14 09:36:10,735.3,1699413
2021-05-14 09:36:11,735.05,1700476
2021-05-14 09:36:12,735.15,1700507
2021-05-14 09:36:13,735.0,1700706
2021-05-14 09:36:13,735.0,1700706
2021-05-14 09:36:14,735.2,1701260
2021-05-14 09:36:15,735.05,1701567
2021-05-14 09:36:16,734.5,1708554
2021-05-14 09:36:18,734.2,1708897
2021-05-14 09:36:19,734.5,1709594
2021-05-14 09:36:19,734.5,1709794
2021-05-14 09:36:20,734.55,1711703
2021-05-14 09:36:21,734.55,1711889
2021-05-14 09:36:22,734.5,1712124
2021-05-14 09:36:24,734.2,1713425
2021-05-14 09:36:25,733.85,1717055
2021-05-14 09:36:25,733.85,1717055
2021-05-14 09:36:26,733.85,1717501
2021-05-14 09:36:27,733.85,1717608
2021-05-14 09:36:28,733.6,1718756
2021-05-14 09:36:30,733.6,1719960
2021-05-14 09:36:31,733.4,1733738
2021-05-14 09:36:32,733.45,1735966
2021-05-14 09:36:33,733.85,1736100
2021-05-14 09:36:34,733.25,1736817
2021-05-14 09:36:34,733.1,1736932
2021-05-14 09:36:35,733.4,1738697
2021-05-14 09:36:37,733.55,1739118
2021-05-14 09:36:38,733.5,1739521
2021-05-14 09:36:39,734.35,1740627
2021-05-14 09:36:40,734.55,1741202
2021-05-14 09:36:41,734.55,1741254
2021-05-14 09:36:42,734.7,1742483
2021-05-14 09:36:43,734.4,1743143
2021-05-14 09:36:44,733.95,1743247
2021-05-14 09:36:45,734.3,1743257
2021-05-14 09:36:46,734.3,1743469
2021-05-14 09:36:47,734.2,1745152
2021-05-14 09:36:48,734.25,1745317
2021-05-14 09:36:49,734.65,1745398
2021-05-14 09:36:50,734.65,1745398
2021-05-14 09:36:51,734.65,1745653
2021-05-14 09:36:52,734.8,1746764
2021-05-14 09:36:55,734.6,1746796
2021-05-14 09:36:56,734.9,1746869
2021-05-14 09:36:57,734.7,1746878
2021-05-14 09:36:58,735.0,1747194
2021-05-14 09:36:59,735.0,1747579
2021-05-14 09:37:00,735.0,1748141
2021-05-14 09:37:01,735.0,1748235
2021-05-14 09:37:02,734.9,1749518
2021-05-14 09:37:03,735.0,1750032
2021-05-14 09:37:04,735.2,1751525
2021-05-14 09:37:05,735.2,1751604
2021-05-14 09:37:06,735.55,1752777
2021-05-14 09:37:06,735.2,1752627
2021-05-14 09:37:07,735.55,1754040
2021-05-14 09:37:08,735.45,1754427
2021-05-14 09:37:09,735.45,1754827
2021-05-14 09:37:10,735.55,1756267
2021-05-14 09:37:11,735.5,1759911
2021-05-14 09:37:12,735.55,1760856
2021-05-14 09:37:14,735.55,1763340
2021-05-14 09:37:15,735.5,1763798
2021-05-14 09:37:17,735.5,1768473
2021-05-14 09:37:20,735.55,1769956
2021-05-14 09:37:21,735.55,1770901
2021-05-14 09:37:21,735.6,1771401
2021-05-14 09:37:22,735.5,1771564
2021-05-14 09:37:23,735.55,1771686
2021-05-14 09:37:24,735.35,1771721
2021-05-14 09:37:25,735.5,1771741
2021-05-14 09:37:27,735.4,1772267
2021-05-14 09:37:28,735.3,1776853
2021-05-14 09:37:29,735.55,1777675
2021-05-14 09:37:33,735.75,1780620
2021-05-14 09:37:33,735.5,1780617
2021-05-14 09:37:34,735.8,1781040
2021-05-14 09:37:35,735.5,1781868
2021-05-14 09:37:36,735.65,1782114
2021-05-14 09:37:37,735.05,1783399
2021-05-14 09:37:38,735.5,1783696
2021-05-14 09:37:39,735.55,1784947
2021-05-14 09:37:40,735.45,1785868
2021-05-14 09:37:41,735.05,1786260
2021-05-14 09:37:42,734.6,1794013
2021-05-14 09:37:43,734.5,1794576
2021-05-14 09:37:45,735.1,1801974
2021-05-14 09:37:45,734.8,1803777
2021-05-14 09:37:47,735.15,1810743
2021-05-14 09:37:48,735.5,1810959
2021-05-14 09:37:50,735.5,1811469
2021-05-14 09:37:49,735.5,1811034
2021-05-14 09:37:51,735.5,1811632
2021-05-14 09:37:52,735.15,1811995
2021-05-14 09:37:53,735.5,1812180
2021-05-14 09:37:54,735.1,1813973
2021-05-14 09:37:55,735.45,1814282
2021-05-14 09:37:56,735.45,1815098
2021-05-14 09:37:57,735.3,1817602
2021-05-14 09:37:58,735.35,1817824
2021-05-14 09:37:59,735.05,1818308
2021-05-14 09:38:00,735.0,1819352
2021-05-14 09:38:01,735.35,1819634
2021-05-14 09:38:02,735.05,1819739
2021-05-14 09:38:03,735.35,1820879
2021-05-14 09:38:04,735.5,1821379
2021-05-14 09:38:05,735.5,1822005
2021-05-14 09:38:07,735.55,1822159
2021-05-14 09:38:08,735.45,1822265
2021-05-14 09:38:09,735.6,1822406
2021-05-14 09:38:10,735.7,1823541
2021-05-14 09:38:11,735.9,1824500
2021-05-14 09:38:12,736.0,1826914
2021-05-14 09:38:14,735.95,1827454
2021-05-14 09:38:15,735.95,1827966
2021-05-14 09:38:16,735.75,1831676
2021-05-14 09:38:17,735.9,1832678
2021-05-14 09:38:18,735.65,1834055
2021-05-14 09:38:19,736.0,1834630
2021-05-14 09:38:19,736.0,1834860
2021-05-14 09:38:20,735.9,1836485
2021-05-14 09:38:22,735.9,1837212
2021-05-14 09:38:23,735.75,1837359
2021-05-14 09:38:24,735.75,1838139
2021-05-14 09:38:25,735.5,1840087
2021-05-14 09:38:26,735.55,1840375
2021-05-14 09:38:26,735.55,1840376
2021-05-14 09:38:27,735.55,1840553
2021-05-14 09:38:29,734.8,1866844
2021-05-14 09:38:30,734.45,1867105
2021-05-14 09:38:31,734.4,1867175
2021-05-14 09:38:32,734.55,1867297
2021-05-14 09:38:33,734.2,1867513
2021-05-14 09:38:34,734.95,1867840
2021-05-14 09:38:35,734.75,1869364
2021-05-14 09:38:36,734.4,1869687
2021-05-14 09:38:37,734.4,1869692
2021-05-14 09:38:38,733.95,1873923
2021-05-14 09:38:39,734.0,1874323
2021-05-14 09:38:39,733.9,1874477
2021-05-14 09:38:40,734.05,1875246
2021-05-14 09:38:41,734.15,1876954
2021-05-14 09:38:43,733.9,1878681
2021-05-14 09:38:44,734.25,1878775
2021-05-14 09:38:46,734.7,1879825
2021-05-14 09:38:47,734.65,1879877
2021-05-14 09:38:48,734.85,1881079
2021-05-14 09:38:49,735.0,1881926
2021-05-14 09:38:50,735.0,1882281
2021-05-14 09:38:51,735.05,1882337
2021-05-14 09:38:52,735.1,1882635
2021-05-14 09:38:53,735.4,1883085
2021-05-14 09:38:53,735.4,1883085
2021-05-14 09:38:55,735.6,1885643
2021-05-14 09:38:57,735.55,1886893
2021-05-14 09:38:59,735.45,1888550
2021-05-14 09:39:00,735.5,1888791
2021-05-14 09:39:01,735.9,1892907
2021-05-14 09:39:01,736.2,1892910
2021-05-14 09:39:02,736.3,1893325
2021-05-14 09:39:04,736.4,1893569
2021-05-14 09:39:05,736.4,1893934
2021-05-14 09:39:06,736.85,1901844
2021-05-14 09:39:07,736.85,1901950
2021-05-14 09:39:08,737.1,1902489
2021-05-14 09:39:09,737.0,1903049
2021-05-14 09:39:09,737.0,1903149
2021-05-14 09:39:11,737.45,1907186
2021-05-14 09:39:12,737.6,1909711
2021-05-14 09:39:13,737.65,1910721
2021-05-14 09:39:14,738.0,1911876
2021-05-14 09:39:15,738.0,1912055
2021-05-14 09:39:16,737.95,1912433
2021-05-14 09:39:17,738.0,1913560
2021-05-14 09:39:18,738.4,1924783
2021-05-14 09:39:18,738.15,1925813
2021-05-14 09:39:20,738.95,1928525
2021-05-14 09:39:21,738.95,1929735
2021-05-14 09:39:22,738.95,1930276
2021-05-14 09:39:23,738.95,1932546
2021-05-14 09:39:24,738.95,1932631
2021-05-14 09:39:25,738.95,1933737
2021-05-14 09:39:26,739.35,1937114
2021-05-14 09:39:27,739.7,1937593
2021-05-14 09:39:28,739.9,1939687
2021-05-14 09:39:28,739.9,1939651
2021-05-14 09:39:29,739.9,1940978
2021-05-14 09:39:30,739.9,1942755
2021-05-14 09:39:32,740.4,1950510
2021-05-14 09:39:34,740.2,1962242
2021-05-14 09:39:35,740.05,1964461
2021-05-14 09:39:36,739.45,1967919
2021-05-14 09:39:36,739.9,1968036
2021-05-14 09:39:38,739.75,1969173
2021-05-14 09:39:39,739.2,1974854
2021-05-14 09:39:40,739.4,1976221
2021-05-14 09:39:41,739.35,1980303
2021-05-14 09:39:42,739.15,1980729
2021-05-14 09:39:43,739.05,1981636
2021-05-14 09:39:43,739.15,1981671
2021-05-14 09:39:45,738.9,1982923
2021-05-14 09:39:46,738.9,1983675
2021-05-14 09:39:47,738.45,1984610
2021-05-14 09:39:48,738.65,1986091
2021-05-14 09:39:49,738.65,1987112
2021-05-14 09:39:50,738.0,1988159
2021-05-14 09:39:51,738.0,1988628
2021-05-14 09:39:51,738.25,1988629
2021-05-14 09:39:53,737.95,1989948
2021-05-14 09:39:54,738.15,1990233
2021-05-14 09:39:55,737.65,1991135
2021-05-14 09:39:56,737.9,1992894
2021-05-14 09:39:57,737.85,1993354
2021-05-14 09:39:58,737.85,1996135
2021-05-14 09:39:59,737.5,1996735
2021-05-14 09:40:00,737.45,1997009
2021-05-14 09:40:01,737.45,1997179
2021-05-14 09:40:02,737.25,1997535
2021-05-14 09:40:03,737.0,1999654
2021-05-14 09:40:04,737.0,1999693
2021-05-14 09:40:05,736.5,1999943
2021-05-14 09:40:08,736.8,2005630
2021-05-14 09:40:09,736.8,2005774
2021-05-14 09:40:11,736.75,2006825
2021-05-14 09:40:12,736.75,2008635
2021-05-14 09:40:13,736.9,2010798
2021-05-14 09:40:14,736.95,2010931
2021-05-14 09:40:15,737.35,2011855
2021-05-14 09:40:16,737.35,2011909
2021-05-14 09:40:18,737.0,2012309
2021-05-14 09:40:19,737.25,2012319
2021-05-14 09:40:20,736.95,2012371
2021-05-14 09:40:21,738.0,2016875
2021-05-14 09:40:22,737.95,2016999
2021-05-14 09:40:23,737.9,2017524
2021-05-14 09:40:25,737.55,2018670
2021-05-14 09:40:26,737.95,2018680
2021-05-14 09:40:27,738.4,2021367
2021-05-14 09:40:28,738.6,2022790
2021-05-14 09:40:29,738.6,2023002
2021-05-14 09:40:30,738.6,2023036
2021-05-14 09:40:31,738.6,2023227
2021-05-14 09:40:32,738.6,2023499
2021-05-14 09:40:33,738.45,2023902
2021-05-14 09:40:34,738.8,2023912
2021-05-14 09:40:35,738.35,2024293
2021-05-14 09:40:36,738.85,2024548
2021-05-14 09:40:38,738.5,2024819
2021-05-14 09:40:39,738.8,2027290
2021-05-14 09:40:40,738.55,2028835
2021-05-14 09:40:41,738.5,2029897
2021-05-14 09:40:42,738.35,2030049
2021-05-14 09:40:43,737.85,2031608
2021-05-14 09:40:44,738.15,2031688
2021-05-14 09:40:45,738.5,2032450
2021-05-14 09:40:46,738.55,2032505
2021-05-14 09:40:47,738.5,2032765
2021-05-14 09:40:49,738.95,2033220
2021-05-14 09:40:48,738.9,2033182
2021-05-14 09:40:50,739.15,2033332
2021-05-14 09:40:51,738.8,2033581
2021-05-14 09:40:52,738.9,2033698
2021-05-14 09:40:53,738.95,2034082
2021-05-14 09:40:54,738.95,2034346
2021-05-14 09:40:55,739.0,2035187
2021-05-14 09:40:56,738.95,2035262
2021-05-14 09:40:59,738.65,2037919
2021-05-14 09:41:00,739.0,2038879
2021-05-14 09:41:01,739.0,2038980
2021-05-14 09:41:02,739.0,2041239
2021-05-14 09:41:03,738.35,2042329
2021-05-14 09:41:04,738.4,2042581
2021-05-14 09:41:05,738.0,2047047
2021-05-14 09:41:06,738.05,2048068
2021-05-14 09:41:07,738.0,2048106
2021-05-14 09:41:08,737.55,2049176
2021-05-14 09:41:09,737.7,2051291
2021-05-14 09:41:10,737.1,2052886
2021-05-14 09:41:11,737.55,2054329
2021-05-14 09:41:12,737.1,2055126
2021-05-14 09:41:13,737.25,2055682
2021-05-14 09:41:14,737.15,2055854
2021-05-14 09:41:15,737.5,2056246
2021-05-14 09:41:16,737.5,2057874
2021-05-14 09:41:17,737.5,2060775
2021-05-14 09:41:18,737.05,2061635
2021-05-14 09:41:19,737.0,2061687
2021-05-14 09:41:20,737.0,2063677
2021-05-14 09:41:21,737.0,2063866
2021-05-14 09:41:22,736.6,2064784
2021-05-14 09:41:23,736.7,2064854
2021-05-14 09:41:24,736.7,2065029
2021-05-14 09:41:25,736.7,2065148
2021-05-14 09:41:26,736.85,2066276
2021-05-14 09:41:27,736.85,2066276
2021-05-14 09:41:28,737.4,2067140
2021-05-14 09:41:29,737.75,2067827
2021-05-14 09:41:30,738.05,2067937
2021-05-14 09:41:31,738.2,2067950
2021-05-14 09:41:32,737.9,2067996
2021-05-14 09:41:33,737.85,2068071
2021-05-14 09:41:34,737.85,2068071
2021-05-14 09:41:35,737.9,2068156
2021-05-14 09:41:36,737.15,2068472
2021-05-14 09:41:37,737.4,2069057
2021-05-14 09:41:38,737.25,2069630
2021-05-14 09:41:40,737.15,2069688
2021-05-14 09:41:41,737.15,2069798
2021-05-14 09:41:42,737.35,2069938
2021-05-14 09:41:43,737.4,2070051
2021-05-14 09:41:44,737.35,2070183
2021-05-14 09:41:45,737.6,2070233
2021-05-14 09:41:46,737.65,2070286
2021-05-14 09:41:47,737.9,2070596
2021-05-14 09:41:48,738.2,2071664
2021-05-14 09:41:49,738.2,2071664
2021-05-14 09:41:50,738.2,2071664
2021-05-14 09:41:51,738.4,2072260
2021-05-14 09:41:52,738.45,2073503
2021-05-14 09:41:53,738.7,2074709
2021-05-14 09:41:54,738.35,2074712
2021-05-14 09:41:55,738.4,2074762
2021-05-14 09:41:56,738.4,2074762
2021-05-14 09:41:57,738.4,2074822
2021-05-14 09:41:58,738.2,2074829
2021-05-14 09:41:59,738.4,2075207
2021-05-14 09:42:00,738.45,2075568
2021-05-14 09:42:01,739.0,2082634
2021-05-14 09:42:02,739.4,2083261
2021-05-14 09:42:03,739.15,2083274
2021-05-14 09:42:04,739.3,2083304
2021-05-14 09:42:05,738.8,2084257
2021-05-14 09:42:06,739.25,2084392
2021-05-14 09:42:07,739.4,2085023
2021-05-14 09:42:08,739.4,2085143
2021-05-14 09:42:10,739.1,2087418
2021-05-14 09:42:11,739.4,2087419
2021-05-14 09:42:13,739.6,2088538
2021-05-14 09:42:14,739.55,2089744
2021-05-14 09:42:16,739.9,2108719
2021-05-14 09:42:17,739.8,2109490
2021-05-14 09:42:18,740.2,2109493
2021-05-14 09:42:19,740.2,2110039
2021-05-14 09:42:20,740.2,2110704
2021-05-14 09:42:21,740.0,2112031
2021-05-14 09:42:22,740.8,2115289
2021-05-14 09:42:23,740.5,2115975
2021-05-14 09:42:24,740.95,2116407
2021-05-14 09:42:25,740.55,2117060
2021-05-14 09:42:26,740.65,2118613
2021-05-14 09:42:28,740.75,2119310
2021-05-14 09:42:29,740.9,2120213
2021-05-14 09:42:30,741.0,2121566
2021-05-14 09:42:31,741.3,2122814
2021-05-14 09:42:32,741.5,2123544
2021-05-14 09:42:33,741.5,2124314
2021-05-14 09:42:34,741.85,2126510
2021-05-14 09:42:35,741.7,2127298
2021-05-14 09:42:36,741.7,2127640
2021-05-14 09:42:37,743.0,2143042
2021-05-14 09:42:39,742.1,2148407
2021-05-14 09:42:40,742.2,2150306
2021-05-14 09:42:41,742.6,2151270
2021-05-14 09:42:42,741.8,2151640
2021-05-14 09:42:43,742.45,2161178
2021-05-14 09:42:44,742.45,2163287
2021-05-14 09:42:45,742.5,2164901
2021-05-14 09:42:46,742.35,2166913
2021-05-14 09:42:47,742.5,2170407
2021-05-14 09:42:48,742.55,2171023
2021-05-14 09:42:49,742.4,2171930
2021-05-14 09:42:50,742.4,2171930
2021-05-14 09:42:51,742.75,2173108
2021-05-14 09:42:52,742.05,2174686
2021-05-14 09:42:53,742.05,2174819
2021-05-14 09:42:54,742.5,2177409
2021-05-14 09:42:55,742.4,2179561
2021-05-14 09:42:56,742.0,2179846
2021-05-14 09:42:57,742.0,2186299
2021-05-14 09:42:58,741.75,2187964
2021-05-14 09:43:00,741.7,2189352
2021-05-14 09:43:02,741.85,2192842
2021-05-14 09:43:03,742.0,2193960
2021-05-14 09:43:04,742.0,2195017
2021-05-14 09:43:04,742.0,2194456
2021-05-14 09:43:06,741.85,2196368
2021-05-14 09:43:07,741.75,2197133
2021-05-14 09:43:08,741.45,2198528
2021-05-14 09:43:09,741.65,2201846
2021-05-14 09:43:10,741.7,2202949
2021-05-14 09:43:11,741.35,2204448
2021-05-14 09:43:12,741.85,2206141
2021-05-14 09:43:13,741.5,2206690
2021-05-14 09:43:14,741.7,2206756
2021-05-14 09:43:15,741.25,2206874
2021-05-14 09:43:16,741.25,2207085
2021-05-14 09:43:17,741.8,2209701
2021-05-14 09:43:18,741.35,2210491
2021-05-14 09:43:19,741.45,2210602
2021-05-14 09:43:20,741.25,2211097
2021-05-14 09:43:21,741.25,2211302
2021-05-14 09:43:22,741.25,2211940
2021-05-14 09:43:24,741.2,2212221
2021-05-14 09:43:25,741.2,2213273
2021-05-14 09:43:26,741.55,2213534
2021-05-14 09:43:27,741.45,2214255
2021-05-14 09:43:27,741.45,2214255
2021-05-14 09:43:28,741.45,2216528
2021-05-14 09:43:29,741.9,2218673
2021-05-14 09:43:30,741.6,2218903
2021-05-14 09:43:31,741.75,2219589
2021-05-14 09:43:32,741.9,2223375
2021-05-14 09:43:33,741.95,2223794
2021-05-14 09:43:34,742.0,2225819
2021-05-14 09:43:35,741.7,2226639
2021-05-14 09:43:37,741.95,2227736
2021-05-14 09:43:38,741.95,2228382
2021-05-14 09:43:39,742.0,2228784
2021-05-14 09:43:39,742.0,2228784
2021-05-14 09:43:40,742.0,2230089
2021-05-14 09:43:41,742.0,2230394
2021-05-14 09:43:42,742.05,2231501
2021-05-14 09:43:43,741.95,2231547
2021-05-14 09:43:44,742.2,2232120
2021-05-14 09:43:45,742.0,2232262
2021-05-14 09:43:46,742.2,2232706
2021-05-14 09:43:47,742.0,2232736
2021-05-14 09:43:48,742.0,2232736
2021-05-14 09:43:49,742.0,2232960
2021-05-14 09:43:51,741.75,2233417
2021-05-14 09:43:52,741.5,2236360
2021-05-14 09:43:52,741.5,2236360
2021-05-14 09:43:53,741.25,2236735
2021-05-14 09:43:54,741.25,2237281
2021-05-14 09:43:55,741.45,2237650
2021-05-14 09:43:57,741.45,2237867
2021-05-14 09:43:57,741.45,2238067
2021-05-14 09:43:58,741.05,2241431
2021-05-14 09:43:59,741.05,2241559
2021-05-14 09:44:00,741.25,2242452
2021-05-14 09:44:01,741.45,2242464
2021-05-14 09:44:02,741.45,2243257
2021-05-14 09:44:03,741.25,2243468
2021-05-14 09:44:04,741.6,2244027
2021-05-14 09:44:05,741.6,2244264
2021-05-14 09:44:06,741.6,2244289
2021-05-14 09:44:07,741.3,2244290
2021-05-14 09:44:08,741.45,2244416
2021-05-14 09:44:09,741.65,2245082
2021-05-14 09:44:10,742.0,2245762
2021-05-14 09:44:12,742.0,2245861
2021-05-14 09:44:13,741.75,2246261
2021-05-14 09:44:13,742.0,2246921
2021-05-14 09:44:14,742.25,2253995
2021-05-14 09:44:15,742.75,2256905
2021-05-14 09:44:16,742.7,2257090
2021-05-14 09:44:18,742.15,2257601
2021-05-14 09:44:19,742.5,2257851
2021-05-14 09:44:20,742.2,2257869
2021-05-14 09:44:21,742.3,2257987
2021-05-14 09:44:22,742.5,2258025
2021-05-14 09:44:23,742.5,2258031
2021-05-14 09:44:24,742.15,2259294
2021-05-14 09:44:25,742.15,2259298
2021-05-14 09:44:26,742.15,2259358
2021-05-14 09:44:26,742.15,2259358
2021-05-14 09:44:27,741.8,2261430
2021-05-14 09:44:28,741.8,2261698
2021-05-14 09:44:29,741.6,2262796
2021-05-14 09:44:30,741.65,2263003
2021-05-14 09:44:31,741.8,2263213
2021-05-14 09:44:32,740.85,2267111
2021-05-14 09:44:33,741.2,2267211
2021-05-14 09:44:34,741.15,2267474
2021-05-14 09:44:35,740.85,2270025
2021-05-14 09:44:36,740.8,2270185
2021-05-14 09:44:37,740.6,2270372
2021-05-14 09:44:38,740.8,2270991
2021-05-14 09:44:40,740.6,2271336
2021-05-14 09:44:41,740.25,2273533
2021-05-14 09:44:42,740.65,2273545
2021-05-14 09:44:43,740.6,2273767
2021-05-14 09:44:44,740.6,2274079
2021-05-14 09:44:45,740.6,2274199
2021-05-14 09:44:45,740.6,2274299
2021-05-14 09:44:46,740.35,2274315
2021-05-14 09:44:47,740.6,2274340
2021-05-14 09:44:48,740.6,2274954
2021-05-14 09:44:49,740.6,2275084
2021-05-14 09:44:50,740.6,2275169
2021-05-14 09:44:51,740.55,2275576
2021-05-14 09:44:52,740.55,2276181
2021-05-14 09:44:53,740.2,2276431
2021-05-14 09:44:54,740.6,2278188
2021-05-14 09:44:55,740.5,2278280
2021-05-14 09:44:56,740.05,2279622
2021-05-14 09:44:57,740.0,2279854
2021-05-14 09:44:58,740.0,2279854
2021-05-14 09:45:00,740.0,2285559
2021-05-14 09:45:01,739.9,2288187
2021-05-14 09:45:03,739.3,2289078
2021-05-14 09:45:05,739.2,2289683
2021-05-14 09:45:06,739.5,2291572
2021-05-14 09:45:06,739.5,2291272
2021-05-14 09:45:07,739.25,2291641
2021-05-14 09:45:08,739.05,2291823
2021-05-14 09:45:09,739.0,2292496
2021-05-14 09:45:10,738.8,2293009
2021-05-14 09:45:11,738.85,2293057
2021-05-14 09:45:12,738.25,2297236
2021-05-14 09:45:13,738.6,2298750
2021-05-14 09:45:14,738.4,2299595
2021-05-14 09:45:15,738.4,2300726
2021-05-14 09:45:16,738.05,2300858
2021-05-14 09:45:17,738.05,2302491
2021-05-14 09:45:18,738.05,2302976
2021-05-14 09:45:19,738.1,2303646
2021-05-14 09:45:20,738.0,2305586
2021-05-14 09:45:22,738.3,2305738
2021-05-14 09:45:23,738.0,2305863
2021-05-14 09:45:28,738.6,2309088
2021-05-14 09:45:29,738.5,2309320
2021-05-14 09:45:30,738.3,2309749
2021-05-14 09:45:31,738.15,2310781
2021-05-14 09:45:32,738.55,2311974
2021-05-14 09:45:33,738.5,2311985
2021-05-14 09:45:34,738.05,2312386
2021-05-14 09:45:35,738.2,2312612
2021-05-14 09:45:36,738.1,2312895
2021-05-14 09:45:37,738.35,2313062
2021-05-14 09:45:38,738.35,2313264
2021-05-14 09:45:39,738.35,2313311
2021-05-14 09:45:40,738.05,2314571
2021-05-14 09:45:41,738.35,2314721
2021-05-14 09:45:41,738.2,2314748
2021-05-14 09:45:42,738.35,2314910
2021-05-14 09:45:43,738.05,2315943
2021-05-14 09:45:44,738.35,2315991
2021-05-14 09:45:45,738.3,2316103
2021-05-14 09:45:46,738.1,2316729
2021-05-14 09:45:47,738.2,2317058
2021-05-14 09:45:48,738.0,2317420
2021-05-14 09:45:49,738.2,2317770
2021-05-14 09:45:50,738.2,2318374
2021-05-14 09:45:51,738.0,2318563
2021-05-14 09:45:53,738.0,2319157
2021-05-14 09:45:54,738.2,2319202
2021-05-14 09:45:55,738.0,2319327
2021-05-14 09:45:57,738.2,2320466
2021-05-14 09:45:58,738.5,2324383
2021-05-14 09:45:59,738.9,2327458
2021-05-14 09:46:00,738.55,2327473
2021-05-14 09:46:01,738.5,2327543
2021-05-14 09:46:02,738.5,2327759
2021-05-14 09:46:03,738.55,2327899
2021-05-14 09:46:05,739.6,2329256
2021-05-14 09:46:06,739.3,2330631
2021-05-14 09:46:07,739.65,2331732
2021-05-14 09:46:08,739.7,2333110
2021-05-14 09:46:08,739.8,2333410
2021-05-14 09:46:09,739.8,2333425
2021-05-14 09:46:10,739.8,2333952
2021-05-14 09:46:11,739.8,2334087
2021-05-14 09:46:12,739.65,2334158
2021-05-14 09:46:14,739.7,2334380
2021-05-14 09:46:15,740.3,2338333
2021-05-14 09:46:15,740.3,2338333
2021-05-14 09:46:16,740.7,2338698
2021-05-14 09:46:17,740.45,2338801
2021-05-14 09:46:18,740.7,2339352
2021-05-14 09:46:19,740.45,2339353
2021-05-14 09:46:20,741.0,2340072
2021-05-14 09:46:21,741.25,2342794
2021-05-14 09:46:22,741.3,2342849
2021-05-14 09:46:23,741.25,2343975
2021-05-14 09:46:24,741.5,2344935
2021-05-14 09:46:25,741.55,2346180
2021-05-14 09:46:27,741.55,2346604
2021-05-14 09:46:28,741.45,2346734
2021-05-14 09:46:29,741.45,2347043
2021-05-14 09:46:30,741.9,2347539
2021-05-14 09:46:31,741.55,2348203
2021-05-14 09:46:31,741.95,2348212
2021-05-14 09:46:35,741.8,2349875
2021-05-14 09:46:36,741.8,2350270
2021-05-14 09:46:37,741.8,2350501
2021-05-14 09:46:38,741.8,2351021
2021-05-14 09:46:39,741.9,2351336
2021-05-14 09:46:40,741.5,2351806
2021-05-14 09:46:41,741.3,2351856
2021-05-14 09:46:42,741.3,2352831
2021-05-14 09:46:44,741.5,2354090
2021-05-14 09:46:46,741.35,2354492
2021-05-14 09:46:47,741.4,2354811
2021-05-14 09:46:48,741.35,2354831
2021-05-14 09:46:49,741.35,2354985
2021-05-14 09:46:50,741.4,2355505
2021-05-14 09:46:51,741.3,2355531
2021-05-14 09:46:52,741.4,2355974
2021-05-14 09:46:53,741.3,2356075
2021-05-14 09:46:54,741.4,2356104
2021-05-14 09:46:54,741.4,2356104
2021-05-14 09:46:55,741.4,2356272
2021-05-14 09:46:56,741.1,2356372
2021-05-14 09:46:57,741.35,2357051
2021-05-14 09:46:59,741.4,2357166
2021-05-14 09:47:00,741.4,2357318
2021-05-14 09:47:01,741.4,2357445
2021-05-14 09:47:01,741.15,2357545
2021-05-14 09:47:02,741.4,2357550
2021-05-14 09:47:03,741.5,2358618
2021-05-14 09:47:04,741.5,2358678
2021-05-14 09:47:09,742.0,2365121
2021-05-14 09:47:10,742.0,2365494
2021-05-14 09:47:12,742.4,2365615
2021-05-14 09:47:13,742.0,2367034
2021-05-14 09:47:14,742.0,2367098
2021-05-14 09:47:15,742.0,2367311
2021-05-14 09:47:16,742.0,2367817
2021-05-14 09:47:17,741.8,2367818
2021-05-14 09:47:17,741.8,2367818
2021-05-14 09:47:18,742.2,2370728
2021-05-14 09:47:19,742.1,2370803
2021-05-14 09:47:20,741.85,2371068
2021-05-14 09:47:21,741.9,2371459
2021-05-14 09:47:22,741.7,2371978
2021-05-14 09:47:23,741.95,2372068
2021-05-14 09:47:24,742.4,2374003
2021-05-14 09:47:25,742.1,2374722
2021-05-14 09:47:27,742.1,2375058
2021-05-14 09:47:28,742.35,2375434
2021-05-14 09:47:29,742.0,2376640
2021-05-14 09:47:30,742.0,2377743
2021-05-14 09:47:31,742.4,2378283
2021-05-14 09:47:32,742.4,2378283
2021-05-14 09:47:33,742.4,2378420
2021-05-14 09:47:33,742.4,2378420
2021-05-14 09:47:34,742.15,2378427
2021-05-14 09:47:35,742.35,2378852
2021-05-14 09:47:36,742.0,2381402
2021-05-14 09:47:38,742.0,2382297
2021-05-14 09:47:37,741.9,2381894
2021-05-14 09:47:39,742.0,2382298
2021-05-14 09:47:40,742.0,2382383
2021-05-14 09:47:42,741.95,2383259
2021-05-14 09:47:43,741.8,2385317
2021-05-14 09:47:44,741.8,2385328
2021-05-14 09:47:45,741.75,2385618
2021-05-14 09:47:47,741.55,2385796
2021-05-14 09:47:47,741.4,2385854
2021-05-14 09:47:48,741.5,2386029
2021-05-14 09:47:50,741.25,2386109
2021-05-14 09:47:51,740.75,2390111
2021-05-14 09:47:52,740.95,2391134
2021-05-14 09:47:53,740.95,2391804
2021-05-14 09:47:54,740.95,2392105
2021-05-14 09:47:55,740.55,2392140
2021-05-14 09:47:56,740.85,2392711
2021-05-14 09:47:57,741.0,2392918
2021-05-14 09:47:58,741.0,2392993
2021-05-14 09:47:59,741.65,2395218
2021-05-14 09:48:00,741.9,2395407
2021-05-14 09:48:01,741.5,2395917
2021-05-14 09:48:02,741.9,2397588
2021-05-14 09:48:03,742.0,2397608
2021-05-14 09:48:04,741.8,2397638
2021-05-14 09:48:05,742.0,2397953
2021-05-14 09:48:06,742.0,2398158
2021-05-14 09:48:07,741.9,2400742
2021-05-14 09:48:08,741.95,2402926
2021-05-14 09:48:09,741.85,2403809
2021-05-14 09:48:10,742.5,2406905
2021-05-14 09:48:11,742.25,2407279
2021-05-14 09:48:12,742.2,2407684
2021-05-14 09:48:13,742.2,2408684
2021-05-14 09:48:15,742.5,2410279
2021-05-14 09:48:16,742.9,2413292
2021-05-14 09:48:17,743.0,2415122
2021-05-14 09:48:18,742.9,2415296
2021-05-14 09:48:19,742.9,2417544
2021-05-14 09:48:20,742.95,2422910
2021-05-14 09:48:21,743.05,2423914
2021-05-14 09:48:21,743.45,2423917
2021-05-14 09:48:22,743.65,2425560
2021-05-14 09:48:23,743.65,2425763
2021-05-14 09:48:24,743.6,2426904
2021-05-14 09:48:25,743.35,2427441
2021-05-14 09:48:26,743.35,2427655
2021-05-14 09:48:27,743.15,2427907
2021-05-14 09:48:29,743.15,2428817
2021-05-14 09:48:30,742.85,2429376
2021-05-14 09:48:31,742.85,2429633
2021-05-14 09:48:32,742.85,2430236
2021-05-14 09:48:33,742.65,2430586
2021-05-14 09:48:34,742.85,2431192
2021-05-14 09:48:35,742.85,2431437
2021-05-14 09:48:37,742.65,2431468
2021-05-14 09:48:38,743.45,2433708
2021-05-14 09:48:39,743.45,2433809
2021-05-14 09:48:40,743.05,2433989
2021-05-14 09:48:41,743.4,2434422
2021-05-14 09:48:42,743.4,2434442
2021-05-14 09:48:43,743.4,2434762
2021-05-14 09:48:44,743.4,2435373
2021-05-14 09:48:45,743.05,2435773
2021-05-14 09:48:45,743.4,2435776
2021-05-14 09:48:46,743.55,2437304
2021-05-14 09:48:47,743.6,2437925
2021-05-14 09:48:48,743.65,2438227
2021-05-14 09:48:49,743.25,2438457
2021-05-14 09:48:51,743.65,2439737
2021-05-14 09:48:52,743.55,2441073
2021-05-14 09:48:53,744.4,2448141
2021-05-14 09:48:54,744.1,2448602
2021-05-14 09:48:55,744.4,2449682
2021-05-14 09:48:58,744.4,2451041
2021-05-14 09:48:59,744.4,2451101
2021-05-14 09:49:00,744.15,2451873
2021-05-14 09:49:01,743.65,2454275
2021-05-14 09:49:02,743.3,2454828
2021-05-14 09:49:03,743.5,2455133
2021-05-14 09:49:03,743.5,2455133
2021-05-14 09:49:05,743.45,2456597
2021-05-14 09:49:06,743.5,2456756
2021-05-14 09:49:07,743.5,2457106
2021-05-14 09:49:08,743.5,2458001
2021-05-14 09:49:09,743.5,2458174
2021-05-14 09:49:10,743.95,2459231
2021-05-14 09:49:12,743.35,2459649
2021-05-14 09:49:13,743.6,2459879
2021-05-14 09:49:14,743.1,2460674
2021-05-14 09:49:15,743.4,2462067
2021-05-14 09:49:16,743.45,2466651
2021-05-14 09:49:17,743.05,2467948
2021-05-14 09:49:18,743.4,2467973
2021-05-14 09:49:20,743.4,2468343
2021-05-14 09:49:21,743.4,2468859
2021-05-14 09:49:22,743.4,2468859
2021-05-14 09:49:22,743.45,2469200
2021-05-14 09:49:23,743.15,2469392
2021-05-14 09:49:24,743.15,2469578
2021-05-14 09:49:25,743.9,2481964
2021-05-14 09:49:26,744.0,2481985
2021-05-14 09:49:27,744.0,2482515
2021-05-14 09:49:28,743.8,2482666
2021-05-14 09:49:30,743.7,2484092
2021-05-14 09:49:31,743.7,2484990
2021-05-14 09:49:32,743.8,2485106
2021-05-14 09:49:33,743.9,2485459
2021-05-14 09:49:33,743.9,2485459
2021-05-14 09:49:35,743.95,2487343
2021-05-14 09:49:36,743.7,2488964
2021-05-14 09:49:37,743.85,2490030
2021-05-14 09:49:38,743.8,2490040
2021-05-14 09:49:39,743.7,2490482
2021-05-14 09:49:40,743.8,2490585
2021-05-14 09:49:41,743.65,2491377
2021-05-14 09:49:42,743.35,2491922
2021-05-14 09:49:42,743.45,2491919
2021-05-14 09:49:43,743.35,2491922
2021-05-14 09:49:45,743.7,2491974
2021-05-14 09:49:46,743.2,2492769
2021-05-14 09:49:47,743.1,2493747
2021-05-14 09:49:48,743.3,2494301
2021-05-14 09:49:49,743.45,2494552
2021-05-14 09:49:50,743.45,2494566
2021-05-14 09:49:51,743.3,2494587
2021-05-14 09:49:52,743.2,2495017
2021-05-14 09:49:53,744.15,2502757
2021-05-14 09:49:53,744.2,2502758
2021-05-14 09:49:54,744.15,2503248
2021-05-14 09:49:55,744.0,2515707
2021-05-14 09:49:57,744.4,2516968
2021-05-14 09:49:58,744.4,2516968
2021-05-14 09:49:59,744.0,2517372
2021-05-14 09:50:01,744.15,2520611
2021-05-14 09:50:02,744.3,2520624
2021-05-14 09:50:03,744.15,2521500
2021-05-14 09:50:04,744.5,2522878
2021-05-14 09:50:05,744.5,2522998
2021-05-14 09:50:05,744.15,2523148
2021-05-14 09:50:07,744.4,2523365
2021-05-14 09:50:08,744.2,2523500
2021-05-14 09:50:09,744.9,2527163
2021-05-14 09:50:10,744.45,2527442
2021-05-14 09:50:11,744.95,2527910
2021-05-14 09:50:11,744.9,2527930
2021-05-14 09:50:12,745.05,2541752
2021-05-14 09:50:13,745.35,2543586
2021-05-14 09:50:14,745.55,2544189
2021-05-14 09:50:16,745.2,2544653
2021-05-14 09:50:17,745.5,2544994
2021-05-14 09:50:18,745.05,2545500
2021-05-14 09:50:19,745.15,2546491
2021-05-14 09:50:21,745.1,2548383
2021-05-14 09:50:21,744.8,2548281
2021-05-14 09:50:22,745.1,2549019
2021-05-14 09:50:23,744.5,2550043
2021-05-14 09:50:24,744.8,2551351
2021-05-14 09:50:25,745.05,2553122
2021-05-14 09:50:26,744.5,2555465
2021-05-14 09:50:27,744.5,2556748
2021-05-14 09:50:28,745.1,2558059
2021-05-14 09:50:29,745.3,2559175
2021-05-14 09:50:30,744.85,2559326
2021-05-14 09:50:32,745.0,2560021
2021-05-14 09:50:32,745.0,2560081
2021-05-14 09:50:34,745.0,2560472
2021-05-14 09:50:35,744.75,2561099
2021-05-14 09:50:36,744.85,2562450
2021-05-14 09:50:37,744.45,2563561
2021-05-14 09:50:38,744.7,2563593
2021-05-14 09:50:38,744.35,2563804
2021-05-14 09:50:39,744.4,2565799
2021-05-14 09:50:40,744.15,2566769
2021-05-14 09:50:41,744.3,2566832
2021-05-14 09:50:43,744.3,2569720
2021-05-14 09:50:43,744.0,2569848
2021-05-14 09:50:45,744.1,2569913
2021-05-14 09:50:46,743.9,2572003
2021-05-14 09:50:48,744.3,2573561
2021-05-14 09:50:49,744.35,2573768
2021-05-14 09:50:54,743.9,2580854
2021-05-14 09:50:55,743.85,2581230
2021-05-14 09:50:55,744.25,2581030
2021-05-14 09:50:57,744.0,2581257
2021-05-14 09:50:58,743.1,2591612
2021-05-14 09:50:58,743.0,2592909
2021-05-14 09:51:00,743.55,2593992
2021-05-14 09:51:01,743.6,2594019
2021-05-14 09:51:02,743.15,2594529
2021-05-14 09:51:03,743.15,2594529
2021-05-14 09:51:04,743.3,2594790
2021-05-14 09:51:05,743.1,2595140
2021-05-14 09:51:06,743.15,2595161
2021-05-14 09:51:07,743.5,2595741
2021-05-14 09:51:08,743.3,2595766
2021-05-14 09:51:08,743.3,2595766
2021-05-14 09:51:09,743.25,2595916
2021-05-14 09:51:10,743.5,2596021
2021-05-14 09:51:11,743.5,2596753
2021-05-14 09:51:12,743.15,2596763
2021-05-14 09:51:13,743.45,2596884
2021-05-14 09:51:14,743.25,2596992
2021-05-14 09:51:15,743.25,2597022
2021-05-14 09:51:16,743.25,2597174
2021-05-14 09:51:17,743.45,2597274
2021-05-14 09:51:19,743.25,2597463
2021-05-14 09:51:20,743.25,2597513
2021-05-14 09:51:21,743.45,2598055
2021-05-14 09:51:22,743.45,2598157
2021-05-14 09:51:23,743.45,2598223
2021-05-14 09:51:24,743.45,2598223
2021-05-14 09:51:25,743.2,2598573
2021-05-14 09:51:26,743.45,2598987
2021-05-14 09:51:27,744.3,2603704
2021-05-14 09:51:28,744.0,2604044
2021-05-14 09:51:30,744.0,2604806
2021-05-14 09:51:31,744.3,2604882
2021-05-14 09:51:32,744.05,2605495
2021-05-14 09:51:33,744.0,2606640
2021-05-14 09:51:34,744.0,2606819
2021-05-14 09:51:35,744.0,2606937
2021-05-14 09:51:36,744.35,2606991
2021-05-14 09:51:37,744.3,2607067
2021-05-14 09:51:38,744.0,2607133
2021-05-14 09:51:39,744.0,2607133
2021-05-14 09:51:40,744.3,2607171
2021-05-14 09:51:41,744.3,2607469
2021-05-14 09:51:42,744.3,2607469
2021-05-14 09:51:43,744.3,2607469
2021-05-14 09:51:44,744.35,2607569
2021-05-14 09:51:45,744.4,2607732
2021-05-14 09:51:46,744.4,2607770
2021-05-14 09:51:47,744.35,2608070
2021-05-14 09:51:48,744.2,2608090
2021-05-14 09:51:49,744.05,2609319
2021-05-14 09:51:50,744.05,2609319
2021-05-14 09:51:51,743.85,2609384
2021-05-14 09:51:52,743.6,2609899
2021-05-14 09:51:53,743.85,2611410
2021-05-14 09:51:54,743.85,2612083
2021-05-14 09:51:55,743.45,2612102
2021-05-14 09:51:56,743.6,2613302
2021-05-14 09:51:57,743.6,2613302
2021-05-14 09:51:58,743.35,2613489
2021-05-14 09:51:59,743.35,2613551
2021-05-14 09:52:00,743.35,2614451
2021-05-14 09:52:01,743.25,2614552
2021-05-14 09:52:02,743.25,2615255
2021-05-14 09:52:03,743.35,2615445
2021-05-14 09:52:04,743.25,2615740
2021-05-14 09:52:05,743.25,2615740
2021-05-14 09:52:06,743.25,2615740
2021-05-14 09:52:07,743.25,2615873
2021-05-14 09:52:08,743.25,2615873
2021-05-14 09:52:09,743.0,2619170
2021-05-14 09:52:10,742.8,2628335
2021-05-14 09:52:11,742.8,2628335
2021-05-14 09:52:12,742.8,2628437
2021-05-14 09:52:13,742.8,2629439
2021-05-14 09:52:14,742.65,2629713
2021-05-14 09:52:15,742.6,2630216
2021-05-14 09:52:16,742.5,2630290
2021-05-14 09:52:17,742.4,2630691
2021-05-14 09:52:18,742.25,2630891
2021-05-14 09:52:19,742.35,2633051
2021-05-14 09:52:20,742.1,2633254
2021-05-14 09:52:21,742.0,2633497
2021-05-14 09:52:22,742.0,2634131
2021-05-14 09:52:23,742.0,2634450
2021-05-14 09:52:24,742.0,2635764
2021-05-14 09:52:25,742.2,2636946
2021-05-14 09:52:26,742.2,2636968
2021-05-14 09:52:27,742.25,2637025
2021-05-14 09:52:28,742.6,2638056
2021-05-14 09:52:29,742.55,2638581
2021-05-14 09:52:30,742.6,2638892
2021-05-14 09:52:31,742.65,2638902
2021-05-14 09:52:32,742.95,2640024
2021-05-14 09:52:33,743.25,2640159
2021-05-14 09:52:34,743.45,2640559
2021-05-14 09:52:35,743.4,2640939
2021-05-14 09:52:36,743.4,2640939
2021-05-14 09:52:37,743.4,2640939
2021-05-14 09:52:38,743.35,2641118
2021-05-14 09:52:39,743.35,2641202
2021-05-14 09:52:40,743.2,2641474
2021-05-14 09:52:41,743.45,2641694
2021-05-14 09:52:42,743.45,2641694
2021-05-14 09:52:43,743.35,2642203
2021-05-14 09:52:44,743.25,2642314
2021-05-14 09:52:45,743.5,2642326
2021-05-14 09:52:46,743.35,2642426
2021-05-14 09:52:47,743.2,2642526
2021-05-14 09:52:48,743.5,2642747
2021-05-14 09:52:50,743.3,2642760
2021-05-14 09:52:49,743.3,2642760
2021-05-14 09:52:51,743.5,2642785
2021-05-14 09:52:52,743.95,2644232
2021-05-14 09:52:53,743.6,2644532
2021-05-14 09:52:54,743.6,2644532
2021-05-14 09:52:55,743.85,2644537
2021-05-14 09:52:56,743.85,2644621
2021-05-14 09:52:57,743.55,2644821
2021-05-14 09:52:59,743.65,2645572
2021-05-14 09:53:00,743.9,2645749
2021-05-14 09:53:01,743.85,2645770
2021-05-14 09:53:02,743.95,2645823
2021-05-14 09:53:03,744.0,2645829
2021-05-14 09:53:04,744.0,2646212
2021-05-14 09:53:05,743.85,2646318
2021-05-14 09:53:06,743.85,2646318
2021-05-14 09:53:07,743.85,2646577
2021-05-14 09:53:08,744.0,2646628
2021-05-14 09:53:09,744.0,2646674
2021-05-14 09:53:10,744.0,2646676
2021-05-14 09:53:11,743.85,2647530
2021-05-14 09:53:12,743.85,2647553
2021-05-14 09:53:13,743.85,2647553
2021-05-14 09:53:14,743.85,2647572
2021-05-14 09:53:15,743.75,2647648
2021-05-14 09:53:17,743.4,2648000
2021-05-14 09:53:18,743.6,2648210
2021-05-14 09:53:19,743.4,2650375
2021-05-14 09:53:20,743.4,2650375
2021-05-14 09:53:21,743.35,2650385
2021-05-14 09:53:23,743.65,2650402
2021-05-14 09:53:24,743.45,2651735
2021-05-14 09:53:25,743.4,2651789
2021-05-14 09:53:26,743.4,2651789
2021-05-14 09:53:27,743.3,2652093
2021-05-14 09:53:28,743.4,2652096
2021-05-14 09:53:29,743.3,2652105
2021-05-14 09:53:30,743.0,2653125
2021-05-14 09:53:31,743.15,2654128
2021-05-14 09:53:32,743.15,2654166
2021-05-14 09:53:33,743.2,2655385
2021-05-14 09:53:34,743.1,2657546
2021-05-14 09:53:35,744.0,2658213
2021-05-14 09:53:36,743.7,2658393
2021-05-14 09:53:37,743.6,2658403
2021-05-14 09:53:38,743.85,2658463
2021-05-14 09:53:40,743.7,2658615
2021-05-14 09:53:42,743.85,2659687
2021-05-14 09:53:43,744.1,2669023
2021-05-14 09:53:45,744.0,2669223
2021-05-14 09:53:45,744.05,2669213
2021-05-14 09:53:46,744.2,2669923
2021-05-14 09:53:47,743.9,2669933
2021-05-14 09:53:48,743.9,2669933
2021-05-14 09:53:49,743.9,2669933
2021-05-14 09:53:50,743.9,2670133
2021-05-14 09:53:51,744.0,2670496
2021-05-14 09:53:52,743.95,2672003
2021-05-14 09:53:53,744.05,2672340
2021-05-14 09:53:54,744.1,2672402
2021-05-14 09:53:55,743.95,2672429
2021-05-14 09:53:56,743.9,2672592
2021-05-14 09:53:57,744.1,2672598
2021-05-14 09:53:58,744.1,2672598
2021-05-14 09:53:59,743.8,2676323
2021-05-14 09:54:00,744.0,2676403
2021-05-14 09:54:01,744.0,2677044
2021-05-14 09:54:02,744.2,2677181
2021-05-14 09:54:03,744.1,2677268
2021-05-14 09:54:04,743.8,2678279
2021-05-14 09:54:05,744.25,2678419
2021-05-14 09:54:06,744.25,2678419
2021-05-14 09:54:08,744.25,2678597
2021-05-14 09:54:09,744.2,2678653
2021-05-14 09:54:09,744.2,2678653
2021-05-14 09:54:10,744.1,2679991
2021-05-14 09:54:11,744.1,2681061
2021-05-14 09:54:12,743.9,2681361
2021-05-14 09:54:13,743.9,2681663
2021-05-14 09:54:14,744.2,2681987
2021-05-14 09:54:15,744.3,2682230
2021-05-14 09:54:16,744.05,2682400
2021-05-14 09:54:17,744.45,2683285
2021-05-14 09:54:18,744.45,2683337
2021-05-14 09:54:19,744.7,2684286
2021-05-14 09:54:20,744.9,2684406
2021-05-14 09:54:21,744.9,2684412
2021-05-14 09:54:22,744.5,2685272
2021-05-14 09:54:23,744.5,2685321
2021-05-14 09:54:24,744.5,2685482
2021-05-14 09:54:25,744.5,2685507
2021-05-14 09:54:27,744.45,2685806
2021-05-14 09:54:27,744.45,2685806
2021-05-14 09:54:28,744.8,2685933
2021-05-14 09:54:29,744.45,2685945
2021-05-14 09:54:30,744.75,2685959
2021-05-14 09:54:31,744.75,2688084
2021-05-14 09:54:32,744.75,2688084
2021-05-14 09:54:33,744.8,2689049
2021-05-14 09:54:34,744.8,2689056
2021-05-14 09:54:35,744.8,2689127
2021-05-14 09:54:36,744.7,2689427
2021-05-14 09:54:37,744.5,2691187
2021-05-14 09:54:38,744.5,2691187
2021-05-14 09:54:39,744.45,2691230
2021-05-14 09:54:40,744.45,2691490
2021-05-14 09:54:41,744.45,2691490
2021-05-14 09:54:42,744.45,2691491
2021-05-14 09:54:43,744.45,2692295
2021-05-14 09:54:44,744.3,2692600
2021-05-14 09:54:45,744.25,2692993
2021-05-14 09:54:47,744.45,2693093
2021-05-14 09:54:47,744.45,2693103
2021-05-14 09:54:49,744.45,2693241
2021-05-14 09:54:50,744.2,2694082
2021-05-14 09:54:51,744.2,2694082
2021-05-14 09:54:52,744.45,2695091
2021-05-14 09:54:53,744.2,2695353
2021-05-14 09:54:54,744.45,2696922
2021-05-14 09:54:55,744.65,2697218
2021-05-14 09:54:56,744.65,2698252
2021-05-14 09:54:57,744.2,2698405
2021-05-14 09:54:58,744.2,2700119
2021-05-14 09:54:59,744.25,2700239
2021-05-14 09:55:00,744.25,2705231
2021-05-14 09:55:01,744.2,2706621
2021-05-14 09:55:03,744.2,2707132
2021-05-14 09:55:03,744.2,2707132
2021-05-14 09:55:04,744.2,2707358
2021-05-14 09:55:05,744.2,2707419
2021-05-14 09:55:06,744.2,2707629
2021-05-14 09:55:07,744.0,2708104
2021-05-14 09:55:08,744.0,2708319
2021-05-14 09:55:10,743.95,2711672
2021-05-14 09:55:11,743.95,2711727
2021-05-14 09:55:12,743.7,2711768
2021-05-14 09:55:13,743.7,2712773
2021-05-14 09:55:14,743.9,2712837
2021-05-14 09:55:15,743.9,2712837
2021-05-14 09:55:16,743.9,2712922
2021-05-14 09:55:17,743.9,2713362
2021-05-14 09:55:18,743.55,2713372
2021-05-14 09:55:19,743.5,2713827
2021-05-14 09:55:20,743.5,2713827
2021-05-14 09:55:21,743.5,2713827
2021-05-14 09:55:22,743.5,2713827
2021-05-14 09:55:24,743.8,2713933
2021-05-14 09:55:25,743.5,2714294
2021-05-14 09:55:25,743.5,2714294
2021-05-14 09:55:26,743.75,2716896
2021-05-14 09:55:27,744.0,2718186
2021-05-14 09:55:28,744.1,2718698
2021-05-14 09:55:29,744.45,2718869
2021-05-14 09:55:30,744.15,2719069
2021-05-14 09:55:31,744.45,2719073
2021-05-14 09:55:32,744.45,2719073
2021-05-14 09:55:33,744.35,2719183
2021-05-14 09:55:34,744.7,2720606
2021-05-14 09:55:35,744.7,2720606
2021-05-14 09:55:36,744.7,2721186
2021-05-14 09:55:37,744.45,2721493
2021-05-14 09:55:39,744.7,2721873
2021-05-14 09:55:39,744.45,2721493
2021-05-14 09:55:40,744.05,2723643
2021-05-14 09:55:41,744.0,2723838
2021-05-14 09:55:42,744.0,2724894
2021-05-14 09:55:43,743.8,2725431
2021-05-14 09:55:44,743.8,2725432
2021-05-14 09:55:45,743.7,2725742
2021-05-14 09:55:46,743.9,2725844
2021-05-14 09:55:47,743.45,2726104
2021-05-14 09:55:48,743.4,2726115
2021-05-14 09:55:49,743.4,2726125
2021-05-14 09:55:53,743.7,2726582
2021-05-14 09:55:53,743.7,2726582
2021-05-14 09:55:54,743.35,2726686
2021-05-14 09:55:55,743.65,2726714
2021-05-14 09:55:56,743.65,2726763
2021-05-14 09:55:57,743.65,2726783
2021-05-14 09:55:58,743.65,2727119
2021-05-14 09:55:59,743.7,2727259
2021-05-14 09:56:00,743.15,2727412
2021-05-14 09:56:02,743.3,2727444
2021-05-14 09:56:03,743.15,2728144
2021-05-14 09:56:07,743.1,2735899
2021-05-14 09:56:08,743.1,2737203
2021-05-14 09:56:10,742.75,2737365
2021-05-14 09:56:11,742.85,2738924
2021-05-14 09:56:12,742.45,2740339
2021-05-14 09:56:13,742.7,2740688
2021-05-14 09:56:13,742.35,2740638
2021-05-14 09:56:14,742.35,2740798
2021-05-14 09:56:15,742.7,2740848
2021-05-14 09:56:16,742.1,2741353
2021-05-14 09:56:17,742.4,2741403
2021-05-14 09:56:18,742.1,2743536
2021-05-14 09:56:19,742.45,2744079
2021-05-14 09:56:21,742.6,2744779
2021-05-14 09:56:22,742.2,2745039
2021-05-14 09:56:23,742.1,2745267
2021-05-14 09:56:23,742.1,2745267
2021-05-14 09:56:24,742.4,2746211
2021-05-14 09:56:25,742.45,2746597
2021-05-14 09:56:26,742.45,2746617
2021-05-14 09:56:27,742.0,2747180
2021-05-14 09:56:28,742.0,2747250
2021-05-14 09:56:29,742.0,2747512
2021-05-14 09:56:30,742.1,2747617
2021-05-14 09:56:32,742.1,2747622
2021-05-14 09:56:33,742.1,2747752
2021-05-14 09:56:33,742.0,2747827
2021-05-14 09:56:34,742.0,2747897
2021-05-14 09:56:35,742.0,2748211
2021-05-14 09:56:36,742.0,2748211
2021-05-14 09:56:37,742.0,2752374
2021-05-14 09:56:38,742.0,2755094
2021-05-14 09:56:39,741.9,2755682
2021-05-14 09:56:40,741.6,2755692
2021-05-14 09:56:42,741.6,2755975
2021-05-14 09:56:43,741.6,2756026
2021-05-14 09:56:44,741.75,2756581
2021-05-14 09:56:45,741.75,2756795
2021-05-14 09:56:46,741.6,2757249
2021-05-14 09:56:46,741.6,2757274
2021-05-14 09:56:47,741.6,2757384
2021-05-14 09:56:48,741.6,2757624
2021-05-14 09:56:50,741.75,2757837
2021-05-14 09:56:51,741.0,2759596
2021-05-14 09:56:52,741.05,2759712
2021-05-14 09:56:52,741.4,2759671
2021-05-14 09:56:53,741.4,2760138
2021-05-14 09:56:54,741.15,2761418
2021-05-14 09:56:55,741.7,2762613
2021-05-14 09:56:56,741.75,2764623
2021-05-14 09:56:57,742.0,2765588
2021-05-14 09:56:58,741.75,2765865
2021-05-14 09:56:59,742.0,2766166
2021-05-14 09:57:00,742.0,2766390
2021-05-14 09:57:01,741.75,2766400
2021-05-14 09:57:02,741.7,2766473
2021-05-14 09:57:04,741.7,2766473
2021-05-14 09:57:05,742.65,2772805
2021-05-14 09:57:06,742.65,2773076
2021-05-14 09:57:07,742.65,2773757
2021-05-14 09:57:07,742.65,2773757
2021-05-14 09:57:08,742.4,2773787
2021-05-14 09:57:09,742.35,2773892
2021-05-14 09:57:10,742.15,2774906
2021-05-14 09:57:11,742.0,2775686
2021-05-14 09:57:12,742.35,2775732
2021-05-14 09:57:13,742.35,2775732
2021-05-14 09:57:14,742.15,2775960
2021-05-14 09:57:15,742.1,2776097
2021-05-14 09:57:16,741.5,2780084
2021-05-14 09:57:18,741.65,2780384
2021-05-14 09:57:19,741.65,2780663
2021-05-14 09:57:20,741.15,2783181
2021-05-14 09:57:22,741.3,2784924
2021-05-14 09:57:22,741.3,2784924
2021-05-14 09:57:24,741.9,2787011
2021-05-14 09:57:25,742.35,2789662
2021-05-14 09:57:26,743.1,2794500
2021-05-14 09:57:27,743.95,2796220
2021-05-14 09:57:27,744.3,2798141
2021-05-14 09:57:28,744.1,2798189
2021-05-14 09:57:29,744.1,2798189
2021-05-14 09:57:30,744.1,2798189
2021-05-14 09:57:31,744.15,2798789
2021-05-14 09:57:32,744.2,2798843
2021-05-14 09:57:33,744.45,2799050
2021-05-14 09:57:34,744.25,2799182
2021-05-14 09:57:35,744.25,2799205
2021-05-14 09:57:36,744.35,2799298
2021-05-14 09:57:37,744.2,2800286
2021-05-14 09:57:39,744.2,2800291
2021-05-14 09:57:40,744.5,2803482
2021-05-14 09:57:40,744.5,2803482
2021-05-14 09:57:41,744.1,2803638
2021-05-14 09:57:42,744.3,2803739
2021-05-14 09:57:43,744.3,2803799
2021-05-14 09:57:44,744.3,2804187
2021-05-14 09:57:45,744.05,2804707
2021-05-14 09:57:46,744.05,2804823
2021-05-14 09:57:47,744.05,2804827
2021-05-14 09:57:48,744.05,2804937
2021-05-14 09:57:50,744.05,2805012
2021-05-14 09:57:51,744.2,2805022
2021-05-14 09:57:52,743.95,2805504
2021-05-14 09:57:53,743.7,2805974
2021-05-14 09:57:53,744.0,2806059
2021-05-14 09:57:54,744.0,2806060
2021-05-14 09:57:55,744.05,2807294
2021-05-14 09:57:57,744.2,2807754
2021-05-14 09:57:58,744.2,2807904
2021-05-14 09:57:59,744.45,2811507
2021-05-14 09:58:00,744.7,2811689
2021-05-14 09:58:01,744.6,2813286
2021-05-14 09:58:02,744.9,2814222
2021-05-14 09:58:03,744.9,2814361
2021-05-14 09:58:04,744.9,2814361
2021-05-14 09:58:05,744.9,2814371
2021-05-14 09:58:06,744.9,2814371
2021-05-14 09:58:07,744.9,2815514
2021-05-14 09:58:08,744.9,2815582
2021-05-14 09:58:09,744.8,2818194
2021-05-14 09:58:10,744.8,2818241
2021-05-14 09:58:11,744.55,2818273
2021-05-14 09:58:12,744.55,2818582
2021-05-14 09:58:14,744.85,2818652
2021-05-14 09:58:15,744.3,2819929
2021-05-14 09:58:16,744.05,2820092
2021-05-14 09:58:17,744.05,2820092
2021-05-14 09:58:18,744.05,2820122
2021-05-14 09:58:19,744.0,2822157
2021-05-14 09:58:20,744.0,2822157
2021-05-14 09:58:21,744.3,2822862
2021-05-14 09:58:22,744.3,2822862
2021-05-14 09:58:23,744.4,2824072
2021-05-14 09:58:24,744.3,2825139
2021-05-14 09:58:25,744.2,2825244
2021-05-14 09:58:26,744.2,2825246
2021-05-14 09:58:27,744.2,2825246
2021-05-14 09:58:28,743.85,2828201
2021-05-14 09:58:29,743.8,2828461
2021-05-14 09:58:30,743.8,2828461
2021-05-14 09:58:31,743.35,2828711
2021-05-14 09:58:31,743.35,2828711
2021-05-14 09:58:32,743.35,2828711
2021-05-14 09:58:33,743.35,2828851
2021-05-14 09:58:34,743.4,2828958
2021-05-14 09:58:35,743.65,2829018
2021-05-14 09:58:36,743.7,2830056
2021-05-14 09:58:37,743.7,2830193
2021-05-14 09:58:38,744.0,2830198
2021-05-14 09:58:39,744.0,2830223
2021-05-14 09:58:42,743.75,2830328
2021-05-14 09:58:45,743.95,2830450
2021-05-14 09:58:46,743.85,2830550
2021-05-14 09:58:47,743.85,2830550
2021-05-14 09:58:48,743.5,2830583
2021-05-14 09:58:49,743.75,2830610
2021-05-14 09:58:50,743.75,2830688
2021-05-14 09:58:51,743.45,2830738
2021-05-14 09:58:52,743.45,2830738
2021-05-14 09:58:53,743.7,2831009
2021-05-14 09:58:54,743.6,2831032
2021-05-14 09:58:55,743.6,2831032
2021-05-14 09:58:56,743.5,2831132
2021-05-14 09:58:57,743.5,2831132
2021-05-14 09:58:59,743.5,2831134
2021-05-14 09:59:00,743.5,2831134
2021-05-14 09:59:00,743.5,2831134
2021-05-14 09:59:01,743.5,2831134
2021-05-14 09:59:03,743.5,2832386
2021-05-14 09:59:04,743.4,2832412
2021-05-14 09:59:04,743.4,2832412
2021-05-14 09:59:05,743.35,2832762
2021-05-14 09:59:06,743.5,2834265
2021-05-14 09:59:07,743.5,2834296
2021-05-14 09:59:08,743.45,2835301
2021-05-14 09:59:10,743.45,2835301
2021-05-14 09:59:10,743.4,2835303
2021-05-14 09:59:12,743.4,2835303
2021-05-14 09:59:13,743.4,2835633
2021-05-14 09:59:14,743.4,2835649
2021-05-14 09:59:15,743.4,2835649
2021-05-14 09:59:16,743.4,2835898
2021-05-14 09:59:17,743.35,2835907
2021-05-14 09:59:18,743.35,2836135
2021-05-14 09:59:19,743.35,2836135
2021-05-14 09:59:20,743.4,2836232
2021-05-14 09:59:21,743.4,2836232
2021-05-14 09:59:21,743.4,2836232
2021-05-14 09:59:22,743.4,2836611
2021-05-14 09:59:23,743.1,2838321
2021-05-14 09:59:24,743.0,2838436
2021-05-14 09:59:25,743.1,2838437
2021-05-14 09:59:26,743.1,2838526
2021-05-14 09:59:27,743.1,2838526
2021-05-14 09:59:28,743.1,2838526
2021-05-14 09:59:29,743.1,2838861
2021-05-14 09:59:30,743.0,2839213
2021-05-14 09:59:31,742.8,2840225
2021-05-14 09:59:32,743.0,2841095
2021-05-14 09:59:34,742.8,2841115
2021-05-14 09:59:35,742.8,2841115
2021-05-14 09:59:36,743.0,2841156
2021-05-14 09:59:37,743.0,2841156
2021-05-14 09:59:38,742.7,2841542
2021-05-14 09:59:39,742.7,2846046
2021-05-14 09:59:40,742.4,2846415
2021-05-14 09:59:41,742.3,2846817
2021-05-14 09:59:42,743.1,2851207
2021-05-14 09:59:43,743.05,2851257
2021-05-14 09:59:44,743.3,2851483
2021-05-14 09:59:46,743.4,2852733
2021-05-14 09:59:47,743.1,2852883
2021-05-14 09:59:48,743.1,2852912
2021-05-14 09:59:49,742.95,2854042
2021-05-14 09:59:50,743.15,2854048
2021-05-14 09:59:51,742.7,2854080
2021-05-14 09:59:51,742.7,2854080
2021-05-14 09:59:52,742.7,2854080
2021-05-14 09:59:53,743.05,2854085
2021-05-14 09:59:54,742.95,2854146
2021-05-14 09:59:56,742.5,2854208
2021-05-14 09:59:57,742.85,2854399
2021-05-14 09:59:58,742.7,2854456
2021-05-14 09:59:59,742.7,2854517
2021-05-14 10:00:00,742.85,2854659
2021-05-14 10:00:01,742.85,2854670
2021-05-14 10:00:02,742.85,2854682
2021-05-14 10:00:03,742.7,2854884
2021-05-14 10:00:03,742.7,2854884
2021-05-14 10:00:04,742.7,2855084
2021-05-14 10:00:05,742.85,2855184
2021-05-14 10:00:06,742.85,2855186
2021-05-14 10:00:08,742.7,2855326
2021-05-14 10:00:09,742.7,2855442
2021-05-14 10:00:10,742.8,2855513
2021-05-14 10:00:11,742.5,2855515
2021-05-14 10:00:12,742.5,2855676
2021-05-14 10:00:13,742.4,2856367
2021-05-14 10:00:14,742.1,2858300
2021-05-14 10:00:15,742.1,2858317
2021-05-14 10:00:16,742.1,2858452
2021-05-14 10:00:17,742.25,2858813
2021-05-14 10:00:18,742.25,2858813
2021-05-14 10:00:19,742.1,2858874
2021-05-14 10:00:21,742.3,2859075
2021-05-14 10:00:23,742.0,2859475
2021-05-14 10:00:23,742.3,2859483
2021-05-14 10:00:25,742.3,2859504
2021-05-14 10:00:26,742.3,2859505
2021-05-14 10:00:27,742.0,2859592
2021-05-14 10:00:29,742.05,2860085
2021-05-14 10:00:28,742.0,2859642
2021-05-14 10:00:30,742.3,2860099
2021-05-14 10:00:31,742.1,2860119
2021-05-14 10:00:32,742.3,2860124
2021-05-14 10:00:33,742.05,2860134
2021-05-14 10:00:33,742.0,2860137
2021-05-14 10:00:34,742.0,2860249
2021-05-14 10:00:36,742.0,2860271
2021-05-14 10:00:37,742.0,2861872
2021-05-14 10:00:38,742.0,2862111
2021-05-14 10:00:39,742.0,2862344
2021-05-14 10:00:40,742.0,2862404
2021-05-14 10:00:41,742.05,2862521
2021-05-14 10:00:42,742.05,2863140
2021-05-14 10:00:43,742.05,2863140
2021-05-14 10:00:44,742.0,2863644
2021-05-14 10:00:45,742.0,2864104
2021-05-14 10:00:46,742.0,2864254
2021-05-14 10:00:47,742.0,2864255
2021-05-14 10:00:48,742.15,2864406
2021-05-14 10:00:49,742.15,2864652
2021-05-14 10:00:49,742.0,2864653
2021-05-14 10:00:50,742.0,2864693
2021-05-14 10:00:51,742.25,2865293
2021-05-14 10:00:53,741.65,2865640
2021-05-14 10:00:54,742.0,2865642
2021-05-14 10:00:55,741.6,2865900
2021-05-14 10:00:56,741.5,2865976
2021-05-14 10:00:58,741.7,2866082
2021-05-14 10:00:59,741.5,2866193
2021-05-14 10:01:01,741.5,2867103
2021-05-14 10:01:02,741.5,2867148
2021-05-14 10:01:02,741.7,2867158
2021-05-14 10:01:03,741.7,2867299
2021-05-14 10:01:05,741.5,2868104
2021-05-14 10:01:06,741.5,2868110
2021-05-14 10:01:07,741.5,2868964
2021-05-14 10:01:08,741.35,2869072
2021-05-14 10:01:09,741.3,2869213
2021-05-14 10:01:10,741.35,2869239
2021-05-14 10:01:11,741.35,2869975
2021-05-14 10:01:12,741.35,2870143
2021-05-14 10:01:12,741.2,2870148
2021-05-14 10:01:13,741.2,2870514
2021-05-14 10:01:14,741.35,2871277
2021-05-14 10:01:15,741.1,2871684
2021-05-14 10:01:17,741.1,2871800
2021-05-14 10:01:18,741.15,2872258
2021-05-14 10:01:19,741.35,2872323
2021-05-14 10:01:20,741.35,2872343
2021-05-14 10:01:21,741.55,2872704
2021-05-14 10:01:22,741.35,2873039
2021-05-14 10:01:25,741.85,2874083
2021-05-14 10:01:26,741.8,2874150
2021-05-14 10:01:27,742.05,2874228
2021-05-14 10:01:28,741.65,2874731
2021-05-14 10:01:28,741.95,2874741
2021-05-14 10:01:29,741.65,2874946
2021-05-14 10:01:30,741.95,2874977
2021-05-14 10:01:33,742.15,2875694
2021-05-14 10:01:34,741.95,2875869
2021-05-14 10:01:35,742.15,2875875
2021-05-14 10:01:36,742.15,2875875
2021-05-14 10:01:37,741.95,2875882
2021-05-14 10:01:38,741.9,2875932
2021-05-14 10:01:39,741.9,2875932
2021-05-14 10:01:41,742.6,2880628
2021-05-14 10:01:42,742.8,2880812
2021-05-14 10:01:43,742.45,2881312
2021-05-14 10:01:44,742.8,2881347
2021-05-14 10:01:45,742.45,2881479
2021-05-14 10:01:46,742.45,2881479
2021-05-14 10:01:47,742.4,2881584
2021-05-14 10:01:48,742.4,2881614
2021-05-14 10:01:49,742.4,2881614
2021-05-14 10:01:50,742.7,2881624
2021-05-14 10:01:51,742.45,2882370
2021-05-14 10:01:52,742.85,2884645
2021-05-14 10:01:53,742.85,2884645
2021-05-14 10:01:54,742.8,2884665
2021-05-14 10:01:55,743.0,2885086
2021-05-14 10:01:56,743.0,2885135
2021-05-14 10:01:58,743.95,2890936
2021-05-14 10:01:58,743.95,2890936
2021-05-14 10:02:00,744.0,2891128
2021-05-14 10:02:01,743.95,2891529
2021-05-14 10:02:02,743.55,2894440
2021-05-14 10:02:03,743.3,2896445
2021-05-14 10:02:04,743.3,2896445
2021-05-14 10:02:05,743.3,2896455
2021-05-14 10:02:06,743.0,2897691
2021-05-14 10:02:07,743.0,2898293
2021-05-14 10:02:08,743.0,2898312
2021-05-14 10:02:09,743.0,2898312
2021-05-14 10:02:10,742.95,2898533
2021-05-14 10:02:11,742.95,2898645
2021-05-14 10:02:12,742.95,2898645
2021-05-14 10:02:13,742.95,2898646
2021-05-14 10:02:14,742.95,2898666
2021-05-14 10:02:15,742.95,2898666
2021-05-14 10:02:16,742.95,2898866
2021-05-14 10:02:17,742.95,2898867
2021-05-14 10:02:18,743.0,2899383
2021-05-14 10:02:19,743.0,2899383
2021-05-14 10:02:21,743.25,2899485
2021-05-14 10:02:20,743.25,2899484
2021-05-14 10:02:22,743.0,2899488
2021-05-14 10:02:23,742.9,2899670
2021-05-14 10:02:24,742.9,2899944
2021-05-14 10:02:25,742.9,2900161
2021-05-14 10:02:26,742.9,2900361
2021-05-14 10:02:27,742.85,2900534
2021-05-14 10:02:28,742.8,2900604
2021-05-14 10:02:29,742.8,2900604
2021-05-14 10:02:30,742.85,2900696
2021-05-14 10:02:31,742.7,2901428
2021-05-14 10:02:34,742.45,2901689
2021-05-14 10:02:35,742.7,2901691
2021-05-14 10:02:36,742.7,2901691
2021-05-14 10:02:38,742.45,2901851
2021-05-14 10:02:39,742.45,2902510
2021-05-14 10:02:40,742.4,2902564
2021-05-14 10:02:41,742.05,2902615
2021-05-14 10:02:42,742.45,2903020
2021-05-14 10:02:43,742.15,2903421
2021-05-14 10:02:45,742.4,2908725
2021-05-14 10:02:46,742.6,2908726
2021-05-14 10:02:47,742.45,2908777
2021-05-14 10:02:48,742.35,2908953
2021-05-14 10:02:49,742.15,2908968
2021-05-14 10:02:50,742.45,2909273
2021-05-14 10:02:51,742.0,2909374
2021-05-14 10:02:52,742.4,2910389
2021-05-14 10:02:53,742.4,2910389
2021-05-14 10:02:54,742.1,2910399
2021-05-14 10:02:55,742.4,2910403
2021-05-14 10:02:56,742.4,2910467
2021-05-14 10:02:57,742.25,2910517
2021-05-14 10:02:58,742.25,2910517
2021-05-14 10:02:59,742.35,2910570
2021-05-14 10:03:00,742.6,2910870
2021-05-14 10:03:02,742.5,2911310
2021-05-14 10:03:01,742.45,2911300
2021-05-14 10:03:03,742.4,2911610
2021-05-14 10:03:04,742.4,2911610
2021-05-14 10:03:06,742.5,2911736
2021-05-14 10:03:07,742.5,2911941
2021-05-14 10:03:08,742.45,2912109
2021-05-14 10:03:09,742.45,2912288
2021-05-14 10:03:10,742.45,2912338
2021-05-14 10:03:11,742.45,2912396
2021-05-14 10:03:12,742.6,2912598
2021-05-14 10:03:13,742.6,2912687
2021-05-14 10:03:14,742.95,2912690
2021-05-14 10:03:15,742.6,2912692
2021-05-14 10:03:16,742.6,2912692
2021-05-14 10:03:17,742.6,2912692
2021-05-14 10:03:18,742.95,2912732
2021-05-14 10:03:19,742.7,2912734
2021-05-14 10:03:20,743.0,2912804
2021-05-14 10:03:21,743.0,2912855
2021-05-14 10:03:22,742.85,2914833
2021-05-14 10:03:23,742.85,2914833
2021-05-14 10:03:24,742.85,2914833
2021-05-14 10:03:25,742.95,2914870
2021-05-14 10:03:26,743.0,2914905
2021-05-14 10:03:27,743.05,2915055
2021-05-14 10:03:28,743.0,2915080
2021-05-14 10:03:29,742.55,2915738
2021-05-14 10:03:30,742.95,2915741
2021-05-14 10:03:31,742.85,2915767
2021-05-14 10:03:32,742.85,2915767
2021-05-14 10:03:33,742.55,2915867
2021-05-14 10:03:34,742.75,2916136
2021-05-14 10:03:35,742.55,2916259
2021-05-14 10:03:36,742.6,2916285
2021-05-14 10:03:37,742.6,2916385
2021-05-14 10:03:38,742.85,2916735
2021-05-14 10:03:39,742.95,2916738
2021-05-14 10:03:41,742.95,2916738
2021-05-14 10:03:42,743.0,2916838
2021-05-14 10:03:43,743.0,2916848
2021-05-14 10:03:44,743.0,2916849
2021-05-14 10:03:46,742.8,2917223
2021-05-14 10:03:47,742.8,2917223
2021-05-14 10:03:48,743.0,2917561
2021-05-14 10:03:49,742.85,2917611
2021-05-14 10:03:50,743.0,2917729
2021-05-14 10:03:51,742.8,2917839
2021-05-14 10:03:52,742.8,2917839
2021-05-14 10:03:53,742.95,2917869
2021-05-14 10:03:54,742.95,2917921
2021-05-14 10:03:55,742.8,2917929
2021-05-14 10:03:56,743.0,2918153
2021-05-14 10:03:57,743.0,2918158
2021-05-14 10:03:58,743.0,2918158
2021-05-14 10:03:59,743.4,2919277
2021-05-14 10:04:00,743.45,2919685
2021-05-14 10:04:01,743.4,2919739
2021-05-14 10:04:02,743.4,2919739
2021-05-14 10:04:03,743.4,2919739
2021-05-14 10:04:04,743.35,2919743
2021-05-14 10:04:05,743.35,2919743
2021-05-14 10:04:06,743.35,2919743
2021-05-14 10:04:07,743.3,2919918
2021-05-14 10:04:08,743.35,2920043
2021-05-14 10:04:09,743.35,2920044
2021-05-14 10:04:10,743.3,2920109
2021-05-14 10:04:11,743.3,2920159
2021-05-14 10:04:12,743.3,2920159
2021-05-14 10:04:13,743.3,2920162
2021-05-14 10:04:14,743.3,2920172
2021-05-14 10:04:15,743.3,2920172
2021-05-14 10:04:18,743.3,2920342
2021-05-14 10:04:19,743.1,2920358
2021-05-14 10:04:20,743.1,2920358
2021-05-14 10:04:21,743.1,2920363
2021-05-14 10:04:22,743.15,2920382
2021-05-14 10:04:23,743.15,2920382
2021-05-14 10:04:24,743.3,2920507
2021-05-14 10:04:25,743.3,2920508
2021-05-14 10:04:26,743.3,2920508
2021-05-14 10:04:27,743.3,2920508
2021-05-14 10:04:28,743.3,2920652
2021-05-14 10:04:29,743.3,2920700
2021-05-14 10:04:30,742.95,2920801
2021-05-14 10:04:31,742.95,2920801
2021-05-14 10:04:32,742.8,2920851
2021-05-14 10:04:35,743.3,2921864
2021-05-14 10:04:36,743.3,2921866
2021-05-14 10:04:37,743.3,2921886
2021-05-14 10:04:38,743.3,2921886
2021-05-14 10:04:39,742.75,2922085
2021-05-14 10:04:40,742.75,2922085
2021-05-14 10:04:42,743.0,2922123
2021-05-14 10:04:44,743.0,2922123
2021-05-14 10:04:45,743.0,2922123
2021-05-14 10:04:46,743.0,2922133
2021-05-14 10:04:46,743.0,2922133
2021-05-14 10:04:48,743.7,2932323
2021-05-14 10:04:48,743.7,2932323
2021-05-14 10:04:49,743.7,2932323
2021-05-14 10:04:50,743.7,2932323
2021-05-14 10:04:51,743.55,2932495
2021-05-14 10:04:52,743.55,2932495
2021-05-14 10:04:53,743.55,2932495
2021-05-14 10:04:54,743.55,2932495
2021-05-14 10:04:55,743.55,2932740
2021-05-14 10:04:56,743.85,2932922
2021-05-14 10:04:57,743.55,2933153
2021-05-14 10:04:58,743.95,2944728
2021-05-14 10:04:59,744.35,2944729
2021-05-14 10:05:00,744.35,2944909
2021-05-14 10:05:01,744.0,2945059
2021-05-14 10:05:02,744.35,2945076
2021-05-14 10:05:03,744.4,2948927
2021-05-14 10:05:04,744.6,2948977
2021-05-14 10:05:05,744.6,2949179
2021-05-14 10:05:06,744.7,2950168
2021-05-14 10:05:07,744.5,2954353
2021-05-14 10:05:08,744.5,2955103
2021-05-14 10:05:09,744.85,2955603
2021-05-14 10:05:10,744.85,2955761
2021-05-14 10:05:11,744.6,2955851
2021-05-14 10:05:12,744.7,2955985
2021-05-14 10:05:13,744.7,2955985
2021-05-14 10:05:14,744.85,2955988
2021-05-14 10:05:15,745.0,2960370
2021-05-14 10:05:16,744.6,2960800
2021-05-14 10:05:17,744.9,2961098
2021-05-14 10:05:18,744.9,2961318
2021-05-14 10:05:19,744.9,2961618
2021-05-14 10:05:20,744.9,2963513
2021-05-14 10:05:21,745.7,2977985
2021-05-14 10:05:22,745.7,2980495
2021-05-14 10:05:23,745.95,2980888
2021-05-14 10:05:24,745.95,2981563
2021-05-14 10:05:25,745.95,2981598
2021-05-14 10:05:26,745.95,2982924
2021-05-14 10:05:27,745.9,2983674
2021-05-14 10:05:28,745.9,2984461
2021-05-14 10:05:29,745.6,2984935
2021-05-14 10:05:30,745.65,2985676
2021-05-14 10:05:31,745.7,2985843
2021-05-14 10:05:32,745.65,2986145
2021-05-14 10:05:33,745.3,2986406
2021-05-14 10:05:34,745.35,2988032
2021-05-14 10:05:35,745.0,2988820
2021-05-14 10:05:36,745.0,2988820
2021-05-14 10:05:37,745.3,2989456
2021-05-14 10:05:38,745.3,2989456
2021-05-14 10:05:39,745.0,2989616
2021-05-14 10:05:40,745.0,2990159
2021-05-14 10:05:41,745.0,2990230
2021-05-14 10:05:43,745.0,2991240
2021-05-14 10:05:43,745.0,2991803
2021-05-14 10:05:45,745.05,2992571
2021-05-14 10:05:46,745.3,2993221
2021-05-14 10:05:47,745.0,2993513
2021-05-14 10:05:49,744.9,2994861
2021-05-14 10:05:49,744.9,2994861
2021-05-14 10:05:50,745.0,2994866
2021-05-14 10:05:51,744.85,2995897
2021-05-14 10:05:52,745.0,2995900
2021-05-14 10:05:53,745.05,2996255
2021-05-14 10:05:54,745.0,2996276
2021-05-14 10:05:56,745.0,2996512
2021-05-14 10:05:57,744.65,2996597
2021-05-14 10:05:58,744.95,2996675
2021-05-14 10:05:59,745.0,2996818
2021-05-14 10:06:00,745.25,2999377
2021-05-14 10:06:01,745.0,3000628
2021-05-14 10:06:02,745.0,3000628
2021-05-14 10:06:03,744.8,3000629
2021-05-14 10:06:05,744.95,3001132
2021-05-14 10:06:05,744.95,3001137
2021-05-14 10:06:06,744.95,3001502
2021-05-14 10:06:07,744.95,3001502
2021-05-14 10:06:08,744.5,3001644
2021-05-14 10:06:09,744.3,3002424
2021-05-14 10:06:10,744.5,3002469
2021-05-14 10:06:11,744.5,3002614
2021-05-14 10:06:12,744.5,3002664
2021-05-14 10:06:13,744.55,3003195
2021-05-14 10:06:14,744.95,3003220
2021-05-14 10:06:15,744.85,3003252
2021-05-14 10:06:16,744.6,3003557
2021-05-14 10:06:17,744.6,3003562
2021-05-14 10:06:19,744.9,3003699
2021-05-14 10:06:19,744.9,3003699
2021-05-14 10:06:20,744.8,3003705
2021-05-14 10:06:22,744.8,3003770
2021-05-14 10:06:22,744.8,3003770
2021-05-14 10:06:23,744.55,3004287
2021-05-14 10:06:24,744.55,3004287
2021-05-14 10:06:26,744.8,3004388
2021-05-14 10:06:27,744.75,3004837
2021-05-14 10:06:28,744.75,3004932
2021-05-14 10:06:29,744.8,3005018
2021-05-14 10:06:32,744.6,3006138
2021-05-14 10:06:33,744.6,3006176
2021-05-14 10:06:34,744.0,3008059
2021-05-14 10:06:35,744.35,3008295
2021-05-14 10:06:36,744.3,3008505
2021-05-14 10:06:37,744.3,3008505
2021-05-14 10:06:38,744.35,3008545
2021-05-14 10:06:39,744.0,3008872
2021-05-14 10:06:39,744.0,3008872
2021-05-14 10:06:40,744.2,3008884
2021-05-14 10:06:41,744.0,3010984
2021-05-14 10:06:42,744.2,3011239
2021-05-14 10:06:43,744.0,3011265
2021-05-14 10:06:44,744.2,3011768
2021-05-14 10:06:45,744.0,3011898
2021-05-14 10:06:46,744.0,3012034
2021-05-14 10:06:47,744.25,3015034
2021-05-14 10:06:48,744.0,3015084
2021-05-14 10:06:50,744.0,3016248
2021-05-14 10:06:50,743.3,3016301
2021-05-14 10:06:51,743.25,3016510
2021-05-14 10:06:53,743.2,3016731
2021-05-14 10:06:55,743.35,3017295
2021-05-14 10:06:56,743.4,3018244
2021-05-14 10:06:56,743.4,3018344
2021-05-14 10:06:57,743.75,3018404
