timestamp,ltp,volume
2021-05-14 09:15:16,3459.45,7478
2021-05-14 09:15:16,3459.45,7478
2021-05-14 09:15:17,3457.15,8077
2021-05-14 09:15:18,3459.0,8549
2021-05-14 09:15:19,3458.55,8802
2021-05-14 09:15:20,3458.0,9154
2021-05-14 09:15:21,3456.25,9238
2021-05-14 09:15:22,3448.6,10201
2021-05-14 09:15:23,3438.2,10887
2021-05-14 09:15:24,3438.2,11319
2021-05-14 09:15:25,3445.55,12336
2021-05-14 09:15:26,3452.45,12389
2021-05-14 09:15:27,3452.45,12389
2021-05-14 09:15:28,3457.25,12702
2021-05-14 09:15:29,3455.05,12948
2021-05-14 09:15:31,3451.1,13447
2021-05-14 09:15:32,3449.75,13462
2021-05-14 09:15:33,3454.35,13577
2021-05-14 09:15:34,3455.05,13677
2021-05-14 09:15:35,3455.05,13677
2021-05-14 09:15:37,3449.9,14092
2021-05-14 09:15:38,3449.75,14169
2021-05-14 09:15:40,3456.1,14816
2021-05-14 09:15:41,3456.05,14836
2021-05-14 09:15:42,3453.55,14887
2021-05-14 09:15:43,3455.1,14988
2021-05-14 09:15:44,3455.1,14988
2021-05-14 09:15:45,3455.6,15126
2021-05-14 09:15:46,3456.1,15143
2021-05-14 09:15:47,3453.1,15194
2021-05-14 09:15:48,3455.0,15299
2021-05-14 09:15:49,3455.0,15309
2021-05-14 09:15:50,3455.0,15396
2021-05-14 09:15:51,3455.0,15397
2021-05-14 09:15:52,3455.0,15397
2021-05-14 09:15:53,3455.0,15398
2021-05-14 09:15:54,3455.0,15399
2021-05-14 09:15:55,3454.0,15429
2021-05-14 09:15:56,3455.0,15481
2021-05-14 09:15:57,3455.0,15484
2021-05-14 09:15:58,3455.0,15484
2021-05-14 09:15:59,3455.0,15564
2021-05-14 09:16:00,3455.05,15637
2021-05-14 09:16:01,3453.2,15679
2021-05-14 09:16:03,3455.0,15709
2021-05-14 09:16:04,3456.0,15736
2021-05-14 09:16:05,3456.0,15779
2021-05-14 09:16:06,3456.0,15779
2021-05-14 09:16:07,3455.0,15979
2021-05-14 09:16:08,3455.0,16070
2021-05-14 09:16:11,3455.35,16256
2021-05-14 09:16:12,3455.35,16256
2021-05-14 09:16:13,3452.7,16338
2021-05-14 09:16:14,3455.45,16358
2021-05-14 09:16:15,3455.5,16527
2021-05-14 09:16:16,3455.5,16542
2021-05-14 09:16:17,3454.6,16553
2021-05-14 09:16:18,3455.75,16575
2021-05-14 09:16:19,3454.6,16593
2021-05-14 09:16:20,3454.0,16836
2021-05-14 09:16:21,3455.0,16837
2021-05-14 09:16:22,3455.0,16837
2021-05-14 09:16:23,3453.0,16844
2021-05-14 09:16:24,3454.55,16862
2021-05-14 09:16:25,3453.4,16863
2021-05-14 09:16:26,3453.4,16877
2021-05-14 09:16:27,3453.4,16913
2021-05-14 09:16:28,3453.4,16923
2021-05-14 09:16:29,3453.0,16934
2021-05-14 09:16:30,3453.0,16934
2021-05-14 09:16:31,3454.6,16997
2021-05-14 09:16:32,3453.15,16998
2021-05-14 09:16:33,3455.0,17012
2021-05-14 09:16:34,3456.75,18390
2021-05-14 09:16:35,3456.0,18392
2021-05-14 09:16:36,3455.4,18667
2021-05-14 09:16:37,3457.7,18901
2021-05-14 09:16:38,3455.85,18950
2021-05-14 09:16:39,3455.75,18975
2021-05-14 09:16:40,3457.6,19113
2021-05-14 09:16:41,3456.0,19120
2021-05-14 09:16:42,3457.9,19125
2021-05-14 09:16:43,3457.9,19125
2021-05-14 09:16:44,3456.0,19129
2021-05-14 09:16:45,3456.0,19129
2021-05-14 09:16:46,3456.0,19129
2021-05-14 09:16:47,3457.6,19152
2021-05-14 09:16:48,3457.6,19153
2021-05-14 09:16:49,3456.0,19436
2021-05-14 09:16:50,3456.0,19436
2021-05-14 09:16:51,3456.0,19436
2021-05-14 09:16:52,3457.85,19708
2021-05-14 09:16:53,3457.85,19720
2021-05-14 09:16:54,3457.85,19720
2021-05-14 09:16:55,3457.4,19950
2021-05-14 09:16:56,3457.45,19995
2021-05-14 09:16:57,3455.65,20023
2021-05-14 09:16:58,3457.25,20033
2021-05-14 09:16:59,3456.0,20136
2021-05-14 09:17:00,3456.85,20167
2021-05-14 09:17:00,3456.85,20171
2021-05-14 09:17:01,3456.85,20196
2021-05-14 09:17:02,3456.85,20196
2021-05-14 09:17:03,3455.0,20228
2021-05-14 09:17:04,3453.0,20566
2021-05-14 09:17:06,3453.1,20577
2021-05-14 09:17:08,3455.0,20628
2021-05-14 09:17:07,3455.0,20628
2021-05-14 09:17:09,3454.95,20634
2021-05-14 09:17:10,3454.95,20634
2021-05-14 09:17:11,3454.25,20651
2021-05-14 09:17:12,3454.25,20651
2021-05-14 09:17:13,3455.0,20715
2021-05-14 09:17:14,3455.0,20715
2021-05-14 09:17:15,3454.9,20716
2021-05-14 09:17:16,3453.0,20882
2021-05-14 09:17:17,3454.9,20893
2021-05-14 09:17:18,3453.0,20897
2021-05-14 09:17:19,3454.8,20932
2021-05-14 09:17:20,3454.8,20932
2021-05-14 09:17:21,3453.05,20943
2021-05-14 09:17:22,3454.85,20962
2021-05-14 09:17:22,3454.85,20972
2021-05-14 09:17:24,3453.4,20975
2021-05-14 09:17:25,3454.25,21012
2021-05-14 09:17:26,3454.9,21026
2021-05-14 09:17:27,3453.05,21256
2021-05-14 09:17:28,3454.9,21266
2021-05-14 09:17:29,3454.9,21387
2021-05-14 09:17:30,3455.65,21682
2021-05-14 09:17:31,3455.75,21965
2021-05-14 09:17:32,3454.0,22102
2021-05-14 09:17:33,3456.65,22389
2021-05-14 09:17:34,3456.35,22590
2021-05-14 09:17:35,3457.0,23003
2021-05-14 09:17:36,3455.45,23055
2021-05-14 09:17:37,3455.45,23055
2021-05-14 09:17:38,3457.55,23070
2021-05-14 09:17:39,3457.55,23070
2021-05-14 09:17:40,3457.0,23095
2021-05-14 09:17:41,3455.7,23171
2021-05-14 09:17:42,3455.7,23175
2021-05-14 09:17:43,3455.7,23178
2021-05-14 09:17:44,3457.0,23190
2021-05-14 09:17:45,3457.0,23300
2021-05-14 09:17:46,3455.7,23311
2021-05-14 09:17:47,3455.7,23311
2021-05-14 09:17:48,3455.7,23333
2021-05-14 09:17:49,3455.65,23353
2021-05-14 09:17:50,3457.0,23382
2021-05-14 09:17:51,3455.8,23857
2021-05-14 09:17:52,3453.9,23916
2021-05-14 09:17:53,3456.55,23930
2021-05-14 09:17:54,3457.0,23987
2021-05-14 09:17:55,3460.0,25332
2021-05-14 09:17:56,3460.0,25384
2021-05-14 09:17:57,3460.0,25384
2021-05-14 09:17:58,3458.75,25394
2021-05-14 09:17:59,3460.0,25404
2021-05-14 09:18:00,3460.0,25498
2021-05-14 09:18:01,3460.5,26003
2021-05-14 09:18:02,3460.5,26003
2021-05-14 09:18:03,3460.55,26008
2021-05-14 09:18:04,3460.9,26009
2021-05-14 09:18:04,3460.9,26009
2021-05-14 09:18:05,3460.9,26009
2021-05-14 09:18:07,3461.0,26042
2021-05-14 09:18:08,3460.0,26091
2021-05-14 09:18:12,3461.85,26864
2021-05-14 09:18:13,3461.05,26989
2021-05-14 09:18:14,3460.1,27259
2021-05-14 09:18:15,3460.25,27353
2021-05-14 09:18:16,3460.25,27353
2021-05-14 09:18:17,3461.25,27553
2021-05-14 09:18:18,3461.5,27617
2021-05-14 09:18:19,3463.75,27637
2021-05-14 09:18:20,3461.85,27667
2021-05-14 09:18:21,3463.9,27678
2021-05-14 09:18:22,3463.9,27678
2021-05-14 09:18:23,3460.0,28189
2021-05-14 09:18:24,3460.25,28211
2021-05-14 09:18:25,3460.25,28211
2021-05-14 09:18:26,3460.3,28235
2021-05-14 09:18:27,3462.75,28246
2021-05-14 09:18:28,3462.75,28246
2021-05-14 09:18:29,3462.4,28271
2021-05-14 09:18:30,3462.75,28272
2021-05-14 09:18:31,3462.0,28327
2021-05-14 09:18:32,3462.4,28328
2021-05-14 09:18:33,3463.0,28348
2021-05-14 09:18:34,3463.0,28348
2021-05-14 09:18:35,3462.0,28397
2021-05-14 09:18:36,3461.5,28401
2021-05-14 09:18:37,3463.0,28453
2021-05-14 09:18:39,3461.1,28530
2021-05-14 09:18:40,3461.15,28554
2021-05-14 09:18:41,3462.0,28574
2021-05-14 09:18:42,3462.0,28574
2021-05-14 09:18:43,3462.0,28578
2021-05-14 09:18:45,3462.75,28631
2021-05-14 09:18:47,3463.9,29125
2021-05-14 09:18:48,3464.0,29191
2021-05-14 09:18:49,3464.55,29305
2021-05-14 09:18:50,3464.0,29345
2021-05-14 09:18:51,3464.0,29345
2021-05-14 09:18:52,3466.0,30381
2021-05-14 09:18:53,3465.0,30679
2021-05-14 09:18:54,3465.0,30698
2021-05-14 09:18:55,3466.5,30821
2021-05-14 09:18:56,3467.0,30848
2021-05-14 09:18:57,3465.55,30877
2021-05-14 09:18:58,3467.35,31202
2021-05-14 09:18:59,3466.0,31238
2021-05-14 09:19:00,3467.4,31299
2021-05-14 09:19:01,3467.2,31344
2021-05-14 09:19:02,3467.1,31369
2021-05-14 09:19:03,3466.0,31767
2021-05-14 09:19:04,3465.65,31787
2021-05-14 09:19:05,3465.65,31787
2021-05-14 09:19:06,3467.0,31986
2021-05-14 09:19:07,3467.0,32297
2021-05-14 09:19:08,3466.85,32302
2021-05-14 09:19:09,3466.8,32306
2021-05-14 09:19:10,3466.8,32318
2021-05-14 09:19:11,3466.95,32356
2021-05-14 09:19:12,3466.95,32356
2021-05-14 09:19:13,3465.05,32368
2021-05-14 09:19:14,3466.0,32384
2021-05-14 09:19:15,3467.0,32448
2021-05-14 09:19:16,3465.05,32544
2021-05-14 09:19:17,3467.0,32574
2021-05-14 09:19:18,3466.95,32575
2021-05-14 09:19:19,3466.95,32575
2021-05-14 09:19:20,3465.0,32587
2021-05-14 09:19:21,3466.0,32590
2021-05-14 09:19:22,3465.0,32621
2021-05-14 09:19:23,3466.95,32633
2021-05-14 09:19:27,3463.5,33133
2021-05-14 09:19:28,3464.95,33156
2021-05-14 09:19:29,3464.95,33156
2021-05-14 09:19:30,3465.85,33218
2021-05-14 09:19:31,3465.6,33219
2021-05-14 09:19:32,3465.0,33224
2021-05-14 09:19:33,3465.0,33224
2021-05-14 09:19:34,3462.75,33226
2021-05-14 09:19:35,3462.75,33226
2021-05-14 09:19:37,3462.75,33226
2021-05-14 09:19:36,3462.75,33226
2021-05-14 09:19:38,3462.75,33226
2021-05-14 09:19:40,3463.0,33246
2021-05-14 09:19:41,3463.0,33246
2021-05-14 09:19:42,3464.55,33247
2021-05-14 09:19:43,3462.55,33257
2021-05-14 09:19:44,3462.55,33257
2021-05-14 09:19:45,3463.0,33261
2021-05-14 09:19:46,3464.75,33363
2021-05-14 09:19:47,3463.25,33367
2021-05-14 09:19:48,3464.85,33368
2021-05-14 09:19:49,3465.0,33427
2021-05-14 09:19:50,3465.0,33432
2021-05-14 09:19:51,3465.0,33464
2021-05-14 09:19:52,3465.0,33478
2021-05-14 09:19:53,3465.85,33803
2021-05-14 09:19:54,3465.8,33905
2021-05-14 09:19:55,3465.8,33905
2021-05-14 09:19:56,3463.5,33940
2021-05-14 09:19:57,3465.0,33960
2021-05-14 09:19:58,3463.35,33964
2021-05-14 09:19:59,3465.0,33967
2021-05-14 09:20:00,3465.75,33985
2021-05-14 09:20:01,3463.45,33986
2021-05-14 09:20:02,3463.35,33991
2021-05-14 09:20:03,3465.0,34021
2021-05-14 09:20:04,3463.35,34046
2021-05-14 09:20:05,3461.65,34286
2021-05-14 09:20:06,3463.35,34298
2021-05-14 09:20:07,3463.45,34303
2021-05-14 09:20:08,3461.85,34628
2021-05-14 09:20:09,3464.3,34683
2021-05-14 09:20:10,3462.15,34755
2021-05-14 09:20:11,3460.3,35031
2021-05-14 09:20:12,3462.75,35048
2021-05-14 09:20:13,3462.9,35093
2021-05-14 09:20:14,3464.3,35196
2021-05-14 09:20:15,3464.3,35200
2021-05-14 09:20:16,3462.1,35263
2021-05-14 09:20:17,3462.1,35263
2021-05-14 09:20:18,3462.1,35263
2021-05-14 09:20:19,3464.6,35276
2021-05-14 09:20:20,3464.6,35291
2021-05-14 09:20:22,3462.1,35311
2021-05-14 09:20:23,3463.45,35346
2021-05-14 09:20:24,3462.1,35371
2021-05-14 09:20:25,3462.05,35383
2021-05-14 09:20:26,3464.9,35532
2021-05-14 09:20:27,3465.0,35544
2021-05-14 09:20:28,3464.0,35564
2021-05-14 09:20:29,3464.0,35564
2021-05-14 09:20:30,3462.75,35620
2021-05-14 09:20:31,3462.75,35620
2021-05-14 09:20:32,3462.35,35622
2021-05-14 09:20:33,3464.2,35634
2021-05-14 09:20:34,3462.35,35644
2021-05-14 09:20:35,3464.9,35744
2021-05-14 09:20:36,3464.9,35749
2021-05-14 09:20:37,3462.4,35799
2021-05-14 09:20:38,3464.75,35816
2021-05-14 09:20:39,3464.7,35853
2021-05-14 09:20:40,3462.0,36147
2021-05-14 09:20:41,3463.8,36167
2021-05-14 09:20:42,3463.8,36167
2021-05-14 09:20:43,3463.9,36454
2021-05-14 09:20:44,3463.85,36456
2021-05-14 09:20:45,3461.35,36481
2021-05-14 09:20:46,3461.35,36481
2021-05-14 09:20:47,3463.1,36486
2021-05-14 09:20:50,3460.75,36546
2021-05-14 09:20:51,3462.9,36567
2021-05-14 09:20:54,3462.9,36567
2021-05-14 09:20:55,3461.35,36572
2021-05-14 09:20:56,3461.0,36597
2021-05-14 09:20:57,3462.9,36610
2021-05-14 09:20:58,3462.9,36610
2021-05-14 09:20:59,3463.3,36800
2021-05-14 09:21:00,3463.3,36800
2021-05-14 09:21:01,3463.0,36815
2021-05-14 09:21:02,3461.8,36825
2021-05-14 09:21:03,3461.85,36826
2021-05-14 09:21:04,3461.85,36856
2021-05-14 09:21:05,3463.8,36866
2021-05-14 09:21:06,3461.85,36941
2021-05-14 09:21:07,3461.85,36941
2021-05-14 09:21:08,3461.85,36941
2021-05-14 09:21:09,3461.75,37012
2021-05-14 09:21:10,3463.0,37028
2021-05-14 09:21:11,3463.8,37040
2021-05-14 09:21:12,3463.8,37040
2021-05-14 09:21:13,3463.8,37040
2021-05-14 09:21:14,3464.0,37041
2021-05-14 09:21:15,3462.9,37048
2021-05-14 09:21:16,3462.9,37078
2021-05-14 09:21:17,3462.15,37084
2021-05-14 09:21:18,3462.1,37134
2021-05-14 09:21:19,3463.1,37440
2021-05-14 09:21:21,3463.2,37454
2021-05-14 09:21:20,3463.25,37442
2021-05-14 09:21:22,3463.2,37454
2021-05-14 09:21:23,3462.15,37455
2021-05-14 09:21:24,3462.15,37455
2021-05-14 09:21:26,3461.05,37471
2021-05-14 09:21:25,3463.2,37461
2021-05-14 09:21:27,3462.95,37501
2021-05-14 09:21:28,3463.0,37502
2021-05-14 09:21:29,3463.0,37503
2021-05-14 09:21:30,3460.45,37609
2021-05-14 09:21:31,3461.05,37632
2021-05-14 09:21:33,3460.1,37644
2021-05-14 09:21:32,3461.9,37634
2021-05-14 09:21:34,3460.1,37661
2021-05-14 09:21:36,3462.25,37761
2021-05-14 09:21:35,3460.1,37661
2021-05-14 09:21:37,3460.1,37920
2021-05-14 09:21:38,3460.1,37920
2021-05-14 09:21:40,3460.25,37939
2021-05-14 09:21:44,3460.3,38002
2021-05-14 09:21:48,3458.85,38983
2021-05-14 09:21:53,3459.65,39124
2021-05-14 09:21:57,3457.35,39147
2021-05-14 09:22:02,3457.25,39169
2021-05-14 09:22:06,3456.5,39515
2021-05-14 09:22:11,3456.5,39568
2021-05-14 09:22:15,3456.0,39696
2021-05-14 09:22:20,3457.85,39726
2021-05-14 09:22:30,3458.0,39807
2021-05-14 09:22:34,3457.0,39850
2021-05-14 09:22:39,3455.1,40185
2021-05-14 09:22:43,3456.55,40187
2021-05-14 09:22:48,3455.1,40327
2021-05-14 09:22:53,3455.1,40457
2021-05-14 09:22:58,3455.0,40467
2021-05-14 09:23:02,3453.05,40604
2021-05-14 09:23:07,3452.45,40651
2021-05-14 09:23:11,3452.15,40675
2021-05-14 09:23:16,3452.7,40798
2021-05-14 09:23:20,3452.75,40819
2021-05-14 09:23:25,3452.8,40947
2021-05-14 09:23:34,3451.15,41130
2021-05-14 09:23:38,3451.15,41355
2021-05-14 09:23:43,3451.45,41401
2021-05-14 09:23:47,3452.0,41451
2021-05-14 09:23:52,3452.0,41481
2021-05-14 09:23:56,3452.7,41532
2021-05-14 09:24:00,3452.0,41560
2021-05-14 09:24:05,3452.0,41569
2021-05-14 09:24:09,3452.0,41631
2021-05-14 09:24:14,3452.7,41663
2021-05-14 09:24:18,3452.7,41887
2021-05-14 09:24:23,3452.75,41921
2021-05-14 09:24:27,3452.75,41921
2021-05-14 09:24:31,3450.0,42145
2021-05-14 09:24:36,3452.45,42445
2021-05-14 09:24:44,3450.45,42590
2021-05-14 09:24:49,3452.55,42683
2021-05-14 09:24:53,3450.65,42770
2021-05-14 09:24:57,3452.7,42820
2021-05-14 09:25:02,3450.75,42913
2021-05-14 09:25:06,3455.1,43695
2021-05-14 09:25:11,3456.85,43746
2021-05-14 09:25:15,3455.4,44116
2021-05-14 09:25:19,3454.8,44132
2021-05-14 09:25:24,3456.0,44159
2021-05-14 09:25:29,3456.0,44269
2021-05-14 09:25:33,3456.85,44322
2021-05-14 09:25:38,3453.5,44434
2021-05-14 09:25:42,3453.5,44434
2021-05-14 09:25:46,3455.1,44439
2021-05-14 09:25:51,3455.55,44464
2021-05-14 09:25:55,3455.85,44518
2021-05-14 09:26:00,3453.75,44537
2021-05-14 09:26:04,3455.0,44568
2021-05-14 09:26:08,3455.0,44603
2021-05-14 09:26:12,3456.75,44803
2021-05-14 09:26:21,3460.0,45149
2021-05-14 09:26:25,3460.0,45149
2021-05-14 09:26:29,3460.35,45498
2021-05-14 09:26:33,3462.0,45571
2021-05-14 09:26:38,3461.95,45655
2021-05-14 09:26:42,3462.0,45790
2021-05-14 09:26:46,3460.45,45812
2021-05-14 09:26:51,3461.0,45842
2021-05-14 09:26:59,3463.0,46063
2021-05-14 09:27:04,3462.0,46212
2021-05-14 09:27:08,3463.0,46692
2021-05-14 09:27:12,3462.35,46798
2021-05-14 09:27:16,3462.45,46927
2021-05-14 09:27:21,3462.75,47014
2021-05-14 09:27:25,3464.5,47043
2021-05-14 09:27:30,3463.0,47069
2021-05-14 09:27:34,3463.05,47102
2021-05-14 09:27:38,3464.0,47208
2021-05-14 09:27:42,3463.7,47227
2021-05-14 09:27:46,3463.85,47259
2021-05-14 09:27:51,3462.0,47962
2021-05-14 09:27:55,3462.05,48081
2021-05-14 09:28:00,3463.3,48123
2021-05-14 09:28:04,3461.05,48144
2021-05-14 09:28:08,3461.45,48215
2021-05-14 09:28:12,3461.45,48235
2021-05-14 09:28:16,3461.35,48291
2021-05-14 09:28:21,3461.45,48619
2021-05-14 09:28:25,3461.25,49196
2021-05-14 09:28:30,3461.6,49272
2021-05-14 09:28:34,3461.65,49576
2021-05-14 09:28:38,3461.65,49601
2021-05-14 09:28:42,3462.65,49627
2021-05-14 09:28:46,3460.55,49634
2021-05-14 09:28:50,3462.25,49685
2021-05-14 09:28:54,3460.55,49686
2021-05-14 09:28:59,3460.6,49693
2021-05-14 09:29:03,3462.2,49718
2021-05-14 09:29:07,3462.0,49984
2021-05-14 09:29:12,3460.6,50009
2021-05-14 09:29:16,3460.6,50074
2021-05-14 09:29:20,3460.6,50099
2021-05-14 09:29:24,3461.65,50113
2021-05-14 09:29:29,3460.6,50220
2021-05-14 09:29:33,3460.6,50264
2021-05-14 09:29:37,3460.6,50306
2021-05-14 09:29:41,3462.0,50403
2021-05-14 09:29:45,3461.65,50410
2021-05-14 09:29:49,3460.55,50640
2021-05-14 09:29:53,3460.55,50667
2021-05-14 09:29:57,3460.55,50667
2021-05-14 09:30:01,3458.05,50978
2021-05-14 09:30:05,3458.15,50980
2021-05-14 09:30:09,3458.1,51089
2021-05-14 09:30:14,3457.05,51116
2021-05-14 09:30:18,3456.05,51188
2021-05-14 09:30:23,3456.15,51243
2021-05-14 09:30:27,3458.25,52225
2021-05-14 09:30:31,3457.05,52256
2021-05-14 09:30:36,3457.95,52272
2021-05-14 09:30:40,3456.15,52298
2021-05-14 09:30:44,3456.15,52423
2021-05-14 09:30:48,3457.95,52455
2021-05-14 09:30:52,3457.45,52608
2021-05-14 09:30:57,3455.25,52674
2021-05-14 09:31:01,3456.15,52747
2021-05-14 09:31:05,3457.8,52857
2021-05-14 09:31:10,3457.05,52874
2021-05-14 09:31:18,3457.6,53014
2021-05-14 09:31:22,3457.6,53125
2021-05-14 09:31:27,3458.0,53350
2021-05-14 09:31:31,3457.65,53362
2021-05-14 09:31:36,3457.6,53524
2021-05-14 09:31:40,3457.7,53549
2021-05-14 09:31:44,3457.55,53968
2021-05-14 09:31:48,3456.5,53979
2021-05-14 09:31:53,3458.0,53986
2021-05-14 09:31:57,3456.5,54028
2021-05-14 09:32:01,3458.0,54035
2021-05-14 09:32:06,3458.0,54064
2021-05-14 09:32:10,3458.0,54067
2021-05-14 09:32:14,3456.5,54085
2021-05-14 09:32:18,3456.5,54154
2021-05-14 09:32:23,3456.5,54154
2021-05-14 09:32:26,3456.5,54332
2021-05-14 09:32:31,3456.5,54342
2021-05-14 09:32:35,3456.25,54554
2021-05-14 09:32:39,3456.5,54592
2021-05-14 09:32:43,3456.5,54597
2021-05-14 09:32:47,3456.5,54606
2021-05-14 09:32:51,3456.5,54606
2021-05-14 09:32:55,3455.1,54614
2021-05-14 09:32:59,3455.1,54614
2021-05-14 09:33:03,3455.1,54624
2021-05-14 09:33:07,3456.5,54631
2021-05-14 09:33:11,3456.5,54639
2021-05-14 09:33:19,3455.75,54688
2021-05-14 09:33:23,3456.1,54937
2021-05-14 09:33:27,3455.0,55052
2021-05-14 09:33:31,3456.0,55147
2021-05-14 09:33:35,3455.0,55161
2021-05-14 09:33:40,3455.0,55241
2021-05-14 09:33:43,3455.0,55277
2021-05-14 09:33:47,3455.25,55367
2021-05-14 09:33:51,3455.05,55448
2021-05-14 09:33:55,3455.05,55472
2021-05-14 09:33:59,3456.9,55492
2021-05-14 09:34:04,3455.05,55510
2021-05-14 09:34:08,3455.15,55738
2021-05-14 09:34:12,3454.0,55743
2021-05-14 09:34:16,3456.35,55796
2021-05-14 09:34:20,3453.8,56119
2021-05-14 09:34:24,3455.85,56171
2021-05-14 09:34:28,3456.0,56187
2021-05-14 09:34:32,3453.75,56192
2021-05-14 09:34:36,3456.0,56204
2021-05-14 09:34:40,3453.65,56281
2021-05-14 09:34:44,3454.8,56636
2021-05-14 09:34:48,3454.35,56650
2021-05-14 09:34:53,3453.15,56833
2021-05-14 09:34:57,3454.35,56878
2021-05-14 09:35:01,3453.15,56898
2021-05-14 09:35:05,3452.7,57043
2021-05-14 09:35:09,3454.0,57079
2021-05-14 09:35:13,3453.0,57138
2021-05-14 09:35:17,3453.9,57204
2021-05-14 09:35:21,3453.0,57219
2021-05-14 09:35:25,3453.9,57232
2021-05-14 09:35:30,3454.0,57265
2021-05-14 09:35:33,3452.6,57302
2021-05-14 09:35:37,3452.65,57322
2021-05-14 09:35:41,3454.2,57383
2021-05-14 09:35:45,3452.45,57396
2021-05-14 09:35:49,3454.15,57423
2021-05-14 09:35:57,3453.5,57715
2021-05-14 09:36:01,3453.15,57729
2021-05-14 09:36:05,3453.15,57729
2021-05-14 09:36:09,3453.15,57741
2021-05-14 09:36:13,3453.0,57759
2021-05-14 09:36:17,3452.05,57784
2021-05-14 09:36:21,3451.5,57912
2021-05-14 09:36:24,3452.05,57933
2021-05-14 09:36:28,3452.0,57957
2021-05-14 09:36:33,3452.0,57966
2021-05-14 09:36:37,3452.0,57972
2021-05-14 09:36:41,3452.0,57983
2021-05-14 09:36:45,3453.15,58066
2021-05-14 09:36:49,3454.2,58184
2021-05-14 09:36:53,3456.0,58552
2021-05-14 09:36:57,3456.6,58660
2021-05-14 09:37:01,3456.0,58726
2021-05-14 09:37:05,3457.0,58778
2021-05-14 09:37:09,3456.0,58780
2021-05-14 09:37:13,3456.0,59070
2021-05-14 09:37:17,3455.5,59076
2021-05-14 09:37:21,3455.2,59134
2021-05-14 09:37:25,3457.0,59152
2021-05-14 09:37:29,3457.0,59168
2021-05-14 09:37:33,3455.2,59171
2021-05-14 09:37:37,3455.2,59171
2021-05-14 09:37:41,3457.0,59195
2021-05-14 09:37:45,3457.85,59196
2021-05-14 09:37:49,3457.95,59212
2021-05-14 09:37:53,3457.25,60009
2021-05-14 09:37:56,3457.25,60057
2021-05-14 09:38:00,3457.25,60080
2021-05-14 09:38:04,3459.0,60092
2021-05-14 09:38:08,3457.5,60137
2021-05-14 09:38:12,3457.5,60137
2021-05-14 09:38:16,3459.85,60160
2021-05-14 09:38:20,3458.45,60205
2021-05-14 09:38:24,3460.0,60211
2021-05-14 09:38:28,3460.0,60236
2021-05-14 09:38:32,3460.0,60237
2021-05-14 09:38:35,3459.0,60267
2021-05-14 09:38:39,3460.0,60284
2021-05-14 09:38:43,3460.0,60401
2021-05-14 09:38:47,3459.0,60447
2021-05-14 09:38:51,3459.0,60489
2021-05-14 09:38:55,3459.0,60489
2021-05-14 09:38:59,3460.0,60522
2021-05-14 09:39:03,3459.35,62128
2021-05-14 09:39:07,3459.35,62140
2021-05-14 09:39:11,3461.0,62222
2021-05-14 09:39:14,3460.0,62259
2021-05-14 09:39:18,3461.85,62351
2021-05-14 09:39:21,3461.8,62377
2021-05-14 09:39:25,3461.95,62413
2021-05-14 09:39:29,3463.0,62627
2021-05-14 09:39:33,3463.5,62685
2021-05-14 09:39:37,3463.0,62838
2021-05-14 09:39:41,3461.05,62946
2021-05-14 09:39:44,3464.0,63150
2021-05-14 09:39:48,3464.0,63177
2021-05-14 09:39:52,3461.85,63232
2021-05-14 09:39:56,3463.8,63280
2021-05-14 09:40:00,3463.85,63301
2021-05-14 09:40:04,3461.85,63335
2021-05-14 09:40:08,3461.85,63335
2021-05-14 09:40:12,3462.0,63337
2021-05-14 09:40:16,3462.0,63337
2021-05-14 09:40:20,3463.8,63478
2021-05-14 09:40:24,3463.0,63506
2021-05-14 09:40:28,3463.0,63514
2021-05-14 09:40:32,3462.2,63572
2021-05-14 09:40:35,3462.2,63574
2021-05-14 09:40:39,3462.2,63575
2021-05-14 09:40:43,3463.8,63596
2021-05-14 09:40:47,3463.6,63602
2021-05-14 09:40:51,3461.0,63812
2021-05-14 09:40:55,3463.6,63820
2021-05-14 09:40:59,3462.45,63822
2021-05-14 09:41:02,3462.45,63828
2021-05-14 09:41:06,3463.6,63838
2021-05-14 09:41:10,3462.6,63843
2021-05-14 09:41:13,3463.0,63867
2021-05-14 09:41:17,3463.0,63867
2021-05-14 09:41:21,3463.6,63882
2021-05-14 09:41:25,3463.6,63931
2021-05-14 09:41:29,3463.6,63976
2021-05-14 09:41:32,3463.75,64218
2021-05-14 09:41:36,3463.0,64219
2021-05-14 09:41:40,3463.6,64433
2021-05-14 09:41:43,3463.6,64441
2021-05-14 09:41:47,3464.0,64462
2021-05-14 09:41:51,3464.0,64514
2021-05-14 09:41:55,3464.5,64748
2021-05-14 09:41:59,3463.0,64774
2021-05-14 09:42:03,3463.6,64806
2021-05-14 09:42:06,3464.9,64856
2021-05-14 09:42:10,3463.6,64922
2021-05-14 09:42:14,3463.6,64928
2021-05-14 09:42:18,3463.6,64931
2021-05-14 09:42:21,3464.5,64951
2021-05-14 09:42:25,3463.6,64999
2021-05-14 09:42:29,3463.6,65011
2021-05-14 09:42:32,3463.7,65023
2021-05-14 09:42:36,3463.0,65034
2021-05-14 09:42:39,3463.0,65044
2021-05-14 09:42:43,3463.0,65078
2021-05-14 09:42:47,3463.0,65258
2021-05-14 09:42:51,3462.0,65295
2021-05-14 09:42:54,3462.0,65471
2021-05-14 09:42:58,3462.0,65473
2021-05-14 09:43:02,3461.0,65513
2021-05-14 09:43:06,3461.0,65513
2021-05-14 09:43:09,3461.0,65518
2021-05-14 09:43:12,3461.0,65521
2021-05-14 09:43:16,3461.0,65524
2021-05-14 09:43:19,3462.0,65586
2021-05-14 09:43:23,3459.0,65693
2021-05-14 09:43:27,3458.7,65711
2021-05-14 09:43:31,3461.0,65767
2021-05-14 09:43:34,3461.0,65769
2021-05-14 09:43:38,3461.85,65855
2021-05-14 09:43:42,3460.65,65865
2021-05-14 09:43:45,3460.65,65874
2021-05-14 09:43:49,3460.15,65930
2021-05-14 09:43:53,3460.1,65946
2021-05-14 09:43:56,3460.1,65963
2021-05-14 09:44:00,3461.9,65980
2021-05-14 09:44:04,3461.9,65980
2021-05-14 09:44:07,3462.2,66256
2021-05-14 09:44:11,3460.8,66403
2021-05-14 09:44:15,3462.0,66409
2021-05-14 09:44:18,3461.5,66415
2021-05-14 09:44:21,3461.5,66428
2021-05-14 09:44:25,3461.5,66428
2021-05-14 09:44:29,3460.1,66518
2021-05-14 09:44:32,3461.25,66528
2021-05-14 09:44:36,3461.25,66528
2021-05-14 09:44:40,3459.35,66541
2021-05-14 09:44:44,3461.35,66561
2021-05-14 09:44:48,3462.7,66568
2021-05-14 09:44:55,3463.0,66569
2021-05-14 09:44:59,3461.4,66646
2021-05-14 09:45:03,3461.4,66646
2021-05-14 09:45:07,3461.35,66686
2021-05-14 09:45:10,3461.35,66686
2021-05-14 09:45:14,3461.35,66686
2021-05-14 09:45:17,3462.1,66692
2021-05-14 09:45:21,3461.35,66695
2021-05-14 09:45:25,3461.35,66704
2021-05-14 09:45:29,3461.35,66705
2021-05-14 09:45:32,3462.0,66713
2021-05-14 09:45:36,3462.0,66714
2021-05-14 09:45:39,3462.0,66725
2021-05-14 09:45:43,3462.0,66737
2021-05-14 09:45:46,3461.5,66740
2021-05-14 09:45:50,3461.35,66852
2021-05-14 09:45:54,3462.8,66862
2021-05-14 09:45:58,3462.8,66862
2021-05-14 09:46:02,3462.95,66942
2021-05-14 09:46:05,3463.0,66976
2021-05-14 09:46:09,3462.8,66980
2021-05-14 09:46:12,3462.8,67170
2021-05-14 09:46:16,3461.0,67173
2021-05-14 09:46:20,3462.1,67176
2021-05-14 09:46:24,3462.1,67227
2021-05-14 09:46:27,3462.1,67231
2021-05-14 09:46:31,3462.1,67231
2021-05-14 09:46:35,3462.5,67325
2021-05-14 09:46:38,3462.5,67344
2021-05-14 09:46:42,3461.5,67355
2021-05-14 09:46:46,3462.8,67360
2021-05-14 09:46:49,3463.0,67373
2021-05-14 09:46:52,3462.0,67378
2021-05-14 09:46:56,3462.0,67378
2021-05-14 09:46:59,3463.0,67381
2021-05-14 09:47:03,3462.0,67395
2021-05-14 09:47:07,3463.6,67628
2021-05-14 09:47:14,3462.15,67652
2021-05-14 09:47:18,3462.95,67653
2021-05-14 09:47:21,3463.95,67704
2021-05-14 09:47:24,3463.95,67704
2021-05-14 09:47:28,3463.95,67704
2021-05-14 09:47:31,3464.0,67714
2021-05-14 09:47:37,3464.9,67980
2021-05-14 09:47:40,3464.85,68045
2021-05-14 09:47:47,3464.85,68045
2021-05-14 09:47:50,3463.0,68066
2021-05-14 09:47:54,3463.0,68069
2021-05-14 09:47:57,3464.85,68124
2021-05-14 09:48:01,3463.45,68151
2021-05-14 09:48:05,3464.85,68162
2021-05-14 09:48:09,3464.0,68164
2021-05-14 09:48:12,3464.85,68219
2021-05-14 09:48:16,3464.0,68223
2021-05-14 09:48:19,3464.85,68244
2021-05-14 09:48:22,3464.85,68264
2021-05-14 09:48:25,3464.0,68293
2021-05-14 09:48:32,3464.0,68374
2021-05-14 09:48:36,3464.0,68404
2021-05-14 09:48:39,3464.0,68437
2021-05-14 09:48:43,3464.95,68438
2021-05-14 09:48:46,3464.0,68518
2021-05-14 09:48:49,3464.9,68528
2021-05-14 09:48:53,3464.8,68560
2021-05-14 09:48:56,3464.5,68569
2021-05-14 09:48:59,3464.0,68580
2021-05-14 09:49:02,3464.0,68580
2021-05-14 09:49:06,3464.8,68618
2021-05-14 09:49:09,3464.5,68654
2021-05-14 09:49:12,3464.0,68859
2021-05-14 09:49:16,3462.2,68907
2021-05-14 09:49:19,3464.0,68968
2021-05-14 09:49:23,3464.0,68968
2021-05-14 09:49:27,3463.95,68976
2021-05-14 09:49:30,3463.95,68982
2021-05-14 09:49:33,3461.2,69089
2021-05-14 09:49:37,3463.15,69105
2021-05-14 09:49:41,3463.15,69119
2021-05-14 09:49:44,3463.15,69121
2021-05-14 09:49:47,3462.0,69271
2021-05-14 09:49:50,3462.0,69271
2021-05-14 09:49:54,3461.75,69311
2021-05-14 09:49:58,3463.0,69312
2021-05-14 09:50:01,3463.0,69312
2021-05-14 09:50:05,3463.0,69312
2021-05-14 09:50:08,3463.0,69312
2021-05-14 09:50:11,3461.55,69342
2021-05-14 09:50:18,3461.7,69362
2021-05-14 09:50:22,3463.0,69363
2021-05-14 09:50:25,3463.0,69364
2021-05-14 09:50:29,3463.0,69364
2021-05-14 09:50:32,3463.0,69370
2021-05-14 09:50:35,3463.1,69390
2021-05-14 09:50:39,3463.1,69390
2021-05-14 09:50:42,3463.1,69405
2021-05-14 09:50:46,3463.1,69451
2021-05-14 09:50:50,3463.1,69451
2021-05-14 09:50:54,3463.1,69550
2021-05-14 09:50:58,3463.65,69642
2021-05-14 09:51:01,3463.65,69643
2021-05-14 09:51:05,3462.0,69666
2021-05-14 09:51:08,3463.0,69677
2021-05-14 09:51:12,3463.55,69702
2021-05-14 09:51:16,3463.4,69706
2021-05-14 09:51:20,3461.6,69717
2021-05-14 09:51:24,3461.6,69717
2021-05-14 09:51:27,3463.0,69718
2021-05-14 09:51:31,3463.0,69718
2021-05-14 09:51:35,3463.7,69743
2021-05-14 09:51:39,3461.25,69833
2021-05-14 09:51:42,3462.95,69836
2021-05-14 09:51:46,3462.95,69836
2021-05-14 09:51:49,3462.95,69836
2021-05-14 09:51:52,3462.95,69836
2021-05-14 09:51:56,3462.9,70038
2021-05-14 09:52:00,3462.9,70038
2021-05-14 09:52:03,3462.9,70039
2021-05-14 09:52:06,3463.0,70069
2021-05-14 09:52:10,3461.85,70074
2021-05-14 09:52:13,3461.5,70148
2021-05-14 09:52:16,3461.5,70148
2021-05-14 09:52:20,3463.0,70150
2021-05-14 09:52:23,3461.5,70152
2021-05-14 09:52:28,3463.0,70176
2021-05-14 09:52:31,3463.0,70205
2021-05-14 09:52:34,3463.0,70206
2021-05-14 09:52:41,3461.5,70208
2021-05-14 09:52:45,3461.5,70208
2021-05-14 09:52:48,3461.5,70208
2021-05-14 09:52:51,3461.5,70220
2021-05-14 09:52:55,3462.1,70268
2021-05-14 09:52:59,3462.1,70341
2021-05-14 09:53:02,3463.0,70345
2021-05-14 09:53:05,3463.0,70345
2021-05-14 09:53:08,3463.0,70353
2021-05-14 09:53:12,3461.5,70458
2021-05-14 09:53:16,3461.5,70458
2021-05-14 09:53:20,3461.5,70458
2021-05-14 09:53:24,3462.95,70473
2021-05-14 09:53:27,3461.5,70512
2021-05-14 09:53:30,3461.5,70512
2021-05-14 09:53:33,3462.95,70516
2021-05-14 09:53:37,3462.0,70671
2021-05-14 09:53:41,3462.0,70671
2021-05-14 09:53:44,3462.95,71023
2021-05-14 09:53:47,3461.15,71058
2021-05-14 09:53:50,3462.95,71069
2021-05-14 09:53:53,3461.15,71099
2021-05-14 09:53:56,3461.05,71121
2021-05-14 09:54:00,3461.05,71121
2021-05-14 09:54:04,3461.1,71133
2021-05-14 09:54:07,3461.15,71383
2021-05-14 09:54:10,3460.7,71390
2021-05-14 09:54:14,3460.7,71394
2021-05-14 09:54:18,3460.7,71397
2021-05-14 09:54:21,3463.0,71712
2021-05-14 09:54:25,3463.0,71712
2021-05-14 09:54:28,3463.5,71729
2021-05-14 09:54:32,3463.0,71732
2021-05-14 09:54:35,3463.0,71732
2021-05-14 09:54:41,3463.0,71738
2021-05-14 09:54:45,3463.5,71739
2021-05-14 09:54:48,3461.25,71981
2021-05-14 09:54:52,3463.0,71987
2021-05-14 09:54:55,3461.35,71989
2021-05-14 09:54:59,3461.25,72011
2021-05-14 09:55:02,3460.6,72026
2021-05-14 09:55:05,3461.35,72038
2021-05-14 09:55:08,3461.35,72038
2021-05-14 09:55:12,3461.35,72069
2021-05-14 09:55:15,3461.35,72069
2021-05-14 09:55:19,3461.35,72069
2021-05-14 09:55:25,3462.85,72130
2021-05-14 09:55:28,3462.85,72130
2021-05-14 09:55:32,3463.0,72133
2021-05-14 09:55:35,3463.0,72133
2021-05-14 09:55:39,3463.0,72166
2021-05-14 09:55:42,3460.5,72250
2021-05-14 09:55:46,3462.0,72251
2021-05-14 09:55:50,3462.0,72251
2021-05-14 09:55:53,3462.0,72280
2021-05-14 09:55:56,3460.2,72300
2021-05-14 09:56:00,3460.2,72301
2021-05-14 09:56:03,3460.15,72320
2021-05-14 09:56:07,3460.15,72330
2021-05-14 09:56:10,3460.1,72340
2021-05-14 09:56:14,3460.1,72340
2021-05-14 09:56:17,3460.1,72435
2021-05-14 09:56:21,3460.1,72500
2021-05-14 09:56:24,3461.0,72502
2021-05-14 09:56:27,3461.8,72507
2021-05-14 09:56:31,3462.1,72629
2021-05-14 09:56:34,3460.1,72680
2021-05-14 09:56:38,3460.15,72681
2021-05-14 09:56:42,3460.15,72687
2021-05-14 09:56:45,3460.15,72687
2021-05-14 09:56:49,3460.2,72694
2021-05-14 09:56:52,3461.75,72704
2021-05-14 09:56:56,3461.75,72704
2021-05-14 09:56:59,3460.2,72714
2021-05-14 09:57:03,3460.2,72777
2021-05-14 09:57:06,3461.75,72781
2021-05-14 09:57:09,3461.75,72798
2021-05-14 09:57:12,3461.0,72800
2021-05-14 09:57:15,3461.0,72822
2021-05-14 09:57:19,3461.9,72836
2021-05-14 09:57:22,3461.0,72864
2021-05-14 09:57:25,3461.75,72894
2021-05-14 09:57:29,3461.9,73044
2021-05-14 09:57:32,3461.85,73054
2021-05-14 09:57:36,3461.85,73054
2021-05-14 09:57:39,3462.0,73156
2021-05-14 09:57:42,3461.85,73158
2021-05-14 09:57:45,3461.85,73180
2021-05-14 09:57:48,3461.95,73184
2021-05-14 09:57:51,3461.95,73184
2021-05-14 09:57:54,3461.95,73198
2021-05-14 09:57:58,3461.0,73204
2021-05-14 09:58:01,3461.0,73208
2021-05-14 09:58:04,3461.95,73209
2021-05-14 09:58:11,3461.95,73363
2021-05-14 09:58:14,3461.95,73391
2021-05-14 09:58:17,3461.95,73393
2021-05-14 09:58:21,3461.95,73403
2021-05-14 09:58:24,3463.1,76530
2021-05-14 09:58:27,3465.0,76563
2021-05-14 09:58:30,3465.0,76579
2021-05-14 09:58:33,3464.95,76602
2021-05-14 09:58:36,3464.95,76602
2021-05-14 09:58:40,3465.0,76878
2021-05-14 09:58:43,3466.0,76968
2021-05-14 09:58:47,3466.0,76986
2021-05-14 09:58:51,3466.0,77038
2021-05-14 09:58:54,3466.0,77038
2021-05-14 09:58:57,3465.8,77141
2021-05-14 09:59:01,3466.4,77151
2021-05-14 09:59:04,3465.8,77232
2021-05-14 09:59:08,3465.8,77247
2021-05-14 09:59:11,3470.0,79489
2021-05-14 09:59:15,3472.0,81240
2021-05-14 09:59:18,3472.0,81558
2021-05-14 09:59:21,3472.0,81676
2021-05-14 09:59:24,3472.0,82322
2021-05-14 09:59:27,3471.35,87645
2021-05-14 09:59:30,3475.1,87705
2021-05-14 09:59:33,3473.55,87913
2021-05-14 09:59:36,3475.55,88028
2021-05-14 09:59:40,3473.7,88610
2021-05-14 09:59:44,3473.7,88805
2021-05-14 09:59:47,3475.65,88955
2021-05-14 09:59:51,3473.55,89084
2021-05-14 09:59:54,3473.7,89394
2021-05-14 09:59:58,3473.25,89454
2021-05-14 10:00:01,3473.0,89550
2021-05-14 10:00:05,3473.3,89631
2021-05-14 10:00:08,3473.45,89781
2021-05-14 10:00:11,3472.05,90196
2021-05-14 10:00:14,3472.95,90484
2021-05-14 10:00:21,3472.65,90564
2021-05-14 10:00:25,3470.55,90614
2021-05-14 10:00:28,3472.0,90809
2021-05-14 10:00:32,3472.0,90911
2021-05-14 10:00:36,3470.85,91211
2021-05-14 10:00:39,3473.05,91256
2021-05-14 10:00:42,3470.95,91273
2021-05-14 10:00:45,3472.95,91400
2021-05-14 10:00:48,3473.3,91654
2021-05-14 10:00:51,3473.2,91688
2021-05-14 10:00:54,3472.85,91702
2021-05-14 10:00:57,3472.75,91723
2021-05-14 10:01:00,3473.0,91823
2021-05-14 10:01:04,3472.85,91825
2021-05-14 10:01:08,3472.85,91826
2021-05-14 10:01:11,3470.5,92238
2021-05-14 10:01:14,3470.2,92288
2021-05-14 10:01:18,3470.2,92288
2021-05-14 10:01:21,3472.85,92577
2021-05-14 10:01:24,3472.8,92588
2021-05-14 10:01:28,3470.65,92602
2021-05-14 10:01:30,3470.65,92602
2021-05-14 10:01:33,3471.15,92629
2021-05-14 10:01:37,3472.0,92642
2021-05-14 10:01:39,3471.15,92652
2021-05-14 10:01:40,3472.0,92662
2021-05-14 10:01:41,3472.0,92675
2021-05-14 10:01:42,3470.15,93128
2021-05-14 10:01:43,3470.15,93128
2021-05-14 10:01:44,3471.95,93220
2021-05-14 10:01:45,3471.95,93220
2021-05-14 10:01:45,3471.95,93220
2021-05-14 10:01:46,3471.95,93220
2021-05-14 10:01:48,3471.15,93230
2021-05-14 10:01:49,3471.95,93280
2021-05-14 10:01:50,3471.95,93280
2021-05-14 10:01:51,3471.95,93280
2021-05-14 10:01:52,3472.0,93291
2021-05-14 10:01:53,3472.1,93806
2021-05-14 10:01:54,3471.9,93850
2021-05-14 10:01:55,3472.1,93973
2021-05-14 10:01:56,3473.3,94360
2021-05-14 10:01:58,3472.0,94396
2021-05-14 10:01:59,3472.0,94397
2021-05-14 10:02:00,3473.3,94408
2021-05-14 10:02:03,3472.0,94426
2021-05-14 10:02:03,3473.0,94429
2021-05-14 10:02:04,3472.0,94459
2021-05-14 10:02:05,3472.0,94471
2021-05-14 10:02:06,3473.35,94485
2021-05-14 10:02:07,3473.35,94485
2021-05-14 10:02:08,3473.35,94485
2021-05-14 10:02:09,3473.7,94540
2021-05-14 10:02:11,3473.7,94540
2021-05-14 10:02:12,3473.7,94540
2021-05-14 10:02:13,3473.7,94541
2021-05-14 10:02:14,3473.7,94646
2021-05-14 10:02:15,3473.7,94646
2021-05-14 10:02:16,3474.1,94752
2021-05-14 10:02:17,3474.1,94752
2021-05-14 10:02:18,3473.7,94784
2021-05-14 10:02:19,3473.6,94894
2021-05-14 10:02:20,3474.2,95405
2021-05-14 10:02:21,3474.2,95405
2021-05-14 10:02:22,3474.2,95405
2021-05-14 10:02:23,3474.2,95405
2021-05-14 10:02:24,3474.7,95455
2021-05-14 10:02:25,3474.7,95455
2021-05-14 10:02:26,3474.8,95474
2021-05-14 10:02:28,3474.8,95505
2021-05-14 10:02:29,3474.8,95506
2021-05-14 10:02:30,3474.0,95577
2021-05-14 10:02:31,3474.0,95646
2021-05-14 10:02:32,3474.8,95777
2021-05-14 10:02:34,3474.75,95903
2021-05-14 10:02:35,3474.75,95903
2021-05-14 10:02:36,3474.7,95908
2021-05-14 10:02:37,3474.2,96578
2021-05-14 10:02:38,3474.2,96578
2021-05-14 10:02:39,3475.0,96600
2021-05-14 10:02:40,3475.0,96600
2021-05-14 10:02:41,3474.95,96602
2021-05-14 10:02:42,3474.95,96672
2021-05-14 10:02:43,3475.0,96914
2021-05-14 10:02:44,3475.0,96915
2021-05-14 10:02:45,3475.0,97018
2021-05-14 10:02:46,3475.5,97030
2021-05-14 10:02:47,3475.5,97030
2021-05-14 10:02:48,3474.8,97135
2021-05-14 10:02:49,3475.0,97185
2021-05-14 10:02:50,3475.0,97185
2021-05-14 10:02:51,3475.0,97185
2021-05-14 10:02:52,3475.0,97185
2021-05-14 10:02:53,3475.0,97195
2021-05-14 10:02:54,3475.0,97195
2021-05-14 10:02:55,3475.0,97255
2021-05-14 10:02:56,3475.0,97291
2021-05-14 10:02:57,3475.0,97291
2021-05-14 10:02:58,3475.5,97308
2021-05-14 10:02:59,3475.0,97428
2021-05-14 10:03:00,3474.1,97639
2021-05-14 10:03:01,3475.3,97649
2021-05-14 10:03:02,3474.0,97655
2021-05-14 10:03:03,3474.0,97655
2021-05-14 10:03:05,3474.0,97681
2021-05-14 10:03:06,3474.0,97681
2021-05-14 10:03:07,3474.0,97681
2021-05-14 10:03:08,3474.8,97791
2021-05-14 10:03:09,3474.8,97791
2021-05-14 10:03:10,3474.85,97799
2021-05-14 10:03:12,3474.7,97838
2021-05-14 10:03:11,3474.7,97838
2021-05-14 10:03:13,3473.7,97849
2021-05-14 10:03:14,3474.75,97869
2021-05-14 10:03:15,3474.0,97874
2021-05-14 10:03:16,3474.0,97874
2021-05-14 10:03:17,3474.0,97874
2021-05-14 10:03:18,3474.0,97874
2021-05-14 10:03:19,3474.0,97874
2021-05-14 10:03:20,3474.0,97899
2021-05-14 10:03:21,3474.0,97902
2021-05-14 10:03:22,3473.9,97907
2021-05-14 10:03:23,3471.95,98407
2021-05-14 10:03:24,3471.95,98407
2021-05-14 10:03:25,3471.95,98407
2021-05-14 10:03:26,3471.95,98407
2021-05-14 10:03:27,3472.0,98411
2021-05-14 10:03:28,3471.0,98447
2021-05-14 10:03:29,3471.0,98452
2021-05-14 10:03:30,3472.0,98472
2021-05-14 10:03:31,3471.0,98498
2021-05-14 10:03:33,3471.05,98514
2021-05-14 10:03:34,3470.3,98564
2021-05-14 10:03:35,3470.3,98564
2021-05-14 10:03:36,3470.2,98578
2021-05-14 10:03:37,3471.05,98679
2021-05-14 10:03:38,3471.05,98679
2021-05-14 10:03:39,3471.0,98702
2021-05-14 10:03:40,3471.0,98702
2021-05-14 10:03:41,3473.05,98802
2021-05-14 10:03:42,3474.0,98826
2021-05-14 10:03:43,3472.2,98851
2021-05-14 10:03:44,3472.2,98866
2021-05-14 10:03:45,3472.2,98878
2021-05-14 10:03:46,3472.2,98878
2021-05-14 10:03:47,3472.2,98878
2021-05-14 10:03:48,3472.2,98878
2021-05-14 10:03:49,3472.95,99090
2021-05-14 10:03:50,3472.95,99090
2021-05-14 10:03:51,3472.95,99090
2021-05-14 10:03:52,3474.0,99107
2021-05-14 10:03:53,3474.0,99137
2021-05-14 10:03:54,3474.1,99139
2021-05-14 10:03:56,3474.0,99159
2021-05-14 10:03:55,3474.0,99159
2021-05-14 10:03:57,3472.95,99327
2021-05-14 10:03:58,3472.95,99327
2021-05-14 10:03:59,3472.95,99327
2021-05-14 10:04:00,3472.95,99339
2021-05-14 10:04:01,3472.95,99339
2021-05-14 10:04:02,3471.95,99569
2021-05-14 10:04:04,3471.95,99569
2021-05-14 10:04:05,3472.8,99595
2021-05-14 10:04:06,3472.0,99645
2021-05-14 10:04:07,3472.0,99645
2021-05-14 10:04:08,3472.0,99645
2021-05-14 10:04:09,3471.0,99675
2021-05-14 10:04:10,3471.0,99693
2021-05-14 10:04:11,3471.0,99713
2021-05-14 10:04:12,3471.0,99714
2021-05-14 10:04:13,3471.0,99714
2021-05-14 10:04:14,3471.0,99748
2021-05-14 10:04:15,3471.0,99748
2021-05-14 10:04:16,3471.0,99748
2021-05-14 10:04:17,3471.0,99748
2021-05-14 10:04:18,3470.0,99971
2021-05-14 10:04:19,3470.0,99991
2021-05-14 10:04:20,3471.0,100323
2021-05-14 10:04:21,3471.0,100323
2021-05-14 10:04:23,3470.0,100572
2021-05-14 10:04:23,3470.0,100582
2021-05-14 10:04:24,3470.0,100582
2021-05-14 10:04:25,3470.0,100587
2021-05-14 10:04:26,3470.0,100592
2021-05-14 10:04:27,3470.0,100592
2021-05-14 10:04:28,3470.0,100642
2021-05-14 10:04:29,3469.35,100649
2021-05-14 10:04:30,3470.0,100678
2021-05-14 10:04:31,3470.0,100679
2021-05-14 10:04:32,3469.95,100682
2021-05-14 10:04:33,3469.95,100682
2021-05-14 10:04:34,3470.0,100941
2021-05-14 10:04:35,3469.3,100956
2021-05-14 10:04:37,3470.0,100957
2021-05-14 10:04:37,3470.0,100957
2021-05-14 10:04:38,3469.3,100965
2021-05-14 10:04:39,3469.3,100965
2021-05-14 10:04:40,3469.95,100968
2021-05-14 10:04:41,3469.95,100978
2021-05-14 10:04:42,3470.0,100990
2021-05-14 10:04:44,3470.0,100998
2021-05-14 10:04:45,3469.95,101006
2021-05-14 10:04:46,3470.0,101041
2021-05-14 10:04:47,3470.1,101093
2021-05-14 10:04:48,3470.0,101121
2021-05-14 10:04:49,3470.0,101171
2021-05-14 10:04:51,3470.1,101205
2021-05-14 10:04:51,3470.1,101205
2021-05-14 10:04:52,3469.95,101233
2021-05-14 10:04:53,3469.3,101278
2021-05-14 10:04:54,3470.1,101368
2021-05-14 10:04:55,3470.1,101398
2021-05-14 10:04:56,3470.1,101433
2021-05-14 10:04:57,3470.95,101435
2021-05-14 10:04:58,3469.3,101537
2021-05-14 10:04:59,3469.3,101537
2021-05-14 10:05:00,3471.15,101546
2021-05-14 10:05:01,3469.3,101549
2021-05-14 10:05:02,3469.3,101550
2021-05-14 10:05:03,3470.0,101551
2021-05-14 10:05:05,3469.3,101579
2021-05-14 10:05:05,3469.3,101579
2021-05-14 10:05:06,3470.8,101589
2021-05-14 10:05:07,3469.3,101689
2021-05-14 10:05:08,3470.8,101690
2021-05-14 10:05:09,3469.3,101726
2021-05-14 10:05:10,3469.3,101766
2021-05-14 10:05:13,3469.3,101767
2021-05-14 10:05:13,3469.3,101767
2021-05-14 10:05:14,3469.3,101767
2021-05-14 10:05:15,3469.3,101782
2021-05-14 10:05:16,3467.1,102514
2021-05-14 10:05:17,3467.1,102514
2021-05-14 10:05:19,3468.0,102539
2021-05-14 10:05:20,3467.9,102549
2021-05-14 10:05:22,3467.1,102550
2021-05-14 10:05:23,3469.0,102655
2021-05-14 10:05:24,3467.0,102675
2021-05-14 10:05:25,3465.35,103380
2021-05-14 10:05:26,3465.35,103380
2021-05-14 10:05:27,3464.55,103410
2021-05-14 10:05:29,3466.8,103430
2021-05-14 10:05:29,3466.8,103430
2021-05-14 10:05:30,3465.0,103440
2021-05-14 10:05:31,3465.0,103440
2021-05-14 10:05:32,3465.35,103445
2021-05-14 10:05:33,3465.35,103445
2021-05-14 10:05:34,3465.0,103453
2021-05-14 10:05:35,3465.0,103467
2021-05-14 10:05:36,3465.0,103467
2021-05-14 10:05:37,3465.0,103467
2021-05-14 10:05:38,3468.0,103487
2021-05-14 10:05:39,3468.0,103487
2021-05-14 10:05:40,3468.0,103487
2021-05-14 10:05:41,3466.8,103498
2021-05-14 10:05:43,3466.8,103498
2021-05-14 10:05:44,3466.8,103498
2021-05-14 10:05:45,3466.8,103498
2021-05-14 10:05:47,3468.0,103499
2021-05-14 10:05:47,3468.0,103528
2021-05-14 10:05:48,3466.7,103556
2021-05-14 10:05:49,3467.1,103716
2021-05-14 10:05:50,3466.75,103729
2021-05-14 10:05:51,3466.7,103765
2021-05-14 10:05:53,3466.7,103765
2021-05-14 10:05:53,3468.0,103766
2021-05-14 10:05:55,3468.0,103777
2021-05-14 10:05:56,3468.0,103777
2021-05-14 10:05:58,3467.0,103928
2021-05-14 10:05:58,3467.0,103928
2021-05-14 10:05:59,3467.0,103928
2021-05-14 10:06:00,3467.0,103928
2021-05-14 10:06:01,3465.4,104033
2021-05-14 10:06:02,3465.4,104033
2021-05-14 10:06:03,3465.45,104034
2021-05-14 10:06:04,3465.45,104034
2021-05-14 10:06:05,3465.45,104034
2021-05-14 10:06:07,3467.0,104036
2021-05-14 10:06:07,3465.45,104046
2021-05-14 10:06:09,3467.0,104047
2021-05-14 10:06:09,3467.0,104047
2021-05-14 10:06:10,3467.0,104047
2021-05-14 10:06:11,3467.1,104098
2021-05-14 10:06:12,3468.0,104131
2021-05-14 10:06:13,3468.0,104133
2021-05-14 10:06:14,3466.45,104142
2021-05-14 10:06:15,3468.0,104153
2021-05-14 10:06:16,3466.4,104198
2021-05-14 10:06:17,3469.0,104278
2021-05-14 10:06:18,3466.6,104288
2021-05-14 10:06:19,3466.6,104288
2021-05-14 10:06:20,3466.6,104288
2021-05-14 10:06:21,3466.6,104288
2021-05-14 10:06:22,3466.6,104288
2021-05-14 10:06:23,3466.6,104288
2021-05-14 10:06:24,3466.6,104288
2021-05-14 10:06:25,3466.6,104288
2021-05-14 10:06:26,3466.6,104288
2021-05-14 10:06:27,3466.6,104288
2021-05-14 10:06:28,3468.95,104292
2021-05-14 10:06:29,3468.95,104292
2021-05-14 10:06:31,3468.95,104292
2021-05-14 10:06:32,3468.0,104302
2021-05-14 10:06:33,3469.0,104304
2021-05-14 10:06:34,3469.0,104304
2021-05-14 10:06:35,3469.0,104304
2021-05-14 10:06:37,3468.0,104310
2021-05-14 10:06:39,3468.0,104310
2021-05-14 10:06:40,3468.0,104310
2021-05-14 10:06:40,3468.0,104310
2021-05-14 10:06:41,3468.0,104310
2021-05-14 10:06:42,3468.0,104314
2021-05-14 10:06:43,3469.15,104328
2021-05-14 10:06:44,3469.15,104328
2021-05-14 10:06:45,3468.95,104333
2021-05-14 10:06:46,3468.95,104333
2021-05-14 10:06:47,3468.95,104333
2021-05-14 10:06:48,3469.0,104334
2021-05-14 10:06:49,3468.4,104386
2021-05-14 10:06:50,3468.4,104386
2021-05-14 10:06:51,3468.4,104387
2021-05-14 10:06:52,3467.0,104392
2021-05-14 10:06:53,3466.2,104394
2021-05-14 10:06:54,3466.0,104399
2021-05-14 10:06:55,3466.0,104399
2021-05-14 10:06:56,3466.0,104399
2021-05-14 10:06:57,3468.3,104401
2021-05-14 10:06:58,3468.3,104401
2021-05-14 10:06:59,3468.3,104401
2021-05-14 10:07:00,3468.0,104406
2021-05-14 10:07:01,3468.0,104407
2021-05-14 10:07:02,3467.65,104410
2021-05-14 10:07:03,3467.65,104411
2021-05-14 10:07:04,3467.65,104411
2021-05-14 10:07:05,3467.65,104411
2021-05-14 10:07:06,3467.6,104414
2021-05-14 10:07:07,3468.0,104442
2021-05-14 10:07:08,3468.0,104442
2021-05-14 10:07:09,3468.0,104442
2021-05-14 10:07:10,3468.0,104442
2021-05-14 10:07:13,3468.0,104442
2021-05-14 10:07:15,3466.05,104447
2021-05-14 10:07:15,3466.05,104447
2021-05-14 10:07:16,3467.65,104448
2021-05-14 10:07:17,3467.65,104448
2021-05-14 10:07:18,3467.65,104448
2021-05-14 10:07:20,3467.65,104448
2021-05-14 10:07:20,3467.65,104448
2021-05-14 10:07:21,3467.6,104450
2021-05-14 10:07:22,3467.6,104450
2021-05-14 10:07:23,3467.55,104458
2021-05-14 10:07:24,3467.55,104458
2021-05-14 10:07:25,3467.55,104458
2021-05-14 10:07:26,3467.55,104458
2021-05-14 10:07:27,3467.55,104458
2021-05-14 10:07:28,3467.0,104468
2021-05-14 10:07:29,3467.0,104493
2021-05-14 10:07:30,3467.0,104493
2021-05-14 10:07:31,3467.0,104493
2021-05-14 10:07:32,3467.0,104493
2021-05-14 10:07:33,3467.0,104493
2021-05-14 10:07:34,3467.0,104493
2021-05-14 10:07:35,3467.0,104503
2021-05-14 10:07:36,3466.25,104515
2021-05-14 10:07:37,3466.25,104520
2021-05-14 10:07:38,3467.0,104521
2021-05-14 10:07:39,3467.0,104524
2021-05-14 10:07:40,3467.45,104624
2021-05-14 10:07:41,3466.1,104674
2021-05-14 10:07:42,3467.55,104675
2021-05-14 10:07:43,3467.55,104675
2021-05-14 10:07:44,3467.55,104675
2021-05-14 10:07:45,3467.55,104675
2021-05-14 10:07:46,3467.55,104675
2021-05-14 10:07:47,3467.55,104675
2021-05-14 10:07:49,3467.8,104686
2021-05-14 10:07:50,3467.8,104686
2021-05-14 10:07:51,3467.8,104687
2021-05-14 10:07:51,3467.8,104687
2021-05-14 10:07:52,3467.8,104687
2021-05-14 10:07:53,3467.8,104687
2021-05-14 10:07:54,3467.8,104687
2021-05-14 10:07:55,3467.55,104688
2021-05-14 10:07:56,3466.55,104698
2021-05-14 10:07:57,3466.55,104698
2021-05-14 10:07:58,3466.55,104698
2021-05-14 10:07:59,3467.8,104700
2021-05-14 10:08:00,3467.8,104703
2021-05-14 10:08:01,3466.5,104716
2021-05-14 10:08:02,3466.5,104716
2021-05-14 10:08:03,3466.5,104716
2021-05-14 10:08:04,3468.95,104970
2021-05-14 10:08:05,3468.95,104970
2021-05-14 10:08:06,3469.0,105104
2021-05-14 10:08:08,3468.65,105108
2021-05-14 10:08:09,3468.65,105113
2021-05-14 10:08:10,3468.65,105113
2021-05-14 10:08:11,3468.65,105113
2021-05-14 10:08:12,3468.65,105113
2021-05-14 10:08:13,3468.65,105113
2021-05-14 10:08:14,3468.65,105113
2021-05-14 10:08:14,3468.65,105113
2021-05-14 10:08:15,3469.5,105118
2021-05-14 10:08:18,3469.5,105118
2021-05-14 10:08:19,3469.5,105118
2021-05-14 10:08:20,3469.5,105261
2021-05-14 10:08:21,3469.5,105261
2021-05-14 10:08:21,3469.5,105261
2021-05-14 10:08:22,3469.2,105276
2021-05-14 10:08:23,3469.2,105276
2021-05-14 10:08:24,3469.2,105276
2021-05-14 10:08:25,3470.0,105277
2021-05-14 10:08:26,3469.2,105297
2021-05-14 10:08:27,3469.2,105297
2021-05-14 10:08:28,3469.2,105297
2021-05-14 10:08:30,3469.2,105297
2021-05-14 10:08:31,3469.2,105297
2021-05-14 10:08:32,3470.0,105315
2021-05-14 10:08:33,3470.0,105335
2021-05-14 10:08:34,3470.0,105335
2021-05-14 10:08:35,3470.0,105335
2021-05-14 10:08:36,3470.0,105335
2021-05-14 10:08:37,3470.0,105335
2021-05-14 10:08:38,3470.0,105335
2021-05-14 10:08:39,3469.75,105336
2021-05-14 10:08:40,3469.75,105336
2021-05-14 10:08:41,3469.75,105336
2021-05-14 10:08:42,3469.75,105337
2021-05-14 10:08:43,3469.75,105337
2021-05-14 10:08:45,3469.75,105337
2021-05-14 10:08:45,3469.75,105340
2021-05-14 10:08:47,3468.65,105341
2021-05-14 10:08:47,3468.65,105341
2021-05-14 10:08:49,3468.65,105341
2021-05-14 10:08:49,3468.65,105341
2021-05-14 10:08:50,3470.0,105343
2021-05-14 10:08:52,3470.0,105368
2021-05-14 10:08:53,3470.0,105368
2021-05-14 10:08:54,3470.0,105373
2021-05-14 10:08:55,3469.75,105380
2021-05-14 10:08:56,3470.0,105394
2021-05-14 10:08:57,3470.0,105444
2021-05-14 10:08:58,3470.0,105479
2021-05-14 10:08:58,3470.0,105509
2021-05-14 10:08:59,3470.0,105537
2021-05-14 10:09:00,3470.0,105538
2021-05-14 10:09:01,3470.0,105538
2021-05-14 10:09:02,3469.0,105638
2021-05-14 10:09:03,3469.0,105638
2021-05-14 10:09:05,3469.0,105639
2021-05-14 10:09:06,3470.0,105659
2021-05-14 10:09:06,3470.0,105659
2021-05-14 10:09:07,3470.0,105664
2021-05-14 10:09:08,3469.0,105719
2021-05-14 10:09:09,3470.0,105729
2021-05-14 10:09:10,3470.0,105729
2021-05-14 10:09:11,3470.0,105729
2021-05-14 10:09:13,3469.0,105734
2021-05-14 10:09:14,3469.0,105734
2021-05-14 10:09:15,3470.0,105737
2021-05-14 10:09:16,3470.0,105737
2021-05-14 10:09:17,3470.0,105737
2021-05-14 10:09:19,3470.0,105737
2021-05-14 10:09:20,3469.0,105742
2021-05-14 10:09:20,3469.0,105742
2021-05-14 10:09:21,3469.0,105742
2021-05-14 10:09:22,3469.0,105742
2021-05-14 10:09:23,3468.0,105792
2021-05-14 10:09:25,3469.0,105821
2021-05-14 10:09:26,3469.0,105823
2021-05-14 10:09:27,3469.0,105873
2021-05-14 10:09:28,3469.0,105873
2021-05-14 10:09:29,3468.05,105874
2021-05-14 10:09:32,3469.0,105883
2021-05-14 10:09:33,3468.15,105886
2021-05-14 10:09:33,3468.15,105886
2021-05-14 10:09:34,3469.0,105890
2021-05-14 10:09:35,3469.0,105890
2021-05-14 10:09:36,3469.0,105890
2021-05-14 10:09:38,3470.0,106160
2021-05-14 10:09:38,3470.0,106160
2021-05-14 10:09:39,3470.0,106160
2021-05-14 10:09:40,3470.65,106164
2021-05-14 10:09:41,3468.5,106194
2021-05-14 10:09:42,3468.5,106194
2021-05-14 10:09:43,3468.5,106194
2021-05-14 10:09:44,3468.5,106194
2021-05-14 10:09:46,3470.0,106197
2021-05-14 10:09:46,3470.0,106197
2021-05-14 10:09:48,3470.2,106199
2021-05-14 10:09:49,3470.2,106199
2021-05-14 10:09:50,3470.2,106199
2021-05-14 10:09:51,3470.2,106199
2021-05-14 10:09:51,3470.0,106249
2021-05-14 10:09:52,3470.0,106249
2021-05-14 10:09:53,3470.0,106249
2021-05-14 10:09:54,3470.0,106249
2021-05-14 10:09:55,3470.0,106249
2021-05-14 10:09:57,3470.0,106249
2021-05-14 10:09:57,3470.0,106249
2021-05-14 10:09:58,3470.2,106256
2021-05-14 10:10:01,3470.2,106256
2021-05-14 10:10:02,3470.2,106256
2021-05-14 10:10:03,3470.2,106256
2021-05-14 10:10:04,3468.2,106361
2021-05-14 10:10:05,3470.0,106365
2021-05-14 10:10:06,3470.2,106366
2021-05-14 10:10:07,3470.2,106366
2021-05-14 10:10:08,3470.2,106366
2021-05-14 10:10:09,3470.2,106366
2021-05-14 10:10:10,3470.25,106367
2021-05-14 10:10:11,3470.25,106367
2021-05-14 10:10:12,3468.15,106467
2021-05-14 10:10:13,3468.15,106467
2021-05-14 10:10:14,3468.15,106467
2021-05-14 10:10:15,3468.15,106467
2021-05-14 10:10:15,3468.15,106467
2021-05-14 10:10:17,3468.15,106467
2021-05-14 10:10:18,3470.55,106667
2021-05-14 10:10:19,3470.55,106667
2021-05-14 10:10:19,3468.25,106668
2021-05-14 10:10:21,3468.25,106668
2021-05-14 10:10:22,3468.25,106668
2021-05-14 10:10:23,3468.25,106668
2021-05-14 10:10:24,3468.25,106668
2021-05-14 10:10:25,3469.95,106669
2021-05-14 10:10:26,3469.95,106669
2021-05-14 10:10:26,3469.95,106669
2021-05-14 10:10:27,3469.95,106669
2021-05-14 10:10:28,3469.95,106669
2021-05-14 10:10:29,3469.95,106669
2021-05-14 10:10:30,3468.3,106677
2021-05-14 10:10:32,3468.3,106677
2021-05-14 10:10:33,3468.3,106677
2021-05-14 10:10:34,3468.3,106677
2021-05-14 10:10:35,3468.3,106677
2021-05-14 10:10:36,3468.3,106677
2021-05-14 10:10:37,3470.0,106705
2021-05-14 10:10:38,3470.0,106705
2021-05-14 10:10:38,3470.0,106705
2021-05-14 10:10:39,3470.0,106705
2021-05-14 10:10:40,3470.0,106719
2021-05-14 10:10:41,3470.0,106719
2021-05-14 10:10:42,3470.0,106719
2021-05-14 10:10:43,3470.0,106719
2021-05-14 10:10:45,3470.0,106719
2021-05-14 10:10:46,3470.0,106719
2021-05-14 10:10:47,3470.0,106786
2021-05-14 10:10:48,3470.0,106786
2021-05-14 10:10:49,3470.0,106786
2021-05-14 10:10:50,3470.0,106786
2021-05-14 10:10:52,3470.0,106786
2021-05-14 10:10:53,3470.0,106787
2021-05-14 10:10:54,3469.9,106789
2021-05-14 10:10:55,3469.9,106789
2021-05-14 10:10:56,3469.9,106789
2021-05-14 10:10:57,3470.0,106816
2021-05-14 10:10:58,3470.0,106816
2021-05-14 10:10:59,3470.9,107016
2021-05-14 10:11:00,3469.0,107017
2021-05-14 10:11:01,3469.0,107017
2021-05-14 10:11:02,3469.0,107018
2021-05-14 10:11:03,3469.0,107020
2021-05-14 10:11:04,3469.0,107020
2021-05-14 10:11:04,3469.0,107020
2021-05-14 10:11:05,3469.0,107020
2021-05-14 10:11:07,3469.0,107020
2021-05-14 10:11:08,3469.0,107020
2021-05-14 10:11:09,3470.8,107022
2021-05-14 10:11:09,3470.8,107022
2021-05-14 10:11:10,3470.8,107024
2021-05-14 10:11:12,3469.0,107046
2021-05-14 10:11:13,3469.0,107046
2021-05-14 10:11:14,3469.0,107046
2021-05-14 10:11:15,3469.0,107063
2021-05-14 10:11:16,3469.0,107063
2021-05-14 10:11:17,3469.0,107067
2021-05-14 10:11:18,3468.15,107135
2021-05-14 10:11:18,3468.15,107135
2021-05-14 10:11:19,3469.6,107146
2021-05-14 10:11:20,3469.6,107559
2021-05-14 10:11:22,3469.6,107559
2021-05-14 10:11:22,3469.6,107559
2021-05-14 10:11:23,3469.6,107559
2021-05-14 10:11:25,3468.0,107684
2021-05-14 10:11:27,3469.2,107687
2021-05-14 10:11:28,3469.2,107687
2021-05-14 10:11:29,3469.2,107687
2021-05-14 10:11:30,3469.2,107687
2021-05-14 10:11:31,3469.2,107720
2021-05-14 10:11:32,3469.2,107720
2021-05-14 10:11:33,3468.0,107730
2021-05-14 10:11:34,3468.0,107730
2021-05-14 10:11:35,3469.2,107738
2021-05-14 10:11:36,3468.0,107775
2021-05-14 10:11:37,3468.0,107775
2021-05-14 10:11:38,3468.0,107775
2021-05-14 10:11:41,3468.15,107832
2021-05-14 10:11:44,3468.15,107832
2021-05-14 10:11:47,3469.6,107833
2021-05-14 10:11:50,3469.6,107833
2021-05-14 10:11:53,3469.7,107870
2021-05-14 10:11:56,3469.7,107870
2021-05-14 10:11:59,3468.2,107872
2021-05-14 10:12:03,3468.2,107872
2021-05-14 10:12:07,3468.8,107888
2021-05-14 10:12:10,3468.8,107893
2021-05-14 10:12:16,3470.0,108060
2021-05-14 10:12:23,3468.05,108062
2021-05-14 10:12:27,3470.0,108172
2021-05-14 10:12:30,3469.75,108175
2021-05-14 10:12:33,3469.75,108196
2021-05-14 10:12:36,3469.05,108198
2021-05-14 10:12:39,3468.0,108252
2021-05-14 10:12:42,3468.0,108337
2021-05-14 10:12:45,3468.0,108389
2021-05-14 10:12:48,3468.0,108414
2021-05-14 10:12:52,3468.0,108468
2021-05-14 10:12:55,3468.0,108517
2021-05-14 10:13:01,3468.0,108675
2021-05-14 10:13:05,3468.0,109879
2021-05-14 10:13:08,3468.0,109879
2021-05-14 10:13:11,3468.0,109932
2021-05-14 10:13:14,3468.0,110034
2021-05-14 10:13:18,3468.0,110371
2021-05-14 10:13:21,3468.0,110377
2021-05-14 10:13:24,3468.0,110377
2021-05-14 10:13:28,3468.0,110377
2021-05-14 10:13:31,3468.0,110427
2021-05-14 10:13:35,3468.0,110462
2021-05-14 10:13:38,3468.0,110534
2021-05-14 10:13:41,3466.0,111010
2021-05-14 10:13:45,3466.0,111115
2021-05-14 10:13:48,3464.9,111258
2021-05-14 10:13:52,3463.35,111420
2021-05-14 10:13:56,3463.25,111471
2021-05-14 10:13:59,3463.25,111548
2021-05-14 10:14:03,3464.9,111574
2021-05-14 10:14:07,3464.9,111593
2021-05-14 10:14:10,3464.9,111620
2021-05-14 10:14:14,3464.8,111623
2021-05-14 10:14:17,3464.8,111650
2021-05-14 10:14:21,3464.8,111777
2021-05-14 10:14:24,3464.65,111809
2021-05-14 10:14:27,3464.8,111827
2021-05-14 10:14:31,3464.5,111840
2021-05-14 10:14:34,3464.9,111861
2021-05-14 10:14:37,3464.8,111895
2021-05-14 10:14:40,3463.0,112097
2021-05-14 10:14:44,3463.0,112137
2021-05-14 10:14:47,3464.25,112150
2021-05-14 10:14:50,3464.35,112173
2021-05-14 10:14:54,3462.65,112191
2021-05-14 10:14:57,3462.65,112191
2021-05-14 10:15:00,3462.65,112191
2021-05-14 10:15:04,3462.65,112269
2021-05-14 10:15:08,3462.0,112352
2021-05-14 10:15:11,3462.0,112599
2021-05-14 10:15:15,3462.8,112661
2021-05-14 10:15:23,3462.85,112856
2021-05-14 10:15:26,3464.6,112897
2021-05-14 10:15:30,3464.85,112993
2021-05-14 10:15:34,3464.95,113062
2021-05-14 10:15:37,3464.95,113065
2021-05-14 10:15:40,3464.95,113068
2021-05-14 10:15:47,3464.65,113157
2021-05-14 10:15:50,3464.65,113176
2021-05-14 10:15:54,3464.9,113195
2021-05-14 10:15:57,3464.9,113196
2021-05-14 10:16:00,3464.45,113407
2021-05-14 10:16:03,3464.2,113568
2021-05-14 10:16:07,3467.25,113600
2021-05-14 10:16:11,3467.55,113630
2021-05-14 10:16:14,3467.65,113679
2021-05-14 10:16:18,3467.65,113681
2021-05-14 10:16:21,3467.65,113682
2021-05-14 10:16:24,3468.25,113806
2021-05-14 10:16:28,3467.0,113891
2021-05-14 10:16:30,3466.65,113952
2021-05-14 10:16:33,3468.0,113957
2021-05-14 10:16:36,3468.45,113961
2021-05-14 10:16:39,3469.1,114182
2021-05-14 10:16:45,3469.95,114229
2021-05-14 10:16:48,3469.95,114236
2021-05-14 10:16:51,3469.95,114238
2021-05-14 10:16:55,3469.95,114238
2021-05-14 10:16:58,3468.05,114338
2021-05-14 10:17:01,3468.0,114384
2021-05-14 10:17:05,3469.55,114394
2021-05-14 10:17:08,3468.95,114616
2021-05-14 10:17:11,3469.9,114682
2021-05-14 10:17:14,3470.05,115418
2021-05-14 10:17:18,3472.0,115497
2021-05-14 10:17:21,3472.0,115550
2021-05-14 10:17:24,3472.55,116067
2021-05-14 10:17:27,3473.5,116285
2021-05-14 10:17:30,3473.5,116328
2021-05-14 10:17:33,3473.5,116437
2021-05-14 10:17:36,3471.8,116473
2021-05-14 10:17:39,3473.5,116592
2021-05-14 10:17:42,3471.65,116618
2021-05-14 10:17:45,3473.5,116658
2021-05-14 10:17:48,3473.0,116765
2021-05-14 10:17:51,3471.45,116806
2021-05-14 10:17:55,3473.0,116826
2021-05-14 10:17:58,3473.0,116873
2021-05-14 10:18:00,3473.0,116883
2021-05-14 10:18:04,3473.0,116886
2021-05-14 10:18:07,3473.1,117570
2021-05-14 10:18:11,3473.0,117721
2021-05-14 10:18:15,3473.0,117804
2021-05-14 10:18:18,3473.0,117821
2021-05-14 10:18:22,3472.95,118122
2021-05-14 10:18:25,3472.95,118163
2021-05-14 10:18:28,3473.0,118210
2021-05-14 10:18:31,3471.15,118423
2021-05-14 10:18:34,3473.0,118465
2021-05-14 10:18:37,3472.95,118516
2021-05-14 10:18:39,3472.95,118983
2021-05-14 10:18:42,3471.3,119116
2021-05-14 10:18:45,3472.9,119137
2021-05-14 10:18:48,3472.0,119267
2021-05-14 10:18:52,3472.0,119276
2021-05-14 10:18:55,3472.8,119299
2021-05-14 10:18:58,3472.9,119339
2021-05-14 10:19:01,3471.05,119383
2021-05-14 10:19:04,3472.8,119439
2021-05-14 10:19:07,3472.8,119476
2021-05-14 10:19:11,3472.8,119549
2021-05-14 10:19:14,3472.5,119913
2021-05-14 10:19:17,3472.5,119913
2021-05-14 10:19:20,3472.95,119927
2021-05-14 10:19:23,3473.0,119947
2021-05-14 10:19:25,3472.95,120068
2021-05-14 10:19:29,3471.05,120111
2021-05-14 10:19:32,3472.5,120124
2021-05-14 10:19:35,3472.8,120143
2021-05-14 10:19:38,3472.9,120156
2021-05-14 10:19:41,3472.7,120183
2021-05-14 10:19:44,3472.65,120189
2021-05-14 10:19:48,3471.05,120206
2021-05-14 10:19:51,3471.0,120238
2021-05-14 10:19:53,3472.4,120260
2021-05-14 10:19:56,3472.4,120261
2021-05-14 10:19:59,3472.4,120261
2021-05-14 10:20:02,3472.5,120352
2021-05-14 10:20:08,3472.65,120436
2021-05-14 10:20:12,3472.45,120449
2021-05-14 10:20:15,3471.0,120461
2021-05-14 10:20:19,3472.6,120463
2021-05-14 10:20:22,3471.0,120824
2021-05-14 10:20:25,3472.5,120845
2021-05-14 10:20:28,3472.5,120894
2021-05-14 10:20:31,3472.0,120902
2021-05-14 10:20:33,3471.0,120968
2021-05-14 10:20:36,3472.0,120978
2021-05-14 10:20:39,3472.0,120979
2021-05-14 10:20:45,3472.0,121032
2021-05-14 10:20:48,3472.0,121056
2021-05-14 10:20:51,3472.15,121105
2021-05-14 10:20:54,3472.35,121135
2021-05-14 10:20:57,3472.35,121156
2021-05-14 10:21:00,3472.0,121206
2021-05-14 10:21:03,3472.35,121244
2021-05-14 10:21:06,3472.5,121254
2021-05-14 10:21:09,3472.35,121257
2021-05-14 10:21:12,3472.5,121309
2021-05-14 10:21:16,3472.5,121327
2021-05-14 10:21:19,3472.0,121347
2021-05-14 10:21:22,3472.0,121352
2021-05-14 10:21:24,3472.0,121373
2021-05-14 10:21:27,3472.5,121391
2021-05-14 10:21:29,3472.0,121401
2021-05-14 10:21:32,3472.5,121608
2021-05-14 10:21:35,3472.35,121663
2021-05-14 10:21:38,3472.5,121669
2021-05-14 10:21:42,3471.05,121837
2021-05-14 10:21:45,3471.05,121853
2021-05-14 10:21:48,3472.35,121857
2021-05-14 10:21:51,3472.35,121858
2021-05-14 10:21:54,3472.35,121866
2021-05-14 10:21:58,3472.1,121995
2021-05-14 10:22:01,3472.0,122270
2021-05-14 10:22:04,3472.0,122337
2021-05-14 10:22:07,3472.0,122554
2021-05-14 10:22:10,3472.1,122555
2021-05-14 10:22:12,3472.1,122555
2021-05-14 10:22:16,3472.5,122615
2021-05-14 10:22:18,3472.5,122619
2021-05-14 10:22:21,3472.0,122675
2021-05-14 10:22:24,3472.35,122725
2021-05-14 10:22:27,3472.1,122755
2021-05-14 10:22:31,3472.1,122785
2021-05-14 10:22:34,3472.0,122800
2021-05-14 10:22:37,3472.0,122812
2021-05-14 10:22:40,3472.1,122814
2021-05-14 10:22:43,3472.0,122815
2021-05-14 10:22:46,3472.1,122817
2021-05-14 10:22:49,3472.1,122817
2021-05-14 10:22:52,3472.1,122818
2021-05-14 10:22:55,3472.0,122828
2021-05-14 10:22:58,3472.0,122865
2021-05-14 10:23:01,3472.0,122879
2021-05-14 10:23:04,3472.1,122883
2021-05-14 10:23:07,3472.0,122891
2021-05-14 10:23:10,3472.1,122894
2021-05-14 10:23:13,3472.1,122894
2021-05-14 10:23:16,3472.1,122908
2021-05-14 10:23:18,3472.65,123425
2021-05-14 10:23:21,3473.5,123875
2021-05-14 10:23:24,3473.95,124207
2021-05-14 10:23:26,3475.0,124274
2021-05-14 10:23:29,3475.0,124485
2021-05-14 10:23:31,3473.95,124517
2021-05-14 10:23:34,3475.0,124533
2021-05-14 10:23:37,3475.0,124568
2021-05-14 10:23:40,3475.0,124597
2021-05-14 10:23:43,3475.0,124602
2021-05-14 10:23:46,3474.95,124657
2021-05-14 10:23:50,3474.0,124947
2021-05-14 10:23:53,3475.1,125288
2021-05-14 10:23:56,3474.9,125761
2021-05-14 10:24:00,3476.0,125890
2021-05-14 10:24:03,3475.05,126169
2021-05-14 10:24:06,3476.0,126190
2021-05-14 10:24:09,3477.0,126471
2021-05-14 10:24:12,3477.0,126698
2021-05-14 10:24:15,3476.15,126916
2021-05-14 10:24:19,3479.0,127560
2021-05-14 10:24:22,3479.0,127783
2021-05-14 10:24:25,3478.0,127860
2021-05-14 10:24:27,3478.0,127912
2021-05-14 10:24:30,3479.0,128276
2021-05-14 10:24:33,3478.75,128603
2021-05-14 10:24:36,3478.85,128635
2021-05-14 10:24:39,3478.85,128678
2021-05-14 10:24:42,3478.8,128687
2021-05-14 10:24:45,3477.05,128711
2021-05-14 10:24:48,3478.85,128739
2021-05-14 10:24:50,3478.75,128910
2021-05-14 10:24:53,3478.5,128997
2021-05-14 10:24:55,3478.75,129077
2021-05-14 10:24:58,3479.0,129750
2021-05-14 10:25:01,3480.0,130573
2021-05-14 10:25:03,3480.0,130660
2021-05-14 10:25:06,3480.0,130807
2021-05-14 10:25:09,3479.9,130908
2021-05-14 10:25:11,3479.0,130998
2021-05-14 10:25:14,3480.0,131111
2021-05-14 10:25:17,3479.9,131121
2021-05-14 10:25:20,3479.9,131256
2021-05-14 10:25:23,3480.0,131548
2021-05-14 10:25:26,3480.0,131925
2021-05-14 10:25:29,3480.0,132597
2021-05-14 10:25:32,3480.05,132905
2021-05-14 10:25:35,3480.0,133114
2021-05-14 10:25:37,3480.05,133270
2021-05-14 10:25:40,3480.85,133390
2021-05-14 10:25:44,3480.0,133425
2021-05-14 10:25:47,3480.0,133610
2021-05-14 10:25:50,3480.0,133635
2021-05-14 10:25:53,3480.0,133734
2021-05-14 10:25:56,3479.0,133750
2021-05-14 10:25:59,3479.0,133787
2021-05-14 10:26:02,3479.0,133797
2021-05-14 10:26:08,3479.75,133944
2021-05-14 10:26:10,3479.9,134035
2021-05-14 10:26:16,3480.0,134281
2021-05-14 10:26:19,3479.7,134294
2021-05-14 10:26:21,3478.95,134308
2021-05-14 10:26:24,3479.4,134348
2021-05-14 10:26:26,3479.0,134349
2021-05-14 10:26:29,3479.4,134411
2021-05-14 10:26:32,3479.4,134419
2021-05-14 10:26:35,3477.0,135286
2021-05-14 10:26:38,3478.1,135382
2021-05-14 10:26:41,3477.0,135412
2021-05-14 10:26:44,3477.0,135431
2021-05-14 10:26:47,3477.0,135446
2021-05-14 10:26:50,3476.5,135455
2021-05-14 10:26:52,3477.0,135648
2021-05-14 10:26:55,3477.0,135698
2021-05-14 10:26:58,3476.95,135701
2021-05-14 10:27:00,3476.85,135741
2021-05-14 10:27:03,3476.9,135790
2021-05-14 10:27:06,3477.0,137166
2021-05-14 10:27:09,3477.8,137279
2021-05-14 10:27:12,3478.9,137285
2021-05-14 10:27:14,3478.9,137317
2021-05-14 10:27:17,3479.0,137321
2021-05-14 10:27:20,3479.0,137351
2021-05-14 10:27:23,3477.5,137547
2021-05-14 10:27:26,3477.5,137555
2021-05-14 10:27:29,3477.0,137568
2021-05-14 10:27:31,3477.25,137601
2021-05-14 10:27:35,3477.5,137700
2021-05-14 10:27:38,3477.5,137729
2021-05-14 10:27:41,3477.5,137735
2021-05-14 10:27:44,3477.5,137794
2021-05-14 10:27:46,3477.75,137826
2021-05-14 10:27:49,3478.95,137968
2021-05-14 10:27:52,3478.95,137973
2021-05-14 10:27:55,3479.0,137975
2021-05-14 10:27:58,3479.0,138025
2021-05-14 10:28:00,3479.0,138029
2021-05-14 10:28:03,3479.0,138063
2021-05-14 10:28:05,3479.0,138077
2021-05-14 10:28:09,3479.0,138077
2021-05-14 10:28:13,3477.75,138078
2021-05-14 10:28:16,3477.75,138123
2021-05-14 10:28:20,3478.95,138174
2021-05-14 10:28:23,3479.0,138232
2021-05-14 10:28:26,3478.9,138256
2021-05-14 10:28:29,3477.4,138371
2021-05-14 10:28:33,3478.9,138384
2021-05-14 10:28:36,3478.9,138819
2021-05-14 10:28:39,3480.0,138934
2021-05-14 10:28:42,3480.0,138965
2021-05-14 10:28:45,3480.0,138992
2021-05-14 10:28:48,3477.7,139002
2021-05-14 10:28:51,3478.5,139004
2021-05-14 10:28:56,3478.5,139049
2021-05-14 10:28:59,3478.5,139050
2021-05-14 10:29:02,3478.0,139117
2021-05-14 10:29:05,3478.0,139125
2021-05-14 10:29:08,3478.0,139157
2021-05-14 10:29:10,3478.0,139173
2021-05-14 10:29:13,3478.45,139204
2021-05-14 10:29:16,3478.45,139237
2021-05-14 10:29:19,3478.5,139251
2021-05-14 10:29:22,3478.5,139274
2021-05-14 10:29:25,3479.0,139281
2021-05-14 10:29:28,3478.9,139703
2021-05-14 10:29:30,3478.45,139706
2021-05-14 10:29:33,3479.0,139825
2021-05-14 10:29:36,3479.0,139844
2021-05-14 10:29:39,3479.0,139904
2021-05-14 10:29:42,3479.0,139917
2021-05-14 10:29:46,3479.0,139937
2021-05-14 10:29:49,3479.0,139943
2021-05-14 10:29:52,3479.0,139968
2021-05-14 10:29:54,3479.0,140168
2021-05-14 10:29:58,3479.6,140193
2021-05-14 10:30:01,3480.0,140196
2021-05-14 10:30:04,3480.0,140288
2021-05-14 10:30:08,3479.95,140403
2021-05-14 10:30:11,3479.95,140404
2021-05-14 10:30:14,3480.0,140506
2021-05-14 10:30:17,3479.15,140579
2021-05-14 10:30:21,3480.0,140673
2021-05-14 10:30:24,3479.15,140905
2021-05-14 10:30:27,3479.9,141172
2021-05-14 10:30:30,3481.7,142067
2021-05-14 10:30:33,3483.75,142298
2021-05-14 10:30:36,3484.0,142588
2021-05-14 10:30:39,3485.0,143117
2021-05-14 10:30:43,3485.95,144694
2021-05-14 10:30:46,3487.2,144957
2021-05-14 10:30:49,3487.8,145517
2021-05-14 10:30:52,3488.0,146062
2021-05-14 10:30:55,3487.35,146175
2021-05-14 10:30:58,3487.8,146488
2021-05-14 10:31:02,3487.0,147168
2021-05-14 10:31:05,3487.85,147300
2021-05-14 10:31:09,3487.85,147399
2021-05-14 10:31:11,3488.0,147467
2021-05-14 10:31:14,3488.55,147585
2021-05-14 10:31:17,3487.85,147736
2021-05-14 10:31:20,3486.4,147897
2021-05-14 10:31:23,3487.0,148007
2021-05-14 10:31:26,3487.0,148048
2021-05-14 10:31:29,3488.35,148234
2021-05-14 10:31:32,3488.0,148285
2021-05-14 10:31:36,3488.0,148577
2021-05-14 10:31:39,3487.15,149011
2021-05-14 10:31:40,3489.45,149184
2021-05-14 10:31:42,3489.0,149220
2021-05-14 10:31:42,3489.85,149343
2021-05-14 10:31:43,3489.8,149351
2021-05-14 10:31:44,3489.85,149364
2021-05-14 10:31:45,3489.9,149393
2021-05-14 10:31:47,3489.95,149745
2021-05-14 10:31:48,3489.0,149755
2021-05-14 10:31:49,3489.0,149774
2021-05-14 10:31:50,3489.0,149786
2021-05-14 10:31:52,3489.8,149809
2021-05-14 10:31:53,3490.0,149926
2021-05-14 10:31:54,3490.0,150001
2021-05-14 10:31:56,3489.8,150018
2021-05-14 10:31:56,3490.0,150031
2021-05-14 10:31:57,3491.75,151614
2021-05-14 10:31:58,3492.9,152041
2021-05-14 10:32:00,3493.0,152260
2021-05-14 10:32:01,3493.5,152275
2021-05-14 10:32:02,3492.95,152473
2021-05-14 10:32:03,3493.0,152584
2021-05-14 10:32:04,3494.0,152881
2021-05-14 10:32:05,3494.25,152940
2021-05-14 10:32:06,3494.4,153049
2021-05-14 10:32:07,3492.95,153161
2021-05-14 10:32:08,3494.35,153332
2021-05-14 10:32:09,3493.65,153530
2021-05-14 10:32:10,3493.7,153654
2021-05-14 10:32:11,3493.7,153787
2021-05-14 10:32:11,3491.75,153788
2021-05-14 10:32:12,3493.7,154045
2021-05-14 10:32:13,3494.0,154068
2021-05-14 10:32:14,3494.8,154117
2021-05-14 10:32:15,3494.8,154140
2021-05-14 10:32:17,3494.8,154141
2021-05-14 10:32:17,3494.8,154175
2021-05-14 10:32:19,3494.9,154182
2021-05-14 10:32:20,3492.8,154373
2021-05-14 10:32:21,3494.0,154552
2021-05-14 10:32:22,3492.6,154584
2021-05-14 10:32:23,3494.9,154694
2021-05-14 10:32:24,3495.0,155313
2021-05-14 10:32:25,3494.0,155402
2021-05-14 10:32:26,3494.0,155413
2021-05-14 10:32:27,3494.0,155445
2021-05-14 10:32:28,3494.0,155460
2021-05-14 10:32:29,3494.0,155623
2021-05-14 10:32:30,3494.5,155638
2021-05-14 10:32:31,3494.5,155654
2021-05-14 10:32:33,3494.7,155975
2021-05-14 10:32:34,3492.1,156046
2021-05-14 10:32:35,3493.7,156536
2021-05-14 10:32:36,3493.2,156841
2021-05-14 10:32:36,3494.7,156902
2021-05-14 10:32:38,3494.7,157055
2021-05-14 10:32:39,3494.7,157062
2021-05-14 10:32:40,3494.7,157228
2021-05-14 10:32:41,3494.0,157262
2021-05-14 10:32:42,3494.0,157283
2021-05-14 10:32:43,3494.0,157349
2021-05-14 10:32:44,3493.95,157569
2021-05-14 10:32:45,3494.0,157698
2021-05-14 10:32:46,3492.05,157740
2021-05-14 10:32:47,3493.0,157743
2021-05-14 10:32:48,3493.0,157831
2021-05-14 10:32:48,3493.0,157831
2021-05-14 10:32:49,3493.0,157948
2021-05-14 10:32:51,3494.0,157958
2021-05-14 10:32:52,3492.0,157996
2021-05-14 10:32:53,3493.0,158137
2021-05-14 10:32:54,3493.0,158171
2021-05-14 10:32:55,3493.0,158187
2021-05-14 10:32:56,3492.0,158290
2021-05-14 10:32:57,3492.0,158328
2021-05-14 10:32:58,3492.0,158557
2021-05-14 10:32:59,3493.0,158686
2021-05-14 10:33:00,3491.15,158992
2021-05-14 10:33:01,3492.9,159071
2021-05-14 10:33:02,3493.0,159089
2021-05-14 10:33:03,3493.0,159121
2021-05-14 10:33:04,3493.0,159158
2021-05-14 10:33:05,3493.0,159172
2021-05-14 10:33:06,3492.65,159177
2021-05-14 10:33:07,3492.65,159184
2021-05-14 10:33:08,3492.65,159195
2021-05-14 10:33:09,3493.1,159216
2021-05-14 10:33:10,3492.9,159217
2021-05-14 10:33:11,3493.0,159228
2021-05-14 10:33:12,3493.9,159593
2021-05-14 10:33:13,3493.0,159904
2021-05-14 10:33:14,3493.0,160057
2021-05-14 10:33:15,3492.9,160987
2021-05-14 10:33:16,3493.5,161022
2021-05-14 10:33:17,3493.7,161023
2021-05-14 10:33:18,3493.9,161053
2021-05-14 10:33:19,3493.1,161055
2021-05-14 10:33:20,3493.0,161057
2021-05-14 10:33:21,3493.35,161084
2021-05-14 10:33:22,3493.35,161109
2021-05-14 10:33:23,3493.35,161244
2021-05-14 10:33:24,3493.35,161276
2021-05-14 10:33:25,3493.95,161309
2021-05-14 10:33:26,3493.35,161411
2021-05-14 10:33:27,3494.0,161667
2021-05-14 10:33:28,3492.85,161691
2021-05-14 10:33:29,3494.0,161693
2021-05-14 10:33:30,3494.35,161706
2021-05-14 10:33:31,3493.35,161712
2021-05-14 10:33:32,3494.0,161840
2021-05-14 10:33:33,3493.9,161976
2021-05-14 10:33:34,3494.5,162011
2021-05-14 10:33:35,3494.7,162018
2021-05-14 10:33:36,3494.0,162029
2021-05-14 10:33:37,3494.7,162063
2021-05-14 10:33:38,3494.5,162085
2021-05-14 10:33:39,3494.7,162089
2021-05-14 10:33:40,3494.7,162187
2021-05-14 10:33:41,3494.5,162204
2021-05-14 10:33:42,3494.5,162212
2021-05-14 10:33:43,3494.8,164094
2021-05-14 10:33:44,3496.15,164347
2021-05-14 10:33:45,3496.6,164377
2021-05-14 10:33:46,3497.0,164475
2021-05-14 10:33:47,3497.3,164744
2021-05-14 10:33:48,3496.0,164784
2021-05-14 10:33:49,3497.5,164830
2021-05-14 10:33:50,3497.4,164857
2021-05-14 10:33:51,3497.8,164919
2021-05-14 10:33:52,3497.5,165022
2021-05-14 10:33:53,3497.5,165054
2021-05-14 10:33:53,3497.0,165069
2021-05-14 10:33:54,3497.0,165094
2021-05-14 10:33:56,3497.4,165159
2021-05-14 10:33:57,3497.0,165352
2021-05-14 10:33:58,3496.6,165547
2021-05-14 10:33:59,3496.6,165597
2021-05-14 10:34:00,3496.7,165609
2021-05-14 10:34:01,3496.6,165631
2021-05-14 10:34:02,3496.7,165634
2021-05-14 10:34:03,3496.7,165635
2021-05-14 10:34:04,3497.0,165939
2021-05-14 10:34:04,3497.0,165939
2021-05-14 10:34:06,3497.0,165997
2021-05-14 10:34:07,3497.0,166130
2021-05-14 10:34:08,3497.0,166251
2021-05-14 10:34:09,3498.0,166350
2021-05-14 10:34:10,3497.4,166374
2021-05-14 10:34:11,3498.0,166376
2021-05-14 10:34:12,3498.0,166578
2021-05-14 10:34:13,3497.4,166638
2021-05-14 10:34:14,3497.4,166640
2021-05-14 10:34:15,3498.0,166641
2021-05-14 10:34:16,3497.0,166651
2021-05-14 10:34:17,3497.05,166717
2021-05-14 10:34:18,3498.0,166761
2021-05-14 10:34:19,3498.0,166761
2021-05-14 10:34:21,3497.15,167124
2021-05-14 10:34:22,3497.0,167227
2021-05-14 10:34:23,3498.85,167241
2021-05-14 10:34:25,3497.05,167245
2021-05-14 10:34:26,3497.05,167245
2021-05-14 10:34:27,3497.05,167261
2021-05-14 10:34:29,3495.0,168118
2021-05-14 10:34:30,3496.7,168204
2021-05-14 10:34:31,3496.85,168217
2021-05-14 10:34:32,3495.0,168270
2021-05-14 10:34:33,3496.85,168335
2021-05-14 10:34:34,3495.05,168437
2021-05-14 10:34:35,3497.0,168468
2021-05-14 10:34:36,3497.0,168472
2021-05-14 10:34:37,3495.3,168501
2021-05-14 10:34:38,3495.15,168612
2021-05-14 10:34:39,3495.8,168640
2021-05-14 10:34:40,3495.55,168649
2021-05-14 10:34:41,3497.0,168758
2021-05-14 10:34:42,3496.9,168937
2021-05-14 10:34:43,3496.0,168958
2021-05-14 10:34:44,3497.0,169043
2021-05-14 10:34:45,3497.0,169083
2021-05-14 10:34:46,3497.0,169088
2021-05-14 10:34:47,3495.0,169091
2021-05-14 10:34:48,3495.1,169198
2021-05-14 10:34:49,3495.0,169224
2021-05-14 10:34:51,3496.65,169354
2021-05-14 10:34:52,3496.65,169354
2021-05-14 10:34:53,3495.1,169367
2021-05-14 10:34:54,3493.95,169860
2021-05-14 10:34:57,3494.0,170244
2021-05-14 10:34:58,3493.9,170255
2021-05-14 10:34:59,3494.75,171275
2021-05-14 10:35:00,3495.15,171333
2021-05-14 10:35:01,3495.95,171380
2021-05-14 10:35:02,3495.95,171397
2021-05-14 10:35:03,3495.95,171437
2021-05-14 10:35:04,3496.0,171474
2021-05-14 10:35:06,3495.0,171599
2021-05-14 10:35:07,3495.0,171599
2021-05-14 10:35:08,3495.0,171599
2021-05-14 10:35:09,3495.0,171614
2021-05-14 10:35:10,3495.95,171648
2021-05-14 10:35:11,3495.15,171663
2021-05-14 10:35:12,3495.0,171721
2021-05-14 10:35:13,3495.0,171721
2021-05-14 10:35:14,3494.0,171723
2021-05-14 10:35:15,3494.7,171743
2021-05-14 10:35:16,3494.1,171749
2021-05-14 10:35:17,3494.1,171777
2021-05-14 10:35:18,3494.1,171780
2021-05-14 10:35:19,3495.0,171810
2021-05-14 10:35:20,3495.0,171811
2021-05-14 10:35:21,3492.5,171936
2021-05-14 10:35:23,3495.0,171956
2021-05-14 10:35:24,3495.0,171956
2021-05-14 10:35:25,3495.0,171957
2021-05-14 10:35:26,3492.8,172074
2021-05-14 10:35:27,3494.2,172264
2021-05-14 10:35:28,3494.4,172278
2021-05-14 10:35:29,3494.75,172298
2021-05-14 10:35:30,3494.85,172315
2021-05-14 10:35:31,3494.85,172465
2021-05-14 10:35:32,3492.7,172501
2021-05-14 10:35:33,3494.0,172529
2021-05-14 10:35:34,3492.15,172550
2021-05-14 10:35:35,3494.0,172559
2021-05-14 10:35:37,3492.1,172596
2021-05-14 10:35:36,3494.0,172567
2021-05-14 10:35:38,3494.0,172614
2021-05-14 10:35:39,3494.0,172619
2021-05-14 10:35:40,3494.0,172620
2021-05-14 10:35:41,3492.1,172673
2021-05-14 10:35:42,3492.2,172702
2021-05-14 10:35:43,3494.8,172774
2021-05-14 10:35:44,3494.0,172804
2021-05-14 10:35:45,3494.0,172815
2021-05-14 10:35:46,3494.85,172817
2021-05-14 10:35:47,3494.85,172820
2021-05-14 10:35:48,3494.0,172836
2021-05-14 10:35:49,3494.8,172837
2021-05-14 10:35:51,3494.1,172913
2021-05-14 10:35:52,3494.85,172928
2021-05-14 10:35:53,3495.0,172931
2021-05-14 10:35:54,3495.0,172931
2021-05-14 10:35:55,3495.0,172955
2021-05-14 10:35:56,3494.0,173058
2021-05-14 10:35:57,3494.0,173080
2021-05-14 10:35:58,3495.0,173099
2021-05-14 10:35:59,3495.0,173103
2021-05-14 10:36:00,3494.8,173117
2021-05-14 10:36:01,3494.8,173121
2021-05-14 10:36:02,3494.8,173130
2021-05-14 10:36:03,3494.8,173130
2021-05-14 10:36:04,3494.8,173130
2021-05-14 10:36:05,3494.8,173153
2021-05-14 10:36:06,3494.8,173155
2021-05-14 10:36:07,3495.55,173613
2021-05-14 10:36:08,3495.55,173765
2021-05-14 10:36:09,3495.95,173855
2021-05-14 10:36:10,3495.1,173888
2021-05-14 10:36:11,3496.0,173903
2021-05-14 10:36:12,3496.0,173994
2021-05-14 10:36:13,3494.5,174028
2021-05-14 10:36:14,3496.0,174036
2021-05-14 10:36:15,3495.0,174078
2021-05-14 10:36:16,3495.0,174087
2021-05-14 10:36:17,3495.0,174092
2021-05-14 10:36:18,3496.0,174127
2021-05-14 10:36:19,3495.1,174316
2021-05-14 10:36:20,3496.0,174353
2021-05-14 10:36:21,3494.5,174361
2021-05-14 10:36:22,3494.8,174363
2021-05-14 10:36:23,3494.8,174364
2021-05-14 10:36:24,3494.05,174389
2021-05-14 10:36:25,3494.8,174395
2021-05-14 10:36:26,3494.5,174397
2021-05-14 10:36:27,3494.5,174397
2021-05-14 10:36:28,3494.0,174479
2021-05-14 10:36:29,3494.5,174482
2021-05-14 10:36:30,3494.8,174483
2021-05-14 10:36:31,3494.7,174506
2021-05-14 10:36:32,3494.6,174596
2021-05-14 10:36:33,3495.95,174606
2021-05-14 10:36:34,3496.5,174705
2021-05-14 10:36:35,3495.95,174757
2021-05-14 10:36:36,3496.95,174803
2021-05-14 10:36:37,3496.1,174977
2021-05-14 10:36:38,3497.0,175002
2021-05-14 10:36:40,3497.45,175004
2021-05-14 10:36:41,3497.45,175004
2021-05-14 10:36:41,3497.45,175004
2021-05-14 10:36:42,3497.75,175005
2021-05-14 10:36:43,3497.75,175005
2021-05-14 10:36:44,3498.0,175394
2021-05-14 10:36:45,3497.8,175435
2021-05-14 10:36:46,3498.0,175498
2021-05-14 10:36:47,3497.9,175553
2021-05-14 10:36:48,3498.8,175675
2021-05-14 10:36:49,3498.8,175675
2021-05-14 10:36:50,3497.8,175721
2021-05-14 10:36:51,3497.8,175808
2021-05-14 10:36:52,3498.85,175871
2021-05-14 10:36:53,3498.85,175871
2021-05-14 10:36:54,3498.8,175877
2021-05-14 10:36:55,3498.8,175877
2021-05-14 10:36:57,3498.8,175900
2021-05-14 10:36:57,3497.8,175911
2021-05-14 10:36:59,3498.95,176043
2021-05-14 10:37:00,3497.8,176059
2021-05-14 10:37:01,3498.95,176195
2021-05-14 10:37:03,3498.8,176295
2021-05-14 10:37:03,3498.0,176297
2021-05-14 10:37:04,3498.0,176297
2021-05-14 10:37:05,3498.95,176301
2021-05-14 10:37:06,3498.9,176302
2021-05-14 10:37:08,3497.75,176431
2021-05-14 10:37:09,3497.75,176431
2021-05-14 10:37:10,3497.75,176433
2021-05-14 10:37:11,3497.75,176468
2021-05-14 10:37:14,3497.75,176497
2021-05-14 10:37:15,3497.0,176507
2021-05-14 10:37:16,3497.0,176623
2021-05-14 10:37:16,3497.0,176623
2021-05-14 10:37:17,3497.0,176658
2021-05-14 10:37:18,3497.0,176658
2021-05-14 10:37:19,3498.0,176659
2021-05-14 10:37:20,3498.0,176661
2021-05-14 10:37:21,3497.0,176677
2021-05-14 10:37:22,3498.0,176724
2021-05-14 10:37:23,3498.0,176729
2021-05-14 10:37:24,3498.0,176730
2021-05-14 10:37:25,3498.0,176730
2021-05-14 10:37:26,3497.0,176743
2021-05-14 10:37:27,3498.0,176950
2021-05-14 10:37:28,3498.65,177083
2021-05-14 10:37:29,3498.4,177108
2021-05-14 10:37:30,3497.0,177534
2021-05-14 10:37:31,3497.95,177546
2021-05-14 10:37:32,3498.65,178046
2021-05-14 10:37:33,3497.0,178079
2021-05-14 10:37:34,3497.0,178094
2021-05-14 10:37:36,3498.0,178121
2021-05-14 10:37:37,3498.0,178121
2021-05-14 10:37:38,3498.3,178156
2021-05-14 10:37:39,3495.55,178161
2021-05-14 10:37:40,3496.05,178181
2021-05-14 10:37:41,3496.05,178181
2021-05-14 10:37:43,3497.0,178188
2021-05-14 10:37:43,3497.0,178188
2021-05-14 10:37:44,3497.0,178218
2021-05-14 10:37:45,3497.0,178220
2021-05-14 10:37:46,3497.0,178239
2021-05-14 10:37:48,3497.95,178311
2021-05-14 10:37:50,3497.0,178323
2021-05-14 10:37:51,3497.0,178327
2021-05-14 10:37:52,3495.55,178329
2021-05-14 10:37:53,3495.7,178337
2021-05-14 10:37:55,3497.0,178349
2021-05-14 10:37:55,3497.0,178339
2021-05-14 10:37:56,3497.0,178363
2021-05-14 10:37:57,3496.8,178436
2021-05-14 10:37:58,3497.0,178450
2021-05-14 10:37:59,3497.0,178451
2021-05-14 10:38:00,3497.0,178452
2021-05-14 10:38:01,3495.3,178458
2021-05-14 10:38:02,3495.95,178461
2021-05-14 10:38:03,3497.0,178621
2021-05-14 10:38:04,3497.0,178653
2021-05-14 10:38:05,3495.45,178686
2021-05-14 10:38:06,3497.0,178745
2021-05-14 10:38:07,3497.0,178757
2021-05-14 10:38:08,3497.0,178822
2021-05-14 10:38:09,3497.0,178830
2021-05-14 10:38:10,3497.0,178842
2021-05-14 10:38:11,3497.0,178874
2021-05-14 10:38:12,3497.0,178893
2021-05-14 10:38:13,3497.0,178894
2021-05-14 10:38:15,3497.0,178909
2021-05-14 10:38:15,3497.0,178899
2021-05-14 10:38:16,3497.0,178915
2021-05-14 10:38:17,3495.55,178956
2021-05-14 10:38:18,3497.0,178963
2021-05-14 10:38:19,3497.0,178964
2021-05-14 10:38:20,3497.0,179135
2021-05-14 10:38:21,3496.3,179197
2021-05-14 10:38:23,3496.25,179210
2021-05-14 10:38:23,3497.0,179211
2021-05-14 10:38:24,3497.0,179235
2021-05-14 10:38:25,3496.25,179240
2021-05-14 10:38:26,3496.25,179250
2021-05-14 10:38:27,3497.0,179251
2021-05-14 10:38:28,3497.0,179252
2021-05-14 10:38:29,3496.5,179277
2021-05-14 10:38:30,3495.2,179313
2021-05-14 10:38:31,3496.0,179320
2021-05-14 10:38:32,3496.0,179323
2021-05-14 10:38:33,3496.0,179325
2021-05-14 10:38:34,3496.0,179327
2021-05-14 10:38:35,3495.2,179328
2021-05-14 10:38:36,3495.15,179378
2021-05-14 10:38:38,3496.25,179390
2021-05-14 10:38:38,3496.25,179390
2021-05-14 10:38:39,3496.25,179603
2021-05-14 10:38:40,3497.0,179607
2021-05-14 10:38:41,3497.0,179609
2021-05-14 10:38:42,3496.25,179610
2021-05-14 10:38:43,3497.0,179670
2021-05-14 10:38:44,3497.0,179710
2021-05-14 10:38:45,3497.0,179716
2021-05-14 10:38:46,3497.0,179819
2021-05-14 10:38:47,3497.5,180083
2021-05-14 10:38:49,3497.05,180104
2021-05-14 10:38:50,3497.05,180111
2021-05-14 10:38:51,3497.0,180126
2021-05-14 10:38:52,3498.0,180211
2021-05-14 10:38:52,3497.0,180256
2021-05-14 10:38:54,3497.0,180304
2021-05-14 10:38:54,3497.0,180304
2021-05-14 10:38:55,3497.0,180304
2021-05-14 10:38:57,3498.0,180313
2021-05-14 10:38:58,3497.0,180314
2021-05-14 10:38:58,3497.0,180390
2021-05-14 10:39:00,3497.0,180390
2021-05-14 10:39:01,3497.0,180390
2021-05-14 10:39:01,3497.0,180390
2021-05-14 10:39:02,3497.85,180394
2021-05-14 10:39:03,3498.0,180395
2021-05-14 10:39:04,3497.0,180450
2021-05-14 10:39:05,3498.0,180475
2021-05-14 10:39:06,3498.0,180502
2021-05-14 10:39:07,3497.0,180503
2021-05-14 10:39:08,3497.0,180513
2021-05-14 10:39:09,3497.0,180522
2021-05-14 10:39:10,3497.0,180522
2021-05-14 10:39:12,3496.25,180531
2021-05-14 10:39:12,3497.0,180532
2021-05-14 10:39:14,3496.55,181792
2021-05-14 10:39:15,3496.55,181792
2021-05-14 10:39:16,3498.0,181795
2021-05-14 10:39:17,3497.0,181805
2021-05-14 10:39:18,3497.85,182264
2021-05-14 10:39:18,3497.85,182264
2021-05-14 10:39:20,3498.0,182265
2021-05-14 10:39:21,3498.0,182390
2021-05-14 10:39:22,3497.0,182395
2021-05-14 10:39:23,3497.0,182406
2021-05-14 10:39:24,3497.0,182418
2021-05-14 10:39:25,3498.45,182468
2021-05-14 10:39:27,3497.0,182509
2021-05-14 10:39:27,3497.0,182509
2021-05-14 10:39:29,3497.0,182536
2021-05-14 10:39:30,3498.85,182636
2021-05-14 10:39:30,3498.85,182636
2021-05-14 10:39:31,3498.8,182677
2021-05-14 10:39:32,3498.8,182677
2021-05-14 10:39:33,3498.85,182702
2021-05-14 10:39:35,3498.85,182705
2021-05-14 10:39:36,3498.85,182712
2021-05-14 10:39:37,3499.0,182987
2021-05-14 10:39:38,3497.1,182989
2021-05-14 10:39:39,3498.95,183009
2021-05-14 10:39:40,3497.1,183109
2021-05-14 10:39:40,3497.1,183109
2021-05-14 10:39:41,3497.05,183116
2021-05-14 10:39:42,3497.05,183116
2021-05-14 10:39:43,3498.0,183128
2021-05-14 10:39:44,3498.0,183128
2021-05-14 10:39:45,3498.0,183184
2021-05-14 10:39:46,3498.95,183199
2021-05-14 10:39:47,3497.05,183202
2021-05-14 10:39:49,3497.05,183202
2021-05-14 10:39:50,3497.05,183202
2021-05-14 10:39:51,3498.95,183252
2021-05-14 10:39:52,3499.0,183468
2021-05-14 10:39:53,3497.35,183488
2021-05-14 10:39:54,3497.35,183488
2021-05-14 10:39:55,3497.0,183588
2021-05-14 10:39:56,3497.35,183738
2021-05-14 10:39:56,3497.35,183768
2021-05-14 10:39:57,3497.35,183798
2021-05-14 10:39:58,3497.35,183820
2021-05-14 10:40:00,3497.35,183831
2021-05-14 10:40:01,3497.0,183866
2021-05-14 10:40:02,3497.35,183880
2021-05-14 10:40:03,3497.35,183880
2021-05-14 10:40:04,3497.35,183880
2021-05-14 10:40:05,3497.35,183895
2021-05-14 10:40:06,3497.35,183985
2021-05-14 10:40:07,3497.0,184085
2021-05-14 10:40:08,3497.0,184086
2021-05-14 10:40:09,3497.35,184111
2021-05-14 10:40:09,3497.0,184113
2021-05-14 10:40:10,3497.35,184120
2021-05-14 10:40:11,3497.35,184221
2021-05-14 10:40:12,3497.05,184246
2021-05-14 10:40:13,3497.35,184372
2021-05-14 10:40:14,3495.8,184378
2021-05-14 10:40:15,3497.0,184396
2021-05-14 10:40:16,3497.0,184398
2021-05-14 10:40:17,3495.55,184401
2021-05-14 10:40:18,3495.55,184401
2021-05-14 10:40:19,3495.55,184401
2021-05-14 10:40:20,3497.0,184419
2021-05-14 10:40:22,3497.0,184423
2021-05-14 10:40:23,3497.35,184896
2021-05-14 10:40:24,3497.0,184907
2021-05-14 10:40:26,3497.0,184928
2021-05-14 10:40:26,3497.0,184928
2021-05-14 10:40:27,3497.35,184943
2021-05-14 10:40:28,3497.0,184953
2021-05-14 10:40:29,3497.0,184953
2021-05-14 10:40:31,3497.0,184953
2021-05-14 10:40:33,3497.0,184954
2021-05-14 10:40:34,3497.0,184964
2021-05-14 10:40:35,3497.0,185028
2021-05-14 10:40:37,3497.0,185034
2021-05-14 10:40:38,3497.0,185045
2021-05-14 10:40:39,3497.0,185054
2021-05-14 10:40:40,3497.0,185056
2021-05-14 10:40:40,3497.0,185056
2021-05-14 10:40:41,3497.0,185063
2021-05-14 10:40:42,3496.0,185067
2021-05-14 10:40:43,3497.0,185068
2021-05-14 10:40:44,3497.0,185068
2021-05-14 10:40:45,3496.0,185094
2021-05-14 10:40:46,3495.55,185098
2021-05-14 10:40:47,3497.0,185110
2021-05-14 10:40:48,3497.0,185113
2021-05-14 10:40:49,3496.95,185131
2021-05-14 10:40:50,3497.0,185136
2021-05-14 10:40:51,3497.0,185139
2021-05-14 10:40:52,3497.0,185139
2021-05-14 10:40:53,3497.0,185139
2021-05-14 10:40:54,3497.0,185221
2021-05-14 10:40:56,3495.3,185322
2021-05-14 10:40:57,3496.95,185335
2021-05-14 10:40:58,3497.0,185539
2021-05-14 10:40:59,3497.0,185588
2021-05-14 10:40:59,3497.0,185613
2021-05-14 10:41:01,3495.45,185638
2021-05-14 10:41:02,3497.0,185643
2021-05-14 10:41:03,3495.3,185713
2021-05-14 10:41:04,3496.95,185714
2021-05-14 10:41:05,3497.0,185721
2021-05-14 10:41:06,3497.0,185721
2021-05-14 10:41:07,3496.95,185732
2021-05-14 10:41:08,3497.0,185857
2021-05-14 10:41:09,3495.5,185890
2021-05-14 10:41:10,3496.95,185896
2021-05-14 10:41:11,3496.95,185909
2021-05-14 10:41:12,3496.95,185910
2021-05-14 10:41:13,3496.0,185939
2021-05-14 10:41:14,3496.95,185945
2021-05-14 10:41:14,3496.95,185945
2021-05-14 10:41:15,3494.5,186537
2021-05-14 10:41:16,3495.3,186755
2021-05-14 10:41:17,3496.15,187704
2021-05-14 10:41:18,3496.15,187704
2021-05-14 10:41:20,3497.0,187708
2021-05-14 10:41:21,3497.0,187875
2021-05-14 10:41:22,3496.15,187975
2021-05-14 10:41:23,3497.0,188011
2021-05-14 10:41:24,3497.0,188011
2021-05-14 10:41:24,3497.0,188011
2021-05-14 10:41:25,3497.0,188021
2021-05-14 10:41:26,3497.75,188040
2021-05-14 10:41:27,3495.35,188043
2021-05-14 10:41:28,3496.1,188062
2021-05-14 10:41:29,3498.0,188063
2021-05-14 10:41:30,3498.0,188073
2021-05-14 10:41:31,3497.0,188093
2021-05-14 10:41:33,3495.2,188143
2021-05-14 10:41:35,3497.0,188185
2021-05-14 10:41:36,3497.0,188198
2021-05-14 10:41:37,3495.5,188221
2021-05-14 10:41:38,3497.0,188222
2021-05-14 10:41:39,3497.0,188501
2021-05-14 10:41:40,3497.0,188506
2021-05-14 10:41:41,3497.0,188513
2021-05-14 10:41:42,3497.0,188514
2021-05-14 10:41:43,3497.0,188518
2021-05-14 10:41:44,3497.0,188518
2021-05-14 10:41:45,3496.05,188563
2021-05-14 10:41:46,3497.0,188572
2021-05-14 10:41:46,3497.0,188634
2021-05-14 10:41:47,3497.0,188636
2021-05-14 10:41:49,3497.0,188636
2021-05-14 10:41:49,3497.0,188636
2021-05-14 10:41:50,3496.05,188641
2021-05-14 10:41:52,3496.65,188665
2021-05-14 10:41:52,3496.65,188665
2021-05-14 10:41:53,3496.5,188696
2021-05-14 10:41:54,3496.45,188702
2021-05-14 10:41:55,3496.45,188704
2021-05-14 10:41:56,3495.0,188754
2021-05-14 10:41:57,3496.7,188764
2021-05-14 10:41:58,3496.7,188766
2021-05-14 10:41:59,3496.7,188767
2021-05-14 10:42:00,3496.65,188780
2021-05-14 10:42:01,3496.7,188789
2021-05-14 10:42:02,3496.8,188805
2021-05-14 10:42:03,3496.75,188806
2021-05-14 10:42:05,3496.85,188861
2021-05-14 10:42:07,3497.0,188904
2021-05-14 10:42:10,3497.0,188945
2021-05-14 10:42:15,3496.4,189057
2021-05-14 10:47:50,3506.4,220596
2021-05-14 10:47:51,3504.4,220605
2021-05-14 10:47:52,3505.0,220687
2021-05-14 10:47:54,3506.6,220736
2021-05-14 10:47:54,3506.6,220736
2021-05-14 10:47:55,3507.0,220737
2021-05-14 10:47:56,3506.85,220791
2021-05-14 10:47:57,3505.0,220795
2021-05-14 10:47:58,3505.0,220796
2021-05-14 10:47:59,3505.0,220796
2021-05-14 10:48:00,3504.6,220798
2021-05-14 10:48:01,3505.0,220828
2021-05-14 10:48:02,3505.0,220830
2021-05-14 10:48:03,3503.85,220832
2021-05-14 10:48:04,3503.95,220882
2021-05-14 10:48:06,3504.6,220923
2021-05-14 10:48:07,3504.95,220929
2021-05-14 10:48:09,3504.0,220951
2021-05-14 10:48:09,3504.0,220951
2021-05-14 10:48:10,3504.0,220980
2021-05-14 10:48:11,3505.0,221085
2021-05-14 10:48:12,3504.85,221439
2021-05-14 10:48:13,3505.0,221511
2021-05-14 10:48:14,3502.95,221530
2021-05-14 10:48:15,3502.95,221562
2021-05-14 10:48:16,3504.55,221672
2021-05-14 10:48:17,3505.0,221738
2021-05-14 10:48:18,3505.0,221757
2021-05-14 10:48:19,3504.55,221773
2021-05-14 10:48:20,3503.0,221838
2021-05-14 10:48:22,3504.9,221865
2021-05-14 10:48:22,3504.9,221871
2021-05-14 10:48:23,3505.0,222002
2021-05-14 10:48:24,3505.0,222012
2021-05-14 10:48:25,3504.0,222028
2021-05-14 10:48:26,3504.0,222032
2021-05-14 10:48:27,3504.0,222036
2021-05-14 10:48:28,3504.0,222097
2021-05-14 10:48:29,3505.0,222138
2021-05-14 10:48:30,3505.0,222153
2021-05-14 10:48:32,3505.0,222164
2021-05-14 10:48:33,3505.0,222165
2021-05-14 10:48:34,3505.0,222232
2021-05-14 10:48:35,3505.0,222254
2021-05-14 10:48:36,3505.6,222274
2021-05-14 10:48:37,3506.2,222372
2021-05-14 10:48:38,3504.0,222431
2021-05-14 10:48:39,3505.0,222506
2021-05-14 10:48:40,3505.45,222551
2021-05-14 10:48:41,3505.4,222586
2021-05-14 10:48:42,3503.0,222597
2021-05-14 10:48:43,3506.0,222724
2021-05-14 10:48:45,3506.15,222743
2021-05-14 10:48:46,3505.4,222835
2021-05-14 10:48:46,3507.0,222845
2021-05-14 10:48:47,3508.0,223359
2021-05-14 10:48:48,3506.8,223529
2021-05-14 10:48:49,3507.0,223567
2021-05-14 10:48:50,3505.75,223880
2021-05-14 10:48:51,3508.5,223942
2021-05-14 10:48:53,3506.85,224058
2021-05-14 10:48:54,3507.3,224095
2021-05-14 10:48:54,3507.45,224198
2021-05-14 10:48:55,3512.0,226259
2021-05-14 10:48:56,3513.1,227283
2021-05-14 10:48:57,3512.75,227635
2021-05-14 10:48:58,3511.25,227870
2021-05-14 10:48:59,3513.9,227952
2021-05-14 10:49:00,3511.45,228017
2021-05-14 10:49:01,3513.9,228067
2021-05-14 10:49:02,3511.35,228279
2021-05-14 10:49:03,3513.9,228494
2021-05-14 10:49:04,3514.0,228558
2021-05-14 10:49:05,3514.0,228755
2021-05-14 10:49:06,3514.9,228861
2021-05-14 10:49:07,3514.85,229021
2021-05-14 10:49:08,3514.9,229081
2021-05-14 10:49:10,3515.0,231323
2021-05-14 10:49:10,3515.05,231333
2021-05-14 10:49:11,3518.0,231960
2021-05-14 10:49:12,3515.4,232091
2021-05-14 10:49:13,3517.6,232260
2021-05-14 10:49:14,3517.25,233202
2021-05-14 10:49:15,3517.85,233742
2021-05-14 10:49:17,3518.0,234189
2021-05-14 10:49:17,3517.85,234271
2021-05-14 10:49:18,3517.9,234343
2021-05-14 10:49:19,3517.8,234387
2021-05-14 10:49:20,3517.5,234521
2021-05-14 10:49:21,3517.7,234650
2021-05-14 10:49:22,3515.25,234769
2021-05-14 10:49:24,3515.15,234827
2021-05-14 10:49:26,3515.4,234909
2021-05-14 10:49:27,3515.4,234949
2021-05-14 10:49:27,3514.05,235163
2021-05-14 10:49:28,3516.7,235401
2021-05-14 10:49:29,3516.7,235444
2021-05-14 10:49:30,3513.0,235613
2021-05-14 10:49:31,3514.5,235836
2021-05-14 10:49:33,3514.5,235951
2021-05-14 10:49:34,3514.55,235993
2021-05-14 10:49:35,3512.55,236009
2021-05-14 10:49:35,3515.0,236012
2021-05-14 10:49:36,3514.0,236024
2021-05-14 10:49:38,3514.4,236496
2021-05-14 10:49:39,3514.4,236550
2021-05-14 10:49:41,3514.4,236719
2021-05-14 10:49:42,3514.0,236728
2021-05-14 10:49:43,3512.1,236748
2021-05-14 10:49:45,3513.95,237085
2021-05-14 10:49:46,3513.95,237177
2021-05-14 10:49:47,3513.9,237222
2021-05-14 10:49:48,3514.0,237322
2021-05-14 10:49:48,3514.0,237348
2021-05-14 10:49:49,3514.0,237348
2021-05-14 10:49:50,3512.6,237358
2021-05-14 10:49:51,3512.7,237375
2021-05-14 10:49:52,3514.0,237533
2021-05-14 10:49:53,3514.0,237584
2021-05-14 10:49:54,3512.3,237598
2021-05-14 10:49:55,3512.45,238117
2021-05-14 10:49:56,3514.0,238196
2021-05-14 10:49:57,3514.05,238203
2021-05-14 10:49:58,3513.95,238493
2021-05-14 10:49:59,3512.5,238535
2021-05-14 10:50:01,3513.95,238545
2021-05-14 10:50:02,3512.5,238560
2021-05-14 10:50:04,3513.8,238738
2021-05-14 10:50:05,3513.8,238834
2021-05-14 10:50:05,3513.8,238834
2021-05-14 10:50:06,3514.0,238901
2021-05-14 10:50:07,3513.8,238912
2021-05-14 10:50:09,3514.0,238923
2021-05-14 10:50:10,3512.45,238996
2021-05-14 10:50:11,3512.3,239068
2021-05-14 10:50:11,3513.5,239082
2021-05-14 10:50:12,3513.9,239086
2021-05-14 10:50:13,3513.95,239117
2021-05-14 10:50:14,3514.0,239205
2021-05-14 10:50:15,3512.25,239257
2021-05-14 10:50:16,3514.0,239340
2021-05-14 10:50:17,3514.0,239357
2021-05-14 10:50:19,3512.5,239446
2021-05-14 10:50:21,3512.3,239474
2021-05-14 10:50:22,3513.95,239480
2021-05-14 10:50:22,3513.95,239481
2021-05-14 10:50:23,3513.95,239510
2021-05-14 10:50:24,3513.95,239511
2021-05-14 10:50:25,3512.3,239568
2021-05-14 10:50:27,3513.9,239578
2021-05-14 10:50:28,3513.95,239815
2021-05-14 10:50:29,3514.0,239887
2021-05-14 10:50:30,3514.0,239918
2021-05-14 10:50:30,3514.0,239928
2021-05-14 10:50:31,3514.0,239937
2021-05-14 10:50:32,3514.0,239939
2021-05-14 10:50:33,3513.0,240064
2021-05-14 10:50:34,3513.95,240069
2021-05-14 10:50:36,3513.95,240581
2021-05-14 10:50:37,3513.95,240611
2021-05-14 10:50:38,3513.95,240615
2021-05-14 10:50:38,3513.95,240615
2021-05-14 10:50:39,3512.5,240703
2021-05-14 10:50:40,3513.95,240729
2021-05-14 10:50:41,3513.95,240748
2021-05-14 10:50:42,3514.0,240808
2021-05-14 10:50:43,3514.0,240816
2021-05-14 10:50:44,3512.5,240869
2021-05-14 10:50:45,3514.0,240888
2021-05-14 10:50:46,3513.0,240896
2021-05-14 10:50:47,3513.0,240911
2021-05-14 10:50:48,3513.0,241018
2021-05-14 10:50:50,3514.0,241063
2021-05-14 10:50:51,3514.0,241066
2021-05-14 10:50:52,3514.0,241105
2021-05-14 10:50:52,3514.0,241105
2021-05-14 10:50:53,3514.0,241108
2021-05-14 10:50:54,3514.0,241111
2021-05-14 10:50:55,3514.0,241115
2021-05-14 10:50:56,3513.0,241168
2021-05-14 10:50:57,3514.0,241181
2021-05-14 10:50:58,3513.95,241242
2021-05-14 10:50:59,3513.0,241247
2021-05-14 10:51:00,3514.0,241250
2021-05-14 10:51:02,3514.0,241272
2021-05-14 10:51:03,3514.0,241294
2021-05-14 10:51:03,3514.0,241278
2021-05-14 10:51:04,3514.0,241297
2021-05-14 10:51:05,3514.0,241921
2021-05-14 10:51:07,3514.0,242017
2021-05-14 10:51:08,3514.4,242022
2021-05-14 10:51:08,3514.4,242022
2021-05-14 10:51:09,3514.35,242447
2021-05-14 10:51:10,3515.65,242602
2021-05-14 10:51:11,3513.05,242734
2021-05-14 10:51:12,3515.45,242748
2021-05-14 10:51:14,3514.0,242758
2021-05-14 10:51:15,3513.05,242784
2021-05-14 10:51:16,3515.4,242992
2021-05-14 10:51:17,3514.95,243069
2021-05-14 10:51:18,3515.3,243150
2021-05-14 10:51:18,3515.0,243075
2021-05-14 10:51:19,3515.15,243174
2021-05-14 10:51:20,3513.1,243203
2021-05-14 10:51:21,3515.0,243234
2021-05-14 10:51:22,3513.1,243410
2021-05-14 10:51:23,3514.95,243414
2021-05-14 10:51:24,3513.1,243417
2021-05-14 10:51:26,3515.0,243428
2021-05-14 10:51:27,3513.05,243523
2021-05-14 10:51:27,3513.05,243523
2021-05-14 10:51:28,3513.1,243548
2021-05-14 10:51:29,3515.4,243562
2021-05-14 10:51:30,3515.0,243612
2021-05-14 10:51:31,3513.05,243632
2021-05-14 10:51:33,3513.05,243680
2021-05-14 10:51:34,3513.1,243686
2021-05-14 10:51:35,3513.25,243787
2021-05-14 10:51:36,3514.95,243832
2021-05-14 10:51:37,3513.05,243835
2021-05-14 10:51:38,3513.2,243837
2021-05-14 10:51:39,3514.95,243892
2021-05-14 10:51:40,3515.0,244092
2021-05-14 10:51:40,3515.0,244092
2021-05-14 10:51:41,3513.4,244120
2021-05-14 10:51:43,3513.2,244126
2021-05-14 10:51:44,3515.0,244127
2021-05-14 10:51:45,3513.2,244228
2021-05-14 10:51:45,3515.5,244238
2021-05-14 10:51:46,3515.5,244244
2021-05-14 10:51:47,3511.55,245434
2021-05-14 10:51:48,3514.1,245533
2021-05-14 10:51:49,3514.1,245533
2021-05-14 10:51:50,3515.15,245598
2021-05-14 10:51:52,3514.1,245600
2021-05-14 10:51:53,3515.0,245604
2021-05-14 10:51:54,3512.15,245654
2021-05-14 10:51:55,3512.15,245654
2021-05-14 10:51:56,3514.2,245697
2021-05-14 10:51:57,3514.2,245702
2021-05-14 10:51:59,3512.25,245704
2021-05-14 10:51:58,3512.25,245704
2021-05-14 10:52:01,3512.5,245805
2021-05-14 10:52:02,3510.0,245965
2021-05-14 10:52:03,3510.0,245965
2021-05-14 10:52:03,3508.0,246657
2021-05-14 10:52:04,3505.05,246766
2021-05-14 10:52:05,3505.0,246924
2021-05-14 10:52:08,3505.0,247675
2021-05-14 10:52:09,3502.0,247745
2021-05-14 10:52:09,3502.0,247745
2021-05-14 10:52:10,3504.3,247956
2021-05-14 10:52:12,3502.25,247961
2021-05-14 10:52:13,3501.6,247999
2021-05-14 10:52:14,3511.35,248382
2021-05-14 10:52:15,3509.8,248383
2021-05-14 10:52:16,3507.55,248493
2021-05-14 10:52:17,3506.35,248593
2021-05-14 10:52:18,3506.3,248719
2021-05-14 10:52:19,3506.3,248719
2021-05-14 10:52:20,3507.75,248720
2021-05-14 10:52:21,3507.75,248720
2021-05-14 10:52:22,3505.15,248722
2021-05-14 10:52:23,3505.4,248771
2021-05-14 10:52:24,3505.4,248771
2021-05-14 10:52:24,3505.4,248771
2021-05-14 10:52:26,3504.95,248842
2021-05-14 10:52:28,3504.95,248842
2021-05-14 10:52:29,3505.05,248853
2021-05-14 10:52:30,3504.3,248860
2021-05-14 10:52:30,3502.2,248910
2021-05-14 10:52:31,3504.45,248931
2021-05-14 10:52:32,3504.45,248931
2021-05-14 10:52:33,3502.3,248945
2021-05-14 10:52:35,3504.45,249001
2021-05-14 10:52:36,3504.45,249001
2021-05-14 10:52:38,3502.8,249028
2021-05-14 10:52:39,3504.95,249062
2021-05-14 10:52:40,3503.0,249098
2021-05-14 10:52:41,3506.3,249178
2021-05-14 10:52:42,3506.3,249178
2021-05-14 10:52:43,3506.2,249230
2021-05-14 10:52:44,3504.1,249233
2021-05-14 10:52:45,3504.1,249233
2021-05-14 10:52:46,3504.05,249342
2021-05-14 10:52:47,3502.7,249851
2021-05-14 10:52:48,3504.1,249860
2021-05-14 10:52:49,3504.1,249860
2021-05-14 10:52:50,3504.9,249898
2021-05-14 10:52:51,3503.0,249921
2021-05-14 10:52:51,3503.0,249921
2021-05-14 10:52:52,3504.55,250001
2021-05-14 10:52:53,3504.55,250001
2021-05-14 10:52:54,3504.55,250011
2021-05-14 10:52:56,3503.0,250012
2021-05-14 10:52:57,3503.0,250012
2021-05-14 10:52:58,3504.0,250128
2021-05-14 10:52:59,3502.6,250624
2021-05-14 10:53:00,3501.0,250635
2021-05-14 10:53:01,3502.0,250661
2021-05-14 10:53:02,3502.25,250761
2021-05-14 10:53:02,3502.0,250661
2021-05-14 10:53:03,3494.0,252891
2021-05-14 10:53:05,3493.35,252989
2021-05-14 10:53:06,3495.15,253017
2021-05-14 10:53:07,3494.15,253443
2021-05-14 10:53:08,3494.15,253443
2021-05-14 10:53:09,3494.8,254418
2021-05-14 10:53:09,3495.8,254458
2021-05-14 10:53:10,3493.65,254524
2021-05-14 10:53:11,3492.65,254592
2021-05-14 10:53:14,3494.6,254767
2021-05-14 10:53:15,3493.05,254837
2021-05-14 10:53:16,3491.25,255093
2021-05-14 10:53:17,3495.2,255637
2021-05-14 10:53:18,3494.2,255713
2021-05-14 10:53:19,3497.5,255813
2021-05-14 10:53:19,3495.6,255823
2021-05-14 10:53:20,3495.2,255844
2021-05-14 10:53:22,3495.25,255847
2021-05-14 10:53:23,3495.0,255867
2021-05-14 10:53:25,3496.3,255992
2021-05-14 10:53:26,3495.0,256037
2021-05-14 10:53:27,3495.0,256137
2021-05-14 10:53:27,3495.0,256142
2021-05-14 10:53:28,3495.9,256258
2021-05-14 10:53:29,3495.0,256275
2021-05-14 10:53:30,3495.0,256444
2021-05-14 10:53:32,3495.0,256449
2021-05-14 10:53:33,3493.7,256473
2021-05-14 10:53:34,3496.7,256723
2021-05-14 10:53:35,3495.0,256731
2021-05-14 10:53:35,3495.0,256731
2021-05-14 10:53:36,3495.0,256756
2021-05-14 10:53:38,3494.0,256835
2021-05-14 10:53:39,3494.0,256835
2021-05-14 10:53:40,3494.95,256865
2021-05-14 10:53:41,3494.0,256935
2021-05-14 10:53:42,3495.0,256975
2021-05-14 10:53:43,3494.05,256985
2021-05-14 10:53:43,3493.7,257035
2021-05-14 10:53:45,3494.0,257040
2021-05-14 10:53:46,3493.7,257120
2021-05-14 10:53:48,3493.7,257183
2021-05-14 10:53:49,3493.45,257215
2021-05-14 10:53:49,3493.45,257215
2021-05-14 10:53:50,3493.45,257251
2021-05-14 10:53:51,3493.45,257253
2021-05-14 10:53:52,3494.0,257299
2021-05-14 10:53:54,3494.0,257309
2021-05-14 10:53:55,3494.0,257349
2021-05-14 10:53:56,3493.65,257350
2021-05-14 10:53:57,3494.0,257411
2021-05-14 10:53:58,3494.0,257411
2021-05-14 10:54:00,3494.0,257436
2021-05-14 10:54:01,3494.0,257526
2021-05-14 10:54:01,3494.0,257526
2021-05-14 10:54:03,3493.5,257587
2021-05-14 10:54:03,3494.0,257597
2021-05-14 10:54:05,3494.0,257637
2021-05-14 10:54:06,3494.0,257650
2021-05-14 10:54:07,3493.5,257760
2021-05-14 10:54:08,3493.5,257760
2021-05-14 10:54:09,3493.5,257760
2021-05-14 10:54:10,3494.0,257781
2021-05-14 10:54:11,3495.0,257782
2021-05-14 10:54:12,3493.65,257787
2021-05-14 10:54:12,3493.65,257787
2021-05-14 10:54:14,3494.95,257868
2021-05-14 10:54:15,3494.95,257878
2021-05-14 10:54:16,3495.0,257930
2021-05-14 10:54:17,3495.35,257980
2021-05-14 10:54:18,3495.95,258005
2021-05-14 10:54:20,3494.0,258043
2021-05-14 10:54:21,3494.0,258043
2021-05-14 10:54:22,3495.0,258053
2021-05-14 10:54:23,3495.0,258058
2021-05-14 10:54:24,3495.0,258108
2021-05-14 10:54:25,3495.9,258111
2021-05-14 10:54:25,3495.9,258122
2021-05-14 10:54:27,3495.9,258122
2021-05-14 10:54:28,3495.9,258122
2021-05-14 10:54:29,3496.7,258216
2021-05-14 10:54:30,3496.7,258216
2021-05-14 10:54:30,3496.7,258216
2021-05-14 10:54:31,3496.7,258216
2021-05-14 10:54:35,3496.0,258420
2021-05-14 10:54:36,3496.75,258452
2021-05-14 10:54:37,3496.0,258455
2021-05-14 10:54:37,3496.7,258454
2021-05-14 10:54:39,3495.9,258492
2021-05-14 10:54:40,3496.75,258594
2021-05-14 10:54:41,3496.75,258594
2021-05-14 10:54:42,3496.75,258594
2021-05-14 10:54:42,3496.75,258594
2021-05-14 10:54:43,3495.0,258634
2021-05-14 10:54:45,3496.05,258651
2021-05-14 10:54:46,3496.95,258711
2021-05-14 10:54:47,3495.0,258721
2021-05-14 10:54:48,3496.95,258726
2021-05-14 10:54:49,3496.95,258728
2021-05-14 10:54:50,3496.95,258728
2021-05-14 10:54:51,3497.0,258769
2021-05-14 10:54:52,3497.0,258769
2021-05-14 10:54:53,3497.0,258769
2021-05-14 10:54:54,3496.0,258829
2021-05-14 10:54:55,3497.0,258843
2021-05-14 10:54:56,3497.0,258849
2021-05-14 10:54:57,3496.0,258878
2021-05-14 10:54:57,3496.0,258878
2021-05-14 10:54:59,3496.75,259039
2021-05-14 10:55:00,3495.0,259048
2021-05-14 10:55:01,3495.0,259048
2021-05-14 10:55:02,3496.95,259050
