timestamp,ltp,volume
2021-05-14 09:15:25,906.8,118186
2021-05-14 09:15:26,906.8,126023
2021-05-14 09:15:27,906.2,126317
2021-05-14 09:15:28,906.1,127313
2021-05-14 09:15:29,906.05,128965
2021-05-14 09:15:30,907.55,132198
2021-05-14 09:15:31,907.05,132247
2021-05-14 09:15:32,907.2,133234
2021-05-14 09:15:33,908.0,133838
2021-05-14 09:15:34,908.15,135979
2021-05-14 09:15:35,908.2,137623
2021-05-14 09:15:36,908.3,141837
2021-05-14 09:15:37,908.1,142926
2021-05-14 09:15:38,907.6,143664
2021-05-14 09:15:39,908.2,148605
2021-05-14 09:15:40,908.0,149162
2021-05-14 09:15:41,908.3,150542
2021-05-14 09:15:42,908.15,151364
2021-05-14 09:15:43,908.05,152561
2021-05-14 09:15:45,907.8,153212
2021-05-14 09:15:46,907.95,154804
2021-05-14 09:15:46,908.0,155705
2021-05-14 09:15:47,907.65,156925
2021-05-14 09:15:48,908.25,159034
2021-05-14 09:15:49,907.75,164401
2021-05-14 09:15:50,907.95,164494
2021-05-14 09:15:51,907.7,168803
2021-05-14 09:15:52,908.2,169506
2021-05-14 09:15:53,908.0,170720
2021-05-14 09:15:54,908.3,171612
2021-05-14 09:15:55,908.0,172273
2021-05-14 09:15:56,908.15,175468
2021-05-14 09:15:57,908.55,176161
2021-05-14 09:15:58,907.8,178895
2021-05-14 09:15:59,907.8,180760
2021-05-14 09:16:00,907.5,181806
2021-05-14 09:16:01,908.0,182884
2021-05-14 09:16:02,907.8,184239
2021-05-14 09:16:03,906.75,188062
2021-05-14 09:16:04,906.75,188417
2021-05-14 09:16:05,906.55,190663
2021-05-14 09:16:06,906.65,192736
2021-05-14 09:16:07,906.75,194327
2021-05-14 09:16:08,906.7,197013
2021-05-14 09:16:09,906.5,197582
2021-05-14 09:16:10,906.5,201031
2021-05-14 09:16:11,906.95,201895
2021-05-14 09:16:12,906.5,202682
2021-05-14 09:16:13,907.0,202845
2021-05-14 09:16:14,906.65,203773
2021-05-14 09:16:15,906.95,207234
2021-05-14 09:16:16,906.3,212543
2021-05-14 09:16:17,906.5,214704
2021-05-14 09:16:18,906.15,218812
2021-05-14 09:16:19,906.35,219519
2021-05-14 09:16:20,906.5,220051
2021-05-14 09:16:21,906.35,222351
2021-05-14 09:16:22,904.75,232320
2021-05-14 09:16:23,905.2,234045
2021-05-14 09:16:24,905.2,234330
2021-05-14 09:16:25,905.3,237207
2021-05-14 09:16:26,905.35,238283
2021-05-14 09:16:27,905.1,239213
2021-05-14 09:16:28,905.75,239901
2021-05-14 09:16:29,905.75,239971
2021-05-14 09:16:30,905.8,243695
2021-05-14 09:16:31,905.45,243748
2021-05-14 09:16:32,905.9,247764
2021-05-14 09:16:33,905.8,254201
2021-05-14 09:16:34,905.9,254549
2021-05-14 09:16:35,906.55,258421
2021-05-14 09:16:36,905.8,271989
2021-05-14 09:16:37,905.75,275449
2021-05-14 09:16:38,906.25,276365
2021-05-14 09:16:39,905.95,278852
2021-05-14 09:16:40,906.5,281144
2021-05-14 09:16:41,906.5,282723
2021-05-14 09:16:43,906.55,284985
2021-05-14 09:16:44,906.4,287032
2021-05-14 09:16:45,907.45,288768
2021-05-14 09:16:46,907.0,289720
2021-05-14 09:16:47,907.8,290274
2021-05-14 09:16:48,907.8,290290
2021-05-14 09:16:49,908.05,296026
2021-05-14 09:16:50,907.8,297165
2021-05-14 09:16:51,908.2,299073
2021-05-14 09:16:52,907.9,302698
2021-05-14 09:16:53,908.05,303873
2021-05-14 09:16:54,907.2,313980
2021-05-14 09:16:55,907.8,314911
2021-05-14 09:16:56,908.0,316988
2021-05-14 09:16:57,908.3,318459
2021-05-14 09:16:58,908.0,320157
2021-05-14 09:16:59,908.2,321131
2021-05-14 09:17:01,908.75,325119
2021-05-14 09:17:02,908.9,327279
2021-05-14 09:17:03,908.8,327664
2021-05-14 09:17:04,908.9,330109
2021-05-14 09:17:05,908.35,332146
2021-05-14 09:17:10,907.85,347853
2021-05-14 09:17:14,908.05,352297
2021-05-14 09:17:15,908.7,353046
2021-05-14 09:17:16,908.45,354013
2021-05-14 09:17:17,907.95,359149
2021-05-14 09:17:18,908.0,359477
2021-05-14 09:17:19,907.7,360070
2021-05-14 09:17:20,907.65,362054
2021-05-14 09:17:22,907.65,365779
2021-05-14 09:17:23,907.95,367566
2021-05-14 09:17:23,907.75,368206
2021-05-14 09:17:24,907.75,368212
2021-05-14 09:17:25,906.65,374839
2021-05-14 09:17:26,906.7,375878
2021-05-14 09:17:28,907.0,377108
2021-05-14 09:17:28,907.35,379244
2021-05-14 09:17:29,907.5,379737
2021-05-14 09:17:30,907.75,381675
2021-05-14 09:17:31,907.6,382471
2021-05-14 09:17:32,907.5,382666
2021-05-14 09:17:34,907.35,383911
2021-05-14 09:17:34,907.4,384303
2021-05-14 09:17:35,906.65,390563
2021-05-14 09:17:38,906.5,393527
2021-05-14 09:17:39,905.5,397987
2021-05-14 09:17:41,905.0,406399
2021-05-14 09:17:42,904.95,407210
2021-05-14 09:17:43,905.4,408296
2021-05-14 09:17:44,905.6,408962
2021-05-14 09:17:45,905.5,409598
2021-05-14 09:17:46,905.15,410704
2021-05-14 09:17:47,905.4,410784
2021-05-14 09:17:48,905.15,411087
2021-05-14 09:17:49,905.7,411738
2021-05-14 09:17:50,905.85,412066
2021-05-14 09:17:51,905.9,413586
2021-05-14 09:17:52,905.95,413876
2021-05-14 09:17:53,906.0,414023
2021-05-14 09:17:54,905.75,423846
2021-05-14 09:17:56,905.2,428439
2021-05-14 09:17:57,905.2,429338
2021-05-14 09:17:58,905.3,430151
2021-05-14 09:17:59,905.2,430860
2021-05-14 09:18:00,905.7,434952
2021-05-14 09:18:00,905.3,431728
2021-05-14 09:18:01,905.95,437325
2021-05-14 09:18:03,906.1,440703
2021-05-14 09:18:04,906.6,442115
2021-05-14 09:18:05,906.3,446881
2021-05-14 09:18:06,906.65,451327
2021-05-14 09:18:06,906.65,451327
2021-05-14 09:18:07,906.8,451955
2021-05-14 09:18:08,907.1,452626
2021-05-14 09:18:09,906.7,454288
2021-05-14 09:18:10,906.9,454448
2021-05-14 09:18:12,907.0,456074
2021-05-14 09:18:12,907.0,456359
2021-05-14 09:18:13,907.15,456974
2021-05-14 09:18:14,907.25,457184
2021-05-14 09:18:15,907.25,457672
2021-05-14 09:18:17,907.25,459988
2021-05-14 09:18:18,907.0,463958
2021-05-14 09:18:18,907.2,464258
2021-05-14 09:18:19,907.2,465628
2021-05-14 09:18:20,907.65,467523
2021-05-14 09:18:21,907.4,475201
2021-05-14 09:18:22,907.3,475363
2021-05-14 09:18:23,907.0,477459
2021-05-14 09:18:24,907.0,477501
2021-05-14 09:18:25,907.0,478397
2021-05-14 09:18:26,907.0,478520
2021-05-14 09:18:27,907.0,478666
2021-05-14 09:18:28,907.0,479944
2021-05-14 09:18:29,906.75,481812
2021-05-14 09:18:30,907.0,482843
2021-05-14 09:18:32,907.0,483307
2021-05-14 09:18:32,907.0,483382
2021-05-14 09:18:33,906.85,483512
2021-05-14 09:18:34,907.0,484568
2021-05-14 09:18:35,907.0,484955
2021-05-14 09:18:36,907.4,486982
2021-05-14 09:18:38,907.0,487807
2021-05-14 09:18:38,907.45,487992
2021-05-14 09:18:39,907.0,492953
2021-05-14 09:18:40,907.05,493721
2021-05-14 09:18:41,907.45,494519
2021-05-14 09:18:42,907.2,494732
2021-05-14 09:18:43,907.4,495178
2021-05-14 09:18:44,907.1,498108
2021-05-14 09:18:45,907.0,498158
2021-05-14 09:18:47,907.15,498265
2021-05-14 09:18:47,907.25,498777
2021-05-14 09:18:49,907.25,498787
2021-05-14 09:18:50,907.0,500297
2021-05-14 09:18:51,907.0,501424
2021-05-14 09:18:52,906.8,503525
2021-05-14 09:18:53,907.0,503913
2021-05-14 09:18:54,906.65,504890
2021-05-14 09:18:55,906.7,506401
2021-05-14 09:18:56,906.75,506676
2021-05-14 09:18:57,906.55,507862
2021-05-14 09:18:58,906.35,508323
2021-05-14 09:18:59,906.7,508859
2021-05-14 09:18:59,906.75,508959
2021-05-14 09:19:01,906.05,510877
2021-05-14 09:19:01,905.8,512418
2021-05-14 09:19:03,906.35,514462
2021-05-14 09:19:03,906.8,514553
2021-05-14 09:19:04,905.85,517087
2021-05-14 09:19:06,906.45,518123
2021-05-14 09:19:07,905.85,519019
2021-05-14 09:19:08,905.65,520170
2021-05-14 09:19:09,906.35,520261
2021-05-14 09:19:09,905.8,520615
2021-05-14 09:19:10,905.9,520717
2021-05-14 09:19:11,905.9,521020
2021-05-14 09:19:12,906.2,521057
2021-05-14 09:19:13,906.0,523036
2021-05-14 09:19:14,905.95,526886
2021-05-14 09:19:16,906.1,531498
2021-05-14 09:19:17,906.45,532299
2021-05-14 09:19:18,906.35,535066
2021-05-14 09:19:19,906.35,535754
2021-05-14 09:19:20,906.75,536018
2021-05-14 09:19:21,906.65,536672
2021-05-14 09:19:22,906.8,537672
2021-05-14 09:19:22,906.65,538425
2021-05-14 09:19:23,906.8,538674
2021-05-14 09:19:24,906.65,541066
2021-05-14 09:19:27,907.65,553717
2021-05-14 09:19:28,907.85,553979
2021-05-14 09:19:30,908.05,565700
2021-05-14 09:19:31,908.35,578808
2021-05-14 09:19:32,908.05,578809
2021-05-14 09:19:33,908.05,580085
2021-05-14 09:19:34,908.25,580167
2021-05-14 09:19:35,908.35,580517
2021-05-14 09:19:36,908.25,581377
2021-05-14 09:19:37,908.15,581492
2021-05-14 09:19:38,908.65,585362
2021-05-14 09:19:39,907.95,587351
2021-05-14 09:19:40,907.7,587708
2021-05-14 09:19:41,907.7,589084
2021-05-14 09:19:42,907.7,589084
2021-05-14 09:19:43,908.2,589804
2021-05-14 09:19:44,908.55,592086
2021-05-14 09:19:46,908.6,592921
2021-05-14 09:19:48,908.4,596524
2021-05-14 09:19:49,907.6,597224
2021-05-14 09:19:54,907.95,601384
2021-05-14 09:19:55,907.8,601458
2021-05-14 09:19:56,907.2,606674
2021-05-14 09:19:57,907.45,606929
2021-05-14 09:19:58,907.85,606992
2021-05-14 09:19:59,907.95,607003
2021-05-14 09:20:00,907.6,607113
2021-05-14 09:20:01,907.6,607179
2021-05-14 09:20:02,907.6,607499
2021-05-14 09:20:03,907.8,607612
2021-05-14 09:20:04,907.4,612773
2021-05-14 09:20:05,906.9,614073
2021-05-14 09:20:06,907.4,614334
2021-05-14 09:20:07,907.5,614751
2021-05-14 09:20:08,907.4,614907
2021-05-14 09:20:09,907.6,615228
2021-05-14 09:20:10,907.2,615973
2021-05-14 09:20:11,906.9,620799
2021-05-14 09:20:12,906.8,621588
2021-05-14 09:20:13,906.9,624684
2021-05-14 09:20:14,906.95,624707
2021-05-14 09:20:15,907.0,624778
2021-05-14 09:20:16,906.95,624988
2021-05-14 09:20:18,906.6,627057
2021-05-14 09:20:19,906.95,627295
2021-05-14 09:20:20,906.6,627677
2021-05-14 09:20:21,906.75,627808
2021-05-14 09:20:22,906.75,627808
2021-05-14 09:20:23,906.6,627818
2021-05-14 09:20:24,906.6,629084
2021-05-14 09:20:25,906.15,631023
2021-05-14 09:20:26,906.0,632187
2021-05-14 09:20:27,906.5,632536
2021-05-14 09:20:28,906.3,638140
2021-05-14 09:20:29,905.9,638315
2021-05-14 09:20:30,906.35,638674
2021-05-14 09:20:31,906.45,638699
2021-05-14 09:20:32,906.0,638773
2021-05-14 09:20:33,906.05,638827
2021-05-14 09:20:34,906.0,639138
2021-05-14 09:20:35,906.0,639889
2021-05-14 09:20:36,906.35,640241
2021-05-14 09:20:37,906.0,644344
2021-05-14 09:20:38,906.0,644930
2021-05-14 09:20:39,906.1,645041
2021-05-14 09:20:40,906.05,645079
2021-05-14 09:20:41,906.0,649708
2021-05-14 09:20:42,906.1,652918
2021-05-14 09:20:43,906.45,653881
2021-05-14 09:20:44,906.2,654731
2021-05-14 09:20:46,906.5,656806
2021-05-14 09:20:47,906.45,657708
2021-05-14 09:20:48,906.45,659418
2021-05-14 09:20:49,906.55,659517
2021-05-14 09:20:51,906.55,659945
2021-05-14 09:20:50,906.45,659873
2021-05-14 09:20:52,906.8,663087
2021-05-14 09:20:53,907.15,665250
2021-05-14 09:20:54,907.15,665303
2021-05-14 09:20:55,907.15,666018
2021-05-14 09:20:56,907.25,668682
2021-05-14 09:20:58,907.45,669030
2021-05-14 09:20:59,907.2,670372
2021-05-14 09:21:00,907.35,670499
2021-05-14 09:21:01,907.45,670759
2021-05-14 09:21:02,907.2,674273
2021-05-14 09:21:03,907.3,674329
2021-05-14 09:21:04,907.8,677538
2021-05-14 09:21:05,907.5,677825
2021-05-14 09:21:06,907.55,678686
2021-05-14 09:21:07,907.55,678686
2021-05-14 09:21:08,907.7,678836
2021-05-14 09:21:09,907.7,679102
2021-05-14 09:21:10,907.65,679967
2021-05-14 09:21:11,907.05,686225
2021-05-14 09:21:12,906.95,687900
2021-05-14 09:21:13,906.55,687973
2021-05-14 09:21:14,906.7,689278
2021-05-14 09:21:15,906.55,690934
2021-05-14 09:21:16,906.75,692146
2021-05-14 09:21:17,906.85,692371
2021-05-14 09:21:18,905.6,698526
2021-05-14 09:21:19,905.45,701581
2021-05-14 09:21:20,905.55,702507
2021-05-14 09:21:21,905.9,703586
2021-05-14 09:21:22,905.55,703720
2021-05-14 09:21:23,905.95,704147
2021-05-14 09:21:24,905.95,704147
2021-05-14 09:21:25,905.75,704317
2021-05-14 09:21:26,906.5,708461
2021-05-14 09:21:27,906.25,708462
2021-05-14 09:21:28,906.85,709253
2021-05-14 09:21:29,906.6,709303
2021-05-14 09:21:30,906.8,710058
2021-05-14 09:21:31,904.75,739891
2021-05-14 09:21:32,905.05,743097
2021-05-14 09:21:33,905.45,743910
2021-05-14 09:21:34,905.5,744615
2021-05-14 09:21:35,905.45,745290
2021-05-14 09:21:36,906.3,746973
2021-05-14 09:21:37,905.95,749188
2021-05-14 09:21:38,906.0,750478
2021-05-14 09:21:39,906.2,750906
2021-05-14 09:21:41,905.15,756341
2021-05-14 09:21:42,905.5,757286
2021-05-14 09:21:43,905.5,757954
2021-05-14 09:21:44,905.75,758665
2021-05-14 09:21:45,905.7,759323
2021-05-14 09:21:46,905.75,763613
2021-05-14 09:21:47,905.6,763797
2021-05-14 09:21:48,905.6,764002
2021-05-14 09:21:49,905.65,765688
2021-05-14 09:21:50,905.95,767522
2021-05-14 09:21:51,905.5,767582
2021-05-14 09:21:52,905.35,770059
2021-05-14 09:21:53,905.4,770249
2021-05-14 09:21:54,905.05,771104
2021-05-14 09:21:55,905.25,772554
2021-05-14 09:21:58,904.95,775834
2021-05-14 09:22:01,903.85,789595
2021-05-14 09:22:03,903.45,794127
2021-05-14 09:22:04,903.25,795852
2021-05-14 09:22:05,903.25,796199
2021-05-14 09:22:06,903.05,796732
2021-05-14 09:22:07,903.05,799947
2021-05-14 09:22:08,903.05,801359
2021-05-14 09:22:09,903.15,802623
2021-05-14 09:22:10,903.05,805239
2021-05-14 09:22:12,903.7,818867
2021-05-14 09:22:13,904.5,819866
2021-05-14 09:22:14,904.05,820231
2021-05-14 09:22:15,904.05,826211
2021-05-14 09:22:16,904.05,830734
2021-05-14 09:22:17,904.45,832094
2021-05-14 09:22:18,904.45,832094
2021-05-14 09:22:19,904.65,836068
2021-05-14 09:22:20,905.05,840069
2021-05-14 09:22:21,905.0,843180
2021-05-14 09:22:22,905.4,843304
2021-05-14 09:22:23,905.95,843563
2021-05-14 09:22:24,905.8,843793
2021-05-14 09:22:25,905.8,846799
2021-05-14 09:22:26,905.8,848954
2021-05-14 09:22:27,905.1,854403
2021-05-14 09:22:28,905.0,854508
2021-05-14 09:22:29,905.0,854915
2021-05-14 09:22:30,905.35,856601
2021-05-14 09:22:31,905.0,857583
2021-05-14 09:22:32,905.2,857713
2021-05-14 09:22:33,905.25,857891
2021-05-14 09:22:34,905.0,858767
2021-05-14 09:22:35,905.0,859361
2021-05-14 09:22:36,904.4,861337
2021-05-14 09:22:37,904.9,862770
2021-05-14 09:22:38,905.1,862971
2021-05-14 09:22:39,905.4,863002
2021-05-14 09:22:40,905.2,864219
2021-05-14 09:22:41,905.35,864304
2021-05-14 09:22:42,905.35,864311
2021-05-14 09:22:43,905.35,864321
2021-05-14 09:22:44,905.3,865103
2021-05-14 09:22:45,904.95,865482
2021-05-14 09:22:46,904.5,865721
2021-05-14 09:22:47,904.35,866099
2021-05-14 09:22:48,903.75,866407
2021-05-14 09:22:49,904.25,867690
2021-05-14 09:22:50,903.85,867818
2021-05-14 09:22:51,904.0,868080
2021-05-14 09:22:52,904.1,868866
2021-05-14 09:22:53,904.2,868977
2021-05-14 09:22:54,904.55,869799
2021-05-14 09:22:55,904.75,869903
2021-05-14 09:22:56,904.35,869954
2021-05-14 09:22:57,904.7,872217
2021-05-14 09:22:58,904.35,872267
2021-05-14 09:22:59,904.35,872466
2021-05-14 09:23:00,904.45,872591
2021-05-14 09:23:01,904.75,872602
2021-05-14 09:23:02,904.75,872832
2021-05-14 09:23:03,904.6,872836
2021-05-14 09:23:04,904.8,873765
2021-05-14 09:23:05,904.5,873865
2021-05-14 09:23:06,904.8,873882
2021-05-14 09:23:07,905.0,875527
2021-05-14 09:23:08,905.0,876671
2021-05-14 09:23:09,905.0,876906
2021-05-14 09:23:10,905.0,877011
2021-05-14 09:23:11,904.8,878415
2021-05-14 09:23:12,905.0,878755
2021-05-14 09:23:13,904.65,878928
2021-05-14 09:23:14,904.6,879181
2021-05-14 09:23:15,904.6,879256
2021-05-14 09:23:16,904.65,879356
2021-05-14 09:23:17,904.7,879509
2021-05-14 09:23:18,905.0,880259
2021-05-14 09:23:18,904.65,880269
2021-05-14 09:23:19,904.95,880636
2021-05-14 09:23:20,904.65,880704
2021-05-14 09:23:21,904.65,880778
2021-05-14 09:23:22,904.65,880963
2021-05-14 09:23:23,904.65,881523
2021-05-14 09:23:24,905.0,882149
2021-05-14 09:23:25,904.65,882249
2021-05-14 09:23:26,904.65,882373
2021-05-14 09:23:27,904.8,882428
2021-05-14 09:23:28,904.95,882482
2021-05-14 09:23:29,904.65,882642
2021-05-14 09:23:30,904.95,882772
2021-05-14 09:23:31,904.9,883448
2021-05-14 09:23:32,904.65,883706
2021-05-14 09:23:33,904.5,883926
2021-05-14 09:23:34,904.9,884026
2021-05-14 09:23:35,904.3,884873
2021-05-14 09:23:36,904.3,884988
2021-05-14 09:23:37,904.6,885103
2021-05-14 09:23:38,904.6,885274
2021-05-14 09:23:39,904.6,885293
2021-05-14 09:23:40,904.6,885293
2021-05-14 09:23:41,904.6,885593
2021-05-14 09:23:42,904.25,885801
2021-05-14 09:23:43,904.95,887025
2021-05-14 09:23:44,905.0,887568
2021-05-14 09:23:45,904.95,888296
2021-05-14 09:23:46,905.0,889296
2021-05-14 09:23:47,904.65,889873
2021-05-14 09:23:48,905.0,889953
2021-05-14 09:23:49,905.0,890133
2021-05-14 09:23:50,904.35,892297
2021-05-14 09:23:51,904.3,892679
2021-05-14 09:23:52,904.6,892687
2021-05-14 09:23:53,904.65,893897
2021-05-14 09:23:54,904.65,893897
2021-05-14 09:23:55,904.25,894297
2021-05-14 09:23:56,904.3,894323
2021-05-14 09:23:57,904.3,894323
2021-05-14 09:23:58,904.35,894374
2021-05-14 09:23:59,904.35,894381
2021-05-14 09:24:00,904.35,894492
2021-05-14 09:24:01,904.35,894559
2021-05-14 09:24:02,904.3,894965
2021-05-14 09:24:03,904.25,895680
2021-05-14 09:24:04,904.6,895931
2021-05-14 09:24:05,904.5,897666
2021-05-14 09:24:06,904.05,899124
2021-05-14 09:24:07,904.0,900425
2021-05-14 09:24:08,904.25,901080
2021-05-14 09:24:09,904.0,901082
2021-05-14 09:24:10,904.25,901734
2021-05-14 09:24:11,904.0,902584
2021-05-14 09:24:12,904.1,902936
2021-05-14 09:24:13,904.1,902941
2021-05-14 09:24:14,904.0,903200
2021-05-14 09:24:15,904.25,905215
2021-05-14 09:24:17,904.25,905519
2021-05-14 09:24:18,904.0,905587
2021-05-14 09:24:19,903.85,905700
2021-05-14 09:24:20,903.8,906600
2021-05-14 09:24:21,903.7,907615
2021-05-14 09:24:22,903.4,908040
2021-05-14 09:24:23,903.4,908691
2021-05-14 09:24:24,903.8,908731
2021-05-14 09:24:25,903.4,909005
2021-05-14 09:24:26,903.4,909104
2021-05-14 09:24:27,903.65,909173
2021-05-14 09:24:28,903.4,909188
2021-05-14 09:24:29,903.15,910658
2021-05-14 09:24:30,903.15,910698
2021-05-14 09:24:31,903.1,911722
2021-05-14 09:24:32,903.3,911725
2021-05-14 09:24:33,903.3,911725
2021-05-14 09:24:34,903.3,911834
2021-05-14 09:24:35,903.3,912039
2021-05-14 09:24:39,903.35,914386
2021-05-14 09:24:40,903.3,915066
2021-05-14 09:24:42,903.45,915506
2021-05-14 09:24:41,903.35,915342
2021-05-14 09:24:43,904.1,917761
2021-05-14 09:24:44,904.5,918505
2021-05-14 09:24:45,904.5,920483
2021-05-14 09:24:46,904.45,920884
2021-05-14 09:24:47,904.5,920899
2021-05-14 09:24:48,904.5,920899
2021-05-14 09:24:49,905.2,924986
2021-05-14 09:24:50,904.9,925109
2021-05-14 09:24:51,905.2,925218
2021-05-14 09:24:52,905.3,925348
2021-05-14 09:24:53,905.05,926280
2021-05-14 09:24:55,905.05,926754
2021-05-14 09:24:56,905.05,926777
2021-05-14 09:24:57,905.6,927235
2021-05-14 09:24:58,905.6,927699
2021-05-14 09:24:59,905.25,927806
2021-05-14 09:25:00,905.8,927983
2021-05-14 09:25:01,905.95,928977
2021-05-14 09:25:02,905.85,929018
2021-05-14 09:25:03,906.0,929648
2021-05-14 09:25:04,905.65,930020
2021-05-14 09:25:05,905.45,930050
2021-05-14 09:25:06,905.9,935514
2021-05-14 09:25:07,905.95,935553
2021-05-14 09:25:08,905.95,935663
2021-05-14 09:25:09,905.5,935713
2021-05-14 09:25:10,905.6,936833
2021-05-14 09:25:11,905.6,936992
2021-05-14 09:25:12,905.6,936994
2021-05-14 09:25:13,905.6,937034
2021-05-14 09:25:14,905.95,937059
2021-05-14 09:25:15,905.3,938890
2021-05-14 09:25:16,905.4,939140
2021-05-14 09:25:17,905.6,941860
2021-05-14 09:25:18,905.95,941938
2021-05-14 09:25:19,905.6,942685
2021-05-14 09:25:20,905.6,942785
2021-05-14 09:25:21,905.55,946627
2021-05-14 09:25:22,905.55,947153
2021-05-14 09:25:23,906.0,949444
2021-05-14 09:25:24,906.35,953283
2021-05-14 09:25:25,906.15,954221
2021-05-14 09:25:26,906.3,954917
2021-05-14 09:25:27,906.5,959712
2021-05-14 09:25:28,906.5,959887
2021-05-14 09:25:29,906.55,959890
2021-05-14 09:25:30,906.0,960055
2021-05-14 09:25:31,906.75,961245
2021-05-14 09:25:32,906.95,962858
2021-05-14 09:25:33,906.6,963153
2021-05-14 09:25:33,906.6,963153
2021-05-14 09:25:34,906.95,963154
2021-05-14 09:25:35,906.6,963178
2021-05-14 09:25:36,906.45,963448
2021-05-14 09:25:37,906.75,963529
2021-05-14 09:25:38,906.45,963604
2021-05-14 09:25:39,906.95,964204
2021-05-14 09:25:40,906.45,964237
2021-05-14 09:25:41,906.8,964248
2021-05-14 09:25:42,906.9,964401
2021-05-14 09:25:43,906.75,965243
2021-05-14 09:25:48,906.3,970644
2021-05-14 09:25:50,906.45,971103
2021-05-14 09:25:51,906.45,971155
2021-05-14 09:25:52,906.8,971270
2021-05-14 09:25:53,906.95,971425
2021-05-14 09:25:54,906.95,971426
2021-05-14 09:25:55,906.9,986222
2021-05-14 09:25:56,906.75,990766
2021-05-14 09:25:57,906.7,990786
2021-05-14 09:25:58,907.0,991028
2021-05-14 09:25:59,907.15,991354
2021-05-14 09:26:00,907.05,992237
2021-05-14 09:26:01,906.6,996749
2021-05-14 09:26:02,906.85,997842
2021-05-14 09:26:03,907.05,999097
2021-05-14 09:26:04,907.15,999124
2021-05-14 09:26:05,907.05,999349
2021-05-14 09:26:06,907.1,1000435
2021-05-14 09:26:07,907.25,1001142
2021-05-14 09:26:08,907.1,1001352
2021-05-14 09:26:09,907.2,1001363
2021-05-14 09:26:10,907.1,1002773
2021-05-14 09:26:11,907.9,1005378
2021-05-14 09:26:12,907.6,1005478
2021-05-14 09:26:13,907.9,1005623
2021-05-14 09:26:14,908.0,1007876
2021-05-14 09:26:15,908.0,1008107
2021-05-14 09:26:16,908.0,1008388
2021-05-14 09:26:17,908.0,1010739
2021-05-14 09:26:18,907.9,1011018
2021-05-14 09:26:19,907.95,1015559
2021-05-14 09:26:20,907.7,1016312
2021-05-14 09:26:24,907.7,1017911
2021-05-14 09:26:25,908.0,1018161
2021-05-14 09:26:26,908.0,1018358
2021-05-14 09:26:27,908.0,1018726
2021-05-14 09:26:28,908.0,1033073
2021-05-14 09:26:29,907.95,1033533
2021-05-14 09:26:30,907.45,1037575
2021-05-14 09:26:31,907.85,1038078
2021-05-14 09:26:32,907.85,1038243
2021-05-14 09:26:33,907.65,1038388
2021-05-14 09:26:34,907.7,1041026
2021-05-14 09:26:35,907.85,1041264
2021-05-14 09:26:36,907.9,1041998
2021-05-14 09:26:37,907.75,1044272
2021-05-14 09:26:38,907.7,1046534
2021-05-14 09:26:39,907.45,1046751
2021-05-14 09:26:40,907.55,1047622
2021-05-14 09:26:41,907.7,1048070
2021-05-14 09:26:42,907.75,1048246
2021-05-14 09:26:44,907.0,1049267
2021-05-14 09:26:45,907.0,1049515
2021-05-14 09:26:46,907.0,1050455
2021-05-14 09:26:47,907.3,1050656
2021-05-14 09:26:47,907.3,1050656
2021-05-14 09:26:48,907.4,1051203
2021-05-14 09:26:49,907.4,1051786
2021-05-14 09:26:50,907.4,1052594
2021-05-14 09:26:51,907.95,1055780
2021-05-14 09:26:52,907.75,1056022
2021-05-14 09:26:53,907.95,1057722
2021-05-14 09:26:54,907.9,1059265
2021-05-14 09:26:55,908.0,1060026
2021-05-14 09:26:57,908.2,1063180
2021-05-14 09:26:58,908.1,1069209
2021-05-14 09:26:59,908.1,1069875
2021-05-14 09:27:00,908.05,1070212
2021-05-14 09:27:01,908.3,1072762
2021-05-14 09:27:02,908.25,1073510
2021-05-14 09:27:03,908.0,1074011
2021-05-14 09:27:04,907.85,1074728
2021-05-14 09:27:05,907.85,1075027
2021-05-14 09:27:06,908.55,1080708
2021-05-14 09:27:07,908.55,1081308
2021-05-14 09:27:08,908.55,1082782
2021-05-14 09:27:09,908.45,1083450
2021-05-14 09:27:10,908.5,1084008
2021-05-14 09:27:11,908.8,1084975
2021-05-14 09:27:12,908.8,1086250
2021-05-14 09:27:13,908.85,1086891
2021-05-14 09:27:14,908.85,1088213
2021-05-14 09:27:15,908.9,1091567
2021-05-14 09:27:16,908.65,1092256
2021-05-14 09:27:17,908.8,1092473
2021-05-14 09:27:18,908.5,1096440
2021-05-14 09:27:19,908.25,1102019
2021-05-14 09:27:20,907.45,1106371
2021-05-14 09:27:21,907.35,1106620
2021-05-14 09:27:22,907.2,1107042
2021-05-14 09:27:23,907.4,1107722
2021-05-14 09:27:24,907.4,1108018
2021-05-14 09:27:25,907.65,1108406
2021-05-14 09:27:26,907.9,1108421
2021-05-14 09:27:27,908.45,1108782
2021-05-14 09:27:28,907.85,1110967
2021-05-14 09:27:29,908.45,1111180
2021-05-14 09:27:30,908.1,1115188
2021-05-14 09:27:31,908.1,1115511
2021-05-14 09:27:32,908.25,1115634
2021-05-14 09:27:33,908.25,1115970
2021-05-14 09:27:34,908.8,1116314
2021-05-14 09:27:35,908.4,1116426
2021-05-14 09:27:36,908.8,1116677
2021-05-14 09:27:37,908.35,1117283
2021-05-14 09:27:38,908.8,1117866
2021-05-14 09:27:38,908.8,1118085
2021-05-14 09:27:40,909.0,1123270
2021-05-14 09:27:40,908.65,1123959
2021-05-14 09:27:41,909.0,1124311
2021-05-14 09:27:42,909.0,1125305
2021-05-14 09:27:43,908.9,1125815
2021-05-14 09:27:44,909.0,1130113
2021-05-14 09:27:45,909.35,1142968
2021-05-14 09:27:46,909.25,1144860
2021-05-14 09:27:47,909.75,1146576
2021-05-14 09:27:48,908.85,1153570
2021-05-14 09:27:49,909.2,1154279
2021-05-14 09:27:50,909.4,1154574
2021-05-14 09:27:51,908.8,1158539
2021-05-14 09:27:52,908.75,1159980
2021-05-14 09:27:53,908.7,1160806
2021-05-14 09:27:54,908.75,1161219
2021-05-14 09:27:55,908.5,1161867
2021-05-14 09:27:56,908.85,1163609
2021-05-14 09:27:58,908.75,1163612
2021-05-14 09:27:59,908.85,1163765
2021-05-14 09:28:00,909.0,1165141
2021-05-14 09:28:01,908.75,1165694
2021-05-14 09:28:02,908.75,1167865
2021-05-14 09:28:03,909.0,1169404
2021-05-14 09:28:04,909.45,1169916
2021-05-14 09:28:05,909.55,1171236
2021-05-14 09:28:06,909.2,1171451
2021-05-14 09:28:07,909.25,1172556
2021-05-14 09:28:08,909.45,1174680
2021-05-14 09:28:09,909.45,1176566
2021-05-14 09:28:10,909.4,1176885
2021-05-14 09:28:11,909.45,1177503
2021-05-14 09:28:12,909.35,1177537
2021-05-14 09:28:14,909.4,1179738
2021-05-14 09:28:16,910.0,1187295
2021-05-14 09:28:17,909.65,1187930
2021-05-14 09:28:18,909.9,1190702
2021-05-14 09:28:21,910.35,1231220
2021-05-14 09:28:22,910.55,1231597
2021-05-14 09:28:25,911.0,1239391
2021-05-14 09:28:27,910.7,1258285
2021-05-14 09:28:28,911.05,1262084
2021-05-14 09:28:29,911.0,1264105
2021-05-14 09:28:30,911.2,1265584
2021-05-14 09:28:31,911.4,1267145
2021-05-14 09:28:32,911.25,1270440
2021-05-14 09:28:33,911.75,1271807
2021-05-14 09:28:34,911.3,1272928
2021-05-14 09:28:35,911.85,1279568
2021-05-14 09:28:36,911.7,1280499
2021-05-14 09:28:37,912.0,1285009
2021-05-14 09:28:38,911.85,1298394
2021-05-14 09:28:39,911.95,1306826
2021-05-14 09:28:40,912.15,1309450
2021-05-14 09:28:41,911.5,1318582
2021-05-14 09:28:42,911.45,1321082
2021-05-14 09:28:43,912.0,1321848
2021-05-14 09:28:44,912.0,1323471
2021-05-14 09:28:45,911.75,1324030
2021-05-14 09:28:46,912.0,1325438
2021-05-14 09:28:47,912.0,1327387
2021-05-14 09:28:48,911.75,1329049
2021-05-14 09:28:50,912.05,1331417
2021-05-14 09:28:51,911.9,1332678
2021-05-14 09:28:52,912.0,1333024
2021-05-14 09:28:54,912.05,1335198
2021-05-14 09:28:55,912.1,1336826
2021-05-14 09:28:56,912.0,1338689
2021-05-14 09:28:57,912.05,1341620
2021-05-14 09:28:58,911.95,1343673
2021-05-14 09:28:59,912.35,1344397
2021-05-14 09:29:00,912.1,1346925
2021-05-14 09:29:01,912.0,1347172
2021-05-14 09:29:02,912.15,1350037
2021-05-14 09:29:03,912.3,1350438
2021-05-14 09:29:04,912.35,1355528
2021-05-14 09:29:05,912.0,1357362
2021-05-14 09:29:06,911.85,1358203
2021-05-14 09:29:07,912.0,1359374
2021-05-14 09:29:08,912.3,1365079
2021-05-14 09:29:09,912.05,1366190
2021-05-14 09:29:10,912.25,1367962
2021-05-14 09:29:11,912.35,1369839
2021-05-14 09:29:12,912.45,1374424
2021-05-14 09:29:13,912.85,1374927
2021-05-14 09:29:14,912.8,1380808
2021-05-14 09:29:15,912.45,1382759
2021-05-14 09:29:16,912.95,1384009
2021-05-14 09:29:17,913.0,1385364
2021-05-14 09:29:17,913.0,1385364
2021-05-14 09:29:19,912.75,1387945
2021-05-14 09:29:21,912.7,1394892
2021-05-14 09:29:23,912.6,1406568
2021-05-14 09:29:24,913.0,1408589
2021-05-14 09:29:25,912.5,1411681
2021-05-14 09:29:26,912.8,1413883
2021-05-14 09:29:27,912.4,1418257
2021-05-14 09:29:28,912.55,1419836
2021-05-14 09:29:29,912.5,1421291
2021-05-14 09:29:30,912.5,1422212
2021-05-14 09:29:31,912.0,1427623
2021-05-14 09:29:31,912.15,1428742
2021-05-14 09:29:32,912.05,1429782
2021-05-14 09:29:33,912.05,1432357
2021-05-14 09:29:35,912.55,1433630
2021-05-14 09:29:36,912.35,1434815
2021-05-14 09:29:37,912.75,1436125
2021-05-14 09:29:38,912.75,1436644
2021-05-14 09:29:39,912.5,1437060
2021-05-14 09:29:40,912.5,1438527
2021-05-14 09:29:41,912.75,1444975
2021-05-14 09:29:42,912.7,1445807
2021-05-14 09:29:43,913.0,1447150
2021-05-14 09:29:44,913.0,1451878
2021-05-14 09:29:45,913.0,1453948
2021-05-14 09:29:46,913.0,1455126
2021-05-14 09:29:47,913.15,1459374
2021-05-14 09:29:48,913.5,1461799
2021-05-14 09:29:49,913.5,1464682
2021-05-14 09:29:52,913.15,1470199
2021-05-14 09:29:53,913.15,1470496
2021-05-14 09:29:54,913.5,1473981
2021-05-14 09:29:55,913.5,1474806
2021-05-14 09:29:56,913.5,1477339
2021-05-14 09:29:57,913.65,1477960
2021-05-14 09:29:58,913.7,1479284
2021-05-14 09:30:00,913.5,1480634
2021-05-14 09:30:00,913.7,1481556
2021-05-14 09:30:01,914.0,1483115
2021-05-14 09:30:03,914.05,1508019
2021-05-14 09:30:04,913.5,1509354
2021-05-14 09:30:05,914.1,1511742
2021-05-14 09:30:06,913.85,1516422
2021-05-14 09:30:07,914.05,1518105
2021-05-14 09:30:08,913.5,1520201
2021-05-14 09:30:09,913.7,1522979
2021-05-14 09:30:10,913.75,1536265
2021-05-14 09:30:11,913.75,1537914
2021-05-14 09:30:12,913.6,1541807
2021-05-14 09:30:13,913.85,1542444
2021-05-14 09:30:14,914.0,1543634
2021-05-14 09:30:15,913.6,1544703
2021-05-14 09:30:16,913.7,1546224
2021-05-14 09:30:17,913.6,1552778
2021-05-14 09:30:19,914.25,1555785
2021-05-14 09:30:20,914.4,1557329
2021-05-14 09:30:21,914.4,1557798
2021-05-14 09:30:22,914.0,1560392
2021-05-14 09:30:23,914.1,1563803
2021-05-14 09:30:24,913.55,1569084
2021-05-14 09:30:25,914.0,1570547
2021-05-14 09:30:26,914.0,1572795
2021-05-14 09:30:27,914.2,1574607
2021-05-14 09:30:28,914.1,1576836
2021-05-14 09:30:29,914.05,1578047
2021-05-14 09:30:30,914.1,1583504
2021-05-14 09:30:31,914.4,1584949
2021-05-14 09:30:32,914.5,1588938
2021-05-14 09:30:33,914.05,1589837
2021-05-14 09:30:34,914.35,1590274
2021-05-14 09:30:35,914.3,1590823
2021-05-14 09:30:36,914.5,1593081
2021-05-14 09:30:37,914.4,1594870
2021-05-14 09:30:38,914.5,1597375
2021-05-14 09:30:39,914.2,1598657
2021-05-14 09:30:40,914.2,1600437
2021-05-14 09:30:41,914.65,1600760
2021-05-14 09:30:42,914.95,1606418
2021-05-14 09:30:43,914.9,1607026
2021-05-14 09:30:44,914.6,1611586
2021-05-14 09:30:45,915.35,1641907
2021-05-14 09:30:46,915.4,1645741
2021-05-14 09:30:47,915.55,1646554
2021-05-14 09:30:48,915.5,1648318
2021-05-14 09:30:49,916.0,1654122
2021-05-14 09:30:50,915.65,1655292
2021-05-14 09:30:51,916.0,1661224
2021-05-14 09:30:52,915.75,1670005
2021-05-14 09:30:53,916.0,1672743
2021-05-14 09:30:55,916.0,1680582
2021-05-14 09:30:56,915.95,1683810
2021-05-14 09:30:57,916.0,1684580
2021-05-14 09:30:58,916.0,1686167
2021-05-14 09:30:59,915.9,1688278
2021-05-14 09:31:00,915.9,1691715
2021-05-14 09:31:01,916.2,1694686
2021-05-14 09:31:02,915.95,1696032
2021-05-14 09:31:03,916.35,1698654
2021-05-14 09:31:04,916.4,1702321
2021-05-14 09:31:05,916.05,1705214
2021-05-14 09:31:06,915.9,1708865
2021-05-14 09:31:07,916.1,1710621
2021-05-14 09:31:09,916.5,1717163
2021-05-14 09:31:10,916.6,1722042
2021-05-14 09:31:11,916.6,1725334
2021-05-14 09:31:12,916.6,1726778
2021-05-14 09:31:13,916.5,1731494
2021-05-14 09:31:15,917.0,1735078
2021-05-14 09:31:16,916.7,1738494
2021-05-14 09:31:17,916.7,1742729
2021-05-14 09:31:18,916.7,1744245
2021-05-14 09:31:19,917.0,1747464
2021-05-14 09:31:20,917.0,1747576
2021-05-14 09:31:21,916.95,1752659
2021-05-14 09:31:22,916.6,1755988
2021-05-14 09:31:23,916.95,1757813
2021-05-14 09:31:24,916.9,1760736
2021-05-14 09:31:25,916.55,1766221
2021-05-14 09:31:26,916.6,1769292
2021-05-14 09:31:27,916.55,1774818
2021-05-14 09:31:28,916.6,1776977
2021-05-14 09:31:29,916.2,1780943
2021-05-14 09:31:30,916.2,1783151
2021-05-14 09:31:31,916.4,1784054
2021-05-14 09:31:32,916.5,1785382
2021-05-14 09:31:33,916.05,1786228
2021-05-14 09:31:35,915.1,1816102
2021-05-14 09:31:36,914.8,1847486
2021-05-14 09:31:37,914.65,1848466
2021-05-14 09:31:38,915.45,1852761
2021-05-14 09:31:39,915.3,1856527
2021-05-14 09:31:40,916.0,1859714
2021-05-14 09:31:41,916.0,1861259
2021-05-14 09:31:42,914.75,1874478
2021-05-14 09:31:43,915.2,1880249
2021-05-14 09:31:44,915.55,1881788
2021-05-14 09:31:45,915.45,1883239
2021-05-14 09:31:46,915.5,1885007
2021-05-14 09:31:47,915.75,1885850
2021-05-14 09:31:48,915.15,1887523
2021-05-14 09:31:49,915.5,1890915
2021-05-14 09:31:50,915.4,1891963
2021-05-14 09:31:51,915.45,1897105
2021-05-14 09:31:52,915.05,1898933
2021-05-14 09:31:53,915.4,1903509
2021-05-14 09:31:54,915.2,1905354
2021-05-14 09:31:55,915.5,1906893
2021-05-14 09:31:56,915.5,1908203
2021-05-14 09:31:57,915.45,1914292
2021-05-14 09:31:58,916.0,1918721
2021-05-14 09:31:59,915.7,1921366
2021-05-14 09:32:00,915.6,1922974
2021-05-14 09:32:01,916.0,1926855
2021-05-14 09:32:02,916.0,1928793
2021-05-14 09:32:03,916.0,1930679
2021-05-14 09:32:04,916.0,1932201
2021-05-14 09:32:05,915.9,1937456
2021-05-14 09:32:06,916.15,1939298
2021-05-14 09:32:07,916.0,1946165
2021-05-14 09:32:08,915.35,1954941
2021-05-14 09:32:09,915.65,1956053
2021-05-14 09:32:10,915.65,1962916
2021-05-14 09:32:11,915.35,1977193
2021-05-14 09:32:12,915.65,1984294
2021-05-14 09:32:13,915.7,1987493
2021-05-14 09:32:14,915.25,1994620
2021-05-14 09:32:15,915.5,1996175
2021-05-14 09:32:16,915.45,1996706
2021-05-14 09:32:17,915.5,1997161
2021-05-14 09:32:18,915.9,2000064
2021-05-14 09:32:19,915.9,2003688
2021-05-14 09:32:20,915.5,2007716
2021-05-14 09:32:21,915.7,2013141
2021-05-14 09:32:22,915.05,2015749
2021-05-14 09:32:23,915.5,2019659
2021-05-14 09:32:24,915.25,2022344
2021-05-14 09:32:26,915.5,2025759
2021-05-14 09:32:26,915.55,2025614
2021-05-14 09:32:27,915.6,2027105
2021-05-14 09:32:28,915.35,2039926
2021-05-14 09:32:29,915.5,2041503
2021-05-14 09:32:30,915.55,2042804
2021-05-14 09:32:31,915.75,2045655
2021-05-14 09:32:33,915.5,2050726
2021-05-14 09:32:34,915.45,2052701
2021-05-14 09:32:35,915.2,2054834
2021-05-14 09:32:36,915.5,2056324
2021-05-14 09:32:37,915.55,2058269
2021-05-14 09:32:38,915.45,2058908
2021-05-14 09:32:39,915.45,2065445
2021-05-14 09:32:41,915.05,2067895
2021-05-14 09:32:41,915.45,2067945
2021-05-14 09:32:42,915.05,2070957
2021-05-14 09:32:43,915.5,2077121
2021-05-14 09:32:44,915.2,2079348
2021-05-14 09:32:45,915.45,2081067
2021-05-14 09:32:47,915.45,2090097
2021-05-14 09:32:47,915.85,2090098
2021-05-14 09:32:48,915.8,2091551
2021-05-14 09:32:49,915.2,2093823
2021-05-14 09:32:50,915.65,2094735
2021-05-14 09:32:52,915.9,2096082
2021-05-14 09:32:52,915.85,2095870
2021-05-14 09:32:53,915.5,2099676
2021-05-14 09:32:54,915.85,2100790
2021-05-14 09:32:55,915.4,2101508
2021-05-14 09:32:57,915.6,2105009
2021-05-14 09:32:57,915.6,2105009
2021-05-14 09:32:58,915.65,2105636
2021-05-14 09:32:59,915.6,2109248
2021-05-14 09:33:00,915.9,2111214
2021-05-14 09:33:01,915.9,2112385
2021-05-14 09:33:03,915.95,2117159
2021-05-14 09:33:04,915.5,2118262
2021-05-14 09:33:05,915.85,2120407
2021-05-14 09:33:06,915.9,2122640
2021-05-14 09:33:08,915.5,2124721
2021-05-14 09:33:09,915.5,2130383
2021-05-14 09:33:10,915.35,2134765
2021-05-14 09:33:11,915.7,2136119
2021-05-14 09:33:13,915.4,2138304
2021-05-14 09:33:13,915.4,2138479
2021-05-14 09:33:14,915.6,2139425
2021-05-14 09:33:15,914.85,2152564
2021-05-14 09:33:20,913.8,2173667
2021-05-14 09:33:21,913.9,2175062
2021-05-14 09:33:21,913.8,2175222
2021-05-14 09:33:22,913.6,2177240
2021-05-14 09:33:23,912.75,2183405
2021-05-14 09:33:24,912.95,2184413
2021-05-14 09:33:25,912.55,2189022
2021-05-14 09:33:27,911.2,2195515
2021-05-14 09:33:27,911.65,2195688
2021-05-14 09:33:28,911.05,2199734
2021-05-14 09:33:29,911.0,2205319
2021-05-14 09:33:30,911.05,2207986
2021-05-14 09:33:32,911.25,2211393
2021-05-14 09:33:32,911.65,2211495
2021-05-14 09:33:33,911.7,2213957
2021-05-14 09:33:36,911.0,2219207
2021-05-14 09:33:38,911.3,2221098
2021-05-14 09:33:38,911.5,2221323
2021-05-14 09:33:39,911.05,2222398
2021-05-14 09:33:41,911.15,2229281
2021-05-14 09:33:42,911.65,2231629
2021-05-14 09:33:44,911.95,2236215
2021-05-14 09:33:44,911.4,2236315
2021-05-14 09:33:45,911.4,2236868
2021-05-14 09:33:46,912.3,2238798
2021-05-14 09:33:47,912.55,2241716
2021-05-14 09:33:49,912.4,2242636
2021-05-14 09:33:49,912.4,2242696
2021-05-14 09:33:50,912.55,2244080
2021-05-14 09:33:51,912.65,2244516
2021-05-14 09:33:52,912.9,2245797
2021-05-14 09:33:53,912.55,2247979
2021-05-14 09:33:55,912.75,2249128
2021-05-14 09:33:55,913.3,2249123
2021-05-14 09:33:56,912.2,2253335
2021-05-14 09:33:57,912.4,2254885
2021-05-14 09:33:58,912.55,2258062
2021-05-14 09:34:00,912.8,2259761
2021-05-14 09:34:00,912.35,2258997
2021-05-14 09:34:01,913.05,2260736
2021-05-14 09:34:02,912.9,2262806
2021-05-14 09:34:03,913.65,2263635
2021-05-14 09:34:05,913.05,2268090
2021-05-14 09:34:05,912.4,2268390
2021-05-14 09:34:06,912.6,2271178
2021-05-14 09:34:08,912.6,2273187
2021-05-14 09:34:10,912.6,2273533
2021-05-14 09:34:10,912.6,2273550
2021-05-14 09:34:11,912.6,2276380
2021-05-14 09:34:13,912.5,2280548
2021-05-14 09:34:15,912.1,2281116
2021-05-14 09:34:15,912.05,2281569
2021-05-14 09:34:16,912.2,2282382
2021-05-14 09:34:17,912.4,2284797
2021-05-14 09:34:18,912.6,2285738
2021-05-14 09:34:20,912.0,2287966
2021-05-14 09:34:20,912.45,2288121
2021-05-14 09:34:21,912.6,2290099
2021-05-14 09:34:22,912.6,2291099
2021-05-14 09:34:25,912.85,2293105
2021-05-14 09:34:25,912.85,2293205
2021-05-14 09:34:26,912.9,2300646
2021-05-14 09:34:27,912.7,2301582
2021-05-14 09:34:29,913.2,2302143
2021-05-14 09:34:30,913.25,2303694
2021-05-14 09:34:30,913.0,2303774
2021-05-14 09:34:31,913.5,2304545
2021-05-14 09:34:32,913.9,2306637
2021-05-14 09:34:34,914.05,2310795
2021-05-14 09:34:35,914.05,2311317
2021-05-14 09:34:35,913.6,2312270
2021-05-14 09:34:36,914.5,2314222
2021-05-14 09:34:37,914.0,2316087
2021-05-14 09:34:39,914.5,2317216
2021-05-14 09:34:40,914.6,2318341
2021-05-14 09:34:40,914.55,2319353
2021-05-14 09:34:41,914.6,2320099
2021-05-14 09:34:42,914.05,2323625
2021-05-14 09:34:45,914.5,2328134
2021-05-14 09:34:45,914.5,2328344
2021-05-14 09:34:46,914.1,2330574
2021-05-14 09:34:47,913.6,2366395
2021-05-14 09:34:49,913.45,2367737
2021-05-14 09:34:50,913.65,2368753
2021-05-14 09:34:50,913.65,2368793
2021-05-14 09:34:51,914.05,2370230
2021-05-14 09:34:52,913.85,2373549
2021-05-14 09:34:54,914.15,2374814
2021-05-14 09:34:55,914.5,2375841
2021-05-14 09:34:55,914.55,2376192
2021-05-14 09:34:56,914.5,2379388
2021-05-14 09:34:57,914.05,2380764
2021-05-14 09:34:59,913.9,2384801
2021-05-14 09:35:00,913.8,2386736
2021-05-14 09:35:00,913.8,2387078
2021-05-14 09:35:01,913.8,2388640
2021-05-14 09:35:02,913.7,2390390
2021-05-14 09:35:04,914.05,2392854
2021-05-14 09:35:05,914.45,2394879
2021-05-14 09:35:06,914.45,2395524
2021-05-14 09:35:07,914.6,2396611
2021-05-14 09:35:09,914.0,2400470
2021-05-14 09:35:10,914.4,2403535
2021-05-14 09:35:10,914.75,2404195
2021-05-14 09:35:11,914.5,2408040
2021-05-14 09:35:12,914.95,2409616
2021-05-14 09:35:14,914.6,2410955
2021-05-14 09:35:15,914.45,2413192
2021-05-14 09:35:16,915.0,2414880
2021-05-14 09:35:17,915.0,2416463
2021-05-14 09:35:19,915.15,2424581
2021-05-14 09:35:20,915.3,2426789
2021-05-14 09:35:20,915.3,2427041
2021-05-14 09:35:21,914.95,2430121
2021-05-14 09:35:22,915.3,2431468
2021-05-14 09:35:24,915.4,2434148
2021-05-14 09:35:25,915.6,2436610
2021-05-14 09:35:25,915.6,2436713
2021-05-14 09:35:26,915.55,2437483
2021-05-14 09:35:27,915.9,2439830
2021-05-14 09:35:29,915.2,2444273
2021-05-14 09:35:30,915.4,2446640
2021-05-14 09:35:30,915.25,2445795
2021-05-14 09:35:31,915.3,2447923
2021-05-14 09:35:32,915.5,2448752
2021-05-14 09:35:34,914.95,2457519
2021-05-14 09:35:35,915.3,2460428
2021-05-14 09:35:35,915.35,2461280
2021-05-14 09:35:36,914.85,2463249
2021-05-14 09:35:37,915.15,2466990
2021-05-14 09:35:38,915.4,2468823
2021-05-14 09:35:40,915.5,2469758
2021-05-14 09:35:41,914.8,2474870
2021-05-14 09:35:41,914.8,2474449
2021-05-14 09:35:42,914.9,2477409
2021-05-14 09:35:43,915.25,2478838
2021-05-14 09:35:45,914.9,2481060
2021-05-14 09:35:46,915.0,2481650
2021-05-14 09:35:47,914.65,2485152
2021-05-14 09:35:48,914.8,2486568
2021-05-14 09:35:50,915.05,2490654
2021-05-14 09:35:51,915.35,2492356
2021-05-14 09:35:52,915.3,2493439
2021-05-14 09:35:53,915.2,2494170
2021-05-14 09:35:55,914.4,2498164
2021-05-14 09:35:56,914.4,2499947
2021-05-14 09:35:56,914.55,2500168
2021-05-14 09:35:57,914.05,2510571
2021-05-14 09:35:58,913.7,2514184
2021-05-14 09:36:00,913.65,2515443
2021-05-14 09:36:01,914.0,2516909
2021-05-14 09:36:01,914.1,2517340
2021-05-14 09:36:02,914.0,2518790
2021-05-14 09:36:03,913.5,2521523
2021-05-14 09:36:04,913.55,2523728
2021-05-14 09:36:05,914.0,2524954
2021-05-14 09:36:07,914.0,2527083
2021-05-14 09:36:08,914.1,2527602
2021-05-14 09:36:09,914.0,2528886
2021-05-14 09:36:10,913.6,2529874
2021-05-14 09:36:12,914.6,2533207
2021-05-14 09:36:13,914.55,2536077
2021-05-14 09:36:14,914.55,2537048
2021-05-14 09:36:14,914.55,2537149
2021-05-14 09:36:17,914.15,2543541
2021-05-14 09:36:19,914.15,2544166
2021-05-14 09:36:20,914.6,2544702
2021-05-14 09:36:21,914.8,2545560
2021-05-14 09:36:21,914.8,2545635
2021-05-14 09:36:23,914.9,2547883
2021-05-14 09:36:25,914.45,2548386
2021-05-14 09:36:26,915.0,2550076
2021-05-14 09:36:27,915.0,2550424
2021-05-14 09:36:27,915.0,2550739
2021-05-14 09:36:28,914.8,2551325
2021-05-14 09:36:29,914.4,2552518
2021-05-14 09:36:31,914.45,2556853
2021-05-14 09:36:32,914.5,2559232
2021-05-14 09:36:33,914.55,2560424
2021-05-14 09:36:34,913.8,2570647
2021-05-14 09:36:35,913.25,2624904
2021-05-14 09:36:35,913.35,2624843
2021-05-14 09:36:36,913.55,2628280
2021-05-14 09:36:38,913.4,2629649
2021-05-14 09:36:40,913.6,2633449
2021-05-14 09:36:40,913.6,2635914
2021-05-14 09:36:41,913.4,2636675
2021-05-14 09:36:42,913.25,2637952
2021-05-14 09:36:43,913.6,2641598
2021-05-14 09:36:45,913.65,2641866
2021-05-14 09:36:45,913.05,2644020
2021-05-14 09:36:47,914.0,2646649
2021-05-14 09:36:48,913.3,2647883
2021-05-14 09:36:49,913.65,2648234
2021-05-14 09:36:50,914.05,2650223
2021-05-14 09:36:51,914.0,2658949
2021-05-14 09:36:52,914.1,2659500
2021-05-14 09:36:55,913.85,2663289
2021-05-14 09:36:56,913.95,2663789
2021-05-14 09:36:57,913.75,2664386
2021-05-14 09:36:58,913.95,2665323
2021-05-14 09:36:59,914.0,2665735
2021-05-14 09:37:00,914.2,2666956
2021-05-14 09:37:01,914.05,2667322
2021-05-14 09:37:02,914.3,2668174
2021-05-14 09:37:03,913.95,2668330
2021-05-14 09:37:04,914.5,2668580
2021-05-14 09:37:05,914.2,2670052
2021-05-14 09:37:06,913.85,2670405
2021-05-14 09:37:06,913.85,2670405
2021-05-14 09:37:07,914.4,2671134
2021-05-14 09:37:08,914.4,2671868
2021-05-14 09:37:09,914.8,2672660
2021-05-14 09:37:10,914.4,2673389
2021-05-14 09:37:11,914.3,2675190
2021-05-14 09:37:12,914.5,2675233
2021-05-14 09:37:14,914.45,2675802
2021-05-14 09:37:15,914.5,2676012
2021-05-14 09:37:17,915.0,2677905
2021-05-14 09:37:20,913.85,2683144
2021-05-14 09:37:21,913.95,2683611
2021-05-14 09:37:21,913.95,2683611
2021-05-14 09:37:22,914.4,2684632
2021-05-14 09:37:23,914.4,2685821
2021-05-14 09:37:24,914.5,2686332
2021-05-14 09:37:25,914.5,2686846
2021-05-14 09:37:27,914.95,2688729
2021-05-14 09:37:28,914.95,2689284
2021-05-14 09:37:29,914.55,2689449
2021-05-14 09:37:32,914.5,2692518
2021-05-14 09:37:32,914.95,2692488
2021-05-14 09:37:33,914.95,2692919
2021-05-14 09:37:34,914.85,2693153
2021-05-14 09:37:35,914.55,2693402
2021-05-14 09:37:36,915.0,2693673
2021-05-14 09:37:37,914.9,2694336
2021-05-14 09:37:38,915.0,2695779
2021-05-14 09:37:40,915.0,2696142
2021-05-14 09:37:40,915.0,2697558
2021-05-14 09:37:41,915.0,2697838
2021-05-14 09:37:42,914.8,2699502
2021-05-14 09:37:44,915.0,2699819
2021-05-14 09:37:45,915.0,2703877
2021-05-14 09:37:45,915.0,2704123
2021-05-14 09:37:47,914.95,2705178
2021-05-14 09:37:48,914.85,2706209
2021-05-14 09:37:50,915.0,2707043
2021-05-14 09:37:49,915.0,2706871
2021-05-14 09:37:51,914.95,2707325
2021-05-14 09:37:52,915.0,2709484
2021-05-14 09:37:53,915.0,2710131
2021-05-14 09:37:54,915.1,2714439
2021-05-14 09:37:55,915.15,2714922
2021-05-14 09:37:56,915.35,2715575
2021-05-14 09:37:57,915.25,2721222
2021-05-14 09:37:58,915.3,2723057
2021-05-14 09:37:59,915.9,2723784
2021-05-14 09:38:00,915.9,2723867
2021-05-14 09:38:01,915.55,2724364
2021-05-14 09:38:02,915.55,2724693
2021-05-14 09:38:03,915.55,2725282
2021-05-14 09:38:04,915.9,2726111
2021-05-14 09:38:05,915.9,2727736
2021-05-14 09:38:07,916.45,2753179
2021-05-14 09:38:08,916.3,2756363
2021-05-14 09:38:10,916.4,2759744
2021-05-14 09:38:10,916.4,2761319
2021-05-14 09:38:11,916.4,2765539
2021-05-14 09:38:13,916.4,2767486
2021-05-14 09:38:14,916.8,2770310
2021-05-14 09:38:15,916.5,2771837
2021-05-14 09:38:16,916.75,2773847
2021-05-14 09:38:17,916.75,2781563
2021-05-14 09:38:18,917.0,2782105
2021-05-14 09:38:18,917.0,2782105
2021-05-14 09:38:19,917.0,2784782
2021-05-14 09:38:20,917.0,2788583
2021-05-14 09:38:22,917.0,2790423
2021-05-14 09:38:23,917.0,2791370
2021-05-14 09:38:24,916.9,2792542
2021-05-14 09:38:25,917.0,2793715
2021-05-14 09:38:26,916.0,2802605
2021-05-14 09:38:26,916.1,2804270
2021-05-14 09:38:27,916.1,2804580
2021-05-14 09:38:29,916.5,2806907
2021-05-14 09:38:30,916.1,2807004
2021-05-14 09:38:31,916.1,2807579
2021-05-14 09:38:32,916.3,2809492
2021-05-14 09:38:33,916.6,2811362
2021-05-14 09:38:34,916.9,2811945
2021-05-14 09:38:34,917.0,2812295
2021-05-14 09:38:35,916.65,2813313
2021-05-14 09:38:36,916.5,2815380
2021-05-14 09:38:37,916.5,2815966
2021-05-14 09:38:38,916.6,2816571
2021-05-14 09:38:40,916.1,2818783
2021-05-14 09:38:41,916.45,2819102
2021-05-14 09:38:42,916.1,2819333
2021-05-14 09:38:43,916.5,2819873
2021-05-14 09:38:44,916.5,2820651
2021-05-14 09:38:46,916.1,2822690
2021-05-14 09:38:47,916.2,2823906
2021-05-14 09:38:48,915.55,2827575
2021-05-14 09:38:49,915.6,2830206
2021-05-14 09:38:50,915.6,2831042
2021-05-14 09:38:51,915.85,2832361
2021-05-14 09:38:52,915.9,2833303
2021-05-14 09:38:52,915.55,2833323
2021-05-14 09:38:54,915.55,2834155
2021-05-14 09:38:55,915.55,2834785
2021-05-14 09:38:56,915.8,2835489
2021-05-14 09:38:57,916.0,2837697
2021-05-14 09:38:59,915.9,2840018
2021-05-14 09:39:00,916.45,2841799
2021-05-14 09:39:01,916.45,2842124
2021-05-14 09:39:01,916.45,2842124
2021-05-14 09:39:02,915.85,2843513
2021-05-14 09:39:04,916.0,2844587
2021-05-14 09:39:05,915.85,2845882
2021-05-14 09:39:06,916.0,2846218
2021-05-14 09:39:07,916.0,2846278
2021-05-14 09:39:08,916.25,2846594
2021-05-14 09:39:09,916.2,2850020
2021-05-14 09:39:09,916.35,2850120
2021-05-14 09:39:11,915.85,2851363
2021-05-14 09:39:12,915.9,2852043
2021-05-14 09:39:13,916.5,2852819
2021-05-14 09:39:14,916.5,2853820
2021-05-14 09:39:15,916.0,2854270
2021-05-14 09:39:16,916.0,2854512
2021-05-14 09:39:17,916.45,2854752
2021-05-14 09:39:18,915.65,2859161
2021-05-14 09:39:18,915.95,2859361
2021-05-14 09:39:20,916.0,2860377
2021-05-14 09:39:21,916.2,2861188
2021-05-14 09:39:22,916.2,2861650
2021-05-14 09:39:23,916.15,2861841
2021-05-14 09:39:24,916.0,2862569
2021-05-14 09:39:25,916.25,2863676
2021-05-14 09:39:25,916.25,2863676
2021-05-14 09:39:26,916.25,2863842
2021-05-14 09:39:27,916.0,2865284
2021-05-14 09:39:29,916.4,2866311
2021-05-14 09:39:30,916.05,2866777
2021-05-14 09:39:31,916.0,2867742
2021-05-14 09:39:33,916.0,2870697
2021-05-14 09:39:34,916.0,2873243
2021-05-14 09:39:35,916.35,2873259
2021-05-14 09:39:35,916.35,2873259
2021-05-14 09:39:37,916.0,2873999
2021-05-14 09:39:38,916.4,2874596
2021-05-14 09:39:39,915.95,2876929
2021-05-14 09:39:40,915.95,2877853
2021-05-14 09:39:41,915.95,2878651
2021-05-14 09:39:42,915.9,2879039
2021-05-14 09:39:43,916.0,2879898
2021-05-14 09:39:43,915.7,2880049
2021-05-14 09:39:45,915.9,2880995
2021-05-14 09:39:46,916.0,2881403
2021-05-14 09:39:47,916.35,2881618
2021-05-14 09:39:48,916.25,2881940
2021-05-14 09:39:49,916.0,2900841
2021-05-14 09:39:50,916.1,2901553
2021-05-14 09:39:52,916.35,2902827
2021-05-14 09:39:53,916.15,2904812
2021-05-14 09:39:54,916.0,2905824
2021-05-14 09:39:55,915.65,2907938
2021-05-14 09:39:56,915.55,2910717
2021-05-14 09:39:57,915.6,2911652
2021-05-14 09:39:58,916.4,2913521
2021-05-14 09:40:00,916.3,2914863
2021-05-14 09:40:01,916.4,2915511
2021-05-14 09:40:02,915.9,2915636
2021-05-14 09:40:05,916.0,2915924
2021-05-14 09:40:08,916.1,2925596
2021-05-14 09:40:09,916.1,2925860
2021-05-14 09:40:11,916.2,2928483
2021-05-14 09:40:12,916.45,2930614
2021-05-14 09:40:13,916.5,2931737
2021-05-14 09:40:14,916.5,2933571
2021-05-14 09:40:15,917.0,2934364
2021-05-14 09:40:16,917.0,2935198
2021-05-14 09:40:18,917.0,2936381
2021-05-14 09:40:19,916.9,2937131
2021-05-14 09:40:20,917.0,2938108
2021-05-14 09:40:21,917.0,2939213
2021-05-14 09:40:22,916.9,2940339
2021-05-14 09:40:23,916.9,2941243
2021-05-14 09:40:25,916.9,2942039
2021-05-14 09:40:26,916.9,2942311
2021-05-14 09:40:27,916.65,2942701
2021-05-14 09:40:28,916.9,2943748
2021-05-14 09:40:29,916.9,2944886
2021-05-14 09:40:30,917.25,2969734
2021-05-14 09:40:31,917.5,2976482
2021-05-14 09:40:32,917.6,2983261
2021-05-14 09:40:33,917.65,2988584
2021-05-14 09:40:34,917.8,2989134
2021-05-14 09:40:35,917.65,2990142
2021-05-14 09:40:36,917.5,2990840
2021-05-14 09:40:38,917.65,2992982
2021-05-14 09:40:39,917.5,2993961
2021-05-14 09:40:40,917.55,2995742
2021-05-14 09:40:41,917.3,2996609
2021-05-14 09:40:42,917.8,2999075
2021-05-14 09:40:43,917.8,2999739
2021-05-14 09:40:44,917.8,3001636
2021-05-14 09:40:45,917.75,3003287
2021-05-14 09:40:46,917.65,3007545
2021-05-14 09:40:46,917.8,3007745
2021-05-14 09:40:48,917.65,3008428
2021-05-14 09:40:49,917.35,3015639
2021-05-14 09:40:50,917.15,3015954
2021-05-14 09:40:51,917.6,3018373
2021-05-14 09:40:52,917.65,3019417
2021-05-14 09:40:53,917.75,3020017
2021-05-14 09:40:55,917.8,3022763
2021-05-14 09:40:54,917.9,3022753
2021-05-14 09:40:56,917.9,3023601
2021-05-14 09:40:57,917.8,3025006
2021-05-14 09:40:58,917.8,3027576
2021-05-14 09:40:59,917.9,3032283
2021-05-14 09:41:00,917.6,3034114
2021-05-14 09:41:01,917.9,3035484
2021-05-14 09:41:02,917.8,3035894
2021-05-14 09:41:04,917.9,3037779
2021-05-14 09:41:03,917.9,3037779
2021-05-14 09:41:08,918.0,3075937
2021-05-14 09:41:09,917.9,3076324
2021-05-14 09:41:10,918.1,3101942
2021-05-14 09:41:11,918.5,3102468
2021-05-14 09:41:12,918.45,3104041
2021-05-14 09:41:13,918.9,3143018
2021-05-14 09:41:14,918.95,3145823
2021-05-14 09:41:15,919.2,3147942
2021-05-14 09:41:16,919.5,3152208
2021-05-14 09:41:17,919.45,3154075
2021-05-14 09:41:18,919.45,3157695
2021-05-14 09:41:19,919.5,3165671
2021-05-14 09:41:20,919.0,3167133
2021-05-14 09:41:21,919.1,3171949
2021-05-14 09:41:22,919.1,3173306
2021-05-14 09:41:23,918.6,3175547
2021-05-14 09:41:24,918.6,3176406
2021-05-14 09:41:25,919.0,3178189
2021-05-14 09:41:26,919.0,3182259
2021-05-14 09:41:27,919.1,3183141
2021-05-14 09:41:28,919.5,3185364
2021-05-14 09:41:29,919.05,3187599
2021-05-14 09:41:30,919.0,3191782
2021-05-14 09:41:31,919.4,3194471
2021-05-14 09:41:32,919.1,3196452
2021-05-14 09:41:33,919.1,3196452
2021-05-14 09:41:34,919.15,3197972
2021-05-14 09:41:35,919.15,3199423
2021-05-14 09:41:36,919.15,3202559
2021-05-14 09:41:37,919.45,3203309
2021-05-14 09:41:38,919.15,3205281
2021-05-14 09:41:40,919.15,3208743
2021-05-14 09:41:42,919.15,3213954
2021-05-14 09:41:43,919.35,3215506
2021-05-14 09:41:44,919.0,3216673
2021-05-14 09:41:45,919.05,3217248
2021-05-14 09:41:46,919.45,3219051
2021-05-14 09:41:47,919.5,3220231
2021-05-14 09:41:48,919.15,3223867
2021-05-14 09:41:49,919.05,3225299
2021-05-14 09:41:50,919.05,3226142
2021-05-14 09:41:51,919.0,3228151
2021-05-14 09:41:52,919.45,3229002
2021-05-14 09:41:53,919.0,3232824
2021-05-14 09:41:54,919.5,3233540
2021-05-14 09:41:55,919.15,3234432
2021-05-14 09:41:56,919.45,3234932
2021-05-14 09:41:57,918.85,3239081
2021-05-14 09:41:58,919.0,3240431
2021-05-14 09:41:59,919.0,3240982
2021-05-14 09:42:00,919.5,3247128
2021-05-14 09:42:01,920.0,3265598
2021-05-14 09:42:02,920.0,3288536
2021-05-14 09:42:03,919.9,3292091
2021-05-14 09:42:04,919.9,3293611
2021-05-14 09:42:05,919.9,3295413
2021-05-14 09:42:06,919.9,3298696
2021-05-14 09:42:07,920.0,3300948
2021-05-14 09:42:08,920.0,3302434
2021-05-14 09:42:10,919.95,3319102
2021-05-14 09:42:11,919.95,3322561
2021-05-14 09:42:13,919.95,3325597
2021-05-14 09:42:14,920.0,3329769
2021-05-14 09:42:15,920.0,3334902
2021-05-14 09:42:16,920.55,3350871
2021-05-14 09:42:17,920.35,3352674
2021-05-14 09:42:18,920.35,3353855
2021-05-14 09:42:19,920.5,3355961
2021-05-14 09:42:20,920.35,3357938
2021-05-14 09:42:21,920.75,3359988
2021-05-14 09:42:22,920.4,3360637
2021-05-14 09:42:23,920.5,3363632
2021-05-14 09:42:24,920.5,3364560
2021-05-14 09:42:25,920.5,3366701
2021-05-14 09:42:26,921.0,3368001
2021-05-14 09:42:28,921.0,3372175
2021-05-14 09:42:29,921.0,3374330
2021-05-14 09:42:30,921.0,3374330
2021-05-14 09:42:31,921.0,3377541
2021-05-14 09:42:32,921.0,3378635
2021-05-14 09:42:33,920.95,3380642
2021-05-14 09:42:34,921.0,3381779
2021-05-14 09:42:35,920.95,3385786
2021-05-14 09:42:36,920.6,3388690
2021-05-14 09:42:37,920.4,3390271
2021-05-14 09:42:39,919.2,3418184
2021-05-14 09:42:40,919.15,3419339
2021-05-14 09:42:41,919.95,3419710
2021-05-14 09:42:42,919.9,3421833
2021-05-14 09:42:43,919.8,3423793
2021-05-14 09:42:44,919.85,3426374
2021-05-14 09:42:45,920.55,3427675
2021-05-14 09:42:46,920.2,3428739
2021-05-14 09:42:47,920.65,3430664
2021-05-14 09:42:48,920.25,3431527
2021-05-14 09:42:49,920.8,3432576
2021-05-14 09:42:50,920.3,3434238
2021-05-14 09:42:51,920.5,3435090
2021-05-14 09:42:52,920.55,3436501
2021-05-14 09:42:53,920.3,3438616
2021-05-14 09:42:54,920.15,3439939
2021-05-14 09:42:55,920.15,3442794
2021-05-14 09:42:56,920.15,3443671
2021-05-14 09:42:58,920.0,3455718
2021-05-14 09:42:59,920.0,3456588
2021-05-14 09:42:59,920.15,3456638
2021-05-14 09:43:00,920.45,3458185
2021-05-14 09:43:01,920.3,3459344
2021-05-14 09:43:02,920.0,3461518
2021-05-14 09:43:03,920.0,3462274
2021-05-14 09:43:04,920.3,3463872
2021-05-14 09:43:05,920.0,3464769
2021-05-14 09:43:06,919.75,3466515
2021-05-14 09:43:07,919.8,3466952
2021-05-14 09:43:08,920.0,3467750
2021-05-14 09:43:09,919.8,3468321
2021-05-14 09:43:10,919.85,3469087
2021-05-14 09:43:11,919.9,3469687
2021-05-14 09:43:12,919.95,3470252
2021-05-14 09:43:13,919.85,3473152
2021-05-14 09:43:14,919.65,3473870
2021-05-14 09:43:15,919.5,3488543
2021-05-14 09:43:16,919.05,3490924
2021-05-14 09:43:17,919.25,3492081
2021-05-14 09:43:18,919.25,3492530
2021-05-14 09:43:19,919.05,3498208
2021-05-14 09:43:20,919.0,3500271
2021-05-14 09:43:21,918.7,3501249
2021-05-14 09:43:23,918.55,3505655
2021-05-14 09:43:23,919.0,3505570
2021-05-14 09:43:24,918.55,3506945
2021-05-14 09:43:25,918.15,3514801
2021-05-14 09:43:26,918.3,3516102
2021-05-14 09:43:27,918.3,3519375
2021-05-14 09:43:28,918.5,3521956
2021-05-14 09:43:29,918.3,3523157
2021-05-14 09:43:30,918.15,3524084
2021-05-14 09:43:31,918.0,3526492
2021-05-14 09:43:32,918.3,3527156
2021-05-14 09:43:33,918.05,3529372
2021-05-14 09:43:35,917.85,3531184
2021-05-14 09:43:36,918.0,3533327
2021-05-14 09:43:36,917.85,3533377
2021-05-14 09:43:37,917.7,3534837
2021-05-14 09:43:38,917.65,3536373
2021-05-14 09:43:39,917.65,3537076
2021-05-14 09:43:40,918.0,3537842
2021-05-14 09:43:41,917.65,3539143
2021-05-14 09:43:42,917.85,3539919
2021-05-14 09:43:43,917.6,3542447
2021-05-14 09:43:44,917.8,3543860
2021-05-14 09:43:45,917.3,3547453
2021-05-14 09:43:46,917.65,3548056
2021-05-14 09:43:47,917.75,3549172
2021-05-14 09:43:48,917.6,3549616
2021-05-14 09:43:50,917.75,3550441
2021-05-14 09:43:51,917.75,3550999
2021-05-14 09:43:52,918.1,3554344
2021-05-14 09:43:53,918.0,3554916
2021-05-14 09:43:54,918.25,3557286
2021-05-14 09:43:56,918.05,3557773
2021-05-14 09:43:56,918.3,3557892
2021-05-14 09:43:57,917.75,3563222
2021-05-14 09:43:58,918.0,3563674
2021-05-14 09:43:59,917.3,3571492
2021-05-14 09:44:00,917.7,3572219
2021-05-14 09:44:01,917.65,3572639
2021-05-14 09:44:02,917.55,3574203
2021-05-14 09:44:03,917.9,3576133
2021-05-14 09:44:04,917.75,3576623
2021-05-14 09:44:06,918.05,3579998
2021-05-14 09:44:07,918.05,3580317
2021-05-14 09:44:08,918.05,3581572
2021-05-14 09:44:09,918.3,3582209
2021-05-14 09:44:10,918.3,3582923
2021-05-14 09:44:11,918.35,3585299
2021-05-14 09:44:11,918.35,3585321
2021-05-14 09:44:12,918.35,3585621
2021-05-14 09:44:13,918.25,3586754
2021-05-14 09:44:14,918.25,3587786
2021-05-14 09:44:15,918.25,3588479
2021-05-14 09:44:16,918.05,3589145
2021-05-14 09:44:18,918.3,3589834
2021-05-14 09:44:19,917.65,3593832
2021-05-14 09:44:20,917.7,3594710
2021-05-14 09:44:21,917.7,3595264
2021-05-14 09:44:22,918.0,3595672
2021-05-14 09:44:23,918.0,3596692
2021-05-14 09:44:24,918.0,3597160
2021-05-14 09:44:25,918.0,3598390
2021-05-14 09:44:26,918.1,3599172
2021-05-14 09:44:26,917.75,3598646
2021-05-14 09:44:27,918.0,3600590
2021-05-14 09:44:28,918.0,3600914
2021-05-14 09:44:29,917.7,3601905
2021-05-14 09:44:30,918.0,3603106
2021-05-14 09:44:31,917.55,3605075
2021-05-14 09:44:32,917.5,3605761
2021-05-14 09:44:33,917.5,3605953
2021-05-14 09:44:34,917.3,3621974
2021-05-14 09:44:35,917.0,3622714
2021-05-14 09:44:36,917.0,3623814
2021-05-14 09:44:37,917.4,3624099
2021-05-14 09:44:38,917.0,3624588
2021-05-14 09:44:40,917.35,3625256
2021-05-14 09:44:41,917.0,3625760
2021-05-14 09:44:42,915.0,3686963
2021-05-14 09:44:43,915.0,3689570
2021-05-14 09:44:44,915.35,3693173
2021-05-14 09:44:45,915.6,3694931
2021-05-14 09:44:45,915.3,3694561
2021-05-14 09:44:46,915.35,3695355
2021-05-14 09:44:47,915.4,3696345
2021-05-14 09:44:48,915.9,3697590
2021-05-14 09:44:49,915.6,3698693
2021-05-14 09:44:50,916.0,3699573
2021-05-14 09:44:51,915.75,3700037
2021-05-14 09:44:52,915.85,3700751
2021-05-14 09:44:53,916.3,3702564
2021-05-14 09:44:54,916.3,3703876
2021-05-14 09:44:55,916.1,3704461
2021-05-14 09:44:56,916.1,3705979
2021-05-14 09:44:57,916.35,3706577
2021-05-14 09:44:58,916.35,3707660
2021-05-14 09:45:00,916.35,3709235
2021-05-14 09:45:01,916.3,3710163
2021-05-14 09:45:03,916.3,3716634
2021-05-14 09:45:05,916.35,3717631
2021-05-14 09:45:06,916.15,3719306
2021-05-14 09:45:06,916.35,3721527
2021-05-14 09:45:07,915.6,3723199
2021-05-14 09:45:08,916.1,3723809
2021-05-14 09:45:09,916.1,3725566
2021-05-14 09:45:10,916.0,3725862
2021-05-14 09:45:11,916.3,3728153
2021-05-14 09:45:12,916.0,3728341
2021-05-14 09:45:13,916.25,3729220
2021-05-14 09:45:14,916.3,3729896
2021-05-14 09:45:15,915.9,3732621
2021-05-14 09:45:16,915.6,3733400
2021-05-14 09:45:17,915.5,3735398
2021-05-14 09:45:18,915.25,3736396
2021-05-14 09:45:19,915.35,3736832
2021-05-14 09:45:22,915.55,3739309
2021-05-14 09:45:23,915.6,3740730
2021-05-14 09:45:24,915.1,3741276
2021-05-14 09:45:25,915.5,3742063
2021-05-14 09:45:26,915.2,3742516
2021-05-14 09:45:27,915.0,3749383
2021-05-14 09:45:28,914.8,3749566
2021-05-14 09:45:29,914.2,3758100
2021-05-14 09:45:30,914.45,3759433
2021-05-14 09:45:31,914.4,3760037
2021-05-14 09:45:32,914.0,3760743
2021-05-14 09:45:33,913.95,3763019
2021-05-14 09:45:34,913.6,3764944
2021-05-14 09:45:35,914.0,3766449
2021-05-14 09:45:35,914.0,3766978
2021-05-14 09:45:36,914.15,3767557
2021-05-14 09:45:37,914.15,3769904
2021-05-14 09:45:38,913.4,3771802
2021-05-14 09:45:39,913.85,3772478
2021-05-14 09:45:40,913.4,3773097
2021-05-14 09:45:41,913.35,3775359
2021-05-14 09:45:42,913.35,3777053
2021-05-14 09:45:43,913.5,3778230
2021-05-14 09:45:44,913.6,3779761
2021-05-14 09:45:45,913.6,3780721
2021-05-14 09:45:46,914.1,3781551
2021-05-14 09:45:47,914.1,3782816
2021-05-14 09:45:48,914.0,3783304
2021-05-14 09:45:49,914.3,3784646
2021-05-14 09:45:50,914.65,3785897
2021-05-14 09:45:51,914.4,3788501
2021-05-14 09:45:53,914.8,3790274
2021-05-14 09:45:54,914.95,3791314
2021-05-14 09:45:55,915.2,3796216
2021-05-14 09:45:57,915.1,3798183
2021-05-14 09:45:58,915.4,3798469
2021-05-14 09:45:59,915.3,3799263
2021-05-14 09:46:00,915.3,3800475
2021-05-14 09:46:01,915.5,3801167
2021-05-14 09:46:02,915.45,3802749
2021-05-14 09:46:03,915.85,3805525
2021-05-14 09:46:05,915.75,3807053
2021-05-14 09:46:06,915.8,3807276
2021-05-14 09:46:07,915.4,3811709
2021-05-14 09:46:08,915.7,3815169
2021-05-14 09:46:08,915.75,3815369
2021-05-14 09:46:09,915.7,3816348
2021-05-14 09:46:10,915.55,3817421
2021-05-14 09:46:11,915.8,3817870
2021-05-14 09:46:13,916.0,3818004
2021-05-14 09:46:14,916.0,3821276
2021-05-14 09:46:14,916.0,3821295
2021-05-14 09:46:15,916.0,3822521
2021-05-14 09:46:16,915.95,3824239
2021-05-14 09:46:17,916.0,3825031
2021-05-14 09:46:18,916.3,3825142
2021-05-14 09:46:19,916.3,3825457
2021-05-14 09:46:20,916.4,3827825
2021-05-14 09:46:21,916.5,3828102
2021-05-14 09:46:23,916.2,3830569
2021-05-14 09:46:24,916.8,3832092
2021-05-14 09:46:26,916.5,3836230
2021-05-14 09:46:27,916.7,3838511
2021-05-14 09:46:28,916.8,3838858
2021-05-14 09:46:29,916.3,3838985
2021-05-14 09:46:29,916.75,3839025
2021-05-14 09:46:31,917.0,3840544
2021-05-14 09:46:32,917.0,3842021
2021-05-14 09:46:34,917.35,3843372
2021-05-14 09:46:35,917.0,3847467
2021-05-14 09:46:36,917.55,3848271
2021-05-14 09:46:38,917.5,3848922
2021-05-14 09:46:39,916.75,3856074
2021-05-14 09:46:40,916.75,3858030
2021-05-14 09:46:41,916.75,3858171
2021-05-14 09:46:42,916.8,3858939
2021-05-14 09:46:43,916.85,3859310
2021-05-14 09:46:43,916.3,3859313
2021-05-14 09:46:44,916.3,3859422
2021-05-14 09:46:45,916.4,3860245
2021-05-14 09:46:46,917.25,3863455
2021-05-14 09:46:47,916.9,3863895
2021-05-14 09:46:48,917.0,3864080
2021-05-14 09:46:49,917.1,3864801
2021-05-14 09:46:50,917.4,3865101
2021-05-14 09:46:51,917.1,3866223
2021-05-14 09:46:52,917.5,3866757
2021-05-14 09:46:53,917.6,3867455
2021-05-14 09:46:55,917.65,3867703
2021-05-14 09:46:56,917.25,3868021
2021-05-14 09:46:57,917.65,3868164
2021-05-14 09:46:57,917.7,3868179
2021-05-14 09:46:58,917.75,3868719
2021-05-14 09:46:59,917.7,3869509
2021-05-14 09:47:00,917.8,3871189
2021-05-14 09:47:02,917.8,3871949
2021-05-14 09:47:03,918.0,3873212
2021-05-14 09:47:04,917.75,3873323
2021-05-14 09:47:05,917.9,3873639
2021-05-14 09:47:06,917.3,3886279
2021-05-14 09:47:07,916.8,3886724
2021-05-14 09:47:08,917.3,3887751
2021-05-14 09:47:09,917.35,3888381
2021-05-14 09:47:09,917.35,3888381
2021-05-14 09:47:10,917.65,3888663
2021-05-14 09:47:11,917.9,3890890
2021-05-14 09:47:12,917.6,3891037
2021-05-14 09:47:13,917.7,3891658
2021-05-14 09:47:15,918.0,3892605
2021-05-14 09:47:16,917.6,3895997
2021-05-14 09:47:17,917.85,3897836
2021-05-14 09:47:18,917.35,3899115
2021-05-14 09:47:19,916.8,3900298
2021-05-14 09:47:20,917.8,3900834
2021-05-14 09:47:22,917.4,3908209
2021-05-14 09:47:23,917.15,3909229
2021-05-14 09:47:24,917.4,3909671
2021-05-14 09:47:26,917.85,3910786
2021-05-14 09:47:26,917.9,3910901
2021-05-14 09:47:27,918.0,3911525
2021-05-14 09:47:28,917.85,3911830
2021-05-14 09:47:30,918.0,3912656
2021-05-14 09:47:31,917.75,3912916
2021-05-14 09:47:32,918.0,3913823
2021-05-14 09:47:33,917.95,3914996
2021-05-14 09:47:34,917.95,3915588
2021-05-14 09:47:35,917.8,3916832
2021-05-14 09:47:36,918.0,3917387
2021-05-14 09:47:37,918.0,3917624
2021-05-14 09:47:38,917.5,3919855
2021-05-14 09:47:39,918.0,3920111
2021-05-14 09:47:40,917.9,3920299
2021-05-14 09:47:41,918.0,3920442
2021-05-14 09:47:41,918.0,3920442
2021-05-14 09:47:42,918.0,3920896
2021-05-14 09:47:45,917.5,3925781
2021-05-14 09:47:46,917.9,3926069
2021-05-14 09:47:47,917.5,3926182
2021-05-14 09:47:49,918.0,3928011
2021-05-14 09:47:49,917.65,3928006
2021-05-14 09:47:50,918.05,3929787
2021-05-14 09:47:51,917.8,3930342
2021-05-14 09:47:52,917.85,3934512
2021-05-14 09:47:53,917.85,3934923
2021-05-14 09:47:54,917.5,3937638
2021-05-14 09:47:55,918.0,3938831
2021-05-14 09:47:57,917.85,3938965
2021-05-14 09:47:58,917.95,3939144
2021-05-14 09:47:59,917.8,3939684
2021-05-14 09:48:00,917.8,3940306
2021-05-14 09:48:01,917.8,3940921
2021-05-14 09:48:02,918.0,3942172
2021-05-14 09:48:03,917.85,3942519
2021-05-14 09:48:04,918.0,3943436
2021-05-14 09:48:05,918.0,3943812
2021-05-14 09:48:06,917.85,3944160
2021-05-14 09:48:07,917.8,3944689
2021-05-14 09:48:08,917.9,3945872
2021-05-14 09:48:09,917.8,3946621
2021-05-14 09:48:10,917.8,3946896
2021-05-14 09:48:11,917.8,3947570
2021-05-14 09:48:12,917.85,3947926
2021-05-14 09:48:13,917.65,3949861
2021-05-14 09:48:14,917.95,3950153
2021-05-14 09:48:14,917.8,3950384
2021-05-14 09:48:15,918.0,3950987
2021-05-14 09:48:16,917.55,3951314
2021-05-14 09:48:17,917.55,3951614
2021-05-14 09:48:18,917.8,3951796
2021-05-14 09:48:20,918.0,3952191
2021-05-14 09:48:21,917.95,3952301
2021-05-14 09:48:22,917.95,3952419
2021-05-14 09:48:23,917.85,3953161
2021-05-14 09:48:24,918.0,3953212
2021-05-14 09:48:25,917.65,3953996
2021-05-14 09:48:26,917.7,3954066
2021-05-14 09:48:27,917.6,3959635
2021-05-14 09:48:28,917.6,3959918
2021-05-14 09:48:29,917.15,3960578
2021-05-14 09:48:30,917.7,3961088
2021-05-14 09:48:31,917.2,3961389
2021-05-14 09:48:32,917.7,3961918
2021-05-14 09:48:33,917.7,3962056
2021-05-14 09:48:34,917.3,3962716
2021-05-14 09:48:35,917.75,3962947
2021-05-14 09:48:36,917.75,3963377
2021-05-14 09:48:36,917.3,3963879
2021-05-14 09:48:37,918.0,3967799
2021-05-14 09:48:38,917.65,3967971
2021-05-14 09:48:39,918.0,3978236
2021-05-14 09:48:40,917.65,3978276
2021-05-14 09:48:41,917.65,3983817
2021-05-14 09:48:42,917.4,3983977
2021-05-14 09:48:43,917.35,3984784
2021-05-14 09:48:45,916.5,3996177
2021-05-14 09:48:46,916.5,3997488
2021-05-14 09:48:47,916.15,4009036
2021-05-14 09:48:47,916.15,4009036
2021-05-14 09:48:49,915.85,4010371
2021-05-14 09:48:50,916.0,4011090
2021-05-14 09:48:50,916.0,4011095
2021-05-14 09:48:51,916.75,4012109
2021-05-14 09:48:52,916.75,4013157
2021-05-14 09:48:54,916.4,4014367
2021-05-14 09:48:55,916.85,4014863
2021-05-14 09:48:56,916.95,4015616
2021-05-14 09:48:57,917.25,4016723
2021-05-14 09:48:58,917.25,4017103
2021-05-14 09:48:59,917.4,4017639
2021-05-14 09:49:00,917.1,4018065
2021-05-14 09:49:01,917.1,4018544
2021-05-14 09:49:02,917.1,4019637
2021-05-14 09:49:03,917.25,4020447
2021-05-14 09:49:04,917.0,4022410
2021-05-14 09:49:05,917.3,4022472
2021-05-14 09:49:06,917.2,4025360
2021-05-14 09:49:07,917.2,4025767
2021-05-14 09:49:08,917.2,4026305
2021-05-14 09:49:09,917.15,4029007
2021-05-14 09:49:10,917.0,4031009
2021-05-14 09:49:11,917.0,4032461
2021-05-14 09:49:12,917.0,4034218
2021-05-14 09:49:15,915.65,4038920
2021-05-14 09:49:17,916.1,4039795
2021-05-14 09:49:18,916.0,4042753
2021-05-14 09:49:19,916.0,4043164
2021-05-14 09:49:20,915.5,4045129
2021-05-14 09:49:20,915.5,4045029
2021-05-14 09:49:21,916.0,4047501
2021-05-14 09:49:23,917.0,4053649
2021-05-14 09:49:24,917.0,4054626
2021-05-14 09:49:25,916.5,4055701
2021-05-14 09:49:26,916.25,4057665
2021-05-14 09:49:27,916.5,4057821
2021-05-14 09:49:28,915.0,4087348
2021-05-14 09:49:29,915.85,4087784
2021-05-14 09:49:30,915.75,4087813
2021-05-14 09:49:30,915.9,4088120
2021-05-14 09:49:32,915.5,4089162
2021-05-14 09:49:33,916.0,4089423
2021-05-14 09:49:34,915.95,4089560
2021-05-14 09:49:35,916.0,4089610
2021-05-14 09:49:35,915.9,4090611
2021-05-14 09:49:36,916.0,4090865
2021-05-14 09:49:37,916.0,4091876
2021-05-14 09:49:39,915.9,4092132
2021-05-14 09:49:40,916.0,4093948
2021-05-14 09:49:41,916.0,4094333
2021-05-14 09:49:42,915.9,4094491
2021-05-14 09:49:43,916.0,4094686
2021-05-14 09:49:44,916.0,4095390
2021-05-14 09:49:45,916.15,4096210
2021-05-14 09:49:45,916.15,4096210
2021-05-14 09:49:46,916.5,4096683
2021-05-14 09:49:47,916.5,4097040
2021-05-14 09:49:48,916.5,4097149
2021-05-14 09:49:49,916.8,4097329
2021-05-14 09:49:50,916.5,4099001
2021-05-14 09:49:52,916.05,4109337
2021-05-14 09:49:53,916.0,4109666
2021-05-14 09:49:54,916.0,4109733
2021-05-14 09:49:55,916.25,4110080
2021-05-14 09:49:56,916.15,4110366
2021-05-14 09:49:57,916.45,4110929
2021-05-14 09:49:57,916.45,4110929
2021-05-14 09:49:59,916.4,4111411
2021-05-14 09:50:00,916.5,4112757
2021-05-14 09:50:01,916.95,4113492
2021-05-14 09:50:02,916.7,4114277
2021-05-14 09:50:03,917.35,4121202
2021-05-14 09:50:04,916.95,4123640
2021-05-14 09:50:05,916.6,4124922
2021-05-14 09:50:06,917.0,4127679
2021-05-14 09:50:07,916.7,4129657
2021-05-14 09:50:07,916.7,4129657
2021-05-14 09:50:09,916.7,4130281
2021-05-14 09:50:10,916.8,4131099
2021-05-14 09:50:11,916.7,4131788
2021-05-14 09:50:12,916.35,4131971
2021-05-14 09:50:13,916.35,4132206
2021-05-14 09:50:15,915.9,4138597
2021-05-14 09:50:16,916.35,4150058
2021-05-14 09:50:16,916.35,4150058
2021-05-14 09:50:17,916.1,4151208
2021-05-14 09:50:19,916.0,4152054
2021-05-14 09:50:20,916.0,4152791
2021-05-14 09:50:21,916.0,4154516
2021-05-14 09:50:22,916.25,4155192
2021-05-14 09:50:23,916.3,4155667
2021-05-14 09:50:24,916.3,4156013
2021-05-14 09:50:25,916.3,4157112
2021-05-14 09:50:26,916.3,4157832
2021-05-14 09:50:28,916.2,4160198
2021-05-14 09:50:29,916.2,4160882
2021-05-14 09:50:30,916.2,4161199
2021-05-14 09:50:31,916.5,4162832
2021-05-14 09:50:32,916.35,4163511
2021-05-14 09:50:33,916.35,4163562
2021-05-14 09:50:34,916.3,4165292
2021-05-14 09:50:34,916.6,4165400
2021-05-14 09:50:35,916.55,4165684
2021-05-14 09:50:37,916.1,4166908
2021-05-14 09:50:38,916.5,4167675
2021-05-14 09:50:39,916.35,4168343
2021-05-14 09:50:40,916.4,4168578
2021-05-14 09:50:41,916.8,4168940
2021-05-14 09:50:42,916.95,4170743
2021-05-14 09:50:43,916.7,4171660
2021-05-14 09:50:44,916.95,4172102
2021-05-14 09:50:45,917.0,4174426
2021-05-14 09:50:45,917.0,4174527
2021-05-14 09:50:47,917.0,4175660
2021-05-14 09:50:48,916.85,4176888
2021-05-14 09:50:49,916.7,4178257
2021-05-14 09:50:50,916.95,4180061
2021-05-14 09:50:51,917.0,4181065
2021-05-14 09:50:52,916.8,4182236
2021-05-14 09:50:53,916.8,4182910
2021-05-14 09:50:54,916.55,4183892
2021-05-14 09:50:55,916.7,4185735
2021-05-14 09:50:57,916.75,4189254
2021-05-14 09:50:58,916.4,4211291
2021-05-14 09:50:59,916.0,4211526
2021-05-14 09:51:00,916.0,4212853
2021-05-14 09:51:01,916.0,4213550
2021-05-14 09:51:02,915.85,4214686
2021-05-14 09:51:03,916.45,4215641
2021-05-14 09:51:04,916.1,4215752
2021-05-14 09:51:04,916.45,4215977
2021-05-14 09:51:05,916.4,4216560
2021-05-14 09:51:07,916.4,4217250
2021-05-14 09:51:08,916.5,4218825
2021-05-14 09:51:09,916.8,4219601
2021-05-14 09:51:10,916.8,4220333
2021-05-14 09:51:11,916.45,4220915
2021-05-14 09:51:12,916.5,4221808
2021-05-14 09:51:13,916.8,4222212
2021-05-14 09:51:14,916.55,4223674
2021-05-14 09:51:15,916.55,4224285
2021-05-14 09:51:16,916.8,4226026
2021-05-14 09:51:17,916.8,4226956
2021-05-14 09:51:18,916.8,4228182
2021-05-14 09:51:19,917.0,4238380
2021-05-14 09:51:21,917.5,4241592
2021-05-14 09:51:23,917.5,4245285
2021-05-14 09:51:24,917.35,4248035
2021-05-14 09:51:25,917.75,4248372
2021-05-14 09:51:26,917.6,4249811
2021-05-14 09:51:27,917.7,4250636
2021-05-14 09:51:28,917.5,4254510
2021-05-14 09:51:29,917.8,4255337
2021-05-14 09:51:31,917.8,4256880
2021-05-14 09:51:32,917.9,4257292
2021-05-14 09:51:33,918.5,4273613
2021-05-14 09:51:34,918.2,4274068
2021-05-14 09:51:35,918.0,4276618
2021-05-14 09:51:36,917.7,4280946
2021-05-14 09:51:37,917.8,4281587
2021-05-14 09:51:38,918.15,4284649
2021-05-14 09:51:39,918.2,4285344
2021-05-14 09:51:40,918.2,4286847
2021-05-14 09:51:41,918.25,4287226
2021-05-14 09:51:42,918.25,4288222
2021-05-14 09:51:43,918.0,4288242
2021-05-14 09:51:44,918.0,4289174
2021-05-14 09:51:45,917.95,4289923
2021-05-14 09:51:46,918.0,4290975
2021-05-14 09:51:47,918.0,4292049
2021-05-14 09:51:48,918.5,4293161
2021-05-14 09:51:49,918.2,4294569
2021-05-14 09:51:50,918.25,4295324
2021-05-14 09:51:51,918.5,4296487
2021-05-14 09:51:52,918.25,4297476
2021-05-14 09:51:53,918.75,4299313
2021-05-14 09:51:54,918.75,4300484
2021-05-14 09:51:55,918.45,4301882
2021-05-14 09:51:56,918.75,4303075
2021-05-14 09:51:57,918.75,4304187
2021-05-14 09:51:58,918.65,4309301
2021-05-14 09:51:59,918.65,4310098
2021-05-14 09:52:00,918.75,4313299
2021-05-14 09:52:01,918.2,4314650
2021-05-14 09:52:02,918.1,4315581
2021-05-14 09:52:03,918.5,4317332
2021-05-14 09:52:05,918.6,4318591
2021-05-14 09:52:06,918.65,4319308
2021-05-14 09:52:07,918.6,4321545
2021-05-14 09:52:08,918.65,4322514
2021-05-14 09:52:09,918.6,4323949
2021-05-14 09:52:10,918.2,4324956
2021-05-14 09:52:11,918.2,4325562
2021-05-14 09:52:12,918.2,4325715
2021-05-14 09:52:13,918.25,4326561
2021-05-14 09:52:14,918.5,4326886
2021-05-14 09:52:15,918.2,4338427
2021-05-14 09:52:16,918.25,4341058
2021-05-14 09:52:17,918.25,4342607
2021-05-14 09:52:18,918.2,4344111
2021-05-14 09:52:19,918.25,4345135
2021-05-14 09:52:20,918.2,4345924
2021-05-14 09:52:21,917.7,4348644
2021-05-14 09:52:22,917.7,4349242
2021-05-14 09:52:23,917.7,4350953
2021-05-14 09:52:24,917.8,4352261
2021-05-14 09:52:25,916.8,4358244
2021-05-14 09:52:26,917.25,4358947
2021-05-14 09:52:27,917.0,4359621
2021-05-14 09:52:28,917.4,4360949
2021-05-14 09:52:29,917.45,4361392
2021-05-14 09:52:30,917.15,4363200
2021-05-14 09:52:31,917.1,4363430
2021-05-14 09:52:32,917.55,4364775
2021-05-14 09:52:33,918.0,4365427
2021-05-14 09:52:34,918.0,4365477
2021-05-14 09:52:35,918.0,4366096
2021-05-14 09:52:36,917.75,4366468
2021-05-14 09:52:37,917.65,4366632
2021-05-14 09:52:38,917.65,4366887
2021-05-14 09:52:39,917.65,4367821
2021-05-14 09:52:40,917.65,4368643
2021-05-14 09:52:41,917.25,4369733
2021-05-14 09:52:42,917.65,4369744
2021-05-14 09:52:43,917.3,4370786
2021-05-14 09:52:44,917.75,4376043
2021-05-14 09:52:45,917.35,4377567
2021-05-14 09:52:46,917.0,4380294
2021-05-14 09:52:47,917.4,4381178
2021-05-14 09:52:48,917.5,4381754
2021-05-14 09:52:49,917.65,4382328
2021-05-14 09:52:50,917.6,4382724
2021-05-14 09:52:51,917.6,4383014
2021-05-14 09:52:52,917.35,4383647
2021-05-14 09:52:53,917.95,4384027
2021-05-14 09:52:54,917.9,4384307
2021-05-14 09:52:55,917.65,4384416
2021-05-14 09:52:56,918.0,4384779
2021-05-14 09:52:57,917.7,4385624
2021-05-14 09:52:59,918.0,4389088
2021-05-14 09:53:00,918.0,4389649
2021-05-14 09:53:02,917.55,4391373
2021-05-14 09:53:03,917.7,4393664
2021-05-14 09:53:04,917.85,4394191
2021-05-14 09:53:05,917.5,4395344
2021-05-14 09:53:06,917.3,4395833
2021-05-14 09:53:07,917.9,4396945
2021-05-14 09:53:08,917.55,4397859
2021-05-14 09:53:09,918.0,4398058
2021-05-14 09:53:10,917.9,4398878
2021-05-14 09:53:11,917.3,4400293
2021-05-14 09:53:12,917.5,4400632
2021-05-14 09:53:14,917.8,4401311
2021-05-14 09:53:13,917.8,4401309
2021-05-14 09:53:15,917.5,4401604
2021-05-14 09:53:16,917.9,4401611
2021-05-14 09:53:17,917.6,4402328
2021-05-14 09:53:18,917.65,4403110
2021-05-14 09:53:19,918.0,4403479
2021-05-14 09:53:20,917.9,4404563
2021-05-14 09:53:21,917.85,4407262
2021-05-14 09:53:22,917.8,4407919
2021-05-14 09:53:23,917.55,4408540
2021-05-14 09:53:24,917.7,4408981
2021-05-14 09:53:25,917.75,4409247
2021-05-14 09:53:26,917.5,4409497
2021-05-14 09:53:27,917.85,4410250
2021-05-14 09:53:28,918.0,4410969
2021-05-14 09:53:29,918.0,4411080
2021-05-14 09:53:30,917.95,4411129
2021-05-14 09:53:31,918.0,4411257
2021-05-14 09:53:32,918.0,4411547
2021-05-14 09:53:33,917.75,4411761
2021-05-14 09:53:34,917.95,4411948
2021-05-14 09:53:35,918.0,4413287
2021-05-14 09:53:36,917.9,4413325
2021-05-14 09:53:37,917.9,4414079
2021-05-14 09:53:38,917.75,4414083
2021-05-14 09:53:39,917.75,4414244
2021-05-14 09:53:40,918.0,4414324
2021-05-14 09:53:42,917.75,4415040
2021-05-14 09:53:43,917.75,4415214
2021-05-14 09:53:45,918.0,4415415
2021-05-14 09:53:45,918.0,4415550
2021-05-14 09:53:46,917.75,4415691
2021-05-14 09:53:47,918.0,4415956
2021-05-14 09:53:48,918.0,4416095
2021-05-14 09:53:49,918.0,4416450
2021-05-14 09:53:50,918.0,4416475
2021-05-14 09:53:51,918.0,4417030
2021-05-14 09:53:52,918.0,4417187
2021-05-14 09:53:53,918.0,4417356
2021-05-14 09:53:54,918.0,4418561
2021-05-14 09:53:55,918.0,4423524
2021-05-14 09:53:56,917.75,4424672
2021-05-14 09:53:57,917.05,4431772
2021-05-14 09:53:58,917.25,4433297
2021-05-14 09:53:59,917.3,4451305
2021-05-14 09:54:00,917.3,4451638
2021-05-14 09:54:01,917.0,4454609
2021-05-14 09:54:02,917.0,4458161
2021-05-14 09:54:03,917.0,4458264
2021-05-14 09:54:04,917.0,4458336
2021-05-14 09:54:05,917.0,4458881
2021-05-14 09:54:06,916.95,4459316
2021-05-14 09:54:08,917.0,4459533
2021-05-14 09:54:09,917.4,4460523
2021-05-14 09:54:09,917.4,4460523
2021-05-14 09:54:10,917.4,4460850
2021-05-14 09:54:11,917.05,4461647
2021-05-14 09:54:12,917.3,4461799
2021-05-14 09:54:13,917.3,4462081
2021-05-14 09:54:14,917.25,4462210
2021-05-14 09:54:15,917.3,4462357
2021-05-14 09:54:16,917.35,4462605
2021-05-14 09:54:17,917.35,4463407
2021-05-14 09:54:18,917.0,4463610
2021-05-14 09:54:19,917.3,4463868
2021-05-14 09:54:20,917.0,4463959
2021-05-14 09:54:21,917.1,4464092
2021-05-14 09:54:22,917.5,4464220
2021-05-14 09:54:23,916.85,4467708
2021-05-14 09:54:24,917.25,4469041
2021-05-14 09:54:25,917.0,4469076
2021-05-14 09:54:27,917.0,4469272
2021-05-14 09:54:27,917.0,4469619
2021-05-14 09:54:28,917.0,4470167
2021-05-14 09:54:29,917.0,4470955
2021-05-14 09:54:30,917.2,4471524
2021-05-14 09:54:31,917.0,4471705
2021-05-14 09:54:32,916.8,4472423
2021-05-14 09:54:33,917.0,4472637
2021-05-14 09:54:34,916.75,4472855
2021-05-14 09:54:35,916.8,4473746
2021-05-14 09:54:36,916.8,4474005
2021-05-14 09:54:37,916.7,4474050
2021-05-14 09:54:38,916.8,4474269
2021-05-14 09:54:39,917.0,4474586
2021-05-14 09:54:40,916.75,4474686
2021-05-14 09:54:41,917.3,4475110
2021-05-14 09:54:42,917.35,4475236
2021-05-14 09:54:43,917.0,4475586
2021-05-14 09:54:44,917.0,4476147
2021-05-14 09:54:45,917.45,4476222
2021-05-14 09:54:46,917.0,4476478
2021-05-14 09:54:47,917.05,4476703
2021-05-14 09:54:48,917.15,4479326
2021-05-14 09:54:50,917.0,4480279
2021-05-14 09:54:51,917.2,4480395
2021-05-14 09:54:51,917.25,4480771
2021-05-14 09:54:52,917.0,4481094
2021-05-14 09:54:53,917.4,4481709
2021-05-14 09:54:54,915.5,4508568
2021-05-14 09:54:55,915.9,4511774
2021-05-14 09:54:56,916.5,4512545
2021-05-14 09:54:57,916.3,4515725
2021-05-14 09:54:58,916.3,4515950
2021-05-14 09:54:59,916.2,4517024
2021-05-14 09:55:00,916.45,4517273
2021-05-14 09:55:01,916.25,4517693
2021-05-14 09:55:02,916.45,4517918
2021-05-14 09:55:04,916.25,4518818
2021-05-14 09:55:04,916.5,4518828
2021-05-14 09:55:05,916.25,4519208
2021-05-14 09:55:06,916.25,4519338
2021-05-14 09:55:07,916.4,4520882
2021-05-14 09:55:08,916.5,4521568
2021-05-14 09:55:09,915.65,4524865
2021-05-14 09:55:10,915.95,4525214
2021-05-14 09:55:11,915.55,4525736
2021-05-14 09:55:12,915.75,4526605
2021-05-14 09:55:13,915.8,4528626
2021-05-14 09:55:14,915.45,4528884
2021-05-14 09:55:15,915.25,4529375
2021-05-14 09:55:16,915.65,4541031
2021-05-14 09:55:17,915.5,4541448
2021-05-14 09:55:18,915.4,4542238
2021-05-14 09:55:19,915.45,4542694
2021-05-14 09:55:20,915.4,4544285
2021-05-14 09:55:21,915.4,4544511
2021-05-14 09:55:22,914.7,4577888
2021-05-14 09:55:24,914.95,4578469
2021-05-14 09:55:25,914.85,4585645
2021-05-14 09:55:25,914.85,4585645
2021-05-14 09:55:26,914.95,4586104
2021-05-14 09:55:27,915.2,4586529
2021-05-14 09:55:28,915.35,4586924
2021-05-14 09:55:29,915.0,4587801
2021-05-14 09:55:30,915.0,4588683
2021-05-14 09:55:32,915.6,4591676
2021-05-14 09:55:33,915.2,4592567
2021-05-14 09:55:34,914.8,4605393
2021-05-14 09:55:35,914.6,4607846
2021-05-14 09:55:36,915.3,4610293
2021-05-14 09:55:37,915.05,4622684
2021-05-14 09:55:39,915.05,4624989
2021-05-14 09:55:39,915.05,4624621
2021-05-14 09:55:40,915.0,4625703
2021-05-14 09:55:41,914.5,4626921
2021-05-14 09:55:42,914.9,4627698
2021-05-14 09:55:43,914.6,4628363
2021-05-14 09:55:44,914.95,4628723
2021-05-14 09:55:45,915.0,4630425
2021-05-14 09:55:46,914.7,4633167
2021-05-14 09:55:47,914.5,4633794
2021-05-14 09:55:48,914.65,4635363
2021-05-14 09:55:49,914.8,4635589
2021-05-14 09:55:53,914.2,4639302
2021-05-14 09:55:53,914.7,4639482
2021-05-14 09:55:54,914.7,4639845
2021-05-14 09:55:55,914.45,4640331
2021-05-14 09:55:56,914.6,4641401
2021-05-14 09:55:57,914.7,4642502
2021-05-14 09:55:58,914.35,4642599
2021-05-14 09:55:59,914.4,4643212
2021-05-14 09:56:00,914.15,4644145
2021-05-14 09:56:02,914.3,4648374
2021-05-14 09:56:03,914.3,4649083
2021-05-14 09:56:07,914.5,4651764
2021-05-14 09:56:08,914.3,4652018
2021-05-14 09:56:10,914.3,4652161
2021-05-14 09:56:11,914.1,4652591
2021-05-14 09:56:12,914.3,4653000
2021-05-14 09:56:13,914.15,4653554
2021-05-14 09:56:13,914.15,4653554
2021-05-14 09:56:14,914.65,4654834
2021-05-14 09:56:15,914.9,4655502
2021-05-14 09:56:16,914.45,4656073
2021-05-14 09:56:17,914.9,4656200
2021-05-14 09:56:18,914.75,4659800
2021-05-14 09:56:19,914.9,4660399
2021-05-14 09:56:21,915.4,4660964
2021-05-14 09:56:22,915.8,4664277
2021-05-14 09:56:23,915.45,4664742
2021-05-14 09:56:24,915.55,4668198
2021-05-14 09:56:24,915.55,4668101
2021-05-14 09:56:25,915.4,4669653
2021-05-14 09:56:26,915.4,4671183
2021-05-14 09:56:27,915.55,4671376
2021-05-14 09:56:28,915.55,4671981
2021-05-14 09:56:29,915.55,4672256
2021-05-14 09:56:30,915.4,4672741
2021-05-14 09:56:31,915.05,4674038
2021-05-14 09:56:33,915.0,4674847
2021-05-14 09:56:34,915.4,4676341
2021-05-14 09:56:35,915.0,4678076
2021-05-14 09:56:36,915.0,4678741
2021-05-14 09:56:37,915.0,4680229
2021-05-14 09:56:38,915.15,4682589
2021-05-14 09:56:40,914.6,4683576
2021-05-14 09:56:41,914.45,4686468
2021-05-14 09:56:41,914.45,4686498
2021-05-14 09:56:42,914.55,4686881
2021-05-14 09:56:43,914.55,4687420
2021-05-14 09:56:44,914.5,4688573
2021-05-14 09:56:45,914.35,4689096
2021-05-14 09:56:47,914.75,4689582
2021-05-14 09:56:48,914.75,4690551
2021-05-14 09:56:49,914.5,4690704
2021-05-14 09:56:50,914.4,4691686
2021-05-14 09:56:50,914.5,4691696
2021-05-14 09:56:51,915.0,4694620
2021-05-14 09:56:52,914.8,4696213
2021-05-14 09:56:54,914.5,4696527
2021-05-14 09:56:55,914.5,4697388
2021-05-14 09:56:55,914.5,4697388
2021-05-14 09:56:56,914.75,4699130
2021-05-14 09:56:57,914.75,4699210
2021-05-14 09:56:58,914.6,4699703
2021-05-14 09:57:00,914.6,4699813
2021-05-14 09:57:01,914.9,4700197
2021-05-14 09:57:02,914.6,4701591
2021-05-14 09:57:03,915.0,4701676
2021-05-14 09:57:04,915.0,4702179
2021-05-14 09:57:06,914.65,4702296
2021-05-14 09:57:07,914.8,4703448
2021-05-14 09:57:08,914.6,4707434
2021-05-14 09:57:08,914.6,4707434
2021-05-14 09:57:09,914.6,4707898
2021-05-14 09:57:10,915.15,4708155
2021-05-14 09:57:12,915.0,4708637
2021-05-14 09:57:13,914.65,4708812
2021-05-14 09:57:13,915.0,4708813
2021-05-14 09:57:14,914.6,4712842
2021-05-14 09:57:15,914.2,4713454
2021-05-14 09:57:17,914.65,4714227
2021-05-14 09:57:18,914.75,4714389
2021-05-14 09:57:19,914.6,4714547
2021-05-14 09:57:20,914.6,4714561
2021-05-14 09:57:20,914.7,4714566
2021-05-14 09:57:21,914.75,4714697
2021-05-14 09:57:22,914.75,4714767
2021-05-14 09:57:24,914.75,4715032
2021-05-14 09:57:25,914.75,4715143
2021-05-14 09:57:26,914.7,4717204
2021-05-14 09:57:27,914.65,4717567
2021-05-14 09:57:28,914.65,4717567
2021-05-14 09:57:30,914.5,4717733
2021-05-14 09:57:31,915.0,4719015
2021-05-14 09:57:32,915.0,4719167
2021-05-14 09:57:33,914.7,4719299
2021-05-14 09:57:34,914.7,4719340
2021-05-14 09:57:36,915.1,4720668
2021-05-14 09:57:37,915.0,4720776
2021-05-14 09:57:38,915.0,4721229
2021-05-14 09:57:39,914.75,4721470
2021-05-14 09:57:41,915.0,4721543
2021-05-14 09:57:42,915.0,4721548
2021-05-14 09:57:43,915.1,4721809
2021-05-14 09:57:43,915.1,4721809
2021-05-14 09:57:44,915.0,4721992
2021-05-14 09:57:45,915.0,4722637
2021-05-14 09:57:47,915.0,4722953
2021-05-14 09:57:48,915.0,4723199
2021-05-14 09:57:48,915.0,4723199
2021-05-14 09:57:50,915.1,4724280
2021-05-14 09:57:51,915.2,4725590
2021-05-14 09:57:53,915.1,4726127
2021-05-14 09:57:54,915.4,4726330
2021-05-14 09:57:54,915.0,4726817
2021-05-14 09:57:55,915.4,4727045
2021-05-14 09:57:56,915.0,4727095
2021-05-14 09:57:58,915.0,4727330
2021-05-14 09:57:59,915.1,4728319
2021-05-14 09:58:00,915.1,4728718
2021-05-14 09:58:01,915.75,4729258
2021-05-14 09:58:01,915.45,4729271
2021-05-14 09:58:02,915.45,4729694
2021-05-14 09:58:04,915.45,4730309
2021-05-14 09:58:05,915.8,4730620
2021-05-14 09:58:06,915.4,4731495
2021-05-14 09:58:07,915.45,4731675
2021-05-14 09:58:08,915.9,4732484
2021-05-14 09:58:09,916.0,4736961
2021-05-14 09:58:10,915.65,4738837
2021-05-14 09:58:10,915.8,4739422
2021-05-14 09:58:11,915.8,4739801
2021-05-14 09:58:12,915.65,4740136
2021-05-14 09:58:14,915.75,4740524
2021-05-14 09:58:15,916.0,4740597
2021-05-14 09:58:16,915.85,4740818
2021-05-14 09:58:17,915.6,4741844
2021-05-14 09:58:18,915.6,4742586
2021-05-14 09:58:18,915.6,4742586
2021-05-14 09:58:19,915.8,4742868
2021-05-14 09:58:20,915.9,4742961
2021-05-14 09:58:21,916.0,4743058
2021-05-14 09:58:23,915.95,4743299
2021-05-14 09:58:24,915.8,4744724
2021-05-14 09:58:25,915.8,4745171
2021-05-14 09:58:26,915.75,4745428
2021-05-14 09:58:26,915.75,4745428
2021-05-14 09:58:27,915.6,4745592
2021-05-14 09:58:28,915.6,4745694
2021-05-14 09:58:30,915.0,4746847
2021-05-14 09:58:31,915.25,4747358
2021-05-14 09:58:32,915.25,4749281
2021-05-14 09:58:33,915.8,4750518
2021-05-14 09:58:33,915.8,4750518
2021-05-14 09:58:34,915.7,4751215
2021-05-14 09:58:36,915.35,4751641
2021-05-14 09:58:37,915.4,4751924
2021-05-14 09:58:38,915.4,4752336
2021-05-14 09:58:38,915.4,4752336
2021-05-14 09:58:39,915.3,4752735
2021-05-14 09:58:40,915.3,4752843
2021-05-14 09:58:42,915.65,4753973
2021-05-14 09:58:43,915.25,4754199
2021-05-14 09:58:44,915.1,4754522
2021-05-14 09:58:44,914.4,4770033
2021-05-14 09:58:45,914.65,4771335
2021-05-14 09:58:46,914.7,4772119
2021-05-14 09:58:47,915.0,4772449
2021-05-14 09:58:49,914.75,4773744
2021-05-14 09:58:50,914.75,4773811
2021-05-14 09:58:51,914.95,4774013
2021-05-14 09:58:52,914.75,4774131
2021-05-14 09:58:53,915.05,4774517
2021-05-14 09:58:54,915.05,4774517
2021-05-14 09:58:55,915.0,4774723
2021-05-14 09:58:55,914.95,4774722
2021-05-14 09:58:56,914.75,4775313
2021-05-14 09:58:57,915.0,4775511
2021-05-14 09:58:59,914.7,4778164
2021-05-14 09:59:00,914.5,4779637
2021-05-14 09:59:01,914.8,4779968
2021-05-14 09:59:02,914.95,4783199
2021-05-14 09:59:02,914.7,4783063
2021-05-14 09:59:03,914.75,4784054
2021-05-14 09:59:04,915.9,4794141
2021-05-14 09:59:06,915.25,4794302
2021-05-14 09:59:07,915.25,4794302
2021-05-14 09:59:08,915.05,4794457
2021-05-14 09:59:10,915.0,4797030
2021-05-14 09:59:12,914.75,4797204
2021-05-14 09:59:14,915.0,4797821
2021-05-14 09:59:15,915.0,4798052
2021-05-14 09:59:17,914.75,4798323
2021-05-14 09:59:17,914.65,4798341
2021-05-14 09:59:18,915.0,4798622
2021-05-14 09:59:20,915.0,4798815
2021-05-14 09:59:21,914.75,4798817
2021-05-14 09:59:22,914.7,4799336
2021-05-14 09:59:23,915.25,4800174
2021-05-14 09:59:24,915.25,4802052
2021-05-14 09:59:25,915.0,4803048
2021-05-14 09:59:25,915.0,4803048
2021-05-14 09:59:26,915.0,4803407
2021-05-14 09:59:28,914.75,4803758
2021-05-14 09:59:29,915.05,4804388
2021-05-14 09:59:30,915.3,4804537
2021-05-14 09:59:31,915.0,4804779
2021-05-14 09:59:32,915.05,4804982
2021-05-14 09:59:33,915.05,4805034
2021-05-14 09:59:34,915.3,4805275
2021-05-14 09:59:35,915.0,4806254
2021-05-14 09:59:35,915.35,4806664
2021-05-14 09:59:36,915.35,4806690
2021-05-14 09:59:37,915.35,4806835
2021-05-14 09:59:39,915.35,4807086
2021-05-14 09:59:40,915.4,4808061
2021-05-14 09:59:41,915.35,4808147
2021-05-14 09:59:42,915.6,4808541
2021-05-14 09:59:43,915.6,4808717
2021-05-14 09:59:44,915.55,4808798
2021-05-14 09:59:45,915.8,4808848
2021-05-14 09:59:47,915.6,4809223
2021-05-14 09:59:48,915.65,4809423
2021-05-14 09:59:49,916.0,4809835
2021-05-14 09:59:50,916.0,4810676
2021-05-14 09:59:50,916.0,4810676
2021-05-14 09:59:51,915.75,4812003
2021-05-14 09:59:52,915.65,4812033
2021-05-14 09:59:54,915.1,4812432
2021-05-14 09:59:55,915.1,4812899
2021-05-14 09:59:56,915.15,4813212
2021-05-14 09:59:57,915.75,4813728
2021-05-14 09:59:59,915.3,4814011
2021-05-14 10:00:00,915.35,4814204
2021-05-14 10:00:01,915.05,4815813
2021-05-14 10:00:01,915.05,4815813
2021-05-14 10:00:02,915.0,4817810
2021-05-14 10:00:04,915.1,4818451
2021-05-14 10:00:05,915.05,4820381
2021-05-14 10:00:06,915.0,4821311
2021-05-14 10:00:07,914.7,4821529
2021-05-14 10:00:08,915.05,4822153
2021-05-14 10:00:09,914.7,4822360
2021-05-14 10:00:09,915.05,4822410
2021-05-14 10:00:10,914.7,4822474
2021-05-14 10:00:11,915.05,4822797
2021-05-14 10:00:12,915.0,4823009
2021-05-14 10:00:13,915.05,4823504
2021-05-14 10:00:15,914.7,4823751
2021-05-14 10:00:16,915.05,4824011
2021-05-14 10:00:17,914.7,4824208
2021-05-14 10:00:18,914.7,4824474
2021-05-14 10:00:19,915.0,4824572
2021-05-14 10:00:21,914.8,4826005
2021-05-14 10:00:22,915.0,4826030
2021-05-14 10:00:23,915.0,4826573
2021-05-14 10:00:24,915.0,4828192
2021-05-14 10:00:25,914.7,4828600
2021-05-14 10:00:26,915.0,4829267
2021-05-14 10:00:27,914.7,4829458
2021-05-14 10:00:29,915.0,4831177
2021-05-14 10:00:30,914.75,4831956
2021-05-14 10:00:33,914.6,4837183
2021-05-14 10:00:34,912.9,4911650
2021-05-14 10:00:36,913.05,4919080
2021-05-14 10:00:36,913.05,4919080
2021-05-14 10:00:38,913.6,4919891
2021-05-14 10:00:39,913.85,4920579
2021-05-14 10:00:40,914.0,4920865
2021-05-14 10:00:41,913.95,4921587
2021-05-14 10:00:42,914.1,4922648
2021-05-14 10:00:43,914.25,4923618
2021-05-14 10:00:43,914.0,4923638
2021-05-14 10:00:44,914.25,4924097
2021-05-14 10:00:46,914.15,4925096
2021-05-14 10:00:47,914.3,4925197
2021-05-14 10:00:48,914.2,4925811
2021-05-14 10:00:49,914.15,4926041
2021-05-14 10:00:50,914.3,4926212
2021-05-14 10:00:51,914.15,4927950
2021-05-14 10:00:51,914.15,4928050
2021-05-14 10:00:52,914.4,4928807
2021-05-14 10:00:55,914.2,4930599
2021-05-14 10:00:56,914.2,4930872
2021-05-14 10:00:57,914.15,4932147
2021-05-14 10:00:58,913.75,4933266
2021-05-14 10:00:59,913.95,4933832
2021-05-14 10:01:00,913.6,4936631
2021-05-14 10:01:01,914.0,4937216
2021-05-14 10:01:02,913.75,4940700
2021-05-14 10:01:02,913.75,4940700
2021-05-14 10:01:04,913.5,4940880
2021-05-14 10:01:05,913.35,4941010
2021-05-14 10:01:06,913.6,4946862
2021-05-14 10:01:07,913.55,4951470
2021-05-14 10:01:07,913.6,4951476
2021-05-14 10:01:08,913.55,4951896
2021-05-14 10:01:10,913.8,4952309
2021-05-14 10:01:11,913.45,4952746
2021-05-14 10:01:12,913.6,4953509
2021-05-14 10:01:13,913.6,4954314
2021-05-14 10:01:14,913.65,4955432
2021-05-14 10:01:15,913.4,4955582
2021-05-14 10:01:16,913.6,4955912
2021-05-14 10:01:16,913.5,4955914
2021-05-14 10:01:18,913.5,4956518
2021-05-14 10:01:19,913.8,4956940
2021-05-14 10:01:20,913.5,4957485
2021-05-14 10:01:21,913.8,4958417
2021-05-14 10:01:21,913.8,4958417
2021-05-14 10:01:22,913.8,4958508
2021-05-14 10:01:24,914.1,4965707
2021-05-14 10:01:26,914.0,4966363
2021-05-14 10:01:27,913.95,4966367
2021-05-14 10:01:29,913.9,4967383
2021-05-14 10:01:33,914.0,4969179
2021-05-14 10:01:31,914.15,4969052
2021-05-14 10:01:35,914.0,4969654
2021-05-14 10:01:36,913.75,4970410
2021-05-14 10:01:36,913.75,4970410
2021-05-14 10:01:37,914.0,4971353
2021-05-14 10:01:39,913.65,4972631
2021-05-14 10:01:39,914.15,4972513
2021-05-14 10:01:41,913.65,4972956
2021-05-14 10:01:42,913.65,4973057
2021-05-14 10:01:43,913.85,4974538
2021-05-14 10:01:44,913.65,4974648
2021-05-14 10:01:45,913.85,4975000
2021-05-14 10:01:46,913.85,4976012
2021-05-14 10:01:46,913.85,4976012
2021-05-14 10:01:47,913.65,4976747
2021-05-14 10:01:49,913.5,4978803
2021-05-14 10:01:49,913.5,4978863
2021-05-14 10:01:50,913.95,4978880
2021-05-14 10:01:52,914.0,4979000
2021-05-14 10:01:52,913.85,4979320
2021-05-14 10:01:53,913.85,4979765
2021-05-14 10:01:55,913.55,4980135
2021-05-14 10:01:56,914.0,4980558
2021-05-14 10:01:57,914.0,4980700
2021-05-14 10:01:58,913.65,4984377
2021-05-14 10:01:59,913.6,4985097
2021-05-14 10:02:00,913.4,4985856
2021-05-14 10:02:00,913.5,4985791
2021-05-14 10:02:01,912.7,4990827
2021-05-14 10:02:02,912.8,4991228
2021-05-14 10:02:04,912.8,4991905
2021-05-14 10:02:05,913.0,4995773
2021-05-14 10:02:05,912.8,4996830
2021-05-14 10:02:06,913.0,4997018
2021-05-14 10:02:08,912.8,4998004
2021-05-14 10:02:09,912.4,5006687
2021-05-14 10:02:10,912.2,5008475
2021-05-14 10:02:11,912.2,5009814
2021-05-14 10:02:12,912.2,5012499
2021-05-14 10:02:13,912.0,5013746
2021-05-14 10:02:14,912.0,5014789
2021-05-14 10:02:15,912.0,5017280
2021-05-14 10:02:16,912.1,5024686
2021-05-14 10:02:18,911.55,5028261
2021-05-14 10:02:17,911.8,5028061
2021-05-14 10:02:19,912.0,5029472
2021-05-14 10:02:20,911.5,5031839
2021-05-14 10:02:21,911.8,5038751
2021-05-14 10:02:22,911.05,5053275
2021-05-14 10:02:23,911.25,5055661
2021-05-14 10:02:24,911.0,5062680
2021-05-14 10:02:25,910.45,5067531
2021-05-14 10:02:26,910.45,5069227
2021-05-14 10:02:28,911.45,5076465
2021-05-14 10:02:29,911.65,5078011
2021-05-14 10:02:30,912.1,5087614
2021-05-14 10:02:31,912.1,5088079
2021-05-14 10:02:32,911.65,5088747
2021-05-14 10:02:33,912.05,5089072
2021-05-14 10:02:34,912.55,5089739
2021-05-14 10:02:35,912.8,5091012
2021-05-14 10:02:36,913.0,5091796
2021-05-14 10:02:38,912.7,5093369
2021-05-14 10:02:39,912.8,5093752
2021-05-14 10:02:40,912.5,5095285
2021-05-14 10:02:41,912.55,5095504
2021-05-14 10:02:42,912.55,5095731
2021-05-14 10:02:43,912.55,5096262
2021-05-14 10:02:45,912.7,5096877
2021-05-14 10:02:46,913.3,5098984
2021-05-14 10:02:47,913.3,5099589
2021-05-14 10:02:48,913.4,5100134
2021-05-14 10:02:49,913.55,5104586
2021-05-14 10:02:50,913.55,5106258
2021-05-14 10:02:51,913.3,5107062
2021-05-14 10:02:52,913.3,5107308
2021-05-14 10:02:53,913.55,5107427
2021-05-14 10:02:54,913.45,5108343
2021-05-14 10:02:55,913.2,5108920
2021-05-14 10:02:56,913.0,5109173
2021-05-14 10:02:57,913.45,5110037
2021-05-14 10:02:58,913.3,5110332
2021-05-14 10:02:59,913.0,5110422
2021-05-14 10:03:00,913.3,5111904
2021-05-14 10:03:01,913.35,5113384
2021-05-14 10:03:02,913.3,5116272
2021-05-14 10:03:03,913.3,5116422
2021-05-14 10:03:05,913.45,5116737
2021-05-14 10:03:06,913.35,5117001
2021-05-14 10:03:07,912.65,5122640
2021-05-14 10:03:08,913.0,5122896
2021-05-14 10:03:09,913.0,5124093
2021-05-14 10:03:10,913.3,5125222
2021-05-14 10:03:11,912.6,5125588
2021-05-14 10:03:13,913.15,5126467
2021-05-14 10:03:12,913.0,5126349
2021-05-14 10:03:14,913.0,5126737
2021-05-14 10:03:15,912.5,5128921
2021-05-14 10:03:16,912.85,5130204
2021-05-14 10:03:17,912.2,5132168
2021-05-14 10:03:18,912.4,5133289
2021-05-14 10:03:19,912.5,5134012
2021-05-14 10:03:20,912.5,5135087
2021-05-14 10:03:21,912.0,5137044
2021-05-14 10:03:22,912.0,5137261
2021-05-14 10:03:23,911.6,5140415
2021-05-14 10:03:24,911.8,5140756
2021-05-14 10:03:25,911.8,5140756
2021-05-14 10:03:26,911.55,5140952
2021-05-14 10:03:27,912.35,5142603
2021-05-14 10:03:28,911.5,5143607
2021-05-14 10:03:29,912.35,5146560
2021-05-14 10:03:30,912.2,5147777
2021-05-14 10:03:31,911.95,5147837
2021-05-14 10:03:32,912.35,5148879
2021-05-14 10:03:33,911.95,5148945
2021-05-14 10:03:34,912.0,5149054
2021-05-14 10:03:35,912.35,5149517
2021-05-14 10:03:36,912.0,5149953
2021-05-14 10:03:37,912.35,5153215
2021-05-14 10:03:38,912.65,5153296
2021-05-14 10:03:39,912.35,5154041
2021-05-14 10:03:40,912.5,5154203
2021-05-14 10:03:41,912.15,5154849
2021-05-14 10:03:42,912.75,5154934
2021-05-14 10:03:43,912.65,5155562
2021-05-14 10:03:44,912.8,5156313
2021-05-14 10:03:45,912.5,5156333
2021-05-14 10:03:46,912.35,5158151
2021-05-14 10:03:47,912.75,5158359
2021-05-14 10:03:48,912.7,5158376
2021-05-14 10:03:49,912.7,5158404
2021-05-14 10:03:50,912.65,5158451
2021-05-14 10:03:51,912.65,5158528
2021-05-14 10:03:52,912.5,5158758
2021-05-14 10:03:54,912.5,5159131
2021-05-14 10:03:53,912.55,5158793
2021-05-14 10:03:55,912.5,5159490
2021-05-14 10:03:56,912.35,5160090
2021-05-14 10:03:57,912.4,5160307
2021-05-14 10:03:58,912.3,5161146
2021-05-14 10:03:59,912.1,5161298
2021-05-14 10:04:00,912.05,5161395
2021-05-14 10:04:02,912.0,5164537
2021-05-14 10:04:04,911.6,5164904
2021-05-14 10:04:05,912.05,5167909
2021-05-14 10:04:06,912.1,5169620
2021-05-14 10:04:07,912.05,5170045
2021-05-14 10:04:08,912.45,5171795
2021-05-14 10:04:09,911.95,5173137
2021-05-14 10:04:10,911.8,5173138
2021-05-14 10:04:11,912.0,5173956
2021-05-14 10:04:12,911.8,5174082
2021-05-14 10:04:13,912.3,5174381
2021-05-14 10:04:14,911.9,5174633
2021-05-14 10:04:15,912.35,5175073
2021-05-14 10:04:18,912.5,5178648
2021-05-14 10:04:19,912.2,5179008
2021-05-14 10:04:20,912.05,5179538
2021-05-14 10:04:22,912.1,5180283
2021-05-14 10:04:22,912.1,5180283
2021-05-14 10:04:23,912.0,5181347
2021-05-14 10:04:24,912.1,5181622
2021-05-14 10:04:25,912.1,5182985
2021-05-14 10:04:26,912.4,5183295
2021-05-14 10:04:27,912.45,5183414
2021-05-14 10:04:29,912.2,5183590
2021-05-14 10:04:29,912.15,5183640
2021-05-14 10:04:30,912.15,5183742
2021-05-14 10:04:31,912.2,5183897
2021-05-14 10:04:32,912.3,5183977
2021-05-14 10:04:33,912.45,5184446
2021-05-14 10:04:35,912.1,5185244
2021-05-14 10:04:38,912.45,5188231
2021-05-14 10:04:38,912.65,5188253
2021-05-14 10:04:39,912.7,5189460
2021-05-14 10:04:41,912.7,5191025
2021-05-14 10:04:40,913.0,5191022
2021-05-14 10:04:42,912.7,5191169
2021-05-14 10:04:43,912.95,5191598
2021-05-14 10:04:44,912.85,5191654
2021-05-14 10:04:45,912.85,5193096
2021-05-14 10:04:46,913.0,5193615
2021-05-14 10:04:47,913.0,5193800
2021-05-14 10:04:49,912.7,5194073
2021-05-14 10:04:49,912.7,5194073
2021-05-14 10:04:50,912.95,5194095
2021-05-14 10:04:51,912.7,5194410
2021-05-14 10:04:52,912.9,5194990
2021-05-14 10:04:53,912.55,5195440
2021-05-14 10:04:54,912.9,5195600
2021-05-14 10:04:55,912.8,5195854
2021-05-14 10:04:56,912.9,5196057
2021-05-14 10:04:58,912.75,5196255
2021-05-14 10:04:59,912.75,5196874
2021-05-14 10:05:00,912.55,5198350
2021-05-14 10:05:01,912.55,5198710
2021-05-14 10:05:02,912.25,5200150
2021-05-14 10:05:03,912.1,5200880
2021-05-14 10:05:04,911.6,5206393
2021-05-14 10:05:05,911.5,5207186
2021-05-14 10:05:07,911.05,5210603
2021-05-14 10:05:07,911.25,5208242
2021-05-14 10:05:08,911.0,5212790
2021-05-14 10:05:09,911.3,5214846
2021-05-14 10:05:10,911.35,5215555
2021-05-14 10:05:11,911.45,5215624
2021-05-14 10:05:12,911.45,5216598
2021-05-14 10:05:13,911.5,5217074
2021-05-14 10:05:14,911.6,5217874
2021-05-14 10:05:15,911.65,5218593
2021-05-14 10:05:16,911.65,5218638
2021-05-14 10:05:17,912.05,5219028
2021-05-14 10:05:18,911.9,5219530
2021-05-14 10:05:19,911.8,5219545
2021-05-14 10:05:20,912.0,5219546
2021-05-14 10:05:22,911.95,5220013
2021-05-14 10:05:23,911.8,5220708
2021-05-14 10:05:24,912.05,5220992
2021-05-14 10:05:25,911.8,5221325
2021-05-14 10:05:26,911.8,5221555
2021-05-14 10:05:27,912.0,5221600
2021-05-14 10:05:28,912.0,5221651
2021-05-14 10:05:29,912.0,5222868
2021-05-14 10:05:31,911.85,5223871
2021-05-14 10:05:32,911.8,5224101
2021-05-14 10:05:33,911.8,5224174
2021-05-14 10:05:34,912.1,5224512
2021-05-14 10:05:34,912.1,5224512
2021-05-14 10:05:35,912.0,5224543
2021-05-14 10:05:36,912.4,5226593
2021-05-14 10:05:37,912.3,5227490
2021-05-14 10:05:38,911.95,5229633
2021-05-14 10:05:39,911.6,5229783
2021-05-14 10:05:40,912.0,5229942
2021-05-14 10:05:42,912.3,5230835
2021-05-14 10:05:42,912.3,5230835
2021-05-14 10:05:43,912.0,5231085
2021-05-14 10:05:44,912.0,5231494
2021-05-14 10:05:45,911.6,5231884
2021-05-14 10:05:46,912.1,5232609
2021-05-14 10:05:47,912.1,5232649
2021-05-14 10:05:48,911.8,5232725
2021-05-14 10:05:50,911.8,5232755
2021-05-14 10:05:50,912.0,5232835
2021-05-14 10:05:51,912.0,5233012
2021-05-14 10:05:52,911.8,5233191
2021-05-14 10:05:53,911.8,5233451
2021-05-14 10:05:55,911.8,5235127
2021-05-14 10:05:56,911.8,5235418
2021-05-14 10:05:57,911.8,5235629
2021-05-14 10:05:59,911.8,5235702
2021-05-14 10:05:59,912.0,5235703
2021-05-14 10:06:01,912.0,5238773
2021-05-14 10:06:02,912.0,5238773
2021-05-14 10:06:03,911.9,5239736
2021-05-14 10:06:04,911.5,5239786
2021-05-14 10:06:05,911.55,5241340
2021-05-14 10:06:06,911.55,5241453
2021-05-14 10:06:07,911.4,5241655
2021-05-14 10:06:09,911.5,5241815
2021-05-14 10:06:10,911.5,5242228
2021-05-14 10:06:11,911.0,5244424
2021-05-14 10:06:11,911.0,5244424
2021-05-14 10:06:12,911.3,5245513
2021-05-14 10:06:13,911.4,5245647
2021-05-14 10:06:14,911.0,5245849
2021-05-14 10:06:15,911.35,5246226
2021-05-14 10:06:17,911.05,5246293
2021-05-14 10:06:18,911.05,5246771
2021-05-14 10:06:18,911.3,5246779
2021-05-14 10:06:19,911.4,5247061
2021-05-14 10:06:20,911.05,5247199
2021-05-14 10:06:21,911.4,5247318
2021-05-14 10:06:22,911.25,5247742
2021-05-14 10:06:24,911.55,5251542
2021-05-14 10:06:25,911.3,5251567
2021-05-14 10:06:26,911.65,5251743
2021-05-14 10:06:28,911.6,5251775
2021-05-14 10:06:29,911.3,5251980
2021-05-14 10:06:29,911.65,5252090
2021-05-14 10:06:31,911.55,5252654
2021-05-14 10:06:32,911.55,5252769
2021-05-14 10:06:33,911.65,5252960
2021-05-14 10:06:34,911.75,5253256
2021-05-14 10:06:37,911.7,5253895
2021-05-14 10:06:39,911.75,5254186
2021-05-14 10:06:40,911.7,5254242
2021-05-14 10:06:40,911.7,5254292
2021-05-14 10:06:41,911.7,5254816
2021-05-14 10:06:42,911.7,5254898
2021-05-14 10:06:44,911.5,5256362
2021-05-14 10:06:44,911.8,5256462
2021-05-14 10:06:46,911.4,5257709
2021-05-14 10:06:47,911.75,5257950
2021-05-14 10:06:47,911.75,5257950
2021-05-14 10:06:48,911.75,5258054
2021-05-14 10:06:49,911.4,5258253
2021-05-14 10:06:50,911.45,5258402
2021-05-14 10:06:51,911.8,5258602
2021-05-14 10:06:53,911.2,5260768
2021-05-14 10:06:55,911.45,5261709
2021-05-14 10:06:55,911.45,5261709
2021-05-14 10:06:56,911.4,5261885
2021-05-14 10:06:57,911.3,5262013
2021-05-14 10:07:00,911.3,5262355
2021-05-14 10:07:01,911.1,5263551
2021-05-14 10:07:01,911.1,5263663
2021-05-14 10:07:02,911.1,5263714
2021-05-14 10:07:04,911.2,5264105
2021-05-14 10:07:05,911.4,5264679
2021-05-14 10:07:06,911.5,5266107
2021-05-14 10:07:06,911.1,5266115
2021-05-14 10:07:07,911.45,5266844
2021-05-14 10:07:08,911.1,5266999
2021-05-14 10:07:10,911.2,5267169
2021-05-14 10:07:11,911.35,5269898
2021-05-14 10:07:11,911.35,5270518
2021-05-14 10:07:12,911.4,5270772
2021-05-14 10:07:13,911.3,5271570
2021-05-14 10:07:15,911.4,5272316
2021-05-14 10:07:16,911.6,5273276
2021-05-14 10:07:17,911.6,5273401
2021-05-14 10:07:18,911.2,5273436
2021-05-14 10:07:19,911.4,5273924
2021-05-14 10:07:20,911.4,5277625
2021-05-14 10:07:21,911.5,5277944
2021-05-14 10:07:23,911.7,5278070
2021-05-14 10:07:24,911.65,5278489
