timestamp,ltp,volume
2021-05-14 09:15:24,5354.1,15137
2021-05-14 09:15:26,5350.2,16395
2021-05-14 09:15:26,5354.1,16397
2021-05-14 09:15:27,5349.9,17080
2021-05-14 09:15:29,5350.25,17384
2021-05-14 09:15:30,5350.3,17457
2021-05-14 09:15:31,5351.0,17616
2021-05-14 09:15:32,5350.85,17763
2021-05-14 09:15:33,5354.0,17947
2021-05-14 09:15:36,5352.05,18899
2021-05-14 09:15:37,5352.3,19590
2021-05-14 09:15:38,5354.55,20009
2021-05-14 09:15:39,5354.8,20148
2021-05-14 09:15:39,5355.0,20128
2021-05-14 09:15:41,5355.0,20453
2021-05-14 09:15:41,5355.0,20403
2021-05-14 09:15:42,5352.8,20539
2021-05-14 09:15:43,5355.0,20813
2021-05-14 09:15:44,5354.0,22268
2021-05-14 09:15:45,5353.85,22669
2021-05-14 09:15:47,5351.0,23098
2021-05-14 09:15:48,5354.25,23570
2021-05-14 09:15:49,5354.3,23791
2021-05-14 09:15:50,5353.85,24409
2021-05-14 09:15:51,5351.55,24573
2021-05-14 09:15:51,5351.55,24573
2021-05-14 09:15:52,5354.7,24868
2021-05-14 09:15:53,5354.0,25080
2021-05-14 09:15:54,5352.8,25739
2021-05-14 09:15:55,5352.95,26194
2021-05-14 09:15:56,5352.65,26837
2021-05-14 09:15:58,5347.0,28054
2021-05-14 09:15:58,5345.0,29173
2021-05-14 09:15:59,5349.35,29266
2021-05-14 09:16:00,5349.4,29576
2021-05-14 09:16:01,5350.9,29999
2021-05-14 09:16:03,5350.85,30285
2021-05-14 09:16:04,5346.6,30426
2021-05-14 09:16:04,5345.6,30501
2021-05-14 09:16:06,5343.9,31522
2021-05-14 09:16:07,5346.45,31702
2021-05-14 09:16:08,5342.9,31957
2021-05-14 09:16:08,5345.65,32011
2021-05-14 09:16:09,5343.2,33249
2021-05-14 09:16:10,5341.15,33676
2021-05-14 09:16:11,5340.0,34707
2021-05-14 09:16:13,5339.0,35790
2021-05-14 09:16:14,5339.3,35935
2021-05-14 09:16:14,5340.05,35939
2021-05-14 09:16:16,5339.75,36304
2021-05-14 09:16:16,5339.75,36304
2021-05-14 09:16:17,5338.45,36873
2021-05-14 09:16:19,5331.7,37530
2021-05-14 09:16:19,5331.7,37530
2021-05-14 09:16:21,5328.0,37610
2021-05-14 09:16:22,5329.9,38082
2021-05-14 09:16:23,5331.7,38218
2021-05-14 09:16:23,5331.6,38228
2021-05-14 09:16:24,5328.9,38332
2021-05-14 09:16:25,5331.0,38343
2021-05-14 09:16:26,5330.15,38473
2021-05-14 09:16:27,5329.1,38636
2021-05-14 09:16:28,5331.65,38840
2021-05-14 09:16:29,5328.3,38964
2021-05-14 09:16:30,5328.35,39031
2021-05-14 09:16:31,5331.3,39133
2021-05-14 09:16:32,5331.15,39313
2021-05-14 09:16:33,5330.25,39494
2021-05-14 09:16:35,5334.4,39975
2021-05-14 09:16:35,5334.4,39975
2021-05-14 09:16:37,5337.1,40190
2021-05-14 09:16:37,5334.9,40333
2021-05-14 09:16:38,5333.6,40558
2021-05-14 09:16:39,5335.2,40704
2021-05-14 09:16:40,5332.9,40714
2021-05-14 09:16:41,5332.3,40782
2021-05-14 09:16:43,5340.0,41014
2021-05-14 09:16:44,5341.15,41064
2021-05-14 09:16:45,5341.15,41249
2021-05-14 09:16:46,5344.2,41334
2021-05-14 09:16:46,5343.7,41355
2021-05-14 09:16:48,5343.0,41634
2021-05-14 09:16:48,5342.9,41631
2021-05-14 09:16:49,5344.95,41856
2021-05-14 09:16:51,5347.55,42036
2021-05-14 09:16:51,5347.55,42036
2021-05-14 09:16:53,5343.7,42118
2021-05-14 09:16:54,5344.1,42199
2021-05-14 09:16:55,5344.1,42252
2021-05-14 09:16:55,5344.1,42240
2021-05-14 09:16:56,5345.0,42381
2021-05-14 09:16:57,5346.9,42466
2021-05-14 09:16:58,5346.85,42554
2021-05-14 09:16:59,5345.0,42599
2021-05-14 09:17:01,5348.95,42796
2021-05-14 09:17:02,5348.85,42798
2021-05-14 09:17:03,5345.65,42930
2021-05-14 09:17:04,5348.95,43105
2021-05-14 09:17:05,5338.6,44770
2021-05-14 09:17:06,5341.9,45098
2021-05-14 09:17:08,5343.2,45373
2021-05-14 09:17:09,5344.0,45506
2021-05-14 09:17:11,5340.65,45593
2021-05-14 09:17:12,5342.9,45837
2021-05-14 09:17:13,5343.3,45908
2021-05-14 09:17:15,5344.45,46203
2021-05-14 09:17:15,5344.5,46188
2021-05-14 09:17:17,5337.0,46541
2021-05-14 09:17:18,5336.55,46700
2021-05-14 09:17:18,5336.55,46700
2021-05-14 09:17:20,5337.0,46781
2021-05-14 09:17:20,5337.0,46781
2021-05-14 09:17:21,5337.35,47151
2021-05-14 09:17:23,5338.4,47191
2021-05-14 09:17:24,5338.4,47205
2021-05-14 09:17:24,5340.75,47305
2021-05-14 09:17:25,5340.45,47458
2021-05-14 09:17:27,5338.95,47830
2021-05-14 09:17:27,5338.95,47852
2021-05-14 09:17:28,5339.25,47858
2021-05-14 09:17:30,5338.15,47950
2021-05-14 09:17:31,5339.55,48064
2021-05-14 09:17:32,5339.4,48129
2021-05-14 09:17:33,5339.05,48347
2021-05-14 09:17:33,5339.05,48347
2021-05-14 09:17:35,5339.95,48691
2021-05-14 09:17:36,5339.15,49171
2021-05-14 09:17:36,5339.15,49171
2021-05-14 09:17:37,5331.8,49515
2021-05-14 09:17:38,5334.45,49518
2021-05-14 09:17:39,5331.95,50512
2021-05-14 09:17:40,5332.05,50636
2021-05-14 09:17:42,5333.05,50715
2021-05-14 09:17:43,5333.0,50735
2021-05-14 09:17:44,5334.55,51076
2021-05-14 09:17:45,5332.3,51244
2021-05-14 09:17:45,5331.05,51285
2021-05-14 09:17:47,5331.85,51458
2021-05-14 09:17:48,5333.5,51559
2021-05-14 09:17:49,5331.85,51579
2021-05-14 09:17:49,5331.85,51579
2021-05-14 09:17:51,5330.4,51676
2021-05-14 09:17:51,5332.0,51776
2021-05-14 09:17:53,5334.65,51841
2021-05-14 09:17:54,5333.65,51865
2021-05-14 09:17:55,5332.0,51914
2021-05-14 09:17:55,5332.0,51914
2021-05-14 09:17:56,5332.0,52004
2021-05-14 09:17:57,5332.0,52021
2021-05-14 09:17:58,5334.0,52275
2021-05-14 09:17:59,5331.4,52323
2021-05-14 09:18:00,5333.65,52487
2021-05-14 09:18:02,5332.0,52646
2021-05-14 09:18:02,5332.0,52646
2021-05-14 09:18:04,5334.3,52664
2021-05-14 09:18:05,5334.3,52722
2021-05-14 09:18:06,5333.1,52752
2021-05-14 09:18:07,5334.05,52998
2021-05-14 09:18:07,5332.0,53032
2021-05-14 09:18:09,5334.05,53191
2021-05-14 09:18:10,5332.05,53305
2021-05-14 09:18:10,5333.35,53303
2021-05-14 09:18:11,5333.35,53431
2021-05-14 09:18:13,5332.8,53608
2021-05-14 09:18:14,5332.95,53703
2021-05-14 09:18:14,5332.95,53703
2021-05-14 09:18:16,5332.9,53879
2021-05-14 09:18:16,5332.9,53879
2021-05-14 09:18:17,5332.4,53887
2021-05-14 09:18:19,5333.2,53965
2021-05-14 09:18:19,5333.2,53965
2021-05-14 09:18:21,5333.35,53971
2021-05-14 09:18:21,5333.35,53971
2021-05-14 09:18:23,5333.2,54199
2021-05-14 09:18:24,5334.3,54385
2021-05-14 09:18:24,5332.1,54386
2021-05-14 09:18:26,5334.45,54585
2021-05-14 09:18:27,5334.7,54646
2021-05-14 09:18:28,5334.3,54656
2021-05-14 09:18:29,5334.0,54660
2021-05-14 09:18:30,5333.7,54938
2021-05-14 09:18:31,5333.05,55041
2021-05-14 09:18:31,5333.05,55041
2021-05-14 09:18:32,5335.0,55198
2021-05-14 09:18:34,5335.4,55315
2021-05-14 09:18:35,5335.4,55315
2021-05-14 09:18:36,5335.6,55324
2021-05-14 09:18:36,5333.45,55369
2021-05-14 09:18:37,5335.0,55428
2021-05-14 09:18:39,5333.75,55463
2021-05-14 09:18:39,5333.75,55463
2021-05-14 09:18:41,5334.05,55674
2021-05-14 09:18:42,5336.25,55741
2021-05-14 09:18:43,5335.9,55800
2021-05-14 09:18:43,5333.9,55844
2021-05-14 09:18:45,5332.65,56591
2021-05-14 09:18:45,5332.0,56802
2021-05-14 09:18:46,5331.9,56903
2021-05-14 09:18:48,5332.5,57024
2021-05-14 09:18:48,5332.5,56971
2021-05-14 09:18:50,5332.5,57038
2021-05-14 09:18:50,5331.9,57043
2021-05-14 09:18:52,5331.7,57135
2021-05-14 09:18:52,5331.7,57138
2021-05-14 09:18:53,5328.0,58402
2021-05-14 09:18:54,5328.2,58810
2021-05-14 09:18:56,5331.65,58886
2021-05-14 09:18:57,5328.65,58896
2021-05-14 09:18:58,5328.65,58896
2021-05-14 09:19:00,5331.5,59064
2021-05-14 09:19:00,5330.1,59065
2021-05-14 09:19:02,5331.25,59231
2021-05-14 09:19:02,5331.25,59231
2021-05-14 09:19:04,5331.25,59263
2021-05-14 09:19:04,5331.25,59263
2021-05-14 09:19:06,5331.45,59362
2021-05-14 09:19:07,5331.25,59366
2021-05-14 09:19:08,5328.9,59464
2021-05-14 09:19:09,5329.1,59508
2021-05-14 09:19:10,5330.1,59537
2021-05-14 09:19:11,5331.35,59542
2021-05-14 09:19:12,5331.65,59551
2021-05-14 09:19:12,5331.65,59551
2021-05-14 09:19:14,5331.0,59589
2021-05-14 09:19:15,5331.0,59601
2021-05-14 09:19:16,5330.05,59631
2021-05-14 09:19:17,5329.7,59633
2021-05-14 09:19:18,5331.0,59637
2021-05-14 09:19:19,5331.4,60689
2021-05-14 09:19:20,5331.4,60689
2021-05-14 09:19:21,5331.4,60689
2021-05-14 09:19:23,5332.0,60947
2021-05-14 09:19:23,5332.0,60947
2021-05-14 09:19:25,5331.25,61065
2021-05-14 09:19:26,5331.25,61065
2021-05-14 09:19:27,5334.4,61091
2021-05-14 09:19:27,5334.4,61091
2021-05-14 09:19:29,5333.05,61183
2021-05-14 09:19:29,5334.6,61243
2021-05-14 09:19:31,5334.6,61243
2021-05-14 09:19:32,5335.0,61387
2021-05-14 09:19:33,5335.0,61399
2021-05-14 09:19:34,5335.0,61399
2021-05-14 09:19:35,5332.4,61470
2021-05-14 09:19:36,5332.4,61470
2021-05-14 09:19:37,5334.7,61491
2021-05-14 09:19:38,5334.7,61491
2021-05-14 09:19:39,5334.6,61920
2021-05-14 09:19:40,5335.0,61953
2021-05-14 09:19:41,5335.0,61968
2021-05-14 09:19:42,5332.65,61978
2021-05-14 09:19:44,5338.8,62367
2021-05-14 09:19:43,5338.0,62362
2021-05-14 09:19:46,5336.3,62412
2021-05-14 09:19:47,5338.6,62417
2021-05-14 09:19:48,5338.6,62417
2021-05-14 09:19:49,5338.4,62525
2021-05-14 09:19:50,5336.3,62668
2021-05-14 09:19:52,5336.05,62854
2021-05-14 09:19:55,5334.65,63204
2021-05-14 09:19:56,5334.7,63273
2021-05-14 09:19:57,5337.3,63275
2021-05-14 09:19:58,5336.3,63335
2021-05-14 09:19:59,5337.45,63340
2021-05-14 09:20:00,5335.5,63353
2021-05-14 09:20:01,5336.95,63377
2021-05-14 09:20:02,5336.95,63426
2021-05-14 09:20:03,5333.0,64100
2021-05-14 09:20:04,5333.85,64124
2021-05-14 09:20:05,5334.95,64347
2021-05-14 09:20:06,5331.35,64372
2021-05-14 09:20:07,5334.0,64373
2021-05-14 09:20:08,5334.0,64387
2021-05-14 09:20:09,5331.5,64417
2021-05-14 09:20:10,5332.9,64537
2021-05-14 09:20:11,5332.9,64537
2021-05-14 09:20:12,5332.0,64676
2021-05-14 09:20:13,5330.35,64685
2021-05-14 09:20:14,5328.0,65752
2021-05-14 09:20:15,5330.45,65760
2021-05-14 09:20:16,5330.45,65765
2021-05-14 09:20:17,5330.45,65791
2021-05-14 09:20:18,5330.5,65798
2021-05-14 09:20:19,5330.75,65808
2021-05-14 09:20:20,5328.5,65824
2021-05-14 09:20:21,5329.0,65875
2021-05-14 09:20:22,5330.45,66010
2021-05-14 09:20:23,5330.3,66046
2021-05-14 09:20:24,5327.7,66730
2021-05-14 09:20:25,5327.3,67030
2021-05-14 09:20:26,5328.5,67031
2021-05-14 09:20:27,5330.15,67086
2021-05-14 09:20:28,5330.15,67087
2021-05-14 09:20:29,5327.65,67628
2021-05-14 09:20:30,5328.8,67746
2021-05-14 09:20:31,5328.5,67804
2021-05-14 09:20:32,5329.25,68650
2021-05-14 09:20:33,5329.25,68650
2021-05-14 09:20:34,5328.75,68672
2021-05-14 09:20:35,5328.15,68684
2021-05-14 09:20:36,5328.2,68773
2021-05-14 09:20:37,5329.45,68775
2021-05-14 09:20:38,5328.2,68777
2021-05-14 09:20:39,5328.5,68932
2021-05-14 09:20:40,5328.5,68932
2021-05-14 09:20:41,5326.2,69517
2021-05-14 09:20:42,5326.2,69517
2021-05-14 09:20:43,5328.4,69595
2021-05-14 09:20:44,5330.0,69667
2021-05-14 09:20:45,5330.0,69672
2021-05-14 09:20:46,5330.0,69952
2021-05-14 09:20:47,5326.15,69965
2021-05-14 09:20:48,5330.4,70036
2021-05-14 09:20:50,5327.95,71318
2021-05-14 09:20:49,5327.95,71318
2021-05-14 09:20:51,5328.9,71424
2021-05-14 09:20:52,5330.0,71464
2021-05-14 09:20:53,5330.0,71561
2021-05-14 09:20:54,5330.0,71561
2021-05-14 09:20:56,5330.5,71567
2021-05-14 09:20:55,5330.95,71562
2021-05-14 09:20:58,5331.3,72173
2021-05-14 09:20:57,5332.55,72137
2021-05-14 09:20:59,5333.0,72209
2021-05-14 09:21:00,5332.3,72212
2021-05-14 09:21:01,5334.95,72331
2021-05-14 09:21:02,5334.95,72332
2021-05-14 09:21:03,5336.75,72617
2021-05-14 09:21:04,5336.9,72618
2021-05-14 09:21:05,5336.6,72740
2021-05-14 09:21:06,5338.0,72800
2021-05-14 09:21:07,5338.0,72800
2021-05-14 09:21:08,5337.0,72802
2021-05-14 09:21:09,5336.8,72872
2021-05-14 09:21:10,5336.0,72993
2021-05-14 09:21:11,5337.1,72996
2021-05-14 09:21:12,5336.8,73000
2021-05-14 09:21:13,5334.1,73039
2021-05-14 09:21:14,5336.05,73058
2021-05-14 09:21:15,5334.3,73081
2021-05-14 09:21:16,5335.95,73358
2021-05-14 09:21:17,5336.0,73360
2021-05-14 09:21:18,5333.0,73392
2021-05-14 09:21:19,5331.85,73513
2021-05-14 09:21:20,5332.85,73543
2021-05-14 09:21:21,5330.25,73563
2021-05-14 09:21:22,5332.4,73593
2021-05-14 09:21:24,5331.0,73847
2021-05-14 09:21:25,5331.0,73847
2021-05-14 09:21:27,5332.6,73871
2021-05-14 09:21:28,5329.7,73976
2021-05-14 09:21:30,5333.0,73996
2021-05-14 09:21:29,5333.0,73981
2021-05-14 09:21:31,5331.85,73998
2021-05-14 09:21:32,5331.95,74000
2021-05-14 09:21:33,5331.0,74045
2021-05-14 09:21:35,5331.0,74046
2021-05-14 09:21:35,5331.0,74056
2021-05-14 09:21:37,5331.0,74062
2021-05-14 09:21:38,5331.0,74099
2021-05-14 09:21:39,5331.0,74122
2021-05-14 09:21:39,5331.0,74122
2021-05-14 09:21:40,5330.0,74126
2021-05-14 09:21:41,5331.0,74137
2021-05-14 09:21:42,5331.0,74147
2021-05-14 09:21:43,5331.0,74147
2021-05-14 09:21:44,5331.0,74147
2021-05-14 09:21:45,5331.0,74167
2021-05-14 09:21:46,5331.0,74189
2021-05-14 09:21:47,5331.0,74189
2021-05-14 09:21:48,5330.0,74475
2021-05-14 09:21:49,5329.45,74636
2021-05-14 09:21:50,5327.0,74646
2021-05-14 09:21:51,5327.0,74646
2021-05-14 09:21:52,5330.25,75009
2021-05-14 09:21:53,5329.85,75034
2021-05-14 09:21:54,5329.85,75037
2021-05-14 09:21:55,5329.85,75037
2021-05-14 09:21:56,5327.15,75062
2021-05-14 09:21:57,5327.1,75064
2021-05-14 09:21:58,5327.1,75064
2021-05-14 09:21:59,5328.0,75071
2021-05-14 09:22:01,5327.0,75145
2021-05-14 09:22:02,5328.0,75191
2021-05-14 09:22:03,5328.0,75193
2021-05-14 09:22:04,5325.0,76233
2021-05-14 09:22:05,5325.0,76243
2021-05-14 09:22:06,5327.3,76277
2021-05-14 09:22:07,5325.0,76304
2021-05-14 09:22:08,5327.0,76307
2021-05-14 09:22:09,5325.6,77724
2021-05-14 09:22:10,5322.5,77739
2021-05-14 09:22:11,5326.75,77886
2021-05-14 09:22:12,5324.65,77900
2021-05-14 09:22:13,5327.45,78067
2021-05-14 09:22:14,5326.05,78117
2021-05-14 09:22:15,5326.0,78184
2021-05-14 09:22:16,5327.45,78254
2021-05-14 09:22:17,5325.0,78280
2021-05-14 09:22:18,5327.0,78371
2021-05-14 09:22:19,5327.0,78371
2021-05-14 09:22:20,5326.0,78401
2021-05-14 09:22:26,5320.5,81464
2021-05-14 09:22:31,5323.05,82620
2021-05-14 09:22:34,5323.65,82817
2021-05-14 09:22:35,5321.25,82834
2021-05-14 09:22:36,5321.0,82937
2021-05-14 09:22:37,5323.0,82953
2021-05-14 09:22:38,5322.95,83062
2021-05-14 09:22:39,5321.3,83103
2021-05-14 09:22:40,5321.3,83103
2021-05-14 09:22:41,5319.5,83140
2021-05-14 09:22:42,5320.5,83253
2021-05-14 09:22:43,5321.0,83254
2021-05-14 09:22:44,5321.9,83508
2021-05-14 09:22:45,5321.9,83636
2021-05-14 09:22:46,5321.7,83644
2021-05-14 09:22:47,5320.5,83645
2021-05-14 09:22:48,5318.3,83775
2021-05-14 09:22:49,5316.15,84426
2021-05-14 09:22:50,5317.05,84616
2021-05-14 09:22:51,5315.0,84819
2021-05-14 09:22:52,5316.1,84935
2021-05-14 09:22:53,5315.0,85102
2021-05-14 09:22:54,5316.15,85111
2021-05-14 09:22:55,5318.7,85231
2021-05-14 09:22:56,5316.15,85242
2021-05-14 09:22:57,5316.15,85342
2021-05-14 09:22:58,5318.95,85344
2021-05-14 09:22:59,5316.65,85644
2021-05-14 09:23:00,5318.0,85650
2021-05-14 09:23:01,5317.8,85727
2021-05-14 09:23:02,5320.0,85886
2021-05-14 09:23:03,5320.0,85886
2021-05-14 09:23:04,5319.0,85988
2021-05-14 09:23:05,5319.0,85988
2021-05-14 09:23:06,5319.0,85988
2021-05-14 09:23:07,5320.0,86033
2021-05-14 09:23:08,5318.0,86049
2021-05-14 09:23:09,5318.0,86073
2021-05-14 09:23:10,5318.0,86093
2021-05-14 09:23:11,5318.0,86203
2021-05-14 09:23:12,5319.0,86210
2021-05-14 09:23:13,5320.0,86584
2021-05-14 09:23:14,5320.0,86635
2021-05-14 09:23:15,5320.0,86911
2021-05-14 09:23:16,5322.0,87071
2021-05-14 09:23:17,5320.5,87300
2021-05-14 09:23:18,5320.5,87326
2021-05-14 09:23:19,5322.5,87429
2021-05-14 09:23:20,5321.3,87434
2021-05-14 09:23:21,5321.4,87454
2021-05-14 09:23:22,5321.75,87503
2021-05-14 09:23:23,5320.55,87893
2021-05-14 09:23:24,5317.55,88070
2021-05-14 09:23:25,5319.0,88099
2021-05-14 09:23:26,5320.0,88160
2021-05-14 09:23:33,5319.0,88457
2021-05-14 09:23:34,5319.0,88465
2021-05-14 09:23:35,5320.0,88466
2021-05-14 09:23:37,5319.85,88477
2021-05-14 09:23:38,5319.85,88493
2021-05-14 09:23:40,5319.85,88530
2021-05-14 09:23:41,5319.95,88560
2021-05-14 09:23:42,5321.25,88826
2021-05-14 09:23:43,5323.35,88837
2021-05-14 09:23:44,5323.35,88837
2021-05-14 09:23:45,5324.95,88849
2021-05-14 09:23:46,5323.0,88855
2021-05-14 09:23:47,5324.5,88873
2021-05-14 09:23:48,5322.85,88909
2021-05-14 09:23:49,5320.85,88952
2021-05-14 09:23:50,5321.5,88967
2021-05-14 09:23:51,5321.5,88969
2021-05-14 09:23:52,5320.0,89179
2021-05-14 09:23:53,5319.95,89184
2021-05-14 09:23:54,5319.85,89287
2021-05-14 09:23:55,5319.85,89287
2021-05-14 09:23:56,5324.0,89395
2021-05-14 09:23:57,5321.1,89477
2021-05-14 09:23:58,5321.1,89477
2021-05-14 09:23:59,5321.05,89483
2021-05-14 09:24:00,5323.45,89495
2021-05-14 09:24:01,5321.05,89512
2021-05-14 09:24:02,5321.05,89512
2021-05-14 09:24:03,5321.05,89570
2021-05-14 09:24:04,5321.35,89589
2021-05-14 09:24:05,5323.8,89639
2021-05-14 09:24:06,5321.05,89646
2021-05-14 09:24:07,5320.7,89682
2021-05-14 09:24:08,5320.7,89682
2021-05-14 09:24:09,5323.0,89692
2021-05-14 09:24:10,5323.0,89692
2021-05-14 09:24:11,5323.0,89692
2021-05-14 09:24:12,5321.8,89711
2021-05-14 09:24:13,5321.8,89711
2021-05-14 09:24:15,5321.8,89724
2021-05-14 09:24:16,5321.8,89724
2021-05-14 09:24:17,5321.8,89726
2021-05-14 09:24:18,5321.8,89731
2021-05-14 09:24:19,5321.0,89762
2021-05-14 09:24:20,5323.0,89800
2021-05-14 09:24:21,5321.0,89810
2021-05-14 09:24:22,5321.0,89810
2021-05-14 09:24:24,5323.0,89816
2021-05-14 09:24:25,5323.0,89816
2021-05-14 09:24:26,5321.8,89827
2021-05-14 09:24:27,5322.0,89839
2021-05-14 09:24:28,5322.0,89887
2021-05-14 09:24:29,5322.0,89908
2021-05-14 09:24:30,5322.0,90018
2021-05-14 09:24:31,5321.8,90054
2021-05-14 09:24:32,5321.0,90073
2021-05-14 09:24:33,5323.0,90114
2021-05-14 09:24:34,5323.0,90139
2021-05-14 09:24:35,5322.0,90146
2021-05-14 09:24:35,5322.0,90146
2021-05-14 09:24:36,5322.0,90146
2021-05-14 09:24:37,5322.0,90146
2021-05-14 09:24:38,5323.0,90272
2021-05-14 09:24:39,5324.0,90292
2021-05-14 09:24:42,5322.95,90576
2021-05-14 09:24:43,5323.5,90737
2021-05-14 09:24:44,5323.5,90737
2021-05-14 09:24:45,5323.25,90762
2021-05-14 09:24:46,5323.25,90762
2021-05-14 09:24:48,5325.65,90804
2021-05-14 09:24:49,5325.65,90804
2021-05-14 09:24:50,5327.8,91164
2021-05-14 09:24:51,5327.8,91164
2021-05-14 09:24:52,5328.05,91219
2021-05-14 09:24:53,5329.75,91287
2021-05-14 09:24:54,5328.1,91291
2021-05-14 09:24:55,5328.1,91291
2021-05-14 09:24:56,5329.75,91347
2021-05-14 09:24:57,5329.85,91351
2021-05-14 09:24:58,5329.0,91354
2021-05-14 09:24:59,5329.0,91354
2021-05-14 09:25:00,5330.0,91386
2021-05-14 09:25:01,5330.0,91486
2021-05-14 09:25:02,5327.9,91797
2021-05-14 09:25:03,5327.9,91797
2021-05-14 09:25:04,5325.55,91941
2021-05-14 09:25:05,5325.0,91969
2021-05-14 09:25:06,5326.2,91989
2021-05-14 09:25:07,5326.2,92014
2021-05-14 09:25:08,5326.3,92085
2021-05-14 09:25:09,5326.2,92106
2021-05-14 09:25:10,5326.2,92106
2021-05-14 09:25:11,5325.0,92118
2021-05-14 09:25:12,5325.0,92118
2021-05-14 09:25:13,5326.2,92119
2021-05-14 09:25:13,5326.2,92119
2021-05-14 09:25:14,5326.2,92124
2021-05-14 09:25:15,5325.0,92205
2021-05-14 09:25:16,5324.6,92267
2021-05-14 09:25:17,5325.0,92483
2021-05-14 09:25:19,5325.55,92576
2021-05-14 09:25:20,5325.1,93231
2021-05-14 09:25:21,5321.5,93384
2021-05-14 09:25:22,5325.45,93514
2021-05-14 09:25:23,5325.45,93514
2021-05-14 09:25:24,5327.2,93614
2021-05-14 09:25:25,5328.0,93661
2021-05-14 09:25:26,5328.0,93661
2021-05-14 09:25:27,5328.0,93662
2021-05-14 09:25:28,5326.0,93670
2021-05-14 09:25:29,5329.15,93685
2021-05-14 09:25:30,5328.0,93753
2021-05-14 09:25:31,5332.1,94995
2021-05-14 09:25:32,5334.65,95064
2021-05-14 09:25:33,5334.65,95064
2021-05-14 09:25:34,5334.2,95434
2021-05-14 09:25:35,5333.95,95485
2021-05-14 09:25:36,5335.8,95514
2021-05-14 09:25:37,5334.1,95534
2021-05-14 09:25:38,5336.0,96283
2021-05-14 09:25:44,5334.45,96897
2021-05-14 09:25:45,5336.0,96922
2021-05-14 09:25:46,5336.0,96922
2021-05-14 09:25:48,5334.0,97002
2021-05-14 09:25:49,5335.0,97033
2021-05-14 09:25:50,5335.0,97034
2021-05-14 09:25:51,5334.15,97094
2021-05-14 09:25:52,5334.1,97253
2021-05-14 09:25:53,5334.1,97253
2021-05-14 09:25:54,5335.15,97261
2021-05-14 09:25:55,5335.25,97376
2021-05-14 09:25:56,5335.55,97571
2021-05-14 09:25:57,5335.4,97576
2021-05-14 09:25:58,5337.0,97626
2021-05-14 09:25:59,5337.0,97630
2021-05-14 09:26:00,5337.0,97683
2021-05-14 09:26:01,5335.2,97807
2021-05-14 09:26:02,5337.0,97841
2021-05-14 09:26:03,5337.5,97963
2021-05-14 09:26:04,5337.45,97993
2021-05-14 09:26:05,5337.3,98051
2021-05-14 09:26:06,5338.0,98644
2021-05-14 09:26:07,5338.0,98660
2021-05-14 09:26:08,5338.0,98660
2021-05-14 09:26:10,5338.8,99175
2021-05-14 09:26:11,5338.85,99186
2021-05-14 09:26:15,5338.0,101280
2021-05-14 09:26:18,5343.65,101617
2021-05-14 09:26:19,5342.0,101633
2021-05-14 09:26:20,5339.1,102133
2021-05-14 09:26:22,5343.0,102227
2021-05-14 09:26:23,5343.25,102233
2021-05-14 09:26:24,5340.4,102243
2021-05-14 09:26:25,5340.65,102264
2021-05-14 09:26:26,5343.0,102299
2021-05-14 09:26:27,5344.0,102323
2021-05-14 09:26:28,5344.0,102378
2021-05-14 09:26:30,5342.25,103733
2021-05-14 09:26:31,5340.65,104045
2021-05-14 09:26:32,5340.65,104045
2021-05-14 09:26:33,5340.65,104045
2021-05-14 09:26:34,5343.0,104062
2021-05-14 09:26:35,5343.0,104062
2021-05-14 09:26:36,5343.6,104292
2021-05-14 09:26:37,5340.0,104451
2021-05-14 09:26:38,5341.8,104528
2021-05-14 09:26:39,5343.0,104535
2021-05-14 09:26:40,5341.0,104541
2021-05-14 09:26:41,5340.5,104549
2021-05-14 09:26:42,5341.55,104648
2021-05-14 09:26:43,5340.0,104984
2021-05-14 09:26:44,5339.95,105045
2021-05-14 09:26:44,5339.95,105045
2021-05-14 09:26:45,5337.7,105092
2021-05-14 09:26:46,5339.55,105138
2021-05-14 09:26:47,5340.0,105154
2021-05-14 09:26:48,5341.05,105224
2021-05-14 09:26:49,5339.95,105393
2021-05-14 09:26:50,5340.6,105554
2021-05-14 09:26:52,5341.0,105774
2021-05-14 09:26:52,5341.0,105824
2021-05-14 09:26:53,5343.0,105885
2021-05-14 09:26:54,5343.85,106077
2021-05-14 09:26:55,5342.55,106248
2021-05-14 09:26:57,5341.0,106303
2021-05-14 09:26:58,5341.0,106456
2021-05-14 09:26:59,5340.65,106461
2021-05-14 09:27:00,5342.75,106585
2021-05-14 09:27:01,5341.55,106596
2021-05-14 09:27:02,5341.55,106630
2021-05-14 09:27:03,5342.85,106880
2021-05-14 09:27:04,5342.85,106880
2021-05-14 09:27:05,5342.85,106970
2021-05-14 09:27:06,5341.0,106980
2021-05-14 09:27:07,5343.0,107048
2021-05-14 09:27:08,5343.0,107184
2021-05-14 09:27:09,5343.0,107208
2021-05-14 09:27:10,5343.0,107298
2021-05-14 09:27:11,5342.55,107350
2021-05-14 09:27:12,5343.9,107379
2021-05-14 09:27:13,5343.0,107381
2021-05-14 09:27:14,5342.0,107389
2021-05-14 09:27:15,5343.9,107539
2021-05-14 09:27:17,5343.15,108055
2021-05-14 09:27:18,5345.0,108265
2021-05-14 09:27:19,5345.0,108294
2021-05-14 09:27:20,5342.0,109397
2021-05-14 09:27:21,5341.3,109424
2021-05-14 09:27:22,5342.2,109553
2021-05-14 09:27:23,5340.1,109565
2021-05-14 09:27:24,5342.45,109624
2021-05-14 09:27:25,5342.45,109635
2021-05-14 09:27:26,5343.6,109658
2021-05-14 09:27:27,5342.0,109663
2021-05-14 09:27:28,5342.0,109663
2021-05-14 09:27:29,5343.75,109664
2021-05-14 09:27:30,5343.3,109665
2021-05-14 09:27:31,5343.4,109775
2021-05-14 09:27:32,5345.0,109799
2021-05-14 09:27:33,5342.6,109964
2021-05-14 09:27:34,5343.0,109975
2021-05-14 09:27:35,5342.2,110036
2021-05-14 09:27:36,5342.2,110065
2021-05-14 09:27:37,5342.2,110186
2021-05-14 09:27:38,5342.2,110186
2021-05-14 09:27:39,5343.0,110237
2021-05-14 09:27:40,5343.0,110257
2021-05-14 09:27:41,5343.0,110257
2021-05-14 09:27:42,5343.0,110258
2021-05-14 09:27:43,5344.55,110260
2021-05-14 09:27:44,5344.55,110260
2021-05-14 09:27:45,5344.5,110371
2021-05-14 09:27:46,5344.0,110386
2021-05-14 09:27:47,5347.0,111700
2021-05-14 09:27:48,5344.2,111750
2021-05-14 09:27:49,5345.0,111994
2021-05-14 09:27:50,5345.0,112056
2021-05-14 09:27:51,5344.0,112349
2021-05-14 09:27:52,5343.65,113417
2021-05-14 09:27:53,5343.65,113417
2021-05-14 09:27:54,5343.95,113497
2021-05-14 09:27:55,5341.0,113726
2021-05-14 09:27:56,5343.0,113735
2021-05-14 09:27:57,5343.5,114085
2021-05-14 09:27:58,5343.0,114675
2021-05-14 09:27:59,5343.0,114675
2021-05-14 09:28:00,5343.0,114679
2021-05-14 09:28:01,5344.0,114779
2021-05-14 09:28:02,5343.55,114781
2021-05-14 09:28:03,5344.0,114831
2021-05-14 09:28:04,5342.1,114897
2021-05-14 09:28:05,5343.0,114898
2021-05-14 09:28:06,5343.0,114898
2021-05-14 09:28:07,5343.85,114899
2021-05-14 09:28:08,5343.55,114906
2021-05-14 09:28:09,5343.0,115002
2021-05-14 09:28:10,5343.0,115007
2021-05-14 09:28:11,5344.0,115018
2021-05-14 09:28:12,5343.0,115023
2021-05-14 09:28:13,5345.5,116382
2021-05-14 09:28:14,5346.0,116428
2021-05-14 09:28:15,5345.0,116459
2021-05-14 09:28:16,5343.25,116535
2021-05-14 09:28:17,5346.8,116570
2021-05-14 09:28:18,5347.55,116782
2021-05-14 09:28:19,5347.0,116896
2021-05-14 09:28:20,5350.0,119311
2021-05-14 09:28:21,5351.85,122065
2021-05-14 09:28:22,5347.4,122078
2021-05-14 09:28:24,5349.55,122107
2021-05-14 09:28:25,5347.7,122157
2021-05-14 09:28:26,5350.95,122278
2021-05-14 09:28:27,5348.95,122290
2021-05-14 09:28:28,5351.0,122326
2021-05-14 09:28:29,5351.0,122332
2021-05-14 09:28:30,5351.0,122352
2021-05-14 09:28:31,5349.0,122375
2021-05-14 09:28:32,5351.0,122397
2021-05-14 09:28:33,5351.0,122498
2021-05-14 09:28:34,5350.0,122874
2021-05-14 09:28:35,5350.0,122888
2021-05-14 09:28:36,5350.0,122949
2021-05-14 09:28:37,5351.0,122984
2021-05-14 09:28:38,5349.45,123238
2021-05-14 09:28:39,5351.85,123269
2021-05-14 09:28:40,5349.1,123449
2021-05-14 09:28:41,5348.55,123821
2021-05-14 09:28:42,5348.55,123896
2021-05-14 09:28:43,5348.55,123897
2021-05-14 09:28:44,5346.05,124002
2021-05-14 09:28:45,5348.85,124079
2021-05-14 09:28:46,5348.85,124079
2021-05-14 09:28:47,5348.85,124092
2021-05-14 09:28:48,5348.8,124093
2021-05-14 09:28:49,5348.5,124116
2021-05-14 09:28:50,5346.0,124202
2021-05-14 09:28:51,5346.0,124228
2021-05-14 09:28:51,5348.35,124328
2021-05-14 09:28:53,5345.05,124475
2021-05-14 09:28:54,5347.8,124540
2021-05-14 09:28:55,5348.4,124629
2021-05-14 09:28:56,5348.0,124631
2021-05-14 09:28:57,5346.35,124763
2021-05-14 09:28:58,5348.0,124766
2021-05-14 09:28:59,5348.0,124766
2021-05-14 09:29:00,5348.0,124806
2021-05-14 09:29:01,5348.85,124852
2021-05-14 09:29:02,5348.85,124853
2021-05-14 09:29:03,5347.8,124911
2021-05-14 09:29:04,5346.7,125055
2021-05-14 09:29:05,5346.7,125055
2021-05-14 09:29:07,5347.8,125076
2021-05-14 09:29:08,5348.0,125081
2021-05-14 09:29:09,5347.95,125087
2021-05-14 09:29:10,5348.0,125200
2021-05-14 09:29:11,5348.15,125440
2021-05-14 09:29:12,5348.6,125493
2021-05-14 09:29:12,5347.0,125494
2021-05-14 09:29:13,5347.0,125524
2021-05-14 09:29:14,5347.95,125574
2021-05-14 09:29:15,5348.75,125594
2021-05-14 09:29:16,5348.15,125595
2021-05-14 09:29:18,5348.7,125628
2021-05-14 09:29:20,5347.55,125683
2021-05-14 09:29:22,5347.55,125701
2021-05-14 09:29:25,5349.0,125744
2021-05-14 09:29:26,5349.0,125762
2021-05-14 09:29:27,5348.05,125777
2021-05-14 09:29:28,5348.7,126335
2021-05-14 09:29:29,5348.6,126370
2021-05-14 09:29:29,5346.65,126371
2021-05-14 09:29:31,5348.8,126557
2021-05-14 09:29:32,5348.0,126558
2021-05-14 09:29:33,5347.05,126579
2021-05-14 09:29:34,5348.55,126629
2021-05-14 09:29:35,5349.0,126650
2021-05-14 09:29:36,5349.1,126673
2021-05-14 09:29:37,5349.0,126744
2021-05-14 09:29:38,5349.0,126759
2021-05-14 09:29:39,5349.0,126759
2021-05-14 09:29:40,5350.0,126973
2021-05-14 09:29:41,5349.0,127083
2021-05-14 09:29:42,5349.0,127083
2021-05-14 09:29:43,5349.0,127155
2021-05-14 09:29:44,5348.05,127180
2021-05-14 09:29:45,5350.0,127575
2021-05-14 09:29:46,5349.0,127586
2021-05-14 09:29:47,5349.0,127634
2021-05-14 09:29:47,5349.0,127642
2021-05-14 09:29:48,5350.0,129699
2021-05-14 09:29:49,5349.05,129719
2021-05-14 09:29:50,5348.45,129775
2021-05-14 09:29:51,5348.4,129939
2021-05-14 09:29:53,5351.0,129956
2021-05-14 09:29:54,5350.0,129980
2021-05-14 09:29:55,5351.45,129985
2021-05-14 09:29:56,5351.8,129996
2021-05-14 09:29:57,5350.05,129998
2021-05-14 09:29:58,5352.0,130132
2021-05-14 09:29:59,5352.0,130148
2021-05-14 09:30:00,5351.0,130174
2021-05-14 09:30:01,5350.25,130217
2021-05-14 09:30:02,5352.95,130651
2021-05-14 09:30:03,5351.1,131243
2021-05-14 09:30:04,5351.0,131280
2021-05-14 09:30:05,5351.2,131300
2021-05-14 09:30:06,5351.0,131330
2021-05-14 09:30:07,5351.8,131332
2021-05-14 09:30:08,5350.0,131485
2021-05-14 09:30:09,5348.0,131967
2021-05-14 09:30:10,5348.7,132189
2021-05-14 09:30:11,5348.25,132251
2021-05-14 09:30:12,5348.05,132259
2021-05-14 09:30:13,5349.3,132314
2021-05-14 09:30:14,5348.5,132318
2021-05-14 09:30:15,5348.5,132320
2021-05-14 09:30:16,5348.05,132333
2021-05-14 09:30:17,5348.05,132333
2021-05-14 09:30:18,5348.05,132400
2021-05-14 09:30:19,5349.1,132574
2021-05-14 09:30:20,5348.05,132608
2021-05-14 09:30:21,5348.05,132611
2021-05-14 09:30:22,5345.0,132911
2021-05-14 09:30:23,5345.05,133021
2021-05-14 09:30:24,5345.65,133055
2021-05-14 09:30:25,5346.5,133076
2021-05-14 09:30:26,5346.5,133076
2021-05-14 09:30:27,5346.5,133076
2021-05-14 09:30:28,5348.35,133161
2021-05-14 09:30:29,5348.5,133172
2021-05-14 09:30:30,5349.4,133227
2021-05-14 09:30:31,5349.4,133227
2021-05-14 09:30:32,5348.0,133272
2021-05-14 09:30:33,5345.65,133372
2021-05-14 09:30:34,5345.65,133374
2021-05-14 09:30:35,5346.55,133385
2021-05-14 09:30:36,5347.0,133565
2021-05-14 09:30:37,5348.95,133584
2021-05-14 09:30:38,5349.0,133586
2021-05-14 09:30:39,5348.0,133606
2021-05-14 09:30:40,5348.0,133728
2021-05-14 09:30:41,5348.0,133748
2021-05-14 09:30:42,5348.0,133758
2021-05-14 09:30:43,5350.0,133793
2021-05-14 09:30:44,5350.0,134471
2021-05-14 09:30:45,5348.0,134491
2021-05-14 09:30:46,5346.75,134597
2021-05-14 09:30:47,5346.25,134697
2021-05-14 09:30:48,5349.55,134982
2021-05-14 09:30:49,5349.55,134982
2021-05-14 09:30:50,5350.5,134996
2021-05-14 09:30:51,5350.45,135009
2021-05-14 09:30:52,5348.1,135011
2021-05-14 09:30:53,5350.0,135163
2021-05-14 09:30:54,5348.1,135628
2021-05-14 09:30:55,5348.1,135678
2021-05-14 09:30:56,5348.1,135678
2021-05-14 09:30:57,5348.1,135689
2021-05-14 09:30:58,5348.0,135707
2021-05-14 09:30:59,5349.85,135775
2021-05-14 09:31:00,5349.8,135790
2021-05-14 09:31:01,5349.0,135824
2021-05-14 09:31:02,5348.05,135895
2021-05-14 09:31:03,5348.05,135896
2021-05-14 09:31:04,5349.0,136105
2021-05-14 09:31:05,5348.2,136860
2021-05-14 09:31:06,5350.0,136904
2021-05-14 09:31:07,5350.0,136904
2021-05-14 09:31:08,5350.0,136904
2021-05-14 09:31:09,5350.0,136904
2021-05-14 09:31:10,5352.0,138581
2021-05-14 09:31:11,5350.15,138636
2021-05-14 09:31:12,5350.0,138659
2021-05-14 09:31:13,5350.0,138849
2021-05-14 09:31:15,5353.0,139128
2021-05-14 09:31:16,5348.65,139143
2021-05-14 09:31:17,5348.1,139313
2021-05-14 09:31:18,5350.15,139362
2021-05-14 09:31:19,5350.0,139375
2021-05-14 09:31:20,5350.75,139499
2021-05-14 09:31:21,5348.35,139570
2021-05-14 09:31:22,5352.4,139585
2021-05-14 09:31:23,5352.2,139647
2021-05-14 09:31:24,5352.2,139647
2021-05-14 09:31:25,5350.3,139708
2021-05-14 09:31:26,5351.0,139733
2021-05-14 09:31:32,5352.0,140183
2021-05-14 09:31:33,5353.0,140206
2021-05-14 09:31:34,5351.8,140248
2021-05-14 09:31:35,5350.0,140294
2021-05-14 09:31:36,5352.1,140445
2021-05-14 09:31:37,5352.1,140449
2021-05-14 09:31:38,5350.35,140637
2021-05-14 09:31:39,5351.85,140678
2021-05-14 09:31:40,5351.95,140774
2021-05-14 09:31:42,5351.95,140774
2021-05-14 09:31:41,5351.95,140774
2021-05-14 09:31:43,5351.95,140799
2021-05-14 09:31:44,5340.45,144504
2021-05-14 09:31:45,5341.45,144581
2021-05-14 09:31:46,5341.2,144582
2021-05-14 09:31:47,5342.95,144994
2021-05-14 09:31:48,5342.95,144994
2021-05-14 09:31:49,5340.5,144995
2021-05-14 09:31:50,5342.9,145056
2021-05-14 09:31:51,5343.7,145102
2021-05-14 09:31:52,5343.75,145104
2021-05-14 09:31:53,5343.75,145115
2021-05-14 09:31:54,5341.6,145172
2021-05-14 09:31:55,5343.75,145173
2021-05-14 09:31:56,5343.7,145192
2021-05-14 09:31:57,5341.9,145246
2021-05-14 09:31:58,5343.75,145333
2021-05-14 09:31:59,5343.75,145348
2021-05-14 09:32:00,5343.75,145408
2021-05-14 09:32:01,5342.7,145411
2021-05-14 09:32:02,5342.7,145411
2021-05-14 09:32:03,5342.05,145467
2021-05-14 09:32:04,5346.15,145586
2021-05-14 09:32:05,5343.25,145607
2021-05-14 09:32:06,5343.15,145611
2021-05-14 09:32:07,5343.35,145632
2021-05-14 09:32:08,5343.35,145632
2021-05-14 09:32:09,5347.0,145663
2021-05-14 09:32:10,5347.65,145712
2021-05-14 09:32:11,5347.6,145716
2021-05-14 09:32:12,5345.0,145718
2021-05-14 09:32:13,5347.1,145771
2021-05-14 09:32:14,5347.45,145794
2021-05-14 09:32:15,5346.95,145950
2021-05-14 09:32:16,5344.15,146054
2021-05-14 09:32:17,5344.05,146191
2021-05-14 09:32:18,5346.55,146198
2021-05-14 09:32:19,5346.55,146198
2021-05-14 09:32:20,5344.5,146278
2021-05-14 09:32:21,5344.5,146278
2021-05-14 09:32:22,5344.15,146407
2021-05-14 09:32:23,5344.5,146410
2021-05-14 09:32:24,5344.55,146425
2021-05-14 09:32:25,5343.05,146632
2021-05-14 09:32:27,5343.05,146632
2021-05-14 09:32:28,5345.1,146694
2021-05-14 09:32:28,5345.1,146694
2021-05-14 09:32:29,5343.1,146721
2021-05-14 09:32:30,5344.55,146730
2021-05-14 09:32:31,5344.55,146784
2021-05-14 09:32:32,5344.55,146788
2021-05-14 09:32:35,5345.85,146911
2021-05-14 09:32:36,5345.85,146911
2021-05-14 09:32:37,5345.85,146982
2021-05-14 09:32:38,5346.0,147022
2021-05-14 09:32:39,5345.25,147312
2021-05-14 09:32:40,5345.2,147332
2021-05-14 09:32:42,5344.0,147410
2021-05-14 09:32:43,5344.0,147410
2021-05-14 09:32:43,5343.6,147420
2021-05-14 09:32:44,5345.35,147476
2021-05-14 09:32:45,5345.5,148218
2021-05-14 09:32:46,5346.95,148269
2021-05-14 09:32:48,5344.0,148814
2021-05-14 09:32:48,5344.0,148814
2021-05-14 09:32:49,5346.6,148920
2021-05-14 09:32:50,5346.6,148920
2021-05-14 09:32:51,5345.0,148945
2021-05-14 09:32:53,5345.0,148957
2021-05-14 09:32:53,5345.0,148958
2021-05-14 09:32:54,5345.0,148981
2021-05-14 09:32:55,5344.0,148987
2021-05-14 09:32:56,5343.8,149028
2021-05-14 09:32:57,5345.0,149132
2021-05-14 09:32:59,5345.0,149132
2021-05-14 09:32:59,5345.0,149132
2021-05-14 09:33:01,5345.0,149138
2021-05-14 09:33:02,5344.6,149241
2021-05-14 09:33:03,5344.05,149260
2021-05-14 09:33:05,5344.6,149270
2021-05-14 09:33:06,5344.0,149309
2021-05-14 09:33:07,5344.6,149382
2021-05-14 09:33:08,5344.6,149472
2021-05-14 09:33:10,5343.85,149832
2021-05-14 09:33:11,5345.0,149833
2021-05-14 09:33:12,5343.05,149996
2021-05-14 09:33:13,5343.9,150076
2021-05-14 09:33:14,5343.9,150076
2021-05-14 09:33:18,5340.35,151088
2021-05-14 09:33:19,5339.0,151985
2021-05-14 09:33:20,5341.05,152045
2021-05-14 09:33:21,5341.05,152045
2021-05-14 09:33:22,5337.55,152445
2021-05-14 09:33:24,5336.2,152550
2021-05-14 09:33:24,5336.2,152550
2021-05-14 09:33:25,5336.2,152550
2021-05-14 09:33:26,5335.0,152691
2021-05-14 09:33:27,5333.05,152807
2021-05-14 09:33:29,5330.0,153457
2021-05-14 09:33:29,5330.0,153494
2021-05-14 09:33:30,5330.0,153612
2021-05-14 09:33:31,5335.0,153720
2021-05-14 09:33:32,5332.5,153771
2021-05-14 09:33:34,5332.1,153888
2021-05-14 09:33:34,5332.1,153888
2021-05-14 09:33:35,5334.5,153897
2021-05-14 09:33:36,5335.0,153927
2021-05-14 09:33:37,5335.0,153940
2021-05-14 09:33:39,5333.25,154131
2021-05-14 09:33:39,5331.85,154262
2021-05-14 09:33:40,5334.55,154579
2021-05-14 09:33:42,5332.7,155130
2021-05-14 09:33:43,5331.85,155553
2021-05-14 09:33:45,5329.65,155560
2021-05-14 09:33:45,5329.65,155560
2021-05-14 09:33:46,5333.6,155664
2021-05-14 09:33:48,5333.1,156494
2021-05-14 09:33:49,5330.0,156600
2021-05-14 09:33:51,5330.75,156735
2021-05-14 09:33:51,5330.3,156823
2021-05-14 09:33:52,5333.0,156975
2021-05-14 09:33:53,5330.0,157139
2021-05-14 09:33:54,5330.3,157425
2021-05-14 09:33:56,5332.4,157514
2021-05-14 09:33:56,5330.0,157582
2021-05-14 09:33:57,5332.0,157823
2021-05-14 09:33:58,5334.0,157983
2021-05-14 09:33:59,5330.25,158046
2021-05-14 09:34:01,5330.0,158143
2021-05-14 09:34:01,5330.0,158683
2021-05-14 09:34:02,5332.45,158744
2021-05-14 09:34:03,5330.5,158837
2021-05-14 09:34:04,5330.0,158857
2021-05-14 09:34:06,5330.0,158902
2021-05-14 09:34:06,5330.0,158907
2021-05-14 09:34:07,5329.7,159490
2021-05-14 09:34:09,5331.5,159674
2021-05-14 09:34:11,5331.9,159681
2021-05-14 09:34:11,5331.9,159681
2021-05-14 09:34:12,5333.85,159718
2021-05-14 09:34:13,5331.5,159773
2021-05-14 09:34:14,5334.0,159880
2021-05-14 09:34:16,5331.55,159890
2021-05-14 09:34:16,5335.0,160039
2021-05-14 09:34:17,5335.0,160039
2021-05-14 09:34:19,5335.0,160130
2021-05-14 09:34:21,5337.75,160164
2021-05-14 09:34:21,5337.75,160164
2021-05-14 09:34:22,5337.75,160164
2021-05-14 09:34:23,5335.0,160182
2021-05-14 09:34:25,5338.4,160222
2021-05-14 09:34:26,5343.0,160343
2021-05-14 09:34:26,5343.0,160343
2021-05-14 09:34:27,5342.0,160347
2021-05-14 09:34:28,5342.0,160347
2021-05-14 09:34:30,5339.15,160549
2021-05-14 09:34:31,5341.6,160614
2021-05-14 09:34:31,5341.6,160614
2021-05-14 09:34:32,5341.6,160614
2021-05-14 09:34:33,5341.6,160704
2021-05-14 09:34:35,5343.0,160707
2021-05-14 09:34:36,5343.4,160838
2021-05-14 09:34:36,5343.9,160898
2021-05-14 09:34:37,5344.0,160913
2021-05-14 09:34:38,5343.0,160943
2021-05-14 09:34:40,5344.7,161000
2021-05-14 09:34:41,5343.6,161489
2021-05-14 09:34:41,5343.6,161489
2021-05-14 09:34:42,5345.25,161518
2021-05-14 09:34:43,5340.8,161624
2021-05-14 09:34:45,5342.25,161820
2021-05-14 09:34:46,5344.4,162091
2021-05-14 09:34:46,5344.4,162091
2021-05-14 09:34:47,5338.45,162233
2021-05-14 09:34:48,5343.0,162374
2021-05-14 09:34:50,5342.25,162387
2021-05-14 09:34:51,5342.0,162421
2021-05-14 09:34:51,5342.0,162428
2021-05-14 09:34:52,5342.9,162481
2021-05-14 09:34:53,5343.5,162617
2021-05-14 09:34:54,5344.5,162671
2021-05-14 09:34:56,5345.0,162896
2021-05-14 09:34:57,5342.5,163027
2021-05-14 09:34:57,5342.5,163027
2021-05-14 09:34:58,5344.15,163034
2021-05-14 09:34:59,5342.95,163201
2021-05-14 09:35:01,5343.0,163226
2021-05-14 09:35:02,5344.2,163571
2021-05-14 09:35:02,5344.2,163571
2021-05-14 09:35:03,5342.5,163629
2021-05-14 09:35:04,5346.45,163810
2021-05-14 09:35:06,5343.55,163822
2021-05-14 09:35:07,5345.0,163878
2021-05-14 09:35:07,5345.0,163878
2021-05-14 09:35:08,5345.25,164014
2021-05-14 09:35:09,5346.65,164122
2021-05-14 09:35:11,5349.25,166663
2021-05-14 09:35:12,5349.45,167174
2021-05-14 09:35:12,5346.3,167154
2021-05-14 09:35:13,5346.65,167296
2021-05-14 09:35:14,5348.75,167336
2021-05-14 09:35:16,5348.5,167344
2021-05-14 09:35:17,5348.9,167473
2021-05-14 09:35:18,5348.9,167477
2021-05-14 09:35:19,5349.95,167599
2021-05-14 09:35:21,5346.45,167816
2021-05-14 09:35:22,5349.35,167873
2021-05-14 09:35:22,5349.35,167893
2021-05-14 09:35:23,5348.55,167939
2021-05-14 09:35:24,5348.0,168040
2021-05-14 09:35:26,5349.95,168115
2021-05-14 09:35:27,5349.95,168115
2021-05-14 09:35:27,5349.95,168115
2021-05-14 09:35:28,5349.0,168515
2021-05-14 09:35:29,5350.0,168790
2021-05-14 09:35:31,5351.7,168969
2021-05-14 09:35:32,5351.2,169014
2021-05-14 09:35:32,5351.3,169054
2021-05-14 09:35:33,5350.0,169184
2021-05-14 09:35:34,5350.0,169239
2021-05-14 09:35:36,5349.05,169268
2021-05-14 09:35:37,5348.0,169486
2021-05-14 09:35:38,5349.0,169518
2021-05-14 09:35:38,5348.9,169577
2021-05-14 09:35:39,5349.05,169650
2021-05-14 09:35:41,5347.45,170051
2021-05-14 09:35:42,5346.8,170062
2021-05-14 09:35:42,5346.8,170062
2021-05-14 09:35:43,5343.55,170267
2021-05-14 09:35:44,5345.25,170347
2021-05-14 09:35:46,5346.4,170490
2021-05-14 09:35:47,5346.05,170502
2021-05-14 09:35:48,5345.4,170543
2021-05-14 09:35:49,5346.4,170669
2021-05-14 09:35:50,5346.45,170707
2021-05-14 09:35:52,5346.35,170723
2021-05-14 09:35:53,5343.55,170724
2021-05-14 09:35:54,5346.3,170740
2021-05-14 09:35:55,5346.3,170740
2021-05-14 09:35:57,5344.95,170922
2021-05-14 09:35:58,5342.5,170973
2021-05-14 09:35:58,5343.0,170976
2021-05-14 09:35:59,5341.6,171092
2021-05-14 09:36:00,5344.7,171139
2021-05-14 09:36:02,5344.7,171139
2021-05-14 09:36:03,5344.75,171190
2021-05-14 09:36:04,5345.0,171195
2021-05-14 09:36:05,5343.0,171313
2021-05-14 09:36:06,5345.2,171338
2021-05-14 09:36:07,5343.0,171365
2021-05-14 09:36:08,5343.0,171529
2021-05-14 09:36:09,5344.35,171569
2021-05-14 09:36:09,5341.1,171574
2021-05-14 09:36:11,5344.85,171743
2021-05-14 09:36:12,5344.85,171750
2021-05-14 09:36:14,5344.75,171753
2021-05-14 09:36:15,5342.0,171765
2021-05-14 09:36:15,5345.45,171865
2021-05-14 09:36:16,5344.7,171964
2021-05-14 09:36:17,5343.0,171990
2021-05-14 09:36:18,5343.75,172223
2021-05-14 09:36:20,5342.5,172224
2021-05-14 09:36:21,5342.5,172226
2021-05-14 09:36:22,5344.75,172231
2021-05-14 09:36:22,5344.75,172232
2021-05-14 09:36:23,5345.0,172277
2021-05-14 09:36:24,5343.8,172278
2021-05-14 09:36:25,5346.0,172368
2021-05-14 09:36:26,5346.0,172395
2021-05-14 09:36:28,5345.0,172445
2021-05-14 09:36:29,5345.0,172472
2021-05-14 09:36:30,5343.8,172490
2021-05-14 09:36:30,5343.8,172490
2021-05-14 09:36:32,5343.75,172527
2021-05-14 09:36:33,5345.0,172614
2021-05-14 09:36:34,5345.45,172849
2021-05-14 09:36:35,5342.0,172869
2021-05-14 09:36:36,5343.45,172919
2021-05-14 09:36:36,5343.4,172920
2021-05-14 09:36:37,5341.5,172922
2021-05-14 09:36:39,5344.65,173023
2021-05-14 09:36:40,5342.0,173043
2021-05-14 09:36:41,5343.0,173053
2021-05-14 09:36:42,5344.95,173158
2021-05-14 09:36:43,5345.0,173198
2021-05-14 09:36:44,5343.0,173199
2021-05-14 09:36:45,5344.0,173205
2021-05-14 09:36:46,5344.0,173222
2021-05-14 09:36:47,5344.0,173332
2021-05-14 09:36:48,5342.0,173348
2021-05-14 09:36:49,5343.0,173349
2021-05-14 09:36:50,5343.0,173349
2021-05-14 09:36:51,5343.0,173363
2021-05-14 09:36:52,5344.0,173550
2021-05-14 09:36:53,5344.0,173550
2021-05-14 09:36:54,5344.0,173550
2021-05-14 09:36:54,5344.0,173550
2021-05-14 09:36:55,5344.0,173550
2021-05-14 09:36:56,5344.0,173550
2021-05-14 09:36:57,5344.0,173550
2021-05-14 09:36:58,5344.0,173550
2021-05-14 09:36:59,5343.0,173660
2021-05-14 09:37:00,5343.0,173686
2021-05-14 09:37:01,5343.0,173694
2021-05-14 09:37:02,5343.5,173783
2021-05-14 09:37:03,5343.0,173785
2021-05-14 09:37:04,5342.0,173815
2021-05-14 09:37:05,5342.0,173825
2021-05-14 09:37:07,5343.0,173849
2021-05-14 09:37:08,5343.8,173949
2021-05-14 09:37:09,5342.0,173959
2021-05-14 09:37:10,5342.0,174058
2021-05-14 09:37:11,5342.0,174102
2021-05-14 09:37:12,5342.0,174102
2021-05-14 09:37:13,5341.15,174128
2021-05-14 09:37:14,5343.0,174147
2021-05-14 09:37:15,5342.85,174172
2021-05-14 09:37:15,5342.85,174172
2021-05-14 09:37:16,5342.85,174172
2021-05-14 09:37:17,5342.5,174252
2021-05-14 09:37:18,5342.5,174252
2021-05-14 09:37:19,5338.0,175630
2021-05-14 09:37:20,5337.95,175640
2021-05-14 09:37:22,5337.95,175757
2021-05-14 09:37:23,5337.7,175911
2021-05-14 09:37:24,5337.7,175911
2021-05-14 09:37:25,5337.7,175911
2021-05-14 09:37:27,5339.95,175961
2021-05-14 09:37:27,5339.95,175961
2021-05-14 09:37:28,5338.4,176026
2021-05-14 09:37:29,5340.0,176029
2021-05-14 09:37:33,5338.0,176031
2021-05-14 09:37:34,5341.85,176126
2021-05-14 09:37:35,5341.95,176138
2021-05-14 09:37:36,5338.05,176639
2021-05-14 09:37:37,5340.0,176735
2021-05-14 09:37:38,5340.0,176735
2021-05-14 09:37:39,5340.0,176735
2021-05-14 09:37:40,5340.0,176735
2021-05-14 09:37:41,5340.0,176737
2021-05-14 09:37:42,5338.5,176755
2021-05-14 09:37:43,5340.0,176756
2021-05-14 09:37:44,5339.85,176767
2021-05-14 09:37:44,5339.85,176767
2021-05-14 09:37:46,5338.4,176819
2021-05-14 09:37:47,5339.5,176846
2021-05-14 09:37:48,5339.85,176860
2021-05-14 09:37:49,5339.85,176860
2021-05-14 09:37:50,5339.85,176960
2021-05-14 09:37:51,5339.85,176964
2021-05-14 09:37:51,5339.85,177014
2021-05-14 09:37:52,5339.85,177035
2021-05-14 09:37:53,5339.85,177036
2021-05-14 09:37:54,5338.3,177046
2021-05-14 09:37:56,5338.35,177060
2021-05-14 09:37:58,5339.85,177252
2021-05-14 09:37:57,5338.1,177076
2021-05-14 09:37:59,5338.1,177353
2021-05-14 09:38:00,5338.3,177369
2021-05-14 09:38:01,5338.0,177444
2021-05-14 09:38:02,5338.0,177444
2021-05-14 09:38:03,5339.85,177454
2021-05-14 09:38:04,5338.1,177550
2021-05-14 09:38:05,5338.25,177590
2021-05-14 09:38:06,5338.45,177591
2021-05-14 09:38:07,5339.95,177596
2021-05-14 09:38:08,5341.5,178694
2021-05-14 09:38:09,5341.5,178694
2021-05-14 09:38:10,5342.05,178704
2021-05-14 09:38:11,5345.85,179415
2021-05-14 09:38:12,5346.0,179528
2021-05-14 09:38:13,5346.0,179528
2021-05-14 09:38:14,5350.0,179835
2021-05-14 09:38:14,5350.0,179835
2021-05-14 09:38:15,5348.6,179842
2021-05-14 09:38:16,5346.45,179912
2021-05-14 09:38:17,5350.0,180262
2021-05-14 09:38:19,5349.4,180669
2021-05-14 09:38:20,5350.0,180800
2021-05-14 09:38:21,5350.0,181904
2021-05-14 09:38:22,5349.7,181954
2021-05-14 09:38:23,5347.65,181970
2021-05-14 09:38:24,5350.0,181983
2021-05-14 09:38:25,5350.0,181983
2021-05-14 09:38:27,5344.7,182047
2021-05-14 09:38:28,5348.0,182067
2021-05-14 09:38:29,5349.5,182095
2021-05-14 09:38:30,5349.7,182120
2021-05-14 09:38:31,5349.7,182120
2021-05-14 09:38:32,5350.0,182124
2021-05-14 09:38:33,5349.85,182214
2021-05-14 09:38:35,5348.0,182334
2021-05-14 09:38:36,5350.0,182394
2021-05-14 09:38:37,5350.0,182404
2021-05-14 09:38:38,5349.2,182419
2021-05-14 09:38:39,5349.2,182422
2021-05-14 09:38:40,5348.0,182432
2021-05-14 09:38:41,5349.9,182441
2021-05-14 09:38:42,5349.9,182441
2021-05-14 09:38:43,5348.0,182465
2021-05-14 09:38:44,5349.95,182476
2021-05-14 09:38:45,5349.9,182505
2021-05-14 09:38:46,5349.0,182506
2021-05-14 09:38:47,5348.0,182611
2021-05-14 09:38:47,5347.65,182615
2021-05-14 09:38:48,5346.95,182673
2021-05-14 09:38:49,5345.55,182682
2021-05-14 09:38:50,5344.8,182808
2021-05-14 09:38:52,5348.05,182839
2021-05-14 09:38:53,5348.05,182839
2021-05-14 09:38:54,5345.6,182849
2021-05-14 09:38:55,5348.7,182880
2021-05-14 09:38:56,5348.5,182895
2021-05-14 09:38:56,5348.5,182895
2021-05-14 09:38:58,5350.0,183107
2021-05-14 09:38:59,5349.5,183126
2021-05-14 09:38:59,5349.0,183146
2021-05-14 09:39:01,5348.0,183279
2021-05-14 09:39:02,5350.0,183345
2021-05-14 09:39:03,5350.0,183346
2021-05-14 09:39:04,5349.0,183493
2021-05-14 09:39:05,5350.0,183525
2021-05-14 09:39:06,5349.0,183679
2021-05-14 09:39:07,5349.95,183715
2021-05-14 09:39:07,5349.95,183715
2021-05-14 09:39:09,5349.0,183736
2021-05-14 09:39:10,5349.95,183737
2021-05-14 09:39:11,5348.0,183762
2021-05-14 09:39:12,5348.0,183772
2021-05-14 09:39:13,5348.0,183772
2021-05-14 09:39:13,5348.0,183772
2021-05-14 09:39:14,5349.0,183794
2021-05-14 09:39:15,5349.95,183898
2021-05-14 09:39:16,5349.95,183898
2021-05-14 09:39:18,5350.0,183950
2021-05-14 09:39:19,5350.2,184012
2021-05-14 09:39:20,5349.0,184153
2021-05-14 09:39:21,5349.0,184176
2021-05-14 09:39:22,5349.95,184276
2021-05-14 09:39:23,5349.0,184287
2021-05-14 09:39:24,5349.0,184287
2021-05-14 09:39:25,5349.95,184292
2021-05-14 09:39:27,5349.0,185528
2021-05-14 09:39:29,5350.0,185586
2021-05-14 09:39:30,5349.15,185771
2021-05-14 09:39:31,5349.4,185848
2021-05-14 09:39:32,5351.75,185892
2021-05-14 09:39:32,5351.75,185892
2021-05-14 09:39:34,5351.0,185963
2021-05-14 09:39:35,5351.0,185970
2021-05-14 09:39:37,5351.0,186006
2021-05-14 09:39:38,5349.4,186031
2021-05-14 09:39:39,5351.0,186053
2021-05-14 09:39:40,5351.0,186060
2021-05-14 09:39:41,5351.0,186106
2021-05-14 09:39:41,5351.0,186106
2021-05-14 09:39:43,5349.6,186206
2021-05-14 09:39:44,5351.75,186309
2021-05-14 09:39:47,5351.15,187487
2021-05-14 09:39:47,5351.15,187487
2021-05-14 09:39:49,5357.5,193088
2021-05-14 09:39:50,5352.7,193754
2021-05-14 09:39:51,5355.85,193918
2021-05-14 09:39:52,5355.9,193970
2021-05-14 09:39:53,5356.3,194173
2021-05-14 09:39:55,5355.2,194340
2021-05-14 09:39:56,5358.0,194460
2021-05-14 09:39:56,5358.0,194460
2021-05-14 09:39:57,5356.0,194515
2021-05-14 09:39:58,5358.2,194555
2021-05-14 09:39:59,5357.85,194651
2021-05-14 09:40:00,5357.0,194721
2021-05-14 09:40:01,5355.25,194751
2021-05-14 09:40:02,5358.3,194992
2021-05-14 09:40:03,5358.25,195028
2021-05-14 09:40:04,5356.3,195156
2021-05-14 09:40:05,5357.0,195219
2021-05-14 09:40:06,5358.25,195265
2021-05-14 09:40:07,5358.5,195453
2021-05-14 09:40:08,5356.05,195604
2021-05-14 09:40:09,5356.05,195740
2021-05-14 09:40:10,5356.55,196154
2021-05-14 09:40:12,5359.95,196359
2021-05-14 09:40:13,5356.55,196455
2021-05-14 09:40:14,5359.5,196505
2021-05-14 09:40:15,5358.0,196604
2021-05-14 09:40:16,5360.0,196624
2021-05-14 09:40:17,5358.0,196689
2021-05-14 09:40:18,5359.0,196853
2021-05-14 09:40:19,5359.0,196901
2021-05-14 09:40:20,5359.0,197024
2021-05-14 09:40:21,5360.0,197098
2021-05-14 09:40:22,5360.0,198857
2021-05-14 09:40:22,5360.0,198857
2021-05-14 09:40:24,5360.0,198998
2021-05-14 09:40:25,5358.85,199071
2021-05-14 09:40:26,5360.0,199174
2021-05-14 09:40:27,5359.0,199200
2021-05-14 09:40:28,5359.05,199373
2021-05-14 09:40:29,5359.8,199438
2021-05-14 09:40:30,5359.8,199448
2021-05-14 09:40:31,5361.0,202611
2021-05-14 09:40:32,5364.9,203663
2021-05-14 09:40:33,5363.45,203815
2021-05-14 09:40:34,5363.4,204014
2021-05-14 09:40:35,5363.9,204074
2021-05-14 09:40:36,5362.0,204368
2021-05-14 09:40:37,5362.0,204566
2021-05-14 09:40:38,5363.5,204589
2021-05-14 09:40:39,5360.55,204644
2021-05-14 09:40:40,5362.0,205010
2021-05-14 09:40:41,5362.4,205133
2021-05-14 09:40:41,5362.4,205133
2021-05-14 09:40:42,5360.35,205322
2021-05-14 09:40:43,5362.0,205450
2021-05-14 09:40:45,5362.0,205503
2021-05-14 09:40:46,5362.0,205525
2021-05-14 09:40:47,5362.05,206060
2021-05-14 09:40:48,5363.0,206374
2021-05-14 09:40:49,5364.25,206539
2021-05-14 09:40:50,5364.35,206637
2021-05-14 09:40:51,5360.8,207022
2021-05-14 09:40:54,5363.9,207443
2021-05-14 09:40:55,5362.95,207542
2021-05-14 09:40:56,5361.0,207785
2021-05-14 09:40:57,5363.4,207787
2021-05-14 09:40:58,5362.95,207903
2021-05-14 09:40:59,5362.9,207978
2021-05-14 09:41:01,5360.0,208258
2021-05-14 09:41:03,5359.4,209690
2021-05-14 09:41:04,5359.4,209713
2021-05-14 09:41:05,5359.8,209788
2021-05-14 09:41:06,5359.5,209908
2021-05-14 09:41:07,5359.85,209975
2021-05-14 09:41:08,5357.0,210118
2021-05-14 09:41:09,5359.65,210125
2021-05-14 09:41:10,5359.65,210138
2021-05-14 09:41:11,5360.0,210153
2021-05-14 09:41:12,5362.0,210520
2021-05-14 09:41:13,5360.95,210848
2021-05-14 09:41:14,5363.05,212093
2021-05-14 09:41:15,5364.0,212382
2021-05-14 09:41:16,5366.0,214107
2021-05-14 09:41:17,5362.75,214239
2021-05-14 09:41:18,5365.4,214241
2021-05-14 09:41:21,5362.75,214543
2021-05-14 09:41:22,5363.0,214651
2021-05-14 09:41:23,5364.0,214674
2021-05-14 09:41:24,5362.0,214699
2021-05-14 09:41:25,5360.35,214761
2021-05-14 09:41:26,5360.7,214786
2021-05-14 09:41:27,5363.2,214887
2021-05-14 09:41:28,5362.8,214984
2021-05-14 09:41:29,5362.8,214984
2021-05-14 09:41:30,5360.0,215587
2021-05-14 09:41:31,5360.0,215587
2021-05-14 09:41:32,5360.85,215722
2021-05-14 09:41:33,5362.95,215827
2021-05-14 09:41:35,5361.15,215955
2021-05-14 09:41:36,5364.4,216158
2021-05-14 09:41:37,5360.55,216262
2021-05-14 09:41:38,5364.0,216327
2021-05-14 09:41:39,5360.8,216577
2021-05-14 09:41:40,5364.0,216596
2021-05-14 09:41:41,5362.35,216601
2021-05-14 09:41:42,5362.0,216633
2021-05-14 09:41:43,5362.0,216633
2021-05-14 09:41:44,5362.2,216723
2021-05-14 09:41:45,5364.55,216791
2021-05-14 09:41:46,5363.0,216819
2021-05-14 09:41:47,5364.7,216854
2021-05-14 09:41:48,5364.0,216888
2021-05-14 09:41:49,5364.0,216919
2021-05-14 09:41:50,5364.0,216959
2021-05-14 09:41:51,5363.4,217010
2021-05-14 09:41:52,5363.9,217230
2021-05-14 09:41:53,5363.9,217251
2021-05-14 09:41:54,5364.4,217460
2021-05-14 09:41:55,5362.1,217725
2021-05-14 09:41:56,5362.0,217855
2021-05-14 09:41:57,5360.45,220578
2021-05-14 09:41:58,5360.7,220629
2021-05-14 09:41:59,5361.25,220637
2021-05-14 09:42:00,5362.0,220722
2021-05-14 09:42:01,5362.0,220804
2021-05-14 09:42:02,5362.05,220988
2021-05-14 09:42:03,5364.75,221098
2021-05-14 09:42:04,5363.0,221365
2021-05-14 09:42:05,5363.65,221367
2021-05-14 09:42:06,5364.05,221492
2021-05-14 09:42:07,5364.05,221492
2021-05-14 09:42:08,5363.0,221495
2021-05-14 09:42:09,5364.95,221592
2021-05-14 09:42:10,5363.65,223692
2021-05-14 09:42:11,5364.45,223780
2021-05-14 09:42:12,5364.0,223838
2021-05-14 09:42:13,5367.0,223956
2021-05-14 09:42:14,5365.0,224134
2021-05-14 09:42:15,5362.75,224521
2021-05-14 09:42:16,5368.9,225784
2021-05-14 09:42:17,5365.5,225837
2021-05-14 09:42:18,5365.4,226035
2021-05-14 09:42:19,5365.6,226048
2021-05-14 09:42:20,5368.95,226332
2021-05-14 09:42:21,5368.95,226333
2021-05-14 09:42:22,5369.7,226547
2021-05-14 09:42:23,5369.0,226660
2021-05-14 09:42:24,5370.0,226829
2021-05-14 09:42:25,5369.7,227036
2021-05-14 09:42:26,5369.6,227051
2021-05-14 09:42:27,5369.6,227091
2021-05-14 09:42:28,5370.0,227192
2021-05-14 09:42:29,5370.0,227335
2021-05-14 09:42:30,5369.5,227618
2021-05-14 09:42:31,5368.9,227804
2021-05-14 09:42:32,5368.8,227918
2021-05-14 09:42:33,5366.45,228110
2021-05-14 09:42:34,5369.2,228309
2021-05-14 09:42:35,5370.0,228642
2021-05-14 09:42:36,5367.85,228895
2021-05-14 09:42:37,5366.45,228973
2021-05-14 09:42:39,5366.95,229245
2021-05-14 09:42:40,5367.8,229355
2021-05-14 09:42:41,5369.8,229403
2021-05-14 09:42:42,5368.0,229503
2021-05-14 09:42:43,5365.0,230078
2021-05-14 09:42:45,5369.0,230124
2021-05-14 09:42:46,5369.55,230234
2021-05-14 09:42:47,5368.0,230349
2021-05-14 09:42:48,5367.85,230475
2021-05-14 09:42:49,5370.0,230550
2021-05-14 09:42:50,5370.0,230701
2021-05-14 09:42:51,5367.7,230998
2021-05-14 09:42:52,5370.0,231080
2021-05-14 09:42:53,5371.9,232872
2021-05-14 09:42:54,5367.2,233413
2021-05-14 09:42:55,5369.4,233560
2021-05-14 09:42:56,5370.0,233738
2021-05-14 09:42:57,5371.45,234098
2021-05-14 09:42:58,5367.6,234199
2021-05-14 09:42:59,5370.0,234260
2021-05-14 09:43:00,5370.0,234394
2021-05-14 09:43:01,5371.0,234681
2021-05-14 09:43:02,5370.0,234944
2021-05-14 09:43:03,5370.0,235176
2021-05-14 09:43:04,5370.0,235263
2021-05-14 09:43:06,5367.0,235393
2021-05-14 09:43:07,5362.1,236241
2021-05-14 09:43:08,5367.55,236382
2021-05-14 09:43:09,5369.9,236444
2021-05-14 09:43:10,5367.0,236463
2021-05-14 09:43:11,5369.2,236495
2021-05-14 09:43:12,5368.0,236700
2021-05-14 09:43:13,5367.5,236712
2021-05-14 09:43:14,5366.35,236920
2021-05-14 09:43:15,5369.0,237058
2021-05-14 09:43:16,5367.0,237311
2021-05-14 09:43:17,5365.25,237360
2021-05-14 09:43:18,5369.2,237410
2021-05-14 09:43:19,5366.0,237452
2021-05-14 09:43:20,5368.0,237504
2021-05-14 09:43:21,5367.45,237506
2021-05-14 09:43:22,5365.15,237594
2021-05-14 09:43:23,5366.75,237786
2021-05-14 09:43:24,5365.0,237791
2021-05-14 09:43:25,5365.05,237832
2021-05-14 09:43:26,5367.3,237877
2021-05-14 09:43:27,5367.6,238012
2021-05-14 09:43:28,5365.5,238064
2021-05-14 09:43:29,5365.5,238075
2021-05-14 09:43:30,5368.0,238220
2021-05-14 09:43:31,5367.65,238225
2021-05-14 09:43:32,5365.4,238272
2021-05-14 09:43:33,5365.05,238397
2021-05-14 09:43:35,5365.35,239026
2021-05-14 09:43:35,5365.35,238964
2021-05-14 09:43:37,5365.35,239061
2021-05-14 09:43:38,5365.15,239079
2021-05-14 09:43:39,5365.65,239171
2021-05-14 09:43:39,5365.65,239171
2021-05-14 09:43:40,5365.5,239277
2021-05-14 09:43:41,5366.0,239278
2021-05-14 09:43:42,5366.0,239278
2021-05-14 09:43:43,5367.3,239409
2021-05-14 09:43:44,5367.0,239459
2021-05-14 09:43:45,5366.0,239460
2021-05-14 09:43:46,5366.0,239650
2021-05-14 09:43:47,5368.0,239760
2021-05-14 09:43:48,5366.5,239766
2021-05-14 09:43:49,5368.0,239803
2021-05-14 09:43:50,5367.0,239813
2021-05-14 09:43:51,5367.0,239844
2021-05-14 09:43:52,5366.1,239927
2021-05-14 09:43:53,5366.0,240158
2021-05-14 09:43:54,5369.0,240195
2021-05-14 09:43:56,5369.0,240254
2021-05-14 09:43:56,5367.1,240256
2021-05-14 09:43:57,5367.0,240271
2021-05-14 09:43:58,5367.0,240320
2021-05-14 09:43:59,5367.0,240337
2021-05-14 09:44:00,5367.0,240353
2021-05-14 09:44:01,5366.55,240456
2021-05-14 09:44:02,5366.55,240456
2021-05-14 09:44:03,5369.85,240491
2021-05-14 09:44:04,5368.2,240500
2021-05-14 09:44:05,5368.2,240521
2021-05-14 09:44:06,5368.2,240521
2021-05-14 09:44:07,5368.0,240566
2021-05-14 09:44:08,5367.7,240567
2021-05-14 09:44:09,5368.0,240568
2021-05-14 09:44:10,5368.0,240591
2021-05-14 09:44:11,5369.0,240691
2021-05-14 09:44:12,5368.0,240717
2021-05-14 09:44:13,5368.0,240762
2021-05-14 09:44:14,5368.3,240782
2021-05-14 09:44:15,5368.3,240782
2021-05-14 09:44:16,5368.3,240792
2021-05-14 09:44:17,5369.0,240879
2021-05-14 09:44:19,5368.0,240881
2021-05-14 09:44:20,5368.0,240881
2021-05-14 09:44:21,5368.0,240883
2021-05-14 09:44:22,5368.0,240888
2021-05-14 09:44:23,5364.8,241707
2021-05-14 09:44:24,5366.0,241796
2021-05-14 09:44:25,5365.4,241890
2021-05-14 09:44:26,5366.35,241946
2021-05-14 09:44:27,5364.0,242073
2021-05-14 09:44:28,5366.35,242108
2021-05-14 09:44:29,5366.35,242151
2021-05-14 09:44:30,5365.65,242193
2021-05-14 09:44:31,5365.1,242428
2021-05-14 09:44:32,5362.55,242434
2021-05-14 09:44:33,5362.35,242458
2021-05-14 09:44:34,5362.0,242588
2021-05-14 09:44:35,5363.95,242596
2021-05-14 09:44:36,5363.95,242596
2021-05-14 09:44:37,5360.05,243258
2021-05-14 09:44:38,5360.05,243258
2021-05-14 09:44:39,5362.45,243260
2021-05-14 09:44:40,5360.0,243390
2021-05-14 09:44:41,5360.0,243419
2021-05-14 09:44:42,5357.35,244549
2021-05-14 09:44:43,5357.35,244549
2021-05-14 09:44:45,5359.0,244647
2021-05-14 09:44:46,5357.55,244685
2021-05-14 09:44:47,5359.0,244730
2021-05-14 09:44:48,5359.0,244797
2021-05-14 09:44:52,5359.0,244902
2021-05-14 09:44:53,5357.35,244978
2021-05-14 09:44:54,5357.1,245026
2021-05-14 09:44:55,5357.55,245063
2021-05-14 09:44:56,5357.55,245128
2021-05-14 09:44:57,5357.55,245235
2021-05-14 09:44:58,5357.1,245306
2021-05-14 09:45:00,5357.5,245387
2021-05-14 09:45:00,5358.5,245407
2021-05-14 09:45:03,5359.0,245516
2021-05-14 09:45:04,5357.5,245732
2021-05-14 09:45:05,5360.0,246117
2021-05-14 09:45:06,5362.0,246144
2021-05-14 09:45:06,5362.0,246144
2021-05-14 09:45:07,5360.0,246150
2021-05-14 09:45:08,5358.1,246183
2021-05-14 09:45:09,5358.1,246183
2021-05-14 09:45:10,5358.25,246307
2021-05-14 09:45:11,5360.0,246377
2021-05-14 09:45:12,5360.0,246379
2021-05-14 09:45:13,5358.6,246400
2021-05-14 09:45:14,5357.5,246498
2021-05-14 09:45:15,5357.7,246518
2021-05-14 09:45:16,5357.7,246518
2021-05-14 09:45:17,5357.5,246544
2021-05-14 09:45:18,5357.55,246550
2021-05-14 09:45:19,5359.75,246636
2021-05-14 09:45:20,5357.5,246672
2021-05-14 09:45:21,5359.85,246689
2021-05-14 09:45:22,5359.5,246713
2021-05-14 09:45:23,5359.75,246816
2021-05-14 09:45:24,5359.55,246916
2021-05-14 09:45:28,5359.0,247104
2021-05-14 09:45:29,5354.65,249406
2021-05-14 09:45:30,5355.1,249531
2021-05-14 09:45:31,5355.2,249631
2021-05-14 09:45:32,5352.35,249637
2021-05-14 09:45:33,5353.95,249638
2021-05-14 09:45:34,5357.0,250301
2021-05-14 09:45:35,5354.0,250315
2021-05-14 09:45:36,5355.0,250421
2021-05-14 09:45:37,5355.45,250501
2021-05-14 09:45:38,5357.5,250517
2021-05-14 09:45:39,5354.05,250532
2021-05-14 09:45:40,5357.3,250553
2021-05-14 09:45:41,5354.4,250570
2021-05-14 09:45:42,5354.65,250645
2021-05-14 09:45:43,5356.05,250811
2021-05-14 09:45:44,5355.0,250813
2021-05-14 09:45:44,5355.0,250813
2021-05-14 09:45:45,5356.75,250817
2021-05-14 09:45:46,5354.0,250831
2021-05-14 09:45:47,5355.0,250833
2021-05-14 09:45:48,5354.95,250903
2021-05-14 09:45:49,5355.0,250918
2021-05-14 09:45:50,5356.75,250941
2021-05-14 09:45:52,5358.25,251325
2021-05-14 09:45:53,5359.75,251398
2021-05-14 09:45:53,5359.5,251399
2021-05-14 09:45:54,5360.0,251525
2021-05-14 09:45:55,5357.5,251526
2021-05-14 09:45:56,5360.0,251550
2021-05-14 09:45:57,5360.0,251550
2021-05-14 09:45:58,5360.0,252056
2021-05-14 09:45:59,5360.0,252056
2021-05-14 09:46:00,5360.1,252077
2021-05-14 09:46:01,5360.85,252130
2021-05-14 09:46:02,5361.05,252161
2021-05-14 09:46:03,5364.0,252373
2021-05-14 09:46:04,5364.0,252388
2021-05-14 09:46:05,5364.0,252388
2021-05-14 09:46:06,5364.0,252430
2021-05-14 09:46:07,5362.15,252457
2021-05-14 09:46:08,5364.55,252497
2021-05-14 09:46:09,5362.0,252667
2021-05-14 09:46:10,5363.95,252846
2021-05-14 09:46:11,5361.55,252858
2021-05-14 09:46:12,5361.55,252858
2021-05-14 09:46:13,5364.55,252887
2021-05-14 09:46:14,5365.0,253707
2021-05-14 09:46:15,5365.05,253723
2021-05-14 09:46:16,5365.05,253743
2021-05-14 09:46:17,5365.05,253752
2021-05-14 09:46:18,5365.05,253850
2021-05-14 09:46:19,5365.05,253880
2021-05-14 09:46:20,5365.0,253935
2021-05-14 09:46:21,5365.0,253940
2021-05-14 09:46:22,5364.0,253986
2021-05-14 09:46:23,5364.0,254000
2021-05-14 09:46:24,5365.0,254030
2021-05-14 09:46:25,5362.45,254390
2021-05-14 09:46:26,5364.9,254392
2021-05-14 09:46:27,5361.45,254499
2021-05-14 09:46:28,5360.0,254549
2021-05-14 09:46:29,5359.6,255586
2021-05-14 09:46:30,5359.7,255596
2021-05-14 09:46:31,5361.2,255636
2021-05-14 09:46:32,5359.55,255682
2021-05-14 09:46:36,5362.35,255705
2021-05-14 09:46:37,5360.0,255790
2021-05-14 09:46:38,5359.55,255791
2021-05-14 09:46:39,5356.8,255830
2021-05-14 09:46:40,5359.65,255842
2021-05-14 09:46:41,5359.5,255862
2021-05-14 09:46:42,5359.0,255899
2021-05-14 09:46:43,5360.0,255924
2021-05-14 09:46:44,5360.0,255935
2021-05-14 09:46:45,5360.8,256025
2021-05-14 09:46:46,5360.0,256036
2021-05-14 09:46:47,5362.35,256162
2021-05-14 09:46:48,5362.0,256215
2021-05-14 09:46:49,5361.4,256230
2021-05-14 09:46:50,5361.5,256291
2021-05-14 09:46:51,5360.6,256410
2021-05-14 09:46:53,5362.6,256420
2021-05-14 09:46:54,5360.0,256470
2021-05-14 09:46:55,5360.0,256470
2021-05-14 09:46:55,5361.85,256485
2021-05-14 09:46:56,5360.15,256538
2021-05-14 09:46:57,5362.4,256559
2021-05-14 09:46:58,5364.95,257363
2021-05-14 09:47:00,5362.1,257373
2021-05-14 09:47:01,5362.3,257376
2021-05-14 09:47:02,5362.0,257407
2021-05-14 09:47:03,5362.1,257417
2021-05-14 09:47:04,5364.6,257640
2021-05-14 09:47:05,5364.6,257640
2021-05-14 09:47:05,5364.6,257640
2021-05-14 09:47:06,5362.7,257659
2021-05-14 09:47:07,5362.7,257659
2021-05-14 09:47:08,5362.6,257664
2021-05-14 09:47:09,5364.1,257715
2021-05-14 09:47:10,5364.0,257917
2021-05-14 09:47:11,5364.4,258002
2021-05-14 09:47:12,5361.55,258015
2021-05-14 09:47:13,5360.4,258100
2021-05-14 09:47:15,5364.1,258217
2021-05-14 09:47:16,5361.45,258271
2021-05-14 09:47:17,5361.45,258271
2021-05-14 09:47:18,5362.95,258279
2021-05-14 09:47:19,5363.95,258390
2021-05-14 09:47:20,5364.0,258397
2021-05-14 09:47:21,5364.0,258397
2021-05-14 09:47:22,5365.0,258528
2021-05-14 09:47:23,5365.2,259877
2021-05-14 09:47:24,5365.4,259882
2021-05-14 09:47:24,5365.4,259882
2021-05-14 09:47:25,5364.05,259986
2021-05-14 09:47:26,5366.0,259996
2021-05-14 09:47:28,5366.0,260014
2021-05-14 09:47:29,5366.0,260027
2021-05-14 09:47:30,5368.5,261667
2021-05-14 09:47:31,5368.9,261768
2021-05-14 09:47:32,5367.75,262140
2021-05-14 09:47:33,5369.5,262142
2021-05-14 09:47:34,5369.45,262192
2021-05-14 09:47:35,5375.0,266641
2021-05-14 09:47:36,5375.0,266760
2021-05-14 09:47:36,5375.0,266760
2021-05-14 09:47:37,5379.75,269263
2021-05-14 09:47:38,5379.95,269347
2021-05-14 09:47:39,5380.0,269834
2021-05-14 09:47:40,5379.95,269859
2021-05-14 09:47:41,5379.4,269909
2021-05-14 09:47:43,5375.4,270052
2021-05-14 09:47:44,5377.5,270068
2021-05-14 09:47:47,5377.5,270672
2021-05-14 09:47:48,5377.0,270708
2021-05-14 09:47:48,5376.95,270726
2021-05-14 09:47:49,5377.0,270808
2021-05-14 09:47:51,5375.6,270877
2021-05-14 09:47:52,5376.0,271148
2021-05-14 09:47:53,5374.75,271496
2021-05-14 09:47:54,5374.5,271763
2021-05-14 09:47:55,5374.75,271890
2021-05-14 09:47:56,5375.1,271901
2021-05-14 09:47:57,5376.15,272156
2021-05-14 09:47:58,5375.6,272327
2021-05-14 09:47:59,5377.0,272426
2021-05-14 09:47:59,5374.8,272459
2021-05-14 09:48:00,5376.8,272485
2021-05-14 09:48:01,5377.5,272615
2021-05-14 09:48:02,5375.95,272680
2021-05-14 09:48:03,5377.45,272697
2021-05-14 09:48:04,5375.85,272801
2021-05-14 09:48:05,5375.55,272948
2021-05-14 09:48:06,5375.6,273048
2021-05-14 09:48:07,5373.95,273285
2021-05-14 09:48:08,5374.8,273319
2021-05-14 09:48:09,5375.4,273534
2021-05-14 09:48:10,5373.55,273806
2021-05-14 09:48:11,5375.95,273841
2021-05-14 09:48:12,5377.0,273909
2021-05-14 09:48:13,5377.4,274019
2021-05-14 09:48:14,5375.2,274214
2021-05-14 09:48:15,5375.0,274443
2021-05-14 09:48:16,5376.85,274570
2021-05-14 09:48:17,5373.05,274797
2021-05-14 09:48:19,5373.1,274798
2021-05-14 09:48:20,5376.0,274863
2021-05-14 09:48:21,5375.25,274936
2021-05-14 09:48:22,5375.05,274987
2021-05-14 09:48:22,5375.0,274988
2021-05-14 09:48:24,5375.8,275030
2021-05-14 09:48:24,5375.8,275030
2021-05-14 09:48:26,5372.9,275236
2021-05-14 09:48:27,5372.0,275517
2021-05-14 09:48:28,5372.9,275537
2021-05-14 09:48:29,5374.75,275838
2021-05-14 09:48:29,5371.65,275848
2021-05-14 09:48:31,5373.15,276045
2021-05-14 09:48:32,5373.15,276046
2021-05-14 09:48:33,5372.0,276052
2021-05-14 09:48:35,5372.0,276085
2021-05-14 09:48:35,5373.15,276113
2021-05-14 09:48:36,5373.15,276113
2021-05-14 09:48:37,5373.15,276133
2021-05-14 09:48:38,5373.15,276188
2021-05-14 09:48:39,5374.0,276752
2021-05-14 09:48:40,5373.5,276757
2021-05-14 09:48:41,5373.15,276783
2021-05-14 09:48:43,5375.0,276970
2021-05-14 09:48:44,5375.0,276990
2021-05-14 09:48:45,5373.0,277059
2021-05-14 09:48:46,5375.0,277168
2021-05-14 09:48:46,5375.0,277208
2021-05-14 09:48:47,5372.0,277265
2021-05-14 09:48:49,5374.35,277479
2021-05-14 09:48:50,5373.9,277809
2021-05-14 09:48:51,5371.05,277948
2021-05-14 09:48:53,5374.9,278005
2021-05-14 09:48:54,5374.9,278005
2021-05-14 09:48:55,5372.15,278019
2021-05-14 09:48:56,5374.45,278090
2021-05-14 09:48:57,5374.0,278116
2021-05-14 09:48:58,5374.8,278186
2021-05-14 09:48:59,5372.5,278261
2021-05-14 09:49:00,5373.0,278281
2021-05-14 09:49:01,5373.9,278293
2021-05-14 09:49:02,5374.0,278338
2021-05-14 09:49:03,5372.45,278345
2021-05-14 09:49:04,5373.45,278446
2021-05-14 09:49:05,5375.0,278503
2021-05-14 09:49:06,5375.0,278554
2021-05-14 09:49:07,5375.0,278585
2021-05-14 09:49:08,5373.4,278641
2021-05-14 09:49:09,5373.0,278658
2021-05-14 09:49:10,5374.0,278671
2021-05-14 09:49:10,5374.0,278671
2021-05-14 09:49:11,5372.0,278824
2021-05-14 09:49:12,5372.3,278952
2021-05-14 09:49:13,5369.1,279952
2021-05-14 09:49:14,5366.6,279961
2021-05-14 09:49:16,5369.1,279992
2021-05-14 09:49:17,5370.35,279999
2021-05-14 09:49:18,5368.0,280030
2021-05-14 09:49:19,5371.0,280115
2021-05-14 09:49:20,5370.95,280248
2021-05-14 09:49:20,5367.95,280348
2021-05-14 09:49:21,5371.0,280405
2021-05-14 09:49:23,5371.0,280474
2021-05-14 09:49:24,5370.5,280802
2021-05-14 09:49:25,5371.8,280817
2021-05-14 09:49:26,5370.0,280867
2021-05-14 09:49:27,5372.0,280980
2021-05-14 09:49:28,5370.65,281011
2021-05-14 09:49:29,5368.0,281041
2021-05-14 09:49:29,5368.0,281041
2021-05-14 09:49:30,5368.0,281048
2021-05-14 09:49:32,5370.5,281096
2021-05-14 09:49:33,5370.0,281133
2021-05-14 09:49:34,5368.0,281191
2021-05-14 09:49:35,5369.25,281268
2021-05-14 09:49:35,5369.25,281268
2021-05-14 09:49:36,5368.1,281436
2021-05-14 09:49:37,5371.0,281545
2021-05-14 09:49:39,5370.0,281661
2021-05-14 09:49:40,5370.65,281769
2021-05-14 09:49:41,5372.1,281838
2021-05-14 09:49:42,5372.4,281870
2021-05-14 09:49:43,5372.0,281952
2021-05-14 09:49:44,5373.4,281995
2021-05-14 09:49:44,5373.35,281985
2021-05-14 09:49:45,5373.45,282045
2021-05-14 09:49:46,5370.25,282120
2021-05-14 09:49:47,5372.0,282323
2021-05-14 09:49:48,5373.45,282450
2021-05-14 09:49:49,5373.45,282478
2021-05-14 09:49:50,5373.0,282536
2021-05-14 09:49:52,5374.0,282609
2021-05-14 09:49:53,5373.45,282624
2021-05-14 09:49:54,5373.45,282624
2021-05-14 09:49:55,5374.8,282677
2021-05-14 09:49:56,5373.45,282739
2021-05-14 09:49:56,5373.45,282739
2021-05-14 09:49:58,5373.45,282835
2021-05-14 09:49:59,5373.45,282936
2021-05-14 09:50:00,5373.45,282936
2021-05-14 09:50:01,5375.0,282997
2021-05-14 09:50:02,5373.7,283054
2021-05-14 09:50:03,5372.4,283264
2021-05-14 09:50:04,5372.45,283266
2021-05-14 09:50:05,5372.45,283266
2021-05-14 09:50:06,5372.3,283296
2021-05-14 09:50:06,5372.45,283300
2021-05-14 09:50:07,5375.0,283437
2021-05-14 09:50:09,5372.45,283539
2021-05-14 09:50:10,5372.25,283689
2021-05-14 09:50:11,5374.0,283702
2021-05-14 09:50:12,5374.0,283718
2021-05-14 09:50:13,5374.0,283730
2021-05-14 09:50:15,5374.75,283941
2021-05-14 09:50:15,5374.75,283941
2021-05-14 09:50:16,5373.0,283943
2021-05-14 09:50:17,5374.8,283988
2021-05-14 09:50:19,5373.95,284123
2021-05-14 09:50:20,5373.95,284123
2021-05-14 09:50:21,5375.0,284228
2021-05-14 09:50:22,5375.0,284303
2021-05-14 09:50:23,5375.0,284306
2021-05-14 09:50:24,5374.05,284436
2021-05-14 09:50:25,5374.0,284498
2021-05-14 09:50:26,5374.0,284549
2021-05-14 09:50:28,5374.0,284582
2021-05-14 09:50:29,5374.95,284593
2021-05-14 09:50:30,5374.0,284654
2021-05-14 09:50:31,5375.0,284674
2021-05-14 09:50:31,5375.0,284674
2021-05-14 09:50:33,5374.0,284765
2021-05-14 09:50:33,5374.0,284765
2021-05-14 09:50:34,5375.0,284782
2021-05-14 09:50:35,5374.0,284933
2021-05-14 09:50:37,5375.0,284998
2021-05-14 09:50:38,5375.0,284998
2021-05-14 09:50:39,5375.0,284998
2021-05-14 09:50:40,5373.75,285003
2021-05-14 09:50:41,5374.45,285018
2021-05-14 09:50:42,5372.25,285066
2021-05-14 09:50:42,5372.25,285066
2021-05-14 09:50:44,5374.0,285085
2021-05-14 09:50:44,5373.9,285126
2021-05-14 09:50:45,5372.1,285164
2021-05-14 09:50:47,5372.1,285174
2021-05-14 09:50:48,5372.0,285498
2021-05-14 09:50:49,5372.1,285508
2021-05-14 09:50:50,5372.1,285518
2021-05-14 09:50:51,5372.1,285560
2021-05-14 09:50:52,5372.0,285597
2021-05-14 09:50:53,5372.0,285617
2021-05-14 09:50:55,5371.95,285937
2021-05-14 09:50:56,5371.95,285962
2021-05-14 09:50:56,5371.95,285972
2021-05-14 09:50:57,5370.5,285992
2021-05-14 09:50:59,5371.5,286139
2021-05-14 09:50:59,5371.5,286139
2021-05-14 09:51:00,5368.4,286411
2021-05-14 09:51:01,5368.4,286411
2021-05-14 09:51:02,5371.8,286463
2021-05-14 09:51:03,5369.0,286464
2021-05-14 09:51:05,5371.05,286519
2021-05-14 09:51:06,5370.0,286575
2021-05-14 09:51:07,5369.0,286580
2021-05-14 09:51:08,5369.0,286583
2021-05-14 09:51:09,5370.0,286620
2021-05-14 09:51:10,5369.0,286632
2021-05-14 09:51:11,5370.0,286695
2021-05-14 09:51:12,5372.0,286971
2021-05-14 09:51:13,5372.0,287004
2021-05-14 09:51:14,5370.15,287087
2021-05-14 09:51:15,5370.5,287088
2021-05-14 09:51:16,5370.5,287088
2021-05-14 09:51:17,5370.0,287101
2021-05-14 09:51:18,5370.0,287101
2021-05-14 09:51:18,5370.0,287101
2021-05-14 09:51:20,5371.0,287146
2021-05-14 09:51:21,5373.65,287254
2021-05-14 09:51:22,5373.05,287312
2021-05-14 09:51:23,5373.05,287312
2021-05-14 09:51:24,5374.0,287350
2021-05-14 09:51:25,5374.0,287350
2021-05-14 09:51:26,5371.5,287515
2021-05-14 09:51:27,5371.8,287528
2021-05-14 09:51:28,5373.5,287548
2021-05-14 09:51:29,5372.15,287570
2021-05-14 09:51:31,5371.1,287607
2021-05-14 09:51:32,5371.1,287607
2021-05-14 09:51:33,5372.15,287694
2021-05-14 09:51:34,5373.3,287712
2021-05-14 09:51:35,5370.55,287717
2021-05-14 09:51:36,5370.55,287717
2021-05-14 09:51:37,5370.55,287717
2021-05-14 09:51:38,5372.75,287719
2021-05-14 09:51:39,5372.75,287728
2021-05-14 09:51:40,5372.75,287728
2021-05-14 09:51:41,5372.75,287729
2021-05-14 09:51:42,5372.9,287731
2021-05-14 09:51:43,5373.0,287736
2021-05-14 09:51:44,5372.9,287752
2021-05-14 09:51:45,5372.75,287819
2021-05-14 09:51:46,5372.75,287819
2021-05-14 09:51:47,5370.5,288319
2021-05-14 09:51:48,5373.0,288378
2021-05-14 09:51:49,5372.0,288389
2021-05-14 09:51:50,5374.0,288649
2021-05-14 09:51:52,5373.5,288656
2021-05-14 09:51:53,5373.5,288756
2021-05-14 09:51:54,5373.8,288768
2021-05-14 09:51:55,5373.0,288905
2021-05-14 09:51:56,5373.35,288950
2021-05-14 09:51:57,5373.35,288950
2021-05-14 09:51:58,5373.25,288960
2021-05-14 09:51:59,5373.25,288960
2021-05-14 09:52:00,5373.8,289006
2021-05-14 09:52:01,5372.75,289026
2021-05-14 09:52:02,5371.05,289132
2021-05-14 09:52:03,5373.2,289146
2021-05-14 09:52:04,5373.5,289150
2021-05-14 09:52:05,5371.0,289250
2021-05-14 09:52:06,5373.5,289261
2021-05-14 09:52:07,5371.2,289369
2021-05-14 09:52:08,5371.2,289369
2021-05-14 09:52:09,5373.2,289469
2021-05-14 09:52:10,5370.0,289679
2021-05-14 09:52:11,5370.0,289679
2021-05-14 09:52:12,5370.0,289679
2021-05-14 09:52:13,5372.85,289697
2021-05-14 09:52:14,5372.0,289757
2021-05-14 09:52:15,5372.0,289757
2021-05-14 09:52:16,5372.0,289957
2021-05-14 09:52:17,5371.0,289990
2021-05-14 09:52:18,5371.0,289990
2021-05-14 09:52:19,5371.95,290033
2021-05-14 09:52:20,5370.0,290042
2021-05-14 09:52:21,5369.0,290578
2021-05-14 09:52:23,5368.0,290870
2021-05-14 09:52:24,5370.0,290890
2021-05-14 09:52:25,5370.0,290890
2021-05-14 09:52:26,5368.0,290913
2021-05-14 09:52:27,5368.0,290938
2021-05-14 09:52:28,5370.0,291018
2021-05-14 09:52:29,5370.0,291022
2021-05-14 09:52:30,5370.0,291022
2021-05-14 09:52:31,5370.0,291022
2021-05-14 09:52:32,5369.55,291138
2021-05-14 09:52:33,5368.0,291471
2021-05-14 09:52:34,5368.05,291526
2021-05-14 09:52:35,5370.7,291544
2021-05-14 09:52:36,5370.7,291544
2021-05-14 09:52:39,5368.0,291668
2021-05-14 09:52:40,5369.35,291731
2021-05-14 09:52:41,5369.35,291752
2021-05-14 09:52:42,5368.0,291781
2021-05-14 09:52:43,5368.0,291782
2021-05-14 09:52:44,5369.0,291918
2021-05-14 09:52:45,5369.0,291918
2021-05-14 09:52:46,5365.0,293115
2021-05-14 09:52:47,5365.0,293115
2021-05-14 09:52:48,5366.0,293118
2021-05-14 09:52:49,5367.0,293131
2021-05-14 09:52:50,5367.0,293131
2021-05-14 09:52:51,5365.8,293161
2021-05-14 09:52:52,5365.8,293162
2021-05-14 09:52:53,5365.8,293163
2021-05-14 09:52:54,5365.05,293182
2021-05-14 09:52:55,5365.05,293182
2021-05-14 09:52:56,5365.0,293242
2021-05-14 09:52:57,5365.0,293244
2021-05-14 09:52:58,5366.0,293317
2021-05-14 09:52:59,5365.0,293367
2021-05-14 09:53:00,5366.0,293372
2021-05-14 09:53:01,5365.0,293390
2021-05-14 09:53:02,5365.0,293390
2021-05-14 09:53:03,5365.0,293390
2021-05-14 09:53:04,5362.1,293817
2021-05-14 09:53:05,5366.5,294321
2021-05-14 09:53:06,5363.35,294421
2021-05-14 09:53:07,5363.05,294584
2021-05-14 09:53:08,5363.05,294584
2021-05-14 09:53:09,5365.0,294594
2021-05-14 09:53:10,5366.0,294596
2021-05-14 09:53:11,5365.75,294796
2021-05-14 09:53:12,5363.1,294805
2021-05-14 09:53:13,5363.3,294816
2021-05-14 09:53:14,5363.3,294816
2021-05-14 09:53:15,5366.0,294829
2021-05-14 09:53:16,5362.8,294918
2021-05-14 09:53:17,5363.2,294921
2021-05-14 09:53:18,5365.0,294931
2021-05-14 09:53:19,5365.0,294968
2021-05-14 09:53:20,5365.0,294968
2021-05-14 09:53:21,5362.3,295193
2021-05-14 09:53:22,5365.0,295293
2021-05-14 09:53:23,5363.35,295303
2021-05-14 09:53:24,5363.35,295306
2021-05-14 09:53:25,5365.8,295423
2021-05-14 09:53:26,5363.5,295463
2021-05-14 09:53:27,5363.5,295463
2021-05-14 09:53:28,5363.6,295488
2021-05-14 09:53:29,5363.5,295538
2021-05-14 09:53:30,5363.45,295547
2021-05-14 09:53:31,5363.95,295592
2021-05-14 09:53:32,5365.25,295702
2021-05-14 09:53:33,5365.25,295702
2021-05-14 09:53:34,5363.8,295802
2021-05-14 09:53:36,5364.55,295869
2021-05-14 09:53:37,5364.55,295869
2021-05-14 09:53:40,5367.0,295872
2021-05-14 09:53:41,5365.0,295940
2021-05-14 09:53:41,5365.0,295940
2021-05-14 09:53:42,5366.3,295957
2021-05-14 09:53:43,5366.25,295982
2021-05-14 09:53:44,5366.25,295982
2021-05-14 09:53:45,5367.0,296004
2021-05-14 09:53:46,5367.0,296004
2021-05-14 09:53:47,5367.0,296004
2021-05-14 09:53:48,5367.25,296011
2021-05-14 09:53:49,5367.25,296011
2021-05-14 09:53:50,5367.25,296036
2021-05-14 09:53:51,5368.0,296054
2021-05-14 09:53:52,5366.5,296057
2021-05-14 09:53:53,5369.85,296368
2021-05-14 09:53:54,5369.85,296374
2021-05-14 09:53:55,5369.85,296381
2021-05-14 09:53:56,5367.8,296386
2021-05-14 09:53:57,5367.8,296393
2021-05-14 09:53:58,5368.45,296406
2021-05-14 09:53:59,5368.3,296416
2021-05-14 09:54:00,5368.0,296427
2021-05-14 09:54:01,5368.25,296437
2021-05-14 09:54:02,5368.25,296437
2021-05-14 09:54:03,5366.3,296442
2021-05-14 09:54:04,5369.7,296532
2021-05-14 09:54:05,5368.1,296533
2021-05-14 09:54:06,5368.8,296564
2021-05-14 09:54:07,5368.8,296564
2021-05-14 09:54:08,5369.15,296584
2021-05-14 09:54:09,5369.15,296584
2021-05-14 09:54:10,5367.55,296606
2021-05-14 09:54:11,5367.55,296606
2021-05-14 09:54:12,5367.9,296656
2021-05-14 09:54:13,5366.0,296658
2021-05-14 09:54:14,5367.85,296689
2021-05-14 09:54:15,5367.9,296714
2021-05-14 09:54:16,5367.9,296714
2021-05-14 09:54:17,5367.9,296756
2021-05-14 09:54:18,5367.65,296773
2021-05-14 09:54:19,5367.65,296773
2021-05-14 09:54:20,5367.95,296782
2021-05-14 09:54:21,5367.0,296784
2021-05-14 09:54:22,5367.0,296792
2021-05-14 09:54:23,5367.6,296812
2021-05-14 09:54:24,5366.15,296813
2021-05-14 09:54:25,5367.95,296818
2021-05-14 09:54:26,5366.0,296923
2021-05-14 09:54:28,5367.6,296968
2021-05-14 09:54:28,5367.6,296968
2021-05-14 09:54:29,5368.0,297277
2021-05-14 09:54:30,5368.0,297294
2021-05-14 09:54:31,5368.65,297405
2021-05-14 09:54:32,5369.0,297475
2021-05-14 09:54:33,5369.0,297490
2021-05-14 09:54:34,5366.95,297515
2021-05-14 09:54:35,5366.0,297545
2021-05-14 09:54:36,5366.0,297545
2021-05-14 09:54:37,5366.55,297566
2021-05-14 09:54:38,5367.85,297576
2021-05-14 09:54:39,5367.85,297576
2021-05-14 09:54:40,5367.85,297576
2021-05-14 09:54:41,5366.9,297578
2021-05-14 09:54:42,5367.95,297604
2021-05-14 09:54:43,5367.95,297614
2021-05-14 09:54:44,5367.95,297624
2021-05-14 09:54:45,5367.95,297624
2021-05-14 09:54:46,5368.0,297639
2021-05-14 09:54:48,5369.0,297644
2021-05-14 09:54:49,5369.0,297644
2021-05-14 09:54:50,5369.9,297889
2021-05-14 09:54:51,5369.9,297889
2021-05-14 09:54:53,5369.9,297889
2021-05-14 09:54:53,5368.2,297901
2021-05-14 09:54:54,5366.5,297959
2021-05-14 09:54:55,5366.5,297959
2021-05-14 09:54:56,5366.55,297962
2021-05-14 09:54:57,5366.55,297962
2021-05-14 09:54:58,5366.55,297962
2021-05-14 09:54:59,5368.95,297967
2021-05-14 09:55:00,5368.95,297967
2021-05-14 09:55:01,5368.95,297967
2021-05-14 09:55:02,5367.75,297972
2021-05-14 09:55:03,5366.7,297981
2021-05-14 09:55:04,5369.0,298081
2021-05-14 09:55:05,5369.0,298081
2021-05-14 09:55:06,5369.0,298081
2021-05-14 09:55:07,5367.5,298085
2021-05-14 09:55:08,5367.5,298085
2021-05-14 09:55:09,5366.5,298098
2021-05-14 09:55:10,5366.5,298108
2021-05-14 09:55:11,5366.8,298132
2021-05-14 09:55:12,5366.1,298584
2021-05-14 09:55:13,5366.05,298594
2021-05-14 09:55:14,5366.05,298594
2021-05-14 09:55:15,5366.05,298596
2021-05-14 09:55:17,5367.15,298607
2021-05-14 09:55:18,5366.5,298612
2021-05-14 09:55:20,5366.5,298652
2021-05-14 09:55:21,5367.0,298677
2021-05-14 09:55:22,5366.0,298695
2021-05-14 09:55:24,5362.3,299465
2021-05-14 09:55:25,5362.75,299492
2021-05-14 09:55:26,5362.35,299502
2021-05-14 09:55:27,5362.1,299544
2021-05-14 09:55:28,5362.0,299589
2021-05-14 09:55:29,5362.0,299820
2021-05-14 09:55:30,5362.3,299841
2021-05-14 09:55:32,5361.0,300122
2021-05-14 09:55:33,5361.35,300127
2021-05-14 09:55:35,5362.5,300228
2021-05-14 09:55:36,5361.0,300290
2021-05-14 09:55:36,5361.0,300306
2021-05-14 09:55:37,5362.5,300356
2021-05-14 09:55:38,5362.0,300489
2021-05-14 09:55:39,5361.0,300650
2021-05-14 09:55:40,5361.0,300650
2021-05-14 09:55:41,5360.65,300795
2021-05-14 09:55:43,5362.6,300969
2021-05-14 09:55:43,5361.0,301170
2021-05-14 09:55:45,5362.65,301171
2021-05-14 09:55:46,5362.4,301489
2021-05-14 09:55:47,5360.05,301612
2021-05-14 09:55:48,5360.05,301622
2021-05-14 09:55:48,5360.05,301622
2021-05-14 09:55:49,5360.2,301709
2021-05-14 09:55:51,5362.25,301960
2021-05-14 09:55:52,5355.9,302992
2021-05-14 09:55:54,5355.25,303134
2021-05-14 09:55:55,5356.5,303269
2021-05-14 09:55:56,5356.55,303274
2021-05-14 09:55:57,5356.5,303430
2021-05-14 09:55:58,5355.25,304367
2021-05-14 09:55:59,5355.05,304572
2021-05-14 09:56:00,5356.0,304591
2021-05-14 09:56:01,5356.0,304605
2021-05-14 09:56:01,5356.0,304606
2021-05-14 09:56:03,5355.35,304658
2021-05-14 09:56:03,5355.2,304646
2021-05-14 09:56:04,5356.0,304668
2021-05-14 09:56:05,5355.0,304922
2021-05-14 09:56:06,5355.0,304922
2021-05-14 09:56:07,5355.0,304949
2021-05-14 09:56:09,5357.25,304964
2021-05-14 09:56:10,5355.0,305263
2021-05-14 09:56:10,5356.0,305003
2021-05-14 09:56:11,5355.0,305278
2021-05-14 09:56:12,5351.0,306868
2021-05-14 09:56:13,5356.55,307248
2021-05-14 09:56:14,5355.5,307255
2021-05-14 09:56:15,5354.55,307455
2021-05-14 09:56:16,5351.4,307565
2021-05-14 09:56:17,5354.05,307567
2021-05-14 09:56:19,5353.05,307577
2021-05-14 09:56:20,5355.5,307637
2021-05-14 09:56:21,5352.9,307895
2021-05-14 09:56:22,5356.5,307913
2021-05-14 09:56:23,5354.1,307973
2021-05-14 09:56:24,5353.0,307988
2021-05-14 09:56:25,5354.5,308069
2021-05-14 09:56:25,5354.0,308019
2021-05-14 09:56:27,5356.65,308614
2021-05-14 09:56:28,5355.2,308619
2021-05-14 09:56:29,5355.2,308968
2021-05-14 09:56:30,5352.0,308983
2021-05-14 09:56:31,5351.8,309098
2021-05-14 09:56:31,5351.8,309098
2021-05-14 09:56:32,5353.0,309108
2021-05-14 09:56:33,5353.0,309120
2021-05-14 09:56:34,5353.0,309162
2021-05-14 09:56:35,5353.0,309168
2021-05-14 09:56:37,5353.0,309168
2021-05-14 09:56:38,5353.8,309173
2021-05-14 09:56:39,5353.55,309179
2021-05-14 09:56:39,5353.0,309211
2021-05-14 09:56:40,5353.0,309211
2021-05-14 09:56:41,5353.55,309308
2021-05-14 09:56:43,5354.0,309644
2021-05-14 09:56:44,5354.0,309644
2021-05-14 09:56:45,5353.7,309808
2021-05-14 09:56:46,5354.0,309859
2021-05-14 09:56:47,5353.7,309967
2021-05-14 09:56:47,5353.7,309967
2021-05-14 09:56:48,5353.0,310026
2021-05-14 09:56:50,5354.0,310130
2021-05-14 09:56:51,5353.0,310131
2021-05-14 09:56:52,5353.95,310139
2021-05-14 09:56:52,5353.95,310139
2021-05-14 09:56:53,5354.0,310144
2021-05-14 09:56:54,5354.0,310164
2021-05-14 09:56:55,5353.0,310309
2021-05-14 09:56:56,5353.7,310319
2021-05-14 09:56:57,5353.7,310365
2021-05-14 09:56:58,5353.7,310394
2021-05-14 09:56:59,5353.7,310455
2021-05-14 09:57:00,5352.0,310710
2021-05-14 09:57:01,5353.7,310748
2021-05-14 09:57:02,5352.0,310910
2021-05-14 09:57:04,5353.0,310925
2021-05-14 09:57:05,5353.75,310927
2021-05-14 09:57:06,5353.75,310937
2021-05-14 09:57:07,5353.0,310961
2021-05-14 09:57:07,5353.0,310961
2021-05-14 09:57:08,5353.95,311030
2021-05-14 09:57:09,5353.95,311045
2021-05-14 09:57:10,5354.0,311089
2021-05-14 09:57:11,5353.95,311093
2021-05-14 09:57:12,5354.0,311101
2021-05-14 09:57:13,5353.95,311179
2021-05-14 09:57:14,5353.0,311182
2021-05-14 09:57:15,5353.55,311201
2021-05-14 09:57:16,5352.0,311303
2021-05-14 09:57:18,5353.95,311892
2021-05-14 09:57:19,5358.85,313468
2021-05-14 09:57:20,5356.5,313655
2021-05-14 09:57:21,5357.55,313665
2021-05-14 09:57:22,5361.7,315199
2021-05-14 09:57:24,5360.8,315814
2021-05-14 09:57:25,5365.0,316333
2021-05-14 09:57:26,5363.95,316353
2021-05-14 09:57:27,5365.8,316777
2021-05-14 09:57:27,5365.8,316777
2021-05-14 09:57:28,5365.85,316862
2021-05-14 09:57:30,5366.95,317195
2021-05-14 09:57:32,5366.45,317670
2021-05-14 09:57:33,5363.3,318010
2021-05-14 09:57:34,5363.6,318015
2021-05-14 09:57:35,5363.4,318154
2021-05-14 09:57:36,5363.5,318214
2021-05-14 09:57:37,5365.95,318944
2021-05-14 09:57:39,5364.85,319294
2021-05-14 09:57:40,5364.45,319802
2021-05-14 09:57:40,5360.95,319781
2021-05-14 09:57:41,5367.95,321037
2021-05-14 09:57:42,5364.7,321965
2021-05-14 09:57:43,5364.45,322091
2021-05-14 09:57:44,5361.45,322208
2021-05-14 09:57:45,5364.7,322327
2021-05-14 09:57:46,5363.3,322507
2021-05-14 09:57:47,5363.4,322525
2021-05-14 09:57:48,5364.05,322581
2021-05-14 09:57:49,5363.85,322617
2021-05-14 09:57:50,5364.5,323032
2021-05-14 09:57:52,5366.0,323606
2021-05-14 09:57:53,5364.65,323862
2021-05-14 09:57:54,5364.4,324295
2021-05-14 09:57:54,5364.4,324295
2021-05-14 09:57:55,5367.95,324457
2021-05-14 09:57:56,5369.0,324765
2021-05-14 09:57:58,5367.5,325124
2021-05-14 09:57:59,5368.05,325753
2021-05-14 09:58:00,5368.9,325845
2021-05-14 09:58:01,5369.05,326114
2021-05-14 09:58:02,5369.0,326136
2021-05-14 09:58:03,5369.05,326181
2021-05-14 09:58:04,5370.0,326991
2021-05-14 09:58:05,5370.0,327039
2021-05-14 09:58:06,5370.35,327666
2021-05-14 09:58:07,5372.0,327913
2021-05-14 09:58:08,5373.0,328021
2021-05-14 09:58:09,5370.25,328205
2021-05-14 09:58:10,5374.0,328912
2021-05-14 09:58:11,5374.2,329268
2021-05-14 09:58:12,5373.0,329716
2021-05-14 09:58:14,5375.0,330694
2021-05-14 09:58:15,5375.0,330834
2021-05-14 09:58:16,5374.0,331079
2021-05-14 09:58:17,5373.05,331178
2021-05-14 09:58:18,5375.0,331328
2021-05-14 09:58:19,5375.0,331671
2021-05-14 09:58:20,5375.0,331875
2021-05-14 09:58:21,5376.0,332431
2021-05-14 09:58:22,5376.0,332516
2021-05-14 09:58:23,5377.0,332690
2021-05-14 09:58:24,5377.0,332788
2021-05-14 09:58:24,5377.7,332941
2021-05-14 09:58:26,5378.8,333525
2021-05-14 09:58:27,5379.05,334093
2021-05-14 09:58:28,5377.45,334293
2021-05-14 09:58:29,5380.0,334684
2021-05-14 09:58:30,5378.75,334794
2021-05-14 09:58:31,5379.5,334920
2021-05-14 09:58:32,5380.0,335155
2021-05-14 09:58:32,5380.0,335159
2021-05-14 09:58:33,5380.0,335772
2021-05-14 09:58:34,5380.0,336071
2021-05-14 09:58:35,5378.1,336226
2021-05-14 09:58:36,5380.0,336594
2021-05-14 09:58:37,5380.0,337082
2021-05-14 09:58:38,5380.0,337383
2021-05-14 09:58:39,5380.0,337719
2021-05-14 09:58:42,5379.05,338192
2021-05-14 09:58:44,5380.0,338779
2021-05-14 09:58:46,5379.9,339692
2021-05-14 09:58:47,5379.0,339744
2021-05-14 09:58:48,5379.7,339940
2021-05-14 09:58:49,5379.0,340563
2021-05-14 09:58:50,5378.0,340672
2021-05-14 09:58:51,5379.0,341144
2021-05-14 09:58:52,5380.0,341435
2021-05-14 09:58:53,5379.7,341499
2021-05-14 09:58:54,5379.7,341718
2021-05-14 09:58:55,5379.7,341974
2021-05-14 09:58:56,5379.7,342144
2021-05-14 09:58:57,5379.7,342318
2021-05-14 09:58:59,5378.5,342452
2021-05-14 09:58:59,5379.6,342557
2021-05-14 09:59:00,5379.25,342716
2021-05-14 09:59:01,5380.0,342824
2021-05-14 09:59:02,5378.15,343278
2021-05-14 09:59:04,5379.0,345197
2021-05-14 09:59:04,5380.0,345316
2021-05-14 09:59:05,5379.8,345542
2021-05-14 09:59:06,5379.45,345794
2021-05-14 09:59:07,5380.0,346056
2021-05-14 09:59:08,5380.0,346203
2021-05-14 09:59:09,5380.0,346298
2021-05-14 09:59:10,5379.0,346483
2021-05-14 09:59:11,5380.0,346676
2021-05-14 09:59:12,5379.45,346739
2021-05-14 09:59:14,5380.0,346970
2021-05-14 09:59:14,5379.45,347051
2021-05-14 09:59:16,5380.0,347190
2021-05-14 09:59:17,5380.0,347247
2021-05-14 09:59:18,5380.0,347475
2021-05-14 09:59:19,5382.7,349625
2021-05-14 09:59:20,5383.0,349869
2021-05-14 09:59:21,5384.0,350103
2021-05-14 09:59:22,5384.65,350687
2021-05-14 09:59:22,5384.7,350774
2021-05-14 09:59:23,5384.7,350938
2021-05-14 09:59:24,5385.0,351302
2021-05-14 09:59:25,5385.0,351446
2021-05-14 09:59:26,5385.0,351534
2021-05-14 09:59:27,5384.0,352223
2021-05-14 09:59:28,5385.0,352261
2021-05-14 09:59:29,5385.0,352553
2021-05-14 09:59:30,5385.0,352737
2021-05-14 09:59:31,5385.0,353294
2021-05-14 09:59:32,5385.0,353415
2021-05-14 09:59:34,5384.0,353538
2021-05-14 09:59:35,5385.0,353835
2021-05-14 09:59:36,5386.0,354296
2021-05-14 09:59:37,5382.0,355109
2021-05-14 09:59:38,5382.0,355293
2021-05-14 09:59:39,5384.6,355582
2021-05-14 09:59:40,5382.75,355845
2021-05-14 09:59:41,5384.9,355898
2021-05-14 09:59:42,5385.0,356059
2021-05-14 09:59:43,5385.0,356196
2021-05-14 09:59:44,5386.0,356440
2021-05-14 09:59:45,5386.0,356575
2021-05-14 09:59:47,5384.7,356690
2021-05-14 09:59:48,5384.7,356764
2021-05-14 09:59:49,5384.7,356807
2021-05-14 09:59:50,5384.9,357066
2021-05-14 09:59:51,5385.0,357273
2021-05-14 09:59:52,5385.0,357386
2021-05-14 09:59:52,5385.0,357322
2021-05-14 09:59:53,5385.95,357792
2021-05-14 09:59:54,5383.5,357885
2021-05-14 09:59:55,5384.7,358467
2021-05-14 09:59:56,5386.95,358936
2021-05-14 09:59:58,5385.9,358982
2021-05-14 09:59:59,5386.55,359290
2021-05-14 10:00:00,5387.8,359431
2021-05-14 10:00:01,5387.0,359581
2021-05-14 10:00:02,5383.4,360557
2021-05-14 10:00:03,5384.85,360664
2021-05-14 10:00:04,5384.9,360812
2021-05-14 10:00:04,5386.4,360820
2021-05-14 10:00:05,5387.0,361223
2021-05-14 10:00:06,5385.0,361316
2021-05-14 10:00:08,5387.35,361735
2021-05-14 10:00:09,5387.0,361931
2021-05-14 10:00:10,5384.9,362370
2021-05-14 10:00:11,5387.0,362477
2021-05-14 10:00:12,5387.0,362574
2021-05-14 10:00:13,5388.0,362870
2021-05-14 10:00:14,5386.95,362939
2021-05-14 10:00:15,5386.25,363239
2021-05-14 10:00:16,5388.0,363619
2021-05-14 10:00:17,5388.0,363831
2021-05-14 10:00:18,5388.5,364347
2021-05-14 10:00:19,5387.0,364583
2021-05-14 10:00:19,5387.0,364578
2021-05-14 10:00:21,5388.0,364998
2021-05-14 10:00:22,5389.0,365066
2021-05-14 10:00:23,5388.15,365449
2021-05-14 10:00:24,5388.0,365474
2021-05-14 10:00:26,5389.85,365681
2021-05-14 10:00:27,5393.0,369391
2021-05-14 10:00:28,5393.0,370021
2021-05-14 10:00:29,5394.0,370409
2021-05-14 10:00:30,5394.0,370707
2021-05-14 10:00:31,5393.9,371002
2021-05-14 10:00:32,5394.8,371869
2021-05-14 10:00:33,5394.0,371962
2021-05-14 10:00:33,5395.0,371993
2021-05-14 10:00:34,5394.9,372196
2021-05-14 10:00:36,5395.0,372422
2021-05-14 10:00:37,5395.0,372491
2021-05-14 10:00:38,5394.0,372992
2021-05-14 10:00:39,5394.0,373354
2021-05-14 10:00:40,5395.0,373987
2021-05-14 10:00:41,5395.95,375811
2021-05-14 10:00:42,5395.0,375935
2021-05-14 10:00:43,5394.2,376676
2021-05-14 10:00:44,5395.0,377134
2021-05-14 10:00:45,5395.0,377382
2021-05-14 10:00:46,5395.0,377523
2021-05-14 10:00:47,5393.0,377811
2021-05-14 10:00:48,5394.05,378511
2021-05-14 10:00:49,5395.0,378708
2021-05-14 10:00:49,5393.9,378719
2021-05-14 10:00:50,5395.0,379010
2021-05-14 10:00:51,5395.05,379802
2021-05-14 10:00:53,5397.8,380937
2021-05-14 10:00:55,5398.0,381745
2021-05-14 10:00:56,5396.95,383251
2021-05-14 10:00:58,5397.8,383618
2021-05-14 10:00:59,5398.2,384207
2021-05-14 10:01:01,5396.0,385060
2021-05-14 10:01:02,5395.0,385635
2021-05-14 10:01:03,5396.0,385926
2021-05-14 10:01:03,5398.4,386126
2021-05-14 10:01:04,5396.3,386336
2021-05-14 10:01:05,5394.6,386747
2021-05-14 10:01:07,5398.4,386944
2021-05-14 10:01:08,5395.0,387547
2021-05-14 10:01:09,5390.0,389597
2021-05-14 10:01:10,5390.4,389822
2021-05-14 10:01:11,5390.5,390032
2021-05-14 10:01:12,5390.6,390598
2021-05-14 10:01:13,5393.25,390978
2021-05-14 10:01:13,5394.0,391097
2021-05-14 10:01:14,5390.8,392260
2021-05-14 10:01:15,5391.0,392516
2021-05-14 10:01:17,5390.0,392858
2021-05-14 10:01:18,5394.0,393106
2021-05-14 10:01:19,5390.0,393242
2021-05-14 10:01:20,5391.5,393554
2021-05-14 10:01:21,5392.65,393696
2021-05-14 10:01:22,5394.0,393756
2021-05-14 10:01:26,5390.2,394849
2021-05-14 10:01:27,5391.6,394909
2021-05-14 10:01:28,5393.0,395148
2021-05-14 10:01:28,5393.0,395148
2021-05-14 10:01:29,5392.75,395575
2021-05-14 10:01:30,5390.7,395630
2021-05-14 10:01:33,5391.0,396160
2021-05-14 10:01:34,5391.0,396178
2021-05-14 10:01:35,5393.0,396567
2021-05-14 10:01:36,5393.0,396778
2021-05-14 10:01:37,5390.6,396814
2021-05-14 10:01:38,5392.85,396996
2021-05-14 10:01:39,5393.0,397645
2021-05-14 10:01:40,5393.0,398044
2021-05-14 10:01:42,5390.0,398320
2021-05-14 10:01:43,5392.0,398343
2021-05-14 10:01:44,5390.7,398905
2021-05-14 10:01:45,5392.25,398921
2021-05-14 10:01:46,5390.0,399001
2021-05-14 10:01:47,5391.4,399224
2021-05-14 10:01:48,5390.0,399480
2021-05-14 10:01:49,5390.05,399566
2021-05-14 10:01:50,5391.8,399675
2021-05-14 10:01:51,5393.0,399827
2021-05-14 10:01:52,5391.95,399974
2021-05-14 10:01:53,5392.0,400259
2021-05-14 10:01:54,5392.0,400281
2021-05-14 10:01:55,5392.4,400811
2021-05-14 10:01:56,5392.8,400851
2021-05-14 10:01:59,5390.0,402266
2021-05-14 10:01:59,5390.0,402266
2021-05-14 10:02:03,5382.6,405593
2021-05-14 10:02:04,5384.55,405826
2021-05-14 10:02:05,5380.4,406070
2021-05-14 10:02:06,5383.1,406562
2021-05-14 10:02:07,5380.7,407265
2021-05-14 10:02:08,5382.0,407712
2021-05-14 10:02:09,5382.1,407768
2021-05-14 10:02:10,5381.0,407834
2021-05-14 10:02:11,5383.65,407949
2021-05-14 10:02:13,5383.55,408162
2021-05-14 10:02:12,5384.9,408135
2021-05-14 10:02:14,5383.05,408456
2021-05-14 10:02:15,5380.5,408641
2021-05-14 10:02:16,5381.05,408846
2021-05-14 10:02:17,5383.3,408971
2021-05-14 10:02:18,5383.05,409209
2021-05-14 10:02:19,5383.8,409378
2021-05-14 10:02:20,5381.05,409563
2021-05-14 10:02:21,5381.05,409955
2021-05-14 10:02:22,5382.0,410054
2021-05-14 10:02:23,5382.0,410210
2021-05-14 10:02:24,5379.5,412100
2021-05-14 10:02:25,5379.1,412204
2021-05-14 10:02:26,5382.0,412597
2021-05-14 10:02:27,5382.0,412597
2021-05-14 10:02:28,5383.85,412942
2021-05-14 10:02:29,5380.0,413199
2021-05-14 10:02:30,5380.75,413278
2021-05-14 10:02:31,5381.35,413436
2021-05-14 10:02:32,5376.45,416062
2021-05-14 10:02:33,5376.0,416111
2021-05-14 10:02:34,5375.1,416179
2021-05-14 10:02:35,5376.0,416602
2021-05-14 10:02:36,5375.0,416753
2021-05-14 10:02:37,5374.9,416837
2021-05-14 10:02:38,5373.0,416956
2021-05-14 10:02:39,5375.0,416981
2021-05-14 10:02:40,5373.0,417588
2021-05-14 10:02:41,5375.95,418533
2021-05-14 10:02:42,5374.35,418915
2021-05-14 10:02:43,5376.0,418955
2021-05-14 10:02:44,5374.6,419081
2021-05-14 10:02:45,5375.3,419128
2021-05-14 10:02:46,5375.0,419829
2021-05-14 10:02:47,5375.0,419885
2021-05-14 10:02:48,5377.75,421204
2021-05-14 10:02:49,5377.1,421359
2021-05-14 10:02:51,5380.65,421440
2021-05-14 10:02:50,5380.65,421440
2021-05-14 10:02:52,5377.65,421470
2021-05-14 10:02:53,5380.0,421554
2021-05-14 10:02:54,5378.1,421588
2021-05-14 10:02:55,5377.9,421600
2021-05-14 10:02:56,5380.0,421628
2021-05-14 10:02:57,5381.5,421750
2021-05-14 10:02:58,5380.0,421950
2021-05-14 10:02:59,5381.65,422068
2021-05-14 10:03:00,5380.3,422209
2021-05-14 10:03:01,5380.1,422222
2021-05-14 10:03:02,5380.1,422242
2021-05-14 10:03:03,5381.45,422245
2021-05-14 10:03:04,5380.0,422412
2021-05-14 10:03:06,5379.45,422574
2021-05-14 10:03:08,5380.1,422707
2021-05-14 10:03:09,5380.1,422778
2021-05-14 10:03:10,5382.0,422820
2021-05-14 10:03:11,5381.0,422913
2021-05-14 10:03:12,5382.65,422935
2021-05-14 10:03:13,5382.65,422935
2021-05-14 10:03:14,5382.85,423152
2021-05-14 10:03:15,5380.0,423197
2021-05-14 10:03:16,5382.15,423295
2021-05-14 10:03:17,5382.0,423410
2021-05-14 10:03:18,5382.0,423410
2021-05-14 10:03:19,5385.0,423835
2021-05-14 10:03:20,5382.6,424067
2021-05-14 10:03:21,5382.5,424174
2021-05-14 10:03:22,5383.05,424239
2021-05-14 10:03:23,5383.85,424271
2021-05-14 10:03:24,5383.0,424406
2021-05-14 10:03:25,5382.95,424501
2021-05-14 10:03:26,5383.8,424897
2021-05-14 10:03:27,5380.1,425400
2021-05-14 10:03:28,5380.1,425400
2021-05-14 10:03:29,5380.95,425509
2021-05-14 10:03:30,5383.95,425514
2021-05-14 10:03:31,5381.95,425543
2021-05-14 10:03:32,5380.75,425598
2021-05-14 10:03:33,5383.45,425639
2021-05-14 10:03:34,5383.95,425690
2021-05-14 10:03:35,5382.0,425706
2021-05-14 10:03:36,5383.1,425740
2021-05-14 10:03:37,5383.1,425740
2021-05-14 10:03:38,5383.9,425881
2021-05-14 10:03:39,5383.8,426041
2021-05-14 10:03:40,5383.8,426064
2021-05-14 10:03:41,5383.8,426067
2021-05-14 10:03:42,5383.0,426650
2021-05-14 10:03:43,5385.0,426919
2021-05-14 10:03:44,5385.2,427034
2021-05-14 10:03:45,5383.2,427047
2021-05-14 10:03:46,5384.3,427355
2021-05-14 10:03:47,5382.7,427375
2021-05-14 10:03:48,5382.7,427385
2021-05-14 10:03:49,5384.3,427401
2021-05-14 10:03:50,5384.3,427407
2021-05-14 10:03:51,5384.3,427449
2021-05-14 10:03:52,5384.65,427450
2021-05-14 10:03:53,5382.7,427943
2021-05-14 10:03:54,5383.0,428091
2021-05-14 10:03:55,5383.0,428138
2021-05-14 10:03:56,5383.0,428153
2021-05-14 10:03:57,5381.7,428217
2021-05-14 10:03:58,5381.0,428288
2021-05-14 10:03:59,5381.0,428288
2021-05-14 10:04:00,5381.0,428312
2021-05-14 10:04:01,5381.0,428322
2021-05-14 10:04:02,5382.6,428329
2021-05-14 10:04:03,5382.5,428330
2021-05-14 10:04:04,5382.5,428355
2021-05-14 10:04:05,5381.0,428389
2021-05-14 10:04:06,5380.95,428509
2021-05-14 10:04:07,5382.5,428525
2021-05-14 10:04:08,5382.5,428566
2021-05-14 10:04:10,5381.0,428589
2021-05-14 10:04:09,5381.0,428589
2021-05-14 10:04:11,5382.5,428608
2021-05-14 10:04:12,5381.0,428747
2021-05-14 10:04:13,5381.0,428773
2021-05-14 10:04:14,5382.55,428775
2021-05-14 10:04:15,5382.5,428791
2021-05-14 10:04:16,5381.0,428848
2021-05-14 10:04:17,5377.1,430629
2021-05-14 10:04:18,5379.2,430659
2021-05-14 10:04:19,5380.8,430832
2021-05-14 10:04:20,5379.7,430889
2021-05-14 10:04:21,5380.05,430931
2021-05-14 10:04:22,5380.0,430978
2021-05-14 10:04:23,5380.0,430978
2021-05-14 10:04:24,5381.3,430985
2021-05-14 10:04:25,5380.0,430987
2021-05-14 10:04:27,5380.0,431173
2021-05-14 10:04:27,5380.0,431183
2021-05-14 10:04:28,5380.0,431192
2021-05-14 10:04:29,5379.2,431197
2021-05-14 10:04:30,5379.2,431212
2021-05-14 10:04:31,5378.0,431227
2021-05-14 10:04:32,5379.2,431420
2021-05-14 10:04:34,5377.0,431479
2021-05-14 10:04:34,5377.0,431479
2021-05-14 10:04:35,5377.0,431582
2021-05-14 10:04:36,5378.0,431609
2021-05-14 10:04:37,5378.0,431862
2021-05-14 10:04:38,5378.0,431883
2021-05-14 10:04:39,5378.0,431943
2021-05-14 10:04:41,5378.0,431960
2021-05-14 10:04:43,5375.7,432604
2021-05-14 10:04:43,5378.0,432619
2021-05-14 10:04:44,5378.0,432624
2021-05-14 10:04:45,5376.45,433193
2021-05-14 10:04:46,5376.35,433210
2021-05-14 10:04:47,5378.8,433260
2021-05-14 10:04:48,5376.35,433302
2021-05-14 10:04:49,5376.35,433313
2021-05-14 10:04:50,5378.0,433323
2021-05-14 10:04:51,5378.0,433358
2021-05-14 10:04:53,5375.7,433387
2021-05-14 10:04:54,5378.0,433432
2021-05-14 10:04:54,5378.0,433432
2021-05-14 10:04:55,5378.9,433494
2021-05-14 10:04:56,5379.2,433541
2021-05-14 10:04:57,5379.75,433617
2021-05-14 10:04:58,5379.75,433617
2021-05-14 10:04:59,5379.75,433617
2021-05-14 10:05:01,5378.0,433639
2021-05-14 10:05:02,5377.0,433661
2021-05-14 10:05:03,5377.15,433685
2021-05-14 10:05:04,5379.9,433710
2021-05-14 10:05:04,5379.75,433721
2021-05-14 10:05:05,5377.05,433859
2021-05-14 10:05:06,5378.0,433915
2021-05-14 10:05:07,5378.0,433981
2021-05-14 10:05:08,5383.0,434542
2021-05-14 10:05:09,5380.55,434578
2021-05-14 10:05:10,5380.55,434580
2021-05-14 10:05:12,5380.55,434622
2021-05-14 10:05:14,5380.0,434662
2021-05-14 10:05:15,5382.05,434711
2021-05-14 10:05:16,5382.5,434713
2021-05-14 10:05:17,5382.5,434878
2021-05-14 10:05:19,5380.0,434883
2021-05-14 10:05:20,5382.9,434961
2021-05-14 10:05:22,5382.85,434991
2021-05-14 10:05:23,5382.5,435001
2021-05-14 10:05:24,5382.5,435018
2021-05-14 10:05:25,5382.9,435043
2021-05-14 10:05:26,5383.0,435044
2021-05-14 10:05:27,5383.0,435079
2021-05-14 10:05:29,5383.0,435129
2021-05-14 10:05:29,5383.0,435129
2021-05-14 10:05:30,5383.0,435154
2021-05-14 10:05:31,5382.0,435202
2021-05-14 10:05:32,5380.05,435278
2021-05-14 10:05:33,5380.05,435378
2021-05-14 10:05:34,5382.0,435389
2021-05-14 10:05:35,5382.9,435403
2021-05-14 10:05:36,5380.35,435503
2021-05-14 10:05:37,5380.35,435543
2021-05-14 10:05:39,5381.95,435569
2021-05-14 10:05:40,5380.25,435573
2021-05-14 10:05:40,5381.95,435569
2021-05-14 10:05:41,5381.95,435578
2021-05-14 10:05:42,5380.05,435598
2021-05-14 10:05:43,5381.95,435612
2021-05-14 10:05:44,5381.95,435612
2021-05-14 10:05:46,5380.1,435642
2021-05-14 10:05:46,5380.1,435642
2021-05-14 10:05:47,5382.0,435662
2021-05-14 10:05:48,5380.15,435685
2021-05-14 10:05:49,5381.95,435797
2021-05-14 10:05:50,5379.3,436051
2021-05-14 10:05:51,5379.75,436146
2021-05-14 10:05:52,5377.0,436369
2021-05-14 10:05:53,5378.5,436374
2021-05-14 10:05:54,5378.3,436405
2021-05-14 10:05:55,5379.25,436454
2021-05-14 10:05:57,5379.25,436462
2021-05-14 10:05:57,5379.25,436462
2021-05-14 10:05:58,5378.9,436463
2021-05-14 10:05:59,5378.9,436477
2021-05-14 10:06:00,5376.55,437532
2021-05-14 10:06:01,5377.2,437615
2021-05-14 10:06:03,5375.15,437635
2021-05-14 10:06:03,5375.15,437635
2021-05-14 10:06:05,5377.5,437651
2021-05-14 10:06:05,5377.5,437651
2021-05-14 10:06:06,5377.6,437662
2021-05-14 10:06:07,5376.15,437764
2021-05-14 10:06:08,5376.75,437934
2021-05-14 10:06:09,5375.2,437937
2021-05-14 10:06:10,5377.0,437964
2021-05-14 10:06:11,5377.2,438094
2021-05-14 10:06:12,5376.0,438099
2021-05-14 10:06:14,5377.35,438130
2021-05-14 10:06:14,5377.35,438130
2021-05-14 10:06:15,5377.35,438131
2021-05-14 10:06:16,5376.0,438146
2021-05-14 10:06:17,5377.0,438147
2021-05-14 10:06:18,5377.4,438247
2021-05-14 10:06:19,5378.85,438389
2021-05-14 10:06:20,5377.0,438515
2021-05-14 10:06:21,5378.35,438535
2021-05-14 10:06:22,5379.0,438568
2021-05-14 10:06:24,5376.1,438856
2021-05-14 10:06:24,5375.3,438904
2021-05-14 10:06:25,5377.95,438916
2021-05-14 10:06:26,5378.55,438986
2021-05-14 10:06:27,5375.5,439289
2021-05-14 10:06:28,5375.5,439289
2021-05-14 10:06:30,5376.0,439391
2021-05-14 10:06:31,5376.0,439506
2021-05-14 10:06:32,5376.0,439526
2021-05-14 10:06:33,5377.9,439576
2021-05-14 10:06:34,5377.95,439596
2021-05-14 10:06:35,5378.0,439623
2021-05-14 10:06:36,5378.0,439625
2021-05-14 10:06:36,5378.0,439625
2021-05-14 10:06:37,5377.0,439831
2021-05-14 10:06:38,5377.0,440002
2021-05-14 10:06:40,5378.1,440035
2021-05-14 10:06:41,5375.5,440085
2021-05-14 10:06:41,5375.5,440085
2021-05-14 10:06:42,5375.5,440085
2021-05-14 10:06:43,5375.85,440163
2021-05-14 10:06:44,5375.25,440248
2021-05-14 10:06:45,5377.2,440274
2021-05-14 10:06:46,5375.5,440284
2021-05-14 10:06:48,5377.6,440395
2021-05-14 10:06:49,5375.5,440423
2021-05-14 10:06:49,5375.5,440423
2021-05-14 10:06:50,5375.5,440497
2021-05-14 10:06:51,5375.5,440503
2021-05-14 10:06:52,5377.4,440621
2021-05-14 10:06:53,5375.5,440625
2021-05-14 10:06:55,5377.5,440679
2021-05-14 10:06:56,5375.55,440700
2021-05-14 10:06:57,5375.55,440705
2021-05-14 10:06:57,5375.55,440705
2021-05-14 10:06:58,5375.5,440750
