timestamp,ltp,volume
2021-05-14 09:15:15,1319.75,90296
2021-05-14 09:15:15,1319.75,90296
2021-05-14 09:15:17,1319.85,93371
2021-05-14 09:15:18,1319.3,95960
2021-05-14 09:15:19,1319.45,97091
2021-05-14 09:15:20,1318.55,98088
2021-05-14 09:15:21,1319.55,98613
2021-05-14 09:15:22,1318.25,100933
2021-05-14 09:15:23,1318.2,103727
2021-05-14 09:15:24,1317.0,105395
2021-05-14 09:15:25,1317.25,107419
2021-05-14 09:15:26,1316.9,107640
2021-05-14 09:15:27,1316.55,108311
2021-05-14 09:15:28,1316.55,108843
2021-05-14 09:15:29,1316.55,109916
2021-05-14 09:15:31,1316.4,111928
2021-05-14 09:15:32,1316.5,113766
2021-05-14 09:15:33,1316.5,113921
2021-05-14 09:15:34,1317.1,115765
2021-05-14 09:15:34,1317.0,115893
2021-05-14 09:15:35,1316.45,116931
2021-05-14 09:15:36,1316.9,117968
2021-05-14 09:15:37,1317.3,118729
2021-05-14 09:15:38,1318.2,122496
2021-05-14 09:15:39,1318.2,123198
2021-05-14 09:15:41,1318.1,124504
2021-05-14 09:15:42,1318.2,125780
2021-05-14 09:15:43,1318.15,126033
2021-05-14 09:15:44,1318.15,126394
2021-05-14 09:15:45,1317.95,128384
2021-05-14 09:15:46,1317.85,129531
2021-05-14 09:15:47,1317.85,130684
2021-05-14 09:15:49,1318.7,132577
2021-05-14 09:15:50,1318.35,132879
2021-05-14 09:15:51,1319.35,133325
2021-05-14 09:15:52,1318.5,135282
2021-05-14 09:15:53,1318.85,135459
2021-05-14 09:15:54,1318.65,136434
2021-05-14 09:15:55,1318.85,136825
2021-05-14 09:15:56,1318.25,136960
2021-05-14 09:15:57,1318.75,137773
2021-05-14 09:15:58,1318.25,139023
2021-05-14 09:15:59,1318.6,139844
2021-05-14 09:16:00,1318.6,141825
2021-05-14 09:16:01,1318.4,143943
2021-05-14 09:16:02,1318.15,144394
2021-05-14 09:16:05,1316.7,152469
2021-05-14 09:16:07,1316.9,159750
2021-05-14 09:16:08,1316.9,160403
2021-05-14 09:16:09,1317.1,161584
2021-05-14 09:16:09,1317.1,161614
2021-05-14 09:16:10,1317.1,161715
2021-05-14 09:16:11,1317.1,162525
2021-05-14 09:16:12,1317.1,163036
2021-05-14 09:16:14,1318.35,163419
2021-05-14 09:16:15,1318.0,163583
2021-05-14 09:16:16,1319.35,164551
2021-05-14 09:16:17,1319.4,166496
2021-05-14 09:16:18,1319.4,167073
2021-05-14 09:16:18,1319.4,167073
2021-05-14 09:16:19,1319.4,167114
2021-05-14 09:16:21,1319.45,167914
2021-05-14 09:16:21,1318.9,167357
2021-05-14 09:16:22,1318.85,171049
2021-05-14 09:16:24,1318.85,171422
2021-05-14 09:16:25,1318.85,176934
2021-05-14 09:16:26,1319.1,178276
2021-05-14 09:16:27,1319.1,178500
2021-05-14 09:16:28,1319.1,178824
2021-05-14 09:16:29,1319.1,179121
2021-05-14 09:16:30,1318.7,179955
2021-05-14 09:16:31,1319.2,180298
2021-05-14 09:16:33,1319.2,180674
2021-05-14 09:16:34,1319.1,180770
2021-05-14 09:16:35,1319.2,181405
2021-05-14 09:16:35,1319.2,181405
2021-05-14 09:16:36,1319.15,181701
2021-05-14 09:16:37,1319.2,183492
2021-05-14 09:16:38,1319.1,183705
2021-05-14 09:16:40,1319.65,184118
2021-05-14 09:16:41,1319.65,184167
2021-05-14 09:16:42,1319.2,184428
2021-05-14 09:16:43,1319.9,185015
2021-05-14 09:16:44,1319.3,186235
2021-05-14 09:16:45,1319.9,186532
2021-05-14 09:16:46,1319.9,186613
2021-05-14 09:16:47,1320.45,189102
2021-05-14 09:16:48,1320.5,189185
2021-05-14 09:16:49,1320.5,189511
2021-05-14 09:16:50,1320.5,190004
2021-05-14 09:16:50,1320.65,190117
2021-05-14 09:16:51,1320.65,190518
2021-05-14 09:16:52,1320.7,191229
2021-05-14 09:16:53,1320.5,192803
2021-05-14 09:16:54,1320.0,193394
2021-05-14 09:16:55,1320.3,195385
2021-05-14 09:16:56,1320.3,197260
2021-05-14 09:16:58,1320.0,199121
2021-05-14 09:16:59,1319.9,200920
2021-05-14 09:17:00,1319.85,202754
2021-05-14 09:17:01,1319.85,203893
2021-05-14 09:17:02,1319.25,206290
2021-05-14 09:17:03,1319.4,208655
2021-05-14 09:17:04,1319.0,208814
2021-05-14 09:17:06,1318.85,209760
2021-05-14 09:17:07,1318.85,209813
2021-05-14 09:17:08,1318.85,209914
2021-05-14 09:17:09,1318.85,210311
2021-05-14 09:17:10,1318.85,211670
2021-05-14 09:17:11,1318.55,216166
2021-05-14 09:17:12,1318.65,216371
2021-05-14 09:17:13,1318.65,217353
2021-05-14 09:17:14,1318.65,217431
2021-05-14 09:17:14,1318.5,217451
2021-05-14 09:17:15,1318.55,217620
2021-05-14 09:17:17,1318.35,217993
2021-05-14 09:17:18,1318.55,218221
2021-05-14 09:17:19,1318.65,223440
2021-05-14 09:17:20,1318.65,223570
2021-05-14 09:17:21,1318.65,223884
2021-05-14 09:17:22,1318.65,223931
2021-05-14 09:17:23,1318.55,224292
2021-05-14 09:17:24,1318.8,224529
2021-05-14 09:17:25,1318.8,224959
2021-05-14 09:17:26,1318.95,226026
2021-05-14 09:17:27,1319.4,226646
2021-05-14 09:17:28,1318.85,226850
2021-05-14 09:17:29,1319.35,227038
2021-05-14 09:17:30,1319.35,227148
2021-05-14 09:17:31,1319.4,228550
2021-05-14 09:17:32,1319.2,229595
2021-05-14 09:17:33,1319.55,230625
2021-05-14 09:17:34,1319.0,231545
2021-05-14 09:17:35,1319.35,231875
2021-05-14 09:17:36,1320.0,231980
2021-05-14 09:17:37,1320.0,232215
2021-05-14 09:17:38,1320.3,232304
2021-05-14 09:17:39,1320.0,232418
2021-05-14 09:17:40,1319.8,232616
2021-05-14 09:17:40,1319.5,232865
2021-05-14 09:17:43,1320.35,233013
2021-05-14 09:17:44,1320.55,233616
2021-05-14 09:17:45,1320.05,234000
2021-05-14 09:17:46,1320.55,234361
2021-05-14 09:17:47,1320.6,234583
2021-05-14 09:17:47,1320.6,234584
2021-05-14 09:17:49,1320.6,235105
2021-05-14 09:17:50,1320.65,235273
2021-05-14 09:17:51,1320.65,235493
2021-05-14 09:17:52,1320.65,235683
2021-05-14 09:17:53,1320.65,236201
2021-05-14 09:17:54,1320.6,236655
2021-05-14 09:17:55,1320.65,236994
2021-05-14 09:17:56,1320.6,237213
2021-05-14 09:17:57,1320.5,237579
2021-05-14 09:17:59,1320.5,239210
2021-05-14 09:18:00,1320.45,239634
2021-05-14 09:18:01,1320.5,240878
2021-05-14 09:18:02,1320.5,240929
2021-05-14 09:18:04,1320.45,241707
2021-05-14 09:18:05,1320.15,243989
2021-05-14 09:18:06,1320.45,244901
2021-05-14 09:18:07,1320.4,245498
2021-05-14 09:18:07,1320.4,245503
2021-05-14 09:18:08,1320.45,245681
2021-05-14 09:18:09,1320.4,245800
2021-05-14 09:18:11,1320.4,246031
2021-05-14 09:18:12,1320.35,246201
2021-05-14 09:18:13,1320.0,246997
2021-05-14 09:18:14,1320.0,247571
2021-05-14 09:18:15,1319.95,248900
2021-05-14 09:18:16,1319.7,248939
2021-05-14 09:18:17,1319.6,249708
2021-05-14 09:18:18,1319.0,250128
2021-05-14 09:18:19,1319.55,250347
2021-05-14 09:18:20,1319.35,250508
2021-05-14 09:18:21,1319.0,250888
2021-05-14 09:18:22,1319.2,252960
2021-05-14 09:18:23,1318.55,253404
2021-05-14 09:18:24,1319.1,255161
2021-05-14 09:18:25,1319.05,256503
2021-05-14 09:18:26,1319.05,256710
2021-05-14 09:18:27,1319.05,257339
2021-05-14 09:18:28,1319.05,257556
2021-05-14 09:18:29,1318.85,261444
2021-05-14 09:18:29,1318.85,261443
2021-05-14 09:18:30,1318.05,261776
2021-05-14 09:18:31,1318.55,262404
2021-05-14 09:18:33,1318.55,262578
2021-05-14 09:18:34,1318.55,263012
2021-05-14 09:18:35,1318.55,263159
2021-05-14 09:18:36,1318.55,264552
2021-05-14 09:18:37,1318.6,264760
2021-05-14 09:18:38,1318.65,265010
2021-05-14 09:18:39,1318.55,266071
2021-05-14 09:18:40,1318.65,266262
2021-05-14 09:18:41,1318.7,267027
2021-05-14 09:18:42,1318.65,267275
2021-05-14 09:18:43,1319.0,268285
2021-05-14 09:18:44,1319.0,268517
2021-05-14 09:18:45,1318.95,268739
2021-05-14 09:18:46,1319.0,268794
2021-05-14 09:18:47,1319.0,268909
2021-05-14 09:18:48,1319.5,270563
2021-05-14 09:18:48,1319.0,270552
2021-05-14 09:18:50,1319.6,270866
2021-05-14 09:18:51,1319.55,270919
2021-05-14 09:18:51,1319.0,271004
2021-05-14 09:18:53,1319.0,271395
2021-05-14 09:18:54,1319.05,272042
2021-05-14 09:18:55,1319.3,272150
2021-05-14 09:18:56,1319.3,272150
2021-05-14 09:18:57,1319.3,272306
2021-05-14 09:18:58,1319.0,273096
2021-05-14 09:18:59,1319.25,273501
2021-05-14 09:19:00,1319.3,273805
2021-05-14 09:19:02,1319.25,274331
2021-05-14 09:19:01,1319.0,274179
2021-05-14 09:19:03,1319.0,274375
2021-05-14 09:19:04,1319.0,274498
2021-05-14 09:19:05,1319.0,275202
2021-05-14 09:19:06,1319.0,275215
2021-05-14 09:19:07,1319.0,275236
2021-05-14 09:19:08,1319.0,276476
2021-05-14 09:19:10,1319.0,276584
2021-05-14 09:19:11,1319.0,276610
2021-05-14 09:19:12,1319.0,276771
2021-05-14 09:19:13,1319.0,277066
2021-05-14 09:19:14,1319.0,277360
2021-05-14 09:19:14,1319.0,277456
2021-05-14 09:19:15,1319.0,277483
2021-05-14 09:19:16,1319.0,277603
2021-05-14 09:19:18,1318.9,277817
2021-05-14 09:19:18,1318.9,277904
2021-05-14 09:19:19,1318.8,278213
2021-05-14 09:19:21,1318.9,279278
2021-05-14 09:19:22,1318.9,279286
2021-05-14 09:19:23,1318.9,279356
2021-05-14 09:19:27,1318.9,280186
2021-05-14 09:19:28,1318.9,280213
2021-05-14 09:19:28,1318.9,280213
2021-05-14 09:19:30,1318.9,280281
2021-05-14 09:19:31,1318.9,280427
2021-05-14 09:19:32,1318.9,280630
2021-05-14 09:19:33,1318.9,281229
2021-05-14 09:19:34,1318.9,281294
2021-05-14 09:19:35,1318.9,281437
2021-05-14 09:19:36,1318.9,281530
2021-05-14 09:19:37,1318.9,281930
2021-05-14 09:19:38,1318.9,281958
2021-05-14 09:19:39,1318.85,282405
2021-05-14 09:19:40,1318.95,282595
2021-05-14 09:19:41,1318.9,282669
2021-05-14 09:19:44,1318.8,283193
2021-05-14 09:19:45,1318.8,284338
2021-05-14 09:19:46,1318.5,284904
2021-05-14 09:19:47,1318.9,285354
2021-05-14 09:19:48,1318.9,285428
2021-05-14 09:19:49,1318.9,285465
2021-05-14 09:19:50,1318.9,285612
2021-05-14 09:19:51,1319.0,286312
2021-05-14 09:19:52,1318.8,286369
2021-05-14 09:19:53,1319.0,286588
2021-05-14 09:19:54,1319.0,286637
2021-05-14 09:19:55,1318.9,286987
2021-05-14 09:19:56,1318.9,287644
2021-05-14 09:19:57,1318.8,287795
2021-05-14 09:19:58,1318.8,287846
2021-05-14 09:19:59,1318.8,287937
2021-05-14 09:20:00,1318.8,288195
2021-05-14 09:20:01,1318.8,288849
2021-05-14 09:20:02,1318.95,289028
2021-05-14 09:20:03,1319.0,289273
2021-05-14 09:20:04,1318.6,289333
2021-05-14 09:20:05,1319.0,289337
2021-05-14 09:20:06,1319.0,289476
2021-05-14 09:20:07,1319.0,289529
2021-05-14 09:20:08,1318.95,289602
2021-05-14 09:20:09,1319.0,289823
2021-05-14 09:20:10,1318.9,289898
2021-05-14 09:20:11,1319.0,289899
2021-05-14 09:20:12,1318.95,290798
2021-05-14 09:20:13,1318.95,290813
2021-05-14 09:20:14,1318.9,290844
2021-05-14 09:20:15,1318.95,291112
2021-05-14 09:20:16,1318.95,291413
2021-05-14 09:20:17,1318.95,291483
2021-05-14 09:20:18,1318.95,291509
2021-05-14 09:20:19,1318.95,291743
2021-05-14 09:20:20,1318.9,291816
2021-05-14 09:20:21,1318.8,292678
2021-05-14 09:20:22,1318.9,292695
2021-05-14 09:20:23,1318.9,292880
2021-05-14 09:20:24,1318.9,292897
2021-05-14 09:20:25,1318.85,292972
2021-05-14 09:20:26,1318.9,293331
2021-05-14 09:20:27,1318.9,293404
2021-05-14 09:20:28,1318.85,293595
2021-05-14 09:20:29,1318.9,293683
2021-05-14 09:20:30,1318.9,293793
2021-05-14 09:20:31,1318.9,294663
2021-05-14 09:20:32,1318.9,294877
2021-05-14 09:20:33,1318.9,295299
2021-05-14 09:20:34,1319.1,300726
2021-05-14 09:20:35,1319.6,300771
2021-05-14 09:20:36,1319.1,300976
2021-05-14 09:20:37,1319.6,301003
2021-05-14 09:20:38,1319.6,301329
2021-05-14 09:20:39,1320.0,301415
2021-05-14 09:20:40,1320.0,301415
2021-05-14 09:20:41,1319.5,301783
2021-05-14 09:20:42,1319.4,301812
2021-05-14 09:20:43,1318.9,301899
2021-05-14 09:20:44,1318.9,301975
2021-05-14 09:20:45,1319.0,302361
2021-05-14 09:20:46,1319.35,302421
2021-05-14 09:20:47,1319.35,302624
2021-05-14 09:20:48,1319.3,302770
2021-05-14 09:20:49,1319.0,302865
2021-05-14 09:20:50,1318.55,304416
2021-05-14 09:20:51,1318.95,304536
2021-05-14 09:20:52,1318.95,304818
2021-05-14 09:20:53,1319.1,305470
2021-05-14 09:20:54,1318.65,305720
2021-05-14 09:20:55,1319.0,305914
2021-05-14 09:20:56,1319.1,306019
2021-05-14 09:20:57,1318.95,306230
2021-05-14 09:20:58,1319.9,308939
2021-05-14 09:20:59,1319.55,309463
2021-05-14 09:21:00,1319.45,309608
2021-05-14 09:21:01,1319.65,309920
2021-05-14 09:21:02,1319.05,310279
2021-05-14 09:21:03,1319.05,310412
2021-05-14 09:21:04,1319.65,310550
2021-05-14 09:21:05,1319.6,310632
2021-05-14 09:21:06,1319.65,312305
2021-05-14 09:21:07,1320.45,312355
2021-05-14 09:21:08,1320.45,312414
2021-05-14 09:21:09,1320.0,312564
2021-05-14 09:21:10,1320.45,312600
2021-05-14 09:21:11,1320.0,312773
2021-05-14 09:21:12,1320.05,312844
2021-05-14 09:21:13,1320.45,312854
2021-05-14 09:21:14,1320.05,312870
2021-05-14 09:21:15,1320.5,312929
2021-05-14 09:21:16,1320.5,312931
2021-05-14 09:21:17,1320.6,313043
2021-05-14 09:21:18,1320.6,313120
2021-05-14 09:21:19,1320.05,313229
2021-05-14 09:21:20,1320.5,313325
2021-05-14 09:21:21,1320.6,313368
2021-05-14 09:21:22,1320.75,313424
2021-05-14 09:21:23,1320.5,313662
2021-05-14 09:21:25,1320.75,313959
2021-05-14 09:21:26,1320.6,313993
2021-05-14 09:21:27,1320.45,314786
2021-05-14 09:21:28,1320.8,314807
2021-05-14 09:21:29,1320.65,314814
2021-05-14 09:21:30,1320.65,314862
2021-05-14 09:21:31,1320.65,315245
2021-05-14 09:21:33,1321.0,315689
2021-05-14 09:21:32,1320.9,315683
2021-05-14 09:21:34,1321.55,317874
2021-05-14 09:21:35,1321.7,317890
2021-05-14 09:21:36,1321.7,318181
2021-05-14 09:21:37,1321.95,318392
2021-05-14 09:21:38,1321.85,318631
2021-05-14 09:21:39,1322.0,318657
2021-05-14 09:21:40,1321.55,318830
2021-05-14 09:21:41,1321.55,318858
2021-05-14 09:21:42,1321.5,319240
2021-05-14 09:21:43,1321.65,319336
2021-05-14 09:21:44,1321.65,319386
2021-05-14 09:21:45,1321.55,319696
2021-05-14 09:21:46,1321.25,319902
2021-05-14 09:21:47,1321.35,320066
2021-05-14 09:21:48,1321.3,320135
2021-05-14 09:21:49,1321.3,320187
2021-05-14 09:21:50,1321.25,320709
2021-05-14 09:21:51,1321.45,321359
2021-05-14 09:21:52,1321.45,321616
2021-05-14 09:21:53,1321.25,322358
2021-05-14 09:21:54,1321.45,322468
2021-05-14 09:21:55,1321.45,323282
2021-05-14 09:21:56,1321.45,323311
2021-05-14 09:21:57,1321.45,323332
2021-05-14 09:21:58,1321.0,324717
2021-05-14 09:21:59,1321.4,324959
2021-05-14 09:22:00,1321.4,325605
2021-05-14 09:22:01,1321.2,325616
2021-05-14 09:22:02,1321.15,325838
2021-05-14 09:22:03,1320.35,328128
2021-05-14 09:22:04,1321.0,328519
2021-05-14 09:22:05,1320.9,328596
2021-05-14 09:22:06,1321.0,328660
2021-05-14 09:22:07,1320.9,328666
2021-05-14 09:22:08,1321.05,329254
2021-05-14 09:22:09,1321.0,329994
2021-05-14 09:22:10,1320.5,330025
2021-05-14 09:22:11,1321.0,330180
2021-05-14 09:22:12,1321.0,330245
2021-05-14 09:22:13,1320.9,330332
2021-05-14 09:22:14,1320.9,330556
2021-05-14 09:22:15,1320.85,330792
2021-05-14 09:22:16,1320.0,331478
2021-05-14 09:22:17,1320.5,331492
2021-05-14 09:22:18,1320.4,331729
2021-05-14 09:22:19,1320.45,332436
2021-05-14 09:22:20,1320.55,332652
2021-05-14 09:22:21,1320.55,332917
2021-05-14 09:22:22,1320.55,332990
2021-05-14 09:22:23,1320.4,333074
2021-05-14 09:22:24,1320.5,333084
2021-05-14 09:22:25,1320.4,333189
2021-05-14 09:22:26,1320.1,333527
2021-05-14 09:22:27,1320.2,333634
2021-05-14 09:22:28,1320.9,333853
2021-05-14 09:22:29,1320.9,333920
2021-05-14 09:22:30,1320.9,333972
2021-05-14 09:22:31,1320.9,333985
2021-05-14 09:22:32,1320.85,334072
2021-05-14 09:22:33,1320.5,334302
2021-05-14 09:22:34,1320.85,334372
2021-05-14 09:22:35,1320.45,335032
2021-05-14 09:22:37,1320.35,336702
2021-05-14 09:22:38,1320.8,337075
2021-05-14 09:22:39,1320.8,337088
2021-05-14 09:22:40,1320.8,337109
2021-05-14 09:22:41,1320.8,337195
2021-05-14 09:22:42,1320.5,337259
2021-05-14 09:22:43,1320.85,337419
2021-05-14 09:22:44,1320.8,337440
2021-05-14 09:22:45,1320.75,337599
2021-05-14 09:22:46,1320.55,337867
2021-05-14 09:22:47,1320.5,337922
2021-05-14 09:22:48,1320.5,337953
2021-05-14 09:22:49,1320.55,338000
2021-05-14 09:22:50,1320.2,338013
2021-05-14 09:22:51,1320.4,338074
2021-05-14 09:22:52,1320.4,338181
2021-05-14 09:22:53,1319.15,339683
2021-05-14 09:22:54,1319.3,339803
2021-05-14 09:22:55,1319.8,339879
2021-05-14 09:22:56,1319.75,340028
2021-05-14 09:22:57,1319.8,340031
2021-05-14 09:22:58,1319.8,340123
2021-05-14 09:22:59,1319.3,340435
2021-05-14 09:23:00,1319.2,340529
2021-05-14 09:23:01,1319.15,340771
2021-05-14 09:23:01,1319.2,340791
2021-05-14 09:23:02,1319.8,341153
2021-05-14 09:23:03,1319.8,341161
2021-05-14 09:23:04,1319.8,341165
2021-05-14 09:23:05,1319.85,341193
2021-05-14 09:23:06,1319.85,341405
2021-05-14 09:23:07,1319.85,341428
2021-05-14 09:23:08,1319.9,341482
2021-05-14 09:23:09,1319.8,341483
2021-05-14 09:23:10,1319.8,341583
2021-05-14 09:23:11,1319.8,341809
2021-05-14 09:23:12,1319.9,341821
2021-05-14 09:23:13,1319.6,341843
2021-05-14 09:23:14,1319.6,341943
2021-05-14 09:23:15,1319.9,342000
2021-05-14 09:23:16,1319.9,342270
2021-05-14 09:23:17,1319.9,342319
2021-05-14 09:23:18,1319.85,345222
2021-05-14 09:23:19,1319.95,345417
2021-05-14 09:23:20,1320.3,345423
2021-05-14 09:23:21,1320.3,345426
2021-05-14 09:23:22,1320.3,345441
2021-05-14 09:23:23,1319.95,345449
2021-05-14 09:23:24,1320.15,345516
2021-05-14 09:23:25,1320.0,345573
2021-05-14 09:23:26,1320.0,345585
2021-05-14 09:23:27,1319.95,345598
2021-05-14 09:23:28,1319.8,345982
2021-05-14 09:23:29,1319.95,346001
2021-05-14 09:23:30,1319.95,346151
2021-05-14 09:23:31,1319.85,346153
2021-05-14 09:23:32,1319.75,346479
2021-05-14 09:23:33,1319.6,346693
2021-05-14 09:23:34,1319.9,346898
2021-05-14 09:23:35,1319.75,346935
2021-05-14 09:23:36,1319.6,347131
2021-05-14 09:23:37,1319.75,347187
2021-05-14 09:23:38,1319.7,347396
2021-05-14 09:23:39,1319.9,347418
2021-05-14 09:23:40,1319.9,347787
2021-05-14 09:23:41,1319.9,347828
2021-05-14 09:23:42,1319.9,347900
2021-05-14 09:23:43,1319.9,347935
2021-05-14 09:23:44,1319.9,347950
2021-05-14 09:23:45,1319.95,347994
2021-05-14 09:23:46,1320.0,348028
2021-05-14 09:23:47,1319.9,348031
2021-05-14 09:23:48,1320.0,348032
2021-05-14 09:23:49,1319.8,348237
2021-05-14 09:23:50,1319.8,348454
2021-05-14 09:23:51,1320.0,348471
2021-05-14 09:23:52,1320.0,348507
2021-05-14 09:23:53,1320.0,348567
2021-05-14 09:23:54,1319.9,348839
2021-05-14 09:23:55,1319.95,348840
2021-05-14 09:23:56,1319.9,349193
2021-05-14 09:23:57,1320.0,349391
2021-05-14 09:23:58,1320.0,349509
2021-05-14 09:23:59,1320.0,349939
2021-05-14 09:24:00,1320.0,349955
2021-05-14 09:24:01,1320.0,349991
2021-05-14 09:24:02,1320.0,350106
2021-05-14 09:24:03,1320.0,350320
2021-05-14 09:24:04,1319.9,350354
2021-05-14 09:24:05,1320.0,350467
2021-05-14 09:24:06,1319.95,350800
2021-05-14 09:24:07,1319.9,350893
2021-05-14 09:24:08,1319.9,350898
2021-05-14 09:24:09,1319.85,351490
2021-05-14 09:24:10,1319.85,351594
2021-05-14 09:24:12,1319.85,351832
2021-05-14 09:24:13,1319.85,352135
2021-05-14 09:24:14,1319.85,352163
2021-05-14 09:24:15,1319.6,352828
2021-05-14 09:24:15,1319.6,352938
2021-05-14 09:24:16,1319.6,353005
2021-05-14 09:24:17,1319.55,353016
2021-05-14 09:24:18,1319.55,353086
2021-05-14 09:24:19,1319.15,353088
2021-05-14 09:24:20,1319.1,353348
2021-05-14 09:24:21,1319.3,353411
2021-05-14 09:24:22,1319.3,353467
2021-05-14 09:24:23,1319.3,354070
2021-05-14 09:24:24,1319.1,354086
2021-05-14 09:24:25,1319.1,354180
2021-05-14 09:24:26,1319.1,354188
2021-05-14 09:24:27,1319.1,357181
2021-05-14 09:24:28,1319.05,358638
2021-05-14 09:24:29,1318.9,358996
2021-05-14 09:24:30,1319.0,359100
2021-05-14 09:24:31,1319.05,359104
2021-05-14 09:24:32,1319.05,359112
2021-05-14 09:24:33,1319.0,359577
2021-05-14 09:24:34,1319.0,359590
2021-05-14 09:24:35,1319.0,359787
2021-05-14 09:24:36,1319.0,359819
2021-05-14 09:24:37,1318.85,359957
2021-05-14 09:24:38,1318.85,360016
2021-05-14 09:24:42,1318.55,360592
2021-05-14 09:24:43,1318.55,362033
2021-05-14 09:24:44,1318.65,362175
2021-05-14 09:24:45,1318.65,362277
2021-05-14 09:24:46,1318.65,362385
2021-05-14 09:24:47,1318.65,362462
2021-05-14 09:24:49,1318.65,362826
2021-05-14 09:24:50,1318.25,362851
2021-05-14 09:24:51,1318.45,363017
2021-05-14 09:24:52,1318.45,363017
2021-05-14 09:24:53,1318.0,364574
2021-05-14 09:24:54,1318.4,364584
2021-05-14 09:24:55,1318.3,368836
2021-05-14 09:24:56,1318.3,369197
2021-05-14 09:24:57,1318.0,369269
2021-05-14 09:24:58,1318.35,369799
2021-05-14 09:24:59,1318.35,370094
2021-05-14 09:25:00,1318.3,370241
2021-05-14 09:25:01,1318.3,370247
2021-05-14 09:25:02,1318.1,370284
2021-05-14 09:25:03,1318.2,370485
2021-05-14 09:25:05,1318.0,371528
2021-05-14 09:25:06,1318.15,371754
2021-05-14 09:25:07,1318.15,371814
2021-05-14 09:25:08,1318.05,371892
2021-05-14 09:25:09,1318.1,372425
2021-05-14 09:25:10,1318.2,373531
2021-05-14 09:25:11,1318.2,373642
2021-05-14 09:25:12,1318.2,373876
2021-05-14 09:25:13,1317.6,374448
2021-05-14 09:25:14,1318.0,375215
2021-05-14 09:25:15,1318.1,375335
2021-05-14 09:25:16,1318.1,375337
2021-05-14 09:25:17,1318.2,376303
2021-05-14 09:25:18,1318.15,376606
2021-05-14 09:25:19,1317.6,376812
2021-05-14 09:25:20,1318.15,376847
2021-05-14 09:25:21,1318.3,377507
2021-05-14 09:25:22,1318.2,377538
2021-05-14 09:25:23,1318.2,377615
2021-05-14 09:25:24,1318.65,380615
2021-05-14 09:25:25,1318.8,380617
2021-05-14 09:25:26,1318.7,380618
2021-05-14 09:25:27,1318.7,380739
2021-05-14 09:25:28,1318.35,380759
2021-05-14 09:25:29,1318.3,381069
2021-05-14 09:25:30,1318.2,381169
2021-05-14 09:25:31,1318.35,381199
2021-05-14 09:25:32,1318.35,381725
2021-05-14 09:25:33,1318.15,381744
2021-05-14 09:25:34,1318.15,381786
2021-05-14 09:25:35,1318.3,381885
2021-05-14 09:25:36,1318.25,381975
2021-05-14 09:25:37,1318.25,382150
2021-05-14 09:25:37,1318.25,382150
2021-05-14 09:25:38,1318.15,382862
2021-05-14 09:25:39,1318.25,382979
2021-05-14 09:25:40,1318.05,383170
2021-05-14 09:25:41,1318.25,383208
2021-05-14 09:25:42,1318.25,383430
2021-05-14 09:25:43,1318.25,383450
2021-05-14 09:25:44,1318.3,383764
2021-05-14 09:25:45,1318.0,385736
2021-05-14 09:25:46,1318.0,385792
2021-05-14 09:25:47,1317.95,386145
2021-05-14 09:25:48,1317.95,386350
2021-05-14 09:25:49,1317.95,386486
2021-05-14 09:25:50,1317.95,386757
2021-05-14 09:25:51,1317.95,386834
2021-05-14 09:25:52,1317.95,387365
2021-05-14 09:25:53,1317.95,387375
2021-05-14 09:25:54,1317.95,387448
2021-05-14 09:25:55,1317.95,387518
2021-05-14 09:25:56,1317.95,387529
2021-05-14 09:25:57,1317.95,388349
2021-05-14 09:25:58,1317.95,388365
2021-05-14 09:26:00,1317.95,388400
2021-05-14 09:26:01,1317.95,388421
2021-05-14 09:26:02,1317.95,389182
2021-05-14 09:26:03,1317.95,389313
2021-05-14 09:26:04,1317.95,389314
2021-05-14 09:26:05,1317.6,389459
2021-05-14 09:26:06,1317.85,389498
2021-05-14 09:26:07,1317.55,389873
2021-05-14 09:26:08,1317.5,390157
2021-05-14 09:26:09,1317.65,390169
2021-05-14 09:26:10,1317.65,390420
2021-05-14 09:26:10,1317.3,390465
2021-05-14 09:26:11,1317.5,390567
2021-05-14 09:26:12,1317.3,390658
2021-05-14 09:26:13,1317.8,390861
2021-05-14 09:26:14,1317.8,392332
2021-05-14 09:26:15,1317.8,392339
2021-05-14 09:26:16,1317.8,392387
2021-05-14 09:26:17,1317.8,392448
2021-05-14 09:26:18,1317.8,392959
2021-05-14 09:26:19,1317.8,392965
2021-05-14 09:26:20,1317.8,393076
2021-05-14 09:26:21,1317.8,393773
2021-05-14 09:26:22,1317.8,393884
2021-05-14 09:26:23,1317.65,393924
2021-05-14 09:26:24,1317.8,393940
2021-05-14 09:26:25,1317.65,393975
2021-05-14 09:26:26,1317.95,394812
2021-05-14 09:26:27,1317.95,394924
2021-05-14 09:26:28,1317.95,394934
2021-05-14 09:26:29,1317.4,396857
2021-05-14 09:26:30,1317.3,396875
2021-05-14 09:26:31,1317.15,398602
2021-05-14 09:26:32,1317.4,398702
2021-05-14 09:26:33,1317.4,398702
2021-05-14 09:26:34,1317.4,398724
2021-05-14 09:26:36,1317.3,398887
2021-05-14 09:26:37,1317.3,399215
2021-05-14 09:26:38,1317.15,406662
2021-05-14 09:26:39,1317.2,406665
2021-05-14 09:26:39,1317.2,406683
2021-05-14 09:26:40,1317.15,406853
2021-05-14 09:26:41,1317.2,407005
2021-05-14 09:26:42,1317.5,407508
2021-05-14 09:26:43,1316.5,407966
2021-05-14 09:26:45,1317.0,409012
2021-05-14 09:26:47,1317.0,409255
2021-05-14 09:26:46,1317.0,409124
2021-05-14 09:26:48,1316.95,409316
2021-05-14 09:26:48,1316.95,409342
2021-05-14 09:26:49,1316.95,409351
2021-05-14 09:26:50,1316.95,409365
2021-05-14 09:26:51,1316.95,409673
2021-05-14 09:26:53,1317.0,409887
2021-05-14 09:26:54,1317.0,410261
2021-05-14 09:26:55,1317.0,410270
2021-05-14 09:26:56,1316.5,410692
2021-05-14 09:26:57,1316.95,410991
2021-05-14 09:26:58,1316.95,411505
2021-05-14 09:26:59,1316.5,411731
2021-05-14 09:27:00,1317.0,412658
2021-05-14 09:27:01,1317.0,412871
2021-05-14 09:27:02,1316.95,413396
2021-05-14 09:27:03,1316.9,413806
2021-05-14 09:27:04,1316.8,413897
2021-05-14 09:27:05,1316.8,413978
2021-05-14 09:27:06,1316.7,414429
2021-05-14 09:27:07,1316.5,415062
2021-05-14 09:27:07,1316.9,415067
2021-05-14 09:27:09,1316.5,415314
2021-05-14 09:27:10,1316.75,415508
2021-05-14 09:27:11,1316.75,415802
2021-05-14 09:27:12,1316.9,416040
2021-05-14 09:27:13,1316.6,418491
2021-05-14 09:27:14,1317.1,418514
2021-05-14 09:27:15,1317.4,419419
2021-05-14 09:27:16,1317.35,420249
2021-05-14 09:27:17,1317.45,420259
2021-05-14 09:27:18,1317.45,420578
2021-05-14 09:27:19,1316.8,421274
2021-05-14 09:27:20,1317.25,421396
2021-05-14 09:27:21,1317.0,422642
2021-05-14 09:27:22,1317.0,422749
2021-05-14 09:27:23,1317.35,422903
2021-05-14 09:27:24,1317.5,423333
2021-05-14 09:27:25,1317.45,423619
2021-05-14 09:27:26,1317.25,423689
2021-05-14 09:27:27,1317.3,423797
2021-05-14 09:27:28,1317.25,423821
2021-05-14 09:27:29,1317.3,423881
2021-05-14 09:27:30,1317.3,424120
2021-05-14 09:27:31,1317.3,424491
2021-05-14 09:27:32,1317.3,424522
2021-05-14 09:27:33,1317.5,424688
2021-05-14 09:27:34,1317.45,424846
2021-05-14 09:27:35,1317.2,424910
2021-05-14 09:27:36,1317.2,425064
2021-05-14 09:27:37,1317.1,425248
2021-05-14 09:27:39,1317.2,425569
2021-05-14 09:27:42,1317.2,425822
2021-05-14 09:27:44,1317.3,425840
2021-05-14 09:27:45,1317.5,426401
2021-05-14 09:27:47,1317.4,426505
2021-05-14 09:27:47,1317.5,426586
2021-05-14 09:27:48,1317.45,427159
2021-05-14 09:27:50,1317.45,427165
2021-05-14 09:27:51,1317.25,427207
2021-05-14 09:27:52,1317.4,427416
2021-05-14 09:27:53,1317.4,427519
2021-05-14 09:27:54,1317.4,428173
2021-05-14 09:27:55,1317.4,428207
2021-05-14 09:27:55,1317.15,428327
2021-05-14 09:27:56,1317.35,428372
2021-05-14 09:27:57,1317.35,428424
2021-05-14 09:27:58,1317.35,428530
2021-05-14 09:27:59,1317.35,429556
2021-05-14 09:28:00,1317.45,429564
2021-05-14 09:28:02,1317.5,429716
2021-05-14 09:28:03,1317.5,429742
2021-05-14 09:28:04,1317.2,431399
2021-05-14 09:28:05,1317.1,431948
2021-05-14 09:28:06,1317.1,432274
2021-05-14 09:28:07,1317.4,432396
2021-05-14 09:28:08,1317.45,432512
2021-05-14 09:28:09,1317.1,432633
2021-05-14 09:28:10,1317.1,432663
2021-05-14 09:28:11,1317.35,432731
2021-05-14 09:28:12,1317.45,432983
2021-05-14 09:28:13,1317.45,433128
2021-05-14 09:28:14,1317.5,433469
2021-05-14 09:28:15,1317.15,437208
2021-05-14 09:28:16,1317.0,437364
2021-05-14 09:28:17,1316.65,440308
2021-05-14 09:28:18,1316.65,440410
2021-05-14 09:28:19,1316.55,440537
2021-05-14 09:28:20,1316.5,441091
2021-05-14 09:28:21,1316.45,442941
2021-05-14 09:28:22,1316.45,442944
2021-05-14 09:28:23,1316.45,443174
2021-05-14 09:28:24,1316.45,443216
2021-05-14 09:28:25,1316.4,443270
2021-05-14 09:28:26,1316.0,443587
2021-05-14 09:28:27,1316.3,443973
2021-05-14 09:28:28,1316.3,444067
2021-05-14 09:28:29,1315.65,453980
2021-05-14 09:28:30,1315.65,459610
2021-05-14 09:28:31,1315.65,460159
2021-05-14 09:28:32,1315.65,461068
2021-05-14 09:28:33,1315.9,461489
2021-05-14 09:28:34,1315.55,461617
2021-05-14 09:28:35,1315.9,461783
2021-05-14 09:28:36,1315.85,462695
2021-05-14 09:28:37,1315.65,462890
2021-05-14 09:28:38,1316.0,463171
2021-05-14 09:28:39,1316.35,463438
2021-05-14 09:28:40,1316.35,463642
2021-05-14 09:28:41,1316.3,463758
2021-05-14 09:28:42,1316.2,463835
2021-05-14 09:28:43,1316.0,463865
2021-05-14 09:28:46,1316.1,464470
2021-05-14 09:28:47,1316.3,464483
2021-05-14 09:28:48,1317.8,466498
2021-05-14 09:28:49,1317.8,466724
2021-05-14 09:28:50,1317.8,466787
2021-05-14 09:28:51,1317.9,467788
2021-05-14 09:28:52,1317.35,467902
2021-05-14 09:28:52,1317.15,468113
2021-05-14 09:28:53,1317.35,468160
2021-05-14 09:28:54,1317.15,468194
2021-05-14 09:28:55,1317.0,468352
2021-05-14 09:28:56,1316.65,468418
2021-05-14 09:28:57,1316.85,468608
2021-05-14 09:28:58,1316.85,468654
2021-05-14 09:28:59,1316.85,468790
2021-05-14 09:29:00,1317.55,469264
2021-05-14 09:29:01,1317.25,469346
2021-05-14 09:29:02,1317.0,469547
2021-05-14 09:29:04,1316.65,469847
2021-05-14 09:29:05,1317.2,469936
2021-05-14 09:29:07,1316.75,470806
2021-05-14 09:29:08,1316.75,470823
2021-05-14 09:29:09,1317.95,470947
2021-05-14 09:29:10,1317.9,470962
2021-05-14 09:29:11,1317.2,470985
2021-05-14 09:29:12,1317.7,470994
2021-05-14 09:29:13,1317.55,471199
2021-05-14 09:29:14,1316.85,471559
2021-05-14 09:29:15,1317.2,471581
2021-05-14 09:29:16,1316.85,471615
2021-05-14 09:29:17,1317.2,472161
2021-05-14 09:29:19,1317.75,472217
2021-05-14 09:29:21,1317.65,472318
2021-05-14 09:29:22,1317.65,472440
2021-05-14 09:29:23,1317.65,472512
2021-05-14 09:29:24,1317.65,472582
2021-05-14 09:29:25,1317.15,472602
2021-05-14 09:29:26,1317.65,472722
2021-05-14 09:29:27,1317.6,472836
2021-05-14 09:29:28,1317.25,472963
2021-05-14 09:29:29,1317.55,472967
2021-05-14 09:29:30,1318.0,474063
2021-05-14 09:29:31,1317.6,474073
2021-05-14 09:29:32,1317.65,474084
2021-05-14 09:29:33,1318.0,474314
2021-05-14 09:29:34,1318.0,474323
2021-05-14 09:29:35,1318.0,474852
2021-05-14 09:29:36,1317.95,474994
2021-05-14 09:29:37,1317.95,475135
2021-05-14 09:29:38,1317.95,475276
2021-05-14 09:29:39,1317.95,475851
2021-05-14 09:29:40,1317.95,475854
2021-05-14 09:29:41,1317.75,475949
2021-05-14 09:29:42,1317.75,475992
2021-05-14 09:29:43,1317.75,476057
2021-05-14 09:29:44,1317.75,476163
2021-05-14 09:29:45,1317.75,476181
2021-05-14 09:29:46,1317.2,476603
2021-05-14 09:29:47,1317.65,476682
2021-05-14 09:29:48,1317.65,476729
2021-05-14 09:29:49,1317.2,476786
2021-05-14 09:29:50,1317.2,477016
2021-05-14 09:29:51,1317.65,477412
2021-05-14 09:29:52,1317.65,477415
2021-05-14 09:29:53,1317.65,478485
2021-05-14 09:29:54,1317.5,478617
2021-05-14 09:29:55,1317.2,478673
2021-05-14 09:29:56,1317.4,478873
2021-05-14 09:29:57,1317.6,479011
2021-05-14 09:29:58,1317.5,479521
2021-05-14 09:29:59,1317.55,479633
2021-05-14 09:30:00,1317.55,479668
2021-05-14 09:30:01,1317.3,479907
2021-05-14 09:30:01,1317.3,479926
2021-05-14 09:30:03,1317.15,481801
2021-05-14 09:30:04,1317.0,481870
2021-05-14 09:30:05,1316.95,483015
2021-05-14 09:30:06,1316.5,484243
2021-05-14 09:30:07,1316.9,485045
2021-05-14 09:30:08,1316.0,486873
2021-05-14 09:30:09,1316.0,487695
2021-05-14 09:30:10,1315.6,487905
2021-05-14 09:30:11,1315.55,489185
2021-05-14 09:30:12,1315.15,489687
2021-05-14 09:30:13,1315.1,489800
2021-05-14 09:30:14,1315.3,490184
2021-05-14 09:30:15,1315.3,490204
2021-05-14 09:30:16,1315.0,492825
2021-05-14 09:30:17,1315.25,492941
2021-05-14 09:30:18,1315.25,493416
2021-05-14 09:30:19,1315.0,493736
2021-05-14 09:30:20,1315.25,493758
2021-05-14 09:30:21,1315.05,494186
2021-05-14 09:30:22,1315.25,494374
2021-05-14 09:30:23,1315.0,494465
2021-05-14 09:30:24,1315.05,495151
2021-05-14 09:30:25,1315.55,495294
2021-05-14 09:30:26,1315.6,495952
2021-05-14 09:30:27,1315.0,496160
2021-05-14 09:30:28,1315.1,496192
2021-05-14 09:30:29,1315.6,496408
2021-05-14 09:30:30,1315.6,496750
2021-05-14 09:30:31,1315.1,496892
2021-05-14 09:30:32,1315.6,496973
2021-05-14 09:30:33,1315.6,497079
2021-05-14 09:30:34,1315.6,497102
2021-05-14 09:30:35,1315.2,497227
2021-05-14 09:30:36,1315.55,497237
2021-05-14 09:30:37,1315.2,497311
2021-05-14 09:30:38,1315.55,497532
2021-05-14 09:30:39,1315.5,497729
2021-05-14 09:30:40,1315.2,498160
2021-05-14 09:30:41,1315.1,498325
2021-05-14 09:30:42,1315.35,498453
2021-05-14 09:30:43,1315.35,498599
2021-05-14 09:30:44,1315.35,498647
2021-05-14 09:30:45,1315.1,498916
2021-05-14 09:30:46,1315.15,499237
2021-05-14 09:30:47,1315.65,499306
2021-05-14 09:30:48,1315.25,499487
2021-05-14 09:30:49,1315.5,499565
2021-05-14 09:30:50,1315.1,500211
2021-05-14 09:30:51,1315.35,500393
2021-05-14 09:30:52,1315.1,501276
2021-05-14 09:30:53,1315.25,502225
2021-05-14 09:30:54,1315.5,502261
2021-05-14 09:30:55,1315.35,502716
2021-05-14 09:30:56,1315.35,502751
2021-05-14 09:30:57,1315.15,502889
2021-05-14 09:30:58,1315.35,503173
2021-05-14 09:30:59,1315.35,503238
2021-05-14 09:31:00,1315.2,503262
2021-05-14 09:31:01,1315.25,503412
2021-05-14 09:31:02,1315.3,503923
2021-05-14 09:31:03,1315.25,504031
2021-05-14 09:31:04,1315.25,504174
2021-05-14 09:31:05,1315.25,504990
2021-05-14 09:31:06,1315.55,505261
2021-05-14 09:31:07,1315.1,505362
2021-05-14 09:31:08,1315.1,505610
2021-05-14 09:31:09,1315.25,505738
2021-05-14 09:31:10,1315.25,505836
2021-05-14 09:31:11,1315.25,506110
2021-05-14 09:31:12,1315.15,506412
2021-05-14 09:31:13,1315.6,506454
2021-05-14 09:31:15,1315.8,507387
2021-05-14 09:31:16,1315.8,507511
2021-05-14 09:31:17,1315.9,507538
2021-05-14 09:31:18,1315.9,507574
2021-05-14 09:31:19,1315.6,507919
2021-05-14 09:31:20,1316.0,508034
2021-05-14 09:31:21,1316.0,508062
2021-05-14 09:31:22,1316.1,510463
2021-05-14 09:31:23,1316.2,510719
2021-05-14 09:31:26,1315.9,510843
2021-05-14 09:31:27,1316.2,510951
2021-05-14 09:31:28,1316.1,511023
2021-05-14 09:31:29,1316.1,511091
2021-05-14 09:31:30,1316.1,511091
2021-05-14 09:31:31,1316.1,511722
2021-05-14 09:31:32,1316.1,511729
2021-05-14 09:31:33,1316.05,511829
2021-05-14 09:31:34,1316.05,511831
2021-05-14 09:31:35,1315.6,513298
2021-05-14 09:31:36,1315.55,514524
2021-05-14 09:31:37,1315.5,515116
2021-05-14 09:31:38,1315.7,515434
2021-05-14 09:31:39,1315.25,515936
2021-05-14 09:31:40,1315.25,516040
2021-05-14 09:31:41,1315.75,516272
2021-05-14 09:31:42,1315.75,516753
2021-05-14 09:31:43,1314.65,545122
2021-05-14 09:31:44,1313.8,552463
2021-05-14 09:31:45,1313.0,556605
2021-05-14 09:31:46,1312.95,558294
2021-05-14 09:31:47,1312.55,559657
2021-05-14 09:31:48,1312.4,560912
2021-05-14 09:31:49,1312.25,561546
2021-05-14 09:31:50,1312.2,562129
2021-05-14 09:31:51,1312.05,567359
2021-05-14 09:31:52,1312.15,574818
2021-05-14 09:31:53,1312.15,575237
2021-05-14 09:31:54,1312.15,575410
2021-05-14 09:31:55,1312.0,576282
2021-05-14 09:31:56,1311.5,577601
2021-05-14 09:31:57,1311.55,578702
2021-05-14 09:31:58,1311.6,580536
2021-05-14 09:31:59,1312.45,580833
2021-05-14 09:32:00,1312.1,580979
2021-05-14 09:32:01,1312.45,581105
2021-05-14 09:32:02,1312.0,581258
2021-05-14 09:32:03,1312.4,581688
2021-05-14 09:32:04,1312.45,581771
2021-05-14 09:32:05,1312.4,582527
2021-05-14 09:32:06,1312.45,582581
2021-05-14 09:32:07,1312.5,582587
2021-05-14 09:32:08,1312.45,582707
2021-05-14 09:32:09,1312.35,583472
2021-05-14 09:32:10,1313.6,584795
2021-05-14 09:32:11,1313.55,585565
2021-05-14 09:32:12,1313.55,585731
2021-05-14 09:32:13,1313.55,585888
2021-05-14 09:32:14,1312.8,586672
2021-05-14 09:32:15,1313.65,586975
2021-05-14 09:32:18,1313.7,587936
2021-05-14 09:32:17,1313.7,587436
2021-05-14 09:32:19,1313.8,588855
2021-05-14 09:32:20,1313.7,589037
2021-05-14 09:32:21,1313.3,589092
2021-05-14 09:32:22,1313.6,589397
2021-05-14 09:32:23,1314.0,589529
2021-05-14 09:32:24,1314.0,590602
2021-05-14 09:32:25,1314.75,591653
2021-05-14 09:32:26,1314.05,592473
2021-05-14 09:32:27,1313.8,592538
2021-05-14 09:32:28,1313.8,592686
2021-05-14 09:32:29,1314.7,592899
2021-05-14 09:32:30,1314.2,593093
2021-05-14 09:32:31,1313.8,594113
2021-05-14 09:32:32,1314.55,595139
2021-05-14 09:32:33,1314.35,595446
2021-05-14 09:32:34,1314.35,595828
2021-05-14 09:32:35,1314.35,595842
2021-05-14 09:32:36,1314.35,596033
2021-05-14 09:32:37,1314.05,596742
2021-05-14 09:32:38,1313.5,597335
2021-05-14 09:32:39,1313.0,597631
2021-05-14 09:32:40,1313.6,598375
2021-05-14 09:32:41,1313.45,598532
2021-05-14 09:32:42,1313.4,598701
2021-05-14 09:32:43,1313.0,599039
2021-05-14 09:32:44,1313.25,599175
2021-05-14 09:32:46,1313.45,599944
2021-05-14 09:32:45,1313.4,599244
2021-05-14 09:32:47,1313.35,600008
2021-05-14 09:32:48,1313.2,600013
2021-05-14 09:32:49,1313.35,600061
2021-05-14 09:32:50,1313.5,600714
2021-05-14 09:32:51,1313.0,600936
2021-05-14 09:32:52,1313.0,601274
2021-05-14 09:32:53,1313.0,601557
2021-05-14 09:32:54,1313.0,602889
2021-05-14 09:32:55,1313.0,602932
2021-05-14 09:32:56,1313.0,602987
2021-05-14 09:32:58,1313.1,603074
2021-05-14 09:32:59,1313.1,603100
2021-05-14 09:33:01,1313.5,604178
2021-05-14 09:33:02,1313.6,604775
2021-05-14 09:33:03,1313.1,604855
2021-05-14 09:33:03,1313.6,604856
2021-05-14 09:33:04,1313.6,605347
2021-05-14 09:33:05,1313.0,605880
2021-05-14 09:33:06,1313.55,606110
2021-05-14 09:33:07,1313.55,606552
2021-05-14 09:33:08,1313.6,606811
2021-05-14 09:33:09,1313.6,606824
2021-05-14 09:33:10,1313.6,606839
2021-05-14 09:33:11,1313.6,606867
2021-05-14 09:33:12,1313.5,607239
2021-05-14 09:33:14,1313.4,608049
2021-05-14 09:33:15,1313.5,608173
2021-05-14 09:33:20,1313.5,610064
2021-05-14 09:33:21,1313.2,610198
2021-05-14 09:33:22,1313.8,610312
2021-05-14 09:33:23,1313.8,610452
2021-05-14 09:33:24,1313.75,610924
2021-05-14 09:33:24,1313.8,610934
2021-05-14 09:33:25,1313.6,611103
2021-05-14 09:33:26,1313.25,611332
2021-05-14 09:33:27,1313.55,611545
2021-05-14 09:33:28,1313.55,611897
2021-05-14 09:33:30,1313.55,611948
2021-05-14 09:33:30,1313.55,611948
2021-05-14 09:33:33,1313.45,612371
2021-05-14 09:33:34,1313.5,612520
2021-05-14 09:33:36,1313.5,612735
2021-05-14 09:33:36,1313.5,612735
2021-05-14 09:33:37,1313.5,613617
2021-05-14 09:33:38,1313.55,614175
2021-05-14 09:33:39,1313.55,614427
2021-05-14 09:33:40,1313.75,614598
2021-05-14 09:33:41,1313.65,614682
2021-05-14 09:33:42,1313.5,614820
2021-05-14 09:33:43,1313.5,614935
2021-05-14 09:33:44,1313.5,615112
2021-05-14 09:33:45,1313.5,615208
2021-05-14 09:33:46,1313.25,615423
2021-05-14 09:33:47,1313.25,615585
2021-05-14 09:33:49,1313.15,615694
2021-05-14 09:33:50,1313.65,615965
2021-05-14 09:33:51,1313.65,615976
2021-05-14 09:33:52,1313.65,616005
2021-05-14 09:33:52,1313.65,616005
2021-05-14 09:33:53,1313.65,616055
2021-05-14 09:33:54,1313.5,616255
2021-05-14 09:33:55,1312.1,622704
2021-05-14 09:33:56,1312.55,622825
2021-05-14 09:33:57,1312.05,623107
2021-05-14 09:33:58,1312.05,623607
2021-05-14 09:33:59,1312.1,623772
2021-05-14 09:34:00,1312.2,623979
2021-05-14 09:34:01,1312.1,624364
2021-05-14 09:34:02,1312.2,624601
2021-05-14 09:34:03,1312.8,625867
2021-05-14 09:34:04,1312.05,626134
2021-05-14 09:34:06,1312.35,626406
2021-05-14 09:34:08,1312.65,626763
2021-05-14 09:34:09,1312.65,626922
2021-05-14 09:34:10,1313.4,627385
2021-05-14 09:34:12,1313.5,627511
2021-05-14 09:34:13,1313.5,627712
2021-05-14 09:34:13,1313.5,627729
2021-05-14 09:34:14,1313.25,628012
2021-05-14 09:34:15,1313.2,628754
2021-05-14 09:34:16,1313.85,628908
2021-05-14 09:34:17,1313.5,628929
2021-05-14 09:34:19,1313.85,629462
2021-05-14 09:34:20,1313.6,629853
2021-05-14 09:34:21,1313.6,630011
2021-05-14 09:34:22,1313.7,630041
2021-05-14 09:34:24,1313.7,630869
2021-05-14 09:34:25,1312.95,630992
2021-05-14 09:34:26,1313.5,631130
2021-05-14 09:34:27,1313.45,631456
2021-05-14 09:34:27,1313.45,631456
2021-05-14 09:34:28,1313.0,631528
2021-05-14 09:34:29,1313.0,631570
2021-05-14 09:34:30,1313.0,631951
2021-05-14 09:34:31,1313.0,632109
2021-05-14 09:34:32,1313.0,632227
2021-05-14 09:34:33,1313.5,633137
2021-05-14 09:34:34,1313.45,633312
2021-05-14 09:34:35,1313.65,633940
2021-05-14 09:34:36,1313.65,633946
2021-05-14 09:34:37,1313.1,634075
2021-05-14 09:34:38,1313.5,634798
2021-05-14 09:34:39,1313.5,634967
2021-05-14 09:34:40,1313.6,634968
2021-05-14 09:34:41,1313.4,635159
2021-05-14 09:34:43,1313.4,635495
2021-05-14 09:34:43,1313.0,635532
2021-05-14 09:34:44,1313.0,635861
2021-05-14 09:34:45,1313.2,635974
2021-05-14 09:34:46,1313.2,636203
2021-05-14 09:34:47,1313.2,636734
2021-05-14 09:34:48,1313.2,636868
2021-05-14 09:34:50,1313.4,636884
2021-05-14 09:34:50,1313.4,636950
2021-05-14 09:34:51,1313.4,637243
2021-05-14 09:34:52,1313.4,637322
2021-05-14 09:34:53,1313.5,638810
2021-05-14 09:34:54,1313.3,639473
2021-05-14 09:34:55,1313.4,639656
2021-05-14 09:34:56,1313.4,639726
2021-05-14 09:34:57,1313.6,639779
2021-05-14 09:34:58,1313.3,640678
2021-05-14 09:34:59,1313.6,641030
2021-05-14 09:35:00,1313.4,641322
2021-05-14 09:35:02,1313.4,641433
2021-05-14 09:35:03,1313.35,642000
2021-05-14 09:35:04,1313.3,642104
2021-05-14 09:35:05,1313.25,642296
2021-05-14 09:35:06,1313.25,642768
2021-05-14 09:35:07,1313.4,643351
2021-05-14 09:35:09,1313.2,644749
2021-05-14 09:35:10,1313.2,644914
2021-05-14 09:35:10,1312.6,644936
2021-05-14 09:35:11,1313.0,645089
2021-05-14 09:35:12,1313.0,645133
2021-05-14 09:35:14,1312.5,645227
2021-05-14 09:35:15,1312.75,645541
2021-05-14 09:35:15,1312.65,645406
2021-05-14 09:35:16,1312.5,645706
2021-05-14 09:35:17,1312.75,646023
2021-05-14 09:35:18,1312.75,646421
2021-05-14 09:35:19,1312.75,646563
2021-05-14 09:35:20,1312.75,646598
2021-05-14 09:35:21,1312.75,646856
2021-05-14 09:35:22,1312.85,646872
2021-05-14 09:35:23,1312.75,646910
2021-05-14 09:35:24,1312.75,646970
2021-05-14 09:35:26,1312.75,646994
2021-05-14 09:35:27,1312.5,647085
2021-05-14 09:35:27,1312.5,647088
2021-05-14 09:35:28,1312.25,647138
2021-05-14 09:35:29,1312.75,647419
2021-05-14 09:35:30,1313.05,647749
2021-05-14 09:35:32,1312.75,647751
2021-05-14 09:35:33,1312.5,648267
2021-05-14 09:35:33,1313.0,648295
2021-05-14 09:35:34,1313.0,648725
2021-05-14 09:35:35,1312.5,648740
2021-05-14 09:35:37,1313.25,649409
2021-05-14 09:35:38,1313.0,649632
2021-05-14 09:35:38,1313.0,649632
2021-05-14 09:35:39,1313.4,649910
2021-05-14 09:35:40,1313.4,650133
2021-05-14 09:35:42,1313.4,650259
2021-05-14 09:35:43,1313.4,650276
2021-05-14 09:35:43,1313.4,650276
2021-05-14 09:35:44,1313.4,650554
2021-05-14 09:35:45,1313.4,650668
2021-05-14 09:35:46,1313.4,650669
2021-05-14 09:35:47,1313.4,650754
2021-05-14 09:35:48,1313.05,650929
2021-05-14 09:35:49,1313.4,651186
2021-05-14 09:35:50,1313.6,651512
2021-05-14 09:35:52,1313.6,651567
2021-05-14 09:35:53,1313.6,651575
2021-05-14 09:35:53,1313.6,651575
2021-05-14 09:35:54,1313.4,651620
2021-05-14 09:35:55,1313.6,651621
2021-05-14 09:35:56,1313.6,651919
2021-05-14 09:35:57,1313.7,652015
2021-05-14 09:35:58,1313.4,652386
2021-05-14 09:35:59,1313.55,652640
2021-05-14 09:36:00,1313.55,652688
2021-05-14 09:36:02,1313.4,652910
2021-05-14 09:36:03,1313.4,653014
2021-05-14 09:36:04,1313.4,653072
2021-05-14 09:36:05,1313.5,654463
2021-05-14 09:36:07,1313.4,654853
2021-05-14 09:36:08,1313.7,654878
2021-05-14 09:36:09,1313.7,654891
2021-05-14 09:36:09,1313.7,654891
2021-05-14 09:36:11,1313.55,654995
2021-05-14 09:36:12,1313.85,655171
2021-05-14 09:36:12,1313.85,655171
2021-05-14 09:36:14,1313.6,656329
2021-05-14 09:36:15,1313.7,656330
2021-05-14 09:36:17,1313.65,656498
2021-05-14 09:36:18,1313.5,656668
2021-05-14 09:36:19,1313.5,656684
2021-05-14 09:36:19,1313.5,656684
2021-05-14 09:36:20,1313.5,656738
2021-05-14 09:36:21,1313.55,656759
2021-05-14 09:36:22,1313.55,656795
2021-05-14 09:36:24,1313.3,657259
2021-05-14 09:36:25,1313.7,657455
2021-05-14 09:36:26,1314.0,658870
2021-05-14 09:36:27,1314.0,658988
2021-05-14 09:36:28,1314.0,659149
2021-05-14 09:36:29,1314.0,661024
2021-05-14 09:36:30,1314.0,661198
2021-05-14 09:36:30,1314.0,661198
2021-05-14 09:36:32,1314.5,663002
2021-05-14 09:36:32,1314.5,663003
2021-05-14 09:36:33,1314.5,663025
2021-05-14 09:36:34,1314.75,664744
2021-05-14 09:36:35,1314.8,664798
2021-05-14 09:36:36,1314.05,665103
2021-05-14 09:36:37,1314.65,665153
2021-05-14 09:36:38,1314.65,665188
2021-05-14 09:36:39,1314.65,665283
2021-05-14 09:36:40,1314.65,665512
2021-05-14 09:36:44,1314.55,666151
2021-05-14 09:36:45,1314.55,666264
2021-05-14 09:36:46,1314.55,666316
2021-05-14 09:36:46,1314.55,666291
2021-05-14 09:36:47,1314.55,666817
2021-05-14 09:36:49,1314.55,667006
2021-05-14 09:36:48,1314.5,666843
2021-05-14 09:36:50,1314.95,668689
2021-05-14 09:36:51,1314.55,668714
2021-05-14 09:36:52,1314.85,668726
2021-05-14 09:36:53,1314.85,668745
2021-05-14 09:36:54,1314.85,669780
2021-05-14 09:36:56,1314.8,669911
2021-05-14 09:36:57,1314.8,670042
2021-05-14 09:36:58,1314.9,670422
2021-05-14 09:36:59,1314.75,670443
2021-05-14 09:37:00,1314.9,671216
2021-05-14 09:37:01,1314.9,671414
2021-05-14 09:37:02,1314.95,671929
2021-05-14 09:37:03,1315.0,672174
2021-05-14 09:37:03,1315.0,672174
2021-05-14 09:37:06,1315.1,673069
2021-05-14 09:37:07,1314.9,673390
2021-05-14 09:37:08,1315.0,673400
2021-05-14 09:37:09,1315.0,673550
2021-05-14 09:37:10,1315.0,674130
2021-05-14 09:37:11,1315.15,674242
2021-05-14 09:37:13,1315.0,674864
2021-05-14 09:37:14,1315.0,675419
2021-05-14 09:37:15,1314.5,675557
2021-05-14 09:37:17,1315.0,675697
2021-05-14 09:37:18,1314.85,676078
2021-05-14 09:37:19,1314.7,676100
2021-05-14 09:37:20,1314.85,676211
2021-05-14 09:37:21,1314.85,676293
2021-05-14 09:37:22,1314.8,676569
2021-05-14 09:37:23,1314.8,676665
2021-05-14 09:37:24,1314.8,676705
2021-05-14 09:37:25,1314.8,676728
2021-05-14 09:37:26,1314.7,676753
2021-05-14 09:37:27,1314.9,676954
2021-05-14 09:37:28,1314.9,676968
2021-05-14 09:37:29,1314.85,676971
2021-05-14 09:37:33,1314.9,677222
2021-05-14 09:37:34,1315.15,677378
2021-05-14 09:37:35,1315.25,677389
2021-05-14 09:37:36,1315.5,677896
2021-05-14 09:37:36,1314.5,680054
2021-05-14 09:37:37,1315.1,680066
2021-05-14 09:37:38,1314.65,681188
2021-05-14 09:37:39,1314.3,681318
2021-05-14 09:37:41,1314.3,685719
2021-05-14 09:37:42,1313.35,686502
2021-05-14 09:37:43,1313.4,686623
2021-05-14 09:37:44,1313.05,686747
2021-05-14 09:37:45,1313.6,686851
2021-05-14 09:37:46,1313.55,687720
2021-05-14 09:37:48,1313.45,687821
2021-05-14 09:37:50,1313.5,689976
2021-05-14 09:37:51,1313.55,689980
2021-05-14 09:37:52,1313.0,692048
2021-05-14 09:37:53,1313.45,692434
2021-05-14 09:37:54,1313.4,692512
2021-05-14 09:37:55,1313.15,692766
2021-05-14 09:37:55,1312.6,693822
2021-05-14 09:37:56,1313.0,693917
2021-05-14 09:37:58,1313.0,694225
2021-05-14 09:37:59,1313.0,694251
2021-05-14 09:38:00,1313.55,694305
2021-05-14 09:38:01,1313.85,694365
2021-05-14 09:38:02,1313.0,701375
2021-05-14 09:38:03,1313.35,701400
2021-05-14 09:38:04,1313.5,701407
2021-05-14 09:38:05,1313.55,701435
2021-05-14 09:38:05,1313.55,701434
2021-05-14 09:38:07,1313.8,702769
2021-05-14 09:38:10,1313.95,702845
2021-05-14 09:38:11,1313.95,702854
2021-05-14 09:38:12,1313.95,702873
2021-05-14 09:38:13,1313.95,702879
2021-05-14 09:38:16,1313.95,703163
2021-05-14 09:38:17,1313.95,703258
2021-05-14 09:38:18,1313.95,703432
2021-05-14 09:38:19,1313.95,703555
2021-05-14 09:38:20,1313.15,704858
2021-05-14 09:38:21,1313.95,704880
2021-05-14 09:38:22,1313.95,704904
2021-05-14 09:38:23,1313.45,705005
2021-05-14 09:38:24,1313.9,705269
2021-05-14 09:38:25,1313.85,705298
2021-05-14 09:38:26,1313.85,705381
2021-05-14 09:38:27,1313.85,705944
2021-05-14 09:38:28,1313.85,706029
2021-05-14 09:38:29,1313.85,706047
2021-05-14 09:38:30,1313.5,706158
2021-05-14 09:38:31,1313.85,706269
2021-05-14 09:38:32,1313.25,706487
2021-05-14 09:38:33,1313.8,706492
2021-05-14 09:38:34,1313.8,706628
2021-05-14 09:38:35,1313.8,706717
2021-05-14 09:38:36,1313.8,706752
2021-05-14 09:38:36,1313.8,706752
2021-05-14 09:38:37,1313.8,706760
2021-05-14 09:38:38,1313.5,706850
2021-05-14 09:38:39,1313.25,706854
2021-05-14 09:38:40,1313.5,707078
2021-05-14 09:38:41,1313.65,707142
2021-05-14 09:38:42,1313.55,707396
2021-05-14 09:38:43,1313.9,707413
2021-05-14 09:38:44,1313.8,707973
2021-05-14 09:38:45,1313.5,708363
2021-05-14 09:38:46,1313.8,708513
2021-05-14 09:38:47,1313.8,708757
2021-05-14 09:38:48,1313.8,708848
2021-05-14 09:38:52,1313.85,709903
2021-05-14 09:38:53,1313.55,710407
2021-05-14 09:38:54,1313.55,710450
2021-05-14 09:38:55,1313.45,710582
2021-05-14 09:38:56,1313.55,710667
2021-05-14 09:38:57,1313.25,710961
2021-05-14 09:38:58,1313.25,710973
2021-05-14 09:38:59,1313.75,711304
2021-05-14 09:39:01,1313.55,711740
2021-05-14 09:39:02,1313.55,711975
2021-05-14 09:39:03,1313.8,711985
2021-05-14 09:39:04,1313.8,711989
2021-05-14 09:39:05,1313.8,712017
2021-05-14 09:39:06,1313.8,712048
2021-05-14 09:39:07,1313.8,712289
2021-05-14 09:39:08,1313.8,712303
2021-05-14 09:39:09,1313.8,712665
2021-05-14 09:39:09,1313.25,712614
2021-05-14 09:39:10,1313.35,712730
2021-05-14 09:39:11,1313.8,712784
2021-05-14 09:39:12,1313.8,713178
2021-05-14 09:39:13,1313.8,713220
2021-05-14 09:39:14,1313.3,713262
2021-05-14 09:39:16,1313.9,713397
2021-05-14 09:39:17,1313.75,713649
2021-05-14 09:39:19,1313.9,714609
2021-05-14 09:39:20,1314.35,716481
2021-05-14 09:39:21,1314.35,716487
2021-05-14 09:39:22,1314.4,716511
2021-05-14 09:39:23,1314.4,716531
2021-05-14 09:39:24,1314.7,716772
2021-05-14 09:39:25,1314.2,716971
2021-05-14 09:39:26,1314.75,717122
2021-05-14 09:39:27,1314.55,718215
2021-05-14 09:39:28,1314.75,718685
2021-05-14 09:39:29,1314.85,718712
2021-05-14 09:39:30,1314.4,718728
2021-05-14 09:39:31,1314.4,718811
2021-05-14 09:39:32,1315.0,719103
2021-05-14 09:39:33,1314.5,719223
2021-05-14 09:39:34,1315.85,720955
2021-05-14 09:39:34,1315.1,721172
2021-05-14 09:39:36,1315.6,721308
2021-05-14 09:39:37,1315.6,721580
2021-05-14 09:39:38,1315.6,721641
2021-05-14 09:39:39,1315.75,721666
2021-05-14 09:39:40,1315.0,722262
2021-05-14 09:39:44,1315.2,722379
2021-05-14 09:39:47,1315.2,722563
2021-05-14 09:39:47,1315.2,722564
2021-05-14 09:39:49,1315.2,722665
2021-05-14 09:39:50,1315.55,722821
2021-05-14 09:39:51,1315.5,722833
2021-05-14 09:39:51,1315.5,722833
2021-05-14 09:39:53,1315.5,722896
2021-05-14 09:39:54,1315.45,723013
2021-05-14 09:39:55,1315.0,723422
2021-05-14 09:39:56,1315.45,723444
2021-05-14 09:39:57,1315.45,723835
2021-05-14 09:39:58,1315.45,723983
2021-05-14 09:39:59,1315.2,724461
2021-05-14 09:40:01,1314.6,724919
2021-05-14 09:40:02,1315.15,725111
2021-05-14 09:40:03,1315.15,725132
2021-05-14 09:40:04,1315.45,725394
2021-05-14 09:40:05,1315.45,725416
2021-05-14 09:40:06,1314.5,726145
2021-05-14 09:40:07,1315.3,726310
2021-05-14 09:40:08,1315.25,726367
2021-05-14 09:40:09,1315.3,726386
2021-05-14 09:40:10,1315.5,727512
2021-05-14 09:40:11,1315.25,727528
2021-05-14 09:40:13,1315.3,727699
2021-05-14 09:40:15,1315.3,727728
2021-05-14 09:40:16,1315.3,727820
2021-05-14 09:40:17,1315.3,727847
2021-05-14 09:40:18,1315.3,727907
2021-05-14 09:40:20,1315.45,728126
2021-05-14 09:40:21,1315.45,728136
2021-05-14 09:40:21,1315.45,728136
2021-05-14 09:40:22,1315.5,728245
2021-05-14 09:40:23,1315.45,728299
2021-05-14 09:40:25,1315.45,728304
2021-05-14 09:40:26,1315.65,728605
2021-05-14 09:40:27,1315.3,728645
2021-05-14 09:40:28,1315.7,728719
2021-05-14 09:40:29,1315.7,728750
2021-05-14 09:40:30,1315.7,728795
2021-05-14 09:40:31,1315.75,729003
2021-05-14 09:40:32,1315.5,729142
2021-05-14 09:40:33,1315.65,729483
2021-05-14 09:40:33,1315.65,729483
2021-05-14 09:40:35,1314.85,729987
2021-05-14 09:40:36,1315.25,730328
2021-05-14 09:40:36,1315.3,730428
2021-05-14 09:40:37,1315.3,730439
2021-05-14 09:40:39,1315.0,730503
2021-05-14 09:40:40,1314.45,731390
2021-05-14 09:40:41,1314.15,731976
2021-05-14 09:40:42,1314.9,732098
2021-05-14 09:40:43,1314.9,732157
2021-05-14 09:40:44,1314.85,732226
2021-05-14 09:40:45,1314.1,732314
2021-05-14 09:40:46,1314.5,732341
2021-05-14 09:40:47,1314.7,733845
2021-05-14 09:40:48,1314.6,733933
2021-05-14 09:40:49,1314.6,733941
2021-05-14 09:40:51,1314.85,734177
2021-05-14 09:40:53,1314.6,734343
2021-05-14 09:40:56,1314.75,734548
2021-05-14 09:40:57,1314.8,734564
2021-05-14 09:40:58,1314.15,734633
2021-05-14 09:40:59,1314.45,734643
2021-05-14 09:41:00,1314.45,734849
2021-05-14 09:41:01,1314.8,735635
2021-05-14 09:41:02,1314.65,735687
2021-05-14 09:41:03,1314.65,735821
2021-05-14 09:41:04,1314.65,735943
2021-05-14 09:41:05,1314.65,736404
2021-05-14 09:41:06,1315.0,736445
2021-05-14 09:41:07,1315.0,736447
2021-05-14 09:41:09,1315.0,737040
2021-05-14 09:41:10,1315.1,737047
2021-05-14 09:41:11,1315.1,737059
2021-05-14 09:41:12,1315.0,737060
2021-05-14 09:41:13,1315.1,737084
2021-05-14 09:41:14,1315.1,737090
2021-05-14 09:41:15,1315.1,737310
2021-05-14 09:41:16,1315.1,737378
2021-05-14 09:41:17,1315.1,737396
2021-05-14 09:41:17,1315.2,738396
2021-05-14 09:41:22,1315.45,739173
2021-05-14 09:41:23,1315.45,739198
2021-05-14 09:41:24,1315.45,739240
2021-05-14 09:41:25,1315.45,739330
2021-05-14 09:41:26,1315.65,739391
2021-05-14 09:41:27,1315.15,739394
2021-05-14 09:41:28,1315.15,739509
2021-05-14 09:41:29,1315.7,739581
2021-05-14 09:41:30,1315.65,739586
2021-05-14 09:41:31,1315.6,739690
2021-05-14 09:41:32,1315.6,739947
2021-05-14 09:41:33,1315.7,740033
2021-05-14 09:41:35,1315.75,740209
2021-05-14 09:41:36,1315.75,740326
2021-05-14 09:41:37,1315.7,740555
2021-05-14 09:41:38,1315.7,740555
2021-05-14 09:41:39,1315.5,740579
2021-05-14 09:41:40,1315.5,740679
2021-05-14 09:41:42,1315.7,741300
2021-05-14 09:41:41,1315.7,741300
2021-05-14 09:41:43,1315.6,741478
2021-05-14 09:41:44,1315.85,741775
2021-05-14 09:41:45,1315.85,741884
2021-05-14 09:41:46,1315.85,742006
2021-05-14 09:41:47,1315.85,742124
2021-05-14 09:41:49,1315.4,743016
2021-05-14 09:41:48,1315.95,742364
2021-05-14 09:41:50,1315.85,743192
2021-05-14 09:41:51,1315.5,743217
2021-05-14 09:41:52,1315.9,743233
2021-05-14 09:41:54,1315.5,743308
2021-05-14 09:41:55,1315.15,743361
2021-05-14 09:41:59,1315.8,744182
2021-05-14 09:42:00,1315.8,744252
2021-05-14 09:42:04,1315.3,744871
2021-05-14 09:42:05,1315.2,745161
2021-05-14 09:42:06,1315.3,745283
2021-05-14 09:42:07,1315.3,745343
2021-05-14 09:42:08,1315.0,745554
2021-05-14 09:42:09,1315.3,745580
2021-05-14 09:42:11,1315.5,745701
2021-05-14 09:42:13,1315.0,747856
2021-05-14 09:42:14,1315.0,747896
2021-05-14 09:42:15,1314.95,748529
2021-05-14 09:42:16,1315.0,749055
2021-05-14 09:42:17,1315.15,749268
2021-05-14 09:42:18,1315.2,749474
2021-05-14 09:42:20,1315.2,749710
2021-05-14 09:42:19,1315.2,749710
2021-05-14 09:42:21,1315.2,749738
2021-05-14 09:42:22,1315.2,750283
2021-05-14 09:42:23,1315.0,750621
2021-05-14 09:42:24,1315.7,750926
2021-05-14 09:42:25,1315.6,750977
2021-05-14 09:42:26,1315.65,750979
2021-05-14 09:42:28,1315.7,751012
2021-05-14 09:42:29,1315.7,751033
2021-05-14 09:42:30,1315.7,751067
2021-05-14 09:42:31,1315.9,752006
2021-05-14 09:42:33,1315.9,752006
2021-05-14 09:42:32,1315.9,752006
2021-05-14 09:42:34,1315.9,752156
2021-05-14 09:42:35,1315.9,752158
2021-05-14 09:42:36,1315.9,752177
2021-05-14 09:42:37,1315.9,752372
2021-05-14 09:42:38,1315.7,752535
2021-05-14 09:42:39,1315.7,752571
2021-05-14 09:42:40,1315.9,752629
2021-05-14 09:42:41,1316.3,756230
2021-05-14 09:42:42,1316.05,756658
2021-05-14 09:42:43,1316.1,757354
2021-05-14 09:42:44,1316.1,757354
2021-05-14 09:42:45,1316.4,757364
2021-05-14 09:42:46,1316.1,757384
2021-05-14 09:42:47,1316.4,757466
2021-05-14 09:42:48,1316.4,757504
2021-05-14 09:42:49,1316.4,757524
2021-05-14 09:42:50,1316.95,757659
2021-05-14 09:42:51,1316.95,757673
2021-05-14 09:42:52,1316.95,757683
2021-05-14 09:42:53,1316.55,757777
2021-05-14 09:42:54,1317.1,758942
2021-05-14 09:42:55,1317.05,759071
2021-05-14 09:42:56,1317.1,759294
2021-05-14 09:42:57,1317.1,759472
2021-05-14 09:42:59,1316.55,759632
2021-05-14 09:43:00,1317.55,762038
2021-05-14 09:43:01,1317.0,762138
2021-05-14 09:43:03,1317.45,762332
2021-05-14 09:43:04,1317.45,762592
2021-05-14 09:43:05,1317.4,762661
2021-05-14 09:43:06,1317.45,762701
2021-05-14 09:43:07,1317.05,762750
2021-05-14 09:43:08,1317.35,762938
2021-05-14 09:43:09,1317.4,763046
2021-05-14 09:43:10,1317.05,763614
2021-05-14 09:43:11,1317.45,763932
2021-05-14 09:43:12,1317.45,764223
2021-05-14 09:43:13,1317.5,764269
2021-05-14 09:43:14,1317.1,764583
2021-05-14 09:43:15,1317.1,764583
2021-05-14 09:43:16,1317.5,764735
2021-05-14 09:43:17,1317.4,764759
2021-05-14 09:43:18,1317.45,764832
2021-05-14 09:43:19,1317.45,764907
2021-05-14 09:43:20,1317.45,765032
2021-05-14 09:43:21,1317.45,765206
2021-05-14 09:43:22,1317.1,765303
2021-05-14 09:43:24,1317.4,765541
2021-05-14 09:43:23,1317.4,765540
2021-05-14 09:43:25,1317.0,765626
2021-05-14 09:43:26,1317.45,765657
2021-05-14 09:43:27,1317.0,765770
2021-05-14 09:43:28,1317.0,765911
2021-05-14 09:43:29,1317.4,765941
2021-05-14 09:43:30,1317.4,765941
2021-05-14 09:43:31,1316.8,767328
2021-05-14 09:43:32,1317.0,767353
2021-05-14 09:43:33,1317.0,767479
2021-05-14 09:43:34,1316.95,767805
2021-05-14 09:43:35,1316.95,767883
2021-05-14 09:43:36,1317.0,768024
2021-05-14 09:43:37,1317.0,768113
2021-05-14 09:43:38,1316.5,768135
2021-05-14 09:43:39,1317.0,768196
2021-05-14 09:43:40,1317.0,768276
2021-05-14 09:43:42,1317.0,768437
2021-05-14 09:43:42,1316.35,768531
2021-05-14 09:43:43,1316.7,768753
2021-05-14 09:43:45,1316.0,768777
2021-05-14 09:43:46,1316.6,768807
2021-05-14 09:43:47,1316.0,768830
2021-05-14 09:43:48,1316.4,769307
2021-05-14 09:43:49,1316.4,769360
2021-05-14 09:43:51,1315.7,769808
2021-05-14 09:43:51,1316.35,769908
2021-05-14 09:43:52,1316.4,770095
2021-05-14 09:43:53,1316.4,770106
2021-05-14 09:43:54,1315.55,770598
2021-05-14 09:43:55,1315.45,770977
2021-05-14 09:43:56,1316.15,770980
2021-05-14 09:43:57,1316.15,771041
2021-05-14 09:43:58,1316.25,771131
2021-05-14 09:44:00,1316.25,771160
2021-05-14 09:44:01,1316.25,771175
2021-05-14 09:44:02,1315.8,771280
2021-05-14 09:44:03,1316.35,771432
2021-05-14 09:44:03,1316.25,771512
2021-05-14 09:44:04,1316.2,771579
2021-05-14 09:44:05,1316.35,771842
2021-05-14 09:44:06,1316.35,771967
2021-05-14 09:44:08,1316.35,772145
2021-05-14 09:44:08,1316.35,772145
2021-05-14 09:44:09,1316.35,772179
2021-05-14 09:44:10,1316.45,772457
2021-05-14 09:44:11,1316.3,773118
2021-05-14 09:44:12,1316.35,773198
2021-05-14 09:44:14,1316.8,773441
2021-05-14 09:44:14,1316.45,773388
2021-05-14 09:44:15,1316.8,773524
2021-05-14 09:44:16,1317.0,773540
2021-05-14 09:44:17,1317.0,773556
2021-05-14 09:44:18,1317.0,773562
2021-05-14 09:44:19,1317.0,773611
2021-05-14 09:44:20,1317.0,773685
2021-05-14 09:44:21,1316.8,773794
2021-05-14 09:44:23,1316.8,773852
2021-05-14 09:44:23,1316.8,773853
2021-05-14 09:44:24,1316.7,774484
2021-05-14 09:44:26,1316.8,774555
2021-05-14 09:44:28,1316.85,775148
2021-05-14 09:44:28,1316.85,775148
2021-05-14 09:44:29,1316.9,775384
2021-05-14 09:44:30,1316.9,775695
2021-05-14 09:44:31,1316.7,775802
2021-05-14 09:44:32,1317.1,776263
2021-05-14 09:44:33,1316.8,776882
2021-05-14 09:44:34,1317.05,776982
2021-05-14 09:44:35,1316.25,777281
2021-05-14 09:44:36,1316.8,777475
2021-05-14 09:44:37,1316.8,777696
2021-05-14 09:44:38,1316.8,777759
2021-05-14 09:44:39,1316.8,777861
2021-05-14 09:44:40,1316.85,777898
2021-05-14 09:44:42,1317.0,778037
2021-05-14 09:44:42,1317.0,778032
2021-05-14 09:44:43,1317.0,778037
2021-05-14 09:44:44,1317.0,778052
2021-05-14 09:44:45,1316.85,778111
2021-05-14 09:44:46,1316.85,778162
2021-05-14 09:44:47,1317.0,778748
2021-05-14 09:44:49,1317.0,778779
2021-05-14 09:44:49,1317.0,778779
2021-05-14 09:44:50,1317.0,778963
2021-05-14 09:44:51,1316.55,779217
2021-05-14 09:44:52,1317.0,779307
2021-05-14 09:44:53,1316.75,780084
2021-05-14 09:44:54,1316.75,780130
2021-05-14 09:44:56,1316.75,780307
2021-05-14 09:44:58,1316.7,780546
2021-05-14 09:44:59,1316.7,780561
2021-05-14 09:45:00,1316.75,780605
2021-05-14 09:45:01,1316.3,780811
2021-05-14 09:45:02,1316.8,780824
2021-05-14 09:45:03,1317.15,785850
2021-05-14 09:45:04,1316.75,786056
2021-05-14 09:45:05,1316.75,786107
2021-05-14 09:45:07,1316.75,786124
2021-05-14 09:45:07,1316.75,786128
2021-05-14 09:45:08,1316.75,786131
2021-05-14 09:45:09,1316.75,786162
2021-05-14 09:45:10,1316.75,786235
2021-05-14 09:45:11,1317.0,788257
2021-05-14 09:45:12,1316.9,788270
2021-05-14 09:45:15,1317.0,788447
2021-05-14 09:45:15,1317.0,788447
2021-05-14 09:45:16,1316.75,788480
2021-05-14 09:45:17,1316.9,788515
2021-05-14 09:45:18,1317.0,788741
2021-05-14 09:45:19,1317.0,788754
2021-05-14 09:45:20,1317.0,788775
2021-05-14 09:45:21,1317.0,788786
2021-05-14 09:45:22,1317.0,788881
2021-05-14 09:45:23,1316.8,790178
2021-05-14 09:45:24,1316.85,790310
2021-05-14 09:45:25,1316.8,790349
2021-05-14 09:45:26,1316.8,790360
2021-05-14 09:45:27,1316.95,790475
2021-05-14 09:45:29,1316.95,790499
2021-05-14 09:45:29,1316.95,790499
2021-05-14 09:45:30,1316.95,790520
2021-05-14 09:45:31,1316.95,790530
2021-05-14 09:45:32,1316.95,790530
2021-05-14 09:45:33,1316.95,790714
2021-05-14 09:45:34,1316.95,790785
2021-05-14 09:45:35,1316.9,790940
2021-05-14 09:45:36,1316.95,790981
2021-05-14 09:45:37,1316.95,791077
2021-05-14 09:45:38,1316.95,791224
2021-05-14 09:45:39,1316.95,791289
2021-05-14 09:45:40,1316.55,791344
2021-05-14 09:45:41,1316.95,791428
2021-05-14 09:45:42,1316.75,791587
2021-05-14 09:45:43,1316.9,791698
2021-05-14 09:45:45,1316.9,791728
2021-05-14 09:45:45,1316.9,791728
2021-05-14 09:45:47,1316.85,791759
2021-05-14 09:45:49,1316.85,791824
2021-05-14 09:45:50,1316.8,791866
2021-05-14 09:45:51,1316.8,791903
2021-05-14 09:45:52,1316.9,792263
2021-05-14 09:45:53,1316.95,792960
2021-05-14 09:45:54,1316.75,795762
2021-05-14 09:45:56,1316.75,795794
2021-05-14 09:45:57,1316.65,795869
2021-05-14 09:45:57,1316.65,795871
2021-05-14 09:45:58,1316.65,795954
2021-05-14 09:45:59,1316.7,795975
2021-05-14 09:46:01,1316.6,795998
2021-05-14 09:46:02,1316.6,796004
2021-05-14 09:46:03,1316.7,796095
2021-05-14 09:46:04,1316.7,796095
2021-05-14 09:46:05,1316.7,796100
2021-05-14 09:46:06,1316.65,796146
2021-05-14 09:46:07,1316.7,796148
2021-05-14 09:46:08,1316.5,796270
2021-05-14 09:46:08,1316.5,796270
2021-05-14 09:46:09,1316.65,796325
2021-05-14 09:46:10,1316.65,796336
2021-05-14 09:46:11,1316.65,796403
2021-05-14 09:46:13,1316.45,796411
2021-05-14 09:46:14,1316.7,796438
2021-05-14 09:46:16,1316.3,796623
2021-05-14 09:46:17,1316.55,796705
2021-05-14 09:46:18,1316.3,796973
2021-05-14 09:46:19,1316.7,797023
2021-05-14 09:46:20,1316.7,797030
2021-05-14 09:46:20,1316.7,797025
2021-05-14 09:46:21,1316.7,797031
2021-05-14 09:46:23,1316.6,797111
2021-05-14 09:46:24,1316.7,797129
2021-05-14 09:46:26,1316.7,797145
2021-05-14 09:46:27,1316.7,797150
2021-05-14 09:46:28,1316.6,797331
2021-05-14 09:46:29,1316.6,797351
2021-05-14 09:46:30,1316.8,798371
2021-05-14 09:46:31,1316.6,798431
2021-05-14 09:46:32,1316.8,798764
2021-05-14 09:46:33,1316.35,800273
2021-05-14 09:46:33,1316.35,800273
2021-05-14 09:46:34,1316.1,801291
2021-05-14 09:46:35,1315.85,801490
2021-05-14 09:46:36,1316.0,801601
2021-05-14 09:46:37,1315.85,801687
2021-05-14 09:46:39,1315.85,801701
2021-05-14 09:46:39,1315.85,801718
2021-05-14 09:46:40,1315.95,802432
2021-05-14 09:46:41,1315.9,802712
2021-05-14 09:46:42,1315.85,802895
2021-05-14 09:46:43,1316.0,802918
2021-05-14 09:46:44,1316.0,802921
2021-05-14 09:46:45,1315.85,802929
2021-05-14 09:46:48,1316.05,803040
2021-05-14 09:46:49,1316.1,803192
2021-05-14 09:46:51,1316.1,803247
2021-05-14 09:46:52,1316.1,803298
2021-05-14 09:46:53,1316.05,803328
2021-05-14 09:46:54,1316.1,803412
2021-05-14 09:46:54,1316.0,803432
2021-05-14 09:46:55,1316.0,803484
2021-05-14 09:46:56,1316.0,803536
2021-05-14 09:46:58,1316.1,803721
2021-05-14 09:46:59,1316.1,803759
2021-05-14 09:47:00,1316.1,803780
2021-05-14 09:47:01,1316.05,803857
2021-05-14 09:47:02,1316.1,803966
2021-05-14 09:47:04,1316.1,804058
2021-05-14 09:47:05,1316.0,804067
2021-05-14 09:47:06,1316.1,804187
2021-05-14 09:47:07,1316.1,804192
2021-05-14 09:47:08,1316.1,804192
2021-05-14 09:47:09,1316.1,804195
2021-05-14 09:47:10,1316.05,804258
2021-05-14 09:47:11,1316.2,804548
2021-05-14 09:47:11,1316.2,804548
2021-05-14 09:47:12,1316.2,804552
2021-05-14 09:47:13,1316.2,804662
2021-05-14 09:47:14,1316.2,805063
2021-05-14 09:47:15,1316.2,805081
2021-05-14 09:47:16,1316.0,805112
2021-05-14 09:47:17,1316.2,805190
2021-05-14 09:47:18,1315.9,805663
2021-05-14 09:47:19,1315.95,805717
2021-05-14 09:47:21,1315.4,805738
2021-05-14 09:47:21,1315.9,805771
2021-05-14 09:47:22,1315.9,805784
2021-05-14 09:47:26,1315.95,806150
2021-05-14 09:47:27,1315.35,806351
2021-05-14 09:47:27,1315.85,806401
2021-05-14 09:47:28,1316.0,807496
2021-05-14 09:47:29,1315.5,807516
2021-05-14 09:47:31,1315.95,807566
2021-05-14 09:47:32,1315.95,807584
2021-05-14 09:47:33,1315.95,807593
2021-05-14 09:47:35,1316.0,807700
2021-05-14 09:47:35,1315.5,807705
2021-05-14 09:47:36,1315.5,807715
2021-05-14 09:47:38,1316.0,807985
2021-05-14 09:47:39,1316.0,808010
2021-05-14 09:47:40,1315.95,808014
2021-05-14 09:47:41,1315.95,808114
2021-05-14 09:47:41,1315.95,808170
2021-05-14 09:47:43,1316.0,808300
2021-05-14 09:47:43,1316.0,808300
2021-05-14 09:47:46,1315.9,809114
2021-05-14 09:47:47,1316.0,809153
2021-05-14 09:47:49,1315.8,809293
2021-05-14 09:47:50,1316.0,809399
2021-05-14 09:47:51,1316.0,809491
2021-05-14 09:47:52,1315.5,809841
2021-05-14 09:47:53,1315.4,810139
2021-05-14 09:47:54,1315.8,810142
2021-05-14 09:47:55,1315.9,810154
2021-05-14 09:47:56,1315.9,810198
2021-05-14 09:47:57,1315.75,810615
2021-05-14 09:47:59,1315.6,810670
2021-05-14 09:48:00,1315.9,811200
2021-05-14 09:48:01,1315.9,811292
2021-05-14 09:48:03,1315.95,811374
2021-05-14 09:48:06,1315.7,811419
2021-05-14 09:48:09,1315.5,812074
2021-05-14 09:48:10,1315.15,812225
2021-05-14 09:48:11,1315.6,812248
2021-05-14 09:48:12,1315.6,812282
2021-05-14 09:48:12,1315.5,812463
2021-05-14 09:48:13,1315.5,812550
2021-05-14 09:48:14,1315.7,812612
2021-05-14 09:48:15,1316.6,815004
2021-05-14 09:48:16,1316.6,815702
2021-05-14 09:48:17,1316.4,815720
2021-05-14 09:48:18,1316.95,816046
2021-05-14 09:48:19,1316.95,816425
2021-05-14 09:48:21,1316.9,816539
2021-05-14 09:48:22,1316.7,816625
2021-05-14 09:48:23,1316.75,816731
2021-05-14 09:48:24,1316.7,816747
2021-05-14 09:48:25,1316.7,816780
2021-05-14 09:48:26,1316.7,816780
2021-05-14 09:48:27,1316.8,817112
2021-05-14 09:48:27,1316.65,817118
2021-05-14 09:48:28,1316.8,817132
2021-05-14 09:48:30,1316.8,817138
2021-05-14 09:48:31,1316.8,817143
2021-05-14 09:48:31,1316.95,817872
2021-05-14 09:48:33,1316.85,817888
2021-05-14 09:48:35,1316.85,817892
2021-05-14 09:48:36,1316.85,818004
2021-05-14 09:48:37,1316.5,818062
2021-05-14 09:48:38,1316.4,818064
2021-05-14 09:48:39,1316.85,818103
2021-05-14 09:48:40,1316.6,818113
2021-05-14 09:48:41,1316.85,818128
2021-05-14 09:48:42,1316.8,818269
2021-05-14 09:48:43,1316.6,818667
2021-05-14 09:48:44,1316.85,818691
2021-05-14 09:48:45,1316.85,818798
2021-05-14 09:48:45,1316.85,818799
2021-05-14 09:48:46,1316.85,818859
2021-05-14 09:48:48,1316.85,818869
2021-05-14 09:48:48,1316.85,818869
2021-05-14 09:48:49,1316.85,818869
2021-05-14 09:48:51,1316.95,819271
2021-05-14 09:48:52,1316.95,819316
2021-05-14 09:48:53,1316.95,819627
2021-05-14 09:48:54,1316.9,819724
2021-05-14 09:48:55,1316.5,819748
2021-05-14 09:48:56,1316.45,820211
2021-05-14 09:48:56,1316.75,820223
2021-05-14 09:48:58,1316.4,821124
2021-05-14 09:48:59,1316.8,821263
2021-05-14 09:49:00,1316.8,821463
2021-05-14 09:49:03,1316.85,822527
2021-05-14 09:49:04,1316.85,822652
2021-05-14 09:49:05,1316.85,822677
2021-05-14 09:49:05,1316.85,822682
2021-05-14 09:49:06,1316.5,823191
2021-05-14 09:49:07,1316.85,823192
2021-05-14 09:49:09,1316.85,823253
2021-05-14 09:49:10,1316.85,823401
2021-05-14 09:49:10,1316.95,823433
2021-05-14 09:49:11,1316.95,823621
2021-05-14 09:49:12,1317.0,824270
2021-05-14 09:49:14,1317.0,825604
2021-05-14 09:49:14,1317.0,825615
2021-05-14 09:49:15,1316.4,825715
2021-05-14 09:49:16,1317.0,825825
2021-05-14 09:49:17,1316.8,825997
2021-05-14 09:49:19,1316.8,826065
2021-05-14 09:49:20,1316.8,826065
2021-05-14 09:49:21,1316.9,826079
2021-05-14 09:49:21,1316.95,826116
2021-05-14 09:49:23,1317.0,826453
2021-05-14 09:49:24,1317.0,826461
2021-05-14 09:49:25,1317.0,826518
2021-05-14 09:49:26,1316.95,826877
2021-05-14 09:49:27,1317.0,826933
2021-05-14 09:49:28,1317.0,827023
2021-05-14 09:49:29,1316.95,827208
2021-05-14 09:49:30,1316.95,827248
2021-05-14 09:49:31,1316.85,828627
2021-05-14 09:49:32,1316.9,828661
2021-05-14 09:49:34,1316.65,828834
2021-05-14 09:49:33,1316.0,828708
2021-05-14 09:49:35,1316.65,828843
2021-05-14 09:49:36,1316.6,828933
2021-05-14 09:49:37,1316.65,829044
2021-05-14 09:49:38,1316.65,829124
2021-05-14 09:49:40,1316.65,829140
2021-05-14 09:49:41,1316.75,829191
2021-05-14 09:49:42,1316.75,829191
2021-05-14 09:49:43,1316.8,829244
2021-05-14 09:49:44,1316.8,829258
2021-05-14 09:49:45,1316.8,829263
2021-05-14 09:49:46,1316.8,829264
2021-05-14 09:49:47,1316.65,829297
2021-05-14 09:49:48,1316.8,829307
2021-05-14 09:49:49,1316.75,829698
2021-05-14 09:49:50,1316.35,829924
2021-05-14 09:49:51,1316.85,829952
2021-05-14 09:49:52,1316.85,829957
2021-05-14 09:49:53,1316.85,830025
2021-05-14 09:49:54,1316.8,830096
2021-05-14 09:49:54,1316.8,830096
2021-05-14 09:49:55,1316.9,830233
2021-05-14 09:49:56,1316.9,830249
2021-05-14 09:49:58,1316.9,830377
2021-05-14 09:49:59,1316.9,830440
2021-05-14 09:50:00,1316.9,830490
2021-05-14 09:50:00,1316.8,830840
2021-05-14 09:50:01,1316.8,830865
2021-05-14 09:50:02,1316.8,831133
2021-05-14 09:50:04,1316.9,831242
2021-05-14 09:50:05,1316.9,831242
2021-05-14 09:50:07,1316.9,831263
2021-05-14 09:50:08,1316.9,831344
2021-05-14 09:50:10,1316.8,831726
2021-05-14 09:50:11,1316.4,831828
2021-05-14 09:50:13,1316.85,832370
2021-05-14 09:50:14,1316.85,832373
2021-05-14 09:50:15,1316.4,832455
2021-05-14 09:50:16,1316.85,832501
2021-05-14 09:50:17,1316.85,832516
2021-05-14 09:50:18,1316.85,832633
2021-05-14 09:50:19,1316.85,832727
2021-05-14 09:50:19,1316.85,832727
2021-05-14 09:50:21,1316.7,832842
2021-05-14 09:50:22,1316.85,832905
2021-05-14 09:50:23,1316.9,833103
2021-05-14 09:50:24,1316.5,835045
2021-05-14 09:50:25,1316.8,835055
2021-05-14 09:50:26,1317.0,835111
2021-05-14 09:50:28,1316.4,837661
2021-05-14 09:50:29,1316.4,837733
2021-05-14 09:50:29,1316.4,837743
2021-05-14 09:50:30,1316.45,837858
2021-05-14 09:50:31,1316.6,838088
2021-05-14 09:50:33,1316.55,838199
2021-05-14 09:50:34,1316.55,838209
2021-05-14 09:50:35,1316.55,838721
2021-05-14 09:50:36,1316.6,838910
2021-05-14 09:50:37,1316.15,838986
2021-05-14 09:50:37,1316.45,839108
2021-05-14 09:50:39,1316.5,840315
2021-05-14 09:50:39,1316.4,840317
2021-05-14 09:50:41,1316.05,840364
2021-05-14 09:50:42,1316.05,840537
2021-05-14 09:50:43,1316.1,841041
2021-05-14 09:50:47,1317.0,841188
2021-05-14 09:50:48,1317.1,841624
2021-05-14 09:50:48,1317.1,841624
2021-05-14 09:50:50,1316.95,844025
2021-05-14 09:50:50,1317.45,844032
2021-05-14 09:50:52,1317.5,844049
2021-05-14 09:50:53,1318.45,849664
2021-05-14 09:50:54,1317.85,850973
2021-05-14 09:50:55,1317.85,851026
2021-05-14 09:50:56,1317.85,851026
2021-05-14 09:50:56,1317.85,851076
2021-05-14 09:50:57,1317.85,851150
2021-05-14 09:50:59,1317.7,852389
2021-05-14 09:51:00,1317.6,853659
2021-05-14 09:51:00,1317.45,853660
2021-05-14 09:51:02,1317.5,853708
2021-05-14 09:51:03,1317.5,853728
2021-05-14 09:51:04,1317.65,854114
2021-05-14 09:51:05,1317.7,854327
2021-05-14 09:51:05,1317.65,854285
2021-05-14 09:51:07,1317.75,854791
2021-05-14 09:51:08,1318.5,860127
2021-05-14 09:51:09,1318.5,860132
2021-05-14 09:51:10,1318.7,860636
2021-05-14 09:51:11,1318.0,861779
2021-05-14 09:51:12,1318.0,861995
2021-05-14 09:51:13,1318.0,862046
2021-05-14 09:51:13,1318.0,862046
2021-05-14 09:51:14,1318.0,862058
2021-05-14 09:51:16,1318.0,862301
2021-05-14 09:51:16,1318.0,862817
2021-05-14 09:51:17,1318.0,862973
2021-05-14 09:51:19,1318.0,863079
2021-05-14 09:51:20,1318.0,863316
2021-05-14 09:51:21,1318.0,863779
2021-05-14 09:51:21,1318.1,863979
2021-05-14 09:51:23,1318.0,864022
2021-05-14 09:51:24,1318.1,864520
2021-05-14 09:51:25,1318.1,864663
2021-05-14 09:51:25,1318.1,864663
2021-05-14 09:51:27,1317.4,866167
2021-05-14 09:51:28,1317.75,866302
2021-05-14 09:51:29,1317.9,866537
2021-05-14 09:51:30,1317.95,866580
2021-05-14 09:51:31,1317.75,866600
2021-05-14 09:51:32,1318.1,866936
2021-05-14 09:51:33,1318.4,867086
2021-05-14 09:51:34,1318.5,867155
2021-05-14 09:51:35,1318.5,867337
2021-05-14 09:51:36,1318.6,867344
2021-05-14 09:51:37,1318.6,867355
2021-05-14 09:51:37,1318.6,867429
2021-05-14 09:51:39,1318.0,868168
2021-05-14 09:51:39,1318.45,868735
2021-05-14 09:51:40,1318.5,868830
2021-05-14 09:51:42,1318.5,868977
2021-05-14 09:51:43,1318.5,869482
2021-05-14 09:51:44,1318.5,869583
2021-05-14 09:51:45,1318.5,869714
2021-05-14 09:51:46,1318.4,870408
2021-05-14 09:51:47,1318.85,870413
2021-05-14 09:51:48,1318.9,870509
2021-05-14 09:51:48,1318.9,870528
2021-05-14 09:51:50,1318.2,870862
2021-05-14 09:51:51,1318.5,870867
2021-05-14 09:51:52,1318.15,870992
2021-05-14 09:51:53,1318.9,871240
2021-05-14 09:51:54,1318.9,871304
2021-05-14 09:51:55,1319.2,875561
2021-05-14 09:51:56,1319.15,876840
2021-05-14 09:51:56,1319.15,876840
2021-05-14 09:51:57,1318.9,877224
2021-05-14 09:51:59,1319.5,877742
2021-05-14 09:52:00,1319.0,877954
2021-05-14 09:52:01,1319.15,878148
2021-05-14 09:52:02,1319.15,878512
2021-05-14 09:52:03,1319.15,878548
2021-05-14 09:52:03,1319.0,878560
2021-05-14 09:52:05,1319.0,878654
2021-05-14 09:52:06,1319.15,878820
2021-05-14 09:52:07,1319.0,879060
2021-05-14 09:52:08,1318.35,879702
2021-05-14 09:52:09,1319.05,879837
2021-05-14 09:52:09,1319.05,879837
2021-05-14 09:52:10,1319.15,880839
2021-05-14 09:52:11,1318.6,880865
2021-05-14 09:52:14,1319.1,880936
2021-05-14 09:52:15,1319.0,881252
2021-05-14 09:52:16,1319.15,882054
2021-05-14 09:52:17,1318.5,883166
2021-05-14 09:52:18,1318.5,883298
2021-05-14 09:52:19,1318.5,883309
2021-05-14 09:52:20,1318.5,883664
2021-05-14 09:52:21,1318.5,883793
2021-05-14 09:52:22,1318.5,883802
2021-05-14 09:52:23,1318.2,883930
2021-05-14 09:52:25,1318.25,884151
2021-05-14 09:52:26,1318.25,884151
2021-05-14 09:52:27,1318.25,884215
2021-05-14 09:52:28,1318.5,885023
2021-05-14 09:52:29,1318.5,885023
2021-05-14 09:52:30,1318.5,885025
2021-05-14 09:52:31,1318.5,885038
2021-05-14 09:52:32,1318.5,885214
2021-05-14 09:52:33,1318.25,886281
2021-05-14 09:52:35,1318.6,886319
2021-05-14 09:52:34,1318.6,886317
2021-05-14 09:52:36,1318.25,887630
2021-05-14 09:52:37,1318.5,887640
2021-05-14 09:52:38,1318.5,887888
2021-05-14 09:52:40,1318.3,887995
2021-05-14 09:52:41,1318.5,888043
2021-05-14 09:52:42,1318.1,888148
2021-05-14 09:52:43,1318.0,889045
2021-05-14 09:52:44,1318.0,889249
2021-05-14 09:52:45,1317.8,889402
2021-05-14 09:52:46,1318.0,889451
2021-05-14 09:52:47,1318.0,889457
2021-05-14 09:52:48,1318.0,889550
2021-05-14 09:52:50,1317.95,889806
2021-05-14 09:52:49,1317.95,889793
2021-05-14 09:52:51,1317.8,889821
2021-05-14 09:52:52,1317.95,889847
2021-05-14 09:52:53,1318.1,890143
2021-05-14 09:52:54,1317.95,890150
2021-05-14 09:52:55,1318.0,890256
2021-05-14 09:52:56,1318.0,890256
2021-05-14 09:52:57,1317.55,890859
2021-05-14 09:52:58,1317.9,890881
2021-05-14 09:53:00,1318.5,891566
2021-05-14 09:53:01,1318.65,891673
2021-05-14 09:53:02,1318.65,891676
2021-05-14 09:53:03,1318.65,891797
2021-05-14 09:53:04,1318.65,892098
2021-05-14 09:53:05,1318.7,892503
2021-05-14 09:53:06,1318.7,892604
2021-05-14 09:53:07,1318.6,892882
2021-05-14 09:53:08,1318.0,892898
2021-05-14 09:53:09,1318.0,892898
2021-05-14 09:53:10,1318.6,892928
2021-05-14 09:53:11,1318.0,893002
2021-05-14 09:53:12,1318.3,893056
2021-05-14 09:53:13,1318.3,893071
2021-05-14 09:53:14,1318.0,893135
2021-05-14 09:53:15,1318.0,893490
2021-05-14 09:53:16,1318.2,893516
2021-05-14 09:53:17,1318.2,893516
2021-05-14 09:53:18,1318.4,893635
2021-05-14 09:53:19,1318.4,893649
2021-05-14 09:53:20,1318.4,893658
2021-05-14 09:53:21,1318.4,893658
2021-05-14 09:53:23,1318.4,893702
2021-05-14 09:53:24,1318.4,893702
2021-05-14 09:53:25,1318.35,893995
2021-05-14 09:53:26,1318.35,894135
2021-05-14 09:53:27,1318.35,894137
2021-05-14 09:53:28,1318.4,894325
2021-05-14 09:53:29,1318.4,894335
2021-05-14 09:53:30,1318.15,894435
2021-05-14 09:53:31,1318.4,894439
2021-05-14 09:53:32,1318.4,894446
2021-05-14 09:53:33,1318.4,894456
2021-05-14 09:53:34,1318.1,894481
2021-05-14 09:53:35,1318.35,894500
2021-05-14 09:53:36,1318.35,894500
2021-05-14 09:53:37,1318.3,894534
2021-05-14 09:53:38,1318.4,894662
2021-05-14 09:53:39,1318.2,894672
2021-05-14 09:53:40,1318.4,894683
2021-05-14 09:53:41,1318.4,894701
2021-05-14 09:53:42,1318.2,894712
2021-05-14 09:53:43,1318.4,894768
2021-05-14 09:53:44,1318.4,894876
2021-05-14 09:53:45,1318.4,895012
2021-05-14 09:53:46,1318.5,895491
2021-05-14 09:53:47,1318.5,895491
2021-05-14 09:53:48,1318.25,895934
2021-05-14 09:53:50,1318.25,895997
2021-05-14 09:53:49,1318.15,895968
2021-05-14 09:53:51,1318.1,896078
2021-05-14 09:53:52,1318.25,896098
2021-05-14 09:53:53,1318.25,896140
2021-05-14 09:53:54,1318.1,896158
2021-05-14 09:53:55,1318.2,896275
2021-05-14 09:53:56,1318.0,896305
2021-05-14 09:53:57,1318.25,896331
2021-05-14 09:53:58,1318.25,896481
2021-05-14 09:53:59,1318.25,896481
2021-05-14 09:54:00,1318.3,896536
2021-05-14 09:54:01,1318.5,898842
2021-05-14 09:54:02,1318.65,898910
2021-05-14 09:54:03,1318.65,898914
2021-05-14 09:54:04,1319.0,899216
2021-05-14 09:54:05,1318.95,899271
2021-05-14 09:54:06,1318.9,899797
2021-05-14 09:54:07,1318.95,899798
2021-05-14 09:54:08,1318.95,899798
2021-05-14 09:54:09,1319.0,899979
2021-05-14 09:54:10,1318.65,900231
2021-05-14 09:54:11,1318.65,900231
2021-05-14 09:54:12,1318.95,900288
2021-05-14 09:54:14,1318.95,900292
2021-05-14 09:54:13,1318.95,900292
2021-05-14 09:54:15,1318.95,900858
2021-05-14 09:54:16,1318.95,900870
2021-05-14 09:54:17,1318.95,900923
2021-05-14 09:54:18,1319.05,903800
2021-05-14 09:54:19,1319.15,904470
2021-05-14 09:54:20,1319.15,904670
2021-05-14 09:54:22,1319.15,904691
2021-05-14 09:54:21,1319.15,904691
2021-05-14 09:54:24,1318.9,905243
2021-05-14 09:54:25,1319.15,905482
2021-05-14 09:54:27,1319.15,905610
2021-05-14 09:54:27,1319.15,905610
2021-05-14 09:54:28,1319.0,905898
2021-05-14 09:54:29,1318.35,906101
2021-05-14 09:54:30,1319.0,906130
2021-05-14 09:54:32,1319.15,907840
2021-05-14 09:54:33,1319.1,908211
2021-05-14 09:54:33,1319.1,908183
2021-05-14 09:54:34,1319.0,908229
2021-05-14 09:54:35,1318.95,908403
2021-05-14 09:54:37,1319.1,908526
2021-05-14 09:54:38,1319.05,908964
2021-05-14 09:54:39,1319.05,909059
2021-05-14 09:54:41,1319.3,909135
2021-05-14 09:54:42,1319.3,909150
2021-05-14 09:54:43,1319.05,909178
2021-05-14 09:54:44,1319.2,909351
2021-05-14 09:54:44,1319.05,909664
2021-05-14 09:54:45,1319.25,909703
2021-05-14 09:54:46,1319.25,909745
2021-05-14 09:54:47,1319.25,909746
2021-05-14 09:54:48,1319.15,909962
2021-05-14 09:54:49,1319.3,910043
2021-05-14 09:54:50,1319.3,910158
2021-05-14 09:54:51,1319.3,910367
2021-05-14 09:54:53,1319.3,910446
2021-05-14 09:54:53,1318.9,911020
2021-05-14 09:54:54,1319.15,911214
2021-05-14 09:54:55,1319.1,911232
2021-05-14 09:54:56,1319.1,911251
2021-05-14 09:54:57,1319.1,911290
2021-05-14 09:54:59,1319.3,911384
2021-05-14 09:54:59,1319.3,911384
2021-05-14 09:55:00,1319.25,911558
2021-05-14 09:55:01,1319.25,911598
2021-05-14 09:55:02,1319.15,911839
2021-05-14 09:55:03,1319.15,911942
2021-05-14 09:55:04,1319.1,911948
2021-05-14 09:55:06,1319.15,912073
2021-05-14 09:55:06,1319.15,912073
2021-05-14 09:55:08,1319.15,912185
2021-05-14 09:55:10,1319.25,913155
2021-05-14 09:55:11,1319.35,913588
2021-05-14 09:55:13,1319.8,916200
2021-05-14 09:55:13,1319.85,916322
2021-05-14 09:55:14,1319.25,916873
2021-05-14 09:55:15,1319.4,916978
2021-05-14 09:55:16,1319.75,917001
2021-05-14 09:55:19,1319.35,917157
2021-05-14 09:55:19,1319.25,917307
2021-05-14 09:55:20,1319.75,917332
2021-05-14 09:55:22,1319.75,917504
2021-05-14 09:55:23,1319.4,917629
2021-05-14 09:55:24,1319.5,917710
2021-05-14 09:55:25,1319.45,918997
2021-05-14 09:55:26,1319.45,919063
2021-05-14 09:55:28,1319.3,919111
2021-05-14 09:55:28,1319.3,919111
2021-05-14 09:55:29,1319.45,919114
2021-05-14 09:55:30,1319.75,921241
2021-05-14 09:55:32,1319.9,921562
2021-05-14 09:55:34,1319.85,921667
2021-05-14 09:55:34,1319.85,921687
2021-05-14 09:55:35,1318.95,924327
2021-05-14 09:55:36,1318.95,924438
2021-05-14 09:55:37,1318.95,924545
2021-05-14 09:55:38,1318.8,925795
2021-05-14 09:55:39,1318.6,927008
2021-05-14 09:55:40,1318.45,928102
2021-05-14 09:55:41,1318.7,928309
2021-05-14 09:55:43,1318.55,928518
2021-05-14 09:55:43,1318.05,928493
2021-05-14 09:55:44,1318.05,928553
2021-05-14 09:55:45,1318.6,928704
2021-05-14 09:55:46,1318.0,929477
2021-05-14 09:55:47,1319.0,932474
2021-05-14 09:55:49,1319.0,932474
2021-05-14 09:55:49,1319.0,932474
2021-05-14 09:55:50,1319.0,932474
2021-05-14 09:55:51,1319.0,932505
2021-05-14 09:55:52,1318.8,932560
2021-05-14 09:55:53,1318.8,932611
2021-05-14 09:55:55,1318.8,932674
2021-05-14 09:55:55,1318.8,932674
2021-05-14 09:55:56,1318.75,932690
2021-05-14 09:55:57,1318.75,932741
2021-05-14 09:55:58,1318.8,932833
2021-05-14 09:56:01,1318.65,933294
2021-05-14 09:56:02,1319.3,933544
2021-05-14 09:56:02,1319.3,933544
2021-05-14 09:56:03,1319.35,933603
2021-05-14 09:56:04,1319.0,933636
2021-05-14 09:56:05,1318.85,933642
2021-05-14 09:56:06,1318.85,933962
2021-05-14 09:56:07,1319.0,934213
2021-05-14 09:56:08,1319.0,934272
2021-05-14 09:56:09,1319.0,934302
2021-05-14 09:56:10,1319.0,934380
2021-05-14 09:56:11,1319.0,934417
2021-05-14 09:56:12,1319.0,934529
2021-05-14 09:56:14,1318.8,935134
2021-05-14 09:56:15,1319.15,935395
2021-05-14 09:56:15,1319.15,935395
2021-05-14 09:56:16,1318.95,935496
2021-05-14 09:56:17,1318.95,935496
2021-05-14 09:56:18,1319.15,935751
2021-05-14 09:56:19,1319.25,936374
2021-05-14 09:56:20,1319.25,936401
2021-05-14 09:56:21,1319.25,936670
2021-05-14 09:56:23,1319.25,936957
2021-05-14 09:56:23,1319.25,936959
2021-05-14 09:56:24,1319.25,936979
2021-05-14 09:56:25,1319.25,937164
2021-05-14 09:56:26,1319.25,937182
2021-05-14 09:56:27,1319.2,937191
2021-05-14 09:56:29,1319.2,938198
2021-05-14 09:56:30,1319.25,938678
2021-05-14 09:56:30,1319.25,938869
2021-05-14 09:56:31,1319.4,939255
2021-05-14 09:56:32,1319.25,939258
2021-05-14 09:56:33,1319.25,939995
2021-05-14 09:56:34,1319.35,941067
2021-05-14 09:56:35,1319.0,941147
2021-05-14 09:56:37,1319.05,943033
2021-05-14 09:56:38,1318.9,943164
2021-05-14 09:56:38,1318.55,943724
2021-05-14 09:56:39,1318.55,943865
2021-05-14 09:56:40,1318.7,943884
2021-05-14 09:56:41,1318.7,943955
2021-05-14 09:56:42,1318.7,944027
2021-05-14 09:56:43,1318.7,944029
2021-05-14 09:56:44,1318.7,944047
2021-05-14 09:56:46,1318.65,944654
2021-05-14 09:56:47,1318.65,944813
2021-05-14 09:56:47,1318.65,944813
2021-05-14 09:56:48,1318.6,945185
2021-05-14 09:56:49,1318.55,945225
2021-05-14 09:56:50,1318.55,945233
2021-05-14 09:56:51,1318.55,945238
2021-05-14 09:56:53,1318.25,945402
2021-05-14 09:56:53,1318.25,945402
2021-05-14 09:56:54,1318.4,945420
2021-05-14 09:56:56,1318.35,945445
2021-05-14 09:56:57,1318.85,945947
2021-05-14 09:56:58,1318.25,946023
2021-05-14 09:56:59,1318.25,946023
2021-05-14 09:57:00,1318.55,946042
2021-05-14 09:57:01,1318.55,946042
2021-05-14 09:57:02,1318.55,946116
2021-05-14 09:57:04,1318.55,946139
2021-05-14 09:57:03,1318.55,946139
2021-05-14 09:57:05,1318.5,946466
2021-05-14 09:57:06,1318.8,946519
2021-05-14 09:57:07,1318.8,946526
2021-05-14 09:57:08,1318.55,946646
2021-05-14 09:57:09,1318.25,947382
2021-05-14 09:57:10,1318.5,947394
2021-05-14 09:57:11,1318.5,947455
2021-05-14 09:57:11,1318.5,947511
2021-05-14 09:57:13,1318.6,947980
2021-05-14 09:57:13,1318.6,947980
2021-05-14 09:57:15,1318.6,948048
2021-05-14 09:57:16,1318.5,948061
2021-05-14 09:57:17,1318.55,948316
2021-05-14 09:57:18,1318.35,948396
2021-05-14 09:57:18,1318.35,948409
2021-05-14 09:57:20,1318.6,948546
2021-05-14 09:57:21,1318.6,948572
2021-05-14 09:57:22,1318.6,948652
2021-05-14 09:57:22,1318.6,948627
2021-05-14 09:57:24,1318.6,949090
2021-05-14 09:57:25,1318.55,949173
2021-05-14 09:57:25,1318.55,949173
2021-05-14 09:57:27,1318.0,952007
2021-05-14 09:57:28,1318.0,952119
2021-05-14 09:57:29,1318.0,952262
2021-05-14 09:57:29,1318.0,952125
2021-05-14 09:57:30,1317.75,952914
2021-05-14 09:57:31,1318.0,952946
2021-05-14 09:57:33,1318.0,953270
2021-05-14 09:57:34,1318.0,953541
2021-05-14 09:57:35,1317.95,953573
2021-05-14 09:57:35,1317.1,958792
2021-05-14 09:57:36,1317.75,958914
2021-05-14 09:57:37,1317.7,958977
2021-05-14 09:57:38,1317.8,959281
2021-05-14 09:57:39,1317.0,964200
2021-05-14 09:57:40,1317.0,964200
2021-05-14 09:57:41,1317.0,964216
2021-05-14 09:57:42,1316.9,964637
2021-05-14 09:57:43,1317.0,964772
2021-05-14 09:57:44,1317.0,964877
2021-05-14 09:57:45,1316.95,965001
2021-05-14 09:57:46,1316.95,965091
2021-05-14 09:57:47,1316.95,965179
2021-05-14 09:57:48,1316.95,965184
2021-05-14 09:57:49,1316.95,965194
2021-05-14 09:57:50,1316.95,965194
2021-05-14 09:57:51,1316.95,965194
2021-05-14 09:57:52,1316.9,965297
2021-05-14 09:57:53,1317.0,965360
2021-05-14 09:57:55,1316.95,967125
2021-05-14 09:57:57,1317.0,967541
2021-05-14 09:57:59,1317.0,968185
2021-05-14 09:58:00,1316.75,968237
2021-05-14 09:58:01,1316.75,968239
2021-05-14 09:58:02,1316.75,968259
2021-05-14 09:58:03,1316.75,968531
2021-05-14 09:58:04,1316.75,968545
2021-05-14 09:58:05,1316.75,968632
2021-05-14 09:58:06,1316.75,968635
2021-05-14 09:58:07,1316.75,968650
2021-05-14 09:58:09,1317.0,968695
2021-05-14 09:58:10,1316.7,968824
2021-05-14 09:58:11,1316.75,968945
2021-05-14 09:58:11,1316.75,969025
2021-05-14 09:58:12,1316.7,969097
2021-05-14 09:58:13,1316.95,969119
2021-05-14 09:58:15,1316.9,969151
2021-05-14 09:58:16,1316.75,969252
2021-05-14 09:58:17,1317.0,969541
2021-05-14 09:58:18,1317.0,969813
2021-05-14 09:58:19,1317.0,969836
2021-05-14 09:58:20,1316.9,969903
2021-05-14 09:58:21,1317.0,969958
2021-05-14 09:58:21,1317.0,970058
2021-05-14 09:58:23,1316.9,970212
2021-05-14 09:58:24,1317.0,970217
2021-05-14 09:58:25,1316.9,970317
2021-05-14 09:58:26,1317.0,970567
2021-05-14 09:58:27,1317.0,970594
2021-05-14 09:58:28,1317.0,970597
2021-05-14 09:58:29,1316.95,970600
2021-05-14 09:58:30,1317.0,970638
2021-05-14 09:58:31,1316.9,970822
2021-05-14 09:58:32,1317.0,970841
2021-05-14 09:58:33,1316.9,970861
2021-05-14 09:58:34,1317.0,970892
2021-05-14 09:58:35,1317.0,971079
2021-05-14 09:58:36,1316.95,971109
2021-05-14 09:58:37,1317.0,971383
2021-05-14 09:58:37,1316.95,971204
2021-05-14 09:58:39,1317.0,971384
2021-05-14 09:58:39,1317.0,971384
2021-05-14 09:58:41,1317.0,972991
2021-05-14 09:58:42,1316.95,973001
2021-05-14 09:58:43,1317.0,973006
2021-05-14 09:58:43,1317.0,973064
2021-05-14 09:58:44,1316.95,973201
2021-05-14 09:58:45,1317.0,973546
2021-05-14 09:58:47,1317.0,973593
2021-05-14 09:58:48,1317.0,973710
2021-05-14 09:58:49,1317.0,973729
2021-05-14 09:58:50,1316.95,973744
2021-05-14 09:58:51,1316.95,973771
2021-05-14 09:58:52,1317.0,973775
2021-05-14 09:58:53,1316.95,973786
2021-05-14 09:58:54,1317.0,974034
2021-05-14 09:58:55,1317.0,974133
2021-05-14 09:58:57,1317.0,974292
2021-05-14 09:58:58,1317.0,974395
2021-05-14 09:58:59,1317.0,974406
2021-05-14 09:59:01,1316.95,974594
2021-05-14 09:59:02,1317.0,974603
2021-05-14 09:59:03,1317.0,974897
2021-05-14 09:59:04,1317.0,974962
2021-05-14 09:59:05,1316.95,990800
2021-05-14 09:59:06,1317.05,991102
2021-05-14 09:59:06,1317.05,991107
2021-05-14 09:59:08,1317.5,991668
2021-05-14 09:59:09,1317.5,991693
2021-05-14 09:59:10,1317.5,991694
2021-05-14 09:59:11,1317.5,991851
2021-05-14 09:59:12,1317.5,991851
2021-05-14 09:59:13,1317.95,992456
2021-05-14 09:59:13,1317.95,992456
2021-05-14 09:59:15,1317.95,992456
2021-05-14 09:59:16,1317.95,992456
2021-05-14 09:59:17,1317.95,992464
2021-05-14 09:59:18,1318.0,992602
2021-05-14 09:59:19,1318.0,992860
2021-05-14 09:59:20,1318.0,993702
2021-05-14 09:59:21,1318.0,993726
2021-05-14 09:59:22,1317.6,993864
2021-05-14 09:59:22,1317.6,993864
2021-05-14 09:59:24,1318.0,993867
2021-05-14 09:59:25,1317.95,993988
2021-05-14 09:59:26,1318.0,994038
2021-05-14 09:59:27,1318.0,994039
2021-05-14 09:59:28,1318.0,994116
2021-05-14 09:59:28,1318.0,994132
2021-05-14 09:59:29,1318.0,994133
2021-05-14 09:59:30,1318.0,994306
2021-05-14 09:59:31,1318.0,994626
2021-05-14 09:59:32,1318.0,994629
2021-05-14 09:59:33,1318.0,994646
2021-05-14 09:59:34,1318.0,994671
2021-05-14 09:59:36,1318.0,994764
2021-05-14 09:59:37,1318.0,994796
2021-05-14 09:59:38,1317.9,998737
2021-05-14 09:59:38,1317.6,998843
2021-05-14 09:59:39,1317.6,998962
2021-05-14 09:59:41,1317.5,998980
2021-05-14 09:59:42,1317.6,999676
2021-05-14 09:59:43,1317.85,999846
2021-05-14 09:59:44,1317.55,999871
2021-05-14 09:59:45,1317.9,999908
2021-05-14 09:59:46,1317.5,999914
2021-05-14 09:59:47,1317.8,999925
2021-05-14 09:59:48,1317.8,999927
2021-05-14 09:59:49,1317.6,999959
2021-05-14 09:59:49,1317.8,999955
2021-05-14 09:59:50,1317.8,999969
2021-05-14 09:59:52,1317.6,1000198
2021-05-14 09:59:53,1317.6,1000202
2021-05-14 09:59:54,1317.3,1001633
2021-05-14 09:59:55,1316.4,1003660
2021-05-14 09:59:56,1316.05,1004049
2021-05-14 09:59:57,1316.35,1004125
2021-05-14 09:59:58,1316.35,1004356
2021-05-14 09:59:59,1316.7,1005594
2021-05-14 10:00:00,1316.7,1005843
2021-05-14 10:00:01,1316.1,1006165
2021-05-14 10:00:02,1316.35,1006225
2021-05-14 10:00:03,1316.25,1006702
2021-05-14 10:00:04,1316.5,1006791
2021-05-14 10:00:05,1316.45,1006880
2021-05-14 10:00:06,1316.45,1006956
2021-05-14 10:00:07,1316.55,1006988
2021-05-14 10:00:08,1316.55,1007013
2021-05-14 10:00:11,1316.65,1008432
2021-05-14 10:00:12,1316.6,1008580
2021-05-14 10:00:13,1316.6,1008623
2021-05-14 10:00:15,1316.35,1008801
2021-05-14 10:00:16,1316.35,1008852
2021-05-14 10:00:16,1316.05,1008859
2021-05-14 10:00:18,1316.35,1008991
2021-05-14 10:00:19,1316.0,1009458
2021-05-14 10:00:20,1316.05,1009558
2021-05-14 10:00:21,1316.2,1010000
2021-05-14 10:00:22,1316.2,1010183
2021-05-14 10:00:22,1316.2,1010158
2021-05-14 10:00:23,1316.0,1010290
2021-05-14 10:00:24,1316.2,1010413
2021-05-14 10:00:25,1316.05,1010452
2021-05-14 10:00:26,1316.05,1010464
2021-05-14 10:00:27,1316.05,1010531
2021-05-14 10:00:28,1316.05,1010642
2021-05-14 10:00:29,1316.0,1010716
2021-05-14 10:00:30,1316.0,1011012
2021-05-14 10:00:31,1316.15,1011058
2021-05-14 10:00:32,1316.15,1011174
2021-05-14 10:00:33,1316.15,1011492
2021-05-14 10:00:34,1316.0,1011648
2021-05-14 10:00:35,1316.1,1011673
2021-05-14 10:00:36,1316.1,1011733
2021-05-14 10:00:37,1316.15,1011837
2021-05-14 10:00:38,1316.05,1011848
2021-05-14 10:00:39,1316.05,1011934
2021-05-14 10:00:41,1316.15,1011980
2021-05-14 10:00:42,1316.15,1011990
2021-05-14 10:00:43,1316.15,1012102
2021-05-14 10:00:44,1316.15,1012129
2021-05-14 10:00:45,1316.15,1012188
2021-05-14 10:00:46,1316.05,1012220
2021-05-14 10:00:48,1316.2,1013038
2021-05-14 10:00:49,1316.05,1013161
2021-05-14 10:00:50,1316.2,1013185
2021-05-14 10:00:51,1316.2,1013193
2021-05-14 10:00:52,1316.15,1013301
2021-05-14 10:00:52,1316.15,1013317
2021-05-14 10:00:54,1316.2,1013461
2021-05-14 10:00:55,1316.2,1013581
2021-05-14 10:00:56,1316.15,1013611
2021-05-14 10:00:56,1316.2,1013618
2021-05-14 10:00:58,1316.2,1013723
2021-05-14 10:00:59,1316.2,1013824
2021-05-14 10:01:00,1316.15,1013839
2021-05-14 10:01:01,1316.2,1014224
2021-05-14 10:01:02,1316.2,1014304
2021-05-14 10:01:02,1316.15,1014316
2021-05-14 10:01:04,1316.5,1014710
2021-05-14 10:01:04,1316.5,1014820
2021-05-14 10:01:05,1316.2,1014837
2021-05-14 10:01:06,1316.45,1014840
2021-05-14 10:01:07,1316.45,1014842
2021-05-14 10:01:08,1316.45,1014881
2021-05-14 10:01:09,1316.1,1015600
2021-05-14 10:01:10,1316.25,1015731
2021-05-14 10:01:12,1316.25,1016279
2021-05-14 10:01:13,1316.0,1016412
2021-05-14 10:01:14,1316.15,1016483
2021-05-14 10:01:15,1316.2,1016511
2021-05-14 10:01:16,1316.15,1016515
2021-05-14 10:01:16,1316.25,1016621
2021-05-14 10:01:17,1316.25,1017831
2021-05-14 10:01:18,1316.15,1018082
2021-05-14 10:01:19,1316.15,1018348
2021-05-14 10:01:21,1316.15,1018564
2021-05-14 10:01:22,1316.0,1018815
2021-05-14 10:01:22,1316.15,1018858
2021-05-14 10:01:23,1316.2,1018887
2021-05-14 10:01:25,1316.2,1019099
2021-05-14 10:01:26,1316.15,1019194
2021-05-14 10:01:27,1316.1,1019274
2021-05-14 10:01:28,1316.2,1019729
2021-05-14 10:01:28,1316.2,1019803
2021-05-14 10:01:29,1316.05,1019869
2021-05-14 10:01:31,1316.2,1020296
2021-05-14 10:01:33,1316.2,1020908
2021-05-14 10:01:34,1316.15,1021001
2021-05-14 10:01:35,1316.15,1021251
2021-05-14 10:01:36,1316.25,1021539
2021-05-14 10:01:37,1316.5,1021705
2021-05-14 10:01:38,1316.2,1021730
2021-05-14 10:01:39,1316.25,1021732
2021-05-14 10:01:39,1316.25,1021732
2021-05-14 10:01:40,1316.75,1021898
2021-05-14 10:01:42,1316.55,1021923
2021-05-14 10:01:43,1316.75,1021948
2021-05-14 10:01:44,1316.55,1021952
2021-05-14 10:01:44,1316.55,1021952
2021-05-14 10:01:45,1316.55,1021952
2021-05-14 10:01:46,1316.55,1021952
2021-05-14 10:01:47,1316.6,1022043
2021-05-14 10:01:48,1316.75,1022109
2021-05-14 10:01:49,1316.75,1022669
2021-05-14 10:01:51,1316.55,1022797
2021-05-14 10:01:52,1316.85,1022832
2021-05-14 10:01:53,1317.05,1023770
2021-05-14 10:01:54,1317.1,1024019
2021-05-14 10:01:55,1317.1,1024377
2021-05-14 10:01:56,1317.1,1024595
2021-05-14 10:01:57,1317.0,1024648
2021-05-14 10:01:58,1317.05,1024679
2021-05-14 10:01:59,1317.1,1024694
2021-05-14 10:02:00,1317.65,1025436
2021-05-14 10:02:00,1317.05,1025515
2021-05-14 10:02:01,1317.05,1025547
2021-05-14 10:02:02,1317.1,1025569
2021-05-14 10:02:03,1317.1,1025607
2021-05-14 10:02:04,1317.0,1025813
2021-05-14 10:02:05,1317.05,1026255
2021-05-14 10:02:06,1317.05,1026773
2021-05-14 10:02:07,1317.6,1026858
2021-05-14 10:02:09,1317.65,1026876
2021-05-14 10:02:10,1317.75,1027029
2021-05-14 10:02:11,1317.75,1027082
2021-05-14 10:02:12,1317.55,1027084
2021-05-14 10:02:13,1317.85,1027158
2021-05-14 10:02:14,1317.5,1027169
2021-05-14 10:02:14,1317.85,1027176
2021-05-14 10:02:16,1317.85,1027318
2021-05-14 10:02:17,1317.85,1027496
2021-05-14 10:02:18,1317.85,1027595
2021-05-14 10:02:19,1317.75,1027619
2021-05-14 10:02:20,1317.75,1027625
2021-05-14 10:02:21,1317.8,1027641
2021-05-14 10:02:21,1317.75,1027645
2021-05-14 10:02:22,1317.75,1027647
2021-05-14 10:02:23,1317.65,1027648
2021-05-14 10:02:24,1317.8,1027649
2021-05-14 10:02:25,1317.75,1027783
2021-05-14 10:02:27,1317.75,1027851
2021-05-14 10:02:27,1317.75,1027906
2021-05-14 10:02:28,1317.5,1028028
2021-05-14 10:02:29,1317.75,1028061
2021-05-14 10:02:31,1317.8,1028231
2021-05-14 10:02:32,1317.85,1028855
2021-05-14 10:02:32,1317.5,1028949
2021-05-14 10:02:34,1317.8,1028987
2021-05-14 10:02:35,1317.85,1029232
2021-05-14 10:02:36,1317.85,1029393
2021-05-14 10:02:37,1317.8,1029498
2021-05-14 10:02:38,1317.7,1029626
2021-05-14 10:02:38,1317.5,1029645
2021-05-14 10:02:39,1317.7,1030175
2021-05-14 10:02:40,1317.8,1030442
2021-05-14 10:02:42,1317.8,1030611
2021-05-14 10:02:43,1317.7,1030636
2021-05-14 10:02:44,1317.8,1030670
2021-05-14 10:02:44,1317.8,1030731
2021-05-14 10:02:46,1317.75,1030818
2021-05-14 10:02:48,1317.8,1031409
2021-05-14 10:02:49,1317.8,1031430
2021-05-14 10:02:50,1317.85,1031818
2021-05-14 10:02:52,1317.85,1032016
2021-05-14 10:02:53,1317.8,1032052
2021-05-14 10:02:54,1318.0,1032642
2021-05-14 10:02:55,1317.95,1032874
2021-05-14 10:02:56,1317.8,1032915
2021-05-14 10:02:57,1317.95,1032923
2021-05-14 10:02:58,1318.0,1033024
2021-05-14 10:02:59,1318.0,1033067
2021-05-14 10:03:00,1318.0,1033121
2021-05-14 10:03:01,1318.0,1033288
2021-05-14 10:03:02,1318.0,1033938
2021-05-14 10:03:03,1317.85,1034035
2021-05-14 10:03:04,1318.0,1034053
2021-05-14 10:03:05,1317.95,1034260
2021-05-14 10:03:06,1317.95,1034294
2021-05-14 10:03:07,1317.95,1034400
2021-05-14 10:03:08,1317.95,1034443
2021-05-14 10:03:09,1317.9,1034469
2021-05-14 10:03:10,1317.85,1034658
2021-05-14 10:03:11,1317.95,1034692
2021-05-14 10:03:12,1317.95,1034703
2021-05-14 10:03:13,1317.75,1034720
2021-05-14 10:03:14,1318.0,1034745
2021-05-14 10:03:15,1317.95,1035014
2021-05-14 10:03:16,1318.0,1035080
2021-05-14 10:03:17,1318.0,1035102
2021-05-14 10:03:18,1318.0,1035188
2021-05-14 10:03:19,1318.0,1035211
2021-05-14 10:03:20,1317.95,1036416
2021-05-14 10:03:21,1318.0,1036428
2021-05-14 10:03:22,1318.0,1036470
2021-05-14 10:03:23,1317.95,1036567
2021-05-14 10:03:24,1317.95,1036642
2021-05-14 10:03:25,1317.9,1036679
2021-05-14 10:03:26,1317.9,1036758
2021-05-14 10:03:27,1318.0,1036975
2021-05-14 10:03:28,1318.0,1037067
2021-05-14 10:03:29,1318.0,1037112
2021-05-14 10:03:30,1317.95,1037118
2021-05-14 10:03:31,1317.7,1037272
2021-05-14 10:03:32,1317.95,1037405
2021-05-14 10:03:33,1317.9,1037479
2021-05-14 10:03:34,1317.9,1037503
2021-05-14 10:03:35,1317.9,1037567
2021-05-14 10:03:36,1317.55,1037577
2021-05-14 10:03:37,1317.95,1037663
2021-05-14 10:03:38,1317.95,1037766
2021-05-14 10:03:39,1317.95,1037963
2021-05-14 10:03:40,1317.95,1038059
2021-05-14 10:03:42,1317.6,1038228
2021-05-14 10:03:41,1317.9,1038173
2021-05-14 10:03:43,1317.9,1038268
2021-05-14 10:03:44,1317.9,1038372
2021-05-14 10:03:45,1317.9,1038395
2021-05-14 10:03:46,1317.9,1038426
2021-05-14 10:03:47,1317.9,1038445
2021-05-14 10:03:48,1317.9,1038465
2021-05-14 10:03:49,1317.95,1038518
2021-05-14 10:03:50,1317.95,1038548
2021-05-14 10:03:51,1317.9,1038579
2021-05-14 10:03:52,1317.95,1038624
2021-05-14 10:03:53,1317.95,1038650
2021-05-14 10:03:54,1317.95,1038659
2021-05-14 10:03:55,1317.95,1038750
2021-05-14 10:03:56,1317.9,1038816
2021-05-14 10:03:57,1317.95,1038866
2021-05-14 10:03:58,1317.95,1038974
2021-05-14 10:03:59,1317.95,1039001
2021-05-14 10:04:00,1317.9,1039162
2021-05-14 10:04:01,1317.9,1039345
2021-05-14 10:04:02,1317.95,1039567
2021-05-14 10:04:03,1318.0,1039611
2021-05-14 10:04:04,1318.0,1039690
2021-05-14 10:04:05,1318.0,1041615
2021-05-14 10:04:06,1318.0,1041748
2021-05-14 10:04:07,1317.95,1041776
2021-05-14 10:04:08,1318.0,1041995
2021-05-14 10:04:09,1318.25,1042130
2021-05-14 10:04:10,1318.25,1042154
2021-05-14 10:04:11,1318.05,1042186
2021-05-14 10:04:12,1318.0,1042200
2021-05-14 10:04:13,1318.05,1042205
2021-05-14 10:04:14,1318.25,1042207
2021-05-14 10:04:15,1318.25,1042259
2021-05-14 10:04:16,1318.2,1042276
2021-05-14 10:04:17,1318.2,1042321
2021-05-14 10:04:18,1318.25,1042414
2021-05-14 10:04:19,1318.25,1042479
2021-05-14 10:04:20,1318.45,1043067
2021-05-14 10:04:21,1318.5,1043202
2021-05-14 10:04:22,1318.5,1043283
2021-05-14 10:04:23,1318.5,1043449
2021-05-14 10:04:24,1318.2,1043535
2021-05-14 10:04:25,1318.5,1044005
2021-05-14 10:04:26,1318.6,1044085
2021-05-14 10:04:27,1318.6,1044169
2021-05-14 10:04:28,1318.55,1044183
2021-05-14 10:04:29,1318.6,1044190
2021-05-14 10:04:30,1318.7,1044335
2021-05-14 10:04:31,1318.7,1044545
2021-05-14 10:04:32,1318.7,1044592
2021-05-14 10:04:33,1318.7,1044603
2021-05-14 10:04:34,1318.7,1044846
2021-05-14 10:04:36,1318.75,1045106
2021-05-14 10:04:37,1318.75,1045215
2021-05-14 10:04:38,1318.75,1045576
2021-05-14 10:04:39,1318.85,1045971
2021-05-14 10:04:40,1318.85,1046320
2021-05-14 10:04:41,1318.9,1046421
2021-05-14 10:04:42,1318.95,1046443
2021-05-14 10:04:43,1318.95,1046464
2021-05-14 10:04:44,1318.95,1046573
2021-05-14 10:04:45,1318.9,1046923
2021-05-14 10:04:46,1318.9,1047067
2021-05-14 10:04:47,1318.95,1047109
2021-05-14 10:04:48,1318.95,1047166
2021-05-14 10:04:49,1318.9,1047280
2021-05-14 10:04:50,1318.95,1047836
2021-05-14 10:04:51,1318.45,1048905
2021-05-14 10:04:52,1318.4,1049553
2021-05-14 10:04:53,1318.65,1050102
2021-05-14 10:04:54,1318.0,1050184
2021-05-14 10:04:55,1318.6,1050856
2021-05-14 10:04:56,1318.5,1051873
2021-05-14 10:04:57,1318.0,1052015
2021-05-14 10:04:58,1318.4,1052048
2021-05-14 10:04:59,1318.25,1052061
2021-05-14 10:05:00,1318.1,1052063
2021-05-14 10:05:01,1318.25,1052239
2021-05-14 10:05:02,1318.5,1052300
2021-05-14 10:05:03,1318.1,1052429
2021-05-14 10:05:04,1318.5,1052540
2021-05-14 10:05:05,1318.45,1053425
2021-05-14 10:05:06,1318.0,1053504
2021-05-14 10:05:07,1318.5,1054181
2021-05-14 10:05:08,1318.4,1054289
2021-05-14 10:05:09,1318.45,1054376
2021-05-14 10:05:10,1318.0,1054553
2021-05-14 10:05:11,1318.3,1054921
2021-05-14 10:05:13,1318.45,1055364
2021-05-14 10:05:14,1318.0,1055376
2021-05-14 10:05:15,1318.4,1055486
2021-05-14 10:05:16,1318.05,1055491
2021-05-14 10:05:17,1318.4,1055518
2021-05-14 10:05:18,1318.5,1055666
2021-05-14 10:05:19,1318.5,1055788
2021-05-14 10:05:20,1318.5,1055968
2021-05-14 10:05:21,1318.5,1056037
2021-05-14 10:05:23,1318.5,1056048
2021-05-14 10:05:23,1318.45,1056095
2021-05-14 10:05:24,1318.5,1056120
2021-05-14 10:05:25,1318.65,1056336
2021-05-14 10:05:26,1318.4,1056865
2021-05-14 10:05:27,1318.05,1057550
2021-05-14 10:05:28,1318.0,1057806
2021-05-14 10:05:29,1318.05,1058046
2021-05-14 10:05:30,1318.05,1058107
2021-05-14 10:05:31,1318.05,1058270
2021-05-14 10:05:32,1318.05,1058295
2021-05-14 10:05:33,1318.05,1058390
2021-05-14 10:05:34,1318.05,1058425
2021-05-14 10:05:35,1318.1,1058655
2021-05-14 10:05:36,1318.1,1058694
2021-05-14 10:05:39,1318.1,1058895
2021-05-14 10:05:40,1318.1,1058901
2021-05-14 10:05:41,1318.1,1058912
2021-05-14 10:05:42,1318.05,1059116
2021-05-14 10:05:43,1318.05,1059147
2021-05-14 10:05:44,1318.1,1059187
2021-05-14 10:05:45,1318.1,1059301
2021-05-14 10:05:46,1318.1,1059329
2021-05-14 10:05:47,1318.1,1059343
2021-05-14 10:05:49,1318.1,1059599
2021-05-14 10:05:50,1318.1,1059885
2021-05-14 10:05:51,1318.1,1060040
2021-05-14 10:05:52,1318.05,1060125
2021-05-14 10:05:53,1318.05,1060145
2021-05-14 10:05:54,1318.05,1060186
2021-05-14 10:05:55,1318.1,1060294
2021-05-14 10:05:56,1318.2,1060438
2021-05-14 10:05:57,1318.2,1061033
2021-05-14 10:05:58,1318.25,1061193
2021-05-14 10:05:59,1318.3,1061224
2021-05-14 10:06:00,1318.3,1061272
2021-05-14 10:06:01,1318.3,1061433
2021-05-14 10:06:02,1318.3,1061559
2021-05-14 10:06:03,1318.25,1061628
2021-05-14 10:06:04,1318.15,1062243
2021-05-14 10:06:05,1318.1,1062391
2021-05-14 10:06:06,1318.0,1062665
2021-05-14 10:06:07,1318.05,1062742
2021-05-14 10:06:08,1318.0,1062754
2021-05-14 10:06:09,1318.1,1062767
2021-05-14 10:06:10,1318.1,1062894
2021-05-14 10:06:11,1318.0,1062936
2021-05-14 10:06:12,1317.9,1062961
