timestamp,ltp,volume
2021-05-14 09:15:15,1718.25,42892
2021-05-14 09:15:16,1718.65,44879
2021-05-14 09:15:17,1719.3,45711
2021-05-14 09:15:20,1718.75,46240
2021-05-14 09:15:21,1720.0,47270
2021-05-14 09:15:22,1719.6,48193
2021-05-14 09:15:23,1718.75,48467
2021-05-14 09:15:24,1718.1,48958
2021-05-14 09:15:25,1717.65,49274
2021-05-14 09:15:26,1719.2,50133
2021-05-14 09:15:27,1718.25,50501
2021-05-14 09:15:28,1718.35,50974
2021-05-14 09:15:28,1717.85,50843
2021-05-14 09:15:29,1718.35,51030
2021-05-14 09:15:30,1718.55,51901
2021-05-14 09:15:31,1718.55,51967
2021-05-14 09:15:32,1718.95,52407
2021-05-14 09:15:33,1720.0,52417
2021-05-14 09:15:34,1720.45,53326
2021-05-14 09:15:35,1721.45,53663
2021-05-14 09:15:36,1722.55,53739
2021-05-14 09:15:38,1721.4,53810
2021-05-14 09:15:39,1721.4,54455
2021-05-14 09:15:40,1722.85,54525
2021-05-14 09:15:40,1723.15,54588
2021-05-14 09:15:41,1723.15,55159
2021-05-14 09:15:42,1722.6,55369
2021-05-14 09:15:44,1724.0,57080
2021-05-14 09:15:45,1724.7,57200
2021-05-14 09:15:46,1725.75,57539
2021-05-14 09:15:46,1725.75,57539
2021-05-14 09:15:47,1724.75,58093
2021-05-14 09:15:48,1724.85,58885
2021-05-14 09:15:51,1724.95,58975
2021-05-14 09:15:51,1724.95,58975
2021-05-14 09:15:52,1724.05,59338
2021-05-14 09:15:53,1725.0,59922
2021-05-14 09:15:54,1725.0,60299
2021-05-14 09:15:56,1725.0,60335
2021-05-14 09:15:57,1724.85,60545
2021-05-14 09:15:57,1724.85,60545
2021-05-14 09:15:58,1725.0,60637
2021-05-14 09:15:59,1724.95,60642
2021-05-14 09:16:00,1724.5,61091
2021-05-14 09:16:01,1724.9,61136
2021-05-14 09:16:02,1724.85,61396
2021-05-14 09:16:03,1724.45,63934
2021-05-14 09:16:04,1724.1,63983
2021-05-14 09:16:05,1722.85,64586
2021-05-14 09:16:07,1722.6,65392
2021-05-14 09:16:08,1722.6,65933
2021-05-14 09:16:08,1722.6,65933
2021-05-14 09:16:09,1722.75,66870
2021-05-14 09:16:10,1724.0,67351
2021-05-14 09:16:11,1724.75,67834
2021-05-14 09:16:13,1724.5,67904
2021-05-14 09:16:14,1724.65,68260
2021-05-14 09:16:15,1724.65,68441
2021-05-14 09:16:16,1725.7,68484
2021-05-14 09:16:17,1725.75,68651
2021-05-14 09:16:19,1726.55,69133
2021-05-14 09:16:21,1725.7,70329
2021-05-14 09:16:22,1726.95,70624
2021-05-14 09:16:23,1725.95,70896
2021-05-14 09:16:24,1726.25,71381
2021-05-14 09:16:26,1726.25,71898
2021-05-14 09:16:27,1726.85,72200
2021-05-14 09:16:28,1727.25,72810
2021-05-14 09:16:29,1726.45,73017
2021-05-14 09:16:30,1727.25,74123
2021-05-14 09:16:31,1727.4,74261
2021-05-14 09:16:31,1727.7,74361
2021-05-14 09:16:32,1728.0,74876
2021-05-14 09:16:33,1728.8,74982
2021-05-14 09:16:35,1726.0,78527
2021-05-14 09:16:36,1726.0,79501
2021-05-14 09:16:37,1726.0,79794
2021-05-14 09:16:38,1726.85,80405
2021-05-14 09:16:39,1726.9,80476
2021-05-14 09:16:40,1727.3,80790
2021-05-14 09:16:40,1726.0,82418
2021-05-14 09:16:41,1725.7,83964
2021-05-14 09:16:43,1726.0,84517
2021-05-14 09:16:44,1726.0,85423
2021-05-14 09:16:45,1725.95,85923
2021-05-14 09:16:45,1726.0,85838
2021-05-14 09:16:46,1725.95,85968
2021-05-14 09:16:47,1726.0,86114
2021-05-14 09:16:48,1726.35,86467
2021-05-14 09:16:50,1726.35,86541
2021-05-14 09:16:51,1726.55,86611
2021-05-14 09:16:52,1725.65,86758
2021-05-14 09:16:53,1726.0,86928
2021-05-14 09:16:53,1726.0,86928
2021-05-14 09:16:54,1726.0,87456
2021-05-14 09:16:55,1725.95,87559
2021-05-14 09:16:57,1725.4,87683
2021-05-14 09:16:58,1725.0,88659
2021-05-14 09:16:59,1724.65,88742
2021-05-14 09:17:00,1725.0,89758
2021-05-14 09:17:00,1725.0,89657
2021-05-14 09:17:01,1724.0,90258
2021-05-14 09:17:03,1723.7,90374
2021-05-14 09:17:04,1724.0,91520
2021-05-14 09:17:05,1724.0,91699
2021-05-14 09:17:05,1724.0,91699
2021-05-14 09:17:06,1724.0,92044
2021-05-14 09:17:08,1723.85,92162
2021-05-14 09:17:09,1723.2,92312
2021-05-14 09:17:10,1723.75,92330
2021-05-14 09:17:11,1724.0,92496
2021-05-14 09:17:12,1723.9,92689
2021-05-14 09:17:13,1723.9,93112
2021-05-14 09:17:14,1723.95,93466
2021-05-14 09:17:14,1723.9,93468
2021-05-14 09:17:15,1723.8,93517
2021-05-14 09:17:16,1723.0,93598
2021-05-14 09:17:17,1722.0,102317
2021-05-14 09:17:19,1721.6,102858
2021-05-14 09:17:20,1721.85,103350
2021-05-14 09:17:21,1721.15,103752
2021-05-14 09:17:22,1722.0,104035
2021-05-14 09:17:22,1722.0,104035
2021-05-14 09:17:24,1721.2,105211
2021-05-14 09:17:26,1722.0,105238
2021-05-14 09:17:27,1722.0,105263
2021-05-14 09:17:28,1721.75,106063
2021-05-14 09:17:29,1722.0,106199
2021-05-14 09:17:29,1722.0,106231
2021-05-14 09:17:30,1722.0,106249
2021-05-14 09:17:32,1722.0,106540
2021-05-14 09:17:33,1722.0,106667
2021-05-14 09:17:34,1722.0,106792
2021-05-14 09:17:35,1722.0,107257
2021-05-14 09:17:36,1721.6,107294
2021-05-14 09:17:37,1722.0,107296
2021-05-14 09:17:38,1721.6,107745
2021-05-14 09:17:38,1722.0,107750
2021-05-14 09:17:39,1722.0,107833
2021-05-14 09:17:40,1721.95,107915
2021-05-14 09:17:42,1721.95,107960
2021-05-14 09:17:43,1721.95,108183
2021-05-14 09:17:44,1721.95,108237
2021-05-14 09:17:44,1721.75,108240
2021-05-14 09:17:45,1722.0,108483
2021-05-14 09:17:47,1722.0,108486
2021-05-14 09:17:48,1722.0,108837
2021-05-14 09:17:49,1722.0,108837
2021-05-14 09:17:50,1721.95,109086
2021-05-14 09:17:50,1721.95,109086
2021-05-14 09:17:51,1722.0,109111
2021-05-14 09:17:52,1722.0,109420
2021-05-14 09:17:53,1722.0,109481
2021-05-14 09:17:56,1722.3,109711
2021-05-14 09:17:57,1722.3,109730
2021-05-14 09:17:58,1722.95,109833
2021-05-14 09:17:59,1723.0,109885
2021-05-14 09:17:59,1723.0,109885
2021-05-14 09:18:00,1723.0,112717
2021-05-14 09:18:01,1723.0,112859
2021-05-14 09:18:03,1723.0,113606
2021-05-14 09:18:04,1723.0,113687
2021-05-14 09:18:05,1722.75,113730
2021-05-14 09:18:05,1722.75,113730
2021-05-14 09:18:06,1723.0,113736
2021-05-14 09:18:08,1723.0,113761
2021-05-14 09:18:09,1724.0,114889
2021-05-14 09:18:10,1724.0,114893
2021-05-14 09:18:10,1724.0,114893
2021-05-14 09:18:11,1724.0,114903
2021-05-14 09:18:12,1724.0,114925
2021-05-14 09:18:14,1724.0,114940
2021-05-14 09:18:15,1724.0,114941
2021-05-14 09:18:16,1723.4,115167
2021-05-14 09:18:17,1724.0,115242
2021-05-14 09:18:18,1724.0,115512
2021-05-14 09:18:19,1724.0,115532
2021-05-14 09:18:20,1723.4,117153
2021-05-14 09:18:20,1723.35,117403
2021-05-14 09:18:21,1723.95,117633
2021-05-14 09:18:23,1723.95,117649
2021-05-14 09:18:24,1723.95,117654
2021-05-14 09:18:25,1723.4,117714
2021-05-14 09:18:26,1723.3,117741
2021-05-14 09:18:26,1723.3,117741
2021-05-14 09:18:28,1723.4,117933
2021-05-14 09:18:29,1723.0,119038
2021-05-14 09:18:30,1723.0,119063
2021-05-14 09:18:31,1723.0,119098
2021-05-14 09:18:31,1723.0,119101
2021-05-14 09:18:33,1723.0,120432
2021-05-14 09:18:34,1722.95,120496
2021-05-14 09:18:35,1722.95,120505
2021-05-14 09:18:36,1722.95,120693
2021-05-14 09:18:37,1722.95,120693
2021-05-14 09:18:37,1722.95,120693
2021-05-14 09:18:38,1722.65,120709
2021-05-14 09:18:40,1721.7,121349
2021-05-14 09:18:41,1721.65,121422
2021-05-14 09:18:42,1721.0,121433
2021-05-14 09:18:43,1721.65,121764
2021-05-14 09:18:43,1721.65,121774
2021-05-14 09:18:45,1721.65,121774
2021-05-14 09:18:46,1721.65,122058
2021-05-14 09:18:47,1721.65,122169
2021-05-14 09:18:48,1721.65,122197
2021-05-14 09:18:49,1721.65,122380
2021-05-14 09:18:50,1721.2,122414
2021-05-14 09:18:51,1721.65,122525
2021-05-14 09:18:52,1721.65,124179
2021-05-14 09:18:53,1721.6,124649
2021-05-14 09:18:54,1721.6,124649
2021-05-14 09:18:55,1721.8,124769
2021-05-14 09:18:56,1721.8,124769
2021-05-14 09:18:57,1721.5,126105
2021-05-14 09:18:57,1721.5,126105
2021-05-14 09:18:59,1721.5,126181
2021-05-14 09:19:00,1721.2,126292
2021-05-14 09:19:01,1721.15,126944
2021-05-14 09:19:02,1721.45,127010
2021-05-14 09:19:03,1721.0,127139
2021-05-14 09:19:03,1721.45,127129
2021-05-14 09:19:05,1721.45,127494
2021-05-14 09:19:06,1721.45,127755
2021-05-14 09:19:07,1720.6,129410
2021-05-14 09:19:08,1721.0,129435
2021-05-14 09:19:10,1720.6,129625
2021-05-14 09:19:11,1720.05,129655
2021-05-14 09:19:12,1720.05,129709
2021-05-14 09:19:13,1720.85,129744
2021-05-14 09:19:14,1720.85,129754
2021-05-14 09:19:14,1720.85,129754
2021-05-14 09:19:16,1720.6,129802
2021-05-14 09:19:17,1720.9,129822
2021-05-14 09:19:18,1720.9,129835
2021-05-14 09:19:19,1720.9,129850
2021-05-14 09:19:20,1720.6,129867
2021-05-14 09:19:20,1720.6,129867
2021-05-14 09:19:21,1720.75,129869
2021-05-14 09:19:22,1720.85,130084
2021-05-14 09:19:27,1719.85,131906
2021-05-14 09:19:28,1719.5,132170
2021-05-14 09:19:29,1719.4,132454
2021-05-14 09:19:29,1719.4,132499
2021-05-14 09:19:34,1719.45,132982
2021-05-14 09:19:35,1719.85,133042
2021-05-14 09:19:36,1719.8,133082
2021-05-14 09:19:37,1720.6,133344
2021-05-14 09:19:38,1720.6,133359
2021-05-14 09:19:38,1720.65,133370
2021-05-14 09:19:40,1720.65,133370
2021-05-14 09:19:41,1720.0,133470
2021-05-14 09:19:42,1720.5,133521
2021-05-14 09:19:43,1720.6,133551
2021-05-14 09:19:44,1720.55,133816
2021-05-14 09:19:45,1719.85,134045
2021-05-14 09:19:45,1719.85,134045
2021-05-14 09:19:47,1720.0,134080
2021-05-14 09:19:48,1720.0,134303
2021-05-14 09:19:49,1720.0,134304
2021-05-14 09:19:50,1719.75,134659
2021-05-14 09:19:50,1720.0,134820
2021-05-14 09:19:51,1719.95,135011
2021-05-14 09:19:53,1719.95,135011
2021-05-14 09:19:54,1719.95,135041
2021-05-14 09:19:55,1719.85,135063
2021-05-14 09:19:56,1719.5,135094
2021-05-14 09:19:56,1719.5,135094
2021-05-14 09:19:58,1719.5,135094
2021-05-14 09:19:59,1719.85,135199
2021-05-14 09:20:00,1719.8,135788
2021-05-14 09:20:01,1719.75,135929
2021-05-14 09:20:01,1719.85,136029
2021-05-14 09:20:03,1719.85,136204
2021-05-14 09:20:04,1719.85,136204
2021-05-14 09:20:05,1719.95,136395
2021-05-14 09:20:06,1720.0,138408
2021-05-14 09:20:07,1720.0,138982
2021-05-14 09:20:07,1721.0,139315
2021-05-14 09:20:11,1720.85,139469
2021-05-14 09:20:12,1720.85,139521
2021-05-14 09:20:13,1720.05,139586
2021-05-14 09:20:13,1720.05,139586
2021-05-14 09:20:14,1720.05,139622
2021-05-14 09:20:16,1719.5,140206
2021-05-14 09:20:17,1720.15,140238
2021-05-14 09:20:18,1720.15,140421
2021-05-14 09:20:19,1719.5,140626
2021-05-14 09:20:19,1719.5,140626
2021-05-14 09:20:21,1718.85,141806
2021-05-14 09:20:22,1719.3,141917
2021-05-14 09:20:23,1719.25,141982
2021-05-14 09:20:24,1718.7,142098
2021-05-14 09:20:25,1718.55,142271
2021-05-14 09:20:25,1718.55,142271
2021-05-14 09:20:27,1718.7,142374
2021-05-14 09:20:28,1718.7,142385
2021-05-14 09:20:29,1719.4,142745
2021-05-14 09:20:30,1719.05,142787
2021-05-14 09:20:31,1719.4,142837
2021-05-14 09:20:32,1719.35,143238
2021-05-14 09:20:33,1719.05,143428
2021-05-14 09:20:34,1719.05,143429
2021-05-14 09:20:35,1719.0,143605
2021-05-14 09:20:36,1719.25,143628
2021-05-14 09:20:37,1719.3,143728
2021-05-14 09:20:38,1722.0,655672
2021-05-14 09:20:40,1721.55,655828
2021-05-14 09:20:41,1721.55,655828
2021-05-14 09:20:42,1721.95,656387
2021-05-14 09:20:43,1721.95,656387
2021-05-14 09:20:44,1721.55,658102
2021-05-14 09:20:45,1721.95,658152
2021-05-14 09:20:46,1722.0,658176
2021-05-14 09:20:48,1722.0,666768
2021-05-14 09:20:47,1722.0,666768
2021-05-14 09:20:49,1722.0,666788
2021-05-14 09:20:50,1722.0,666849
2021-05-14 09:20:51,1722.0,666884
2021-05-14 09:20:53,1722.0,667545
2021-05-14 09:20:52,1722.0,667214
2021-05-14 09:20:54,1722.0,667945
2021-05-14 09:20:55,1722.0,668962
2021-05-14 09:20:56,1722.0,668962
2021-05-14 09:20:58,1722.0,670023
2021-05-14 09:20:57,1722.0,670023
2021-05-14 09:20:59,1721.4,670773
2021-05-14 09:21:00,1721.4,670774
2021-05-14 09:21:01,1721.4,670774
2021-05-14 09:21:02,1721.4,670774
2021-05-14 09:21:03,1721.4,670774
2021-05-14 09:21:04,1721.35,670775
2021-05-14 09:21:05,1721.35,670775
2021-05-14 09:21:06,1720.9,671019
2021-05-14 09:21:07,1721.95,674193
2021-05-14 09:21:08,1721.95,674193
2021-05-14 09:21:11,1722.0,674204
2021-05-14 09:21:10,1721.95,674194
2021-05-14 09:21:12,1722.0,674214
2021-05-14 09:21:13,1722.0,674627
2021-05-14 09:21:14,1722.0,675215
2021-05-14 09:21:15,1722.0,679764
2021-05-14 09:21:17,1722.0,679765
2021-05-14 09:21:16,1722.0,679765
2021-05-14 09:21:18,1722.0,679866
2021-05-14 09:21:19,1722.0,679986
2021-05-14 09:21:20,1721.95,680008
2021-05-14 09:21:21,1721.35,680181
2021-05-14 09:21:22,1721.5,680729
2021-05-14 09:21:23,1721.55,680730
2021-05-14 09:21:24,1720.7,681152
2021-05-14 09:21:25,1720.7,681216
2021-05-14 09:21:26,1720.5,681496
2021-05-14 09:21:27,1720.5,681700
2021-05-14 09:21:28,1720.5,681700
2021-05-14 09:21:29,1720.55,681972
2021-05-14 09:21:30,1719.5,682969
2021-05-14 09:21:31,1719.4,682975
2021-05-14 09:21:32,1719.5,683026
2021-05-14 09:21:33,1719.5,683027
2021-05-14 09:21:34,1719.5,683047
2021-05-14 09:21:35,1718.3,684627
2021-05-14 09:21:36,1718.8,685303
2021-05-14 09:21:37,1719.5,685493
2021-05-14 09:21:38,1719.5,685940
2021-05-14 09:21:39,1720.0,686361
2021-05-14 09:21:40,1719.95,686595
2021-05-14 09:21:41,1719.95,686596
2021-05-14 09:21:42,1719.95,686596
2021-05-14 09:21:43,1719.95,686657
2021-05-14 09:21:44,1719.95,686657
2021-05-14 09:21:45,1720.0,688350
2021-05-14 09:21:46,1720.0,688800
2021-05-14 09:21:47,1720.0,689042
2021-05-14 09:21:48,1719.7,690073
2021-05-14 09:21:49,1720.0,690407
2021-05-14 09:21:50,1719.7,690760
2021-05-14 09:21:51,1720.0,690821
2021-05-14 09:21:52,1720.0,690887
2021-05-14 09:21:53,1720.0,690975
2021-05-14 09:21:54,1719.6,691057
2021-05-14 09:21:55,1720.0,691069
2021-05-14 09:21:56,1720.0,691069
2021-05-14 09:21:57,1719.55,691070
2021-05-14 09:21:58,1720.0,691145
2021-05-14 09:21:59,1720.0,691184
2021-05-14 09:22:00,1719.7,691204
2021-05-14 09:22:01,1719.7,691204
2021-05-14 09:22:02,1719.5,691206
2021-05-14 09:22:03,1719.05,691463
2021-05-14 09:22:04,1719.65,691612
2021-05-14 09:22:05,1718.0,693194
2021-05-14 09:22:06,1718.4,693412
2021-05-14 09:22:07,1719.05,693630
2021-05-14 09:22:08,1718.8,693918
2021-05-14 09:22:09,1719.05,694083
2021-05-14 09:22:10,1718.2,694166
2021-05-14 09:22:11,1719.35,696168
2021-05-14 09:22:12,1718.95,696169
2021-05-14 09:22:13,1717.4,696172
2021-05-14 09:22:14,1717.3,696176
2021-05-14 09:22:15,1717.65,696179
2021-05-14 09:22:16,1717.15,696223
2021-05-14 09:22:17,1715.9,698101
2021-05-14 09:22:18,1715.3,698147
2021-05-14 09:22:19,1715.1,698156
2021-05-14 09:22:20,1714.0,710081
2021-05-14 09:22:21,1714.45,710636
2021-05-14 09:22:22,1714.65,711160
2021-05-14 09:22:23,1715.1,711612
2021-05-14 09:22:24,1715.0,711889
2021-05-14 09:22:25,1714.8,712979
2021-05-14 09:22:26,1714.05,713043
2021-05-14 09:22:27,1714.9,713124
2021-05-14 09:22:28,1714.5,713470
2021-05-14 09:22:29,1714.55,713582
2021-05-14 09:22:30,1714.95,714015
2021-05-14 09:22:32,1715.2,715136
2021-05-14 09:22:33,1715.0,715273
2021-05-14 09:22:34,1715.8,715590
2021-05-14 09:22:35,1715.8,715713
2021-05-14 09:22:36,1714.75,715834
2021-05-14 09:22:37,1716.1,716144
2021-05-14 09:22:38,1716.05,716484
2021-05-14 09:22:39,1716.9,717167
2021-05-14 09:22:40,1716.5,717828
2021-05-14 09:22:41,1715.5,717980
2021-05-14 09:22:42,1716.05,718541
2021-05-14 09:22:43,1716.9,718580
2021-05-14 09:22:44,1716.9,718753
2021-05-14 09:22:45,1716.1,718884
2021-05-14 09:22:46,1716.7,718945
2021-05-14 09:22:47,1716.05,719026
2021-05-14 09:22:48,1716.9,719271
2021-05-14 09:22:49,1716.9,719271
2021-05-14 09:22:50,1716.75,719431
2021-05-14 09:22:51,1716.7,719936
2021-05-14 09:22:52,1715.8,719938
2021-05-14 09:22:53,1716.3,720039
2021-05-14 09:22:54,1716.45,720162
2021-05-14 09:22:55,1716.45,720421
2021-05-14 09:22:56,1716.45,720426
2021-05-14 09:22:57,1716.5,720976
2021-05-14 09:22:58,1717.5,721484
2021-05-14 09:23:00,1717.65,721665
2021-05-14 09:23:01,1716.65,722105
2021-05-14 09:23:02,1717.5,722266
2021-05-14 09:23:02,1716.85,722276
2021-05-14 09:23:03,1716.85,722305
2021-05-14 09:23:04,1717.6,722405
2021-05-14 09:23:05,1716.3,722639
2021-05-14 09:23:06,1716.7,722837
2021-05-14 09:23:07,1716.7,722855
2021-05-14 09:23:08,1715.65,722882
2021-05-14 09:23:09,1716.4,722913
2021-05-14 09:23:10,1715.4,723080
2021-05-14 09:23:11,1715.0,723262
2021-05-14 09:23:12,1715.85,723573
2021-05-14 09:23:13,1715.5,723751
2021-05-14 09:23:14,1716.3,723822
2021-05-14 09:23:15,1715.95,723963
2021-05-14 09:23:16,1716.0,724013
2021-05-14 09:23:17,1716.0,724051
2021-05-14 09:23:18,1715.75,724287
2021-05-14 09:23:19,1716.95,725073
2021-05-14 09:23:20,1717.5,725086
2021-05-14 09:23:21,1716.55,725636
2021-05-14 09:23:22,1716.3,725688
2021-05-14 09:23:23,1717.2,725749
2021-05-14 09:23:24,1716.55,725775
2021-05-14 09:23:25,1716.5,725790
2021-05-14 09:23:26,1716.5,725831
2021-05-14 09:23:27,1716.5,725849
2021-05-14 09:23:28,1717.15,726924
2021-05-14 09:23:29,1716.45,726929
2021-05-14 09:23:30,1716.5,727030
2021-05-14 09:23:31,1717.05,727031
2021-05-14 09:23:33,1717.05,727037
2021-05-14 09:23:33,1717.05,727087
2021-05-14 09:23:34,1715.95,727437
2021-05-14 09:23:37,1716.8,727552
2021-05-14 09:23:37,1715.9,727555
2021-05-14 09:23:38,1717.05,728176
2021-05-14 09:23:39,1717.05,728176
2021-05-14 09:23:40,1717.0,728609
2021-05-14 09:23:41,1716.45,728676
2021-05-14 09:23:42,1716.6,728683
2021-05-14 09:23:43,1716.6,728683
2021-05-14 09:23:45,1716.6,728683
2021-05-14 09:23:45,1717.15,729183
2021-05-14 09:23:47,1716.8,729185
2021-05-14 09:23:47,1716.8,729185
2021-05-14 09:23:48,1715.6,729231
2021-05-14 09:23:49,1715.85,729627
2021-05-14 09:23:51,1715.65,729750
2021-05-14 09:23:51,1715.65,729750
2021-05-14 09:23:52,1715.25,729801
2021-05-14 09:23:53,1716.0,729811
2021-05-14 09:23:54,1715.85,729861
2021-05-14 09:23:55,1715.5,729871
2021-05-14 09:23:56,1715.85,730094
2021-05-14 09:23:57,1715.85,730144
2021-05-14 09:23:58,1715.8,730200
2021-05-14 09:23:59,1715.8,730201
2021-05-14 09:24:00,1715.25,730211
2021-05-14 09:24:01,1715.25,730247
2021-05-14 09:24:02,1715.75,730448
2021-05-14 09:24:03,1715.6,730463
2021-05-14 09:24:04,1715.2,731099
2021-05-14 09:24:05,1714.7,731232
2021-05-14 09:24:06,1714.1,731257
2021-05-14 09:24:07,1714.1,731257
2021-05-14 09:24:08,1714.7,731302
2021-05-14 09:24:09,1714.7,731303
2021-05-14 09:24:10,1714.3,731383
2021-05-14 09:24:11,1714.35,731416
2021-05-14 09:24:12,1714.0,731600
2021-05-14 09:24:13,1714.35,731932
2021-05-14 09:24:14,1713.8,731964
2021-05-14 09:24:15,1714.35,732196
2021-05-14 09:24:16,1713.55,732363
2021-05-14 09:24:17,1714.15,732431
2021-05-14 09:24:18,1713.1,732605
2021-05-14 09:24:19,1713.55,732639
2021-05-14 09:24:21,1713.45,732700
2021-05-14 09:24:20,1713.45,732699
2021-05-14 09:24:23,1713.45,732815
2021-05-14 09:24:23,1713.45,732815
2021-05-14 09:24:24,1713.25,733022
2021-05-14 09:24:25,1713.25,733131
2021-05-14 09:24:26,1713.0,733169
2021-05-14 09:24:27,1713.0,733207
2021-05-14 09:24:28,1713.25,733387
2021-05-14 09:24:29,1713.1,733602
2021-05-14 09:24:30,1713.1,733635
2021-05-14 09:24:32,1713.1,733768
2021-05-14 09:24:33,1713.95,734044
2021-05-14 09:24:34,1714.3,734167
2021-05-14 09:24:35,1713.4,734224
2021-05-14 09:24:35,1713.5,734217
2021-05-14 09:24:36,1713.35,734231
2021-05-14 09:24:37,1714.2,734331
2021-05-14 09:24:38,1713.4,734337
2021-05-14 09:24:39,1713.1,734359
2021-05-14 09:24:41,1713.0,734562
2021-05-14 09:24:42,1713.0,734588
2021-05-14 09:24:43,1713.0,734709
2021-05-14 09:24:44,1713.05,734980
2021-05-14 09:24:45,1713.0,735370
2021-05-14 09:24:47,1714.05,735619
2021-05-14 09:24:48,1713.5,735622
2021-05-14 09:24:48,1714.35,735927
2021-05-14 09:24:50,1713.55,736282
2021-05-14 09:24:51,1713.45,736376
2021-05-14 09:24:51,1713.2,736775
2021-05-14 09:24:53,1713.2,736775
2021-05-14 09:24:54,1712.65,737075
2021-05-14 09:24:55,1712.65,737075
2021-05-14 09:24:56,1712.4,737119
2021-05-14 09:24:57,1712.4,737119
2021-05-14 09:24:58,1712.1,737363
2021-05-14 09:24:59,1712.1,737425
2021-05-14 09:25:01,1712.05,738024
2021-05-14 09:25:02,1712.05,738222
2021-05-14 09:25:03,1712.9,738377
2021-05-14 09:25:04,1711.65,738933
2021-05-14 09:25:05,1711.6,739023
2021-05-14 09:25:06,1712.05,739038
2021-05-14 09:25:07,1712.5,739167
2021-05-14 09:25:08,1712.35,739173
2021-05-14 09:25:09,1712.4,739273
2021-05-14 09:25:10,1711.05,739830
2021-05-14 09:25:11,1711.0,739888
2021-05-14 09:25:12,1711.6,740104
2021-05-14 09:25:13,1711.0,740414
2021-05-14 09:25:14,1711.6,740417
2021-05-14 09:25:15,1711.0,740492
2021-05-14 09:25:16,1711.55,740592
2021-05-14 09:25:17,1711.55,740749
2021-05-14 09:25:18,1710.7,740759
2021-05-14 09:25:19,1710.75,740834
2021-05-14 09:25:19,1711.55,740839
2021-05-14 09:25:21,1711.55,741587
2021-05-14 09:25:21,1710.85,741637
2021-05-14 09:25:22,1710.95,742207
2021-05-14 09:25:23,1710.95,742207
2021-05-14 09:25:24,1711.0,742249
2021-05-14 09:25:25,1710.7,742481
2021-05-14 09:25:26,1711.95,742603
2021-05-14 09:25:28,1711.35,742702
2021-05-14 09:25:29,1712.05,742815
2021-05-14 09:25:31,1712.15,743005
2021-05-14 09:25:31,1712.1,743039
2021-05-14 09:25:32,1712.1,743139
2021-05-14 09:25:34,1712.0,743140
2021-05-14 09:25:35,1712.15,743286
2021-05-14 09:25:35,1712.0,743288
2021-05-14 09:25:36,1712.8,743612
2021-05-14 09:25:37,1712.25,743952
2021-05-14 09:25:38,1712.75,743979
2021-05-14 09:25:39,1712.75,744034
2021-05-14 09:25:40,1712.05,744118
2021-05-14 09:25:41,1712.0,744174
2021-05-14 09:25:42,1712.0,744178
2021-05-14 09:25:43,1712.0,744247
2021-05-14 09:25:44,1712.0,744247
2021-05-14 09:25:45,1711.6,744267
2021-05-14 09:25:46,1711.6,744377
2021-05-14 09:25:47,1711.6,744408
2021-05-14 09:25:48,1711.6,744459
2021-05-14 09:25:49,1711.35,744814
2021-05-14 09:25:50,1711.35,744860
2021-05-14 09:25:51,1711.35,744860
2021-05-14 09:25:52,1712.0,744926
2021-05-14 09:25:53,1711.0,745144
2021-05-14 09:25:55,1711.0,745144
2021-05-14 09:25:55,1711.15,745174
2021-05-14 09:25:57,1711.95,745199
2021-05-14 09:25:58,1712.0,745286
2021-05-14 09:25:58,1712.0,745286
2021-05-14 09:26:00,1711.6,745598
2021-05-14 09:26:03,1712.25,745863
2021-05-14 09:26:07,1713.0,746919
2021-05-14 09:26:07,1711.75,746281
2021-05-14 09:26:08,1712.85,746980
2021-05-14 09:26:09,1712.85,747031
2021-05-14 09:26:11,1713.6,747734
2021-05-14 09:26:10,1712.35,747032
2021-05-14 09:26:12,1713.05,747903
2021-05-14 09:26:13,1713.9,748003
2021-05-14 09:26:14,1713.85,748008
2021-05-14 09:26:15,1714.45,748295
2021-05-14 09:26:16,1714.45,748295
2021-05-14 09:26:17,1713.75,748371
2021-05-14 09:26:18,1714.5,748431
2021-05-14 09:26:19,1714.5,748462
2021-05-14 09:26:21,1714.5,748465
2021-05-14 09:26:22,1714.45,748828
2021-05-14 09:26:23,1714.45,748833
2021-05-14 09:26:24,1714.45,748865
2021-05-14 09:26:25,1714.0,749082
2021-05-14 09:26:26,1714.25,749434
2021-05-14 09:26:27,1714.5,749544
2021-05-14 09:26:28,1715.0,749559
2021-05-14 09:26:28,1715.0,749559
2021-05-14 09:26:29,1715.0,749582
2021-05-14 09:26:30,1715.0,749582
2021-05-14 09:26:32,1714.25,749703
2021-05-14 09:26:33,1714.25,749926
2021-05-14 09:26:34,1714.5,749970
2021-05-14 09:26:35,1714.6,750172
2021-05-14 09:26:36,1714.9,750422
2021-05-14 09:26:36,1714.9,750422
2021-05-14 09:26:37,1714.65,750434
2021-05-14 09:26:38,1714.65,750434
2021-05-14 09:26:40,1714.25,750509
2021-05-14 09:26:41,1714.2,750954
2021-05-14 09:26:41,1714.2,750954
2021-05-14 09:26:42,1714.55,751059
2021-05-14 09:26:43,1714.85,751364
2021-05-14 09:26:44,1714.85,751364
2021-05-14 09:26:46,1714.45,751418
2021-05-14 09:26:46,1714.45,751418
2021-05-14 09:26:47,1714.9,751548
2021-05-14 09:26:49,1714.8,751554
2021-05-14 09:26:50,1714.75,751568
2021-05-14 09:26:51,1714.8,751685
2021-05-14 09:26:52,1714.8,751859
2021-05-14 09:26:53,1714.45,751998
2021-05-14 09:26:56,1714.45,752036
2021-05-14 09:26:56,1714.45,752036
2021-05-14 09:26:57,1715.25,753882
2021-05-14 09:26:58,1714.9,753919
2021-05-14 09:27:00,1715.2,754219
2021-05-14 09:27:02,1715.15,754294
2021-05-14 09:27:01,1716.0,754269
2021-05-14 09:27:03,1715.15,754359
2021-05-14 09:27:04,1715.0,754384
2021-05-14 09:27:05,1715.15,754430
2021-05-14 09:27:06,1715.65,755331
2021-05-14 09:27:06,1715.0,754801
2021-05-14 09:27:07,1714.85,755357
2021-05-14 09:27:08,1715.0,755387
2021-05-14 09:27:09,1715.15,755402
2021-05-14 09:27:10,1715.0,755438
2021-05-14 09:27:11,1715.15,755449
2021-05-14 09:27:13,1715.0,755515
2021-05-14 09:27:14,1715.15,755535
2021-05-14 09:27:15,1715.0,755554
2021-05-14 09:27:16,1715.0,755810
2021-05-14 09:27:17,1715.0,756027
2021-05-14 09:27:18,1715.0,756038
2021-05-14 09:27:19,1715.0,756038
2021-05-14 09:27:20,1715.0,756163
2021-05-14 09:27:21,1714.9,756337
2021-05-14 09:27:22,1714.5,756365
2021-05-14 09:27:23,1714.45,756367
2021-05-14 09:27:24,1714.45,756394
2021-05-14 09:27:25,1714.0,757368
2021-05-14 09:27:25,1714.5,756866
2021-05-14 09:27:27,1714.2,757393
2021-05-14 09:27:28,1713.85,757408
2021-05-14 09:27:30,1714.2,757609
2021-05-14 09:27:31,1713.85,757645
2021-05-14 09:27:32,1714.2,757670
2021-05-14 09:27:33,1714.2,757683
2021-05-14 09:27:34,1714.2,757683
2021-05-14 09:27:35,1713.85,757718
2021-05-14 09:27:36,1714.2,757768
2021-05-14 09:27:37,1714.2,757815
2021-05-14 09:27:38,1714.2,757863
2021-05-14 09:27:39,1713.7,757928
2021-05-14 09:27:39,1713.7,757928
2021-05-14 09:27:40,1714.2,757948
2021-05-14 09:27:41,1714.15,757961
2021-05-14 09:27:42,1713.2,757986
2021-05-14 09:27:43,1714.05,757987
2021-05-14 09:27:45,1714.2,758739
2021-05-14 09:27:46,1713.65,758746
2021-05-14 09:27:46,1713.65,758746
2021-05-14 09:27:48,1714.15,758987
2021-05-14 09:27:50,1714.1,759265
2021-05-14 09:27:49,1713.15,759263
2021-05-14 09:27:50,1714.1,759265
2021-05-14 09:27:51,1714.1,759265
2021-05-14 09:27:52,1714.1,759265
2021-05-14 09:27:53,1714.1,759265
2021-05-14 09:27:54,1713.95,759270
2021-05-14 09:27:55,1713.65,759286
2021-05-14 09:27:56,1713.95,759722
2021-05-14 09:27:57,1714.05,759733
2021-05-14 09:27:58,1714.2,759813
2021-05-14 09:27:59,1714.0,759884
2021-05-14 09:28:00,1714.75,759925
2021-05-14 09:28:01,1714.7,759936
2021-05-14 09:28:02,1714.7,759936
2021-05-14 09:28:04,1714.6,760193
2021-05-14 09:28:05,1714.1,760287
2021-05-14 09:28:06,1713.95,760429
2021-05-14 09:28:07,1714.05,760454
2021-05-14 09:28:07,1714.05,760457
2021-05-14 09:28:08,1714.05,760462
2021-05-14 09:28:09,1714.05,760462
2021-05-14 09:28:10,1714.0,760743
2021-05-14 09:28:12,1714.05,760902
2021-05-14 09:28:13,1713.2,761396
2021-05-14 09:28:13,1713.2,761396
2021-05-14 09:28:14,1714.05,761497
2021-05-14 09:28:15,1713.45,761527
2021-05-14 09:28:16,1713.65,761600
2021-05-14 09:28:17,1713.6,761602
2021-05-14 09:28:18,1713.5,761678
2021-05-14 09:28:19,1713.05,761679
2021-05-14 09:28:20,1712.95,762500
2021-05-14 09:28:21,1713.4,762501
2021-05-14 09:28:22,1713.4,762501
2021-05-14 09:28:23,1713.5,762511
2021-05-14 09:28:24,1713.2,762547
2021-05-14 09:28:25,1713.05,762652
2021-05-14 09:28:26,1713.05,762677
2021-05-14 09:28:27,1713.5,762787
2021-05-14 09:28:28,1713.5,762790
2021-05-14 09:28:30,1713.5,762893
2021-05-14 09:28:31,1713.5,762895
2021-05-14 09:28:31,1713.0,762960
2021-05-14 09:28:33,1713.5,762975
2021-05-14 09:28:34,1713.0,763090
2021-05-14 09:28:34,1713.5,763115
2021-05-14 09:28:35,1713.1,763152
2021-05-14 09:28:37,1713.65,763509
2021-05-14 09:28:39,1713.65,763510
2021-05-14 09:28:40,1713.6,763717
2021-05-14 09:28:41,1713.6,763717
2021-05-14 09:28:42,1713.1,763804
2021-05-14 09:28:44,1713.1,763919
2021-05-14 09:28:45,1713.05,763947
2021-05-14 09:28:46,1713.05,764013
2021-05-14 09:28:47,1713.05,764063
2021-05-14 09:28:48,1713.05,764094
2021-05-14 09:28:49,1713.15,764351
2021-05-14 09:28:50,1713.15,764351
2021-05-14 09:28:50,1713.15,764351
2021-05-14 09:28:51,1713.65,764369
2021-05-14 09:28:52,1713.8,764519
2021-05-14 09:28:53,1713.15,764584
2021-05-14 09:28:54,1713.7,764592
2021-05-14 09:28:55,1713.15,764758
2021-05-14 09:28:57,1713.75,764762
2021-05-14 09:28:57,1713.6,764767
2021-05-14 09:28:59,1713.65,764776
2021-05-14 09:28:59,1713.65,764876
2021-05-14 09:29:01,1712.9,765147
2021-05-14 09:29:02,1712.55,765303
2021-05-14 09:29:02,1712.95,765329
2021-05-14 09:29:04,1712.55,765349
2021-05-14 09:29:05,1712.55,765383
2021-05-14 09:29:06,1712.55,765423
2021-05-14 09:29:07,1712.95,765454
2021-05-14 09:29:08,1712.95,765454
2021-05-14 09:29:09,1712.95,765510
2021-05-14 09:29:10,1712.95,765560
2021-05-14 09:29:11,1712.95,765582
2021-05-14 09:29:12,1712.9,765592
2021-05-14 09:29:13,1712.95,765647
2021-05-14 09:29:14,1712.95,765648
2021-05-14 09:29:15,1712.95,765658
2021-05-14 09:29:16,1712.0,765876
2021-05-14 09:29:17,1712.1,766002
2021-05-14 09:29:18,1712.1,766013
2021-05-14 09:29:19,1712.0,766028
2021-05-14 09:29:19,1712.0,766028
2021-05-14 09:29:21,1711.95,767717
2021-05-14 09:29:22,1711.8,767728
2021-05-14 09:29:23,1711.75,767738
2021-05-14 09:29:23,1711.95,767753
2021-05-14 09:29:25,1711.75,767800
2021-05-14 09:29:26,1711.95,767820
2021-05-14 09:29:27,1711.95,767820
2021-05-14 09:29:28,1711.95,767823
2021-05-14 09:29:29,1711.95,767826
2021-05-14 09:29:31,1711.95,767876
2021-05-14 09:29:31,1711.95,767877
2021-05-14 09:29:32,1711.95,767877
2021-05-14 09:29:33,1711.95,767882
2021-05-14 09:29:34,1711.95,767922
2021-05-14 09:29:35,1711.75,768121
2021-05-14 09:29:37,1712.1,768410
2021-05-14 09:29:38,1712.1,768442
2021-05-14 09:29:39,1712.1,768452
2021-05-14 09:29:40,1712.05,768952
2021-05-14 09:29:41,1712.1,769014
2021-05-14 09:29:42,1712.05,769044
2021-05-14 09:29:43,1712.05,769198
2021-05-14 09:29:44,1712.05,769198
2021-05-14 09:29:45,1712.05,769199
2021-05-14 09:29:46,1712.0,769855
2021-05-14 09:29:46,1712.0,769855
2021-05-14 09:29:48,1712.0,769855
2021-05-14 09:29:50,1712.0,769860
2021-05-14 09:29:51,1711.95,769903
2021-05-14 09:29:52,1711.9,769915
2021-05-14 09:29:53,1711.2,769920
2021-05-14 09:29:54,1711.85,769965
2021-05-14 09:29:55,1711.85,769966
2021-05-14 09:29:56,1711.0,770488
2021-05-14 09:29:57,1711.2,770489
2021-05-14 09:29:58,1711.0,770510
2021-05-14 09:29:59,1711.75,770574
2021-05-14 09:30:00,1711.0,770828
2021-05-14 09:30:01,1710.9,770870
2021-05-14 09:30:02,1710.9,770892
2021-05-14 09:30:02,1710.3,771088
2021-05-14 09:30:03,1710.25,771327
2021-05-14 09:30:04,1710.35,779917
2021-05-14 09:30:05,1711.55,780703
2021-05-14 09:30:06,1710.6,780709
2021-05-14 09:30:08,1710.6,780756
2021-05-14 09:30:09,1710.95,781320
2021-05-14 09:30:10,1711.0,781452
2021-05-14 09:30:11,1710.6,781488
2021-05-14 09:30:12,1710.6,781498
2021-05-14 09:30:13,1711.2,782622
2021-05-14 09:30:14,1712.1,782980
2021-05-14 09:30:15,1712.6,783273
2021-05-14 09:30:16,1712.4,783274
2021-05-14 09:30:17,1712.0,783314
2021-05-14 09:30:18,1712.0,783314
2021-05-14 09:30:19,1712.45,783565
2021-05-14 09:30:20,1712.45,783565
2021-05-14 09:30:21,1712.4,783645
2021-05-14 09:30:22,1712.1,783720
2021-05-14 09:30:23,1712.4,783815
2021-05-14 09:30:24,1712.4,783815
2021-05-14 09:30:25,1712.1,784115
2021-05-14 09:30:26,1712.1,784147
2021-05-14 09:30:26,1712.4,784150
2021-05-14 09:30:27,1712.1,784169
2021-05-14 09:30:28,1712.4,784293
2021-05-14 09:30:29,1712.4,784308
2021-05-14 09:30:30,1712.4,784334
2021-05-14 09:30:31,1712.4,784334
2021-05-14 09:30:32,1712.45,784517
2021-05-14 09:30:34,1712.4,784525
2021-05-14 09:30:35,1712.6,784718
2021-05-14 09:30:36,1712.4,784879
2021-05-14 09:30:37,1712.4,784972
2021-05-14 09:30:38,1712.55,785583
2021-05-14 09:30:39,1712.85,785786
2021-05-14 09:30:40,1713.45,785852
2021-05-14 09:30:41,1713.0,785903
2021-05-14 09:30:42,1713.4,785938
2021-05-14 09:30:43,1712.85,785940
2021-05-14 09:30:43,1712.85,785940
2021-05-14 09:30:44,1713.95,786412
2021-05-14 09:30:45,1713.45,786579
2021-05-14 09:30:46,1714.05,787381
2021-05-14 09:30:48,1714.05,787381
2021-05-14 09:30:48,1714.05,787381
2021-05-14 09:30:50,1713.65,787385
2021-05-14 09:30:51,1713.65,787847
2021-05-14 09:30:52,1714.35,787908
2021-05-14 09:30:53,1713.7,787979
2021-05-14 09:30:55,1713.7,787979
2021-05-14 09:30:56,1713.65,788069
2021-05-14 09:30:57,1714.0,788270
2021-05-14 09:30:58,1713.45,788612
2021-05-14 09:30:58,1713.45,788612
2021-05-14 09:30:59,1713.6,788637
2021-05-14 09:31:00,1713.0,788786
2021-05-14 09:31:01,1712.85,789002
2021-05-14 09:31:03,1712.85,789118
2021-05-14 09:31:04,1712.6,789411
2021-05-14 09:31:05,1712.0,789446
2021-05-14 09:31:06,1711.5,789805
2021-05-14 09:31:07,1711.2,790769
2021-05-14 09:31:08,1710.6,791101
2021-05-14 09:31:09,1710.8,791103
2021-05-14 09:31:10,1710.6,791108
2021-05-14 09:31:11,1711.0,791319
2021-05-14 09:31:12,1711.6,791663
2021-05-14 09:31:13,1712.4,791785
2021-05-14 09:31:14,1711.55,792385
2021-05-14 09:31:15,1712.3,792451
2021-05-14 09:31:16,1712.3,792552
2021-05-14 09:31:17,1712.3,792553
2021-05-14 09:31:20,1711.5,792787
2021-05-14 09:31:21,1710.95,792860
2021-05-14 09:31:22,1711.0,793146
2021-05-14 09:31:23,1711.45,793209
2021-05-14 09:31:24,1711.0,793361
2021-05-14 09:31:25,1711.45,793543
2021-05-14 09:31:26,1711.45,793558
2021-05-14 09:31:27,1711.45,793558
2021-05-14 09:31:28,1711.05,793568
2021-05-14 09:31:29,1711.45,793576
2021-05-14 09:31:30,1711.8,794170
2021-05-14 09:31:31,1711.8,794213
2021-05-14 09:31:32,1711.8,794213
2021-05-14 09:31:33,1711.8,794223
2021-05-14 09:31:34,1711.8,794223
2021-05-14 09:31:35,1711.8,794223
2021-05-14 09:31:36,1711.8,794272
2021-05-14 09:31:37,1712.4,794273
2021-05-14 09:31:38,1711.8,794278
2021-05-14 09:31:39,1712.4,794288
2021-05-14 09:31:40,1712.4,794288
2021-05-14 09:31:41,1712.4,794288
2021-05-14 09:31:42,1712.4,794288
2021-05-14 09:31:43,1712.4,794288
2021-05-14 09:31:44,1711.55,794471
2021-05-14 09:31:45,1710.35,794605
2021-05-14 09:31:46,1710.35,794712
2021-05-14 09:31:47,1710.95,794719
2021-05-14 09:31:48,1710.95,794719
2021-05-14 09:31:49,1710.45,794721
2021-05-14 09:31:50,1710.4,794969
2021-05-14 09:31:51,1710.45,795034
2021-05-14 09:31:52,1710.45,795087
2021-05-14 09:31:53,1710.95,795399
2021-05-14 09:31:54,1710.45,795726
2021-05-14 09:31:55,1710.45,795726
2021-05-14 09:31:56,1710.7,795728
2021-05-14 09:31:57,1710.75,795729
2021-05-14 09:31:58,1711.6,795991
2021-05-14 09:31:59,1711.55,796051
2021-05-14 09:32:00,1710.7,796109
2021-05-14 09:32:01,1710.65,796217
2021-05-14 09:32:02,1710.65,796235
2021-05-14 09:32:03,1710.55,796352
2021-05-14 09:32:04,1710.55,796352
2021-05-14 09:32:05,1710.3,796393
2021-05-14 09:32:06,1710.3,796395
2021-05-14 09:32:07,1710.3,796395
2021-05-14 09:32:08,1710.3,796401
2021-05-14 09:32:09,1710.4,796406
2021-05-14 09:32:10,1710.3,796678
2021-05-14 09:32:11,1710.3,796803
2021-05-14 09:32:12,1710.05,797303
2021-05-14 09:32:13,1710.05,797303
2021-05-14 09:32:14,1710.7,797587
2021-05-14 09:32:15,1710.0,797689
2021-05-14 09:32:16,1710.6,797691
2021-05-14 09:32:17,1710.6,797742
2021-05-14 09:32:18,1710.0,797804
2021-05-14 09:32:19,1710.25,798100
2021-05-14 09:32:20,1710.6,798308
2021-05-14 09:32:22,1710.0,798454
2021-05-14 09:32:23,1710.5,798460
2021-05-14 09:32:24,1710.1,798559
2021-05-14 09:32:25,1710.55,798681
2021-05-14 09:32:26,1710.1,799004
2021-05-14 09:32:27,1710.1,799151
2021-05-14 09:32:28,1710.3,799354
2021-05-14 09:32:29,1710.3,799564
2021-05-14 09:32:30,1710.4,799694
2021-05-14 09:32:31,1710.3,799844
2021-05-14 09:32:32,1710.15,799944
2021-05-14 09:32:33,1710.3,799955
2021-05-14 09:32:34,1710.3,799965
2021-05-14 09:32:35,1710.1,799966
2021-05-14 09:32:36,1710.85,800073
2021-05-14 09:32:37,1710.85,800074
2021-05-14 09:32:38,1711.0,800075
2021-05-14 09:32:39,1710.85,800120
2021-05-14 09:32:40,1710.85,800182
2021-05-14 09:32:41,1711.15,800894
2021-05-14 09:32:42,1711.45,800983
2021-05-14 09:32:43,1711.5,801051
2021-05-14 09:32:44,1711.65,801213
2021-05-14 09:32:45,1711.7,801313
2021-05-14 09:32:46,1711.7,801313
2021-05-14 09:32:47,1710.7,801379
2021-05-14 09:32:48,1710.7,801379
2021-05-14 09:32:49,1711.55,801440
2021-05-14 09:32:50,1711.55,801440
2021-05-14 09:32:51,1710.5,801522
2021-05-14 09:32:52,1711.45,801527
2021-05-14 09:32:53,1711.45,801527
2021-05-14 09:32:54,1711.0,801780
2021-05-14 09:32:55,1710.65,801799
2021-05-14 09:32:56,1710.65,801842
2021-05-14 09:32:57,1710.65,801843
2021-05-14 09:32:59,1710.25,801902
2021-05-14 09:33:00,1710.65,801912
2021-05-14 09:33:01,1710.65,801912
2021-05-14 09:33:02,1710.65,801912
2021-05-14 09:33:03,1710.6,802278
2021-05-14 09:33:04,1710.45,802343
2021-05-14 09:33:05,1710.45,802346
2021-05-14 09:33:06,1710.45,802546
2021-05-14 09:33:07,1710.4,802586
2021-05-14 09:33:08,1710.9,803336
2021-05-14 09:33:09,1710.9,803336
2021-05-14 09:33:10,1710.9,803336
2021-05-14 09:33:11,1711.35,803337
2021-05-14 09:33:12,1711.35,803337
2021-05-14 09:33:13,1711.3,803392
2021-05-14 09:33:14,1710.85,803491
2021-05-14 09:33:15,1710.85,803491
2021-05-14 09:33:19,1711.25,803610
2021-05-14 09:33:20,1710.4,803802
2021-05-14 09:33:21,1710.5,803814
2021-05-14 09:33:22,1710.5,803814
2021-05-14 09:33:23,1710.5,803814
2021-05-14 09:33:24,1710.5,803832
2021-05-14 09:33:25,1710.1,804034
2021-05-14 09:33:27,1710.4,804161
2021-05-14 09:33:28,1710.1,804211
2021-05-14 09:33:29,1710.4,804213
2021-05-14 09:33:30,1710.4,804357
2021-05-14 09:33:32,1710.4,804357
2021-05-14 09:33:32,1710.4,804363
2021-05-14 09:33:33,1710.25,804718
2021-05-14 09:33:35,1710.25,804776
2021-05-14 09:33:36,1710.4,804904
2021-05-14 09:33:37,1710.4,804990
2021-05-14 09:33:38,1710.1,805080
2021-05-14 09:33:39,1710.6,805089
2021-05-14 09:33:40,1710.6,805255
2021-05-14 09:33:41,1710.45,805289
2021-05-14 09:33:42,1710.45,805289
2021-05-14 09:33:44,1710.25,805647
2021-05-14 09:33:43,1710.55,805319
2021-05-14 09:33:45,1710.0,806093
2021-05-14 09:33:46,1710.0,806168
2021-05-14 09:33:47,1710.75,806759
2021-05-14 09:33:48,1710.4,806870
2021-05-14 09:33:49,1711.0,806892
2021-05-14 09:33:50,1711.0,806892
2021-05-14 09:33:51,1710.45,806905
2021-05-14 09:33:52,1710.1,807087
2021-05-14 09:33:53,1710.85,807187
2021-05-14 09:33:54,1710.25,807289
2021-05-14 09:33:55,1710.0,807860
2021-05-14 09:33:56,1710.35,807889
2021-05-14 09:33:57,1710.0,807975
2021-05-14 09:33:58,1710.35,808006
2021-05-14 09:33:59,1710.35,808146
2021-05-14 09:34:00,1710.0,808321
2021-05-14 09:34:01,1710.0,808368
2021-05-14 09:34:02,1709.9,809708
2021-05-14 09:34:03,1709.9,809708
2021-05-14 09:34:04,1709.65,809768
2021-05-14 09:34:05,1708.65,810217
2021-05-14 09:34:06,1708.75,810263
2021-05-14 09:34:07,1708.5,810331
2021-05-14 09:34:08,1708.6,810401
2021-05-14 09:34:10,1708.5,810824
2021-05-14 09:34:10,1708.45,810617
2021-05-14 09:34:11,1708.5,810987
2021-05-14 09:34:12,1708.5,811425
2021-05-14 09:34:13,1708.45,811528
2021-05-14 09:34:14,1708.3,811795
2021-05-14 09:34:15,1709.05,812148
2021-05-14 09:34:16,1709.05,812170
2021-05-14 09:34:17,1708.65,812176
2021-05-14 09:34:18,1708.5,812241
2021-05-14 09:34:19,1709.05,812354
2021-05-14 09:34:20,1708.6,812388
2021-05-14 09:34:22,1709.0,812982
2021-05-14 09:34:23,1708.1,813002
2021-05-14 09:34:23,1709.0,813034
2021-05-14 09:34:24,1708.2,813569
2021-05-14 09:34:25,1708.0,814282
2021-05-14 09:34:26,1708.2,814285
2021-05-14 09:34:27,1709.0,814463
2021-05-14 09:34:28,1708.85,814465
2021-05-14 09:34:29,1708.85,814465
2021-05-14 09:34:30,1708.85,814565
2021-05-14 09:34:31,1708.85,814677
2021-05-14 09:34:32,1708.35,814703
2021-05-14 09:34:33,1708.35,814703
2021-05-14 09:34:34,1708.35,814804
2021-05-14 09:34:35,1709.55,815136
2021-05-14 09:34:36,1709.9,815146
2021-05-14 09:34:37,1709.9,815172
2021-05-14 09:34:38,1709.1,815237
2021-05-14 09:34:39,1709.8,815332
2021-05-14 09:34:40,1709.75,815334
2021-05-14 09:34:41,1709.0,815384
2021-05-14 09:34:42,1708.85,815454
2021-05-14 09:34:43,1708.85,815970
2021-05-14 09:34:44,1709.0,815983
2021-05-14 09:34:45,1708.85,816096
2021-05-14 09:34:46,1708.8,816240
2021-05-14 09:34:48,1708.5,816295
2021-05-14 09:34:49,1708.7,816332
2021-05-14 09:34:48,1708.8,816303
2021-05-14 09:34:50,1708.1,816620
2021-05-14 09:34:52,1708.8,816732
2021-05-14 09:34:53,1709.15,816846
2021-05-14 09:34:54,1708.8,816944
2021-05-14 09:34:54,1708.8,816944
2021-05-14 09:34:55,1708.95,816994
2021-05-14 09:34:56,1708.95,816998
2021-05-14 09:34:57,1708.85,817000
2021-05-14 09:34:58,1708.85,817025
2021-05-14 09:34:59,1708.95,817125
2021-05-14 09:35:00,1708.7,817320
2021-05-14 09:35:01,1708.7,817320
2021-05-14 09:35:02,1708.7,817328
2021-05-14 09:35:03,1708.3,817459
2021-05-14 09:35:04,1708.3,817565
2021-05-14 09:35:05,1708.3,817933
2021-05-14 09:35:06,1708.0,817997
2021-05-14 09:35:07,1708.0,817997
2021-05-14 09:35:08,1708.3,818011
2021-05-14 09:35:09,1708.85,818041
2021-05-14 09:35:10,1709.0,818332
2021-05-14 09:35:11,1708.75,818333
2021-05-14 09:35:12,1709.0,818338
2021-05-14 09:35:13,1708.75,818478
2021-05-14 09:35:14,1708.75,818479
2021-05-14 09:35:16,1708.75,818511
2021-05-14 09:35:17,1708.45,818550
2021-05-14 09:35:18,1709.0,818658
2021-05-14 09:35:19,1709.95,819822
2021-05-14 09:35:20,1709.35,819914
2021-05-14 09:35:21,1709.9,820211
2021-05-14 09:35:22,1709.9,820211
2021-05-14 09:35:23,1709.75,820321
2021-05-14 09:35:24,1709.75,820353
2021-05-14 09:35:25,1709.45,820818
2021-05-14 09:35:26,1710.75,821154
2021-05-14 09:35:27,1710.75,821262
2021-05-14 09:35:28,1710.75,821262
2021-05-14 09:35:29,1710.8,821316
2021-05-14 09:35:31,1710.5,821611
2021-05-14 09:35:31,1710.5,821612
2021-05-14 09:35:32,1711.75,822224
2021-05-14 09:35:33,1710.9,822322
2021-05-14 09:35:34,1711.5,822410
2021-05-14 09:35:35,1711.9,822816
2021-05-14 09:35:37,1711.0,822825
2021-05-14 09:35:38,1710.95,822875
2021-05-14 09:35:39,1711.75,822951
2021-05-14 09:35:40,1711.0,823060
2021-05-14 09:35:41,1710.95,823102
2021-05-14 09:35:42,1710.45,823127
2021-05-14 09:35:42,1710.45,823127
2021-05-14 09:35:43,1710.5,823254
2021-05-14 09:35:44,1710.55,823304
2021-05-14 09:35:46,1710.45,823678
2021-05-14 09:35:46,1710.45,823678
2021-05-14 09:35:47,1710.6,823731
2021-05-14 09:35:48,1710.45,823777
2021-05-14 09:35:49,1710.45,823777
2021-05-14 09:35:50,1710.6,824220
2021-05-14 09:35:51,1710.6,824220
2021-05-14 09:35:52,1710.6,824235
2021-05-14 09:35:53,1710.6,824235
2021-05-14 09:35:54,1710.55,824238
2021-05-14 09:35:55,1710.6,824243
2021-05-14 09:35:57,1710.55,824247
2021-05-14 09:35:57,1710.55,824247
2021-05-14 09:35:59,1711.0,824392
2021-05-14 09:35:59,1711.0,824392
2021-05-14 09:36:00,1710.55,824564
2021-05-14 09:36:01,1710.55,824564
2021-05-14 09:36:02,1710.55,824564
2021-05-14 09:36:03,1710.5,824604
2021-05-14 09:36:04,1710.0,824624
2021-05-14 09:36:05,1710.0,824853
2021-05-14 09:36:06,1709.9,824906
2021-05-14 09:36:07,1709.9,824977
2021-05-14 09:36:08,1710.5,825115
2021-05-14 09:36:09,1710.95,825367
2021-05-14 09:36:10,1710.5,825384
2021-05-14 09:36:11,1710.5,825384
2021-05-14 09:36:12,1711.05,825430
2021-05-14 09:36:13,1710.3,825468
2021-05-14 09:36:15,1711.0,825487
2021-05-14 09:36:16,1711.0,825487
2021-05-14 09:36:17,1710.5,825497
2021-05-14 09:36:18,1711.0,825557
2021-05-14 09:36:19,1711.0,825557
2021-05-14 09:36:19,1710.55,825559
2021-05-14 09:36:20,1710.5,825757
2021-05-14 09:36:21,1710.5,825897
2021-05-14 09:36:22,1710.5,825917
2021-05-14 09:36:23,1711.0,826056
2021-05-14 09:36:24,1711.0,826059
2021-05-14 09:36:26,1710.75,826062
2021-05-14 09:36:27,1711.0,826076
2021-05-14 09:36:28,1711.0,826081
2021-05-14 09:36:29,1711.0,826136
2021-05-14 09:36:30,1711.0,826136
2021-05-14 09:36:31,1711.0,826136
2021-05-14 09:36:32,1711.0,826137
2021-05-14 09:36:33,1711.0,826139
2021-05-14 09:36:33,1711.0,826139
2021-05-14 09:36:34,1710.75,826190
2021-05-14 09:36:35,1711.0,826232
2021-05-14 09:36:36,1711.0,826233
2021-05-14 09:36:37,1711.6,826733
2021-05-14 09:36:38,1711.6,826733
2021-05-14 09:36:39,1711.6,826734
2021-05-14 09:36:40,1711.05,826746
2021-05-14 09:36:41,1711.05,826746
2021-05-14 09:36:42,1711.05,826746
2021-05-14 09:36:43,1711.0,826758
2021-05-14 09:36:44,1711.0,826872
2021-05-14 09:36:45,1710.85,827007
2021-05-14 09:36:46,1710.85,827029
2021-05-14 09:36:47,1711.0,827244
2021-05-14 09:36:49,1711.0,827244
2021-05-14 09:36:50,1711.0,827434
2021-05-14 09:36:51,1710.85,827474
2021-05-14 09:36:51,1711.0,827479
2021-05-14 09:36:52,1711.0,827479
2021-05-14 09:36:53,1711.0,827637
2021-05-14 09:36:54,1711.0,827661
2021-05-14 09:36:56,1710.95,827728
2021-05-14 09:36:57,1711.0,827758
2021-05-14 09:36:58,1711.0,827861
2021-05-14 09:36:59,1711.0,827865
2021-05-14 09:37:00,1710.1,828332
2021-05-14 09:37:00,1710.1,827931
2021-05-14 09:37:01,1710.8,828390
2021-05-14 09:37:02,1710.8,828441
2021-05-14 09:37:03,1710.8,828499
2021-05-14 09:37:04,1710.6,828524
2021-05-14 09:37:05,1710.6,828558
2021-05-14 09:37:06,1710.6,828568
2021-05-14 09:37:07,1710.8,828589
2021-05-14 09:37:08,1710.35,828641
2021-05-14 09:37:09,1710.35,828741
2021-05-14 09:37:10,1710.35,828943
2021-05-14 09:37:11,1710.8,829259
2021-05-14 09:37:12,1711.0,829777
2021-05-14 09:37:13,1710.4,829949
2021-05-14 09:37:14,1710.6,830305
2021-05-14 09:37:15,1711.8,830405
2021-05-14 09:37:16,1711.0,830529
2021-05-14 09:37:17,1711.0,830529
2021-05-14 09:37:19,1711.0,830886
2021-05-14 09:37:20,1710.9,831289
2021-05-14 09:37:20,1710.85,831359
2021-05-14 09:37:21,1710.9,831369
2021-05-14 09:37:22,1710.9,831369
2021-05-14 09:37:23,1711.45,831399
2021-05-14 09:37:24,1711.55,831600
2021-05-14 09:37:25,1711.6,831601
2021-05-14 09:37:26,1711.95,831772
2021-05-14 09:37:27,1711.95,831772
2021-05-14 09:37:28,1711.95,831772
2021-05-14 09:37:30,1711.95,831772
2021-05-14 09:37:31,1712.0,831807
2021-05-14 09:37:32,1712.0,831807
2021-05-14 09:37:33,1712.0,831807
2021-05-14 09:37:34,1712.0,831825
2021-05-14 09:37:35,1711.95,831868
2021-05-14 09:37:36,1713.0,832797
2021-05-14 09:37:37,1713.0,832797
2021-05-14 09:37:39,1713.05,832809
2021-05-14 09:37:40,1714.1,832968
2021-05-14 09:37:41,1714.1,832968
2021-05-14 09:37:43,1713.75,832970
2021-05-14 09:37:44,1713.75,833083
2021-05-14 09:37:45,1713.75,833083
2021-05-14 09:37:46,1713.35,833274
2021-05-14 09:37:46,1713.35,833274
2021-05-14 09:37:47,1713.35,833287
2021-05-14 09:37:49,1713.35,833338
2021-05-14 09:37:49,1713.35,833398
2021-05-14 09:37:51,1712.95,833450
2021-05-14 09:37:52,1712.95,833450
2021-05-14 09:37:53,1712.4,833557
2021-05-14 09:37:54,1712.65,833559
2021-05-14 09:37:55,1713.05,833609
2021-05-14 09:37:56,1712.6,833633
2021-05-14 09:37:57,1712.6,833633
2021-05-14 09:37:58,1713.7,833896
2021-05-14 09:37:58,1713.85,834047
2021-05-14 09:38:01,1713.8,834052
2021-05-14 09:38:02,1713.8,834052
2021-05-14 09:38:03,1713.75,834122
2021-05-14 09:38:05,1713.75,834122
2021-05-14 09:38:05,1713.35,834173
2021-05-14 09:38:07,1713.0,834485
2021-05-14 09:38:07,1713.25,834486
2021-05-14 09:38:09,1713.0,834636
2021-05-14 09:38:10,1713.0,834860
2021-05-14 09:38:11,1713.0,834922
2021-05-14 09:38:12,1713.0,834923
2021-05-14 09:38:13,1712.7,834924
2021-05-14 09:38:14,1713.0,834927
2021-05-14 09:38:15,1712.7,834931
2021-05-14 09:38:16,1712.7,834931
2021-05-14 09:38:17,1712.7,834933
2021-05-14 09:38:18,1712.6,834935
2021-05-14 09:38:19,1712.6,834954
2021-05-14 09:38:20,1712.7,835567
2021-05-14 09:38:20,1712.0,835601
2021-05-14 09:38:21,1712.0,835604
2021-05-14 09:38:22,1712.0,835690
2021-05-14 09:38:23,1712.3,835733
2021-05-14 09:38:24,1712.0,835738
2021-05-14 09:38:26,1711.9,835784
2021-05-14 09:38:27,1711.9,835784
2021-05-14 09:38:28,1711.9,835796
2021-05-14 09:38:29,1711.9,835816
2021-05-14 09:38:30,1711.6,835896
2021-05-14 09:38:31,1711.6,835896
2021-05-14 09:38:32,1711.6,835896
2021-05-14 09:38:33,1711.6,835900
2021-05-14 09:38:34,1711.55,835925
2021-05-14 09:38:35,1711.5,835940
2021-05-14 09:38:36,1711.5,835974
2021-05-14 09:38:36,1711.5,835974
2021-05-14 09:38:38,1711.5,836235
2021-05-14 09:38:39,1711.2,836254
2021-05-14 09:38:40,1711.0,836301
2021-05-14 09:38:40,1711.0,836301
2021-05-14 09:38:42,1711.15,836367
2021-05-14 09:38:43,1711.2,836897
2021-05-14 09:38:44,1711.3,836984
2021-05-14 09:38:44,1711.45,836994
2021-05-14 09:38:45,1711.3,836997
2021-05-14 09:38:46,1711.3,836997
2021-05-14 09:38:47,1711.35,837598
2021-05-14 09:38:48,1711.65,837892
2021-05-14 09:38:49,1711.5,837903
2021-05-14 09:38:51,1712.0,837911
2021-05-14 09:38:52,1711.6,838018
2021-05-14 09:38:52,1711.6,838018
2021-05-14 09:38:53,1711.6,838018
2021-05-14 09:38:54,1711.6,838072
2021-05-14 09:38:55,1711.6,838112
2021-05-14 09:38:56,1711.6,838119
2021-05-14 09:38:59,1711.6,838149
2021-05-14 09:38:59,1711.6,838149
2021-05-14 09:39:00,1711.55,838211
2021-05-14 09:39:01,1711.9,838432
2021-05-14 09:39:02,1711.4,838482
2021-05-14 09:39:03,1711.4,838483
2021-05-14 09:39:04,1711.4,838548
2021-05-14 09:39:06,1711.9,838797
2021-05-14 09:39:07,1711.9,838797
2021-05-14 09:39:08,1711.9,838797
2021-05-14 09:39:09,1711.9,838807
2021-05-14 09:39:10,1712.0,839160
2021-05-14 09:39:11,1712.8,839161
2021-05-14 09:39:12,1713.0,839176
2021-05-14 09:39:13,1713.0,839178
2021-05-14 09:39:14,1713.0,839454
2021-05-14 09:39:14,1713.0,839454
2021-05-14 09:39:15,1713.85,839484
2021-05-14 09:39:16,1713.85,839484
2021-05-14 09:39:17,1713.55,839506
2021-05-14 09:39:18,1713.55,839606
2021-05-14 09:39:19,1714.0,839639
2021-05-14 09:39:20,1713.95,839640
2021-05-14 09:39:21,1713.95,839640
2021-05-14 09:39:22,1713.95,839640
2021-05-14 09:39:23,1713.45,839665
2021-05-14 09:39:24,1713.95,839725
2021-05-14 09:39:25,1713.0,839816
2021-05-14 09:39:26,1712.9,839873
2021-05-14 09:39:27,1712.8,839993
2021-05-14 09:39:28,1712.7,840102
2021-05-14 09:39:29,1713.3,840115
2021-05-14 09:39:31,1712.5,840192
2021-05-14 09:39:32,1713.2,840409
2021-05-14 09:39:33,1713.8,840549
2021-05-14 09:39:33,1713.8,840549
2021-05-14 09:39:34,1714.0,840580
2021-05-14 09:39:35,1714.0,840659
2021-05-14 09:39:37,1714.1,840968
2021-05-14 09:39:38,1713.5,840998
2021-05-14 09:39:39,1713.9,841259
2021-05-14 09:39:40,1714.0,841459
2021-05-14 09:39:41,1713.95,841769
2021-05-14 09:39:42,1713.95,841769
2021-05-14 09:39:43,1713.95,841959
2021-05-14 09:39:44,1713.95,842165
2021-05-14 09:39:45,1714.0,842323
2021-05-14 09:39:47,1714.0,842369
2021-05-14 09:39:46,1713.9,842354
2021-05-14 09:39:48,1714.0,842369
2021-05-14 09:39:49,1714.05,842572
2021-05-14 09:39:50,1714.05,842572
2021-05-14 09:39:51,1714.05,842600
2021-05-14 09:39:52,1714.05,842600
2021-05-14 09:39:53,1714.1,842684
2021-05-14 09:39:54,1713.6,843180
2021-05-14 09:39:55,1713.7,843182
2021-05-14 09:39:56,1714.3,843489
2021-05-14 09:39:57,1714.3,843489
2021-05-14 09:39:58,1713.5,843494
2021-05-14 09:39:59,1713.5,843494
2021-05-14 09:40:00,1713.7,843545
2021-05-14 09:40:01,1713.7,843545
2021-05-14 09:40:02,1713.65,843547
2021-05-14 09:40:03,1713.65,843594
2021-05-14 09:40:04,1713.65,843876
2021-05-14 09:40:05,1713.65,844281
2021-05-14 09:40:06,1713.45,844433
2021-05-14 09:40:07,1713.45,844604
2021-05-14 09:40:08,1713.45,844611
2021-05-14 09:40:08,1713.45,844612
2021-05-14 09:40:09,1713.45,844637
2021-05-14 09:40:11,1713.45,844940
2021-05-14 09:40:12,1713.45,844976
2021-05-14 09:40:13,1713.45,845497
2021-05-14 09:40:14,1713.45,845510
2021-05-14 09:40:15,1713.45,845538
2021-05-14 09:40:16,1713.5,845539
2021-05-14 09:40:17,1713.45,845549
2021-05-14 09:40:18,1713.45,845581
2021-05-14 09:40:20,1713.4,845762
2021-05-14 09:40:21,1713.35,845901
2021-05-14 09:40:22,1713.0,845902
2021-05-14 09:40:24,1713.35,845930
2021-05-14 09:40:25,1713.0,846194
2021-05-14 09:40:25,1713.0,846194
2021-05-14 09:40:26,1713.0,846194
2021-05-14 09:40:28,1713.3,846299
2021-05-14 09:40:29,1713.3,846299
2021-05-14 09:40:30,1713.3,846306
2021-05-14 09:40:31,1713.3,846331
2021-05-14 09:40:32,1713.3,846333
2021-05-14 09:40:33,1713.3,846333
2021-05-14 09:40:34,1713.3,846335
2021-05-14 09:40:35,1713.15,846370
2021-05-14 09:40:36,1712.95,846376
2021-05-14 09:40:37,1713.3,846405
2021-05-14 09:40:38,1713.3,846815
2021-05-14 09:40:39,1712.9,846834
2021-05-14 09:40:40,1713.0,846853
2021-05-14 09:40:41,1712.95,846906
2021-05-14 09:40:42,1712.95,846906
2021-05-14 09:40:43,1712.9,846909
2021-05-14 09:40:44,1712.95,847435
2021-05-14 09:40:45,1712.8,847537
2021-05-14 09:40:46,1712.85,847548
2021-05-14 09:40:47,1712.35,847947
2021-05-14 09:40:48,1712.1,847948
2021-05-14 09:40:49,1712.15,848453
2021-05-14 09:40:50,1712.15,848453
2021-05-14 09:40:51,1712.0,848487
2021-05-14 09:40:51,1712.05,848639
2021-05-14 09:40:53,1712.05,848691
2021-05-14 09:40:56,1712.5,848757
2021-05-14 09:40:57,1712.1,848856
2021-05-14 09:40:59,1712.5,849051
2021-05-14 09:41:00,1712.45,849053
2021-05-14 09:41:01,1712.45,849054
2021-05-14 09:41:02,1712.4,849104
2021-05-14 09:41:03,1712.15,849112
2021-05-14 09:41:04,1712.4,849124
2021-05-14 09:41:05,1712.15,849387
2021-05-14 09:41:06,1712.15,849549
2021-05-14 09:41:07,1712.0,849550
2021-05-14 09:41:08,1712.15,849728
2021-05-14 09:41:09,1712.0,849747
2021-05-14 09:41:10,1712.0,849794
2021-05-14 09:41:11,1711.6,850032
2021-05-14 09:41:12,1712.15,850040
2021-05-14 09:41:13,1711.7,850079
2021-05-14 09:41:14,1712.15,850094
2021-05-14 09:41:15,1712.2,850247
2021-05-14 09:41:16,1712.6,851302
2021-05-14 09:41:17,1712.6,851701
2021-05-14 09:41:17,1712.6,851701
2021-05-14 09:41:18,1712.6,851701
2021-05-14 09:41:19,1712.55,851702
2021-05-14 09:41:25,1712.15,851911
2021-05-14 09:41:26,1712.0,851932
2021-05-14 09:41:27,1712.0,851974
2021-05-14 09:41:28,1712.1,851977
2021-05-14 09:41:29,1712.0,852061
2021-05-14 09:41:29,1712.1,852062
2021-05-14 09:41:30,1712.0,852295
2021-05-14 09:41:31,1711.6,852314
2021-05-14 09:41:32,1712.1,852317
2021-05-14 09:41:33,1711.7,852417
2021-05-14 09:41:34,1711.7,852417
2021-05-14 09:41:36,1712.1,852472
2021-05-14 09:41:37,1711.5,852493
2021-05-14 09:41:38,1712.1,852504
2021-05-14 09:41:39,1712.0,852527
2021-05-14 09:41:40,1712.0,852537
2021-05-14 09:41:41,1711.7,852542
2021-05-14 09:41:42,1711.95,852587
2021-05-14 09:41:43,1711.95,852587
2021-05-14 09:41:44,1711.95,852587
2021-05-14 09:41:45,1711.7,852628
2021-05-14 09:41:46,1711.7,852739
2021-05-14 09:41:47,1711.7,852754
2021-05-14 09:41:48,1711.7,852754
2021-05-14 09:41:49,1712.0,853720
2021-05-14 09:41:51,1713.3,853821
2021-05-14 09:41:52,1713.3,853821
2021-05-14 09:41:53,1713.3,853821
2021-05-14 09:41:54,1713.25,853831
2021-05-14 09:41:55,1713.15,853891
2021-05-14 09:41:56,1713.15,853891
2021-05-14 09:41:57,1713.15,853901
2021-05-14 09:41:58,1713.15,853951
2021-05-14 09:41:59,1713.15,853951
2021-05-14 09:42:00,1713.15,853961
2021-05-14 09:42:01,1713.1,853963
2021-05-14 09:42:02,1713.1,854365
2021-05-14 09:42:03,1712.8,854410
2021-05-14 09:42:04,1712.2,854692
2021-05-14 09:42:05,1712.8,854828
2021-05-14 09:42:06,1712.25,854860
2021-05-14 09:42:07,1712.25,854870
2021-05-14 09:42:08,1712.1,854887
2021-05-14 09:42:09,1712.1,854922
2021-05-14 09:42:10,1712.25,854937
2021-05-14 09:42:11,1711.95,855171
2021-05-14 09:42:12,1712.15,855185
2021-05-14 09:42:13,1712.15,855285
2021-05-14 09:42:14,1713.25,855358
2021-05-14 09:42:15,1713.25,855358
2021-05-14 09:42:16,1712.4,855432
2021-05-14 09:42:17,1712.9,855437
2021-05-14 09:42:18,1712.55,855488
2021-05-14 09:42:19,1713.0,855496
2021-05-14 09:42:20,1712.45,855530
2021-05-14 09:42:22,1712.95,855620
2021-05-14 09:42:23,1712.95,855636
2021-05-14 09:42:24,1712.95,855637
2021-05-14 09:42:25,1712.4,855666
2021-05-14 09:42:26,1712.4,855866
2021-05-14 09:42:28,1713.0,856079
2021-05-14 09:42:30,1713.0,856079
2021-05-14 09:42:29,1713.0,856079
2021-05-14 09:42:31,1713.0,856255
2021-05-14 09:42:32,1713.0,856290
2021-05-14 09:42:33,1713.0,856290
2021-05-14 09:42:34,1713.0,856290
2021-05-14 09:42:36,1713.15,856907
2021-05-14 09:42:37,1713.15,856907
2021-05-14 09:42:38,1713.15,856932
2021-05-14 09:42:39,1713.15,856932
2021-05-14 09:42:40,1713.05,857355
2021-05-14 09:42:41,1713.0,857566
2021-05-14 09:42:42,1712.95,857568
2021-05-14 09:42:43,1712.15,857623
2021-05-14 09:42:45,1712.85,857853
2021-05-14 09:42:44,1712.85,857853
2021-05-14 09:42:46,1712.2,857863
2021-05-14 09:42:47,1712.2,857872
2021-05-14 09:42:48,1712.2,857949
2021-05-14 09:42:49,1712.85,857959
2021-05-14 09:42:50,1713.4,859120
2021-05-14 09:42:51,1712.4,859306
2021-05-14 09:42:52,1713.15,859311
2021-05-14 09:42:53,1713.15,859311
2021-05-14 09:42:54,1713.15,859311
2021-05-14 09:42:55,1713.15,859311
2021-05-14 09:42:56,1713.15,859311
2021-05-14 09:42:57,1713.0,859367
2021-05-14 09:42:58,1713.0,859377
2021-05-14 09:43:00,1713.0,859527
2021-05-14 09:43:01,1712.7,859706
2021-05-14 09:43:02,1712.95,859726
2021-05-14 09:43:03,1712.95,859826
2021-05-14 09:43:04,1712.95,859876
2021-05-14 09:43:05,1712.7,860051
2021-05-14 09:43:07,1713.3,860058
2021-05-14 09:43:06,1713.3,860058
2021-05-14 09:43:08,1713.3,860058
2021-05-14 09:43:09,1713.0,860158
2021-05-14 09:43:10,1713.6,860505
2021-05-14 09:43:11,1713.6,860508
2021-05-14 09:43:12,1713.6,860508
2021-05-14 09:43:13,1713.6,860564
2021-05-14 09:43:14,1712.9,860572
2021-05-14 09:43:15,1713.6,860582
2021-05-14 09:43:16,1712.95,860585
2021-05-14 09:43:17,1712.95,860585
2021-05-14 09:43:18,1713.4,860734
2021-05-14 09:43:19,1713.0,860815
2021-05-14 09:43:20,1712.55,860906
2021-05-14 09:43:21,1712.7,860908
2021-05-14 09:43:22,1712.95,861108
2021-05-14 09:43:23,1712.95,861130
2021-05-14 09:43:24,1712.95,861245
2021-05-14 09:43:25,1712.7,861246
2021-05-14 09:43:26,1712.95,861301
2021-05-14 09:43:28,1712.95,861302
2021-05-14 09:43:29,1712.95,861302
2021-05-14 09:43:30,1712.95,861311
2021-05-14 09:43:32,1712.75,861420
2021-05-14 09:43:35,1712.95,861648
2021-05-14 09:43:38,1712.8,863141
2021-05-14 09:43:39,1712.8,863141
2021-05-14 09:43:40,1713.0,863169
2021-05-14 09:43:41,1712.95,863205
2021-05-14 09:43:42,1712.95,863211
2021-05-14 09:43:43,1712.5,864086
2021-05-14 09:43:44,1712.5,864143
2021-05-14 09:43:45,1712.05,864260
2021-05-14 09:43:46,1712.0,864305
2021-05-14 09:43:47,1711.7,864580
2021-05-14 09:43:48,1711.7,864580
2021-05-14 09:43:49,1711.7,864582
2021-05-14 09:43:50,1711.6,864651
2021-05-14 09:43:51,1711.6,864726
2021-05-14 09:43:52,1711.2,864751
2021-05-14 09:43:53,1711.6,864756
2021-05-14 09:43:54,1711.6,864857
2021-05-14 09:43:55,1711.15,864970
2021-05-14 09:43:56,1711.15,865000
2021-05-14 09:43:57,1711.1,865324
2021-05-14 09:43:58,1711.6,865357
2021-05-14 09:43:59,1711.6,865407
2021-05-14 09:44:00,1711.55,865493
2021-05-14 09:44:01,1711.5,865497
2021-05-14 09:44:02,1711.5,865499
2021-05-14 09:44:03,1711.5,865499
2021-05-14 09:44:04,1711.5,865501
2021-05-14 09:44:05,1711.4,865556
2021-05-14 09:44:06,1711.3,865557
2021-05-14 09:44:08,1711.3,865586
2021-05-14 09:44:08,1711.3,865586
2021-05-14 09:44:09,1711.3,865588
2021-05-14 09:44:10,1711.15,865628
2021-05-14 09:44:11,1711.1,865652
2021-05-14 09:44:12,1711.15,865667
2021-05-14 09:44:13,1711.15,865676
2021-05-14 09:44:14,1711.15,865685
2021-05-14 09:44:15,1711.0,865936
2021-05-14 09:44:16,1711.0,866039
2021-05-14 09:44:17,1711.1,866271
2021-05-14 09:44:18,1711.1,866272
2021-05-14 09:44:20,1710.85,866497
2021-05-14 09:44:20,1710.9,866396
2021-05-14 09:44:21,1710.8,866549
2021-05-14 09:44:22,1710.85,866651
2021-05-14 09:44:23,1710.85,866651
2021-05-14 09:44:24,1710.85,866654
2021-05-14 09:44:25,1710.75,866690
2021-05-14 09:44:26,1710.75,866697
2021-05-14 09:44:27,1710.5,866969
2021-05-14 09:44:28,1710.0,867245
2021-05-14 09:44:29,1710.75,867364
2021-05-14 09:44:30,1710.85,867384
2021-05-14 09:44:31,1710.35,867594
2021-05-14 09:44:32,1710.35,867680
2021-05-14 09:44:33,1712.2,868090
2021-05-14 09:44:34,1712.1,868095
2021-05-14 09:44:36,1712.1,868150
2021-05-14 09:44:36,1711.25,868179
2021-05-14 09:44:37,1711.25,868179
2021-05-14 09:44:38,1711.6,868189
2021-05-14 09:44:39,1711.6,868199
2021-05-14 09:44:40,1711.6,868199
2021-05-14 09:44:41,1711.55,868209
2021-05-14 09:44:42,1711.55,868219
2021-05-14 09:44:43,1711.55,868234
2021-05-14 09:44:44,1711.5,868250
2021-05-14 09:44:45,1711.3,868353
2021-05-14 09:44:46,1711.25,868355
2021-05-14 09:44:47,1711.25,868361
2021-05-14 09:44:48,1711.9,869361
2021-05-14 09:44:49,1711.25,869371
2021-05-14 09:44:50,1711.1,869444
2021-05-14 09:44:51,1711.2,869510
2021-05-14 09:44:52,1711.0,869514
2021-05-14 09:44:53,1711.0,869514
2021-05-14 09:44:54,1710.9,869574
2021-05-14 09:44:55,1711.65,869646
2021-05-14 09:44:56,1711.0,869751
2021-05-14 09:44:57,1711.0,869874
2021-05-14 09:44:58,1711.0,869900
2021-05-14 09:44:59,1710.75,870023
2021-05-14 09:45:00,1710.0,870265
2021-05-14 09:45:02,1710.8,870492
2021-05-14 09:45:03,1710.8,870492
2021-05-14 09:45:04,1710.8,870492
2021-05-14 09:45:08,1710.1,871118
2021-05-14 09:45:09,1710.0,871126
2021-05-14 09:45:10,1710.35,871639
2021-05-14 09:45:11,1710.0,872062
2021-05-14 09:45:12,1710.0,872062
2021-05-14 09:45:13,1710.0,872475
2021-05-14 09:45:14,1710.1,872479
2021-05-14 09:45:15,1710.1,872489
2021-05-14 09:45:16,1710.1,872993
2021-05-14 09:45:17,1710.0,874298
2021-05-14 09:45:18,1710.0,874359
2021-05-14 09:45:19,1710.1,874528
2021-05-14 09:45:20,1710.1,874528
2021-05-14 09:45:21,1710.0,874713
2021-05-14 09:45:22,1710.0,874740
2021-05-14 09:45:23,1709.95,874853
2021-05-14 09:45:24,1710.05,874953
2021-05-14 09:45:25,1710.0,875042
2021-05-14 09:45:26,1710.0,875052
2021-05-14 09:45:28,1710.0,875086
2021-05-14 09:45:27,1710.0,875075
2021-05-14 09:45:29,1710.0,875086
2021-05-14 09:45:30,1709.85,875243
2021-05-14 09:45:31,1709.85,875243
2021-05-14 09:45:32,1710.0,875295
2021-05-14 09:45:33,1709.2,875493
2021-05-14 09:45:34,1709.0,875694
2021-05-14 09:45:35,1709.05,875745
2021-05-14 09:45:36,1709.9,875775
2021-05-14 09:45:37,1709.0,875983
2021-05-14 09:45:38,1708.9,876015
2021-05-14 09:45:39,1708.85,876031
2021-05-14 09:45:40,1708.75,876151
2021-05-14 09:45:41,1708.8,876206
2021-05-14 09:45:42,1708.2,876272
2021-05-14 09:45:43,1708.55,876284
2021-05-14 09:45:44,1708.8,876305
2021-05-14 09:45:45,1708.55,876325
2021-05-14 09:45:46,1708.55,876330
2021-05-14 09:45:47,1708.55,876336
2021-05-14 09:45:48,1708.8,876893
2021-05-14 09:45:49,1708.8,876894
2021-05-14 09:45:50,1709.95,878276
2021-05-14 09:45:51,1709.1,878284
2021-05-14 09:45:52,1710.0,878300
2021-05-14 09:45:53,1709.1,878438
2021-05-14 09:45:54,1710.0,878497
2021-05-14 09:45:55,1710.0,878500
2021-05-14 09:45:56,1709.3,878514
2021-05-14 09:45:58,1710.0,878535
2021-05-14 09:45:58,1709.3,878536
2021-05-14 09:46:00,1709.3,878635
2021-05-14 09:46:00,1708.75,878724
2021-05-14 09:46:02,1708.55,878740
2021-05-14 09:46:02,1708.55,878740
2021-05-14 09:46:03,1708.75,878756
2021-05-14 09:46:04,1709.25,878761
2021-05-14 09:46:05,1708.85,878861
2021-05-14 09:46:06,1708.65,878880
2021-05-14 09:46:07,1708.65,878973
2021-05-14 09:46:08,1708.55,878982
2021-05-14 09:46:09,1708.55,879012
2021-05-14 09:46:10,1708.55,879201
2021-05-14 09:46:12,1708.7,879916
2021-05-14 09:46:13,1708.65,880143
2021-05-14 09:46:14,1709.4,880245
2021-05-14 09:46:15,1709.9,881465
2021-05-14 09:46:16,1710.15,881492
2021-05-14 09:46:17,1711.1,881712
2021-05-14 09:46:18,1710.6,881722
2021-05-14 09:46:19,1710.7,881789
2021-05-14 09:46:20,1710.65,882004
2021-05-14 09:46:21,1710.3,882061
2021-05-14 09:46:22,1710.15,882069
2021-05-14 09:46:24,1710.6,882123
2021-05-14 09:46:25,1710.6,882164
2021-05-14 09:46:26,1710.8,882910
2021-05-14 09:46:27,1710.8,882910
2021-05-14 09:46:28,1711.1,883134
2021-05-14 09:46:30,1710.6,883191
2021-05-14 09:46:31,1710.65,883197
2021-05-14 09:46:32,1710.65,883221
2021-05-14 09:46:34,1711.1,883224
2021-05-14 09:46:36,1710.65,883273
2021-05-14 09:46:37,1710.65,883273
2021-05-14 09:46:38,1711.1,883274
2021-05-14 09:46:39,1711.1,883432
2021-05-14 09:46:40,1711.1,883432
2021-05-14 09:46:40,1711.05,883644
2021-05-14 09:46:42,1711.05,883744
2021-05-14 09:46:43,1711.05,883754
2021-05-14 09:46:43,1710.7,883759
2021-05-14 09:46:45,1710.7,883777
2021-05-14 09:46:45,1710.7,883857
2021-05-14 09:46:46,1710.7,883935
2021-05-14 09:46:48,1710.55,883984
2021-05-14 09:46:49,1710.65,883985
2021-05-14 09:46:50,1711.0,883991
2021-05-14 09:46:51,1711.6,884431
2021-05-14 09:46:52,1710.8,884444
2021-05-14 09:46:53,1711.0,884538
2021-05-14 09:46:54,1711.0,884766
2021-05-14 09:46:55,1711.0,884766
2021-05-14 09:46:56,1711.0,884770
2021-05-14 09:46:57,1711.3,884871
2021-05-14 09:46:59,1711.25,884996
2021-05-14 09:46:59,1711.25,884997
2021-05-14 09:47:00,1711.15,885224
2021-05-14 09:47:01,1711.15,885330
2021-05-14 09:47:02,1711.15,885344
2021-05-14 09:47:04,1711.15,885355
2021-05-14 09:47:05,1711.0,885415
2021-05-14 09:47:06,1711.0,885513
2021-05-14 09:47:07,1711.3,885800
2021-05-14 09:47:07,1711.3,885800
2021-05-14 09:47:09,1711.85,885822
2021-05-14 09:47:10,1711.85,885900
2021-05-14 09:47:11,1712.05,886049
2021-05-14 09:47:12,1712.4,886128
2021-05-14 09:47:12,1712.2,886124
2021-05-14 09:47:13,1712.85,886248
2021-05-14 09:47:14,1712.85,886248
2021-05-14 09:47:15,1712.85,886264
2021-05-14 09:47:16,1712.9,886269
2021-05-14 09:47:17,1712.25,886274
2021-05-14 09:47:18,1712.55,886300
2021-05-14 09:47:19,1712.8,886395
2021-05-14 09:47:21,1712.25,886461
2021-05-14 09:47:22,1712.5,886470
2021-05-14 09:47:23,1712.85,887061
2021-05-14 09:47:24,1713.5,887091
2021-05-14 09:47:25,1713.6,887095
2021-05-14 09:47:26,1713.6,887095
2021-05-14 09:47:27,1713.6,887130
2021-05-14 09:47:28,1713.1,887155
2021-05-14 09:47:29,1713.1,887175
2021-05-14 09:47:30,1713.6,887185
2021-05-14 09:47:31,1713.1,887245
2021-05-14 09:47:32,1713.65,887246
2021-05-14 09:47:33,1713.65,887246
2021-05-14 09:47:34,1712.4,887449
2021-05-14 09:47:35,1713.0,887496
2021-05-14 09:47:36,1713.1,887546
2021-05-14 09:47:37,1712.25,887551
2021-05-14 09:47:39,1712.25,887560
2021-05-14 09:47:39,1712.7,887570
2021-05-14 09:47:40,1712.7,887570
2021-05-14 09:47:42,1712.65,887621
2021-05-14 09:47:43,1712.65,887641
2021-05-14 09:47:44,1712.65,887646
2021-05-14 09:47:45,1712.25,887722
2021-05-14 09:47:46,1712.25,887878
2021-05-14 09:47:47,1712.25,887893
2021-05-14 09:47:49,1712.1,887997
2021-05-14 09:47:51,1712.4,888292
2021-05-14 09:47:52,1712.25,888638
2021-05-14 09:47:54,1712.25,888638
2021-05-14 09:47:55,1712.25,888638
2021-05-14 09:47:59,1712.4,888653
2021-05-14 09:47:59,1712.4,888677
2021-05-14 09:48:01,1712.35,888975
2021-05-14 09:48:02,1712.25,888976
2021-05-14 09:48:02,1712.25,888976
2021-05-14 09:48:03,1712.25,888987
2021-05-14 09:48:04,1712.25,889030
2021-05-14 09:48:05,1712.15,889186
2021-05-14 09:48:06,1712.35,889206
2021-05-14 09:48:07,1712.35,889237
2021-05-14 09:48:08,1712.35,889240
2021-05-14 09:48:09,1712.35,889255
2021-05-14 09:48:10,1712.35,889255
2021-05-14 09:48:11,1712.35,889255
2021-05-14 09:48:12,1712.4,889564
2021-05-14 09:48:13,1712.9,889579
2021-05-14 09:48:14,1713.1,889580
2021-05-14 09:48:15,1713.55,889583
2021-05-14 09:48:16,1713.15,889593
2021-05-14 09:48:17,1713.15,889597
2021-05-14 09:48:18,1712.9,889739
2021-05-14 09:48:19,1712.9,889755
2021-05-14 09:48:20,1712.7,889871
2021-05-14 09:48:22,1712.85,889910
2021-05-14 09:48:23,1713.5,890473
2021-05-14 09:48:23,1713.5,890473
2021-05-14 09:48:24,1712.9,890682
2021-05-14 09:48:26,1713.5,890683
2021-05-14 09:48:27,1713.5,890684
2021-05-14 09:48:28,1713.5,890769
2021-05-14 09:48:29,1713.5,890794
2021-05-14 09:48:30,1713.0,891366
2021-05-14 09:48:31,1712.35,891498
2021-05-14 09:48:32,1712.95,891506
2021-05-14 09:48:33,1712.95,891722
2021-05-14 09:48:34,1712.95,891782
2021-05-14 09:48:35,1712.95,891908
2021-05-14 09:48:36,1712.45,891941
2021-05-14 09:48:37,1713.5,891967
2021-05-14 09:48:37,1713.5,891980
2021-05-14 09:48:38,1713.5,891980
2021-05-14 09:48:39,1713.5,891994
2021-05-14 09:48:40,1713.5,892000
2021-05-14 09:48:41,1713.45,892004
2021-05-14 09:48:43,1713.45,892019
2021-05-14 09:48:44,1713.4,892021
2021-05-14 09:48:45,1713.4,892021
2021-05-14 09:48:46,1713.0,892215
2021-05-14 09:48:47,1713.0,892301
2021-05-14 09:48:48,1713.0,892347
2021-05-14 09:48:49,1713.0,892367
2021-05-14 09:48:50,1713.0,892403
2021-05-14 09:48:51,1713.0,892537
2021-05-14 09:48:52,1713.15,892637
2021-05-14 09:48:53,1713.15,892692
2021-05-14 09:48:54,1713.15,892702
2021-05-14 09:48:55,1713.5,892840
2021-05-14 09:48:56,1713.5,892857
2021-05-14 09:48:56,1713.5,892893
2021-05-14 09:48:58,1714.05,896240
2021-05-14 09:48:59,1714.8,896242
2021-05-14 09:49:02,1715.5,897587
2021-05-14 09:49:03,1716.45,898554
2021-05-14 09:49:04,1716.45,898634
2021-05-14 09:49:05,1717.0,898822
2021-05-14 09:49:06,1717.0,898892
2021-05-14 09:49:08,1717.8,899304
2021-05-14 09:49:09,1717.75,899882
2021-05-14 09:49:10,1717.8,900360
2021-05-14 09:49:11,1718.7,901035
2021-05-14 09:49:12,1718.1,901375
2021-05-14 09:49:13,1717.35,901376
2021-05-14 09:49:14,1717.35,903615
2021-05-14 09:49:15,1717.6,903740
2021-05-14 09:49:16,1717.4,903773
2021-05-14 09:49:17,1717.6,903928
2021-05-14 09:49:18,1717.6,904438
2021-05-14 09:49:19,1717.6,904805
2021-05-14 09:49:19,1717.6,904805
2021-05-14 09:49:20,1717.5,905045
2021-05-14 09:49:21,1717.45,905094
2021-05-14 09:49:24,1717.45,905447
2021-05-14 09:49:25,1717.25,905731
2021-05-14 09:49:26,1717.25,905743
2021-05-14 09:49:27,1717.25,905848
2021-05-14 09:49:28,1717.25,905900
2021-05-14 09:49:28,1717.25,905900
2021-05-14 09:49:29,1716.85,906241
2021-05-14 09:49:30,1717.45,906256
2021-05-14 09:49:31,1717.45,906810
2021-05-14 09:49:32,1717.45,906814
2021-05-14 09:49:33,1717.5,906885
2021-05-14 09:49:34,1717.5,906885
2021-05-14 09:49:36,1717.95,907321
2021-05-14 09:49:38,1718.65,907631
2021-05-14 09:49:39,1717.8,907675
2021-05-14 09:49:40,1718.65,907762
2021-05-14 09:49:41,1717.8,908134
2021-05-14 09:49:42,1718.4,908186
2021-05-14 09:49:43,1718.0,908386
2021-05-14 09:49:44,1718.0,908550
2021-05-14 09:49:45,1718.5,908563
2021-05-14 09:49:46,1718.1,909528
2021-05-14 09:49:47,1718.05,909730
2021-05-14 09:49:48,1718.55,909737
2021-05-14 09:49:48,1718.95,909787
2021-05-14 09:49:50,1719.0,910067
2021-05-14 09:49:50,1719.0,910067
2021-05-14 09:49:51,1718.7,910068
2021-05-14 09:49:52,1719.0,910459
2021-05-14 09:49:54,1719.0,910569
2021-05-14 09:49:55,1719.0,911046
2021-05-14 09:49:55,1719.55,911307
2021-05-14 09:49:57,1719.55,911402
2021-05-14 09:49:59,1719.45,911512
2021-05-14 09:50:00,1719.45,911619
2021-05-14 09:50:02,1719.35,911826
2021-05-14 09:50:03,1719.35,911838
2021-05-14 09:50:04,1719.35,911838
2021-05-14 09:50:05,1719.5,912365
2021-05-14 09:50:06,1719.5,912541
2021-05-14 09:50:07,1719.35,912696
2021-05-14 09:50:08,1719.35,912703
2021-05-14 09:50:08,1719.35,912698
2021-05-14 09:50:09,1719.55,912892
2021-05-14 09:50:10,1719.85,913053
2021-05-14 09:50:12,1719.5,913267
2021-05-14 09:50:12,1720.0,918765
2021-05-14 09:50:13,1720.0,918766
2021-05-14 09:50:14,1720.0,919306
2021-05-14 09:50:15,1720.0,919541
2021-05-14 09:50:16,1719.6,919871
2021-05-14 09:50:18,1720.0,920035
2021-05-14 09:50:18,1720.0,920035
2021-05-14 09:50:19,1720.0,920301
2021-05-14 09:50:21,1719.95,920306
2021-05-14 09:50:22,1719.7,920775
2021-05-14 09:50:23,1719.95,920783
2021-05-14 09:50:25,1719.95,920918
2021-05-14 09:50:26,1719.6,921363
2021-05-14 09:50:26,1719.35,921398
2021-05-14 09:50:27,1719.7,921683
2021-05-14 09:50:28,1719.6,921698
2021-05-14 09:50:29,1719.6,921799
2021-05-14 09:50:30,1719.9,921864
2021-05-14 09:50:31,1719.95,921945
2021-05-14 09:50:32,1719.6,921951
2021-05-14 09:50:33,1719.95,921977
2021-05-14 09:50:34,1719.9,922104
2021-05-14 09:50:35,1719.95,922123
2021-05-14 09:50:36,1719.6,922149
2021-05-14 09:50:37,1719.6,922149
2021-05-14 09:50:39,1720.0,922191
2021-05-14 09:50:40,1719.95,922379
2021-05-14 09:50:41,1719.9,922698
2021-05-14 09:50:42,1719.0,922847
2021-05-14 09:50:44,1719.45,923726
2021-05-14 09:50:45,1719.0,923817
2021-05-14 09:50:45,1719.05,923851
2021-05-14 09:50:46,1719.05,923865
2021-05-14 09:50:47,1719.6,924215
2021-05-14 09:50:48,1719.65,924259
2021-05-14 09:50:50,1719.65,924359
2021-05-14 09:50:51,1719.7,924581
2021-05-14 09:50:52,1719.5,924692
2021-05-14 09:50:53,1719.65,924694
2021-05-14 09:50:54,1719.6,924741
2021-05-14 09:50:55,1719.65,925141
2021-05-14 09:50:56,1719.65,925188
2021-05-14 09:50:57,1719.55,925263
2021-05-14 09:50:58,1719.0,925323
2021-05-14 09:50:59,1719.0,925338
2021-05-14 09:51:00,1719.0,925392
2021-05-14 09:51:01,1718.95,925425
2021-05-14 09:51:02,1718.95,925652
2021-05-14 09:51:03,1718.95,925652
2021-05-14 09:51:04,1718.95,925754
2021-05-14 09:51:05,1718.55,925924
2021-05-14 09:51:06,1719.1,925983
2021-05-14 09:51:07,1718.1,926183
2021-05-14 09:51:08,1718.55,926200
2021-05-14 09:51:09,1719.1,926481
2021-05-14 09:51:10,1719.1,926491
2021-05-14 09:51:11,1719.1,926516
2021-05-14 09:51:12,1719.0,926721
2021-05-14 09:51:13,1718.9,926791
2021-05-14 09:51:14,1718.1,926792
2021-05-14 09:51:15,1718.4,927059
2021-05-14 09:51:16,1718.85,927062
2021-05-14 09:51:17,1718.25,927067
2021-05-14 09:51:18,1718.8,927068
2021-05-14 09:51:19,1718.05,927118
2021-05-14 09:51:20,1718.8,927168
2021-05-14 09:51:21,1718.1,927212
2021-05-14 09:51:22,1718.15,927233
2021-05-14 09:51:23,1718.75,927443
2021-05-14 09:51:24,1718.75,927534
2021-05-14 09:51:26,1718.2,927582
2021-05-14 09:51:27,1718.0,927622
2021-05-14 09:51:28,1717.9,928072
2021-05-14 09:51:29,1718.2,928082
2021-05-14 09:51:30,1717.85,928136
2021-05-14 09:51:31,1717.7,928166
2021-05-14 09:51:32,1717.85,928210
2021-05-14 09:51:33,1717.85,928211
2021-05-14 09:51:34,1717.7,928234
2021-05-14 09:51:35,1717.6,928274
2021-05-14 09:51:36,1718.0,928680
2021-05-14 09:51:37,1717.55,928682
2021-05-14 09:51:38,1718.0,928695
2021-05-14 09:51:41,1718.35,929542
2021-05-14 09:51:42,1718.3,929601
2021-05-14 09:51:43,1718.9,929606
2021-05-14 09:51:44,1718.9,929766
2021-05-14 09:51:45,1718.9,931043
2021-05-14 09:51:47,1719.75,933272
2021-05-14 09:51:48,1719.8,933749
2021-05-14 09:51:49,1719.8,933749
2021-05-14 09:51:50,1719.55,933934
2021-05-14 09:51:50,1719.55,934009
2021-05-14 09:51:53,1720.0,936927
2021-05-14 09:51:54,1720.1,937639
2021-05-14 09:51:55,1721.35,938061
2021-05-14 09:51:56,1720.65,938098
2021-05-14 09:51:57,1721.4,938292
2021-05-14 09:51:58,1721.45,938329
2021-05-14 09:51:58,1721.45,938329
2021-05-14 09:52:00,1721.25,938350
2021-05-14 09:52:01,1721.2,938473
2021-05-14 09:52:02,1721.2,938709
2021-05-14 09:52:03,1721.2,939209
2021-05-14 09:52:04,1721.0,939313
2021-05-14 09:52:05,1721.2,939392
2021-05-14 09:52:06,1721.9,939688
2021-05-14 09:52:06,1721.9,939688
2021-05-14 09:52:08,1721.95,939794
2021-05-14 09:52:09,1722.0,940018
2021-05-14 09:52:10,1722.0,940097
2021-05-14 09:52:11,1722.0,940983
2021-05-14 09:52:12,1722.0,940983
2021-05-14 09:52:13,1721.55,941542
2021-05-14 09:52:14,1722.0,941770
2021-05-14 09:52:14,1722.0,941790
2021-05-14 09:52:15,1721.5,941797
2021-05-14 09:52:16,1722.0,941917
2021-05-14 09:52:20,1721.0,943164
2021-05-14 09:52:21,1721.2,943269
2021-05-14 09:52:23,1721.05,943524
2021-05-14 09:52:24,1721.0,943580
2021-05-14 09:52:24,1721.75,945501
2021-05-14 09:52:25,1721.6,945526
2021-05-14 09:52:27,1721.6,945636
2021-05-14 09:52:28,1721.65,945639
2021-05-14 09:52:29,1721.7,945903
2021-05-14 09:52:31,1721.35,946446
2021-05-14 09:52:32,1721.35,946478
2021-05-14 09:52:32,1721.35,946478
2021-05-14 09:52:33,1721.5,946495
2021-05-14 09:52:35,1721.6,946510
2021-05-14 09:52:36,1721.3,946674
2021-05-14 09:52:37,1721.65,946962
2021-05-14 09:52:38,1722.3,948195
2021-05-14 09:52:39,1721.3,948216
2021-05-14 09:52:40,1721.3,948216
2021-05-14 09:52:41,1721.25,948289
2021-05-14 09:52:42,1721.25,948823
2021-05-14 09:52:43,1721.05,948881
2021-05-14 09:52:44,1721.5,948933
2021-05-14 09:52:45,1721.5,949231
2021-05-14 09:52:46,1721.65,949332
2021-05-14 09:52:47,1721.7,949451
2021-05-14 09:52:48,1721.7,949506
2021-05-14 09:52:50,1721.5,949549
2021-05-14 09:52:51,1721.5,949559
2021-05-14 09:52:52,1721.5,949559
2021-05-14 09:52:53,1721.1,949900
2021-05-14 09:52:54,1721.5,951115
2021-05-14 09:52:56,1721.5,951330
2021-05-14 09:52:57,1721.5,951430
2021-05-14 09:52:58,1721.8,951670
2021-05-14 09:52:59,1721.8,951670
2021-05-14 09:53:00,1721.4,951723
2021-05-14 09:53:01,1721.35,951895
2021-05-14 09:53:02,1721.35,951900
2021-05-14 09:53:03,1720.9,951961
2021-05-14 09:53:05,1720.9,951973
2021-05-14 09:53:04,1721.35,951972
2021-05-14 09:53:06,1720.9,952133
2021-05-14 09:53:07,1720.2,952184
2021-05-14 09:53:08,1720.7,952274
2021-05-14 09:53:09,1720.0,952493
2021-05-14 09:53:10,1720.8,952683
2021-05-14 09:53:11,1720.8,952683
2021-05-14 09:53:12,1720.9,952908
2021-05-14 09:53:13,1720.15,953010
2021-05-14 09:53:14,1720.75,953011
2021-05-14 09:53:17,1720.0,953359
2021-05-14 09:53:18,1720.0,953359
2021-05-14 09:53:19,1719.95,953388
2021-05-14 09:53:20,1719.95,953390
2021-05-14 09:53:21,1719.5,954991
2021-05-14 09:53:22,1719.5,954991
2021-05-14 09:53:24,1719.9,955459
2021-05-14 09:53:25,1719.9,955459
2021-05-14 09:53:26,1719.3,955462
2021-05-14 09:53:27,1718.5,957077
2021-05-14 09:53:28,1719.0,957217
2021-05-14 09:53:29,1719.75,957220
2021-05-14 09:53:30,1719.75,957220
2021-05-14 09:53:31,1719.75,957220
2021-05-14 09:53:32,1719.75,957220
2021-05-14 09:53:33,1719.05,957271
2021-05-14 09:53:34,1719.5,957394
2021-05-14 09:53:35,1719.5,957525
2021-05-14 09:53:36,1719.5,957825
2021-05-14 09:53:37,1719.5,958163
2021-05-14 09:53:38,1719.3,958174
2021-05-14 09:53:39,1719.85,958524
2021-05-14 09:53:40,1719.85,958524
2021-05-14 09:53:41,1719.85,959045
2021-05-14 09:53:42,1720.05,959097
2021-05-14 09:53:43,1720.15,959317
2021-05-14 09:53:44,1720.7,959417
2021-05-14 09:53:45,1720.7,959421
2021-05-14 09:53:46,1720.7,959421
2021-05-14 09:53:47,1720.75,959791
2021-05-14 09:53:48,1721.0,959866
2021-05-14 09:53:49,1721.35,959876
2021-05-14 09:53:50,1721.3,959919
2021-05-14 09:53:51,1721.35,960026
2021-05-14 09:53:52,1721.35,960026
2021-05-14 09:53:53,1721.0,960031
2021-05-14 09:53:54,1720.8,960261
2021-05-14 09:53:55,1721.75,960529
2021-05-14 09:53:56,1721.75,960557
2021-05-14 09:53:57,1721.8,960657
2021-05-14 09:53:58,1721.05,960794
2021-05-14 09:54:00,1721.3,961293
2021-05-14 09:54:01,1721.3,961293
2021-05-14 09:54:03,1721.5,961814
2021-05-14 09:54:04,1721.5,961916
2021-05-14 09:54:05,1722.0,962298
2021-05-14 09:54:06,1722.0,962536
2021-05-14 09:54:07,1722.45,962847
2021-05-14 09:54:08,1721.9,962993
2021-05-14 09:54:09,1721.35,963126
2021-05-14 09:54:10,1721.35,963231
2021-05-14 09:54:11,1721.95,963282
2021-05-14 09:54:12,1722.3,963351
2021-05-14 09:54:13,1722.3,963351
2021-05-14 09:54:14,1722.25,963366
2021-05-14 09:54:15,1722.25,963366
2021-05-14 09:54:16,1722.25,963590
2021-05-14 09:54:17,1722.3,963679
2021-05-14 09:54:18,1722.3,963679
2021-05-14 09:54:20,1722.7,963983
2021-05-14 09:54:21,1722.65,964036
2021-05-14 09:54:22,1722.65,964352
2021-05-14 09:54:23,1722.65,964478
2021-05-14 09:54:25,1722.35,964603
2021-05-14 09:54:26,1722.8,964648
2021-05-14 09:54:27,1722.65,964914
2021-05-14 09:54:28,1722.55,965196
2021-05-14 09:54:29,1721.9,965322
2021-05-14 09:54:30,1721.8,965323
2021-05-14 09:54:31,1721.95,965368
2021-05-14 09:54:32,1721.95,965405
2021-05-14 09:54:33,1721.95,965405
2021-05-14 09:54:34,1722.5,965591
2021-05-14 09:54:35,1722.5,965592
2021-05-14 09:54:36,1722.7,965892
2021-05-14 09:54:37,1722.65,966009
2021-05-14 09:54:38,1722.65,966112
2021-05-14 09:54:39,1722.65,966139
2021-05-14 09:54:40,1722.5,966242
2021-05-14 09:54:41,1722.45,966504
2021-05-14 09:54:42,1722.45,966507
2021-05-14 09:54:43,1722.0,966631
2021-05-14 09:54:44,1722.45,966641
2021-05-14 09:54:45,1723.0,967330
2021-05-14 09:54:46,1722.9,967437
2021-05-14 09:54:47,1723.0,967564
2021-05-14 09:54:49,1722.95,967600
2021-05-14 09:54:49,1722.95,967600
2021-05-14 09:54:50,1722.95,967636
2021-05-14 09:54:51,1723.0,967919
2021-05-14 09:54:52,1723.0,968028
2021-05-14 09:54:53,1722.8,968042
2021-05-14 09:54:54,1723.0,968144
2021-05-14 09:54:56,1723.0,968435
2021-05-14 09:54:56,1723.0,968435
2021-05-14 09:54:57,1723.0,968655
2021-05-14 09:54:58,1723.0,968838
2021-05-14 09:54:59,1722.95,968878
2021-05-14 09:55:01,1722.9,969186
2021-05-14 09:55:01,1722.9,969236
2021-05-14 09:55:02,1722.85,969571
2021-05-14 09:55:03,1722.75,969715
2021-05-14 09:55:04,1722.75,969775
2021-05-14 09:55:05,1722.75,969897
2021-05-14 09:55:07,1722.45,969906
2021-05-14 09:55:07,1722.45,969906
2021-05-14 09:55:08,1722.05,970445
2021-05-14 09:55:09,1722.45,970665
2021-05-14 09:55:10,1722.45,970704
2021-05-14 09:55:11,1722.7,970714
2021-05-14 09:55:13,1722.7,970774
2021-05-14 09:55:14,1722.5,970797
2021-05-14 09:55:14,1722.5,970797
2021-05-14 09:55:15,1722.45,970798
2021-05-14 09:55:16,1722.6,970942
2021-05-14 09:55:17,1723.0,973741
2021-05-14 09:55:18,1723.1,973778
2021-05-14 09:55:20,1722.85,973976
2021-05-14 09:55:20,1722.8,974100
2021-05-14 09:55:21,1722.75,974151
2021-05-14 09:55:22,1722.8,974212
2021-05-14 09:55:23,1722.8,974504
2021-05-14 09:55:24,1723.0,974565
2021-05-14 09:55:26,1723.0,974565
2021-05-14 09:55:26,1723.0,974565
2021-05-14 09:55:27,1722.9,974715
2021-05-14 09:55:28,1722.9,975043
2021-05-14 09:55:29,1722.9,975088
2021-05-14 09:55:30,1723.0,975323
2021-05-14 09:55:32,1723.2,975388
2021-05-14 09:55:32,1723.25,975389
2021-05-14 09:55:33,1723.15,975470
2021-05-14 09:55:34,1722.9,975558
2021-05-14 09:55:35,1722.5,976349
2021-05-14 09:55:36,1722.45,976576
2021-05-14 09:55:37,1722.75,976586
2021-05-14 09:55:38,1722.0,976938
2021-05-14 09:55:40,1721.5,977464
2021-05-14 09:55:40,1722.7,977438
2021-05-14 09:55:41,1720.55,978030
2021-05-14 09:55:42,1720.85,978275
2021-05-14 09:55:44,1720.35,978350
2021-05-14 09:55:46,1720.35,978431
2021-05-14 09:55:46,1720.35,978431
2021-05-14 09:55:47,1720.3,978461
2021-05-14 09:55:48,1720.35,978481
2021-05-14 09:55:49,1720.3,978509
2021-05-14 09:55:50,1720.2,978531
2021-05-14 09:55:51,1720.15,978533
2021-05-14 09:55:52,1720.2,978546
2021-05-14 09:55:53,1720.1,978549
2021-05-14 09:55:54,1720.2,978551
2021-05-14 09:55:55,1719.6,978771
2021-05-14 09:55:56,1719.55,978829
2021-05-14 09:55:58,1719.05,978926
2021-05-14 09:55:58,1719.05,978926
2021-05-14 09:55:59,1719.0,979027
2021-05-14 09:56:00,1719.0,979819
2021-05-14 09:56:01,1719.65,980169
2021-05-14 09:56:04,1719.65,980184
2021-05-14 09:56:05,1719.8,980200
2021-05-14 09:56:06,1719.8,980238
2021-05-14 09:56:07,1719.8,980268
2021-05-14 09:56:08,1719.25,980308
2021-05-14 09:56:09,1719.8,980310
2021-05-14 09:56:11,1719.2,980456
2021-05-14 09:56:10,1719.65,980410
2021-05-14 09:56:12,1719.25,980458
2021-05-14 09:56:13,1719.65,980530
2021-05-14 09:56:15,1719.65,980650
2021-05-14 09:56:15,1719.05,980630
2021-05-14 09:56:16,1719.75,980696
2021-05-14 09:56:17,1719.7,980697
2021-05-14 09:56:18,1719.7,980708
2021-05-14 09:56:19,1719.7,980738
2021-05-14 09:56:20,1719.5,980765
2021-05-14 09:56:21,1719.5,980819
2021-05-14 09:56:22,1719.5,980855
2021-05-14 09:56:23,1719.65,980856
2021-05-14 09:56:24,1719.65,980856
2021-05-14 09:56:26,1719.05,981002
2021-05-14 09:56:26,1719.05,981002
2021-05-14 09:56:27,1719.05,981002
2021-05-14 09:56:28,1719.3,981003
2021-05-14 09:56:29,1719.3,981011
2021-05-14 09:56:30,1719.05,981060
2021-05-14 09:56:32,1719.05,981060
2021-05-14 09:56:32,1719.05,981060
2021-05-14 09:56:33,1719.0,981065
2021-05-14 09:56:34,1718.5,981066
2021-05-14 09:56:35,1718.65,981357
2021-05-14 09:56:37,1718.3,981384
2021-05-14 09:56:39,1718.8,981610
2021-05-14 09:56:38,1718.25,981410
2021-05-14 09:56:40,1718.15,981995
2021-05-14 09:56:41,1717.45,982132
2021-05-14 09:56:43,1718.15,982242
2021-05-14 09:56:43,1718.15,982242
2021-05-14 09:56:44,1718.2,982517
2021-05-14 09:56:45,1717.75,982828
2021-05-14 09:56:46,1717.4,982829
2021-05-14 09:56:47,1717.75,982886
2021-05-14 09:56:48,1716.6,984441
2021-05-14 09:56:49,1717.45,984442
2021-05-14 09:56:50,1716.95,984531
2021-05-14 09:56:51,1717.35,984786
2021-05-14 09:56:53,1717.35,984853
2021-05-14 09:56:53,1717.35,984853
2021-05-14 09:56:54,1717.2,985280
2021-05-14 09:56:55,1717.35,985613
2021-05-14 09:56:56,1717.35,986325
2021-05-14 09:56:58,1717.45,986759
2021-05-14 09:56:59,1717.75,986761
2021-05-14 09:57:00,1717.45,987372
2021-05-14 09:57:01,1717.45,987438
2021-05-14 09:57:02,1717.45,987453
2021-05-14 09:57:02,1717.7,987455
2021-05-14 09:57:03,1717.45,987459
2021-05-14 09:57:04,1717.7,987479
2021-05-14 09:57:05,1717.35,987533
2021-05-14 09:57:06,1717.35,987533
2021-05-14 09:57:07,1717.35,987534
2021-05-14 09:57:08,1716.7,987673
2021-05-14 09:57:09,1717.35,987688
2021-05-14 09:57:10,1717.0,987789
2021-05-14 09:57:11,1717.0,987789
2021-05-14 09:57:13,1717.0,987789
2021-05-14 09:57:14,1717.0,987789
2021-05-14 09:57:15,1716.45,987822
2021-05-14 09:57:17,1716.45,988071
2021-05-14 09:57:18,1717.0,988121
2021-05-14 09:57:19,1716.45,988188
2021-05-14 09:57:20,1716.4,988374
2021-05-14 09:57:22,1716.1,988893
2021-05-14 09:57:23,1716.4,989005
2021-05-14 09:57:24,1716.0,989316
2021-05-14 09:57:24,1716.0,989316
2021-05-14 09:57:25,1715.75,989357
2021-05-14 09:57:26,1716.25,989363
2021-05-14 09:57:27,1716.0,989365
2021-05-14 09:57:28,1716.25,989467
2021-05-14 09:57:29,1716.25,989467
2021-05-14 09:57:31,1716.1,989477
2021-05-14 09:57:32,1716.0,989499
2021-05-14 09:57:33,1716.05,989599
2021-05-14 09:57:34,1716.1,989653
2021-05-14 09:57:34,1716.1,989655
2021-05-14 09:57:35,1716.0,989875
2021-05-14 09:57:36,1716.1,990710
2021-05-14 09:57:37,1716.3,991130
2021-05-14 09:57:38,1716.3,991130
2021-05-14 09:57:39,1716.3,991186
2021-05-14 09:57:41,1716.3,991186
2021-05-14 09:57:42,1716.25,991240
2021-05-14 09:57:43,1716.25,991240
2021-05-14 09:57:44,1716.25,991291
2021-05-14 09:57:44,1716.25,991291
2021-05-14 09:57:45,1716.1,991373
2021-05-14 09:57:46,1716.0,991473
2021-05-14 09:57:47,1716.0,991473
2021-05-14 09:57:48,1716.0,991667
2021-05-14 09:57:49,1716.0,991667
2021-05-14 09:57:51,1716.0,991935
2021-05-14 09:57:52,1715.75,991960
2021-05-14 09:57:53,1715.8,991992
2021-05-14 09:57:53,1715.8,991992
2021-05-14 09:57:55,1716.0,992044
2021-05-14 09:57:56,1716.0,992059
2021-05-14 09:57:58,1716.0,992192
2021-05-14 09:57:59,1716.0,992196
2021-05-14 09:58:00,1715.95,992712
2021-05-14 09:58:01,1715.95,992750
2021-05-14 09:58:02,1715.65,993109
2021-05-14 09:58:03,1715.8,993138
2021-05-14 09:58:04,1716.2,994464
2021-05-14 09:58:06,1716.65,994512
2021-05-14 09:58:07,1716.7,994513
2021-05-14 09:58:07,1716.7,994513
2021-05-14 09:58:08,1717.4,994608
2021-05-14 09:58:09,1717.8,994682
2021-05-14 09:58:11,1717.8,994682
2021-05-14 09:58:12,1717.8,994682
2021-05-14 09:58:12,1717.9,994753
2021-05-14 09:58:14,1717.9,994753
2021-05-14 09:58:15,1718.3,995013
2021-05-14 09:58:15,1718.3,995013
2021-05-14 09:58:16,1717.35,995157
2021-05-14 09:58:17,1717.35,995207
2021-05-14 09:58:18,1717.35,995212
2021-05-14 09:58:19,1717.4,995364
2021-05-14 09:58:20,1716.9,995399
2021-05-14 09:58:21,1716.9,995399
2021-05-14 09:58:23,1716.9,995471
2021-05-14 09:58:24,1717.35,995521
2021-05-14 09:58:24,1717.35,995521
2021-05-14 09:58:25,1716.9,995913
2021-05-14 09:58:26,1716.9,995913
2021-05-14 09:58:28,1717.35,995933
2021-05-14 09:58:29,1717.0,995985
2021-05-14 09:58:30,1716.75,996115
2021-05-14 09:58:31,1716.95,996141
2021-05-14 09:58:31,1716.95,996152
2021-05-14 09:58:32,1716.95,996152
2021-05-14 09:58:33,1716.7,996153
2021-05-14 09:58:35,1716.7,996160
2021-05-14 09:58:36,1716.55,996176
2021-05-14 09:58:37,1716.85,996231
2021-05-14 09:58:37,1716.85,996231
2021-05-14 09:58:38,1716.85,996236
2021-05-14 09:58:39,1716.85,996236
2021-05-14 09:58:40,1716.8,996251
2021-05-14 09:58:41,1716.8,996251
2021-05-14 09:58:42,1716.8,996251
2021-05-14 09:58:44,1716.8,996251
2021-05-14 09:58:45,1716.45,996258
2021-05-14 09:58:46,1716.4,996284
2021-05-14 09:58:47,1716.8,996854
2021-05-14 09:58:49,1716.45,996879
2021-05-14 09:58:50,1716.8,996919
2021-05-14 09:58:51,1717.0,996922
2021-05-14 09:58:51,1717.0,996922
2021-05-14 09:58:52,1717.2,996932
2021-05-14 09:58:53,1716.6,997039
2021-05-14 09:58:54,1716.45,997049
2021-05-14 09:58:55,1715.65,997332
2021-05-14 09:58:58,1715.65,997419
2021-05-14 09:58:58,1715.45,997519
2021-05-14 09:58:59,1716.25,997623
2021-05-14 09:59:00,1716.25,997625
2021-05-14 09:59:01,1715.65,998168
2021-05-14 09:59:02,1716.2,998171
2021-05-14 09:59:03,1716.2,998171
2021-05-14 09:59:04,1715.45,999459
2021-05-14 09:59:05,1715.45,999643
2021-05-14 09:59:06,1715.45,999690
2021-05-14 09:59:08,1715.8,999936
2021-05-14 09:59:09,1715.8,999937
2021-05-14 09:59:10,1717.2,1000529
2021-05-14 09:59:11,1717.2,1000531
2021-05-14 09:59:12,1717.3,1000631
2021-05-14 09:59:12,1717.3,1000631
2021-05-14 09:59:13,1717.3,1000631
2021-05-14 09:59:14,1716.6,1000636
2021-05-14 09:59:16,1717.05,1000707
2021-05-14 09:59:17,1716.95,1000709
2021-05-14 09:59:18,1717.3,1000864
2021-05-14 09:59:19,1716.95,1000867
2021-05-14 09:59:20,1717.15,1001338
2021-05-14 09:59:22,1717.15,1001372
2021-05-14 09:59:23,1717.3,1001556
2021-05-14 09:59:24,1717.15,1001591
2021-05-14 09:59:25,1718.0,1003091
2021-05-14 09:59:25,1718.0,1003191
2021-05-14 09:59:26,1718.0,1003191
2021-05-14 09:59:27,1718.05,1003194
2021-05-14 09:59:29,1716.85,1003419
2021-05-14 09:59:30,1716.85,1003419
2021-05-14 09:59:31,1718.0,1004269
2021-05-14 09:59:32,1718.05,1004270
2021-05-14 09:59:33,1718.0,1004271
2021-05-14 09:59:35,1718.0,1004273
2021-05-14 09:59:36,1718.05,1004658
2021-05-14 09:59:37,1718.0,1005082
2021-05-14 09:59:38,1718.05,1005089
2021-05-14 09:59:38,1718.05,1005089
2021-05-14 09:59:39,1718.0,1005215
2021-05-14 09:59:40,1717.25,1005395
2021-05-14 09:59:42,1717.95,1005497
2021-05-14 09:59:43,1717.4,1005507
2021-05-14 09:59:44,1717.35,1005550
2021-05-14 09:59:45,1717.05,1005593
2021-05-14 09:59:46,1717.0,1005597
2021-05-14 09:59:47,1717.05,1005734
2021-05-14 09:59:48,1717.05,1005743
2021-05-14 09:59:49,1717.2,1006050
2021-05-14 09:59:49,1717.2,1006050
2021-05-14 09:59:50,1718.0,1006071
2021-05-14 09:59:51,1718.0,1006071
2021-05-14 09:59:52,1717.5,1006097
2021-05-14 09:59:53,1717.9,1006098
2021-05-14 09:59:54,1717.9,1006098
2021-05-14 09:59:56,1718.0,1006114
2021-05-14 09:59:58,1718.0,1006114
2021-05-14 09:59:59,1717.5,1006115
2021-05-14 10:00:00,1717.45,1006133
2021-05-14 10:00:00,1717.05,1006161
2021-05-14 10:00:02,1716.85,1006225
2021-05-14 10:00:03,1717.45,1006326
2021-05-14 10:00:04,1717.45,1006326
2021-05-14 10:00:06,1716.8,1006355
2021-05-14 10:00:07,1717.0,1006736
2021-05-14 10:00:08,1717.0,1006736
2021-05-14 10:00:09,1716.85,1007048
2021-05-14 10:00:11,1716.35,1007264
2021-05-14 10:00:13,1716.8,1007331
2021-05-14 10:00:14,1716.4,1007341
2021-05-14 10:00:15,1716.4,1007341
2021-05-14 10:00:16,1716.35,1007415
2021-05-14 10:00:16,1716.35,1007415
2021-05-14 10:00:17,1716.6,1007889
2021-05-14 10:00:18,1717.05,1007899
2021-05-14 10:00:19,1716.0,1008555
2021-05-14 10:00:21,1716.1,1009044
2021-05-14 10:00:22,1716.05,1009086
2021-05-14 10:00:23,1716.05,1009162
2021-05-14 10:00:24,1716.85,1009177
2021-05-14 10:00:25,1716.85,1009179
2021-05-14 10:00:25,1716.85,1009179
2021-05-14 10:00:26,1716.3,1009189
2021-05-14 10:00:28,1716.85,1009204
2021-05-14 10:00:29,1717.35,1009666
2021-05-14 10:00:30,1717.25,1009754
2021-05-14 10:00:31,1717.6,1009820
2021-05-14 10:00:32,1717.6,1009822
2021-05-14 10:00:33,1717.75,1010081
2021-05-14 10:00:34,1717.6,1010089
2021-05-14 10:00:34,1717.6,1010089
2021-05-14 10:00:35,1717.65,1010115
2021-05-14 10:00:37,1717.55,1010203
2021-05-14 10:00:38,1717.75,1010204
2021-05-14 10:00:39,1717.75,1010204
2021-05-14 10:00:40,1717.75,1010204
2021-05-14 10:00:40,1717.3,1010254
2021-05-14 10:00:42,1717.25,1010273
2021-05-14 10:00:43,1717.2,1010320
2021-05-14 10:00:45,1717.7,1010325
2021-05-14 10:00:46,1717.25,1010701
2021-05-14 10:00:47,1716.85,1010706
2021-05-14 10:00:47,1716.85,1010706
2021-05-14 10:00:48,1716.85,1010706
2021-05-14 10:00:49,1717.25,1010846
2021-05-14 10:00:51,1717.1,1010944
2021-05-14 10:00:52,1717.0,1011153
2021-05-14 10:00:53,1717.0,1011154
2021-05-14 10:00:54,1717.0,1011156
2021-05-14 10:00:54,1717.0,1011156
2021-05-14 10:00:55,1717.0,1011199
2021-05-14 10:00:56,1716.35,1011299
2021-05-14 10:00:57,1716.35,1011299
2021-05-14 10:00:58,1717.0,1011349
2021-05-14 10:00:59,1718.6,1012863
2021-05-14 10:01:00,1717.95,1013190
2021-05-14 10:01:01,1717.3,1013313
2021-05-14 10:01:02,1718.05,1013328
2021-05-14 10:01:04,1718.05,1013328
2021-05-14 10:01:05,1717.3,1013506
2021-05-14 10:01:06,1717.0,1013548
2021-05-14 10:01:06,1717.3,1013558
2021-05-14 10:01:07,1717.3,1013558
2021-05-14 10:01:10,1717.3,1013583
2021-05-14 10:01:12,1716.9,1013924
2021-05-14 10:01:13,1716.9,1013924
2021-05-14 10:01:14,1717.0,1013974
2021-05-14 10:01:14,1717.0,1013974
2021-05-14 10:01:15,1717.0,1014021
2021-05-14 10:01:16,1716.9,1014056
2021-05-14 10:01:18,1716.9,1014056
2021-05-14 10:01:19,1717.0,1014066
2021-05-14 10:01:20,1716.5,1014085
2021-05-14 10:01:21,1716.55,1014557
2021-05-14 10:01:22,1717.25,1014657
2021-05-14 10:01:23,1717.25,1014657
2021-05-14 10:01:24,1716.6,1014747
2021-05-14 10:01:24,1716.6,1014747
2021-05-14 10:01:25,1717.25,1014794
2021-05-14 10:01:27,1717.0,1014800
2021-05-14 10:01:28,1717.25,1014805
2021-05-14 10:01:29,1716.8,1014819
2021-05-14 10:01:30,1716.8,1014819
2021-05-14 10:01:33,1716.65,1014882
2021-05-14 10:01:35,1716.85,1015174
2021-05-14 10:01:36,1716.6,1015187
2021-05-14 10:01:36,1716.55,1015205
2021-05-14 10:01:38,1716.85,1015228
2021-05-14 10:01:39,1716.3,1015364
2021-05-14 10:01:40,1716.3,1015364
2021-05-14 10:01:41,1716.85,1015864
2021-05-14 10:01:43,1716.85,1015871
2021-05-14 10:01:43,1716.85,1015871
2021-05-14 10:01:44,1716.85,1015871
2021-05-14 10:01:46,1716.65,1015889
2021-05-14 10:01:47,1716.65,1015893
2021-05-14 10:01:47,1716.85,1015903
2021-05-14 10:01:48,1716.65,1015907
2021-05-14 10:01:49,1716.65,1015948
2021-05-14 10:01:50,1716.85,1016007
2021-05-14 10:01:52,1716.85,1016007
2021-05-14 10:01:53,1716.85,1016007
2021-05-14 10:01:54,1716.85,1016007
2021-05-14 10:01:55,1716.85,1016255
2021-05-14 10:01:56,1717.0,1016407
2021-05-14 10:01:57,1717.0,1016407
2021-05-14 10:01:58,1716.8,1016436
2021-05-14 10:01:59,1716.8,1016436
2021-05-14 10:02:00,1717.5,1017058
2021-05-14 10:02:01,1717.3,1017221
2021-05-14 10:02:02,1717.9,1017222
2021-05-14 10:02:04,1717.9,1017223
2021-05-14 10:02:05,1717.9,1017223
2021-05-14 10:02:06,1717.3,1017429
2021-05-14 10:02:07,1717.5,1017432
2021-05-14 10:02:08,1717.45,1017487
2021-05-14 10:02:10,1717.45,1017487
2021-05-14 10:02:11,1717.5,1017500
2021-05-14 10:02:12,1717.65,1017809
2021-05-14 10:02:13,1718.1,1018059
2021-05-14 10:02:14,1718.0,1018060
2021-05-14 10:02:15,1718.0,1018060
2021-05-14 10:02:15,1718.0,1018060
2021-05-14 10:02:17,1717.65,1018061
2021-05-14 10:02:18,1717.65,1018061
2021-05-14 10:02:19,1718.0,1018067
2021-05-14 10:02:20,1718.0,1018077
2021-05-14 10:02:21,1717.7,1018182
2021-05-14 10:02:22,1717.7,1018182
2021-05-14 10:02:23,1716.85,1018553
2021-05-14 10:02:24,1717.1,1018583
2021-05-14 10:02:25,1716.55,1018644
2021-05-14 10:02:27,1716.55,1018649
2021-05-14 10:02:28,1716.5,1018824
2021-05-14 10:02:29,1716.35,1018837
2021-05-14 10:02:31,1716.3,1018980
2021-05-14 10:02:32,1716.35,1019449
2021-05-14 10:02:32,1716.35,1019449
2021-05-14 10:02:34,1716.3,1019453
2021-05-14 10:02:35,1716.3,1019453
2021-05-14 10:02:36,1716.2,1019920
2021-05-14 10:02:37,1716.35,1020074
2021-05-14 10:02:38,1716.35,1020074
2021-05-14 10:02:38,1716.35,1020174
2021-05-14 10:02:39,1716.5,1020245
2021-05-14 10:02:41,1716.45,1020283
2021-05-14 10:02:43,1716.5,1020915
2021-05-14 10:02:44,1716.35,1020916
2021-05-14 10:02:45,1716.45,1020952
2021-05-14 10:02:46,1716.45,1020962
2021-05-14 10:02:46,1716.45,1020962
2021-05-14 10:02:48,1716.45,1020978
2021-05-14 10:02:49,1717.05,1020984
2021-05-14 10:02:50,1716.4,1021016
2021-05-14 10:02:51,1717.05,1021045
2021-05-14 10:02:52,1716.85,1021046
2021-05-14 10:02:52,1716.85,1021046
2021-05-14 10:02:53,1716.85,1021046
2021-05-14 10:02:55,1716.85,1021046
2021-05-14 10:02:56,1716.85,1021047
2021-05-14 10:02:57,1716.85,1021072
2021-05-14 10:02:58,1716.85,1021082
2021-05-14 10:02:59,1716.85,1021082
2021-05-14 10:03:00,1716.8,1021088
2021-05-14 10:03:00,1716.3,1021151
2021-05-14 10:03:01,1716.3,1021151
2021-05-14 10:03:03,1716.75,1021161
2021-05-14 10:03:04,1716.45,1021168
2021-05-14 10:03:05,1716.4,1021586
2021-05-14 10:03:06,1716.4,1021623
2021-05-14 10:03:07,1716.5,1021888
2021-05-14 10:03:07,1716.5,1021888
2021-05-14 10:03:08,1716.5,1021888
2021-05-14 10:03:09,1716.5,1021888
2021-05-14 10:03:11,1716.85,1021925
2021-05-14 10:03:12,1716.85,1021925
2021-05-14 10:03:13,1717.0,1021943
2021-05-14 10:03:14,1717.0,1021943
2021-05-14 10:03:14,1716.85,1021946
2021-05-14 10:03:17,1716.85,1021949
2021-05-14 10:03:18,1716.85,1021952
2021-05-14 10:03:19,1716.85,1021955
2021-05-14 10:03:20,1716.75,1021995
2021-05-14 10:03:21,1716.75,1021995
2021-05-14 10:03:22,1716.35,1022000
2021-05-14 10:03:23,1716.35,1022000
2021-05-14 10:03:24,1716.35,1022005
2021-05-14 10:03:24,1716.35,1022005
2021-05-14 10:03:26,1716.55,1022012
2021-05-14 10:03:27,1716.55,1022012
2021-05-14 10:03:28,1716.55,1022012
2021-05-14 10:03:29,1716.45,1022032
2021-05-14 10:03:30,1716.45,1022032
2021-05-14 10:03:31,1716.2,1022179
2021-05-14 10:03:32,1716.2,1022180
2021-05-14 10:03:33,1716.05,1022205
2021-05-14 10:03:34,1716.05,1022467
2021-05-14 10:03:35,1716.0,1022758
2021-05-14 10:03:36,1716.0,1022758
2021-05-14 10:03:37,1716.45,1022759
2021-05-14 10:03:38,1716.45,1022859
2021-05-14 10:03:39,1716.45,1022860
2021-05-14 10:03:40,1716.4,1022885
2021-05-14 10:03:41,1716.4,1022885
2021-05-14 10:03:42,1716.4,1022885
2021-05-14 10:03:43,1716.4,1022885
2021-05-14 10:03:44,1716.1,1022986
2021-05-14 10:03:45,1716.2,1023200
2021-05-14 10:03:48,1717.35,1023772
2021-05-14 10:03:47,1717.35,1023772
2021-05-14 10:03:49,1717.3,1023773
2021-05-14 10:03:50,1716.35,1023838
2021-05-14 10:03:51,1716.35,1023838
2021-05-14 10:03:52,1717.3,1023839
2021-05-14 10:03:53,1716.6,1023840
2021-05-14 10:03:54,1716.6,1023840
2021-05-14 10:03:55,1716.6,1023840
2021-05-14 10:03:56,1716.6,1023840
2021-05-14 10:03:57,1716.6,1023840
2021-05-14 10:03:58,1717.0,1023870
2021-05-14 10:03:59,1717.0,1023871
2021-05-14 10:04:00,1717.0,1023871
2021-05-14 10:04:01,1716.3,1023934
2021-05-14 10:04:02,1716.3,1024210
2021-05-14 10:04:05,1716.25,1024260
2021-05-14 10:04:06,1716.2,1024269
2021-05-14 10:04:07,1716.2,1024269
2021-05-14 10:04:08,1716.05,1024305
2021-05-14 10:04:09,1716.05,1024316
2021-05-14 10:04:11,1716.0,1024443
2021-05-14 10:04:10,1716.0,1024443
2021-05-14 10:04:12,1716.05,1025007
2021-05-14 10:04:13,1715.95,1025318
2021-05-14 10:04:14,1716.0,1025348
2021-05-14 10:04:15,1715.85,1025365
2021-05-14 10:04:16,1715.65,1025440
2021-05-14 10:04:17,1715.65,1025440
2021-05-14 10:04:18,1715.9,1025580
2021-05-14 10:04:19,1715.65,1025676
2021-05-14 10:04:20,1715.6,1025697
2021-05-14 10:04:21,1715.6,1025775
2021-05-14 10:04:22,1715.35,1025796
2021-05-14 10:04:23,1715.35,1025796
2021-05-14 10:04:24,1715.6,1025801
2021-05-14 10:04:25,1715.25,1025868
2021-05-14 10:04:26,1715.25,1025969
2021-05-14 10:04:28,1716.2,1026760
2021-05-14 10:04:29,1716.2,1026760
2021-05-14 10:04:30,1717.0,1027574
2021-05-14 10:04:31,1716.5,1027662
2021-05-14 10:04:32,1716.3,1027765
2021-05-14 10:04:33,1716.3,1027765
2021-05-14 10:04:34,1717.0,1027936
2021-05-14 10:04:36,1717.2,1027986
2021-05-14 10:04:35,1717.2,1027986
2021-05-14 10:04:37,1717.8,1028186
2021-05-14 10:04:38,1717.2,1028436
2021-05-14 10:04:39,1717.2,1028436
2021-05-14 10:04:40,1717.15,1028837
2021-05-14 10:04:41,1717.05,1028839
2021-05-14 10:04:42,1717.1,1028851
2021-05-14 10:04:43,1717.1,1028851
2021-05-14 10:04:44,1717.05,1028853
2021-05-14 10:04:45,1717.05,1028853
2021-05-14 10:04:46,1717.1,1028883
2021-05-14 10:04:47,1717.1,1028887
2021-05-14 10:04:48,1717.1,1028888
2021-05-14 10:04:49,1717.05,1028890
2021-05-14 10:04:51,1716.85,1029276
2021-05-14 10:04:50,1716.95,1028924
2021-05-14 10:04:52,1717.1,1029311
2021-05-14 10:04:53,1716.85,1029356
2021-05-14 10:04:54,1717.1,1029357
2021-05-14 10:04:55,1716.4,1029699
2021-05-14 10:04:56,1716.4,1029699
2021-05-14 10:04:57,1716.4,1029699
2021-05-14 10:04:58,1717.05,1029719
2021-05-14 10:04:59,1716.5,1029720
2021-05-14 10:05:00,1716.8,1029791
2021-05-14 10:05:01,1716.25,1029856
2021-05-14 10:05:02,1716.25,1029856
2021-05-14 10:05:03,1716.6,1029863
2021-05-14 10:05:04,1716.75,1030327
2021-05-14 10:05:05,1716.75,1030673
2021-05-14 10:05:06,1716.75,1030723
2021-05-14 10:05:08,1717.05,1031232
2021-05-14 10:05:07,1717.05,1031232
2021-05-14 10:05:09,1717.8,1031247
2021-05-14 10:05:10,1717.8,1031247
2021-05-14 10:05:12,1717.8,1031307
2021-05-14 10:05:13,1717.8,1031332
2021-05-14 10:05:15,1717.15,1031342
2021-05-14 10:05:14,1717.8,1031332
2021-05-14 10:05:16,1717.6,1031445
2021-05-14 10:05:17,1717.15,1031446
2021-05-14 10:05:18,1717.15,1031471
2021-05-14 10:05:19,1717.15,1031496
2021-05-14 10:05:20,1717.05,1031569
2021-05-14 10:05:21,1717.05,1031569
2021-05-14 10:05:22,1716.9,1031650
2021-05-14 10:05:23,1716.9,1031650
2021-05-14 10:05:24,1717.05,1031652
2021-05-14 10:05:25,1716.9,1031747
2021-05-14 10:05:26,1716.9,1031747
2021-05-14 10:05:27,1717.0,1031749
2021-05-14 10:05:28,1717.0,1032134
2021-05-14 10:05:29,1716.9,1032139
2021-05-14 10:05:30,1716.85,1032156
2021-05-14 10:05:31,1716.25,1032219
2021-05-14 10:05:32,1716.85,1032224
2021-05-14 10:05:33,1716.85,1032230
2021-05-14 10:05:34,1716.85,1032230
2021-05-14 10:05:36,1716.3,1032578
2021-05-14 10:05:37,1716.85,1032583
2021-05-14 10:05:38,1716.8,1032623
2021-05-14 10:05:39,1716.85,1032633
2021-05-14 10:05:40,1716.85,1032633
2021-05-14 10:05:41,1716.85,1032633
2021-05-14 10:05:42,1716.8,1032683
2021-05-14 10:05:43,1716.8,1032707
2021-05-14 10:05:44,1716.8,1032721
2021-05-14 10:05:46,1716.5,1032959
2021-05-14 10:05:46,1716.5,1032959
2021-05-14 10:05:47,1716.5,1032969
2021-05-14 10:05:48,1716.5,1032971
2021-05-14 10:05:49,1716.5,1032971
2021-05-14 10:05:50,1716.3,1033046
2021-05-14 10:05:52,1716.3,1033158
2021-05-14 10:05:52,1716.3,1033158
2021-05-14 10:05:53,1716.3,1033158
2021-05-14 10:05:54,1716.3,1033158
2021-05-14 10:05:55,1716.5,1033162
2021-05-14 10:05:56,1716.5,1033237
2021-05-14 10:05:57,1716.8,1033268
2021-05-14 10:05:58,1716.8,1033278
2021-05-14 10:05:59,1716.8,1033282
2021-05-14 10:06:01,1716.15,1033350
2021-05-14 10:06:01,1716.15,1033350
2021-05-14 10:06:02,1716.15,1033350
2021-05-14 10:06:03,1716.5,1033366
