timestamp,ltp,volume
2021-05-14 09:15:23,113.7,178525
2021-05-14 09:15:27,113.45,223283
2021-05-14 09:15:28,113.25,233551
2021-05-14 09:15:30,113.4,237011
2021-05-14 09:15:31,113.4,241303
2021-05-14 09:15:32,113.65,252924
2021-05-14 09:15:33,113.5,253026
2021-05-14 09:15:34,113.5,253595
2021-05-14 09:15:35,113.45,254976
2021-05-14 09:15:36,113.55,256488
2021-05-14 09:15:37,113.5,257349
2021-05-14 09:15:38,113.5,258323
2021-05-14 09:15:39,113.5,259649
2021-05-14 09:15:39,113.65,260254
2021-05-14 09:15:40,113.55,261346
2021-05-14 09:15:42,113.5,262188
2021-05-14 09:15:43,113.6,262599
2021-05-14 09:15:44,113.55,264011
2021-05-14 09:15:44,113.55,264011
2021-05-14 09:15:45,113.6,264229
2021-05-14 09:15:46,113.55,266431
2021-05-14 09:15:47,113.5,273538
2021-05-14 09:15:49,113.6,279516
2021-05-14 09:15:51,113.5,291200
2021-05-14 09:15:52,113.5,292588
2021-05-14 09:15:53,113.5,293028
2021-05-14 09:15:55,113.6,299996
2021-05-14 09:15:55,113.6,299996
2021-05-14 09:15:56,113.65,302232
2021-05-14 09:15:57,113.55,303411
2021-05-14 09:15:58,113.65,313838
2021-05-14 09:15:59,113.65,316567
2021-05-14 09:16:00,113.65,317165
2021-05-14 09:16:01,113.5,317557
2021-05-14 09:16:02,113.6,319610
2021-05-14 09:16:03,113.6,321489
2021-05-14 09:16:04,113.65,321764
2021-05-14 09:16:06,113.55,332585
2021-05-14 09:16:07,113.6,337830
2021-05-14 09:16:08,113.5,338407
2021-05-14 09:16:09,113.6,339671
2021-05-14 09:16:10,113.6,339874
2021-05-14 09:16:10,113.6,339950
2021-05-14 09:16:11,113.6,345166
2021-05-14 09:16:13,113.45,353904
2021-05-14 09:16:14,113.5,354585
2021-05-14 09:16:15,113.45,354984
2021-05-14 09:16:16,113.5,367380
2021-05-14 09:16:17,113.5,367580
2021-05-14 09:16:19,113.5,370013
2021-05-14 09:16:20,113.4,370803
2021-05-14 09:16:21,113.4,375334
2021-05-14 09:16:22,113.4,375334
2021-05-14 09:16:23,113.3,375500
2021-05-14 09:16:24,113.4,376501
2021-05-14 09:16:25,113.4,376524
2021-05-14 09:16:26,113.25,389634
2021-05-14 09:16:27,113.35,390314
2021-05-14 09:16:28,113.25,390364
2021-05-14 09:16:29,113.25,390364
2021-05-14 09:16:30,113.3,390664
2021-05-14 09:16:31,113.4,390841
2021-05-14 09:16:32,113.4,391486
2021-05-14 09:16:33,113.4,392093
2021-05-14 09:16:34,113.3,392660
2021-05-14 09:16:35,113.4,393413
2021-05-14 09:16:36,113.4,406556
2021-05-14 09:16:37,113.4,407256
2021-05-14 09:16:38,113.5,410769
2021-05-14 09:16:38,113.5,410824
2021-05-14 09:16:40,113.4,416694
2021-05-14 09:16:41,113.4,416842
2021-05-14 09:16:42,113.5,417405
2021-05-14 09:16:43,113.5,420040
2021-05-14 09:16:44,113.35,423005
2021-05-14 09:16:44,113.5,420670
2021-05-14 09:16:45,113.35,423005
2021-05-14 09:16:46,113.45,423151
2021-05-14 09:16:48,113.45,423804
2021-05-14 09:16:49,113.45,424834
2021-05-14 09:16:50,113.45,430436
2021-05-14 09:16:51,113.4,430754
2021-05-14 09:16:52,113.45,432991
2021-05-14 09:16:52,113.45,432991
2021-05-14 09:16:53,113.5,438171
2021-05-14 09:16:55,113.4,438578
2021-05-14 09:16:56,113.5,439785
2021-05-14 09:16:56,113.5,439785
2021-05-14 09:16:57,113.55,446760
2021-05-14 09:16:58,113.6,451913
2021-05-14 09:16:59,113.65,461980
2021-05-14 09:17:00,113.65,463077
2021-05-14 09:17:01,113.6,463426
2021-05-14 09:17:03,113.5,465200
2021-05-14 09:17:04,113.6,465858
2021-05-14 09:17:05,113.6,466266
2021-05-14 09:17:06,113.5,466771
2021-05-14 09:17:07,113.6,466907
2021-05-14 09:17:08,113.6,480704
2021-05-14 09:17:09,113.5,484921
2021-05-14 09:17:10,113.5,492111
2021-05-14 09:17:11,113.6,493737
2021-05-14 09:17:11,113.6,493812
2021-05-14 09:17:13,113.55,519064
2021-05-14 09:17:14,113.5,523158
2021-05-14 09:17:15,113.5,523756
2021-05-14 09:17:16,113.6,524355
2021-05-14 09:17:17,113.6,524938
2021-05-14 09:17:18,113.6,525169
2021-05-14 09:17:19,113.6,527049
2021-05-14 09:17:20,113.6,527492
2021-05-14 09:17:21,113.6,527625
2021-05-14 09:17:22,113.5,532260
2021-05-14 09:17:23,113.45,538959
2021-05-14 09:17:24,113.5,539459
2021-05-14 09:17:24,113.55,539959
2021-05-14 09:17:26,113.55,540360
2021-05-14 09:17:27,113.55,540730
2021-05-14 09:17:28,113.45,541268
2021-05-14 09:17:29,113.45,541434
2021-05-14 09:17:30,113.55,541864
2021-05-14 09:17:31,113.55,542084
2021-05-14 09:17:32,113.55,544782
2021-05-14 09:17:33,113.5,546119
2021-05-14 09:17:34,113.5,547121
2021-05-14 09:17:35,113.55,549439
2021-05-14 09:17:36,113.5,577196
2021-05-14 09:17:37,113.6,581000
2021-05-14 09:17:38,113.55,581102
2021-05-14 09:17:38,113.55,581102
2021-05-14 09:17:40,113.5,596423
2021-05-14 09:17:40,113.4,598689
2021-05-14 09:17:41,113.35,599845
2021-05-14 09:17:42,113.45,599948
2021-05-14 09:17:43,113.35,601200
2021-05-14 09:17:45,113.45,601592
2021-05-14 09:17:46,113.4,604017
2021-05-14 09:17:47,113.35,607569
2021-05-14 09:17:48,113.45,610070
2021-05-14 09:17:49,113.45,610082
2021-05-14 09:17:50,113.45,610120
2021-05-14 09:17:51,113.35,632321
2021-05-14 09:17:52,113.45,635682
2021-05-14 09:17:53,113.35,637953
2021-05-14 09:17:54,113.3,640608
2021-05-14 09:17:55,113.35,642697
2021-05-14 09:17:56,113.35,643722
2021-05-14 09:17:57,113.25,643972
2021-05-14 09:17:58,113.3,644022
2021-05-14 09:17:59,113.35,644572
2021-05-14 09:18:00,113.35,646489
2021-05-14 09:18:00,113.35,646489
2021-05-14 09:18:01,113.2,647185
2021-05-14 09:18:02,113.15,663229
2021-05-14 09:18:03,113.2,666231
2021-05-14 09:18:04,113.2,666231
2021-05-14 09:18:06,113.1,666481
2021-05-14 09:18:07,113.15,668850
2021-05-14 09:18:08,113.05,669555
2021-05-14 09:18:09,113.05,676039
2021-05-14 09:18:10,113.15,676045
2021-05-14 09:18:11,113.15,676264
2021-05-14 09:18:12,113.15,676972
2021-05-14 09:18:13,113.15,680274
2021-05-14 09:18:14,113.0,686759
2021-05-14 09:18:14,113.0,686759
2021-05-14 09:18:15,113.0,688274
2021-05-14 09:18:16,113.0,723645
2021-05-14 09:18:18,112.9,724685
2021-05-14 09:18:19,113.0,725555
2021-05-14 09:18:20,112.9,726287
2021-05-14 09:18:20,112.9,726287
2021-05-14 09:18:21,113.0,726387
2021-05-14 09:18:22,112.9,731215
2021-05-14 09:18:24,112.85,732487
2021-05-14 09:18:25,112.85,733511
2021-05-14 09:18:26,112.85,737513
2021-05-14 09:18:27,112.95,741293
2021-05-14 09:18:28,113.0,741796
2021-05-14 09:18:29,112.95,743177
2021-05-14 09:18:29,112.85,742977
2021-05-14 09:18:30,112.9,743181
2021-05-14 09:18:31,112.9,743837
2021-05-14 09:18:32,112.9,744437
2021-05-14 09:18:34,112.9,745175
2021-05-14 09:18:35,113.0,745426
2021-05-14 09:18:36,112.9,747875
2021-05-14 09:18:37,113.0,748415
2021-05-14 09:18:38,112.9,750064
2021-05-14 09:18:39,112.9,750266
2021-05-14 09:18:40,112.9,751955
2021-05-14 09:18:41,112.9,751981
2021-05-14 09:18:42,112.9,752247
2021-05-14 09:18:43,113.0,753022
2021-05-14 09:18:44,112.9,754082
2021-05-14 09:18:45,112.9,754379
2021-05-14 09:18:46,112.9,756490
2021-05-14 09:18:46,113.0,756491
2021-05-14 09:18:48,112.85,781154
2021-05-14 09:18:48,112.8,781691
2021-05-14 09:18:49,112.75,781941
2021-05-14 09:18:51,112.75,782222
2021-05-14 09:18:52,112.75,783952
2021-05-14 09:18:53,112.75,783952
2021-05-14 09:18:54,112.85,784063
2021-05-14 09:18:55,112.85,784260
2021-05-14 09:18:56,112.8,789743
2021-05-14 09:18:57,112.75,795846
2021-05-14 09:18:58,112.85,795865
2021-05-14 09:18:59,112.75,796861
2021-05-14 09:19:00,112.85,798359
2021-05-14 09:19:01,112.85,800647
2021-05-14 09:19:01,112.85,800647
2021-05-14 09:19:03,112.95,801267
2021-05-14 09:19:03,112.8,806267
2021-05-14 09:19:04,112.75,820601
2021-05-14 09:19:05,112.8,825144
2021-05-14 09:19:07,112.75,825346
2021-05-14 09:19:08,112.8,825427
2021-05-14 09:19:09,112.75,826627
2021-05-14 09:19:10,112.8,826717
2021-05-14 09:19:11,112.8,828617
2021-05-14 09:19:12,112.75,831953
2021-05-14 09:19:13,112.75,831953
2021-05-14 09:19:14,112.8,833353
2021-05-14 09:19:15,112.85,839619
2021-05-14 09:19:16,112.9,839985
2021-05-14 09:19:17,112.9,843935
2021-05-14 09:19:18,112.9,845030
2021-05-14 09:19:19,112.95,849356
2021-05-14 09:19:20,113.0,849489
2021-05-14 09:19:21,112.85,850489
2021-05-14 09:19:21,112.85,850489
2021-05-14 09:19:22,112.85,850682
2021-05-14 09:19:23,112.9,850903
2021-05-14 09:19:27,113.0,852151
2021-05-14 09:19:28,113.0,852341
2021-05-14 09:19:29,113.0,855879
2021-05-14 09:19:30,112.9,858589
2021-05-14 09:19:32,112.9,870605
2021-05-14 09:19:33,112.95,870712
2021-05-14 09:19:34,112.85,875183
2021-05-14 09:19:35,112.9,875190
2021-05-14 09:19:36,112.9,875245
2021-05-14 09:19:37,112.9,875297
2021-05-14 09:19:38,112.9,878072
2021-05-14 09:19:38,112.9,879072
2021-05-14 09:19:41,112.85,879423
2021-05-14 09:19:42,112.9,879634
2021-05-14 09:19:43,112.85,879845
2021-05-14 09:19:44,112.85,879845
2021-05-14 09:19:45,112.9,879850
2021-05-14 09:19:46,112.85,880050
2021-05-14 09:19:47,112.9,880934
2021-05-14 09:19:48,112.85,881588
2021-05-14 09:19:49,112.85,881698
2021-05-14 09:19:50,112.9,881954
2021-05-14 09:19:51,112.85,881981
2021-05-14 09:19:52,112.9,882790
2021-05-14 09:19:53,112.8,883093
2021-05-14 09:19:54,112.85,883098
2021-05-14 09:19:55,112.75,900186
2021-05-14 09:19:56,112.75,900335
2021-05-14 09:19:56,112.75,901689
2021-05-14 09:19:57,112.75,901689
2021-05-14 09:19:58,112.8,901776
2021-05-14 09:19:59,112.8,901778
2021-05-14 09:20:00,112.7,905585
2021-05-14 09:20:02,112.7,905730
2021-05-14 09:20:03,112.6,906808
2021-05-14 09:20:04,112.7,907813
2021-05-14 09:20:05,112.7,907863
2021-05-14 09:20:06,112.6,908264
2021-05-14 09:20:07,112.5,916914
2021-05-14 09:20:08,112.6,931802
2021-05-14 09:20:08,112.6,931802
2021-05-14 09:20:10,112.5,932551
2021-05-14 09:20:11,112.6,932746
2021-05-14 09:20:12,112.5,933452
2021-05-14 09:20:13,112.5,935076
2021-05-14 09:20:14,112.5,936825
2021-05-14 09:20:14,112.6,935367
2021-05-14 09:20:15,112.5,937059
2021-05-14 09:20:17,112.6,939177
2021-05-14 09:20:18,112.6,939433
2021-05-14 09:20:19,112.5,939841
2021-05-14 09:20:20,112.6,942273
2021-05-14 09:20:21,112.4,967587
2021-05-14 09:20:22,112.4,968741
2021-05-14 09:20:23,112.4,970581
2021-05-14 09:20:24,112.5,971311
2021-05-14 09:20:25,112.5,971311
2021-05-14 09:20:26,112.3,975829
2021-05-14 09:20:26,112.4,972064
2021-05-14 09:20:27,112.35,977634
2021-05-14 09:20:28,112.35,978740
2021-05-14 09:20:30,112.35,979678
2021-05-14 09:20:31,112.35,980871
2021-05-14 09:20:32,112.25,981210
2021-05-14 09:20:33,112.35,991296
2021-05-14 09:20:34,112.3,992403
2021-05-14 09:20:35,112.45,992883
2021-05-14 09:20:37,112.45,992984
2021-05-14 09:20:36,112.45,992984
2021-05-14 09:20:38,112.3,993049
2021-05-14 09:20:39,112.35,993149
2021-05-14 09:20:40,112.35,993456
2021-05-14 09:20:41,112.35,996339
2021-05-14 09:20:42,112.4,996344
2021-05-14 09:20:43,112.3,998150
2021-05-14 09:20:44,112.3,999160
2021-05-14 09:20:45,112.3,1002575
2021-05-14 09:20:46,112.25,1003831
2021-05-14 09:20:47,112.35,1005131
2021-05-14 09:20:48,112.3,1005952
2021-05-14 09:20:49,112.3,1014350
2021-05-14 09:20:50,112.15,1020070
2021-05-14 09:20:51,112.3,1022746
2021-05-14 09:20:52,112.3,1024699
2021-05-14 09:20:53,112.25,1028904
2021-05-14 09:20:54,112.3,1034172
2021-05-14 09:20:55,112.2,1035895
2021-05-14 09:20:56,112.3,1036428
2021-05-14 09:20:57,112.2,1043696
2021-05-14 09:20:58,112.1,1043704
2021-05-14 09:20:59,112.1,1044796
2021-05-14 09:21:00,112.1,1045433
2021-05-14 09:21:01,112.1,1055478
2021-05-14 09:21:02,112.15,1059161
2021-05-14 09:21:03,112.15,1061464
2021-05-14 09:21:04,112.0,1063529
2021-05-14 09:21:05,112.1,1064529
2021-05-14 09:21:06,112.1,1070053
2021-05-14 09:21:07,112.1,1072992
2021-05-14 09:21:08,112.0,1077033
2021-05-14 09:21:09,112.0,1097898
2021-05-14 09:21:10,112.0,1098932
2021-05-14 09:21:14,112.0,1118374
2021-05-14 09:21:13,112.0,1118324
2021-05-14 09:21:15,112.05,1122343
2021-05-14 09:21:16,112.05,1124818
2021-05-14 09:21:17,112.15,1130064
2021-05-14 09:21:18,112.1,1131044
2021-05-14 09:21:19,112.15,1133084
2021-05-14 09:21:20,112.2,1133219
2021-05-14 09:21:21,112.2,1140300
2021-05-14 09:21:23,112.0,1154761
2021-05-14 09:21:22,112.0,1153912
2021-05-14 09:21:24,112.0,1155834
2021-05-14 09:21:25,112.0,1155835
2021-05-14 09:21:26,111.95,1159257
2021-05-14 09:21:27,112.05,1164108
2021-05-14 09:21:28,111.95,1165150
2021-05-14 09:21:29,112.05,1165372
2021-05-14 09:21:30,112.05,1165373
2021-05-14 09:21:31,111.9,1168529
2021-05-14 09:21:32,112.0,1169451
2021-05-14 09:21:33,112.0,1172106
2021-05-14 09:21:34,112.0,1172106
2021-05-14 09:21:35,111.9,1175771
2021-05-14 09:21:36,112.0,1184400
2021-05-14 09:21:37,111.9,1188972
2021-05-14 09:21:38,112.0,1188974
2021-05-14 09:21:39,112.0,1188974
2021-05-14 09:21:50,111.85,1213296
2021-05-14 09:21:55,111.85,1217743
2021-05-14 09:22:01,111.85,1229926
2021-05-14 09:22:06,111.75,1240339
2021-05-14 09:22:11,111.8,1252349
2021-05-14 09:22:17,111.75,1268588
2021-05-14 09:22:22,111.8,1278291
2021-05-14 09:22:27,111.8,1286696
2021-05-14 09:22:33,111.8,1301848
2021-05-14 09:22:38,111.75,1310963
2021-05-14 09:22:43,111.8,1323952
2021-05-14 09:22:48,111.75,1345312
2021-05-14 09:22:54,111.6,1351088
2021-05-14 09:22:59,111.7,1363454
2021-05-14 09:23:05,111.65,1374823
2021-05-14 09:23:10,111.75,1379022
2021-05-14 09:23:21,111.85,1400514
2021-05-14 09:23:26,111.75,1416461
2021-05-14 09:23:31,111.8,1432432
2021-05-14 09:23:37,111.75,1435343
2021-05-14 09:23:42,111.7,1441886
2021-05-14 09:23:47,111.6,1457492
2021-05-14 09:23:52,111.55,1477582
2021-05-14 09:23:58,111.6,1494335
2021-05-14 09:24:03,111.7,1507851
2021-05-14 09:24:08,111.7,1513305
2021-05-14 09:24:13,111.6,1533749
2021-05-14 09:24:19,111.5,1554370
2021-05-14 09:24:24,111.6,1560142
2021-05-14 09:24:29,111.45,1564694
2021-05-14 09:24:34,111.5,1583087
2021-05-14 09:24:39,111.45,1583226
2021-05-14 09:24:45,111.5,1609742
2021-05-14 09:24:50,111.45,1613279
2021-05-14 09:24:55,111.45,1618171
2021-05-14 09:25:00,111.45,1640588
2021-05-14 09:25:05,111.55,1678127
2021-05-14 09:25:10,111.55,1685635
2021-05-14 09:25:16,111.5,1693209
2021-05-14 09:25:21,111.55,1698129
2021-05-14 09:25:26,111.65,1706906
2021-05-14 09:25:31,111.75,1713949
2021-05-14 09:25:36,111.85,1717736
2021-05-14 09:25:41,111.8,1720606
2021-05-14 09:25:46,111.9,1725849
2021-05-14 09:25:51,111.8,1727632
2021-05-14 09:25:56,111.85,1732165
2021-05-14 09:26:01,111.9,1742136
2021-05-14 09:26:06,111.9,1751371
2021-05-14 09:26:12,112.1,1771072
2021-05-14 09:26:17,112.15,1788736
2021-05-14 09:26:22,112.3,1802658
2021-05-14 09:26:26,112.4,1816571
2021-05-14 09:26:32,112.4,1822678
2021-05-14 09:26:37,112.3,1837927
2021-05-14 09:26:42,112.2,1841053
2021-05-14 09:26:47,112.4,1854750
2021-05-14 09:26:52,112.4,1877633
2021-05-14 09:26:57,112.5,1892295
2021-05-14 09:27:02,112.4,1895252
2021-05-14 09:27:07,112.4,1897358
2021-05-14 09:27:13,112.45,1909166
2021-05-14 09:27:18,112.5,1930656
2021-05-14 09:27:22,112.5,1933366
2021-05-14 09:27:27,112.5,1966996
2021-05-14 09:27:33,112.55,1975970
2021-05-14 09:27:38,112.65,1982583
2021-05-14 09:27:43,112.65,1991418
2021-05-14 09:27:48,112.7,2011848
2021-05-14 09:27:53,112.5,2059021
2021-05-14 09:27:58,112.5,2063145
2021-05-14 09:28:08,112.5,2074671
2021-05-14 09:28:13,112.5,2079089
2021-05-14 09:28:18,112.5,2081548
2021-05-14 09:28:23,112.5,2090453
2021-05-14 09:28:28,112.75,2116557
2021-05-14 09:28:34,112.7,2120957
2021-05-14 09:28:38,112.75,2123245
2021-05-14 09:28:43,112.65,2124899
2021-05-14 09:28:49,112.6,2129760
2021-05-14 09:28:54,112.55,2133359
2021-05-14 09:28:59,112.55,2144359
2021-05-14 09:29:04,112.4,2149664
2021-05-14 09:29:09,112.45,2152720
2021-05-14 09:29:14,112.45,2162784
2021-05-14 09:29:19,112.35,2165088
2021-05-14 09:29:24,112.35,2166511
2021-05-14 09:29:29,112.3,2171037
2021-05-14 09:29:35,112.3,2173377
2021-05-14 09:29:40,112.2,2182391
2021-05-14 09:29:45,112.15,2195543
2021-05-14 09:29:50,112.1,2199177
2021-05-14 09:29:55,112.05,2211628
2021-05-14 09:30:00,112.1,2216392
2021-05-14 09:30:05,112.1,2235743
2021-05-14 09:30:10,112.0,2264011
2021-05-14 09:30:15,112.05,2271076
2021-05-14 09:30:21,112.0,2271728
2021-05-14 09:30:26,112.05,2288928
2021-05-14 09:30:31,112.0,2289545
2021-05-14 09:30:36,112.0,2290431
2021-05-14 09:30:41,112.0,2299628
2021-05-14 09:30:46,112.0,2303672
2021-05-14 09:30:51,111.95,2311993
2021-05-14 09:30:56,112.0,2349234
2021-05-14 09:31:01,111.9,2350309
2021-05-14 09:31:06,111.8,2362782
2021-05-14 09:31:12,111.85,2381725
2021-05-14 09:31:17,111.7,2384171
2021-05-14 09:31:22,111.8,2391904
2021-05-14 09:31:27,111.85,2395234
2021-05-14 09:31:32,111.95,2400847
2021-05-14 09:31:37,111.9,2402403
2021-05-14 09:31:42,111.95,2404182
2021-05-14 09:31:47,112.05,2422624
2021-05-14 09:31:52,112.05,2425284
2021-05-14 09:31:57,112.1,2426325
2021-05-14 09:32:02,112.0,2437613
2021-05-14 09:32:07,112.0,2442412
2021-05-14 09:32:12,111.95,2459370
2021-05-14 09:32:17,112.0,2460073
2021-05-14 09:32:21,111.9,2462090
2021-05-14 09:32:26,111.85,2462985
2021-05-14 09:32:30,111.85,2469185
2021-05-14 09:32:35,111.9,2474016
2021-05-14 09:32:40,111.9,2479588
2021-05-14 09:32:44,111.85,2480622
2021-05-14 09:32:49,111.85,2483607
2021-05-14 09:32:54,111.8,2496446
2021-05-14 09:32:59,111.8,2499137
2021-05-14 09:33:04,111.85,2500314
2021-05-14 09:33:09,112.05,2520407
2021-05-14 09:33:14,111.95,2521762
2021-05-14 09:33:24,112.05,2524590
2021-05-14 09:33:29,112.1,2525223
2021-05-14 09:33:34,112.05,2526754
2021-05-14 09:33:39,112.05,2527392
2021-05-14 09:33:44,112.05,2530186
2021-05-14 09:33:48,112.1,2535400
2021-05-14 09:33:53,112.1,2540440
2021-05-14 09:33:58,112.15,2541739
2021-05-14 09:34:03,112.1,2541800
2021-05-14 09:34:08,111.85,2576906
2021-05-14 09:34:13,111.95,2578962
2021-05-14 09:34:23,112.1,2583600
2021-05-14 09:34:28,112.1,2585631
2021-05-14 09:34:33,112.1,2586175
2021-05-14 09:34:37,111.95,2588064
2021-05-14 09:34:43,111.95,2599466
2021-05-14 09:34:48,111.85,2602814
2021-05-14 09:34:53,112.15,2673033
2021-05-14 09:35:03,112.1,2699261
2021-05-14 09:35:08,112.0,2699952
2021-05-14 09:35:13,111.95,2701295
2021-05-14 09:35:18,111.95,2704777
2021-05-14 09:35:23,112.0,2704975
2021-05-14 09:35:28,112.0,2705662
2021-05-14 09:35:33,112.0,2707955
2021-05-14 09:35:37,112.0,2708880
2021-05-14 09:35:42,111.9,2713358
2021-05-14 09:35:47,111.85,2718857
2021-05-14 09:35:51,111.9,2719208
2021-05-14 09:35:56,111.8,2722117
2021-05-14 09:36:01,111.8,2740497
2021-05-14 09:36:06,111.7,2768715
2021-05-14 09:36:10,111.65,2772960
2021-05-14 09:36:20,111.65,2787869
2021-05-14 09:36:25,111.65,2788239
2021-05-14 09:36:29,111.75,2793371
2021-05-14 09:36:34,111.75,2795882
2021-05-14 09:36:39,111.75,2797930
2021-05-14 09:36:43,111.7,2801685
2021-05-14 09:36:48,111.75,2819939
2021-05-14 09:36:53,111.65,2821742
2021-05-14 09:36:58,111.7,2821940
2021-05-14 09:37:03,111.65,2823545
2021-05-14 09:37:08,111.7,2826923
2021-05-14 09:37:13,111.6,2829840
2021-05-14 09:37:18,111.7,2830897
2021-05-14 09:37:22,111.65,2833611
2021-05-14 09:37:27,111.75,2834626
2021-05-14 09:37:36,111.6,2853016
2021-05-14 09:37:41,111.55,2854315
2021-05-14 09:37:45,111.5,2856761
2021-05-14 09:37:50,111.5,2857723
2021-05-14 09:37:55,111.5,2875876
2021-05-14 09:37:59,111.45,2878444
2021-05-14 09:38:09,111.5,2893908
2021-05-14 09:38:14,111.55,2900944
2021-05-14 09:38:19,111.55,2904821
2021-05-14 09:38:24,111.55,2906826
2021-05-14 09:38:28,111.6,2910254
2021-05-14 09:38:33,111.7,2958860
2021-05-14 09:38:37,111.7,2962230
2021-05-14 09:38:42,111.75,2962681
2021-05-14 09:38:47,111.85,2973788
2021-05-14 09:38:51,111.85,2974289
2021-05-14 09:38:56,111.9,2976173
2021-05-14 09:39:01,111.9,2977172
2021-05-14 09:39:05,111.85,2989152
2021-05-14 09:39:09,111.9,2991233
2021-05-14 09:39:13,111.9,2996419
2021-05-14 09:39:18,111.9,2997193
2021-05-14 09:39:22,111.9,2997235
2021-05-14 09:39:27,112.05,3030682
2021-05-14 09:39:31,112.0,3032435
2021-05-14 09:39:36,111.95,3035191
2021-05-14 09:39:41,112.0,3036238
2021-05-14 09:39:51,112.05,3063266
2021-05-14 09:39:56,112.0,3064134
2021-05-14 09:40:01,111.9,3065432
2021-05-14 09:40:06,111.95,3065845
2021-05-14 09:40:11,112.0,3066638
2021-05-14 09:40:15,111.9,3067075
2021-05-14 09:40:20,111.95,3067319
2021-05-14 09:40:24,111.95,3068039
2021-05-14 09:40:29,112.05,3076101
2021-05-14 09:40:34,112.1,3080176
2021-05-14 09:40:38,112.1,3081118
2021-05-14 09:40:43,112.0,3081413
2021-05-14 09:40:48,112.0,3081444
2021-05-14 09:40:57,112.0,3085431
2021-05-14 09:41:01,112.1,3104824
2021-05-14 09:41:06,112.1,3104983
2021-05-14 09:41:10,112.1,3105940
2021-05-14 09:41:14,112.1,3111291
2021-05-14 09:41:19,112.35,3129672
2021-05-14 09:41:23,112.25,3132661
2021-05-14 09:41:28,112.25,3134941
2021-05-14 09:41:37,112.2,3139823
2021-05-14 09:41:42,112.2,3140627
2021-05-14 09:41:47,112.3,3141938
2021-05-14 09:41:52,112.25,3145111
2021-05-14 09:42:01,112.2,3146759
2021-05-14 09:42:06,112.25,3150490
2021-05-14 09:42:10,112.25,3153518
2021-05-14 09:42:15,112.25,3154799
2021-05-14 09:42:19,112.3,3155841
2021-05-14 09:42:24,112.35,3157920
2021-05-14 09:42:28,112.3,3158152
2021-05-14 09:42:32,112.4,3159103
2021-05-14 09:42:36,112.4,3162716
2021-05-14 09:42:41,112.45,3168752
2021-05-14 09:42:45,112.45,3172089
2021-05-14 09:42:50,112.45,3178211
2021-05-14 09:42:54,112.5,3180267
2021-05-14 09:42:58,112.45,3200455
2021-05-14 09:43:03,112.45,3204257
2021-05-14 09:43:07,112.45,3204704
2021-05-14 09:43:11,112.4,3208969
2021-05-14 09:43:16,112.45,3214959
2021-05-14 09:43:20,112.5,3215099
2021-05-14 09:43:24,112.5,3215298
2021-05-14 09:43:28,112.5,3216137
2021-05-14 09:43:32,112.45,3217318
2021-05-14 09:43:36,112.45,3219675
2021-05-14 09:43:40,112.5,3220087
2021-05-14 09:43:44,112.45,3221647
2021-05-14 09:43:49,112.5,3222787
2021-05-14 09:43:53,112.45,3226879
2021-05-14 09:43:57,112.45,3227461
2021-05-14 09:44:02,112.45,3242908
2021-05-14 09:44:07,112.5,3244421
2021-05-14 09:44:11,112.55,3246391
2021-05-14 09:44:15,112.55,3259283
2021-05-14 09:44:19,112.45,3261409
2021-05-14 09:44:23,112.4,3265166
2021-05-14 09:44:28,112.35,3267498
2021-05-14 09:44:32,112.35,3274902
2021-05-14 09:44:37,112.35,3275494
2021-05-14 09:44:41,112.3,3279846
2021-05-14 09:44:45,112.25,3281380
2021-05-14 09:44:54,112.25,3282572
2021-05-14 09:44:58,112.25,3282772
2021-05-14 09:45:02,112.15,3284856
2021-05-14 09:45:10,112.15,3289651
2021-05-14 09:45:15,112.2,3298718
2021-05-14 09:45:19,112.15,3302589
2021-05-14 09:45:24,112.15,3305962
2021-05-14 09:45:28,112.15,3308202
2021-05-14 09:45:32,112.1,3308602
2021-05-14 09:45:36,112.15,3309198
2021-05-14 09:45:41,112.15,3311330
2021-05-14 09:45:49,112.1,3318469
2021-05-14 09:45:54,112.15,3319264
2021-05-14 09:45:58,112.2,3330994
2021-05-14 09:46:03,112.2,3333625
2021-05-14 09:46:08,112.2,3338817
2021-05-14 09:46:12,112.15,3340539
2021-05-14 09:46:16,112.2,3341264
2021-05-14 09:46:21,112.2,3344764
2021-05-14 09:46:26,112.2,3347764
2021-05-14 09:46:30,112.2,3348684
2021-05-14 09:46:35,112.2,3349136
2021-05-14 09:46:39,112.2,3352698
2021-05-14 09:46:44,112.25,3354005
2021-05-14 09:46:48,112.2,3354132
2021-05-14 09:46:52,112.35,3359682
2021-05-14 09:46:55,112.35,3361920
2021-05-14 09:47:00,112.25,3406539
2021-05-14 09:47:04,112.3,3408762
2021-05-14 09:47:08,112.4,3421240
2021-05-14 09:47:12,112.5,3426551
2021-05-14 09:47:16,112.5,3447050
2021-05-14 09:47:20,112.55,3447661
2021-05-14 09:47:23,112.6,3473274
2021-05-14 09:47:27,112.5,3474270
2021-05-14 09:47:30,112.6,3479019
2021-05-14 09:47:33,112.55,3479784
2021-05-14 09:47:37,112.6,3482694
2021-05-14 09:47:41,112.55,3486141
2021-05-14 09:47:45,112.6,3495847
2021-05-14 09:47:49,112.6,3496842
2021-05-14 09:47:52,112.6,3500482
2021-05-14 09:47:56,112.55,3502312
2021-05-14 09:48:01,112.6,3508191
2021-05-14 09:48:05,112.6,3508536
2021-05-14 09:48:10,112.6,3510436
2021-05-14 09:48:13,112.55,3512105
2021-05-14 09:48:17,112.65,3518062
2021-05-14 09:48:21,112.7,3547010
2021-05-14 09:48:25,112.65,3548820
2021-05-14 09:48:34,112.65,3552180
2021-05-14 09:48:39,112.75,3557593
2021-05-14 09:48:43,112.65,3558609
2021-05-14 09:48:47,112.7,3569908
2021-05-14 09:48:51,112.85,3586807
2021-05-14 09:48:55,112.85,3587587
2021-05-14 09:48:59,112.9,3590549
2021-05-14 09:49:03,112.9,3597801
2021-05-14 09:49:07,112.85,3599370
2021-05-14 09:49:10,112.8,3608695
2021-05-14 09:49:14,112.8,3615421
2021-05-14 09:49:18,112.85,3627715
2021-05-14 09:49:22,112.85,3628324
2021-05-14 09:49:27,112.75,3629157
2021-05-14 09:49:31,112.75,3633147
2021-05-14 09:49:35,112.75,3641236
2021-05-14 09:49:40,112.65,3644608
2021-05-14 09:49:44,112.7,3647679
2021-05-14 09:49:53,112.7,3648180
2021-05-14 09:49:57,112.7,3648730
2021-05-14 09:50:01,112.7,3649421
2021-05-14 09:50:06,112.6,3655871
2021-05-14 09:50:09,112.6,3656160
2021-05-14 09:50:13,112.7,3659030
2021-05-14 09:50:17,112.7,3659031
2021-05-14 09:50:21,112.8,3666738
2021-05-14 09:50:29,112.75,3679695
2021-05-14 09:50:33,112.8,3682350
2021-05-14 09:50:37,112.85,3682812
2021-05-14 09:50:42,112.75,3685520
2021-05-14 09:50:46,112.85,3687581
2021-05-14 09:50:50,112.85,3689270
2021-05-14 09:50:54,113.0,3811428
2021-05-14 09:50:59,112.95,3818027
2021-05-14 09:51:03,112.95,3819262
2021-05-14 09:51:07,112.9,3820166
2021-05-14 09:51:11,112.95,3820728
2021-05-14 09:51:20,112.85,3826288
2021-05-14 09:51:24,112.8,3827458
2021-05-14 09:51:28,112.85,3827799
2021-05-14 09:51:32,112.85,3828294
2021-05-14 09:51:36,112.85,3830335
2021-05-14 09:51:41,112.85,3833283
2021-05-14 09:51:45,112.85,3840117
2021-05-14 09:51:49,112.85,3842226
2021-05-14 09:51:53,112.9,3843145
2021-05-14 09:51:57,112.8,3847288
2021-05-14 09:52:01,112.85,3847920
2021-05-14 09:52:05,112.85,3848804
2021-05-14 09:52:08,112.8,3849420
2021-05-14 09:52:12,112.85,3849660
2021-05-14 09:52:16,112.85,3857111
2021-05-14 09:52:19,112.85,3857221
2021-05-14 09:52:24,112.75,3908803
2021-05-14 09:52:28,112.8,3912763
2021-05-14 09:52:32,112.75,3913263
2021-05-14 09:52:36,112.8,3915362
2021-05-14 09:52:40,112.8,3922097
2021-05-14 09:52:44,112.8,3922871
2021-05-14 09:52:48,112.8,3923069
2021-05-14 09:52:53,112.85,3923203
2021-05-14 09:52:57,112.9,3926352
2021-05-14 09:53:02,112.95,3928794
2021-05-14 09:53:06,112.9,3929453
2021-05-14 09:53:10,112.95,3931470
2021-05-14 09:53:18,112.95,3940292
2021-05-14 09:53:23,112.95,3941123
2021-05-14 09:53:27,113.0,3941163
2021-05-14 09:53:31,113.0,3946978
2021-05-14 09:53:35,113.0,3954200
2021-05-14 09:53:39,113.0,3954551
2021-05-14 09:53:43,112.9,3956660
2021-05-14 09:53:46,112.95,3956850
2021-05-14 09:53:50,113.0,3957873
2021-05-14 09:53:53,112.95,3963122
2021-05-14 09:53:57,112.9,3964705
2021-05-14 09:54:01,112.95,3965285
2021-05-14 09:54:05,112.95,3966323
2021-05-14 09:54:09,112.9,3966464
2021-05-14 09:54:13,112.95,3968406
2021-05-14 09:54:17,112.9,3969126
2021-05-14 09:54:22,112.95,3969760
2021-05-14 09:54:30,112.85,3976869
2021-05-14 09:54:34,112.9,3978822
2021-05-14 09:54:41,112.85,3983852
2021-05-14 09:54:45,112.8,3984154
2021-05-14 09:54:50,112.85,3985452
2021-05-14 09:54:54,112.75,3998077
2021-05-14 09:54:58,112.85,3998157
2021-05-14 09:55:02,112.8,3999056
2021-05-14 09:55:05,112.85,3999618
2021-05-14 09:55:09,112.85,4003713
2021-05-14 09:55:13,112.95,4030680
2021-05-14 09:55:21,113.0,4034658
2021-05-14 09:55:25,113.0,4072091
2021-05-14 09:55:29,112.95,4101057
2021-05-14 09:55:33,113.0,4101417
2021-05-14 09:55:37,113.05,4105165
2021-05-14 09:55:41,112.95,4119081
2021-05-14 09:55:46,112.8,4128947
2021-05-14 09:55:50,112.8,4129362
2021-05-14 09:55:54,112.8,4136831
2021-05-14 09:55:58,112.75,4136842
2021-05-14 09:56:07,112.8,4138233
2021-05-14 09:56:11,112.75,4139784
2021-05-14 09:56:15,112.85,4140992
2021-05-14 09:56:19,112.75,4141001
2021-05-14 09:56:24,112.85,4143160
2021-05-14 09:56:27,112.8,4143283
2021-05-14 09:56:31,112.9,4144904
2021-05-14 09:56:35,113.0,4146468
2021-05-14 09:56:39,112.95,4151916
2021-05-14 09:56:44,113.0,4152025
2021-05-14 09:56:47,112.9,4152811
2021-05-14 09:56:52,112.9,4153173
2021-05-14 09:56:56,112.9,4153275
2021-05-14 09:57:00,112.9,4153741
2021-05-14 09:57:04,112.8,4154017
2021-05-14 09:57:08,112.8,4155350
2021-05-14 09:57:11,112.85,4160501
2021-05-14 09:57:15,112.8,4167484
2021-05-14 09:57:19,112.85,4169590
2021-05-14 09:57:23,112.75,4169986
2021-05-14 09:57:26,112.8,4175206
2021-05-14 09:57:31,112.8,4178457
2021-05-14 09:57:35,112.9,4182882
2021-05-14 09:57:39,112.85,4183432
2021-05-14 09:57:43,112.9,4183446
2021-05-14 09:57:46,112.85,4183632
2021-05-14 09:57:50,112.95,4188579
2021-05-14 09:57:54,112.9,4188629
2021-05-14 09:57:57,112.95,4188732
2021-05-14 09:58:01,112.95,4190892
2021-05-14 09:58:05,112.95,4191216
2021-05-14 09:58:09,112.95,4191231
2021-05-14 09:58:12,112.95,4199322
2021-05-14 09:58:17,112.9,4200710
2021-05-14 09:58:21,112.9,4202142
2021-05-14 09:58:25,112.95,4203396
2021-05-14 09:58:28,112.95,4203607
2021-05-14 09:58:32,112.9,4203781
2021-05-14 09:58:36,112.9,4203890
2021-05-14 09:58:40,112.95,4205442
2021-05-14 09:58:44,112.9,4206325
2021-05-14 09:58:52,112.75,4228480
2021-05-14 09:58:56,112.85,4228681
2021-05-14 09:59:00,112.75,4228682
2021-05-14 09:59:04,112.75,4228852
2021-05-14 09:59:13,112.85,4232688
2021-05-14 09:59:17,112.8,4232939
2021-05-14 09:59:24,112.75,4234554
2021-05-14 09:59:28,112.85,4235091
2021-05-14 09:59:32,112.75,4236734
2021-05-14 09:59:35,112.8,4236899
2021-05-14 09:59:40,112.8,4244605
2021-05-14 09:59:44,112.75,4244614
2021-05-14 09:59:48,112.85,4245071
2021-05-14 09:59:52,112.75,4250786
2021-05-14 10:00:01,112.75,4252775
2021-05-14 10:00:05,112.75,4266133
2021-05-14 10:00:09,112.7,4271992
2021-05-14 10:00:13,112.7,4272119
2021-05-14 10:00:17,112.65,4272488
2021-05-14 10:00:22,112.65,4274153
2021-05-14 10:00:26,112.6,4275772
2021-05-14 10:00:31,112.6,4276473
2021-05-14 10:00:36,112.65,4281889
2021-05-14 10:00:40,112.65,4286477
2021-05-14 10:00:44,112.65,4286841
2021-05-14 10:00:48,112.65,4296925
2021-05-14 10:00:52,112.75,4303321
2021-05-14 10:00:56,112.8,4304983
2021-05-14 10:00:59,112.8,4305261
2021-05-14 10:01:04,112.75,4305762
2021-05-14 10:01:08,112.75,4307391
2021-05-14 10:01:12,112.8,4307569
2021-05-14 10:01:15,112.8,4307597
2021-05-14 10:01:19,112.8,4307711
2021-05-14 10:01:23,112.8,4318083
2021-05-14 10:01:27,112.8,4323924
2021-05-14 10:01:31,112.8,4324655
2021-05-14 10:01:34,112.9,4324656
2021-05-14 10:01:38,112.85,4324748
2021-05-14 10:01:42,112.95,4335597
2021-05-14 10:01:46,112.9,4335750
2021-05-14 10:01:50,112.9,4336981
2021-05-14 10:01:54,112.95,4337314
2021-05-14 10:01:58,113.05,4381343
2021-05-14 10:02:02,113.05,4382869
2021-05-14 10:02:05,113.1,4388011
2021-05-14 10:02:09,113.1,4399107
2021-05-14 10:02:14,113.1,4399372
2021-05-14 10:02:17,113.1,4400398
2021-05-14 10:02:21,113.1,4401565
2021-05-14 10:02:25,113.1,4406234
2021-05-14 10:02:30,113.1,4406703
2021-05-14 10:02:34,113.05,4407183
2021-05-14 10:02:38,113.05,4407240
2021-05-14 10:02:42,113.0,4407529
2021-05-14 10:02:45,113.1,4416964
2021-05-14 10:02:49,113.1,4417182
2021-05-14 10:02:53,113.1,4417261
2021-05-14 10:02:56,113.15,4417622
2021-05-14 10:03:00,113.15,4422823
2021-05-14 10:03:03,113.1,4423529
2021-05-14 10:03:07,113.15,4427424
2021-05-14 10:03:11,113.15,4427732
2021-05-14 10:03:14,113.2,4430370
2021-05-14 10:03:18,113.2,4430584
2021-05-14 10:03:21,113.2,4431675
2021-05-14 10:03:24,113.2,4433876
2021-05-14 10:03:28,113.1,4434030
2021-05-14 10:03:31,113.2,4436761
2021-05-14 10:03:35,113.2,4437417
2021-05-14 10:03:38,113.2,4438889
2021-05-14 10:03:42,113.1,4443147
2021-05-14 10:03:45,113.2,4444662
2021-05-14 10:03:49,113.15,4445548
2021-05-14 10:03:52,113.15,4447205
2021-05-14 10:03:56,113.15,4449951
2021-05-14 10:03:59,113.1,4450555
2021-05-14 10:04:08,113.05,4455286
2021-05-14 10:04:12,113.05,4459056
2021-05-14 10:04:15,113.05,4459095
2021-05-14 10:04:19,113.0,4459210
2021-05-14 10:04:24,113.05,4459500
2021-05-14 10:04:28,113.05,4459510
2021-05-14 10:04:31,113.05,4462944
2021-05-14 10:04:37,113.0,4467277
2021-05-14 10:04:40,113.05,4468386
2021-05-14 10:04:43,113.15,4472055
2021-05-14 10:04:50,113.15,4472100
2021-05-14 10:04:54,113.15,4473412
2021-05-14 10:04:58,113.05,4474999
2021-05-14 10:05:01,113.05,4475017
2021-05-14 10:05:05,113.15,4476862
2021-05-14 10:05:09,113.05,4476978
2021-05-14 10:05:13,113.1,4488418
2021-05-14 10:05:16,113.15,4488961
2021-05-14 10:05:20,113.15,4489027
2021-05-14 10:05:24,113.05,4489998
2021-05-14 10:05:29,113.15,4490058
2021-05-14 10:05:33,112.95,4512106
2021-05-14 10:05:36,112.95,4512867
2021-05-14 10:05:40,113.05,4513406
2021-05-14 10:05:44,113.05,4513433
2021-05-14 10:05:48,113.05,4513534
2021-05-14 10:05:51,113.05,4515157
2021-05-14 10:05:55,113.0,4515939
2021-05-14 10:05:58,113.05,4516141
2021-05-14 10:06:01,113.05,4516163
2021-05-14 10:06:05,113.05,4516599
2021-05-14 10:06:09,113.05,4517500
2021-05-14 10:06:13,113.05,4518144
2021-05-14 10:06:17,113.05,4519620
2021-05-14 10:06:21,113.05,4519734
2021-05-14 10:06:24,113.05,4519779
2021-05-14 10:06:28,113.05,4520815
2021-05-14 10:06:31,113.0,4523826
2021-05-14 10:06:35,113.0,4523827
2021-05-14 10:06:38,112.95,4524360
2021-05-14 10:06:42,113.0,4524720
2021-05-14 10:06:45,113.0,4524721
2021-05-14 10:06:49,112.95,4536474
2021-05-14 10:06:52,112.85,4537191
2021-05-14 10:06:56,112.85,4538892
2021-05-14 10:07:00,112.85,4539568
2021-05-14 10:07:03,112.8,4542739
2021-05-14 10:07:07,112.8,4546671
2021-05-14 10:07:11,112.75,4548424
2021-05-14 10:07:19,112.75,4548603
2021-05-14 10:07:23,112.8,4549919
2021-05-14 10:07:27,112.75,4550919
2021-05-14 10:07:31,112.8,4553530
2021-05-14 10:07:34,112.8,4553530
2021-05-14 10:07:38,112.8,4553562
2021-05-14 10:07:41,112.75,4554174
2021-05-14 10:07:45,112.75,4554374
2021-05-14 10:07:49,112.75,4555433
2021-05-14 10:07:53,112.75,4557143
2021-05-14 10:07:56,112.7,4557145
2021-05-14 10:07:59,112.75,4557188
2021-05-14 10:08:02,112.75,4557289
2021-05-14 10:08:06,112.75,4557414
2021-05-14 10:08:10,112.7,4574898
2021-05-14 10:08:14,112.75,4575819
2021-05-14 10:08:18,112.75,4585827
2021-05-14 10:08:21,112.75,4585907
2021-05-14 10:08:25,112.75,4587030
2021-05-14 10:08:28,112.7,4587081
2021-05-14 10:08:32,112.75,4587103
2021-05-14 10:08:35,112.75,4587202
2021-05-14 10:08:39,112.75,4587491
2021-05-14 10:08:43,112.75,4587512
2021-05-14 10:08:46,112.75,4588359
2021-05-14 10:08:50,112.75,4588363
2021-05-14 10:08:54,112.75,4589152
2021-05-14 10:08:58,112.8,4595595
2021-05-14 10:09:02,112.8,4595858
2021-05-14 10:09:07,112.75,4596609
2021-05-14 10:09:11,112.8,4597283
2021-05-14 10:09:16,112.85,4599001
2021-05-14 10:09:20,112.75,4600271
2021-05-14 10:09:24,112.8,4600676
2021-05-14 10:09:28,112.8,4600723
2021-05-14 10:09:32,112.8,4600724
2021-05-14 10:09:36,112.8,4600779
2021-05-14 10:09:40,112.8,4601780
2021-05-14 10:09:43,112.85,4603977
2021-05-14 10:09:47,112.85,4604253
2021-05-14 10:09:50,112.85,4604487
2021-05-14 10:09:53,112.8,4604560
2021-05-14 10:09:57,112.85,4604969
2021-05-14 10:10:00,112.8,4611178
2021-05-14 10:10:04,112.75,4621192
2021-05-14 10:10:07,112.75,4621510
2021-05-14 10:10:11,112.8,4622191
2021-05-14 10:10:14,112.85,4623628
2021-05-14 10:10:17,112.75,4623794
2021-05-14 10:10:20,112.85,4624176
2021-05-14 10:10:23,112.75,4624317
2021-05-14 10:10:27,112.8,4624318
2021-05-14 10:10:30,112.8,4624418
2021-05-14 10:10:33,112.75,4624726
2021-05-14 10:10:37,112.8,4624810
2021-05-14 10:10:45,112.75,4637455
2021-05-14 10:10:49,112.75,4638975
2021-05-14 10:10:52,112.75,4639080
2021-05-14 10:10:56,112.75,4639145
2021-05-14 10:11:00,112.75,4639222
2021-05-14 10:11:04,112.7,4640356
2021-05-14 10:11:08,112.7,4640624
2021-05-14 10:11:12,112.75,4641183
2021-05-14 10:11:16,112.7,4642036
2021-05-14 10:11:19,112.65,4650149
2021-05-14 10:11:23,112.7,4652909
2021-05-14 10:11:26,112.65,4653490
2021-05-14 10:11:30,112.65,4653689
2021-05-14 10:11:33,112.65,4654372
2021-05-14 10:11:36,112.7,4654404
2021-05-14 10:11:39,112.65,4654529
2021-05-14 10:11:43,112.65,4654599
2021-05-14 10:11:46,112.7,4654600
2021-05-14 10:11:50,112.7,4657728
2021-05-14 10:11:54,112.7,4657850
2021-05-14 10:11:57,112.7,4659758
2021-05-14 10:12:02,112.75,4659945
2021-05-14 10:12:06,112.7,4662381
2021-05-14 10:12:09,112.75,4662743
2021-05-14 10:12:12,112.7,4663014
2021-05-14 10:12:16,112.7,4663114
2021-05-14 10:12:20,112.75,4663317
2021-05-14 10:12:24,112.75,4664289
2021-05-14 10:12:28,112.75,4664806
2021-05-14 10:12:32,112.65,4671371
2021-05-14 10:12:35,112.7,4673820
2021-05-14 10:12:39,112.55,4725008
2021-05-14 10:12:43,112.65,4732399
2021-05-14 10:12:46,112.6,4732494
2021-05-14 10:12:50,112.65,4732781
2021-05-14 10:12:54,112.65,4733094
2021-05-14 10:13:06,112.6,4738045
2021-05-14 10:13:10,112.65,4738047
2021-05-14 10:13:13,112.6,4738239
2021-05-14 10:13:17,112.6,4738868
2021-05-14 10:13:21,112.6,4739454
2021-05-14 10:13:25,112.65,4750391
2021-05-14 10:13:28,112.6,4764078
2021-05-14 10:13:32,112.5,4794047
2021-05-14 10:13:40,112.5,4806923
2021-05-14 10:13:44,112.45,4813524
2021-05-14 10:13:48,112.45,4814865
2021-05-14 10:13:52,112.35,4815393
2021-05-14 10:14:01,112.3,4830268
2021-05-14 10:14:05,112.35,4833991
2021-05-14 10:14:09,112.4,4837981
2021-05-14 10:14:13,112.4,4844615
2021-05-14 10:14:17,112.45,4845721
2021-05-14 10:14:21,112.45,4846454
2021-05-14 10:14:25,112.4,4851952
2021-05-14 10:14:29,112.35,4857420
2021-05-14 10:14:33,112.35,4857945
2021-05-14 10:14:37,112.35,4858738
2021-05-14 10:14:40,112.35,4859439
2021-05-14 10:14:45,112.4,4859953
2021-05-14 10:14:49,112.35,4861619
2021-05-14 10:14:53,112.35,4862146
2021-05-14 10:14:56,112.35,4862620
2021-05-14 10:15:00,112.35,4865408
2021-05-14 10:15:04,112.35,4865606
2021-05-14 10:15:09,112.25,4868180
2021-05-14 10:15:13,112.3,4868409
2021-05-14 10:15:17,112.3,4868819
2021-05-14 10:15:21,112.3,4869501
2021-05-14 10:15:25,112.3,4870053
2021-05-14 10:15:29,112.25,4870942
2021-05-14 10:15:33,112.3,4871479
2021-05-14 10:15:37,112.25,4872782
2021-05-14 10:15:41,112.25,4874904
2021-05-14 10:15:45,112.25,4876267
2021-05-14 10:15:49,112.2,4876489
2021-05-14 10:15:53,112.25,4890918
2021-05-14 10:15:57,112.2,4891310
2021-05-14 10:16:01,112.2,4892042
2021-05-14 10:16:05,112.2,4904606
2021-05-14 10:16:09,112.2,4908770
2021-05-14 10:16:14,112.2,4912055
2021-05-14 10:16:18,112.25,4933856
2021-05-14 10:16:22,112.35,4934956
2021-05-14 10:16:26,112.15,4951408
2021-05-14 10:16:30,112.15,4951863
2021-05-14 10:16:33,112.15,4952645
2021-05-14 10:16:36,112.15,4952931
2021-05-14 10:16:40,112.3,4954669
2021-05-14 10:16:43,112.3,4954753
2021-05-14 10:16:47,112.25,4956673
2021-05-14 10:16:50,112.3,4956768
2021-05-14 10:16:55,112.3,4966557
2021-05-14 10:16:58,112.3,4972591
2021-05-14 10:17:03,112.25,4982615
2021-05-14 10:17:15,112.2,4998701
2021-05-14 10:17:19,112.2,4999521
2021-05-14 10:17:23,112.2,5002498
2021-05-14 10:17:27,112.2,5003660
2021-05-14 10:17:31,112.25,5012911
2021-05-14 10:17:34,112.2,5022097
2021-05-14 10:17:39,112.15,5023150
2021-05-14 10:17:43,112.1,5026086
2021-05-14 10:17:46,112.1,5048920
2021-05-14 10:17:51,112.0,5058080
2021-05-14 10:17:54,112.0,5084483
2021-05-14 10:17:58,111.95,5097020
2021-05-14 10:18:01,111.95,5099465
2021-05-14 10:18:04,112.1,5127929
2021-05-14 10:18:09,112.05,5139253
2021-05-14 10:18:13,112.05,5150306
2021-05-14 10:18:17,112.05,5154107
2021-05-14 10:18:21,112.0,5165571
2021-05-14 10:18:25,112.0,5165968
2021-05-14 10:18:28,111.95,5166946
2021-05-14 10:18:32,112.0,5173525
2021-05-14 10:18:36,111.95,5177872
2021-05-14 10:18:39,111.9,5179613
2021-05-14 10:18:46,111.95,5181448
2021-05-14 10:18:50,112.0,5182249
2021-05-14 10:18:54,112.0,5182566
2021-05-14 10:18:58,111.95,5182651
2021-05-14 10:19:01,111.95,5184631
2021-05-14 10:19:05,111.95,5186375
2021-05-14 10:19:08,112.0,5187013
2021-05-14 10:19:12,111.95,5192273
2021-05-14 10:19:15,112.0,5193326
2021-05-14 10:19:19,112.0,5193927
2021-05-14 10:19:22,111.9,5200058
2021-05-14 10:19:25,111.9,5207699
2021-05-14 10:19:29,111.9,5218578
2021-05-14 10:19:34,111.9,5223980
2021-05-14 10:19:38,111.9,5229491
2021-05-14 10:19:41,111.8,5230147
2021-05-14 10:19:45,111.85,5230669
2021-05-14 10:19:48,111.8,5233829
2021-05-14 10:19:51,111.8,5235803
2021-05-14 10:19:55,111.8,5240270
2021-05-14 10:19:58,111.9,5245834
2021-05-14 10:20:02,111.9,5249816
2021-05-14 10:20:06,112.0,5254379
2021-05-14 10:20:10,111.95,5255011
2021-05-14 10:20:15,112.0,5256326
2021-05-14 10:20:19,111.95,5257104
2021-05-14 10:20:23,112.0,5262949
2021-05-14 10:20:26,111.95,5263661
2021-05-14 10:20:30,111.9,5269046
2021-05-14 10:20:33,112.0,5272685
2021-05-14 10:20:37,111.9,5273021
2021-05-14 10:20:40,111.9,5274798
2021-05-14 10:20:44,112.0,5275203
2021-05-14 10:20:48,111.95,5276970
2021-05-14 10:20:52,111.95,5277378
2021-05-14 10:20:55,111.9,5278312
2021-05-14 10:20:59,111.9,5278710
2021-05-14 10:21:02,111.95,5279344
2021-05-14 10:21:05,111.9,5281588
2021-05-14 10:21:09,111.95,5282320
2021-05-14 10:21:13,111.95,5282785
2021-05-14 10:21:17,111.95,5283229
2021-05-14 10:21:20,111.9,5284542
2021-05-14 10:21:24,111.95,5286185
2021-05-14 10:21:27,111.9,5286942
2021-05-14 10:21:30,111.9,5287600
2021-05-14 10:21:33,111.9,5288262
2021-05-14 10:21:37,111.95,5288805
2021-05-14 10:21:41,111.95,5289186
2021-05-14 10:21:45,111.9,5290106
2021-05-14 10:21:49,111.9,5290610
2021-05-14 10:21:53,111.95,5290784
2021-05-14 10:21:56,111.95,5301374
2021-05-14 10:22:00,112.0,5303596
2021-05-14 10:22:04,112.0,5305300
2021-05-14 10:22:08,112.0,5306739
2021-05-14 10:22:11,112.05,5321420
2021-05-14 10:22:15,112.0,5324117
2021-05-14 10:22:19,112.0,5328621
2021-05-14 10:22:22,112.05,5333779
2021-05-14 10:22:26,112.0,5337765
2021-05-14 10:22:30,112.0,5338688
2021-05-14 10:22:33,112.0,5340872
2021-05-14 10:22:37,112.05,5341920
2021-05-14 10:22:40,112.1,5345056
2021-05-14 10:22:44,112.05,5346235
2021-05-14 10:22:47,112.05,5346580
2021-05-14 10:22:50,112.05,5347771
2021-05-14 10:22:54,112.05,5348181
2021-05-14 10:22:58,112.0,5366665
2021-05-14 10:23:02,111.9,5366802
2021-05-14 10:23:06,111.95,5367512
2021-05-14 10:23:09,111.9,5368298
2021-05-14 10:23:12,111.9,5368822
2021-05-14 10:23:16,111.9,5372275
2021-05-14 10:23:19,111.9,5379316
2021-05-14 10:23:22,111.95,5381008
2021-05-14 10:23:26,111.9,5381566
2021-05-14 10:23:29,111.95,5382130
2021-05-14 10:23:32,111.9,5382381
2021-05-14 10:23:35,111.9,5383322
2021-05-14 10:23:39,111.95,5385065
2021-05-14 10:23:43,111.95,5385787
2021-05-14 10:23:46,111.95,5386620
2021-05-14 10:23:51,111.95,5386895
2021-05-14 10:23:54,111.95,5386981
2021-05-14 10:23:58,111.9,5387119
2021-05-14 10:24:01,111.95,5387156
2021-05-14 10:24:05,111.95,5387222
2021-05-14 10:24:08,111.9,5387912
2021-05-14 10:24:12,111.95,5390193
2021-05-14 10:24:15,111.95,5391683
2021-05-14 10:24:20,112.0,5392134
2021-05-14 10:24:23,112.0,5392519
2021-05-14 10:24:27,112.0,5392605
2021-05-14 10:24:30,112.0,5392722
2021-05-14 10:24:34,111.95,5392746
2021-05-14 10:24:36,111.95,5392831
2021-05-14 10:24:40,112.0,5403998
2021-05-14 10:24:43,111.95,5405408
2021-05-14 10:24:47,112.0,5409754
2021-05-14 10:24:50,112.0,5411443
2021-05-14 10:24:53,111.95,5411922
2021-05-14 10:24:56,112.0,5412048
2021-05-14 10:24:59,112.0,5417862
2021-05-14 10:25:02,112.0,5419063
2021-05-14 10:25:06,112.0,5419589
2021-05-14 10:25:09,112.05,5421428
2021-05-14 10:25:12,112.0,5422305
2021-05-14 10:25:16,111.95,5423284
2021-05-14 10:25:19,112.05,5423860
2021-05-14 10:25:23,112.05,5424457
2021-05-14 10:25:27,112.0,5424478
2021-05-14 10:25:31,112.0,5424623
2021-05-14 10:25:34,111.95,5424843
2021-05-14 10:25:37,111.95,5425224
2021-05-14 10:25:41,111.95,5426094
2021-05-14 10:25:45,111.95,5426362
2021-05-14 10:25:48,112.0,5428008
2021-05-14 10:25:52,112.0,5428604
2021-05-14 10:25:55,112.0,5428826
2021-05-14 10:25:59,112.0,5428877
2021-05-14 10:26:02,111.95,5434349
2021-05-14 10:26:06,111.95,5435522
2021-05-14 10:26:08,112.0,5436040
2021-05-14 10:26:12,112.0,5436395
2021-05-14 10:26:15,111.95,5437094
2021-05-14 10:26:21,111.9,5437885
2021-05-14 10:26:25,111.85,5449863
2021-05-14 10:26:28,111.9,5453274
2021-05-14 10:26:31,111.8,5458279
2021-05-14 10:26:34,111.85,5461781
2021-05-14 10:26:37,111.85,5466901
2021-05-14 10:26:40,111.85,5468167
2021-05-14 10:26:44,111.8,5469098
2021-05-14 10:26:46,111.85,5471033
2021-05-14 10:26:50,111.85,5471520
2021-05-14 10:26:53,111.9,5473956
2021-05-14 10:26:55,111.8,5474853
2021-05-14 10:26:58,111.8,5474995
2021-05-14 10:27:01,111.85,5475029
2021-05-14 10:27:04,111.85,5475150
2021-05-14 10:27:07,111.85,5475207
2021-05-14 10:27:10,111.85,5475273
2021-05-14 10:27:13,111.85,5475287
2021-05-14 10:27:16,111.9,5475910
2021-05-14 10:27:19,111.9,5478117
2021-05-14 10:27:23,111.85,5478151
2021-05-14 10:27:27,111.8,5479626
2021-05-14 10:27:30,111.8,5479921
2021-05-14 10:27:38,111.85,5482073
2021-05-14 10:27:41,111.85,5482672
2021-05-14 10:27:45,111.85,5483459
2021-05-14 10:27:48,111.85,5484537
2021-05-14 10:27:55,111.8,5486177
2021-05-14 10:27:59,111.85,5486585
2021-05-14 10:28:02,111.8,5491676
2021-05-14 10:28:05,111.85,5493078
2021-05-14 10:28:09,111.8,5494053
2021-05-14 10:28:13,111.8,5494648
2021-05-14 10:28:17,111.8,5496561
2021-05-14 10:28:21,111.8,5510847
2021-05-14 10:28:25,111.7,5510990
2021-05-14 10:28:29,111.7,5511134
2021-05-14 10:28:33,111.7,5514428
2021-05-14 10:28:37,111.7,5515625
2021-05-14 10:28:41,111.8,5519691
2021-05-14 10:28:45,111.7,5520131
2021-05-14 10:28:48,111.7,5521179
2021-05-14 10:28:52,111.7,5524188
2021-05-14 10:28:55,111.7,5527223
2021-05-14 10:28:58,111.75,5527848
2021-05-14 10:29:02,111.7,5531204
2021-05-14 10:29:05,111.75,5533219
2021-05-14 10:29:08,111.75,5534273
2021-05-14 10:29:11,111.75,5534754
2021-05-14 10:29:14,111.7,5534867
2021-05-14 10:29:18,111.75,5538029
2021-05-14 10:29:25,111.7,5542789
2021-05-14 10:29:28,111.75,5545187
2021-05-14 10:29:32,111.7,5546508
2021-05-14 10:29:36,111.75,5547375
2021-05-14 10:29:39,111.75,5547550
2021-05-14 10:29:43,111.7,5547652
2021-05-14 10:29:47,111.75,5548230
2021-05-14 10:29:51,111.7,5555449
2021-05-14 10:29:54,111.65,5561565
2021-05-14 10:29:58,111.7,5561968
2021-05-14 10:30:02,111.65,5563259
2021-05-14 10:30:06,111.65,5570717
2021-05-14 10:30:11,111.7,5573798
2021-05-14 10:30:14,111.75,5581169
2021-05-14 10:30:23,111.75,5588047
2021-05-14 10:30:27,111.75,5588360
2021-05-14 10:30:31,111.75,5589322
2021-05-14 10:30:34,111.7,5589714
2021-05-14 10:30:38,111.7,5591230
2021-05-14 10:30:42,111.7,5591594
2021-05-14 10:30:46,111.75,5593120
2021-05-14 10:30:50,111.75,5594788
2021-05-14 10:30:54,111.75,5595805
2021-05-14 10:30:58,111.7,5596779
2021-05-14 10:31:01,111.75,5604558
2021-05-14 10:31:05,111.75,5605138
2021-05-14 10:31:12,111.7,5610569
2021-05-14 10:31:15,111.7,5611502
2021-05-14 10:31:19,111.6,5618326
2021-05-14 10:31:22,111.6,5621884
2021-05-14 10:31:25,111.65,5622601
2021-05-14 10:31:29,111.6,5623361
2021-05-14 10:31:33,111.6,5623921
2021-05-14 10:31:41,111.6,5624875
2021-05-14 10:31:45,111.6,5626255
2021-05-14 10:31:49,111.6,5631126
2021-05-14 10:31:53,111.65,5632314
2021-05-14 10:31:56,111.6,5636641
2021-05-14 10:32:00,111.55,5643584
2021-05-14 10:32:03,111.55,5646985
2021-05-14 10:32:06,111.65,5647705
2021-05-14 10:32:10,111.55,5648078
2021-05-14 10:32:13,111.65,5651805
2021-05-14 10:32:16,111.7,5700655
2021-05-14 10:32:19,111.75,5713703
2021-05-14 10:32:22,111.65,5714590
2021-05-14 10:32:25,111.65,5718075
2021-05-14 10:32:28,111.75,5719787
2021-05-14 10:32:32,111.7,5720741
2021-05-14 10:32:35,111.65,5720924
2021-05-14 10:32:38,111.6,5721269
2021-05-14 10:32:41,111.7,5722383
2021-05-14 10:32:44,111.9,5809991
2021-05-14 10:32:47,111.9,5817003
2021-05-14 10:32:50,111.8,5833002
2021-05-14 10:32:53,111.9,5837612
2021-05-14 10:32:57,111.8,5839012
2021-05-14 10:33:01,111.8,5841245
2021-05-14 10:33:04,111.85,5841987
2021-05-14 10:33:08,111.85,5842940
2021-05-14 10:33:11,111.85,5843176
2021-05-14 10:33:14,111.85,5843387
2021-05-14 10:33:18,111.85,5843631
2021-05-14 10:33:21,111.85,5844337
2021-05-14 10:33:25,111.85,5848175
2021-05-14 10:33:28,111.9,5851767
2021-05-14 10:33:32,111.85,5851870
2021-05-14 10:33:35,111.8,5854170
2021-05-14 10:33:40,111.85,5854632
2021-05-14 10:33:43,111.9,5855782
2021-05-14 10:33:47,111.9,5857504
2021-05-14 10:33:51,111.95,5857990
2021-05-14 10:33:55,112.05,5903942
2021-05-14 10:33:58,112.0,5908365
2021-05-14 10:34:02,112.1,5914886
2021-05-14 10:34:06,112.1,5915959
2021-05-14 10:34:09,112.15,5917342
2021-05-14 10:34:12,112.15,5919483
2021-05-14 10:34:16,112.15,5930442
2021-05-14 10:34:20,112.25,5955953
2021-05-14 10:34:24,112.35,5957225
2021-05-14 10:34:27,112.35,5960751
2021-05-14 10:34:31,112.2,6023619
2021-05-14 10:34:34,112.25,6024504
2021-05-14 10:34:37,112.2,6024839
2021-05-14 10:34:41,112.2,6026465
2021-05-14 10:34:45,112.25,6031331
2021-05-14 10:34:48,112.3,6035467
2021-05-14 10:34:51,112.25,6039517
2021-05-14 10:34:54,112.25,6041517
2021-05-14 10:34:58,112.25,6049852
2021-05-14 10:35:01,112.3,6058119
2021-05-14 10:35:05,112.35,6062019
2021-05-14 10:35:08,112.35,6097036
2021-05-14 10:35:11,112.4,6101717
2021-05-14 10:35:14,112.4,6102725
2021-05-14 10:35:18,112.45,6106886
2021-05-14 10:35:22,112.45,6109254
2021-05-14 10:35:25,112.35,6110285
2021-05-14 10:35:29,112.35,6115612
2021-05-14 10:35:32,112.4,6118657
2021-05-14 10:35:35,112.35,6120339
2021-05-14 10:35:38,112.35,6134802
2021-05-14 10:35:41,112.35,6135173
2021-05-14 10:35:43,112.35,6138246
2021-05-14 10:35:48,112.4,6138659
2021-05-14 10:35:51,112.35,6139728
2021-05-14 10:35:55,112.35,6140886
2021-05-14 10:35:58,112.35,6141118
2021-05-14 10:36:00,112.35,6141406
2021-05-14 10:36:04,112.35,6145902
2021-05-14 10:36:07,112.3,6149583
2021-05-14 10:36:10,112.3,6149684
2021-05-14 10:36:13,112.35,6149830
2021-05-14 10:36:16,112.35,6150538
2021-05-14 10:36:19,112.25,6152947
2021-05-14 10:36:22,112.2,6154358
2021-05-14 10:36:25,112.3,6155195
2021-05-14 10:36:29,112.2,6155396
2021-05-14 10:36:33,112.2,6156384
2021-05-14 10:36:38,112.2,6157211
2021-05-14 10:36:41,112.2,6157623
2021-05-14 10:36:44,112.2,6159822
2021-05-14 10:36:48,112.25,6160354
2021-05-14 10:36:50,112.25,6160602
2021-05-14 10:36:53,112.2,6161204
2021-05-14 10:36:56,112.2,6161329
2021-05-14 10:37:01,112.2,6161709
2021-05-14 10:37:04,112.25,6161867
2021-05-14 10:37:06,112.25,6162100
2021-05-14 10:37:10,112.2,6162146
2021-05-14 10:37:13,112.25,6162685
2021-05-14 10:37:16,112.25,6163674
2021-05-14 10:37:19,112.25,6163972
2021-05-14 10:37:22,112.25,6165298
2021-05-14 10:37:25,112.25,6165663
2021-05-14 10:37:28,112.25,6165844
2021-05-14 10:37:31,112.25,6166127
2021-05-14 10:37:34,112.25,6166254
2021-05-14 10:37:40,112.2,6167693
2021-05-14 10:37:43,112.25,6168316
2021-05-14 10:37:46,112.2,6168440
2021-05-14 10:37:53,112.25,6170760
2021-05-14 10:37:55,112.25,6173019
2021-05-14 10:37:58,112.2,6173492
2021-05-14 10:38:01,112.2,6174817
2021-05-14 10:38:04,112.2,6175209
2021-05-14 10:38:07,112.2,6175737
2021-05-14 10:38:10,112.25,6176063
2021-05-14 10:38:13,112.25,6176229
2021-05-14 10:38:16,112.25,6176563
2021-05-14 10:38:19,112.25,6178367
2021-05-14 10:38:22,112.2,6178764
2021-05-14 10:38:25,112.2,6178949
2021-05-14 10:38:28,112.2,6179006
2021-05-14 10:38:32,112.2,6179068
2021-05-14 10:38:35,112.25,6179583
2021-05-14 10:38:37,112.25,6179768
2021-05-14 10:38:41,112.2,6179815
2021-05-14 10:38:44,112.2,6185819
2021-05-14 10:38:47,112.15,6188043
2021-05-14 10:38:49,112.1,6190589
2021-05-14 10:38:52,112.2,6190679
2021-05-14 10:38:55,112.15,6190737
2021-05-14 10:38:57,112.1,6192853
2021-05-14 10:39:01,112.1,6193466
2021-05-14 10:39:04,112.1,6193789
2021-05-14 10:39:07,112.15,6194391
2021-05-14 10:39:10,112.15,6199354
2021-05-14 10:39:13,112.1,6203931
2021-05-14 10:39:16,112.05,6210047
2021-05-14 10:39:19,112.15,6212616
2021-05-14 10:39:23,112.1,6213248
2021-05-14 10:39:27,112.05,6213838
2021-05-14 10:39:30,112.05,6213969
2021-05-14 10:39:34,112.0,6214649
2021-05-14 10:39:38,112.05,6215939
2021-05-14 10:39:42,112.1,6224541
2021-05-14 10:39:46,112.15,6226673
2021-05-14 10:39:49,112.15,6227119
2021-05-14 10:39:53,112.1,6227351
2021-05-14 10:39:56,112.1,6227598
2021-05-14 10:39:59,112.1,6227647
2021-05-14 10:40:03,112.15,6227660
2021-05-14 10:40:07,112.15,6227908
2021-05-14 10:40:10,112.15,6228467
2021-05-14 10:40:13,112.15,6228580
2021-05-14 10:40:16,112.1,6228619
2021-05-14 10:40:19,112.15,6244231
2021-05-14 10:40:23,112.2,6247942
2021-05-14 10:40:26,112.2,6248913
2021-05-14 10:40:30,112.15,6249395
2021-05-14 10:40:34,112.2,6249719
2021-05-14 10:40:38,112.15,6250921
2021-05-14 10:40:41,112.15,6251162
2021-05-14 10:40:44,112.15,6251906
2021-05-14 10:40:47,112.15,6252195
2021-05-14 10:40:50,112.2,6252695
2021-05-14 10:40:53,112.2,6252816
2021-05-14 10:40:56,112.25,6271342
2021-05-14 10:41:00,112.3,6276034
2021-05-14 10:41:04,112.3,6277101
2021-05-14 10:41:07,112.3,6277552
2021-05-14 10:41:10,112.3,6277975
2021-05-14 10:41:14,112.3,6280396
2021-05-14 10:41:17,112.25,6281065
2021-05-14 10:41:20,112.3,6281234
2021-05-14 10:41:24,112.25,6282469
2021-05-14 10:41:28,112.25,6285354
2021-05-14 10:41:31,112.3,6285985
2021-05-14 10:41:35,112.3,6291112
2021-05-14 10:41:38,112.3,6292779
2021-05-14 10:41:42,112.25,6293113
2021-05-14 10:41:45,112.3,6293815
2021-05-14 10:41:49,112.3,6293958
2021-05-14 10:41:53,112.3,6307926
2021-05-14 10:41:56,112.3,6311731
2021-05-14 10:42:00,112.3,6312509
2021-05-14 10:42:03,112.35,6312723
2021-05-14 10:42:07,112.3,6316542
2021-05-14 10:42:10,112.3,6316543
2021-05-14 10:47:50,112.75,6537616
2021-05-14 10:47:53,112.75,6540749
2021-05-14 10:47:57,112.7,6540936
2021-05-14 10:48:00,112.65,6542153
2021-05-14 10:48:03,112.6,6547797
2021-05-14 10:48:06,112.6,6548414
2021-05-14 10:48:09,112.55,6551594
2021-05-14 10:48:12,112.6,6552927
2021-05-14 10:48:14,112.6,6552927
2021-05-14 10:48:17,112.65,6552935
2021-05-14 10:48:20,112.65,6554247
2021-05-14 10:48:22,112.6,6556302
2021-05-14 10:48:25,112.6,6557192
2021-05-14 10:48:28,112.6,6557208
2021-05-14 10:48:34,112.55,6583203
2021-05-14 10:48:38,112.55,6584208
2021-05-14 10:48:41,112.5,6587554
2021-05-14 10:48:44,112.5,6592605
2021-05-14 10:48:47,112.45,6595871
2021-05-14 10:48:51,112.5,6615906
2021-05-14 10:48:55,112.5,6616834
2021-05-14 10:48:59,112.6,6623027
2021-05-14 10:49:02,112.6,6623598
2021-05-14 10:49:06,112.6,6628003
2021-05-14 10:49:09,112.6,6668504
2021-05-14 10:49:12,112.6,6672104
2021-05-14 10:49:15,112.6,6672121
2021-05-14 10:49:19,112.65,6710887
2021-05-14 10:49:23,112.6,6711123
2021-05-14 10:49:26,112.65,6711625
2021-05-14 10:49:30,112.65,6712988
2021-05-14 10:49:33,112.7,6715124
2021-05-14 10:49:36,112.75,6720371
2021-05-14 10:49:40,112.75,6729991
2021-05-14 10:49:43,112.75,6730001
2021-05-14 10:49:46,112.8,6730355
2021-05-14 10:49:49,112.75,6732313
2021-05-14 10:49:52,112.75,6732546
2021-05-14 10:49:55,112.8,6732797
2021-05-14 10:49:58,112.75,6732875
2021-05-14 10:50:01,112.8,6734127
2021-05-14 10:50:05,112.8,6735528
2021-05-14 10:50:09,112.8,6745141
2021-05-14 10:50:12,112.8,6745188
2021-05-14 10:50:15,112.75,6746313
2021-05-14 10:50:24,112.7,6750227
2021-05-14 10:50:26,112.7,6750733
2021-05-14 10:50:29,112.65,6752972
2021-05-14 10:50:31,112.65,6754072
2021-05-14 10:50:34,112.65,6754916
2021-05-14 10:50:36,112.7,6756162
2021-05-14 10:50:40,112.75,6766958
2021-05-14 10:50:43,112.8,6770517
2021-05-14 10:50:46,112.95,6788588
2021-05-14 10:50:50,112.95,6792133
2021-05-14 10:50:53,113.0,6802622
2021-05-14 10:50:56,113.0,6802683
2021-05-14 10:50:59,112.95,6803735
2021-05-14 10:51:05,112.95,6813453
2021-05-14 10:51:08,112.95,6814191
2021-05-14 10:51:10,112.95,6816133
2021-05-14 10:51:13,112.9,6821970
2021-05-14 10:51:16,112.85,6825469
2021-05-14 10:51:19,112.85,6825827
2021-05-14 10:51:22,112.9,6826814
2021-05-14 10:51:26,112.85,6827894
2021-05-14 10:51:29,112.85,6827894
2021-05-14 10:51:32,112.85,6828396
2021-05-14 10:51:35,112.85,6829117
2021-05-14 10:51:38,112.85,6829151
2021-05-14 10:51:40,112.85,6829207
2021-05-14 10:51:43,112.9,6829823
2021-05-14 10:51:45,112.9,6829929
2021-05-14 10:51:48,112.9,6830542
2021-05-14 10:51:51,112.85,6839976
2021-05-14 10:51:54,112.85,6840476
2021-05-14 10:51:57,112.9,6840944
2021-05-14 10:52:00,112.9,6841175
2021-05-14 10:52:07,112.95,6847831
2021-05-14 10:52:10,112.9,6847931
2021-05-14 10:52:12,112.95,6848082
2021-05-14 10:52:15,112.95,6848893
2021-05-14 10:52:18,112.95,6849247
2021-05-14 10:52:21,112.9,6849601
2021-05-14 10:52:30,112.85,6854999
2021-05-14 10:52:34,112.8,6856416
2021-05-14 10:52:38,112.8,6856623
2021-05-14 10:52:45,112.8,6857211
2021-05-14 10:52:49,112.8,6858126
2021-05-14 10:52:52,112.85,6858409
2021-05-14 10:52:54,112.85,6858430
2021-05-14 10:53:01,112.8,6858848
2021-05-14 10:53:03,112.8,6858849
2021-05-14 10:53:07,112.85,6859731
2021-05-14 10:53:09,112.8,6859796
2021-05-14 10:53:12,112.75,6862703
2021-05-14 10:53:15,112.85,6864153
2021-05-14 10:53:18,112.7,6866394
2021-05-14 10:53:22,112.7,6866728
2021-05-14 10:53:26,112.7,6866784
2021-05-14 10:53:29,112.7,6867045
2021-05-14 10:53:36,112.7,6869908
2021-05-14 10:53:39,112.75,6871663
2021-05-14 10:53:42,112.85,6890620
2021-05-14 10:53:46,112.8,6891998
2021-05-14 10:53:49,112.9,6893735
2021-05-14 10:53:51,112.8,6894389
2021-05-14 10:53:54,112.8,6894672
2021-05-14 10:53:57,112.9,6894778
2021-05-14 10:54:00,112.8,6894788
2021-05-14 10:54:03,112.85,6894839
2021-05-14 10:54:06,112.9,6897128
2021-05-14 10:54:09,112.85,6898398
2021-05-14 10:54:11,112.8,6898536
2021-05-14 10:54:14,112.9,6899037
2021-05-14 10:54:17,112.9,6900452
2021-05-14 10:54:20,112.9,6905679
2021-05-14 10:54:24,112.9,6906487
2021-05-14 10:54:27,112.9,6907491
2021-05-14 10:54:31,112.85,6911543
2021-05-14 10:54:37,112.85,6912245
2021-05-14 10:54:40,112.9,6912872
2021-05-14 10:54:43,112.9,6913220
2021-05-14 10:54:46,112.85,6914104
2021-05-14 10:54:50,112.95,6924191
2021-05-14 10:54:55,112.9,6925102
2021-05-14 10:54:59,112.9,6925162
2021-05-14 10:55:03,112.9,6930579
2021-05-14 10:55:06,112.9,6933160
2021-05-14 10:55:09,112.75,6949349
2021-05-14 10:55:12,112.8,6964782
2021-05-14 10:55:16,112.85,6964783
2021-05-14 10:55:19,112.8,6965033
2021-05-14 10:55:21,112.8,6965067
2021-05-14 10:55:24,112.75,6965861
2021-05-14 10:55:27,112.75,6966138
2021-05-14 10:55:31,112.75,6967513
2021-05-14 10:55:35,112.8,6969608
2021-05-14 10:55:39,112.75,6970536
2021-05-14 10:55:42,112.8,6971838
2021-05-14 10:55:46,112.8,6972190
2021-05-14 10:55:49,112.75,6973298
2021-05-14 10:55:52,112.8,6974243
2021-05-14 10:55:55,112.75,6974500
2021-05-14 10:55:58,112.75,6974580
2021-05-14 10:56:02,112.75,6974681
2021-05-14 10:56:05,112.75,6975060
2021-05-14 10:56:08,112.7,6975160
2021-05-14 10:56:11,112.7,6975212
2021-05-14 10:56:14,112.75,6975850
2021-05-14 10:56:18,112.7,6977269
2021-05-14 10:56:21,112.75,6978230
2021-05-14 10:56:24,112.65,6978486
2021-05-14 10:56:27,112.75,6979826
2021-05-14 10:56:31,112.65,6980088
2021-05-14 10:56:34,112.55,6982728
2021-05-14 10:56:37,112.55,6982728
2021-05-14 10:56:41,112.55,6984329
2021-05-14 10:56:44,112.55,6986660
2021-05-14 10:56:47,112.6,6988404
2021-05-14 10:56:49,112.5,6990509
2021-05-14 10:56:52,112.55,6990747
2021-05-14 10:56:55,112.6,6991544
2021-05-14 10:56:58,112.5,6991794
2021-05-14 10:57:01,112.5,6991805
2021-05-14 10:57:03,112.5,6992108
2021-05-14 10:57:06,112.5,6993478
2021-05-14 10:57:09,112.5,6995906
2021-05-14 10:57:12,112.6,6998245
2021-05-14 10:57:15,112.6,6999546
2021-05-14 10:57:18,112.55,7000184
2021-05-14 10:57:21,112.6,7000799
2021-05-14 10:57:24,112.55,7001841
2021-05-14 10:57:28,112.55,7003976
2021-05-14 10:57:31,112.55,7006114
2021-05-14 10:57:34,112.6,7006124
2021-05-14 10:57:37,112.5,7006207
2021-05-14 10:57:40,112.6,7008410
2021-05-14 10:57:43,112.65,7031552
2021-05-14 10:57:46,112.6,7033990
2021-05-14 10:57:49,112.6,7035117
2021-05-14 10:57:53,112.7,7035149
2021-05-14 10:57:56,112.6,7036349
2021-05-14 10:57:59,112.7,7036350
2021-05-14 10:58:02,112.7,7036350
2021-05-14 10:58:05,112.7,7036384
2021-05-14 10:58:09,112.6,7037020
2021-05-14 10:58:13,112.7,7039277
2021-05-14 10:58:16,112.65,7040468
2021-05-14 10:58:18,112.7,7040589
2021-05-14 10:58:24,112.7,7045900
2021-05-14 10:58:26,112.7,7047865
2021-05-14 10:58:30,112.7,7048381
2021-05-14 10:58:33,112.6,7049515
2021-05-14 10:58:35,112.6,7050147
2021-05-14 10:58:38,112.7,7050297
2021-05-14 10:58:40,112.7,7050403
2021-05-14 10:58:43,112.7,7050558
2021-05-14 10:58:46,112.7,7052058
2021-05-14 10:58:50,112.7,7061170
2021-05-14 10:58:53,112.6,7061403
2021-05-14 10:58:56,112.7,7061795
2021-05-14 10:58:59,112.6,7065246
2021-05-14 10:59:02,112.6,7066005
2021-05-14 10:59:05,112.65,7066408
2021-05-14 10:59:08,112.6,7066793
2021-05-14 10:59:10,112.6,7066833
2021-05-14 10:59:13,112.6,7081919
2021-05-14 10:59:16,112.5,7100204
2021-05-14 10:59:19,112.5,7100260
2021-05-14 10:59:26,112.5,7103765
2021-05-14 10:59:29,112.45,7105375
2021-05-14 10:59:32,112.45,7105539
2021-05-14 10:59:35,112.55,7106470
2021-05-14 10:59:38,112.5,7106703
2021-05-14 10:59:40,112.5,7106903
2021-05-14 10:59:42,112.45,7109153
2021-05-14 10:59:45,112.5,7109907
2021-05-14 10:59:48,112.45,7110124
2021-05-14 10:59:51,112.45,7110232
2021-05-14 10:59:54,112.45,7110232
2021-05-14 10:59:57,112.5,7110234
2021-05-14 10:59:59,112.45,7110364
2021-05-14 11:00:02,112.5,7110465
2021-05-14 11:00:05,112.5,7110578
2021-05-14 11:00:08,112.45,7110708
2021-05-14 11:00:11,112.5,7111059
2021-05-14 11:00:13,112.5,7111127
2021-05-14 11:00:16,112.4,7115524
2021-05-14 11:00:19,112.5,7115544
2021-05-14 11:00:22,112.45,7116806
2021-05-14 11:00:25,112.45,7117908
2021-05-14 11:00:29,112.45,7118092
2021-05-14 11:00:32,112.45,7118375
2021-05-14 11:00:35,112.5,7120781
2021-05-14 11:00:38,112.45,7127642
2021-05-14 11:00:41,112.45,7127668
2021-05-14 11:00:44,112.45,7127739
2021-05-14 11:00:47,112.45,7128520
2021-05-14 11:00:50,112.5,7129090
2021-05-14 11:00:53,112.45,7131868
2021-05-14 11:00:56,112.45,7131893
2021-05-14 11:00:59,112.5,7132144
2021-05-14 11:01:02,112.4,7132344
2021-05-14 11:01:05,112.5,7132376
2021-05-14 11:01:08,112.35,7142763
2021-05-14 11:01:11,112.35,7142763
2021-05-14 11:01:14,112.35,7148060
2021-05-14 11:01:17,112.25,7148662
2021-05-14 11:01:20,112.25,7148662
2021-05-14 11:01:22,112.3,7148751
2021-05-14 11:01:25,112.3,7149257
2021-05-14 11:01:27,112.35,7149258
2021-05-14 11:01:32,112.3,7150663
2021-05-14 11:01:35,112.35,7150713
2021-05-14 11:01:37,112.3,7151002
2021-05-14 11:01:40,112.35,7151003
2021-05-14 11:01:43,112.3,7151083
2021-05-14 11:01:46,112.35,7151386
2021-05-14 11:01:49,112.3,7151527
2021-05-14 11:01:51,112.35,7151559
2021-05-14 11:01:54,112.3,7152375
2021-05-14 11:01:57,112.35,7152926
2021-05-14 11:02:01,112.3,7153470
2021-05-14 11:02:04,112.3,7155853
2021-05-14 11:02:07,112.35,7158104
2021-05-14 11:02:10,112.3,7159900
2021-05-14 11:02:13,112.35,7162954
2021-05-14 11:02:17,112.25,7162955
2021-05-14 11:02:20,112.3,7166988
2021-05-14 11:02:23,112.35,7168298
2021-05-14 11:02:26,112.25,7169305
2021-05-14 11:02:30,112.25,7169386
2021-05-14 11:02:33,112.25,7170678
2021-05-14 11:02:36,112.3,7170851
2021-05-14 11:02:39,112.25,7171201
2021-05-14 11:02:42,112.25,7171205
2021-05-14 11:02:45,112.25,7171546
2021-05-14 11:02:48,112.25,7172292
2021-05-14 11:02:51,112.25,7175005
2021-05-14 11:02:54,112.25,7178571
2021-05-14 11:02:58,112.2,7182427
2021-05-14 11:03:01,112.2,7183455
2021-05-14 11:03:04,112.2,7183460
2021-05-14 11:03:07,112.2,7184293
2021-05-14 11:03:10,112.2,7184718
2021-05-14 11:03:13,112.2,7185728
2021-05-14 11:03:16,112.2,7186797
2021-05-14 11:03:19,112.25,7186898
2021-05-14 11:03:23,112.25,7187232
2021-05-14 11:03:27,112.2,7188065
2021-05-14 11:03:30,112.2,7188565
2021-05-14 11:03:34,112.2,7188903
2021-05-14 11:03:37,112.25,7188936
2021-05-14 11:03:40,112.25,7191735
2021-05-14 11:03:43,112.25,7191774
2021-05-14 11:03:46,112.25,7193903
2021-05-14 11:03:49,112.2,7194381
2021-05-14 11:03:53,112.25,7195491
2021-05-14 11:03:56,112.2,7196079
2021-05-14 11:03:59,112.25,7196691
2021-05-14 11:04:03,112.15,7211488
2021-05-14 11:04:06,112.25,7211681
2021-05-14 11:04:10,112.2,7211908
2021-05-14 11:04:14,112.15,7222086
2021-05-14 11:04:18,112.15,7223587
2021-05-14 11:04:21,112.25,7229679
2021-05-14 11:04:24,112.25,7230879
2021-05-14 11:04:27,112.15,7230987
2021-05-14 11:04:30,112.2,7231327
2021-05-14 11:04:34,112.15,7232937
2021-05-14 11:04:37,112.15,7233491
2021-05-14 11:04:40,112.15,7235021
2021-05-14 11:04:44,112.2,7243223
2021-05-14 11:04:48,112.1,7244736
2021-05-14 11:04:55,112.2,7245873
2021-05-14 11:04:58,112.1,7246390
2021-05-14 11:05:02,112.15,7247092
2021-05-14 11:05:05,112.15,7251076
2021-05-14 11:05:09,112.05,7251178
2021-05-14 11:05:12,112.15,7253935
2021-05-14 11:05:16,112.15,7256836
2021-05-14 11:05:20,112.05,7257640
2021-05-14 11:05:23,112.1,7259023
2021-05-14 11:05:26,112.1,7259223
2021-05-14 11:05:29,112.1,7259317
2021-05-14 11:05:32,112.05,7269382
2021-05-14 11:05:35,112.0,7293870
2021-05-14 11:05:38,112.0,7294490
2021-05-14 11:05:41,112.0,7295207
2021-05-14 11:05:44,112.0,7295223
2021-05-14 11:05:48,111.95,7295780
2021-05-14 11:05:55,111.9,7296986
2021-05-14 11:05:58,112.0,7302136
2021-05-14 11:06:01,111.95,7302485
2021-05-14 11:06:05,112.0,7325562
2021-05-14 11:06:08,112.0,7328041
2021-05-14 11:06:13,112.1,7334169
2021-05-14 11:06:16,112.05,7334617
2021-05-14 11:06:23,112.15,7334655
2021-05-14 11:06:26,112.15,7335711
2021-05-14 11:06:30,112.1,7336767
2021-05-14 11:06:33,112.15,7337017
2021-05-14 11:06:36,112.1,7337760
2021-05-14 11:06:47,112.2,7345500
2021-05-14 11:06:50,112.15,7345548
2021-05-14 11:06:54,112.1,7347630
2021-05-14 11:07:01,112.1,7349272
2021-05-14 11:07:07,112.1,7350667
2021-05-14 11:07:09,112.1,7350667
2021-05-14 11:07:13,112.1,7351413
2021-05-14 11:07:16,112.05,7351449
2021-05-14 11:07:20,112.05,7363298
2021-05-14 11:07:23,112.05,7363728
2021-05-14 11:07:27,112.05,7363983
2021-05-14 11:07:30,112.05,7363988
2021-05-14 11:07:33,112.0,7365411
2021-05-14 11:07:37,112.0,7377503
2021-05-14 11:07:40,112.05,7384951
2021-05-14 11:07:44,112.05,7386207
2021-05-14 11:07:47,112.1,7387407
2021-05-14 11:07:51,112.1,7388011
2021-05-14 11:07:55,112.05,7395471
2021-05-14 11:07:58,112.15,7395571
2021-05-14 11:08:01,112.15,7398311
2021-05-14 11:08:04,112.15,7399211
2021-05-14 11:08:08,112.3,7412223
2021-05-14 11:08:12,112.3,7414007
2021-05-14 11:08:20,112.3,7416958
2021-05-14 11:08:23,112.25,7417296
2021-05-14 11:08:27,112.3,7422220
2021-05-14 11:08:30,112.35,7423320
2021-05-14 11:08:34,112.25,7423410
2021-05-14 11:08:38,112.3,7426646
2021-05-14 11:08:42,112.25,7426968
2021-05-14 11:08:45,112.25,7443188
2021-05-14 11:08:48,112.25,7443218
2021-05-14 11:08:52,112.25,7443259
2021-05-14 11:08:55,112.25,7443392
2021-05-14 11:08:59,112.2,7444194
2021-05-14 11:09:03,112.15,7444366
2021-05-14 11:09:06,112.2,7444399
2021-05-14 11:09:10,112.1,7447421
2021-05-14 11:09:13,112.2,7447422
2021-05-14 11:09:17,112.15,7447465
2021-05-14 11:09:21,112.15,7452698
2021-05-14 11:09:24,112.05,7453515
2021-05-14 11:09:28,112.15,7455543
2021-05-14 11:09:31,112.1,7455589
2021-05-14 11:09:35,112.1,7455589
2021-05-14 11:09:38,112.1,7456175
2021-05-14 11:09:41,112.15,7460517
2021-05-14 11:09:43,112.2,7461773
2021-05-14 11:09:46,112.15,7462324
2021-05-14 11:09:49,112.2,7462325
2021-05-14 11:09:53,112.2,7462481
2021-05-14 11:09:56,112.2,7463385
2021-05-14 11:10:00,112.15,7465438
2021-05-14 11:10:04,112.0,7476355
2021-05-14 11:10:07,112.05,7476366
2021-05-14 11:10:09,112.05,7476376
2021-05-14 11:10:12,112.05,7476387
2021-05-14 11:10:16,112.0,7480912
2021-05-14 11:10:20,112.05,7481363
2021-05-14 11:10:24,112.05,7483308
2021-05-14 11:10:28,112.0,7483675
2021-05-14 11:10:31,112.05,7483808
2021-05-14 11:10:35,112.05,7483971
2021-05-14 11:10:38,112.0,7484418
2021-05-14 11:10:41,112.05,7484681
2021-05-14 11:10:45,112.0,7485116
2021-05-14 11:10:48,112.05,7486900
2021-05-14 11:10:52,112.05,7486933
2021-05-14 11:10:55,112.1,7490998
2021-05-14 11:10:59,112.15,7491507
2021-05-14 11:11:02,112.05,7492070
2021-05-14 11:11:05,112.1,7492964
2021-05-14 11:11:08,112.05,7493671
2021-05-14 11:11:11,112.1,7494925
2021-05-14 11:11:14,112.05,7496575
2021-05-14 11:11:17,112.05,7496796
2021-05-14 11:11:20,112.15,7497296
2021-05-14 11:11:23,112.1,7497784
2021-05-14 11:11:26,112.1,7498885
2021-05-14 11:11:29,112.15,7498923
2021-05-14 11:11:32,112.15,7499024
2021-05-14 11:11:35,112.2,7500370
2021-05-14 11:11:38,112.2,7500370
2021-05-14 11:11:41,112.15,7500844
2021-05-14 11:11:43,112.15,7501151
2021-05-14 11:11:46,112.15,7501364
2021-05-14 11:11:50,112.15,7501612
2021-05-14 11:11:53,112.15,7502161
2021-05-14 11:11:57,112.2,7502382
2021-05-14 11:12:00,112.2,7503125
2021-05-14 11:12:04,112.2,7504172
2021-05-14 11:12:07,112.2,7506085
2021-05-14 11:12:10,112.15,7508010
2021-05-14 11:12:13,112.1,7508039
2021-05-14 11:12:16,112.2,7509342
2021-05-14 11:12:19,112.2,7509387
2021-05-14 11:12:23,112.2,7509458
2021-05-14 11:12:27,112.2,7509461
2021-05-14 11:12:30,112.2,7509461
2021-05-14 11:12:33,112.15,7509661
2021-05-14 11:12:36,112.2,7509771
2021-05-14 11:12:39,112.2,7509771
2021-05-14 11:12:41,112.15,7509792
2021-05-14 11:12:44,112.15,7509997
2021-05-14 11:12:50,112.15,7509997
2021-05-14 11:12:53,112.2,7510845
2021-05-14 11:12:55,112.15,7512135
2021-05-14 11:12:58,112.15,7512135
2021-05-14 11:13:01,112.15,7512659
2021-05-14 11:13:04,112.15,7512659
2021-05-14 11:13:07,112.2,7512798
2021-05-14 11:13:10,112.2,7512903
2021-05-14 11:13:14,112.2,7513012
2021-05-14 11:13:17,112.2,7513024
2021-05-14 11:13:20,112.2,7513025
2021-05-14 11:13:24,112.1,7518598
2021-05-14 11:13:27,112.05,7518952
2021-05-14 11:13:31,112.15,7521202
2021-05-14 11:13:34,111.95,7593421
2021-05-14 11:13:37,111.95,7594192
2021-05-14 11:13:40,111.9,7597242
2021-05-14 11:13:43,111.95,7597542
2021-05-14 11:13:46,111.95,7598993
2021-05-14 11:13:49,111.9,7601810
2021-05-14 11:13:56,111.9,7603008
2021-05-14 11:13:59,111.85,7606543
2021-05-14 11:14:02,111.85,7606550
2021-05-14 11:14:05,111.85,7606588
2021-05-14 11:14:08,111.8,7608498
2021-05-14 11:14:11,111.85,7613609
2021-05-14 11:14:15,111.8,7615812
2021-05-14 11:14:18,111.85,7617022
2021-05-14 11:14:21,111.8,7617456
2021-05-14 11:14:24,111.75,7621081
2021-05-14 11:14:27,111.75,7623500
2021-05-14 11:14:29,111.75,7624933
2021-05-14 11:14:33,111.85,7627011
2021-05-14 11:14:36,111.75,7630586
2021-05-14 11:14:39,111.75,7630586
2021-05-14 11:14:42,111.8,7631214
2021-05-14 11:14:45,111.85,7631226
2021-05-14 11:14:52,111.85,7634022
2021-05-14 11:14:54,111.8,7634198
2021-05-14 11:14:57,111.85,7636505
2021-05-14 11:15:00,111.85,7637235
2021-05-14 11:15:04,111.8,7640411
2021-05-14 11:15:07,111.8,7640689
2021-05-14 11:15:11,111.9,7642589
2021-05-14 11:15:13,111.9,7643215
2021-05-14 11:15:17,111.85,7643513
2021-05-14 11:15:20,111.85,7643686
2021-05-14 11:15:22,111.9,7646592
2021-05-14 11:15:25,111.9,7650022
2021-05-14 11:15:29,111.9,7651062
2021-05-14 11:15:32,111.85,7651317
2021-05-14 11:15:35,111.85,7651745
2021-05-14 11:15:37,111.9,7651879
2021-05-14 11:15:40,111.9,7651880
2021-05-14 11:15:43,111.85,7652433
2021-05-14 11:15:46,111.85,7653626
2021-05-14 11:15:49,111.9,7654090
2021-05-14 11:15:52,111.9,7654531
2021-05-14 11:15:54,111.85,7654605
2021-05-14 11:15:57,111.9,7654648
2021-05-14 11:16:00,111.85,7655148
2021-05-14 11:16:03,111.9,7655361
2021-05-14 11:16:06,111.9,7655694
2021-05-14 11:16:10,111.9,7656339
2021-05-14 11:16:13,111.85,7658694
2021-05-14 11:16:17,111.8,7659494
2021-05-14 11:16:20,111.9,7659645
2021-05-14 11:16:23,111.9,7659645
2021-05-14 11:16:26,111.85,7659745
2021-05-14 11:16:29,111.85,7659901
2021-05-14 11:16:32,111.85,7659931
2021-05-14 11:16:35,111.85,7660516
2021-05-14 11:16:37,111.85,7660602
2021-05-14 11:16:40,111.85,7660617
2021-05-14 11:16:43,111.9,7660741
2021-05-14 11:16:46,111.9,7660862
2021-05-14 11:16:49,111.9,7660939
2021-05-14 11:16:52,111.9,7661372
2021-05-14 11:16:55,111.9,7661372
2021-05-14 11:16:58,111.85,7661700
2021-05-14 11:17:05,112.0,7677570
2021-05-14 11:17:08,112.0,7678630
2021-05-14 11:17:12,112.0,7678664
2021-05-14 11:17:15,112.0,7679022
2021-05-14 11:17:20,112.0,7731924
2021-05-14 11:17:23,111.8,7741946
2021-05-14 11:17:27,111.9,7741956
2021-05-14 11:17:30,111.8,7742318
2021-05-14 11:17:34,111.8,7742318
2021-05-14 11:17:36,111.85,7743483
2021-05-14 11:17:42,111.85,7747023
2021-05-14 11:17:46,111.8,7772707
2021-05-14 11:17:49,111.75,7774375
2021-05-14 11:17:52,111.8,7799257
2021-05-14 11:17:55,111.8,7799914
2021-05-14 11:17:58,111.8,7800095
2021-05-14 11:18:02,111.75,7800381
2021-05-14 11:18:05,111.8,7800464
2021-05-14 11:18:08,111.8,7800464
2021-05-14 11:18:11,111.8,7800464
2021-05-14 11:18:15,111.8,7803172
2021-05-14 11:18:18,111.8,7803183
2021-05-14 11:18:21,111.75,7804233
2021-05-14 11:18:23,111.85,7814283
2021-05-14 11:18:26,111.8,7814563
2021-05-14 11:18:29,111.8,7814763
2021-05-14 11:18:32,111.8,7815470
2021-05-14 11:18:35,111.8,7819816
2021-05-14 11:18:40,111.8,7821684
2021-05-14 11:18:42,111.8,7821994
2021-05-14 11:18:45,111.8,7822196
2021-05-14 11:18:48,111.8,7822343
2021-05-14 11:18:51,111.8,7827601
2021-05-14 11:18:54,111.75,7828595
2021-05-14 11:18:56,111.8,7828697
2021-05-14 11:18:59,111.8,7830099
2021-05-14 11:19:02,111.8,7830599
2021-05-14 11:19:07,111.75,7838479
2021-05-14 11:19:10,111.8,7840751
2021-05-14 11:19:13,111.8,7852091
2021-05-14 11:19:16,111.8,7852094
2021-05-14 11:19:19,111.9,7852143
2021-05-14 11:19:23,111.9,7852179
2021-05-14 11:19:26,111.9,7852179
2021-05-14 11:19:29,111.85,7852436
2021-05-14 11:19:32,111.9,7852637
2021-05-14 11:19:34,111.9,7852643
2021-05-14 11:19:37,111.9,7854775
2021-05-14 11:19:41,111.9,7855105
2021-05-14 11:19:43,112.0,7858504
2021-05-14 11:19:46,111.95,7858551
2021-05-14 11:19:49,112.0,7858552
2021-05-14 11:19:52,111.9,7859698
2021-05-14 11:19:54,112.0,7863398
2021-05-14 11:19:57,112.0,7863499
2021-05-14 11:20:00,111.95,7864556
2021-05-14 11:20:06,112.0,8001471
2021-05-14 11:20:09,112.0,8001485
2021-05-14 11:20:12,112.05,8001638
2021-05-14 11:20:15,112.0,8004855
2021-05-14 11:20:19,112.0,8004885
2021-05-14 11:20:23,111.9,8005442
2021-05-14 11:20:27,111.95,8005625
2021-05-14 11:20:30,111.95,8005675
2021-05-14 11:20:33,111.95,8007676
2021-05-14 11:20:36,111.95,8007769
2021-05-14 11:20:38,111.95,8007857
2021-05-14 11:20:41,111.95,8007928
2021-05-14 11:20:44,111.95,8008821
2021-05-14 11:20:47,111.9,8011288
2021-05-14 11:20:49,111.9,8011500
2021-05-14 11:20:52,111.9,8011558
2021-05-14 11:20:55,111.9,8011577
2021-05-14 11:20:58,111.85,8016363
2021-05-14 11:21:01,111.85,8016366
2021-05-14 11:21:04,111.95,8016666
2021-05-14 11:21:07,111.85,8016799
2021-05-14 11:21:10,111.85,8016799
2021-05-14 11:21:13,111.8,8023346
2021-05-14 11:21:18,111.8,8024101
2021-05-14 11:21:21,111.8,8024850
2021-05-14 11:21:24,111.8,8024851
2021-05-14 11:21:26,111.75,8025151
2021-05-14 11:21:28,111.8,8025186
2021-05-14 11:21:31,111.75,8026187
2021-05-14 11:21:34,111.75,8026210
2021-05-14 11:21:37,111.75,8026286
2021-05-14 11:21:41,111.8,8027997
2021-05-14 11:21:44,111.75,8028123
2021-05-14 11:21:47,111.8,8028741
2021-05-14 11:21:50,111.8,8029948
2021-05-14 11:21:53,111.75,8030086
2021-05-14 11:21:56,111.8,8031590
2021-05-14 11:22:00,111.8,8032027
2021-05-14 11:22:03,111.8,8034129
2021-05-14 11:22:07,111.75,8034208
2021-05-14 11:22:09,111.8,8034212
2021-05-14 11:22:12,111.8,8034213
2021-05-14 11:22:15,111.8,8034213
2021-05-14 11:22:18,111.8,8034623
2021-05-14 11:22:21,111.8,8036571
2021-05-14 11:22:24,111.75,8036680
2021-05-14 11:22:27,111.8,8036781
2021-05-14 11:22:31,111.8,8036789
2021-05-14 11:22:34,111.8,8038575
2021-05-14 11:22:37,111.8,8040021
2021-05-14 11:22:39,111.75,8041450
2021-05-14 11:22:42,111.85,8041451
2021-05-14 11:22:44,111.75,8041652
2021-05-14 11:22:50,111.8,8041699
2021-05-14 11:22:54,111.75,8042337
2021-05-14 11:22:57,111.8,8043797
2021-05-14 11:22:59,111.85,8045297
2021-05-14 11:23:02,111.75,8045314
2021-05-14 11:23:04,111.75,8046824
2021-05-14 11:23:07,111.75,8046880
2021-05-14 11:23:10,111.75,8046884
2021-05-14 11:23:13,111.75,8046884
2021-05-14 11:23:16,111.85,8047511
2021-05-14 11:23:18,111.8,8047710
2021-05-14 11:23:21,111.85,8048106
2021-05-14 11:23:26,111.85,8048297
2021-05-14 11:23:29,111.8,8048397
2021-05-14 11:23:32,111.85,8048398
2021-05-14 11:23:34,111.8,8048424
2021-05-14 11:23:37,111.85,8048494
2021-05-14 11:23:40,111.85,8048547
2021-05-14 11:23:42,111.8,8048548
2021-05-14 11:23:46,111.85,8048759
2021-05-14 11:23:49,111.85,8049390
2021-05-14 11:23:55,111.85,8050274
2021-05-14 11:23:57,111.85,8050274
2021-05-14 11:24:00,111.8,8050324
2021-05-14 11:24:02,111.8,8050349
2021-05-14 11:24:08,111.8,8051651
2021-05-14 11:24:11,111.85,8051732
2021-05-14 11:24:13,111.8,8051733
2021-05-14 11:24:16,111.8,8052933
2021-05-14 11:24:18,111.85,8053102
2021-05-14 11:24:21,111.85,8053136
2021-05-14 11:24:23,111.8,8054424
2021-05-14 11:24:26,111.8,8054484
2021-05-14 11:24:29,111.9,8060372
2021-05-14 11:24:32,111.85,8060508
2021-05-14 11:24:34,111.9,8060529
2021-05-14 11:24:37,111.9,8060679
2021-05-14 11:24:40,111.9,8060679
2021-05-14 11:24:43,111.9,8060680
2021-05-14 11:24:45,111.85,8060720
2021-05-14 11:24:47,111.9,8061336
2021-05-14 11:24:50,111.9,8061650
2021-05-14 11:24:53,111.9,8061695
2021-05-14 11:24:56,111.85,8061805
2021-05-14 11:24:58,111.9,8062777
2021-05-14 11:25:01,111.85,8062796
2021-05-14 11:25:03,111.85,8062797
2021-05-14 11:25:06,111.9,8063230
2021-05-14 11:25:08,111.85,8063267
2021-05-14 11:25:11,111.9,8063882
2021-05-14 11:25:13,111.9,8063882
2021-05-14 11:25:16,111.9,8063883
2021-05-14 11:25:18,111.85,8063964
2021-05-14 11:25:21,111.9,8063999
2021-05-14 11:25:23,111.9,8064004
2021-05-14 11:25:30,111.85,8064477
2021-05-14 11:25:33,111.85,8065587
2021-05-14 11:25:35,111.85,8065632
2021-05-14 11:25:38,111.85,8065638
2021-05-14 11:25:42,111.85,8065827
2021-05-14 11:25:46,111.85,8066443
2021-05-14 11:25:49,111.85,8068445
2021-05-14 11:25:52,111.8,8068677
2021-05-14 11:25:55,111.8,8068761
2021-05-14 11:25:58,111.9,8068823
2021-05-14 11:26:01,111.9,8074404
2021-05-14 11:26:04,111.9,8074407
2021-05-14 11:26:08,111.85,8075299
2021-05-14 11:26:11,111.9,8077500
2021-05-14 11:26:15,111.9,8077552
2021-05-14 11:26:18,111.9,8077558
2021-05-14 11:26:23,111.9,8078258
2021-05-14 11:26:26,111.9,8078266
2021-05-14 11:26:29,111.85,8079698
2021-05-14 11:26:33,111.9,8081598
2021-05-14 11:26:36,111.9,8082635
2021-05-14 11:26:39,111.9,8083639
2021-05-14 11:26:43,111.95,8083900
2021-05-14 11:26:47,111.9,8087797
2021-05-14 11:26:51,112.0,8088796
2021-05-14 11:26:54,112.0,8089567
2021-05-14 11:26:58,112.0,8089918
2021-05-14 11:27:01,112.0,8090492
2021-05-14 11:27:05,112.05,8094784
2021-05-14 11:27:08,112.1,8095090
2021-05-14 11:27:11,112.0,8095205
2021-05-14 11:27:14,112.1,8096257
2021-05-14 11:27:20,112.1,8097383
2021-05-14 11:27:24,112.05,8098272
2021-05-14 11:27:27,112.15,8098292
2021-05-14 11:27:30,112.15,8098383
2021-05-14 11:27:33,112.1,8098554
2021-05-14 11:27:36,112.15,8098587
2021-05-14 11:27:38,112.15,8098673
2021-05-14 11:27:41,112.15,8098674
2021-05-14 11:27:43,112.15,8099424
2021-05-14 11:27:46,112.1,8102111
2021-05-14 11:27:49,112.15,8102362
2021-05-14 11:27:52,112.15,8102655
2021-05-14 11:27:55,112.2,8119891
2021-05-14 11:27:58,112.15,8119917
2021-05-14 11:28:00,112.2,8119937
2021-05-14 11:28:03,112.2,8119938
2021-05-14 11:28:05,112.2,8121032
2021-05-14 11:28:08,112.2,8121032
2021-05-14 11:28:11,112.15,8122638
2021-05-14 11:28:14,112.1,8128063
2021-05-14 11:28:20,112.15,8128236
2021-05-14 11:28:23,112.1,8128283
2021-05-14 11:28:26,112.1,8128288
2021-05-14 11:28:29,112.15,8129176
2021-05-14 11:28:31,112.05,8129269
2021-05-14 11:28:34,112.15,8129271
2021-05-14 11:28:36,112.15,8129305
2021-05-14 11:28:38,112.1,8129307
2021-05-14 11:28:41,112.15,8129732
2021-05-14 11:28:43,112.15,8129779
2021-05-14 11:28:46,112.1,8129879
2021-05-14 11:28:49,112.05,8147762
2021-05-14 11:28:52,112.1,8152319
2021-05-14 11:28:54,112.1,8152320
2021-05-14 11:28:56,112.05,8152643
2021-05-14 11:28:58,112.1,8152644
2021-05-14 11:29:01,112.05,8152764
2021-05-14 11:29:04,112.15,8156696
2021-05-14 11:29:06,112.2,8157300
2021-05-14 11:29:09,112.15,8157302
2021-05-14 11:29:11,112.2,8157317
2021-05-14 11:29:14,112.2,8157496
2021-05-14 11:29:17,112.25,8178760
2021-05-14 11:29:20,112.3,8187524
2021-05-14 11:29:23,112.3,8189432
2021-05-14 11:29:26,112.3,8189432
2021-05-14 11:29:29,112.3,8189433
2021-05-14 11:29:32,112.25,8189547
2021-05-14 11:29:34,112.3,8189565
2021-05-14 11:29:36,112.3,8189687
2021-05-14 11:29:39,112.3,8189752
2021-05-14 11:29:41,112.3,8189782
2021-05-14 11:29:43,112.25,8189787
2021-05-14 11:29:46,112.25,8190046
2021-05-14 11:29:49,112.3,8190047
2021-05-14 11:29:52,112.25,8190823
2021-05-14 11:29:55,112.3,8190824
2021-05-14 11:29:58,112.25,8191890
2021-05-14 11:30:01,112.2,8192320
2021-05-14 11:30:04,112.2,8195648
2021-05-14 11:30:07,112.3,8195725
2021-05-14 11:30:09,112.25,8196025
2021-05-14 11:30:12,112.25,8199900
2021-05-14 11:30:15,112.25,8200105
2021-05-14 11:30:18,112.2,8200515
2021-05-14 11:30:20,112.3,8200847
2021-05-14 11:30:23,112.3,8201050
2021-05-14 11:30:26,112.3,8201075
2021-05-14 11:30:28,112.3,8201175
2021-05-14 11:30:31,112.3,8202137
2021-05-14 11:30:34,112.3,8202139
2021-05-14 11:30:37,112.2,8202419
2021-05-14 11:30:40,112.2,8202439
2021-05-14 11:30:42,112.2,8202805
2021-05-14 11:30:45,112.2,8207128
2021-05-14 11:30:47,112.2,8207348
2021-05-14 11:30:50,112.25,8207481
2021-05-14 11:30:53,112.25,8207482
2021-05-14 11:30:55,112.2,8207882
2021-05-14 11:30:58,112.2,8208882
2021-05-14 11:31:00,112.25,8208884
2021-05-14 11:31:02,112.2,8208894
2021-05-14 11:31:05,112.2,8208894
2021-05-14 11:31:07,112.25,8209076
2021-05-14 11:31:09,112.25,8209591
2021-05-14 11:31:11,112.25,8210208
2021-05-14 11:31:15,112.3,8213205
2021-05-14 11:31:18,112.3,8214705
2021-05-14 11:31:21,112.25,8218066
2021-05-14 11:31:23,112.3,8218067
2021-05-14 11:31:27,112.25,8218167
2021-05-14 11:31:29,112.25,8218167
2021-05-14 11:31:32,112.3,8218168
2021-05-14 11:31:35,112.3,8218600
2021-05-14 11:31:38,112.25,8218717
2021-05-14 11:31:40,112.3,8221070
2021-05-14 11:31:44,112.3,8221347
2021-05-14 11:31:47,112.3,8221480
2021-05-14 11:31:49,112.3,8223683
2021-05-14 11:31:53,112.25,8224257
2021-05-14 11:31:56,112.3,8224591
2021-05-14 11:31:59,112.3,8225891
2021-05-14 11:32:01,112.25,8226018
2021-05-14 11:32:04,112.3,8226019
2021-05-14 11:32:06,112.3,8226084
2021-05-14 11:32:09,112.3,8226593
2021-05-14 11:32:11,112.3,8227165
2021-05-14 11:32:14,112.35,8227781
2021-05-14 11:32:16,112.4,8229904
2021-05-14 11:32:18,112.4,8230114
2021-05-14 11:32:21,112.35,8230243
2021-05-14 11:32:23,112.4,8230319
2021-05-14 11:32:25,112.4,8230319
2021-05-14 11:32:28,112.3,8230349
2021-05-14 11:32:30,112.4,8230371
2021-05-14 11:32:32,112.4,8230371
2021-05-14 11:32:35,112.4,8230373
2021-05-14 11:32:38,112.4,8231050
2021-05-14 11:32:40,112.35,8231066
2021-05-14 11:32:43,112.35,8232107
2021-05-14 11:32:45,112.4,8232150
2021-05-14 11:32:48,112.4,8232704
2021-05-14 11:32:50,112.4,8232757
2021-05-14 11:32:53,112.4,8234444
2021-05-14 11:32:55,112.35,8234459
2021-05-14 11:32:58,112.4,8235072
2021-05-14 11:33:01,112.3,8236246
2021-05-14 11:33:04,112.35,8236607
2021-05-14 11:33:06,112.4,8238140
2021-05-14 11:33:09,112.35,8238291
2021-05-14 11:33:14,112.4,8238313
2021-05-14 11:33:17,112.35,8240453
2021-05-14 11:33:19,112.35,8241213
2021-05-14 11:33:22,112.3,8241813
2021-05-14 11:33:26,112.3,8241901
2021-05-14 11:33:29,112.3,8242258
2021-05-14 11:33:31,112.3,8242400
2021-05-14 11:33:34,112.3,8244396
2021-05-14 11:33:36,112.3,8244829
2021-05-14 11:33:39,112.3,8249986
2021-05-14 11:33:42,112.3,8252944
2021-05-14 11:33:45,112.25,8252971
2021-05-14 11:33:48,112.25,8256152
2021-05-14 11:33:50,112.25,8256342
2021-05-14 11:33:53,112.25,8256344
2021-05-14 11:33:55,112.25,8256346
2021-05-14 11:33:58,112.3,8267749
2021-05-14 11:34:01,112.3,8269351
2021-05-14 11:34:04,112.35,8269552
2021-05-14 11:34:06,112.35,8269584
2021-05-14 11:34:09,112.35,8269662
2021-05-14 11:34:11,112.3,8269667
2021-05-14 11:34:14,112.35,8270074
2021-05-14 11:34:16,112.4,8270729
2021-05-14 11:34:19,112.4,8270852
2021-05-14 11:34:23,112.35,8270967
2021-05-14 11:34:26,112.4,8271554
2021-05-14 11:34:28,112.4,8271558
2021-05-14 11:34:30,112.35,8272138
2021-05-14 11:34:33,112.35,8273888
2021-05-14 11:34:35,112.4,8273921
2021-05-14 11:34:37,112.4,8274185
2021-05-14 11:34:40,112.4,8274185
2021-05-14 11:34:42,112.4,8274690
2021-05-14 11:34:44,112.35,8274731
2021-05-14 11:34:47,112.35,8274731
2021-05-14 11:34:49,112.35,8274781
2021-05-14 11:34:51,112.4,8275481
2021-05-14 11:34:54,112.35,8276197
2021-05-14 11:34:56,112.35,8276418
2021-05-14 11:34:59,112.35,8277531
2021-05-14 11:35:02,112.3,8277782
2021-05-14 11:35:04,112.35,8277970
2021-05-14 11:35:07,112.35,8278306
2021-05-14 11:35:10,112.35,8279291
2021-05-14 11:35:14,112.3,8279583
2021-05-14 11:35:17,112.3,8279734
2021-05-14 11:35:20,112.3,8279736
2021-05-14 11:35:22,112.35,8279984
2021-05-14 11:35:25,112.35,8280501
2021-05-14 11:35:29,112.35,8281208
2021-05-14 11:35:33,112.3,8283245
2021-05-14 11:35:36,112.35,8285843
2021-05-14 11:35:39,112.35,8286373
2021-05-14 11:35:42,112.35,8286374
2021-05-14 11:35:44,112.35,8287924
2021-05-14 11:35:47,112.4,8290924
2021-05-14 11:35:51,112.4,8291027
2021-05-14 11:35:54,112.4,8291061
2021-05-14 11:35:56,112.35,8291063
2021-05-14 11:35:59,112.35,8291063
2021-05-14 11:36:02,112.35,8291063
2021-05-14 11:36:05,112.35,8293248
2021-05-14 11:36:08,112.35,8293262
2021-05-14 11:36:11,112.35,8293265
2021-05-14 11:36:14,112.3,8293268
2021-05-14 11:36:17,112.35,8293271
2021-05-14 11:36:20,112.35,8294307
2021-05-14 11:36:27,112.3,8295443
2021-05-14 11:36:30,112.35,8295454
2021-05-14 11:36:33,112.35,8296722
2021-05-14 11:36:36,112.35,8297756
2021-05-14 11:36:38,112.3,8297760
2021-05-14 11:36:41,112.3,8297871
2021-05-14 11:36:43,112.35,8297906
2021-05-14 11:36:46,112.3,8297907
2021-05-14 11:36:49,112.35,8298627
2021-05-14 11:36:51,112.35,8298661
2021-05-14 11:36:54,112.35,8299399
2021-05-14 11:36:56,112.3,8309054
2021-05-14 11:36:59,112.35,8309206
2021-05-14 11:37:03,112.3,8309207
2021-05-14 11:37:06,112.3,8309240
2021-05-14 11:37:08,112.3,8309247
2021-05-14 11:37:11,112.3,8309648
2021-05-14 11:37:15,112.35,8310266
2021-05-14 11:37:17,112.35,8310303
2021-05-14 11:37:20,112.35,8310437
2021-05-14 11:37:23,112.35,8314152
2021-05-14 11:37:25,112.3,8314153
2021-05-14 11:37:28,112.3,8316380
2021-05-14 11:37:32,112.3,8318340
2021-05-14 11:37:36,112.25,8318553
2021-05-14 11:37:40,112.25,8321129
2021-05-14 11:37:43,112.2,8321209
2021-05-14 11:37:46,112.25,8321518
2021-05-14 11:37:49,112.2,8321520
2021-05-14 11:37:53,112.2,8328187
2021-05-14 11:38:00,112.2,8328745
2021-05-14 11:38:03,112.25,8329244
2021-05-14 11:38:06,112.15,8331169
2021-05-14 11:38:09,112.25,8331404
2021-05-14 11:38:12,112.2,8331715
2021-05-14 11:38:15,112.2,8331802
2021-05-14 11:38:18,112.25,8336107
2021-05-14 11:38:21,112.2,8337984
2021-05-14 11:38:24,112.2,8338235
2021-05-14 11:38:27,112.25,8338246
2021-05-14 11:38:29,112.2,8338254
2021-05-14 11:38:31,112.2,8338279
2021-05-14 11:38:34,112.2,8339579
2021-05-14 11:38:37,112.15,8342362
2021-05-14 11:38:39,112.15,8342362
2021-05-14 11:38:42,112.25,8342614
2021-05-14 11:38:44,112.25,8342614
2021-05-14 11:38:47,112.15,8342785
2021-05-14 11:38:50,112.2,8343086
2021-05-14 11:38:53,112.25,8344646
2021-05-14 11:38:56,112.15,8344726
2021-05-14 11:38:59,112.25,8345132
2021-05-14 11:39:05,112.2,8345668
2021-05-14 11:39:09,112.15,8345769
2021-05-14 11:39:12,112.15,8347350
2021-05-14 11:39:15,112.2,8347357
2021-05-14 11:39:18,112.05,8353922
2021-05-14 11:39:20,112.05,8354458
2021-05-14 11:39:23,112.05,8354559
2021-05-14 11:39:25,112.05,8354559
2021-05-14 11:39:28,112.05,8359310
2021-05-14 11:39:30,112.1,8362401
2021-05-14 11:39:33,112.1,8362788
2021-05-14 11:39:36,112.15,8362872
2021-05-14 11:39:39,112.15,8362923
2021-05-14 11:39:42,112.1,8363483
2021-05-14 11:39:45,112.15,8363524
2021-05-14 11:39:48,112.1,8364534
2021-05-14 11:39:51,112.15,8364566
2021-05-14 11:39:56,112.15,8365173
2021-05-14 11:39:59,112.1,8365206
2021-05-14 11:40:02,112.15,8365674
2021-05-14 11:40:06,112.1,8369178
2021-05-14 11:40:10,112.0,8370593
2021-05-14 11:40:13,112.0,8370629
2021-05-14 11:40:16,112.05,8370633
2021-05-14 11:40:19,112.05,8370635
2021-05-14 11:40:23,112.0,8372942
2021-05-14 11:40:25,112.05,8372972
2021-05-14 11:40:28,112.05,8372973
2021-05-14 11:40:32,111.95,8375482
2021-05-14 11:40:35,112.0,8375487
2021-05-14 11:40:38,111.9,8377174
2021-05-14 11:40:44,111.95,8377627
2021-05-14 11:40:50,111.95,8378474
2021-05-14 11:40:53,111.95,8378480
2021-05-14 11:40:56,111.9,8380381
2021-05-14 11:40:58,111.85,8380755
2021-05-14 11:41:01,111.85,8381189
2021-05-14 11:41:04,111.9,8381193
2021-05-14 11:41:07,111.85,8381437
2021-05-14 11:41:11,111.9,8381560
2021-05-14 11:41:14,111.9,8382679
2021-05-14 11:41:16,111.85,8382780
2021-05-14 11:41:19,111.9,8383016
2021-05-14 11:41:23,111.85,8383105
2021-05-14 11:41:26,111.85,8383211
2021-05-14 11:41:29,111.9,8384611
2021-05-14 11:41:32,111.9,8385340
2021-05-14 11:41:34,111.9,8385393
2021-05-14 11:41:37,111.9,8395431
2021-05-14 11:41:41,112.0,8395449
2021-05-14 11:41:45,111.9,8395935
2021-05-14 11:41:48,112.0,8396203
2021-05-14 11:41:51,112.0,8408485
2021-05-14 11:41:54,112.0,8412331
2021-05-14 11:41:57,111.9,8414236
2021-05-14 11:42:04,112.0,8415318
2021-05-14 11:42:08,111.95,8415515
2021-05-14 11:42:11,112.0,8417016
2021-05-14 11:42:14,112.0,8417017
2021-05-14 11:42:17,112.0,8417718
2021-05-14 11:42:21,112.0,8418951
2021-05-14 11:42:24,111.9,8418971
2021-05-14 11:42:26,111.95,8419072
2021-05-14 11:42:29,111.95,8420347
2021-05-14 11:42:32,111.95,8420528
2021-05-14 11:42:35,112.0,8422953
2021-05-14 11:42:38,112.0,8425045
2021-05-14 11:42:41,112.0,8425661
2021-05-14 11:42:44,112.0,8425662
2021-05-14 11:42:46,112.0,8425697
2021-05-14 11:42:49,112.0,8425697
2021-05-14 11:42:52,111.95,8425780
2021-05-14 11:42:54,112.0,8425822
2021-05-14 11:42:57,111.9,8427352
2021-05-14 11:43:00,111.9,8427764
2021-05-14 11:43:03,111.9,8429027
2021-05-14 11:43:06,111.95,8433329
2021-05-14 11:43:09,111.9,8433630
2021-05-14 11:43:12,111.9,8442625
2021-05-14 11:43:15,111.9,8444798
2021-05-14 11:43:18,111.9,8444821
2021-05-14 11:43:20,111.9,8445189
2021-05-14 11:43:23,111.9,8445448
2021-05-14 11:43:26,111.9,8445544
2021-05-14 11:43:29,111.85,8445830
2021-05-14 11:43:32,111.9,8445844
2021-05-14 11:43:35,111.9,8445981
2021-05-14 11:43:38,111.85,8446031
2021-05-14 11:43:42,111.85,8446838
2021-05-14 11:43:45,111.85,8447377
2021-05-14 11:43:48,111.85,8464825
2021-05-14 11:43:51,111.85,8465771
2021-05-14 11:43:54,111.85,8466279
2021-05-14 11:43:58,111.8,8466564
2021-05-14 11:44:01,111.8,8467111
2021-05-14 11:44:04,111.85,8467487
2021-05-14 11:44:06,111.8,8487866
2021-05-14 11:44:10,111.8,8487931
2021-05-14 11:44:13,111.8,8488425
2021-05-14 11:44:17,111.75,8489678
2021-05-14 11:44:21,111.8,8490111
2021-05-14 11:44:24,111.7,8500043
2021-05-14 11:44:27,111.7,8536266
2021-05-14 11:44:31,111.6,8684211
2021-05-14 11:44:34,111.55,8691138
2021-05-14 11:44:38,111.7,8702160
2021-05-14 11:44:41,111.55,8741610
2021-05-14 11:44:44,111.55,8743021
2021-05-14 11:44:50,111.65,8750767
2021-05-14 11:44:53,111.55,8759305
2021-05-14 11:44:56,111.65,8762406
2021-05-14 11:44:58,111.5,8783328
2021-05-14 11:45:02,111.4,8785681
2021-05-14 11:45:05,111.5,8786868
2021-05-14 11:45:09,111.45,8788551
2021-05-14 11:45:11,111.5,8794192
2021-05-14 11:45:14,111.4,8795497
2021-05-14 11:45:17,111.5,8796221
2021-05-14 11:45:21,111.45,8799173
2021-05-14 11:45:24,111.45,8804278
2021-05-14 11:45:27,111.45,8822838
2021-05-14 11:45:31,111.45,8826482
2021-05-14 11:45:34,111.4,8832021
2021-05-14 11:45:38,111.4,8839933
2021-05-14 11:45:41,111.4,8845492
2021-05-14 11:45:45,111.3,8868917
2021-05-14 11:45:48,111.2,8870704
2021-05-14 11:45:52,111.3,8880528
2021-05-14 11:45:56,111.25,8886342
2021-05-14 11:45:59,111.3,8887296
2021-05-14 11:46:02,111.3,8889451
2021-05-14 11:46:05,111.2,8890826
2021-05-14 11:46:09,111.25,8901230
2021-05-14 11:46:12,111.25,8901991
2021-05-14 11:46:15,111.2,8903314
2021-05-14 11:46:17,111.2,8904801
2021-05-14 11:46:20,111.25,8905881
2021-05-14 11:46:23,111.2,8909388
2021-05-14 11:46:27,111.25,8909391
2021-05-14 11:46:30,111.25,8910520
2021-05-14 11:46:33,111.2,8935170
2021-05-14 11:46:36,111.15,8937408
2021-05-14 11:46:39,111.1,8952402
2021-05-14 11:46:40,111.1,8953502
2021-05-14 11:46:40,111.0,8970774
2021-05-14 11:46:41,111.1,8974425
2021-05-14 11:46:42,111.15,8977172
2021-05-14 11:46:43,111.05,8977693
2021-05-14 11:46:44,111.1,8978034
2021-05-14 11:46:45,111.05,8978707
2021-05-14 11:46:46,111.05,8978980
2021-05-14 11:46:47,111.0,8979717
2021-05-14 11:46:48,111.05,8984502
2021-05-14 11:46:49,111.05,8998502
2021-05-14 11:46:51,111.0,9013723
2021-05-14 11:46:52,111.0,9014223
2021-05-14 11:46:53,111.0,9014243
2021-05-14 11:46:53,110.95,9014294
2021-05-14 11:46:54,111.0,9021897
2021-05-14 11:46:55,111.0,9024202
2021-05-14 11:46:56,111.0,9028809
2021-05-14 11:46:58,111.0,9029476
2021-05-14 11:46:59,111.0,9045570
2021-05-14 11:47:00,111.0,9048825
2021-05-14 11:47:01,111.05,9050158
2021-05-14 11:47:01,111.05,9052658
2021-05-14 11:47:02,111.0,9052660
2021-05-14 11:47:06,111.1,9053690
2021-05-14 11:47:07,111.1,9054357
2021-05-14 11:47:09,111.1,9054357
2021-05-14 11:47:10,111.05,9056719
2021-05-14 11:47:10,111.15,9057222
2021-05-14 11:47:11,111.15,9058177
2021-05-14 11:47:12,111.15,9058237
2021-05-14 11:47:13,111.15,9059298
2021-05-14 11:47:14,111.1,9059323
2021-05-14 11:47:15,110.9,9137669
2021-05-14 11:47:16,110.95,9147070
2021-05-14 11:47:17,110.9,9147206
2021-05-14 11:47:18,110.85,9147268
2021-05-14 11:47:19,110.85,9148244
2021-05-14 11:47:21,110.95,9153990
2021-05-14 11:47:22,110.95,9154056
2021-05-14 11:47:23,111.0,9154061
2021-05-14 11:47:24,111.0,9154061
2021-05-14 11:47:25,111.0,9154112
2021-05-14 11:47:26,110.9,9154312
2021-05-14 11:47:27,110.9,9154375
2021-05-14 11:47:28,111.0,9159085
2021-05-14 11:47:29,111.0,9167596
2021-05-14 11:47:30,111.0,9168193
2021-05-14 11:47:31,110.95,9170365
2021-05-14 11:47:33,110.95,9170708
2021-05-14 11:47:34,111.0,9170733
2021-05-14 11:47:35,111.0,9171233
2021-05-14 11:47:36,111.0,9174442
2021-05-14 11:47:37,111.0,9175250
2021-05-14 11:47:38,111.0,9176959
2021-05-14 11:47:39,111.0,9176970
2021-05-14 11:47:40,110.9,9177020
2021-05-14 11:47:41,110.95,9187249
2021-05-14 11:47:42,110.95,9199408
2021-05-14 11:47:43,111.05,9201308
2021-05-14 11:47:43,111.05,9201308
2021-05-14 11:47:44,111.05,9201308
2021-05-14 11:47:45,111.0,9201920
2021-05-14 11:47:46,111.0,9201920
2021-05-14 11:47:47,111.0,9201931
2021-05-14 11:47:48,110.95,9202041
2021-05-14 11:47:49,110.95,9202151
2021-05-14 11:47:51,111.0,9204284
2021-05-14 11:47:52,111.0,9204288
2021-05-14 11:47:52,111.0,9204288
2021-05-14 11:47:54,110.95,9204699
2021-05-14 11:47:54,111.0,9204700
2021-05-14 11:47:56,110.95,9205231
2021-05-14 11:47:56,111.0,9205234
2021-05-14 11:47:57,110.9,9206639
2021-05-14 11:47:58,110.9,9206639
2021-05-14 11:47:59,111.0,9206959
2021-05-14 11:48:00,111.0,9206959
2021-05-14 11:48:01,111.0,9207062
2021-05-14 11:48:04,111.0,9209537
2021-05-14 11:48:04,111.0,9209540
2021-05-14 11:48:05,110.95,9209652
2021-05-14 11:48:07,110.95,9209652
2021-05-14 11:48:08,111.0,9209802
2021-05-14 11:48:09,110.95,9210555
2021-05-14 11:48:10,110.95,9211104
2021-05-14 11:48:10,111.0,9211120
2021-05-14 11:48:12,111.0,9211120
2021-05-14 11:48:13,111.0,9211513
2021-05-14 11:48:14,110.95,9212383
2021-05-14 11:48:15,111.0,9217631
2021-05-14 11:48:16,110.95,9217881
2021-05-14 11:48:17,111.0,9217922
2021-05-14 11:48:18,110.95,9218229
2021-05-14 11:48:19,110.95,9218936
2021-05-14 11:48:20,111.05,9220350
2021-05-14 11:48:21,111.05,9220455
2021-05-14 11:48:22,111.0,9220468
2021-05-14 11:48:23,111.0,9220870
2021-05-14 11:48:24,111.0,9220870
2021-05-14 11:48:25,111.0,9220870
2021-05-14 11:48:29,111.05,9221619
2021-05-14 11:48:30,111.0,9221669
2021-05-14 11:48:31,111.0,9221769
2021-05-14 11:48:32,111.0,9221973
2021-05-14 11:48:33,111.05,9224773
2021-05-14 11:48:34,111.0,9224923
2021-05-14 11:48:34,111.0,9224924
2021-05-14 11:48:36,111.0,9226013
2021-05-14 11:48:37,111.0,9226644
2021-05-14 11:48:38,110.95,9226697
2021-05-14 11:48:39,111.0,9227032
2021-05-14 11:48:41,111.0,9227114
2021-05-14 11:48:42,110.85,9243821
2021-05-14 11:48:43,110.95,9244651
2021-05-14 11:48:43,110.95,9244962
2021-05-14 11:48:44,110.95,9244963
2021-05-14 11:48:46,110.95,9244963
2021-05-14 11:48:46,110.95,9245463
2021-05-14 11:48:47,110.95,9246068
2021-05-14 11:48:48,110.9,9246168
2021-05-14 11:48:49,110.95,9246174
2021-05-14 11:48:50,110.95,9246242
2021-05-14 11:48:51,110.95,9246242
2021-05-14 11:48:54,110.9,9247093
2021-05-14 11:48:55,110.95,9248326
2021-05-14 11:48:56,110.9,9248376
2021-05-14 11:48:56,110.9,9248391
2021-05-14 11:48:58,110.95,9249416
2021-05-14 11:48:59,110.95,9249516
2021-05-14 11:49:00,110.9,9249626
2021-05-14 11:49:01,110.85,9250313
2021-05-14 11:49:02,110.95,9252475
2021-05-14 11:49:03,110.85,9253050
2021-05-14 11:49:04,110.85,9253050
2021-05-14 11:49:05,110.95,9257335
2021-05-14 11:49:05,110.85,9257385
2021-05-14 11:49:06,110.95,9257417
2021-05-14 11:49:07,110.95,9259081
2021-05-14 11:49:09,110.9,9261370
2021-05-14 11:49:10,110.9,9261588
2021-05-14 11:49:11,110.9,9262128
2021-05-14 11:49:12,110.85,9264951
2021-05-14 11:49:12,110.85,9265057
2021-05-14 11:49:13,110.8,9266057
2021-05-14 11:49:14,110.85,9266138
2021-05-14 11:49:15,110.85,9266153
2021-05-14 11:49:17,110.8,9266359
2021-05-14 11:49:18,110.8,9267859
2021-05-14 11:49:19,110.85,9272543
2021-05-14 11:49:20,110.85,9272576
2021-05-14 11:49:21,110.85,9272677
2021-05-14 11:49:22,110.85,9272678
2021-05-14 11:49:23,110.85,9273828
2021-05-14 11:49:24,110.85,9274228
2021-05-14 11:49:25,110.85,9274820
2021-05-14 11:49:26,110.8,9274870
2021-05-14 11:49:27,110.85,9275129
2021-05-14 11:49:29,110.85,9275385
2021-05-14 11:49:30,110.8,9277533
2021-05-14 11:49:31,110.9,9278033
2021-05-14 11:49:32,110.9,9278058
2021-05-14 11:49:32,110.9,9278058
2021-05-14 11:49:33,110.85,9278208
2021-05-14 11:49:34,110.65,9351978
2021-05-14 11:49:35,110.65,9352088
2021-05-14 11:49:36,110.75,9354453
2021-05-14 11:49:37,110.65,9359703
2021-05-14 11:49:38,110.7,9359954
2021-05-14 11:49:40,110.7,9365715
2021-05-14 11:49:41,110.75,9365797
2021-05-14 11:49:42,110.75,9365924
2021-05-14 11:49:43,110.7,9367681
2021-05-14 11:49:44,110.75,9367877
2021-05-14 11:49:45,110.75,9369739
2021-05-14 11:49:46,110.8,9370322
2021-05-14 11:49:47,110.8,9370322
2021-05-14 11:49:48,110.8,9370673
2021-05-14 11:49:49,110.8,9370685
2021-05-14 11:49:52,110.75,9377000
2021-05-14 11:49:54,110.8,9379150
2021-05-14 11:49:54,110.8,9380587
2021-05-14 11:49:56,110.8,9380587
2021-05-14 11:49:56,110.7,9384817
2021-05-14 11:49:57,110.8,9385044
2021-05-14 11:49:58,110.7,9385054
2021-05-14 11:49:59,110.7,9385054
2021-05-14 11:50:00,110.6,9393964
2021-05-14 11:50:02,110.6,9395110
2021-05-14 11:50:03,110.6,9395722
2021-05-14 11:50:04,110.65,9396151
2021-05-14 11:50:05,110.65,9396151
2021-05-14 11:50:06,110.65,9396251
2021-05-14 11:50:07,110.65,9399382
2021-05-14 11:50:08,110.65,9399382
2021-05-14 11:50:09,110.7,9399798
2021-05-14 11:50:10,110.75,9402070
2021-05-14 11:50:10,110.75,9411081
2021-05-14 11:50:11,110.75,9411085
2021-05-14 11:50:12,110.75,9411085
2021-05-14 11:50:13,110.75,9411695
2021-05-14 11:50:14,110.8,9419097
2021-05-14 11:50:15,110.8,9419429
2021-05-14 11:50:16,110.7,9419629
2021-05-14 11:50:17,110.7,9419930
2021-05-14 11:50:18,110.7,9419930
2021-05-14 11:50:20,110.75,9420004
2021-05-14 11:50:21,110.7,9420536
2021-05-14 11:50:21,110.75,9420811
2021-05-14 11:50:22,110.75,9420811
2021-05-14 11:50:23,110.75,9421302
2021-05-14 11:50:25,110.75,9421370
2021-05-14 11:50:26,110.75,9421752
2021-05-14 11:50:27,110.7,9422140
2021-05-14 11:50:28,110.75,9423607
2021-05-14 11:50:29,110.8,9424407
2021-05-14 11:50:29,110.8,9425339
2021-05-14 11:50:31,110.9,9429279
2021-05-14 11:50:32,110.95,9432462
2021-05-14 11:50:33,111.0,9435800
2021-05-14 11:50:34,110.9,9435801
2021-05-14 11:50:35,111.0,9436132
2021-05-14 11:50:36,111.0,9436132
2021-05-14 11:50:36,111.0,9447469
2021-05-14 11:50:37,110.9,9448720
2021-05-14 11:50:39,111.0,9452743
2021-05-14 11:50:40,110.95,9452746
2021-05-14 11:50:40,110.95,9452746
2021-05-14 11:50:42,110.95,9453006
2021-05-14 11:50:43,110.95,9453008
2021-05-14 11:50:44,111.0,9453988
2021-05-14 11:50:45,111.05,9454477
2021-05-14 11:50:46,111.0,9465304
2021-05-14 11:50:48,111.15,9472185
2021-05-14 11:50:49,111.05,9474330
2021-05-14 11:50:50,111.1,9474364
2021-05-14 11:50:51,111.1,9476942
2021-05-14 11:50:53,111.1,9477831
2021-05-14 11:50:53,111.05,9480709
2021-05-14 11:50:55,111.05,9481717
2021-05-14 11:50:56,111.05,9481717
2021-05-14 11:50:56,111.05,9481717
2021-05-14 11:50:58,111.05,9481717
2021-05-14 11:50:59,111.05,9482160
2021-05-14 11:51:00,111.05,9482177
2021-05-14 11:51:01,111.1,9490150
2021-05-14 11:51:02,111.0,9490152
2021-05-14 11:51:03,111.05,9490232
2021-05-14 11:51:04,111.0,9490734
2021-05-14 11:51:05,111.05,9491167
2021-05-14 11:51:06,111.1,9492167
2021-05-14 11:51:07,111.1,9492183
2021-05-14 11:51:08,111.0,9492783
2021-05-14 11:51:09,111.0,9492783
2021-05-14 11:51:10,111.1,9493014
2021-05-14 11:51:11,111.1,9493067
2021-05-14 11:51:12,111.05,9493140
2021-05-14 11:51:13,111.1,9493483
2021-05-14 11:51:14,111.05,9493528
2021-05-14 11:51:15,111.05,9493534
2021-05-14 11:51:16,111.1,9493834
2021-05-14 11:51:17,111.1,9493834
2021-05-14 11:51:18,111.05,9495634
