timestamp,ltp,volume
2021-06-03 09:16:01,815.2,263496
2021-06-03 09:16:01,815.2,263496
2021-06-03 09:16:02,815.5,266203
2021-06-03 09:16:03,816.0,267554
2021-06-03 09:16:03,815.95,267564
2021-06-03 09:16:04,815.65,268988
2021-06-03 09:16:05,816.55,282628
2021-06-03 09:16:06,815.6,285806
2021-06-03 09:16:07,816.0,286533
2021-06-03 09:16:08,813.7,320007
2021-06-03 09:16:09,814.05,325300
2021-06-03 09:16:11,814.05,328106
2021-06-03 09:16:12,814.6,332244
2021-06-03 09:16:13,814.5,334636
2021-06-03 09:16:14,814.55,337105
2021-06-03 09:16:15,814.05,340565
2021-06-03 09:16:16,814.35,345584
2021-06-03 09:16:17,813.65,357641
2021-06-03 09:16:17,813.65,357511
2021-06-03 09:16:18,813.5,360934
2021-06-03 09:16:19,814.0,364938
2021-06-03 09:16:20,814.4,365839
2021-06-03 09:16:21,814.45,366765
2021-06-03 09:16:22,814.5,367880
2021-06-03 09:16:23,814.0,372544
2021-06-03 09:16:25,814.05,375721
2021-06-03 09:16:26,813.95,377320
2021-06-03 09:16:27,813.3,381427
2021-06-03 09:16:28,813.55,383411
2021-06-03 09:16:29,813.4,388146
2021-06-03 09:16:30,813.0,403887
2021-06-03 09:16:32,813.15,409016
2021-06-03 09:16:33,813.15,409594
2021-06-03 09:16:34,813.25,413345
2021-06-03 09:16:35,813.3,415202
2021-06-03 09:16:36,813.3,416612
2021-06-03 09:16:37,813.3,418954
2021-06-03 09:16:38,813.15,419961
2021-06-03 09:16:39,813.25,422954
2021-06-03 09:16:40,813.2,423607
2021-06-03 09:16:41,813.05,425765
2021-06-03 09:16:44,813.5,429066
2021-06-03 09:16:45,814.1,434926
2021-06-03 09:16:46,814.25,440199
2021-06-03 09:16:47,814.85,441568
2021-06-03 09:16:48,814.55,443092
2021-06-03 09:16:49,814.05,444332
2021-06-03 09:16:50,814.25,446212
2021-06-03 09:16:51,814.2,447597
2021-06-03 09:16:52,814.5,448828
2021-06-03 09:16:53,814.0,451402
2021-06-03 09:16:54,814.25,453077
2021-06-03 09:16:56,814.25,455213
2021-06-03 09:16:57,814.35,457514
2021-06-03 09:16:58,814.3,458995
2021-06-03 09:16:59,814.3,461403
2021-06-03 09:17:00,814.9,461964
2021-06-03 09:17:01,815.0,462710
2021-06-03 09:17:02,814.6,464269
2021-06-03 09:17:03,815.0,465493
2021-06-03 09:17:04,815.55,473168
2021-06-03 09:17:05,815.55,474131
2021-06-03 09:17:06,815.95,476569
2021-06-03 09:17:06,815.85,476654
2021-06-03 09:17:07,816.2,480332
2021-06-03 09:17:08,816.65,481362
2021-06-03 09:17:09,816.85,483570
2021-06-03 09:17:10,816.6,484355
2021-06-03 09:17:12,814.7,501955
2021-06-03 09:17:13,815.75,502831
2021-06-03 09:17:14,815.45,505563
2021-06-03 09:17:15,816.15,507903
2021-06-03 09:17:16,816.0,508846
2021-06-03 09:17:17,816.0,512879
2021-06-03 09:17:18,816.15,515862
2021-06-03 09:17:19,816.45,516749
2021-06-03 09:17:20,816.85,521200
2021-06-03 09:17:21,816.65,522914
2021-06-03 09:17:22,817.0,530369
2021-06-03 09:17:23,817.0,531621
2021-06-03 09:17:24,817.45,533192
2021-06-03 09:17:25,817.0,534687
2021-06-03 09:17:26,817.35,535445
2021-06-03 09:17:27,816.85,536865
2021-06-03 09:17:27,816.7,537048
2021-06-03 09:17:29,817.35,543579
2021-06-03 09:17:30,816.6,545345
2021-06-03 09:17:31,816.6,549472
2021-06-03 09:17:32,816.95,550095
2021-06-03 09:17:33,816.95,552541
2021-06-03 09:17:34,816.95,554524
2021-06-03 09:17:35,817.2,557217
2021-06-03 09:17:36,817.05,558926
2021-06-03 09:17:37,816.85,560028
2021-06-03 09:17:38,816.95,560584
2021-06-03 09:17:39,817.1,562266
2021-06-03 09:17:40,817.2,566102
2021-06-03 09:17:41,817.2,566879
2021-06-03 09:17:42,817.45,568501
2021-06-03 09:17:43,817.05,569053
2021-06-03 09:17:44,816.9,570037
2021-06-03 09:17:45,817.0,571589
2021-06-03 09:17:46,817.0,572872
2021-06-03 09:17:47,817.0,574352
2021-06-03 09:17:47,817.0,576435
2021-06-03 09:17:48,817.35,578217
2021-06-03 09:17:49,817.45,580468
2021-06-03 09:17:50,817.4,581023
2021-06-03 09:17:51,817.4,584328
2021-06-03 09:17:53,817.05,584550
2021-06-03 09:17:54,817.4,585260
2021-06-03 09:17:55,816.9,593285
2021-06-03 09:17:55,816.9,593026
2021-06-03 09:17:56,816.7,593966
2021-06-03 09:17:57,816.45,594778
2021-06-03 09:17:58,816.85,595487
2021-06-03 09:18:00,816.3,596057
2021-06-03 09:18:01,816.6,597659
2021-06-03 09:18:02,816.45,598440
2021-06-03 09:18:03,816.45,603526
2021-06-03 09:18:04,816.35,605562
2021-06-03 09:18:05,816.7,605773
2021-06-03 09:18:06,816.5,607426
2021-06-03 09:18:07,816.65,608264
2021-06-03 09:18:08,816.65,608881
2021-06-03 09:18:09,816.9,610031
2021-06-03 09:18:10,816.75,613005
2021-06-03 09:18:11,817.0,613797
2021-06-03 09:18:12,817.15,617335
2021-06-03 09:18:13,817.15,619140
2021-06-03 09:18:14,817.0,621043
2021-06-03 09:18:15,817.0,621880
2021-06-03 09:18:16,816.9,624844
2021-06-03 09:18:17,816.95,625171
2021-06-03 09:18:18,817.15,626513
2021-06-03 09:18:18,817.15,626730
2021-06-03 09:18:19,817.95,649569
2021-06-03 09:18:20,818.15,652171
2021-06-03 09:18:21,818.4,654008
2021-06-03 09:18:22,818.1,654258
2021-06-03 09:18:23,818.6,656434
2021-06-03 09:18:25,818.55,659102
2021-06-03 09:18:26,818.95,660463
2021-06-03 09:18:27,819.05,667368
2021-06-03 09:18:28,819.0,668602
2021-06-03 09:18:29,819.55,673120
2021-06-03 09:18:30,820.0,683822
2021-06-03 09:18:31,819.75,689306
2021-06-03 09:18:32,819.8,690830
2021-06-03 09:18:33,820.0,691577
2021-06-03 09:18:34,820.65,696471
2021-06-03 09:18:35,820.2,699585
2021-06-03 09:18:36,820.3,704419
2021-06-03 09:18:37,820.2,710918
2021-06-03 09:18:37,820.2,710918
2021-06-03 09:18:38,820.65,713542
2021-06-03 09:18:39,820.55,715521
2021-06-03 09:18:41,821.35,725638
2021-06-03 09:18:42,821.05,727584
2021-06-03 09:18:43,820.6,730825
2021-06-03 09:18:44,820.75,734500
2021-06-03 09:18:45,820.45,736862
2021-06-03 09:18:46,820.6,743842
2021-06-03 09:18:47,820.6,746422
2021-06-03 09:18:48,820.65,749474
2021-06-03 09:18:49,820.45,751713
2021-06-03 09:18:50,820.95,753180
2021-06-03 09:18:51,820.9,754160
2021-06-03 09:18:52,820.7,758975
2021-06-03 09:18:53,820.3,767867
2021-06-03 09:18:54,820.5,769842
2021-06-03 09:18:55,821.25,785756
2021-06-03 09:18:56,821.45,787785
2021-06-03 09:18:57,821.45,789262
2021-06-03 09:18:58,821.45,791902
2021-06-03 09:18:59,821.0,812924
2021-06-03 09:18:59,821.45,812994
2021-06-03 09:19:00,821.3,816283
2021-06-03 09:19:01,821.3,821344
2021-06-03 09:19:02,821.5,824169
2021-06-03 09:19:03,821.8,826527
2021-06-03 09:19:04,821.9,833418
2021-06-03 09:19:05,821.8,836213
2021-06-03 09:19:07,822.15,848497
2021-06-03 09:19:08,822.4,851194
2021-06-03 09:19:09,822.4,853752
2021-06-03 09:19:09,822.0,854302
2021-06-03 09:19:11,822.0,856565
2021-06-03 09:19:12,822.25,859819
2021-06-03 09:19:13,822.3,869165
2021-06-03 09:19:14,822.4,872092
2021-06-03 09:19:15,822.05,875898
2021-06-03 09:19:15,821.45,880342
2021-06-03 09:19:16,821.1,887603
2021-06-03 09:19:18,820.85,891909
2021-06-03 09:19:19,821.05,899780
2021-06-03 09:19:20,821.45,907801
2021-06-03 09:19:21,821.25,909633
2021-06-03 09:19:22,820.8,912879
2021-06-03 09:19:23,821.0,913832
2021-06-03 09:19:23,821.2,914066
2021-06-03 09:19:24,821.1,914722
2021-06-03 09:19:25,821.0,917223
2021-06-03 09:19:26,821.0,921615
2021-06-03 09:19:27,820.9,923883
2021-06-03 09:19:29,820.8,926624
2021-06-03 09:19:30,820.95,928618
2021-06-03 09:19:31,820.85,929785
2021-06-03 09:19:32,820.9,932128
2021-06-03 09:19:33,820.9,933998
2021-06-03 09:19:34,820.8,939873
2021-06-03 09:19:35,820.9,941905
2021-06-03 09:19:36,820.7,942893
2021-06-03 09:19:37,820.3,944959
2021-06-03 09:19:37,820.7,945365
2021-06-03 09:19:38,820.35,946507
2021-06-03 09:19:39,820.5,947958
2021-06-03 09:19:40,820.85,949665
2021-06-03 09:19:41,820.95,958100
2021-06-03 09:19:42,821.15,960078
2021-06-03 09:19:43,821.3,961946
2021-06-03 09:19:45,821.0,963004
2021-06-03 09:19:46,821.0,963828
2021-06-03 09:19:47,821.0,964199
2021-06-03 09:19:48,821.35,966538
2021-06-03 09:19:49,821.0,967229
2021-06-03 09:19:50,821.35,967643
2021-06-03 09:19:50,821.35,967644
2021-06-03 09:19:52,821.05,968831
2021-06-03 09:19:53,821.2,970839
2021-06-03 09:19:54,821.6,972228
2021-06-03 09:19:55,821.3,973486
2021-06-03 09:19:56,821.55,975304
2021-06-03 09:19:56,821.55,976119
2021-06-03 09:19:57,821.55,978604
2021-06-03 09:19:58,821.55,979909
2021-06-03 09:20:00,821.55,982629
2021-06-03 09:20:01,821.7,984147
2021-06-03 09:20:02,821.6,985435
2021-06-03 09:20:03,822.25,1001736
2021-06-03 09:20:04,821.55,1004237
2021-06-03 09:20:05,821.55,1005617
2021-06-03 09:20:06,821.55,1006405
2021-06-03 09:20:07,821.9,1007608
2021-06-03 09:20:08,821.9,1007755
2021-06-03 09:20:09,821.9,1011478
2021-06-03 09:20:09,821.8,1012037
2021-06-03 09:20:10,822.0,1013863
2021-06-03 09:20:12,821.9,1015785
2021-06-03 09:20:13,822.05,1018193
2021-06-03 09:20:14,821.95,1019780
2021-06-03 09:20:15,822.0,1021438
2021-06-03 09:20:16,822.0,1023147
2021-06-03 09:20:17,822.0,1025484
2021-06-03 09:20:18,822.8,1034170
2021-06-03 09:20:18,822.85,1034355
2021-06-03 09:20:19,822.85,1035577
2021-06-03 09:20:20,822.85,1040063
2021-06-03 09:20:21,823.15,1054064
2021-06-03 09:20:22,823.2,1063993
2021-06-03 09:20:23,823.1,1069271
2021-06-03 09:20:25,823.1,1070644
2021-06-03 09:20:26,823.1,1077259
2021-06-03 09:20:27,823.4,1079037
2021-06-03 09:20:28,823.25,1082349
2021-06-03 09:20:28,823.9,1081500
2021-06-03 09:20:30,824.0,1097635
2021-06-03 09:20:31,825.15,1147832
2021-06-03 09:20:32,825.5,1151244
2021-06-03 09:20:33,825.75,1160310
2021-06-03 09:20:34,826.0,1163638
2021-06-03 09:20:35,825.5,1168871
2021-06-03 09:20:35,825.55,1168100
2021-06-03 09:20:36,826.0,1170668
2021-06-03 09:20:38,825.6,1174334
2021-06-03 09:20:39,826.15,1178258
2021-06-03 09:20:40,825.95,1181792
2021-06-03 09:20:41,826.15,1185767
2021-06-03 09:20:42,825.9,1189876
2021-06-03 09:20:43,825.5,1196028
2021-06-03 09:20:44,825.5,1204701
2021-06-03 09:20:44,825.5,1204245
2021-06-03 09:20:46,825.35,1209238
2021-06-03 09:20:47,825.35,1213292
2021-06-03 09:20:48,825.55,1216378
2021-06-03 09:20:49,825.5,1218246
2021-06-03 09:20:50,825.0,1230021
2021-06-03 09:20:51,825.5,1232501
2021-06-03 09:20:52,825.4,1238422
2021-06-03 09:20:53,825.3,1242366
2021-06-03 09:20:54,825.3,1243860
2021-06-03 09:20:55,825.4,1249276
2021-06-03 09:20:56,825.0,1250447
2021-06-03 09:20:57,824.45,1266355
2021-06-03 09:20:58,824.9,1267525
2021-06-03 09:20:59,824.85,1269482
2021-06-03 09:20:59,824.6,1269253
2021-06-03 09:21:00,824.25,1271429
2021-06-03 09:21:01,824.45,1273072
2021-06-03 09:21:03,824.05,1275949
2021-06-03 09:21:04,824.35,1277439
2021-06-03 09:21:05,824.3,1278641
2021-06-03 09:21:06,824.55,1282168
2021-06-03 09:21:07,824.05,1285336
2021-06-03 09:21:08,824.05,1287605
2021-06-03 09:21:09,824.0,1291947
2021-06-03 09:21:10,824.0,1294442
2021-06-03 09:21:11,823.95,1298600
2021-06-03 09:21:12,823.6,1300702
2021-06-03 09:21:13,823.9,1303495
2021-06-03 09:21:14,824.0,1308535
2021-06-03 09:21:15,823.75,1315234
2021-06-03 09:21:16,823.9,1316070
2021-06-03 09:21:17,823.8,1317154
2021-06-03 09:21:18,823.8,1319913
2021-06-03 09:21:19,823.85,1321919
2021-06-03 09:21:20,823.6,1325033
2021-06-03 09:21:21,823.8,1327783
2021-06-03 09:21:22,823.45,1334723
2021-06-03 09:21:23,823.3,1335385
2021-06-03 09:21:24,823.5,1337071
2021-06-03 09:21:25,823.55,1338505
2021-06-03 09:21:26,823.3,1340335
2021-06-03 09:21:27,823.4,1341278
2021-06-03 09:21:29,823.5,1352928
2021-06-03 09:21:30,823.75,1359720
2021-06-03 09:21:31,823.5,1366192
2021-06-03 09:21:32,823.4,1367594
2021-06-03 09:21:33,823.5,1368275
2021-06-03 09:21:34,823.8,1370111
2021-06-03 09:21:35,823.95,1371196
2021-06-03 09:21:36,824.0,1374569
2021-06-03 09:21:37,823.65,1375938
2021-06-03 09:21:38,823.7,1378810
2021-06-03 09:21:39,823.65,1381060
2021-06-03 09:21:40,823.65,1382113
2021-06-03 09:21:41,823.7,1383208
2021-06-03 09:21:42,824.0,1386511
2021-06-03 09:21:43,823.6,1387312
2021-06-03 09:21:44,823.95,1388556
2021-06-03 09:21:45,824.0,1390338
2021-06-03 09:21:46,823.95,1392277
2021-06-03 09:21:47,823.75,1392861
2021-06-03 09:21:48,824.0,1395453
2021-06-03 09:21:49,823.95,1396328
2021-06-03 09:21:50,824.1,1397635
2021-06-03 09:21:51,824.7,1401436
2021-06-03 09:21:52,824.45,1402608
2021-06-03 09:21:53,824.35,1404144
2021-06-03 09:21:54,824.5,1411533
2021-06-03 09:21:55,824.5,1418629
2021-06-03 09:21:56,824.8,1419360
2021-06-03 09:21:57,824.5,1421219
2021-06-03 09:21:58,824.9,1424839
2021-06-03 09:21:59,824.8,1426019
2021-06-03 09:22:00,824.8,1428796
2021-06-03 09:22:00,824.5,1428947
2021-06-03 09:22:01,824.5,1429605
2021-06-03 09:22:02,824.5,1431181
2021-06-03 09:22:03,824.55,1431674
2021-06-03 09:22:04,824.55,1435069
2021-06-03 09:22:05,824.6,1438384
2021-06-03 09:22:06,824.7,1440914
2021-06-03 09:22:07,824.6,1442231
2021-06-03 09:22:08,824.6,1443434
2021-06-03 09:22:10,825.2,1469611
2021-06-03 09:22:11,825.2,1471643
2021-06-03 09:22:12,825.0,1472469
2021-06-03 09:22:13,825.3,1475144
2021-06-03 09:22:15,825.3,1476567
2021-06-03 09:22:16,824.55,1479268
2021-06-03 09:22:17,825.0,1482380
2021-06-03 09:22:18,824.65,1485171
2021-06-03 09:22:19,825.05,1486857
2021-06-03 09:22:20,825.0,1492951
2021-06-03 09:22:21,824.7,1498011
2021-06-03 09:22:22,824.6,1499973
2021-06-03 09:22:23,825.0,1501211
2021-06-03 09:22:24,824.9,1502024
2021-06-03 09:22:25,824.7,1504343
2021-06-03 09:22:26,824.8,1511719
2021-06-03 09:22:27,824.9,1514324
2021-06-03 09:22:28,824.6,1525661
2021-06-03 09:22:29,824.7,1526357
2021-06-03 09:22:30,824.9,1527473
2021-06-03 09:22:31,824.95,1538531
2021-06-03 09:22:32,824.6,1539167
2021-06-03 09:22:34,824.1,1541460
2021-06-03 09:22:38,824.45,1564669
2021-06-03 09:22:39,824.1,1564911
2021-06-03 09:22:40,824.1,1567130
2021-06-03 09:22:41,823.85,1568200
2021-06-03 09:22:42,824.05,1570263
2021-06-03 09:22:43,823.9,1571226
2021-06-03 09:22:44,823.85,1573176
2021-06-03 09:22:45,823.85,1573683
2021-06-03 09:22:46,823.9,1574491
2021-06-03 09:22:47,823.7,1579810
2021-06-03 09:22:48,823.35,1582499
2021-06-03 09:22:49,823.7,1584430
2021-06-03 09:22:50,823.35,1596189
2021-06-03 09:22:51,823.35,1596463
2021-06-03 09:22:52,823.4,1597204
2021-06-03 09:22:53,823.6,1598373
2021-06-03 09:22:54,822.95,1599230
2021-06-03 09:22:55,823.4,1600302
2021-06-03 09:22:56,823.65,1606516
2021-06-03 09:22:57,823.3,1607260
2021-06-03 09:22:58,823.3,1608238
2021-06-03 09:22:59,823.55,1610042
2021-06-03 09:23:00,823.3,1611971
2021-06-03 09:23:02,823.65,1631857
2021-06-03 09:23:03,824.0,1632777
2021-06-03 09:23:04,824.0,1633655
2021-06-03 09:23:05,824.3,1635715
2021-06-03 09:23:06,824.15,1638741
2021-06-03 09:23:07,824.3,1640366
2021-06-03 09:23:08,823.85,1641032
2021-06-03 09:23:09,823.85,1642594
2021-06-03 09:23:10,823.55,1644937
2021-06-03 09:23:11,823.4,1654297
2021-06-03 09:23:13,822.95,1655261
2021-06-03 09:23:12,823.35,1654829
2021-06-03 09:23:14,823.15,1657007
2021-06-03 09:23:15,823.45,1658421
2021-06-03 09:23:16,823.35,1660726
2021-06-03 09:23:17,823.05,1661339
2021-06-03 09:23:18,823.15,1661950
2021-06-03 09:23:19,823.2,1663044
2021-06-03 09:23:20,823.4,1664408
2021-06-03 09:23:21,823.1,1666223
2021-06-03 09:23:22,823.4,1666943
2021-06-03 09:23:23,823.1,1667124
2021-06-03 09:23:24,823.35,1676999
2021-06-03 09:23:25,823.4,1678735
2021-06-03 09:23:26,823.1,1678912
2021-06-03 09:23:27,823.35,1680169
2021-06-03 09:23:28,823.4,1680848
2021-06-03 09:23:29,823.05,1682479
2021-06-03 09:23:30,823.0,1683264
2021-06-03 09:23:31,823.0,1683985
2021-06-03 09:23:32,822.7,1685831
2021-06-03 09:23:33,822.9,1686527
2021-06-03 09:23:34,823.3,1688519
2021-06-03 09:23:35,822.55,1689090
2021-06-03 09:23:36,822.5,1690632
2021-06-03 09:23:37,822.1,1694856
2021-06-03 09:23:38,822.7,1695472
2021-06-03 09:23:41,822.45,1699023
2021-06-03 09:23:43,821.95,1722322
2021-06-03 09:23:44,821.8,1723465
2021-06-03 09:23:45,821.9,1725707
2021-06-03 09:23:46,821.8,1726405
2021-06-03 09:23:47,821.65,1727299
2021-06-03 09:23:48,821.3,1727699
2021-06-03 09:23:49,821.65,1727953
2021-06-03 09:23:50,821.7,1728104
2021-06-03 09:23:51,821.55,1730571
2021-06-03 09:23:52,821.7,1730820
2021-06-03 09:23:53,821.5,1731285
2021-06-03 09:23:54,821.7,1731490
2021-06-03 09:23:55,821.55,1733246
2021-06-03 09:23:56,821.25,1734449
2021-06-03 09:23:57,821.55,1742442
2021-06-03 09:23:58,821.5,1743137
2021-06-03 09:23:59,820.85,1749175
2021-06-03 09:24:00,820.95,1750025
2021-06-03 09:24:01,820.8,1750534
2021-06-03 09:24:02,821.5,1754704
2021-06-03 09:24:03,821.55,1755584
2021-06-03 09:24:04,820.75,1756726
2021-06-03 09:24:05,821.1,1757404
2021-06-03 09:24:06,821.55,1758951
2021-06-03 09:24:07,821.55,1759740
2021-06-03 09:24:08,821.65,1760250
2021-06-03 09:24:09,821.7,1760997
2021-06-03 09:24:10,821.5,1761745
2021-06-03 09:24:11,821.6,1762048
2021-06-03 09:24:12,821.95,1763752
2021-06-03 09:24:13,821.9,1763966
2021-06-03 09:24:14,821.6,1765256
2021-06-03 09:24:15,821.45,1765458
2021-06-03 09:24:16,821.5,1766704
2021-06-03 09:24:17,821.3,1766892
2021-06-03 09:24:18,820.8,1774417
2021-06-03 09:24:19,820.7,1775148
2021-06-03 09:24:20,821.1,1776085
2021-06-03 09:24:21,820.8,1777517
2021-06-03 09:24:22,820.65,1779495
2021-06-03 09:24:23,820.9,1781646
2021-06-03 09:24:24,821.0,1781862
2021-06-03 09:24:25,821.0,1782176
2021-06-03 09:24:26,820.85,1789035
2021-06-03 09:24:27,820.9,1790000
2021-06-03 09:24:28,820.75,1791500
2021-06-03 09:24:29,820.5,1791969
2021-06-03 09:24:31,819.8,1843445
2021-06-03 09:24:32,820.15,1846260
2021-06-03 09:24:33,819.9,1846719
2021-06-03 09:24:34,820.25,1847817
2021-06-03 09:24:35,819.6,1849671
2021-06-03 09:24:36,819.65,1851546
2021-06-03 09:24:37,819.45,1852921
2021-06-03 09:24:38,819.45,1854715
2021-06-03 09:24:39,820.0,1856085
2021-06-03 09:24:40,819.85,1856586
2021-06-03 09:24:41,819.6,1857285
2021-06-03 09:24:42,819.8,1858379
2021-06-03 09:24:43,819.8,1858386
2021-06-03 09:24:44,819.85,1859204
2021-06-03 09:24:45,819.5,1860270
2021-06-03 09:24:46,819.45,1861464
2021-06-03 09:24:47,819.8,1863743
2021-06-03 09:24:48,819.3,1864159
2021-06-03 09:24:49,819.35,1865959
2021-06-03 09:24:50,819.75,1868000
2021-06-03 09:24:51,819.35,1869908
2021-06-03 09:24:52,819.5,1873048
2021-06-03 09:24:53,819.35,1876589
2021-06-03 09:24:54,819.3,1878332
2021-06-03 09:24:55,819.65,1879390
2021-06-03 09:24:56,819.5,1881155
2021-06-03 09:24:58,819.35,1882796
2021-06-03 09:24:59,819.75,1885299
2021-06-03 09:25:00,819.85,1887301
2021-06-03 09:25:01,819.75,1891319
2021-06-03 09:25:02,819.8,1892692
2021-06-03 09:25:03,820.45,1894035
2021-06-03 09:25:04,820.45,1894329
2021-06-03 09:25:05,820.55,1895031
2021-06-03 09:25:06,820.45,1895352
2021-06-03 09:25:07,820.05,1896413
2021-06-03 09:25:08,820.25,1899433
2021-06-03 09:25:09,820.15,1901388
2021-06-03 09:25:11,819.35,1905790
2021-06-03 09:25:12,818.8,1923143
2021-06-03 09:25:13,818.65,1924319
2021-06-03 09:25:14,818.7,1928129
2021-06-03 09:25:14,818.3,1928134
2021-06-03 09:25:15,818.2,1931325
2021-06-03 09:25:16,818.0,1937555
2021-06-03 09:25:17,817.75,1951708
2021-06-03 09:25:18,818.05,1953132
2021-06-03 09:25:19,818.1,1954400
2021-06-03 09:25:20,817.5,1958712
2021-06-03 09:25:21,817.4,1959751
2021-06-03 09:25:22,817.45,1979561
2021-06-03 09:25:23,817.0,1981655
2021-06-03 09:25:25,817.0,1985120
2021-06-03 09:25:26,817.2,1989514
2021-06-03 09:25:28,817.2,1993609
2021-06-03 09:25:29,817.55,1994271
2021-06-03 09:25:30,817.2,1996401
2021-06-03 09:25:31,817.75,1998138
2021-06-03 09:25:32,817.55,2017026
2021-06-03 09:25:33,817.25,2017709
2021-06-03 09:25:34,817.5,2019586
2021-06-03 09:25:35,817.45,2021872
2021-06-03 09:25:36,817.75,2022857
2021-06-03 09:25:37,818.0,2025032
2021-06-03 09:25:38,818.25,2027491
2021-06-03 09:25:39,817.8,2028917
2021-06-03 09:25:40,818.25,2029736
2021-06-03 09:25:41,818.5,2030508
2021-06-03 09:25:42,818.1,2032046
2021-06-03 09:25:43,818.6,2033516
2021-06-03 09:25:44,818.45,2033536
2021-06-03 09:25:45,818.55,2047908
2021-06-03 09:25:46,818.5,2048729
2021-06-03 09:25:47,819.05,2049604
2021-06-03 09:25:48,818.85,2052317
2021-06-03 09:25:50,818.75,2053898
2021-06-03 09:25:51,817.75,2081043
2021-06-03 09:25:52,818.45,2083568
2021-06-03 09:25:53,818.05,2084852
2021-06-03 09:25:54,817.5,2086819
2021-06-03 09:25:55,817.95,2089303
2021-06-03 09:25:56,817.55,2090183
2021-06-03 09:25:57,817.55,2093300
2021-06-03 09:25:58,817.7,2094394
2021-06-03 09:25:59,817.7,2100311
2021-06-03 09:26:00,817.45,2101105
2021-06-03 09:26:01,817.45,2101947
2021-06-03 09:26:02,817.4,2102878
2021-06-03 09:26:03,817.7,2103759
2021-06-03 09:26:04,817.35,2104152
2021-06-03 09:26:05,817.7,2105000
2021-06-03 09:26:06,817.6,2106171
2021-06-03 09:26:07,817.7,2106508
2021-06-03 09:26:08,817.55,2107268
2021-06-03 09:26:09,817.7,2109208
2021-06-03 09:26:10,817.55,2111509
2021-06-03 09:26:11,817.85,2113235
2021-06-03 09:26:13,818.0,2114118
2021-06-03 09:26:14,817.75,2114779
2021-06-03 09:26:15,818.0,2115557
2021-06-03 09:26:15,818.0,2115426
2021-06-03 09:26:16,818.15,2115838
2021-06-03 09:26:17,816.95,2145917
2021-06-03 09:26:18,817.0,2146666
2021-06-03 09:26:19,817.5,2147867
2021-06-03 09:26:20,817.2,2148468
2021-06-03 09:26:21,817.2,2149216
2021-06-03 09:26:22,817.2,2151327
2021-06-03 09:26:23,817.65,2153597
2021-06-03 09:26:24,816.5,2159351
2021-06-03 09:26:26,816.6,2160105
2021-06-03 09:26:27,816.9,2160408
2021-06-03 09:26:28,816.65,2161139
2021-06-03 09:26:29,816.5,2162695
2021-06-03 09:26:30,816.9,2163502
2021-06-03 09:26:31,816.6,2165106
2021-06-03 09:26:32,816.55,2169508
2021-06-03 09:26:33,815.9,2196069
2021-06-03 09:26:34,815.85,2200797
2021-06-03 09:26:35,815.65,2201931
2021-06-03 09:26:35,815.85,2202076
2021-06-03 09:26:36,816.05,2202639
2021-06-03 09:26:38,815.7,2204738
2021-06-03 09:26:39,815.65,2208123
2021-06-03 09:26:40,815.8,2209646
2021-06-03 09:26:41,815.95,2215741
2021-06-03 09:26:42,815.85,2216174
2021-06-03 09:26:43,815.85,2218481
2021-06-03 09:26:44,815.4,2226208
2021-06-03 09:26:45,815.7,2226813
2021-06-03 09:26:46,815.05,2227327
2021-06-03 09:26:47,814.7,2264227
2021-06-03 09:26:48,814.8,2265237
2021-06-03 09:26:49,814.4,2269402
2021-06-03 09:26:50,814.4,2270957
2021-06-03 09:26:51,814.6,2273837
2021-06-03 09:26:52,814.7,2275604
2021-06-03 09:26:53,814.85,2276629
2021-06-03 09:26:55,814.75,2277890
2021-06-03 09:26:55,814.85,2278828
2021-06-03 09:26:57,815.0,2289585
2021-06-03 09:26:58,815.1,2300209
2021-06-03 09:26:59,815.15,2306367
2021-06-03 09:27:01,815.1,2306987
2021-06-03 09:27:02,815.2,2308625
2021-06-03 09:27:03,815.0,2309689
2021-06-03 09:27:04,815.25,2312122
2021-06-03 09:27:07,815.2,2314079
2021-06-03 09:27:08,815.85,2315161
2021-06-03 09:27:09,815.85,2315570
2021-06-03 09:27:09,815.85,2315636
2021-06-03 09:27:10,815.8,2317308
2021-06-03 09:27:11,815.65,2317908
2021-06-03 09:27:12,815.85,2319583
2021-06-03 09:27:13,816.2,2322909
2021-06-03 09:27:14,815.9,2324149
2021-06-03 09:27:15,816.4,2324988
2021-06-03 09:27:16,816.35,2327038
2021-06-03 09:27:17,815.65,2328968
2021-06-03 09:27:18,816.25,2329373
2021-06-03 09:27:19,816.45,2331195
2021-06-03 09:27:20,816.4,2332824
2021-06-03 09:27:22,816.4,2334893
2021-06-03 09:27:23,816.55,2336466
2021-06-03 09:27:25,816.45,2345063
2021-06-03 09:27:26,816.0,2347313
2021-06-03 09:27:27,816.4,2348852
2021-06-03 09:27:28,816.25,2349707
2021-06-03 09:27:29,816.25,2350401
2021-06-03 09:27:30,816.05,2359736
2021-06-03 09:27:31,816.0,2360504
2021-06-03 09:27:32,815.65,2361544
2021-06-03 09:27:33,815.95,2362547
2021-06-03 09:27:34,815.6,2364642
2021-06-03 09:27:35,815.7,2365390
2021-06-03 09:27:36,815.45,2367495
2021-06-03 09:27:37,815.4,2367974
2021-06-03 09:27:37,815.4,2368024
2021-06-03 09:27:38,815.25,2377734
2021-06-03 09:27:39,815.0,2383395
2021-06-03 09:27:40,814.4,2418872
2021-06-03 09:27:41,814.4,2419386
2021-06-03 09:27:42,814.9,2420724
2021-06-03 09:27:44,815.2,2426810
2021-06-03 09:27:48,814.8,2432191
2021-06-03 09:27:51,814.9,2436077
2021-06-03 09:27:50,814.75,2433601
2021-06-03 09:27:51,815.0,2438868
2021-06-03 09:27:53,815.2,2439914
2021-06-03 09:27:54,815.2,2440134
2021-06-03 09:27:55,815.05,2441064
2021-06-03 09:27:56,815.05,2442357
2021-06-03 09:27:57,815.2,2443214
2021-06-03 09:27:58,814.9,2446446
2021-06-03 09:27:59,814.55,2446697
2021-06-03 09:27:59,814.85,2446927
2021-06-03 09:28:00,814.7,2448705
2021-06-03 09:28:01,814.85,2451957
2021-06-03 09:28:02,814.85,2455521
2021-06-03 09:28:03,814.55,2456857
2021-06-03 09:28:04,815.15,2465210
2021-06-03 09:28:05,815.25,2465569
2021-06-03 09:28:06,815.25,2467961
2021-06-03 09:28:07,815.2,2468085
2021-06-03 09:28:09,815.25,2469627
2021-06-03 09:28:10,815.15,2470388
2021-06-03 09:28:11,815.15,2470988
2021-06-03 09:28:11,815.15,2471149
2021-06-03 09:28:12,814.85,2471495
2021-06-03 09:28:13,814.95,2473249
2021-06-03 09:28:14,815.35,2474820
2021-06-03 09:28:15,814.9,2475149
2021-06-03 09:28:16,815.15,2476171
2021-06-03 09:28:17,814.3,2485641
2021-06-03 09:28:18,814.3,2486406
2021-06-03 09:28:19,814.55,2489170
2021-06-03 09:28:21,814.2,2506462
2021-06-03 09:28:22,812.5,2567709
2021-06-03 09:28:25,812.25,2571884
2021-06-03 09:28:26,812.1,2581751
2021-06-03 09:28:26,812.15,2582211
2021-06-03 09:28:27,811.2,2600800
2021-06-03 09:28:28,810.8,2603247
2021-06-03 09:28:29,811.3,2605784
2021-06-03 09:28:30,811.45,2607549
2021-06-03 09:28:31,811.5,2608666
2021-06-03 09:28:32,811.75,2613455
2021-06-03 09:28:33,811.75,2614266
2021-06-03 09:28:34,811.95,2615553
2021-06-03 09:28:35,812.0,2619025
2021-06-03 09:28:36,812.2,2622108
2021-06-03 09:28:37,812.1,2623827
2021-06-03 09:28:38,812.1,2624754
2021-06-03 09:28:39,812.1,2625463
2021-06-03 09:28:41,811.25,2639052
2021-06-03 09:28:42,811.5,2640777
2021-06-03 09:28:44,811.25,2643933
2021-06-03 09:28:45,811.95,2648573
2021-06-03 09:28:45,811.55,2649088
2021-06-03 09:28:46,811.8,2652242
2021-06-03 09:28:47,811.9,2653528
2021-06-03 09:28:48,812.1,2657513
2021-06-03 09:28:49,811.8,2658682
2021-06-03 09:28:50,811.95,2659979
2021-06-03 09:28:52,812.85,2671112
2021-06-03 09:28:53,812.75,2672064
2021-06-03 09:28:54,812.35,2673702
2021-06-03 09:28:55,813.05,2676290
2021-06-03 09:28:56,813.15,2677160
2021-06-03 09:28:58,812.9,2678838
2021-06-03 09:28:59,813.15,2679653
2021-06-03 09:29:00,813.0,2683204
2021-06-03 09:29:01,813.35,2683948
2021-06-03 09:29:01,813.4,2683989
2021-06-03 09:29:02,813.0,2687917
2021-06-03 09:29:03,813.5,2692179
2021-06-03 09:29:04,814.8,2723878
2021-06-03 09:29:05,815.15,2727820
2021-06-03 09:29:06,814.75,2729481
2021-06-03 09:29:07,815.0,2731339
2021-06-03 09:29:09,815.0,2731576
2021-06-03 09:29:10,815.25,2733286
2021-06-03 09:29:11,815.25,2734048
2021-06-03 09:29:12,815.0,2734871
2021-06-03 09:29:13,814.85,2736397
2021-06-03 09:29:14,815.0,2737223
2021-06-03 09:29:15,815.0,2737936
2021-06-03 09:29:16,814.95,2741351
2021-06-03 09:29:17,814.8,2742551
2021-06-03 09:29:18,815.25,2743127
2021-06-03 09:29:19,815.2,2743843
2021-06-03 09:29:20,814.85,2744977
2021-06-03 09:29:21,815.35,2745893
2021-06-03 09:29:22,815.2,2747190
2021-06-03 09:29:23,815.2,2749402
2021-06-03 09:29:23,815.2,2749587
2021-06-03 09:29:24,815.2,2750736
2021-06-03 09:29:25,815.2,2751988
2021-06-03 09:29:28,815.4,2754079
2021-06-03 09:29:29,815.35,2754591
2021-06-03 09:29:30,815.2,2755098
2021-06-03 09:29:31,815.6,2755858
2021-06-03 09:29:32,815.35,2759388
2021-06-03 09:29:33,815.05,2760379
2021-06-03 09:29:34,815.8,2762079
2021-06-03 09:29:35,815.4,2765316
2021-06-03 09:29:36,815.4,2767469
2021-06-03 09:29:37,815.4,2768974
2021-06-03 09:29:38,815.35,2770948
2021-06-03 09:29:39,815.2,2771291
2021-06-03 09:29:39,815.2,2771291
2021-06-03 09:29:40,815.2,2771675
2021-06-03 09:29:41,815.4,2778042
2021-06-03 09:29:43,816.4,2786021
2021-06-03 09:29:44,816.2,2788238
2021-06-03 09:29:45,815.75,2790106
2021-06-03 09:29:46,815.95,2790709
2021-06-03 09:29:47,816.0,2790935
2021-06-03 09:29:48,816.1,2795291
2021-06-03 09:29:49,816.4,2795784
2021-06-03 09:29:50,816.2,2796642
2021-06-03 09:29:50,816.3,2797301
2021-06-03 09:29:51,816.2,2800759
2021-06-03 09:29:52,816.0,2802359
2021-06-03 09:29:53,816.25,2803055
2021-06-03 09:29:54,816.3,2803318
2021-06-03 09:29:55,816.3,2803665
2021-06-03 09:29:56,816.3,2805157
2021-06-03 09:29:57,816.25,2806982
2021-06-03 09:29:58,816.6,2808857
2021-06-03 09:29:59,816.8,2809108
2021-06-03 09:30:00,816.9,2811165
2021-06-03 09:30:01,816.95,2812964
2021-06-03 09:30:02,816.65,2813636
2021-06-03 09:30:04,817.0,2814708
2021-06-03 09:30:05,816.9,2815046
2021-06-03 09:30:06,817.0,2816576
2021-06-03 09:30:07,816.8,2817506
2021-06-03 09:30:08,816.6,2819045
2021-06-03 09:30:09,816.55,2820487
2021-06-03 09:30:10,816.5,2821713
2021-06-03 09:30:11,816.5,2822044
2021-06-03 09:30:12,816.35,2823757
2021-06-03 09:30:13,816.0,2825106
2021-06-03 09:30:14,815.7,2835760
2021-06-03 09:30:15,816.0,2836006
2021-06-03 09:30:16,815.7,2836895
2021-06-03 09:30:17,816.0,2837467
2021-06-03 09:30:18,815.75,2838979
2021-06-03 09:30:19,815.7,2839666
2021-06-03 09:30:20,815.85,2840621
2021-06-03 09:30:21,815.5,2842524
2021-06-03 09:30:22,815.7,2843003
2021-06-03 09:30:22,815.5,2842812
2021-06-03 09:30:23,815.5,2843835
2021-06-03 09:30:24,816.0,2844130
2021-06-03 09:30:25,815.55,2845920
2021-06-03 09:30:27,815.5,2846221
2021-06-03 09:30:28,815.8,2847055
2021-06-03 09:30:29,815.55,2847681
2021-06-03 09:30:30,815.55,2848101
2021-06-03 09:30:31,815.85,2848401
2021-06-03 09:30:32,815.5,2850714
2021-06-03 09:30:33,815.8,2851404
2021-06-03 09:30:34,815.6,2851542
2021-06-03 09:30:35,815.55,2852204
2021-06-03 09:30:36,815.5,2852335
2021-06-03 09:30:37,816.0,2852758
2021-06-03 09:30:38,816.0,2852835
2021-06-03 09:30:39,816.0,2853642
2021-06-03 09:30:40,816.15,2855685
2021-06-03 09:30:41,816.3,2855954
2021-06-03 09:30:42,816.0,2856720
2021-06-03 09:30:43,816.0,2856947
2021-06-03 09:30:44,816.3,2857429
2021-06-03 09:30:45,816.3,2858136
2021-06-03 09:30:48,816.0,2863234
2021-06-03 09:30:49,816.0,2863442
2021-06-03 09:30:50,815.55,2864971
2021-06-03 09:30:51,815.1,2887986
2021-06-03 09:30:52,815.1,2888257
2021-06-03 09:30:53,815.35,2888801
2021-06-03 09:30:54,815.3,2888818
2021-06-03 09:30:55,815.45,2889078
2021-06-03 09:30:56,815.45,2889491
2021-06-03 09:30:57,815.45,2889733
2021-06-03 09:30:59,815.45,2890088
2021-06-03 09:31:00,815.25,2890914
2021-06-03 09:31:01,815.7,2891870
2021-06-03 09:31:02,815.3,2891908
2021-06-03 09:31:03,815.65,2892472
2021-06-03 09:31:04,815.65,2892596
2021-06-03 09:31:05,815.75,2892824
2021-06-03 09:31:06,815.7,2892919
2021-06-03 09:31:07,815.7,2893558
2021-06-03 09:31:08,815.65,2894008
2021-06-03 09:31:08,815.65,2894008
2021-06-03 09:31:09,815.5,2894285
2021-06-03 09:31:10,815.6,2895557
2021-06-03 09:31:11,815.6,2895871
2021-06-03 09:31:12,815.6,2896043
2021-06-03 09:31:13,815.75,2897026
2021-06-03 09:31:15,815.5,2897841
2021-06-03 09:31:16,815.75,2898408
2021-06-03 09:31:17,815.9,2898488
2021-06-03 09:31:18,815.8,2899047
2021-06-03 09:31:19,815.8,2899069
2021-06-03 09:31:20,817.2,2928732
2021-06-03 09:31:21,817.05,2929020
2021-06-03 09:31:22,816.85,2929592
2021-06-03 09:31:23,816.8,2929844
2021-06-03 09:31:24,817.0,2930413
2021-06-03 09:31:25,816.8,2931131
2021-06-03 09:31:26,816.75,2931312
2021-06-03 09:31:27,816.3,2931396
2021-06-03 09:31:28,816.5,2931516
2021-06-03 09:31:29,816.75,2931714
2021-06-03 09:31:30,816.4,2932039
2021-06-03 09:31:32,816.75,2932838
2021-06-03 09:31:33,816.85,2933078
2021-06-03 09:31:34,816.75,2933587
2021-06-03 09:31:35,816.9,2933786
2021-06-03 09:31:36,817.0,2936898
2021-06-03 09:31:37,816.85,2937280
2021-06-03 09:31:38,817.2,2937353
2021-06-03 09:31:38,816.75,2937415
2021-06-03 09:31:39,816.95,2937474
2021-06-03 09:31:40,816.9,2938426
2021-06-03 09:31:41,817.15,2938587
2021-06-03 09:31:43,817.2,2939234
2021-06-03 09:31:44,817.2,2939699
2021-06-03 09:31:45,816.95,2940132
2021-06-03 09:31:46,816.75,2940730
2021-06-03 09:31:47,816.45,2943719
2021-06-03 09:31:48,816.5,2944885
2021-06-03 09:31:49,815.85,2945885
2021-06-03 09:31:50,815.9,2947726
2021-06-03 09:31:50,815.9,2947921
2021-06-03 09:31:51,815.5,2948096
2021-06-03 09:31:52,815.9,2948271
2021-06-03 09:31:54,815.9,2948498
2021-06-03 09:31:55,815.9,2948931
2021-06-03 09:31:56,815.6,2951072
2021-06-03 09:31:57,815.85,2956211
2021-06-03 09:31:57,815.7,2956261
2021-06-03 09:31:59,816.05,2956508
2021-06-03 09:32:00,816.15,2959249
2021-06-03 09:32:01,815.9,2959612
2021-06-03 09:32:02,815.9,2960054
2021-06-03 09:32:03,816.1,2964310
2021-06-03 09:32:04,815.85,2964550
2021-06-03 09:32:05,815.95,2965250
2021-06-03 09:32:06,816.0,2966622
2021-06-03 09:32:07,815.95,2968307
2021-06-03 09:32:08,816.1,2968327
2021-06-03 09:32:09,816.1,2968503
2021-06-03 09:32:10,815.75,2968947
2021-06-03 09:32:11,816.05,2969214
2021-06-03 09:32:12,816.55,2969456
2021-06-03 09:32:13,816.55,2969473
2021-06-03 09:32:14,816.5,2969478
2021-06-03 09:32:15,816.5,2970035
2021-06-03 09:32:16,816.2,2970267
2021-06-03 09:32:17,816.05,2971069
2021-06-03 09:32:17,815.95,2971369
2021-06-03 09:32:18,816.15,2971473
2021-06-03 09:32:19,816.1,2971826
2021-06-03 09:32:21,816.15,2971916
2021-06-03 09:32:22,815.95,2973568
2021-06-03 09:32:23,816.0,2973664
2021-06-03 09:32:24,816.35,2973732
2021-06-03 09:32:25,816.1,2973782
2021-06-03 09:32:25,816.1,2973782
2021-06-03 09:32:26,816.0,2974022
2021-06-03 09:32:28,816.4,2975387
2021-06-03 09:32:29,816.3,2975443
2021-06-03 09:32:31,816.35,2976000
2021-06-03 09:32:32,816.45,2976178
2021-06-03 09:32:33,816.35,2976354
2021-06-03 09:32:34,816.45,2976747
2021-06-03 09:32:35,816.4,2976982
2021-06-03 09:32:36,816.5,2976988
2021-06-03 09:32:37,816.5,2977113
2021-06-03 09:32:38,816.5,2977223
2021-06-03 09:32:39,816.5,2977246
2021-06-03 09:32:40,816.5,2977393
2021-06-03 09:32:41,816.35,2978493
2021-06-03 09:32:42,816.8,2980710
2021-06-03 09:32:43,816.8,2981010
2021-06-03 09:32:44,817.0,2981099
2021-06-03 09:32:45,816.75,2983543
2021-06-03 09:32:46,816.75,2983634
2021-06-03 09:32:47,816.9,2984401
2021-06-03 09:32:48,816.85,2985051
2021-06-03 09:32:49,817.3,3008913
2021-06-03 09:32:50,817.35,3009013
2021-06-03 09:32:52,817.3,3011016
2021-06-03 09:32:53,817.3,3011587
2021-06-03 09:32:54,817.3,3011649
2021-06-03 09:32:56,816.8,3014202
2021-06-03 09:32:57,816.9,3014885
2021-06-03 09:32:58,817.35,3015707
2021-06-03 09:32:59,817.5,3017265
2021-06-03 09:33:00,817.15,3017385
2021-06-03 09:33:01,817.35,3017759
2021-06-03 09:33:02,817.0,3019890
2021-06-03 09:33:03,817.35,3020324
2021-06-03 09:33:04,817.05,3020662
2021-06-03 09:33:05,817.35,3020973
2021-06-03 09:33:06,817.5,3022662
2021-06-03 09:33:07,817.5,3022683
2021-06-03 09:33:08,817.4,3022863
2021-06-03 09:33:08,817.4,3022863
2021-06-03 09:33:09,817.75,3024695
2021-06-03 09:33:10,817.8,3025366
2021-06-03 09:33:11,817.55,3026584
2021-06-03 09:33:12,817.85,3027484
2021-06-03 09:33:13,817.85,3027517
2021-06-03 09:33:14,817.6,3028413
2021-06-03 09:33:15,817.3,3029839
2021-06-03 09:33:17,817.2,3029995
2021-06-03 09:33:18,817.2,3030613
2021-06-03 09:33:19,816.8,3034216
2021-06-03 09:33:20,817.2,3035327
2021-06-03 09:33:22,817.25,3036024
2021-06-03 09:33:23,817.25,3036513
2021-06-03 09:33:24,817.05,3036781
2021-06-03 09:33:25,817.0,3036939
2021-06-03 09:33:26,817.0,3037268
2021-06-03 09:33:27,817.0,3037507
2021-06-03 09:33:28,816.55,3038653
2021-06-03 09:33:29,816.95,3039322
2021-06-03 09:33:30,816.9,3039526
2021-06-03 09:33:31,816.95,3040326
2021-06-03 09:33:32,816.45,3042079
2021-06-03 09:33:33,816.55,3042183
2021-06-03 09:33:34,816.45,3043568
2021-06-03 09:33:35,816.35,3043769
2021-06-03 09:33:36,816.45,3044404
2021-06-03 09:33:37,816.45,3045017
2021-06-03 09:33:38,816.2,3045211
2021-06-03 09:33:39,816.2,3045281
2021-06-03 09:33:40,816.45,3045446
2021-06-03 09:33:41,816.6,3045691
2021-06-03 09:33:42,816.6,3045691
2021-06-03 09:33:43,816.6,3045897
2021-06-03 09:33:44,816.7,3046261
2021-06-03 09:33:45,816.8,3047978
2021-06-03 09:33:46,816.4,3049183
2021-06-03 09:33:47,816.6,3049658
2021-06-03 09:33:48,816.75,3049958
2021-06-03 09:33:49,816.6,3050665
2021-06-03 09:33:50,816.55,3051443
2021-06-03 09:33:51,816.5,3051794
2021-06-03 09:33:52,816.05,3053993
2021-06-03 09:33:53,816.05,3054135
2021-06-03 09:33:54,816.0,3055956
2021-06-03 09:33:55,816.0,3055990
2021-06-03 09:33:56,816.0,3055990
2021-06-03 09:33:57,815.9,3058224
2021-06-03 09:33:58,816.2,3058416
2021-06-03 09:33:59,816.0,3058578
2021-06-03 09:34:00,815.2,3067737
2021-06-03 09:34:01,815.45,3069394
2021-06-03 09:34:02,815.3,3070032
2021-06-03 09:34:03,815.0,3070140
2021-06-03 09:34:04,815.25,3070290
2021-06-03 09:34:05,815.2,3070616
2021-06-03 09:34:06,814.8,3095094
2021-06-03 09:34:07,814.9,3095534
2021-06-03 09:34:08,814.9,3096417
2021-06-03 09:34:09,814.35,3098996
2021-06-03 09:34:10,814.4,3099227
2021-06-03 09:34:12,814.35,3101855
2021-06-03 09:34:13,814.75,3102119
2021-06-03 09:34:14,814.5,3102489
2021-06-03 09:34:15,814.4,3102865
2021-06-03 09:34:16,814.85,3103426
2021-06-03 09:34:17,815.05,3103808
2021-06-03 09:34:18,814.8,3104502
2021-06-03 09:34:19,815.05,3104507
2021-06-03 09:34:20,814.75,3104591
2021-06-03 09:34:21,815.0,3106297
2021-06-03 09:34:22,815.0,3107086
2021-06-03 09:34:23,815.25,3107512
2021-06-03 09:34:24,815.05,3107607
2021-06-03 09:34:25,815.15,3107693
2021-06-03 09:34:26,815.25,3107794
2021-06-03 09:34:27,815.3,3109143
2021-06-03 09:34:28,815.25,3109906
2021-06-03 09:34:30,815.7,3110971
2021-06-03 09:34:31,815.45,3112301
2021-06-03 09:34:32,815.45,3112304
2021-06-03 09:34:33,815.9,3112804
2021-06-03 09:34:34,815.45,3113077
2021-06-03 09:34:35,815.75,3113466
2021-06-03 09:34:36,815.9,3113832
2021-06-03 09:34:37,815.9,3113877
2021-06-03 09:34:38,815.9,3113982
2021-06-03 09:34:39,816.0,3115492
2021-06-03 09:34:40,815.9,3118844
2021-06-03 09:34:41,816.25,3118937
2021-06-03 09:34:42,816.15,3119058
2021-06-03 09:34:43,816.25,3119077
2021-06-03 09:34:44,815.9,3119282
2021-06-03 09:34:45,816.25,3119830
2021-06-03 09:34:46,816.55,3121195
2021-06-03 09:34:47,816.35,3121765
2021-06-03 09:34:48,816.7,3122125
2021-06-03 09:34:49,816.85,3123021
2021-06-03 09:34:50,816.45,3123026
2021-06-03 09:34:51,816.8,3123442
2021-06-03 09:34:52,816.8,3123604
2021-06-03 09:34:53,816.8,3123698
2021-06-03 09:34:54,817.0,3123878
2021-06-03 09:34:55,816.95,3124016
2021-06-03 09:34:56,816.9,3124041
2021-06-03 09:34:57,816.9,3124141
2021-06-03 09:34:58,816.8,3124150
2021-06-03 09:34:59,817.0,3124350
2021-06-03 09:35:00,816.95,3124412
2021-06-03 09:35:01,816.95,3124467
2021-06-03 09:35:02,816.95,3124697
2021-06-03 09:35:03,816.85,3126097
2021-06-03 09:35:04,816.8,3126730
2021-06-03 09:35:05,816.5,3126784
2021-06-03 09:35:06,816.95,3128063
2021-06-03 09:35:07,817.0,3128131
2021-06-03 09:35:08,816.8,3129134
2021-06-03 09:35:09,816.8,3129377
2021-06-03 09:35:10,815.45,3158392
2021-06-03 09:35:11,815.05,3158594
2021-06-03 09:35:12,815.4,3158618
2021-06-03 09:35:13,815.35,3158899
2021-06-03 09:35:14,815.1,3162004
2021-06-03 09:35:15,815.0,3162392
2021-06-03 09:35:16,814.65,3162797
2021-06-03 09:35:17,815.0,3163269
2021-06-03 09:35:18,815.0,3163269
2021-06-03 09:35:19,814.95,3163722
2021-06-03 09:35:20,814.95,3163924
2021-06-03 09:35:21,814.9,3165257
2021-06-03 09:35:22,814.9,3165762
2021-06-03 09:35:23,814.9,3166030
2021-06-03 09:35:24,814.55,3166130
2021-06-03 09:35:25,814.6,3166145
2021-06-03 09:35:27,815.4,3168390
2021-06-03 09:35:28,815.0,3168543
2021-06-03 09:35:29,815.1,3168636
2021-06-03 09:35:30,815.05,3175582
2021-06-03 09:35:31,815.15,3175992
2021-06-03 09:35:32,815.15,3176102
2021-06-03 09:35:34,815.25,3176502
2021-06-03 09:35:35,815.15,3179502
2021-06-03 09:35:35,815.75,3179505
2021-06-03 09:35:36,815.25,3179858
2021-06-03 09:35:38,815.6,3179919
2021-06-03 09:35:39,815.1,3182139
2021-06-03 09:35:40,815.85,3183519
2021-06-03 09:35:42,815.25,3191347
2021-06-03 09:35:43,815.3,3191873
2021-06-03 09:35:43,815.1,3191918
2021-06-03 09:35:44,816.4,3212397
2021-06-03 09:35:45,816.5,3214060
2021-06-03 09:35:46,816.3,3214085
2021-06-03 09:35:47,816.45,3214298
2021-06-03 09:35:48,816.05,3214735
2021-06-03 09:35:50,816.0,3216011
2021-06-03 09:35:51,816.25,3216072
2021-06-03 09:35:52,816.25,3216228
2021-06-03 09:35:52,815.7,3220273
2021-06-03 09:35:53,816.4,3222273
2021-06-03 09:35:54,816.1,3222904
2021-06-03 09:35:55,816.25,3223939
2021-06-03 09:35:56,815.65,3226079
2021-06-03 09:35:57,815.75,3226125
2021-06-03 09:35:58,815.9,3226672
2021-06-03 09:35:59,815.9,3226679
2021-06-03 09:36:00,815.7,3226851
2021-06-03 09:36:01,815.7,3227382
2021-06-03 09:36:02,815.5,3227624
2021-06-03 09:36:03,815.65,3227894
2021-06-03 09:36:04,815.8,3228651
2021-06-03 09:36:05,815.85,3228882
2021-06-03 09:36:06,815.7,3228983
2021-06-03 09:36:07,815.9,3229585
2021-06-03 09:36:09,815.9,3229586
2021-06-03 09:36:10,815.9,3229665
2021-06-03 09:36:11,815.9,3230189
2021-06-03 09:36:12,815.9,3230189
2021-06-03 09:36:13,815.9,3230339
2021-06-03 09:36:14,815.95,3230734
2021-06-03 09:36:14,815.95,3230754
2021-06-03 09:36:15,815.8,3230775
2021-06-03 09:36:16,816.2,3231425
2021-06-03 09:36:17,815.9,3231497
2021-06-03 09:36:18,816.0,3232203
2021-06-03 09:36:19,815.8,3232298
2021-06-03 09:36:21,816.2,3233674
2021-06-03 09:36:22,816.4,3234305
2021-06-03 09:36:23,816.15,3234310
2021-06-03 09:36:24,816.05,3234610
2021-06-03 09:36:25,816.2,3234631
2021-06-03 09:36:26,816.2,3234706
2021-06-03 09:36:26,816.2,3234706
2021-06-03 09:36:27,816.1,3235796
2021-06-03 09:36:28,816.2,3237054
2021-06-03 09:36:29,816.1,3237870
2021-06-03 09:36:30,816.5,3237945
2021-06-03 09:36:31,816.5,3238098
2021-06-03 09:36:32,816.2,3240448
2021-06-03 09:36:33,816.25,3241077
2021-06-03 09:36:34,816.2,3241352
2021-06-03 09:36:35,816.2,3241514
2021-06-03 09:36:36,816.6,3241956
2021-06-03 09:36:37,816.9,3242122
2021-06-03 09:36:38,816.4,3242423
2021-06-03 09:36:39,816.35,3244158
2021-06-03 09:36:40,816.9,3244354
2021-06-03 09:36:41,816.55,3244404
2021-06-03 09:36:42,816.6,3244466
2021-06-03 09:36:43,816.95,3245466
2021-06-03 09:36:44,816.85,3245612
2021-06-03 09:36:45,816.6,3245724
2021-06-03 09:36:46,816.6,3245724
2021-06-03 09:36:47,816.95,3246289
2021-06-03 09:36:49,817.0,3248547
2021-06-03 09:36:50,817.0,3248726
2021-06-03 09:36:51,817.0,3248785
2021-06-03 09:36:53,817.0,3252815
2021-06-03 09:36:54,817.0,3252870
2021-06-03 09:36:55,817.0,3263407
2021-06-03 09:36:56,817.05,3263437
2021-06-03 09:36:56,817.05,3263437
2021-06-03 09:36:57,817.0,3263979
2021-06-03 09:36:58,817.05,3264140
2021-06-03 09:36:59,817.25,3265222
2021-06-03 09:37:00,817.4,3265324
2021-06-03 09:37:01,817.3,3265355
2021-06-03 09:37:02,817.3,3265362
2021-06-03 09:37:03,817.6,3274164
2021-06-03 09:37:04,817.75,3274816
2021-06-03 09:37:05,817.55,3275269
2021-06-03 09:37:06,817.75,3276336
2021-06-03 09:37:07,817.75,3276387
2021-06-03 09:37:08,817.75,3277713
2021-06-03 09:37:09,817.8,3279040
2021-06-03 09:37:10,817.8,3279835
2021-06-03 09:37:11,817.8,3280353
2021-06-03 09:37:12,817.95,3280470
2021-06-03 09:37:13,817.95,3280760
2021-06-03 09:37:14,817.8,3283058
2021-06-03 09:37:15,818.25,3295882
2021-06-03 09:37:16,818.2,3296757
2021-06-03 09:37:17,818.2,3297130
2021-06-03 09:37:18,818.1,3297584
2021-06-03 09:37:19,818.5,3298837
2021-06-03 09:37:20,818.45,3299571
2021-06-03 09:37:21,818.9,3300448
2021-06-03 09:37:22,818.8,3300705
2021-06-03 09:37:23,818.5,3302163
2021-06-03 09:37:24,818.85,3302578
2021-06-03 09:37:25,818.5,3305095
2021-06-03 09:37:26,818.9,3306103
2021-06-03 09:37:27,818.25,3306820
2021-06-03 09:37:28,818.85,3308435
2021-06-03 09:37:29,819.0,3311779
2021-06-03 09:37:31,819.25,3319978
2021-06-03 09:37:32,818.9,3321717
2021-06-03 09:37:33,819.0,3322830
2021-06-03 09:37:34,818.0,3327352
2021-06-03 09:37:34,818.4,3327532
2021-06-03 09:37:35,818.3,3328904
2021-06-03 09:37:36,818.55,3330309
2021-06-03 09:37:37,818.7,3331512
2021-06-03 09:37:38,818.85,3331974
2021-06-03 09:37:39,818.6,3333957
2021-06-03 09:37:40,818.85,3334598
2021-06-03 09:37:42,818.5,3336173
2021-06-03 09:37:43,818.7,3336304
2021-06-03 09:37:44,818.7,3336630
2021-06-03 09:37:45,818.6,3337702
2021-06-03 09:37:46,818.85,3338254
2021-06-03 09:37:47,818.8,3339036
2021-06-03 09:37:48,817.95,3345712
2021-06-03 09:37:49,817.95,3345818
2021-06-03 09:37:50,818.15,3347429
2021-06-03 09:37:51,817.7,3348941
2021-06-03 09:37:51,817.7,3348948
2021-06-03 09:37:52,817.85,3349687
2021-06-03 09:37:53,818.0,3350138
2021-06-03 09:37:54,817.9,3351889
2021-06-03 09:37:55,818.05,3352556
2021-06-03 09:37:56,818.1,3353400
2021-06-03 09:37:57,818.0,3353532
2021-06-03 09:37:58,818.1,3353923
2021-06-03 09:37:59,818.15,3353953
2021-06-03 09:38:00,817.7,3354725
2021-06-03 09:38:01,818.1,3355141
2021-06-03 09:38:02,818.1,3355161
2021-06-03 09:38:03,817.95,3355336
2021-06-03 09:38:04,817.85,3357120
2021-06-03 09:38:06,817.85,3357688
2021-06-03 09:38:07,817.85,3357759
2021-06-03 09:38:08,817.8,3358062
2021-06-03 09:38:10,817.8,3358737
2021-06-03 09:38:11,817.4,3360057
2021-06-03 09:38:12,817.3,3360382
2021-06-03 09:38:12,817.35,3361322
2021-06-03 09:38:13,817.0,3364330
2021-06-03 09:38:14,816.9,3366224
2021-06-03 09:38:15,816.9,3366945
2021-06-03 09:38:16,816.5,3367140
2021-06-03 09:38:17,816.4,3368876
2021-06-03 09:38:18,816.85,3368903
2021-06-03 09:38:19,816.9,3369086
2021-06-03 09:38:21,816.9,3369166
2021-06-03 09:38:22,816.8,3369182
2021-06-03 09:38:23,816.8,3370733
2021-06-03 09:38:24,816.8,3370733
2021-06-03 09:38:24,816.5,3370833
2021-06-03 09:38:26,816.55,3371865
2021-06-03 09:38:26,816.55,3371865
2021-06-03 09:38:27,816.85,3372026
2021-06-03 09:38:28,816.5,3372129
2021-06-03 09:38:29,816.95,3372229
2021-06-03 09:38:30,817.1,3373083
2021-06-03 09:38:31,816.8,3373200
2021-06-03 09:38:32,816.65,3374296
2021-06-03 09:38:33,816.9,3374399
2021-06-03 09:38:34,817.4,3376547
2021-06-03 09:38:35,817.6,3376794
2021-06-03 09:38:37,817.6,3376794
2021-06-03 09:38:38,817.35,3376856
2021-06-03 09:38:39,817.35,3377096
2021-06-03 09:38:40,817.35,3377101
2021-06-03 09:38:40,817.35,3377101
2021-06-03 09:38:41,817.65,3378174
2021-06-03 09:38:42,817.6,3378299
2021-06-03 09:38:43,817.65,3378461
2021-06-03 09:38:44,817.6,3379200
2021-06-03 09:38:45,817.85,3379551
2021-06-03 09:38:46,817.65,3379580
2021-06-03 09:38:47,817.85,3380093
2021-06-03 09:38:48,817.65,3380129
2021-06-03 09:38:49,817.65,3380294
2021-06-03 09:38:50,817.9,3380307
2021-06-03 09:38:51,818.25,3381855
2021-06-03 09:38:52,817.95,3381934
2021-06-03 09:38:53,818.35,3383529
2021-06-03 09:38:54,817.85,3383611
2021-06-03 09:38:55,818.0,3383707
2021-06-03 09:38:56,818.4,3383878
2021-06-03 09:38:57,818.35,3384201
2021-06-03 09:38:58,818.25,3384511
2021-06-03 09:38:59,817.85,3385579
2021-06-03 09:39:00,817.85,3385582
2021-06-03 09:39:01,817.85,3385611
2021-06-03 09:39:02,817.95,3386974
2021-06-03 09:39:03,818.25,3387031
2021-06-03 09:39:04,818.1,3387288
2021-06-03 09:39:05,818.1,3387309
2021-06-03 09:39:06,818.25,3387489
2021-06-03 09:39:07,818.25,3388227
2021-06-03 09:39:08,818.15,3388827
2021-06-03 09:39:09,818.4,3389052
2021-06-03 09:39:11,818.5,3389994
2021-06-03 09:39:12,818.5,3390078
2021-06-03 09:39:13,818.5,3390145
2021-06-03 09:39:14,818.35,3390185
2021-06-03 09:39:15,818.4,3390218
2021-06-03 09:39:16,818.5,3390855
2021-06-03 09:39:17,818.55,3391641
2021-06-03 09:39:18,818.6,3391729
2021-06-03 09:39:19,818.6,3391984
2021-06-03 09:39:20,818.35,3392541
2021-06-03 09:39:21,818.5,3392596
2021-06-03 09:39:22,818.6,3393371
2021-06-03 09:39:23,818.7,3394886
2021-06-03 09:39:25,818.3,3395810
2021-06-03 09:39:26,818.45,3395931
2021-06-03 09:39:28,818.65,3396541
2021-06-03 09:39:29,818.65,3396548
2021-06-03 09:39:30,818.65,3396602
2021-06-03 09:39:31,818.4,3397101
2021-06-03 09:39:32,818.4,3397778
2021-06-03 09:39:33,818.35,3397919
2021-06-03 09:39:34,818.4,3398054
2021-06-03 09:39:35,818.0,3399976
2021-06-03 09:39:36,817.9,3400026
2021-06-03 09:39:37,817.85,3400372
2021-06-03 09:39:38,817.55,3400936
2021-06-03 09:39:39,817.6,3401044
2021-06-03 09:39:40,817.35,3403473
2021-06-03 09:39:41,817.1,3403914
2021-06-03 09:39:43,817.2,3404029
2021-06-03 09:39:43,817.1,3404149
2021-06-03 09:39:45,817.3,3404264
2021-06-03 09:39:46,817.1,3404360
2021-06-03 09:39:47,817.4,3404478
2021-06-03 09:39:48,817.45,3404782
2021-06-03 09:39:49,817.4,3404799
2021-06-03 09:39:50,817.55,3405226
2021-06-03 09:39:51,817.5,3405336
2021-06-03 09:39:51,817.5,3405336
2021-06-03 09:39:52,817.4,3405348
2021-06-03 09:39:53,817.3,3405572
2021-06-03 09:39:54,817.05,3411079
2021-06-03 09:39:55,817.05,3411128
2021-06-03 09:39:56,815.95,3417160
2021-06-03 09:39:57,816.1,3417724
2021-06-03 09:39:58,816.0,3417727
2021-06-03 09:39:59,816.3,3417728
2021-06-03 09:40:00,816.3,3418050
2021-06-03 09:40:01,816.0,3418181
2021-06-03 09:40:03,816.0,3418181
2021-06-03 09:40:04,816.0,3418213
2021-06-03 09:40:05,816.1,3418521
2021-06-03 09:40:06,815.3,3420669
2021-06-03 09:40:07,815.3,3420714
2021-06-03 09:40:08,815.3,3420867
2021-06-03 09:40:09,815.3,3423172
2021-06-03 09:40:10,815.55,3423424
2021-06-03 09:40:11,815.3,3423657
2021-06-03 09:40:12,815.45,3423679
2021-06-03 09:40:13,815.55,3424090
2021-06-03 09:40:14,815.6,3424415
2021-06-03 09:40:14,815.3,3424420
2021-06-03 09:40:15,815.5,3424773
2021-06-03 09:40:17,815.3,3428182
2021-06-03 09:40:18,815.35,3429166
2021-06-03 09:40:19,815.25,3430417
2021-06-03 09:40:20,815.3,3430824
2021-06-03 09:40:21,815.3,3431081
2021-06-03 09:40:22,815.15,3434283
2021-06-03 09:40:23,815.45,3434383
2021-06-03 09:40:24,815.3,3435728
2021-06-03 09:40:25,815.5,3436058
2021-06-03 09:40:25,815.5,3436068
2021-06-03 09:40:26,815.4,3437354
2021-06-03 09:40:27,815.2,3437481
2021-06-03 09:40:29,815.5,3437914
2021-06-03 09:40:30,815.45,3437965
2021-06-03 09:40:31,815.35,3438225
2021-06-03 09:40:31,815.3,3438281
2021-06-03 09:40:32,815.4,3438308
2021-06-03 09:40:33,815.5,3438668
2021-06-03 09:40:34,815.5,3439683
2021-06-03 09:40:35,815.5,3439769
2021-06-03 09:40:36,815.6,3440543
2021-06-03 09:40:37,815.55,3440544
2021-06-03 09:40:39,816.0,3448716
2021-06-03 09:40:41,816.0,3448924
2021-06-03 09:40:42,816.0,3448924
2021-06-03 09:40:43,816.0,3448944
2021-06-03 09:40:44,816.05,3449627
2021-06-03 09:40:45,816.35,3449746
2021-06-03 09:40:46,816.35,3449749
2021-06-03 09:40:48,815.95,3450953
2021-06-03 09:40:49,815.9,3451023
2021-06-03 09:40:50,816.05,3455871
2021-06-03 09:40:51,816.0,3455872
2021-06-03 09:40:52,816.05,3455976
2021-06-03 09:40:53,816.0,3456093
2021-06-03 09:40:53,816.05,3456094
2021-06-03 09:40:54,816.05,3456097
2021-06-03 09:40:55,816.0,3456298
2021-06-03 09:40:56,816.0,3456348
2021-06-03 09:40:57,816.15,3456515
2021-06-03 09:40:58,816.0,3456590
2021-06-03 09:40:59,816.0,3456747
2021-06-03 09:41:00,816.15,3456902
2021-06-03 09:41:01,816.0,3459787
2021-06-03 09:41:02,815.35,3464637
2021-06-03 09:41:03,815.45,3464919
2021-06-03 09:41:04,815.3,3465825
2021-06-03 09:41:06,815.3,3466032
2021-06-03 09:41:08,815.1,3466639
2021-06-03 09:41:09,815.25,3466655
2021-06-03 09:41:10,815.0,3468580
2021-06-03 09:41:11,814.75,3479077
2021-06-03 09:41:11,814.7,3480459
2021-06-03 09:41:12,814.6,3480708
2021-06-03 09:41:14,815.0,3482098
2021-06-03 09:41:15,815.25,3492281
2021-06-03 09:41:17,814.85,3492912
2021-06-03 09:41:18,814.8,3492936
2021-06-03 09:41:20,814.9,3494510
2021-06-03 09:41:21,815.0,3494521
2021-06-03 09:41:22,815.25,3495001
2021-06-03 09:41:23,815.0,3495107
2021-06-03 09:41:24,815.05,3495205
2021-06-03 09:41:25,815.35,3495355
2021-06-03 09:41:25,815.35,3495355
2021-06-03 09:41:26,815.35,3495499
2021-06-03 09:41:27,815.4,3495884
2021-06-03 09:41:28,815.05,3495914
2021-06-03 09:41:29,815.2,3496226
2021-06-03 09:41:30,815.45,3496328
2021-06-03 09:41:31,815.4,3496483
2021-06-03 09:41:32,815.25,3496531
2021-06-03 09:41:33,815.4,3497551
2021-06-03 09:41:34,815.4,3497917
2021-06-03 09:41:36,815.45,3500446
2021-06-03 09:41:37,815.35,3501011
2021-06-03 09:41:38,815.05,3501018
2021-06-03 09:41:39,814.85,3503698
2021-06-03 09:41:40,815.35,3503717
2021-06-03 09:41:41,815.4,3504083
2021-06-03 09:41:42,814.95,3504208
2021-06-03 09:41:43,815.05,3504668
2021-06-03 09:41:43,815.05,3504668
2021-06-03 09:41:44,814.85,3504846
2021-06-03 09:41:45,814.6,3510363
2021-06-03 09:41:47,814.6,3511968
2021-06-03 09:41:48,814.35,3518892
2021-06-03 09:41:49,814.85,3519528
2021-06-03 09:41:50,814.75,3519931
2021-06-03 09:41:51,814.5,3520554
2021-06-03 09:41:52,814.5,3520759
2021-06-03 09:41:53,814.4,3521430
2021-06-03 09:41:54,814.35,3521655
2021-06-03 09:41:55,814.35,3521699
2021-06-03 09:41:56,814.35,3522865
2021-06-03 09:41:56,814.15,3523128
2021-06-03 09:41:58,814.2,3523876
2021-06-03 09:41:58,814.2,3523876
2021-06-03 09:41:59,814.2,3524600
2021-06-03 09:42:00,814.2,3525024
2021-06-03 09:42:01,814.1,3525395
2021-06-03 09:42:03,814.1,3527010
2021-06-03 09:42:04,814.6,3536034
2021-06-03 09:42:05,815.0,3536729
2021-06-03 09:42:06,814.75,3537849
2021-06-03 09:42:07,815.0,3538295
2021-06-03 09:42:08,814.7,3538333
2021-06-03 09:42:09,815.05,3538409
2021-06-03 09:42:10,815.05,3538783
2021-06-03 09:42:11,814.9,3539648
2021-06-03 09:42:12,815.2,3540037
2021-06-03 09:42:13,814.9,3540121
2021-06-03 09:42:14,814.9,3540301
2021-06-03 09:42:15,814.9,3540418
2021-06-03 09:42:16,814.9,3540428
2021-06-03 09:42:17,815.2,3541349
2021-06-03 09:42:18,815.35,3541506
2021-06-03 09:42:19,815.4,3543522
2021-06-03 09:42:19,815.05,3543559
2021-06-03 09:42:20,814.95,3543609
2021-06-03 09:42:22,815.35,3543674
2021-06-03 09:42:23,815.5,3544443
2021-06-03 09:42:25,815.55,3547421
2021-06-03 09:42:26,815.6,3547481
2021-06-03 09:42:27,815.45,3548089
2021-06-03 09:42:28,815.8,3548336
2021-06-03 09:42:29,815.8,3548587
2021-06-03 09:42:30,815.65,3548799
2021-06-03 09:42:31,815.9,3548814
2021-06-03 09:42:32,815.95,3548835
2021-06-03 09:42:33,816.65,3552676
2021-06-03 09:42:34,816.3,3552726
2021-06-03 09:42:35,816.2,3553975
2021-06-03 09:42:36,816.55,3554052
2021-06-03 09:42:37,816.25,3554064
2021-06-03 09:42:38,816.25,3554236
2021-06-03 09:42:39,816.5,3555788
2021-06-03 09:42:40,816.5,3555830
2021-06-03 09:42:41,816.1,3556412
2021-06-03 09:42:42,816.3,3556981
2021-06-03 09:42:43,816.4,3557732
2021-06-03 09:42:44,816.4,3557986
2021-06-03 09:42:44,816.4,3557986
2021-06-03 09:42:45,816.45,3558139
2021-06-03 09:42:47,816.2,3558142
2021-06-03 09:42:48,816.3,3558224
2021-06-03 09:42:49,816.35,3558806
2021-06-03 09:42:50,816.35,3558806
2021-06-03 09:42:51,816.35,3559157
2021-06-03 09:42:52,816.35,3559281
2021-06-03 09:42:53,816.35,3559403
2021-06-03 09:42:54,816.3,3559907
2021-06-03 09:42:55,816.1,3559910
2021-06-03 09:42:56,816.4,3560496
2021-06-03 09:42:57,816.45,3560546
2021-06-03 09:42:58,816.55,3561255
2021-06-03 09:42:59,816.45,3562305
2021-06-03 09:43:00,815.5,3565448
2021-06-03 09:43:01,815.75,3565617
2021-06-03 09:43:02,815.8,3566266
2021-06-03 09:43:03,815.5,3566292
2021-06-03 09:43:04,815.5,3566292
2021-06-03 09:43:05,815.65,3567103
2021-06-03 09:43:06,815.65,3567233
2021-06-03 09:43:07,815.85,3567354
2021-06-03 09:43:08,815.85,3567354
2021-06-03 09:43:09,815.5,3567564
2021-06-03 09:43:10,815.25,3568568
2021-06-03 09:43:11,815.25,3568568
2021-06-03 09:43:12,815.35,3568623
2021-06-03 09:43:13,815.35,3568639
2021-06-03 09:43:14,815.35,3568979
2021-06-03 09:43:15,815.1,3569000
2021-06-03 09:43:16,814.6,3572795
2021-06-03 09:43:17,815.0,3574416
2021-06-03 09:43:18,815.25,3574501
2021-06-03 09:43:18,815.25,3574501
2021-06-03 09:43:20,815.0,3574736
2021-06-03 09:43:21,815.0,3574736
2021-06-03 09:43:22,814.5,3576022
2021-06-03 09:43:23,814.75,3576071
2021-06-03 09:43:24,814.6,3576272
2021-06-03 09:43:25,814.95,3576408
2021-06-03 09:43:26,814.9,3576783
2021-06-03 09:43:27,815.0,3576843
2021-06-03 09:43:28,815.0,3577508
2021-06-03 09:43:29,815.0,3577518
2021-06-03 09:43:30,815.0,3577537
2021-06-03 09:43:31,815.0,3577537
2021-06-03 09:43:31,815.0,3577567
2021-06-03 09:43:32,814.8,3577893
2021-06-03 09:43:33,815.0,3578094
2021-06-03 09:43:35,815.2,3583528
2021-06-03 09:43:36,815.1,3584271
2021-06-03 09:43:37,815.1,3584272
2021-06-03 09:43:38,815.45,3584696
2021-06-03 09:43:39,815.45,3584756
2021-06-03 09:43:40,815.25,3584836
2021-06-03 09:43:41,815.45,3585144
2021-06-03 09:43:41,815.45,3585144
2021-06-03 09:43:43,815.15,3586169
2021-06-03 09:43:44,815.1,3586400
2021-06-03 09:43:45,815.5,3587000
2021-06-03 09:43:46,815.5,3587002
2021-06-03 09:43:47,815.15,3587063
2021-06-03 09:43:47,815.15,3587063
2021-06-03 09:43:48,815.5,3587070
2021-06-03 09:43:49,815.7,3587316
2021-06-03 09:43:51,815.9,3588331
2021-06-03 09:43:52,815.85,3588381
2021-06-03 09:43:53,815.85,3588483
2021-06-03 09:43:53,815.45,3588883
2021-06-03 09:43:54,815.55,3588884
2021-06-03 09:43:56,815.85,3588911
2021-06-03 09:43:57,815.85,3589025
2021-06-03 09:43:58,815.7,3589103
2021-06-03 09:43:59,815.55,3589431
2021-06-03 09:44:01,815.5,3589629
2021-06-03 09:44:01,815.5,3589749
2021-06-03 09:44:02,815.7,3589754
2021-06-03 09:44:04,815.5,3590004
2021-06-03 09:44:04,815.45,3590305
2021-06-03 09:44:05,815.85,3590405
2021-06-03 09:44:07,815.8,3590460
2021-06-03 09:44:08,815.85,3590557
2021-06-03 09:44:09,815.55,3590562
2021-06-03 09:44:10,815.9,3590787
2021-06-03 09:44:11,815.9,3590815
2021-06-03 09:44:12,815.9,3590945
2021-06-03 09:44:13,815.9,3590966
2021-06-03 09:44:14,815.9,3590967
2021-06-03 09:44:15,815.9,3591127
2021-06-03 09:44:16,815.9,3591127
2021-06-03 09:44:17,815.65,3591235
2021-06-03 09:44:18,815.9,3591340
2021-06-03 09:44:19,815.85,3591718
2021-06-03 09:44:20,815.55,3591996
2021-06-03 09:44:21,815.9,3592524
2021-06-03 09:44:22,815.9,3593438
2021-06-03 09:44:23,815.65,3593443
2021-06-03 09:44:25,815.55,3593559
2021-06-03 09:44:24,815.55,3593559
2021-06-03 09:44:26,815.55,3593559
2021-06-03 09:44:27,815.65,3593694
2021-06-03 09:44:28,815.65,3594537
2021-06-03 09:44:29,815.85,3594542
2021-06-03 09:44:30,815.9,3594631
2021-06-03 09:44:31,815.75,3594635
2021-06-03 09:44:32,815.75,3594638
2021-06-03 09:44:33,815.9,3594690
2021-06-03 09:44:34,816.0,3595740
2021-06-03 09:44:35,816.0,3595775
2021-06-03 09:44:36,816.0,3595998
2021-06-03 09:44:37,815.9,3596031
2021-06-03 09:44:38,815.9,3596081
2021-06-03 09:44:39,815.9,3596112
2021-06-03 09:44:40,815.9,3596167
2021-06-03 09:44:41,815.9,3596185
2021-06-03 09:44:42,815.9,3596325
2021-06-03 09:44:43,815.95,3597430
2021-06-03 09:44:44,815.95,3597485
2021-06-03 09:44:45,815.95,3597485
2021-06-03 09:44:46,815.95,3598142
2021-06-03 09:44:47,815.95,3598702
2021-06-03 09:44:48,815.95,3598719
2021-06-03 09:44:49,815.6,3598964
2021-06-03 09:44:50,815.9,3598969
2021-06-03 09:44:51,815.9,3599013
2021-06-03 09:44:52,815.6,3599064
2021-06-03 09:44:53,816.0,3600389
2021-06-03 09:44:54,816.0,3600389
2021-06-03 09:44:55,816.0,3600393
2021-06-03 09:44:56,816.0,3600603
2021-06-03 09:44:57,816.0,3601503
2021-06-03 09:44:58,815.95,3601511
2021-06-03 09:44:59,816.1,3601515
2021-06-03 09:45:00,816.1,3601515
2021-06-03 09:45:01,816.0,3601517
2021-06-03 09:45:02,816.1,3601714
2021-06-03 09:45:03,816.3,3601772
2021-06-03 09:45:04,816.3,3601823
2021-06-03 09:45:05,816.4,3602121
2021-06-03 09:45:06,816.4,3602171
2021-06-03 09:45:07,816.3,3602172
2021-06-03 09:45:08,816.3,3602172
2021-06-03 09:45:09,816.1,3603059
2021-06-03 09:45:10,816.1,3603059
2021-06-03 09:45:11,816.15,3603114
2021-06-03 09:45:12,816.4,3604009
2021-06-03 09:45:13,816.15,3604221
2021-06-03 09:45:14,816.3,3604231
2021-06-03 09:45:15,816.3,3604231
2021-06-03 09:45:17,815.55,3618398
2021-06-03 09:45:18,815.4,3618402
2021-06-03 09:45:19,815.4,3618502
2021-06-03 09:45:20,815.25,3618609
2021-06-03 09:45:21,815.45,3619513
2021-06-03 09:45:22,815.45,3619581
2021-06-03 09:45:23,815.2,3619816
2021-06-03 09:45:24,815.2,3620349
2021-06-03 09:45:25,815.15,3621519
2021-06-03 09:45:26,815.15,3621547
2021-06-03 09:45:27,815.05,3625609
2021-06-03 09:45:28,815.15,3626281
2021-06-03 09:45:29,815.15,3626281
2021-06-03 09:45:30,815.15,3626291
2021-06-03 09:45:31,815.2,3626561
2021-06-03 09:45:32,815.15,3626710
2021-06-03 09:45:33,815.15,3628032
2021-06-03 09:45:34,815.0,3628207
2021-06-03 09:45:35,815.0,3628207
2021-06-03 09:45:36,814.7,3628459
2021-06-03 09:45:37,814.7,3628682
2021-06-03 09:45:38,814.7,3628825
2021-06-03 09:45:39,814.8,3629805
2021-06-03 09:45:40,814.85,3629947
2021-06-03 09:45:41,815.0,3629951
2021-06-03 09:45:42,814.95,3629956
2021-06-03 09:45:43,814.7,3630261
2021-06-03 09:45:44,814.95,3630296
2021-06-03 09:45:45,814.95,3630312
2021-06-03 09:45:46,814.8,3630436
2021-06-03 09:45:47,814.7,3631215
2021-06-03 09:45:48,814.75,3631515
2021-06-03 09:45:49,814.9,3634081
2021-06-03 09:45:50,814.9,3635981
2021-06-03 09:45:51,814.9,3635981
2021-06-03 09:45:54,814.65,3644479
2021-06-03 09:45:55,814.65,3644610
2021-06-03 09:45:56,814.65,3645613
2021-06-03 09:45:57,814.3,3645873
2021-06-03 09:45:58,814.65,3646468
2021-06-03 09:45:59,814.75,3646612
2021-06-03 09:46:01,815.15,3656118
2021-06-03 09:46:02,814.65,3657434
2021-06-03 09:46:04,814.95,3657612
2021-06-03 09:46:03,814.95,3657585
2021-06-03 09:46:05,815.0,3657614
2021-06-03 09:46:06,814.95,3658089
2021-06-03 09:46:07,814.95,3658109
2021-06-03 09:46:08,814.95,3658210
2021-06-03 09:46:09,814.75,3658981
2021-06-03 09:46:10,815.0,3659071
2021-06-03 09:46:11,815.0,3659071
2021-06-03 09:46:12,815.0,3659171
2021-06-03 09:46:13,814.95,3659501
2021-06-03 09:46:14,814.95,3659501
2021-06-03 09:46:15,814.95,3659703
2021-06-03 09:46:16,815.1,3660793
2021-06-03 09:46:17,815.0,3660913
2021-06-03 09:46:18,814.7,3661451
2021-06-03 09:46:19,815.0,3661464
2021-06-03 09:46:20,815.15,3661829
2021-06-03 09:46:21,814.9,3663410
2021-06-03 09:46:22,815.1,3663460
2021-06-03 09:46:23,815.4,3663663
2021-06-03 09:46:25,815.15,3663680
2021-06-03 09:46:25,815.15,3663680
2021-06-03 09:46:26,815.15,3663690
2021-06-03 09:46:27,814.9,3667540
2021-06-03 09:46:28,814.8,3667695
2021-06-03 09:46:29,815.1,3667714
2021-06-03 09:46:30,815.1,3667714
2021-06-03 09:46:31,815.25,3668066
2021-06-03 09:46:33,815.0,3668234
2021-06-03 09:46:34,814.8,3668250
2021-06-03 09:46:36,815.0,3668854
2021-06-03 09:46:36,815.0,3668893
2021-06-03 09:46:37,815.0,3669148
2021-06-03 09:46:38,815.0,3669194
2021-06-03 09:46:39,815.0,3669305
2021-06-03 09:46:40,814.8,3669306
2021-06-03 09:46:41,815.0,3669408
2021-06-03 09:46:42,815.0,3669524
2021-06-03 09:46:43,815.0,3669650
2021-06-03 09:46:44,814.8,3669660
2021-06-03 09:46:45,814.8,3669675
2021-06-03 09:46:46,814.8,3669826
2021-06-03 09:46:47,814.8,3670263
2021-06-03 09:46:48,815.0,3671622
2021-06-03 09:46:49,815.0,3671876
2021-06-03 09:46:50,814.85,3672376
2021-06-03 09:46:51,815.0,3672491
2021-06-03 09:46:52,815.2,3672494
2021-06-03 09:46:53,815.0,3672499
2021-06-03 09:46:54,814.85,3672630
2021-06-03 09:46:55,815.15,3673066
2021-06-03 09:46:58,815.0,3673231
2021-06-03 09:46:59,815.0,3673341
2021-06-03 09:47:01,815.2,3673965
2021-06-03 09:47:02,814.8,3674165
2021-06-03 09:47:03,815.0,3674208
2021-06-03 09:47:03,814.8,3674293
2021-06-03 09:47:04,815.0,3674326
2021-06-03 09:47:05,814.8,3674331
2021-06-03 09:47:06,815.2,3674710
2021-06-03 09:47:07,815.2,3674868
2021-06-03 09:47:08,814.95,3674880
2021-06-03 09:47:09,815.2,3675080
2021-06-03 09:47:11,815.35,3675181
2021-06-03 09:47:12,815.2,3675338
2021-06-03 09:47:13,815.2,3675398
2021-06-03 09:47:13,815.2,3675398
2021-06-03 09:47:14,815.2,3675506
2021-06-03 09:47:15,815.2,3675567
2021-06-03 09:47:16,815.2,3675567
2021-06-03 09:47:17,815.2,3676860
2021-06-03 09:47:19,815.4,3676903
2021-06-03 09:47:20,815.5,3677026
2021-06-03 09:47:20,815.15,3677226
2021-06-03 09:47:22,815.4,3677765
2021-06-03 09:47:22,815.45,3677772
2021-06-03 09:47:23,815.5,3677977
2021-06-03 09:47:24,815.5,3678052
2021-06-03 09:47:25,815.5,3678109
2021-06-03 09:47:26,815.5,3678212
2021-06-03 09:47:27,815.5,3678212
2021-06-03 09:47:28,815.2,3678238
2021-06-03 09:47:29,815.5,3678288
2021-06-03 09:47:30,815.2,3678299
2021-06-03 09:47:31,815.2,3678299
2021-06-03 09:47:32,815.2,3678299
2021-06-03 09:47:33,815.1,3679644
2021-06-03 09:47:34,814.0,3749557
2021-06-03 09:47:36,813.8,3750099
2021-06-03 09:47:37,814.2,3750398
2021-06-03 09:47:38,814.15,3750409
2021-06-03 09:47:39,813.7,3752672
2021-06-03 09:47:39,813.7,3752672
2021-06-03 09:47:40,814.4,3753004
2021-06-03 09:47:41,814.6,3753762
2021-06-03 09:47:42,814.1,3754265
2021-06-03 09:47:43,814.1,3754265
2021-06-03 09:47:44,814.45,3754319
2021-06-03 09:47:45,814.15,3754341
2021-06-03 09:47:47,814.05,3756604
2021-06-03 09:47:50,814.35,3758463
2021-06-03 09:47:53,814.4,3759476
2021-06-03 09:47:53,814.3,3759489
2021-06-03 09:47:55,814.3,3759961
2021-06-03 09:47:55,814.3,3759961
2021-06-03 09:47:56,814.3,3759971
2021-06-03 09:47:57,814.0,3760086
2021-06-03 09:47:58,814.1,3760188
2021-06-03 09:47:59,814.3,3760309
2021-06-03 09:48:00,814.35,3761893
2021-06-03 09:48:01,814.2,3762094
2021-06-03 09:48:02,814.0,3762524
2021-06-03 09:48:03,814.3,3762575
2021-06-03 09:48:04,814.0,3762710
2021-06-03 09:48:06,814.25,3762744
2021-06-03 09:48:06,814.25,3762744
2021-06-03 09:48:08,814.25,3763262
2021-06-03 09:48:09,814.0,3763539
2021-06-03 09:48:09,814.0,3763544
2021-06-03 09:48:10,814.25,3763778
2021-06-03 09:48:12,814.0,3763851
2021-06-03 09:48:12,814.15,3763963
2021-06-03 09:48:13,814.3,3765862
2021-06-03 09:48:15,814.0,3766004
2021-06-03 09:48:17,814.05,3767089
2021-06-03 09:48:18,814.3,3767105
2021-06-03 09:48:20,814.3,3767759
2021-06-03 09:48:21,814.3,3767780
2021-06-03 09:48:22,814.3,3767938
2021-06-03 09:48:22,814.3,3767895
2021-06-03 09:48:23,814.3,3768248
2021-06-03 09:48:24,814.15,3768316
2021-06-03 09:48:25,814.15,3768417
2021-06-03 09:48:26,814.3,3768752
2021-06-03 09:48:27,814.3,3768935
2021-06-03 09:48:28,814.3,3769235
2021-06-03 09:48:29,814.2,3770535
2021-06-03 09:48:31,814.2,3770600
2021-06-03 09:48:32,814.2,3771330
2021-06-03 09:48:32,814.3,3771503
2021-06-03 09:48:33,814.3,3771528
2021-06-03 09:48:34,814.4,3773058
2021-06-03 09:48:35,814.3,3773089
2021-06-03 09:48:36,814.25,3773309
2021-06-03 09:48:37,814.35,3773629
2021-06-03 09:48:38,814.6,3773679
2021-06-03 09:48:39,814.8,3773739
2021-06-03 09:48:41,814.3,3773816
2021-06-03 09:48:42,814.7,3773867
2021-06-03 09:48:43,814.3,3774368
2021-06-03 09:48:44,814.45,3774645
2021-06-03 09:48:45,814.25,3774745
2021-06-03 09:48:46,814.2,3775106
2021-06-03 09:48:47,814.8,3780210
2021-06-03 09:48:48,814.8,3780214
2021-06-03 09:48:49,814.45,3780237
2021-06-03 09:48:50,814.75,3780467
2021-06-03 09:48:51,814.8,3781110
2021-06-03 09:48:51,814.35,3781610
2021-06-03 09:48:53,814.7,3781661
2021-06-03 09:48:53,814.5,3781681
2021-06-03 09:48:55,814.7,3781701
2021-06-03 09:48:56,815.2,3785502
2021-06-03 09:48:57,815.25,3785718
2021-06-03 09:48:58,815.0,3785736
2021-06-03 09:48:59,815.1,3786283
2021-06-03 09:49:00,815.2,3787290
2021-06-03 09:49:01,815.3,3787513
2021-06-03 09:49:02,815.3,3787513
2021-06-03 09:49:02,815.1,3787517
2021-06-03 09:49:04,815.1,3787873
2021-06-03 09:49:05,815.25,3787923
2021-06-03 09:49:06,815.1,3787925
2021-06-03 09:49:07,815.1,3788012
2021-06-03 09:49:07,815.1,3788012
2021-06-03 09:49:09,815.05,3788107
2021-06-03 09:49:10,815.3,3788119
2021-06-03 09:49:11,815.5,3788862
2021-06-03 09:49:12,815.0,3789887
2021-06-03 09:49:13,815.05,3790938
2021-06-03 09:49:14,815.0,3791438
2021-06-03 09:49:15,815.1,3791450
2021-06-03 09:49:16,815.4,3791581
2021-06-03 09:49:17,815.05,3791670
2021-06-03 09:49:18,815.0,3791675
2021-06-03 09:49:19,815.05,3791710
2021-06-03 09:49:20,815.4,3791781
2021-06-03 09:49:20,815.4,3792109
2021-06-03 09:49:21,815.15,3792167
2021-06-03 09:49:22,815.15,3792167
2021-06-03 09:49:23,815.4,3792417
2021-06-03 09:49:24,815.15,3792422
2021-06-03 09:49:26,815.15,3792627
2021-06-03 09:49:27,815.15,3792797
2021-06-03 09:49:28,815.0,3793247
2021-06-03 09:49:29,815.4,3793253
2021-06-03 09:49:30,815.4,3793924
2021-06-03 09:49:31,815.05,3793950
2021-06-03 09:49:32,815.05,3793950
2021-06-03 09:49:33,815.4,3793955
2021-06-03 09:49:34,815.25,3793960
2021-06-03 09:49:35,815.25,3794074
2021-06-03 09:49:35,815.4,3794705
2021-06-03 09:49:37,815.25,3794814
2021-06-03 09:49:38,815.25,3796342
2021-06-03 09:49:38,815.0,3796432
2021-06-03 09:49:39,815.25,3796439
2021-06-03 09:49:40,815.0,3796740
2021-06-03 09:49:41,814.9,3809779
2021-06-03 09:49:42,814.85,3809874
2021-06-03 09:49:43,814.85,3809914
2021-06-03 09:49:44,814.85,3809944
2021-06-03 09:49:45,814.5,3811304
2021-06-03 09:49:46,815.0,3811330
2021-06-03 09:49:47,814.55,3811678
2021-06-03 09:49:48,814.7,3811768
2021-06-03 09:49:49,814.7,3811877
2021-06-03 09:49:50,814.7,3811878
2021-06-03 09:49:51,814.45,3812984
2021-06-03 09:49:52,814.4,3813034
2021-06-03 09:49:53,814.7,3813044
2021-06-03 09:49:54,814.7,3813055
2021-06-03 09:49:56,814.7,3813101
2021-06-03 09:49:57,814.4,3813419
2021-06-03 09:49:58,814.4,3813944
2021-06-03 09:49:59,814.7,3813947
2021-06-03 09:50:00,814.7,3814213
2021-06-03 09:50:01,814.7,3814239
2021-06-03 09:50:01,814.7,3814283
2021-06-03 09:50:02,814.7,3814283
2021-06-03 09:50:03,814.45,3815171
2021-06-03 09:50:04,814.4,3815251
2021-06-03 09:50:05,814.45,3815259
2021-06-03 09:50:06,814.4,3815412
2021-06-03 09:50:08,814.4,3815637
2021-06-03 09:50:09,814.4,3815714
2021-06-03 09:50:10,814.4,3815736
2021-06-03 09:50:11,814.2,3815832
2021-06-03 09:50:11,814.4,3815833
2021-06-03 09:50:12,814.35,3815901
2021-06-03 09:50:13,814.35,3815901
2021-06-03 09:50:14,814.4,3816351
2021-06-03 09:50:15,814.1,3816488
2021-06-03 09:50:17,814.1,3816614
2021-06-03 09:50:18,814.0,3818568
2021-06-03 09:50:19,814.0,3818758
2021-06-03 09:50:20,814.2,3818779
2021-06-03 09:50:21,814.55,3819846
2021-06-03 09:50:22,814.1,3820646
2021-06-03 09:50:23,814.7,3823896
2021-06-03 09:50:24,814.7,3823972
2021-06-03 09:50:24,814.45,3824021
2021-06-03 09:50:25,814.2,3824136
2021-06-03 09:50:26,814.35,3824208
2021-06-03 09:50:27,814.55,3824225
2021-06-03 09:50:28,814.65,3824367
2021-06-03 09:50:29,814.7,3824542
2021-06-03 09:50:30,814.6,3824902
2021-06-03 09:50:31,813.9,3832476
2021-06-03 09:50:32,814.05,3832826
2021-06-03 09:50:33,814.05,3832878
2021-06-03 09:50:34,814.2,3833878
2021-06-03 09:50:35,814.2,3834197
2021-06-03 09:50:36,814.3,3834732
2021-06-03 09:50:38,814.05,3834752
2021-06-03 09:50:39,814.4,3834865
2021-06-03 09:50:40,814.1,3835151
2021-06-03 09:50:42,814.05,3835473
2021-06-03 09:50:43,814.3,3836487
2021-06-03 09:50:44,814.0,3836562
2021-06-03 09:50:45,814.4,3836774
2021-06-03 09:50:46,814.45,3838774
2021-06-03 09:50:46,814.5,3838874
2021-06-03 09:50:47,814.5,3839087
2021-06-03 09:50:49,814.2,3839890
2021-06-03 09:50:49,814.2,3839890
2021-06-03 09:50:50,814.4,3839950
2021-06-03 09:50:51,814.5,3840954
2021-06-03 09:50:52,814.5,3841184
2021-06-03 09:50:53,814.55,3841689
2021-06-03 09:50:55,814.5,3841714
2021-06-03 09:50:55,814.5,3841716
2021-06-03 09:50:56,814.15,3841726
2021-06-03 09:50:58,814.45,3841759
2021-06-03 09:50:58,814.1,3841803
2021-06-03 09:51:00,814.45,3841811
2021-06-03 09:51:01,814.45,3841921
2021-06-03 09:51:02,814.4,3841931
2021-06-03 09:51:03,814.4,3841993
2021-06-03 09:51:04,814.5,3842898
2021-06-03 09:51:05,814.5,3842898
2021-06-03 09:51:06,814.5,3843021
2021-06-03 09:51:07,814.5,3843323
2021-06-03 09:51:08,814.5,3843353
2021-06-03 09:51:09,814.65,3845453
2021-06-03 09:51:10,814.7,3845563
2021-06-03 09:51:11,814.6,3845593
2021-06-03 09:51:13,814.5,3846266
2021-06-03 09:51:14,814.5,3846486
2021-06-03 09:51:15,814.5,3846591
2021-06-03 09:51:16,814.5,3847628
2021-06-03 09:51:16,814.5,3847628
2021-06-03 09:51:17,814.7,3848005
2021-06-03 09:51:18,814.7,3848009
2021-06-03 09:51:19,814.7,3848009
2021-06-03 09:51:21,814.65,3848309
2021-06-03 09:51:22,814.65,3848309
2021-06-03 09:51:23,814.7,3848353
2021-06-03 09:51:24,814.65,3848541
2021-06-03 09:51:24,814.65,3848551
2021-06-03 09:51:26,814.65,3848705
2021-06-03 09:51:27,814.65,3848783
2021-06-03 09:51:28,814.5,3848925
2021-06-03 09:51:29,814.6,3848996
2021-06-03 09:51:29,814.6,3848996
2021-06-03 09:51:30,814.5,3854242
2021-06-03 09:51:31,814.65,3854486
2021-06-03 09:51:33,814.65,3854555
2021-06-03 09:51:34,814.65,3854555
2021-06-03 09:51:35,814.5,3854623
2021-06-03 09:51:36,814.5,3854788
2021-06-03 09:51:37,814.65,3854952
2021-06-03 09:51:38,814.65,3855105
2021-06-03 09:51:38,814.65,3855105
2021-06-03 09:51:39,814.5,3855131
2021-06-03 09:51:40,814.5,3856981
2021-06-03 09:51:41,814.7,3856991
2021-06-03 09:51:42,814.55,3856996
2021-06-03 09:51:44,814.5,3858964
2021-06-03 09:51:45,814.45,3859581
2021-06-03 09:51:46,814.45,3859884
2021-06-03 09:51:47,814.35,3860632
2021-06-03 09:51:48,814.45,3860692
2021-06-03 09:51:48,814.45,3860692
2021-06-03 09:51:50,814.45,3861012
2021-06-03 09:51:51,814.2,3863869
2021-06-03 09:51:52,814.1,3863914
2021-06-03 09:51:54,814.2,3863981
2021-06-03 09:51:55,814.15,3864128
2021-06-03 09:51:56,814.0,3864132
2021-06-03 09:51:57,814.0,3864534
2021-06-03 09:51:57,814.0,3864534
2021-06-03 09:51:58,814.2,3865474
2021-06-03 09:52:00,814.0,3872281
2021-06-03 09:52:01,814.25,3873377
2021-06-03 09:52:02,814.0,3873611
2021-06-03 09:52:03,814.0,3873625
2021-06-03 09:52:04,814.2,3873671
2021-06-03 09:52:04,814.2,3873671
2021-06-03 09:52:05,814.2,3873772
2021-06-03 09:52:06,814.2,3873952
2021-06-03 09:52:07,814.2,3876786
2021-06-03 09:52:08,814.2,3877002
2021-06-03 09:52:10,814.2,3877034
2021-06-03 09:52:11,814.0,3877187
2021-06-03 09:52:12,814.2,3877231
2021-06-03 09:52:13,814.2,3877253
2021-06-03 09:52:14,814.2,3877258
2021-06-03 09:52:15,814.0,3877283
2021-06-03 09:52:16,814.2,3877288
2021-06-03 09:52:17,814.2,3877682
2021-06-03 09:52:18,814.2,3877744
2021-06-03 09:52:19,814.2,3877789
2021-06-03 09:52:20,814.2,3877891
2021-06-03 09:52:21,814.2,3877927
2021-06-03 09:52:22,814.0,3878494
2021-06-03 09:52:23,814.2,3878503
2021-06-03 09:52:23,814.2,3878503
2021-06-03 09:52:25,814.0,3878668
2021-06-03 09:52:27,814.0,3878775
2021-06-03 09:52:28,814.2,3878951
2021-06-03 09:52:29,814.2,3878964
2021-06-03 09:52:30,814.2,3879424
2021-06-03 09:52:32,814.2,3879779
2021-06-03 09:52:33,814.2,3879825
2021-06-03 09:52:34,814.35,3882042
2021-06-03 09:52:35,814.4,3882043
2021-06-03 09:52:36,814.4,3882306
2021-06-03 09:52:37,814.05,3882648
2021-06-03 09:52:37,814.35,3882650
2021-06-03 09:52:38,814.05,3882656
2021-06-03 09:52:40,814.65,3888158
2021-06-03 09:52:42,814.3,3888524
2021-06-03 09:52:43,814.2,3889134
2021-06-03 09:52:44,814.4,3890135
2021-06-03 09:52:45,814.65,3890190
2021-06-03 09:52:46,814.3,3890620
2021-06-03 09:52:46,814.3,3890620
2021-06-03 09:52:48,814.35,3890717
2021-06-03 09:52:49,814.3,3890786
2021-06-03 09:52:50,814.3,3890836
2021-06-03 09:52:51,814.5,3890991
2021-06-03 09:52:52,814.5,3890991
2021-06-03 09:52:53,814.2,3891341
2021-06-03 09:52:54,814.5,3891371
2021-06-03 09:52:55,814.5,3891373
2021-06-03 09:52:56,814.0,3894575
2021-06-03 09:52:57,814.05,3894649
2021-06-03 09:52:58,814.4,3894717
2021-06-03 09:52:59,814.05,3894929
2021-06-03 09:53:00,814.0,3895629
2021-06-03 09:53:01,814.0,3895729
2021-06-03 09:53:02,814.3,3895914
2021-06-03 09:53:03,814.05,3895965
2021-06-03 09:53:04,814.0,3898465
2021-06-03 09:53:04,814.0,3898465
2021-06-03 09:53:05,814.05,3898583
2021-06-03 09:53:06,814.0,3899686
2021-06-03 09:53:08,814.0,3899959
2021-06-03 09:53:09,814.25,3900009
2021-06-03 09:53:10,814.3,3900174
2021-06-03 09:53:10,814.3,3900174
2021-06-03 09:53:11,814.3,3900287
2021-06-03 09:53:13,814.05,3900347
2021-06-03 09:53:14,814.3,3900572
2021-06-03 09:53:15,814.05,3900922
2021-06-03 09:53:16,814.25,3901022
2021-06-03 09:53:18,814.4,3902188
2021-06-03 09:53:18,814.05,3902213
2021-06-03 09:53:20,814.4,3902215
2021-06-03 09:53:21,814.3,3902560
2021-06-03 09:53:22,814.4,3903185
2021-06-03 09:53:23,814.0,3903395
2021-06-03 09:53:24,814.35,3903455
2021-06-03 09:53:25,814.0,3903505
2021-06-03 09:53:26,814.2,3903524
2021-06-03 09:53:27,814.1,3903531
2021-06-03 09:53:27,814.1,3903529
2021-06-03 09:53:29,813.85,3912589
2021-06-03 09:53:30,813.85,3912605
2021-06-03 09:53:31,813.8,3912756
2021-06-03 09:53:33,813.6,3914020
2021-06-03 09:53:34,813.85,3914074
2021-06-03 09:53:35,813.5,3914551
2021-06-03 09:53:36,813.5,3914841
2021-06-03 09:53:37,813.6,3914905
2021-06-03 09:53:37,813.6,3915091
2021-06-03 09:53:39,813.5,3915303
2021-06-03 09:53:40,813.5,3916244
2021-06-03 09:53:41,813.5,3919488
2021-06-03 09:53:42,813.45,3920108
2021-06-03 09:53:43,813.4,3920265
2021-06-03 09:53:44,813.5,3920817
2021-06-03 09:53:45,813.6,3921396
2021-06-03 09:53:46,813.0,3929671
2021-06-03 09:53:47,813.05,3930323
2021-06-03 09:53:48,813.0,3930645
2021-06-03 09:53:48,813.15,3930995
2021-06-03 09:53:50,812.0,3974414
2021-06-03 09:53:51,812.15,3984752
2021-06-03 09:53:52,812.0,3985804
2021-06-03 09:53:53,812.05,3985994
2021-06-03 09:53:54,812.05,3986800
2021-06-03 09:53:54,812.9,3989588
2021-06-03 09:53:55,812.75,3991522
2021-06-03 09:53:57,812.45,3994778
2021-06-03 09:53:58,812.0,3997705
2021-06-03 09:53:59,812.15,3997838
2021-06-03 09:54:00,812.0,3998135
2021-06-03 09:54:01,813.0,4000107
2021-06-03 09:54:02,812.85,4002927
2021-06-03 09:54:03,813.1,4003518
2021-06-03 09:54:04,813.1,4003912
2021-06-03 09:54:05,813.6,4005525
2021-06-03 09:54:06,813.55,4006107
2021-06-03 09:54:06,813.85,4006111
2021-06-03 09:54:07,813.7,4006550
2021-06-03 09:54:08,814.0,4006726
2021-06-03 09:54:09,813.9,4007363
2021-06-03 09:54:11,813.85,4007391
2021-06-03 09:54:12,813.65,4007662
2021-06-03 09:54:13,813.4,4009099
2021-06-03 09:54:14,813.65,4009127
2021-06-03 09:54:14,813.65,4009127
2021-06-03 09:54:15,812.6,4012200
2021-06-03 09:54:17,813.0,4012792
2021-06-03 09:54:18,812.6,4013998
2021-06-03 09:54:19,812.6,4015283
2021-06-03 09:54:20,812.75,4015340
2021-06-03 09:54:21,812.75,4015393
2021-06-03 09:54:22,812.75,4017066
2021-06-03 09:54:23,812.45,4023843
2021-06-03 09:54:24,812.3,4024458
2021-06-03 09:54:25,812.35,4024832
2021-06-03 09:54:25,812.4,4025387
2021-06-03 09:54:27,811.9,4029879
2021-06-03 09:54:28,811.8,4036017
2021-06-03 09:54:29,811.45,4036989
2021-06-03 09:54:30,812.35,4037763
2021-06-03 09:54:31,812.1,4038501
2021-06-03 09:54:32,812.1,4039475
2021-06-03 09:54:33,812.1,4040887
2021-06-03 09:54:33,811.6,4041887
2021-06-03 09:54:35,811.95,4042301
2021-06-03 09:54:35,811.95,4042301
2021-06-03 09:54:37,811.65,4042974
2021-06-03 09:54:38,811.6,4043645
2021-06-03 09:54:39,811.55,4044503
2021-06-03 09:54:40,811.55,4045884
2021-06-03 09:54:41,811.6,4046324
2021-06-03 09:54:42,811.6,4047120
2021-06-03 09:54:43,811.55,4049743
2021-06-03 09:54:44,811.5,4050063
2021-06-03 09:54:45,811.6,4050823
2021-06-03 09:54:46,811.6,4056411
2021-06-03 09:54:47,812.0,4056661
2021-06-03 09:54:49,812.45,4058375
2021-06-03 09:54:49,812.15,4058395
2021-06-03 09:54:50,812.2,4058824
2021-06-03 09:54:52,811.5,4066146
2021-06-03 09:54:53,811.6,4066620
2021-06-03 09:54:54,811.6,4101160
2021-06-03 09:54:55,811.5,4101362
2021-06-03 09:54:56,811.5,4101880
2021-06-03 09:54:58,811.6,4103903
2021-06-03 09:54:59,811.5,4104779
2021-06-03 09:55:00,811.6,4105166
2021-06-03 09:55:01,811.25,4106342
2021-06-03 09:55:02,811.5,4108004
2021-06-03 09:55:03,811.1,4109448
2021-06-03 09:55:04,811.45,4109700
2021-06-03 09:55:05,811.45,4110242
2021-06-03 09:55:06,811.5,4110422
2021-06-03 09:55:07,811.4,4111289
2021-06-03 09:55:08,811.4,4111932
2021-06-03 09:55:09,811.05,4117448
2021-06-03 09:55:10,811.25,4117854
2021-06-03 09:55:11,811.25,4118621
2021-06-03 09:55:12,811.25,4120135
2021-06-03 09:55:13,811.5,4120754
2021-06-03 09:55:14,811.5,4120786
2021-06-03 09:55:15,811.5,4121211
2021-06-03 09:55:16,811.45,4124469
2021-06-03 09:55:17,811.6,4125094
2021-06-03 09:55:18,811.5,4126494
2021-06-03 09:55:19,811.65,4126659
2021-06-03 09:55:20,811.8,4126917
2021-06-03 09:55:21,811.8,4127017
2021-06-03 09:55:23,811.6,4127753
2021-06-03 09:55:24,811.85,4128416
2021-06-03 09:55:25,812.0,4129476
2021-06-03 09:55:26,811.9,4130461
2021-06-03 09:55:27,811.85,4130791
2021-06-03 09:55:28,812.0,4131071
2021-06-03 09:55:29,811.95,4131437
2021-06-03 09:55:30,812.35,4131987
2021-06-03 09:55:31,811.9,4133515
2021-06-03 09:55:32,811.9,4133515
2021-06-03 09:55:33,812.55,4134270
2021-06-03 09:55:34,812.2,4134590
2021-06-03 09:55:35,812.1,4135339
2021-06-03 09:55:36,812.6,4135463
2021-06-03 09:55:37,812.4,4136597
2021-06-03 09:55:38,812.75,4138412
2021-06-03 09:55:39,812.85,4139056
2021-06-03 09:55:41,812.35,4139306
2021-06-03 09:55:40,812.4,4139131
2021-06-03 09:55:42,812.75,4139761
2021-06-03 09:55:43,812.9,4139899
2021-06-03 09:55:44,812.9,4140110
2021-06-03 09:55:45,812.95,4141865
2021-06-03 09:55:46,813.15,4141881
2021-06-03 09:55:47,813.0,4142265
2021-06-03 09:55:48,813.05,4143253
2021-06-03 09:55:49,813.15,4143757
2021-06-03 09:55:50,813.15,4143785
2021-06-03 09:55:52,813.3,4145052
2021-06-03 09:55:53,813.15,4145093
2021-06-03 09:55:54,813.0,4145949
2021-06-03 09:55:55,813.05,4147677
2021-06-03 09:55:56,813.15,4148847
2021-06-03 09:55:57,812.55,4149881
2021-06-03 09:55:58,813.0,4150386
2021-06-03 09:55:59,812.95,4151127
2021-06-03 09:56:00,812.65,4151942
2021-06-03 09:56:01,812.55,4152366
2021-06-03 09:56:03,812.45,4153530
2021-06-03 09:56:04,812.7,4158210
2021-06-03 09:56:05,813.0,4159020
2021-06-03 09:56:06,813.0,4159020
2021-06-03 09:56:07,813.0,4159445
2021-06-03 09:56:08,813.0,4159466
2021-06-03 09:56:09,813.0,4159770
2021-06-03 09:56:11,812.95,4160133
2021-06-03 09:56:13,813.0,4161161
2021-06-03 09:56:14,813.0,4161327
2021-06-03 09:56:15,813.0,4161368
2021-06-03 09:56:16,812.95,4161498
2021-06-03 09:56:18,813.0,4161824
2021-06-03 09:56:19,813.1,4162118
2021-06-03 09:56:20,813.1,4162118
2021-06-03 09:56:21,813.1,4162213
2021-06-03 09:56:22,813.1,4162234
2021-06-03 09:56:23,813.0,4162349
2021-06-03 09:56:24,813.1,4162416
2021-06-03 09:56:25,813.0,4162796
2021-06-03 09:56:26,812.5,4165331
2021-06-03 09:56:27,812.5,4165333
2021-06-03 09:56:28,812.5,4165435
2021-06-03 09:56:29,812.55,4166206
2021-06-03 09:56:30,812.2,4166231
2021-06-03 09:56:31,812.4,4166321
2021-06-03 09:56:32,812.2,4167705
2021-06-03 09:56:33,812.0,4168886
2021-06-03 09:56:34,812.2,4172306
2021-06-03 09:56:35,811.65,4178268
2021-06-03 09:56:36,811.95,4178886
2021-06-03 09:56:37,811.85,4179176
2021-06-03 09:56:38,811.85,4179237
2021-06-03 09:56:39,811.65,4179747
2021-06-03 09:56:40,811.8,4179888
2021-06-03 09:56:41,811.8,4180645
2021-06-03 09:56:42,811.65,4180694
2021-06-03 09:56:43,811.7,4180824
2021-06-03 09:56:44,811.7,4180925
2021-06-03 09:56:46,811.8,4181784
2021-06-03 09:56:48,811.85,4182066
2021-06-03 09:56:47,811.6,4182056
2021-06-03 09:56:49,811.6,4182144
2021-06-03 09:56:50,812.05,4182735
2021-06-03 09:56:51,812.05,4182945
2021-06-03 09:56:52,812.3,4183617
2021-06-03 09:56:53,812.45,4184374
2021-06-03 09:56:54,812.4,4184424
2021-06-03 09:56:55,812.4,4184484
2021-06-03 09:56:56,812.1,4184697
2021-06-03 09:56:57,812.45,4184847
2021-06-03 09:56:58,812.45,4184947
2021-06-03 09:56:59,812.4,4185228
2021-06-03 09:57:00,812.4,4185228
2021-06-03 09:57:01,812.0,4188419
2021-06-03 09:57:02,812.2,4188737
2021-06-03 09:57:03,812.0,4190422
2021-06-03 09:57:04,812.15,4190431
2021-06-03 09:57:05,812.15,4190731
2021-06-03 09:57:06,812.15,4191382
2021-06-03 09:57:08,812.05,4194354
2021-06-03 09:57:08,812.05,4194279
2021-06-03 09:57:09,812.15,4194572
2021-06-03 09:57:10,812.55,4219431
2021-06-03 09:57:11,812.6,4219964
2021-06-03 09:57:12,812.5,4221111
2021-06-03 09:57:13,812.5,4221325
2021-06-03 09:57:14,812.5,4221381
2021-06-03 09:57:15,812.5,4221673
2021-06-03 09:57:16,812.15,4222060
2021-06-03 09:57:17,812.3,4222140
2021-06-03 09:57:18,812.35,4222432
2021-06-03 09:57:19,812.35,4222432
2021-06-03 09:57:20,812.15,4222554
2021-06-03 09:57:21,812.4,4222679
2021-06-03 09:57:22,812.35,4222852
2021-06-03 09:57:23,812.4,4222917
2021-06-03 09:57:24,812.4,4222917
2021-06-03 09:57:26,812.4,4223017
2021-06-03 09:57:27,812.35,4223242
2021-06-03 09:57:27,812.35,4223242
2021-06-03 09:57:28,812.35,4223292
2021-06-03 09:57:29,812.35,4223423
2021-06-03 09:57:30,812.35,4223465
2021-06-03 09:57:31,812.35,4223665
2021-06-03 09:57:32,812.25,4224240
2021-06-03 09:57:33,812.25,4224411
2021-06-03 09:57:34,812.15,4224614
2021-06-03 09:57:35,812.25,4224615
2021-06-03 09:57:37,812.5,4225713
2021-06-03 09:57:38,812.4,4225718
2021-06-03 09:57:38,812.5,4225821
2021-06-03 09:57:39,812.4,4226802
2021-06-03 09:57:40,812.4,4226882
2021-06-03 09:57:41,812.2,4226973
2021-06-03 09:57:42,812.6,4227598
2021-06-03 09:57:43,812.7,4227837
2021-06-03 09:57:44,812.65,4227914
2021-06-03 09:57:46,812.65,4228335
2021-06-03 09:57:46,812.65,4228335
2021-06-03 09:57:48,813.0,4231110
2021-06-03 09:57:50,813.0,4231117
2021-06-03 09:57:52,813.0,4231277
2021-06-03 09:57:52,813.0,4231277
2021-06-03 09:57:53,813.0,4231456
2021-06-03 09:57:54,813.1,4231568
2021-06-03 09:57:56,813.0,4232423
2021-06-03 09:57:57,813.2,4232796
2021-06-03 09:57:58,813.3,4233597
2021-06-03 09:58:00,813.15,4233620
2021-06-03 09:58:00,813.15,4233620
2021-06-03 09:58:01,813.0,4233626
2021-06-03 09:58:02,813.15,4233627
2021-06-03 09:58:03,813.15,4233647
2021-06-03 09:58:04,813.1,4233787
2021-06-03 09:58:05,813.1,4233902
2021-06-03 09:58:06,813.15,4233947
2021-06-03 09:58:07,813.1,4234752
2021-06-03 09:58:08,813.15,4234847
2021-06-03 09:58:10,813.15,4236210
2021-06-03 09:58:10,813.15,4236210
2021-06-03 09:58:11,813.25,4236348
2021-06-03 09:58:12,813.1,4236399
2021-06-03 09:58:13,813.1,4236507
2021-06-03 09:58:14,813.0,4238339
2021-06-03 09:58:15,813.2,4238589
2021-06-03 09:58:17,813.2,4238598
2021-06-03 09:58:17,813.2,4238595
2021-06-03 09:58:18,813.2,4238643
2021-06-03 09:58:19,813.1,4238679
2021-06-03 09:58:20,813.15,4238737
2021-06-03 09:58:21,813.2,4239059
2021-06-03 09:58:22,813.1,4239082
2021-06-03 09:58:23,813.1,4239205
2021-06-03 09:58:24,813.1,4239233
2021-06-03 09:58:25,812.8,4239873
2021-06-03 09:58:26,813.05,4240764
2021-06-03 09:58:27,812.65,4240778
2021-06-03 09:58:28,812.95,4241050
2021-06-03 09:58:29,813.0,4241078
2021-06-03 09:58:31,812.9,4241105
2021-06-03 09:58:32,812.9,4241875
2021-06-03 09:58:32,812.9,4241885
2021-06-03 09:58:33,812.6,4242055
2021-06-03 09:58:34,812.65,4242070
2021-06-03 09:58:35,812.8,4242244
2021-06-03 09:58:36,813.0,4243159
2021-06-03 09:58:37,813.1,4243173
2021-06-03 09:58:38,813.05,4243208
2021-06-03 09:58:40,813.05,4243939
2021-06-03 09:58:44,813.05,4245123
2021-06-03 09:58:44,813.05,4245123
2021-06-03 09:58:45,813.1,4245263
2021-06-03 09:58:46,812.8,4246193
2021-06-03 09:58:47,813.2,4246733
2021-06-03 09:58:48,813.2,4246801
2021-06-03 09:58:49,813.2,4246911
2021-06-03 09:58:51,813.25,4247108
2021-06-03 09:58:51,813.2,4247120
2021-06-03 09:58:52,813.7,4250335
2021-06-03 09:58:53,813.5,4250359
2021-06-03 09:58:54,813.7,4250574
2021-06-03 09:58:55,813.95,4251474
2021-06-03 09:58:57,814.0,4253220
2021-06-03 09:59:00,814.25,4256447
2021-06-03 09:59:01,814.25,4256999
2021-06-03 09:59:02,814.4,4257589
2021-06-03 09:59:02,814.4,4257689
2021-06-03 09:59:03,814.0,4258739
2021-06-03 09:59:04,814.0,4258739
2021-06-03 09:59:05,814.5,4259308
2021-06-03 09:59:06,814.7,4261007
2021-06-03 09:59:07,814.6,4261598
2021-06-03 09:59:08,814.6,4261628
2021-06-03 09:59:09,814.6,4261628
2021-06-03 09:59:11,814.85,4261711
2021-06-03 09:59:12,814.7,4261985
2021-06-03 09:59:13,814.85,4262255
2021-06-03 09:59:14,814.6,4263070
2021-06-03 09:59:15,814.6,4263404
2021-06-03 09:59:17,814.55,4263413
2021-06-03 09:59:18,814.6,4265010
2021-06-03 09:59:19,814.6,4265292
2021-06-03 09:59:19,814.6,4265268
2021-06-03 09:59:20,814.5,4269358
2021-06-03 09:59:21,814.25,4272206
2021-06-03 09:59:23,814.0,4272408
2021-06-03 09:59:24,814.2,4272636
2021-06-03 09:59:25,814.1,4272822
2021-06-03 09:59:26,814.4,4273037
2021-06-03 09:59:26,814.4,4273039
2021-06-03 09:59:27,814.35,4273058
2021-06-03 09:59:28,814.35,4273061
2021-06-03 09:59:30,814.0,4273363
2021-06-03 09:59:31,814.1,4273964
2021-06-03 09:59:32,813.85,4275449
2021-06-03 09:59:34,813.8,4275955
2021-06-03 09:59:35,814.2,4276090
2021-06-03 09:59:36,814.3,4276129
2021-06-03 09:59:37,814.45,4276205
2021-06-03 09:59:38,814.45,4277217
2021-06-03 09:59:39,814.4,4278506
2021-06-03 09:59:40,814.25,4279926
2021-06-03 09:59:41,814.6,4279945
2021-06-03 09:59:42,814.6,4279945
2021-06-03 09:59:43,814.4,4280146
2021-06-03 09:59:44,814.4,4280316
2021-06-03 09:59:45,814.2,4280495
2021-06-03 09:59:47,814.2,4280567
2021-06-03 09:59:48,814.2,4280600
2021-06-03 09:59:49,814.4,4280700
2021-06-03 09:59:50,814.4,4280712
2021-06-03 09:59:51,814.4,4280778
2021-06-03 09:59:51,814.1,4281068
2021-06-03 09:59:52,814.2,4281069
2021-06-03 09:59:54,814.2,4281092
2021-06-03 09:59:55,814.05,4282046
2021-06-03 09:59:56,814.05,4282275
2021-06-03 09:59:57,813.95,4282473
2021-06-03 09:59:58,814.3,4282776
2021-06-03 09:59:59,814.0,4282954
2021-06-03 10:00:00,814.3,4283166
2021-06-03 10:00:01,814.2,4283322
2021-06-03 10:00:02,814.1,4283400
2021-06-03 10:00:04,814.3,4284977
2021-06-03 10:00:05,814.3,4285030
2021-06-03 10:00:06,814.4,4285047
2021-06-03 10:00:06,814.5,4288615
2021-06-03 10:00:08,814.4,4288949
2021-06-03 10:00:09,814.4,4289149
2021-06-03 10:00:10,814.9,4300324
2021-06-03 10:00:11,814.95,4301329
2021-06-03 10:00:11,814.95,4301443
2021-06-03 10:00:12,814.95,4301589
2021-06-03 10:00:13,814.9,4302069
2021-06-03 10:00:14,814.9,4302170
2021-06-03 10:00:15,814.6,4302418
2021-06-03 10:00:16,814.45,4302531
2021-06-03 10:00:18,814.9,4303538
2021-06-03 10:00:19,814.9,4303638
2021-06-03 10:00:19,814.8,4304138
2021-06-03 10:00:20,814.5,4304182
2021-06-03 10:00:21,814.45,4304523
2021-06-03 10:00:22,814.75,4304683
2021-06-03 10:00:24,814.75,4304683
2021-06-03 10:00:25,814.4,4305284
2021-06-03 10:00:26,814.7,4305435
2021-06-03 10:00:27,814.5,4305573
2021-06-03 10:00:28,814.65,4305657
2021-06-03 10:00:29,814.8,4307667
2021-06-03 10:00:29,814.8,4307667
2021-06-03 10:00:30,814.5,4307945
2021-06-03 10:00:31,814.75,4308247
2021-06-03 10:00:32,814.75,4308453
2021-06-03 10:00:33,814.75,4308814
2021-06-03 10:00:35,814.75,4308839
2021-06-03 10:00:36,814.75,4308917
2021-06-03 10:00:37,814.8,4309077
2021-06-03 10:00:39,814.55,4312094
2021-06-03 10:00:40,814.3,4312363
2021-06-03 10:00:42,814.45,4312476
2021-06-03 10:00:43,814.45,4312601
2021-06-03 10:00:44,814.2,4312734
2021-06-03 10:00:45,814.3,4312735
2021-06-03 10:00:46,814.0,4313185
2021-06-03 10:00:47,814.0,4313494
2021-06-03 10:00:47,814.0,4313494
2021-06-03 10:00:48,814.1,4313509
2021-06-03 10:00:52,814.55,4316014
2021-06-03 10:00:53,814.45,4316399
2021-06-03 10:00:54,814.95,4319132
2021-06-03 10:00:54,814.95,4319132
2021-06-03 10:00:55,814.55,4319342
2021-06-03 10:00:56,814.95,4319464
2021-06-03 10:00:58,814.75,4320653
2021-06-03 10:00:59,814.65,4320788
2021-06-03 10:01:00,815.0,4321289
2021-06-03 10:01:00,815.0,4321289
2021-06-03 10:01:01,814.55,4321589
2021-06-03 10:01:02,814.85,4321689
2021-06-03 10:01:03,814.3,4322101
2021-06-03 10:01:05,814.55,4323123
2021-06-03 10:01:05,814.45,4324138
2021-06-03 10:01:06,814.45,4324300
2021-06-03 10:01:07,814.2,4324339
2021-06-03 10:01:08,814.45,4324380
2021-06-03 10:01:10,814.55,4324760
2021-06-03 10:01:11,814.55,4324760
2021-06-03 10:01:12,814.55,4324877
2021-06-03 10:01:13,814.2,4324978
2021-06-03 10:01:14,814.55,4325508
2021-06-03 10:01:16,814.4,4325753
2021-06-03 10:01:17,814.5,4326369
2021-06-03 10:01:18,814.5,4327019
2021-06-03 10:01:18,814.55,4328019
2021-06-03 10:01:19,814.45,4328074
2021-06-03 10:01:20,814.2,4329133
2021-06-03 10:01:21,814.25,4329283
2021-06-03 10:01:23,814.05,4330132
2021-06-03 10:01:24,814.0,4330542
2021-06-03 10:01:25,814.1,4330680
2021-06-03 10:01:25,814.1,4330704
2021-06-03 10:01:26,814.1,4330990
2021-06-03 10:01:27,814.1,4331146
2021-06-03 10:01:28,814.1,4331369
2021-06-03 10:01:31,814.1,4332139
2021-06-03 10:01:32,814.2,4333225
2021-06-03 10:01:33,814.45,4333238
2021-06-03 10:01:34,814.5,4334072
2021-06-03 10:01:35,814.5,4334081
2021-06-03 10:01:35,814.5,4334101
2021-06-03 10:01:36,814.25,4334141
2021-06-03 10:01:38,814.5,4334154
2021-06-03 10:01:39,814.7,4335154
2021-06-03 10:01:40,814.6,4335419
2021-06-03 10:01:41,814.6,4335420
2021-06-03 10:01:42,814.25,4335506
2021-06-03 10:01:42,814.25,4335506
2021-06-03 10:01:43,814.5,4336182
2021-06-03 10:01:45,814.5,4336257
2021-06-03 10:01:46,814.5,4337283
2021-06-03 10:01:47,814.25,4337491
2021-06-03 10:01:48,814.7,4337628
2021-06-03 10:01:49,814.5,4337686
2021-06-03 10:01:50,814.25,4337798
2021-06-03 10:01:50,814.25,4337798
2021-06-03 10:01:51,814.5,4337969
2021-06-03 10:01:52,814.5,4337969
2021-06-03 10:01:54,814.3,4337992
2021-06-03 10:01:55,814.5,4338095
2021-06-03 10:01:56,814.25,4338105
2021-06-03 10:01:56,814.25,4338105
2021-06-03 10:01:57,814.6,4338217
2021-06-03 10:01:58,814.25,4338218
2021-06-03 10:01:59,814.6,4338458
2021-06-03 10:02:01,814.6,4338470
2021-06-03 10:02:02,814.25,4338520
2021-06-03 10:02:03,814.35,4338521
2021-06-03 10:02:04,814.5,4338623
2021-06-03 10:02:05,814.55,4338770
2021-06-03 10:02:06,814.6,4339051
2021-06-03 10:02:08,814.4,4339148
2021-06-03 10:02:08,814.4,4339148
2021-06-03 10:02:09,814.4,4339181
2021-06-03 10:02:11,814.2,4341076
2021-06-03 10:02:12,814.05,4341104
2021-06-03 10:02:13,814.2,4341179
2021-06-03 10:02:13,814.2,4341186
2021-06-03 10:02:14,814.0,4341286
2021-06-03 10:02:15,814.0,4341363
2021-06-03 10:02:16,814.0,4341590
2021-06-03 10:02:18,814.0,4341663
2021-06-03 10:02:19,814.0,4341695
2021-06-03 10:02:20,814.0,4341719
2021-06-03 10:02:20,814.0,4341719
2021-06-03 10:02:21,814.0,4342169
2021-06-03 10:02:22,814.0,4345342
2021-06-03 10:02:23,814.05,4345377
2021-06-03 10:02:24,814.0,4347539
2021-06-03 10:02:26,813.65,4348009
2021-06-03 10:02:27,813.8,4348194
2021-06-03 10:02:28,814.0,4348279
2021-06-03 10:02:29,814.0,4348430
2021-06-03 10:02:29,814.0,4348430
2021-06-03 10:02:30,814.0,4348527
2021-06-03 10:02:31,813.85,4348749
2021-06-03 10:02:33,814.0,4348775
2021-06-03 10:02:34,814.0,4348785
2021-06-03 10:02:35,814.0,4348883
2021-06-03 10:02:35,813.85,4348879
2021-06-03 10:02:36,813.8,4349144
2021-06-03 10:02:37,813.65,4349308
2021-06-03 10:02:38,814.0,4349310
2021-06-03 10:02:40,814.0,4349335
2021-06-03 10:02:40,814.0,4349335
2021-06-03 10:02:42,814.0,4349563
2021-06-03 10:02:43,814.0,4349663
2021-06-03 10:02:44,814.0,4349663
2021-06-03 10:02:44,814.0,4349663
2021-06-03 10:02:45,814.0,4350263
2021-06-03 10:02:46,814.05,4353386
2021-06-03 10:02:47,814.1,4353471
2021-06-03 10:02:48,814.1,4353498
2021-06-03 10:02:51,814.2,4353705
2021-06-03 10:02:52,814.2,4353715
2021-06-03 10:02:53,814.05,4353733
2021-06-03 10:02:54,814.4,4354291
2021-06-03 10:02:55,814.1,4354296
2021-06-03 10:02:55,814.1,4354296
2021-06-03 10:02:56,814.1,4355766
2021-06-03 10:02:57,814.1,4356769
2021-06-03 10:02:58,814.15,4356789
2021-06-03 10:03:01,814.4,4357009
2021-06-03 10:03:02,814.4,4357191
2021-06-03 10:03:04,814.4,4357196
2021-06-03 10:03:05,814.15,4357344
2021-06-03 10:03:06,814.4,4357449
2021-06-03 10:03:07,814.15,4357832
2021-06-03 10:03:08,814.15,4362532
2021-06-03 10:03:09,814.15,4362647
2021-06-03 10:03:10,813.85,4362718
2021-06-03 10:03:11,813.85,4362785
2021-06-03 10:03:12,814.15,4362846
2021-06-03 10:03:12,814.15,4362846
2021-06-03 10:03:13,814.15,4362894
2021-06-03 10:03:14,814.2,4363419
2021-06-03 10:03:15,814.1,4363532
2021-06-03 10:03:16,813.85,4363559
2021-06-03 10:03:18,814.1,4363582
2021-06-03 10:03:19,813.85,4363666
2021-06-03 10:03:20,813.85,4363875
2021-06-03 10:03:21,813.85,4363876
2021-06-03 10:03:22,814.1,4363921
2021-06-03 10:03:23,814.1,4364021
2021-06-03 10:03:24,814.1,4364033
2021-06-03 10:03:25,814.1,4364084
2021-06-03 10:03:26,814.1,4364484
2021-06-03 10:03:26,814.0,4364485
2021-06-03 10:03:27,814.0,4364545
2021-06-03 10:03:28,814.1,4364570
2021-06-03 10:03:30,814.0,4364727
2021-06-03 10:03:30,814.0,4364727
2021-06-03 10:03:33,814.1,4365507
2021-06-03 10:03:34,814.3,4365631
2021-06-03 10:03:35,814.0,4365641
2021-06-03 10:03:36,813.9,4365950
2021-06-03 10:03:37,814.0,4366308
2021-06-03 10:03:37,814.0,4366308
2021-06-03 10:03:39,814.1,4366331
2021-06-03 10:03:40,814.0,4366332
2021-06-03 10:03:42,814.0,4366761
2021-06-03 10:03:43,814.0,4366762
2021-06-03 10:03:44,813.8,4366767
2021-06-03 10:03:45,813.95,4367103
2021-06-03 10:03:46,813.95,4367115
2021-06-03 10:03:47,813.9,4367267
2021-06-03 10:03:48,813.8,4367422
2021-06-03 10:03:49,813.8,4367422
2021-06-03 10:03:50,813.6,4367502
2021-06-03 10:03:51,813.65,4367527
2021-06-03 10:03:52,814.0,4367677
2021-06-03 10:03:53,814.0,4367827
2021-06-03 10:03:53,814.0,4367827
2021-06-03 10:03:54,813.65,4368067
2021-06-03 10:03:56,813.7,4368597
2021-06-03 10:03:57,813.7,4368611
2021-06-03 10:03:59,814.0,4368798
2021-06-03 10:04:00,813.95,4368933
2021-06-03 10:04:02,813.95,4368990
2021-06-03 10:04:03,814.0,4369018
2021-06-03 10:04:04,814.0,4369018
2021-06-03 10:04:05,813.7,4369253
2021-06-03 10:04:06,813.7,4369253
2021-06-03 10:04:07,813.7,4369326
2021-06-03 10:04:08,813.85,4369337
2021-06-03 10:04:09,813.7,4369359
2021-06-03 10:04:10,813.7,4370310
2021-06-03 10:04:10,813.7,4370310
2021-06-03 10:04:12,813.85,4370411
2021-06-03 10:04:13,813.85,4370411
2021-06-03 10:04:14,813.85,4370411
2021-06-03 10:04:15,813.65,4370467
2021-06-03 10:04:15,813.85,4370537
2021-06-03 10:04:17,813.8,4370670
2021-06-03 10:04:17,813.8,4370689
2021-06-03 10:04:19,813.6,4370831
2021-06-03 10:04:20,813.85,4370886
2021-06-03 10:04:21,814.5,4379103
2021-06-03 10:04:22,814.55,4379408
2021-06-03 10:04:23,814.55,4379409
2021-06-03 10:04:24,815.3,4404164
2021-06-03 10:04:25,815.1,4404472
2021-06-03 10:04:26,815.05,4405670
2021-06-03 10:04:27,814.65,4406317
2021-06-03 10:04:27,814.65,4406213
2021-06-03 10:04:29,814.6,4407690
2021-06-03 10:04:30,814.2,4408126
2021-06-03 10:04:31,814.05,4408921
2021-06-03 10:04:32,813.85,4409143
2021-06-03 10:04:33,814.0,4410515
2021-06-03 10:04:34,814.0,4410750
2021-06-03 10:04:35,814.25,4411150
2021-06-03 10:04:36,814.05,4411199
2021-06-03 10:04:36,814.05,4411220
2021-06-03 10:04:37,814.6,4411225
2021-06-03 10:04:39,814.2,4411236
2021-06-03 10:04:41,814.25,4411316
2021-06-03 10:04:41,814.25,4411316
2021-06-03 10:04:42,814.25,4411366
2021-06-03 10:04:43,814.6,4411491
2021-06-03 10:04:44,814.6,4411741
2021-06-03 10:04:46,814.3,4411761
2021-06-03 10:04:47,814.3,4411761
2021-06-03 10:04:48,814.25,4412013
2021-06-03 10:04:49,814.35,4412082
2021-06-03 10:04:50,814.45,4412107
2021-06-03 10:04:51,814.6,4412307
2021-06-03 10:04:52,814.6,4412307
2021-06-03 10:04:53,814.25,4412326
2021-06-03 10:04:53,814.25,4412326
2021-06-03 10:04:55,814.45,4412409
2021-06-03 10:04:56,814.45,4412409
2021-06-03 10:04:57,814.25,4412589
2021-06-03 10:04:57,814.55,4412667
2021-06-03 10:04:59,814.6,4412717
2021-06-03 10:05:00,814.6,4412747
2021-06-03 10:05:01,814.6,4412772
2021-06-03 10:05:02,814.05,4413772
2021-06-03 10:05:03,814.3,4413867
2021-06-03 10:05:04,814.1,4414066
2021-06-03 10:05:05,814.5,4414078
2021-06-03 10:05:06,814.25,4415044
2021-06-03 10:05:06,814.25,4414958
2021-06-03 10:05:07,814.25,4415193
2021-06-03 10:05:09,814.3,4415240
2021-06-03 10:05:10,814.3,4415240
2021-06-03 10:05:11,814.35,4415457
2021-06-03 10:05:12,814.25,4415488
2021-06-03 10:05:13,814.0,4416868
2021-06-03 10:05:14,814.05,4417120
2021-06-03 10:05:15,814.25,4417399
2021-06-03 10:05:16,814.35,4417899
2021-06-03 10:05:17,814.15,4418416
2021-06-03 10:05:18,814.3,4418563
2021-06-03 10:05:18,814.1,4418565
2021-06-03 10:05:20,814.25,4418760
2021-06-03 10:05:21,814.25,4418855
2021-06-03 10:05:22,814.0,4419360
2021-06-03 10:05:23,814.15,4419431
2021-06-03 10:05:24,814.15,4419485
2021-06-03 10:05:25,814.05,4419660
2021-06-03 10:05:25,814.1,4419610
2021-06-03 10:05:26,814.35,4420328
2021-06-03 10:05:28,814.05,4420511
2021-06-03 10:05:29,814.05,4420801
2021-06-03 10:05:30,814.25,4420860
2021-06-03 10:05:31,814.25,4421064
2021-06-03 10:05:32,814.3,4421074
2021-06-03 10:05:33,814.3,4421611
2021-06-03 10:05:34,814.2,4426711
2021-06-03 10:05:36,814.2,4427838
2021-06-03 10:05:35,814.25,4427051
2021-06-03 10:05:37,814.5,4428777
2021-06-03 10:05:38,814.7,4429140
2021-06-03 10:05:39,814.7,4429140
2021-06-03 10:05:40,814.7,4429177
2021-06-03 10:05:41,814.75,4429528
2021-06-03 10:05:42,814.7,4429654
2021-06-03 10:05:43,814.5,4429754
2021-06-03 10:05:44,814.75,4430684
2021-06-03 10:05:45,814.75,4430848
2021-06-03 10:05:46,814.75,4430848
2021-06-03 10:05:47,814.5,4430920
2021-06-03 10:05:48,814.5,4430920
2021-06-03 10:05:49,814.5,4430920
2021-06-03 10:05:50,814.7,4430957
2021-06-03 10:05:51,814.7,4430977
2021-06-03 10:05:52,814.75,4430986
2021-06-03 10:05:53,814.75,4430991
2021-06-03 10:05:54,814.75,4430991
2021-06-03 10:05:55,814.75,4431404
2021-06-03 10:05:56,814.75,4431404
2021-06-03 10:05:57,814.75,4431404
2021-06-03 10:05:58,814.9,4431614
2021-06-03 10:05:59,814.8,4431913
2021-06-03 10:06:00,814.9,4432115
2021-06-03 10:06:01,814.85,4432119
2021-06-03 10:06:02,814.8,4432142
2021-06-03 10:06:03,814.75,4432344
2021-06-03 10:06:04,814.75,4432380
2021-06-03 10:06:05,814.75,4432530
2021-06-03 10:06:06,814.75,4432756
2021-06-03 10:06:07,814.75,4432812
2021-06-03 10:06:08,814.8,4432921
2021-06-03 10:06:09,814.75,4432994
2021-06-03 10:06:10,814.8,4432999
2021-06-03 10:06:11,814.8,4433280
2021-06-03 10:06:12,815.3,4435148
2021-06-03 10:06:13,814.9,4435542
2021-06-03 10:06:14,815.0,4435634
2021-06-03 10:06:15,815.7,4455791
2021-06-03 10:06:16,815.7,4455792
2021-06-03 10:06:17,815.5,4456388
2021-06-03 10:06:18,815.35,4456680
2021-06-03 10:06:19,815.25,4457069
2021-06-03 10:06:20,815.25,4457823
2021-06-03 10:06:21,815.1,4457942
2021-06-03 10:06:22,815.05,4458505
2021-06-03 10:06:23,815.05,4459290
2021-06-03 10:06:24,815.15,4459577
2021-06-03 10:06:25,815.3,4460128
2021-06-03 10:06:26,815.35,4460455
2021-06-03 10:06:27,815.35,4460455
2021-06-03 10:06:28,815.3,4460908
2021-06-03 10:06:29,815.35,4461090
2021-06-03 10:06:30,815.45,4461302
