timestamp,ltp,volume
2021-06-03 09:16:01,403.9,490019
2021-06-03 09:16:01,403.9,490019
2021-06-03 09:16:02,404.0,499114
2021-06-03 09:16:03,403.85,507827
2021-06-03 09:16:04,403.7,511762
2021-06-03 09:16:05,403.75,516685
2021-06-03 09:16:06,403.9,519126
2021-06-03 09:16:07,404.0,524216
2021-06-03 09:16:08,403.7,538087
2021-06-03 09:16:09,403.75,540644
2021-06-03 09:16:10,403.1,561161
2021-06-03 09:16:11,402.85,583984
2021-06-03 09:16:12,402.9,593465
2021-06-03 09:16:13,402.95,595054
2021-06-03 09:16:14,402.9,600919
2021-06-03 09:16:14,403.15,602282
2021-06-03 09:16:15,403.45,607268
2021-06-03 09:16:16,403.75,616216
2021-06-03 09:16:17,402.95,622842
2021-06-03 09:16:18,403.35,626375
2021-06-03 09:16:19,403.2,630113
2021-06-03 09:16:20,403.1,631174
2021-06-03 09:16:21,402.95,639633
2021-06-03 09:16:22,402.8,642033
2021-06-03 09:16:23,402.85,650160
2021-06-03 09:16:24,402.65,655131
2021-06-03 09:16:25,402.95,659772
2021-06-03 09:16:26,403.2,663913
2021-06-03 09:16:27,402.65,667938
2021-06-03 09:16:28,402.65,673565
2021-06-03 09:16:29,403.15,676708
2021-06-03 09:16:30,403.0,679948
2021-06-03 09:16:31,403.0,682772
2021-06-03 09:16:32,402.9,690537
2021-06-03 09:16:33,402.75,694639
2021-06-03 09:16:34,402.7,701027
2021-06-03 09:16:35,402.6,711014
2021-06-03 09:16:36,402.75,718496
2021-06-03 09:16:37,402.7,722724
2021-06-03 09:16:38,402.75,724407
2021-06-03 09:16:41,402.35,736687
2021-06-03 09:16:42,402.6,740232
2021-06-03 09:16:43,402.25,742922
2021-06-03 09:16:44,402.3,750101
2021-06-03 09:16:45,402.35,752877
2021-06-03 09:16:46,402.45,755605
2021-06-03 09:16:47,402.35,760361
2021-06-03 09:16:48,402.4,761619
2021-06-03 09:16:49,402.0,774181
2021-06-03 09:16:50,402.05,774898
2021-06-03 09:16:51,402.25,775689
2021-06-03 09:16:52,402.25,779645
2021-06-03 09:16:53,402.15,780757
2021-06-03 09:16:55,402.55,783897
2021-06-03 09:16:56,402.8,790354
2021-06-03 09:16:57,402.75,790845
2021-06-03 09:16:58,402.7,793513
2021-06-03 09:16:59,402.6,793940
2021-06-03 09:17:00,402.65,795272
2021-06-03 09:17:01,402.8,795427
2021-06-03 09:17:02,402.45,797653
2021-06-03 09:17:03,402.55,801020
2021-06-03 09:17:03,402.5,800884
2021-06-03 09:17:04,402.5,802560
2021-06-03 09:17:05,402.3,804637
2021-06-03 09:17:06,402.4,822048
2021-06-03 09:17:07,402.45,823723
2021-06-03 09:17:08,402.6,826606
2021-06-03 09:17:09,402.5,833073
2021-06-03 09:17:10,402.55,834014
2021-06-03 09:17:11,402.5,835026
2021-06-03 09:17:12,402.65,838085
2021-06-03 09:17:13,402.35,840412
2021-06-03 09:17:14,402.5,841911
2021-06-03 09:17:15,402.75,847068
2021-06-03 09:17:17,402.7,847924
2021-06-03 09:17:18,402.65,849033
2021-06-03 09:17:19,402.75,849263
2021-06-03 09:17:20,402.55,851153
2021-06-03 09:17:21,402.55,851624
2021-06-03 09:17:22,402.85,852269
2021-06-03 09:17:23,403.15,869509
2021-06-03 09:17:24,403.2,870484
2021-06-03 09:17:25,403.5,870937
2021-06-03 09:17:26,403.25,875150
2021-06-03 09:17:27,403.4,875930
2021-06-03 09:17:28,403.35,878724
2021-06-03 09:17:29,403.45,880075
2021-06-03 09:17:30,403.5,885635
2021-06-03 09:17:31,403.5,886165
2021-06-03 09:17:32,403.55,887322
2021-06-03 09:17:32,403.65,888450
2021-06-03 09:17:33,403.4,890798
2021-06-03 09:17:34,403.6,896615
2021-06-03 09:17:35,403.65,897455
2021-06-03 09:17:37,403.2,911924
2021-06-03 09:17:37,403.5,912374
2021-06-03 09:17:38,403.8,918020
2021-06-03 09:17:39,403.5,918481
2021-06-03 09:17:40,403.5,919682
2021-06-03 09:17:41,403.75,920517
2021-06-03 09:17:42,403.75,920959
2021-06-03 09:17:43,403.85,922166
2021-06-03 09:17:44,403.65,927801
2021-06-03 09:17:45,403.55,928768
2021-06-03 09:17:46,403.9,929848
2021-06-03 09:17:47,403.9,931026
2021-06-03 09:17:49,403.95,934028
2021-06-03 09:17:50,403.75,935148
2021-06-03 09:17:51,403.9,936650
2021-06-03 09:17:52,403.9,937913
2021-06-03 09:17:53,403.95,940143
2021-06-03 09:17:54,403.9,941049
2021-06-03 09:17:55,404.0,942351
2021-06-03 09:17:56,403.95,943977
2021-06-03 09:17:57,404.0,947730
2021-06-03 09:17:58,404.0,948513
2021-06-03 09:17:59,403.95,957140
2021-06-03 09:18:00,404.15,960690
2021-06-03 09:18:01,404.0,962672
2021-06-03 09:18:02,404.25,965583
2021-06-03 09:18:03,404.2,968963
2021-06-03 09:18:04,404.35,974065
2021-06-03 09:18:05,404.4,977375
2021-06-03 09:18:06,403.9,987705
2021-06-03 09:18:07,404.15,990038
2021-06-03 09:18:08,404.1,992101
2021-06-03 09:18:09,404.1,993526
2021-06-03 09:18:10,404.15,995919
2021-06-03 09:18:11,404.25,1001912
2021-06-03 09:18:12,404.05,1003169
2021-06-03 09:18:13,404.35,1005036
2021-06-03 09:18:14,404.35,1005506
2021-06-03 09:18:15,404.25,1008370
2021-06-03 09:18:15,404.25,1008872
2021-06-03 09:18:16,404.35,1014267
2021-06-03 09:18:17,404.35,1016019
2021-06-03 09:18:18,404.4,1018037
2021-06-03 09:18:19,404.3,1019570
2021-06-03 09:18:20,404.3,1020471
2021-06-03 09:18:21,404.5,1022910
2021-06-03 09:18:22,404.45,1023442
2021-06-03 09:18:23,404.5,1024206
2021-06-03 09:18:24,404.5,1025977
2021-06-03 09:18:25,404.5,1026564
2021-06-03 09:18:27,404.3,1031417
2021-06-03 09:18:28,404.55,1032373
2021-06-03 09:18:29,404.6,1034354
2021-06-03 09:18:30,404.45,1036065
2021-06-03 09:18:31,404.4,1039029
2021-06-03 09:18:32,404.5,1040236
2021-06-03 09:18:33,404.5,1041060
2021-06-03 09:18:34,404.4,1044256
2021-06-03 09:18:35,404.7,1047371
2021-06-03 09:18:37,404.5,1048908
2021-06-03 09:18:37,404.5,1049628
2021-06-03 09:18:38,404.7,1051110
2021-06-03 09:18:40,404.5,1055784
2021-06-03 09:18:40,404.65,1056966
2021-06-03 09:18:43,404.5,1075983
2021-06-03 09:18:44,404.35,1078189
2021-06-03 09:18:45,404.5,1080041
2021-06-03 09:18:47,404.35,1082584
2021-06-03 09:18:48,404.2,1086328
2021-06-03 09:18:49,404.5,1088477
2021-06-03 09:18:50,403.95,1120098
2021-06-03 09:18:51,404.15,1121234
2021-06-03 09:18:52,404.25,1123175
2021-06-03 09:18:53,404.2,1123976
2021-06-03 09:18:54,404.25,1126532
2021-06-03 09:18:55,404.45,1128568
2021-06-03 09:18:56,404.45,1129068
2021-06-03 09:18:57,404.2,1129597
2021-06-03 09:18:58,404.3,1130943
2021-06-03 09:18:59,404.35,1132894
2021-06-03 09:19:00,404.1,1136408
2021-06-03 09:19:01,404.35,1140422
2021-06-03 09:19:01,404.45,1140473
2021-06-03 09:19:02,404.05,1143417
2021-06-03 09:19:04,404.2,1145282
2021-06-03 09:19:05,404.35,1149480
2021-06-03 09:19:06,404.1,1149672
2021-06-03 09:19:07,404.3,1152449
2021-06-03 09:19:08,404.0,1156037
2021-06-03 09:19:09,404.3,1157183
2021-06-03 09:19:10,404.15,1158485
2021-06-03 09:19:11,404.35,1160474
2021-06-03 09:19:12,404.1,1163438
2021-06-03 09:19:13,404.2,1164099
2021-06-03 09:19:14,404.2,1164604
2021-06-03 09:19:15,404.4,1167312
2021-06-03 09:19:16,403.95,1193026
2021-06-03 09:19:17,403.95,1196096
2021-06-03 09:19:18,403.8,1222429
2021-06-03 09:19:19,403.45,1224421
2021-06-03 09:19:20,403.8,1225725
2021-06-03 09:19:21,403.8,1226423
2021-06-03 09:19:22,403.7,1226841
2021-06-03 09:19:23,403.6,1228558
2021-06-03 09:19:24,403.65,1229256
2021-06-03 09:19:25,403.8,1230863
2021-06-03 09:19:26,403.85,1233660
2021-06-03 09:19:26,403.8,1232645
2021-06-03 09:19:27,403.8,1237224
2021-06-03 09:19:28,403.75,1237997
2021-06-03 09:19:29,404.0,1239160
2021-06-03 09:19:30,404.0,1240366
2021-06-03 09:19:32,404.0,1242082
2021-06-03 09:19:32,404.0,1243459
2021-06-03 09:19:34,404.0,1248423
2021-06-03 09:19:35,404.0,1249495
2021-06-03 09:19:36,403.8,1251864
2021-06-03 09:19:37,403.95,1252992
2021-06-03 09:19:38,404.0,1254045
2021-06-03 09:19:39,404.0,1254626
2021-06-03 09:19:40,403.95,1255738
2021-06-03 09:19:41,403.8,1262172
2021-06-03 09:19:41,403.95,1262272
2021-06-03 09:19:42,403.95,1265587
2021-06-03 09:19:43,403.85,1265775
2021-06-03 09:19:44,403.75,1267018
2021-06-03 09:19:45,403.8,1267978
2021-06-03 09:19:46,404.0,1268775
2021-06-03 09:19:47,403.95,1269211
2021-06-03 09:19:49,403.8,1270244
2021-06-03 09:19:50,403.9,1275456
2021-06-03 09:19:51,404.05,1276409
2021-06-03 09:19:52,404.0,1279563
2021-06-03 09:19:53,404.0,1279955
2021-06-03 09:19:54,404.2,1289255
2021-06-03 09:19:55,404.1,1291124
2021-06-03 09:19:56,404.25,1292265
2021-06-03 09:19:57,404.25,1298545
2021-06-03 09:19:58,404.25,1299578
2021-06-03 09:19:59,404.3,1308370
2021-06-03 09:20:00,404.5,1309224
2021-06-03 09:20:01,404.5,1311367
2021-06-03 09:20:02,404.25,1313204
2021-06-03 09:20:02,404.5,1314804
2021-06-03 09:20:03,404.25,1315892
2021-06-03 09:20:05,404.25,1319289
2021-06-03 09:20:05,404.25,1320840
2021-06-03 09:20:07,404.35,1321598
2021-06-03 09:20:07,404.2,1321942
2021-06-03 09:20:09,404.2,1323192
2021-06-03 09:20:10,404.5,1324288
2021-06-03 09:20:11,404.25,1325063
2021-06-03 09:20:12,404.1,1330163
2021-06-03 09:20:13,404.2,1330880
2021-06-03 09:20:14,404.25,1332275
2021-06-03 09:20:15,404.3,1333238
2021-06-03 09:20:16,404.45,1333553
2021-06-03 09:20:17,404.45,1335127
2021-06-03 09:20:18,404.5,1336225
2021-06-03 09:20:19,404.1,1340321
2021-06-03 09:20:20,404.1,1341725
2021-06-03 09:20:21,404.2,1342854
2021-06-03 09:20:21,404.2,1342874
2021-06-03 09:20:22,404.2,1350762
2021-06-03 09:20:23,404.1,1356735
2021-06-03 09:20:24,404.0,1358120
2021-06-03 09:20:26,404.0,1360034
2021-06-03 09:20:27,403.7,1376331
2021-06-03 09:20:29,403.7,1382784
2021-06-03 09:20:30,403.75,1401346
2021-06-03 09:20:31,403.8,1405026
2021-06-03 09:20:32,403.75,1406151
2021-06-03 09:20:32,403.8,1405814
2021-06-03 09:20:33,403.85,1412178
2021-06-03 09:20:34,403.65,1412480
2021-06-03 09:20:36,403.75,1414081
2021-06-03 09:20:37,403.9,1415322
2021-06-03 09:20:38,403.9,1417119
2021-06-03 09:20:39,403.7,1417407
2021-06-03 09:20:40,403.95,1419017
2021-06-03 09:20:41,403.7,1421220
2021-06-03 09:20:42,403.75,1421420
2021-06-03 09:20:43,403.95,1421540
2021-06-03 09:20:44,404.0,1422558
2021-06-03 09:20:45,403.8,1424176
2021-06-03 09:20:46,403.7,1429935
2021-06-03 09:20:47,403.6,1435981
2021-06-03 09:20:48,403.6,1437497
2021-06-03 09:20:49,403.65,1439528
2021-06-03 09:20:50,403.6,1440294
2021-06-03 09:20:51,403.75,1441069
2021-06-03 09:20:52,403.4,1441934
2021-06-03 09:20:53,403.4,1442004
2021-06-03 09:20:54,403.65,1443071
2021-06-03 09:20:55,403.5,1443471
2021-06-03 09:20:56,403.35,1444464
2021-06-03 09:20:57,403.45,1447130
2021-06-03 09:20:58,403.25,1448355
2021-06-03 09:20:59,403.5,1449893
2021-06-03 09:21:00,403.6,1450532
2021-06-03 09:21:01,403.45,1453054
2021-06-03 09:21:02,403.5,1453591
2021-06-03 09:21:03,403.5,1458554
2021-06-03 09:21:04,403.25,1459338
2021-06-03 09:21:06,403.3,1465191
2021-06-03 09:21:05,403.3,1464457
2021-06-03 09:21:07,402.95,1514351
2021-06-03 09:21:08,402.95,1544791
2021-06-03 09:21:09,402.7,1545830
2021-06-03 09:21:10,402.85,1547327
2021-06-03 09:21:11,402.85,1547747
2021-06-03 09:21:12,402.85,1548071
2021-06-03 09:21:13,402.7,1549160
2021-06-03 09:21:14,402.65,1550182
2021-06-03 09:21:16,402.85,1551941
2021-06-03 09:21:15,402.6,1551796
2021-06-03 09:21:17,402.8,1554575
2021-06-03 09:21:18,402.8,1555304
2021-06-03 09:21:19,402.7,1556795
2021-06-03 09:21:21,402.5,1557035
2021-06-03 09:21:20,402.65,1556990
2021-06-03 09:21:22,402.7,1557468
2021-06-03 09:21:23,402.5,1558667
2021-06-03 09:21:24,402.8,1560420
2021-06-03 09:21:25,402.75,1561796
2021-06-03 09:21:26,402.75,1561801
2021-06-03 09:21:27,402.75,1562442
2021-06-03 09:21:28,402.75,1564339
2021-06-03 09:21:29,402.95,1565301
2021-06-03 09:21:30,403.3,1582583
2021-06-03 09:21:31,403.3,1582588
2021-06-03 09:21:32,403.4,1586221
2021-06-03 09:21:33,403.4,1587505
2021-06-03 09:21:34,403.0,1600981
2021-06-03 09:21:35,403.1,1601759
2021-06-03 09:21:37,403.15,1602601
2021-06-03 09:21:36,403.15,1602601
2021-06-03 09:21:38,402.9,1602801
2021-06-03 09:21:39,403.05,1603213
2021-06-03 09:21:40,402.9,1604061
2021-06-03 09:21:41,403.2,1605486
2021-06-03 09:21:42,403.0,1605506
2021-06-03 09:21:43,403.15,1609084
2021-06-03 09:21:44,403.25,1609221
2021-06-03 09:21:45,403.25,1609322
2021-06-03 09:21:46,403.4,1610164
2021-06-03 09:21:47,403.4,1610264
2021-06-03 09:21:48,403.3,1614532
2021-06-03 09:21:49,403.45,1616107
2021-06-03 09:21:50,403.5,1616720
2021-06-03 09:21:51,403.3,1620021
2021-06-03 09:21:52,403.3,1620753
2021-06-03 09:21:53,403.3,1620853
2021-06-03 09:21:54,403.4,1622068
2021-06-03 09:21:55,403.5,1623458
2021-06-03 09:21:56,403.3,1623766
2021-06-03 09:21:57,403.35,1625077
2021-06-03 09:21:58,403.35,1625077
2021-06-03 09:21:59,403.45,1625404
2021-06-03 09:22:00,403.5,1626014
2021-06-03 09:22:01,403.7,1627484
2021-06-03 09:22:02,403.55,1627613
2021-06-03 09:22:04,403.5,1628711
2021-06-03 09:22:05,403.7,1631056
2021-06-03 09:22:06,403.5,1633954
2021-06-03 09:22:07,403.55,1635144
2021-06-03 09:22:08,403.75,1635647
2021-06-03 09:22:09,403.75,1635697
2021-06-03 09:22:10,403.75,1636797
2021-06-03 09:22:11,403.45,1644487
2021-06-03 09:22:12,403.45,1644927
2021-06-03 09:22:13,403.35,1648827
2021-06-03 09:22:14,403.3,1649255
2021-06-03 09:22:15,402.7,1674749
2021-06-03 09:22:16,402.75,1678572
2021-06-03 09:22:17,402.65,1701800
2021-06-03 09:22:18,402.55,1710376
2021-06-03 09:22:19,402.4,1711693
2021-06-03 09:22:20,402.55,1712185
2021-06-03 09:22:21,402.5,1716333
2021-06-03 09:22:22,402.4,1716989
2021-06-03 09:22:23,402.4,1717699
2021-06-03 09:22:24,402.55,1718377
2021-06-03 09:22:25,402.55,1718584
2021-06-03 09:22:26,402.4,1720852
2021-06-03 09:22:27,402.6,1724086
2021-06-03 09:22:28,402.65,1724443
2021-06-03 09:22:29,402.5,1726099
2021-06-03 09:22:30,402.3,1727591
2021-06-03 09:22:31,402.4,1728299
2021-06-03 09:22:32,402.5,1730329
2021-06-03 09:22:33,402.5,1730779
2021-06-03 09:22:34,402.4,1731101
2021-06-03 09:22:35,402.5,1732238
2021-06-03 09:22:36,402.45,1733238
2021-06-03 09:22:38,402.85,1734322
2021-06-03 09:22:39,402.8,1736343
2021-06-03 09:22:40,402.65,1737015
2021-06-03 09:22:41,402.6,1737325
2021-06-03 09:22:42,402.2,1794380
2021-06-03 09:22:43,402.3,1797770
2021-06-03 09:22:44,402.3,1799000
2021-06-03 09:22:45,402.45,1800920
2021-06-03 09:22:46,402.25,1802675
2021-06-03 09:22:47,402.2,1803506
2021-06-03 09:22:48,402.45,1803751
2021-06-03 09:22:49,402.45,1803895
2021-06-03 09:22:51,402.25,1805454
2021-06-03 09:22:51,402.4,1805456
2021-06-03 09:22:52,402.45,1806314
2021-06-03 09:22:53,402.5,1808145
2021-06-03 09:22:54,402.65,1810560
2021-06-03 09:22:56,402.6,1811871
2021-06-03 09:22:56,402.5,1811976
2021-06-03 09:22:57,402.45,1812554
2021-06-03 09:22:58,402.5,1812933
2021-06-03 09:22:59,402.65,1814818
2021-06-03 09:23:01,402.5,1817111
2021-06-03 09:23:01,402.7,1816141
2021-06-03 09:23:02,402.65,1819152
2021-06-03 09:23:03,402.65,1820495
2021-06-03 09:23:04,402.5,1823251
2021-06-03 09:23:06,402.5,1825118
2021-06-03 09:23:06,402.65,1824866
2021-06-03 09:23:07,402.45,1828829
2021-06-03 09:23:08,402.5,1830703
2021-06-03 09:23:09,402.45,1831194
2021-06-03 09:23:11,402.4,1832928
2021-06-03 09:23:12,402.6,1834266
2021-06-03 09:23:13,402.5,1834666
2021-06-03 09:23:14,402.5,1836812
2021-06-03 09:23:15,402.5,1837235
2021-06-03 09:23:17,402.5,1838274
2021-06-03 09:23:17,402.5,1838274
2021-06-03 09:23:18,402.45,1839128
2021-06-03 09:23:19,402.45,1840465
2021-06-03 09:23:20,402.35,1846898
2021-06-03 09:23:21,402.5,1848199
2021-06-03 09:23:23,402.35,1853288
2021-06-03 09:23:23,402.45,1853591
2021-06-03 09:23:24,402.3,1900881
2021-06-03 09:23:25,402.25,1902158
2021-06-03 09:23:26,402.3,1902965
2021-06-03 09:23:27,402.45,1903670
2021-06-03 09:23:29,402.4,1905250
2021-06-03 09:23:29,402.4,1905250
2021-06-03 09:23:30,402.25,1905742
2021-06-03 09:23:31,402.25,1909929
2021-06-03 09:23:32,402.2,1910869
2021-06-03 09:23:34,402.35,1911441
2021-06-03 09:23:34,402.35,1911441
2021-06-03 09:23:35,402.4,1913607
2021-06-03 09:23:36,402.4,1913638
2021-06-03 09:23:39,402.3,1917132
2021-06-03 09:23:39,402.35,1917112
2021-06-03 09:23:41,402.35,1922872
2021-06-03 09:23:42,402.25,1923253
2021-06-03 09:23:44,401.75,2027577
2021-06-03 09:23:44,401.55,2027561
2021-06-03 09:23:45,401.75,2034899
2021-06-03 09:23:46,401.55,2035467
2021-06-03 09:23:47,401.45,2036984
2021-06-03 09:23:49,401.65,2037754
2021-06-03 09:23:50,401.7,2038415
2021-06-03 09:23:50,401.7,2038417
2021-06-03 09:23:51,401.7,2039560
2021-06-03 09:23:52,401.5,2048380
2021-06-03 09:23:53,401.8,2057608
2021-06-03 09:23:55,401.75,2062490
2021-06-03 09:23:56,401.7,2062800
2021-06-03 09:23:56,401.6,2062985
2021-06-03 09:23:57,401.75,2066367
2021-06-03 09:23:58,401.95,2068940
2021-06-03 09:23:59,401.8,2070103
2021-06-03 09:24:01,401.85,2072737
2021-06-03 09:24:02,401.95,2072808
2021-06-03 09:24:03,401.8,2074749
2021-06-03 09:24:04,401.9,2075914
2021-06-03 09:24:05,401.85,2076931
2021-06-03 09:24:07,401.85,2079017
2021-06-03 09:24:07,401.95,2080895
2021-06-03 09:24:09,401.85,2083550
2021-06-03 09:24:10,402.0,2085284
2021-06-03 09:24:11,402.0,2086164
2021-06-03 09:24:13,401.75,2088590
2021-06-03 09:24:14,401.8,2089570
2021-06-03 09:24:14,401.85,2091570
2021-06-03 09:24:15,401.7,2097636
2021-06-03 09:24:16,401.8,2098152
2021-06-03 09:24:17,401.8,2099539
2021-06-03 09:24:19,401.45,2105772
2021-06-03 09:24:19,401.5,2105807
2021-06-03 09:24:20,401.4,2109877
2021-06-03 09:24:21,401.4,2110473
2021-06-03 09:24:22,401.3,2118982
2021-06-03 09:24:24,401.1,2122942
2021-06-03 09:24:24,401.1,2122942
2021-06-03 09:24:25,401.2,2124427
2021-06-03 09:24:26,401.5,2127358
2021-06-03 09:24:27,401.5,2129874
2021-06-03 09:24:29,401.3,2134566
2021-06-03 09:24:31,401.55,2140130
2021-06-03 09:24:32,401.75,2143716
2021-06-03 09:24:34,401.65,2145567
2021-06-03 09:24:34,401.5,2144876
2021-06-03 09:24:35,401.55,2147943
2021-06-03 09:24:36,401.55,2149571
2021-06-03 09:24:37,401.65,2151761
2021-06-03 09:24:38,401.75,2153474
2021-06-03 09:24:40,401.7,2154054
2021-06-03 09:24:40,401.7,2154054
2021-06-03 09:24:41,401.55,2154375
2021-06-03 09:24:42,401.65,2155457
2021-06-03 09:24:43,401.75,2158124
2021-06-03 09:24:45,401.55,2158303
2021-06-03 09:24:45,401.8,2158464
2021-06-03 09:24:47,401.8,2159415
2021-06-03 09:24:48,401.75,2160429
2021-06-03 09:24:50,401.75,2162832
2021-06-03 09:24:50,401.75,2162832
2021-06-03 09:24:51,401.8,2164105
2021-06-03 09:24:52,401.7,2164331
2021-06-03 09:24:53,401.7,2164974
2021-06-03 09:24:55,401.6,2166140
2021-06-03 09:24:55,401.7,2166862
2021-06-03 09:24:56,401.7,2168047
2021-06-03 09:24:57,401.55,2174523
2021-06-03 09:24:59,401.6,2174848
2021-06-03 09:25:00,401.4,2175584
2021-06-03 09:25:01,401.5,2175991
2021-06-03 09:25:01,401.65,2175993
2021-06-03 09:25:02,401.8,2180605
2021-06-03 09:25:03,401.7,2181085
2021-06-03 09:25:05,401.6,2181772
2021-06-03 09:25:06,401.6,2182003
2021-06-03 09:25:06,401.6,2182003
2021-06-03 09:25:07,401.7,2183547
2021-06-03 09:25:08,401.85,2185413
2021-06-03 09:25:10,401.6,2190381
2021-06-03 09:25:11,401.75,2191290
2021-06-03 09:25:11,401.6,2191454
2021-06-03 09:25:12,401.7,2191712
2021-06-03 09:25:13,401.6,2194936
2021-06-03 09:25:14,401.6,2195439
2021-06-03 09:25:16,401.65,2195925
2021-06-03 09:25:17,400.95,2284920
2021-06-03 09:25:17,400.95,2285040
2021-06-03 09:25:18,400.8,2287816
2021-06-03 09:25:19,400.95,2290691
2021-06-03 09:25:20,400.9,2295152
2021-06-03 09:25:21,400.75,2296572
2021-06-03 09:25:22,400.7,2298253
2021-06-03 09:25:24,401.05,2316127
2021-06-03 09:25:25,401.15,2318715
2021-06-03 09:25:26,401.4,2319592
2021-06-03 09:25:27,401.15,2320223
2021-06-03 09:25:28,401.45,2321374
2021-06-03 09:25:28,401.45,2321374
2021-06-03 09:25:29,401.3,2332995
2021-06-03 09:25:30,401.25,2334294
2021-06-03 09:25:32,401.1,2334614
2021-06-03 09:25:33,401.0,2339524
2021-06-03 09:25:34,401.2,2339924
2021-06-03 09:25:34,401.0,2340039
2021-06-03 09:25:35,401.1,2340679
2021-06-03 09:25:36,401.35,2342217
2021-06-03 09:25:37,401.2,2342904
2021-06-03 09:25:39,401.0,2344102
2021-06-03 09:25:40,401.2,2345142
2021-06-03 09:25:41,401.0,2345427
2021-06-03 09:25:41,401.0,2345427
2021-06-03 09:25:42,401.1,2348831
2021-06-03 09:25:43,401.1,2349432
2021-06-03 09:25:44,401.15,2349677
2021-06-03 09:25:45,401.1,2349873
2021-06-03 09:25:47,401.2,2350001
2021-06-03 09:25:48,401.1,2350357
2021-06-03 09:25:48,401.25,2350674
2021-06-03 09:25:49,401.3,2351828
2021-06-03 09:25:50,401.15,2352235
2021-06-03 09:25:52,401.1,2353345
2021-06-03 09:25:53,401.35,2355571
2021-06-03 09:25:53,401.35,2355571
2021-06-03 09:25:54,401.3,2356359
2021-06-03 09:25:55,401.4,2356637
2021-06-03 09:25:56,401.3,2357151
2021-06-03 09:25:57,401.45,2358378
2021-06-03 09:25:58,401.45,2358663
2021-06-03 09:25:59,401.3,2359024
2021-06-03 09:26:00,401.3,2360485
2021-06-03 09:26:02,401.35,2361166
2021-06-03 09:26:03,401.25,2362117
2021-06-03 09:26:03,401.25,2362117
2021-06-03 09:26:05,401.5,2362724
2021-06-03 09:26:06,401.5,2363723
2021-06-03 09:26:07,401.45,2365463
2021-06-03 09:26:08,401.5,2369962
2021-06-03 09:26:09,401.55,2370453
2021-06-03 09:26:10,401.5,2371483
2021-06-03 09:26:11,401.5,2371657
2021-06-03 09:26:12,401.5,2372476
2021-06-03 09:26:13,401.3,2377952
2021-06-03 09:26:13,401.3,2376952
2021-06-03 09:26:14,401.25,2380552
2021-06-03 09:26:15,401.4,2382900
2021-06-03 09:26:16,401.4,2383231
2021-06-03 09:26:17,401.45,2384978
2021-06-03 09:26:18,401.45,2386154
2021-06-03 09:26:19,401.4,2386850
2021-06-03 09:26:20,401.45,2388125
2021-06-03 09:26:21,401.3,2389090
2021-06-03 09:26:22,401.4,2389200
2021-06-03 09:26:23,401.4,2389959
2021-06-03 09:26:24,401.3,2393246
2021-06-03 09:26:25,401.4,2393371
2021-06-03 09:26:26,401.35,2394728
2021-06-03 09:26:28,401.35,2404053
2021-06-03 09:26:29,401.5,2409958
2021-06-03 09:26:30,401.1,2418593
2021-06-03 09:26:31,401.3,2419384
2021-06-03 09:26:32,401.0,2420182
2021-06-03 09:26:34,401.1,2421149
2021-06-03 09:26:35,400.7,2480592
2021-06-03 09:26:36,400.8,2486969
2021-06-03 09:26:37,400.75,2487170
2021-06-03 09:26:38,400.7,2487263
2021-06-03 09:26:39,400.75,2489165
2021-06-03 09:26:40,400.55,2489399
2021-06-03 09:26:41,400.55,2489802
2021-06-03 09:26:43,400.65,2490950
2021-06-03 09:26:43,400.65,2490950
2021-06-03 09:26:44,400.65,2491385
2021-06-03 09:26:45,400.7,2491716
2021-06-03 09:26:46,400.7,2493777
2021-06-03 09:26:47,400.7,2495060
2021-06-03 09:26:48,400.65,2495352
2021-06-03 09:26:49,400.7,2495701
2021-06-03 09:26:50,400.75,2495829
2021-06-03 09:26:51,400.7,2495960
2021-06-03 09:26:52,400.75,2496469
2021-06-03 09:26:53,400.7,2497884
2021-06-03 09:26:54,400.5,2501647
2021-06-03 09:26:55,400.75,2502420
2021-06-03 09:26:56,400.65,2503587
2021-06-03 09:26:57,400.75,2503667
2021-06-03 09:26:59,400.85,2505688
2021-06-03 09:27:00,400.55,2506274
2021-06-03 09:27:01,400.75,2508093
2021-06-03 09:27:02,400.55,2508865
2021-06-03 09:27:03,400.75,2509939
2021-06-03 09:27:04,400.75,2510646
2021-06-03 09:27:05,400.5,2513207
2021-06-03 09:27:06,400.55,2513314
2021-06-03 09:27:06,400.5,2516086
2021-06-03 09:27:07,400.65,2516496
2021-06-03 09:27:08,400.75,2517154
2021-06-03 09:27:09,400.75,2517738
2021-06-03 09:27:11,400.65,2519554
2021-06-03 09:27:12,400.75,2520110
2021-06-03 09:27:14,400.8,2520640
2021-06-03 09:27:15,400.95,2520903
2021-06-03 09:27:16,400.95,2521639
2021-06-03 09:27:17,400.85,2525748
2021-06-03 09:27:18,400.75,2526423
2021-06-03 09:27:19,400.85,2530091
2021-06-03 09:27:20,400.75,2532287
2021-06-03 09:27:21,400.8,2533837
2021-06-03 09:27:23,400.6,2534376
2021-06-03 09:27:24,400.7,2534870
2021-06-03 09:27:25,400.75,2536259
2021-06-03 09:27:26,400.65,2536678
2021-06-03 09:27:27,400.75,2537214
2021-06-03 09:27:28,400.6,2538012
2021-06-03 09:27:29,400.75,2538593
2021-06-03 09:27:29,400.75,2538078
2021-06-03 09:27:30,400.75,2539199
2021-06-03 09:27:31,400.65,2539536
2021-06-03 09:27:32,400.6,2542830
2021-06-03 09:27:33,400.75,2543346
2021-06-03 09:27:34,400.75,2545506
2021-06-03 09:27:35,400.6,2548052
2021-06-03 09:27:36,400.65,2550144
2021-06-03 09:27:37,400.55,2570494
2021-06-03 09:27:38,400.55,2570741
2021-06-03 09:27:39,400.65,2571969
2021-06-03 09:27:40,400.4,2574765
2021-06-03 09:27:41,400.7,2576545
2021-06-03 09:27:42,400.45,2576744
2021-06-03 09:27:44,400.55,2578062
2021-06-03 09:27:46,400.7,2580171
2021-06-03 09:27:47,400.7,2580341
2021-06-03 09:27:48,400.55,2580544
2021-06-03 09:27:49,400.55,2581075
2021-06-03 09:27:51,400.7,2581587
2021-06-03 09:27:52,400.7,2582096
2021-06-03 09:27:53,400.7,2582989
2021-06-03 09:27:54,400.7,2582994
2021-06-03 09:27:55,400.7,2583003
2021-06-03 09:27:55,400.7,2583206
2021-06-03 09:27:56,400.7,2585275
2021-06-03 09:27:57,400.8,2585590
2021-06-03 09:27:58,400.85,2600739
2021-06-03 09:27:59,400.95,2601230
2021-06-03 09:28:00,401.1,2602319
2021-06-03 09:28:02,401.1,2603676
2021-06-03 09:28:03,401.1,2603981
2021-06-03 09:28:04,401.1,2604716
2021-06-03 09:28:05,401.2,2605952
2021-06-03 09:28:06,401.3,2606734
2021-06-03 09:28:07,401.35,2606864
2021-06-03 09:28:08,401.4,2608848
2021-06-03 09:28:09,401.45,2611373
2021-06-03 09:28:10,401.4,2612159
2021-06-03 09:28:11,401.25,2612563
2021-06-03 09:28:12,401.35,2613019
2021-06-03 09:28:13,401.35,2614236
2021-06-03 09:28:14,401.35,2614673
2021-06-03 09:28:15,401.35,2614807
2021-06-03 09:28:16,401.3,2616186
2021-06-03 09:28:17,401.4,2616413
2021-06-03 09:28:18,401.25,2617017
2021-06-03 09:28:19,401.25,2617558
2021-06-03 09:28:20,401.0,2623172
2021-06-03 09:28:22,401.05,2623454
2021-06-03 09:28:23,400.9,2624775
2021-06-03 09:28:24,401.1,2625327
2021-06-03 09:28:25,400.8,2630999
2021-06-03 09:28:26,400.6,2632847
2021-06-03 09:28:27,400.7,2634374
2021-06-03 09:28:28,400.55,2634509
2021-06-03 09:28:28,400.55,2634709
2021-06-03 09:28:29,400.7,2634854
2021-06-03 09:28:30,400.7,2635331
2021-06-03 09:28:31,400.75,2635794
2021-06-03 09:28:33,400.75,2636095
2021-06-03 09:28:34,400.55,2639506
2021-06-03 09:28:35,400.55,2640236
2021-06-03 09:28:36,400.5,2653244
2021-06-03 09:28:37,400.55,2654491
2021-06-03 09:28:38,400.5,2654789
2021-06-03 09:28:39,400.5,2657869
2021-06-03 09:28:40,400.55,2658017
2021-06-03 09:28:41,400.75,2658297
2021-06-03 09:28:42,400.75,2658573
2021-06-03 09:28:43,400.95,2659726
2021-06-03 09:28:44,400.7,2660726
2021-06-03 09:28:45,400.9,2661545
2021-06-03 09:28:47,401.0,2664096
2021-06-03 09:28:48,400.85,2664892
2021-06-03 09:28:49,400.8,2665642
2021-06-03 09:28:50,400.95,2665652
2021-06-03 09:28:51,401.0,2671753
2021-06-03 09:28:52,400.8,2672591
2021-06-03 09:28:53,400.9,2672875
2021-06-03 09:28:54,400.9,2673025
2021-06-03 09:28:55,400.8,2673224
2021-06-03 09:28:56,400.95,2673324
2021-06-03 09:28:57,400.9,2673801
2021-06-03 09:28:58,400.9,2673861
2021-06-03 09:28:59,400.9,2674018
2021-06-03 09:29:00,400.8,2677866
2021-06-03 09:29:01,400.85,2678316
2021-06-03 09:29:02,400.9,2678700
2021-06-03 09:29:02,400.9,2678500
2021-06-03 09:29:03,400.8,2678925
2021-06-03 09:29:05,400.65,2682677
2021-06-03 09:29:06,400.65,2683172
2021-06-03 09:29:07,400.55,2683973
2021-06-03 09:29:08,400.75,2684373
2021-06-03 09:29:09,400.65,2684406
2021-06-03 09:29:10,400.55,2685256
2021-06-03 09:29:11,400.75,2685553
2021-06-03 09:29:12,400.75,2686715
2021-06-03 09:29:13,400.6,2686790
2021-06-03 09:29:13,400.6,2686790
2021-06-03 09:29:15,400.55,2687890
2021-06-03 09:29:16,400.25,2754023
2021-06-03 09:29:17,400.6,2756913
2021-06-03 09:29:18,400.6,2757419
2021-06-03 09:29:19,400.5,2757749
2021-06-03 09:29:20,400.55,2757759
2021-06-03 09:29:22,400.5,2758603
2021-06-03 09:29:23,400.55,2760288
2021-06-03 09:29:23,400.55,2760288
2021-06-03 09:29:24,400.6,2762399
2021-06-03 09:29:25,400.6,2763638
2021-06-03 09:29:26,400.6,2764259
2021-06-03 09:29:27,400.5,2764841
2021-06-03 09:29:29,400.5,2765273
2021-06-03 09:29:30,400.3,2765702
2021-06-03 09:29:31,400.6,2767004
2021-06-03 09:29:32,400.45,2767890
2021-06-03 09:29:33,400.6,2768062
2021-06-03 09:29:34,400.6,2768252
2021-06-03 09:29:35,400.5,2768282
2021-06-03 09:29:36,400.6,2769367
2021-06-03 09:29:37,400.6,2769987
2021-06-03 09:29:38,400.6,2770581
2021-06-03 09:29:39,400.55,2770673
2021-06-03 09:29:40,400.75,2771786
2021-06-03 09:29:41,400.7,2772086
2021-06-03 09:29:42,400.6,2772751
2021-06-03 09:29:43,400.75,2773179
2021-06-03 09:29:44,400.7,2773490
2021-06-03 09:29:46,400.8,2774757
2021-06-03 09:29:47,400.95,2775887
2021-06-03 09:29:48,400.8,2775921
2021-06-03 09:29:48,400.8,2775921
2021-06-03 09:29:49,400.8,2776055
2021-06-03 09:29:50,400.95,2777090
2021-06-03 09:29:52,401.1,2779846
2021-06-03 09:29:53,401.25,2781938
2021-06-03 09:29:54,401.35,2782745
2021-06-03 09:29:55,401.15,2782981
2021-06-03 09:29:56,401.15,2783059
2021-06-03 09:29:57,401.0,2784476
2021-06-03 09:29:58,401.05,2784787
2021-06-03 09:29:59,401.15,2796018
2021-06-03 09:29:59,401.05,2796015
2021-06-03 09:30:01,401.0,2796472
2021-06-03 09:30:02,401.0,2796593
2021-06-03 09:30:03,401.3,2797826
2021-06-03 09:30:04,401.2,2798191
2021-06-03 09:30:05,401.25,2799011
2021-06-03 09:30:06,401.3,2799538
2021-06-03 09:30:07,400.85,2804994
2021-06-03 09:30:08,400.9,2805616
2021-06-03 09:30:09,400.95,2806292
2021-06-03 09:30:10,400.75,2807345
2021-06-03 09:30:11,400.8,2810160
2021-06-03 09:30:12,400.5,2812338
2021-06-03 09:30:13,400.6,2812464
2021-06-03 09:30:14,400.7,2813562
2021-06-03 09:30:15,400.5,2813722
2021-06-03 09:30:15,400.5,2813732
2021-06-03 09:30:16,400.6,2813739
2021-06-03 09:30:18,400.8,2814371
2021-06-03 09:30:19,400.7,2814611
2021-06-03 09:30:20,400.75,2815313
2021-06-03 09:30:21,400.85,2815369
2021-06-03 09:30:22,401.0,2817516
2021-06-03 09:30:23,401.0,2817731
2021-06-03 09:30:24,400.75,2819031
2021-06-03 09:30:25,400.95,2819041
2021-06-03 09:30:26,400.7,2820797
2021-06-03 09:30:27,400.7,2821087
2021-06-03 09:30:28,400.5,2821452
2021-06-03 09:30:29,400.55,2839053
2021-06-03 09:30:29,400.55,2839053
2021-06-03 09:30:30,400.5,2840713
2021-06-03 09:30:31,400.7,2847155
2021-06-03 09:30:32,400.7,2847179
2021-06-03 09:30:33,400.75,2847357
2021-06-03 09:30:34,400.85,2847477
2021-06-03 09:30:35,400.7,2847603
2021-06-03 09:30:36,400.7,2847638
2021-06-03 09:30:37,400.9,2848563
2021-06-03 09:30:39,400.75,2848833
2021-06-03 09:30:40,400.95,2848986
2021-06-03 09:30:41,400.95,2849080
2021-06-03 09:30:42,400.75,2849115
2021-06-03 09:30:43,401.05,2862113
2021-06-03 09:30:44,401.0,2862196
2021-06-03 09:30:45,401.0,2862297
2021-06-03 09:30:46,401.05,2862782
2021-06-03 09:30:47,401.05,2862887
2021-06-03 09:30:48,401.1,2863139
2021-06-03 09:30:49,401.0,2863362
2021-06-03 09:30:50,401.0,2864308
2021-06-03 09:30:52,400.9,2867823
2021-06-03 09:30:53,400.8,2868008
2021-06-03 09:30:54,400.8,2868420
2021-06-03 09:30:55,400.8,2868960
2021-06-03 09:30:57,400.65,2870352
2021-06-03 09:30:58,400.75,2870475
2021-06-03 09:30:58,400.85,2871075
2021-06-03 09:30:59,400.7,2873485
2021-06-03 09:31:00,400.7,2873644
2021-06-03 09:31:02,400.8,2875080
2021-06-03 09:31:04,401.0,2880009
2021-06-03 09:31:05,401.0,2880141
2021-06-03 09:31:06,401.15,2880785
2021-06-03 09:31:07,401.05,2880846
2021-06-03 09:31:08,401.05,2881025
2021-06-03 09:31:09,401.2,2881038
2021-06-03 09:31:10,401.15,2881721
2021-06-03 09:31:11,401.2,2882064
2021-06-03 09:31:12,401.0,2883352
2021-06-03 09:31:13,401.15,2883479
2021-06-03 09:31:14,401.0,2883883
2021-06-03 09:31:15,401.2,2884027
2021-06-03 09:31:16,401.2,2884035
2021-06-03 09:31:17,401.15,2884925
2021-06-03 09:31:18,401.25,2885787
2021-06-03 09:31:19,401.3,2885940
2021-06-03 09:31:20,401.3,2886126
2021-06-03 09:31:21,401.3,2886501
2021-06-03 09:31:22,401.2,2886626
2021-06-03 09:31:23,401.2,2886683
2021-06-03 09:31:24,401.2,2888699
2021-06-03 09:31:25,401.0,2898805
2021-06-03 09:31:26,400.95,2899009
2021-06-03 09:31:27,400.8,2902409
2021-06-03 09:31:28,400.65,2905538
2021-06-03 09:31:29,400.7,2906576
2021-06-03 09:31:30,400.7,2907406
2021-06-03 09:31:31,400.55,2909784
2021-06-03 09:31:32,400.55,2909922
2021-06-03 09:31:33,400.55,2910142
2021-06-03 09:31:34,400.6,2918177
2021-06-03 09:31:35,400.6,2919400
2021-06-03 09:31:36,400.6,2919978
2021-06-03 09:31:37,400.6,2920436
2021-06-03 09:31:38,400.9,2921361
2021-06-03 09:31:40,401.0,2923430
2021-06-03 09:31:41,401.0,2923604
2021-06-03 09:31:42,401.0,2923626
2021-06-03 09:31:43,400.95,2923883
2021-06-03 09:31:44,401.0,2924805
2021-06-03 09:31:45,401.0,2924806
2021-06-03 09:31:46,400.95,2926107
2021-06-03 09:31:47,400.9,2926333
2021-06-03 09:31:48,400.95,2926576
2021-06-03 09:31:49,400.7,2927973
2021-06-03 09:31:50,400.9,2928148
2021-06-03 09:31:51,400.7,2928350
2021-06-03 09:31:53,400.75,2928794
2021-06-03 09:31:52,400.75,2928794
2021-06-03 09:31:54,400.95,2929100
2021-06-03 09:31:55,400.95,2929246
2021-06-03 09:31:56,400.95,2929742
2021-06-03 09:31:57,400.9,2931019
2021-06-03 09:31:58,400.85,2931070
2021-06-03 09:31:59,400.9,2931532
2021-06-03 09:32:00,400.8,2933047
2021-06-03 09:32:01,400.75,2934143
2021-06-03 09:32:02,400.75,2934351
2021-06-03 09:32:03,400.6,2934541
2021-06-03 09:32:04,400.85,2934614
2021-06-03 09:32:05,400.65,2935166
2021-06-03 09:32:06,400.6,2935592
2021-06-03 09:32:07,400.65,2935805
2021-06-03 09:32:08,400.65,2936422
2021-06-03 09:32:09,400.65,2938939
2021-06-03 09:32:10,400.6,2943440
2021-06-03 09:32:11,400.6,2943440
2021-06-03 09:32:12,400.6,2946820
2021-06-03 09:32:13,400.5,2947352
2021-06-03 09:32:14,400.7,2949996
2021-06-03 09:32:15,400.75,2950276
2021-06-03 09:32:16,400.6,2950305
2021-06-03 09:32:17,400.7,2950430
2021-06-03 09:32:18,400.75,2950480
2021-06-03 09:32:20,400.25,3033878
2021-06-03 09:32:21,400.25,3040184
2021-06-03 09:32:22,400.0,3041573
2021-06-03 09:32:23,400.0,3041984
2021-06-03 09:32:24,400.05,3043324
2021-06-03 09:32:25,400.3,3044846
2021-06-03 09:32:26,400.05,3045160
2021-06-03 09:32:27,400.05,3045177
2021-06-03 09:32:28,400.15,3051894
2021-06-03 09:32:29,400.1,3052484
2021-06-03 09:32:30,400.3,3052634
2021-06-03 09:32:31,400.25,3052804
2021-06-03 09:32:32,400.1,3053371
2021-06-03 09:32:33,400.25,3053516
2021-06-03 09:32:34,400.2,3055586
2021-06-03 09:32:35,400.05,3056263
2021-06-03 09:32:36,400.1,3056817
2021-06-03 09:32:37,400.15,3056820
2021-06-03 09:32:38,400.0,3057506
2021-06-03 09:32:39,400.0,3057506
2021-06-03 09:32:40,400.25,3057805
2021-06-03 09:32:41,400.15,3057980
2021-06-03 09:32:42,400.1,3058309
2021-06-03 09:32:43,400.25,3058459
2021-06-03 09:32:44,400.3,3058479
2021-06-03 09:32:45,400.1,3059081
2021-06-03 09:32:46,400.1,3059743
2021-06-03 09:32:47,400.15,3064149
2021-06-03 09:32:48,400.0,3069419
2021-06-03 09:32:49,400.15,3069770
2021-06-03 09:32:50,400.0,3106546
2021-06-03 09:32:52,400.1,3112145
2021-06-03 09:32:53,400.0,3112326
2021-06-03 09:32:54,400.05,3113274
2021-06-03 09:32:55,399.95,3116610
2021-06-03 09:32:56,399.75,3119035
2021-06-03 09:32:57,400.05,3130385
2021-06-03 09:32:58,400.05,3130697
2021-06-03 09:32:59,400.0,3132148
2021-06-03 09:33:00,400.0,3132408
2021-06-03 09:33:01,400.0,3137412
2021-06-03 09:33:02,400.1,3139309
2021-06-03 09:33:03,400.0,3140016
2021-06-03 09:33:04,400.05,3140701
2021-06-03 09:33:05,400.2,3140837
2021-06-03 09:33:06,400.1,3140987
2021-06-03 09:33:07,400.1,3142087
2021-06-03 09:33:08,400.25,3143088
2021-06-03 09:33:09,400.2,3144423
2021-06-03 09:33:10,400.25,3144678
2021-06-03 09:33:11,400.1,3147249
2021-06-03 09:33:12,400.25,3147559
2021-06-03 09:33:13,400.1,3147815
2021-06-03 09:33:14,400.25,3149428
2021-06-03 09:33:15,400.25,3150128
2021-06-03 09:33:16,400.1,3150244
2021-06-03 09:33:17,400.35,3150637
2021-06-03 09:33:18,400.35,3151492
2021-06-03 09:33:19,400.2,3151746
2021-06-03 09:33:20,400.25,3151751
2021-06-03 09:33:21,400.35,3151901
2021-06-03 09:33:22,400.1,3153022
2021-06-03 09:33:23,400.35,3153526
2021-06-03 09:33:24,400.25,3153744
2021-06-03 09:33:25,400.25,3154504
2021-06-03 09:33:26,400.45,3154996
2021-06-03 09:33:27,400.3,3155099
2021-06-03 09:33:29,400.3,3155109
2021-06-03 09:33:30,400.45,3155641
2021-06-03 09:33:31,400.25,3155887
2021-06-03 09:33:32,400.35,3156033
2021-06-03 09:33:33,400.3,3157125
2021-06-03 09:33:35,400.45,3157430
2021-06-03 09:33:36,400.45,3158877
2021-06-03 09:33:37,400.7,3161079
2021-06-03 09:33:38,400.7,3161132
2021-06-03 09:33:39,400.6,3161187
2021-06-03 09:33:39,400.6,3161367
2021-06-03 09:33:40,400.6,3161532
2021-06-03 09:33:41,400.6,3161535
2021-06-03 09:33:42,400.7,3161539
2021-06-03 09:33:43,400.6,3162078
2021-06-03 09:33:44,400.65,3162580
2021-06-03 09:33:45,400.8,3162930
2021-06-03 09:33:46,400.75,3163530
2021-06-03 09:33:47,400.85,3163620
2021-06-03 09:33:48,400.9,3163930
2021-06-03 09:33:49,400.95,3164150
2021-06-03 09:33:50,400.9,3165545
2021-06-03 09:33:51,400.95,3165797
2021-06-03 09:33:52,400.75,3165897
2021-06-03 09:33:53,400.95,3166502
2021-06-03 09:33:54,400.95,3166505
2021-06-03 09:33:55,400.8,3166516
2021-06-03 09:33:56,401.0,3168377
2021-06-03 09:33:57,400.9,3168394
2021-06-03 09:33:58,400.9,3168620
2021-06-03 09:33:59,400.9,3168684
2021-06-03 09:34:00,400.8,3171611
2021-06-03 09:34:01,400.9,3172183
2021-06-03 09:34:02,400.9,3172633
2021-06-03 09:34:03,400.9,3172733
2021-06-03 09:34:04,400.75,3174403
2021-06-03 09:34:05,400.3,3179691
2021-06-03 09:34:06,400.4,3179920
2021-06-03 09:34:07,400.4,3180331
2021-06-03 09:34:08,400.45,3180543
2021-06-03 09:34:09,400.45,3180753
2021-06-03 09:34:10,400.25,3183331
2021-06-03 09:34:11,400.2,3187996
2021-06-03 09:34:12,400.0,3188578
2021-06-03 09:34:13,400.25,3192929
2021-06-03 09:34:14,400.05,3193859
2021-06-03 09:34:17,399.95,3210406
2021-06-03 09:34:18,399.75,3213713
2021-06-03 09:34:19,399.9,3214134
2021-06-03 09:34:19,399.9,3214134
2021-06-03 09:34:20,400.15,3214322
2021-06-03 09:34:21,400.35,3214936
2021-06-03 09:34:22,399.9,3234784
2021-06-03 09:34:23,399.95,3236226
2021-06-03 09:34:24,400.1,3237194
2021-06-03 09:34:25,400.2,3239060
2021-06-03 09:34:26,400.0,3239475
2021-06-03 09:34:27,400.0,3239606
2021-06-03 09:34:28,400.1,3240580
2021-06-03 09:34:29,400.05,3241105
2021-06-03 09:34:30,400.05,3241105
2021-06-03 09:34:31,400.05,3241305
2021-06-03 09:34:32,399.65,3245023
2021-06-03 09:34:33,399.65,3245679
2021-06-03 09:34:34,399.5,3248055
2021-06-03 09:34:35,399.55,3248415
2021-06-03 09:34:36,399.5,3249232
2021-06-03 09:34:37,399.65,3251016
2021-06-03 09:34:38,399.8,3251111
2021-06-03 09:34:39,399.65,3251672
2021-06-03 09:34:40,399.65,3253333
2021-06-03 09:34:41,399.85,3253656
2021-06-03 09:34:42,399.65,3253697
2021-06-03 09:34:43,399.6,3254976
2021-06-03 09:34:44,399.65,3255021
2021-06-03 09:34:45,399.65,3255028
2021-06-03 09:34:46,399.65,3255371
2021-06-03 09:34:47,399.75,3256860
2021-06-03 09:34:48,399.75,3257338
2021-06-03 09:34:49,399.75,3258980
2021-06-03 09:34:50,399.75,3260042
2021-06-03 09:34:51,399.75,3261437
2021-06-03 09:34:52,399.65,3261457
2021-06-03 09:34:53,399.6,3266540
2021-06-03 09:34:54,399.65,3266729
2021-06-03 09:34:56,399.75,3267024
2021-06-03 09:34:57,399.45,3272152
2021-06-03 09:34:58,399.4,3275537
2021-06-03 09:34:59,399.5,3277952
2021-06-03 09:35:00,399.45,3278294
2021-06-03 09:35:01,399.3,3279261
2021-06-03 09:35:02,399.55,3279880
2021-06-03 09:35:03,399.5,3280082
2021-06-03 09:35:05,399.2,3287144
2021-06-03 09:35:06,399.4,3287422
2021-06-03 09:35:07,399.4,3288432
2021-06-03 09:35:08,399.4,3288628
2021-06-03 09:35:09,399.4,3288719
2021-06-03 09:35:10,399.25,3290156
2021-06-03 09:35:11,399.3,3290501
2021-06-03 09:35:12,399.1,3292357
2021-06-03 09:35:13,399.15,3299261
2021-06-03 09:35:14,399.05,3301611
2021-06-03 09:35:15,399.05,3301726
2021-06-03 09:35:16,399.3,3301873
2021-06-03 09:35:17,399.2,3301920
2021-06-03 09:35:18,399.25,3302076
2021-06-03 09:35:19,399.25,3302301
2021-06-03 09:35:20,399.1,3302930
2021-06-03 09:35:21,399.25,3304697
2021-06-03 09:35:22,399.15,3307030
2021-06-03 09:35:23,399.1,3307355
2021-06-03 09:35:24,399.35,3310400
2021-06-03 09:35:25,399.45,3312295
2021-06-03 09:35:26,399.5,3313650
2021-06-03 09:35:27,399.45,3316448
2021-06-03 09:35:28,399.25,3316715
2021-06-03 09:35:29,399.25,3317165
2021-06-03 09:35:30,399.35,3318275
2021-06-03 09:35:31,399.35,3319430
2021-06-03 09:35:32,399.3,3319925
2021-06-03 09:35:33,399.3,3320079
2021-06-03 09:35:34,399.25,3320109
2021-06-03 09:35:35,399.25,3321050
2021-06-03 09:35:36,399.15,3321317
2021-06-03 09:35:37,399.25,3321574
2021-06-03 09:35:38,399.35,3322469
2021-06-03 09:35:39,399.3,3322646
2021-06-03 09:35:40,399.15,3323037
2021-06-03 09:35:41,399.2,3325428
2021-06-03 09:35:42,399.05,3330185
2021-06-03 09:35:43,399.15,3330428
2021-06-03 09:35:44,399.05,3331350
2021-06-03 09:35:45,399.05,3332557
2021-06-03 09:35:46,399.1,3333068
2021-06-03 09:35:47,399.25,3333544
2021-06-03 09:35:48,399.1,3336108
2021-06-03 09:35:49,399.25,3336216
2021-06-03 09:35:50,399.25,3336926
2021-06-03 09:35:51,399.3,3338217
2021-06-03 09:35:52,399.3,3338217
2021-06-03 09:35:53,399.25,3339897
2021-06-03 09:35:54,399.15,3341255
2021-06-03 09:35:55,399.05,3343999
2021-06-03 09:35:57,399.05,3344329
2021-06-03 09:35:58,399.15,3344783
2021-06-03 09:35:59,399.1,3347978
2021-06-03 09:36:00,399.25,3349592
2021-06-03 09:36:01,399.2,3350828
2021-06-03 09:36:02,399.0,3467203
2021-06-03 09:36:03,398.9,3469097
2021-06-03 09:36:04,398.8,3469169
2021-06-03 09:36:04,398.95,3469598
2021-06-03 09:36:05,398.95,3472327
2021-06-03 09:36:06,398.9,3473453
2021-06-03 09:36:07,398.85,3476328
2021-06-03 09:36:08,398.7,3476908
2021-06-03 09:36:09,398.7,3477018
2021-06-03 09:36:10,398.9,3482640
2021-06-03 09:36:11,398.95,3483081
2021-06-03 09:36:12,398.85,3483971
2021-06-03 09:36:13,398.9,3484665
2021-06-03 09:36:14,399.0,3485844
2021-06-03 09:36:15,399.05,3486924
2021-06-03 09:36:16,399.05,3488352
2021-06-03 09:36:17,399.2,3489040
2021-06-03 09:36:18,399.2,3489120
2021-06-03 09:36:19,399.15,3489590
2021-06-03 09:36:20,399.2,3489922
2021-06-03 09:36:21,399.15,3490201
2021-06-03 09:36:22,399.3,3491301
2021-06-03 09:36:23,399.2,3492281
2021-06-03 09:36:24,399.15,3493021
2021-06-03 09:36:25,399.25,3493036
2021-06-03 09:36:26,399.15,3493194
2021-06-03 09:36:27,399.05,3494210
2021-06-03 09:36:28,399.2,3494919
2021-06-03 09:36:29,399.05,3495550
2021-06-03 09:36:30,399.2,3495587
2021-06-03 09:36:31,399.2,3495693
2021-06-03 09:36:32,399.2,3495993
2021-06-03 09:36:33,399.1,3496008
2021-06-03 09:36:34,399.0,3496987
2021-06-03 09:36:36,399.05,3498093
2021-06-03 09:36:37,399.0,3498837
2021-06-03 09:36:38,399.05,3500859
2021-06-03 09:36:39,399.0,3502833
2021-06-03 09:36:40,399.05,3503946
2021-06-03 09:36:41,398.85,3513788
2021-06-03 09:36:42,398.65,3515383
2021-06-03 09:36:43,398.65,3515999
2021-06-03 09:36:44,398.5,3521392
2021-06-03 09:36:45,398.7,3522727
2021-06-03 09:36:46,398.6,3524179
2021-06-03 09:36:46,398.6,3524179
2021-06-03 09:36:47,398.7,3525433
2021-06-03 09:36:48,398.65,3525656
2021-06-03 09:36:49,398.65,3526243
2021-06-03 09:36:50,398.8,3526388
2021-06-03 09:36:51,398.65,3527383
2021-06-03 09:36:52,398.65,3527503
2021-06-03 09:36:53,398.8,3528373
2021-06-03 09:36:54,398.7,3528386
2021-06-03 09:36:55,398.8,3528551
2021-06-03 09:36:56,398.75,3533052
2021-06-03 09:36:57,399.0,3534567
2021-06-03 09:36:58,398.95,3534636
2021-06-03 09:36:59,399.0,3535076
2021-06-03 09:37:00,398.8,3535338
2021-06-03 09:37:01,398.8,3535435
2021-06-03 09:37:02,398.9,3535682
2021-06-03 09:37:03,398.9,3535897
2021-06-03 09:37:05,398.7,3537059
2021-06-03 09:37:06,398.95,3537662
2021-06-03 09:37:07,398.95,3537934
2021-06-03 09:37:08,398.75,3538034
2021-06-03 09:37:09,398.75,3538640
2021-06-03 09:37:11,398.75,3540166
2021-06-03 09:37:12,398.95,3540857
2021-06-03 09:37:13,398.75,3541412
2021-06-03 09:37:14,398.95,3543626
2021-06-03 09:37:15,398.8,3543679
2021-06-03 09:37:16,398.95,3543809
2021-06-03 09:37:17,398.95,3544249
2021-06-03 09:37:18,398.85,3544309
2021-06-03 09:37:19,398.85,3545346
2021-06-03 09:37:20,399.05,3557837
2021-06-03 09:37:21,399.15,3558432
2021-06-03 09:37:22,399.05,3560914
2021-06-03 09:37:23,399.0,3561464
2021-06-03 09:37:24,399.05,3564224
2021-06-03 09:37:24,399.05,3564224
2021-06-03 09:37:25,399.2,3565816
2021-06-03 09:37:26,399.2,3567441
2021-06-03 09:37:27,399.25,3567807
2021-06-03 09:37:28,399.25,3568007
2021-06-03 09:37:29,399.25,3568061
2021-06-03 09:37:30,399.2,3568501
2021-06-03 09:37:31,399.25,3569647
2021-06-03 09:37:32,399.25,3570535
2021-06-03 09:37:33,399.5,3572578
2021-06-03 09:37:34,399.5,3572698
2021-06-03 09:37:35,399.5,3574223
2021-06-03 09:37:37,399.5,3574474
2021-06-03 09:37:38,399.45,3575356
2021-06-03 09:37:39,399.5,3575731
2021-06-03 09:37:40,399.7,3576226
2021-06-03 09:37:41,399.55,3578886
2021-06-03 09:37:41,399.55,3578886
2021-06-03 09:37:42,399.6,3578887
2021-06-03 09:37:43,399.8,3578997
2021-06-03 09:37:44,399.8,3579065
2021-06-03 09:37:46,399.85,3580485
2021-06-03 09:37:47,399.95,3580902
2021-06-03 09:37:48,400.0,3582020
2021-06-03 09:37:49,399.8,3584320
2021-06-03 09:37:50,400.0,3584710
2021-06-03 09:37:51,400.0,3584825
2021-06-03 09:37:52,399.6,3592425
2021-06-03 09:37:53,399.8,3592739
2021-06-03 09:37:54,399.9,3594241
2021-06-03 09:37:54,399.9,3594241
2021-06-03 09:37:55,399.95,3594845
2021-06-03 09:37:56,399.95,3594905
2021-06-03 09:37:58,399.95,3595410
2021-06-03 09:37:59,399.8,3595424
2021-06-03 09:38:00,399.95,3597309
2021-06-03 09:38:02,399.75,3600976
2021-06-03 09:38:03,399.8,3602606
2021-06-03 09:38:04,399.8,3602731
2021-06-03 09:38:05,399.75,3603505
2021-06-03 09:38:06,399.75,3603780
2021-06-03 09:38:07,399.85,3604930
2021-06-03 09:38:08,399.8,3605431
2021-06-03 09:38:09,399.5,3608278
2021-06-03 09:38:10,399.25,3612418
2021-06-03 09:38:11,399.1,3615149
2021-06-03 09:38:12,399.3,3616144
2021-06-03 09:38:13,399.35,3616394
2021-06-03 09:38:13,399.35,3616564
2021-06-03 09:38:14,399.3,3616619
2021-06-03 09:38:15,399.15,3617281
2021-06-03 09:38:16,399.3,3618108
2021-06-03 09:38:17,399.05,3625796
2021-06-03 09:38:18,399.05,3625801
2021-06-03 09:38:19,399.1,3626118
2021-06-03 09:38:20,399.0,3626886
2021-06-03 09:38:22,399.1,3627091
2021-06-03 09:38:24,399.25,3628421
2021-06-03 09:38:25,399.2,3628549
2021-06-03 09:38:27,399.1,3631119
2021-06-03 09:38:28,399.25,3631269
2021-06-03 09:38:29,399.25,3631299
2021-06-03 09:38:30,399.3,3631514
2021-06-03 09:38:31,399.3,3631679
2021-06-03 09:38:32,399.25,3632139
2021-06-03 09:38:33,399.3,3632664
2021-06-03 09:38:34,399.3,3634940
2021-06-03 09:38:35,399.4,3634970
2021-06-03 09:38:35,399.4,3634970
2021-06-03 09:38:36,399.3,3634980
2021-06-03 09:38:37,399.25,3635180
2021-06-03 09:38:38,399.25,3635520
2021-06-03 09:38:40,399.3,3635725
2021-06-03 09:38:41,399.1,3643102
2021-06-03 09:38:42,399.1,3643213
2021-06-03 09:38:43,399.15,3643443
2021-06-03 09:38:44,399.05,3643868
2021-06-03 09:38:45,399.05,3644034
2021-06-03 09:38:46,399.25,3644036
2021-06-03 09:38:47,399.25,3644037
2021-06-03 09:38:48,399.1,3644070
2021-06-03 09:38:49,399.1,3644099
2021-06-03 09:38:50,399.25,3644109
2021-06-03 09:38:51,399.15,3644144
2021-06-03 09:38:52,399.15,3644209
2021-06-03 09:38:53,399.1,3644277
2021-06-03 09:38:55,399.15,3645497
2021-06-03 09:38:56,399.15,3645607
2021-06-03 09:38:58,399.15,3645694
2021-06-03 09:38:59,399.1,3646269
2021-06-03 09:39:00,399.0,3652252
2021-06-03 09:39:01,399.05,3652274
2021-06-03 09:39:02,399.15,3652776
2021-06-03 09:39:03,399.15,3653061
2021-06-03 09:39:03,399.15,3653061
2021-06-03 09:39:04,399.0,3655042
2021-06-03 09:39:05,398.95,3658655
2021-06-03 09:39:06,398.9,3664390
2021-06-03 09:39:07,398.7,3666818
2021-06-03 09:39:08,398.85,3667005
2021-06-03 09:39:09,398.85,3667601
2021-06-03 09:39:11,398.7,3667651
2021-06-03 09:39:12,398.8,3667869
2021-06-03 09:39:13,398.6,3670015
2021-06-03 09:39:14,398.75,3674373
2021-06-03 09:39:15,398.6,3676523
2021-06-03 09:39:17,398.6,3677428
2021-06-03 09:39:18,398.75,3677453
2021-06-03 09:39:20,398.5,3684781
2021-06-03 09:39:21,398.6,3685478
2021-06-03 09:39:22,398.6,3687060
2021-06-03 09:39:23,398.6,3689722
2021-06-03 09:39:24,398.7,3689833
2021-06-03 09:39:25,398.7,3689874
2021-06-03 09:39:26,398.55,3691180
2021-06-03 09:39:28,398.85,3693262
2021-06-03 09:39:29,398.9,3694397
2021-06-03 09:39:29,398.9,3694397
2021-06-03 09:39:30,398.8,3694553
2021-06-03 09:39:31,398.85,3698344
2021-06-03 09:39:35,399.0,3701106
2021-06-03 09:39:36,398.85,3701706
2021-06-03 09:39:37,398.85,3702830
2021-06-03 09:39:38,398.9,3705562
2021-06-03 09:39:39,398.9,3705903
2021-06-03 09:39:40,398.9,3706017
2021-06-03 09:39:41,399.0,3706417
2021-06-03 09:39:42,399.0,3706537
2021-06-03 09:39:43,398.85,3706672
2021-06-03 09:39:42,399.0,3706545
2021-06-03 09:39:44,399.0,3707262
2021-06-03 09:39:45,399.0,3707867
2021-06-03 09:39:46,399.0,3716409
2021-06-03 09:39:47,399.0,3716419
2021-06-03 09:39:48,399.0,3716569
2021-06-03 09:39:49,399.05,3716619
2021-06-03 09:39:50,399.1,3716720
2021-06-03 09:39:51,399.0,3716783
2021-06-03 09:39:53,399.2,3717792
2021-06-03 09:39:54,398.9,3721593
2021-06-03 09:39:55,398.8,3722737
2021-06-03 09:39:56,398.7,3723735
2021-06-03 09:39:57,398.8,3723782
2021-06-03 09:39:58,398.8,3724073
2021-06-03 09:39:59,398.8,3724433
2021-06-03 09:39:59,398.8,3724433
2021-06-03 09:40:00,398.8,3724792
2021-06-03 09:40:01,398.8,3725137
2021-06-03 09:40:02,398.8,3726092
2021-06-03 09:40:03,398.8,3726092
2021-06-03 09:40:05,398.9,3726557
2021-06-03 09:40:06,398.9,3727764
2021-06-03 09:40:07,398.8,3728564
2021-06-03 09:40:08,398.9,3728593
2021-06-03 09:40:10,398.45,3760916
2021-06-03 09:40:11,398.5,3762301
2021-06-03 09:40:12,398.5,3762424
2021-06-03 09:40:13,398.75,3763026
2021-06-03 09:40:14,398.4,3766749
2021-06-03 09:40:15,398.25,3768696
2021-06-03 09:40:16,398.3,3768816
2021-06-03 09:40:17,398.25,3772659
2021-06-03 09:40:18,398.25,3772789
2021-06-03 09:40:19,398.5,3774671
2021-06-03 09:40:20,398.3,3774764
2021-06-03 09:40:21,398.55,3775279
2021-06-03 09:40:22,398.35,3775314
2021-06-03 09:40:23,398.5,3775849
2021-06-03 09:40:24,398.3,3776181
2021-06-03 09:40:25,398.45,3776326
2021-06-03 09:40:26,398.55,3776626
2021-06-03 09:40:27,398.35,3778178
2021-06-03 09:40:28,398.35,3778280
2021-06-03 09:40:29,398.45,3780610
2021-06-03 09:40:30,398.3,3781727
2021-06-03 09:40:30,398.3,3781727
2021-06-03 09:40:31,398.3,3781850
2021-06-03 09:40:32,398.5,3781950
2021-06-03 09:40:33,398.45,3789214
2021-06-03 09:40:34,398.4,3789692
2021-06-03 09:40:35,398.5,3789806
2021-06-03 09:40:36,398.7,3796006
2021-06-03 09:40:37,398.65,3796880
2021-06-03 09:40:40,398.7,3798687
2021-06-03 09:40:41,398.7,3799132
2021-06-03 09:40:42,398.6,3799422
2021-06-03 09:40:43,398.75,3799527
2021-06-03 09:40:44,398.7,3800031
2021-06-03 09:40:45,398.7,3800031
2021-06-03 09:40:46,398.85,3800141
2021-06-03 09:40:47,398.85,3800241
2021-06-03 09:40:48,398.75,3800396
2021-06-03 09:40:49,398.75,3800552
2021-06-03 09:40:50,398.8,3801369
2021-06-03 09:40:51,398.8,3801583
2021-06-03 09:40:52,398.85,3801708
2021-06-03 09:40:53,398.85,3801910
2021-06-03 09:40:53,398.9,3801710
2021-06-03 09:40:54,398.9,3802453
2021-06-03 09:40:55,398.9,3802469
2021-06-03 09:40:56,398.9,3803067
2021-06-03 09:40:57,398.85,3803401
2021-06-03 09:40:58,398.95,3808941
2021-06-03 09:40:59,399.2,3811840
2021-06-03 09:41:00,399.25,3813213
2021-06-03 09:41:01,399.15,3813364
2021-06-03 09:41:02,399.3,3813580
2021-06-03 09:41:03,399.4,3814400
2021-06-03 09:41:04,399.3,3814452
2021-06-03 09:41:05,399.5,3815252
2021-06-03 09:41:06,399.4,3815713
2021-06-03 09:41:07,399.5,3815935
2021-06-03 09:41:08,399.55,3817791
2021-06-03 09:41:10,399.6,3818321
2021-06-03 09:41:11,399.5,3818887
2021-06-03 09:41:12,399.35,3821410
2021-06-03 09:41:13,399.5,3821567
2021-06-03 09:41:14,399.55,3821993
2021-06-03 09:41:15,399.6,3822203
2021-06-03 09:41:17,399.5,3823360
2021-06-03 09:41:18,399.45,3825994
2021-06-03 09:41:19,399.45,3826827
2021-06-03 09:41:20,399.25,3827888
2021-06-03 09:41:21,399.6,3828763
2021-06-03 09:41:22,399.4,3829473
2021-06-03 09:41:23,399.6,3830619
2021-06-03 09:41:24,399.6,3830619
2021-06-03 09:41:25,399.6,3830951
2021-06-03 09:41:26,399.5,3831231
2021-06-03 09:41:27,399.6,3831258
2021-06-03 09:41:28,399.6,3831258
2021-06-03 09:41:29,399.5,3831467
2021-06-03 09:41:29,399.5,3831823
2021-06-03 09:41:30,399.6,3831888
2021-06-03 09:41:31,399.6,3831888
2021-06-03 09:41:32,399.55,3832045
2021-06-03 09:41:33,399.4,3834245
2021-06-03 09:41:34,399.5,3834464
2021-06-03 09:41:36,399.5,3834744
2021-06-03 09:41:37,399.5,3835013
2021-06-03 09:41:38,399.7,3845625
2021-06-03 09:41:39,399.75,3845980
2021-06-03 09:41:41,399.75,3846702
2021-06-03 09:41:42,399.7,3847721
2021-06-03 09:41:43,399.7,3847972
2021-06-03 09:41:44,399.8,3848103
2021-06-03 09:41:45,399.85,3848505
2021-06-03 09:41:46,399.85,3849792
2021-06-03 09:41:47,399.85,3850005
2021-06-03 09:41:48,399.9,3850127
2021-06-03 09:41:49,399.9,3857485
2021-06-03 09:41:50,399.85,3857736
2021-06-03 09:41:51,399.85,3857912
2021-06-03 09:41:52,399.95,3858122
2021-06-03 09:41:53,399.85,3858186
2021-06-03 09:41:54,399.9,3858492
2021-06-03 09:41:55,399.95,3858817
2021-06-03 09:41:56,399.85,3859188
2021-06-03 09:41:57,399.95,3859298
2021-06-03 09:41:58,399.9,3859478
2021-06-03 09:41:59,399.95,3860477
2021-06-03 09:42:00,400.0,3862532
2021-06-03 09:42:01,399.9,3864054
2021-06-03 09:42:02,399.85,3864064
2021-06-03 09:42:03,399.85,3867667
2021-06-03 09:42:04,399.9,3867957
2021-06-03 09:42:05,399.9,3867957
2021-06-03 09:42:06,399.95,3869306
2021-06-03 09:42:07,399.95,3869571
2021-06-03 09:42:09,400.0,3871712
2021-06-03 09:42:10,399.95,3872537
2021-06-03 09:42:11,399.5,3882988
2021-06-03 09:42:12,399.65,3883333
2021-06-03 09:42:13,399.65,3884118
2021-06-03 09:42:14,399.65,3884168
2021-06-03 09:42:15,399.55,3887560
2021-06-03 09:42:16,399.6,3887963
2021-06-03 09:42:17,399.55,3888129
2021-06-03 09:42:18,399.55,3888279
2021-06-03 09:42:19,399.55,3890422
2021-06-03 09:42:20,399.7,3901065
2021-06-03 09:42:21,399.75,3901115
2021-06-03 09:42:22,399.8,3901170
2021-06-03 09:42:23,399.8,3901630
2021-06-03 09:42:24,399.6,3901647
2021-06-03 09:42:25,399.75,3903842
2021-06-03 09:42:26,399.75,3904072
2021-06-03 09:42:27,399.5,3904477
2021-06-03 09:42:28,399.6,3904779
2021-06-03 09:42:29,399.6,3905538
2021-06-03 09:42:30,399.4,3907606
2021-06-03 09:42:31,399.45,3908524
2021-06-03 09:42:32,399.4,3909264
2021-06-03 09:42:33,399.45,3909585
2021-06-03 09:42:34,399.45,3909585
2021-06-03 09:42:35,399.35,3910455
2021-06-03 09:42:36,399.4,3910950
2021-06-03 09:42:37,399.4,3911005
2021-06-03 09:42:38,399.5,3911205
2021-06-03 09:42:40,399.5,3911386
2021-06-03 09:42:41,399.45,3911641
2021-06-03 09:42:42,399.35,3911757
2021-06-03 09:42:43,399.45,3911957
2021-06-03 09:42:44,399.45,3911972
2021-06-03 09:42:45,399.35,3912943
2021-06-03 09:42:46,399.35,3914319
2021-06-03 09:42:47,399.35,3914629
2021-06-03 09:42:48,399.3,3914634
2021-06-03 09:42:49,399.35,3914711
2021-06-03 09:42:50,399.3,3914757
2021-06-03 09:42:51,399.5,3917381
2021-06-03 09:42:52,399.5,3918675
2021-06-03 09:42:53,399.75,3919245
2021-06-03 09:42:54,399.75,3919245
2021-06-03 09:42:55,399.9,3922252
2021-06-03 09:42:56,399.95,3922307
2021-06-03 09:42:58,400.3,3936421
2021-06-03 09:42:59,400.15,3936531
2021-06-03 09:43:00,400.0,3937947
2021-06-03 09:43:01,399.85,3939504
2021-06-03 09:43:02,399.7,3939887
2021-06-03 09:43:03,399.6,3940611
2021-06-03 09:43:04,399.55,3941781
2021-06-03 09:43:05,399.65,3942082
2021-06-03 09:43:07,399.7,3942862
2021-06-03 09:43:08,399.7,3942862
2021-06-03 09:43:09,399.65,3943007
2021-06-03 09:43:10,399.75,3944951
2021-06-03 09:43:11,399.55,3944972
2021-06-03 09:43:12,399.75,3945062
2021-06-03 09:43:13,399.9,3945077
2021-06-03 09:43:14,399.9,3945367
2021-06-03 09:43:15,399.75,3945476
2021-06-03 09:43:16,399.75,3945476
2021-06-03 09:43:17,400.0,3946396
2021-06-03 09:43:18,400.0,3946492
2021-06-03 09:43:19,400.0,3946929
2021-06-03 09:43:20,400.0,3947049
2021-06-03 09:43:21,400.0,3947064
2021-06-03 09:43:22,400.0,3947204
2021-06-03 09:43:23,400.0,3947306
2021-06-03 09:43:24,400.0,3947542
2021-06-03 09:43:25,400.1,3948535
2021-06-03 09:43:26,400.1,3948560
2021-06-03 09:43:27,400.1,3948560
2021-06-03 09:43:28,400.25,3948620
2021-06-03 09:43:29,400.2,3949692
2021-06-03 09:43:30,400.25,3949846
2021-06-03 09:43:31,400.4,3950051
2021-06-03 09:43:32,400.25,3950142
2021-06-03 09:43:33,400.45,3950243
2021-06-03 09:43:34,400.5,3951147
2021-06-03 09:43:35,400.05,3959175
2021-06-03 09:43:36,400.35,3960237
2021-06-03 09:43:37,400.35,3960572
2021-06-03 09:43:38,400.4,3961685
2021-06-03 09:43:39,400.2,3962041
2021-06-03 09:43:40,400.35,3962065
2021-06-03 09:43:41,400.25,3962655
2021-06-03 09:43:42,400.35,3963205
2021-06-03 09:43:43,400.4,3964273
2021-06-03 09:43:44,400.35,3964331
2021-06-03 09:43:45,400.45,3964832
2021-06-03 09:43:46,400.45,3965362
2021-06-03 09:43:47,400.45,3965738
2021-06-03 09:43:48,400.2,3966759
2021-06-03 09:43:49,400.45,3967249
2021-06-03 09:43:50,400.45,3967394
2021-06-03 09:43:51,400.35,3968072
2021-06-03 09:43:52,400.35,3968077
2021-06-03 09:43:53,400.4,3968362
2021-06-03 09:43:55,400.5,3968877
2021-06-03 09:43:56,400.5,3968877
2021-06-03 09:43:57,400.35,3970174
2021-06-03 09:43:58,400.35,3970570
2021-06-03 09:43:59,400.45,3970722
2021-06-03 09:44:00,400.5,3971072
2021-06-03 09:44:01,400.5,3972402
2021-06-03 09:44:02,400.5,3972492
2021-06-03 09:44:03,400.5,3972922
2021-06-03 09:44:04,400.45,3972927
2021-06-03 09:44:05,400.45,3972977
2021-06-03 09:44:06,400.5,3973422
2021-06-03 09:44:07,400.45,3974104
2021-06-03 09:44:08,400.5,3974404
2021-06-03 09:44:11,400.6,3975850
2021-06-03 09:44:12,400.45,3978333
2021-06-03 09:44:13,400.65,3978463
2021-06-03 09:44:14,400.5,3978939
2021-06-03 09:44:15,400.55,3985314
2021-06-03 09:44:17,400.5,3987114
2021-06-03 09:44:17,400.5,3987114
2021-06-03 09:44:18,400.5,3988125
2021-06-03 09:44:19,400.5,3992235
2021-06-03 09:44:20,400.65,3992297
2021-06-03 09:44:21,400.7,3992640
2021-06-03 09:44:22,400.55,3992930
2021-06-03 09:44:23,400.7,3993030
2021-06-03 09:44:24,400.7,3993758
2021-06-03 09:44:25,400.55,3994013
2021-06-03 09:44:26,400.7,3994044
2021-06-03 09:44:27,400.75,3994294
2021-06-03 09:44:28,400.65,3995180
2021-06-03 09:44:29,400.65,4000217
2021-06-03 09:44:31,400.8,4001333
2021-06-03 09:44:32,400.8,4002584
2021-06-03 09:44:33,400.6,4003170
2021-06-03 09:44:34,400.6,4003170
2021-06-03 09:44:36,400.8,4003306
2021-06-03 09:44:37,400.8,4003377
2021-06-03 09:44:38,400.8,4003784
2021-06-03 09:44:39,400.85,4003810
2021-06-03 09:44:39,400.85,4003810
2021-06-03 09:44:40,400.7,4003880
2021-06-03 09:44:41,400.85,4004576
2021-06-03 09:44:42,400.85,4004626
2021-06-03 09:44:44,400.7,4006420
2021-06-03 09:44:45,400.7,4007220
2021-06-03 09:44:46,400.9,4007380
2021-06-03 09:44:47,400.7,4007980
2021-06-03 09:44:48,400.7,4012308
2021-06-03 09:44:49,400.7,4013029
2021-06-03 09:44:50,400.7,4013266
2021-06-03 09:44:51,400.7,4013269
2021-06-03 09:44:52,400.7,4014094
2021-06-03 09:44:54,400.7,4014539
2021-06-03 09:44:55,400.5,4021525
2021-06-03 09:44:55,400.5,4021525
2021-06-03 09:44:56,400.6,4022625
2021-06-03 09:44:57,400.65,4023565
2021-06-03 09:44:58,400.4,4031784
2021-06-03 09:44:59,400.15,4033537
2021-06-03 09:45:00,400.4,4034404
2021-06-03 09:45:01,400.45,4034513
2021-06-03 09:45:02,400.4,4034694
2021-06-03 09:45:03,400.4,4034839
2021-06-03 09:45:04,400.4,4034849
2021-06-03 09:45:05,400.4,4037230
2021-06-03 09:45:06,400.6,4037405
2021-06-03 09:45:07,400.6,4038080
2021-06-03 09:45:08,400.6,4038261
2021-06-03 09:45:09,400.6,4038575
2021-06-03 09:45:10,400.6,4038745
2021-06-03 09:45:11,400.4,4038960
2021-06-03 09:45:12,400.6,4039000
2021-06-03 09:45:13,400.55,4039170
2021-06-03 09:45:14,400.55,4039385
2021-06-03 09:45:15,400.6,4039922
2021-06-03 09:45:16,400.6,4040983
2021-06-03 09:45:17,400.6,4041234
2021-06-03 09:45:18,400.55,4041364
2021-06-03 09:45:19,400.55,4041364
2021-06-03 09:45:20,400.55,4042239
2021-06-03 09:45:22,400.6,4043774
2021-06-03 09:45:23,400.6,4043774
2021-06-03 09:45:24,400.55,4043918
2021-06-03 09:45:25,400.6,4043963
2021-06-03 09:45:26,400.55,4044013
2021-06-03 09:45:27,400.3,4050628
2021-06-03 09:45:28,400.4,4050955
2021-06-03 09:45:29,400.4,4051025
2021-06-03 09:45:30,400.25,4053775
2021-06-03 09:45:31,400.25,4053775
2021-06-03 09:45:32,400.2,4053975
2021-06-03 09:45:34,400.2,4057151
2021-06-03 09:45:35,400.0,4058108
2021-06-03 09:45:35,400.0,4060590
2021-06-03 09:45:36,400.1,4062838
2021-06-03 09:45:37,400.25,4063199
2021-06-03 09:45:38,400.25,4063444
2021-06-03 09:45:39,400.1,4063915
2021-06-03 09:45:40,400.2,4064015
2021-06-03 09:45:41,400.3,4064215
2021-06-03 09:45:43,400.3,4064227
2021-06-03 09:45:44,400.3,4066127
2021-06-03 09:45:45,400.3,4066137
2021-06-03 09:45:46,400.35,4066573
2021-06-03 09:45:47,400.35,4066975
2021-06-03 09:45:48,400.35,4067155
2021-06-03 09:45:49,400.2,4067450
2021-06-03 09:45:50,400.25,4068270
2021-06-03 09:45:51,400.0,4070902
2021-06-03 09:45:52,400.0,4070902
2021-06-03 09:45:53,400.05,4070962
2021-06-03 09:45:54,400.3,4071114
2021-06-03 09:45:55,400.25,4071159
2021-06-03 09:45:56,400.35,4075596
2021-06-03 09:45:57,400.35,4075796
2021-06-03 09:45:58,400.35,4075812
2021-06-03 09:45:59,400.4,4075929
2021-06-03 09:46:00,400.35,4076090
2021-06-03 09:46:02,400.2,4076994
2021-06-03 09:46:02,400.2,4076994
2021-06-03 09:46:03,400.1,4077113
2021-06-03 09:46:04,400.25,4077358
2021-06-03 09:46:05,400.25,4077383
2021-06-03 09:46:07,400.3,4078637
2021-06-03 09:46:08,400.1,4079140
2021-06-03 09:46:09,400.1,4080243
2021-06-03 09:46:10,400.05,4081998
2021-06-03 09:46:11,400.0,4084148
2021-06-03 09:46:12,400.0,4084211
2021-06-03 09:46:12,400.0,4084211
2021-06-03 09:46:14,400.15,4084418
2021-06-03 09:46:15,400.1,4085007
2021-06-03 09:46:16,400.1,4085363
2021-06-03 09:46:16,400.1,4085388
2021-06-03 09:46:17,400.1,4085432
2021-06-03 09:46:18,400.1,4085438
2021-06-03 09:46:19,400.1,4085443
2021-06-03 09:46:20,400.25,4086708
2021-06-03 09:46:21,400.25,4086708
2021-06-03 09:46:22,400.25,4086708
2021-06-03 09:46:23,400.25,4086708
2021-06-03 09:46:25,400.3,4086737
2021-06-03 09:46:26,400.2,4086887
2021-06-03 09:46:27,400.3,4087210
2021-06-03 09:46:28,400.2,4087244
2021-06-03 09:46:29,400.2,4087494
2021-06-03 09:46:30,400.2,4087544
2021-06-03 09:46:31,400.25,4087634
2021-06-03 09:46:32,400.3,4087654
2021-06-03 09:46:34,400.3,4087654
2021-06-03 09:46:35,400.15,4088254
2021-06-03 09:46:36,400.15,4088254
2021-06-03 09:46:36,400.1,4088321
2021-06-03 09:46:38,400.3,4089371
2021-06-03 09:46:38,400.3,4089371
2021-06-03 09:46:39,400.3,4089371
2021-06-03 09:46:40,400.3,4089522
2021-06-03 09:46:41,400.25,4090801
2021-06-03 09:46:42,400.25,4090861
2021-06-03 09:46:43,400.3,4091501
2021-06-03 09:46:44,400.3,4091577
2021-06-03 09:46:45,400.4,4093084
2021-06-03 09:46:46,400.4,4093084
2021-06-03 09:46:48,400.2,4093134
2021-06-03 09:46:48,400.2,4093134
2021-06-03 09:46:49,400.4,4093184
2021-06-03 09:46:50,400.4,4093184
2021-06-03 09:46:51,400.3,4093194
2021-06-03 09:46:52,400.3,4093444
2021-06-03 09:46:53,400.3,4093494
2021-06-03 09:46:54,400.3,4093495
2021-06-03 09:46:56,400.4,4093611
2021-06-03 09:46:57,400.4,4093611
2021-06-03 09:46:59,400.4,4093820
2021-06-03 09:47:00,400.3,4094385
2021-06-03 09:47:01,400.3,4094597
2021-06-03 09:47:02,400.4,4094645
2021-06-03 09:47:02,400.4,4094645
2021-06-03 09:47:03,400.35,4094679
2021-06-03 09:47:04,400.4,4096199
2021-06-03 09:47:05,400.3,4096349
2021-06-03 09:47:06,400.3,4096473
2021-06-03 09:47:07,400.3,4096473
2021-06-03 09:47:08,400.4,4097084
2021-06-03 09:47:09,400.4,4097134
2021-06-03 09:47:10,400.4,4097310
2021-06-03 09:47:12,400.5,4097835
2021-06-03 09:47:12,400.5,4097900
2021-06-03 09:47:13,400.3,4098500
2021-06-03 09:47:14,400.5,4098570
2021-06-03 09:47:16,400.3,4099620
2021-06-03 09:47:16,400.3,4099620
2021-06-03 09:47:17,400.4,4099820
2021-06-03 09:47:19,400.4,4100048
2021-06-03 09:47:20,400.4,4100512
2021-06-03 09:47:21,400.4,4100512
2021-06-03 09:47:22,400.4,4100732
2021-06-03 09:47:23,400.3,4100932
2021-06-03 09:47:24,400.3,4101147
2021-06-03 09:47:25,400.35,4101288
2021-06-03 09:47:25,400.4,4101289
2021-06-03 09:47:26,400.4,4101293
2021-06-03 09:47:28,400.5,4101638
2021-06-03 09:47:29,400.5,4101638
2021-06-03 09:47:30,400.5,4101942
2021-06-03 09:47:31,400.4,4102292
2021-06-03 09:47:32,400.4,4102292
2021-06-03 09:47:33,400.5,4102573
2021-06-03 09:47:35,400.4,4102698
2021-06-03 09:47:36,400.4,4109833
2021-06-03 09:47:37,400.2,4110335
2021-06-03 09:47:38,400.2,4110494
2021-06-03 09:47:39,400.35,4110544
2021-06-03 09:47:39,400.35,4110544
2021-06-03 09:47:40,400.2,4110569
2021-06-03 09:47:41,400.15,4111521
2021-06-03 09:47:42,400.15,4111651
2021-06-03 09:47:43,400.15,4112741
2021-06-03 09:47:44,400.15,4112747
2021-06-03 09:47:45,400.1,4112748
2021-06-03 09:47:46,400.15,4113699
2021-06-03 09:47:47,400.2,4114704
2021-06-03 09:47:48,400.2,4114714
2021-06-03 09:47:49,400.15,4114715
2021-06-03 09:47:50,400.25,4115445
2021-06-03 09:47:51,400.25,4115515
2021-06-03 09:47:52,400.1,4116065
2021-06-03 09:47:53,400.2,4116615
2021-06-03 09:47:54,400.2,4117355
2021-06-03 09:47:55,400.0,4117375
2021-06-03 09:47:56,400.05,4130631
2021-06-03 09:47:57,400.05,4130631
2021-06-03 09:47:58,400.0,4130940
2021-06-03 09:47:59,400.1,4130947
2021-06-03 09:48:00,400.0,4131347
2021-06-03 09:48:01,400.0,4131941
2021-06-03 09:48:02,400.0,4132091
2021-06-03 09:48:03,400.05,4132391
2021-06-03 09:48:04,400.05,4132391
2021-06-03 09:48:05,400.05,4132449
2021-06-03 09:48:06,400.0,4132551
2021-06-03 09:48:07,400.1,4133052
2021-06-03 09:48:08,399.85,4135208
2021-06-03 09:48:09,399.85,4135308
2021-06-03 09:48:10,399.85,4135708
2021-06-03 09:48:11,399.85,4136188
2021-06-03 09:48:12,399.75,4137289
2021-06-03 09:48:13,399.7,4137889
2021-06-03 09:48:14,399.7,4137889
2021-06-03 09:48:15,399.65,4138019
2021-06-03 09:48:16,399.7,4138208
2021-06-03 09:48:17,399.7,4138209
2021-06-03 09:48:18,399.7,4138262
2021-06-03 09:48:19,399.7,4138262
2021-06-03 09:48:20,399.85,4138267
2021-06-03 09:48:21,399.85,4138579
2021-06-03 09:48:22,399.85,4138579
2021-06-03 09:48:23,399.8,4138751
2021-06-03 09:48:24,399.7,4139697
2021-06-03 09:48:25,399.7,4139697
2021-06-03 09:48:26,399.7,4139767
2021-06-03 09:48:27,399.65,4139807
2021-06-03 09:48:28,399.7,4139907
2021-06-03 09:48:29,399.7,4140622
2021-06-03 09:48:30,399.75,4142103
2021-06-03 09:48:31,399.85,4142155
2021-06-03 09:48:32,399.85,4142155
2021-06-03 09:48:33,399.85,4142203
2021-06-03 09:48:34,399.85,4143044
2021-06-03 09:48:35,399.75,4143144
2021-06-03 09:48:36,399.85,4143227
2021-06-03 09:48:37,399.85,4145228
2021-06-03 09:48:38,399.85,4145228
2021-06-03 09:48:39,399.85,4148403
2021-06-03 09:48:40,399.85,4148403
2021-06-03 09:48:42,399.9,4148558
2021-06-03 09:48:43,399.85,4148670
2021-06-03 09:48:44,399.85,4148670
2021-06-03 09:48:45,399.9,4149170
2021-06-03 09:48:46,399.9,4149392
2021-06-03 09:48:47,399.85,4149593
2021-06-03 09:48:48,399.85,4149643
2021-06-03 09:48:48,399.85,4149643
2021-06-03 09:48:50,400.0,4158624
2021-06-03 09:48:51,400.0,4158626
2021-06-03 09:48:51,400.0,4158626
2021-06-03 09:48:53,400.15,4159481
2021-06-03 09:48:54,400.15,4159492
2021-06-03 09:48:56,400.05,4159504
2021-06-03 09:48:57,400.2,4159924
2021-06-03 09:48:57,400.2,4159924
2021-06-03 09:48:58,400.05,4159960
2021-06-03 09:48:59,400.05,4159960
2021-06-03 09:49:00,400.05,4160222
2021-06-03 09:49:01,400.05,4160222
2021-06-03 09:49:02,400.05,4162150
2021-06-03 09:49:03,400.05,4162564
2021-06-03 09:49:05,400.1,4164538
2021-06-03 09:49:06,400.1,4164538
2021-06-03 09:49:07,399.95,4164609
2021-06-03 09:49:09,400.2,4167631
2021-06-03 09:49:09,400.2,4167631
2021-06-03 09:49:10,400.0,4167641
2021-06-03 09:49:11,400.0,4168191
2021-06-03 09:49:12,400.0,4168202
2021-06-03 09:49:13,400.0,4168202
2021-06-03 09:49:14,400.0,4168632
2021-06-03 09:49:16,400.1,4168717
2021-06-03 09:49:16,400.05,4168719
2021-06-03 09:49:18,400.1,4168953
2021-06-03 09:49:19,400.1,4168986
2021-06-03 09:49:19,400.15,4169010
2021-06-03 09:49:21,400.05,4169011
2021-06-03 09:49:21,400.05,4169011
2021-06-03 09:49:22,400.05,4169011
2021-06-03 09:49:23,400.1,4169013
2021-06-03 09:49:24,400.05,4169049
2021-06-03 09:49:25,400.05,4169064
2021-06-03 09:49:26,400.1,4169148
2021-06-03 09:49:27,400.2,4169208
2021-06-03 09:49:28,400.2,4169208
2021-06-03 09:49:30,400.1,4170035
2021-06-03 09:49:31,400.15,4170045
2021-06-03 09:49:32,400.15,4170045
2021-06-03 09:49:33,400.2,4170413
2021-06-03 09:49:34,400.15,4170418
2021-06-03 09:49:35,400.15,4170840
2021-06-03 09:49:36,400.15,4170980
2021-06-03 09:49:37,400.15,4171122
2021-06-03 09:49:38,400.15,4171422
2021-06-03 09:49:39,400.15,4171422
2021-06-03 09:49:40,400.1,4172928
2021-06-03 09:49:41,400.25,4173128
2021-06-03 09:49:42,400.15,4173236
2021-06-03 09:49:43,400.05,4173408
2021-06-03 09:49:44,400.1,4173511
2021-06-03 09:49:45,400.1,4173611
2021-06-03 09:49:46,400.05,4173911
2021-06-03 09:49:47,400.05,4173911
2021-06-03 09:49:48,400.1,4174164
2021-06-03 09:49:49,400.05,4174165
2021-06-03 09:49:49,400.25,4174425
2021-06-03 09:49:50,400.05,4174834
2021-06-03 09:49:51,400.05,4174934
2021-06-03 09:49:52,400.05,4174934
2021-06-03 09:49:53,400.25,4175072
2021-06-03 09:49:54,400.25,4175122
2021-06-03 09:49:55,400.25,4175122
2021-06-03 09:49:56,400.25,4175873
2021-06-03 09:49:57,400.15,4175876
2021-06-03 09:49:58,400.15,4175934
2021-06-03 09:49:59,400.15,4175934
2021-06-03 09:50:01,400.3,4176384
2021-06-03 09:50:02,400.25,4176394
2021-06-03 09:50:03,400.25,4176394
2021-06-03 09:50:03,400.35,4176494
2021-06-03 09:50:04,400.25,4176514
2021-06-03 09:50:06,400.25,4176524
2021-06-03 09:50:07,400.25,4176627
2021-06-03 09:50:07,400.25,4176627
2021-06-03 09:50:08,400.3,4176824
2021-06-03 09:50:09,400.25,4177185
2021-06-03 09:50:10,400.3,4177290
2021-06-03 09:50:11,400.3,4179580
2021-06-03 09:50:13,400.3,4179681
2021-06-03 09:50:13,400.3,4179681
2021-06-03 09:50:14,400.3,4179706
2021-06-03 09:50:15,400.15,4179731
2021-06-03 09:50:16,400.3,4179740
2021-06-03 09:50:17,400.3,4180065
2021-06-03 09:50:18,400.25,4180115
2021-06-03 09:50:19,400.15,4180415
2021-06-03 09:50:20,400.15,4180435
2021-06-03 09:50:21,400.25,4180516
2021-06-03 09:50:23,400.25,4180518
2021-06-03 09:50:24,400.25,4180518
2021-06-03 09:50:24,400.25,4181691
2021-06-03 09:50:25,400.25,4181820
2021-06-03 09:50:26,400.15,4182284
2021-06-03 09:50:28,400.1,4182404
2021-06-03 09:50:29,400.2,4182414
2021-06-03 09:50:30,400.1,4182417
2021-06-03 09:50:31,400.1,4182678
2021-06-03 09:50:31,400.15,4182688
2021-06-03 09:50:32,400.1,4182788
2021-06-03 09:50:34,400.15,4182866
2021-06-03 09:50:35,400.15,4182980
2021-06-03 09:50:36,400.1,4183480
2021-06-03 09:50:36,400.1,4183480
2021-06-03 09:50:38,400.25,4183807
2021-06-03 09:50:39,400.15,4183812
2021-06-03 09:50:40,400.3,4183962
2021-06-03 09:50:41,400.3,4183992
2021-06-03 09:50:42,400.25,4184042
2021-06-03 09:50:43,400.25,4184042
2021-06-03 09:50:44,400.1,4185509
2021-06-03 09:50:46,400.1,4185509
2021-06-03 09:50:45,400.1,4185509
2021-06-03 09:50:47,400.2,4185614
2021-06-03 09:50:48,400.15,4185624
2021-06-03 09:50:49,400.25,4185679
2021-06-03 09:50:50,400.15,4185779
2021-06-03 09:50:51,400.25,4185804
2021-06-03 09:50:52,400.25,4185829
2021-06-03 09:50:53,400.25,4186674
2021-06-03 09:50:54,400.25,4187375
2021-06-03 09:50:55,400.3,4187500
2021-06-03 09:50:56,400.3,4187500
2021-06-03 09:50:57,400.1,4187505
2021-06-03 09:50:58,400.25,4187506
2021-06-03 09:50:59,400.25,4187628
2021-06-03 09:51:00,399.9,4198042
2021-06-03 09:51:01,400.0,4198063
2021-06-03 09:51:02,400.0,4198063
2021-06-03 09:51:03,400.0,4198083
2021-06-03 09:51:04,400.0,4198083
2021-06-03 09:51:05,400.0,4198123
2021-06-03 09:51:06,400.0,4198171
2021-06-03 09:51:07,400.0,4198171
2021-06-03 09:51:08,400.05,4198181
2021-06-03 09:51:09,400.0,4198207
2021-06-03 09:51:10,400.05,4198257
2021-06-03 09:51:11,400.0,4198483
2021-06-03 09:51:12,399.95,4200957
2021-06-03 09:51:14,399.85,4200976
2021-06-03 09:51:16,399.75,4202876
2021-06-03 09:51:17,399.75,4202882
2021-06-03 09:51:18,399.9,4203182
2021-06-03 09:51:19,399.9,4203182
2021-06-03 09:51:20,399.85,4203282
2021-06-03 09:51:21,399.75,4205433
2021-06-03 09:51:21,399.75,4205433
2021-06-03 09:51:23,399.7,4205438
2021-06-03 09:51:24,399.7,4205438
2021-06-03 09:51:25,399.75,4205448
2021-06-03 09:51:26,399.75,4205453
2021-06-03 09:51:27,399.75,4205453
2021-06-03 09:51:28,399.7,4205653
2021-06-03 09:51:29,399.7,4205753
2021-06-03 09:51:30,399.85,4205953
2021-06-03 09:51:31,399.85,4205953
2021-06-03 09:51:33,400.0,4208259
2021-06-03 09:51:34,399.95,4208409
2021-06-03 09:51:35,399.8,4208610
2021-06-03 09:51:36,399.8,4208610
2021-06-03 09:51:37,400.0,4209110
2021-06-03 09:51:38,399.8,4209130
2021-06-03 09:51:39,399.95,4209131
2021-06-03 09:51:40,399.8,4209451
2021-06-03 09:51:41,399.8,4209726
2021-06-03 09:51:42,399.8,4209726
2021-06-03 09:51:43,399.8,4210226
2021-06-03 09:51:44,399.8,4210226
2021-06-03 09:51:45,399.9,4210351
2021-06-03 09:51:46,399.9,4210414
2021-06-03 09:51:47,400.0,4210427
2021-06-03 09:51:48,399.9,4210527
2021-06-03 09:51:49,399.9,4210527
2021-06-03 09:51:50,399.95,4210538
2021-06-03 09:51:51,400.0,4210578
2021-06-03 09:51:52,399.95,4211367
2021-06-03 09:51:53,399.85,4212131
2021-06-03 09:51:54,399.9,4212141
2021-06-03 09:51:55,399.7,4214291
2021-06-03 09:51:56,399.9,4214393
2021-06-03 09:51:57,399.75,4215476
2021-06-03 09:51:58,399.75,4215476
2021-06-03 09:51:59,399.6,4215776
2021-06-03 09:52:00,399.6,4216409
2021-06-03 09:52:01,399.65,4216609
2021-06-03 09:52:02,399.6,4216664
2021-06-03 09:52:03,399.65,4216665
2021-06-03 09:52:04,399.65,4216702
2021-06-03 09:52:05,399.55,4218484
2021-06-03 09:52:06,399.55,4218484
2021-06-03 09:52:07,399.5,4221156
2021-06-03 09:52:08,399.5,4221156
2021-06-03 09:52:09,399.6,4221181
2021-06-03 09:52:10,399.6,4221338
2021-06-03 09:52:11,399.6,4221338
2021-06-03 09:52:12,399.6,4221338
2021-06-03 09:52:13,399.6,4221338
2021-06-03 09:52:14,399.6,4221338
2021-06-03 09:52:15,399.5,4225117
2021-06-03 09:52:16,399.3,4225122
2021-06-03 09:52:17,399.5,4225228
2021-06-03 09:52:18,399.5,4225294
2021-06-03 09:52:19,399.5,4225584
2021-06-03 09:52:19,399.5,4225584
2021-06-03 09:52:20,399.35,4225588
2021-06-03 09:52:21,399.5,4225596
2021-06-03 09:52:22,399.45,4225641
2021-06-03 09:52:24,399.5,4226591
2021-06-03 09:52:24,399.5,4226561
2021-06-03 09:52:25,399.5,4226592
2021-06-03 09:52:27,399.6,4226995
2021-06-03 09:52:28,399.6,4227264
2021-06-03 09:52:29,399.75,4227580
2021-06-03 09:52:30,399.75,4227582
2021-06-03 09:52:31,399.75,4227582
2021-06-03 09:52:32,399.75,4227582
2021-06-03 09:52:33,399.75,4227607
2021-06-03 09:52:34,399.75,4227607
2021-06-03 09:52:35,399.75,4227917
2021-06-03 09:52:36,399.75,4228247
2021-06-03 09:52:37,399.75,4228604
2021-06-03 09:52:38,399.75,4228604
2021-06-03 09:52:40,399.75,4228710
2021-06-03 09:52:42,399.6,4229510
2021-06-03 09:52:43,399.75,4229512
2021-06-03 09:52:44,399.75,4230612
2021-06-03 09:52:45,399.5,4232013
2021-06-03 09:52:46,399.7,4232083
2021-06-03 09:52:47,399.7,4232103
2021-06-03 09:52:48,399.7,4232143
2021-06-03 09:52:50,399.6,4232256
2021-06-03 09:52:51,399.7,4232556
2021-06-03 09:52:52,399.75,4232856
2021-06-03 09:52:53,399.6,4232956
2021-06-03 09:52:54,399.75,4233006
2021-06-03 09:52:55,399.8,4233446
2021-06-03 09:52:56,399.75,4233806
2021-06-03 09:52:57,399.6,4233881
2021-06-03 09:52:58,399.6,4233881
2021-06-03 09:52:59,399.7,4233886
2021-06-03 09:53:00,399.7,4234153
2021-06-03 09:53:01,399.7,4234154
2021-06-03 09:53:02,399.7,4234204
2021-06-03 09:53:03,399.7,4234254
2021-06-03 09:53:04,399.7,4234254
2021-06-03 09:53:05,399.6,4234264
2021-06-03 09:53:06,399.6,4235364
2021-06-03 09:53:07,399.65,4236115
2021-06-03 09:53:08,399.65,4236215
2021-06-03 09:53:09,399.55,4236865
2021-06-03 09:53:10,399.75,4236866
2021-06-03 09:53:11,399.8,4237467
2021-06-03 09:53:12,399.8,4237547
2021-06-03 09:53:13,399.75,4238407
2021-06-03 09:53:14,399.8,4238608
2021-06-03 09:53:15,399.8,4238608
2021-06-03 09:53:16,399.65,4239038
2021-06-03 09:53:18,399.65,4239038
2021-06-03 09:53:19,399.75,4239048
2021-06-03 09:53:20,399.75,4239058
2021-06-03 09:53:22,399.65,4239127
2021-06-03 09:53:21,399.65,4239112
2021-06-03 09:53:23,399.8,4239201
2021-06-03 09:53:24,399.8,4239201
2021-06-03 09:53:25,399.8,4239201
2021-06-03 09:53:26,399.7,4239202
2021-06-03 09:53:27,399.65,4239395
2021-06-03 09:53:28,399.65,4239395
2021-06-03 09:53:29,399.65,4239445
2021-06-03 09:53:30,399.65,4239671
2021-06-03 09:53:31,399.75,4239721
2021-06-03 09:53:32,399.65,4240629
2021-06-03 09:53:33,399.7,4240638
2021-06-03 09:53:34,399.7,4240713
2021-06-03 09:53:35,399.65,4240723
2021-06-03 09:53:36,399.6,4240853
2021-06-03 09:53:37,399.65,4240877
2021-06-03 09:53:38,399.65,4241002
2021-06-03 09:53:39,399.5,4242282
2021-06-03 09:53:40,399.5,4242282
2021-06-03 09:53:41,399.55,4242293
2021-06-03 09:53:42,399.5,4242312
2021-06-03 09:53:43,399.55,4242313
2021-06-03 09:53:44,399.3,4251921
2021-06-03 09:53:45,399.4,4252221
2021-06-03 09:53:46,399.25,4252301
2021-06-03 09:53:47,399.25,4252786
2021-06-03 09:53:48,399.4,4252911
2021-06-03 09:53:49,399.25,4253042
2021-06-03 09:53:50,399.35,4253186
2021-06-03 09:53:51,399.2,4253286
2021-06-03 09:53:52,399.2,4253330
2021-06-03 09:53:53,399.2,4253345
2021-06-03 09:53:54,399.2,4253347
2021-06-03 09:53:55,399.25,4253367
2021-06-03 09:53:56,399.3,4253568
2021-06-03 09:53:57,399.35,4255169
2021-06-03 09:53:58,399.2,4255228
2021-06-03 09:53:59,399.2,4256309
2021-06-03 09:54:00,399.2,4256369
2021-06-03 09:54:01,399.2,4256369
2021-06-03 09:54:02,399.3,4257162
2021-06-03 09:54:03,399.25,4257437
2021-06-03 09:54:04,399.25,4257437
2021-06-03 09:54:05,399.25,4257558
2021-06-03 09:54:06,399.3,4257618
2021-06-03 09:54:07,399.3,4257618
2021-06-03 09:54:08,399.3,4257668
2021-06-03 09:54:09,399.25,4258478
2021-06-03 09:54:11,399.3,4259316
2021-06-03 09:54:12,399.3,4259526
2021-06-03 09:54:13,399.3,4259526
2021-06-03 09:54:14,399.2,4260626
2021-06-03 09:54:15,399.2,4260626
2021-06-03 09:54:16,399.25,4268857
2021-06-03 09:54:17,399.15,4268878
2021-06-03 09:54:18,399.15,4269478
2021-06-03 09:54:19,399.3,4269667
2021-06-03 09:54:20,399.3,4269697
2021-06-03 09:54:21,399.3,4269707
2021-06-03 09:54:22,399.2,4269732
2021-06-03 09:54:23,399.3,4269757
2021-06-03 09:54:24,399.3,4269757
2021-06-03 09:54:25,399.3,4269792
2021-06-03 09:54:26,399.25,4271378
2021-06-03 09:54:27,399.25,4271398
2021-06-03 09:54:28,399.2,4271406
2021-06-03 09:54:29,399.2,4271789
2021-06-03 09:54:30,399.2,4271794
2021-06-03 09:54:31,399.3,4271829
2021-06-03 09:54:33,399.2,4271882
2021-06-03 09:54:34,399.2,4271882
2021-06-03 09:54:35,399.3,4272082
2021-06-03 09:54:36,399.25,4272510
2021-06-03 09:54:37,399.25,4272635
2021-06-03 09:54:38,399.25,4272745
2021-06-03 09:54:39,399.25,4272846
2021-06-03 09:54:40,399.3,4272936
2021-06-03 09:54:42,399.3,4273026
2021-06-03 09:54:42,399.3,4273026
2021-06-03 09:54:43,399.3,4273251
2021-06-03 09:54:44,399.3,4273313
2021-06-03 09:54:45,399.4,4276470
2021-06-03 09:54:46,399.4,4276485
2021-06-03 09:54:47,399.3,4276895
2021-06-03 09:54:48,399.45,4276951
2021-06-03 09:54:50,399.3,4277031
2021-06-03 09:54:51,399.3,4277031
2021-06-03 09:54:52,399.45,4278071
2021-06-03 09:54:53,399.45,4278071
2021-06-03 09:54:54,399.45,4278071
2021-06-03 09:54:55,399.45,4278261
2021-06-03 09:54:56,399.45,4278262
2021-06-03 09:54:58,399.35,4278597
2021-06-03 09:54:59,399.35,4278868
2021-06-03 09:55:00,399.35,4279115
2021-06-03 09:55:01,399.35,4279115
2021-06-03 09:55:02,399.35,4279115
2021-06-03 09:55:03,399.4,4279295
2021-06-03 09:55:04,399.4,4280372
2021-06-03 09:55:05,399.35,4282647
2021-06-03 09:55:06,399.35,4282647
2021-06-03 09:55:07,399.35,4282647
2021-06-03 09:55:08,399.45,4282657
2021-06-03 09:55:09,399.35,4283768
2021-06-03 09:55:10,399.35,4283768
2021-06-03 09:55:11,399.5,4286770
2021-06-03 09:55:12,399.35,4286873
2021-06-03 09:55:13,399.35,4286873
2021-06-03 09:55:14,399.35,4286873
2021-06-03 09:55:15,399.55,4286923
2021-06-03 09:55:16,399.55,4286973
2021-06-03 09:55:17,399.55,4286973
2021-06-03 09:55:18,399.55,4286973
2021-06-03 09:55:19,399.5,4287297
2021-06-03 09:55:20,399.55,4287497
2021-06-03 09:55:21,399.35,4288270
2021-06-03 09:55:22,399.5,4289289
2021-06-03 09:55:23,399.55,4289889
2021-06-03 09:55:24,399.35,4290389
2021-06-03 09:55:25,399.35,4290459
2021-06-03 09:55:26,399.35,4290459
2021-06-03 09:55:27,399.55,4290470
2021-06-03 09:55:28,399.35,4293087
2021-06-03 09:55:29,399.3,4293162
2021-06-03 09:55:30,399.4,4293262
2021-06-03 09:55:31,399.35,4293429
2021-06-03 09:55:32,399.35,4293790
2021-06-03 09:55:33,399.25,4296970
2021-06-03 09:55:34,399.3,4297137
2021-06-03 09:55:35,399.3,4297483
2021-06-03 09:55:36,399.3,4297508
2021-06-03 09:55:38,399.3,4297533
2021-06-03 09:55:39,399.2,4299139
2021-06-03 09:55:39,399.2,4299169
2021-06-03 09:55:41,399.25,4299235
2021-06-03 09:55:41,399.25,4299235
2021-06-03 09:55:42,399.3,4299260
2021-06-03 09:55:43,399.45,4299623
2021-06-03 09:55:44,399.45,4299834
2021-06-03 09:55:45,399.45,4299834
2021-06-03 09:55:46,399.25,4299839
2021-06-03 09:55:47,399.3,4300064
2021-06-03 09:55:48,399.3,4300467
2021-06-03 09:55:49,399.3,4300607
2021-06-03 09:55:50,399.15,4302668
2021-06-03 09:55:51,399.4,4303168
2021-06-03 09:55:52,399.35,4303177
2021-06-03 09:55:53,399.35,4303327
2021-06-03 09:55:54,399.35,4303327
2021-06-03 09:55:55,399.35,4303327
2021-06-03 09:55:56,399.3,4303338
2021-06-03 09:55:57,399.25,4303353
2021-06-03 09:55:58,399.3,4303633
2021-06-03 09:55:59,399.4,4303732
2021-06-03 09:56:00,399.35,4303894
2021-06-03 09:56:01,399.35,4303944
2021-06-03 09:56:02,399.45,4304194
2021-06-03 09:56:03,399.3,4304339
2021-06-03 09:56:04,399.35,4304372
2021-06-03 09:56:06,399.35,4304373
2021-06-03 09:56:06,399.3,4304423
2021-06-03 09:56:07,399.2,4304848
2021-06-03 09:56:08,399.25,4304858
2021-06-03 09:56:09,399.1,4305020
2021-06-03 09:56:10,399.1,4305020
2021-06-03 09:56:11,399.05,4305290
2021-06-03 09:56:12,399.25,4305835
2021-06-03 09:56:13,399.25,4305875
2021-06-03 09:56:14,399.05,4306115
2021-06-03 09:56:15,399.05,4306359
2021-06-03 09:56:16,399.05,4306459
2021-06-03 09:56:17,399.2,4306522
2021-06-03 09:56:18,399.05,4306582
2021-06-03 09:56:19,399.05,4306603
2021-06-03 09:56:20,399.2,4306607
2021-06-03 09:56:22,399.2,4306622
2021-06-03 09:56:22,399.0,4342070
2021-06-03 09:56:23,399.1,4346765
2021-06-03 09:56:24,399.2,4347015
2021-06-03 09:56:25,399.05,4349429
2021-06-03 09:56:26,399.05,4349429
2021-06-03 09:56:27,399.0,4349435
2021-06-03 09:56:28,399.0,4349485
2021-06-03 09:56:29,399.0,4349485
2021-06-03 09:56:30,399.0,4349656
2021-06-03 09:56:31,399.15,4349935
2021-06-03 09:56:32,399.15,4350050
2021-06-03 09:56:33,399.05,4350250
2021-06-03 09:56:34,399.05,4350250
2021-06-03 09:56:35,399.05,4350339
2021-06-03 09:56:36,399.2,4350459
2021-06-03 09:56:37,399.2,4353171
2021-06-03 09:56:38,399.0,4353320
2021-06-03 09:56:39,399.0,4353371
2021-06-03 09:56:40,399.0,4353371
2021-06-03 09:56:41,399.15,4353449
2021-06-03 09:56:42,399.0,4353464
2021-06-03 09:56:43,399.0,4353464
2021-06-03 09:56:45,399.2,4353815
2021-06-03 09:56:45,399.2,4353835
2021-06-03 09:56:46,399.2,4354235
2021-06-03 09:56:47,399.0,4354379
2021-06-03 09:56:49,399.0,4354459
2021-06-03 09:56:50,399.15,4356201
2021-06-03 09:56:50,399.15,4356201
2021-06-03 09:56:51,399.25,4362757
2021-06-03 09:56:52,399.35,4362958
2021-06-03 09:56:53,399.35,4362958
2021-06-03 09:56:54,399.4,4363008
2021-06-03 09:56:55,399.4,4363046
2021-06-03 09:56:56,399.45,4366029
2021-06-03 09:56:57,399.45,4366433
2021-06-03 09:56:58,399.45,4366433
2021-06-03 09:56:59,399.5,4366459
2021-06-03 09:57:01,399.45,4366741
2021-06-03 09:57:02,399.45,4367015
2021-06-03 09:57:03,399.45,4367215
2021-06-03 09:57:04,399.35,4367235
2021-06-03 09:57:04,399.35,4367235
2021-06-03 09:57:05,399.5,4367535
2021-06-03 09:57:07,399.5,4367653
2021-06-03 09:57:08,399.45,4367663
2021-06-03 09:57:09,399.3,4367708
2021-06-03 09:57:10,399.35,4367718
2021-06-03 09:57:10,399.35,4367718
2021-06-03 09:57:11,399.35,4368027
2021-06-03 09:57:12,399.4,4368032
2021-06-03 09:57:13,399.4,4368032
2021-06-03 09:57:14,399.3,4368603
2021-06-03 09:57:16,399.4,4368616
2021-06-03 09:57:17,399.4,4368617
2021-06-03 09:57:18,399.4,4368617
2021-06-03 09:57:19,399.4,4368617
2021-06-03 09:57:20,399.3,4369717
2021-06-03 09:57:21,399.4,4370082
2021-06-03 09:57:21,399.2,4370017
2021-06-03 09:57:22,399.4,4370086
2021-06-03 09:57:23,399.45,4370586
2021-06-03 09:57:24,399.25,4370589
2021-06-03 09:57:25,399.25,4370589
2021-06-03 09:57:26,399.35,4370819
2021-06-03 09:57:27,399.35,4370819
2021-06-03 09:57:29,399.35,4370819
2021-06-03 09:57:30,399.3,4370839
2021-06-03 09:57:31,399.35,4371014
2021-06-03 09:57:32,399.2,4371029
2021-06-03 09:57:33,399.2,4371029
2021-06-03 09:57:34,399.3,4371030
2021-06-03 09:57:34,399.2,4371029
2021-06-03 09:57:36,399.25,4372317
2021-06-03 09:57:37,399.3,4372367
2021-06-03 09:57:38,399.3,4372367
2021-06-03 09:57:39,399.3,4372831
2021-06-03 09:57:40,399.3,4372881
2021-06-03 09:57:41,399.3,4373553
2021-06-03 09:57:42,399.4,4374016
2021-06-03 09:57:43,399.4,4374016
2021-06-03 09:57:44,399.4,4374016
2021-06-03 09:57:45,399.3,4374116
2021-06-03 09:57:46,399.25,4376416
2021-06-03 09:57:47,399.4,4376417
2021-06-03 09:57:49,399.45,4376442
2021-06-03 09:57:50,399.45,4376442
2021-06-03 09:57:51,399.25,4376447
2021-06-03 09:57:52,399.25,4376447
2021-06-03 09:57:53,399.25,4376447
2021-06-03 09:57:54,399.4,4376484
2021-06-03 09:57:55,399.4,4376484
2021-06-03 09:57:56,399.4,4376584
2021-06-03 09:57:57,399.4,4376684
2021-06-03 09:57:57,399.4,4376684
2021-06-03 09:57:58,399.3,4379060
2021-06-03 09:57:59,399.3,4379060
2021-06-03 09:58:01,399.3,4379160
2021-06-03 09:58:02,399.2,4379416
2021-06-03 09:58:03,399.2,4379416
2021-06-03 09:58:04,399.3,4379431
2021-06-03 09:58:05,399.3,4379591
2021-06-03 09:58:06,399.25,4379697
2021-06-03 09:58:07,399.25,4381847
2021-06-03 09:58:08,399.25,4381848
2021-06-03 09:58:09,399.3,4381953
2021-06-03 09:58:10,399.3,4381963
2021-06-03 09:58:10,399.3,4381963
2021-06-03 09:58:11,399.3,4381963
2021-06-03 09:58:12,399.3,4382037
2021-06-03 09:58:14,399.25,4382047
2021-06-03 09:58:16,399.2,4384284
2021-06-03 09:58:17,399.1,4384304
2021-06-03 09:58:18,399.1,4384304
2021-06-03 09:58:18,399.1,4384304
2021-06-03 09:58:19,399.1,4384561
2021-06-03 09:58:20,399.2,4384847
2021-06-03 09:58:22,399.2,4385313
2021-06-03 09:58:23,399.2,4385395
2021-06-03 09:58:24,399.1,4389357
2021-06-03 09:58:25,399.1,4389357
2021-06-03 09:58:26,399.05,4389869
2021-06-03 09:58:27,399.05,4389922
2021-06-03 09:58:28,399.05,4390013
2021-06-03 09:58:29,399.1,4390138
2021-06-03 09:58:30,399.05,4390209
2021-06-03 09:58:30,399.05,4390209
2021-06-03 09:58:31,399.1,4390234
2021-06-03 09:58:33,399.05,4416078
2021-06-03 09:58:34,399.05,4416109
2021-06-03 09:58:35,399.2,4416226
2021-06-03 09:58:36,399.2,4416276
2021-06-03 09:58:36,399.2,4416276
2021-06-03 09:58:37,399.2,4416301
2021-06-03 09:58:38,399.2,4416301
2021-06-03 09:58:40,399.2,4416302
2021-06-03 09:58:40,399.1,4416327
2021-06-03 09:58:41,398.95,4426484
2021-06-03 09:58:42,399.05,4426584
2021-06-03 09:58:43,399.05,4427491
2021-06-03 09:58:44,399.1,4428636
2021-06-03 09:58:46,399.0,4429291
2021-06-03 09:58:47,399.3,4432036
2021-06-03 09:58:48,399.4,4432111
2021-06-03 09:58:49,399.3,4432238
2021-06-03 09:58:50,399.3,4432638
2021-06-03 09:58:51,399.45,4437087
2021-06-03 09:58:52,399.45,4437112
2021-06-03 09:58:53,399.4,4437452
2021-06-03 09:58:54,399.45,4437652
2021-06-03 09:58:55,399.45,4437652
2021-06-03 09:58:56,399.45,4437702
2021-06-03 09:58:56,399.45,4437702
2021-06-03 09:58:57,399.4,4437706
2021-06-03 09:58:58,399.35,4437756
2021-06-03 09:58:59,399.35,4437781
2021-06-03 09:59:00,399.3,4438328
2021-06-03 09:59:01,399.3,4438343
2021-06-03 09:59:03,399.3,4438418
2021-06-03 09:59:05,399.3,4438422
2021-06-03 09:59:06,399.2,4438672
2021-06-03 09:59:07,399.2,4438898
2021-06-03 09:59:09,399.2,4438898
2021-06-03 09:59:10,399.3,4438938
2021-06-03 09:59:12,399.15,4439238
2021-06-03 09:59:13,399.15,4439238
2021-06-03 09:59:14,399.4,4440314
2021-06-03 09:59:14,399.25,4440319
2021-06-03 09:59:16,399.4,4440422
2021-06-03 09:59:17,399.4,4440422
2021-06-03 09:59:18,399.3,4440473
2021-06-03 09:59:19,399.4,4440565
2021-06-03 09:59:21,399.4,4440565
2021-06-03 09:59:22,399.4,4440565
2021-06-03 09:59:23,399.3,4440665
2021-06-03 09:59:24,399.4,4440715
2021-06-03 09:59:25,399.4,4440715
2021-06-03 09:59:26,399.4,4440715
2021-06-03 09:59:27,399.4,4440720
2021-06-03 09:59:28,399.4,4440721
2021-06-03 09:59:29,399.4,4440746
2021-06-03 09:59:30,399.4,4440746
2021-06-03 09:59:31,399.3,4440852
2021-06-03 09:59:31,399.3,4440862
2021-06-03 09:59:34,399.4,4440937
2021-06-03 09:59:35,399.4,4440937
2021-06-03 09:59:36,399.3,4441022
2021-06-03 09:59:37,399.4,4441027
2021-06-03 09:59:38,399.4,4441028
2021-06-03 09:59:38,399.4,4441028
2021-06-03 09:59:39,399.4,4441038
2021-06-03 09:59:40,399.4,4441708
2021-06-03 09:59:42,399.3,4441845
2021-06-03 09:59:43,399.3,4441896
2021-06-03 09:59:44,399.4,4442653
2021-06-03 09:59:44,399.4,4442653
2021-06-03 09:59:45,399.4,4442653
2021-06-03 09:59:46,399.4,4442743
2021-06-03 09:59:48,399.3,4442805
2021-06-03 09:59:49,399.3,4442880
2021-06-03 09:59:50,399.4,4443080
2021-06-03 09:59:51,399.3,4443143
2021-06-03 09:59:52,399.4,4443153
2021-06-03 09:59:52,399.3,4443154
2021-06-03 09:59:54,399.4,4443184
2021-06-03 09:59:55,399.4,4443184
2021-06-03 09:59:56,399.3,4443384
2021-06-03 09:59:57,399.3,4443384
2021-06-03 09:59:58,399.3,4443384
2021-06-03 09:59:59,399.3,4443684
2021-06-03 10:00:00,399.3,4443684
2021-06-03 10:00:00,399.3,4443684
2021-06-03 10:00:02,399.3,4443684
2021-06-03 10:00:03,399.4,4443806
2021-06-03 10:00:03,399.3,4443846
2021-06-03 10:00:05,399.5,4445171
2021-06-03 10:00:06,399.35,4445172
2021-06-03 10:00:07,399.35,4445172
2021-06-03 10:00:08,399.45,4445272
2021-06-03 10:00:09,399.5,4445392
2021-06-03 10:00:10,399.5,4445394
2021-06-03 10:00:11,399.5,4445394
2021-06-03 10:00:12,399.5,4445394
2021-06-03 10:00:13,399.5,4445394
2021-06-03 10:00:13,399.4,4445519
2021-06-03 10:00:14,399.5,4446156
2021-06-03 10:00:15,399.5,4446587
2021-06-03 10:00:16,399.5,4446637
2021-06-03 10:00:17,399.5,4446637
2021-06-03 10:00:18,399.5,4446639
2021-06-03 10:00:20,399.5,4446924
2021-06-03 10:00:21,399.5,4446924
2021-06-03 10:00:22,399.5,4446924
2021-06-03 10:00:23,399.5,4447149
2021-06-03 10:00:24,399.4,4447275
2021-06-03 10:00:25,399.4,4448445
2021-06-03 10:00:25,399.4,4447275
2021-06-03 10:00:26,399.5,4448795
2021-06-03 10:00:27,399.5,4448800
2021-06-03 10:00:28,399.5,4448800
2021-06-03 10:00:29,399.5,4448801
2021-06-03 10:00:30,399.5,4449001
2021-06-03 10:00:32,399.5,4449001
2021-06-03 10:00:33,399.5,4449011
2021-06-03 10:00:34,399.4,4449013
2021-06-03 10:00:35,399.4,4450513
2021-06-03 10:00:36,399.5,4450548
2021-06-03 10:00:37,399.5,4450568
2021-06-03 10:00:38,399.5,4450569
2021-06-03 10:00:39,399.5,4450569
2021-06-03 10:00:40,399.5,4451019
2021-06-03 10:00:40,399.5,4451019
2021-06-03 10:00:41,399.4,4451139
2021-06-03 10:00:42,399.5,4451194
2021-06-03 10:00:43,399.5,4451194
2021-06-03 10:00:44,399.4,4451319
2021-06-03 10:00:45,399.4,4451319
2021-06-03 10:00:47,399.5,4451419
2021-06-03 10:00:48,399.5,4452119
2021-06-03 10:00:48,399.5,4452119
2021-06-03 10:00:49,399.5,4452119
2021-06-03 10:00:51,399.5,4452485
2021-06-03 10:00:52,399.55,4453495
2021-06-03 10:00:52,399.55,4453495
2021-06-03 10:00:54,399.45,4453574
2021-06-03 10:00:55,399.55,4453594
2021-06-03 10:00:56,399.6,4454240
2021-06-03 10:00:57,399.55,4456348
2021-06-03 10:00:57,399.55,4456348
2021-06-03 10:00:58,399.55,4456390
2021-06-03 10:01:00,399.6,4456450
2021-06-03 10:01:01,399.55,4456590
2021-06-03 10:01:01,399.55,4456590
2021-06-03 10:01:02,399.5,4456984
2021-06-03 10:01:04,399.3,4465385
2021-06-03 10:01:05,399.3,4466387
2021-06-03 10:01:06,399.35,4466388
2021-06-03 10:01:07,399.35,4466618
2021-06-03 10:01:08,399.35,4466648
2021-06-03 10:01:09,399.15,4467388
2021-06-03 10:01:09,399.15,4467388
2021-06-03 10:01:11,399.3,4467399
2021-06-03 10:01:12,399.3,4467439
2021-06-03 10:01:13,399.3,4467454
2021-06-03 10:01:13,399.3,4467454
2021-06-03 10:01:16,399.15,4467464
2021-06-03 10:01:17,399.25,4467473
2021-06-03 10:01:18,399.15,4467564
2021-06-03 10:01:19,399.2,4467574
2021-06-03 10:01:20,399.25,4467604
2021-06-03 10:01:21,399.25,4467604
2021-06-03 10:01:22,399.25,4467605
2021-06-03 10:01:23,399.25,4467605
2021-06-03 10:01:24,399.2,4468199
2021-06-03 10:01:25,399.05,4470401
2021-06-03 10:01:26,399.1,4470451
2021-06-03 10:01:27,399.25,4470576
2021-06-03 10:01:28,399.25,4470586
2021-06-03 10:01:28,399.25,4470576
2021-06-03 10:01:29,399.1,4470761
2021-06-03 10:01:31,399.25,4470792
2021-06-03 10:01:32,398.9,4483914
2021-06-03 10:01:33,399.0,4484012
2021-06-03 10:01:34,398.85,4484052
2021-06-03 10:01:35,399.0,4484196
2021-06-03 10:01:35,398.95,4484306
2021-06-03 10:01:36,399.0,4484343
2021-06-03 10:01:38,399.0,4484410
2021-06-03 10:01:39,399.0,4484420
2021-06-03 10:01:40,399.0,4484440
2021-06-03 10:01:41,399.0,4484465
2021-06-03 10:01:42,399.0,4484593
2021-06-03 10:01:43,398.95,4484616
2021-06-03 10:01:44,399.0,4484661
2021-06-03 10:01:45,399.0,4484661
2021-06-03 10:01:46,399.0,4484661
2021-06-03 10:01:47,399.0,4484702
2021-06-03 10:01:48,399.0,4485203
2021-06-03 10:01:49,398.8,4487116
2021-06-03 10:01:51,398.8,4487116
2021-06-03 10:01:53,398.8,4487781
2021-06-03 10:01:54,398.8,4487781
2021-06-03 10:01:55,398.8,4487831
2021-06-03 10:01:56,398.8,4487833
2021-06-03 10:01:57,398.85,4487848
2021-06-03 10:01:58,398.9,4487993
2021-06-03 10:01:59,398.8,4488008
2021-06-03 10:02:00,398.95,4488158
2021-06-03 10:02:01,398.85,4488958
2021-06-03 10:02:02,398.95,4489177
2021-06-03 10:02:03,398.85,4489207
2021-06-03 10:02:03,398.85,4489217
2021-06-03 10:02:05,398.85,4489639
2021-06-03 10:02:06,398.95,4489869
2021-06-03 10:02:07,398.9,4489904
2021-06-03 10:02:08,398.85,4490404
2021-06-03 10:02:09,398.85,4490861
2021-06-03 10:02:10,398.85,4491470
2021-06-03 10:02:11,398.95,4491570
2021-06-03 10:02:12,398.8,4492382
2021-06-03 10:02:13,398.8,4498515
2021-06-03 10:02:14,398.8,4498585
2021-06-03 10:02:15,398.8,4498862
2021-06-03 10:02:16,398.75,4498962
2021-06-03 10:02:17,398.75,4499173
2021-06-03 10:02:17,398.75,4499173
2021-06-03 10:02:18,398.8,4499293
2021-06-03 10:02:19,398.8,4499318
2021-06-03 10:02:20,398.75,4499899
2021-06-03 10:02:22,398.8,4500711
2021-06-03 10:02:23,398.8,4500756
2021-06-03 10:02:24,398.85,4500863
2021-06-03 10:02:24,398.8,4500913
2021-06-03 10:02:25,398.85,4501256
2021-06-03 10:02:26,398.8,4501391
2021-06-03 10:02:27,398.85,4501416
2021-06-03 10:02:28,398.8,4501726
2021-06-03 10:02:30,398.8,4501826
2021-06-03 10:02:30,398.9,4501927
2021-06-03 10:02:31,398.9,4502127
2021-06-03 10:02:32,398.9,4502153
2021-06-03 10:02:33,398.9,4502153
2021-06-03 10:02:34,398.9,4502228
2021-06-03 10:02:36,398.8,4502283
2021-06-03 10:02:37,398.8,4502683
2021-06-03 10:02:38,398.9,4502696
2021-06-03 10:02:39,398.8,4502720
2021-06-03 10:02:39,398.8,4502845
2021-06-03 10:02:41,398.8,4502845
2021-06-03 10:02:42,398.8,4502948
2021-06-03 10:02:43,398.8,4503144
2021-06-03 10:02:43,398.9,4503199
2021-06-03 10:02:44,398.9,4503199
2021-06-03 10:02:45,398.9,4503499
2021-06-03 10:02:46,398.9,4503527
2021-06-03 10:02:47,398.85,4503535
2021-06-03 10:02:48,398.9,4503585
2021-06-03 10:02:50,398.9,4504210
2021-06-03 10:02:51,398.85,4504250
2021-06-03 10:02:53,398.7,4511123
2021-06-03 10:02:54,398.75,4511223
2021-06-03 10:02:54,398.75,4511223
2021-06-03 10:02:56,398.6,4513410
2021-06-03 10:02:57,398.75,4513412
2021-06-03 10:02:58,398.75,4514122
2021-06-03 10:02:59,398.6,4514553
2021-06-03 10:03:00,398.6,4514678
2021-06-03 10:03:01,398.8,4514681
2021-06-03 10:03:02,398.65,4514684
2021-06-03 10:03:03,398.8,4515104
2021-06-03 10:03:04,398.8,4515104
2021-06-03 10:03:06,398.6,4516785
2021-06-03 10:03:08,398.75,4517090
2021-06-03 10:03:09,398.6,4517098
2021-06-03 10:03:10,398.6,4517098
2021-06-03 10:03:11,398.6,4517098
2021-06-03 10:03:12,398.6,4517206
2021-06-03 10:03:14,398.9,4521529
2021-06-03 10:03:13,398.65,4521504
2021-06-03 10:03:15,398.9,4521599
2021-06-03 10:03:16,398.8,4521775
2021-06-03 10:03:17,398.8,4521785
2021-06-03 10:03:18,398.8,4521790
2021-06-03 10:03:19,398.8,4521805
2021-06-03 10:03:20,398.95,4521889
2021-06-03 10:03:21,398.9,4522160
2021-06-03 10:03:22,398.7,4524727
2021-06-03 10:03:23,398.7,4524792
2021-06-03 10:03:25,398.9,4525850
2021-06-03 10:03:26,398.9,4526050
2021-06-03 10:03:27,398.9,4526050
2021-06-03 10:03:28,398.8,4526060
2021-06-03 10:03:29,398.65,4526760
2021-06-03 10:03:30,398.65,4526760
2021-06-03 10:03:31,398.8,4526960
2021-06-03 10:03:32,398.85,4526986
2021-06-03 10:03:33,398.85,4526986
2021-06-03 10:03:34,398.7,4527036
2021-06-03 10:03:35,398.85,4527236
2021-06-03 10:03:36,398.85,4527336
2021-06-03 10:03:37,398.7,4527361
2021-06-03 10:03:38,398.85,4527561
2021-06-03 10:03:39,398.8,4527627
2021-06-03 10:03:40,398.8,4527627
2021-06-03 10:03:41,398.7,4527632
2021-06-03 10:03:42,398.8,4527724
2021-06-03 10:03:43,398.8,4527724
2021-06-03 10:03:44,398.7,4527735
2021-06-03 10:03:45,398.7,4527735
2021-06-03 10:03:46,398.7,4527950
2021-06-03 10:03:47,398.7,4527950
2021-06-03 10:03:49,398.7,4528633
2021-06-03 10:03:51,398.7,4528743
2021-06-03 10:03:52,398.75,4528763
2021-06-03 10:03:53,398.75,4529613
2021-06-03 10:03:54,398.75,4529613
2021-06-03 10:03:55,398.85,4529813
2021-06-03 10:03:56,398.8,4529820
2021-06-03 10:03:57,398.8,4529820
2021-06-03 10:03:58,398.8,4529820
2021-06-03 10:03:59,398.7,4530851
2021-06-03 10:04:00,398.75,4531031
2021-06-03 10:04:01,398.6,4544223
2021-06-03 10:04:02,398.6,4544231
2021-06-03 10:04:03,398.6,4545343
2021-06-03 10:04:04,398.6,4545553
2021-06-03 10:04:05,398.55,4546678
2021-06-03 10:04:06,398.65,4546778
2021-06-03 10:04:07,398.5,4560602
2021-06-03 10:04:08,398.6,4560852
2021-06-03 10:04:09,398.5,4561072
2021-06-03 10:04:10,398.65,4561911
2021-06-03 10:04:11,398.5,4561930
2021-06-03 10:04:12,398.65,4562478
2021-06-03 10:04:13,398.5,4563478
2021-06-03 10:04:14,398.5,4563598
2021-06-03 10:04:15,398.65,4563703
2021-06-03 10:04:16,398.6,4563745
2021-06-03 10:04:17,398.5,4563845
2021-06-03 10:04:18,398.5,4563845
2021-06-03 10:04:19,398.5,4564078
2021-06-03 10:04:20,398.5,4564488
2021-06-03 10:04:21,398.6,4564507
2021-06-03 10:04:22,398.7,4564657
2021-06-03 10:04:23,398.55,4564798
2021-06-03 10:04:24,398.55,4564798
2021-06-03 10:04:25,398.65,4565335
2021-06-03 10:04:26,398.7,4567107
2021-06-03 10:04:27,398.7,4567207
2021-06-03 10:04:28,398.65,4567527
2021-06-03 10:04:29,398.65,4568197
2021-06-03 10:04:30,398.8,4568302
2021-06-03 10:04:31,398.8,4568302
2021-06-03 10:04:32,398.65,4568991
2021-06-03 10:04:33,398.65,4569420
2021-06-03 10:04:34,398.65,4569520
2021-06-03 10:04:35,398.6,4569532
2021-06-03 10:04:36,398.65,4569542
2021-06-03 10:04:37,398.65,4569645
2021-06-03 10:04:38,398.6,4569675
2021-06-03 10:04:39,398.6,4570880
2021-06-03 10:04:40,398.6,4571406
2021-06-03 10:04:41,398.55,4571416
2021-06-03 10:04:42,398.6,4571741
2021-06-03 10:04:43,398.6,4571941
2021-06-03 10:04:44,398.6,4571941
2021-06-03 10:04:45,398.6,4571963
2021-06-03 10:04:46,398.6,4573063
2021-06-03 10:04:47,398.6,4573063
2021-06-03 10:04:48,398.55,4573066
2021-06-03 10:04:49,398.6,4573146
2021-06-03 10:04:50,398.65,4573491
2021-06-03 10:04:51,398.65,4573491
2021-06-03 10:04:52,398.65,4573491
2021-06-03 10:04:53,398.65,4573491
2021-06-03 10:04:54,398.55,4573691
2021-06-03 10:04:55,398.6,4573708
2021-06-03 10:04:56,398.65,4573763
2021-06-03 10:04:57,398.65,4574059
2021-06-03 10:04:58,398.6,4574270
2021-06-03 10:04:59,398.6,4575496
2021-06-03 10:05:00,398.65,4575511
2021-06-03 10:05:01,398.65,4575761
2021-06-03 10:05:02,398.6,4575883
2021-06-03 10:05:03,398.65,4576212
2021-06-03 10:05:05,398.65,4576791
2021-06-03 10:05:06,398.65,4576791
2021-06-03 10:05:07,398.75,4577091
2021-06-03 10:05:08,398.75,4577211
2021-06-03 10:05:09,398.75,4577211
2021-06-03 10:05:10,398.65,4577452
2021-06-03 10:05:11,398.8,4577852
2021-06-03 10:05:12,398.65,4578052
2021-06-03 10:05:13,398.8,4578258
2021-06-03 10:05:14,398.8,4578258
2021-06-03 10:05:15,398.8,4578258
2021-06-03 10:05:16,398.8,4578368
2021-06-03 10:05:17,398.85,4578628
2021-06-03 10:05:18,398.85,4578628
2021-06-03 10:05:19,398.85,4578628
2021-06-03 10:05:20,398.85,4578643
2021-06-03 10:05:21,398.85,4578643
2021-06-03 10:05:22,398.65,4578725
2021-06-03 10:05:23,398.65,4578730
2021-06-03 10:05:24,398.65,4578771
2021-06-03 10:05:25,398.85,4578811
2021-06-03 10:05:26,398.85,4578811
2021-06-03 10:05:27,398.65,4579052
2021-06-03 10:05:28,398.65,4579452
2021-06-03 10:05:29,398.85,4579841
2021-06-03 10:05:30,398.85,4579902
2021-06-03 10:05:31,398.85,4579911
2021-06-03 10:05:32,398.85,4579919
2021-06-03 10:05:34,398.9,4580049
2021-06-03 10:05:35,398.9,4581312
2021-06-03 10:05:36,398.9,4581440
2021-06-03 10:05:36,398.9,4581442
2021-06-03 10:05:37,398.9,4581476
2021-06-03 10:05:38,398.85,4582030
2021-06-03 10:05:39,398.95,4582039
2021-06-03 10:05:40,398.95,4583291
2021-06-03 10:05:41,398.85,4583335
2021-06-03 10:05:42,398.9,4583472
2021-06-03 10:05:43,398.85,4583888
2021-06-03 10:05:44,398.95,4584106
2021-06-03 10:05:45,399.0,4584987
2021-06-03 10:05:46,399.0,4585337
2021-06-03 10:05:47,399.0,4585454
2021-06-03 10:05:48,399.0,4585574
2021-06-03 10:05:49,399.0,4585936
2021-06-03 10:05:50,399.0,4585936
2021-06-03 10:05:51,399.0,4585946
2021-06-03 10:05:52,399.0,4585955
2021-06-03 10:05:53,399.0,4586467
2021-06-03 10:05:54,399.0,4586476
2021-06-03 10:05:55,399.0,4586484
2021-06-03 10:05:56,399.0,4586495
2021-06-03 10:05:57,399.0,4586506
2021-06-03 10:05:58,399.0,4586514
2021-06-03 10:05:59,399.0,4586525
2021-06-03 10:06:00,399.0,4586761
2021-06-03 10:06:01,399.0,4586770
2021-06-03 10:06:02,399.0,4586770
2021-06-03 10:06:03,399.0,4586905
2021-06-03 10:06:04,398.9,4587435
2021-06-03 10:06:05,398.9,4587435
