timestamp,ltp,volume
2021-06-03 09:15:48,712.7,115962
2021-06-03 09:16:00,710.75,154073
2021-06-03 09:16:01,711.1,155472
2021-06-03 09:16:02,711.0,156578
2021-06-03 09:16:04,710.9,157266
2021-06-03 09:16:05,710.55,158882
2021-06-03 09:16:06,710.55,160435
2021-06-03 09:16:07,710.0,161594
2021-06-03 09:16:08,710.55,162270
2021-06-03 09:16:09,710.15,163652
2021-06-03 09:16:10,709.45,170895
2021-06-03 09:16:10,709.45,170905
2021-06-03 09:16:11,709.5,172162
2021-06-03 09:16:12,709.75,172483
2021-06-03 09:16:13,709.7,172609
2021-06-03 09:16:14,709.8,174688
2021-06-03 09:16:15,710.25,177871
2021-06-03 09:16:16,709.7,178343
2021-06-03 09:16:17,709.55,178561
2021-06-03 09:16:18,710.0,181551
2021-06-03 09:16:19,710.1,182181
2021-06-03 09:16:20,709.85,182279
2021-06-03 09:16:22,710.1,182719
2021-06-03 09:16:23,710.0,183174
2021-06-03 09:16:24,709.7,184254
2021-06-03 09:16:25,709.55,185998
2021-06-03 09:16:26,709.75,186378
2021-06-03 09:16:28,709.4,188296
2021-06-03 09:16:29,709.3,188624
2021-06-03 09:16:30,709.3,189703
2021-06-03 09:16:31,709.2,191010
2021-06-03 09:16:32,709.15,191158
2021-06-03 09:16:33,709.4,192045
2021-06-03 09:16:34,709.8,193120
2021-06-03 09:16:36,709.4,193378
2021-06-03 09:16:39,709.55,195848
2021-06-03 09:16:39,709.8,195953
2021-06-03 09:16:40,709.7,200223
2021-06-03 09:16:41,709.75,200727
2021-06-03 09:16:42,709.4,201240
2021-06-03 09:16:44,709.35,203047
2021-06-03 09:16:45,709.4,203604
2021-06-03 09:16:46,709.0,205942
2021-06-03 09:16:47,709.4,207179
2021-06-03 09:16:48,708.5,210356
2021-06-03 09:16:48,708.5,210356
2021-06-03 09:16:49,708.5,211643
2021-06-03 09:16:50,708.75,212660
2021-06-03 09:16:52,709.2,214335
2021-06-03 09:16:53,709.4,215241
2021-06-03 09:16:54,709.4,215302
2021-06-03 09:16:55,709.9,216826
2021-06-03 09:16:56,710.35,221432
2021-06-03 09:16:57,710.3,222375
2021-06-03 09:16:58,709.65,222886
2021-06-03 09:16:59,709.85,223798
2021-06-03 09:17:00,709.75,224052
2021-06-03 09:17:02,709.7,224359
2021-06-03 09:17:03,709.55,225685
2021-06-03 09:17:04,709.5,228069
2021-06-03 09:17:05,709.2,229569
2021-06-03 09:17:06,709.05,229843
2021-06-03 09:17:07,709.4,230377
2021-06-03 09:17:08,709.55,231591
2021-06-03 09:17:09,709.5,232249
2021-06-03 09:17:09,709.5,232249
2021-06-03 09:17:10,709.85,232252
2021-06-03 09:17:11,709.9,233915
2021-06-03 09:17:12,710.15,238025
2021-06-03 09:17:14,710.3,239493
2021-06-03 09:17:15,710.05,240130
2021-06-03 09:17:16,710.25,240239
2021-06-03 09:17:17,710.15,240381
2021-06-03 09:17:18,709.9,241284
2021-06-03 09:17:19,710.2,241604
2021-06-03 09:17:20,710.7,244735
2021-06-03 09:17:21,710.35,247196
2021-06-03 09:17:22,711.0,255382
2021-06-03 09:17:22,711.0,256102
2021-06-03 09:17:23,711.75,258301
2021-06-03 09:17:24,711.2,259565
2021-06-03 09:17:25,711.1,260717
2021-06-03 09:17:26,711.55,261170
2021-06-03 09:17:27,711.1,261693
2021-06-03 09:17:28,711.45,261824
2021-06-03 09:17:30,711.25,262136
2021-06-03 09:17:31,711.15,262674
2021-06-03 09:17:32,711.15,262744
2021-06-03 09:17:33,711.25,263962
2021-06-03 09:17:34,711.5,264823
2021-06-03 09:17:35,711.15,265335
2021-06-03 09:17:36,711.3,265906
2021-06-03 09:17:37,711.55,268318
2021-06-03 09:17:37,711.65,269160
2021-06-03 09:17:38,711.05,269731
2021-06-03 09:17:39,711.1,270772
2021-06-03 09:17:40,711.45,272333
2021-06-03 09:17:41,711.25,272969
2021-06-03 09:17:43,711.75,274831
2021-06-03 09:17:44,711.5,275073
2021-06-03 09:17:45,711.6,276538
2021-06-03 09:17:46,711.5,276965
2021-06-03 09:17:47,711.6,277462
2021-06-03 09:17:48,711.9,277612
2021-06-03 09:17:48,711.9,277627
2021-06-03 09:17:50,711.5,280022
2021-06-03 09:17:51,711.35,282092
2021-06-03 09:17:51,711.7,282245
2021-06-03 09:17:52,711.5,282821
2021-06-03 09:17:53,711.65,283375
2021-06-03 09:17:55,711.45,284227
2021-06-03 09:17:56,711.25,285478
2021-06-03 09:17:57,711.1,288422
2021-06-03 09:17:58,711.4,289676
2021-06-03 09:17:59,711.05,289872
2021-06-03 09:17:59,711.4,289891
2021-06-03 09:18:00,711.5,291433
2021-06-03 09:18:02,711.25,291715
2021-06-03 09:18:03,711.0,292699
2021-06-03 09:18:04,711.35,294120
2021-06-03 09:18:05,711.2,295272
2021-06-03 09:18:06,711.3,296308
2021-06-03 09:18:07,712.1,327805
2021-06-03 09:18:08,712.2,334923
2021-06-03 09:18:08,712.15,333538
2021-06-03 09:18:09,711.95,335324
2021-06-03 09:18:10,712.35,339581
2021-06-03 09:18:11,711.95,340746
2021-06-03 09:18:12,712.65,346209
2021-06-03 09:18:13,712.85,347357
2021-06-03 09:18:14,712.55,349236
2021-06-03 09:18:16,712.55,349648
2021-06-03 09:18:17,712.8,350098
2021-06-03 09:18:18,712.8,350214
2021-06-03 09:18:19,712.55,350748
2021-06-03 09:18:19,712.55,350812
2021-06-03 09:18:20,712.9,352286
2021-06-03 09:18:21,712.75,352810
2021-06-03 09:18:23,712.8,352984
2021-06-03 09:18:24,712.8,354103
2021-06-03 09:18:25,712.55,355422
2021-06-03 09:18:25,712.35,357432
2021-06-03 09:18:26,712.45,358591
2021-06-03 09:18:27,712.55,359360
2021-06-03 09:18:29,712.35,359608
2021-06-03 09:18:30,711.95,361579
2021-06-03 09:18:31,711.65,362319
2021-06-03 09:18:32,711.9,363285
2021-06-03 09:18:33,712.45,363466
2021-06-03 09:18:34,712.5,365869
2021-06-03 09:18:35,712.1,366399
2021-06-03 09:18:36,712.05,368806
2021-06-03 09:18:36,711.75,368574
2021-06-03 09:18:37,712.0,369383
2021-06-03 09:18:39,711.9,369690
2021-06-03 09:18:40,711.75,371711
2021-06-03 09:18:41,711.55,372159
2021-06-03 09:18:42,712.0,372887
2021-06-03 09:18:42,711.8,372790
2021-06-03 09:18:43,712.0,372927
2021-06-03 09:18:44,712.0,373675
2021-06-03 09:18:45,712.1,374962
2021-06-03 09:18:47,711.8,376815
2021-06-03 09:18:48,711.75,377643
2021-06-03 09:18:49,711.5,378324
2021-06-03 09:18:50,711.35,380042
2021-06-03 09:18:51,711.5,380313
2021-06-03 09:18:52,711.25,385119
2021-06-03 09:18:53,711.6,385936
2021-06-03 09:18:54,711.1,386795
2021-06-03 09:18:54,711.5,386981
2021-06-03 09:18:55,711.15,387130
2021-06-03 09:18:57,711.3,387524
2021-06-03 09:18:58,711.5,387664
2021-06-03 09:18:59,711.2,388077
2021-06-03 09:19:00,711.65,388460
2021-06-03 09:19:01,711.45,389123
2021-06-03 09:19:02,711.55,389248
2021-06-03 09:19:04,711.35,389646
2021-06-03 09:19:05,711.45,389924
2021-06-03 09:19:06,711.5,390541
2021-06-03 09:19:07,711.35,391036
2021-06-03 09:19:08,711.55,391684
2021-06-03 09:19:08,711.95,391779
2021-06-03 09:19:09,711.8,392692
2021-06-03 09:19:11,711.55,394519
2021-06-03 09:19:12,711.55,394719
2021-06-03 09:19:13,711.65,394851
2021-06-03 09:19:14,711.65,395255
2021-06-03 09:19:15,711.4,395490
2021-06-03 09:19:16,711.5,395681
2021-06-03 09:19:16,711.35,395800
2021-06-03 09:19:17,711.2,397505
2021-06-03 09:19:18,711.55,398406
2021-06-03 09:19:20,711.45,398616
2021-06-03 09:19:21,711.15,399521
2021-06-03 09:19:22,711.05,405354
2021-06-03 09:19:23,711.0,406388
2021-06-03 09:19:24,711.35,406636
2021-06-03 09:19:25,711.05,406703
2021-06-03 09:19:25,711.0,406855
2021-06-03 09:19:26,711.35,408446
2021-06-03 09:19:28,711.3,409322
2021-06-03 09:19:29,711.75,409894
2021-06-03 09:19:30,711.6,410004
2021-06-03 09:19:31,711.8,410593
2021-06-03 09:19:32,712.0,423007
2021-06-03 09:19:32,712.45,424265
2021-06-03 09:19:33,712.5,424645
2021-06-03 09:19:34,712.15,424730
2021-06-03 09:19:35,711.6,424987
2021-06-03 09:19:36,711.5,425577
2021-06-03 09:19:38,711.95,426813
2021-06-03 09:19:39,712.1,427439
2021-06-03 09:19:40,712.1,427905
2021-06-03 09:19:41,712.05,428273
2021-06-03 09:19:42,712.05,428385
2021-06-03 09:19:43,712.0,428569
2021-06-03 09:19:44,712.0,428876
2021-06-03 09:19:45,711.75,429225
2021-06-03 09:19:45,711.75,429311
2021-06-03 09:19:47,711.7,430347
2021-06-03 09:19:48,711.7,430471
2021-06-03 09:19:49,711.75,430620
2021-06-03 09:19:50,711.7,430740
2021-06-03 09:19:51,711.7,430992
2021-06-03 09:19:51,711.7,431086
2021-06-03 09:19:53,711.75,431200
2021-06-03 09:19:54,711.7,431426
2021-06-03 09:19:55,712.0,431485
2021-06-03 09:19:56,711.75,431550
2021-06-03 09:19:57,712.0,431731
2021-06-03 09:19:57,711.7,431766
2021-06-03 09:19:59,711.95,432083
2021-06-03 09:20:00,711.75,432184
2021-06-03 09:20:01,711.95,432276
2021-06-03 09:20:02,711.75,432503
2021-06-03 09:20:02,711.75,432575
2021-06-03 09:20:04,712.0,433022
2021-06-03 09:20:05,711.75,433352
2021-06-03 09:20:06,711.95,435158
2021-06-03 09:20:07,712.0,443095
2021-06-03 09:20:08,712.35,448068
2021-06-03 09:20:09,712.45,449834
2021-06-03 09:20:10,712.45,450053
2021-06-03 09:20:10,712.45,450482
2021-06-03 09:20:11,712.0,452083
2021-06-03 09:20:13,712.0,454538
2021-06-03 09:20:14,711.7,454991
2021-06-03 09:20:15,711.7,455087
2021-06-03 09:20:16,711.7,455376
2021-06-03 09:20:17,711.6,455711
2021-06-03 09:20:18,711.7,455931
2021-06-03 09:20:19,712.0,456228
2021-06-03 09:20:19,712.0,456258
2021-06-03 09:20:21,711.6,456331
2021-06-03 09:20:22,711.95,456654
2021-06-03 09:20:23,712.05,459321
2021-06-03 09:20:24,711.9,460504
2021-06-03 09:20:25,711.95,460692
2021-06-03 09:20:25,711.95,460711
2021-06-03 09:20:27,711.6,461231
2021-06-03 09:20:28,711.9,461465
2021-06-03 09:20:29,711.9,461559
2021-06-03 09:20:30,711.9,461688
2021-06-03 09:20:30,711.9,461701
2021-06-03 09:20:32,711.65,462310
2021-06-03 09:20:33,711.6,462728
2021-06-03 09:20:34,711.8,462985
2021-06-03 09:20:35,711.2,467595
2021-06-03 09:20:36,711.4,468330
2021-06-03 09:20:37,711.2,468608
2021-06-03 09:20:38,711.5,469286
2021-06-03 09:20:39,711.45,470143
2021-06-03 09:20:39,711.35,469611
2021-06-03 09:20:41,711.1,470410
2021-06-03 09:20:42,711.05,470520
2021-06-03 09:20:43,711.15,471655
2021-06-03 09:20:44,711.0,472014
2021-06-03 09:20:45,711.0,481248
2021-06-03 09:20:46,711.0,482249
2021-06-03 09:20:46,711.1,482355
2021-06-03 09:20:47,711.25,483529
2021-06-03 09:20:49,711.3,483850
2021-06-03 09:20:50,711.0,484100
2021-06-03 09:20:51,711.0,484144
2021-06-03 09:20:52,711.0,484852
2021-06-03 09:20:53,711.0,485122
2021-06-03 09:20:54,711.0,485184
2021-06-03 09:20:54,711.3,485190
2021-06-03 09:20:56,711.3,485297
2021-06-03 09:20:57,710.75,487210
2021-06-03 09:20:58,710.7,488018
2021-06-03 09:20:59,711.0,488745
2021-06-03 09:21:00,710.7,489175
2021-06-03 09:21:00,710.55,489366
2021-06-03 09:21:02,710.65,491030
2021-06-03 09:21:03,710.8,494890
2021-06-03 09:21:05,710.8,496644
2021-06-03 09:21:04,710.8,496423
2021-06-03 09:21:06,710.95,497231
2021-06-03 09:21:07,710.6,497481
2021-06-03 09:21:08,710.55,498338
2021-06-03 09:21:09,710.3,499574
2021-06-03 09:21:10,710.55,499987
2021-06-03 09:21:11,710.5,500996
2021-06-03 09:21:12,710.2,502933
2021-06-03 09:21:13,710.05,503344
2021-06-03 09:21:14,710.0,506809
2021-06-03 09:21:15,710.35,507424
2021-06-03 09:21:16,710.2,507752
2021-06-03 09:21:17,710.2,507870
2021-06-03 09:21:18,710.2,508069
2021-06-03 09:21:19,710.0,508727
2021-06-03 09:21:20,710.0,508946
2021-06-03 09:21:21,710.0,509124
2021-06-03 09:21:22,710.05,513139
2021-06-03 09:21:23,710.0,513728
2021-06-03 09:21:24,710.1,513864
2021-06-03 09:21:25,709.9,514348
2021-06-03 09:21:26,710.0,514981
2021-06-03 09:21:27,710.2,515775
2021-06-03 09:21:28,709.8,516117
2021-06-03 09:21:29,709.8,516402
2021-06-03 09:21:30,710.1,517056
2021-06-03 09:21:31,709.75,522128
2021-06-03 09:21:32,709.75,523080
2021-06-03 09:21:33,709.75,523328
2021-06-03 09:21:34,710.0,527161
2021-06-03 09:21:35,709.8,530614
2021-06-03 09:21:36,709.85,531633
2021-06-03 09:21:37,710.0,537675
2021-06-03 09:21:38,710.25,539488
2021-06-03 09:21:39,710.2,544961
2021-06-03 09:21:40,710.2,546456
2021-06-03 09:21:41,711.3,556703
2021-06-03 09:21:42,711.35,558039
2021-06-03 09:21:43,711.95,560041
2021-06-03 09:21:44,711.8,560917
2021-06-03 09:21:45,712.2,576752
2021-06-03 09:21:46,712.5,590324
2021-06-03 09:21:47,712.5,591994
2021-06-03 09:21:48,712.85,592416
2021-06-03 09:21:49,712.85,592458
2021-06-03 09:21:50,712.0,596789
2021-06-03 09:21:51,711.45,598424
2021-06-03 09:21:53,712.1,608840
2021-06-03 09:21:54,711.95,609893
2021-06-03 09:21:55,712.0,610098
2021-06-03 09:21:56,712.0,610701
2021-06-03 09:21:57,712.0,610766
2021-06-03 09:21:58,712.0,610773
2021-06-03 09:21:59,712.05,612283
2021-06-03 09:22:00,712.05,612836
2021-06-03 09:22:01,712.5,613925
2021-06-03 09:22:02,712.5,614334
2021-06-03 09:22:03,712.5,615895
2021-06-03 09:22:04,712.35,616819
2021-06-03 09:22:05,712.45,616920
2021-06-03 09:22:06,712.3,618111
2021-06-03 09:22:07,712.3,618480
2021-06-03 09:22:08,712.4,618808
2021-06-03 09:22:09,712.45,619656
2021-06-03 09:22:10,712.05,620275
2021-06-03 09:22:11,712.0,621994
2021-06-03 09:22:12,711.8,622464
2021-06-03 09:22:13,712.0,622726
2021-06-03 09:22:14,712.0,623262
2021-06-03 09:22:15,711.7,623646
2021-06-03 09:22:16,711.7,623774
2021-06-03 09:22:17,712.0,624200
2021-06-03 09:22:19,711.55,624704
2021-06-03 09:22:18,711.55,624591
2021-06-03 09:22:20,711.55,624856
2021-06-03 09:22:21,711.9,624882
2021-06-03 09:22:22,711.4,627574
2021-06-03 09:22:23,711.7,628057
2021-06-03 09:22:24,711.8,629021
2021-06-03 09:22:25,711.4,629148
2021-06-03 09:22:26,711.0,629973
2021-06-03 09:22:27,711.0,630365
2021-06-03 09:22:28,711.1,630500
2021-06-03 09:22:29,711.0,630971
2021-06-03 09:22:30,711.35,631052
2021-06-03 09:22:31,711.35,631212
2021-06-03 09:22:32,711.35,631238
2021-06-03 09:22:33,711.05,631471
2021-06-03 09:22:34,711.05,631583
2021-06-03 09:22:35,711.1,632070
2021-06-03 09:22:36,711.05,632647
2021-06-03 09:22:37,711.05,632721
2021-06-03 09:22:38,711.05,632845
2021-06-03 09:22:39,711.35,632918
2021-06-03 09:22:40,711.4,632925
2021-06-03 09:22:41,711.1,633036
2021-06-03 09:22:42,711.3,633220
2021-06-03 09:22:43,711.1,633350
2021-06-03 09:22:44,711.1,633553
2021-06-03 09:22:45,711.1,633863
2021-06-03 09:22:46,710.55,640624
2021-06-03 09:22:47,711.1,641382
2021-06-03 09:22:48,711.1,641520
2021-06-03 09:22:49,711.0,641662
2021-06-03 09:22:50,710.9,641862
2021-06-03 09:22:51,710.7,642629
2021-06-03 09:22:52,710.65,642745
2021-06-03 09:22:53,710.95,642877
2021-06-03 09:22:54,710.6,643182
2021-06-03 09:22:55,710.9,643324
2021-06-03 09:22:56,710.95,643824
2021-06-03 09:22:57,710.65,643843
2021-06-03 09:22:58,710.55,643860
2021-06-03 09:22:59,710.5,644122
2021-06-03 09:23:00,710.4,645224
2021-06-03 09:23:01,710.5,645382
2021-06-03 09:23:02,710.65,646038
2021-06-03 09:23:03,710.65,646261
2021-06-03 09:23:04,710.6,648116
2021-06-03 09:23:05,710.55,648516
2021-06-03 09:23:07,710.75,650640
2021-06-03 09:23:08,710.5,650994
2021-06-03 09:23:09,710.5,651394
2021-06-03 09:23:10,710.5,651812
2021-06-03 09:23:11,710.35,651914
2021-06-03 09:23:12,710.6,652285
2021-06-03 09:23:13,710.35,652824
2021-06-03 09:23:15,710.65,652983
2021-06-03 09:23:14,710.65,652983
2021-06-03 09:23:16,710.5,653033
2021-06-03 09:23:17,710.65,653541
2021-06-03 09:23:18,710.75,653755
2021-06-03 09:23:19,710.75,653980
2021-06-03 09:23:20,710.65,654220
2021-06-03 09:23:21,711.0,655204
2021-06-03 09:23:22,710.65,655622
2021-06-03 09:23:23,711.0,655789
2021-06-03 09:23:24,710.35,659812
2021-06-03 09:23:25,710.35,659818
2021-06-03 09:23:26,710.35,660343
2021-06-03 09:23:27,710.8,660844
2021-06-03 09:23:29,710.8,662543
2021-06-03 09:23:28,710.5,661163
2021-06-03 09:23:30,710.5,662760
2021-06-03 09:23:32,710.35,663248
2021-06-03 09:23:33,710.35,663563
2021-06-03 09:23:35,710.3,664286
2021-06-03 09:23:36,710.35,665461
2021-06-03 09:23:37,710.4,665628
2021-06-03 09:23:38,710.2,666112
2021-06-03 09:23:39,710.2,666314
2021-06-03 09:23:40,710.4,666336
2021-06-03 09:23:41,710.15,666474
2021-06-03 09:23:42,710.2,666696
2021-06-03 09:23:43,709.9,673843
2021-06-03 09:23:44,709.85,674773
2021-06-03 09:23:45,709.85,674896
2021-06-03 09:23:46,710.0,675098
2021-06-03 09:23:47,709.8,675331
2021-06-03 09:23:48,709.9,675545
2021-06-03 09:23:49,709.8,675575
2021-06-03 09:23:50,709.7,676503
2021-06-03 09:23:51,709.8,676996
2021-06-03 09:23:52,710.1,677045
2021-06-03 09:23:53,710.15,677065
2021-06-03 09:23:54,709.8,677736
2021-06-03 09:23:55,709.7,677804
2021-06-03 09:23:56,709.9,678173
2021-06-03 09:23:57,709.9,678598
2021-06-03 09:23:58,709.8,680782
2021-06-03 09:23:59,709.8,681097
2021-06-03 09:24:00,710.0,681389
2021-06-03 09:24:01,710.0,681730
2021-06-03 09:24:03,709.8,682202
2021-06-03 09:24:04,709.8,682273
2021-06-03 09:24:05,709.7,682314
2021-06-03 09:24:06,709.7,682632
2021-06-03 09:24:06,709.8,683024
2021-06-03 09:24:07,709.7,684037
2021-06-03 09:24:08,709.95,684485
2021-06-03 09:24:09,709.95,684567
2021-06-03 09:24:10,709.95,684836
2021-06-03 09:24:12,709.95,684884
2021-06-03 09:24:12,709.95,684889
2021-06-03 09:24:13,709.75,688174
2021-06-03 09:24:14,709.8,688512
2021-06-03 09:24:15,709.7,688789
2021-06-03 09:24:16,709.85,689133
2021-06-03 09:24:17,709.55,689241
2021-06-03 09:24:18,709.5,690109
2021-06-03 09:24:19,709.4,690338
2021-06-03 09:24:20,709.6,690690
2021-06-03 09:24:21,709.6,690794
2021-06-03 09:24:22,709.3,690854
2021-06-03 09:24:23,709.3,690971
2021-06-03 09:24:24,709.3,691612
2021-06-03 09:24:25,709.4,692308
2021-06-03 09:24:27,709.5,694082
2021-06-03 09:24:28,709.5,694290
2021-06-03 09:24:28,709.6,694326
2021-06-03 09:24:29,709.5,694486
2021-06-03 09:24:31,710.2,699571
2021-06-03 09:24:32,710.5,700253
2021-06-03 09:24:33,710.5,701176
2021-06-03 09:24:34,710.5,702581
2021-06-03 09:24:36,710.2,703116
2021-06-03 09:24:37,710.2,703548
2021-06-03 09:24:38,710.2,703761
2021-06-03 09:24:39,710.25,704234
2021-06-03 09:24:40,710.25,704341
2021-06-03 09:24:41,710.25,704452
2021-06-03 09:24:42,710.15,704663
2021-06-03 09:24:42,710.5,704684
2021-06-03 09:24:43,710.5,704686
2021-06-03 09:24:44,710.1,706308
2021-06-03 09:24:45,710.15,706835
2021-06-03 09:24:46,710.1,707333
2021-06-03 09:24:47,710.45,709596
2021-06-03 09:24:48,710.3,709994
2021-06-03 09:24:49,710.0,710714
2021-06-03 09:24:51,710.35,710941
2021-06-03 09:24:52,710.3,710996
2021-06-03 09:24:53,710.3,711642
2021-06-03 09:24:54,710.0,711857
2021-06-03 09:24:55,710.0,712344
2021-06-03 09:24:56,710.25,712393
2021-06-03 09:24:57,709.9,713872
2021-06-03 09:24:58,709.65,714232
2021-06-03 09:24:59,709.95,714370
2021-06-03 09:25:01,710.05,715412
2021-06-03 09:25:01,709.7,715517
2021-06-03 09:25:02,710.05,715531
2021-06-03 09:25:03,710.1,715602
2021-06-03 09:25:04,710.1,715784
2021-06-03 09:25:06,710.0,716183
2021-06-03 09:25:06,710.0,716453
2021-06-03 09:25:07,710.05,716481
2021-06-03 09:25:08,710.35,716534
2021-06-03 09:25:09,710.0,716669
2021-06-03 09:25:10,710.3,716687
2021-06-03 09:25:11,710.05,716741
2021-06-03 09:25:12,710.35,717243
2021-06-03 09:25:13,710.1,717314
2021-06-03 09:25:14,710.0,717500
2021-06-03 09:25:15,710.0,717754
2021-06-03 09:25:16,710.05,717897
2021-06-03 09:25:17,709.9,719826
2021-06-03 09:25:18,710.0,720098
2021-06-03 09:25:19,709.8,720293
2021-06-03 09:25:20,710.05,721053
2021-06-03 09:25:21,709.7,721149
2021-06-03 09:25:22,709.7,721318
2021-06-03 09:25:23,709.75,722877
2021-06-03 09:25:24,709.5,723150
2021-06-03 09:25:25,709.85,723737
2021-06-03 09:25:26,709.55,724044
2021-06-03 09:25:27,709.5,724391
2021-06-03 09:25:28,709.7,724451
2021-06-03 09:25:29,709.6,724725
2021-06-03 09:25:30,709.8,724892
2021-06-03 09:25:31,709.8,725036
2021-06-03 09:25:32,709.85,725200
2021-06-03 09:25:33,709.55,725288
2021-06-03 09:25:35,709.75,725379
2021-06-03 09:25:35,709.95,725389
2021-06-03 09:25:37,709.7,725395
2021-06-03 09:25:38,709.8,725493
2021-06-03 09:25:39,709.75,725613
2021-06-03 09:25:39,709.75,725602
2021-06-03 09:25:40,709.55,725781
2021-06-03 09:25:41,709.6,727153
2021-06-03 09:25:42,709.5,727381
2021-06-03 09:25:43,709.5,728763
2021-06-03 09:25:44,709.55,729936
2021-06-03 09:25:45,709.55,730314
2021-06-03 09:25:46,709.5,730418
2021-06-03 09:25:47,709.5,730642
2021-06-03 09:25:48,709.5,730907
2021-06-03 09:25:49,709.5,730996
2021-06-03 09:25:50,709.4,732329
2021-06-03 09:25:51,709.6,732583
2021-06-03 09:25:52,709.5,733266
2021-06-03 09:25:56,709.95,740239
2021-06-03 09:25:56,710.0,741046
2021-06-03 09:25:58,709.6,741561
2021-06-03 09:25:58,709.6,741432
2021-06-03 09:25:59,709.6,741573
2021-06-03 09:26:00,709.5,741677
2021-06-03 09:26:01,709.55,741874
2021-06-03 09:26:02,709.55,742008
2021-06-03 09:26:03,709.55,742206
2021-06-03 09:26:04,709.55,742261
2021-06-03 09:26:05,709.6,742383
2021-06-03 09:26:06,709.5,742536
2021-06-03 09:26:07,709.5,742736
2021-06-03 09:26:08,709.5,742865
2021-06-03 09:26:09,709.5,742932
2021-06-03 09:26:10,709.5,743009
2021-06-03 09:26:11,709.6,743051
2021-06-03 09:26:13,709.6,743080
2021-06-03 09:26:14,709.35,745416
2021-06-03 09:26:15,709.65,745730
2021-06-03 09:26:15,709.65,745762
2021-06-03 09:26:16,709.65,745812
2021-06-03 09:26:18,709.35,746016
2021-06-03 09:26:19,709.4,746482
2021-06-03 09:26:21,709.7,747335
2021-06-03 09:26:22,709.5,747600
2021-06-03 09:26:23,709.5,748337
2021-06-03 09:26:24,709.7,748551
2021-06-03 09:26:25,709.7,748972
2021-06-03 09:26:26,709.7,749110
2021-06-03 09:26:26,709.55,749097
2021-06-03 09:26:27,709.65,749111
2021-06-03 09:26:28,709.7,749266
2021-06-03 09:26:29,710.0,762660
2021-06-03 09:26:30,709.8,765481
2021-06-03 09:26:32,709.7,766392
2021-06-03 09:26:33,709.5,767632
2021-06-03 09:26:33,709.55,767756
2021-06-03 09:26:34,709.45,768188
2021-06-03 09:26:35,709.55,768374
2021-06-03 09:26:37,709.55,768992
2021-06-03 09:26:38,709.55,769307
2021-06-03 09:26:39,709.45,769439
2021-06-03 09:26:40,709.55,769452
2021-06-03 09:26:41,709.45,770177
2021-06-03 09:26:41,709.55,770249
2021-06-03 09:26:42,709.45,770303
2021-06-03 09:26:43,708.8,790698
2021-06-03 09:26:45,709.1,792909
2021-06-03 09:26:46,709.2,793275
2021-06-03 09:26:47,709.2,793662
2021-06-03 09:26:48,709.0,794080
2021-06-03 09:26:48,709.35,794122
2021-06-03 09:26:49,709.3,795533
2021-06-03 09:26:50,709.5,795881
2021-06-03 09:26:51,709.2,797075
2021-06-03 09:26:52,709.2,797672
2021-06-03 09:26:54,709.15,797999
2021-06-03 09:26:55,709.0,798702
2021-06-03 09:26:56,709.4,798880
2021-06-03 09:26:57,709.35,799034
2021-06-03 09:26:58,709.35,799098
2021-06-03 09:26:59,709.6,800141
2021-06-03 09:26:59,709.25,799169
2021-06-03 09:27:00,709.15,800529
2021-06-03 09:27:01,709.1,801044
2021-06-03 09:27:02,708.8,801155
2021-06-03 09:27:03,709.0,801409
2021-06-03 09:27:05,708.7,806600
2021-06-03 09:27:06,708.7,807690
2021-06-03 09:27:07,708.7,807913
2021-06-03 09:27:08,709.0,807956
2021-06-03 09:27:09,708.65,808103
2021-06-03 09:27:09,708.95,808119
2021-06-03 09:27:10,709.0,808567
2021-06-03 09:27:11,708.55,808761
2021-06-03 09:27:12,708.7,808962
2021-06-03 09:27:13,708.6,809080
2021-06-03 09:27:14,708.5,809449
2021-06-03 09:27:15,708.5,809698
2021-06-03 09:27:16,708.5,810013
2021-06-03 09:27:17,708.75,810334
2021-06-03 09:27:18,708.85,810789
2021-06-03 09:27:20,708.5,811057
2021-06-03 09:27:21,708.5,811308
2021-06-03 09:27:22,708.8,811356
2021-06-03 09:27:23,708.75,811511
2021-06-03 09:27:25,708.5,813574
2021-06-03 09:27:26,708.8,814018
2021-06-03 09:27:27,708.75,814251
2021-06-03 09:27:28,708.8,814851
2021-06-03 09:27:28,708.5,814936
2021-06-03 09:27:30,708.8,814944
2021-06-03 09:27:30,708.65,814945
2021-06-03 09:27:31,708.4,817466
2021-06-03 09:27:32,708.55,817746
2021-06-03 09:27:33,708.4,817974
2021-06-03 09:27:34,708.4,818530
2021-06-03 09:27:36,708.45,819169
2021-06-03 09:27:37,708.2,819337
2021-06-03 09:27:38,708.5,819830
2021-06-03 09:27:40,708.15,822895
2021-06-03 09:27:41,708.55,823422
2021-06-03 09:27:42,708.4,823515
2021-06-03 09:27:43,708.1,824104
2021-06-03 09:27:44,708.5,824363
2021-06-03 09:27:45,708.15,825671
2021-06-03 09:27:46,708.1,826123
2021-06-03 09:27:47,708.25,826234
2021-06-03 09:27:48,708.1,827478
2021-06-03 09:27:49,708.3,831164
2021-06-03 09:27:51,708.05,831728
2021-06-03 09:27:52,708.05,831956
2021-06-03 09:27:53,708.35,832100
2021-06-03 09:27:54,708.3,835645
2021-06-03 09:27:55,708.45,836533
2021-06-03 09:27:55,708.75,836622
2021-06-03 09:27:56,708.75,838460
2021-06-03 09:27:57,709.2,843385
2021-06-03 09:27:58,709.45,845506
2021-06-03 09:27:59,709.6,846061
2021-06-03 09:28:00,709.7,847291
2021-06-03 09:28:01,709.5,847465
2021-06-03 09:28:02,709.3,847663
2021-06-03 09:28:04,709.7,848295
2021-06-03 09:28:05,709.7,848363
2021-06-03 09:28:06,709.75,848370
2021-06-03 09:28:07,709.7,848371
2021-06-03 09:28:08,709.7,848639
2021-06-03 09:28:09,709.45,848856
2021-06-03 09:28:09,709.7,848877
2021-06-03 09:28:10,709.4,848999
2021-06-03 09:28:12,709.3,849698
2021-06-03 09:28:13,709.25,849858
2021-06-03 09:28:14,709.25,849949
2021-06-03 09:28:15,709.3,852225
2021-06-03 09:28:15,709.65,852482
2021-06-03 09:28:16,709.65,852534
2021-06-03 09:28:17,709.25,852679
2021-06-03 09:28:18,709.65,852934
2021-06-03 09:28:19,709.4,853088
2021-06-03 09:28:20,709.4,853123
2021-06-03 09:28:21,709.2,853420
2021-06-03 09:28:22,709.2,853454
2021-06-03 09:28:23,709.2,853674
2021-06-03 09:28:25,709.05,853933
2021-06-03 09:28:26,709.2,853964
2021-06-03 09:28:27,709.05,854584
2021-06-03 09:28:28,708.9,855006
2021-06-03 09:28:29,709.1,855058
2021-06-03 09:28:30,708.9,855112
2021-06-03 09:28:31,709.0,855170
2021-06-03 09:28:31,709.0,855175
2021-06-03 09:28:32,709.0,855288
2021-06-03 09:28:34,708.65,862179
2021-06-03 09:28:35,708.65,862983
2021-06-03 09:28:36,708.3,864658
2021-06-03 09:28:38,708.65,865378
2021-06-03 09:28:39,708.3,865410
2021-06-03 09:28:40,708.4,865704
2021-06-03 09:28:42,708.6,866545
2021-06-03 09:28:43,708.6,867015
2021-06-03 09:28:44,708.55,867207
2021-06-03 09:28:45,708.5,867448
2021-06-03 09:28:46,708.8,868370
2021-06-03 09:28:47,709.1,869219
2021-06-03 09:28:48,708.95,869339
2021-06-03 09:28:48,709.25,869368
2021-06-03 09:28:49,709.1,869845
2021-06-03 09:28:50,709.05,870817
2021-06-03 09:28:51,709.4,871201
2021-06-03 09:28:53,709.1,871265
2021-06-03 09:28:54,709.0,872177
2021-06-03 09:28:55,708.9,872419
2021-06-03 09:28:56,708.9,872483
2021-06-03 09:28:57,709.05,872489
2021-06-03 09:28:58,709.05,872568
2021-06-03 09:28:59,708.75,872943
2021-06-03 09:29:00,708.6,873065
2021-06-03 09:29:01,708.6,873111
2021-06-03 09:29:03,708.6,873334
2021-06-03 09:29:04,708.9,873380
2021-06-03 09:29:05,708.55,873591
2021-06-03 09:29:06,708.55,873666
2021-06-03 09:29:07,708.2,875693
2021-06-03 09:29:09,708.55,877704
2021-06-03 09:29:09,708.55,877874
2021-06-03 09:29:10,708.6,878039
2021-06-03 09:29:11,708.5,879056
2021-06-03 09:29:12,708.55,879187
2021-06-03 09:29:13,708.6,879407
2021-06-03 09:29:14,708.15,880509
2021-06-03 09:29:16,708.5,881061
2021-06-03 09:29:17,708.2,881328
2021-06-03 09:29:18,708.2,882486
2021-06-03 09:29:19,708.45,882680
2021-06-03 09:29:19,708.6,882760
2021-06-03 09:29:20,708.4,882816
2021-06-03 09:29:21,708.2,883229
2021-06-03 09:29:23,708.55,883433
2021-06-03 09:29:24,708.25,883754
2021-06-03 09:29:25,708.6,884595
2021-06-03 09:29:26,708.55,885031
2021-06-03 09:29:27,708.35,885948
2021-06-03 09:29:28,708.35,886198
2021-06-03 09:29:29,708.3,886458
2021-06-03 09:29:30,708.3,886526
2021-06-03 09:29:31,708.4,886568
2021-06-03 09:29:32,708.6,886612
2021-06-03 09:29:32,708.6,886616
2021-06-03 09:29:33,708.7,888167
2021-06-03 09:29:34,708.7,888372
2021-06-03 09:29:35,708.4,888414
2021-06-03 09:29:37,708.3,888919
2021-06-03 09:29:38,708.7,889494
2021-06-03 09:29:39,708.7,889773
2021-06-03 09:29:39,708.4,889748
2021-06-03 09:29:40,708.5,889802
2021-06-03 09:29:41,708.7,889904
2021-06-03 09:29:42,708.5,889944
2021-06-03 09:29:44,708.7,890158
2021-06-03 09:29:45,708.7,890233
2021-06-03 09:29:46,709.0,891169
2021-06-03 09:29:47,708.65,891667
2021-06-03 09:29:48,709.0,892377
2021-06-03 09:29:48,709.0,892448
2021-06-03 09:29:50,708.65,893382
2021-06-03 09:29:50,709.0,893475
2021-06-03 09:29:51,709.0,893485
2021-06-03 09:29:52,709.1,894684
2021-06-03 09:29:53,709.2,894886
2021-06-03 09:29:54,709.05,895007
2021-06-03 09:29:55,709.05,895029
2021-06-03 09:29:56,709.05,895065
2021-06-03 09:29:57,709.0,895312
2021-06-03 09:29:59,708.9,895466
2021-06-03 09:30:00,709.25,895495
2021-06-03 09:30:01,709.3,895698
2021-06-03 09:30:02,709.0,895773
2021-06-03 09:30:03,708.95,895845
2021-06-03 09:30:04,708.95,895870
2021-06-03 09:30:05,709.05,895887
2021-06-03 09:30:06,708.95,895996
2021-06-03 09:30:07,708.0,921574
2021-06-03 09:30:08,708.05,925652
2021-06-03 09:30:08,708.4,926402
2021-06-03 09:30:09,708.4,926527
2021-06-03 09:30:10,708.2,952009
2021-06-03 09:30:11,708.5,953498
2021-06-03 09:30:12,708.5,953984
2021-06-03 09:30:13,708.65,955402
2021-06-03 09:30:14,709.0,956373
2021-06-03 09:30:16,708.95,957470
2021-06-03 09:30:17,709.0,957771
2021-06-03 09:30:18,709.0,959180
2021-06-03 09:30:19,709.0,959418
2021-06-03 09:30:20,709.1,959646
2021-06-03 09:30:21,709.1,959786
2021-06-03 09:30:22,708.65,961022
2021-06-03 09:30:23,709.05,961221
2021-06-03 09:30:24,708.75,961377
2021-06-03 09:30:25,708.7,961405
2021-06-03 09:30:26,709.0,961740
2021-06-03 09:30:27,709.0,961869
2021-06-03 09:30:28,708.75,962539
2021-06-03 09:30:30,708.75,963026
2021-06-03 09:30:31,708.5,963769
2021-06-03 09:30:31,708.7,963774
2021-06-03 09:30:33,708.65,964096
2021-06-03 09:30:34,708.5,964326
2021-06-03 09:30:35,708.4,964670
2021-06-03 09:30:37,708.6,964711
2021-06-03 09:30:37,708.7,967029
2021-06-03 09:30:38,708.7,967496
2021-06-03 09:30:40,708.7,967713
2021-06-03 09:30:41,708.9,968015
2021-06-03 09:30:42,708.7,968555
2021-06-03 09:30:43,708.65,968710
2021-06-03 09:30:44,709.05,989697
2021-06-03 09:30:45,709.4,992522
2021-06-03 09:30:46,709.1,993241
2021-06-03 09:30:47,709.1,993920
2021-06-03 09:30:48,709.1,994395
2021-06-03 09:30:49,709.1,995461
2021-06-03 09:30:50,708.9,998530
2021-06-03 09:30:50,709.1,998015
2021-06-03 09:30:51,708.9,998882
2021-06-03 09:30:52,709.1,999929
2021-06-03 09:30:54,709.0,1000962
2021-06-03 09:30:55,709.0,1001075
2021-06-03 09:30:56,708.7,1001462
2021-06-03 09:30:58,709.0,1001654
2021-06-03 09:30:58,709.0,1001666
2021-06-03 09:30:59,709.0,1001676
2021-06-03 09:31:01,708.95,1001736
2021-06-03 09:31:02,708.95,1002395
2021-06-03 09:31:03,708.75,1002467
2021-06-03 09:31:04,709.0,1002546
2021-06-03 09:31:05,709.0,1002693
2021-06-03 09:31:06,709.0,1002708
2021-06-03 09:31:06,708.95,1002709
2021-06-03 09:31:07,708.6,1002751
2021-06-03 09:31:09,708.6,1003005
2021-06-03 09:31:10,708.6,1003064
2021-06-03 09:31:11,708.65,1003108
2021-06-03 09:31:12,708.55,1006443
2021-06-03 09:31:13,708.55,1006974
2021-06-03 09:31:14,708.2,1007100
2021-06-03 09:31:15,708.55,1007404
2021-06-03 09:31:16,708.6,1007445
2021-06-03 09:31:17,708.5,1007559
2021-06-03 09:31:17,708.55,1007601
2021-06-03 09:31:18,708.45,1008347
2021-06-03 09:31:20,708.45,1010095
2021-06-03 09:31:21,708.25,1010298
2021-06-03 09:31:22,708.5,1010328
2021-06-03 09:31:22,708.25,1010431
2021-06-03 09:31:23,708.25,1010523
2021-06-03 09:31:24,708.25,1010676
2021-06-03 09:31:26,708.4,1011084
2021-06-03 09:31:27,708.05,1014431
2021-06-03 09:31:28,708.25,1015454
2021-06-03 09:31:29,708.35,1015582
2021-06-03 09:31:30,708.2,1016952
2021-06-03 09:31:30,707.75,1020000
2021-06-03 09:31:32,707.7,1021986
2021-06-03 09:31:34,707.5,1022605
2021-06-03 09:31:35,707.55,1022931
2021-06-03 09:31:36,707.9,1022964
2021-06-03 09:31:36,707.8,1022965
2021-06-03 09:31:37,707.65,1024126
2021-06-03 09:31:38,707.75,1024469
2021-06-03 09:31:40,707.95,1026930
2021-06-03 09:31:41,708.15,1027411
2021-06-03 09:31:42,708.1,1028265
2021-06-03 09:31:43,708.05,1028550
2021-06-03 09:31:44,708.05,1028797
2021-06-03 09:31:45,707.95,1029800
2021-06-03 09:31:46,707.95,1029928
2021-06-03 09:31:46,708.2,1029941
2021-06-03 09:31:47,707.95,1030034
2021-06-03 09:31:49,708.0,1030705
2021-06-03 09:31:50,707.95,1030839
2021-06-03 09:31:51,707.9,1031422
2021-06-03 09:31:52,708.0,1031767
2021-06-03 09:31:53,708.0,1031809
2021-06-03 09:31:54,708.0,1032089
2021-06-03 09:31:55,708.05,1032656
2021-06-03 09:31:56,708.05,1032887
2021-06-03 09:31:57,707.85,1033364
2021-06-03 09:31:58,708.0,1033823
2021-06-03 09:31:58,707.7,1033936
2021-06-03 09:31:59,707.9,1034008
2021-06-03 09:32:00,707.9,1035126
2021-06-03 09:32:02,707.85,1035414
2021-06-03 09:32:02,707.85,1036792
2021-06-03 09:32:06,707.9,1038155
2021-06-03 09:32:07,707.6,1040440
2021-06-03 09:32:08,707.5,1040703
2021-06-03 09:32:09,707.55,1040865
2021-06-03 09:32:10,707.9,1041274
2021-06-03 09:32:11,707.8,1041352
2021-06-03 09:32:12,707.95,1041394
2021-06-03 09:32:13,708.0,1041520
2021-06-03 09:32:14,707.8,1042219
2021-06-03 09:32:15,708.0,1042712
2021-06-03 09:32:16,708.0,1042910
2021-06-03 09:32:17,708.0,1043035
2021-06-03 09:32:18,707.9,1043160
2021-06-03 09:32:19,707.95,1043173
2021-06-03 09:32:20,707.6,1045905
2021-06-03 09:32:21,707.65,1046178
2021-06-03 09:32:22,707.5,1046477
2021-06-03 09:32:23,707.6,1047420
2021-06-03 09:32:24,708.0,1047991
2021-06-03 09:32:25,707.9,1048130
2021-06-03 09:32:26,707.9,1048196
2021-06-03 09:32:27,707.65,1048432
2021-06-03 09:32:28,708.0,1048497
2021-06-03 09:32:29,707.7,1048699
2021-06-03 09:32:30,707.7,1048734
2021-06-03 09:32:31,707.7,1048887
2021-06-03 09:32:32,708.0,1048903
2021-06-03 09:32:33,707.7,1049009
2021-06-03 09:32:34,708.0,1049172
2021-06-03 09:32:35,707.65,1049795
2021-06-03 09:32:36,708.0,1050115
2021-06-03 09:32:37,708.0,1050797
2021-06-03 09:32:38,708.0,1050914
2021-06-03 09:32:39,707.65,1051981
2021-06-03 09:32:40,707.65,1052189
2021-06-03 09:32:41,707.9,1053575
2021-06-03 09:32:42,707.95,1053737
2021-06-03 09:32:43,707.95,1053888
2021-06-03 09:32:44,707.95,1053948
2021-06-03 09:32:45,707.6,1054044
2021-06-03 09:32:46,707.55,1054796
2021-06-03 09:32:47,707.7,1054992
2021-06-03 09:32:48,707.7,1055358
2021-06-03 09:32:49,707.7,1055510
2021-06-03 09:32:50,708.0,1055775
2021-06-03 09:32:51,707.9,1056353
2021-06-03 09:32:52,707.95,1063739
2021-06-03 09:32:53,708.0,1064817
2021-06-03 09:32:54,708.0,1065396
2021-06-03 09:32:55,707.85,1065658
2021-06-03 09:32:56,708.0,1065737
2021-06-03 09:32:57,708.0,1065745
2021-06-03 09:32:58,707.85,1066346
2021-06-03 09:32:59,707.8,1066526
2021-06-03 09:33:00,707.8,1066608
2021-06-03 09:33:01,707.8,1066623
2021-06-03 09:33:02,707.8,1066830
2021-06-03 09:33:03,708.0,1066984
2021-06-03 09:33:04,708.0,1066999
2021-06-03 09:33:05,707.8,1067021
2021-06-03 09:33:06,707.8,1067025
2021-06-03 09:33:07,707.8,1067324
2021-06-03 09:33:08,707.8,1067383
2021-06-03 09:33:09,707.85,1067428
2021-06-03 09:33:10,707.65,1068909
2021-06-03 09:33:11,707.65,1069107
2021-06-03 09:33:12,707.65,1069192
2021-06-03 09:33:13,707.65,1069208
2021-06-03 09:33:14,707.65,1069215
2021-06-03 09:33:16,707.9,1069967
2021-06-03 09:33:15,707.55,1069885
2021-06-03 09:33:17,707.9,1070145
2021-06-03 09:33:18,707.95,1070178
2021-06-03 09:33:19,708.0,1070481
2021-06-03 09:33:20,707.7,1071230
2021-06-03 09:33:21,707.65,1071531
2021-06-03 09:33:22,707.65,1072291
2021-06-03 09:33:23,707.9,1072360
2021-06-03 09:33:24,707.95,1073403
2021-06-03 09:33:25,707.9,1073519
2021-06-03 09:33:26,708.1,1076366
2021-06-03 09:33:27,708.4,1076798
2021-06-03 09:33:28,708.0,1076995
2021-06-03 09:33:29,708.15,1078528
2021-06-03 09:33:30,708.5,1078762
2021-06-03 09:33:31,708.5,1078805
2021-06-03 09:33:32,708.15,1079713
2021-06-03 09:33:33,708.5,1080340
2021-06-03 09:33:34,708.15,1080415
2021-06-03 09:33:35,708.15,1080941
2021-06-03 09:33:36,708.65,1082620
2021-06-03 09:33:37,708.6,1083202
2021-06-03 09:33:38,708.95,1083743
2021-06-03 09:33:39,708.6,1084349
2021-06-03 09:33:40,709.1,1089114
2021-06-03 09:33:41,708.9,1089699
2021-06-03 09:33:42,709.2,1089758
2021-06-03 09:33:43,708.8,1090050
2021-06-03 09:33:44,709.3,1090224
2021-06-03 09:33:45,709.3,1090291
2021-06-03 09:33:46,709.25,1090335
2021-06-03 09:33:47,709.15,1090359
2021-06-03 09:33:48,709.2,1090435
2021-06-03 09:33:49,708.9,1090655
2021-06-03 09:33:50,709.0,1090820
2021-06-03 09:33:51,709.0,1090837
2021-06-03 09:33:52,708.75,1091228
2021-06-03 09:33:53,708.95,1092267
2021-06-03 09:33:54,708.95,1092437
2021-06-03 09:33:55,709.1,1092571
2021-06-03 09:33:56,709.0,1092760
2021-06-03 09:33:57,708.7,1094810
2021-06-03 09:33:58,708.9,1095015
2021-06-03 09:33:59,708.7,1095052
2021-06-03 09:34:00,708.65,1095290
2021-06-03 09:34:01,708.4,1095913
2021-06-03 09:34:02,708.55,1095975
2021-06-03 09:34:03,708.4,1096481
2021-06-03 09:34:04,708.65,1096532
2021-06-03 09:34:05,708.55,1096570
2021-06-03 09:34:06,708.15,1097285
2021-06-03 09:34:07,708.15,1097912
2021-06-03 09:34:08,708.0,1098056
2021-06-03 09:34:09,708.15,1098070
2021-06-03 09:34:10,707.85,1103460
2021-06-03 09:34:11,708.0,1104107
2021-06-03 09:34:12,708.0,1104186
2021-06-03 09:34:13,707.65,1104339
2021-06-03 09:34:14,708.05,1105617
2021-06-03 09:34:15,707.9,1105901
2021-06-03 09:34:16,707.9,1106080
2021-06-03 09:34:17,708.0,1106177
2021-06-03 09:34:18,707.75,1107204
2021-06-03 09:34:19,708.0,1107318
2021-06-03 09:34:20,707.8,1107512
2021-06-03 09:34:21,708.5,1108074
2021-06-03 09:34:22,708.0,1108424
2021-06-03 09:34:23,708.0,1108746
2021-06-03 09:34:24,708.35,1108808
2021-06-03 09:34:25,708.35,1108822
2021-06-03 09:34:26,708.35,1108826
2021-06-03 09:34:27,708.0,1109305
2021-06-03 09:34:28,708.15,1109697
2021-06-03 09:34:29,708.1,1111728
2021-06-03 09:34:30,708.55,1111931
2021-06-03 09:34:31,708.45,1111952
2021-06-03 09:34:32,708.0,1112046
2021-06-03 09:34:33,708.0,1112159
2021-06-03 09:34:34,708.0,1113695
2021-06-03 09:34:35,707.9,1114619
2021-06-03 09:34:36,708.0,1114664
2021-06-03 09:34:37,707.9,1114825
2021-06-03 09:34:38,708.0,1115047
2021-06-03 09:34:39,708.2,1115071
2021-06-03 09:34:40,708.2,1115184
2021-06-03 09:34:41,707.8,1115185
2021-06-03 09:34:43,707.9,1115244
2021-06-03 09:34:44,707.9,1115279
2021-06-03 09:34:45,707.9,1115479
2021-06-03 09:34:45,707.9,1115479
2021-06-03 09:34:46,707.9,1115479
2021-06-03 09:34:47,708.0,1115518
2021-06-03 09:34:48,708.0,1115968
2021-06-03 09:34:49,707.9,1117663
2021-06-03 09:34:50,707.8,1117733
2021-06-03 09:34:51,707.9,1117938
2021-06-03 09:34:52,707.9,1117938
2021-06-03 09:34:53,707.9,1117974
2021-06-03 09:34:54,707.9,1118174
2021-06-03 09:34:56,707.8,1118286
2021-06-03 09:34:57,707.8,1118286
2021-06-03 09:34:58,707.7,1119405
2021-06-03 09:34:59,707.65,1120690
2021-06-03 09:35:00,707.5,1121781
2021-06-03 09:35:01,707.5,1127989
2021-06-03 09:35:02,707.65,1128489
2021-06-03 09:35:03,707.5,1128707
2021-06-03 09:35:04,707.5,1128767
2021-06-03 09:35:05,707.2,1130645
2021-06-03 09:35:06,707.1,1131465
2021-06-03 09:35:07,706.85,1147674
2021-06-03 09:35:08,706.45,1149751
2021-06-03 09:35:09,706.0,1154296
2021-06-03 09:35:10,706.0,1155081
2021-06-03 09:35:11,706.0,1155468
2021-06-03 09:35:12,706.0,1156427
2021-06-03 09:35:13,705.8,1156840
2021-06-03 09:35:14,705.75,1157720
2021-06-03 09:35:15,706.05,1159095
2021-06-03 09:35:16,706.35,1159273
2021-06-03 09:35:17,706.45,1159424
2021-06-03 09:35:18,706.2,1159606
2021-06-03 09:35:19,706.45,1159627
2021-06-03 09:35:20,705.95,1160544
2021-06-03 09:35:21,706.3,1160613
2021-06-03 09:35:22,706.45,1160880
2021-06-03 09:35:24,706.1,1162540
2021-06-03 09:35:25,706.15,1163207
2021-06-03 09:35:26,706.2,1164347
2021-06-03 09:35:27,705.8,1166367
2021-06-03 09:35:28,705.8,1166517
2021-06-03 09:35:29,705.8,1166947
2021-06-03 09:35:30,706.15,1167809
2021-06-03 09:35:31,705.95,1168602
2021-06-03 09:35:32,705.95,1168777
2021-06-03 09:35:33,706.15,1170711
2021-06-03 09:35:34,706.15,1171030
2021-06-03 09:35:35,705.85,1172441
2021-06-03 09:35:36,706.0,1172671
2021-06-03 09:35:37,706.0,1172729
2021-06-03 09:35:38,706.05,1175065
2021-06-03 09:35:39,706.15,1175620
2021-06-03 09:35:40,706.2,1175966
2021-06-03 09:35:41,706.0,1176417
2021-06-03 09:35:42,706.05,1176533
2021-06-03 09:35:43,706.0,1176702
2021-06-03 09:35:44,706.05,1176872
2021-06-03 09:35:45,705.95,1179620
2021-06-03 09:35:46,706.0,1181626
2021-06-03 09:35:47,706.0,1181678
2021-06-03 09:35:48,706.0,1182344
2021-06-03 09:35:49,706.0,1184116
2021-06-03 09:35:50,706.65,1187292
2021-06-03 09:35:51,706.95,1187617
2021-06-03 09:35:52,706.6,1188586
2021-06-03 09:35:54,706.7,1189097
2021-06-03 09:35:55,706.6,1190202
2021-06-03 09:35:56,706.5,1190456
2021-06-03 09:35:57,706.45,1191697
2021-06-03 09:35:58,706.45,1192252
2021-06-03 09:35:59,706.6,1192738
2021-06-03 09:36:00,706.4,1193023
2021-06-03 09:36:01,706.1,1196444
2021-06-03 09:36:02,706.1,1197454
2021-06-03 09:36:03,705.75,1198004
2021-06-03 09:36:04,706.05,1199693
2021-06-03 09:36:05,706.15,1199832
2021-06-03 09:36:06,705.75,1200132
2021-06-03 09:36:07,706.0,1200142
2021-06-03 09:36:09,706.0,1200512
2021-06-03 09:36:09,706.0,1200691
2021-06-03 09:36:10,705.85,1200914
2021-06-03 09:36:11,705.8,1200925
2021-06-03 09:36:12,705.95,1201555
2021-06-03 09:36:13,706.05,1202129
2021-06-03 09:36:14,706.05,1202322
2021-06-03 09:36:15,706.0,1202921
2021-06-03 09:36:16,705.9,1203023
2021-06-03 09:36:17,706.8,1206105
2021-06-03 09:36:18,707.0,1211822
2021-06-03 09:36:19,706.9,1213031
2021-06-03 09:36:21,706.6,1213975
2021-06-03 09:36:22,706.55,1214231
2021-06-03 09:36:23,706.55,1214398
2021-06-03 09:36:24,706.55,1214451
2021-06-03 09:36:25,706.55,1214461
2021-06-03 09:36:26,706.55,1214466
2021-06-03 09:36:27,706.65,1214496
2021-06-03 09:36:28,706.2,1215110
2021-06-03 09:36:29,706.05,1215444
2021-06-03 09:36:30,706.35,1215473
2021-06-03 09:36:31,706.35,1215509
2021-06-03 09:36:32,706.0,1215609
2021-06-03 09:36:33,706.0,1215629
2021-06-03 09:36:34,706.0,1215649
2021-06-03 09:36:35,706.35,1215923
2021-06-03 09:36:36,706.0,1216419
2021-06-03 09:36:38,706.0,1216708
2021-06-03 09:36:38,706.15,1219264
2021-06-03 09:36:39,706.2,1219395
2021-06-03 09:36:40,706.35,1220395
2021-06-03 09:36:42,706.3,1220621
2021-06-03 09:36:42,706.0,1220767
2021-06-03 09:36:43,706.25,1220891
2021-06-03 09:36:45,706.3,1221993
2021-06-03 09:36:46,706.3,1221996
2021-06-03 09:36:47,706.0,1222236
2021-06-03 09:36:48,706.0,1222356
2021-06-03 09:36:49,706.3,1222558
2021-06-03 09:36:50,706.3,1222558
2021-06-03 09:36:51,706.0,1222563
2021-06-03 09:36:52,706.35,1222904
2021-06-03 09:36:53,706.05,1222972
2021-06-03 09:36:54,706.05,1222982
2021-06-03 09:36:54,706.3,1222997
2021-06-03 09:36:55,706.3,1223118
2021-06-03 09:36:56,706.3,1223225
2021-06-03 09:36:57,706.2,1223509
2021-06-03 09:36:59,706.3,1223619
2021-06-03 09:37:00,706.05,1223978
2021-06-03 09:37:01,706.25,1224055
2021-06-03 09:37:02,706.2,1224065
2021-06-03 09:37:03,706.05,1224396
2021-06-03 09:37:05,706.05,1224616
2021-06-03 09:37:06,706.1,1224992
2021-06-03 09:37:06,706.3,1225026
2021-06-03 09:37:08,706.3,1225566
2021-06-03 09:37:09,706.3,1225769
2021-06-03 09:37:10,706.35,1225844
2021-06-03 09:37:10,706.45,1226152
2021-06-03 09:37:11,706.1,1226278
2021-06-03 09:37:12,706.4,1226688
2021-06-03 09:37:13,706.1,1226743
2021-06-03 09:37:14,706.2,1226787
2021-06-03 09:37:15,706.05,1226811
2021-06-03 09:37:16,706.05,1226813
2021-06-03 09:37:17,706.3,1228115
2021-06-03 09:37:18,706.35,1228627
2021-06-03 09:37:19,706.05,1228827
2021-06-03 09:37:21,706.35,1229408
2021-06-03 09:37:22,706.35,1229409
2021-06-03 09:37:23,706.15,1229509
2021-06-03 09:37:23,706.1,1229809
2021-06-03 09:37:24,706.2,1230429
2021-06-03 09:37:25,706.2,1230683
2021-06-03 09:37:26,706.3,1230759
2021-06-03 09:37:27,706.35,1230910
2021-06-03 09:37:28,706.35,1230910
2021-06-03 09:37:29,706.6,1235998
2021-06-03 09:37:31,706.65,1236811
2021-06-03 09:37:33,707.0,1237038
2021-06-03 09:37:33,707.0,1237145
2021-06-03 09:37:34,707.0,1237609
2021-06-03 09:37:35,706.7,1238009
2021-06-03 09:37:36,707.0,1238159
2021-06-03 09:37:37,706.75,1238170
2021-06-03 09:37:39,706.75,1238268
2021-06-03 09:37:40,707.0,1241309
2021-06-03 09:37:41,707.2,1241340
2021-06-03 09:37:42,707.2,1241532
2021-06-03 09:37:43,707.2,1241574
2021-06-03 09:37:44,707.4,1242076
2021-06-03 09:37:44,707.4,1242076
2021-06-03 09:37:45,707.4,1242362
2021-06-03 09:37:46,707.45,1243233
2021-06-03 09:37:47,707.45,1243233
2021-06-03 09:37:48,707.05,1243241
2021-06-03 09:37:49,707.35,1243287
2021-06-03 09:37:50,707.05,1243702
2021-06-03 09:37:51,707.0,1243906
2021-06-03 09:37:52,707.1,1244048
2021-06-03 09:37:53,707.05,1244097
2021-06-03 09:37:54,707.0,1244107
2021-06-03 09:37:55,707.2,1244387
2021-06-03 09:37:56,707.15,1245529
2021-06-03 09:37:58,706.8,1245554
2021-06-03 09:37:59,707.0,1245762
2021-06-03 09:38:00,707.05,1245793
2021-06-03 09:38:02,706.75,1246100
2021-06-03 09:38:03,706.85,1246130
2021-06-03 09:38:04,706.85,1246154
2021-06-03 09:38:05,706.5,1247072
2021-06-03 09:38:06,706.6,1247142
2021-06-03 09:38:07,706.6,1247156
2021-06-03 09:38:08,706.6,1247268
2021-06-03 09:38:09,706.55,1247273
2021-06-03 09:38:10,706.55,1247989
2021-06-03 09:38:11,706.55,1247995
2021-06-03 09:38:12,706.5,1248758
2021-06-03 09:38:13,706.5,1248768
2021-06-03 09:38:14,706.2,1249298
2021-06-03 09:38:15,706.05,1250245
2021-06-03 09:38:16,706.2,1250310
2021-06-03 09:38:18,705.85,1260063
2021-06-03 09:38:19,705.9,1260246
2021-06-03 09:38:20,705.8,1260646
2021-06-03 09:38:21,706.05,1261151
2021-06-03 09:38:21,706.05,1261561
2021-06-03 09:38:22,706.05,1261611
2021-06-03 09:38:23,706.05,1261689
2021-06-03 09:38:24,705.8,1261889
2021-06-03 09:38:26,705.8,1261899
2021-06-03 09:38:27,706.0,1262299
2021-06-03 09:38:28,706.0,1263213
2021-06-03 09:38:28,706.3,1263216
2021-06-03 09:38:29,706.3,1263216
2021-06-03 09:38:30,706.35,1264344
2021-06-03 09:38:31,706.35,1264402
2021-06-03 09:38:32,706.35,1264577
2021-06-03 09:38:34,706.15,1264627
2021-06-03 09:38:34,706.15,1264930
2021-06-03 09:38:36,706.15,1264950
2021-06-03 09:38:37,706.15,1264950
2021-06-03 09:38:37,706.15,1265051
2021-06-03 09:38:38,706.15,1265071
2021-06-03 09:38:39,706.15,1265094
2021-06-03 09:38:41,706.2,1265752
2021-06-03 09:38:42,706.0,1265807
2021-06-03 09:38:43,706.0,1265872
2021-06-03 09:38:44,706.25,1265882
2021-06-03 09:38:45,706.0,1265892
2021-06-03 09:38:45,706.0,1266081
2021-06-03 09:38:46,706.0,1266295
2021-06-03 09:38:48,706.0,1266871
2021-06-03 09:38:50,706.05,1267160
2021-06-03 09:38:51,705.85,1267425
2021-06-03 09:38:52,706.0,1267597
2021-06-03 09:38:53,706.0,1267597
2021-06-03 09:38:54,706.0,1267627
2021-06-03 09:38:55,705.85,1267751
2021-06-03 09:38:55,706.0,1267686
2021-06-03 09:38:57,705.9,1267798
2021-06-03 09:38:58,705.75,1272147
2021-06-03 09:38:59,705.8,1272822
2021-06-03 09:39:00,705.5,1274848
2021-06-03 09:39:01,705.5,1274848
2021-06-03 09:39:02,705.85,1275073
2021-06-03 09:39:03,705.8,1275075
2021-06-03 09:39:05,706.0,1275381
2021-06-03 09:39:06,706.0,1275581
2021-06-03 09:39:06,706.0,1275581
2021-06-03 09:39:07,706.0,1275581
2021-06-03 09:39:08,706.0,1275656
2021-06-03 09:39:09,705.9,1275828
2021-06-03 09:39:10,705.85,1275952
2021-06-03 09:39:11,705.85,1275957
2021-06-03 09:39:12,706.0,1275973
2021-06-03 09:39:13,706.0,1276085
2021-06-03 09:39:14,705.8,1276290
2021-06-03 09:39:15,705.8,1276290
2021-06-03 09:39:16,706.0,1276528
2021-06-03 09:39:17,706.0,1277344
2021-06-03 09:39:19,705.8,1277631
2021-06-03 09:39:20,705.8,1277637
2021-06-03 09:39:21,705.8,1277802
2021-06-03 09:39:22,705.8,1278046
2021-06-03 09:39:23,705.8,1278322
2021-06-03 09:39:24,706.0,1278418
2021-06-03 09:39:25,706.0,1278488
2021-06-03 09:39:26,706.0,1278788
2021-06-03 09:39:26,706.0,1278788
2021-06-03 09:39:27,706.0,1278788
2021-06-03 09:39:28,706.0,1278807
2021-06-03 09:39:29,705.9,1278808
2021-06-03 09:39:30,705.9,1278808
2021-06-03 09:39:31,706.25,1280599
2021-06-03 09:39:32,705.9,1281233
2021-06-03 09:39:34,705.85,1285649
2021-06-03 09:39:34,705.8,1285724
2021-06-03 09:39:35,705.8,1285939
2021-06-03 09:39:37,705.6,1286241
2021-06-03 09:39:38,705.5,1286453
2021-06-03 09:39:39,705.85,1286965
2021-06-03 09:39:40,705.9,1287475
2021-06-03 09:39:41,705.65,1287545
2021-06-03 09:39:42,705.95,1287565
2021-06-03 09:39:43,705.8,1287766
2021-06-03 09:39:43,705.8,1287616
2021-06-03 09:39:44,705.95,1287789
2021-06-03 09:39:45,706.0,1287935
2021-06-03 09:39:46,705.85,1288065
2021-06-03 09:39:47,705.75,1288348
2021-06-03 09:39:48,705.95,1288383
2021-06-03 09:39:49,705.95,1288668
2021-06-03 09:39:50,706.0,1288678
2021-06-03 09:39:51,705.8,1288906
2021-06-03 09:39:52,705.65,1289447
2021-06-03 09:39:54,705.55,1290805
2021-06-03 09:39:54,705.5,1291555
2021-06-03 09:39:56,705.5,1293035
2021-06-03 09:39:57,705.4,1293155
2021-06-03 09:39:58,705.4,1293157
2021-06-03 09:39:58,705.65,1294788
2021-06-03 09:39:59,705.3,1295131
2021-06-03 09:40:00,705.15,1296670
2021-06-03 09:40:01,705.2,1297195
2021-06-03 09:40:02,705.1,1299527
2021-06-03 09:40:04,705.1,1299890
2021-06-03 09:40:05,705.35,1300090
2021-06-03 09:40:06,705.35,1300100
2021-06-03 09:40:07,705.35,1300354
2021-06-03 09:40:08,705.05,1319958
2021-06-03 09:40:10,705.05,1320852
2021-06-03 09:40:11,705.25,1321223
2021-06-03 09:40:12,705.3,1321323
2021-06-03 09:40:13,705.1,1322044
2021-06-03 09:40:13,705.0,1322094
2021-06-03 09:40:15,705.2,1322391
2021-06-03 09:40:16,704.9,1322915
2021-06-03 09:40:17,705.4,1323019
2021-06-03 09:40:18,705.05,1323320
2021-06-03 09:40:19,705.1,1323611
2021-06-03 09:40:20,705.4,1324910
2021-06-03 09:40:21,705.45,1325216
2021-06-03 09:40:22,705.05,1325838
2021-06-03 09:40:23,705.0,1326387
2021-06-03 09:40:24,705.0,1326917
2021-06-03 09:40:25,705.25,1327160
2021-06-03 09:40:25,705.25,1327160
2021-06-03 09:40:27,705.4,1327508
2021-06-03 09:40:27,705.0,1328176
2021-06-03 09:40:28,704.8,1328891
2021-06-03 09:40:30,704.85,1329901
2021-06-03 09:40:31,705.2,1329908
2021-06-03 09:40:32,704.95,1330201
2021-06-03 09:40:33,705.1,1332312
2021-06-03 09:40:34,705.05,1333315
2021-06-03 09:40:35,705.35,1333386
2021-06-03 09:40:35,705.05,1333433
2021-06-03 09:40:36,704.95,1333565
2021-06-03 09:40:38,705.1,1333795
2021-06-03 09:40:40,705.25,1334521
2021-06-03 09:40:41,705.45,1334711
2021-06-03 09:40:42,705.25,1334794
2021-06-03 09:40:43,705.25,1334845
2021-06-03 09:40:44,705.55,1335804
2021-06-03 09:40:45,705.6,1336079
2021-06-03 09:40:46,705.55,1336229
2021-06-03 09:40:46,705.85,1336375
2021-06-03 09:40:47,705.5,1336805
2021-06-03 09:40:48,705.85,1336813
2021-06-03 09:40:50,705.95,1337939
2021-06-03 09:40:51,705.45,1338533
2021-06-03 09:40:52,705.4,1339263
2021-06-03 09:40:54,705.55,1339330
2021-06-03 09:40:55,705.55,1339330
2021-06-03 09:40:56,705.75,1339568
2021-06-03 09:40:57,705.55,1339620
2021-06-03 09:40:58,706.0,1340657
2021-06-03 09:40:58,706.0,1340692
2021-06-03 09:40:59,706.15,1344842
2021-06-03 09:41:01,706.25,1345067
2021-06-03 09:41:03,706.6,1346492
2021-06-03 09:41:04,706.2,1346542
2021-06-03 09:41:05,706.2,1346542
2021-06-03 09:41:06,706.45,1346593
2021-06-03 09:41:07,706.55,1346751
2021-06-03 09:41:08,706.5,1347011
2021-06-03 09:41:08,706.45,1347037
2021-06-03 09:41:10,706.6,1347039
2021-06-03 09:41:11,706.4,1350026
2021-06-03 09:41:12,706.45,1350600
2021-06-03 09:41:13,706.4,1350776
2021-06-03 09:41:13,706.4,1350806
2021-06-03 09:41:14,706.4,1350916
2021-06-03 09:41:15,706.45,1351902
2021-06-03 09:41:16,706.5,1352072
2021-06-03 09:41:18,706.5,1352224
2021-06-03 09:41:19,706.4,1352607
2021-06-03 09:41:20,706.4,1354836
2021-06-03 09:41:21,706.75,1354940
2021-06-03 09:41:21,706.6,1355330
2021-06-03 09:41:22,706.6,1355390
2021-06-03 09:41:23,706.6,1355457
2021-06-03 09:41:25,706.65,1355717
2021-06-03 09:41:26,706.65,1356045
2021-06-03 09:41:27,706.65,1356261
2021-06-03 09:41:28,706.65,1356262
2021-06-03 09:41:29,706.8,1356352
2021-06-03 09:41:31,706.8,1358610
2021-06-03 09:41:32,707.0,1358991
2021-06-03 09:41:33,707.0,1359101
2021-06-03 09:41:34,706.8,1360521
2021-06-03 09:41:35,706.75,1360601
2021-06-03 09:41:36,707.0,1360786
2021-06-03 09:41:37,706.9,1361454
2021-06-03 09:41:38,706.9,1361523
2021-06-03 09:41:39,706.95,1361653
2021-06-03 09:41:40,706.95,1361661
2021-06-03 09:41:41,706.75,1361932
2021-06-03 09:41:42,706.75,1362232
2021-06-03 09:41:43,707.0,1362534
2021-06-03 09:41:44,706.75,1362537
2021-06-03 09:41:45,706.9,1362592
2021-06-03 09:41:46,707.0,1362647
2021-06-03 09:41:47,707.0,1362957
2021-06-03 09:41:48,707.0,1362982
2021-06-03 09:41:49,707.0,1364067
2021-06-03 09:41:49,706.9,1364179
2021-06-03 09:41:50,706.9,1364279
2021-06-03 09:41:51,706.9,1364279
2021-06-03 09:41:52,706.8,1364295
2021-06-03 09:41:53,706.8,1364295
2021-06-03 09:41:55,707.0,1364330
2021-06-03 09:41:56,706.8,1364566
2021-06-03 09:41:57,707.0,1364646
2021-06-03 09:41:58,706.8,1364831
2021-06-03 09:41:59,706.8,1364932
2021-06-03 09:42:00,706.8,1365249
2021-06-03 09:42:01,706.6,1368241
2021-06-03 09:42:02,706.6,1368406
2021-06-03 09:42:03,706.7,1369436
2021-06-03 09:42:04,706.7,1369436
2021-06-03 09:42:05,706.7,1369446
2021-06-03 09:42:06,706.4,1370511
2021-06-03 09:42:07,706.4,1370533
2021-06-03 09:42:08,706.65,1370572
2021-06-03 09:42:09,706.25,1370744
2021-06-03 09:42:10,706.6,1370746
2021-06-03 09:42:11,706.6,1370861
2021-06-03 09:42:12,706.15,1371031
2021-06-03 09:42:13,706.1,1374048
2021-06-03 09:42:14,706.45,1374149
2021-06-03 09:42:15,706.5,1374174
2021-06-03 09:42:16,706.4,1374364
2021-06-03 09:42:17,706.4,1374527
2021-06-03 09:42:18,706.55,1374592
2021-06-03 09:42:18,706.55,1374592
2021-06-03 09:42:19,706.5,1375642
2021-06-03 09:42:20,706.6,1375662
2021-06-03 09:42:22,706.65,1375792
2021-06-03 09:42:23,706.5,1375793
2021-06-03 09:42:24,706.5,1375801
2021-06-03 09:42:25,706.2,1377151
2021-06-03 09:42:26,706.5,1377192
2021-06-03 09:42:27,706.45,1377282
2021-06-03 09:42:28,706.05,1377298
2021-06-03 09:42:29,706.0,1377455
2021-06-03 09:42:30,706.25,1377505
2021-06-03 09:42:31,706.25,1377610
2021-06-03 09:42:32,706.25,1377610
2021-06-03 09:42:33,706.25,1377670
2021-06-03 09:42:34,706.25,1377949
2021-06-03 09:42:35,706.15,1377954
2021-06-03 09:42:36,706.15,1377965
2021-06-03 09:42:37,706.15,1377990
2021-06-03 09:42:38,706.25,1378061
2021-06-03 09:42:39,706.25,1378061
2021-06-03 09:42:40,706.0,1378373
2021-06-03 09:42:41,706.3,1378409
2021-06-03 09:42:42,706.15,1378419
2021-06-03 09:42:43,706.0,1378474
2021-06-03 09:42:44,706.0,1378504
2021-06-03 09:42:45,706.1,1378579
2021-06-03 09:42:47,706.0,1378669
2021-06-03 09:42:48,706.2,1379194
2021-06-03 09:42:49,706.0,1379244
2021-06-03 09:42:50,706.25,1379392
2021-06-03 09:42:51,706.15,1379402
2021-06-03 09:42:52,706.15,1379513
2021-06-03 09:42:53,706.3,1380283
2021-06-03 09:42:54,706.35,1380887
2021-06-03 09:42:55,706.8,1382476
2021-06-03 09:42:56,706.95,1387799
2021-06-03 09:42:57,707.1,1387804
2021-06-03 09:42:58,707.05,1388260
2021-06-03 09:42:59,707.05,1388260
2021-06-03 09:43:00,707.05,1388260
2021-06-03 09:43:01,706.9,1388745
2021-06-03 09:43:02,706.9,1389112
2021-06-03 09:43:03,706.9,1389181
2021-06-03 09:43:04,706.9,1389181
2021-06-03 09:43:05,706.9,1389594
2021-06-03 09:43:06,706.85,1390364
2021-06-03 09:43:07,706.9,1390880
2021-06-03 09:43:08,706.9,1390923
2021-06-03 09:43:09,707.0,1391124
2021-06-03 09:43:10,707.05,1391214
2021-06-03 09:43:11,707.15,1391714
2021-06-03 09:43:12,707.0,1391889
2021-06-03 09:43:13,707.0,1392051
2021-06-03 09:43:14,707.05,1392053
2021-06-03 09:43:15,707.05,1392500
2021-06-03 09:43:16,707.3,1392570
2021-06-03 09:43:17,707.0,1392690
2021-06-03 09:43:18,707.3,1392805
2021-06-03 09:43:19,707.35,1392810
2021-06-03 09:43:20,707.4,1393358
2021-06-03 09:43:21,707.4,1393513
2021-06-03 09:43:23,707.45,1394093
2021-06-03 09:43:26,707.45,1394697
2021-06-03 09:43:27,707.4,1394750
2021-06-03 09:43:28,707.4,1394751
2021-06-03 09:43:29,707.2,1394995
2021-06-03 09:43:30,707.2,1394995
2021-06-03 09:43:31,707.4,1395054
2021-06-03 09:43:32,707.4,1395075
2021-06-03 09:43:33,707.4,1395075
2021-06-03 09:43:34,707.15,1395107
2021-06-03 09:43:35,707.1,1396052
2021-06-03 09:43:36,707.1,1396112
2021-06-03 09:43:37,707.05,1396126
2021-06-03 09:43:38,707.25,1396134
2021-06-03 09:43:39,707.25,1396144
2021-06-03 09:43:40,707.3,1396208
2021-06-03 09:43:41,707.05,1396349
2021-06-03 09:43:43,707.25,1396641
2021-06-03 09:43:44,707.05,1396944
2021-06-03 09:43:45,707.05,1396944
2021-06-03 09:43:46,707.2,1397344
2021-06-03 09:43:47,707.2,1397351
2021-06-03 09:43:48,707.2,1397373
2021-06-03 09:43:49,707.05,1397518
2021-06-03 09:43:50,707.2,1397569
2021-06-03 09:43:51,707.2,1397575
2021-06-03 09:43:52,707.05,1397686
2021-06-03 09:43:53,707.0,1397986
2021-06-03 09:43:54,707.2,1398315
2021-06-03 09:43:55,707.3,1398550
2021-06-03 09:43:56,707.2,1398638
2021-06-03 09:43:57,707.2,1398653
2021-06-03 09:43:58,707.3,1398679
2021-06-03 09:43:59,707.1,1398888
2021-06-03 09:44:00,707.05,1398920
2021-06-03 09:44:01,707.1,1398941
2021-06-03 09:44:02,707.1,1398941
2021-06-03 09:44:03,707.1,1398942
2021-06-03 09:44:04,707.1,1398942
2021-06-03 09:44:05,707.1,1398942
2021-06-03 09:44:06,707.1,1399167
2021-06-03 09:44:07,707.2,1399169
2021-06-03 09:44:08,707.2,1399169
2021-06-03 09:44:09,707.5,1400289
2021-06-03 09:44:10,707.5,1400289
2021-06-03 09:44:11,707.5,1400289
2021-06-03 09:44:12,707.35,1400311
2021-06-03 09:44:13,707.35,1400387
2021-06-03 09:44:14,707.5,1400544
2021-06-03 09:44:15,707.8,1405498
2021-06-03 09:44:16,707.8,1405498
2021-06-03 09:44:17,707.8,1405563
2021-06-03 09:44:18,707.5,1405581
2021-06-03 09:44:19,707.5,1405581
2021-06-03 09:44:20,707.8,1405666
2021-06-03 09:44:21,707.8,1405671
2021-06-03 09:44:22,707.8,1405671
2021-06-03 09:44:23,707.5,1406115
2021-06-03 09:44:24,707.8,1406672
2021-06-03 09:44:25,707.8,1406979
2021-06-03 09:44:26,707.55,1407103
2021-06-03 09:44:27,707.6,1407273
2021-06-03 09:44:28,707.65,1407503
2021-06-03 09:44:29,707.65,1407503
2021-06-03 09:44:30,707.5,1408503
2021-06-03 09:44:31,707.8,1408510
2021-06-03 09:44:32,707.55,1408560
2021-06-03 09:44:33,707.8,1408621
2021-06-03 09:44:34,707.8,1408636
2021-06-03 09:44:35,707.6,1410878
2021-06-03 09:44:36,707.6,1410878
2021-06-03 09:44:37,707.6,1410878
2021-06-03 09:44:38,707.75,1411218
2021-06-03 09:44:39,707.75,1411218
2021-06-03 09:44:40,707.6,1411248
2021-06-03 09:44:41,707.75,1411507
2021-06-03 09:44:42,707.8,1411717
2021-06-03 09:44:43,707.8,1411717
2021-06-03 09:44:44,707.8,1411729
2021-06-03 09:44:45,707.8,1413719
2021-06-03 09:44:46,707.75,1413724
2021-06-03 09:44:47,707.65,1413823
2021-06-03 09:44:48,707.65,1414207
2021-06-03 09:44:49,707.8,1414327
2021-06-03 09:44:50,707.8,1414427
2021-06-03 09:44:51,707.75,1414458
2021-06-03 09:44:52,707.65,1414583
2021-06-03 09:44:53,707.75,1414849
2021-06-03 09:44:54,707.75,1415133
2021-06-03 09:44:55,707.55,1416509
2021-06-03 09:44:56,707.55,1416509
2021-06-03 09:44:57,707.6,1417009
2021-06-03 09:44:59,707.6,1417009
2021-06-03 09:44:59,707.55,1417119
2021-06-03 09:45:00,707.65,1417209
2021-06-03 09:45:01,707.55,1417242
2021-06-03 09:45:02,707.6,1417243
2021-06-03 09:45:03,707.65,1417253
2021-06-03 09:45:04,707.6,1417254
2021-06-03 09:45:05,707.7,1417318
2021-06-03 09:45:06,707.7,1417318
2021-06-03 09:45:07,707.7,1417920
2021-06-03 09:45:08,707.75,1418475
2021-06-03 09:45:10,707.65,1418485
2021-06-03 09:45:10,707.65,1418485
2021-06-03 09:45:11,707.75,1419245
2021-06-03 09:45:12,707.6,1419353
2021-06-03 09:45:13,707.6,1419378
2021-06-03 09:45:14,707.5,1419928
2021-06-03 09:45:15,707.7,1419937
2021-06-03 09:45:16,707.7,1420027
2021-06-03 09:45:17,707.75,1420398
2021-06-03 09:45:18,707.75,1420770
2021-06-03 09:45:19,707.6,1420815
2021-06-03 09:45:21,707.55,1422725
2021-06-03 09:45:21,707.55,1422725
2021-06-03 09:45:22,707.5,1423316
2021-06-03 09:45:23,707.6,1423706
2021-06-03 09:45:24,707.5,1424111
2021-06-03 09:45:25,707.5,1424114
2021-06-03 09:45:26,707.5,1424202
2021-06-03 09:45:27,707.5,1424210
2021-06-03 09:45:28,707.5,1424240
2021-06-03 09:45:29,707.2,1424390
2021-06-03 09:45:30,707.45,1424392
2021-06-03 09:45:32,707.2,1424516
2021-06-03 09:45:32,707.2,1424516
2021-06-03 09:45:33,707.2,1424516
2021-06-03 09:45:34,707.2,1424517
2021-06-03 09:45:35,707.05,1425735
2021-06-03 09:45:36,707.05,1425735
2021-06-03 09:45:37,707.0,1425825
2021-06-03 09:45:38,707.25,1425828
2021-06-03 09:45:39,707.2,1425903
2021-06-03 09:45:40,707.0,1425927
2021-06-03 09:45:41,707.0,1426187
2021-06-03 09:45:43,707.0,1426236
2021-06-03 09:45:44,707.05,1426266
2021-06-03 09:45:45,707.0,1426278
2021-06-03 09:45:46,707.05,1426470
2021-06-03 09:45:47,707.0,1426482
2021-06-03 09:45:48,707.0,1426482
2021-06-03 09:45:49,707.0,1426482
2021-06-03 09:45:50,707.05,1426628
2021-06-03 09:45:51,707.0,1427189
2021-06-03 09:45:52,707.05,1427524
2021-06-03 09:45:53,707.0,1427698
2021-06-03 09:45:54,707.25,1431346
2021-06-03 09:45:56,707.25,1431386
2021-06-03 09:45:57,707.35,1432035
2021-06-03 09:45:57,707.35,1432035
2021-06-03 09:45:58,707.35,1432035
2021-06-03 09:45:59,707.35,1432035
2021-06-03 09:46:00,707.6,1432148
2021-06-03 09:46:01,707.4,1432193
2021-06-03 09:46:02,707.25,1433524
2021-06-03 09:46:03,707.25,1433524
2021-06-03 09:46:04,707.25,1433524
2021-06-03 09:46:05,707.2,1434855
2021-06-03 09:46:07,707.1,1434865
2021-06-03 09:46:08,707.25,1434885
2021-06-03 09:46:09,707.3,1435083
2021-06-03 09:46:10,707.3,1435428
2021-06-03 09:46:11,707.3,1435628
2021-06-03 09:46:13,707.05,1435643
2021-06-03 09:46:13,707.05,1435643
2021-06-03 09:46:15,707.45,1435873
2021-06-03 09:46:16,707.5,1435884
2021-06-03 09:46:17,707.5,1435896
2021-06-03 09:46:18,707.45,1436152
2021-06-03 09:46:19,707.2,1436254
2021-06-03 09:46:21,707.3,1436713
2021-06-03 09:46:22,707.3,1436940
2021-06-03 09:46:23,707.5,1436990
2021-06-03 09:46:26,707.3,1437953
2021-06-03 09:46:27,707.3,1437953
2021-06-03 09:46:28,707.3,1437953
2021-06-03 09:46:30,707.3,1437953
2021-06-03 09:46:31,707.25,1438260
2021-06-03 09:46:31,707.25,1438260
2021-06-03 09:46:32,707.3,1438375
2021-06-03 09:46:33,707.3,1438475
2021-06-03 09:46:34,707.3,1438488
2021-06-03 09:46:35,707.3,1438538
2021-06-03 09:46:36,707.3,1438785
2021-06-03 09:46:37,707.3,1438932
2021-06-03 09:46:39,707.5,1439251
2021-06-03 09:46:40,707.3,1439413
2021-06-03 09:46:40,707.5,1439445
2021-06-03 09:46:41,707.25,1439815
2021-06-03 09:46:42,707.25,1439815
2021-06-03 09:46:43,707.25,1439815
2021-06-03 09:46:44,707.25,1439815
2021-06-03 09:46:45,707.25,1439835
2021-06-03 09:46:46,707.25,1439835
2021-06-03 09:46:47,707.3,1439840
2021-06-03 09:46:48,707.25,1439842
2021-06-03 09:46:50,707.25,1439887
2021-06-03 09:46:51,707.3,1440133
2021-06-03 09:46:51,707.25,1440123
2021-06-03 09:46:52,707.3,1440133
2021-06-03 09:46:53,707.5,1440288
2021-06-03 09:46:54,707.5,1440288
2021-06-03 09:46:55,707.5,1440288
2021-06-03 09:46:57,707.5,1440292
2021-06-03 09:46:57,707.5,1440404
2021-06-03 09:46:58,707.5,1440526
2021-06-03 09:46:59,707.5,1440526
2021-06-03 09:47:00,707.5,1440626
2021-06-03 09:47:01,707.5,1440636
2021-06-03 09:47:02,707.5,1440636
2021-06-03 09:47:03,707.5,1440648
2021-06-03 09:47:05,707.35,1440860
2021-06-03 09:47:06,707.05,1443305
2021-06-03 09:47:07,707.5,1443325
2021-06-03 09:47:08,707.5,1443338
2021-06-03 09:47:08,707.5,1443338
2021-06-03 09:47:09,707.5,1443338
2021-06-03 09:47:10,707.35,1443343
2021-06-03 09:47:11,707.35,1443343
2021-06-03 09:47:12,707.35,1443346
2021-06-03 09:47:13,707.35,1443363
2021-06-03 09:47:14,707.35,1443363
2021-06-03 09:47:15,707.35,1443383
2021-06-03 09:47:16,707.35,1443383
2021-06-03 09:47:17,707.35,1443383
2021-06-03 09:47:18,707.35,1443607
2021-06-03 09:47:19,707.35,1443607
2021-06-03 09:47:21,707.65,1447747
2021-06-03 09:47:22,707.65,1447747
2021-06-03 09:47:22,707.45,1447761
2021-06-03 09:47:23,707.65,1447762
2021-06-03 09:47:24,707.65,1448036
2021-06-03 09:47:26,707.45,1448598
2021-06-03 09:47:27,707.45,1448599
2021-06-03 09:47:28,707.45,1448599
2021-06-03 09:47:28,707.45,1448599
2021-06-03 09:47:30,707.65,1448610
2021-06-03 09:47:30,707.65,1448610
2021-06-03 09:47:31,707.65,1448610
2021-06-03 09:47:32,707.65,1448675
2021-06-03 09:47:33,707.45,1448825
2021-06-03 09:47:34,707.65,1448955
2021-06-03 09:47:36,707.65,1448955
2021-06-03 09:47:37,707.65,1449011
2021-06-03 09:47:38,707.5,1449095
2021-06-03 09:47:38,707.5,1449095
2021-06-03 09:47:40,707.65,1449125
2021-06-03 09:47:41,707.45,1449143
2021-06-03 09:47:41,707.45,1449143
2021-06-03 09:47:42,707.65,1449663
2021-06-03 09:47:43,707.65,1449735
2021-06-03 09:47:44,707.45,1449885
2021-06-03 09:47:45,707.45,1450235
2021-06-03 09:47:46,707.35,1452595
2021-06-03 09:47:47,707.45,1452599
2021-06-03 09:47:48,707.45,1452712
2021-06-03 09:47:51,707.35,1452814
2021-06-03 09:47:51,707.35,1453135
2021-06-03 09:47:52,707.4,1453328
2021-06-03 09:47:53,707.05,1453499
2021-06-03 09:47:54,707.3,1453809
2021-06-03 09:47:55,707.05,1453844
2021-06-03 09:47:57,707.05,1453860
2021-06-03 09:47:57,707.3,1453930
2021-06-03 09:48:00,707.3,1454135
2021-06-03 09:48:01,707.35,1454140
2021-06-03 09:48:01,707.4,1454160
2021-06-03 09:48:02,707.05,1454260
2021-06-03 09:48:03,707.0,1456704
2021-06-03 09:48:04,707.0,1456704
2021-06-03 09:48:06,707.0,1456704
2021-06-03 09:48:07,707.05,1456755
2021-06-03 09:48:08,707.15,1456759
2021-06-03 09:48:09,707.15,1456759
2021-06-03 09:48:10,707.15,1456759
2021-06-03 09:48:11,707.0,1459113
2021-06-03 09:48:11,707.0,1459113
2021-06-03 09:48:12,706.7,1459126
2021-06-03 09:48:13,706.7,1459288
2021-06-03 09:48:14,706.95,1459467
2021-06-03 09:48:15,706.95,1459467
2021-06-03 09:48:16,706.7,1459721
2021-06-03 09:48:17,706.7,1459769
2021-06-03 09:48:18,706.6,1462796
2021-06-03 09:48:19,706.6,1462796
2021-06-03 09:48:20,706.6,1462831
2021-06-03 09:48:21,706.35,1462991
2021-06-03 09:48:22,706.35,1463041
2021-06-03 09:48:23,706.55,1463196
2021-06-03 09:48:25,706.55,1463877
2021-06-03 09:48:25,706.55,1464387
2021-06-03 09:48:27,706.55,1464387
2021-06-03 09:48:28,706.55,1464387
2021-06-03 09:48:29,706.55,1464487
2021-06-03 09:48:30,706.5,1464490
2021-06-03 09:48:30,706.5,1464490
2021-06-03 09:48:31,706.5,1464510
2021-06-03 09:48:32,706.55,1464515
2021-06-03 09:48:33,706.55,1464710
2021-06-03 09:48:34,706.75,1464850
2021-06-03 09:48:35,706.7,1464900
2021-06-03 09:48:36,706.55,1465101
2021-06-03 09:48:37,706.55,1465246
2021-06-03 09:48:38,706.55,1465248
2021-06-03 09:48:39,706.55,1465323
2021-06-03 09:48:40,706.55,1465339
2021-06-03 09:48:41,707.0,1467115
2021-06-03 09:48:43,707.0,1467263
2021-06-03 09:48:44,706.85,1467498
2021-06-03 09:48:44,706.85,1467533
2021-06-03 09:48:45,706.85,1467536
2021-06-03 09:48:46,707.0,1467537
2021-06-03 09:48:47,707.0,1467762
2021-06-03 09:48:48,706.85,1467772
2021-06-03 09:48:49,706.85,1468022
2021-06-03 09:48:50,706.85,1468032
2021-06-03 09:48:52,706.85,1468032
2021-06-03 09:48:53,707.0,1468084
2021-06-03 09:48:54,707.0,1468408
2021-06-03 09:48:55,707.0,1468628
2021-06-03 09:48:56,707.0,1468644
2021-06-03 09:48:57,707.0,1468653
2021-06-03 09:48:57,707.0,1468653
2021-06-03 09:48:58,707.0,1468654
2021-06-03 09:48:59,706.95,1469155
2021-06-03 09:49:00,706.95,1469156
2021-06-03 09:49:01,706.95,1469156
2021-06-03 09:49:03,707.0,1469406
2021-06-03 09:49:04,707.0,1469406
2021-06-03 09:49:05,707.0,1469411
2021-06-03 09:49:06,707.0,1469461
2021-06-03 09:49:07,707.0,1469471
2021-06-03 09:49:08,706.85,1469501
2021-06-03 09:49:08,706.85,1469501
2021-06-03 09:49:10,707.0,1469646
2021-06-03 09:49:11,706.85,1469796
2021-06-03 09:49:13,707.0,1469829
2021-06-03 09:49:14,706.85,1469834
2021-06-03 09:49:15,707.0,1469849
2021-06-03 09:49:16,707.0,1469849
2021-06-03 09:49:17,706.85,1469959
2021-06-03 09:49:17,706.85,1469959
2021-06-03 09:49:19,707.15,1474393
2021-06-03 09:49:21,706.95,1474892
2021-06-03 09:49:22,706.95,1475029
2021-06-03 09:49:23,706.95,1475034
2021-06-03 09:49:24,707.0,1475337
2021-06-03 09:49:25,707.0,1475337
2021-06-03 09:49:26,707.0,1475604
2021-06-03 09:49:27,707.0,1475632
2021-06-03 09:49:28,707.0,1476062
2021-06-03 09:49:29,707.0,1476062
2021-06-03 09:49:30,707.0,1476612
2021-06-03 09:49:31,706.75,1478489
2021-06-03 09:49:33,706.75,1478489
2021-06-03 09:49:34,706.75,1478490
2021-06-03 09:49:34,706.75,1478490
2021-06-03 09:49:35,706.75,1478490
2021-06-03 09:49:37,706.75,1478510
2021-06-03 09:49:38,707.05,1479010
2021-06-03 09:49:38,707.05,1479010
2021-06-03 09:49:39,706.75,1479011
2021-06-03 09:49:41,706.75,1479116
2021-06-03 09:49:42,706.75,1479216
2021-06-03 09:49:42,707.05,1479251
2021-06-03 09:49:44,707.05,1479251
2021-06-03 09:49:45,707.05,1479251
2021-06-03 09:49:46,706.75,1479267
2021-06-03 09:49:47,706.95,1479317
2021-06-03 09:49:48,707.0,1479327
2021-06-03 09:49:49,707.0,1479327
2021-06-03 09:49:50,707.0,1479327
2021-06-03 09:49:51,706.75,1479328
2021-06-03 09:49:52,706.75,1479358
2021-06-03 09:49:53,706.9,1479435
2021-06-03 09:49:54,706.75,1480083
2021-06-03 09:49:55,706.75,1480187
2021-06-03 09:49:56,706.75,1480187
2021-06-03 09:49:57,706.75,1480187
2021-06-03 09:49:58,706.75,1480212
2021-06-03 09:49:59,707.0,1480213
2021-06-03 09:49:59,706.75,1480313
2021-06-03 09:50:00,706.75,1480458
2021-06-03 09:50:01,707.0,1480515
2021-06-03 09:50:02,707.0,1480615
2021-06-03 09:50:03,706.75,1480642
2021-06-03 09:50:05,707.0,1480947
2021-06-03 09:50:06,706.7,1483004
2021-06-03 09:50:07,706.7,1483004
2021-06-03 09:50:08,706.4,1484784
2021-06-03 09:50:09,706.5,1484794
2021-06-03 09:50:10,706.6,1484949
2021-06-03 09:50:11,706.6,1484999
2021-06-03 09:50:12,706.2,1485235
2021-06-03 09:50:13,706.2,1485235
2021-06-03 09:50:15,706.3,1486013
2021-06-03 09:50:16,706.2,1486023
2021-06-03 09:50:17,706.2,1486153
2021-06-03 09:50:18,706.2,1486155
2021-06-03 09:50:18,706.2,1486155
2021-06-03 09:50:19,706.2,1486155
2021-06-03 09:50:21,706.2,1486231
2021-06-03 09:50:21,706.2,1486231
2021-06-03 09:50:23,706.2,1486241
2021-06-03 09:50:24,706.2,1486666
2021-06-03 09:50:24,706.2,1486666
2021-06-03 09:50:26,706.2,1487477
2021-06-03 09:50:27,706.2,1489570
2021-06-03 09:50:28,706.25,1490477
2021-06-03 09:50:28,706.25,1490497
2021-06-03 09:50:29,706.65,1490627
2021-06-03 09:50:30,706.3,1490638
2021-06-03 09:50:31,706.3,1490638
2021-06-03 09:50:32,706.3,1490638
2021-06-03 09:50:34,706.35,1490656
2021-06-03 09:50:35,706.4,1490661
2021-06-03 09:50:36,706.4,1490681
2021-06-03 09:50:37,706.5,1490684
2021-06-03 09:50:38,706.5,1490685
2021-06-03 09:50:39,706.35,1490785
2021-06-03 09:50:40,706.35,1490785
2021-06-03 09:50:41,706.35,1490790
2021-06-03 09:50:42,706.35,1490790
2021-06-03 09:50:43,706.5,1490908
2021-06-03 09:50:44,706.5,1490913
2021-06-03 09:50:46,706.5,1490940
2021-06-03 09:50:47,706.65,1491235
2021-06-03 09:50:49,706.75,1491335
2021-06-03 09:50:50,706.5,1491351
2021-06-03 09:50:51,706.5,1491351
2021-06-03 09:50:53,706.5,1491561
2021-06-03 09:50:54,706.9,1491922
2021-06-03 09:50:55,706.9,1491937
2021-06-03 09:50:55,706.9,1491927
2021-06-03 09:50:56,706.55,1491957
2021-06-03 09:50:57,706.55,1492013
2021-06-03 09:50:59,706.8,1492076
2021-06-03 09:51:01,706.8,1492076
2021-06-03 09:51:02,706.8,1492286
2021-06-03 09:51:03,706.55,1492372
2021-06-03 09:51:03,706.8,1492872
2021-06-03 09:51:05,706.8,1492877
2021-06-03 09:51:05,706.85,1493395
2021-06-03 09:51:06,706.5,1494747
2021-06-03 09:51:07,706.5,1494782
2021-06-03 09:51:09,706.5,1494869
2021-06-03 09:51:09,706.5,1497390
2021-06-03 09:51:10,706.5,1497390
2021-06-03 09:51:11,706.4,1497625
2021-06-03 09:51:12,706.5,1497630
2021-06-03 09:51:14,706.55,1497640
2021-06-03 09:51:15,706.5,1498144
2021-06-03 09:51:15,706.5,1498144
2021-06-03 09:51:17,706.55,1498444
2021-06-03 09:51:17,706.55,1498477
2021-06-03 09:51:18,706.5,1498490
2021-06-03 09:51:19,706.5,1498490
2021-06-03 09:51:21,706.6,1498515
2021-06-03 09:51:21,706.5,1498675
2021-06-03 09:51:22,706.5,1498680
2021-06-03 09:51:23,706.5,1498680
2021-06-03 09:51:24,706.8,1498994
2021-06-03 09:51:25,706.5,1499294
2021-06-03 09:51:26,706.5,1499294
2021-06-03 09:51:27,706.55,1499345
2021-06-03 09:51:28,706.55,1499345
2021-06-03 09:51:30,706.55,1499345
2021-06-03 09:51:31,706.55,1499345
2021-06-03 09:51:32,706.55,1499345
2021-06-03 09:51:33,706.55,1499345
2021-06-03 09:51:34,706.55,1499345
2021-06-03 09:51:35,706.6,1499401
2021-06-03 09:51:36,706.6,1499402
2021-06-03 09:51:37,706.6,1499502
2021-06-03 09:51:38,706.75,1499663
2021-06-03 09:51:39,706.75,1499663
2021-06-03 09:51:40,707.0,1502904
2021-06-03 09:51:41,707.05,1502994
2021-06-03 09:51:42,706.8,1502997
2021-06-03 09:51:43,706.8,1503057
2021-06-03 09:51:44,707.0,1503171
2021-06-03 09:51:45,706.65,1503321
2021-06-03 09:51:45,707.1,1506123
2021-06-03 09:51:46,707.1,1506123
2021-06-03 09:51:47,707.1,1506123
2021-06-03 09:51:48,706.9,1506704
2021-06-03 09:51:49,706.9,1506724
2021-06-03 09:51:50,707.0,1506820
2021-06-03 09:51:52,706.8,1508793
2021-06-03 09:51:53,706.8,1508793
2021-06-03 09:51:54,706.8,1509296
2021-06-03 09:51:55,706.6,1509446
2021-06-03 09:51:56,706.5,1510153
2021-06-03 09:51:57,706.5,1510163
2021-06-03 09:51:58,706.5,1510163
2021-06-03 09:51:59,706.4,1510189
2021-06-03 09:51:59,706.4,1510189
2021-06-03 09:52:00,706.5,1510505
2021-06-03 09:52:01,706.3,1511101
2021-06-03 09:52:03,706.3,1511167
2021-06-03 09:52:05,706.3,1511257
2021-06-03 09:52:06,706.2,1511321
2021-06-03 09:52:07,706.2,1511321
2021-06-03 09:52:08,705.95,1520188
2021-06-03 09:52:08,705.95,1520188
2021-06-03 09:52:10,705.95,1520188
2021-06-03 09:52:10,706.0,1520198
2021-06-03 09:52:11,706.25,1520303
2021-06-03 09:52:13,706.2,1520453
2021-06-03 09:52:14,705.8,1521044
2021-06-03 09:52:15,705.8,1521111
2021-06-03 09:52:16,705.75,1521121
2021-06-03 09:52:17,706.0,1521171
2021-06-03 09:52:18,705.75,1521186
2021-06-03 09:52:19,706.0,1521241
2021-06-03 09:52:20,705.7,1521318
2021-06-03 09:52:21,705.7,1521378
2021-06-03 09:52:22,706.0,1521488
2021-06-03 09:52:23,706.0,1521488
2021-06-03 09:52:24,705.8,1521946
2021-06-03 09:52:24,705.8,1522148
2021-06-03 09:52:25,705.8,1522148
2021-06-03 09:52:27,706.0,1522358
2021-06-03 09:52:28,706.0,1522631
2021-06-03 09:52:29,705.75,1523066
2021-06-03 09:52:30,705.75,1523092
2021-06-03 09:52:31,705.65,1523350
2021-06-03 09:52:32,705.8,1523450
2021-06-03 09:52:33,705.8,1523450
2021-06-03 09:52:34,705.75,1524105
2021-06-03 09:52:35,705.6,1524159
2021-06-03 09:52:36,705.65,1524454
2021-06-03 09:52:36,705.6,1524558
2021-06-03 09:52:37,705.6,1524564
2021-06-03 09:52:38,705.6,1524564
2021-06-03 09:52:40,705.65,1524611
2021-06-03 09:52:41,705.7,1524616
2021-06-03 09:52:42,706.0,1524640
2021-06-03 09:52:43,705.65,1524645
2021-06-03 09:52:44,705.65,1524664
2021-06-03 09:52:45,705.65,1524664
2021-06-03 09:52:46,705.65,1524769
2021-06-03 09:52:47,705.65,1525277
2021-06-03 09:52:48,706.0,1525395
2021-06-03 09:52:50,706.0,1525490
2021-06-03 09:52:51,706.0,1525665
2021-06-03 09:52:52,705.65,1525692
2021-06-03 09:52:53,705.65,1525830
2021-06-03 09:52:53,705.8,1525837
2021-06-03 09:52:55,705.7,1526622
2021-06-03 09:52:55,705.7,1526622
2021-06-03 09:52:57,705.6,1529625
2021-06-03 09:52:58,705.6,1529630
2021-06-03 09:52:59,705.6,1529630
2021-06-03 09:53:00,705.65,1529870
2021-06-03 09:53:01,705.9,1530011
2021-06-03 09:53:02,705.95,1530047
2021-06-03 09:53:03,705.85,1530113
2021-06-03 09:53:05,705.85,1530352
2021-06-03 09:53:06,705.85,1530352
2021-06-03 09:53:07,705.9,1530357
2021-06-03 09:53:08,705.9,1530357
2021-06-03 09:53:09,706.15,1532387
2021-06-03 09:53:10,706.15,1533095
2021-06-03 09:53:11,706.15,1533095
2021-06-03 09:53:12,706.15,1533101
2021-06-03 09:53:13,706.5,1533153
2021-06-03 09:53:14,706.15,1533259
2021-06-03 09:53:15,706.5,1533309
2021-06-03 09:53:16,706.2,1533354
2021-06-03 09:53:16,706.2,1533354
2021-06-03 09:53:17,706.15,1533674
2021-06-03 09:53:18,706.0,1533971
2021-06-03 09:53:19,706.0,1533971
2021-06-03 09:53:21,706.0,1533971
2021-06-03 09:53:22,706.0,1534011
2021-06-03 09:53:23,706.25,1534016
2021-06-03 09:53:24,706.3,1534334
2021-06-03 09:53:25,705.5,1544341
2021-06-03 09:53:26,705.5,1544609
2021-06-03 09:53:27,705.85,1545611
2021-06-03 09:53:28,705.8,1545817
2021-06-03 09:53:29,705.6,1545956
2021-06-03 09:53:30,705.6,1545956
2021-06-03 09:53:31,705.6,1545956
2021-06-03 09:53:32,705.6,1545956
2021-06-03 09:53:33,705.65,1546509
2021-06-03 09:53:34,705.6,1547006
2021-06-03 09:53:35,705.6,1547006
2021-06-03 09:53:36,705.5,1548009
2021-06-03 09:53:37,705.5,1548009
2021-06-03 09:53:38,705.5,1548038
2021-06-03 09:53:39,705.5,1550880
2021-06-03 09:53:40,705.5,1550929
2021-06-03 09:53:41,705.5,1550929
2021-06-03 09:53:42,705.55,1550959
2021-06-03 09:53:43,705.65,1551149
2021-06-03 09:53:44,705.5,1551306
2021-06-03 09:53:45,705.55,1551894
2021-06-03 09:53:46,705.55,1551894
2021-06-03 09:53:47,705.4,1551944
2021-06-03 09:53:48,705.55,1551961
2021-06-03 09:53:49,705.55,1552011
2021-06-03 09:53:50,705.4,1552021
2021-06-03 09:53:51,705.55,1552032
2021-06-03 09:53:52,705.4,1552142
2021-06-03 09:53:53,705.55,1552372
2021-06-03 09:53:54,705.6,1552975
2021-06-03 09:53:55,705.3,1555103
2021-06-03 09:53:56,705.3,1555103
2021-06-03 09:53:57,705.35,1555110
2021-06-03 09:53:58,705.35,1555710
2021-06-03 09:53:59,705.4,1555981
2021-06-03 09:54:00,705.35,1556181
2021-06-03 09:54:02,705.4,1556572
2021-06-03 09:54:03,705.4,1556642
2021-06-03 09:54:04,705.05,1557642
2021-06-03 09:54:05,705.1,1557713
2021-06-03 09:54:06,705.1,1557738
2021-06-03 09:54:07,705.1,1557738
2021-06-03 09:54:08,705.1,1557955
2021-06-03 09:54:09,705.1,1557985
2021-06-03 09:54:10,705.3,1558452
2021-06-03 09:54:11,705.3,1558452
2021-06-03 09:54:12,705.3,1558687
2021-06-03 09:54:13,705.1,1558701
2021-06-03 09:54:14,705.1,1558791
2021-06-03 09:54:15,705.1,1558816
2021-06-03 09:54:16,705.1,1559166
2021-06-03 09:54:17,705.3,1560423
2021-06-03 09:54:18,705.35,1560703
2021-06-03 09:54:19,705.15,1560758
2021-06-03 09:54:20,705.4,1563877
2021-06-03 09:54:21,705.3,1564340
2021-06-03 09:54:22,705.3,1564340
2021-06-03 09:54:23,705.35,1564350
2021-06-03 09:54:25,705.35,1565216
2021-06-03 09:54:26,705.4,1565217
2021-06-03 09:54:27,705.6,1565370
2021-06-03 09:54:28,705.35,1565525
2021-06-03 09:54:29,705.3,1565758
2021-06-03 09:54:30,705.3,1565758
2021-06-03 09:54:31,705.3,1565808
2021-06-03 09:54:32,705.3,1566534
2021-06-03 09:54:33,705.3,1566699
2021-06-03 09:54:34,705.3,1566699
2021-06-03 09:54:35,705.3,1566751
2021-06-03 09:54:36,705.7,1567733
2021-06-03 09:54:37,705.4,1567780
2021-06-03 09:54:38,705.4,1567780
2021-06-03 09:54:39,705.35,1567898
2021-06-03 09:54:40,705.35,1567898
2021-06-03 09:54:41,705.5,1567961
2021-06-03 09:54:42,705.45,1568020
2021-06-03 09:54:43,705.45,1568020
2021-06-03 09:54:44,705.5,1568064
2021-06-03 09:54:46,705.35,1568399
2021-06-03 09:54:47,705.4,1570536
2021-06-03 09:54:48,705.4,1570536
2021-06-03 09:54:49,705.1,1577270
2021-06-03 09:54:50,705.1,1577270
2021-06-03 09:54:51,705.25,1577320
2021-06-03 09:54:52,705.25,1577457
2021-06-03 09:54:53,705.25,1577523
2021-06-03 09:54:54,705.25,1577936
2021-06-03 09:54:55,705.25,1578017
2021-06-03 09:54:56,705.25,1578017
2021-06-03 09:54:57,705.25,1578017
2021-06-03 09:54:58,705.35,1578042
2021-06-03 09:54:59,705.15,1578075
2021-06-03 09:55:00,705.15,1578220
2021-06-03 09:55:01,705.4,1578340
2021-06-03 09:55:02,705.45,1578655
2021-06-03 09:55:04,705.1,1578806
2021-06-03 09:55:05,705.1,1578806
2021-06-03 09:55:06,705.25,1578845
2021-06-03 09:55:07,705.1,1578871
2021-06-03 09:55:08,705.25,1578872
2021-06-03 09:55:09,705.1,1579551
2021-06-03 09:55:10,705.1,1579551
2021-06-03 09:55:11,705.25,1579582
2021-06-03 09:55:12,705.25,1579582
2021-06-03 09:55:13,705.1,1579715
2021-06-03 09:55:14,705.1,1580276
2021-06-03 09:55:16,705.1,1580556
2021-06-03 09:55:17,705.1,1580570
2021-06-03 09:55:18,705.1,1580570
2021-06-03 09:55:19,705.1,1581675
2021-06-03 09:55:20,705.3,1581875
2021-06-03 09:55:21,705.3,1581885
2021-06-03 09:55:22,705.1,1581959
2021-06-03 09:55:23,705.3,1582059
2021-06-03 09:55:24,705.1,1582548
2021-06-03 09:55:25,705.1,1582670
2021-06-03 09:55:26,705.1,1582670
2021-06-03 09:55:27,705.35,1582722
2021-06-03 09:55:28,705.1,1582922
2021-06-03 09:55:29,705.25,1583976
2021-06-03 09:55:30,705.25,1584076
2021-06-03 09:55:31,705.35,1584081
2021-06-03 09:55:32,705.35,1584081
2021-06-03 09:55:33,705.3,1584100
2021-06-03 09:55:34,705.25,1584225
2021-06-03 09:55:35,705.25,1584327
2021-06-03 09:55:37,705.4,1585780
2021-06-03 09:55:38,705.4,1585780
2021-06-03 09:55:39,705.25,1585944
2021-06-03 09:55:40,705.4,1586031
2021-06-03 09:55:42,705.1,1586560
2021-06-03 09:55:42,705.1,1586560
2021-06-03 09:55:43,705.4,1586563
2021-06-03 09:55:44,705.5,1586975
2021-06-03 09:55:45,705.2,1587028
2021-06-03 09:55:46,705.5,1587083
2021-06-03 09:55:47,705.5,1587417
2021-06-03 09:55:48,705.5,1587417
2021-06-03 09:55:49,705.2,1587465
2021-06-03 09:55:51,705.45,1587515
2021-06-03 09:55:52,705.5,1587532
2021-06-03 09:55:53,705.5,1587542
2021-06-03 09:55:54,705.55,1587874
2021-06-03 09:55:55,705.55,1587874
2021-06-03 09:55:56,705.55,1587890
2021-06-03 09:55:57,705.6,1587930
2021-06-03 09:55:58,705.45,1588307
2021-06-03 09:55:59,705.3,1588370
2021-06-03 09:56:00,705.3,1588370
2021-06-03 09:56:02,705.45,1588684
2021-06-03 09:56:02,705.45,1588684
2021-06-03 09:56:03,705.45,1588705
2021-06-03 09:56:04,705.45,1588725
2021-06-03 09:56:05,705.3,1588727
2021-06-03 09:56:06,705.3,1588727
2021-06-03 09:56:07,705.3,1588877
2021-06-03 09:56:08,705.3,1588877
2021-06-03 09:56:09,705.45,1588925
2021-06-03 09:56:10,705.45,1588925
2021-06-03 09:56:11,705.3,1589379
2021-06-03 09:56:12,705.2,1589389
2021-06-03 09:56:13,705.3,1589499
2021-06-03 09:56:14,705.3,1589511
2021-06-03 09:56:15,705.3,1589517
2021-06-03 09:56:17,705.2,1589682
2021-06-03 09:56:18,705.2,1589682
2021-06-03 09:56:20,705.3,1589842
2021-06-03 09:56:21,705.2,1589877
2021-06-03 09:56:22,704.75,1611933
2021-06-03 09:56:23,704.5,1612548
2021-06-03 09:56:25,704.85,1613361
2021-06-03 09:56:27,704.75,1615080
2021-06-03 09:56:28,704.85,1615181
2021-06-03 09:56:29,704.6,1615289
2021-06-03 09:56:30,704.9,1616015
2021-06-03 09:56:31,704.6,1616145
2021-06-03 09:56:32,704.85,1616770
2021-06-03 09:56:33,704.9,1618509
2021-06-03 09:56:35,704.85,1618759
2021-06-03 09:56:35,704.95,1618761
2021-06-03 09:56:36,704.95,1618761
2021-06-03 09:56:37,704.95,1619089
2021-06-03 09:56:38,705.2,1619140
2021-06-03 09:56:39,704.95,1619149
2021-06-03 09:56:40,704.85,1619573
2021-06-03 09:56:41,704.7,1620203
2021-06-03 09:56:42,705.0,1620553
2021-06-03 09:56:44,705.05,1620779
2021-06-03 09:56:44,704.85,1620799
2021-06-03 09:56:45,704.7,1620975
2021-06-03 09:56:46,704.65,1621030
2021-06-03 09:56:47,704.85,1621048
2021-06-03 09:56:49,704.6,1621494
2021-06-03 09:56:49,704.6,1621494
2021-06-03 09:56:50,705.2,1622526
2021-06-03 09:56:51,705.0,1622536
2021-06-03 09:56:52,705.05,1622624
2021-06-03 09:56:53,704.95,1622940
2021-06-03 09:56:54,705.05,1623243
2021-06-03 09:56:55,705.05,1623249
2021-06-03 09:56:56,705.05,1623249
2021-06-03 09:56:57,705.05,1623311
2021-06-03 09:56:58,705.2,1623826
2021-06-03 09:56:59,705.2,1623826
2021-06-03 09:57:00,704.6,1623981
2021-06-03 09:57:01,705.0,1624206
2021-06-03 09:57:02,704.55,1625726
2021-06-03 09:57:03,704.55,1625752
2021-06-03 09:57:04,704.85,1625905
2021-06-03 09:57:05,704.85,1625920
2021-06-03 09:57:06,704.55,1626141
2021-06-03 09:57:07,704.8,1626548
2021-06-03 09:57:08,704.85,1626549
2021-06-03 09:57:09,704.85,1626579
2021-06-03 09:57:10,704.6,1626668
2021-06-03 09:57:11,704.9,1627705
2021-06-03 09:57:12,704.95,1627710
2021-06-03 09:57:13,705.0,1627838
2021-06-03 09:57:14,705.0,1627873
2021-06-03 09:57:15,705.0,1627873
2021-06-03 09:57:16,704.65,1629328
2021-06-03 09:57:18,704.85,1629598
2021-06-03 09:57:18,704.85,1629598
2021-06-03 09:57:19,705.0,1629961
2021-06-03 09:57:20,704.8,1630011
2021-06-03 09:57:21,704.95,1630088
2021-06-03 09:57:22,704.95,1630088
2021-06-03 09:57:23,704.8,1630103
2021-06-03 09:57:24,704.9,1630214
2021-06-03 09:57:25,704.95,1630239
2021-06-03 09:57:26,704.8,1630639
2021-06-03 09:57:27,705.05,1634172
2021-06-03 09:57:28,705.25,1634983
2021-06-03 09:57:29,705.25,1634983
2021-06-03 09:57:30,704.95,1635223
2021-06-03 09:57:31,704.95,1635273
2021-06-03 09:57:32,704.95,1635423
2021-06-03 09:57:33,704.95,1635423
2021-06-03 09:57:34,704.95,1635723
2021-06-03 09:57:35,705.0,1635726
2021-06-03 09:57:36,704.85,1636673
2021-06-03 09:57:37,704.8,1636873
2021-06-03 09:57:39,705.0,1637041
2021-06-03 09:57:39,705.05,1637278
2021-06-03 09:57:40,705.05,1637318
2021-06-03 09:57:41,705.25,1637495
2021-06-03 09:57:42,705.1,1637536
2021-06-03 09:57:43,705.05,1637936
2021-06-03 09:57:44,705.05,1637936
2021-06-03 09:57:45,705.05,1637936
2021-06-03 09:57:46,705.15,1638168
2021-06-03 09:57:47,705.1,1638874
2021-06-03 09:57:48,705.1,1638875
2021-06-03 09:57:50,705.6,1641611
2021-06-03 09:57:51,705.5,1641854
2021-06-03 09:57:51,705.65,1642009
2021-06-03 09:57:52,705.4,1642259
2021-06-03 09:57:53,705.65,1642269
2021-06-03 09:57:55,705.85,1642833
2021-06-03 09:57:56,705.85,1642833
2021-06-03 09:57:57,705.85,1642833
2021-06-03 09:57:58,706.0,1643328
2021-06-03 09:58:00,706.0,1643453
2021-06-03 09:58:01,705.9,1643478
2021-06-03 09:58:02,705.9,1643478
2021-06-03 09:58:03,705.55,1643585
2021-06-03 09:58:03,705.55,1643585
2021-06-03 09:58:04,705.8,1643590
2021-06-03 09:58:06,705.8,1643590
2021-06-03 09:58:08,705.6,1643907
2021-06-03 09:58:09,705.8,1643912
2021-06-03 09:58:10,705.6,1644114
2021-06-03 09:58:10,705.8,1644115
2021-06-03 09:58:11,705.6,1644116
2021-06-03 09:58:12,705.8,1644166
2021-06-03 09:58:13,705.8,1644201
2021-06-03 09:58:14,705.8,1644247
2021-06-03 09:58:15,705.8,1644263
2021-06-03 09:58:16,705.85,1644333
2021-06-03 09:58:17,705.8,1644751
2021-06-03 09:58:18,705.5,1646972
2021-06-03 09:58:19,705.4,1647288
2021-06-03 09:58:20,705.2,1647351
2021-06-03 09:58:21,705.5,1647675
2021-06-03 09:58:23,705.5,1647692
2021-06-03 09:58:24,705.55,1647930
2021-06-03 09:58:24,705.55,1648330
2021-06-03 09:58:25,705.6,1648346
2021-06-03 09:58:26,705.6,1648346
2021-06-03 09:58:27,705.25,1648526
2021-06-03 09:58:28,705.6,1648589
2021-06-03 09:58:29,705.25,1648806
2021-06-03 09:58:30,705.25,1648806
2021-06-03 09:58:31,705.75,1648810
2021-06-03 09:58:33,705.5,1648857
2021-06-03 09:58:34,705.5,1649197
2021-06-03 09:58:35,705.75,1649209
2021-06-03 09:58:36,705.5,1649229
2021-06-03 09:58:37,705.8,1649345
2021-06-03 09:58:38,705.8,1649461
2021-06-03 09:58:39,705.8,1649461
2021-06-03 09:58:39,705.85,1649561
2021-06-03 09:58:40,705.6,1649642
2021-06-03 09:58:41,705.6,1649655
2021-06-03 09:58:43,705.8,1649656
2021-06-03 09:58:44,705.9,1650106
2021-06-03 09:58:45,705.75,1650186
2021-06-03 09:58:46,705.6,1650202
2021-06-03 09:58:47,705.95,1650214
2021-06-03 09:58:48,706.15,1657055
2021-06-03 09:58:48,706.15,1657055
2021-06-03 09:58:49,706.2,1657363
2021-06-03 09:58:50,705.95,1657717
2021-06-03 09:58:51,706.0,1657934
2021-06-03 09:58:52,706.0,1657934
2021-06-03 09:58:54,706.0,1658238
2021-06-03 09:58:55,705.65,1659242
2021-06-03 09:58:56,705.95,1659344
2021-06-03 09:58:57,705.95,1659438
2021-06-03 09:58:58,705.9,1659573
2021-06-03 09:58:59,705.9,1659784
2021-06-03 09:58:59,705.9,1659784
2021-06-03 09:59:00,705.6,1659789
2021-06-03 09:59:01,705.9,1659794
2021-06-03 09:59:02,705.6,1659795
2021-06-03 09:59:03,705.9,1659880
2021-06-03 09:59:04,705.9,1659880
2021-06-03 09:59:05,705.9,1660453
2021-06-03 09:59:06,705.9,1661080
2021-06-03 09:59:07,705.9,1661230
2021-06-03 09:59:08,705.9,1661231
2021-06-03 09:59:09,705.9,1661231
2021-06-03 09:59:11,705.65,1661233
2021-06-03 09:59:12,705.65,1661233
2021-06-03 09:59:13,705.9,1661267
2021-06-03 09:59:14,705.65,1661339
2021-06-03 09:59:15,705.95,1661367
2021-06-03 09:59:16,705.95,1661377
2021-06-03 09:59:17,705.85,1661473
2021-06-03 09:59:18,705.95,1661498
2021-06-03 09:59:20,705.85,1662001
2021-06-03 09:59:21,705.95,1662031
2021-06-03 09:59:22,705.95,1662278
2021-06-03 09:59:23,705.95,1662278
2021-06-03 09:59:24,705.95,1662611
2021-06-03 09:59:25,705.7,1662733
2021-06-03 09:59:26,705.7,1663333
2021-06-03 09:59:27,705.7,1663350
2021-06-03 09:59:28,705.85,1663354
2021-06-03 09:59:29,705.9,1663355
2021-06-03 09:59:30,705.9,1663355
2021-06-03 09:59:31,705.95,1663365
2021-06-03 09:59:32,705.95,1663365
2021-06-03 09:59:33,705.95,1663365
2021-06-03 09:59:34,705.95,1663365
2021-06-03 09:59:35,705.85,1663367
2021-06-03 09:59:36,705.85,1663423
2021-06-03 09:59:37,705.9,1663724
2021-06-03 09:59:38,705.7,1663775
2021-06-03 09:59:39,706.0,1664032
2021-06-03 09:59:40,706.0,1664042
2021-06-03 09:59:42,706.0,1664042
2021-06-03 09:59:43,706.0,1664042
2021-06-03 09:59:44,705.95,1664458
2021-06-03 09:59:45,706.0,1664463
2021-06-03 09:59:46,705.95,1664483
2021-06-03 09:59:47,705.95,1664483
2021-06-03 09:59:47,705.95,1664483
2021-06-03 09:59:48,705.95,1664483
2021-06-03 09:59:49,706.0,1664593
2021-06-03 09:59:50,706.0,1664595
2021-06-03 09:59:51,705.95,1664745
2021-06-03 09:59:52,705.95,1664856
2021-06-03 09:59:53,706.0,1664981
2021-06-03 09:59:54,706.0,1665284
2021-06-03 09:59:56,706.0,1665885
2021-06-03 09:59:57,705.95,1667570
2021-06-03 09:59:58,705.8,1667620
2021-06-03 09:59:59,705.95,1667621
2021-06-03 10:00:00,705.8,1667641
2021-06-03 10:00:01,706.0,1667751
2021-06-03 10:00:02,705.8,1667913
2021-06-03 10:00:03,705.8,1668072
2021-06-03 10:00:04,705.8,1668078
2021-06-03 10:00:05,705.8,1668340
2021-06-03 10:00:06,705.95,1669690
2021-06-03 10:00:07,705.95,1669690
2021-06-03 10:00:08,705.95,1669690
2021-06-03 10:00:09,705.95,1669810
2021-06-03 10:00:10,706.0,1669977
2021-06-03 10:00:11,706.0,1669978
2021-06-03 10:00:12,706.0,1669978
2021-06-03 10:00:13,706.0,1670028
2021-06-03 10:00:13,706.0,1670028
2021-06-03 10:00:14,706.0,1670028
2021-06-03 10:00:15,705.8,1670128
2021-06-03 10:00:16,706.0,1670256
2021-06-03 10:00:17,706.0,1670286
2021-06-03 10:00:18,705.8,1670650
2021-06-03 10:00:19,705.8,1670650
2021-06-03 10:00:21,706.0,1670678
2021-06-03 10:00:22,706.0,1670878
2021-06-03 10:00:23,705.8,1670902
2021-06-03 10:00:24,706.0,1671206
2021-06-03 10:00:25,706.0,1671208
2021-06-03 10:00:26,706.1,1671218
2021-06-03 10:00:27,705.85,1671326
2021-06-03 10:00:28,705.85,1671444
2021-06-03 10:00:29,706.05,1671555
2021-06-03 10:00:30,706.05,1671631
2021-06-03 10:00:31,706.0,1671636
2021-06-03 10:00:32,705.85,1671879
2021-06-03 10:00:33,706.05,1671889
2021-06-03 10:00:34,705.85,1672048
2021-06-03 10:00:34,705.85,1672048
2021-06-03 10:00:35,705.85,1672048
2021-06-03 10:00:36,705.85,1672048
2021-06-03 10:00:37,705.85,1672218
2021-06-03 10:00:38,705.85,1672268
2021-06-03 10:00:39,705.85,1672270
2021-06-03 10:00:40,705.8,1672470
2021-06-03 10:00:42,705.65,1673541
2021-06-03 10:00:43,705.7,1673885
2021-06-03 10:00:44,705.7,1673895
2021-06-03 10:00:45,705.65,1673915
2021-06-03 10:00:46,705.65,1673915
2021-06-03 10:00:47,705.75,1673950
2021-06-03 10:00:48,705.75,1673983
2021-06-03 10:00:49,705.5,1674003
2021-06-03 10:00:50,705.5,1674003
2021-06-03 10:00:50,705.75,1674303
2021-06-03 10:00:51,705.75,1674307
2021-06-03 10:00:52,705.75,1674307
2021-06-03 10:00:53,705.5,1674352
2021-06-03 10:00:54,705.5,1674983
2021-06-03 10:00:56,705.75,1675008
2021-06-03 10:00:57,705.75,1675033
2021-06-03 10:00:58,705.55,1675043
2021-06-03 10:00:59,705.55,1675043
2021-06-03 10:01:00,705.5,1675184
2021-06-03 10:01:01,705.45,1676879
2021-06-03 10:01:02,705.3,1676884
2021-06-03 10:01:03,705.3,1678010
2021-06-03 10:01:04,705.35,1681719
2021-06-03 10:01:05,705.35,1681719
2021-06-03 10:01:06,705.35,1681828
2021-06-03 10:01:07,705.3,1681848
2021-06-03 10:01:08,705.3,1681848
2021-06-03 10:01:09,705.3,1681848
2021-06-03 10:01:10,705.3,1681848
2021-06-03 10:01:11,705.3,1685707
2021-06-03 10:01:12,705.3,1685707
2021-06-03 10:01:13,705.35,1685709
2021-06-03 10:01:14,705.3,1685810
2021-06-03 10:01:15,705.35,1685860
2021-06-03 10:01:17,705.35,1685999
2021-06-03 10:01:18,705.15,1687290
2021-06-03 10:01:19,705.35,1687609
2021-06-03 10:01:20,705.35,1687609
2021-06-03 10:01:21,705.35,1687609
2021-06-03 10:01:22,705.35,1687864
2021-06-03 10:01:23,705.15,1687892
2021-06-03 10:01:24,705.4,1689069
2021-06-03 10:01:25,705.35,1689076
2021-06-03 10:01:26,705.15,1689313
2021-06-03 10:01:27,705.3,1689404
2021-06-03 10:01:28,705.3,1691254
2021-06-03 10:01:30,705.3,1691324
2021-06-03 10:01:31,705.3,1691424
2021-06-03 10:01:32,705.3,1691442
2021-06-03 10:01:33,705.3,1691479
2021-06-03 10:01:34,705.2,1691515
2021-06-03 10:01:35,705.2,1691633
2021-06-03 10:01:36,705.2,1691833
2021-06-03 10:01:36,705.2,1691833
2021-06-03 10:01:37,705.2,1691833
2021-06-03 10:01:38,705.3,1691866
2021-06-03 10:01:39,705.3,1691892
2021-06-03 10:01:40,705.3,1692802
2021-06-03 10:01:41,705.3,1692802
2021-06-03 10:01:42,705.2,1693009
2021-06-03 10:01:43,705.25,1693026
2021-06-03 10:01:44,705.2,1693051
2021-06-03 10:01:46,705.25,1693339
2021-06-03 10:01:47,705.2,1693367
2021-06-03 10:01:48,705.25,1693394
2021-06-03 10:01:49,705.3,1693494
2021-06-03 10:01:50,705.3,1693494
2021-06-03 10:01:51,705.25,1693530
2021-06-03 10:01:53,705.45,1693586
2021-06-03 10:01:54,705.45,1693916
2021-06-03 10:01:54,705.45,1693915
2021-06-03 10:01:55,705.45,1693926
2021-06-03 10:01:57,705.4,1693987
2021-06-03 10:01:58,705.4,1693989
2021-06-03 10:01:59,705.4,1693999
2021-06-03 10:02:00,705.4,1693999
2021-06-03 10:02:00,705.4,1694119
2021-06-03 10:02:01,705.25,1694179
2021-06-03 10:02:02,705.25,1694179
2021-06-03 10:02:03,705.4,1695529
2021-06-03 10:02:04,705.25,1695579
2021-06-03 10:02:05,705.25,1695579
2021-06-03 10:02:06,705.25,1695594
2021-06-03 10:02:07,705.25,1695597
2021-06-03 10:02:09,705.25,1695598
2021-06-03 10:02:10,705.2,1696650
2021-06-03 10:02:11,705.25,1696851
2021-06-03 10:02:12,705.25,1696851
2021-06-03 10:02:13,705.25,1697193
2021-06-03 10:02:14,705.25,1697197
2021-06-03 10:02:15,705.05,1697212
2021-06-03 10:02:15,705.25,1697246
2021-06-03 10:02:16,705.05,1697346
2021-06-03 10:02:18,705.05,1697381
2021-06-03 10:02:19,705.05,1697381
2021-06-03 10:02:20,705.25,1697408
2021-06-03 10:02:21,705.25,1697529
2021-06-03 10:02:22,705.25,1697529
2021-06-03 10:02:23,705.25,1697630
2021-06-03 10:02:24,705.3,1697984
2021-06-03 10:02:26,705.3,1698103
2021-06-03 10:02:26,705.3,1698103
2021-06-03 10:02:27,705.3,1698103
2021-06-03 10:02:28,705.4,1698964
2021-06-03 10:02:29,705.2,1699125
2021-06-03 10:02:31,705.4,1699175
2021-06-03 10:02:32,705.2,1699199
2021-06-03 10:02:33,705.2,1699251
2021-06-03 10:02:34,705.2,1699401
2021-06-03 10:02:35,705.05,1699451
2021-06-03 10:02:36,705.05,1699451
2021-06-03 10:02:37,705.05,1699634
2021-06-03 10:02:38,705.05,1699642
2021-06-03 10:02:39,705.05,1699642
2021-06-03 10:02:40,705.4,1699668
2021-06-03 10:02:41,705.1,1699938
2021-06-03 10:02:42,705.05,1700054
2021-06-03 10:02:43,705.05,1700054
2021-06-03 10:02:44,705.05,1700101
2021-06-03 10:02:44,705.2,1700056
2021-06-03 10:02:45,705.05,1700101
2021-06-03 10:02:46,705.05,1700101
2021-06-03 10:02:47,705.05,1700101
2021-06-03 10:02:49,705.05,1700101
2021-06-03 10:02:51,704.75,1710233
2021-06-03 10:02:52,704.95,1710733
2021-06-03 10:02:53,704.95,1710733
2021-06-03 10:02:55,705.0,1711547
2021-06-03 10:02:54,705.0,1711547
2021-06-03 10:02:56,704.55,1712897
2021-06-03 10:02:57,704.8,1713897
2021-06-03 10:02:58,704.8,1714918
2021-06-03 10:02:59,704.6,1715008
2021-06-03 10:03:00,704.6,1715208
2021-06-03 10:03:02,704.6,1717782
2021-06-03 10:03:01,704.8,1717172
2021-06-03 10:03:03,704.55,1717907
2021-06-03 10:03:04,704.55,1717907
2021-06-03 10:03:05,704.6,1718057
2021-06-03 10:03:05,704.6,1718057
2021-06-03 10:03:07,704.5,1718164
2021-06-03 10:03:08,704.5,1718164
2021-06-03 10:03:08,704.5,1718164
2021-06-03 10:03:09,704.9,1718494
2021-06-03 10:03:10,704.85,1718996
2021-06-03 10:03:11,704.85,1718996
2021-06-03 10:03:12,704.9,1719513
2021-06-03 10:03:14,704.9,1719563
2021-06-03 10:03:15,704.9,1719980
2021-06-03 10:03:16,705.0,1720022
2021-06-03 10:03:17,704.85,1720023
2021-06-03 10:03:18,705.2,1720979
2021-06-03 10:03:19,705.05,1721118
2021-06-03 10:03:19,705.05,1721118
2021-06-03 10:03:20,705.05,1721123
2021-06-03 10:03:21,705.2,1721148
2021-06-03 10:03:22,705.2,1721148
2021-06-03 10:03:23,705.0,1721150
2021-06-03 10:03:24,705.2,1721457
2021-06-03 10:03:25,705.2,1721457
2021-06-03 10:03:26,705.0,1721963
2021-06-03 10:03:27,705.0,1721963
2021-06-03 10:03:29,705.0,1721963
2021-06-03 10:03:30,705.0,1722268
2021-06-03 10:03:31,705.1,1722583
2021-06-03 10:03:32,705.1,1722583
2021-06-03 10:03:33,705.15,1722653
2021-06-03 10:03:34,705.15,1722653
2021-06-03 10:03:35,705.15,1722653
2021-06-03 10:03:36,705.15,1722667
2021-06-03 10:03:37,705.15,1722667
2021-06-03 10:03:38,705.05,1722692
2021-06-03 10:03:39,705.15,1722733
2021-06-03 10:03:40,705.05,1722808
2021-06-03 10:03:41,705.05,1722808
2021-06-03 10:03:42,705.05,1724907
2021-06-03 10:03:42,705.05,1724997
2021-06-03 10:03:43,705.1,1725449
2021-06-03 10:03:44,705.1,1725449
2021-06-03 10:03:45,704.9,1725599
2021-06-03 10:03:46,704.9,1725599
2021-06-03 10:03:49,704.9,1725599
2021-06-03 10:03:50,705.0,1725739
2021-06-03 10:03:51,704.9,1725764
2021-06-03 10:03:52,705.0,1727784
2021-06-03 10:03:53,705.0,1727784
2021-06-03 10:03:54,705.2,1728563
2021-06-03 10:03:55,704.95,1728601
2021-06-03 10:03:56,705.2,1728621
2021-06-03 10:03:57,705.05,1729399
2021-06-03 10:03:58,705.0,1729411
2021-06-03 10:03:59,705.0,1731437
2021-06-03 10:03:59,705.0,1731447
2021-06-03 10:04:01,705.05,1731757
2021-06-03 10:04:02,705.0,1731873
2021-06-03 10:04:03,705.0,1732542
2021-06-03 10:04:03,704.85,1732553
2021-06-03 10:04:04,705.0,1732859
2021-06-03 10:04:06,705.0,1733059
2021-06-03 10:04:07,705.0,1733060
2021-06-03 10:04:08,704.85,1733125
2021-06-03 10:04:09,704.85,1733125
2021-06-03 10:04:10,705.0,1733145
2021-06-03 10:04:11,705.0,1733320
2021-06-03 10:04:13,704.85,1733378
2021-06-03 10:04:14,704.85,1733378
2021-06-03 10:04:15,704.85,1733378
2021-06-03 10:04:16,704.85,1733378
2021-06-03 10:04:17,704.85,1733378
2021-06-03 10:04:18,704.85,1733378
2021-06-03 10:04:19,704.85,1733378
2021-06-03 10:04:20,704.85,1733378
2021-06-03 10:04:21,704.9,1733836
2021-06-03 10:04:22,704.9,1733836
2021-06-03 10:04:23,704.9,1733836
2021-06-03 10:04:24,705.0,1734149
2021-06-03 10:04:25,704.9,1734199
2021-06-03 10:04:27,704.95,1734978
2021-06-03 10:04:29,704.9,1734986
2021-06-03 10:04:30,704.95,1735086
2021-06-03 10:04:31,704.95,1735089
2021-06-03 10:04:32,704.95,1735089
2021-06-03 10:04:33,704.95,1735124
2021-06-03 10:04:34,704.9,1735181
2021-06-03 10:04:35,704.9,1735183
2021-06-03 10:04:36,704.95,1735184
2021-06-03 10:04:37,704.95,1735184
2021-06-03 10:04:38,704.95,1735184
2021-06-03 10:04:39,704.95,1735851
2021-06-03 10:04:40,704.95,1735851
2021-06-03 10:04:41,704.95,1735873
2021-06-03 10:04:42,704.6,1769435
2021-06-03 10:04:43,704.35,1772959
2021-06-03 10:04:45,704.7,1773234
2021-06-03 10:04:44,704.65,1773059
2021-06-03 10:04:46,704.3,1774598
2021-06-03 10:04:47,704.3,1774598
2021-06-03 10:04:48,704.3,1774598
2021-06-03 10:04:49,704.3,1774598
2021-06-03 10:04:50,704.55,1774726
2021-06-03 10:04:51,704.35,1774765
2021-06-03 10:04:52,704.3,1774771
2021-06-03 10:04:53,704.55,1777779
2021-06-03 10:04:54,704.55,1778084
2021-06-03 10:04:55,704.35,1778903
2021-06-03 10:04:56,704.2,1780286
2021-06-03 10:04:57,704.5,1780299
2021-06-03 10:04:58,704.55,1780496
2021-06-03 10:04:59,704.55,1780517
2021-06-03 10:05:00,704.25,1780657
2021-06-03 10:05:01,704.2,1781057
2021-06-03 10:05:02,704.2,1781057
2021-06-03 10:05:03,704.25,1781123
2021-06-03 10:05:05,704.4,1781273
2021-06-03 10:05:06,704.4,1781273
2021-06-03 10:05:08,704.2,1781928
2021-06-03 10:05:07,704.4,1781912
2021-06-03 10:05:09,704.2,1782381
2021-06-03 10:05:10,704.25,1782382
2021-06-03 10:05:12,704.2,1782443
2021-06-03 10:05:13,704.2,1783974
2021-06-03 10:05:14,704.2,1784204
2021-06-03 10:05:15,704.2,1784204
2021-06-03 10:05:16,704.2,1784858
2021-06-03 10:05:17,704.1,1785149
2021-06-03 10:05:18,704.1,1785149
2021-06-03 10:05:19,704.2,1785152
2021-06-03 10:05:20,704.35,1785652
2021-06-03 10:05:21,704.1,1785997
2021-06-03 10:05:22,704.05,1786266
2021-06-03 10:05:23,704.05,1786336
2021-06-03 10:05:24,704.3,1786790
2021-06-03 10:05:25,704.3,1786894
2021-06-03 10:05:26,704.25,1787035
2021-06-03 10:05:27,704.05,1793371
2021-06-03 10:05:28,704.05,1793421
2021-06-03 10:05:29,704.05,1793422
2021-06-03 10:05:30,704.0,1795245
2021-06-03 10:05:31,704.05,1795300
2021-06-03 10:05:32,704.05,1795301
2021-06-03 10:05:33,704.05,1795301
2021-06-03 10:05:34,704.05,1795301
2021-06-03 10:05:35,704.25,1797528
2021-06-03 10:05:36,704.0,1797686
2021-06-03 10:05:37,704.25,1798543
2021-06-03 10:05:38,704.25,1799501
2021-06-03 10:05:39,704.3,1799552
2021-06-03 10:05:40,704.05,1799555
2021-06-03 10:05:41,704.05,1800915
2021-06-03 10:05:42,704.0,1800945
2021-06-03 10:05:43,704.0,1805981
2021-06-03 10:05:44,703.9,1807264
2021-06-03 10:05:45,703.95,1807294
2021-06-03 10:05:46,703.95,1807314
2021-06-03 10:05:47,703.95,1807314
2021-06-03 10:05:48,703.8,1808135
2021-06-03 10:05:49,704.0,1811701
2021-06-03 10:05:50,703.85,1811910
2021-06-03 10:05:51,704.0,1812084
2021-06-03 10:05:52,703.9,1812229
2021-06-03 10:05:53,703.9,1812229
2021-06-03 10:05:55,703.9,1812858
2021-06-03 10:05:57,704.0,1814229
2021-06-03 10:05:58,704.15,1815074
2021-06-03 10:05:59,703.75,1815449
2021-06-03 10:06:00,704.05,1815731
2021-06-03 10:06:01,703.85,1815765
2021-06-03 10:06:02,703.85,1815837
2021-06-03 10:06:03,703.9,1815937
2021-06-03 10:06:04,703.9,1816147
2021-06-03 10:06:05,703.9,1816147
2021-06-03 10:06:06,704.2,1816282
2021-06-03 10:06:07,703.9,1816515
2021-06-03 10:06:08,703.9,1816550
2021-06-03 10:06:09,704.2,1816614
2021-06-03 10:06:10,703.95,1816955
2021-06-03 10:06:11,703.95,1817225
2021-06-03 10:06:12,704.0,1817634
2021-06-03 10:06:13,704.3,1818983
2021-06-03 10:06:14,704.0,1819240
2021-06-03 10:06:15,704.25,1820128
2021-06-03 10:06:16,704.25,1820133
2021-06-03 10:06:18,704.25,1820133
2021-06-03 10:06:17,704.25,1820133
2021-06-03 10:06:19,703.9,1821135
2021-06-03 10:06:20,704.2,1821261
2021-06-03 10:06:21,703.85,1822461
2021-06-03 10:06:22,704.2,1822710
2021-06-03 10:06:23,704.25,1822745
2021-06-03 10:06:24,704.3,1823852
2021-06-03 10:06:25,704.1,1823896
2021-06-03 10:06:26,704.25,1824028
2021-06-03 10:06:27,704.25,1824138
2021-06-03 10:06:28,704.25,1824226
