timestamp,ltp,volume
2021-06-03 09:15:59,111.9,218646
2021-06-03 09:16:06,112.0,224014
2021-06-03 09:16:12,111.8,260404
2021-06-03 09:16:18,111.9,265718
2021-06-03 09:16:25,111.7,370174
2021-06-03 09:16:31,111.7,375543
2021-06-03 09:16:37,111.7,378197
2021-06-03 09:16:44,111.8,392073
2021-06-03 09:16:50,111.7,394332
2021-06-03 09:17:02,111.55,410120
2021-06-03 09:17:08,111.65,413911
2021-06-03 09:17:14,111.65,415902
2021-06-03 09:17:20,111.65,419904
2021-06-03 09:17:26,111.75,437604
2021-06-03 09:17:32,111.65,438780
2021-06-03 09:17:38,111.65,442742
2021-06-03 09:17:44,111.65,447922
2021-06-03 09:17:50,111.65,452704
2021-06-03 09:17:56,111.55,492792
2021-06-03 09:18:02,111.5,502489
2021-06-03 09:18:08,111.55,509713
2021-06-03 09:18:14,111.45,532558
2021-06-03 09:18:20,111.45,540259
2021-06-03 09:18:26,111.45,541029
2021-06-03 09:18:32,111.55,543619
2021-06-03 09:18:38,111.5,544721
2021-06-03 09:18:44,111.5,546404
2021-06-03 09:18:50,111.4,550005
2021-06-03 09:18:56,111.5,554935
2021-06-03 09:19:02,111.45,556261
2021-06-03 09:19:08,111.45,558690
2021-06-03 09:19:14,111.4,561488
2021-06-03 09:19:19,111.45,564197
2021-06-03 09:19:25,111.5,565236
2021-06-03 09:19:31,111.45,565742
2021-06-03 09:19:37,111.45,568169
2021-06-03 09:19:43,111.45,570472
2021-06-03 09:19:49,111.5,573635
2021-06-03 09:19:55,111.55,576056
2021-06-03 09:20:00,111.6,585606
2021-06-03 09:20:06,111.55,593182
2021-06-03 09:20:12,111.55,596013
2021-06-03 09:20:18,111.65,608501
2021-06-03 09:20:24,111.55,611353
2021-06-03 09:20:29,111.55,614986
2021-06-03 09:20:35,111.6,618776
2021-06-03 09:20:41,111.6,619682
2021-06-03 09:20:47,111.6,625497
2021-06-03 09:20:53,111.6,628124
2021-06-03 09:20:58,111.6,629293
2021-06-03 09:21:04,111.6,631102
2021-06-03 09:21:09,111.7,633643
2021-06-03 09:21:15,111.6,634435
2021-06-03 09:21:21,111.6,637902
2021-06-03 09:21:27,111.65,640302
2021-06-03 09:21:32,111.65,651956
2021-06-03 09:21:38,111.7,653980
2021-06-03 09:21:44,111.65,654908
2021-06-03 09:21:50,111.7,655163
2021-06-03 09:21:55,111.75,660666
2021-06-03 09:22:01,111.7,660756
2021-06-03 09:22:07,111.7,663952
2021-06-03 09:22:12,111.7,666248
2021-06-03 09:22:24,111.7,670970
2021-06-03 09:22:29,111.75,694267
2021-06-03 09:22:35,111.65,696282
2021-06-03 09:22:41,111.65,697282
2021-06-03 09:22:47,111.75,699007
2021-06-03 09:22:52,111.75,700622
2021-06-03 09:22:58,111.7,703578
2021-06-03 09:23:04,111.65,706588
2021-06-03 09:23:09,111.65,713092
2021-06-03 09:23:15,111.6,742006
2021-06-03 09:23:20,111.65,742099
2021-06-03 09:23:26,111.6,742222
2021-06-03 09:23:31,111.6,744217
2021-06-03 09:23:37,111.65,746201
2021-06-03 09:23:42,111.6,747238
2021-06-03 09:23:48,111.55,748428
2021-06-03 09:23:54,111.55,752474
2021-06-03 09:24:00,111.6,754125
2021-06-03 09:24:05,111.6,756127
2021-06-03 09:24:11,111.6,763389
2021-06-03 09:24:16,111.6,770185
2021-06-03 09:24:22,111.7,774018
2021-06-03 09:24:27,111.65,774258
2021-06-03 09:24:33,111.7,779111
2021-06-03 09:24:39,111.7,780010
2021-06-03 09:24:44,111.7,780797
2021-06-03 09:24:50,111.85,821867
2021-06-03 09:24:55,111.85,822438
2021-06-03 09:25:01,111.85,825575
2021-06-03 09:25:06,111.75,826662
2021-06-03 09:25:12,111.8,827301
2021-06-03 09:25:17,111.65,837503
2021-06-03 09:25:23,111.65,840318
2021-06-03 09:25:29,111.7,861162
2021-06-03 09:25:34,111.7,861580
2021-06-03 09:25:40,111.7,862766
2021-06-03 09:25:45,111.8,864131
2021-06-03 09:25:51,111.75,864641
2021-06-03 09:25:56,111.75,873518
2021-06-03 09:26:01,111.7,879760
2021-06-03 09:26:07,111.65,884340
2021-06-03 09:26:13,111.75,887949
2021-06-03 09:26:18,111.65,888533
2021-06-03 09:26:23,111.7,889510
2021-06-03 09:26:29,111.7,890529
2021-06-03 09:26:34,111.7,898160
2021-06-03 09:26:39,111.75,902421
2021-06-03 09:26:45,111.65,907657
2021-06-03 09:26:50,111.75,911495
2021-06-03 09:26:55,111.75,916805
2021-06-03 09:27:00,111.75,917903
2021-06-03 09:27:06,111.8,918200
2021-06-03 09:27:11,111.95,1007303
2021-06-03 09:27:17,111.95,1011429
2021-06-03 09:27:22,111.95,1014094
2021-06-03 09:27:27,111.8,1021126
2021-06-03 09:27:32,111.9,1021410
2021-06-03 09:27:38,111.9,1022779
2021-06-03 09:27:43,111.8,1024479
2021-06-03 09:27:48,111.9,1025453
2021-06-03 09:27:53,111.9,1031074
2021-06-03 09:27:58,111.8,1033167
2021-06-03 09:28:04,111.9,1038526
2021-06-03 09:28:09,111.9,1038578
2021-06-03 09:28:14,111.95,1039085
2021-06-03 09:28:19,111.9,1042643
2021-06-03 09:28:25,111.9,1043080
2021-06-03 09:28:30,111.95,1045574
2021-06-03 09:28:35,111.95,1049506
2021-06-03 09:28:40,112.0,1050998
2021-06-03 09:28:45,112.0,1064252
2021-06-03 09:28:50,112.05,1066067
2021-06-03 09:28:55,111.9,1261026
2021-06-03 09:29:00,111.95,1404493
2021-06-03 09:29:05,111.95,1405555
2021-06-03 09:29:10,111.95,1411565
2021-06-03 09:29:15,112.0,1431082
2021-06-03 09:29:20,112.0,1432327
2021-06-03 09:29:25,112.05,1450228
2021-06-03 09:29:31,112.15,1470132
2021-06-03 09:29:36,111.9,1582970
2021-06-03 09:29:46,111.95,1585988
2021-06-03 09:29:51,111.95,1586909
2021-06-03 09:29:56,111.95,1588381
2021-06-03 09:30:01,112.0,1594475
2021-06-03 09:30:06,111.9,1601948
2021-06-03 09:30:11,111.85,1607333
2021-06-03 09:30:17,111.85,1609889
2021-06-03 09:30:22,111.85,1613926
2021-06-03 09:30:27,111.85,1622950
2021-06-03 09:30:32,111.85,1624282
2021-06-03 09:30:38,111.85,1624306
2021-06-03 09:30:43,111.75,1631139
2021-06-03 09:30:48,111.8,1726419
2021-06-03 09:30:53,111.8,1730316
2021-06-03 09:30:58,111.4,3554555
2021-06-03 09:31:03,111.4,3561918
2021-06-03 09:31:09,111.35,3575522
2021-06-03 09:31:14,111.4,3582537
2021-06-03 09:31:19,111.6,3598857
2021-06-03 09:31:24,111.65,3599795
2021-06-03 09:31:29,111.55,3600994
2021-06-03 09:31:34,111.55,3613859
2021-06-03 09:31:39,111.6,3628034
2021-06-03 09:31:44,111.7,3632511
2021-06-03 09:31:49,111.6,3646124
2021-06-03 09:31:54,111.55,3651533
2021-06-03 09:31:59,111.55,3656911
2021-06-03 09:32:04,111.5,3657153
2021-06-03 09:32:09,111.45,3658353
2021-06-03 09:32:14,111.5,3660580
2021-06-03 09:32:19,111.5,3668529
2021-06-03 09:32:24,111.45,3670318
2021-06-03 09:32:29,111.5,3670696
2021-06-03 09:32:34,111.45,3671295
2021-06-03 09:32:39,111.5,3673450
2021-06-03 09:32:49,111.45,3681598
2021-06-03 09:32:54,111.5,3682643
2021-06-03 09:32:59,111.45,3683956
2021-06-03 09:33:04,111.45,3684953
2021-06-03 09:33:09,111.5,3704178
2021-06-03 09:33:14,111.45,3706554
2021-06-03 09:33:19,111.55,3737678
2021-06-03 09:33:24,111.65,3741634
2021-06-03 09:33:29,111.65,3741849
2021-06-03 09:33:33,111.6,3742415
2021-06-03 09:33:38,111.6,3742871
2021-06-03 09:33:42,111.65,3743765
2021-06-03 09:33:47,111.65,3744416
2021-06-03 09:33:52,111.6,3745706
2021-06-03 09:33:57,111.6,3746186
2021-06-03 09:34:02,111.6,3746573
2021-06-03 09:34:06,111.4,3783492
2021-06-03 09:34:12,111.5,3788956
2021-06-03 09:34:17,111.5,3789711
2021-06-03 09:34:22,111.5,3792202
2021-06-03 09:34:27,111.5,3810308
2021-06-03 09:34:32,111.55,3820400
2021-06-03 09:34:37,111.45,3846930
2021-06-03 09:34:42,111.6,3867141
2021-06-03 09:34:52,111.4,3882925
2021-06-03 09:34:57,111.5,3883932
2021-06-03 09:35:01,111.55,3883994
2021-06-03 09:35:06,111.55,3885420
2021-06-03 09:35:11,111.45,3885965
2021-06-03 09:35:15,111.5,3887527
2021-06-03 09:35:20,111.5,3891265
2021-06-03 09:35:25,111.55,3891780
2021-06-03 09:35:31,111.55,3892361
2021-06-03 09:35:36,111.5,3893592
2021-06-03 09:35:40,111.55,3917992
2021-06-03 09:35:45,111.55,3926908
2021-06-03 09:35:50,111.55,3927752
2021-06-03 09:35:55,111.6,3927946
2021-06-03 09:36:00,111.55,3928604
2021-06-03 09:36:05,111.55,3930689
2021-06-03 09:36:10,111.55,3931023
2021-06-03 09:36:15,111.55,3931762
2021-06-03 09:36:20,111.55,3933343
2021-06-03 09:36:25,111.55,3933759
2021-06-03 09:36:29,111.55,3940074
2021-06-03 09:36:34,111.55,3941517
2021-06-03 09:36:40,111.55,3942764
2021-06-03 09:36:45,111.5,3945807
2021-06-03 09:36:50,111.55,3949231
2021-06-03 09:36:55,111.55,3949708
2021-06-03 09:37:00,111.5,3949826
2021-06-03 09:37:05,111.55,3950369
2021-06-03 09:37:10,111.6,3950959
2021-06-03 09:37:14,111.55,3951837
2021-06-03 09:37:19,111.6,3952616
2021-06-03 09:37:24,111.65,3952845
2021-06-03 09:37:29,111.65,3952974
2021-06-03 09:37:33,111.6,3956120
2021-06-03 09:37:38,111.65,3961487
2021-06-03 09:37:43,111.65,3964349
2021-06-03 09:37:47,111.7,3966094
2021-06-03 09:37:51,111.7,3966559
2021-06-03 09:37:55,111.7,3966820
2021-06-03 09:38:00,111.7,3967447
2021-06-03 09:38:05,111.65,3968159
2021-06-03 09:38:09,111.7,3968631
2021-06-03 09:38:14,111.7,3968707
2021-06-03 09:38:18,111.65,3969487
2021-06-03 09:38:23,111.7,3969584
2021-06-03 09:38:27,111.65,3970335
2021-06-03 09:38:32,111.65,3970708
2021-06-03 09:38:36,111.7,3972049
2021-06-03 09:38:41,111.65,3972295
2021-06-03 09:38:45,111.7,3973384
2021-06-03 09:38:50,111.65,3974367
2021-06-03 09:38:58,111.75,3976787
2021-06-03 09:39:03,111.7,3977122
2021-06-03 09:39:08,111.75,3977933
2021-06-03 09:39:12,111.75,3978166
2021-06-03 09:39:16,111.7,3978840
2021-06-03 09:39:21,111.75,3980367
2021-06-03 09:39:25,111.7,3981653
2021-06-03 09:39:30,111.7,3982073
2021-06-03 09:39:34,111.65,3985713
2021-06-03 09:39:39,111.7,3986168
2021-06-03 09:39:44,111.75,3986740
2021-06-03 09:39:49,111.7,3994784
2021-06-03 09:39:53,111.7,3997372
2021-06-03 09:39:58,111.75,3997706
2021-06-03 09:40:03,111.75,3998025
2021-06-03 09:40:07,111.75,4003663
2021-06-03 09:40:11,111.75,4004291
2021-06-03 09:40:16,111.7,4004885
2021-06-03 09:40:20,111.7,4006180
2021-06-03 09:40:29,111.75,4014274
2021-06-03 09:40:33,111.7,4016412
2021-06-03 09:40:38,111.75,4017420
2021-06-03 09:40:42,111.75,4017507
2021-06-03 09:40:47,111.75,4017640
2021-06-03 09:40:51,111.7,4018950
2021-06-03 09:40:56,111.7,4024410
2021-06-03 09:41:00,111.75,4027462
2021-06-03 09:41:05,111.7,4028282
2021-06-03 09:41:10,111.75,4028358
2021-06-03 09:41:14,111.75,4038902
2021-06-03 09:41:19,111.7,4043940
2021-06-03 09:41:23,111.65,4046003
2021-06-03 09:41:33,111.55,4082164
2021-06-03 09:41:38,111.6,4084484
2021-06-03 09:41:42,111.6,4087575
2021-06-03 09:41:47,111.5,4093442
2021-06-03 09:41:51,111.6,4101917
2021-06-03 09:41:56,111.55,4103675
2021-06-03 09:42:01,111.5,4106466
2021-06-03 09:42:06,111.5,4107927
2021-06-03 09:42:10,111.55,4108058
2021-06-03 09:42:15,111.55,4109698
2021-06-03 09:42:20,111.55,4111280
2021-06-03 09:42:25,111.5,4111547
2021-06-03 09:42:30,111.55,4115598
2021-06-03 09:42:35,111.5,4125775
2021-06-03 09:42:39,111.45,4135985
2021-06-03 09:42:44,111.45,4137673
2021-06-03 09:42:49,111.45,4137850
2021-06-03 09:42:53,111.45,4148489
2021-06-03 09:42:58,111.5,4149843
2021-06-03 09:43:03,111.5,4156512
2021-06-03 09:43:08,111.45,4157803
2021-06-03 09:43:12,111.5,4158156
2021-06-03 09:43:17,111.5,4158313
2021-06-03 09:43:21,111.5,4160926
2021-06-03 09:43:26,111.45,4168110
2021-06-03 09:43:31,111.5,4188092
2021-06-03 09:43:36,111.5,4190236
2021-06-03 09:43:40,111.6,4190887
2021-06-03 09:43:45,111.6,4191459
2021-06-03 09:43:49,111.55,4194642
2021-06-03 09:43:54,111.6,4195293
2021-06-03 09:43:58,111.55,4200704
2021-06-03 09:44:03,111.65,4209340
2021-06-03 09:44:12,111.6,4210357
2021-06-03 09:44:16,111.6,4212894
2021-06-03 09:44:21,111.65,4213349
2021-06-03 09:44:26,111.65,4213859
2021-06-03 09:44:30,111.65,4214014
2021-06-03 09:44:35,111.65,4214744
2021-06-03 09:44:39,111.55,4215019
2021-06-03 09:44:43,111.65,4216881
2021-06-03 09:44:47,111.55,4217137
2021-06-03 09:44:51,111.65,4224382
2021-06-03 09:44:55,111.55,4225286
2021-06-03 09:45:00,111.65,4225307
2021-06-03 09:45:04,111.55,4234957
2021-06-03 09:45:08,111.6,4238930
2021-06-03 09:45:12,111.65,4239617
2021-06-03 09:45:16,111.65,4244756
2021-06-03 09:45:21,111.65,4246076
2021-06-03 09:45:25,111.65,4246163
2021-06-03 09:45:29,111.6,4246733
2021-06-03 09:45:33,111.6,4246984
2021-06-03 09:45:38,111.55,4247115
2021-06-03 09:45:42,111.6,4248150
2021-06-03 09:45:47,111.55,4256947
2021-06-03 09:45:51,111.45,4268147
2021-06-03 09:45:56,111.55,4279689
2021-06-03 09:46:00,111.5,4282174
2021-06-03 09:46:05,111.45,4283139
2021-06-03 09:46:09,111.55,4283232
2021-06-03 09:46:13,111.5,4283830
2021-06-03 09:46:22,111.5,4286546
2021-06-03 09:46:27,111.5,4286775
2021-06-03 09:46:31,111.45,4287379
2021-06-03 09:46:35,111.5,4288048
2021-06-03 09:46:39,111.5,4289095
2021-06-03 09:46:44,111.5,4289206
2021-06-03 09:46:48,111.5,4289221
2021-06-03 09:46:53,111.55,4322390
2021-06-03 09:46:57,111.5,4324436
2021-06-03 09:47:01,111.55,4324449
2021-06-03 09:47:05,111.55,4324970
2021-06-03 09:47:09,111.55,4368881
2021-06-03 09:47:13,111.5,4368964
2021-06-03 09:47:18,111.55,4369666
2021-06-03 09:47:22,111.55,4374045
2021-06-03 09:47:26,111.55,4374151
2021-06-03 09:47:30,111.55,4376162
2021-06-03 09:47:34,111.55,4377737
2021-06-03 09:47:39,111.55,4380222
2021-06-03 09:47:43,111.55,4381746
2021-06-03 09:47:47,111.5,4382051
2021-06-03 09:47:52,111.55,4382571
2021-06-03 09:47:56,111.55,4382675
2021-06-03 09:48:01,111.55,4382675
2021-06-03 09:48:05,111.55,4383198
2021-06-03 09:48:09,111.5,4383498
2021-06-03 09:48:14,111.45,4392660
2021-06-03 09:48:18,111.45,4413521
2021-06-03 09:48:23,111.45,4413527
2021-06-03 09:48:27,111.4,4416864
2021-06-03 09:48:31,111.45,4417582
2021-06-03 09:48:36,111.4,4456465
2021-06-03 09:48:40,111.35,4457722
2021-06-03 09:48:44,111.35,4458015
2021-06-03 09:48:49,111.35,4461455
2021-06-03 09:48:53,111.35,4480612
2021-06-03 09:48:57,111.3,4480712
2021-06-03 09:49:01,111.35,4490308
2021-06-03 09:49:05,111.3,4491022
2021-06-03 09:49:09,111.3,4491072
2021-06-03 09:49:13,111.4,4494167
2021-06-03 09:49:18,111.4,4501435
2021-06-03 09:49:23,111.4,4501991
2021-06-03 09:49:31,111.4,4502538
2021-06-03 09:49:35,111.45,4509349
2021-06-03 09:49:39,111.4,4509791
2021-06-03 09:49:44,111.45,4510355
2021-06-03 09:49:48,111.45,4510795
2021-06-03 09:49:52,111.5,4511670
2021-06-03 09:49:57,111.5,4514056
2021-06-03 09:50:01,111.6,4525315
2021-06-03 09:50:05,111.5,4525591
2021-06-03 09:50:09,111.55,4525842
2021-06-03 09:50:13,111.55,4525850
2021-06-03 09:50:18,111.55,4525884
2021-06-03 09:50:22,111.55,4526409
2021-06-03 09:50:26,111.55,4526429
2021-06-03 09:50:30,111.5,4527068
2021-06-03 09:50:34,111.5,4528181
2021-06-03 09:50:38,111.5,4528281
2021-06-03 09:50:41,111.45,4528799
2021-06-03 09:50:45,111.45,4529519
2021-06-03 09:50:50,111.45,4530120
2021-06-03 09:50:53,111.45,4530167
2021-06-03 09:50:58,111.5,4530170
2021-06-03 09:51:02,111.5,4530377
2021-06-03 09:51:06,111.5,4530960
2021-06-03 09:51:10,111.5,4530963
2021-06-03 09:51:14,111.45,4533155
2021-06-03 09:51:18,111.45,4533858
2021-06-03 09:51:22,111.45,4534477
2021-06-03 09:51:26,111.45,4534960
2021-06-03 09:51:30,111.4,4536289
2021-06-03 09:51:34,111.45,4536857
2021-06-03 09:51:38,111.45,4536967
2021-06-03 09:51:42,111.45,4538095
2021-06-03 09:51:46,111.4,4538115
2021-06-03 09:51:50,111.4,4541480
2021-06-03 09:51:54,111.4,4541480
2021-06-03 09:51:58,111.4,4542057
2021-06-03 09:52:02,111.4,4543681
2021-06-03 09:52:06,111.4,4545404
2021-06-03 09:52:10,111.45,4547097
2021-06-03 09:52:14,111.45,4547097
2021-06-03 09:52:18,111.4,4547099
2021-06-03 09:52:22,111.4,4548123
2021-06-03 09:52:26,111.45,4548203
2021-06-03 09:52:30,111.45,4548203
2021-06-03 09:52:34,111.4,4548923
2021-06-03 09:52:39,111.4,4548963
2021-06-03 09:52:43,111.45,4549464
2021-06-03 09:52:47,111.4,4549558
2021-06-03 09:52:51,111.4,4550077
2021-06-03 09:52:55,111.4,4550077
2021-06-03 09:52:59,111.4,4550595
2021-06-03 09:53:03,111.4,4550955
2021-06-03 09:53:07,111.45,4552820
2021-06-03 09:53:11,111.4,4552821
2021-06-03 09:53:15,111.4,4553440
2021-06-03 09:53:19,111.4,4554109
2021-06-03 09:53:23,111.45,4554172
2021-06-03 09:53:28,111.45,4554172
2021-06-03 09:53:32,111.4,4554370
2021-06-03 09:53:36,111.4,4555586
2021-06-03 09:53:40,111.45,4555780
2021-06-03 09:53:44,111.4,4558761
2021-06-03 09:53:48,111.35,4559034
2021-06-03 09:53:53,111.35,4559336
2021-06-03 09:53:57,111.35,4562691
2021-06-03 09:54:01,111.35,4563535
2021-06-03 09:54:05,111.4,4564321
2021-06-03 09:54:08,111.35,4564854
2021-06-03 09:54:12,111.4,4564955
2021-06-03 09:54:16,111.3,4567926
2021-06-03 09:54:20,111.3,4568605
2021-06-03 09:54:24,111.4,4573605
2021-06-03 09:54:28,111.35,4573807
2021-06-03 09:54:32,111.3,4575520
2021-06-03 09:54:35,111.3,4581691
2021-06-03 09:54:39,111.35,4582117
2021-06-03 09:54:43,111.35,4582284
2021-06-03 09:54:48,111.3,4583049
2021-06-03 09:54:52,111.35,4583779
2021-06-03 09:54:56,111.35,4583887
2021-06-03 09:55:00,111.35,4585766
2021-06-03 09:55:04,111.35,4586476
2021-06-03 09:55:08,111.3,4586486
2021-06-03 09:55:12,111.35,4586689
2021-06-03 09:55:16,111.35,4587199
2021-06-03 09:55:20,111.3,4587889
2021-06-03 09:55:24,111.3,4601204
2021-06-03 09:55:28,111.3,4618878
2021-06-03 09:55:31,111.2,4621991
2021-06-03 09:55:35,111.25,4622155
2021-06-03 09:55:39,111.2,4635087
2021-06-03 09:55:44,111.2,4636618
2021-06-03 09:55:48,111.25,4637829
2021-06-03 09:55:51,111.2,4637990
2021-06-03 09:55:55,111.25,4639980
2021-06-03 09:55:59,111.25,4640482
2021-06-03 09:56:03,111.2,4640782
2021-06-03 09:56:07,111.25,4640812
2021-06-03 09:56:11,111.25,4641235
2021-06-03 09:56:15,111.25,4641912
2021-06-03 09:56:19,111.25,4642323
2021-06-03 09:56:23,111.25,4642423
2021-06-03 09:56:27,111.25,4646575
2021-06-03 09:56:31,111.25,4646839
2021-06-03 09:56:35,111.25,4646869
2021-06-03 09:56:39,111.2,4647084
2021-06-03 09:56:42,111.25,4647729
2021-06-03 09:56:46,111.2,4647829
2021-06-03 09:56:50,111.25,4648049
2021-06-03 09:56:54,111.25,4648149
2021-06-03 09:56:58,111.2,4649409
2021-06-03 09:57:02,111.2,4655437
2021-06-03 09:57:06,111.25,4655691
2021-06-03 09:57:09,111.2,4656169
2021-06-03 09:57:13,111.2,4656619
2021-06-03 09:57:17,111.2,4658756
2021-06-03 09:57:21,111.2,4659856
2021-06-03 09:57:25,111.25,4659876
2021-06-03 09:57:29,111.2,4659880
2021-06-03 09:57:33,111.25,4665429
2021-06-03 09:57:36,111.25,4665429
2021-06-03 09:57:40,111.25,4666506
2021-06-03 09:57:44,111.3,4667279
2021-06-03 09:57:48,111.25,4667296
2021-06-03 09:57:52,111.25,4668421
2021-06-03 09:57:57,111.3,4668891
2021-06-03 09:58:01,111.25,4669691
2021-06-03 09:58:05,111.3,4672033
2021-06-03 09:58:09,111.3,4673035
2021-06-03 09:58:13,111.3,4673043
2021-06-03 09:58:17,111.3,4673159
2021-06-03 09:58:22,111.3,4674172
2021-06-03 09:58:26,111.3,4674360
2021-06-03 09:58:30,111.25,4675225
2021-06-03 09:58:34,111.25,4675225
2021-06-03 09:58:38,111.3,4675599
2021-06-03 09:58:42,111.3,4675774
2021-06-03 09:58:46,111.3,4676394
2021-06-03 09:58:50,111.45,4681413
2021-06-03 09:58:54,111.4,4682495
2021-06-03 09:58:58,111.45,4682498
2021-06-03 09:59:02,111.4,4682499
2021-06-03 09:59:06,111.45,4684527
2021-06-03 09:59:10,111.45,4684527
2021-06-03 09:59:18,111.4,4685869
2021-06-03 09:59:22,111.4,4686388
2021-06-03 09:59:26,111.4,4686489
2021-06-03 09:59:30,111.4,4686602
2021-06-03 09:59:33,111.4,4691702
2021-06-03 09:59:37,111.4,4691705
2021-06-03 09:59:41,111.35,4691733
2021-06-03 09:59:44,111.4,4691735
2021-06-03 09:59:48,111.4,4693244
2021-06-03 09:59:52,111.4,4693765
2021-06-03 09:59:56,111.4,4693766
2021-06-03 10:00:00,111.4,4693796
2021-06-03 10:00:07,111.35,4694436
2021-06-03 10:00:11,111.35,4694566
2021-06-03 10:00:15,111.35,4694652
2021-06-03 10:00:18,111.35,4695474
2021-06-03 10:00:23,111.35,4696409
2021-06-03 10:00:27,111.35,4696485
2021-06-03 10:00:31,111.35,4696536
2021-06-03 10:00:35,111.35,4697094
2021-06-03 10:00:39,111.35,4697594
2021-06-03 10:00:43,111.45,4707609
2021-06-03 10:00:47,111.35,4708066
2021-06-03 10:00:51,111.4,4710781
2021-06-03 10:00:55,111.4,4711058
2021-06-03 10:00:58,111.4,4711627
2021-06-03 10:01:02,111.4,4717003
2021-06-03 10:01:07,111.4,4719240
2021-06-03 10:01:12,111.4,4719240
2021-06-03 10:01:16,111.4,4719335
2021-06-03 10:01:20,111.4,4722335
2021-06-03 10:01:23,111.4,4728311
2021-06-03 10:01:27,111.35,4728734
2021-06-03 10:01:32,111.4,4729334
2021-06-03 10:01:36,111.4,4729773
2021-06-03 10:01:41,111.4,4730090
2021-06-03 10:01:45,111.4,4730255
2021-06-03 10:01:49,111.35,4736599
2021-06-03 10:01:53,111.35,4736706
2021-06-03 10:01:57,111.3,4737225
2021-06-03 10:02:01,111.35,4737275
2021-06-03 10:02:05,111.35,4738003
2021-06-03 10:02:09,111.35,4740228
2021-06-03 10:02:12,111.3,4740235
2021-06-03 10:02:17,111.25,4742597
2021-06-03 10:02:21,111.3,4743702
2021-06-03 10:02:25,111.25,4751511
2021-06-03 10:02:30,111.25,4752025
2021-06-03 10:02:34,111.2,4768474
2021-06-03 10:02:38,111.15,4768609
2021-06-03 10:02:42,111.15,4768840
2021-06-03 10:02:46,111.25,4769051
2021-06-03 10:02:53,111.2,4782269
2021-06-03 10:02:57,111.1,4782929
2021-06-03 10:03:01,111.15,4785650
2021-06-03 10:03:04,111.15,4809440
2021-06-03 10:03:08,111.15,4809460
2021-06-03 10:03:11,111.15,4809460
2021-06-03 10:03:15,111.15,4810093
2021-06-03 10:03:19,111.2,4814395
2021-06-03 10:03:23,111.2,4814446
2021-06-03 10:03:27,111.2,4814503
2021-06-03 10:03:30,111.3,4822555
2021-06-03 10:03:34,111.25,4822890
2021-06-03 10:03:38,111.2,4822940
2021-06-03 10:03:42,111.2,4822940
2021-06-03 10:03:45,111.25,4823005
2021-06-03 10:03:49,111.25,4823005
2021-06-03 10:03:53,111.2,4824040
2021-06-03 10:03:58,111.2,4824637
2021-06-03 10:04:02,111.25,4824793
2021-06-03 10:04:06,111.25,4824898
2021-06-03 10:04:14,111.2,4825134
2021-06-03 10:04:17,111.25,4825574
2021-06-03 10:04:25,111.3,4828045
2021-06-03 10:04:28,111.3,4828045
2021-06-03 10:04:32,111.3,4829345
2021-06-03 10:04:36,111.25,4830090
2021-06-03 10:04:40,111.25,4830090
2021-06-03 10:04:44,111.25,4830659
2021-06-03 10:04:47,111.3,4831188
2021-06-03 10:04:51,111.3,4835601
2021-06-03 10:04:54,111.3,4835614
2021-06-03 10:04:58,111.3,4835624
2021-06-03 10:05:01,111.3,4836281
2021-06-03 10:05:05,111.3,4836286
2021-06-03 10:05:09,111.3,4836586
2021-06-03 10:05:13,111.3,4836786
2021-06-03 10:05:16,111.4,4839929
2021-06-03 10:05:20,111.3,4840129
2021-06-03 10:05:24,111.35,4840829
2021-06-03 10:05:28,111.3,4840854
2021-06-03 10:05:31,111.35,4841573
2021-06-03 10:05:35,111.35,4841762
2021-06-03 10:05:39,111.35,4842021
2021-06-03 10:05:43,111.35,4843436
2021-06-03 10:05:47,111.3,4844548
2021-06-03 10:05:51,111.3,4845067
2021-06-03 10:05:54,111.3,4845067
2021-06-03 10:05:58,111.3,4845068
2021-06-03 10:06:01,111.3,4845586
2021-06-03 10:06:05,111.3,4845761
2021-06-03 10:06:09,111.35,4845851
2021-06-03 10:06:12,111.3,4846859
2021-06-03 10:06:16,111.3,4848079
2021-06-03 10:06:21,111.3,4848825
2021-06-03 10:06:24,111.3,4848825
2021-06-03 10:06:28,111.3,4849775
2021-06-03 10:06:32,111.3,4850293
2021-06-03 10:06:36,111.3,4850293
2021-06-03 10:06:44,111.35,4851483
2021-06-03 10:06:48,111.3,4852095
2021-06-03 10:06:51,111.35,4852621
2021-06-03 10:06:55,111.3,4852626
2021-06-03 10:06:59,111.35,4855329
2021-06-03 10:07:02,111.3,4855619
2021-06-03 10:07:06,111.3,4856155
2021-06-03 10:07:10,111.3,4856155
2021-06-03 10:07:14,111.3,4856729
2021-06-03 10:07:18,111.3,4858110
2021-06-03 10:07:21,111.3,4858110
2021-06-03 10:07:24,111.3,4858245
2021-06-03 10:07:28,111.3,4858245
2021-06-03 10:07:32,111.35,4859763
2021-06-03 10:07:35,111.25,4861263
2021-06-03 10:07:39,111.35,4862097
2021-06-03 10:07:42,111.35,4862575
2021-06-03 10:07:49,111.3,4862589
2021-06-03 10:07:53,111.2,4870217
2021-06-03 10:07:57,111.3,4871641
2021-06-03 10:08:01,111.25,4872668
2021-06-03 10:08:04,111.25,4873187
2021-06-03 10:08:08,111.3,4873387
2021-06-03 10:08:11,111.3,4873387
2021-06-03 10:08:15,111.25,4879959
2021-06-03 10:08:19,111.25,4880986
2021-06-03 10:08:22,111.2,4881686
2021-06-03 10:08:26,111.2,4891814
2021-06-03 10:08:30,111.25,4893402
2021-06-03 10:08:33,111.25,4893402
2021-06-03 10:08:37,111.2,4894436
2021-06-03 10:08:41,111.2,4894450
2021-06-03 10:08:45,111.2,4894450
2021-06-03 10:08:49,111.1,4902887
2021-06-03 10:08:53,111.15,4903084
2021-06-03 10:08:56,111.15,4903557
2021-06-03 10:09:00,111.1,4904917
2021-06-03 10:09:04,111.2,4909717
2021-06-03 10:09:08,111.2,4910282
2021-06-03 10:09:11,111.1,4910284
2021-06-03 10:09:15,111.2,4910813
2021-06-03 10:09:18,111.1,4911343
2021-06-03 10:09:21,111.2,4911843
2021-06-03 10:09:25,111.15,4912194
2021-06-03 10:09:28,111.1,4913012
2021-06-03 10:09:32,111.1,4913196
2021-06-03 10:09:35,111.15,4913635
2021-06-03 10:09:39,111.15,4914327
2021-06-03 10:09:43,111.2,4914336
2021-06-03 10:09:47,111.2,4914431
2021-06-03 10:09:50,111.15,4914950
2021-06-03 10:09:54,111.15,4914950
2021-06-03 10:09:58,111.2,4916548
2021-06-03 10:10:01,111.15,4916598
2021-06-03 10:10:05,111.2,4917448
2021-06-03 10:10:09,111.2,4917563
2021-06-03 10:10:12,111.2,4917563
2021-06-03 10:10:16,111.2,4917923
2021-06-03 10:10:20,111.1,4918892
2021-06-03 10:10:23,111.2,4920892
2021-06-03 10:10:27,111.1,4921706
2021-06-03 10:10:30,111.15,4925393
2021-06-03 10:10:34,111.15,4925568
2021-06-03 10:10:38,111.2,4925668
2021-06-03 10:10:41,111.1,4941271
2021-06-03 10:10:45,111.05,4950290
2021-06-03 10:10:48,111.05,4950329
2021-06-03 10:10:52,111.15,4950356
2021-06-03 10:10:56,111.15,4950411
2021-06-03 10:11:00,111.1,4951033
2021-06-03 10:11:04,111.05,4952652
2021-06-03 10:11:07,111.15,4952680
2021-06-03 10:11:12,111.15,4952680
2021-06-03 10:11:16,111.15,4953585
2021-06-03 10:11:20,111.15,4955802
2021-06-03 10:11:23,111.15,4956837
2021-06-03 10:11:27,111.1,4957287
2021-06-03 10:11:30,111.1,4957999
2021-06-03 10:11:34,111.1,4958522
2021-06-03 10:11:37,111.1,4959804
2021-06-03 10:11:41,111.1,4959981
2021-06-03 10:11:44,111.1,4960503
2021-06-03 10:11:48,111.1,4960596
2021-06-03 10:11:51,111.1,4960627
2021-06-03 10:11:54,111.1,4960628
2021-06-03 10:11:58,111.05,4965548
2021-06-03 10:12:02,111.05,4966914
2021-06-03 10:12:05,111.1,4966917
2021-06-03 10:12:09,111.1,4967017
2021-06-03 10:12:12,111.15,4969017
2021-06-03 10:12:16,111.1,4969296
2021-06-03 10:12:19,111.05,4970499
2021-06-03 10:12:23,111.05,4971560
2021-06-03 10:12:26,111.05,4971560
2021-06-03 10:12:29,111.05,4972128
2021-06-03 10:12:33,111.05,4985101
2021-06-03 10:12:36,111.0,4987583
2021-06-03 10:12:39,111.05,4987703
2021-06-03 10:12:43,111.05,4987804
2021-06-03 10:12:46,111.0,4988904
2021-06-03 10:12:50,111.0,4990344
2021-06-03 10:12:53,111.0,5094106
2021-06-03 10:12:56,110.95,5094788
2021-06-03 10:13:00,110.95,5095254
2021-06-03 10:13:03,111.0,5099501
2021-06-03 10:13:07,111.0,5104226
2021-06-03 10:13:11,111.0,5104488
2021-06-03 10:13:14,111.0,5105298
2021-06-03 10:13:18,110.95,5105993
2021-06-03 10:13:21,111.0,5106394
2021-06-03 10:13:24,111.0,5106745
2021-06-03 10:13:28,110.95,5110888
2021-06-03 10:13:31,110.95,5113288
2021-06-03 10:13:34,111.05,5114008
2021-06-03 10:13:37,111.0,5114968
2021-06-03 10:13:41,111.0,5115368
2021-06-03 10:13:44,111.05,5115595
2021-06-03 10:13:47,111.05,5116051
2021-06-03 10:13:50,111.0,5116570
2021-06-03 10:13:53,111.05,5116575
2021-06-03 10:13:56,111.0,5117857
2021-06-03 10:14:00,111.05,5119460
2021-06-03 10:14:04,111.1,5119770
2021-06-03 10:14:07,111.0,5119799
2021-06-03 10:14:11,111.05,5120149
2021-06-03 10:14:14,111.0,5120260
2021-06-03 10:14:18,111.0,5120968
2021-06-03 10:14:21,111.05,5122087
2021-06-03 10:14:24,111.0,5122386
2021-06-03 10:14:28,111.0,5122386
2021-06-03 10:14:31,111.0,5122904
2021-06-03 10:14:34,111.05,5122925
2021-06-03 10:14:37,111.0,5123757
2021-06-03 10:14:41,111.05,5123800
2021-06-03 10:14:44,111.0,5124589
2021-06-03 10:14:47,111.05,5124873
2021-06-03 10:14:50,111.0,5131495
2021-06-03 10:14:54,111.0,5137184
2021-06-03 10:14:57,111.05,5137672
2021-06-03 10:15:00,111.0,5138672
2021-06-03 10:15:04,111.0,5138727
2021-06-03 10:15:07,111.0,5139342
2021-06-03 10:15:11,110.95,5141368
2021-06-03 10:15:14,110.95,5147268
2021-06-03 10:15:17,111.0,5148543
2021-06-03 10:15:21,110.95,5149051
2021-06-03 10:15:24,110.95,5149051
2021-06-03 10:15:28,110.95,5149103
2021-06-03 10:15:31,110.95,5149113
2021-06-03 10:15:34,110.95,5149751
2021-06-03 10:15:37,110.95,5150434
2021-06-03 10:15:41,111.0,5151456
2021-06-03 10:15:44,111.0,5151556
2021-06-03 10:15:48,110.95,5151720
2021-06-03 10:15:51,110.95,5151916
2021-06-03 10:15:55,110.95,5151976
2021-06-03 10:15:58,111.0,5153012
2021-06-03 10:16:02,110.95,5155013
2021-06-03 10:16:06,110.95,5155658
2021-06-03 10:16:13,111.05,5178399
2021-06-03 10:16:17,111.0,5180137
2021-06-03 10:16:20,111.05,5180771
2021-06-03 10:16:23,111.1,5185639
2021-06-03 10:16:27,111.05,5187818
2021-06-03 10:16:30,111.05,5188380
2021-06-03 10:16:34,111.0,5189238
2021-06-03 10:16:37,111.0,5189920
2021-06-03 10:16:41,111.05,5190035
2021-06-03 10:16:44,111.0,5191203
2021-06-03 10:16:51,111.0,5194041
2021-06-03 10:16:55,111.05,5199915
2021-06-03 10:16:59,111.05,5200697
2021-06-03 10:17:02,111.05,5200700
2021-06-03 10:17:06,111.1,5201672
2021-06-03 10:17:09,111.0,5201934
2021-06-03 10:17:13,111.05,5202289
2021-06-03 10:17:17,111.0,5204090
2021-06-03 10:17:21,111.1,5204261
2021-06-03 10:17:25,111.1,5210142
2021-06-03 10:17:29,111.1,5212072
2021-06-03 10:17:32,111.1,5213282
2021-06-03 10:17:36,111.05,5214289
2021-06-03 10:17:40,111.15,5214394
2021-06-03 10:17:46,111.15,5214938
2021-06-03 10:17:50,111.15,5215477
2021-06-03 10:17:53,111.15,5215677
2021-06-03 10:17:57,111.1,5217290
2021-06-03 10:18:00,111.1,5218244
2021-06-03 10:18:03,111.15,5218254
2021-06-03 10:18:07,111.15,5218756
2021-06-03 10:18:10,111.15,5219656
2021-06-03 10:18:14,111.15,5219927
2021-06-03 10:18:17,111.1,5220625
2021-06-03 10:18:20,111.2,5222750
2021-06-03 10:18:28,111.2,5223549
2021-06-03 10:18:31,111.25,5224967
2021-06-03 10:18:34,111.25,5225287
2021-06-03 10:18:37,111.25,5230115
2021-06-03 10:18:40,111.3,5230919
2021-06-03 10:18:43,111.3,5232114
2021-06-03 10:18:46,111.3,5232317
2021-06-03 10:18:50,111.3,5232891
2021-06-03 10:18:53,111.3,5233517
2021-06-03 10:18:56,111.25,5234202
2021-06-03 10:19:00,111.25,5234913
2021-06-03 10:19:03,111.3,5235966
2021-06-03 10:19:06,111.3,5235966
2021-06-03 10:19:10,111.3,5235966
2021-06-03 10:19:12,111.25,5237836
2021-06-03 10:19:16,111.25,5239482
2021-06-03 10:19:20,111.25,5239482
2021-06-03 10:19:24,111.25,5239482
2021-06-03 10:19:27,111.25,5239517
2021-06-03 10:19:30,111.25,5242333
2021-06-03 10:19:34,111.35,5245358
2021-06-03 10:19:37,111.3,5251568
2021-06-03 10:19:40,111.3,5251608
2021-06-03 10:19:44,111.35,5252201
2021-06-03 10:19:47,111.35,5252205
2021-06-03 10:19:50,111.35,5252750
2021-06-03 10:19:53,111.35,5252752
2021-06-03 10:19:57,111.25,5255237
2021-06-03 10:20:00,111.35,5255996
2021-06-03 10:20:03,111.35,5256980
2021-06-03 10:20:07,111.25,5257246
2021-06-03 10:20:14,111.35,5265355
2021-06-03 10:20:17,111.3,5266241
2021-06-03 10:20:20,111.3,5267046
2021-06-03 10:20:24,111.35,5267220
2021-06-03 10:20:27,111.35,5267220
2021-06-03 10:20:31,111.35,5267236
2021-06-03 10:20:34,111.25,5267774
2021-06-03 10:20:37,111.35,5269576
2021-06-03 10:20:40,111.3,5269600
2021-06-03 10:20:43,111.35,5270458
2021-06-03 10:20:47,111.35,5296737
2021-06-03 10:20:50,111.35,5298104
2021-06-03 10:20:53,111.3,5298105
2021-06-03 10:20:56,111.3,5298797
2021-06-03 10:20:59,111.3,5299315
2021-06-03 10:21:02,111.3,5303130
2021-06-03 10:21:06,111.3,5303630
2021-06-03 10:21:09,111.3,5304135
2021-06-03 10:21:13,111.3,5304144
2021-06-03 10:21:16,111.25,5304828
2021-06-03 10:21:19,111.25,5305352
2021-06-03 10:21:22,111.25,5305352
2021-06-03 10:21:26,111.25,5305372
2021-06-03 10:21:29,111.3,5305375
2021-06-03 10:21:32,111.3,5307792
2021-06-03 10:21:35,111.25,5315249
2021-06-03 10:21:39,111.3,5316591
2021-06-03 10:21:42,111.3,5316591
2021-06-03 10:21:45,111.3,5320110
2021-06-03 10:21:49,111.2,5320310
2021-06-03 10:21:52,111.2,5320310
2021-06-03 10:21:55,111.2,5336880
2021-06-03 10:21:59,111.2,5339080
2021-06-03 10:22:02,111.2,5339080
2021-06-03 10:22:06,111.25,5339100
2021-06-03 10:22:09,111.2,5339201
2021-06-03 10:22:13,111.2,5339201
2021-06-03 10:22:16,111.2,5339810
2021-06-03 10:22:19,111.2,5340493
2021-06-03 10:22:22,111.2,5340493
2021-06-03 10:22:25,111.25,5341274
2021-06-03 10:22:29,111.2,5341847
2021-06-03 10:22:32,111.2,5343847
2021-06-03 10:22:35,111.25,5344225
2021-06-03 10:22:39,111.15,5344687
2021-06-03 10:22:41,111.15,5344969
2021-06-03 10:22:45,111.2,5347289
2021-06-03 10:22:48,111.2,5347289
2021-06-03 10:22:52,111.2,5352289
2021-06-03 10:22:55,111.25,5367515
2021-06-03 10:22:59,111.15,5368533
2021-06-03 10:23:02,111.2,5369299
2021-06-03 10:23:05,111.2,5369400
2021-06-03 10:23:09,111.15,5369476
2021-06-03 10:23:12,111.25,5369654
2021-06-03 10:23:16,111.25,5370281
2021-06-03 10:23:19,111.2,5371378
2021-06-03 10:23:23,111.2,5371378
2021-06-03 10:23:26,111.2,5371378
2021-06-03 10:23:29,111.2,5371378
2021-06-03 10:23:33,111.15,5371428
2021-06-03 10:23:36,111.15,5372628
2021-06-03 10:23:40,111.15,5372628
2021-06-03 10:23:43,111.2,5372629
2021-06-03 10:23:46,111.2,5373977
2021-06-03 10:23:50,111.25,5374477
2021-06-03 10:23:53,111.2,5374577
2021-06-03 10:23:56,111.15,5375259
2021-06-03 10:24:04,111.25,5375799
2021-06-03 10:24:07,111.25,5375799
2021-06-03 10:24:09,111.2,5375892
2021-06-03 10:24:13,111.25,5375896
2021-06-03 10:24:17,111.2,5377079
2021-06-03 10:24:20,111.25,5378413
2021-06-03 10:24:23,111.3,5378416
2021-06-03 10:24:26,111.25,5378684
2021-06-03 10:24:29,111.3,5381595
2021-06-03 10:24:32,111.3,5381800
2021-06-03 10:24:35,111.25,5382418
2021-06-03 10:24:38,111.3,5383309
2021-06-03 10:24:41,111.25,5383329
2021-06-03 10:24:45,111.3,5383389
2021-06-03 10:24:48,111.25,5383909
2021-06-03 10:24:51,111.3,5384729
2021-06-03 10:24:55,111.3,5384949
2021-06-03 10:24:58,111.25,5385635
2021-06-03 10:25:01,111.25,5386153
2021-06-03 10:25:04,111.3,5386253
2021-06-03 10:25:07,111.25,5386254
2021-06-03 10:25:11,111.25,5386254
2021-06-03 10:25:14,111.25,5386773
2021-06-03 10:25:17,111.25,5387457
2021-06-03 10:25:19,111.25,5387457
2021-06-03 10:25:22,111.25,5387457
2021-06-03 10:25:25,111.25,5387458
2021-06-03 10:25:29,111.25,5388046
2021-06-03 10:25:32,111.25,5388046
2021-06-03 10:25:35,111.25,5388501
2021-06-03 10:25:39,111.25,5389183
2021-06-03 10:25:42,111.25,5392483
2021-06-03 10:25:45,111.25,5393002
2021-06-03 10:25:49,111.3,5393164
2021-06-03 10:25:52,111.25,5393396
2021-06-03 10:25:55,111.3,5393418
2021-06-03 10:25:58,111.2,5394400
2021-06-03 10:26:01,111.25,5394944
2021-06-03 10:26:07,111.3,5395167
2021-06-03 10:26:11,111.25,5395168
2021-06-03 10:26:14,111.3,5396362
2021-06-03 10:26:17,111.3,5397045
2021-06-03 10:26:20,111.3,5397045
2021-06-03 10:26:23,111.35,5397122
2021-06-03 10:26:26,111.35,5397624
2021-06-03 10:26:30,111.35,5397627
2021-06-03 10:26:33,111.3,5397900
2021-06-03 10:26:36,111.35,5400373
2021-06-03 10:26:40,111.35,5401925
2021-06-03 10:26:43,111.3,5401979
2021-06-03 10:26:45,111.3,5402498
2021-06-03 10:26:48,111.35,5402625
2021-06-03 10:26:51,111.3,5402635
2021-06-03 10:26:58,111.3,5405357
2021-06-03 10:27:01,111.3,5405901
2021-06-03 10:27:04,111.3,5405901
2021-06-03 10:27:08,111.35,5406101
2021-06-03 10:27:11,111.35,5406101
2021-06-03 10:27:13,111.35,5406101
2021-06-03 10:27:17,111.3,5406785
2021-06-03 10:27:20,111.3,5407305
2021-06-03 10:27:23,111.35,5407411
2021-06-03 10:27:26,111.3,5407961
2021-06-03 10:27:29,111.3,5408880
2021-06-03 10:27:33,111.3,5409301
2021-06-03 10:27:36,111.35,5409502
2021-06-03 10:27:39,111.35,5410511
2021-06-03 10:27:42,111.35,5410512
2021-06-03 10:27:45,111.35,5410651
2021-06-03 10:27:48,111.3,5411480
2021-06-03 10:27:52,111.3,5411480
2021-06-03 10:27:55,111.35,5411505
2021-06-03 10:27:58,111.3,5412107
2021-06-03 10:28:02,111.25,5412187
2021-06-03 10:28:05,111.25,5412705
2021-06-03 10:28:08,111.25,5412705
2021-06-03 10:28:14,111.35,5412814
2021-06-03 10:28:17,111.35,5419580
2021-06-03 10:28:20,111.3,5419999
2021-06-03 10:28:23,111.3,5420171
2021-06-03 10:28:27,111.35,5420172
2021-06-03 10:28:31,111.35,5420773
2021-06-03 10:28:34,111.3,5421461
2021-06-03 10:28:37,111.35,5422150
2021-06-03 10:28:41,111.35,5422150
2021-06-03 10:28:44,111.3,5423696
2021-06-03 10:28:48,111.3,5423896
2021-06-03 10:28:51,111.35,5423898
2021-06-03 10:28:54,111.35,5423899
2021-06-03 10:28:57,111.35,5424609
2021-06-03 10:29:01,111.35,5424611
2021-06-03 10:29:04,111.3,5426129
2021-06-03 10:29:07,111.3,5426129
2021-06-03 10:29:11,111.35,5427179
2021-06-03 10:29:14,111.35,5428126
2021-06-03 10:29:18,111.3,5428809
2021-06-03 10:29:21,111.3,5428824
2021-06-03 10:29:25,111.35,5428825
2021-06-03 10:29:28,111.3,5429388
2021-06-03 10:29:32,111.3,5429388
2021-06-03 10:29:35,111.3,5429558
2021-06-03 10:29:39,111.3,5430491
2021-06-03 10:29:42,111.35,5430541
2021-06-03 10:29:45,111.35,5430541
2021-06-03 10:29:48,111.3,5431060
2021-06-03 10:29:52,111.35,5431412
2021-06-03 10:29:55,111.35,5431463
2021-06-03 10:29:58,111.35,5432312
2021-06-03 10:30:04,111.3,5432979
2021-06-03 10:30:07,111.35,5432981
2021-06-03 10:30:10,111.35,5432983
2021-06-03 10:30:13,111.35,5432985
2021-06-03 10:30:17,111.3,5434199
2021-06-03 10:30:20,111.3,5434718
2021-06-03 10:30:23,111.35,5434719
2021-06-03 10:30:26,111.3,5434720
2021-06-03 10:30:30,111.35,5435030
2021-06-03 10:30:33,111.35,5435031
2021-06-03 10:30:36,111.35,5446344
2021-06-03 10:30:39,111.4,5446681
2021-06-03 10:30:42,111.4,5446686
2021-06-03 10:30:45,111.4,5447887
2021-06-03 10:30:48,111.4,5449918
2021-06-03 10:30:51,111.4,5450348
2021-06-03 10:30:54,111.45,5454092
2021-06-03 10:30:57,111.4,5455130
2021-06-03 10:31:00,111.4,5455203
2021-06-03 10:31:03,111.45,5455306
2021-06-03 10:31:07,111.4,5456305
2021-06-03 10:31:10,111.45,5456806
2021-06-03 10:31:13,111.45,5456806
2021-06-03 10:31:15,111.45,5456806
2021-06-03 10:31:19,111.4,5457008
2021-06-03 10:31:22,111.35,5457603
2021-06-03 10:31:25,111.35,5458018
2021-06-03 10:31:28,111.4,5458347
2021-06-03 10:31:31,111.4,5458430
2021-06-03 10:31:35,111.4,5460315
2021-06-03 10:31:38,111.4,5462429
2021-06-03 10:31:41,111.4,5462596
2021-06-03 10:31:44,111.35,5462987
2021-06-03 10:31:47,111.4,5462988
2021-06-03 10:31:50,111.35,5463507
2021-06-03 10:31:53,111.35,5463509
2021-06-03 10:31:57,111.35,5465016
2021-06-03 10:32:00,111.35,5465166
2021-06-03 10:32:03,111.35,5465169
2021-06-03 10:32:06,111.35,5465687
2021-06-03 10:32:09,111.4,5466909
2021-06-03 10:32:12,111.35,5468099
2021-06-03 10:32:16,111.4,5469016
2021-06-03 10:32:19,111.4,5470287
2021-06-03 10:32:23,111.4,5470900
2021-06-03 10:32:26,111.4,5471174
2021-06-03 10:32:30,111.45,5471667
2021-06-03 10:32:34,111.4,5473832
2021-06-03 10:32:37,111.4,5475046
2021-06-03 10:32:40,111.4,5475111
2021-06-03 10:32:43,111.4,5475194
2021-06-03 10:32:46,111.4,5475522
2021-06-03 10:32:50,111.35,5476124
2021-06-03 10:32:53,111.35,5476216
2021-06-03 10:32:56,111.4,5476464
2021-06-03 10:32:59,111.35,5477675
2021-06-03 10:33:02,111.4,5477757
2021-06-03 10:33:06,111.35,5478070
2021-06-03 10:33:09,111.35,5478070
2021-06-03 10:33:12,111.4,5478152
2021-06-03 10:33:15,111.45,5484551
2021-06-03 10:33:19,111.4,5485893
2021-06-03 10:33:23,111.45,5487095
2021-06-03 10:33:26,111.45,5487177
2021-06-03 10:33:29,111.45,5487279
2021-06-03 10:33:33,111.45,5487891
2021-06-03 10:33:36,111.4,5491198
2021-06-03 10:33:39,111.45,5491248
2021-06-03 10:33:42,111.45,5491253
2021-06-03 10:33:46,111.45,5491453
2021-06-03 10:33:49,111.4,5495428
2021-06-03 10:33:52,111.4,5495933
2021-06-03 10:33:55,111.35,5496952
2021-06-03 10:33:59,111.4,5497835
2021-06-03 10:34:03,111.4,5498835
2021-06-03 10:34:06,111.4,5506850
2021-06-03 10:34:10,111.4,5507515
2021-06-03 10:34:13,111.4,5507515
2021-06-03 10:34:16,111.3,5525425
2021-06-03 10:34:19,111.35,5526045
2021-06-03 10:34:25,111.3,5526372
2021-06-03 10:34:29,111.35,5529072
2021-06-03 10:34:32,111.35,5529072
2021-06-03 10:34:35,111.3,5531510
2021-06-03 10:34:38,111.25,5534177
2021-06-03 10:34:41,111.25,5534177
2021-06-03 10:34:44,111.25,5534779
2021-06-03 10:34:48,111.3,5534862
2021-06-03 10:34:51,111.3,5534862
2021-06-03 10:34:53,111.3,5534977
2021-06-03 10:34:56,111.25,5535669
2021-06-03 10:35:00,111.3,5535739
2021-06-03 10:35:02,111.25,5536162
2021-06-03 10:35:05,111.25,5536680
2021-06-03 10:35:08,111.3,5538185
2021-06-03 10:35:11,111.25,5538402
2021-06-03 10:35:15,111.25,5538921
2021-06-03 10:35:18,111.25,5540902
2021-06-03 10:35:21,111.25,5540980
2021-06-03 10:35:25,111.3,5541408
2021-06-03 10:35:27,111.25,5541458
2021-06-03 10:35:31,111.25,5542151
2021-06-03 10:35:34,111.25,5542201
2021-06-03 10:35:37,111.25,5543057
2021-06-03 10:35:40,111.3,5543139
2021-06-03 10:35:42,111.3,5543221
2021-06-03 10:35:45,111.3,5543221
2021-06-03 10:35:48,111.25,5543741
2021-06-03 10:35:51,111.25,5547795
2021-06-03 10:35:54,111.25,5547953
2021-06-03 10:35:57,111.25,5555409
2021-06-03 10:36:00,111.25,5555958
2021-06-03 10:36:03,111.25,5555958
2021-06-03 10:36:07,111.35,5558940
2021-06-03 10:36:10,111.35,5559900
2021-06-03 10:36:14,111.25,5560440
2021-06-03 10:36:17,111.3,5561123
2021-06-03 10:36:20,111.3,5561123
2021-06-03 10:36:23,111.35,5561128
2021-06-03 10:36:30,111.25,5561275
2021-06-03 10:36:33,111.3,5561325
2021-06-03 10:36:36,111.25,5562594
2021-06-03 10:36:39,111.25,5563277
2021-06-03 10:36:42,111.25,5563277
2021-06-03 10:36:45,111.3,5565303
2021-06-03 10:36:48,111.3,5565303
2021-06-03 10:36:50,111.3,5565313
2021-06-03 10:36:53,111.3,5565656
2021-06-03 10:36:59,111.25,5569356
2021-06-03 10:37:01,111.25,5569356
2021-06-03 10:37:05,111.35,5571856
2021-06-03 10:37:08,111.35,5571856
2021-06-03 10:37:11,111.35,5571856
2021-06-03 10:37:14,111.25,5572379
2021-06-03 10:37:17,111.3,5573087
2021-06-03 10:37:20,111.3,5573087
2021-06-03 10:37:24,111.3,5573087
2021-06-03 10:37:27,111.3,5573087
2021-06-03 10:37:30,111.3,5573175
2021-06-03 10:37:34,111.3,5574506
2021-06-03 10:37:37,111.3,5575600
2021-06-03 10:37:41,111.3,5575704
2021-06-03 10:37:45,111.35,5576249
2021-06-03 10:37:48,111.35,5576850
2021-06-03 10:37:51,111.35,5577052
2021-06-03 10:37:54,111.35,5577269
2021-06-03 10:37:57,111.35,5577954
2021-06-03 10:38:01,111.35,5577957
2021-06-03 10:38:04,111.25,5578497
2021-06-03 10:38:08,111.25,5578588
2021-06-03 10:38:11,111.35,5578915
2021-06-03 10:38:14,111.25,5582234
2021-06-03 10:38:18,111.3,5582563
2021-06-03 10:38:21,111.25,5583101
2021-06-03 10:38:24,111.35,5583265
2021-06-03 10:38:28,111.35,5583265
2021-06-03 10:38:31,111.35,5584313
2021-06-03 10:38:35,111.35,5587370
2021-06-03 10:38:38,111.35,5588198
2021-06-03 10:38:41,111.35,5588198
2021-06-03 10:38:45,111.35,5588198
2021-06-03 10:38:48,111.35,5588282
2021-06-03 10:38:51,111.35,5588885
2021-06-03 10:38:54,111.35,5588886
2021-06-03 10:38:57,111.3,5589711
2021-06-03 10:39:00,111.35,5589877
2021-06-03 10:39:03,111.35,5590134
2021-06-03 10:39:07,111.35,5590817
2021-06-03 10:39:10,111.35,5590922
2021-06-03 10:39:13,111.35,5591009
2021-06-03 10:39:16,111.35,5591175
2021-06-03 10:39:19,111.35,5595035
2021-06-03 10:39:22,111.35,5595294
2021-06-03 10:39:25,111.35,5595414
2021-06-03 10:39:28,111.35,5595445
2021-06-03 10:39:31,111.35,5595555
2021-06-03 10:39:34,111.35,5596074
2021-06-03 10:39:38,111.3,5596194
2021-06-03 10:39:41,111.25,5596244
2021-06-03 10:39:44,111.25,5597326
2021-06-03 10:39:47,111.3,5597656
2021-06-03 10:39:50,111.3,5597739
2021-06-03 10:39:54,111.3,5597985
2021-06-03 10:39:57,111.25,5598751
2021-06-03 10:40:00,111.3,5599262
2021-06-03 10:40:03,111.3,5600608
2021-06-03 10:40:06,111.3,5601162
2021-06-03 10:40:12,111.3,5601163
2021-06-03 10:40:15,111.3,5601163
2021-06-03 10:40:18,111.3,5601857
2021-06-03 10:40:21,111.25,5602490
2021-06-03 10:40:24,111.3,5602622
2021-06-03 10:40:27,111.3,5603887
2021-06-03 10:40:30,111.35,5604134
2021-06-03 10:40:34,111.35,5604767
2021-06-03 10:40:36,111.35,5605903
2021-06-03 10:40:39,111.35,5605904
2021-06-03 10:40:42,111.35,5605906
2021-06-03 10:40:45,111.35,5605997
2021-06-03 10:40:48,111.35,5606139
2021-06-03 10:40:50,111.25,5610943
2021-06-03 10:40:53,111.2,5616228
2021-06-03 10:40:56,111.3,5616453
2021-06-03 10:41:00,111.3,5617140
2021-06-03 10:41:03,111.3,5617140
2021-06-03 10:41:06,111.3,5617905
2021-06-03 10:41:09,111.3,5617987
2021-06-03 10:41:12,111.35,5618481
2021-06-03 10:41:16,111.25,5619643
2021-06-03 10:41:19,111.25,5620527
2021-06-03 10:41:22,111.35,5620546
2021-06-03 10:41:25,111.35,5620817
2021-06-03 10:41:28,111.35,5621156
2021-06-03 10:41:31,111.3,5621281
2021-06-03 10:41:34,111.3,5621819
2021-06-03 10:41:37,111.3,5622618
2021-06-03 10:41:40,111.3,5622618
2021-06-03 10:41:43,111.3,5622618
2021-06-03 10:41:46,111.35,5623143
2021-06-03 10:41:49,111.35,5623143
2021-06-03 10:41:52,111.25,5624652
2021-06-03 10:41:55,111.3,5624653
2021-06-03 10:41:58,111.25,5625335
2021-06-03 10:42:01,111.3,5625936
2021-06-03 10:42:04,111.3,5626022
2021-06-03 10:42:06,111.25,5626105
2021-06-03 10:42:09,111.3,5627199
2021-06-03 10:42:12,111.35,5627363
2021-06-03 10:42:15,111.3,5627463
2021-06-03 10:42:18,111.35,5628312
2021-06-03 10:42:21,111.3,5628831
2021-06-03 10:42:25,111.35,5629003
2021-06-03 10:42:28,111.3,5629093
2021-06-03 10:42:31,111.35,5629632
2021-06-03 10:42:34,111.35,5629634
2021-06-03 10:42:37,111.3,5630326
2021-06-03 10:42:39,111.35,5630926
2021-06-03 10:42:42,111.35,5630926
2021-06-03 10:42:44,111.35,5631612
2021-06-03 10:42:47,111.35,5631612
2021-06-03 10:42:50,111.3,5632181
2021-06-03 10:42:53,111.3,5632181
2021-06-03 10:42:56,111.3,5632863
2021-06-03 10:42:59,111.3,5633381
2021-06-03 10:43:02,111.25,5636881
2021-06-03 10:43:05,111.25,5636881
2021-06-03 10:43:07,111.35,5638352
2021-06-03 10:43:10,111.35,5638352
2021-06-03 10:43:13,111.35,5638352
2021-06-03 10:43:15,111.35,5638352
2021-06-03 10:43:18,111.3,5639037
2021-06-03 10:43:21,111.35,5639557
2021-06-03 10:43:24,111.35,5639647
2021-06-03 10:43:27,111.3,5639747
2021-06-03 10:43:31,111.3,5640265
2021-06-03 10:43:34,111.3,5640265
2021-06-03 10:43:37,111.3,5641002
2021-06-03 10:43:40,111.3,5641748
2021-06-03 10:43:43,111.3,5642114
2021-06-03 10:43:46,111.3,5642124
2021-06-03 10:43:49,111.25,5642370
2021-06-03 10:43:51,111.25,5642374
2021-06-03 10:43:54,111.25,5642374
2021-06-03 10:43:57,111.25,5643136
2021-06-03 10:44:00,111.3,5643664
2021-06-03 10:44:03,111.25,5646430
2021-06-03 10:44:05,111.3,5646435
2021-06-03 10:44:08,111.25,5648157
2021-06-03 10:44:10,111.25,5650207
2021-06-03 10:44:13,111.25,5650207
2021-06-03 10:44:16,111.25,5651411
2021-06-03 10:44:19,111.3,5657663
2021-06-03 10:44:25,111.3,5657890
2021-06-03 10:44:28,111.3,5658056
2021-06-03 10:44:31,111.3,5658056
2021-06-03 10:44:35,111.3,5658744
2021-06-03 10:44:38,111.25,5659516
2021-06-03 10:44:41,111.3,5659915
2021-06-03 10:44:47,111.25,5663000
2021-06-03 10:44:51,111.3,5663315
2021-06-03 10:44:54,111.3,5663360
2021-06-03 10:44:57,111.25,5664414
2021-06-03 10:45:01,111.3,5666140
2021-06-03 10:45:05,111.3,5666651
2021-06-03 10:45:08,111.3,5666931
2021-06-03 10:45:11,111.35,5666983
2021-06-03 10:45:14,111.35,5667003
2021-06-03 10:45:17,111.3,5667689
2021-06-03 10:45:20,111.35,5668209
2021-06-03 10:45:23,111.35,5668712
2021-06-03 10:45:26,111.35,5668762
2021-06-03 10:45:29,111.35,5668762
2021-06-03 10:45:32,111.35,5670959
2021-06-03 10:45:35,111.3,5671562
2021-06-03 10:45:39,111.35,5672327
2021-06-03 10:45:41,111.3,5673159
2021-06-03 10:45:44,111.25,5673702
2021-06-03 10:45:47,111.35,5674937
2021-06-03 10:45:51,111.35,5678465
2021-06-03 10:45:55,111.35,5678629
2021-06-03 10:45:59,111.25,5681172
2021-06-03 10:46:03,111.35,5684250
2021-06-03 10:46:07,111.35,5684945
2021-06-03 10:46:10,111.35,5685457
2021-06-03 10:46:13,111.35,5686287
2021-06-03 10:46:16,111.35,5686287
2021-06-03 10:46:19,111.25,5686761
2021-06-03 10:46:22,111.3,5687351
2021-06-03 10:46:26,111.25,5687789
2021-06-03 10:46:29,111.35,5687790
2021-06-03 10:46:32,111.35,5687790
2021-06-03 10:46:35,111.3,5688619
2021-06-03 10:46:38,111.3,5689386
2021-06-03 10:46:41,111.25,5689684
2021-06-03 10:46:44,111.3,5690048
2021-06-03 10:46:47,111.3,5690459
2021-06-03 10:46:51,111.25,5690515
2021-06-03 10:46:54,111.3,5691980
2021-06-03 10:46:57,111.25,5692908
2021-06-03 10:47:01,111.25,5693570
2021-06-03 10:47:03,111.35,5694346
2021-06-03 10:47:07,111.35,5695268
2021-06-03 10:47:10,111.35,5695443
2021-06-03 10:47:13,111.35,5695854
2021-06-03 10:47:16,111.25,5697122
2021-06-03 10:47:19,111.25,5697641
2021-06-03 10:47:22,111.35,5697661
2021-06-03 10:47:25,111.35,5697711
2021-06-03 10:47:28,111.35,5697723
2021-06-03 10:47:31,111.35,5697723
2021-06-03 10:47:34,111.3,5699538
2021-06-03 10:47:37,111.3,5700227
2021-06-03 10:47:40,111.3,5700676
2021-06-03 10:47:43,111.3,5700676
2021-06-03 10:47:46,111.3,5700676
2021-06-03 10:47:49,111.25,5706840
2021-06-03 10:47:52,111.3,5707036
2021-06-03 10:47:55,111.3,5707118
2021-06-03 10:47:58,111.25,5708300
2021-06-03 10:48:01,111.3,5708941
2021-06-03 10:48:05,111.3,5709135
2021-06-03 10:48:08,111.3,5709631
2021-06-03 10:48:11,111.3,5709878
2021-06-03 10:48:15,111.3,5709878
2021-06-03 10:48:18,111.3,5711169
2021-06-03 10:48:22,111.25,5712604
2021-06-03 10:48:25,111.3,5712690
2021-06-03 10:48:28,111.3,5712867
2021-06-03 10:48:31,111.3,5713032
2021-06-03 10:48:35,111.3,5714080
2021-06-03 10:48:38,111.25,5714961
2021-06-03 10:48:41,111.3,5715061
2021-06-03 10:48:44,111.3,5715962
2021-06-03 10:48:47,111.3,5716692
2021-06-03 10:48:50,111.3,5716701
2021-06-03 10:48:53,111.25,5716707
2021-06-03 10:48:56,111.25,5717694
2021-06-03 10:48:59,111.25,5718212
2021-06-03 10:49:02,111.25,5718282
2021-06-03 10:49:05,111.25,5718282
2021-06-03 10:49:08,111.25,5718282
2021-06-03 10:49:12,111.25,5719282
2021-06-03 10:49:15,111.25,5719803
2021-06-03 10:49:18,111.25,5721496
2021-06-03 10:49:21,111.25,5721496
2021-06-03 10:49:24,111.25,5722508
2021-06-03 10:49:27,111.3,5722600
2021-06-03 10:49:29,111.3,5722600
2021-06-03 10:49:33,111.3,5723014
2021-06-03 10:49:35,111.3,5724196
2021-06-03 10:49:38,111.3,5725124
2021-06-03 10:49:41,111.3,5725207
2021-06-03 10:49:44,111.3,5725373
2021-06-03 10:49:46,111.3,5725373
2021-06-03 10:49:50,111.25,5725892
2021-06-03 10:49:53,111.25,5725892
2021-06-03 10:49:56,111.3,5726072
2021-06-03 10:49:59,111.25,5727472
2021-06-03 10:50:01,111.25,5727472
2021-06-03 10:50:04,111.3,5728089
2021-06-03 10:50:08,111.3,5731083
2021-06-03 10:50:11,111.3,5731083
2021-06-03 10:50:15,111.25,5731091
2021-06-03 10:50:18,111.25,5731774
2021-06-03 10:50:20,111.25,5732343
2021-06-03 10:50:23,111.25,5732343
2021-06-03 10:50:26,111.25,5732523
2021-06-03 10:50:29,111.25,5733291
2021-06-03 10:50:32,111.3,5733293
2021-06-03 10:50:35,111.25,5734293
2021-06-03 10:50:38,111.25,5734978
2021-06-03 10:50:40,111.25,5735061
2021-06-03 10:50:43,111.3,5735506
2021-06-03 10:50:45,111.25,5735588
2021-06-03 10:50:48,111.25,5735588
2021-06-03 10:50:50,111.25,5736107
2021-06-03 10:50:54,111.25,5736107
2021-06-03 10:50:56,111.25,5736790
2021-06-03 10:50:59,111.25,5737308
2021-06-03 10:51:02,111.25,5737308
2021-06-03 10:51:05,111.25,5737308
2021-06-03 10:51:08,111.25,5737308
2021-06-03 10:51:11,111.25,5737508
2021-06-03 10:51:14,111.25,5738041
2021-06-03 10:51:16,111.25,5738855
2021-06-03 10:51:19,111.3,5739194
2021-06-03 10:51:22,111.25,5739210
2021-06-03 10:51:25,111.25,5739210
2021-06-03 10:51:27,111.25,5739310
2021-06-03 10:51:30,111.3,5739963
2021-06-03 10:51:33,111.3,5739963
2021-06-03 10:51:36,111.3,5739983
2021-06-03 10:51:38,111.25,5740845
2021-06-03 10:51:41,111.3,5740846
2021-06-03 10:51:44,111.25,5740996
2021-06-03 10:51:47,111.25,5740996
2021-06-03 10:51:50,111.25,5741645
2021-06-03 10:51:52,111.25,5741706
2021-06-03 10:51:55,111.25,5741706
2021-06-03 10:51:58,111.25,5742568
2021-06-03 10:52:00,111.3,5743091
2021-06-03 10:52:03,111.3,5743091
2021-06-03 10:52:06,111.3,5743091
2021-06-03 10:52:09,111.3,5743101
2021-06-03 10:52:12,111.3,5743101
2021-06-03 10:52:15,111.3,5745126
2021-06-03 10:52:17,111.2,5745810
2021-06-03 10:52:20,111.3,5746432
2021-06-03 10:52:23,111.3,5746432
2021-06-03 10:52:26,111.3,5747432
2021-06-03 10:52:29,111.25,5748230
2021-06-03 10:52:32,111.25,5748510
2021-06-03 10:52:35,111.25,5748510
2021-06-03 10:52:38,111.25,5749372
2021-06-03 10:52:40,111.25,5749422
2021-06-03 10:52:43,111.25,5751149
2021-06-03 10:52:49,111.3,5751180
2021-06-03 10:52:52,111.3,5751344
2021-06-03 10:52:55,111.3,5751344
2021-06-03 10:52:58,111.25,5752027
2021-06-03 10:53:01,111.25,5752545
2021-06-03 10:53:04,111.25,5752545
2021-06-03 10:53:06,111.25,5752545
2021-06-03 10:53:09,111.25,5752545
2021-06-03 10:53:12,111.3,5752695
2021-06-03 10:53:18,111.25,5753378
2021-06-03 10:53:21,111.25,5753947
2021-06-03 10:53:24,111.25,5753949
2021-06-03 10:53:27,111.25,5754149
2021-06-03 10:53:30,111.25,5754812
2021-06-03 10:53:33,111.25,5755079
2021-06-03 10:53:37,111.2,5755762
2021-06-03 10:53:40,111.2,5755762
2021-06-03 10:53:43,111.3,5755815
2021-06-03 10:53:46,111.3,5755815
2021-06-03 10:53:49,111.25,5756384
2021-06-03 10:53:52,111.25,5756384
2021-06-03 10:53:55,111.25,5756384
2021-06-03 10:53:58,111.2,5757066
2021-06-03 10:54:00,111.25,5757584
2021-06-03 10:54:03,111.25,5757584
2021-06-03 10:54:06,111.3,5757914
2021-06-03 10:54:08,111.25,5757964
2021-06-03 10:54:11,111.25,5757964
2021-06-03 10:54:13,111.25,5758483
2021-06-03 10:54:16,111.25,5759174
2021-06-03 10:54:19,111.25,5759174
2021-06-03 10:54:22,111.25,5759174
2021-06-03 10:54:25,111.3,5759187
2021-06-03 10:54:27,111.3,5759187
2021-06-03 10:54:30,111.3,5759187
2021-06-03 10:54:33,111.25,5760820
2021-06-03 10:54:37,111.2,5761503
2021-06-03 10:54:40,111.2,5761503
2021-06-03 10:54:43,111.2,5761503
2021-06-03 10:54:46,111.25,5762022
2021-06-03 10:54:49,111.25,5762023
2021-06-03 10:54:51,111.3,5762028
2021-06-03 10:54:54,111.3,5762028
2021-06-03 10:54:57,111.25,5762710
2021-06-03 10:55:00,111.25,5763363
2021-06-03 10:55:02,111.25,5763363
2021-06-03 10:55:05,111.25,5763363
2021-06-03 10:55:08,111.3,5764830
2021-06-03 10:55:11,111.3,5764830
2021-06-03 10:55:14,111.3,5765094
2021-06-03 10:55:17,111.25,5765942
2021-06-03 10:55:21,111.3,5766821
2021-06-03 10:55:24,111.25,5767222
2021-06-03 10:55:27,111.25,5767222
2021-06-03 10:55:30,111.3,5768447
2021-06-03 10:55:33,111.25,5770329
2021-06-03 10:55:36,111.25,5771011
2021-06-03 10:55:39,111.25,5771112
2021-06-03 10:55:42,111.25,5771212
2021-06-03 10:55:46,111.25,5771931
2021-06-03 10:55:49,111.25,5771951
2021-06-03 10:55:52,111.3,5772234
2021-06-03 10:55:55,111.3,5772399
2021-06-03 10:55:58,111.25,5773599
2021-06-03 10:56:01,111.25,5773599
2021-06-03 10:56:05,111.25,5773615
2021-06-03 10:56:08,111.25,5773615
2021-06-03 10:56:11,111.25,5773616
2021-06-03 10:56:14,111.3,5773626
2021-06-03 10:56:17,111.25,5774891
2021-06-03 10:56:20,111.25,5775781
2021-06-03 10:56:22,111.25,5775787
2021-06-03 10:56:25,111.3,5775952
2021-06-03 10:56:29,111.3,5775952
2021-06-03 10:56:32,111.3,5776518
2021-06-03 10:56:35,111.25,5777201
2021-06-03 10:56:38,111.3,5778948
2021-06-03 10:56:40,111.3,5778948
2021-06-03 10:56:43,111.3,5778948
2021-06-03 10:56:46,111.25,5781247
2021-06-03 10:56:50,111.3,5781747
2021-06-03 10:56:53,111.3,5781747
2021-06-03 10:56:56,111.25,5782429
2021-06-03 10:56:58,111.3,5782430
2021-06-03 10:57:01,111.25,5782466
2021-06-03 10:57:03,111.25,5782466
2021-06-03 10:57:06,111.25,5782984
2021-06-03 10:57:09,111.25,5782984
2021-06-03 10:57:11,111.3,5783581
2021-06-03 10:57:14,111.3,5784543
2021-06-03 10:57:17,111.25,5785544
2021-06-03 10:57:19,111.25,5786011
2021-06-03 10:57:22,111.3,5786031
2021-06-03 10:57:24,111.3,5786031
2021-06-03 10:57:27,111.2,5787632
2021-06-03 10:57:30,111.25,5788420
2021-06-03 10:57:33,111.25,5788420
2021-06-03 10:57:35,111.25,5788420
2021-06-03 10:57:38,111.25,5790800
2021-06-03 10:57:41,111.3,5790885
2021-06-03 10:57:43,111.3,5790885
2021-06-03 10:57:46,111.25,5791013
2021-06-03 10:57:49,111.25,5791532
2021-06-03 10:57:51,111.25,5791532
2021-06-03 10:57:53,111.25,5791532
2021-06-03 10:57:56,111.25,5792214
2021-06-03 10:57:58,111.3,5792702
2021-06-03 10:58:01,111.3,5792702
2021-06-03 10:58:04,111.25,5793622
2021-06-03 10:58:07,111.25,5793622
2021-06-03 10:58:09,111.3,5794623
2021-06-03 10:58:12,111.3,5794806
2021-06-03 10:58:15,111.3,5794806
2021-06-03 10:58:18,111.25,5796389
2021-06-03 10:58:20,111.25,5796918
2021-06-03 10:58:22,111.25,5796918
2021-06-03 10:58:25,111.25,5796921
2021-06-03 10:58:28,111.3,5797126
2021-06-03 10:58:30,111.3,5797126
2021-06-03 10:58:32,111.25,5797214
2021-06-03 10:58:35,111.3,5797738
2021-06-03 10:58:38,111.25,5798606
2021-06-03 10:58:41,111.25,5798706
2021-06-03 10:58:43,111.3,5799137
2021-06-03 10:58:46,111.25,5799267
2021-06-03 10:58:49,111.25,5799786
2021-06-03 10:58:52,111.3,5800701
2021-06-03 10:58:55,111.25,5800952
2021-06-03 10:58:58,111.3,5802314
2021-06-03 10:59:01,111.3,5802314
2021-06-03 10:59:04,111.25,5802997
2021-06-03 10:59:06,111.25,5803002
2021-06-03 10:59:09,111.3,5803584
2021-06-03 10:59:13,111.3,5803750
2021-06-03 10:59:16,111.3,5803751
2021-06-03 10:59:19,111.25,5805007
2021-06-03 10:59:21,111.3,5805009
2021-06-03 10:59:24,111.3,5805011
2021-06-03 10:59:27,111.3,5805012
2021-06-03 10:59:30,111.3,5805014
2021-06-03 10:59:33,111.3,5805016
2021-06-03 10:59:35,111.3,5805535
2021-06-03 10:59:38,111.3,5806324
2021-06-03 10:59:41,111.3,5806369
2021-06-03 10:59:45,111.3,5806384
2021-06-03 10:59:48,111.25,5806905
2021-06-03 10:59:51,111.25,5806905
2021-06-03 10:59:54,111.3,5806930
2021-06-03 10:59:57,111.25,5807613
2021-06-03 11:00:00,111.3,5808133
2021-06-03 11:00:03,111.3,5812424
2021-06-03 11:00:05,111.3,5812907
2021-06-03 11:00:08,111.25,5813828
2021-06-03 11:00:11,111.3,5814085
2021-06-03 11:00:15,111.25,5814416
2021-06-03 11:00:18,111.2,5815611
2021-06-03 11:00:21,111.3,5816280
2021-06-03 11:00:24,111.3,5816282
2021-06-03 11:00:28,111.3,5816309
2021-06-03 11:00:31,111.3,5816611
2021-06-03 11:00:34,111.25,5817275
2021-06-03 11:00:36,111.25,5819214
2021-06-03 11:00:39,111.3,5819315
2021-06-03 11:00:42,111.3,5820638
2021-06-03 11:00:45,111.3,5820644
2021-06-03 11:00:48,111.25,5820715
2021-06-03 11:00:51,111.3,5821385
2021-06-03 11:00:53,111.25,5821679
2021-06-03 11:00:56,111.25,5822362
2021-06-03 11:00:59,111.25,5822880
2021-06-03 11:01:02,111.3,5822900
2021-06-03 11:01:04,111.25,5822901
2021-06-03 11:01:07,111.3,5823071
2021-06-03 11:01:10,111.3,5823071
2021-06-03 11:01:14,111.3,5823089
2021-06-03 11:01:19,111.25,5824292
2021-06-03 11:01:22,111.25,5824492
2021-06-03 11:01:25,111.25,5824492
2021-06-03 11:01:28,111.3,5824532
2021-06-03 11:01:31,111.25,5824534
2021-06-03 11:01:34,111.25,5825052
2021-06-03 11:01:37,111.3,5825735
2021-06-03 11:01:40,111.25,5826035
2021-06-03 11:01:43,111.25,5826055
2021-06-03 11:01:46,111.25,5826696
2021-06-03 11:01:49,111.3,5827396
2021-06-03 11:01:52,111.25,5827496
2021-06-03 11:01:58,111.25,5828204
2021-06-03 11:02:01,111.25,5828722
2021-06-03 11:02:04,111.25,5828722
2021-06-03 11:02:06,111.25,5828722
2021-06-03 11:02:09,111.3,5832224
2021-06-03 11:02:12,111.25,5833588
2021-06-03 11:02:16,111.25,5834118
2021-06-03 11:02:19,111.2,5834802
2021-06-03 11:02:22,111.3,5835363
2021-06-03 11:02:25,111.3,5835363
2021-06-03 11:02:28,111.3,5835454
2021-06-03 11:02:31,111.3,5835748
2021-06-03 11:02:34,111.3,5838258
2021-06-03 11:02:37,111.3,5839245
2021-06-03 11:02:41,111.3,5839570
2021-06-03 11:02:44,111.3,5839570
2021-06-03 11:02:48,111.25,5839571
2021-06-03 11:02:50,111.25,5840090
2021-06-03 11:02:53,111.3,5840170
2021-06-03 11:02:56,111.3,5840170
2021-06-03 11:02:59,111.35,5842570
2021-06-03 11:03:01,111.3,5843120
2021-06-03 11:03:04,111.25,5843165
2021-06-03 11:03:07,111.3,5843168
2021-06-03 11:03:10,111.25,5846526
2021-06-03 11:03:13,111.25,5846526
2021-06-03 11:03:16,111.25,5847045
2021-06-03 11:03:18,111.3,5847779
2021-06-03 11:03:21,111.25,5847894
2021-06-03 11:03:24,111.25,5847894
2021-06-03 11:03:26,111.25,5847894
2021-06-03 11:03:29,111.25,5848433
2021-06-03 11:03:33,111.3,5848444
2021-06-03 11:03:37,111.2,5850535
2021-06-03 11:03:40,111.3,5850635
2021-06-03 11:03:42,111.2,5850640
2021-06-03 11:03:45,111.25,5851169
2021-06-03 11:03:48,111.3,5853369
2021-06-03 11:03:51,111.2,5857656
2021-06-03 11:03:54,111.2,5858496
2021-06-03 11:03:57,111.25,5861081
2021-06-03 11:04:00,111.3,5861851
2021-06-03 11:04:03,111.3,5862016
2021-06-03 11:04:06,111.3,5862016
2021-06-03 11:04:08,111.3,5862016
2021-06-03 11:04:11,111.3,5862167
2021-06-03 11:04:15,111.3,5863157
2021-06-03 11:04:18,111.3,5864132
2021-06-03 11:04:21,111.3,5864132
2021-06-03 11:04:23,111.25,5864140
2021-06-03 11:04:26,111.3,5864867
2021-06-03 11:04:29,111.3,5864867
2021-06-03 11:04:31,111.25,5864967
2021-06-03 11:04:34,111.25,5865705
2021-06-03 11:04:37,111.25,5866388
2021-06-03 11:04:39,111.3,5866488
2021-06-03 11:04:42,111.3,5866488
2021-06-03 11:04:46,111.25,5866508
2021-06-03 11:04:49,111.25,5867027
2021-06-03 11:04:52,111.25,5867027
2021-06-03 11:04:58,111.25,5868233
2021-06-03 11:05:01,111.25,5868233
2021-06-03 11:05:04,111.25,5868233
2021-06-03 11:05:07,111.25,5868233
2021-06-03 11:05:10,111.25,5868235
2021-06-03 11:05:13,111.3,5868335
2021-06-03 11:05:16,111.3,5868335
2021-06-03 11:05:19,111.25,5869537
2021-06-03 11:05:22,111.3,5869738
2021-06-03 11:05:25,111.3,5869739
2021-06-03 11:05:29,111.3,5869744
2021-06-03 11:05:32,111.3,5870364
2021-06-03 11:05:35,111.25,5870883
2021-06-03 11:05:38,111.3,5871628
2021-06-03 11:05:41,111.3,5871810
2021-06-03 11:05:44,111.25,5873997
2021-06-03 11:05:48,111.3,5875147
2021-06-03 11:05:54,111.3,5875976
2021-06-03 11:05:57,111.25,5876658
2021-06-03 11:06:00,111.3,5877266
2021-06-03 11:06:03,111.3,5877266
2021-06-03 11:06:07,111.3,5877427
2021-06-03 11:06:10,111.25,5877431
2021-06-03 11:06:13,111.25,5877431
2021-06-03 11:06:15,111.25,5877950
2021-06-03 11:06:18,111.2,5878633
2021-06-03 11:06:21,111.25,5878644
2021-06-03 11:06:25,111.3,5878744
2021-06-03 11:06:27,111.3,5878744
2021-06-03 11:06:30,111.3,5878745
2021-06-03 11:06:34,111.25,5880109
2021-06-03 11:06:37,111.25,5880799
2021-06-03 11:06:40,111.25,5880799
2021-06-03 11:06:43,111.25,5880999
2021-06-03 11:06:46,111.3,5881520
2021-06-03 11:06:49,111.3,5881520
2021-06-03 11:06:52,111.25,5881537
2021-06-03 11:06:55,111.3,5881669
2021-06-03 11:06:59,111.3,5882700
2021-06-03 11:07:02,111.3,5882700
2021-06-03 11:07:05,111.25,5883218
2021-06-03 11:07:08,111.25,5884221
2021-06-03 11:07:11,111.3,5884331
2021-06-03 11:07:14,111.3,5884516
2021-06-03 11:07:17,111.25,5885199
2021-06-03 11:07:20,111.3,5885872
2021-06-03 11:07:23,111.25,5885873
2021-06-03 11:07:26,111.3,5885984
2021-06-03 11:07:29,111.25,5885989
2021-06-03 11:07:33,111.25,5886089
2021-06-03 11:07:36,111.25,5888289
2021-06-03 11:07:39,111.3,5888453
2021-06-03 11:07:42,111.3,5888543
2021-06-03 11:07:45,111.3,5888625
2021-06-03 11:07:49,111.25,5889246
2021-06-03 11:07:52,111.3,5889348
2021-06-03 11:07:55,111.3,5889677
2021-06-03 11:07:58,111.3,5890524
2021-06-03 11:08:05,111.25,5892149
2021-06-03 11:08:08,111.3,5892272
2021-06-03 11:08:11,111.3,5892273
2021-06-03 11:08:14,111.3,5892275
2021-06-03 11:08:19,111.25,5893503
2021-06-03 11:08:22,111.25,5893943
2021-06-03 11:08:25,111.25,5899943
2021-06-03 11:08:28,111.25,5899943
2021-06-03 11:08:31,111.25,5900461
2021-06-03 11:08:34,111.3,5901461
2021-06-03 11:08:37,111.2,5902807
2021-06-03 11:08:40,111.3,5902817
2021-06-03 11:08:42,111.3,5902817
2021-06-03 11:08:46,111.3,5902817
2021-06-03 11:08:49,111.25,5903336
2021-06-03 11:08:52,111.3,5903499
2021-06-03 11:08:55,111.2,5903699
2021-06-03 11:08:59,111.25,5904902
2021-06-03 11:09:02,111.3,5904912
2021-06-03 11:09:05,111.25,5904962
2021-06-03 11:09:08,111.3,5905135
2021-06-03 11:09:11,111.3,5905136
2021-06-03 11:09:14,111.25,5905656
2021-06-03 11:09:16,111.25,5906357
2021-06-03 11:09:20,111.3,5907376
2021-06-03 11:09:23,111.3,5907541
2021-06-03 11:09:26,111.3,5907733
2021-06-03 11:09:29,111.3,5907948
2021-06-03 11:09:32,111.25,5907960
2021-06-03 11:09:35,111.25,5908568
2021-06-03 11:09:38,111.25,5914250
2021-06-03 11:09:41,111.25,5914370
2021-06-03 11:09:44,111.3,5914972
2021-06-03 11:09:47,111.3,5915054
2021-06-03 11:09:50,111.3,5915103
2021-06-03 11:09:53,111.3,5915733
2021-06-03 11:09:56,111.3,5915759
2021-06-03 11:09:58,111.25,5917959
2021-06-03 11:10:01,111.3,5918221
2021-06-03 11:10:04,111.3,5918221
2021-06-03 11:10:07,111.3,5918473
2021-06-03 11:10:09,111.3,5918504
2021-06-03 11:10:15,111.25,5918630
2021-06-03 11:10:18,111.25,5919313
2021-06-03 11:10:21,111.3,5919835
2021-06-03 11:10:24,111.25,5919920
2021-06-03 11:10:27,111.3,5920496
2021-06-03 11:10:31,111.3,5920496
2021-06-03 11:10:34,111.25,5921115
2021-06-03 11:10:37,111.25,5921797
2021-06-03 11:10:39,111.25,5921814
2021-06-03 11:10:42,111.3,5922314
2021-06-03 11:10:44,111.3,5922314
2021-06-03 11:10:47,111.3,5922314
2021-06-03 11:10:50,111.25,5922833
2021-06-03 11:10:55,111.25,5922863
2021-06-03 11:10:58,111.25,5926528
2021-06-03 11:11:01,111.3,5926531
2021-06-03 11:11:04,111.3,5926531
2021-06-03 11:11:07,111.3,5926993
2021-06-03 11:11:10,111.25,5927063
2021-06-03 11:11:13,111.25,5927063
2021-06-03 11:11:16,111.25,5927582
2021-06-03 11:11:18,111.3,5928429
2021-06-03 11:11:22,111.3,5928557
2021-06-03 11:11:25,111.3,5928557
2021-06-03 11:11:28,111.3,5928557
2021-06-03 11:11:31,111.3,5929557
2021-06-03 11:11:33,111.25,5930075
2021-06-03 11:11:36,111.25,5930894
2021-06-03 11:11:39,111.25,5930894
2021-06-03 11:11:42,111.25,5930894
2021-06-03 11:11:45,111.25,5931413
2021-06-03 11:11:47,111.3,5931421
2021-06-03 11:11:50,111.25,5931501
2021-06-03 11:11:53,111.25,5931501
2021-06-03 11:11:56,111.25,5931501
2021-06-03 11:11:58,111.25,5932183
2021-06-03 11:12:01,111.25,5932702
2021-06-03 11:12:04,111.25,5932719
2021-06-03 11:12:07,111.25,5932769
2021-06-03 11:12:10,111.3,5932778
2021-06-03 11:12:12,111.3,5933203
2021-06-03 11:12:15,111.3,5933203
2021-06-03 11:12:19,111.25,5934407
2021-06-03 11:12:21,111.3,5934412
2021-06-03 11:12:24,111.3,5934412
2021-06-03 11:12:27,111.3,5934414
2021-06-03 11:12:29,111.3,5934414
2021-06-03 11:12:32,111.25,5943639
2021-06-03 11:12:35,111.3,5949437
2021-06-03 11:12:37,111.25,5950642
2021-06-03 11:12:40,111.25,5950643
2021-06-03 11:12:42,111.25,5950755
2021-06-03 11:12:45,111.25,5951274
2021-06-03 11:12:47,111.3,5951435
2021-06-03 11:12:50,111.3,5951585
2021-06-03 11:12:52,111.25,5951878
2021-06-03 11:12:55,111.25,5951878
2021-06-03 11:12:58,111.25,5952630
2021-06-03 11:13:01,111.25,5952630
2021-06-03 11:13:04,111.2,5953240
2021-06-03 11:13:06,111.2,5967493
2021-06-03 11:13:09,111.2,5967494
2021-06-03 11:13:12,111.25,5968666
2021-06-03 11:13:14,111.25,5968666
2021-06-03 11:13:17,111.2,5968683
2021-06-03 11:13:20,111.15,5969542
2021-06-03 11:13:22,111.15,5970465
2021-06-03 11:13:25,111.2,5970558
2021-06-03 11:13:28,111.15,5970658
2021-06-03 11:13:31,111.15,5971176
2021-06-03 11:13:34,111.2,5971276
2021-06-03 11:13:37,111.15,5971959
2021-06-03 11:13:40,111.15,5971959
2021-06-03 11:13:43,111.15,5985961
2021-06-03 11:13:45,111.15,5987345
2021-06-03 11:13:48,111.15,5998514
2021-06-03 11:13:51,111.1,5998659
2021-06-03 11:13:54,111.15,5998870
2021-06-03 11:13:56,111.1,5999043
2021-06-03 11:13:59,111.1,6009262
2021-06-03 11:14:02,111.1,6013287
2021-06-03 11:14:05,111.1,6013287
2021-06-03 11:14:08,111.15,6013294
2021-06-03 11:14:10,111.1,6014294
2021-06-03 11:14:13,111.05,6018816
2021-06-03 11:14:16,111.05,6023691
2021-06-03 11:14:18,111.05,6024374
2021-06-03 11:14:21,111.05,6024374
2021-06-03 11:14:24,111.05,6025070
2021-06-03 11:14:26,111.1,6025836
2021-06-03 11:14:29,111.15,6025941
2021-06-03 11:14:32,111.15,6025941
2021-06-03 11:14:34,111.1,6026759
2021-06-03 11:14:37,111.05,6027441
2021-06-03 11:14:40,111.05,6027441
2021-06-03 11:14:42,111.15,6027521
2021-06-03 11:14:45,111.15,6027521
2021-06-03 11:14:48,111.15,6027521
2021-06-03 11:14:50,111.05,6027733
2021-06-03 11:14:53,111.05,6027733
2021-06-03 11:14:56,111.05,6028250
2021-06-03 11:14:58,111.05,6030726
2021-06-03 11:15:01,111.1,6031518
2021-06-03 11:15:04,111.05,6031958
2021-06-03 11:15:07,111.1,6032079
2021-06-03 11:15:09,111.1,6032079
2021-06-03 11:15:12,111.1,6032079
2021-06-03 11:15:15,111.1,6032185
2021-06-03 11:15:17,111.0,6034578
2021-06-03 11:15:20,111.0,6035110
2021-06-03 11:15:22,111.05,6035153
2021-06-03 11:15:25,111.1,6035158
2021-06-03 11:15:28,111.1,6035258
2021-06-03 11:15:30,111.1,6035260
2021-06-03 11:15:33,111.05,6035360
2021-06-03 11:15:36,111.0,6036446
2021-06-03 11:15:39,111.0,6036560
2021-06-03 11:15:41,111.0,6036560
2021-06-03 11:15:44,111.1,6037279
2021-06-03 11:15:47,111.1,6037279
2021-06-03 11:15:50,111.0,6037329
2021-06-03 11:15:53,111.0,6043829
2021-06-03 11:15:56,111.0,6043857
2021-06-03 11:15:58,111.0,6044679
2021-06-03 11:16:01,111.0,6045197
2021-06-03 11:16:04,111.0,6045197
2021-06-03 11:16:07,111.0,6048297
2021-06-03 11:16:10,111.0,6048297
2021-06-03 11:16:13,111.0,6057623
2021-06-03 11:16:15,111.05,6062723
2021-06-03 11:16:18,111.05,6068732
2021-06-03 11:16:21,111.05,6068732
2021-06-03 11:16:23,111.0,6068738
2021-06-03 11:16:26,111.0,6068738
2021-06-03 11:16:29,111.05,6069756
2021-06-03 11:16:32,111.1,6069757
2021-06-03 11:16:35,111.1,6069827
2021-06-03 11:16:37,111.05,6070511
2021-06-03 11:16:40,111.1,6070555
2021-06-03 11:16:42,111.1,6070638
2021-06-03 11:16:45,111.1,6070823
2021-06-03 11:16:48,111.1,6071263
2021-06-03 11:16:51,111.05,6071614
2021-06-03 11:16:54,111.0,6071730
2021-06-03 11:16:57,111.0,6072412
2021-06-03 11:17:00,111.1,6072470
2021-06-03 11:17:03,111.1,6072470
2021-06-03 11:17:06,111.0,6073003
2021-06-03 11:17:10,111.0,6073005
2021-06-03 11:17:13,111.1,6073033
2021-06-03 11:17:16,111.1,6073656
2021-06-03 11:17:18,111.05,6073689
2021-06-03 11:17:21,111.0,6074339
2021-06-03 11:17:24,111.05,6074473
2021-06-03 11:17:27,111.05,6074578
2021-06-03 11:17:29,111.1,6075911
2021-06-03 11:17:32,111.1,6075917
2021-06-03 11:17:35,111.1,6076012
2021-06-03 11:17:37,111.05,6076215
2021-06-03 11:17:40,111.05,6076665
2021-06-03 11:17:43,111.0,6076995
2021-06-03 11:17:45,111.1,6077534
2021-06-03 11:17:48,111.1,6077534
2021-06-03 11:17:51,111.1,6077534
2021-06-03 11:17:54,111.1,6078034
2021-06-03 11:18:00,111.05,6078686
2021-06-03 11:18:03,111.0,6079719
2021-06-03 11:18:06,111.1,6079743
2021-06-03 11:18:09,111.1,6079766
2021-06-03 11:18:12,111.05,6079767
2021-06-03 11:18:14,111.05,6079767
2021-06-03 11:18:17,111.0,6080460
2021-06-03 11:18:19,111.05,6081100
2021-06-03 11:18:22,111.05,6081231
2021-06-03 11:18:25,111.05,6081235
2021-06-03 11:18:28,111.05,6081485
2021-06-03 11:18:36,111.05,6083792
2021-06-03 11:18:39,111.1,6084040
2021-06-03 11:18:42,111.1,6084041
2021-06-03 11:18:44,111.1,6084172
2021-06-03 11:18:47,111.1,6084261
2021-06-03 11:18:49,111.05,6084780
2021-06-03 11:18:52,111.1,6085053
2021-06-03 11:18:55,111.1,6085135
2021-06-03 11:18:58,111.05,6085817
2021-06-03 11:19:01,111.05,6086335
2021-06-03 11:19:04,111.05,6086335
2021-06-03 11:19:06,111.1,6086435
2021-06-03 11:19:09,111.1,6086435
2021-06-03 11:19:12,111.1,6086682
2021-06-03 11:19:15,111.1,6087444
2021-06-03 11:19:18,111.15,6088132
2021-06-03 11:19:21,111.1,6089063
2021-06-03 11:19:24,111.15,6089064
2021-06-03 11:19:26,111.15,6089064
2021-06-03 11:19:30,111.15,6089064
2021-06-03 11:19:33,111.15,6089151
2021-06-03 11:19:36,111.05,6090395
2021-06-03 11:19:39,111.15,6090681
2021-06-03 11:19:42,111.15,6091015
2021-06-03 11:19:46,111.15,6091115
2021-06-03 11:19:49,111.1,6091801
2021-06-03 11:19:52,111.15,6091999
2021-06-03 11:19:55,111.15,6092261
2021-06-03 11:19:59,111.1,6093268
2021-06-03 11:20:02,111.1,6093268
2021-06-03 11:20:05,111.05,6093695
2021-06-03 11:20:08,111.05,6093695
2021-06-03 11:20:11,111.15,6093860
2021-06-03 11:20:17,111.05,6093861
2021-06-03 11:20:20,111.05,6094381
2021-06-03 11:20:23,111.1,6095173
2021-06-03 11:20:25,111.1,6095403
2021-06-03 11:20:28,111.1,6095523
2021-06-03 11:20:31,111.1,6095523
2021-06-03 11:20:34,111.1,6096123
2021-06-03 11:20:37,111.05,6096207
2021-06-03 11:20:40,111.05,6096207
2021-06-03 11:20:43,111.0,6097324
2021-06-03 11:20:46,111.1,6097659
2021-06-03 11:20:49,111.0,6098499
2021-06-03 11:20:52,111.0,6098499
2021-06-03 11:20:55,111.0,6098499
2021-06-03 11:20:58,111.1,6099273
2021-06-03 11:21:01,111.1,6099355
2021-06-03 11:21:04,111.0,6099873
2021-06-03 11:21:09,111.0,6099873
2021-06-03 11:21:12,111.0,6099873
2021-06-03 11:21:14,111.0,6100392
2021-06-03 11:21:17,111.0,6101158
2021-06-03 11:21:20,111.05,6101334
2021-06-03 11:21:23,111.05,6101334
2021-06-03 11:21:26,111.05,6101417
2021-06-03 11:21:30,111.05,6101499
2021-06-03 11:21:33,111.05,6101914
2021-06-03 11:21:36,111.0,6102537
2021-06-03 11:21:38,111.0,6103219
2021-06-03 11:21:41,111.0,6103219
2021-06-03 11:21:44,111.0,6103738
2021-06-03 11:21:47,111.05,6103983
2021-06-03 11:21:51,111.05,6103983
2021-06-03 11:21:53,111.05,6103993
2021-06-03 11:21:56,111.05,6104101
2021-06-03 11:21:58,111.05,6105296
2021-06-03 11:22:01,111.0,6106515
2021-06-03 11:22:04,111.0,6106914
2021-06-03 11:22:06,111.0,6106914
2021-06-03 11:22:09,111.05,6107444
2021-06-03 11:22:12,111.05,6107808
2021-06-03 11:22:14,111.1,6108081
2021-06-03 11:22:17,111.05,6109015
2021-06-03 11:22:20,111.05,6109534
2021-06-03 11:22:23,111.1,6109536
2021-06-03 11:22:26,111.1,6109643
2021-06-03 11:22:29,111.05,6109743
2021-06-03 11:22:32,111.0,6111242
2021-06-03 11:22:35,111.1,6111776
2021-06-03 11:22:40,111.05,6112008
2021-06-03 11:22:42,111.0,6112458
2021-06-03 11:22:45,111.0,6112977
2021-06-03 11:22:48,111.05,6113007
2021-06-03 11:22:51,111.05,6113175
2021-06-03 11:22:53,111.05,6113175
2021-06-03 11:22:56,111.0,6113309
2021-06-03 11:22:58,111.0,6114509
2021-06-03 11:23:02,111.1,6114673
2021-06-03 11:23:05,111.1,6114919
2021-06-03 11:23:08,111.1,6115250
2021-06-03 11:23:10,111.1,6115414
2021-06-03 11:23:14,111.1,6116035
2021-06-03 11:23:17,111.05,6122180
2021-06-03 11:23:19,111.1,6122263
2021-06-03 11:23:22,111.05,6122563
2021-06-03 11:23:25,111.1,6122607
2021-06-03 11:23:28,111.1,6122607
2021-06-03 11:23:31,111.1,6122607
2021-06-03 11:23:34,111.05,6123125
2021-06-03 11:23:36,111.05,6123917
2021-06-03 11:23:39,111.05,6123917
2021-06-03 11:23:42,111.05,6123917
2021-06-03 11:23:45,111.1,6123919
2021-06-03 11:23:47,111.1,6123921
2021-06-03 11:23:50,111.1,6124442
2021-06-03 11:23:53,111.1,6124504
2021-06-03 11:23:55,111.1,6124504
2021-06-03 11:23:58,111.05,6124886
2021-06-03 11:24:01,111.0,6125006
2021-06-03 11:24:07,111.0,6125784
2021-06-03 11:24:10,111.0,6125784
2021-06-03 11:24:12,111.0,6125784
2021-06-03 11:24:15,111.1,6125927
2021-06-03 11:24:18,111.05,6126246
2021-06-03 11:24:20,111.0,6126766
2021-06-03 11:24:23,111.1,6127135
2021-06-03 11:24:26,111.1,6127165
2021-06-03 11:24:28,111.1,6127165
2021-06-03 11:24:31,111.1,6127165
2021-06-03 11:24:33,111.1,6127165
2021-06-03 11:24:36,111.05,6127500
2021-06-03 11:24:39,111.0,6128365
2021-06-03 11:24:42,111.1,6128693
2021-06-03 11:24:44,111.1,6128693
2021-06-03 11:24:47,111.05,6129065
2021-06-03 11:24:50,111.05,6129309
2021-06-03 11:24:52,111.05,6129474
2021-06-03 11:24:55,111.1,6129749
2021-06-03 11:24:58,111.1,6130082
2021-06-03 11:25:01,111.1,6130082
2021-06-03 11:25:03,111.0,6131284
2021-06-03 11:25:06,111.0,6131284
2021-06-03 11:25:08,111.0,6131286
2021-06-03 11:25:11,111.0,6133336
2021-06-03 11:25:14,111.0,6133855
2021-06-03 11:25:17,111.0,6134538
2021-06-03 11:25:19,111.0,6134538
2021-06-03 11:25:22,111.0,6134693
2021-06-03 11:25:24,111.1,6134793
2021-06-03 11:25:26,111.0,6134845
2021-06-03 11:25:28,111.0,6135433
2021-06-03 11:25:31,111.0,6135483
2021-06-03 11:25:34,111.0,6135483
2021-06-03 11:25:36,111.05,6136182
2021-06-03 11:25:39,111.05,6136182
2021-06-03 11:25:42,111.05,6136182
2021-06-03 11:25:45,111.05,6136482
2021-06-03 11:25:47,111.05,6136482
2021-06-03 11:25:50,111.0,6137101
2021-06-03 11:25:53,111.0,6137101
2021-06-03 11:25:56,111.0,6137783
2021-06-03 11:25:59,111.0,6138301
2021-06-03 11:26:01,111.1,6139702
2021-06-03 11:26:04,111.0,6139754
2021-06-03 11:26:07,111.0,6140197
2021-06-03 11:26:10,111.0,6140297
2021-06-03 11:26:13,111.0,6140297
2021-06-03 11:26:15,111.05,6141736
2021-06-03 11:26:18,111.05,6142604
2021-06-03 11:26:21,111.05,6142857
2021-06-03 11:26:24,111.05,6143189
2021-06-03 11:26:27,111.05,6143189
2021-06-03 11:26:30,111.05,6143189
2021-06-03 11:26:33,111.05,6143226
2021-06-03 11:26:36,111.05,6143743
2021-06-03 11:26:39,111.0,6145300
2021-06-03 11:26:42,111.1,6145305
2021-06-03 11:26:45,111.1,6145305
2021-06-03 11:26:47,111.0,6146305
2021-06-03 11:26:49,111.1,6147089
2021-06-03 11:26:53,111.1,6147419
2021-06-03 11:26:56,111.1,6147419
2021-06-03 11:26:59,111.1,6147419
2021-06-03 11:27:01,111.05,6148146
2021-06-03 11:27:04,111.0,6148664
2021-06-03 11:27:07,111.0,6148664
2021-06-03 11:27:10,111.05,6148904
2021-06-03 11:27:12,111.05,6148904
2021-06-03 11:27:15,111.05,6149004
2021-06-03 11:27:18,111.0,6149693
2021-06-03 11:27:21,111.0,6150291
2021-06-03 11:27:24,111.0,6150291
2021-06-03 11:27:27,111.0,6151091
2021-06-03 11:27:29,111.0,6151685
2021-06-03 11:27:31,111.0,6151686
2021-06-03 11:27:34,111.0,6151686
2021-06-03 11:27:36,111.0,6155035
2021-06-03 11:27:40,111.05,6155415
2021-06-03 11:27:43,111.0,6156265
2021-06-03 11:27:46,111.0,6156341
2021-06-03 11:27:49,111.0,6156372
2021-06-03 11:27:52,111.0,6156382
2021-06-03 11:27:55,111.0,6157549
2021-06-03 11:27:58,111.0,6158983
2021-06-03 11:28:01,110.95,6159078
2021-06-03 11:28:04,110.95,6159310
2021-06-03 11:28:07,111.0,6159818
2021-06-03 11:28:10,111.0,6160583
2021-06-03 11:28:13,111.0,6160598
2021-06-03 11:28:16,111.0,6161328
2021-06-03 11:28:18,110.95,6162011
2021-06-03 11:28:21,111.0,6162587
2021-06-03 11:28:23,110.95,6162698
2021-06-03 11:28:26,110.95,6162698
2021-06-03 11:28:29,110.95,6163044
2021-06-03 11:28:32,111.0,6163046
2021-06-03 11:28:35,111.0,6163096
2021-06-03 11:28:37,110.95,6163841
2021-06-03 11:28:39,111.0,6164291
2021-06-03 11:28:42,111.0,6164296
2021-06-03 11:28:44,110.95,6164372
2021-06-03 11:28:47,110.95,6164372
2021-06-03 11:28:49,111.0,6164374
2021-06-03 11:28:51,110.95,6164429
2021-06-03 11:28:54,110.95,6164505
2021-06-03 11:28:57,110.95,6165298
2021-06-03 11:28:59,110.95,6165374
2021-06-03 11:29:04,110.95,6165424
2021-06-03 11:29:06,111.0,6165442
2021-06-03 11:29:09,111.0,6166942
2021-06-03 11:29:11,110.95,6166944
2021-06-03 11:29:14,110.95,6167021
2021-06-03 11:29:17,110.95,6170855
2021-06-03 11:29:20,110.95,6170930
2021-06-03 11:29:23,110.95,6178639
2021-06-03 11:29:26,111.0,6178804
2021-06-03 11:29:29,110.95,6178805
2021-06-03 11:29:32,110.95,6178853
2021-06-03 11:29:34,110.95,6178982
2021-06-03 11:29:37,110.95,6179764
2021-06-03 11:29:41,111.0,6179850
2021-06-03 11:29:44,111.0,6179850
2021-06-03 11:29:47,111.0,6180850
2021-06-03 11:29:50,111.0,6180850
2021-06-03 11:29:52,111.0,6180877
2021-06-03 11:29:56,110.95,6180959
2021-06-03 11:29:58,110.95,6182021
2021-06-03 11:30:01,111.0,6182132
2021-06-03 11:30:04,111.0,6184132
2021-06-03 11:30:07,111.0,6184132
2021-06-03 11:30:10,111.0,6184132
2021-06-03 11:30:12,111.0,6189132
2021-06-03 11:30:15,110.95,6189161
2021-06-03 11:30:17,110.95,6189845
2021-06-03 11:30:20,111.0,6190510
2021-06-03 11:30:22,111.0,6190949
2021-06-03 11:30:26,111.0,6190949
2021-06-03 11:30:29,111.0,6191630
2021-06-03 11:30:32,111.0,6192553
2021-06-03 11:30:35,111.0,6192984
2021-06-03 11:30:38,111.0,6193667
2021-06-03 11:30:41,111.0,6194832
2021-06-03 11:30:44,111.05,6194996
2021-06-03 11:30:52,111.0,6195009
2021-06-03 11:30:54,110.95,6195085
2021-06-03 11:30:56,110.95,6195777
2021-06-03 11:30:59,110.95,6195953
2021-06-03 11:31:01,110.95,6195983
2021-06-03 11:31:04,110.95,6195983
2021-06-03 11:31:06,110.95,6195986
2021-06-03 11:31:09,110.95,6196067
2021-06-03 11:31:12,111.0,6196090
2021-06-03 11:31:15,111.0,6196090
2021-06-03 11:31:18,110.95,6196873
2021-06-03 11:31:21,111.0,6197081
2021-06-03 11:31:23,111.0,6197081
2021-06-03 11:31:26,110.95,6197091
2021-06-03 11:31:29,110.95,6197091
2021-06-03 11:31:31,110.95,6197168
2021-06-03 11:31:34,111.0,6197237
2021-06-03 11:31:37,110.95,6198273
2021-06-03 11:31:39,111.0,6198373
2021-06-03 11:31:42,110.95,6207351
2021-06-03 11:31:44,110.95,6207430
2021-06-03 11:31:47,110.95,6208430
2021-06-03 11:31:49,111.0,6208630
2021-06-03 11:31:52,111.0,6208790
2021-06-03 11:31:54,110.95,6208878
2021-06-03 11:31:57,110.95,6209562
2021-06-03 11:31:59,110.95,6209640
2021-06-03 11:32:04,111.0,6211640
2021-06-03 11:32:07,110.95,6211690
2021-06-03 11:32:09,110.95,6211767
2021-06-03 11:32:11,110.95,6212267
2021-06-03 11:32:14,110.95,6212267
2021-06-03 11:32:16,110.95,6212950
2021-06-03 11:32:19,110.95,6212978
2021-06-03 11:32:22,110.95,6213029
2021-06-03 11:32:24,110.95,6213118
2021-06-03 11:32:27,111.0,6213120
2021-06-03 11:32:30,110.95,6213496
2021-06-03 11:32:33,110.95,6213496
2021-06-03 11:32:42,111.0,6214323
2021-06-03 11:32:44,111.0,6214323
2021-06-03 11:32:47,110.95,6215760
2021-06-03 11:32:50,110.95,6215836
2021-06-03 11:32:52,111.0,6215857
2021-06-03 11:32:55,110.95,6215957
2021-06-03 11:32:57,111.0,6216739
2021-06-03 11:33:00,111.0,6216740
2021-06-03 11:33:03,111.0,6216991
2021-06-03 11:33:05,110.95,6217308
2021-06-03 11:33:08,111.0,6217427
2021-06-03 11:33:10,111.0,6217427
2021-06-03 11:33:12,110.95,6217453
2021-06-03 11:33:15,111.0,6217610
2021-06-03 11:33:19,110.95,6218668
2021-06-03 11:33:21,110.95,6218732
2021-06-03 11:33:24,111.0,6218897
2021-06-03 11:33:26,110.95,6220072
2021-06-03 11:33:28,110.95,6220084
2021-06-03 11:33:31,111.0,6225545
2021-06-03 11:33:33,111.0,6225545
2021-06-03 11:33:36,111.0,6225857
2021-06-03 11:33:38,111.0,6226948
2021-06-03 11:33:41,111.1,6229304
2021-06-03 11:33:46,111.2,6253105
2021-06-03 11:33:50,111.15,6253313
2021-06-03 11:33:53,111.15,6253822
2021-06-03 11:33:56,111.2,6253922
2021-06-03 11:33:59,111.15,6255237
2021-06-03 11:34:01,111.15,6255238
2021-06-03 11:34:04,111.15,6255241
2021-06-03 11:34:07,111.2,6255866
2021-06-03 11:34:09,111.2,6256031
2021-06-03 11:34:12,111.2,6256038
2021-06-03 11:34:15,111.2,6256122
2021-06-03 11:34:18,111.2,6257055
2021-06-03 11:34:21,111.15,6257811
2021-06-03 11:34:25,111.2,6257911
2021-06-03 11:34:28,111.2,6258061
2021-06-03 11:34:31,111.2,6258061
2021-06-03 11:34:34,111.15,6258985
2021-06-03 11:34:37,111.15,6259842
2021-06-03 11:34:40,111.2,6259958
2021-06-03 11:34:43,111.2,6259964
2021-06-03 11:34:46,111.2,6261219
2021-06-03 11:34:48,111.15,6261319
2021-06-03 11:34:51,111.2,6262014
2021-06-03 11:34:54,111.2,6262509
2021-06-03 11:34:56,111.15,6263194
2021-06-03 11:34:59,111.2,6263254
2021-06-03 11:35:02,111.2,6263255
2021-06-03 11:35:05,111.15,6263848
2021-06-03 11:35:07,111.2,6263898
2021-06-03 11:35:10,111.2,6268183
2021-06-03 11:35:13,111.15,6268267
2021-06-03 11:35:16,111.2,6269513
2021-06-03 11:35:19,111.1,6279901
2021-06-03 11:35:21,111.15,6280482
2021-06-03 11:35:24,111.05,6280532
2021-06-03 11:35:28,111.05,6280532
2021-06-03 11:35:31,111.15,6281166
2021-06-03 11:35:34,111.15,6281166
2021-06-03 11:35:37,111.15,6281166
2021-06-03 11:35:41,111.1,6281266
2021-06-03 11:35:44,111.05,6284974
2021-06-03 11:35:47,111.05,6286010
2021-06-03 11:35:49,111.1,6286650
2021-06-03 11:35:51,111.05,6288214
2021-06-03 11:35:56,111.05,6289590
2021-06-03 11:35:59,111.05,6290244
2021-06-03 11:36:02,111.05,6290244
2021-06-03 11:36:05,111.05,6290245
2021-06-03 11:36:07,111.05,6290245
2021-06-03 11:36:10,111.15,6290447
2021-06-03 11:36:13,111.15,6290536
2021-06-03 11:36:15,111.15,6290536
2021-06-03 11:36:18,111.05,6290581
2021-06-03 11:36:20,111.05,6291176
2021-06-03 11:36:23,111.15,6292924
2021-06-03 11:36:25,111.15,6292924
2021-06-03 11:36:28,111.15,6292932
2021-06-03 11:36:30,111.15,6292932
2021-06-03 11:36:33,111.05,6293082
2021-06-03 11:36:35,111.05,6293677
2021-06-03 11:36:38,111.05,6294409
2021-06-03 11:36:41,111.1,6294550
2021-06-03 11:36:43,111.1,6295000
2021-06-03 11:36:46,111.05,6299822
2021-06-03 11:36:48,111.1,6300013
2021-06-03 11:36:51,111.1,6300089
2021-06-03 11:36:53,111.1,6300158
2021-06-03 11:36:55,111.1,6300158
2021-06-03 11:36:58,111.1,6302360
2021-06-03 11:37:00,111.15,6303991
2021-06-03 11:37:02,111.15,6303991
2021-06-03 11:37:04,111.15,6303991
2021-06-03 11:37:07,111.15,6303992
2021-06-03 11:37:09,111.15,6303992
2021-06-03 11:37:12,111.1,6305352
2021-06-03 11:37:15,111.15,6307654
2021-06-03 11:37:18,111.15,6307654
2021-06-03 11:37:21,111.1,6308708
2021-06-03 11:37:23,111.05,6309469
2021-06-03 11:37:26,111.1,6309515
2021-06-03 11:37:29,111.05,6309577
2021-06-03 11:37:31,111.05,6309577
2021-06-03 11:37:34,111.05,6310181
2021-06-03 11:37:36,111.05,6311864
2021-06-03 11:37:39,111.1,6312364
2021-06-03 11:37:42,111.1,6312366
2021-06-03 11:37:45,111.05,6312468
2021-06-03 11:37:47,111.1,6313480
2021-06-03 11:37:52,111.05,6315529
2021-06-03 11:37:55,111.0,6329684
2021-06-03 11:37:57,111.05,6331676
2021-06-03 11:38:00,111.05,6331690
2021-06-03 11:38:02,110.95,6335975
2021-06-03 11:38:05,110.95,6340335
2021-06-03 11:38:08,110.95,6340335
2021-06-03 11:38:10,110.95,6340412
2021-06-03 11:38:12,110.95,6340412
2021-06-03 11:38:15,110.95,6340412
2021-06-03 11:38:18,110.95,6341260
2021-06-03 11:38:24,111.05,6346344
2021-06-03 11:38:27,110.95,6347840
2021-06-03 11:38:29,110.95,6347916
2021-06-03 11:38:32,111.0,6349784
2021-06-03 11:38:35,111.0,6349784
2021-06-03 11:38:37,111.0,6352466
2021-06-03 11:38:40,111.0,6352567
2021-06-03 11:38:43,111.05,6352667
2021-06-03 11:38:46,111.0,6352793
2021-06-03 11:38:48,111.0,6352805
2021-06-03 11:38:50,111.05,6353801
2021-06-03 11:38:53,111.0,6354540
2021-06-03 11:38:55,111.1,6355040
2021-06-03 11:38:58,111.1,6355040
2021-06-03 11:39:01,111.1,6355763
2021-06-03 11:39:03,111.0,6355765
2021-06-03 11:39:06,111.0,6356358
2021-06-03 11:39:08,111.0,6356358
2021-06-03 11:39:10,111.0,6356435
2021-06-03 11:39:13,111.0,6356435
2021-06-03 11:39:16,111.0,6356954
2021-06-03 11:39:18,111.0,6357637
2021-06-03 11:39:21,111.0,6357705
2021-06-03 11:39:24,111.0,6357780
2021-06-03 11:39:26,111.0,6357790
2021-06-03 11:39:29,111.0,6358308
2021-06-03 11:39:31,111.05,6358385
2021-06-03 11:39:34,111.05,6358385
2021-06-03 11:39:36,111.0,6359068
2021-06-03 11:39:39,111.0,6359144
2021-06-03 11:39:42,111.0,6359213
2021-06-03 11:39:45,111.05,6359737
2021-06-03 11:39:47,111.05,6359737
2021-06-03 11:39:50,111.05,6359737
2021-06-03 11:39:52,111.0,6359812
2021-06-03 11:39:55,111.05,6360088
2021-06-03 11:39:57,111.0,6360970
2021-06-03 11:40:00,111.0,6361392
2021-06-03 11:40:03,111.0,6365699
2021-06-03 11:40:05,111.0,6365749
2021-06-03 11:40:08,111.0,6365749
2021-06-03 11:40:10,111.0,6365759
2021-06-03 11:40:13,111.0,6365824
2021-06-03 11:40:16,110.95,6365958
2021-06-03 11:40:18,110.95,6366641
2021-06-03 11:40:21,111.0,6368306
2021-06-03 11:40:24,111.0,6368316
2021-06-03 11:40:27,111.0,6368316
2021-06-03 11:40:30,111.0,6368316
2021-06-03 11:40:33,111.0,6368316
2021-06-03 11:40:36,110.95,6368511
2021-06-03 11:40:38,110.95,6398841
2021-06-03 11:40:40,110.95,6398841
2021-06-03 11:40:43,110.95,6398923
2021-06-03 11:40:45,110.9,6421024
2021-06-03 11:40:47,110.95,6422092
2021-06-03 11:40:50,110.95,6422118
2021-06-03 11:40:52,110.85,6425190
2021-06-03 11:40:55,110.9,6440714
2021-06-03 11:40:57,110.95,6441401
2021-06-03 11:41:03,110.95,6441484
2021-06-03 11:41:06,110.95,6441561
2021-06-03 11:41:09,110.95,6441561
2021-06-03 11:41:12,110.95,6442170
2021-06-03 11:41:15,111.0,6442260
2021-06-03 11:41:17,110.95,6442944
2021-06-03 11:41:20,110.95,6443019
2021-06-03 11:41:22,110.95,6443083
2021-06-03 11:41:25,110.95,6443084
2021-06-03 11:41:27,110.95,6443084
2021-06-03 11:41:30,111.0,6443338
2021-06-03 11:41:32,111.0,6443448
2021-06-03 11:41:35,110.95,6443616
2021-06-03 11:41:38,111.0,6444363
2021-06-03 11:41:41,110.95,6448651
2021-06-03 11:41:44,111.0,6448816
2021-06-03 11:41:46,110.95,6448892
2021-06-03 11:41:49,110.95,6448993
2021-06-03 11:41:52,110.95,6449057
2021-06-03 11:41:54,110.95,6450702
2021-06-03 11:41:57,110.95,6452191
2021-06-03 11:42:01,110.9,6452670
2021-06-03 11:42:04,110.9,6453356
2021-06-03 11:42:07,110.9,6453356
2021-06-03 11:42:10,110.95,6453433
2021-06-03 11:42:16,111.0,6453748
2021-06-03 11:42:18,110.95,6454423
2021-06-03 11:42:21,110.9,6454548
2021-06-03 11:42:24,111.0,6454613
2021-06-03 11:42:27,111.0,6454626
2021-06-03 11:42:30,111.0,6454626
2021-06-03 11:42:32,111.0,6454626
2021-06-03 11:42:35,110.9,6454722
2021-06-03 11:42:38,110.9,6455404
2021-06-03 11:42:40,111.0,6455552
2021-06-03 11:42:44,111.0,6456212
2021-06-03 11:42:47,110.9,6456267
2021-06-03 11:42:52,110.95,6456431
2021-06-03 11:42:54,110.95,6456507
2021-06-03 11:42:58,110.95,6456646
2021-06-03 11:43:04,110.9,6457782
2021-06-03 11:43:07,110.9,6457782
2021-06-03 11:43:09,110.9,6457859
2021-06-03 11:43:12,110.95,6457860
2021-06-03 11:43:14,110.95,6457860
2021-06-03 11:43:17,110.9,6458543
2021-06-03 11:43:20,111.0,6462928
2021-06-03 11:43:22,110.95,6463918
2021-06-03 11:43:25,111.0,6464198
2021-06-03 11:43:27,111.0,6464198
2021-06-03 11:43:30,110.95,6464345
2021-06-03 11:43:33,110.95,6464345
2021-06-03 11:43:36,111.0,6464386
2021-06-03 11:43:39,110.95,6474350
2021-06-03 11:43:42,110.9,6476390
2021-06-03 11:43:45,110.85,6479667
2021-06-03 11:43:49,110.9,6479674
2021-06-03 11:43:52,110.85,6479784
2021-06-03 11:43:54,110.9,6480137
2021-06-03 11:43:57,110.85,6480816
2021-06-03 11:44:00,110.85,6480819
2021-06-03 11:44:03,110.85,6482785
2021-06-03 11:44:05,110.85,6483110
2021-06-03 11:44:08,110.85,6500167
2021-06-03 11:44:10,110.85,6500171
2021-06-03 11:44:13,110.85,6500171
2021-06-03 11:44:15,110.85,6500812
2021-06-03 11:44:18,110.8,6501522
2021-06-03 11:44:20,110.85,6501598
2021-06-03 11:44:23,110.8,6501703
2021-06-03 11:44:26,110.75,6508092
2021-06-03 11:44:29,110.75,6514188
2021-06-03 11:44:32,110.7,6518484
2021-06-03 11:44:35,110.65,6529953
2021-06-03 11:44:37,110.7,6530804
2021-06-03 11:44:40,110.65,6531434
2021-06-03 11:44:43,110.75,6532937
2021-06-03 11:44:45,110.75,6584145
2021-06-03 11:44:48,110.65,6635887
2021-06-03 11:44:51,110.7,6637658
2021-06-03 11:44:54,110.75,6638016
2021-06-03 11:44:56,110.75,6642986
2021-06-03 11:44:59,110.75,6643063
2021-06-03 11:45:01,110.75,6654231
2021-06-03 11:45:04,110.7,6656333
2021-06-03 11:45:07,110.75,6656408
2021-06-03 11:45:10,110.7,6666664
2021-06-03 11:45:13,110.7,6666700
2021-06-03 11:45:16,110.65,6667789
2021-06-03 11:45:19,110.65,6694451
2021-06-03 11:45:25,110.65,6748744
2021-06-03 11:45:28,110.65,6800682
2021-06-03 11:45:31,110.65,6801446
2021-06-03 11:45:33,110.7,6802482
2021-06-03 11:45:36,110.65,6804332
2021-06-03 11:45:38,110.55,6805036
2021-06-03 11:45:41,110.55,6815890
2021-06-03 11:45:43,110.6,6851233
2021-06-03 11:45:46,110.6,6853193
2021-06-03 11:45:49,110.65,6913597
2021-06-03 11:45:51,110.65,6914062
2021-06-03 11:45:54,110.55,6935214
2021-06-03 11:45:57,110.6,6937648
2021-06-03 11:46:00,110.6,6939471
2021-06-03 11:46:03,110.6,6939576
2021-06-03 11:46:05,110.55,6941185
2021-06-03 11:46:08,110.55,6941340
2021-06-03 11:46:11,110.55,6950523
2021-06-03 11:46:14,110.55,6950747
2021-06-03 11:46:16,110.5,6953420
2021-06-03 11:46:19,110.55,6958992
2021-06-03 11:46:22,110.55,6959928
2021-06-03 11:46:25,110.55,6960165
2021-06-03 11:46:29,110.55,6985367
2021-06-03 11:46:32,110.5,6990261
2021-06-03 11:46:35,110.5,7005875
2021-06-03 11:46:38,110.5,7028773
2021-06-03 11:46:41,110.5,7031448
2021-06-03 11:46:44,110.5,7031567
2021-06-03 11:46:46,110.5,7033605
2021-06-03 11:46:49,110.5,7040686
2021-06-03 11:46:52,110.5,7045033
2021-06-03 11:46:55,110.5,7046207
2021-06-03 11:46:58,110.5,7046956
2021-06-03 11:47:01,110.5,7057526
2021-06-03 11:47:04,110.55,7057619
2021-06-03 11:47:07,110.55,7057619
2021-06-03 11:47:09,110.55,7071319
2021-06-03 11:47:12,110.6,7076926
2021-06-03 11:47:16,110.6,7076932
2021-06-03 11:47:19,110.6,7079535
2021-06-03 11:47:22,110.6,7079621
2021-06-03 11:47:24,110.6,7079696
2021-06-03 11:47:27,110.6,7079697
2021-06-03 11:47:30,110.7,7080548
2021-06-03 11:47:32,110.6,7080549
2021-06-03 11:47:34,110.6,7080661
2021-06-03 11:47:36,110.6,7081347
2021-06-03 11:47:39,110.7,7081424
2021-06-03 11:47:41,110.65,7082740
2021-06-03 11:47:44,110.65,7084025
2021-06-03 11:47:47,110.7,7084536
2021-06-03 11:47:49,110.7,7085086
2021-06-03 11:47:52,110.7,7085205
2021-06-03 11:47:54,110.65,7085529
2021-06-03 11:47:57,110.6,7086211
2021-06-03 11:47:59,110.7,7086431
2021-06-03 11:48:02,110.65,7086501
2021-06-03 11:48:05,110.65,7086590
2021-06-03 11:48:07,110.65,7086591
2021-06-03 11:48:10,110.65,7086770
2021-06-03 11:48:13,110.7,7093688
2021-06-03 11:48:15,110.75,7093724
2021-06-03 11:48:18,110.7,7093739
2021-06-03 11:48:21,110.7,7094581
2021-06-03 11:48:24,110.75,7094683
2021-06-03 11:48:27,110.75,7094874
2021-06-03 11:48:29,110.75,7094874
2021-06-03 11:48:32,110.7,7095112
2021-06-03 11:48:35,110.7,7095222
2021-06-03 11:48:37,110.7,7096004
2021-06-03 11:48:40,110.75,7096005
2021-06-03 11:48:42,110.75,7096005
2021-06-03 11:48:45,110.75,7096273
2021-06-03 11:48:48,110.75,7096401
2021-06-03 11:48:51,110.75,7096406
2021-06-03 11:48:53,110.7,7096626
2021-06-03 11:48:56,110.7,7097395
2021-06-03 11:48:58,110.75,7098795
2021-06-03 11:49:01,110.75,7100170
2021-06-03 11:49:03,110.75,7100180
2021-06-03 11:49:06,110.8,7100292
2021-06-03 11:49:09,110.75,7103060
2021-06-03 11:49:12,110.75,7103060
2021-06-03 11:49:14,110.8,7103295
2021-06-03 11:49:16,110.75,7104233
2021-06-03 11:49:19,110.75,7104310
2021-06-03 11:49:22,110.75,7104375
2021-06-03 11:49:25,110.75,7104375
2021-06-03 11:49:28,110.8,7104382
2021-06-03 11:49:30,110.8,7104382
2021-06-03 11:49:33,110.8,7104426
2021-06-03 11:49:36,110.8,7104512
2021-06-03 11:49:38,110.8,7105195
2021-06-03 11:49:41,110.8,7105206
2021-06-03 11:49:44,110.8,7105518
2021-06-03 11:49:46,110.8,7106025
2021-06-03 11:49:50,110.8,7106221
2021-06-03 11:49:53,110.8,7111676
2021-06-03 11:49:56,110.8,7112012
2021-06-03 11:49:58,110.8,7112716
2021-06-03 11:50:00,110.75,7112721
2021-06-03 11:50:03,110.8,7113711
2021-06-03 11:50:06,110.8,7114142
2021-06-03 11:50:08,110.75,7116181
2021-06-03 11:50:11,110.75,7116269
2021-06-03 11:50:13,110.8,7116336
2021-06-03 11:50:16,110.8,7116338
2021-06-03 11:50:18,110.75,7117022
2021-06-03 11:50:21,110.75,7120167
2021-06-03 11:50:26,110.8,7120169
2021-06-03 11:50:28,110.8,7120645
2021-06-03 11:50:31,110.8,7120984
2021-06-03 11:50:34,110.8,7121018
2021-06-03 11:50:36,110.75,7121802
2021-06-03 11:50:38,110.8,7121859
2021-06-03 11:50:41,110.8,7121859
2021-06-03 11:50:43,110.8,7121879
2021-06-03 11:50:46,110.75,7121955
2021-06-03 11:50:49,110.75,7122031
2021-06-03 11:50:51,110.75,7122297
2021-06-03 11:50:54,110.8,7122334
2021-06-03 11:50:56,110.8,7123171
2021-06-03 11:50:59,110.75,7123446
2021-06-03 11:51:01,110.75,7123446
2021-06-03 11:51:04,110.8,7123456
2021-06-03 11:51:06,110.8,7123456
2021-06-03 11:51:11,110.8,7123456
2021-06-03 11:51:13,110.8,7123507
2021-06-03 11:51:16,110.75,7125468
2021-06-03 11:51:19,110.75,7125543
2021-06-03 11:51:21,110.75,7125689
2021-06-03 11:51:24,110.8,7125789
2021-06-03 11:51:27,110.75,7127489
2021-06-03 11:51:30,110.8,7131774
2021-06-03 11:51:32,110.8,7131774
2021-06-03 11:51:34,110.75,7148398
2021-06-03 11:51:37,110.75,7149270
2021-06-03 11:51:40,110.7,7149346
2021-06-03 11:51:42,110.75,7149446
2021-06-03 11:51:45,110.75,7149548
2021-06-03 11:51:47,110.75,7149852
2021-06-03 11:51:52,110.75,7149931
2021-06-03 11:51:57,110.7,7150716
2021-06-03 11:51:59,110.7,7150791
2021-06-03 11:52:02,110.75,7150831
2021-06-03 11:52:04,110.75,7151286
2021-06-03 11:52:07,110.75,7151399
2021-06-03 11:52:10,110.75,7152419
2021-06-03 11:52:13,110.75,7152800
2021-06-03 11:52:16,110.75,7153822
2021-06-03 11:52:18,110.7,7154505
2021-06-03 11:52:21,110.7,7155444
2021-06-03 11:52:23,110.75,7155455
2021-06-03 11:52:26,110.75,7155455
2021-06-03 11:52:28,110.75,7155455
2021-06-03 11:52:30,110.75,7156255
2021-06-03 11:52:33,110.75,7156290
2021-06-03 11:52:36,110.75,7156428
2021-06-03 11:52:39,110.75,7157118
2021-06-03 11:52:41,110.75,7157723
2021-06-03 11:52:44,110.7,7157800
2021-06-03 11:52:47,110.7,7157895
2021-06-03 11:52:49,110.7,7157973
2021-06-03 11:52:51,110.7,7158364
2021-06-03 11:52:54,110.7,7158401
2021-06-03 11:52:56,110.75,7159548
2021-06-03 11:52:59,110.75,7159548
2021-06-03 11:53:01,110.75,7160154
2021-06-03 11:53:04,110.7,7160229
2021-06-03 11:53:07,110.75,7176833
2021-06-03 11:53:09,110.65,7176971
2021-06-03 11:53:12,110.7,7177081
2021-06-03 11:53:15,110.7,7181563
2021-06-03 11:53:17,110.7,7182663
2021-06-03 11:53:20,110.7,7182664
2021-06-03 11:53:22,110.7,7184541
2021-06-03 11:53:25,110.65,7185101
2021-06-03 11:53:27,110.7,7185160
2021-06-03 11:53:30,110.65,7185646
2021-06-03 11:53:33,110.7,7185792
2021-06-03 11:53:35,110.65,7186496
2021-06-03 11:53:38,110.7,7187211
2021-06-03 11:53:41,110.7,7188154
2021-06-03 11:53:44,110.7,7188631
2021-06-03 11:53:47,110.7,7188631
2021-06-03 11:53:49,110.7,7188631
2021-06-03 11:53:52,110.7,7194497
2021-06-03 11:53:55,110.65,7195774
2021-06-03 11:53:57,110.6,7196391
2021-06-03 11:54:00,110.65,7196444
2021-06-03 11:54:03,110.6,7196495
2021-06-03 11:54:05,110.6,7196633
2021-06-03 11:54:08,110.6,7196633
2021-06-03 11:54:10,110.65,7196647
2021-06-03 11:54:13,110.65,7196684
2021-06-03 11:54:15,110.6,7196761
2021-06-03 11:54:17,110.65,7197496
2021-06-03 11:54:22,110.7,7207657
2021-06-03 11:54:24,110.7,7207777
2021-06-03 11:54:27,110.7,7207777
2021-06-03 11:54:29,110.7,7208027
2021-06-03 11:54:32,110.65,7208041
2021-06-03 11:54:34,110.65,7208152
2021-06-03 11:54:37,110.65,7209384
2021-06-03 11:54:39,110.7,7209454
2021-06-03 11:54:42,110.7,7209516
2021-06-03 11:54:45,110.75,7214882
2021-06-03 11:54:48,110.75,7214906
2021-06-03 11:54:50,110.75,7214907
2021-06-03 11:54:53,110.75,7215809
2021-06-03 11:54:55,110.7,7215955
2021-06-03 11:54:58,110.75,7218639
2021-06-03 11:55:00,110.75,7218649
2021-06-03 11:55:03,110.75,7218651
2021-06-03 11:55:05,110.75,7218766
2021-06-03 11:55:08,110.75,7218766
2021-06-03 11:55:10,110.75,7218966
2021-06-03 11:55:12,110.75,7219200
2021-06-03 11:55:15,110.7,7219304
2021-06-03 11:55:17,110.7,7219987
2021-06-03 11:55:19,110.75,7220077
2021-06-03 11:55:22,110.7,7220241
2021-06-03 11:55:24,110.7,7220318
2021-06-03 11:55:26,110.75,7220428
2021-06-03 11:55:29,110.75,7220428
2021-06-03 11:55:31,110.75,7221071
2021-06-03 11:55:34,110.75,7221073
2021-06-03 11:55:36,110.75,7223271
2021-06-03 11:55:39,110.75,7224347
2021-06-03 11:55:41,110.75,7224347
2021-06-03 11:55:44,110.75,7224347
2021-06-03 11:55:46,110.75,7224350
2021-06-03 11:55:49,110.75,7224426
2021-06-03 11:55:51,110.75,7225139
2021-06-03 11:55:54,110.8,7225674
2021-06-03 11:55:56,110.8,7225711
2021-06-03 11:55:58,110.8,7226669
2021-06-03 11:56:00,110.8,7226669
2021-06-03 11:56:03,110.8,7226749
2021-06-03 11:56:05,110.8,7226826
2021-06-03 11:56:08,110.8,7227023
2021-06-03 11:56:10,110.8,7227023
2021-06-03 11:56:13,110.8,7227059
2021-06-03 11:56:15,110.75,7227326
2021-06-03 11:56:17,110.75,7228012
2021-06-03 11:56:20,110.75,7228088
2021-06-03 11:56:22,110.75,7228152
2021-06-03 11:56:24,110.75,7232670
2021-06-03 11:56:30,110.8,7233043
2021-06-03 11:56:33,110.8,7233137
2021-06-03 11:56:36,110.8,7233144
2021-06-03 11:56:38,110.85,7240443
2021-06-03 11:56:40,110.8,7240484
2021-06-03 11:56:43,110.85,7240762
2021-06-03 11:56:46,110.8,7240838
2021-06-03 11:56:49,110.85,7241906
2021-06-03 11:56:51,110.75,7241970
2021-06-03 11:56:54,110.75,7242081
2021-06-03 11:56:57,110.75,7242851
2021-06-03 11:56:59,110.8,7247191
2021-06-03 11:57:02,110.8,7247191
2021-06-03 11:57:04,110.75,7247267
2021-06-03 11:57:06,110.75,7247267
2021-06-03 11:57:09,110.8,7247269
2021-06-03 11:57:12,110.75,7247270
2021-06-03 11:57:14,110.75,7247631
2021-06-03 11:57:17,110.75,7248358
2021-06-03 11:57:19,110.8,7249078
2021-06-03 11:57:22,110.75,7249168
2021-06-03 11:57:25,110.75,7249313
2021-06-03 11:57:27,110.75,7249313
2021-06-03 11:57:29,110.75,7249390
2021-06-03 11:57:31,110.8,7249592
2021-06-03 11:57:34,110.8,7249631
2021-06-03 11:57:36,110.75,7250313
2021-06-03 11:57:38,110.8,7250373
2021-06-03 11:57:41,110.8,7250480
2021-06-03 11:57:44,110.75,7250568
2021-06-03 11:57:47,110.8,7250773
2021-06-03 11:57:50,110.8,7250773
2021-06-03 11:57:52,110.8,7251224
2021-06-03 11:57:55,110.75,7251325
2021-06-03 11:57:58,110.8,7252008
2021-06-03 11:58:00,110.85,7256294
2021-06-03 11:58:02,110.85,7256294
2021-06-03 11:58:05,110.85,7256294
2021-06-03 11:58:07,110.85,7256294
2021-06-03 11:58:10,110.8,7256296
2021-06-03 11:58:12,110.8,7256938
2021-06-03 11:58:15,110.75,7257035
2021-06-03 11:58:18,110.8,7257961
2021-06-03 11:58:20,110.8,7257982
2021-06-03 11:58:23,110.75,7260331
2021-06-03 11:58:26,110.85,7260507
2021-06-03 11:58:29,110.75,7261933
2021-06-03 11:58:31,110.75,7263033
2021-06-03 11:58:34,110.75,7264669
2021-06-03 11:58:37,110.75,7265411
2021-06-03 11:58:39,110.8,7266531
2021-06-03 11:58:42,110.75,7267642
2021-06-03 11:58:45,110.7,7280898
2021-06-03 11:58:48,110.7,7282034
2021-06-03 11:58:51,110.7,7283666
2021-06-03 11:58:54,110.75,7283804
2021-06-03 11:58:56,110.75,7283816
2021-06-03 11:59:00,110.7,7285063
2021-06-03 11:59:03,110.7,7285063
2021-06-03 11:59:05,110.7,7285063
2021-06-03 11:59:08,110.7,7285063
2021-06-03 11:59:10,110.75,7285284
2021-06-03 11:59:13,110.75,7285321
2021-06-03 11:59:15,110.75,7285323
2021-06-03 11:59:18,110.7,7285383
2021-06-03 11:59:20,110.7,7285458
2021-06-03 11:59:23,110.7,7285458
2021-06-03 11:59:25,110.7,7285462
2021-06-03 11:59:28,110.7,7285665
2021-06-03 11:59:30,110.7,7285997
2021-06-03 11:59:33,110.75,7286040
2021-06-03 11:59:36,110.7,7286335
2021-06-03 11:59:39,110.75,7293834
2021-06-03 11:59:42,110.8,7293837
2021-06-03 11:59:45,110.75,7293924
2021-06-03 11:59:47,110.75,7293924
2021-06-03 11:59:50,110.75,7294001
2021-06-03 11:59:52,110.8,7294063
