timestamp,ltp,volume
2021-06-03 09:16:01,229.35,93805
2021-06-03 09:16:07,229.65,102994
2021-06-03 09:16:13,229.45,106376
2021-06-03 09:16:20,229.7,110988
2021-06-03 09:16:26,229.65,122401
2021-06-03 09:16:32,229.8,139405
2021-06-03 09:16:39,229.95,157880
2021-06-03 09:16:45,229.95,165848
2021-06-03 09:16:51,230.15,175252
2021-06-03 09:16:57,230.15,212499
2021-06-03 09:17:03,230.0,220424
2021-06-03 09:17:09,230.0,230955
2021-06-03 09:17:15,230.0,236200
2021-06-03 09:17:21,229.9,245866
2021-06-03 09:17:34,229.75,251537
2021-06-03 09:17:40,229.6,254205
2021-06-03 09:17:46,229.45,260844
2021-06-03 09:17:52,229.15,267946
2021-06-03 09:17:58,229.15,274741
2021-06-03 09:18:03,229.1,276635
2021-06-03 09:18:09,229.1,279564
2021-06-03 09:18:15,229.25,294873
2021-06-03 09:18:21,229.35,296130
2021-06-03 09:18:27,229.65,305495
2021-06-03 09:18:33,229.85,307637
2021-06-03 09:18:39,229.7,311555
2021-06-03 09:18:45,229.95,323178
2021-06-03 09:18:51,229.8,326046
2021-06-03 09:18:57,229.8,327865
2021-06-03 09:19:03,229.75,333678
2021-06-03 09:19:09,229.75,337584
2021-06-03 09:19:15,229.75,341760
2021-06-03 09:19:21,229.8,343018
2021-06-03 09:19:27,229.8,345868
2021-06-03 09:19:32,229.8,346827
2021-06-03 09:19:38,229.85,348350
2021-06-03 09:19:44,229.8,350666
2021-06-03 09:19:50,229.95,353337
2021-06-03 09:19:56,229.85,355057
2021-06-03 09:20:02,230.05,372955
2021-06-03 09:20:07,230.2,374525
2021-06-03 09:20:19,230.15,400325
2021-06-03 09:20:25,230.25,406843
2021-06-03 09:20:31,230.25,415616
2021-06-03 09:20:36,230.05,418820
2021-06-03 09:20:42,230.25,427153
2021-06-03 09:20:49,230.1,438159
2021-06-03 09:20:54,230.3,439760
2021-06-03 09:20:59,230.3,451211
2021-06-03 09:21:05,230.1,474568
2021-06-03 09:21:11,229.95,475917
2021-06-03 09:21:16,230.1,476623
2021-06-03 09:21:22,230.05,478107
2021-06-03 09:21:28,230.0,479552
2021-06-03 09:21:33,230.0,481434
2021-06-03 09:21:39,230.05,482547
2021-06-03 09:21:45,230.05,484583
2021-06-03 09:21:51,230.25,485503
2021-06-03 09:21:57,230.3,489012
2021-06-03 09:22:02,230.15,489474
2021-06-03 09:22:08,230.15,491103
2021-06-03 09:22:14,230.25,491858
2021-06-03 09:22:19,230.05,498149
2021-06-03 09:22:25,230.15,500092
2021-06-03 09:22:30,229.95,503378
2021-06-03 09:22:36,230.0,505231
2021-06-03 09:22:42,229.9,507218
2021-06-03 09:22:48,230.0,513065
2021-06-03 09:22:53,230.1,514025
2021-06-03 09:22:59,230.35,534116
2021-06-03 09:23:05,230.35,536527
2021-06-03 09:23:10,230.4,539022
2021-06-03 09:23:16,230.25,545797
2021-06-03 09:23:22,230.3,546962
2021-06-03 09:23:27,230.3,547433
2021-06-03 09:23:33,230.2,548365
2021-06-03 09:23:38,230.2,549124
2021-06-03 09:23:44,230.2,550030
2021-06-03 09:23:49,230.2,554214
2021-06-03 09:23:55,230.2,556371
2021-06-03 09:24:01,230.15,558032
2021-06-03 09:24:07,230.35,576602
2021-06-03 09:24:12,230.3,577185
2021-06-03 09:24:18,230.35,578784
2021-06-03 09:24:23,230.4,584526
2021-06-03 09:24:29,230.4,585857
2021-06-03 09:24:34,230.45,590009
2021-06-03 09:24:40,230.45,593460
2021-06-03 09:24:45,230.45,594994
2021-06-03 09:24:51,230.45,596330
2021-06-03 09:24:56,230.5,609305
2021-06-03 09:25:02,230.5,614252
2021-06-03 09:25:07,230.6,616478
2021-06-03 09:25:13,230.6,617666
2021-06-03 09:25:19,230.4,626375
2021-06-03 09:25:24,230.2,632952
2021-06-03 09:25:30,230.3,634363
2021-06-03 09:25:35,230.4,635242
2021-06-03 09:25:41,230.3,635992
2021-06-03 09:25:46,230.3,637044
2021-06-03 09:25:52,230.35,638955
2021-06-03 09:25:57,230.25,639833
2021-06-03 09:26:03,230.35,644865
2021-06-03 09:26:08,230.2,645948
2021-06-03 09:26:14,230.15,647045
2021-06-03 09:26:19,230.15,647197
2021-06-03 09:26:25,230.25,647390
2021-06-03 09:26:30,230.05,661919
2021-06-03 09:26:35,230.15,663390
2021-06-03 09:26:40,230.15,664666
2021-06-03 09:26:46,230.3,671515
2021-06-03 09:26:51,230.5,684721
2021-06-03 09:26:56,230.45,692140
2021-06-03 09:27:02,230.45,693798
2021-06-03 09:27:07,230.7,857228
2021-06-03 09:27:13,230.75,863430
2021-06-03 09:27:18,230.9,878478
2021-06-03 09:27:23,230.9,883868
2021-06-03 09:27:29,230.9,888243
2021-06-03 09:27:34,230.9,889978
2021-06-03 09:27:39,230.9,893402
2021-06-03 09:27:44,230.75,897813
2021-06-03 09:27:49,230.8,899115
2021-06-03 09:27:54,230.8,900339
2021-06-03 09:27:59,230.9,901983
2021-06-03 09:28:05,230.85,903179
2021-06-03 09:28:10,230.85,904104
2021-06-03 09:28:15,230.85,908678
2021-06-03 09:28:20,230.9,909605
2021-06-03 09:28:26,230.85,910270
2021-06-03 09:28:31,230.8,913366
2021-06-03 09:28:36,230.75,913804
2021-06-03 09:28:41,230.5,920544
2021-06-03 09:28:46,230.7,922781
2021-06-03 09:28:51,230.9,931147
2021-06-03 09:28:56,230.9,931490
2021-06-03 09:29:01,230.8,933181
2021-06-03 09:29:06,230.8,933945
2021-06-03 09:29:11,231.2,980966
2021-06-03 09:29:16,231.15,982512
2021-06-03 09:29:21,231.25,983721
2021-06-03 09:29:26,231.35,987368
2021-06-03 09:29:32,231.25,993277
2021-06-03 09:29:37,231.35,995237
2021-06-03 09:29:47,231.2,1000122
2021-06-03 09:29:52,231.2,1004394
2021-06-03 09:29:57,231.05,1005074
2021-06-03 09:30:02,231.1,1008230
2021-06-03 09:30:07,231.0,1014401
2021-06-03 09:30:13,230.95,1015828
2021-06-03 09:30:18,230.95,1018301
2021-06-03 09:30:23,231.0,1021723
2021-06-03 09:30:28,230.95,1025570
2021-06-03 09:30:33,230.95,1027574
2021-06-03 09:30:39,230.95,1028747
2021-06-03 09:30:44,231.0,1029520
2021-06-03 09:30:49,230.95,1029980
2021-06-03 09:30:54,231.0,1031305
2021-06-03 09:30:59,230.95,1038713
2021-06-03 09:31:05,230.95,1039512
2021-06-03 09:31:10,230.8,1040759
2021-06-03 09:31:15,230.9,1041704
2021-06-03 09:31:20,230.9,1043153
2021-06-03 09:31:25,230.8,1046222
2021-06-03 09:31:30,230.85,1050398
2021-06-03 09:31:35,230.8,1051482
2021-06-03 09:31:40,230.8,1052060
2021-06-03 09:31:45,230.8,1054570
2021-06-03 09:31:50,230.8,1056137
2021-06-03 09:31:55,230.8,1057311
2021-06-03 09:32:00,230.75,1061050
2021-06-03 09:32:05,230.8,1062404
2021-06-03 09:32:10,230.7,1068108
2021-06-03 09:32:15,230.75,1071898
2021-06-03 09:32:20,230.7,1076074
2021-06-03 09:32:25,230.7,1076904
2021-06-03 09:32:30,230.65,1077778
2021-06-03 09:32:35,230.7,1078879
2021-06-03 09:32:40,230.75,1079490
2021-06-03 09:32:45,230.7,1080199
2021-06-03 09:32:50,230.7,1080248
2021-06-03 09:32:55,230.7,1080352
2021-06-03 09:33:00,230.6,1081683
2021-06-03 09:33:05,230.65,1084255
2021-06-03 09:33:10,230.65,1084668
2021-06-03 09:33:15,230.65,1086186
2021-06-03 09:33:20,230.65,1086750
2021-06-03 09:33:25,230.65,1088325
2021-06-03 09:33:30,230.65,1089052
2021-06-03 09:33:34,230.65,1090965
2021-06-03 09:33:39,230.65,1091949
2021-06-03 09:33:44,230.65,1092185
2021-06-03 09:33:48,230.65,1097823
2021-06-03 09:33:53,230.7,1098115
2021-06-03 09:33:58,230.75,1098961
2021-06-03 09:34:03,230.75,1099397
2021-06-03 09:34:07,230.6,1105340
2021-06-03 09:34:13,230.65,1106996
2021-06-03 09:34:18,230.55,1108010
2021-06-03 09:34:28,230.5,1111052
2021-06-03 09:34:33,230.55,1111619
2021-06-03 09:34:38,230.45,1134401
2021-06-03 09:34:43,230.35,1139438
2021-06-03 09:34:48,230.2,1140472
2021-06-03 09:34:53,230.2,1140781
2021-06-03 09:34:58,230.2,1142764
2021-06-03 09:35:02,230.2,1142784
2021-06-03 09:35:07,230.15,1143489
2021-06-03 09:35:12,230.15,1145232
2021-06-03 09:35:17,230.15,1149015
2021-06-03 09:35:21,230.25,1149274
2021-06-03 09:35:27,230.2,1150083
2021-06-03 09:35:32,230.2,1150478
2021-06-03 09:35:36,230.05,1151575
2021-06-03 09:35:41,230.2,1152561
2021-06-03 09:35:46,230.2,1154050
2021-06-03 09:35:51,230.2,1154712
2021-06-03 09:35:56,230.15,1155889
2021-06-03 09:36:01,230.2,1156039
2021-06-03 09:36:06,230.15,1156077
2021-06-03 09:36:11,230.15,1159380
2021-06-03 09:36:16,230.1,1160845
2021-06-03 09:36:21,230.1,1160950
2021-06-03 09:36:25,230.15,1161752
2021-06-03 09:36:30,230.15,1162584
2021-06-03 09:36:36,230.15,1163255
2021-06-03 09:36:41,230.1,1164953
2021-06-03 09:36:46,230.1,1165619
2021-06-03 09:36:51,229.9,1177875
2021-06-03 09:36:56,230.05,1182628
2021-06-03 09:37:01,230.1,1183143
2021-06-03 09:37:06,230.05,1184342
2021-06-03 09:37:11,229.9,1185142
2021-06-03 09:37:15,229.9,1185272
2021-06-03 09:37:20,230.05,1188546
2021-06-03 09:37:25,230.1,1188673
2021-06-03 09:37:30,230.05,1191203
2021-06-03 09:37:34,230.05,1192000
2021-06-03 09:37:39,230.0,1194715
2021-06-03 09:37:44,230.0,1195995
2021-06-03 09:37:48,230.0,1195996
2021-06-03 09:37:56,230.0,1197127
2021-06-03 09:38:06,230.0,1197404
2021-06-03 09:38:10,230.1,1198414
2021-06-03 09:38:15,230.05,1198542
2021-06-03 09:38:19,230.05,1198773
2021-06-03 09:38:24,230.1,1199344
2021-06-03 09:38:28,230.1,1200444
2021-06-03 09:38:33,230.1,1200755
2021-06-03 09:38:37,230.15,1201678
2021-06-03 09:38:42,230.15,1202179
2021-06-03 09:38:46,230.2,1205701
2021-06-03 09:38:50,230.3,1207241
2021-06-03 09:38:55,230.3,1207641
2021-06-03 09:38:59,230.2,1207999
2021-06-03 09:39:09,230.2,1210459
2021-06-03 09:39:13,230.2,1211103
2021-06-03 09:39:17,230.2,1211830
2021-06-03 09:39:22,230.25,1211908
2021-06-03 09:39:26,230.25,1211947
2021-06-03 09:39:31,230.3,1212152
2021-06-03 09:39:35,230.2,1219706
2021-06-03 09:39:40,230.2,1222752
2021-06-03 09:39:45,230.25,1222886
2021-06-03 09:39:50,230.3,1222995
2021-06-03 09:39:54,230.25,1223608
2021-06-03 09:39:59,230.3,1223903
2021-06-03 09:40:04,230.35,1224619
2021-06-03 09:40:08,230.15,1228474
2021-06-03 09:40:12,230.2,1228680
2021-06-03 09:40:17,230.15,1229965
2021-06-03 09:40:21,230.15,1229991
2021-06-03 09:40:26,230.2,1230450
2021-06-03 09:40:30,230.2,1231382
2021-06-03 09:40:34,230.2,1232423
2021-06-03 09:40:39,230.25,1232749
2021-06-03 09:40:43,230.2,1233249
2021-06-03 09:40:48,230.3,1233370
2021-06-03 09:40:52,230.25,1233651
2021-06-03 09:40:57,230.25,1234079
2021-06-03 09:41:01,230.3,1234822
2021-06-03 09:41:06,230.3,1235478
2021-06-03 09:41:11,230.2,1235569
2021-06-03 09:41:15,230.3,1235728
2021-06-03 09:41:20,230.2,1236366
2021-06-03 09:41:24,230.2,1237034
2021-06-03 09:41:29,230.0,1244167
2021-06-03 09:41:34,230.0,1245241
2021-06-03 09:41:38,230.05,1245565
2021-06-03 09:41:43,230.2,1245979
2021-06-03 09:41:48,230.05,1246266
2021-06-03 09:41:52,230.05,1247039
2021-06-03 09:42:02,230.05,1248528
2021-06-03 09:42:07,230.0,1248973
2021-06-03 09:42:11,230.0,1249779
2021-06-03 09:42:17,230.0,1258210
2021-06-03 09:42:21,229.9,1260981
2021-06-03 09:42:26,229.9,1264027
2021-06-03 09:42:31,229.8,1275656
2021-06-03 09:42:35,229.6,1282482
2021-06-03 09:42:40,229.65,1284906
2021-06-03 09:42:45,229.65,1288167
2021-06-03 09:42:50,229.65,1291293
2021-06-03 09:42:54,229.65,1293688
2021-06-03 09:42:59,229.6,1294406
2021-06-03 09:43:04,229.6,1295370
2021-06-03 09:43:09,229.6,1296210
2021-06-03 09:43:13,229.65,1296405
2021-06-03 09:43:18,229.6,1296645
2021-06-03 09:43:22,229.65,1297055
2021-06-03 09:43:27,229.65,1298922
2021-06-03 09:43:32,229.6,1299298
2021-06-03 09:43:41,229.6,1300176
2021-06-03 09:43:46,229.55,1307445
2021-06-03 09:43:50,229.5,1316167
2021-06-03 09:43:55,229.5,1316703
2021-06-03 09:43:59,229.5,1318785
2021-06-03 09:44:04,229.5,1319113
2021-06-03 09:44:08,229.5,1319327
2021-06-03 09:44:13,229.5,1320911
2021-06-03 09:44:17,229.5,1325131
2021-06-03 09:44:22,229.5,1325650
2021-06-03 09:44:27,229.5,1326732
2021-06-03 09:44:31,229.55,1326833
2021-06-03 09:44:36,229.5,1327217
2021-06-03 09:44:40,229.55,1327391
2021-06-03 09:44:48,229.55,1328514
2021-06-03 09:44:52,229.5,1328525
2021-06-03 09:44:56,229.55,1328545
2021-06-03 09:45:01,229.55,1328656
2021-06-03 09:45:05,229.5,1329012
2021-06-03 09:45:09,229.5,1329185
2021-06-03 09:45:13,229.55,1331314
2021-06-03 09:45:17,229.5,1331327
2021-06-03 09:45:21,229.6,1333804
2021-06-03 09:45:30,229.2,1355712
2021-06-03 09:45:34,229.25,1357608
2021-06-03 09:45:39,229.2,1362028
2021-06-03 09:45:43,229.2,1369042
2021-06-03 09:45:52,229.15,1370053
2021-06-03 09:45:57,229.05,1375331
2021-06-03 09:46:01,229.1,1375711
2021-06-03 09:46:06,229.05,1375873
2021-06-03 09:46:10,229.05,1375878
2021-06-03 09:46:14,229.1,1376462
2021-06-03 09:46:19,229.1,1376936
2021-06-03 09:46:23,229.05,1377353
2021-06-03 09:46:28,229.1,1377415
2021-06-03 09:46:32,229.05,1378446
2021-06-03 09:46:36,229.1,1378647
2021-06-03 09:46:40,229.1,1378724
2021-06-03 09:46:45,229.05,1379078
2021-06-03 09:46:49,229.1,1381230
2021-06-03 09:46:53,229.15,1385937
2021-06-03 09:46:58,229.2,1385987
2021-06-03 09:47:02,229.15,1386634
2021-06-03 09:47:06,229.15,1386719
2021-06-03 09:47:10,229.2,1387039
2021-06-03 09:47:14,229.15,1388006
2021-06-03 09:47:18,229.2,1388171
2021-06-03 09:47:23,229.25,1388176
2021-06-03 09:47:27,229.2,1388958
2021-06-03 09:47:31,229.25,1389815
2021-06-03 09:47:35,229.35,1390709
2021-06-03 09:47:40,229.35,1391502
2021-06-03 09:47:44,229.25,1394977
2021-06-03 09:47:48,229.25,1395677
2021-06-03 09:47:53,229.25,1396029
2021-06-03 09:47:57,229.2,1403529
2021-06-03 09:48:01,229.2,1403529
2021-06-03 09:48:06,229.15,1403811
2021-06-03 09:48:15,229.1,1407322
2021-06-03 09:48:19,228.9,1427341
2021-06-03 09:48:24,228.95,1428694
2021-06-03 09:48:28,228.9,1430156
2021-06-03 09:48:32,228.85,1432287
2021-06-03 09:48:41,228.85,1434606
2021-06-03 09:48:45,228.9,1434849
2021-06-03 09:48:50,228.9,1435554
2021-06-03 09:48:54,228.85,1436314
2021-06-03 09:48:58,228.9,1436395
2021-06-03 09:49:02,228.85,1436588
2021-06-03 09:49:06,228.85,1436588
2021-06-03 09:49:10,228.85,1439216
2021-06-03 09:49:14,228.9,1440934
2021-06-03 09:49:19,229.0,1448860
2021-06-03 09:49:23,229.0,1450020
2021-06-03 09:49:28,229.0,1450914
2021-06-03 09:49:32,229.0,1451114
2021-06-03 09:49:36,229.05,1451276
2021-06-03 09:49:40,229.0,1451567
2021-06-03 09:49:45,229.0,1452520
2021-06-03 09:49:49,229.0,1454927
2021-06-03 09:49:53,229.05,1455439
2021-06-03 09:49:57,229.15,1455863
2021-06-03 09:50:01,229.15,1455863
2021-06-03 09:50:06,229.15,1455863
2021-06-03 09:50:10,229.2,1455933
2021-06-03 09:50:14,229.25,1456282
2021-06-03 09:50:19,229.25,1456897
2021-06-03 09:50:23,229.15,1457409
2021-06-03 09:50:26,229.25,1457531
2021-06-03 09:50:30,229.2,1457634
2021-06-03 09:50:35,229.1,1461705
2021-06-03 09:50:38,229.15,1461790
2021-06-03 09:50:42,229.15,1461821
2021-06-03 09:50:46,229.1,1463381
2021-06-03 09:50:50,229.15,1463426
2021-06-03 09:50:54,229.15,1463428
2021-06-03 09:50:59,229.15,1463651
2021-06-03 09:51:03,229.05,1465689
2021-06-03 09:51:07,229.0,1472093
2021-06-03 09:51:11,228.95,1472139
2021-06-03 09:51:15,228.95,1473044
2021-06-03 09:51:19,228.95,1473110
2021-06-03 09:51:23,229.0,1473112
2021-06-03 09:51:27,228.95,1473697
2021-06-03 09:51:31,229.0,1473698
2021-06-03 09:51:35,229.0,1474348
2021-06-03 09:51:39,228.95,1474998
2021-06-03 09:51:43,229.0,1479258
2021-06-03 09:51:47,228.85,1484840
2021-06-03 09:51:51,228.8,1488558
2021-06-03 09:51:55,228.75,1489679
2021-06-03 09:51:59,228.7,1489739
2021-06-03 09:52:03,228.7,1489969
2021-06-03 09:52:07,228.7,1490590
2021-06-03 09:52:11,228.7,1490832
2021-06-03 09:52:15,228.75,1490834
2021-06-03 09:52:19,228.75,1490896
2021-06-03 09:52:22,228.75,1492947
2021-06-03 09:52:26,228.75,1493278
2021-06-03 09:52:31,228.8,1493693
2021-06-03 09:52:44,228.75,1498092
2021-06-03 09:52:48,228.75,1498097
2021-06-03 09:52:52,228.75,1498398
2021-06-03 09:52:56,228.75,1498966
2021-06-03 09:53:00,228.75,1499078
2021-06-03 09:53:04,228.7,1499353
2021-06-03 09:53:08,228.75,1499450
2021-06-03 09:53:12,228.8,1499463
2021-06-03 09:53:16,228.8,1500261
2021-06-03 09:53:20,228.85,1503267
2021-06-03 09:53:24,228.9,1504360
2021-06-03 09:53:28,228.85,1504498
2021-06-03 09:53:33,228.9,1505298
2021-06-03 09:53:37,228.9,1505523
2021-06-03 09:53:41,228.9,1505659
2021-06-03 09:53:45,228.9,1505714
2021-06-03 09:53:49,228.95,1506940
2021-06-03 09:53:53,228.95,1507940
2021-06-03 09:53:58,229.0,1509454
2021-06-03 09:54:01,228.95,1509729
2021-06-03 09:54:06,228.85,1509844
2021-06-03 09:54:09,228.85,1511948
2021-06-03 09:54:13,228.85,1512279
2021-06-03 09:54:17,228.8,1513359
2021-06-03 09:54:21,228.75,1514400
2021-06-03 09:54:25,228.8,1514450
2021-06-03 09:54:29,228.75,1517004
2021-06-03 09:54:32,228.8,1517445
2021-06-03 09:54:36,228.75,1521972
2021-06-03 09:54:40,228.8,1522412
2021-06-03 09:54:44,228.75,1522603
2021-06-03 09:54:48,228.75,1522778
2021-06-03 09:54:53,228.75,1522842
2021-06-03 09:54:57,228.65,1532491
2021-06-03 09:55:00,228.6,1533971
2021-06-03 09:55:04,228.65,1534369
2021-06-03 09:55:09,228.55,1534457
2021-06-03 09:55:13,228.55,1535990
2021-06-03 09:55:16,228.55,1536279
2021-06-03 09:55:21,228.6,1536517
2021-06-03 09:55:24,228.6,1536592
2021-06-03 09:55:28,228.55,1536923
2021-06-03 09:55:32,228.55,1536933
2021-06-03 09:55:36,228.6,1537760
2021-06-03 09:55:40,228.65,1537980
2021-06-03 09:55:44,228.65,1539367
2021-06-03 09:55:48,228.65,1539488
2021-06-03 09:55:52,228.65,1539575
2021-06-03 09:55:56,228.75,1539775
2021-06-03 09:56:00,228.75,1540214
2021-06-03 09:56:04,228.7,1540421
2021-06-03 09:56:08,228.75,1540427
2021-06-03 09:56:12,228.75,1541024
2021-06-03 09:56:16,228.7,1541429
2021-06-03 09:56:20,228.7,1541785
2021-06-03 09:56:24,228.8,1543256
2021-06-03 09:56:28,228.8,1543601
2021-06-03 09:56:32,228.8,1544034
2021-06-03 09:56:36,228.8,1544034
2021-06-03 09:56:39,228.8,1544332
2021-06-03 09:56:43,228.9,1548009
2021-06-03 09:56:47,228.9,1548279
2021-06-03 09:56:55,228.9,1555370
2021-06-03 09:56:59,228.95,1556075
2021-06-03 09:57:03,228.9,1556076
2021-06-03 09:57:06,228.95,1556759
2021-06-03 09:57:10,228.8,1561776
2021-06-03 09:57:14,228.8,1561797
2021-06-03 09:57:18,228.9,1562397
2021-06-03 09:57:22,228.8,1562400
2021-06-03 09:57:26,228.9,1562718
2021-06-03 09:57:30,228.9,1562739
2021-06-03 09:57:33,228.9,1565910
2021-06-03 09:57:37,228.9,1566175
2021-06-03 09:57:41,228.9,1569641
2021-06-03 09:57:45,229.0,1571913
2021-06-03 09:57:49,229.0,1571938
2021-06-03 09:57:53,229.0,1573211
2021-06-03 09:57:57,229.0,1573211
2021-06-03 09:58:02,229.0,1574798
2021-06-03 09:58:06,229.0,1574949
2021-06-03 09:58:10,229.0,1574999
2021-06-03 09:58:14,228.95,1575234
2021-06-03 09:58:18,229.0,1575422
2021-06-03 09:58:23,229.05,1578084
2021-06-03 09:58:27,228.95,1580101
2021-06-03 09:58:31,228.95,1581621
2021-06-03 09:58:35,229.0,1581896
2021-06-03 09:58:39,229.0,1581987
2021-06-03 09:58:43,229.0,1582360
2021-06-03 09:58:47,228.95,1582560
2021-06-03 09:58:51,229.0,1582682
2021-06-03 09:58:55,229.0,1582682
2021-06-03 09:58:58,229.0,1582893
2021-06-03 09:59:03,229.0,1582903
2021-06-03 09:59:07,228.95,1583340
2021-06-03 09:59:15,229.0,1583782
2021-06-03 09:59:19,229.0,1584840
2021-06-03 09:59:23,229.0,1585405
2021-06-03 09:59:26,229.0,1585425
2021-06-03 09:59:30,229.0,1585425
2021-06-03 09:59:34,229.0,1586197
2021-06-03 09:59:38,229.0,1586257
2021-06-03 09:59:41,229.05,1586278
2021-06-03 09:59:45,229.0,1586293
2021-06-03 09:59:49,229.0,1587008
2021-06-03 09:59:53,229.0,1587048
2021-06-03 09:59:56,229.05,1587248
2021-06-03 10:00:00,229.0,1588282
2021-06-03 10:00:04,229.0,1588719
2021-06-03 10:00:08,229.1,1588969
2021-06-03 10:00:12,229.0,1588984
2021-06-03 10:00:15,229.1,1591533
2021-06-03 10:00:19,229.15,1591851
2021-06-03 10:00:23,229.3,1596486
2021-06-03 10:00:28,229.25,1596747
2021-06-03 10:00:32,229.3,1598100
2021-06-03 10:00:36,229.25,1599864
2021-06-03 10:00:40,229.25,1600303
2021-06-03 10:00:44,229.25,1601828
2021-06-03 10:00:48,229.25,1603978
2021-06-03 10:00:51,229.2,1604833
2021-06-03 10:00:55,229.1,1610667
2021-06-03 10:00:59,229.05,1611306
2021-06-03 10:01:08,228.95,1618319
2021-06-03 10:01:12,228.95,1618764
2021-06-03 10:01:17,228.85,1622185
2021-06-03 10:01:20,228.75,1622792
2021-06-03 10:01:24,228.85,1622924
2021-06-03 10:01:28,228.8,1623409
2021-06-03 10:01:33,228.85,1623826
2021-06-03 10:01:37,228.85,1623982
2021-06-03 10:01:42,228.85,1624394
2021-06-03 10:01:46,228.9,1624621
2021-06-03 10:01:50,228.75,1626815
2021-06-03 10:01:54,228.75,1627060
2021-06-03 10:01:57,228.8,1627117
2021-06-03 10:02:02,228.75,1627831
2021-06-03 10:02:06,228.75,1629313
2021-06-03 10:02:09,228.75,1629592
2021-06-03 10:02:13,228.8,1630216
2021-06-03 10:02:18,228.55,1640250
2021-06-03 10:02:22,228.65,1640398
2021-06-03 10:02:26,228.65,1640889
2021-06-03 10:02:30,228.6,1641504
2021-06-03 10:02:35,228.6,1641593
2021-06-03 10:02:39,228.55,1641601
2021-06-03 10:02:43,228.55,1642294
2021-06-03 10:02:46,228.6,1642625
2021-06-03 10:02:50,228.6,1642635
2021-06-03 10:02:54,228.6,1642886
2021-06-03 10:02:57,228.6,1643491
2021-06-03 10:03:01,228.55,1643523
2021-06-03 10:03:05,228.55,1643524
2021-06-03 10:03:09,228.6,1643531
2021-06-03 10:03:12,228.6,1644242
2021-06-03 10:03:16,228.6,1644793
2021-06-03 10:03:20,228.6,1644819
2021-06-03 10:03:24,228.6,1645819
2021-06-03 10:03:28,228.6,1645832
2021-06-03 10:03:31,228.45,1671566
2021-06-03 10:03:35,228.55,1672653
2021-06-03 10:03:39,228.45,1672911
2021-06-03 10:03:42,228.45,1674481
2021-06-03 10:03:46,228.45,1674481
2021-06-03 10:03:50,228.4,1683159
2021-06-03 10:03:54,228.45,1683424
2021-06-03 10:03:58,228.55,1683674
2021-06-03 10:04:03,228.45,1683774
2021-06-03 10:04:07,228.55,1683801
2021-06-03 10:04:11,228.55,1685211
2021-06-03 10:04:14,228.55,1685211
2021-06-03 10:04:18,228.5,1686416
2021-06-03 10:04:22,228.5,1689586
2021-06-03 10:04:25,228.55,1690853
2021-06-03 10:04:29,228.45,1690854
2021-06-03 10:04:33,228.5,1690924
2021-06-03 10:04:37,228.5,1694956
2021-06-03 10:04:41,228.55,1696165
2021-06-03 10:04:44,228.45,1696420
2021-06-03 10:04:48,228.5,1696504
2021-06-03 10:04:52,228.5,1696667
2021-06-03 10:04:55,228.5,1696903
2021-06-03 10:04:59,228.55,1697474
2021-06-03 10:05:02,228.45,1703041
2021-06-03 10:05:06,228.4,1704507
2021-06-03 10:05:10,228.45,1704957
2021-06-03 10:05:14,228.45,1709833
2021-06-03 10:05:17,228.4,1710745
2021-06-03 10:05:21,228.4,1711317
2021-06-03 10:05:25,228.4,1711677
2021-06-03 10:05:28,228.3,1712989
2021-06-03 10:05:32,228.35,1713320
2021-06-03 10:05:36,228.35,1713831
2021-06-03 10:05:40,228.3,1714791
2021-06-03 10:05:44,228.3,1715094
2021-06-03 10:05:48,228.3,1715094
2021-06-03 10:05:51,228.3,1715254
2021-06-03 10:05:55,228.3,1716475
2021-06-03 10:06:02,228.25,1719910
2021-06-03 10:06:06,228.4,1720863
2021-06-03 10:06:09,228.3,1721102
2021-06-03 10:06:13,228.3,1721140
2021-06-03 10:06:17,228.3,1721348
2021-06-03 10:06:21,228.3,1721397
2021-06-03 10:06:25,228.3,1721470
2021-06-03 10:06:29,228.3,1721708
2021-06-03 10:06:33,228.4,1721898
2021-06-03 10:06:41,228.45,1723816
2021-06-03 10:06:45,228.5,1724968
2021-06-03 10:06:49,228.4,1725167
2021-06-03 10:06:52,228.5,1725443
2021-06-03 10:06:56,228.45,1725499
2021-06-03 10:06:59,228.55,1725748
2021-06-03 10:07:03,228.6,1726417
2021-06-03 10:07:06,228.5,1726568
2021-06-03 10:07:11,228.6,1726590
2021-06-03 10:07:15,228.5,1726660
2021-06-03 10:07:18,228.55,1726760
2021-06-03 10:07:22,228.6,1731399
2021-06-03 10:07:25,228.55,1731449
2021-06-03 10:07:29,228.5,1731846
2021-06-03 10:07:32,228.5,1732377
2021-06-03 10:07:36,228.5,1732717
2021-06-03 10:07:40,228.45,1733655
2021-06-03 10:07:43,228.4,1739400
2021-06-03 10:07:46,228.4,1740810
2021-06-03 10:07:50,228.3,1745921
2021-06-03 10:07:54,228.25,1746810
2021-06-03 10:07:58,228.15,1754221
2021-06-03 10:08:01,228.15,1768178
2021-06-03 10:08:05,228.1,1768360
2021-06-03 10:08:09,228.1,1773124
2021-06-03 10:08:12,228.05,1773603
2021-06-03 10:08:16,228.1,1774137
2021-06-03 10:08:20,228.05,1774467
2021-06-03 10:08:23,228.1,1774816
2021-06-03 10:08:27,228.1,1775266
2021-06-03 10:08:31,228.05,1775420
2021-06-03 10:08:34,228.05,1776085
2021-06-03 10:08:38,228.1,1776295
2021-06-03 10:08:42,228.1,1776453
2021-06-03 10:08:46,228.1,1778008
2021-06-03 10:08:50,228.05,1778331
2021-06-03 10:08:53,228.1,1778339
2021-06-03 10:08:57,228.1,1778439
2021-06-03 10:09:01,228.35,1794530
2021-06-03 10:09:04,228.3,1795475
2021-06-03 10:09:08,228.25,1795489
2021-06-03 10:09:12,228.2,1796735
2021-06-03 10:09:15,228.2,1797474
2021-06-03 10:09:19,228.2,1797681
2021-06-03 10:09:25,228.2,1797933
2021-06-03 10:09:29,228.2,1797933
2021-06-03 10:09:32,228.15,1798013
2021-06-03 10:09:36,228.2,1798018
2021-06-03 10:09:40,228.15,1798537
2021-06-03 10:09:43,228.2,1798997
2021-06-03 10:09:47,228.2,1799832
2021-06-03 10:09:51,228.2,1800891
2021-06-03 10:09:55,228.15,1801331
2021-06-03 10:09:59,228.2,1801346
2021-06-03 10:10:02,228.2,1801346
2021-06-03 10:10:06,228.15,1801433
2021-06-03 10:10:09,228.2,1801453
2021-06-03 10:10:13,228.2,1802233
2021-06-03 10:10:17,228.15,1802734
2021-06-03 10:10:20,228.15,1806584
2021-06-03 10:10:24,228.2,1806886
2021-06-03 10:10:27,228.15,1806987
2021-06-03 10:10:31,228.2,1807547
2021-06-03 10:10:34,228.2,1812122
2021-06-03 10:10:38,228.3,1812210
2021-06-03 10:10:42,228.2,1812518
2021-06-03 10:10:45,228.2,1812518
2021-06-03 10:10:49,228.15,1813844
2021-06-03 10:10:53,228.25,1814044
2021-06-03 10:10:57,228.3,1814222
2021-06-03 10:11:01,228.2,1814455
2021-06-03 10:11:05,228.25,1814744
2021-06-03 10:11:08,228.15,1815069
2021-06-03 10:11:12,228.25,1815124
2021-06-03 10:11:16,228.25,1820302
2021-06-03 10:11:20,228.3,1821536
2021-06-03 10:11:24,228.3,1821536
2021-06-03 10:11:28,228.3,1821556
2021-06-03 10:11:31,228.3,1821705
2021-06-03 10:11:34,228.3,1821805
2021-06-03 10:11:38,228.25,1821921
2021-06-03 10:11:42,228.25,1824063
2021-06-03 10:11:45,228.25,1824068
2021-06-03 10:11:48,228.25,1827345
2021-06-03 10:11:52,228.15,1827645
2021-06-03 10:11:55,228.15,1827645
2021-06-03 10:11:59,228.15,1834286
2021-06-03 10:12:02,228.05,1834391
2021-06-03 10:12:06,228.05,1834391
2021-06-03 10:12:10,228.05,1834506
2021-06-03 10:12:13,228.05,1834506
2021-06-03 10:12:16,228.0,1865665
2021-06-03 10:12:20,227.95,1866200
2021-06-03 10:12:23,228.0,1866500
2021-06-03 10:12:26,228.0,1866750
2021-06-03 10:12:30,227.95,1866807
2021-06-03 10:12:33,227.95,1869217
2021-06-03 10:12:37,227.9,1870605
2021-06-03 10:12:40,227.9,1870605
2021-06-03 10:12:44,227.95,1870958
2021-06-03 10:12:47,227.9,1873538
2021-06-03 10:12:51,227.9,1873538
2021-06-03 10:12:54,227.9,1873738
2021-06-03 10:12:57,227.9,1873738
2021-06-03 10:13:00,227.9,1874238
2021-06-03 10:13:04,227.9,1874683
2021-06-03 10:13:08,227.75,1903432
2021-06-03 10:13:11,227.8,1904560
2021-06-03 10:13:15,227.85,1907086
2021-06-03 10:13:18,227.8,1910206
2021-06-03 10:13:25,228.0,1914705
2021-06-03 10:13:29,228.1,1914988
2021-06-03 10:13:32,228.1,1914998
2021-06-03 10:13:35,228.15,1915048
2021-06-03 10:13:38,228.1,1917176
2021-06-03 10:13:41,228.1,1917281
2021-06-03 10:13:45,228.15,1920124
2021-06-03 10:13:48,228.2,1921044
2021-06-03 10:13:51,228.2,1921260
2021-06-03 10:13:54,228.2,1921260
2021-06-03 10:13:57,228.2,1923657
2021-06-03 10:14:01,228.3,1923857
2021-06-03 10:14:05,228.3,1923857
2021-06-03 10:14:08,228.2,1926360
2021-06-03 10:14:11,228.0,1938910
2021-06-03 10:14:15,228.0,1939254
2021-06-03 10:14:18,228.05,1939354
2021-06-03 10:14:22,228.05,1939856
2021-06-03 10:14:25,228.05,1939856
2021-06-03 10:14:28,228.05,1939856
2021-06-03 10:14:31,228.0,1940148
2021-06-03 10:14:35,228.05,1940151
2021-06-03 10:14:38,228.05,1940156
2021-06-03 10:14:41,228.05,1940359
2021-06-03 10:14:44,228.05,1940439
2021-06-03 10:14:48,228.05,1940519
2021-06-03 10:14:51,228.05,1940524
2021-06-03 10:14:54,228.0,1941290
2021-06-03 10:14:58,228.0,1941290
2021-06-03 10:15:01,228.05,1942612
2021-06-03 10:15:05,228.05,1942615
2021-06-03 10:15:08,228.0,1942651
2021-06-03 10:15:12,228.05,1942676
2021-06-03 10:15:15,228.05,1942926
2021-06-03 10:15:18,228.0,1942930
2021-06-03 10:15:22,228.05,1943109
2021-06-03 10:15:25,228.0,1943611
2021-06-03 10:15:28,228.0,1943692
2021-06-03 10:15:31,228.0,1943845
2021-06-03 10:15:35,228.05,1943904
2021-06-03 10:15:38,228.05,1945116
2021-06-03 10:15:41,228.05,1945388
2021-06-03 10:15:45,228.15,1945638
2021-06-03 10:15:48,228.2,1945688
2021-06-03 10:15:52,228.2,1945688
2021-06-03 10:15:55,228.2,1945688
2021-06-03 10:15:59,228.2,1945691
2021-06-03 10:16:03,228.2,1945891
2021-06-03 10:16:07,228.3,1947891
2021-06-03 10:16:10,228.15,1948679
2021-06-03 10:16:14,228.25,1948681
2021-06-03 10:16:17,228.15,1952745
2021-06-03 10:16:21,228.15,1952745
2021-06-03 10:16:24,228.0,1974958
2021-06-03 10:16:27,228.0,1976008
2021-06-03 10:16:31,228.0,1976060
2021-06-03 10:16:34,228.0,1976070
2021-06-03 10:16:38,228.0,1976220
2021-06-03 10:16:42,227.95,1977446
2021-06-03 10:16:45,228.0,1977465
2021-06-03 10:16:48,228.0,1977466
2021-06-03 10:16:52,228.0,1977559
2021-06-03 10:16:55,227.95,1977619
2021-06-03 10:16:59,227.95,1977619
2021-06-03 10:17:07,227.9,1980550
2021-06-03 10:17:10,227.95,1982594
2021-06-03 10:17:14,227.95,1982882
2021-06-03 10:17:17,227.95,1983615
2021-06-03 10:17:21,227.9,1983767
2021-06-03 10:17:25,227.95,1985049
2021-06-03 10:17:29,227.95,1985565
2021-06-03 10:17:33,227.95,1986032
2021-06-03 10:17:37,228.05,1988989
2021-06-03 10:17:41,228.05,1989264
2021-06-03 10:17:44,228.15,1989265
2021-06-03 10:17:47,228.15,1989265
2021-06-03 10:17:50,228.15,1989315
2021-06-03 10:17:54,228.15,1989315
2021-06-03 10:17:57,228.15,1989515
2021-06-03 10:18:00,228.15,1989518
2021-06-03 10:18:04,228.35,1993918
2021-06-03 10:18:07,228.3,1994833
2021-06-03 10:18:11,228.3,1995089
2021-06-03 10:18:15,228.3,1995089
2021-06-03 10:18:18,228.3,1996483
2021-06-03 10:18:21,228.2,1997469
2021-06-03 10:18:25,228.2,1998710
2021-06-03 10:18:28,228.2,1998910
2021-06-03 10:18:32,228.2,1998910
2021-06-03 10:18:35,228.3,2000972
2021-06-03 10:18:38,228.3,2000972
2021-06-03 10:18:41,228.2,2001027
2021-06-03 10:18:44,228.2,2001038
2021-06-03 10:18:47,228.25,2001138
2021-06-03 10:18:50,228.3,2001338
2021-06-03 10:18:54,228.25,2001399
2021-06-03 10:18:57,228.25,2002258
2021-06-03 10:19:01,228.25,2002458
2021-06-03 10:19:04,228.3,2003747
2021-06-03 10:19:07,228.3,2003947
2021-06-03 10:19:10,228.3,2004047
2021-06-03 10:19:13,228.3,2004047
2021-06-03 10:19:17,228.3,2004088
2021-06-03 10:19:21,228.3,2004332
2021-06-03 10:19:24,228.25,2004382
2021-06-03 10:19:27,228.25,2004382
2021-06-03 10:19:31,228.25,2004382
2021-06-03 10:19:34,228.25,2004392
2021-06-03 10:19:38,228.3,2004416
2021-06-03 10:19:41,228.3,2004416
2021-06-03 10:19:45,228.3,2004756
2021-06-03 10:19:48,228.25,2005322
2021-06-03 10:19:51,228.25,2005420
2021-06-03 10:19:54,228.3,2005432
2021-06-03 10:19:57,228.3,2005433
2021-06-03 10:20:00,228.3,2005948
2021-06-03 10:20:04,228.3,2006046
2021-06-03 10:20:07,228.3,2006993
2021-06-03 10:20:11,228.25,2010641
2021-06-03 10:20:14,228.2,2012213
2021-06-03 10:20:18,228.2,2012442
2021-06-03 10:20:21,228.25,2012642
2021-06-03 10:20:24,228.25,2013280
2021-06-03 10:20:28,228.25,2013397
2021-06-03 10:20:31,228.25,2014597
2021-06-03 10:20:34,228.25,2014810
2021-06-03 10:20:38,228.3,2015010
2021-06-03 10:20:41,228.35,2015195
2021-06-03 10:20:44,228.3,2017710
2021-06-03 10:20:47,228.35,2018555
2021-06-03 10:20:50,228.25,2018627
2021-06-03 10:20:53,228.25,2018627
2021-06-03 10:20:57,228.25,2018627
2021-06-03 10:21:00,228.35,2018647
2021-06-03 10:21:03,228.35,2018648
2021-06-03 10:21:07,228.3,2018683
2021-06-03 10:21:10,228.25,2021762
2021-06-03 10:21:14,228.25,2021982
2021-06-03 10:21:17,228.35,2024106
2021-06-03 10:21:20,228.2,2027390
2021-06-03 10:21:23,228.2,2028124
2021-06-03 10:21:26,228.15,2028677
2021-06-03 10:21:29,228.2,2029018
2021-06-03 10:21:33,228.0,2038655
2021-06-03 10:21:36,228.0,2039415
2021-06-03 10:21:39,227.9,2040834
2021-06-03 10:21:43,227.9,2040920
2021-06-03 10:21:46,228.0,2040945
2021-06-03 10:21:49,227.9,2041134
2021-06-03 10:21:53,227.9,2041172
2021-06-03 10:21:56,227.9,2043752
2021-06-03 10:22:00,227.85,2046708
2021-06-03 10:22:03,227.9,2049788
2021-06-03 10:22:07,227.9,2049837
2021-06-03 10:22:10,227.85,2050343
2021-06-03 10:22:13,227.9,2051112
2021-06-03 10:22:17,227.9,2051965
2021-06-03 10:22:20,227.9,2052293
2021-06-03 10:22:23,228.0,2053219
2021-06-03 10:22:26,227.9,2053280
2021-06-03 10:22:29,228.0,2053527
2021-06-03 10:22:33,227.95,2053574
2021-06-03 10:22:36,227.95,2053574
2021-06-03 10:22:39,227.95,2053587
2021-06-03 10:22:42,227.95,2057585
2021-06-03 10:22:45,227.85,2061251
2021-06-03 10:22:49,227.75,2071295
2021-06-03 10:22:53,227.75,2071698
2021-06-03 10:22:56,227.75,2073776
2021-06-03 10:22:59,227.8,2073937
2021-06-03 10:23:03,227.8,2073938
2021-06-03 10:23:06,227.8,2074488
2021-06-03 10:23:10,227.8,2076274
2021-06-03 10:23:13,227.8,2076576
2021-06-03 10:23:16,227.8,2077608
2021-06-03 10:23:20,227.8,2078192
2021-06-03 10:23:24,227.8,2078793
2021-06-03 10:23:27,227.8,2079070
2021-06-03 10:23:30,227.75,2079164
2021-06-03 10:23:33,227.8,2079170
2021-06-03 10:23:37,227.9,2081170
2021-06-03 10:23:40,227.75,2081522
2021-06-03 10:23:44,227.9,2082029
2021-06-03 10:23:47,227.85,2082529
2021-06-03 10:23:50,227.9,2082620
2021-06-03 10:23:54,228.0,2085840
2021-06-03 10:23:57,227.95,2086411
2021-06-03 10:24:01,227.95,2086411
2021-06-03 10:24:04,228.0,2086422
2021-06-03 10:24:07,228.0,2086426
2021-06-03 10:24:10,228.0,2088471
2021-06-03 10:24:14,228.05,2088620
2021-06-03 10:24:18,228.1,2089095
2021-06-03 10:24:21,228.05,2089096
2021-06-03 10:24:24,228.05,2093386
2021-06-03 10:24:27,228.0,2093637
2021-06-03 10:24:30,228.0,2094475
2021-06-03 10:24:33,228.0,2094775
2021-06-03 10:24:36,228.0,2094775
2021-06-03 10:24:39,228.0,2095181
2021-06-03 10:24:42,228.0,2095181
2021-06-03 10:24:45,228.0,2095281
2021-06-03 10:24:49,228.0,2095427
2021-06-03 10:24:52,228.0,2095438
2021-06-03 10:24:55,228.05,2095489
2021-06-03 10:24:58,228.05,2095489
2021-06-03 10:25:02,228.1,2095765
2021-06-03 10:25:05,228.1,2095765
2021-06-03 10:25:08,228.15,2096265
2021-06-03 10:25:11,228.0,2096290
2021-06-03 10:25:14,228.0,2096290
2021-06-03 10:25:17,228.05,2096291
2021-06-03 10:25:20,228.0,2096391
2021-06-03 10:25:26,228.1,2097516
2021-06-03 10:25:29,228.0,2097692
2021-06-03 10:25:33,228.1,2097695
2021-06-03 10:25:36,228.1,2097695
2021-06-03 10:25:39,228.1,2097695
2021-06-03 10:25:43,228.1,2097695
2021-06-03 10:25:46,228.1,2097720
2021-06-03 10:25:49,228.1,2097722
2021-06-03 10:25:53,228.1,2097882
2021-06-03 10:25:56,228.15,2097883
2021-06-03 10:25:59,228.2,2098083
2021-06-03 10:26:02,228.2,2098093
2021-06-03 10:26:05,228.2,2098093
2021-06-03 10:26:08,228.2,2098093
2021-06-03 10:26:11,228.2,2098658
2021-06-03 10:26:14,228.25,2098854
2021-06-03 10:26:18,228.3,2099292
2021-06-03 10:26:20,228.25,2101293
2021-06-03 10:26:24,228.3,2101644
2021-06-03 10:26:27,228.3,2102009
2021-06-03 10:26:30,228.25,2104420
2021-06-03 10:26:34,228.25,2107310
2021-06-03 10:26:37,228.25,2107876
2021-06-03 10:26:40,228.25,2108377
2021-06-03 10:26:43,228.25,2108385
2021-06-03 10:26:46,228.25,2108388
2021-06-03 10:26:49,228.2,2110917
2021-06-03 10:26:52,228.25,2111513
2021-06-03 10:26:55,228.25,2111690
2021-06-03 10:26:58,228.2,2111895
2021-06-03 10:27:02,228.2,2111917
2021-06-03 10:27:05,228.2,2111919
2021-06-03 10:27:08,228.25,2111944
2021-06-03 10:27:11,228.25,2111944
2021-06-03 10:27:14,228.25,2112394
2021-06-03 10:27:17,228.25,2112778
2021-06-03 10:27:20,228.25,2112778
2021-06-03 10:27:24,228.25,2112778
2021-06-03 10:27:27,228.25,2113228
2021-06-03 10:27:30,228.25,2113601
2021-06-03 10:27:33,228.25,2113645
2021-06-03 10:27:36,228.25,2113845
2021-06-03 10:27:39,228.25,2113845
2021-06-03 10:27:43,228.25,2115874
2021-06-03 10:27:45,228.2,2116398
2021-06-03 10:27:49,228.25,2116803
2021-06-03 10:27:52,228.25,2116803
2021-06-03 10:27:55,228.25,2116803
2021-06-03 10:27:59,228.2,2116905
2021-06-03 10:28:02,228.25,2117440
2021-06-03 10:28:05,228.2,2117533
2021-06-03 10:28:09,228.2,2117533
2021-06-03 10:28:12,228.2,2117533
2021-06-03 10:28:15,228.2,2117533
2021-06-03 10:28:18,228.25,2117553
2021-06-03 10:28:21,228.2,2117753
2021-06-03 10:28:24,228.2,2117753
2021-06-03 10:28:28,228.2,2117833
2021-06-03 10:28:31,228.2,2118108
2021-06-03 10:28:34,228.2,2121982
2021-06-03 10:28:38,228.2,2122738
2021-06-03 10:28:42,228.2,2122760
2021-06-03 10:28:45,228.2,2122830
2021-06-03 10:28:48,228.2,2122855
2021-06-03 10:28:51,228.05,2125300
2021-06-03 10:28:55,228.0,2127319
2021-06-03 10:28:58,228.0,2129908
2021-06-03 10:29:01,228.05,2130618
2021-06-03 10:29:05,228.0,2131161
2021-06-03 10:29:08,228.0,2131617
2021-06-03 10:29:11,228.0,2131617
2021-06-03 10:29:15,228.0,2132187
2021-06-03 10:29:18,227.95,2132469
2021-06-03 10:29:22,228.0,2132499
2021-06-03 10:29:26,228.0,2133008
2021-06-03 10:29:29,227.95,2133147
2021-06-03 10:29:32,228.0,2133535
2021-06-03 10:29:36,227.95,2133580
2021-06-03 10:29:39,228.0,2133785
2021-06-03 10:29:43,227.95,2133814
2021-06-03 10:29:46,228.0,2133939
2021-06-03 10:29:49,228.0,2134138
2021-06-03 10:29:52,228.0,2134188
2021-06-03 10:29:55,228.0,2134188
2021-06-03 10:29:58,227.95,2134298
2021-06-03 10:30:01,228.0,2134344
2021-06-03 10:30:05,227.95,2134355
2021-06-03 10:30:08,228.15,2137589
2021-06-03 10:30:11,228.0,2137609
2021-06-03 10:30:14,228.15,2138418
2021-06-03 10:30:17,228.2,2140196
2021-06-03 10:30:20,228.15,2140602
2021-06-03 10:30:24,228.1,2140603
2021-06-03 10:30:27,228.1,2140603
2021-06-03 10:30:30,228.1,2140808
2021-06-03 10:30:34,228.1,2140826
2021-06-03 10:30:37,228.1,2140891
2021-06-03 10:30:40,228.1,2140891
2021-06-03 10:30:43,228.1,2140991
2021-06-03 10:30:45,228.05,2141061
2021-06-03 10:30:48,228.0,2146121
2021-06-03 10:30:52,228.05,2146208
2021-06-03 10:30:54,228.0,2147066
2021-06-03 10:30:57,228.05,2147068
2021-06-03 10:31:00,228.05,2147255
2021-06-03 10:31:04,228.1,2147275
2021-06-03 10:31:07,228.1,2147275
2021-06-03 10:31:10,228.05,2147284
2021-06-03 10:31:13,228.05,2147286
2021-06-03 10:31:16,228.05,2147286
2021-06-03 10:31:19,228.1,2147287
2021-06-03 10:31:22,228.15,2147658
2021-06-03 10:31:26,228.15,2147671
2021-06-03 10:31:29,228.15,2149681
2021-06-03 10:31:32,228.15,2150195
2021-06-03 10:31:36,228.2,2152408
2021-06-03 10:31:39,228.15,2152973
2021-06-03 10:31:42,228.2,2153500
2021-06-03 10:31:45,228.2,2153500
2021-06-03 10:31:48,228.2,2153500
2021-06-03 10:31:51,228.2,2153500
2021-06-03 10:31:54,228.2,2153600
2021-06-03 10:31:57,228.15,2153697
2021-06-03 10:32:00,228.15,2153697
2021-06-03 10:32:03,228.15,2153697
2021-06-03 10:32:07,228.2,2153709
2021-06-03 10:32:10,228.2,2153709
2021-06-03 10:32:13,228.2,2153709
2021-06-03 10:32:16,228.2,2153922
2021-06-03 10:32:20,228.2,2154202
2021-06-03 10:32:27,228.2,2154627
2021-06-03 10:32:31,228.2,2155000
2021-06-03 10:32:35,228.2,2155139
2021-06-03 10:32:38,228.2,2155371
2021-06-03 10:32:41,228.2,2155549
2021-06-03 10:32:44,228.2,2155713
2021-06-03 10:32:47,228.2,2156051
2021-06-03 10:32:50,228.2,2156923
2021-06-03 10:32:53,228.15,2156925
2021-06-03 10:32:56,228.2,2157165
2021-06-03 10:33:00,228.2,2157165
2021-06-03 10:33:03,228.2,2157213
2021-06-03 10:33:06,228.25,2164206
2021-06-03 10:33:10,228.2,2164722
2021-06-03 10:33:13,228.2,2165921
2021-06-03 10:33:16,228.35,2169612
2021-06-03 10:33:20,228.3,2170169
2021-06-03 10:33:23,228.3,2173945
2021-06-03 10:33:27,228.3,2174848
2021-06-03 10:33:30,228.3,2174981
2021-06-03 10:33:33,228.3,2175222
2021-06-03 10:33:40,228.25,2175315
2021-06-03 10:33:46,228.3,2175416
2021-06-03 10:33:50,228.3,2176423
2021-06-03 10:33:53,228.25,2177702
2021-06-03 10:33:56,228.3,2177802
2021-06-03 10:34:00,228.3,2177802
2021-06-03 10:34:04,228.3,2178316
2021-06-03 10:34:07,228.25,2178380
2021-06-03 10:34:14,228.25,2178449
2021-06-03 10:34:17,228.25,2178699
2021-06-03 10:34:20,228.25,2178974
2021-06-03 10:34:23,228.25,2179174
2021-06-03 10:34:26,228.25,2179625
2021-06-03 10:34:29,228.25,2179635
2021-06-03 10:34:33,228.25,2179655
2021-06-03 10:34:36,228.25,2179655
2021-06-03 10:34:39,228.25,2179655
2021-06-03 10:34:42,228.2,2179672
2021-06-03 10:34:45,228.25,2179964
2021-06-03 10:34:48,228.25,2179974
2021-06-03 10:34:51,228.25,2179980
2021-06-03 10:34:54,228.25,2180079
2021-06-03 10:34:57,228.25,2180082
2021-06-03 10:35:00,228.25,2180126
2021-06-03 10:35:03,228.25,2180190
2021-06-03 10:35:06,228.2,2180200
2021-06-03 10:35:09,228.2,2180200
2021-06-03 10:35:12,228.2,2180210
2021-06-03 10:35:15,228.25,2180345
2021-06-03 10:35:19,228.25,2181995
2021-06-03 10:35:22,228.2,2182009
2021-06-03 10:35:25,228.2,2182009
2021-06-03 10:35:28,228.2,2182039
2021-06-03 10:35:34,228.2,2182039
2021-06-03 10:35:37,228.2,2182041
2021-06-03 10:35:40,228.25,2182085
2021-06-03 10:35:43,228.25,2182130
2021-06-03 10:35:46,228.2,2182334
2021-06-03 10:35:49,228.2,2182654
2021-06-03 10:35:52,228.2,2183352
2021-06-03 10:35:55,228.2,2183352
2021-06-03 10:35:58,228.2,2183352
2021-06-03 10:36:01,228.2,2183382
2021-06-03 10:36:04,228.2,2184681
2021-06-03 10:36:07,228.25,2185311
2021-06-03 10:36:11,228.2,2185713
2021-06-03 10:36:14,228.2,2186218
2021-06-03 10:36:17,228.25,2189671
2021-06-03 10:36:20,228.25,2194155
2021-06-03 10:36:23,228.2,2194395
2021-06-03 10:36:27,228.2,2194981
2021-06-03 10:36:33,228.2,2195099
2021-06-03 10:36:37,228.2,2195099
2021-06-03 10:36:40,228.2,2195124
2021-06-03 10:36:43,228.2,2195129
2021-06-03 10:36:48,228.15,2195132
2021-06-03 10:36:51,228.2,2195134
2021-06-03 10:36:53,228.15,2195143
2021-06-03 10:36:56,228.15,2195143
2021-06-03 10:36:59,228.15,2195143
2021-06-03 10:37:02,228.2,2195144
2021-06-03 10:37:05,228.2,2195144
2021-06-03 10:37:08,228.2,2195144
2021-06-03 10:37:11,228.2,2196253
2021-06-03 10:37:14,228.2,2196272
2021-06-03 10:37:18,228.2,2196272
2021-06-03 10:37:21,228.2,2196272
2021-06-03 10:37:24,228.2,2196312
2021-06-03 10:37:27,228.2,2196312
2021-06-03 10:37:31,228.25,2196491
2021-06-03 10:37:34,228.45,2198185
2021-06-03 10:37:38,228.35,2198923
2021-06-03 10:37:42,228.35,2199003
2021-06-03 10:37:45,228.45,2199004
2021-06-03 10:37:48,228.45,2199053
2021-06-03 10:37:51,228.5,2200557
2021-06-03 10:37:55,228.5,2201295
2021-06-03 10:37:58,228.55,2201590
2021-06-03 10:38:01,228.5,2203047
2021-06-03 10:38:05,228.4,2206741
2021-06-03 10:38:08,228.4,2207879
2021-06-03 10:38:12,228.4,2207956
2021-06-03 10:38:15,228.4,2208001
2021-06-03 10:38:18,228.4,2208321
2021-06-03 10:38:25,228.4,2208825
2021-06-03 10:38:29,228.4,2209001
2021-06-03 10:38:32,228.45,2209439
2021-06-03 10:38:35,228.4,2209625
2021-06-03 10:38:39,228.45,2209747
2021-06-03 10:38:42,228.4,2209965
2021-06-03 10:38:46,228.35,2209990
2021-06-03 10:38:49,228.35,2210685
2021-06-03 10:38:52,228.35,2210997
2021-06-03 10:38:54,228.4,2211142
2021-06-03 10:38:57,228.4,2211230
2021-06-03 10:39:01,228.4,2211365
2021-06-03 10:39:04,228.5,2212135
2021-06-03 10:39:07,228.4,2212779
2021-06-03 10:39:10,228.4,2212944
2021-06-03 10:39:13,228.4,2212989
2021-06-03 10:39:16,228.5,2213255
2021-06-03 10:39:20,228.5,2213476
2021-06-03 10:39:23,228.5,2213565
2021-06-03 10:39:26,228.5,2213830
2021-06-03 10:39:32,228.4,2214525
2021-06-03 10:39:35,228.45,2215152
2021-06-03 10:39:38,228.4,2215588
2021-06-03 10:39:41,228.35,2223031
2021-06-03 10:39:44,228.25,2223267
2021-06-03 10:39:48,228.25,2223418
2021-06-03 10:39:51,228.25,2225248
2021-06-03 10:39:57,228.25,2229687
2021-06-03 10:40:00,228.25,2230215
2021-06-03 10:40:03,228.25,2230394
2021-06-03 10:40:07,228.2,2230586
2021-06-03 10:40:10,228.2,2230586
2021-06-03 10:40:12,228.25,2230686
2021-06-03 10:40:15,228.2,2230886
2021-06-03 10:40:18,228.2,2230886
2021-06-03 10:40:21,228.25,2230888
2021-06-03 10:40:24,228.25,2230932
2021-06-03 10:40:27,228.25,2231654
2021-06-03 10:40:31,228.25,2231748
2021-06-03 10:40:34,228.25,2231748
2021-06-03 10:40:37,228.25,2231936
2021-06-03 10:40:40,228.25,2231961
2021-06-03 10:40:42,228.25,2231961
2021-06-03 10:40:45,228.2,2231962
2021-06-03 10:40:48,228.25,2232013
2021-06-03 10:40:51,228.25,2234932
2021-06-03 10:40:54,228.25,2237829
2021-06-03 10:40:57,228.1,2238534
2021-06-03 10:41:01,228.1,2238534
2021-06-03 10:41:04,228.25,2238536
2021-06-03 10:41:06,228.15,2238753
2021-06-03 10:41:09,228.25,2240886
2021-06-03 10:41:13,228.25,2241774
2021-06-03 10:41:17,228.2,2242026
2021-06-03 10:41:19,228.25,2243337
2021-06-03 10:41:22,228.25,2243337
2021-06-03 10:41:25,228.35,2243999
2021-06-03 10:41:29,228.4,2244043
2021-06-03 10:41:32,228.35,2244243
2021-06-03 10:41:35,228.5,2244423
2021-06-03 10:41:37,228.45,2244506
2021-06-03 10:41:40,228.45,2244506
2021-06-03 10:41:43,228.35,2244507
2021-06-03 10:41:49,228.45,2244532
2021-06-03 10:41:52,228.45,2244532
2021-06-03 10:41:55,228.45,2244557
2021-06-03 10:41:58,228.45,2244595
2021-06-03 10:42:01,228.5,2244850
2021-06-03 10:42:04,228.5,2245111
2021-06-03 10:42:07,228.5,2245155
2021-06-03 10:42:10,228.55,2246076
2021-06-03 10:42:13,228.65,2250607
2021-06-03 10:42:16,228.55,2251691
2021-06-03 10:42:19,228.55,2251780
2021-06-03 10:42:22,228.6,2251782
2021-06-03 10:42:25,228.55,2251959
2021-06-03 10:42:28,228.65,2253786
2021-06-03 10:42:31,228.65,2255483
2021-06-03 10:42:34,228.6,2255822
2021-06-03 10:42:37,228.65,2256022
2021-06-03 10:42:42,228.65,2256022
2021-06-03 10:42:45,228.65,2256561
2021-06-03 10:42:48,228.55,2258350
2021-06-03 10:42:51,228.45,2260148
2021-06-03 10:42:54,228.45,2260976
2021-06-03 10:42:57,228.45,2261155
2021-06-03 10:42:59,228.45,2261155
2021-06-03 10:43:02,228.45,2261155
2021-06-03 10:43:05,228.45,2261155
2021-06-03 10:43:08,228.4,2261168
2021-06-03 10:43:11,228.4,2261171
2021-06-03 10:43:16,228.45,2261221
2021-06-03 10:43:19,228.45,2261221
2021-06-03 10:43:21,228.45,2261831
2021-06-03 10:43:24,228.55,2263071
2021-06-03 10:43:28,228.4,2263453
2021-06-03 10:43:31,228.4,2263453
2021-06-03 10:43:34,228.5,2264007
2021-06-03 10:43:38,228.4,2266283
2021-06-03 10:43:41,228.4,2267277
2021-06-03 10:43:44,228.4,2267814
2021-06-03 10:43:47,228.35,2267974
2021-06-03 10:43:49,228.35,2268240
2021-06-03 10:43:52,228.3,2268359
2021-06-03 10:43:55,228.3,2268359
2021-06-03 10:43:58,228.4,2268859
2021-06-03 10:44:00,228.25,2270559
2021-06-03 10:44:03,228.15,2272159
2021-06-03 10:44:06,228.15,2272619
2021-06-03 10:44:08,228.15,2272619
2021-06-03 10:44:11,228.15,2272619
2021-06-03 10:44:14,228.1,2273110
2021-06-03 10:44:17,228.1,2273380
2021-06-03 10:44:20,228.1,2275242
2021-06-03 10:44:22,228.1,2275356
2021-06-03 10:44:26,228.15,2275601
2021-06-03 10:44:32,228.15,2276317
2021-06-03 10:44:36,228.15,2277019
2021-06-03 10:44:39,228.2,2277101
2021-06-03 10:44:42,228.15,2278054
2021-06-03 10:44:45,228.15,2278264
2021-06-03 10:44:48,228.15,2278276
2021-06-03 10:44:52,228.2,2278365
2021-06-03 10:44:55,228.2,2278705
2021-06-03 10:44:58,228.2,2278707
2021-06-03 10:45:01,228.25,2280855
2021-06-03 10:45:05,228.3,2281457
2021-06-03 10:45:09,228.3,2281457
2021-06-03 10:45:12,228.35,2281501
2021-06-03 10:45:15,228.35,2281501
2021-06-03 10:45:18,228.35,2281501
2021-06-03 10:45:20,228.35,2281618
2021-06-03 10:45:24,228.35,2281618
2021-06-03 10:45:27,228.3,2282599
2021-06-03 10:45:30,228.25,2282882
2021-06-03 10:45:33,228.25,2282970
2021-06-03 10:45:36,228.25,2283116
2021-06-03 10:45:39,228.2,2283264
2021-06-03 10:45:42,228.25,2283652
2021-06-03 10:45:45,228.2,2283662
2021-06-03 10:45:48,228.25,2285106
2021-06-03 10:45:52,228.5,2289748
2021-06-03 10:45:56,228.4,2290896
2021-06-03 10:46:00,228.3,2291671
2021-06-03 10:46:04,228.5,2292766
2021-06-03 10:46:07,228.2,2308842
2021-06-03 10:46:10,228.1,2318283
2021-06-03 10:46:13,228.0,2318643
2021-06-03 10:46:16,227.95,2321352
2021-06-03 10:46:20,228.0,2321416
2021-06-03 10:46:23,227.95,2321431
2021-06-03 10:46:26,227.95,2321431
2021-06-03 10:46:29,228.0,2321590
2021-06-03 10:46:32,228.0,2321590
2021-06-03 10:46:35,227.95,2321678
2021-06-03 10:46:39,227.95,2321678
2021-06-03 10:46:42,227.95,2321678
2021-06-03 10:46:45,228.0,2321867
2021-06-03 10:46:48,228.0,2322045
2021-06-03 10:46:51,228.0,2323023
2021-06-03 10:46:55,228.0,2323506
2021-06-03 10:46:58,228.0,2323927
2021-06-03 10:47:01,228.0,2324156
2021-06-03 10:47:04,228.0,2327571
2021-06-03 10:47:07,228.0,2328218
2021-06-03 10:47:11,228.05,2328541
2021-06-03 10:47:14,228.05,2328658
2021-06-03 10:47:17,228.05,2328658
2021-06-03 10:47:20,228.1,2328740
2021-06-03 10:47:23,228.15,2328742
2021-06-03 10:47:26,228.05,2328842
2021-06-03 10:47:29,228.2,2330598
2021-06-03 10:47:32,228.15,2330605
2021-06-03 10:47:35,228.05,2332087
2021-06-03 10:47:38,228.15,2333320
2021-06-03 10:47:41,227.95,2335688
2021-06-03 10:47:44,227.95,2338864
2021-06-03 10:47:46,227.9,2339302
2021-06-03 10:47:49,228.0,2341223
2021-06-03 10:47:53,227.95,2341403
2021-06-03 10:47:56,227.95,2341428
2021-06-03 10:47:59,227.9,2341457
2021-06-03 10:48:02,227.95,2341595
2021-06-03 10:48:05,227.95,2341868
2021-06-03 10:48:08,228.0,2342195
2021-06-03 10:48:12,228.0,2343581
2021-06-03 10:48:15,228.15,2343626
2021-06-03 10:48:19,228.05,2344990
2021-06-03 10:48:22,228.05,2345579
2021-06-03 10:48:26,227.95,2345638
2021-06-03 10:48:29,228.05,2345727
2021-06-03 10:48:32,228.05,2345959
2021-06-03 10:48:35,228.1,2346183
2021-06-03 10:48:39,228.0,2346185
2021-06-03 10:48:41,228.15,2346260
2021-06-03 10:48:44,228.15,2346304
2021-06-03 10:48:48,228.1,2346439
2021-06-03 10:48:51,228.1,2346442
2021-06-03 10:48:54,228.15,2346983
2021-06-03 10:48:57,228.15,2347073
2021-06-03 10:49:00,228.15,2347123
2021-06-03 10:49:03,228.1,2347124
2021-06-03 10:49:06,228.15,2347154
2021-06-03 10:49:09,228.15,2347154
2021-06-03 10:49:12,228.1,2347155
2021-06-03 10:49:15,228.15,2347255
2021-06-03 10:49:19,228.15,2347344
2021-06-03 10:49:22,228.15,2347388
2021-06-03 10:49:24,228.15,2347628
2021-06-03 10:49:27,228.15,2347672
2021-06-03 10:49:30,228.15,2347917
2021-06-03 10:49:33,228.1,2348165
2021-06-03 10:49:36,228.05,2353807
2021-06-03 10:49:38,228.0,2355157
2021-06-03 10:49:41,228.0,2355157
2021-06-03 10:49:44,228.0,2355202
2021-06-03 10:49:50,227.9,2355817
2021-06-03 10:49:53,227.95,2355894
2021-06-03 10:49:56,228.0,2355902
2021-06-03 10:49:59,228.0,2355902
2021-06-03 10:50:02,228.0,2355902
2021-06-03 10:50:05,228.0,2356151
2021-06-03 10:50:09,227.9,2356408
2021-06-03 10:50:12,227.95,2356732
2021-06-03 10:50:15,227.95,2356785
2021-06-03 10:50:18,227.9,2356835
2021-06-03 10:50:21,227.9,2356835
2021-06-03 10:50:24,227.95,2357023
2021-06-03 10:50:27,227.95,2357033
2021-06-03 10:50:30,227.95,2357083
2021-06-03 10:50:33,227.95,2357133
2021-06-03 10:50:36,227.95,2357800
2021-06-03 10:50:38,227.95,2358192
2021-06-03 10:50:41,227.9,2358290
2021-06-03 10:50:43,227.95,2358349
2021-06-03 10:50:46,227.9,2358394
2021-06-03 10:50:48,227.9,2358394
2021-06-03 10:50:51,227.95,2358404
2021-06-03 10:50:54,227.9,2358406
2021-06-03 10:50:57,227.9,2358406
2021-06-03 10:51:00,227.9,2358406
2021-06-03 10:51:03,227.95,2358411
2021-06-03 10:51:05,227.9,2358661
2021-06-03 10:51:08,227.9,2358687
2021-06-03 10:51:11,227.9,2358687
2021-06-03 10:51:14,227.9,2358687
2021-06-03 10:51:17,227.95,2359909
2021-06-03 10:51:20,227.95,2359909
2021-06-03 10:51:23,227.95,2360109
2021-06-03 10:51:25,227.95,2360109
2021-06-03 10:51:28,227.95,2360109
2021-06-03 10:51:31,227.9,2360110
2021-06-03 10:51:34,227.95,2360127
2021-06-03 10:51:36,227.95,2360132
2021-06-03 10:51:39,227.95,2360570
2021-06-03 10:51:42,227.95,2360570
2021-06-03 10:51:44,227.95,2360570
2021-06-03 10:51:47,227.95,2360572
2021-06-03 10:51:50,227.95,2361225
2021-06-03 10:51:53,227.95,2361314
2021-06-03 10:51:56,227.95,2361325
2021-06-03 10:51:58,227.95,2361325
2021-06-03 10:52:01,228.0,2361425
2021-06-03 10:52:03,228.0,2362554
2021-06-03 10:52:06,228.0,2362554
2021-06-03 10:52:09,228.0,2362711
2021-06-03 10:52:12,228.0,2362711
2021-06-03 10:52:15,228.0,2362711
2021-06-03 10:52:18,228.0,2362711
2021-06-03 10:52:21,228.0,2362711
2021-06-03 10:52:24,228.0,2362911
2021-06-03 10:52:27,228.0,2362911
2021-06-03 10:52:30,228.0,2362911
2021-06-03 10:52:33,228.0,2362911
2021-06-03 10:52:36,227.95,2362999
2021-06-03 10:52:38,227.95,2364624
2021-06-03 10:52:41,228.0,2364682
2021-06-03 10:52:44,228.0,2364682
2021-06-03 10:52:47,228.0,2364886
2021-06-03 10:52:50,228.0,2364886
2021-06-03 10:52:53,228.0,2365038
2021-06-03 10:52:56,227.95,2365288
2021-06-03 10:52:58,227.9,2366080
2021-06-03 10:53:01,227.9,2366080
2021-06-03 10:53:04,227.9,2366080
2021-06-03 10:53:07,227.95,2366081
2021-06-03 10:53:10,227.9,2366285
2021-06-03 10:53:13,227.95,2366367
2021-06-03 10:53:16,227.95,2366977
2021-06-03 10:53:18,227.95,2366987
2021-06-03 10:53:21,227.95,2366987
2021-06-03 10:53:25,228.0,2367345
2021-06-03 10:53:28,227.95,2367348
2021-06-03 10:53:31,228.0,2368442
2021-06-03 10:53:34,227.95,2368563
2021-06-03 10:53:37,227.95,2368563
2021-06-03 10:53:40,227.95,2368563
2021-06-03 10:53:43,228.0,2368863
2021-06-03 10:53:46,227.95,2368896
2021-06-03 10:53:50,227.95,2368896
2021-06-03 10:53:53,228.0,2368946
2021-06-03 10:53:55,227.95,2368991
2021-06-03 10:53:58,227.95,2369017
2021-06-03 10:54:01,227.95,2369017
2021-06-03 10:54:03,227.95,2369017
2021-06-03 10:54:06,227.95,2369017
2021-06-03 10:54:09,227.95,2369017
2021-06-03 10:54:11,227.95,2369027
2021-06-03 10:54:14,228.0,2369166
2021-06-03 10:54:17,227.95,2369184
2021-06-03 10:54:20,227.95,2369234
2021-06-03 10:54:23,227.95,2369234
2021-06-03 10:54:25,227.95,2369234
2021-06-03 10:54:28,228.0,2370060
2021-06-03 10:54:31,227.95,2370158
2021-06-03 10:54:34,228.0,2370208
2021-06-03 10:54:37,228.0,2370208
2021-06-03 10:54:40,228.0,2370228
2021-06-03 10:54:44,227.85,2387894
2021-06-03 10:54:46,227.85,2388921
2021-06-03 10:54:49,227.8,2389864
2021-06-03 10:54:52,227.9,2389885
2021-06-03 10:54:54,227.9,2389885
2021-06-03 10:54:57,227.9,2389885
2021-06-03 10:55:00,227.9,2389885
2021-06-03 10:55:03,227.9,2389885
2021-06-03 10:55:06,227.9,2390011
2021-06-03 10:55:09,227.95,2390145
2021-06-03 10:55:12,227.95,2390262
2021-06-03 10:55:15,227.95,2390545
2021-06-03 10:55:18,227.9,2390583
2021-06-03 10:55:21,227.9,2390598
2021-06-03 10:55:24,227.95,2390779
2021-06-03 10:55:28,227.95,2390779
2021-06-03 10:55:31,227.95,2390947
2021-06-03 10:55:34,227.95,2391865
2021-06-03 10:55:37,227.95,2392486
2021-06-03 10:55:40,227.95,2392648
2021-06-03 10:55:43,227.95,2392676
2021-06-03 10:55:46,227.95,2392676
2021-06-03 10:55:49,227.95,2392676
2021-06-03 10:55:53,228.0,2392720
2021-06-03 10:55:56,228.0,2392821
2021-06-03 10:55:59,227.95,2393235
2021-06-03 10:56:02,228.0,2393791
2021-06-03 10:56:05,227.9,2393848
2021-06-03 10:56:09,228.0,2393938
2021-06-03 10:56:12,227.95,2393941
2021-06-03 10:56:15,227.95,2394051
2021-06-03 10:56:17,227.95,2394390
2021-06-03 10:56:20,227.95,2394499
2021-06-03 10:56:23,227.95,2394512
2021-06-03 10:56:26,227.95,2394557
2021-06-03 10:56:29,227.95,2394662
2021-06-03 10:56:32,227.95,2395341
2021-06-03 10:56:35,227.9,2395537
2021-06-03 10:56:38,227.95,2395971
2021-06-03 10:56:41,227.9,2396032
2021-06-03 10:56:44,227.9,2396475
2021-06-03 10:56:47,227.9,2396525
2021-06-03 10:56:50,227.95,2396837
2021-06-03 10:56:54,227.9,2396872
2021-06-03 10:56:56,227.95,2396922
2021-06-03 10:56:59,227.95,2396922
2021-06-03 10:57:01,227.95,2396958
2021-06-03 10:57:04,227.95,2396958
2021-06-03 10:57:07,227.95,2397103
2021-06-03 10:57:09,227.95,2397119
2021-06-03 10:57:12,227.95,2397120
2021-06-03 10:57:14,227.95,2397320
2021-06-03 10:57:20,227.95,2397967
2021-06-03 10:57:22,227.95,2398115
2021-06-03 10:57:25,227.95,2398160
2021-06-03 10:57:28,227.95,2399563
2021-06-03 10:57:30,227.95,2399945
2021-06-03 10:57:33,227.95,2399975
2021-06-03 10:57:36,228.0,2400064
2021-06-03 10:57:39,227.95,2400878
2021-06-03 10:57:41,227.95,2401008
2021-06-03 10:57:44,228.0,2401041
2021-06-03 10:57:46,228.0,2401341
2021-06-03 10:57:49,228.0,2401342
2021-06-03 10:57:52,228.0,2401342
2021-06-03 10:57:54,228.0,2403342
2021-06-03 10:57:56,227.95,2403621
2021-06-03 10:57:59,227.95,2404011
2021-06-03 10:58:01,227.95,2404061
2021-06-03 10:58:04,228.0,2404106
2021-06-03 10:58:07,228.0,2404106
2021-06-03 10:58:10,227.95,2404206
2021-06-03 10:58:12,228.0,2404786
2021-06-03 10:58:15,227.9,2404865
2021-06-03 10:58:18,227.9,2404865
2021-06-03 10:58:20,227.9,2404865
2021-06-03 10:58:23,227.9,2404885
2021-06-03 10:58:25,227.95,2407368
2021-06-03 10:58:28,227.85,2408179
2021-06-03 10:58:30,227.85,2408333
2021-06-03 10:58:33,227.9,2408433
2021-06-03 10:58:36,227.9,2408443
2021-06-03 10:58:38,227.9,2408443
2021-06-03 10:58:41,227.9,2408582
2021-06-03 10:58:44,227.9,2409137
2021-06-03 10:58:47,227.9,2409312
2021-06-03 10:58:50,227.9,2409536
2021-06-03 10:58:53,227.9,2409671
2021-06-03 10:58:56,228.0,2409804
2021-06-03 10:58:59,228.0,2409804
2021-06-03 10:59:01,228.0,2409804
2021-06-03 10:59:04,228.0,2409931
2021-06-03 10:59:07,228.0,2409931
2021-06-03 10:59:10,228.0,2409996
2021-06-03 10:59:13,227.95,2410111
2021-06-03 10:59:16,227.95,2410234
2021-06-03 10:59:19,228.0,2410299
2021-06-03 10:59:22,227.95,2410308
2021-06-03 10:59:25,227.95,2410718
2021-06-03 10:59:28,227.95,2410826
2021-06-03 10:59:31,227.95,2410850
2021-06-03 10:59:33,227.95,2410962
2021-06-03 10:59:36,227.8,2415361
2021-06-03 10:59:39,227.85,2416519
2021-06-03 10:59:42,227.75,2416618
2021-06-03 10:59:46,227.85,2416671
2021-06-03 10:59:49,227.85,2416861
2021-06-03 10:59:52,227.75,2416881
2021-06-03 10:59:55,227.75,2416881
2021-06-03 10:59:57,227.8,2416882
2021-06-03 11:00:00,227.75,2418922
2021-06-03 11:00:03,227.8,2419179
2021-06-03 11:00:06,227.8,2419318
2021-06-03 11:00:09,227.8,2419362
2021-06-03 11:00:12,227.85,2420206
2021-06-03 11:00:15,227.85,2420504
2021-06-03 11:00:19,227.8,2420824
2021-06-03 11:00:22,227.8,2420824
2021-06-03 11:00:25,227.75,2420905
2021-06-03 11:00:28,227.8,2422048
2021-06-03 11:00:31,227.8,2422335
2021-06-03 11:00:34,227.85,2422364
2021-06-03 11:00:37,227.8,2422576
2021-06-03 11:00:40,227.8,2422646
2021-06-03 11:00:43,227.85,2422676
2021-06-03 11:00:45,227.85,2422676
2021-06-03 11:00:48,227.85,2422776
2021-06-03 11:00:51,227.8,2422857
2021-06-03 11:00:54,227.8,2422918
2021-06-03 11:00:57,227.8,2422939
2021-06-03 11:01:00,227.8,2423074
2021-06-03 11:01:02,227.85,2423084
2021-06-03 11:01:05,227.85,2423176
2021-06-03 11:01:08,227.85,2423342
2021-06-03 11:01:11,227.85,2423342
2021-06-03 11:01:14,227.85,2423603
2021-06-03 11:01:17,227.8,2423761
2021-06-03 11:01:20,227.85,2423906
2021-06-03 11:01:22,227.8,2423916
2021-06-03 11:01:25,227.8,2423917
2021-06-03 11:01:28,227.8,2424118
2021-06-03 11:01:32,227.85,2424850
2021-06-03 11:01:35,227.8,2424951
2021-06-03 11:01:38,227.8,2425457
2021-06-03 11:01:41,227.8,2425457
2021-06-03 11:01:44,227.8,2425457
2021-06-03 11:01:47,227.85,2425524
2021-06-03 11:01:50,227.85,2425524
2021-06-03 11:01:53,227.8,2425547
2021-06-03 11:01:58,227.8,2425646
2021-06-03 11:02:01,227.8,2425651
2021-06-03 11:02:04,227.85,2425657
2021-06-03 11:02:07,227.85,2425659
2021-06-03 11:02:10,227.85,2425669
2021-06-03 11:02:13,227.85,2425669
2021-06-03 11:02:16,227.85,2425769
2021-06-03 11:02:19,227.85,2425769
2021-06-03 11:02:25,227.85,2425769
2021-06-03 11:02:29,227.85,2426273
2021-06-03 11:02:31,227.8,2426296
2021-06-03 11:02:34,227.8,2426296
2021-06-03 11:02:38,227.85,2426301
2021-06-03 11:02:41,227.85,2426374
2021-06-03 11:02:45,227.85,2426374
2021-06-03 11:02:48,227.8,2426384
2021-06-03 11:02:51,227.85,2426409
2021-06-03 11:02:54,227.85,2426434
2021-06-03 11:02:56,227.85,2426434
2021-06-03 11:02:59,227.85,2426435
2021-06-03 11:03:02,227.85,2426435
2021-06-03 11:03:05,227.85,2426470
2021-06-03 11:03:08,227.85,2426470
2021-06-03 11:03:11,227.85,2426470
2021-06-03 11:03:13,227.85,2426470
2021-06-03 11:03:16,227.85,2426470
2021-06-03 11:03:19,227.85,2427272
2021-06-03 11:03:21,227.8,2427364
2021-06-03 11:03:24,227.8,2427364
2021-06-03 11:03:27,227.9,2427372
2021-06-03 11:03:30,227.9,2427491
2021-06-03 11:03:34,227.85,2427500
2021-06-03 11:03:37,227.85,2427534
2021-06-03 11:03:40,227.85,2427579
2021-06-03 11:03:43,227.85,2427579
2021-06-03 11:03:46,227.85,2427579
2021-06-03 11:03:49,227.85,2427579
2021-06-03 11:03:51,227.9,2429705
2021-06-03 11:03:54,227.8,2429950
2021-06-03 11:03:57,227.85,2430039
2021-06-03 11:04:01,227.85,2430327
2021-06-03 11:04:04,227.85,2430517
2021-06-03 11:04:06,227.8,2430737
2021-06-03 11:04:09,227.85,2430742
2021-06-03 11:04:12,227.8,2430767
2021-06-03 11:04:15,227.85,2430900
2021-06-03 11:04:18,227.8,2431189
2021-06-03 11:04:21,227.8,2431197
2021-06-03 11:04:24,227.8,2431197
2021-06-03 11:04:27,227.9,2432197
2021-06-03 11:04:29,227.75,2432367
2021-06-03 11:04:32,227.85,2432867
2021-06-03 11:04:35,227.85,2432877
2021-06-03 11:04:37,227.75,2432977
2021-06-03 11:04:40,227.75,2432977
2021-06-03 11:04:43,227.8,2433010
2021-06-03 11:04:47,227.85,2433165
2021-06-03 11:04:50,227.85,2433185
2021-06-03 11:04:53,227.85,2433235
2021-06-03 11:04:56,227.85,2433349
2021-06-03 11:04:59,227.85,2433349
2021-06-03 11:05:02,227.8,2433602
2021-06-03 11:05:08,227.8,2433702
2021-06-03 11:05:14,227.6,2448773
2021-06-03 11:05:17,227.6,2449442
2021-06-03 11:05:19,227.6,2449462
2021-06-03 11:05:23,227.5,2454782
2021-06-03 11:05:26,227.5,2455523
2021-06-03 11:05:29,227.5,2455678
2021-06-03 11:05:32,227.55,2456294
2021-06-03 11:05:35,227.55,2456295
2021-06-03 11:05:38,227.55,2456340
2021-06-03 11:05:41,227.55,2464365
2021-06-03 11:05:45,227.55,2465451
2021-06-03 11:05:48,227.5,2465460
2021-06-03 11:05:52,227.5,2465710
2021-06-03 11:05:55,227.5,2466040
2021-06-03 11:05:58,227.55,2466470
2021-06-03 11:06:01,227.55,2467668
2021-06-03 11:06:04,227.55,2468439
2021-06-03 11:06:07,227.7,2473624
2021-06-03 11:06:10,227.7,2474192
2021-06-03 11:06:13,227.8,2474204
2021-06-03 11:06:16,227.8,2474204
2021-06-03 11:06:19,227.7,2474304
2021-06-03 11:06:22,227.8,2474504
2021-06-03 11:06:25,227.8,2475054
2021-06-03 11:06:28,227.8,2475319
2021-06-03 11:06:31,227.8,2475452
2021-06-03 11:06:34,227.75,2475748
2021-06-03 11:06:38,227.8,2475826
2021-06-03 11:06:41,227.8,2476851
2021-06-03 11:06:44,227.8,2476901
2021-06-03 11:06:47,227.8,2476901
2021-06-03 11:06:50,227.8,2477151
2021-06-03 11:06:53,227.8,2477680
2021-06-03 11:06:56,227.85,2477816
2021-06-03 11:06:59,227.85,2477860
2021-06-03 11:07:03,227.8,2477865
2021-06-03 11:07:06,227.85,2480059
2021-06-03 11:07:09,227.9,2480608
2021-06-03 11:07:11,227.9,2482115
2021-06-03 11:07:14,227.85,2482289
2021-06-03 11:07:18,227.85,2482291
2021-06-03 11:07:21,227.9,2484121
2021-06-03 11:07:24,227.9,2484325
2021-06-03 11:07:27,227.9,2484525
2021-06-03 11:07:30,227.95,2484585
2021-06-03 11:07:33,227.95,2484586
2021-06-03 11:07:37,227.95,2485030
2021-06-03 11:07:40,227.95,2485074
2021-06-03 11:07:43,227.95,2485319
2021-06-03 11:07:46,227.95,2485364
2021-06-03 11:07:49,227.95,2485564
2021-06-03 11:07:52,227.95,2485725
2021-06-03 11:07:55,227.95,2486092
2021-06-03 11:07:59,227.95,2486320
2021-06-03 11:08:02,227.95,2486331
2021-06-03 11:08:05,227.95,2486538
2021-06-03 11:08:08,227.95,2486631
2021-06-03 11:08:11,227.9,2486681
2021-06-03 11:08:14,227.95,2489034
2021-06-03 11:08:17,227.9,2489353
2021-06-03 11:08:20,227.95,2489403
2021-06-03 11:08:23,227.95,2489403
2021-06-03 11:08:26,227.95,2489403
2021-06-03 11:08:29,227.95,2489599
2021-06-03 11:08:31,227.95,2489629
2021-06-03 11:08:34,227.95,2489629
2021-06-03 11:08:37,227.95,2489829
2021-06-03 11:08:40,227.95,2489829
2021-06-03 11:08:43,227.9,2493847
2021-06-03 11:08:46,227.9,2493905
2021-06-03 11:08:49,227.85,2494349
2021-06-03 11:08:52,227.9,2494353
2021-06-03 11:08:59,227.9,2494353
2021-06-03 11:09:02,227.9,2494374
2021-06-03 11:09:06,227.9,2494374
2021-06-03 11:09:09,227.9,2494375
2021-06-03 11:09:11,227.9,2494475
2021-06-03 11:09:14,227.85,2494575
2021-06-03 11:09:17,227.9,2494617
2021-06-03 11:09:20,227.9,2494617
2021-06-03 11:09:27,227.85,2494761
2021-06-03 11:09:30,227.85,2494816
2021-06-03 11:09:33,227.9,2495301
2021-06-03 11:09:36,227.9,2495301
2021-06-03 11:09:39,227.9,2495318
2021-06-03 11:09:42,227.85,2495785
2021-06-03 11:09:45,227.85,2496163
2021-06-03 11:09:48,227.9,2496287
2021-06-03 11:09:51,227.85,2496293
2021-06-03 11:09:54,227.9,2496359
2021-06-03 11:09:56,227.9,2496359
2021-06-03 11:09:59,227.9,2496361
2021-06-03 11:10:02,227.9,2496371
2021-06-03 11:10:04,227.85,2496904
2021-06-03 11:10:07,227.85,2496989
2021-06-03 11:10:10,227.9,2497189
2021-06-03 11:10:13,227.85,2497289
2021-06-03 11:10:16,227.85,2497289
2021-06-03 11:10:19,227.85,2497289
2021-06-03 11:10:22,227.85,2497289
2021-06-03 11:10:25,227.9,2497389
2021-06-03 11:10:28,227.9,2497699
2021-06-03 11:10:32,227.85,2497799
2021-06-03 11:10:35,227.9,2498075
2021-06-03 11:10:37,227.85,2498077
2021-06-03 11:10:40,227.9,2498079
2021-06-03 11:10:42,227.9,2498179
2021-06-03 11:10:45,227.9,2499471
2021-06-03 11:10:48,227.75,2511015
2021-06-03 11:10:51,227.65,2511659
2021-06-03 11:10:53,227.6,2511895
2021-06-03 11:10:56,227.55,2512642
2021-06-03 11:10:59,227.55,2512947
2021-06-03 11:11:02,227.6,2513047
2021-06-03 11:11:05,227.55,2513052
2021-06-03 11:11:07,227.55,2513176
2021-06-03 11:11:10,227.6,2513677
2021-06-03 11:11:13,227.6,2514227
2021-06-03 11:11:16,227.6,2514299
2021-06-03 11:11:19,227.6,2514388
2021-06-03 11:11:22,227.6,2515041
2021-06-03 11:11:25,227.6,2517329
2021-06-03 11:11:28,227.55,2517725
2021-06-03 11:11:31,227.55,2517725
2021-06-03 11:11:34,227.6,2518025
2021-06-03 11:11:37,227.65,2518183
2021-06-03 11:11:40,227.65,2518474
2021-06-03 11:11:42,227.6,2518524
2021-06-03 11:11:45,227.65,2519199
2021-06-03 11:11:48,227.65,2519209
2021-06-03 11:11:51,227.6,2519214
2021-06-03 11:11:54,227.6,2519214
2021-06-03 11:11:56,227.6,2519214
2021-06-03 11:11:59,227.6,2520214
2021-06-03 11:12:02,227.6,2520354
2021-06-03 11:12:04,227.6,2520354
2021-06-03 11:12:07,227.6,2520388
2021-06-03 11:12:10,227.6,2520388
2021-06-03 11:12:13,227.65,2520413
2021-06-03 11:12:16,227.65,2520413
2021-06-03 11:12:19,227.65,2520413
2021-06-03 11:12:22,227.65,2520413
2021-06-03 11:12:25,227.65,2520463
2021-06-03 11:12:27,227.65,2520468
2021-06-03 11:12:30,227.6,2521368
2021-06-03 11:12:33,227.5,2527927
2021-06-03 11:12:37,227.3,2535061
2021-06-03 11:12:40,227.25,2535638
2021-06-03 11:12:43,227.15,2536755
2021-06-03 11:12:45,227.15,2537480
2021-06-03 11:12:48,227.2,2537887
2021-06-03 11:12:50,227.15,2539689
2021-06-03 11:12:53,227.2,2542914
2021-06-03 11:12:55,227.15,2543417
2021-06-03 11:12:58,227.2,2544493
2021-06-03 11:13:01,227.15,2545518
2021-06-03 11:13:04,227.15,2545814
2021-06-03 11:13:07,226.95,2574602
2021-06-03 11:13:10,227.1,2589467
2021-06-03 11:13:12,226.9,2598438
2021-06-03 11:13:15,226.95,2601069
2021-06-03 11:13:18,226.95,2603338
2021-06-03 11:13:20,227.2,2616877
2021-06-03 11:13:23,227.35,2618208
2021-06-03 11:13:26,227.25,2618289
2021-06-03 11:13:29,227.25,2619274
2021-06-03 11:13:32,227.25,2619323
2021-06-03 11:13:35,227.25,2619373
2021-06-03 11:13:38,227.3,2619935
2021-06-03 11:13:40,227.3,2619955
2021-06-03 11:13:43,227.3,2619955
2021-06-03 11:13:46,227.3,2619955
2021-06-03 11:13:49,227.3,2620024
2021-06-03 11:13:51,227.3,2620225
2021-06-03 11:13:54,227.3,2620692
2021-06-03 11:13:57,227.3,2620763
2021-06-03 11:13:59,227.25,2620913
2021-06-03 11:14:02,227.3,2621013
2021-06-03 11:14:05,227.3,2625558
2021-06-03 11:14:08,227.25,2625638
2021-06-03 11:14:11,227.25,2626458
2021-06-03 11:14:13,227.25,2627049
2021-06-03 11:14:16,227.25,2627069
2021-06-03 11:14:19,227.25,2627805
2021-06-03 11:14:21,227.2,2628246
2021-06-03 11:14:24,227.25,2629698
2021-06-03 11:14:27,227.2,2629925
2021-06-03 11:14:29,227.25,2629930
2021-06-03 11:14:32,227.2,2630070
2021-06-03 11:14:35,227.25,2631332
2021-06-03 11:14:37,227.25,2633362
2021-06-03 11:14:40,227.2,2634523
2021-06-03 11:14:43,227.2,2634755
2021-06-03 11:14:46,227.2,2635276
2021-06-03 11:14:48,227.15,2635291
2021-06-03 11:14:51,227.1,2639296
2021-06-03 11:14:54,227.05,2641711
2021-06-03 11:14:56,227.05,2641783
2021-06-03 11:14:59,227.1,2642335
2021-06-03 11:15:02,227.1,2649234
2021-06-03 11:15:04,226.9,2650341
2021-06-03 11:15:07,226.95,2650892
2021-06-03 11:15:10,226.9,2651022
2021-06-03 11:15:13,226.9,2651022
2021-06-03 11:15:15,226.9,2651022
2021-06-03 11:15:18,226.9,2651061
2021-06-03 11:15:20,227.0,2651862
2021-06-03 11:15:23,226.9,2652082
2021-06-03 11:15:26,226.9,2652112
2021-06-03 11:15:28,226.95,2652237
2021-06-03 11:15:31,226.95,2652502
2021-06-03 11:15:34,227.0,2653836
2021-06-03 11:15:37,226.9,2654056
2021-06-03 11:15:40,226.95,2654556
2021-06-03 11:15:42,226.95,2654556
2021-06-03 11:15:45,227.0,2654754
2021-06-03 11:15:48,227.0,2654764
2021-06-03 11:15:50,227.0,2655300
2021-06-03 11:15:53,227.05,2655693
2021-06-03 11:15:56,227.05,2655693
2021-06-03 11:15:59,227.05,2655693
2021-06-03 11:16:02,227.0,2658754
2021-06-03 11:16:04,226.9,2658904
2021-06-03 11:16:04,227.0,2658954
2021-06-03 11:16:05,227.0,2658967
2021-06-03 11:16:06,226.9,2661091
2021-06-03 11:16:07,227.0,2661186
2021-06-03 11:16:08,227.0,2661186
2021-06-03 11:16:10,227.0,2661186
2021-06-03 11:16:11,227.0,2661186
2021-06-03 11:16:12,227.0,2661216
2021-06-03 11:16:14,227.0,2661216
2021-06-03 11:16:15,227.0,2661216
2021-06-03 11:16:15,226.95,2661333
2021-06-03 11:16:16,226.9,2662397
2021-06-03 11:16:18,226.9,2662397
2021-06-03 11:16:18,226.9,2662397
2021-06-03 11:16:19,227.0,2663197
2021-06-03 11:16:20,226.95,2663297
2021-06-03 11:16:21,227.0,2664227
2021-06-03 11:16:22,227.0,2664227
2021-06-03 11:16:23,227.0,2664227
2021-06-03 11:16:24,227.05,2664232
2021-06-03 11:16:25,227.15,2673096
2021-06-03 11:16:26,227.05,2673985
2021-06-03 11:16:27,227.05,2673985
2021-06-03 11:16:29,227.05,2674335
2021-06-03 11:16:30,227.05,2674335
2021-06-03 11:16:31,227.05,2674335
2021-06-03 11:16:32,227.05,2674335
2021-06-03 11:16:33,227.3,2679441
2021-06-03 11:16:34,227.2,2680005
2021-06-03 11:16:36,227.35,2683470
2021-06-03 11:16:37,227.2,2683855
2021-06-03 11:16:38,227.2,2683855
2021-06-03 11:16:39,227.2,2683855
2021-06-03 11:16:40,227.2,2683855
2021-06-03 11:16:41,227.2,2683900
2021-06-03 11:16:42,227.2,2683901
2021-06-03 11:16:43,227.2,2684101
2021-06-03 11:16:44,227.2,2684101
2021-06-03 11:16:44,227.3,2684346
2021-06-03 11:16:45,227.3,2684346
2021-06-03 11:16:46,227.3,2684346
2021-06-03 11:16:47,227.3,2684346
2021-06-03 11:16:48,227.3,2684346
2021-06-03 11:16:49,227.2,2684366
2021-06-03 11:16:50,227.15,2684830
2021-06-03 11:16:51,227.15,2684830
2021-06-03 11:16:52,227.2,2684854
2021-06-03 11:16:54,227.15,2684906
2021-06-03 11:16:55,227.15,2684906
2021-06-03 11:16:56,227.15,2684906
2021-06-03 11:16:56,227.2,2684916
2021-06-03 11:16:57,227.3,2686918
2021-06-03 11:16:58,227.25,2686943
2021-06-03 11:17:00,227.25,2686943
2021-06-03 11:17:01,227.2,2686945
2021-06-03 11:17:02,227.2,2687029
2021-06-03 11:17:03,227.2,2687029
2021-06-03 11:17:04,227.2,2687089
2021-06-03 11:17:04,227.2,2687089
2021-06-03 11:17:06,227.3,2687284
2021-06-03 11:17:07,227.3,2687284
2021-06-03 11:17:07,227.3,2687284
2021-06-03 11:17:09,227.3,2687321
2021-06-03 11:17:11,227.3,2687321
2021-06-03 11:17:11,227.3,2687321
2021-06-03 11:17:12,227.3,2687341
2021-06-03 11:17:14,227.3,2687341
2021-06-03 11:17:15,227.3,2687341
2021-06-03 11:17:16,227.3,2687341
2021-06-03 11:17:17,227.3,2687341
2021-06-03 11:17:18,227.3,2688341
2021-06-03 11:17:19,227.3,2688341
2021-06-03 11:17:20,227.25,2688366
2021-06-03 11:17:21,227.25,2688366
2021-06-03 11:17:22,227.2,2688403
2021-06-03 11:17:22,227.2,2688403
2021-06-03 11:17:23,227.2,2688403
2021-06-03 11:17:25,227.2,2688403
2021-06-03 11:17:27,227.25,2688503
2021-06-03 11:17:27,227.25,2688503
2021-06-03 11:17:28,227.25,2688513
2021-06-03 11:17:30,227.25,2688513
2021-06-03 11:17:31,227.25,2688513
2021-06-03 11:17:31,227.25,2688513
2021-06-03 11:17:33,227.25,2688513
2021-06-03 11:17:34,227.25,2688513
2021-06-03 11:17:35,227.15,2688819
2021-06-03 11:17:36,227.15,2688839
2021-06-03 11:17:37,227.15,2688839
2021-06-03 11:17:37,227.25,2689339
2021-06-03 11:17:39,227.25,2689339
2021-06-03 11:17:40,227.25,2689340
2021-06-03 11:17:41,227.25,2689340
2021-06-03 11:17:42,227.25,2689340
2021-06-03 11:17:43,227.35,2689840
2021-06-03 11:17:43,227.35,2689840
2021-06-03 11:17:45,227.2,2689890
2021-06-03 11:17:46,227.2,2689890
2021-06-03 11:17:47,227.2,2689890
2021-06-03 11:17:47,227.2,2689890
2021-06-03 11:17:49,227.2,2689890
2021-06-03 11:17:50,227.25,2690186
2021-06-03 11:17:51,227.25,2690186
2021-06-03 11:17:52,227.25,2690186
2021-06-03 11:17:53,227.25,2690186
2021-06-03 11:17:54,227.35,2690211
2021-06-03 11:17:55,227.35,2690211
2021-06-03 11:17:56,227.35,2690211
2021-06-03 11:17:57,227.35,2690211
2021-06-03 11:17:58,227.35,2690221
2021-06-03 11:17:59,227.35,2690294
2021-06-03 11:18:00,227.35,2690312
2021-06-03 11:18:01,227.35,2690312
2021-06-03 11:18:02,227.35,2690312
2021-06-03 11:18:03,227.4,2690412
2021-06-03 11:18:03,227.4,2690412
2021-06-03 11:18:05,227.4,2690412
2021-06-03 11:18:06,227.4,2690412
2021-06-03 11:18:08,227.4,2690412
2021-06-03 11:18:07,227.4,2690412
2021-06-03 11:18:08,227.35,2690452
2021-06-03 11:18:09,227.35,2690652
2021-06-03 11:18:10,227.35,2690652
2021-06-03 11:18:12,227.35,2690652
2021-06-03 11:18:13,227.35,2690652
2021-06-03 11:18:14,227.4,2690852
2021-06-03 11:18:15,227.4,2690852
2021-06-03 11:18:16,227.45,2691204
2021-06-03 11:18:17,227.45,2691204
2021-06-03 11:18:17,227.45,2691204
2021-06-03 11:18:19,227.35,2691205
2021-06-03 11:18:19,227.35,2691205
2021-06-03 11:18:20,227.35,2691205
2021-06-03 11:18:22,227.45,2691276
2021-06-03 11:18:23,227.45,2691276
2021-06-03 11:18:24,227.45,2691276
2021-06-03 11:18:25,227.4,2691426
2021-06-03 11:18:26,227.4,2691426
2021-06-03 11:18:29,227.4,2691426
2021-06-03 11:18:30,227.45,2691432
2021-06-03 11:18:31,227.45,2691432
2021-06-03 11:18:32,227.45,2691432
2021-06-03 11:18:33,227.45,2691432
2021-06-03 11:18:34,227.45,2691443
2021-06-03 11:18:35,227.45,2691453
2021-06-03 11:18:36,227.45,2691453
2021-06-03 11:18:37,227.4,2691497
2021-06-03 11:18:37,227.45,2691597
2021-06-03 11:18:38,227.45,2691685
2021-06-03 11:18:40,227.45,2691685
2021-06-03 11:18:41,227.45,2691685
2021-06-03 11:18:42,227.45,2691685
2021-06-03 11:18:43,227.45,2691685
2021-06-03 11:18:44,227.4,2691695
2021-06-03 11:18:45,227.4,2691730
2021-06-03 11:18:46,227.45,2691784
2021-06-03 11:18:47,227.45,2691784
2021-06-03 11:18:48,227.45,2691784
2021-06-03 11:18:49,227.45,2691784
2021-06-03 11:18:50,227.45,2691784
2021-06-03 11:18:51,227.45,2691784
2021-06-03 11:18:52,227.45,2691784
2021-06-03 11:18:53,227.45,2691828
2021-06-03 11:18:54,227.45,2691828
2021-06-03 11:18:55,227.45,2691828
2021-06-03 11:18:55,227.45,2691828
2021-06-03 11:18:56,227.45,2691828
2021-06-03 11:18:58,227.5,2692528
2021-06-03 11:18:58,227.5,2692528
2021-06-03 11:19:00,227.5,2692528
2021-06-03 11:19:01,227.5,2692528
2021-06-03 11:19:02,227.5,2692528
2021-06-03 11:19:02,227.5,2692528
2021-06-03 11:19:04,227.5,2692528
2021-06-03 11:19:05,227.5,2692528
2021-06-03 11:19:06,227.5,2692756
2021-06-03 11:19:07,227.5,2692756
2021-06-03 11:19:08,227.5,2692756
2021-06-03 11:19:09,227.55,2692784
2021-06-03 11:19:10,227.6,2692794
2021-06-03 11:19:11,227.6,2692794
2021-06-03 11:19:12,227.6,2692927
2021-06-03 11:19:13,227.6,2692927
2021-06-03 11:19:14,227.6,2693002
2021-06-03 11:19:15,227.6,2693087
2021-06-03 11:19:16,227.6,2693087
2021-06-03 11:19:17,227.6,2693087
2021-06-03 11:19:18,227.6,2693087
2021-06-03 11:19:19,227.55,2694103
2021-06-03 11:19:19,227.55,2694103
2021-06-03 11:19:21,227.55,2694103
2021-06-03 11:19:22,227.55,2694103
2021-06-03 11:19:23,227.6,2694173
2021-06-03 11:19:24,227.6,2694173
2021-06-03 11:19:25,227.6,2694173
2021-06-03 11:19:26,227.6,2694173
2021-06-03 11:19:27,227.6,2694173
2021-06-03 11:19:28,227.6,2694173
2021-06-03 11:19:28,227.6,2694173
2021-06-03 11:19:30,227.6,2694173
2021-06-03 11:19:31,227.55,2694225
2021-06-03 11:19:32,227.55,2694225
2021-06-03 11:19:33,227.6,2694269
2021-06-03 11:19:34,227.5,2694274
2021-06-03 11:19:35,227.5,2694408
2021-06-03 11:19:36,227.5,2694408
2021-06-03 11:19:37,227.5,2694408
2021-06-03 11:19:38,227.55,2694503
2021-06-03 11:19:39,227.6,2694618
2021-06-03 11:19:40,227.55,2694663
2021-06-03 11:19:41,227.55,2694663
2021-06-03 11:19:42,227.55,2694841
2021-06-03 11:19:43,227.55,2694841
2021-06-03 11:19:44,227.55,2694841
2021-06-03 11:19:45,227.55,2694841
2021-06-03 11:19:46,227.5,2694901
2021-06-03 11:19:47,227.55,2694941
2021-06-03 11:19:49,227.55,2694985
2021-06-03 11:19:50,227.55,2694985
2021-06-03 11:19:51,227.55,2694985
2021-06-03 11:19:52,227.55,2695030
2021-06-03 11:19:53,227.55,2695030
2021-06-03 11:19:54,227.55,2695163
2021-06-03 11:19:56,227.55,2695307
2021-06-03 11:19:55,227.55,2695307
2021-06-03 11:19:57,227.5,2695312
2021-06-03 11:19:58,227.55,2695357
2021-06-03 11:19:59,227.55,2695357
2021-06-03 11:20:02,227.55,2695357
2021-06-03 11:20:03,227.55,2695357
2021-06-03 11:20:04,227.55,2695357
2021-06-03 11:20:05,227.55,2695357
2021-06-03 11:20:06,227.55,2695357
2021-06-03 11:20:07,227.55,2695382
2021-06-03 11:20:08,227.55,2696177
2021-06-03 11:20:09,227.55,2696427
2021-06-03 11:20:10,227.55,2696427
2021-06-03 11:20:11,227.55,2696427
2021-06-03 11:20:12,227.55,2696427
2021-06-03 11:20:13,227.55,2696483
2021-06-03 11:20:14,227.55,2696483
2021-06-03 11:20:15,227.55,2696483
2021-06-03 11:20:16,227.55,2696499
2021-06-03 11:20:17,227.55,2696499
2021-06-03 11:20:18,227.55,2696535
2021-06-03 11:20:19,227.55,2696535
2021-06-03 11:20:20,227.55,2696635
2021-06-03 11:20:21,227.55,2696635
2021-06-03 11:20:22,227.55,2696643
2021-06-03 11:20:23,227.5,2696655
2021-06-03 11:20:24,227.5,2696655
2021-06-03 11:20:25,227.5,2696655
2021-06-03 11:20:26,227.5,2696655
2021-06-03 11:20:27,227.55,2696905
2021-06-03 11:20:28,227.55,2696912
2021-06-03 11:20:30,227.55,2696912
2021-06-03 11:20:31,227.55,2696912
2021-06-03 11:20:32,227.55,2696912
2021-06-03 11:20:33,227.55,2696912
2021-06-03 11:20:34,227.55,2696956
2021-06-03 11:20:35,227.55,2696956
2021-06-03 11:20:36,227.55,2696956
2021-06-03 11:20:37,227.55,2696956
2021-06-03 11:20:38,227.55,2696956
2021-06-03 11:20:40,227.55,2696991
2021-06-03 11:20:41,227.5,2697011
2021-06-03 11:20:42,227.5,2697037
2021-06-03 11:20:43,227.5,2697037
2021-06-03 11:20:44,227.55,2697171
2021-06-03 11:20:45,227.55,2697171
2021-06-03 11:20:46,227.55,2697216
2021-06-03 11:20:47,227.55,2697216
2021-06-03 11:20:48,227.55,2697216
2021-06-03 11:20:53,227.55,2697216
2021-06-03 11:20:54,227.55,2697223
2021-06-03 11:20:55,227.55,2697223
2021-06-03 11:20:56,227.55,2697273
2021-06-03 11:20:57,227.55,2697273
2021-06-03 11:20:58,227.55,2697273
2021-06-03 11:20:59,227.55,2697318
2021-06-03 11:21:00,227.55,2697407
2021-06-03 11:21:01,227.55,2697407
2021-06-03 11:21:03,227.55,2697407
2021-06-03 11:21:04,227.55,2697407
2021-06-03 11:21:05,227.55,2697507
2021-06-03 11:21:07,227.55,2697691
2021-06-03 11:21:10,227.5,2697700
2021-06-03 11:21:12,227.5,2697700
2021-06-03 11:21:15,227.55,2697798
2021-06-03 11:21:18,227.55,2697873
2021-06-03 11:21:20,227.55,2698008
2021-06-03 11:21:24,227.55,2698580
2021-06-03 11:21:27,227.55,2698596
2021-06-03 11:21:30,227.55,2698598
2021-06-03 11:21:33,227.5,2699073
2021-06-03 11:21:36,227.55,2700384
2021-06-03 11:21:39,227.55,2700434
2021-06-03 11:21:42,227.45,2701269
2021-06-03 11:21:45,227.5,2701809
2021-06-03 11:21:48,227.5,2701809
2021-06-03 11:21:54,227.45,2702794
2021-06-03 11:21:56,227.45,2702794
2021-06-03 11:21:59,227.45,2702794
2021-06-03 11:22:02,227.45,2703428
2021-06-03 11:22:04,227.45,2703428
2021-06-03 11:22:07,227.45,2703428
2021-06-03 11:22:09,227.45,2703472
2021-06-03 11:22:12,227.4,2703527
2021-06-03 11:22:15,227.45,2703620
2021-06-03 11:22:18,227.45,2703754
2021-06-03 11:22:21,227.4,2703768
2021-06-03 11:22:24,227.45,2703788
2021-06-03 11:22:26,227.4,2704647
2021-06-03 11:22:29,227.4,2704748
2021-06-03 11:22:32,227.4,2704748
2021-06-03 11:22:35,227.4,2704998
2021-06-03 11:22:38,227.45,2705115
2021-06-03 11:22:40,227.4,2705463
2021-06-03 11:22:43,227.4,2705572
2021-06-03 11:22:46,227.4,2705572
2021-06-03 11:22:48,227.4,2706399
2021-06-03 11:22:51,227.4,2707323
2021-06-03 11:22:54,227.4,2707418
2021-06-03 11:22:56,227.4,2707509
2021-06-03 11:22:59,227.35,2707545
2021-06-03 11:23:02,227.4,2707635
2021-06-03 11:23:05,227.4,2708857
2021-06-03 11:23:08,227.4,2709217
2021-06-03 11:23:11,227.35,2709400
2021-06-03 11:23:14,227.4,2710032
2021-06-03 11:23:17,227.4,2710717
2021-06-03 11:23:20,227.35,2710829
2021-06-03 11:23:23,227.35,2710829
2021-06-03 11:23:25,227.4,2710831
2021-06-03 11:23:28,227.4,2710831
2021-06-03 11:23:31,227.4,2710981
2021-06-03 11:23:34,227.4,2711163
2021-06-03 11:23:37,227.35,2711181
2021-06-03 11:23:40,227.35,2711181
2021-06-03 11:23:42,227.35,2711181
2021-06-03 11:23:45,227.35,2711191
2021-06-03 11:23:48,227.35,2711191
2021-06-03 11:23:50,227.4,2711291
2021-06-03 11:23:53,227.35,2711303
2021-06-03 11:23:56,227.35,2711498
2021-06-03 11:23:58,227.35,2711520
2021-06-03 11:24:02,227.4,2711711
2021-06-03 11:24:04,227.35,2711735
2021-06-03 11:24:07,227.35,2711735
2021-06-03 11:24:10,227.65,2722956
2021-06-03 11:24:13,227.7,2727212
2021-06-03 11:24:15,227.65,2728356
2021-06-03 11:24:18,227.55,2728541
2021-06-03 11:24:21,227.55,2728551
2021-06-03 11:24:23,227.55,2728551
2021-06-03 11:24:26,227.55,2728551
2021-06-03 11:24:29,227.65,2729551
2021-06-03 11:24:31,227.55,2729663
2021-06-03 11:24:34,227.55,2729663
2021-06-03 11:24:39,227.65,2730198
2021-06-03 11:24:42,227.65,2730361
2021-06-03 11:24:45,227.65,2730635
2021-06-03 11:24:47,227.65,2730971
2021-06-03 11:24:50,227.65,2731056
2021-06-03 11:24:53,227.55,2731305
2021-06-03 11:24:55,227.65,2731468
2021-06-03 11:24:58,227.65,2731681
2021-06-03 11:25:01,227.65,2731714
2021-06-03 11:25:04,227.65,2731754
2021-06-03 11:25:06,227.65,2731828
2021-06-03 11:25:09,227.65,2731851
2021-06-03 11:25:12,227.65,2732036
2021-06-03 11:25:15,227.65,2733176
2021-06-03 11:25:17,227.65,2733329
2021-06-03 11:25:20,227.65,2733364
2021-06-03 11:25:22,227.65,2733414
2021-06-03 11:25:24,227.65,2733456
2021-06-03 11:25:27,227.65,2733476
2021-06-03 11:25:29,227.65,2733565
2021-06-03 11:25:32,227.65,2733643
2021-06-03 11:25:34,227.6,2735108
2021-06-03 11:25:37,227.6,2735288
2021-06-03 11:25:40,227.6,2735365
2021-06-03 11:25:43,227.6,2735405
2021-06-03 11:25:45,227.6,2735435
2021-06-03 11:25:48,227.6,2735517
2021-06-03 11:25:51,227.6,2735568
2021-06-03 11:25:54,227.6,2735658
2021-06-03 11:25:57,227.6,2735711
2021-06-03 11:25:59,227.6,2735841
2021-06-03 11:26:02,227.55,2737494
2021-06-03 11:26:05,227.55,2737751
2021-06-03 11:26:08,227.55,2738151
2021-06-03 11:26:11,227.55,2738234
2021-06-03 11:26:13,227.55,2738284
2021-06-03 11:26:16,227.55,2738537
2021-06-03 11:26:18,227.55,2738594
2021-06-03 11:26:22,227.55,2738595
2021-06-03 11:26:25,227.55,2738595
2021-06-03 11:26:28,227.55,2738595
2021-06-03 11:26:31,227.5,2738631
2021-06-03 11:26:34,227.5,2738636
2021-06-03 11:26:37,227.55,2739636
2021-06-03 11:26:40,227.55,2739810
2021-06-03 11:26:43,227.5,2739826
2021-06-03 11:26:45,227.5,2739826
2021-06-03 11:26:48,227.55,2739864
2021-06-03 11:26:50,227.55,2739990
2021-06-03 11:26:53,227.55,2740181
2021-06-03 11:26:56,227.35,2747225
2021-06-03 11:26:59,227.25,2748196
2021-06-03 11:27:02,227.2,2748369
2021-06-03 11:27:05,227.25,2748741
2021-06-03 11:27:07,227.2,2748781
2021-06-03 11:27:10,227.25,2749320
2021-06-03 11:27:13,227.2,2749380
2021-06-03 11:27:16,227.2,2749405
2021-06-03 11:27:18,227.25,2749406
2021-06-03 11:27:21,227.25,2749569
2021-06-03 11:27:24,227.2,2749660
2021-06-03 11:27:27,227.2,2749661
2021-06-03 11:27:29,227.25,2750165
2021-06-03 11:27:32,227.2,2750289
2021-06-03 11:27:34,227.2,2750289
2021-06-03 11:27:37,227.2,2750528
2021-06-03 11:27:41,227.2,2750917
2021-06-03 11:27:44,227.2,2751295
2021-06-03 11:27:47,227.2,2751577
2021-06-03 11:27:50,227.15,2751604
2021-06-03 11:27:53,227.15,2751623
2021-06-03 11:27:55,227.15,2752471
2021-06-03 11:27:58,227.2,2752828
2021-06-03 11:28:01,227.15,2753513
2021-06-03 11:28:04,227.35,2754049
2021-06-03 11:28:08,227.35,2754368
2021-06-03 11:28:11,227.3,2754620
2021-06-03 11:28:13,227.25,2754645
2021-06-03 11:28:16,227.4,2754856
2021-06-03 11:28:19,227.25,2754880
2021-06-03 11:28:21,227.25,2754880
2021-06-03 11:28:24,227.25,2754880
2021-06-03 11:28:27,227.25,2755177
2021-06-03 11:28:30,227.25,2755240
2021-06-03 11:28:33,227.25,2755240
2021-06-03 11:28:35,227.25,2755240
2021-06-03 11:28:38,227.25,2755240
2021-06-03 11:28:40,227.2,2759234
2021-06-03 11:28:42,227.1,2759745
2021-06-03 11:28:45,227.15,2759773
2021-06-03 11:28:47,227.1,2759885
2021-06-03 11:28:49,227.15,2759898
2021-06-03 11:28:52,227.15,2759928
2021-06-03 11:28:55,227.0,2761374
2021-06-03 11:28:57,227.05,2761557
2021-06-03 11:28:59,227.05,2761557
2021-06-03 11:29:02,227.0,2769939
2021-06-03 11:29:04,226.95,2770599
2021-06-03 11:29:07,226.9,2770699
2021-06-03 11:29:09,227.0,2770709
2021-06-03 11:29:12,227.0,2771559
2021-06-03 11:29:15,227.0,2771559
2021-06-03 11:29:18,227.0,2771559
2021-06-03 11:29:21,227.0,2771603
2021-06-03 11:29:24,227.05,2775660
2021-06-03 11:29:27,227.15,2776115
2021-06-03 11:29:30,227.15,2776115
2021-06-03 11:29:32,227.15,2776117
2021-06-03 11:29:35,227.15,2776117
2021-06-03 11:29:38,227.15,2776127
2021-06-03 11:29:41,227.05,2776392
2021-06-03 11:29:45,227.15,2776494
2021-06-03 11:29:47,227.05,2776619
2021-06-03 11:29:50,227.15,2776650
2021-06-03 11:29:53,227.15,2776850
2021-06-03 11:29:56,227.05,2776978
2021-06-03 11:29:59,227.05,2776989
2021-06-03 11:30:02,227.1,2776991
2021-06-03 11:30:05,227.1,2777125
2021-06-03 11:30:07,227.15,2777946
2021-06-03 11:30:10,227.1,2778128
2021-06-03 11:30:13,227.1,2778139
2021-06-03 11:30:15,227.0,2779139
2021-06-03 11:30:18,227.0,2779250
2021-06-03 11:30:20,227.1,2779350
2021-06-03 11:30:23,227.0,2780583
2021-06-03 11:30:26,227.05,2780904
2021-06-03 11:30:30,227.05,2780907
2021-06-03 11:30:33,227.05,2780907
2021-06-03 11:30:36,227.05,2780908
2021-06-03 11:30:39,227.05,2780913
2021-06-03 11:30:42,227.05,2781001
2021-06-03 11:30:45,227.05,2781090
2021-06-03 11:30:47,227.0,2781300
2021-06-03 11:30:50,227.0,2781373
2021-06-03 11:30:52,227.0,2782073
2021-06-03 11:30:54,227.0,2782113
2021-06-03 11:30:57,227.0,2782113
2021-06-03 11:31:00,226.95,2782805
2021-06-03 11:31:02,226.95,2782805
2021-06-03 11:31:04,227.0,2783388
2021-06-03 11:31:07,227.05,2783638
2021-06-03 11:31:10,227.0,2783753
2021-06-03 11:31:13,227.0,2784408
2021-06-03 11:31:19,227.0,2784408
2021-06-03 11:31:21,227.0,2784568
2021-06-03 11:31:24,226.95,2784578
2021-06-03 11:31:26,227.0,2784579
2021-06-03 11:31:29,226.95,2784799
2021-06-03 11:31:32,227.0,2785051
2021-06-03 11:31:35,226.95,2789236
2021-06-03 11:31:37,226.95,2789957
2021-06-03 11:31:40,227.0,2790475
2021-06-03 11:31:42,226.95,2790715
2021-06-03 11:31:45,226.95,2790717
2021-06-03 11:31:47,226.95,2790717
2021-06-03 11:31:50,226.95,2790717
2021-06-03 11:31:52,226.9,2790732
2021-06-03 11:31:55,226.9,2790732
2021-06-03 11:31:57,226.9,2790732
2021-06-03 11:32:00,226.9,2790732
2021-06-03 11:32:02,227.0,2791729
2021-06-03 11:32:05,227.0,2791729
2021-06-03 11:32:07,227.0,2791849
2021-06-03 11:32:10,227.0,2791855
2021-06-03 11:32:12,226.95,2791865
2021-06-03 11:32:14,226.95,2791865
2021-06-03 11:32:16,227.0,2792775
2021-06-03 11:32:19,227.0,2792825
2021-06-03 11:32:22,227.0,2792875
2021-06-03 11:32:25,227.0,2792895
2021-06-03 11:32:28,226.95,2793445
2021-06-03 11:32:30,227.0,2793654
2021-06-03 11:32:34,227.0,2793654
2021-06-03 11:32:37,227.0,2795465
2021-06-03 11:32:39,227.0,2795465
2021-06-03 11:32:42,227.0,2795465
2021-06-03 11:32:45,227.0,2795765
2021-06-03 11:32:48,226.95,2795769
2021-06-03 11:32:50,227.0,2795770
2021-06-03 11:32:53,226.95,2795773
2021-06-03 11:32:55,226.95,2795773
2021-06-03 11:32:58,226.95,2795773
2021-06-03 11:33:01,226.95,2795774
2021-06-03 11:33:03,226.95,2795774
2021-06-03 11:33:06,226.95,2795774
2021-06-03 11:33:08,226.95,2795824
2021-06-03 11:33:10,226.95,2795824
2021-06-03 11:33:13,227.0,2795826
2021-06-03 11:33:15,227.0,2795993
2021-06-03 11:33:17,226.95,2796993
2021-06-03 11:33:20,226.95,2796993
2021-06-03 11:33:22,227.0,2797304
2021-06-03 11:33:24,227.0,2797304
2021-06-03 11:33:26,227.0,2797804
2021-06-03 11:33:29,226.95,2797894
2021-06-03 11:33:31,227.1,2799978
2021-06-03 11:33:34,227.0,2800939
2021-06-03 11:33:36,227.0,2801071
2021-06-03 11:33:39,227.1,2801161
2021-06-03 11:33:42,227.25,2803128
2021-06-03 11:33:47,227.25,2804177
2021-06-03 11:33:50,227.25,2804410
2021-06-03 11:33:53,227.15,2804560
2021-06-03 11:33:56,227.15,2804575
2021-06-03 11:33:59,227.15,2804575
2021-06-03 11:34:02,227.15,2804575
2021-06-03 11:34:04,227.15,2804575
2021-06-03 11:34:07,227.2,2804623
2021-06-03 11:34:10,227.25,2804717
2021-06-03 11:34:13,227.2,2804733
2021-06-03 11:34:16,227.2,2804853
2021-06-03 11:34:19,227.2,2804866
2021-06-03 11:34:22,227.2,2804900
2021-06-03 11:34:25,227.25,2804910
2021-06-03 11:34:29,227.25,2804910
2021-06-03 11:34:32,227.25,2804910
2021-06-03 11:34:35,227.25,2805233
2021-06-03 11:34:38,227.2,2805383
2021-06-03 11:34:41,227.25,2805537
2021-06-03 11:34:43,227.2,2805553
2021-06-03 11:34:46,227.2,2805553
2021-06-03 11:34:49,227.2,2805619
2021-06-03 11:34:52,227.25,2805848
2021-06-03 11:34:54,227.25,2805954
2021-06-03 11:34:57,227.2,2805964
2021-06-03 11:34:59,227.25,2805974
2021-06-03 11:35:03,227.25,2805974
2021-06-03 11:35:05,227.25,2806394
2021-06-03 11:35:08,227.25,2808483
2021-06-03 11:35:11,227.2,2810087
2021-06-03 11:35:13,227.2,2810280
2021-06-03 11:35:16,227.2,2810280
2021-06-03 11:35:19,227.15,2810630
2021-06-03 11:35:22,227.1,2810802
2021-06-03 11:35:25,227.05,2810953
2021-06-03 11:35:29,227.05,2810977
2021-06-03 11:35:32,227.1,2812012
2021-06-03 11:35:35,227.1,2812128
2021-06-03 11:35:38,227.1,2812478
2021-06-03 11:35:41,227.15,2812737
2021-06-03 11:35:45,227.15,2812763
2021-06-03 11:35:47,227.2,2813225
2021-06-03 11:35:49,227.15,2813509
2021-06-03 11:35:52,227.1,2813773
2021-06-03 11:35:54,227.15,2814060
2021-06-03 11:35:57,227.1,2814089
2021-06-03 11:36:00,227.1,2814089
2021-06-03 11:36:02,227.2,2814114
2021-06-03 11:36:05,227.2,2814164
2021-06-03 11:36:08,227.2,2814164
2021-06-03 11:36:10,227.15,2814444
2021-06-03 11:36:13,227.15,2814524
2021-06-03 11:36:16,227.15,2814549
2021-06-03 11:36:18,227.15,2814673
2021-06-03 11:36:20,227.1,2815517
2021-06-03 11:36:23,227.1,2815642
2021-06-03 11:36:26,227.1,2815642
2021-06-03 11:36:28,227.1,2815642
2021-06-03 11:36:31,227.1,2815642
2021-06-03 11:36:33,227.1,2815642
2021-06-03 11:36:36,227.1,2815842
2021-06-03 11:36:39,227.15,2815869
2021-06-03 11:36:41,227.15,2815869
2021-06-03 11:36:44,227.1,2816572
2021-06-03 11:36:46,227.15,2819540
2021-06-03 11:36:49,227.1,2819862
2021-06-03 11:36:51,227.2,2819885
2021-06-03 11:36:53,227.1,2819920
2021-06-03 11:36:56,227.2,2819921
2021-06-03 11:36:58,227.2,2819921
2021-06-03 11:37:01,227.2,2819921
2021-06-03 11:37:03,227.05,2828181
2021-06-03 11:37:05,227.1,2828861
2021-06-03 11:37:07,227.0,2829302
2021-06-03 11:37:10,227.0,2829324
2021-06-03 11:37:13,227.0,2841105
2021-06-03 11:37:16,227.0,2841105
2021-06-03 11:37:19,226.95,2842448
2021-06-03 11:37:21,226.9,2842482
2021-06-03 11:37:24,226.9,2842482
2021-06-03 11:37:27,226.95,2842491
2021-06-03 11:37:29,226.95,2842591
2021-06-03 11:37:32,226.95,2842591
2021-06-03 11:37:34,226.95,2842591
2021-06-03 11:37:37,226.95,2842670
2021-06-03 11:37:40,226.95,2842673
2021-06-03 11:37:45,226.95,2843183
2021-06-03 11:37:48,226.95,2843419
2021-06-03 11:37:53,226.9,2843495
2021-06-03 11:37:55,226.9,2843495
2021-06-03 11:37:58,226.9,2843552
2021-06-03 11:38:00,226.9,2843660
2021-06-03 11:38:03,226.9,2845774
2021-06-03 11:38:05,226.9,2851756
2021-06-03 11:38:08,226.8,2852199
2021-06-03 11:38:11,226.8,2858567
2021-06-03 11:38:13,226.85,2858763
2021-06-03 11:38:15,226.85,2858763
2021-06-03 11:38:18,226.85,2858941
2021-06-03 11:38:21,226.85,2862673
2021-06-03 11:38:24,227.0,2866342
2021-06-03 11:38:27,227.0,2866342
2021-06-03 11:38:30,227.0,2866342
2021-06-03 11:38:33,227.0,2866342
2021-06-03 11:38:38,227.0,2866343
2021-06-03 11:38:41,226.95,2866344
2021-06-03 11:38:44,226.95,2866345
2021-06-03 11:38:46,226.95,2866345
2021-06-03 11:38:49,227.0,2866545
2021-06-03 11:38:51,226.95,2866580
2021-06-03 11:38:53,226.9,2866840
2021-06-03 11:38:56,226.95,2866860
2021-06-03 11:38:58,226.95,2866860
2021-06-03 11:39:01,227.0,2866919
2021-06-03 11:39:04,226.95,2866921
2021-06-03 11:39:06,227.0,2866941
2021-06-03 11:39:08,226.95,2867447
2021-06-03 11:39:11,227.0,2867501
2021-06-03 11:39:14,227.05,2869406
2021-06-03 11:39:16,227.15,2870281
2021-06-03 11:39:19,227.05,2870391
2021-06-03 11:39:22,226.95,2870425
2021-06-03 11:39:24,226.95,2870497
2021-06-03 11:39:27,227.0,2870598
2021-06-03 11:39:29,227.0,2870598
2021-06-03 11:39:32,226.95,2870624
2021-06-03 11:39:34,227.05,2871224
2021-06-03 11:39:37,227.05,2871224
2021-06-03 11:39:39,227.05,2871230
2021-06-03 11:39:42,227.0,2871235
2021-06-03 11:39:45,227.05,2871408
2021-06-03 11:39:48,227.1,2871428
2021-06-03 11:39:50,227.1,2871428
2021-06-03 11:39:53,227.05,2871463
2021-06-03 11:39:55,227.05,2872238
2021-06-03 11:39:58,227.0,2872520
2021-06-03 11:40:01,227.0,2872570
2021-06-03 11:40:03,227.1,2874849
2021-06-03 11:40:06,227.0,2874899
2021-06-03 11:40:08,227.0,2875164
2021-06-03 11:40:13,227.1,2875264
2021-06-03 11:40:16,227.05,2875630
2021-06-03 11:40:19,227.05,2876630
2021-06-03 11:40:22,227.0,2876665
2021-06-03 11:40:25,227.0,2876665
2021-06-03 11:40:27,227.05,2876692
2021-06-03 11:40:30,227.0,2876780
2021-06-03 11:40:33,227.05,2876785
2021-06-03 11:40:36,227.0,2876948
2021-06-03 11:40:39,226.95,2877922
2021-06-03 11:40:41,226.95,2877972
2021-06-03 11:40:43,226.95,2878016
2021-06-03 11:40:46,226.95,2878060
2021-06-03 11:40:48,226.95,2878120
2021-06-03 11:40:50,226.95,2878120
2021-06-03 11:40:53,226.9,2879655
2021-06-03 11:40:55,226.9,2879680
2021-06-03 11:40:58,227.0,2879724
2021-06-03 11:41:01,226.9,2880118
2021-06-03 11:41:04,227.0,2880268
2021-06-03 11:41:07,227.0,2880309
2021-06-03 11:41:10,227.0,2880341
2021-06-03 11:41:13,227.0,2880664
2021-06-03 11:41:15,227.05,2880687
2021-06-03 11:41:20,227.05,2880746
2021-06-03 11:41:22,227.05,2880780
2021-06-03 11:41:25,227.05,2880787
2021-06-03 11:41:28,227.1,2880810
2021-06-03 11:41:30,227.1,2880810
2021-06-03 11:41:33,227.1,2880810
2021-06-03 11:41:36,227.1,2880810
2021-06-03 11:41:39,227.1,2880836
2021-06-03 11:41:41,227.05,2883013
2021-06-03 11:41:44,227.05,2883102
2021-06-03 11:41:47,227.05,2883102
2021-06-03 11:41:50,227.05,2883102
2021-06-03 11:41:52,227.0,2883137
2021-06-03 11:41:55,227.0,2883138
2021-06-03 11:41:58,227.05,2884230
2021-06-03 11:42:02,227.0,2884546
2021-06-03 11:42:05,227.0,2884546
2021-06-03 11:42:08,227.0,2884646
2021-06-03 11:42:11,227.0,2884786
2021-06-03 11:42:14,227.0,2884804
2021-06-03 11:42:16,227.0,2884804
2021-06-03 11:42:19,226.95,2885159
2021-06-03 11:42:21,226.95,2885193
2021-06-03 11:42:25,227.0,2885224
2021-06-03 11:42:27,227.0,2885224
2021-06-03 11:42:30,226.95,2885324
2021-06-03 11:42:33,226.95,2885324
2021-06-03 11:42:36,227.0,2885434
2021-06-03 11:42:38,227.0,2885434
2021-06-03 11:42:41,227.0,2885434
2021-06-03 11:42:44,227.0,2885434
2021-06-03 11:42:47,227.0,2885434
2021-06-03 11:42:50,227.0,2886177
2021-06-03 11:42:52,226.95,2886213
2021-06-03 11:42:55,226.95,2886214
2021-06-03 11:42:58,226.95,2886215
2021-06-03 11:43:02,227.0,2886218
2021-06-03 11:43:05,227.0,2886232
2021-06-03 11:43:07,227.0,2886232
2021-06-03 11:43:10,227.0,2886382
2021-06-03 11:43:13,227.0,2886382
2021-06-03 11:43:15,227.05,2886730
2021-06-03 11:43:18,227.05,2886730
2021-06-03 11:43:20,227.0,2888779
2021-06-03 11:43:23,227.15,2888958
2021-06-03 11:43:26,227.15,2888958
2021-06-03 11:43:28,227.0,2889158
2021-06-03 11:43:31,227.0,2889158
2021-06-03 11:43:34,227.15,2889162
2021-06-03 11:43:36,227.15,2889162
2021-06-03 11:43:39,227.15,2889162
2021-06-03 11:43:42,227.05,2889174
2021-06-03 11:43:45,227.1,2890955
2021-06-03 11:43:49,227.1,2890955
2021-06-03 11:43:52,227.05,2890990
2021-06-03 11:43:55,227.05,2890990
2021-06-03 11:43:58,227.05,2890990
2021-06-03 11:44:00,227.05,2890990
2021-06-03 11:44:03,227.0,2892218
2021-06-03 11:44:06,227.0,2892238
2021-06-03 11:44:08,227.0,2892378
2021-06-03 11:44:13,227.0,2892378
2021-06-03 11:44:16,227.0,2892378
2021-06-03 11:44:18,227.0,2894474
2021-06-03 11:44:21,227.0,2895058
2021-06-03 11:44:24,227.0,2895259
2021-06-03 11:44:27,227.0,2895260
2021-06-03 11:44:30,226.95,2895305
2021-06-03 11:44:33,227.0,2895379
2021-06-03 11:44:35,227.0,2895380
2021-06-03 11:44:38,227.0,2895380
2021-06-03 11:44:43,227.0,2895381
2021-06-03 11:44:46,227.0,2895421
2021-06-03 11:44:49,227.0,2895431
2021-06-03 11:44:52,226.95,2896377
2021-06-03 11:44:54,227.0,2896396
2021-06-03 11:44:57,227.0,2898635
2021-06-03 11:44:59,227.0,2898741
2021-06-03 11:45:02,226.95,2901543
2021-06-03 11:45:05,226.95,2905043
2021-06-03 11:45:08,227.0,2905044
2021-06-03 11:45:10,227.0,2905179
2021-06-03 11:45:13,227.0,2905567
2021-06-03 11:45:17,227.0,2907437
2021-06-03 11:45:20,227.0,2907924
2021-06-03 11:45:23,227.0,2907979
2021-06-03 11:45:25,227.0,2908074
2021-06-03 11:45:31,227.0,2908183
2021-06-03 11:45:34,227.1,2908203
2021-06-03 11:45:36,227.1,2908203
2021-06-03 11:45:39,227.1,2908203
2021-06-03 11:45:41,227.0,2908207
2021-06-03 11:45:44,227.1,2908297
2021-06-03 11:45:47,227.1,2908341
2021-06-03 11:45:49,227.1,2908341
2021-06-03 11:45:52,227.05,2908378
2021-06-03 11:45:55,227.05,2908397
2021-06-03 11:45:58,227.1,2908497
2021-06-03 11:46:01,227.05,2908549
2021-06-03 11:46:03,227.05,2908549
2021-06-03 11:46:06,227.05,2908549
2021-06-03 11:46:09,227.05,2908549
2021-06-03 11:46:11,227.05,2908549
2021-06-03 11:46:14,227.1,2909568
2021-06-03 11:46:17,227.05,2909573
2021-06-03 11:46:20,227.05,2909573
2021-06-03 11:46:23,227.05,2909607
2021-06-03 11:46:26,227.05,2911206
2021-06-03 11:46:29,227.05,2911208
2021-06-03 11:46:33,226.95,2914917
2021-06-03 11:46:36,227.0,2916956
2021-06-03 11:46:39,226.95,2917006
2021-06-03 11:46:44,226.95,2917006
2021-06-03 11:46:47,226.95,2917006
2021-06-03 11:46:50,226.95,2917006
2021-06-03 11:46:53,226.9,2917311
2021-06-03 11:46:56,226.95,2917313
2021-06-03 11:46:59,226.95,2917596
2021-06-03 11:47:02,226.95,2917767
2021-06-03 11:47:04,226.95,2917767
2021-06-03 11:47:07,226.95,2917767
2021-06-03 11:47:10,226.95,2917773
2021-06-03 11:47:13,226.95,2917791
2021-06-03 11:47:17,226.95,2917791
2021-06-03 11:47:19,226.95,2917801
2021-06-03 11:47:22,226.9,2917835
2021-06-03 11:47:25,226.95,2917837
2021-06-03 11:47:28,226.95,2917837
2021-06-03 11:47:30,226.95,2917837
2021-06-03 11:47:32,226.95,2917856
2021-06-03 11:47:35,226.95,2917856
2021-06-03 11:47:37,226.95,2917856
2021-06-03 11:47:40,226.95,2917906
2021-06-03 11:47:42,226.95,2917906
2021-06-03 11:47:45,226.95,2917932
2021-06-03 11:47:47,226.95,2917993
2021-06-03 11:47:50,226.95,2917994
2021-06-03 11:47:52,226.95,2918148
2021-06-03 11:47:55,226.95,2919518
2021-06-03 11:47:57,226.95,2919518
2021-06-03 11:48:00,226.95,2919598
2021-06-03 11:48:02,226.95,2919598
2021-06-03 11:48:05,226.95,2919598
2021-06-03 11:48:08,226.95,2919638
2021-06-03 11:48:11,226.95,2919638
2021-06-03 11:48:13,226.95,2921802
2021-06-03 11:48:16,226.95,2921812
2021-06-03 11:48:19,226.95,2921812
2021-06-03 11:48:22,226.9,2921896
2021-06-03 11:48:25,226.95,2921897
2021-06-03 11:48:27,226.95,2921952
2021-06-03 11:48:29,226.9,2922012
2021-06-03 11:48:32,226.95,2922030
2021-06-03 11:48:35,226.9,2922091
2021-06-03 11:48:38,226.9,2922091
2021-06-03 11:48:40,226.9,2922113
2021-06-03 11:48:43,226.9,2922113
2021-06-03 11:48:46,226.9,2922214
2021-06-03 11:48:49,226.9,2922259
2021-06-03 11:48:51,226.9,2922294
2021-06-03 11:48:54,226.95,2922564
2021-06-03 11:48:56,226.95,2922664
2021-06-03 11:48:59,226.95,2922664
2021-06-03 11:49:01,226.95,2923005
2021-06-03 11:49:04,226.9,2923055
2021-06-03 11:49:06,226.95,2923112
2021-06-03 11:49:09,226.95,2923459
2021-06-03 11:49:12,226.95,2923469
2021-06-03 11:49:14,227.0,2925919
2021-06-03 11:49:17,227.0,2925919
2021-06-03 11:49:20,227.0,2925969
2021-06-03 11:49:23,227.0,2927814
2021-06-03 11:49:25,227.0,2927814
2021-06-03 11:49:28,227.0,2927814
2021-06-03 11:49:31,227.0,2927815
2021-06-03 11:49:33,227.0,2927835
2021-06-03 11:49:36,227.0,2927835
2021-06-03 11:49:39,227.0,2927842
2021-06-03 11:49:42,227.0,2927842
2021-06-03 11:49:44,227.0,2928302
2021-06-03 11:49:47,226.9,2930811
2021-06-03 11:49:50,226.95,2932855
2021-06-03 11:49:53,226.95,2933216
2021-06-03 11:49:56,226.95,2933217
2021-06-03 11:49:58,226.95,2933217
2021-06-03 11:50:01,226.95,2933457
2021-06-03 11:50:04,226.95,2933820
2021-06-03 11:50:06,226.95,2933850
2021-06-03 11:50:09,226.95,2934158
2021-06-03 11:50:11,227.0,2936727
2021-06-03 11:50:14,226.9,2936957
2021-06-03 11:50:16,226.9,2936957
2021-06-03 11:50:19,226.9,2936987
2021-06-03 11:50:22,226.9,2937038
2021-06-03 11:50:24,227.0,2937040
2021-06-03 11:50:27,226.9,2937086
2021-06-03 11:50:29,226.9,2937086
2021-06-03 11:50:32,227.0,2937467
2021-06-03 11:50:34,227.0,2937486
2021-06-03 11:50:36,227.0,2937486
2021-06-03 11:50:39,227.0,2937486
2021-06-03 11:50:41,226.95,2937586
2021-06-03 11:50:44,226.95,2937686
2021-06-03 11:50:47,227.0,2937696
2021-06-03 11:50:49,226.95,2937706
2021-06-03 11:50:52,226.95,2937991
2021-06-03 11:50:54,227.0,2938012
2021-06-03 11:50:57,227.0,2938043
2021-06-03 11:50:59,227.0,2938043
2021-06-03 11:51:02,227.0,2938051
2021-06-03 11:51:04,227.0,2938053
2021-06-03 11:51:07,227.0,2939053
2021-06-03 11:51:09,226.95,2939054
2021-06-03 11:51:14,227.2,2947113
2021-06-03 11:51:17,227.15,2947132
2021-06-03 11:51:19,227.1,2947547
2021-06-03 11:51:22,227.0,2947611
2021-06-03 11:51:25,227.0,2947611
2021-06-03 11:51:28,227.0,2948250
2021-06-03 11:51:30,227.1,2950289
2021-06-03 11:51:32,227.1,2950308
2021-06-03 11:51:35,227.1,2950308
2021-06-03 11:51:38,227.0,2950319
2021-06-03 11:51:40,227.05,2950329
2021-06-03 11:51:43,227.05,2950331
2021-06-03 11:51:45,227.05,2951860
