timestamp,ltp,volume
2021-06-03 09:15:53,3142.5,37247
2021-06-03 09:15:54,3141.95,37565
2021-06-03 09:15:54,3141.95,37565
2021-06-03 09:15:55,3140.75,37717
2021-06-03 09:15:56,3141.45,37856
2021-06-03 09:15:57,3141.0,37994
2021-06-03 09:15:58,3141.2,38136
2021-06-03 09:15:59,3141.0,38178
2021-06-03 09:16:00,3141.15,40381
2021-06-03 09:16:01,3141.2,40468
2021-06-03 09:16:02,3142.1,41370
2021-06-03 09:16:04,3141.75,41422
2021-06-03 09:16:05,3141.8,41598
2021-06-03 09:16:06,3141.85,41777
2021-06-03 09:16:07,3142.25,42050
2021-06-03 09:16:08,3142.4,42150
2021-06-03 09:16:09,3143.85,42245
2021-06-03 09:16:09,3143.85,42245
2021-06-03 09:16:10,3145.2,42431
2021-06-03 09:16:11,3145.0,42670
2021-06-03 09:16:12,3144.1,43468
2021-06-03 09:16:13,3143.85,43514
2021-06-03 09:16:15,3144.85,43685
2021-06-03 09:16:16,3143.85,45303
2021-06-03 09:16:17,3143.15,45887
2021-06-03 09:16:17,3143.95,45879
2021-06-03 09:16:18,3144.0,45962
2021-06-03 09:16:19,3144.0,46711
2021-06-03 09:16:20,3143.15,47146
2021-06-03 09:16:23,3141.95,49538
2021-06-03 09:16:24,3142.0,49639
2021-06-03 09:16:24,3142.0,49639
2021-06-03 09:16:25,3141.65,49957
2021-06-03 09:16:26,3141.25,50048
2021-06-03 09:16:27,3141.9,50186
2021-06-03 09:16:29,3141.0,50640
2021-06-03 09:16:29,3143.0,54381
2021-06-03 09:16:30,3141.0,54432
2021-06-03 09:16:32,3140.25,55535
2021-06-03 09:16:33,3141.0,55784
2021-06-03 09:16:34,3140.65,56207
2021-06-03 09:16:35,3140.65,56401
2021-06-03 09:16:36,3140.0,56892
2021-06-03 09:16:38,3140.0,56928
2021-06-03 09:16:38,3140.55,57007
2021-06-03 09:16:39,3141.75,58024
2021-06-03 09:16:41,3143.75,58067
2021-06-03 09:16:42,3142.6,58386
2021-06-03 09:16:44,3141.05,58486
2021-06-03 09:16:45,3142.15,58505
2021-06-03 09:16:45,3141.05,58557
2021-06-03 09:16:47,3141.8,58656
2021-06-03 09:16:47,3141.85,58905
2021-06-03 09:16:48,3140.75,59103
2021-06-03 09:16:49,3142.2,59256
2021-06-03 09:16:51,3141.75,59349
2021-06-03 09:16:52,3141.05,59369
2021-06-03 09:16:53,3142.05,59802
2021-06-03 09:16:53,3142.05,59802
2021-06-03 09:16:54,3141.05,59988
2021-06-03 09:16:55,3141.75,59990
2021-06-03 09:16:56,3141.75,60019
2021-06-03 09:16:57,3141.75,60459
2021-06-03 09:16:58,3140.9,60587
2021-06-03 09:16:59,3141.65,60873
2021-06-03 09:17:00,3140.0,61142
2021-06-03 09:17:02,3140.05,61228
2021-06-03 09:17:03,3141.35,61414
2021-06-03 09:17:03,3140.05,61715
2021-06-03 09:17:04,3141.5,61779
2021-06-03 09:17:05,3140.25,61971
2021-06-03 09:17:06,3140.25,62007
2021-06-03 09:17:08,3140.3,62066
2021-06-03 09:17:09,3141.5,62781
2021-06-03 09:17:09,3142.05,62924
2021-06-03 09:17:10,3143.3,63877
2021-06-03 09:17:12,3143.0,64231
2021-06-03 09:17:13,3143.0,64316
2021-06-03 09:17:14,3144.0,64812
2021-06-03 09:17:14,3144.0,64813
2021-06-03 09:17:15,3143.0,64915
2021-06-03 09:17:17,3145.0,66186
2021-06-03 09:17:18,3143.65,66613
2021-06-03 09:17:19,3143.0,66764
2021-06-03 09:17:20,3142.65,67047
2021-06-03 09:17:20,3143.0,67054
2021-06-03 09:17:21,3143.75,67096
2021-06-03 09:17:23,3143.0,67315
2021-06-03 09:17:23,3144.0,67455
2021-06-03 09:17:25,3144.0,67565
2021-06-03 09:17:26,3144.0,67722
2021-06-03 09:17:26,3144.0,67609
2021-06-03 09:17:27,3143.0,68020
2021-06-03 09:17:28,3144.05,68121
2021-06-03 09:17:30,3143.0,68177
2021-06-03 09:17:31,3143.0,68177
2021-06-03 09:17:32,3143.0,68651
2021-06-03 09:17:33,3142.9,69043
2021-06-03 09:17:34,3142.5,69404
2021-06-03 09:17:34,3142.5,69404
2021-06-03 09:17:35,3143.25,69947
2021-06-03 09:17:36,3141.65,70062
2021-06-03 09:17:37,3142.45,70219
2021-06-03 09:17:38,3141.0,70409
2021-06-03 09:17:39,3141.0,70483
2021-06-03 09:17:40,3141.0,70772
2021-06-03 09:17:41,3141.4,70870
2021-06-03 09:17:42,3140.95,70975
2021-06-03 09:17:43,3140.45,71892
2021-06-03 09:17:45,3140.5,71960
2021-06-03 09:17:46,3140.4,72114
2021-06-03 09:17:47,3138.85,72214
2021-06-03 09:17:48,3141.0,74343
2021-06-03 09:17:49,3139.15,74449
2021-06-03 09:17:50,3140.35,74590
2021-06-03 09:17:51,3139.0,74638
2021-06-03 09:17:52,3138.0,74764
2021-06-03 09:17:53,3139.0,74961
2021-06-03 09:17:54,3139.0,75071
2021-06-03 09:17:55,3139.0,75076
2021-06-03 09:17:56,3137.5,75217
2021-06-03 09:17:57,3137.4,75501
2021-06-03 09:17:58,3138.9,75540
2021-06-03 09:17:58,3138.8,75543
2021-06-03 09:18:00,3137.3,76275
2021-06-03 09:18:01,3136.55,76343
2021-06-03 09:18:02,3138.65,76474
2021-06-03 09:18:03,3139.2,76618
2021-06-03 09:18:04,3138.65,76619
2021-06-03 09:18:05,3137.75,76682
2021-06-03 09:18:06,3137.75,76737
2021-06-03 09:18:07,3140.0,77798
2021-06-03 09:18:07,3139.55,77758
2021-06-03 09:18:08,3139.8,77936
2021-06-03 09:18:09,3138.0,78098
2021-06-03 09:18:10,3138.8,78152
2021-06-03 09:18:11,3137.9,78542
2021-06-03 09:18:12,3138.5,78566
2021-06-03 09:18:14,3138.7,78874
2021-06-03 09:18:15,3138.7,78918
2021-06-03 09:18:16,3139.25,79201
2021-06-03 09:18:17,3138.25,79303
2021-06-03 09:18:18,3137.9,79341
2021-06-03 09:18:18,3139.3,79362
2021-06-03 09:18:19,3138.7,79389
2021-06-03 09:18:20,3139.65,79910
2021-06-03 09:18:22,3138.1,80475
2021-06-03 09:18:23,3138.1,80475
2021-06-03 09:18:24,3138.5,80600
2021-06-03 09:18:25,3138.5,80642
2021-06-03 09:18:26,3139.55,80645
2021-06-03 09:18:27,3138.5,80820
2021-06-03 09:18:27,3138.75,80826
2021-06-03 09:18:28,3138.85,81126
2021-06-03 09:18:29,3138.0,81251
2021-06-03 09:18:31,3138.3,81349
2021-06-03 09:18:32,3138.7,81359
2021-06-03 09:18:33,3138.7,81375
2021-06-03 09:18:34,3138.7,81503
2021-06-03 09:18:35,3138.0,83237
2021-06-03 09:18:35,3138.5,83337
2021-06-03 09:18:37,3138.6,83916
2021-06-03 09:18:38,3138.65,84110
2021-06-03 09:18:39,3138.5,84285
2021-06-03 09:18:40,3137.0,85367
2021-06-03 09:18:40,3138.4,84986
2021-06-03 09:18:41,3135.6,85656
2021-06-03 09:18:42,3135.3,85945
2021-06-03 09:18:44,3136.4,86038
2021-06-03 09:18:45,3136.4,86048
2021-06-03 09:18:46,3136.4,86169
2021-06-03 09:18:47,3136.4,86397
2021-06-03 09:18:47,3136.6,86467
2021-06-03 09:18:48,3135.5,86637
2021-06-03 09:18:49,3136.65,87143
2021-06-03 09:18:51,3136.6,87252
2021-06-03 09:18:52,3135.05,87265
2021-06-03 09:18:53,3135.05,87283
2021-06-03 09:18:55,3135.0,87782
2021-06-03 09:18:56,3134.8,88988
2021-06-03 09:18:56,3134.8,88988
2021-06-03 09:18:57,3133.0,89470
2021-06-03 09:18:59,3134.4,89509
2021-06-03 09:19:00,3133.25,89891
2021-06-03 09:19:01,3134.8,90056
2021-06-03 09:19:02,3133.2,90095
2021-06-03 09:19:03,3134.45,90136
2021-06-03 09:19:04,3134.45,90153
2021-06-03 09:19:05,3135.0,91672
2021-06-03 09:19:06,3135.7,91990
2021-06-03 09:19:06,3135.05,91980
2021-06-03 09:19:07,3134.95,91993
2021-06-03 09:19:08,3135.0,92034
2021-06-03 09:19:09,3135.0,92056
2021-06-03 09:19:10,3135.7,92296
2021-06-03 09:19:11,3135.7,92382
2021-06-03 09:19:13,3135.7,92662
2021-06-03 09:19:14,3135.7,92706
2021-06-03 09:19:15,3134.85,92840
2021-06-03 09:19:16,3135.0,93150
2021-06-03 09:19:17,3134.6,93422
2021-06-03 09:19:18,3134.45,93473
2021-06-03 09:19:19,3135.45,94384
2021-06-03 09:19:20,3134.6,94527
2021-06-03 09:19:21,3133.8,94565
2021-06-03 09:19:22,3134.45,94574
2021-06-03 09:19:23,3133.95,94812
2021-06-03 09:19:24,3136.3,94851
2021-06-03 09:19:25,3135.35,94858
2021-06-03 09:19:25,3135.35,94858
2021-06-03 09:19:26,3137.0,94860
2021-06-03 09:19:27,3135.7,94962
2021-06-03 09:19:29,3137.0,95160
2021-06-03 09:19:30,3137.05,95221
2021-06-03 09:19:31,3137.05,95282
2021-06-03 09:19:32,3137.05,95290
2021-06-03 09:19:33,3137.05,95290
2021-06-03 09:19:33,3137.05,95318
2021-06-03 09:19:34,3137.05,95318
2021-06-03 09:19:36,3136.3,95445
2021-06-03 09:19:37,3136.3,95585
2021-06-03 09:19:38,3136.3,95854
2021-06-03 09:19:39,3136.3,95861
2021-06-03 09:19:40,3135.7,96465
2021-06-03 09:19:41,3136.3,96594
2021-06-03 09:19:42,3135.6,96689
2021-06-03 09:19:43,3135.6,96689
2021-06-03 09:19:44,3136.3,96706
2021-06-03 09:19:45,3136.3,96931
2021-06-03 09:19:46,3136.3,96934
2021-06-03 09:19:47,3136.3,96984
2021-06-03 09:19:48,3136.3,96989
2021-06-03 09:19:49,3137.15,97296
2021-06-03 09:19:50,3136.0,97369
2021-06-03 09:19:51,3137.1,97583
2021-06-03 09:19:52,3136.3,97584
2021-06-03 09:19:52,3136.3,97584
2021-06-03 09:19:53,3137.0,97615
2021-06-03 09:19:55,3137.4,97721
2021-06-03 09:19:56,3137.25,98127
2021-06-03 09:19:57,3137.25,98132
2021-06-03 09:19:58,3136.0,98503
2021-06-03 09:19:59,3137.2,98511
2021-06-03 09:20:00,3138.15,99633
2021-06-03 09:20:01,3139.05,100763
2021-06-03 09:20:02,3138.0,100848
2021-06-03 09:20:03,3138.0,100977
2021-06-03 09:20:04,3138.15,101324
2021-06-03 09:20:05,3138.75,101454
2021-06-03 09:20:06,3138.85,101922
2021-06-03 09:20:07,3139.0,101942
2021-06-03 09:20:07,3139.0,101942
2021-06-03 09:20:09,3138.15,102968
2021-06-03 09:20:10,3138.55,102978
2021-06-03 09:20:11,3137.35,103460
2021-06-03 09:20:12,3137.35,103460
2021-06-03 09:20:14,3136.45,104441
2021-06-03 09:20:15,3136.55,104491
2021-06-03 09:20:16,3136.0,105503
2021-06-03 09:20:17,3135.15,105726
2021-06-03 09:20:18,3135.4,105750
2021-06-03 09:20:19,3136.95,105878
2021-06-03 09:20:20,3135.25,106953
2021-06-03 09:20:21,3135.0,107942
2021-06-03 09:20:22,3135.0,108155
2021-06-03 09:20:23,3136.5,108775
2021-06-03 09:20:25,3135.25,108847
2021-06-03 09:20:26,3135.0,109319
2021-06-03 09:20:27,3134.6,109344
2021-06-03 09:20:28,3135.05,109688
2021-06-03 09:20:28,3135.05,109688
2021-06-03 09:20:30,3135.05,109690
2021-06-03 09:20:31,3135.0,109701
2021-06-03 09:20:32,3135.0,109701
2021-06-03 09:20:33,3134.15,109787
2021-06-03 09:20:34,3135.05,109788
2021-06-03 09:20:35,3134.2,110150
2021-06-03 09:20:36,3135.15,110333
2021-06-03 09:20:37,3135.0,110433
2021-06-03 09:20:38,3135.15,110474
2021-06-03 09:20:39,3135.2,110525
2021-06-03 09:20:39,3135.2,110525
2021-06-03 09:20:40,3136.7,110727
2021-06-03 09:20:42,3135.4,110767
2021-06-03 09:20:43,3137.5,110930
2021-06-03 09:20:44,3136.1,110956
2021-06-03 09:20:45,3136.1,110997
2021-06-03 09:20:46,3136.1,111015
2021-06-03 09:20:46,3136.1,111015
2021-06-03 09:20:48,3135.05,111240
2021-06-03 09:20:49,3135.1,111275
2021-06-03 09:20:50,3135.2,111427
2021-06-03 09:20:51,3136.1,111629
2021-06-03 09:20:52,3136.1,111655
2021-06-03 09:20:53,3136.1,111655
2021-06-03 09:20:54,3135.0,111729
2021-06-03 09:20:55,3135.35,111857
2021-06-03 09:20:56,3135.35,111872
2021-06-03 09:20:56,3135.35,111872
2021-06-03 09:20:57,3135.35,111927
2021-06-03 09:20:59,3135.4,111998
2021-06-03 09:21:00,3136.4,112163
2021-06-03 09:21:01,3135.3,112234
2021-06-03 09:21:02,3135.0,112396
2021-06-03 09:21:03,3135.3,112454
2021-06-03 09:21:04,3135.3,112464
2021-06-03 09:21:05,3136.55,112563
2021-06-03 09:21:06,3135.05,112625
2021-06-03 09:21:07,3138.0,112737
2021-06-03 09:21:08,3136.4,113024
2021-06-03 09:21:09,3135.5,113354
2021-06-03 09:21:10,3137.35,113457
2021-06-03 09:21:11,3135.55,113513
2021-06-03 09:21:12,3137.05,113662
2021-06-03 09:21:13,3135.55,113663
2021-06-03 09:21:14,3137.0,113708
2021-06-03 09:21:15,3135.55,113710
2021-06-03 09:21:16,3135.55,113749
2021-06-03 09:21:16,3135.55,113749
2021-06-03 09:21:17,3136.95,113750
2021-06-03 09:21:18,3136.7,113989
2021-06-03 09:21:19,3136.0,114026
2021-06-03 09:21:20,3136.0,114041
2021-06-03 09:21:21,3135.55,114042
2021-06-03 09:21:23,3136.05,114157
2021-06-03 09:21:23,3137.1,114176
2021-06-03 09:21:24,3136.05,114290
2021-06-03 09:21:25,3135.55,114426
2021-06-03 09:21:26,3135.4,114856
2021-06-03 09:21:27,3135.6,114884
2021-06-03 09:21:29,3135.5,114905
2021-06-03 09:21:30,3135.5,114910
2021-06-03 09:21:30,3135.7,114914
2021-06-03 09:21:31,3135.7,114919
2021-06-03 09:21:32,3135.5,115041
2021-06-03 09:21:33,3135.7,115043
2021-06-03 09:21:35,3135.7,115047
2021-06-03 09:21:35,3136.1,115247
2021-06-03 09:21:36,3136.95,115635
2021-06-03 09:21:37,3135.0,116616
2021-06-03 09:21:38,3135.0,118361
2021-06-03 09:21:39,3134.95,118488
2021-06-03 09:21:41,3133.0,120029
2021-06-03 09:21:41,3133.0,120029
2021-06-03 09:21:42,3133.05,120036
2021-06-03 09:21:43,3133.45,120091
2021-06-03 09:21:44,3133.45,120092
2021-06-03 09:21:46,3133.0,120094
2021-06-03 09:21:47,3133.45,120095
2021-06-03 09:21:48,3133.45,120136
2021-06-03 09:21:49,3133.0,120154
2021-06-03 09:21:50,3133.0,120154
2021-06-03 09:21:51,3133.45,120155
2021-06-03 09:21:52,3133.45,120161
2021-06-03 09:21:53,3133.45,120162
2021-06-03 09:21:55,3132.5,120487
2021-06-03 09:21:56,3133.3,120522
2021-06-03 09:21:57,3132.0,120801
2021-06-03 09:21:58,3132.0,120801
2021-06-03 09:21:59,3132.0,120895
2021-06-03 09:22:00,3132.85,121010
2021-06-03 09:22:01,3132.0,121029
2021-06-03 09:22:02,3133.0,122064
2021-06-03 09:22:03,3133.0,122168
2021-06-03 09:22:04,3132.0,122219
2021-06-03 09:22:05,3132.05,122254
2021-06-03 09:22:06,3132.05,122254
2021-06-03 09:22:08,3133.1,122571
2021-06-03 09:22:09,3134.0,123045
2021-06-03 09:22:10,3133.35,123120
2021-06-03 09:22:11,3133.35,123240
2021-06-03 09:22:12,3133.35,123330
2021-06-03 09:22:13,3133.35,123375
2021-06-03 09:22:14,3133.55,123398
2021-06-03 09:22:15,3134.5,123400
2021-06-03 09:22:16,3133.65,123540
2021-06-03 09:22:17,3134.0,123775
2021-06-03 09:22:18,3134.85,123821
2021-06-03 09:22:19,3134.0,123926
2021-06-03 09:22:20,3134.0,123945
2021-06-03 09:22:21,3133.8,124402
2021-06-03 09:22:22,3134.0,124487
2021-06-03 09:22:23,3135.25,124517
2021-06-03 09:22:24,3134.0,124524
2021-06-03 09:22:25,3134.0,124564
2021-06-03 09:22:26,3134.9,124668
2021-06-03 09:22:27,3134.0,124740
2021-06-03 09:22:28,3134.0,124740
2021-06-03 09:22:29,3134.85,124765
2021-06-03 09:22:30,3134.0,124869
2021-06-03 09:22:31,3134.15,124870
2021-06-03 09:22:32,3134.15,124870
2021-06-03 09:22:33,3134.15,124986
2021-06-03 09:22:34,3134.75,125001
2021-06-03 09:22:35,3134.15,125058
2021-06-03 09:22:36,3134.85,125078
2021-06-03 09:22:37,3134.0,125414
2021-06-03 09:22:38,3134.75,125424
2021-06-03 09:22:39,3134.15,125429
2021-06-03 09:22:40,3134.15,125429
2021-06-03 09:22:41,3134.0,126043
2021-06-03 09:22:42,3134.0,126261
2021-06-03 09:22:43,3134.0,126261
2021-06-03 09:22:44,3134.75,126275
2021-06-03 09:22:45,3134.0,126434
2021-06-03 09:22:46,3134.75,126619
2021-06-03 09:22:47,3134.0,126697
2021-06-03 09:22:48,3134.0,126704
2021-06-03 09:22:49,3134.15,126907
2021-06-03 09:22:51,3134.75,127190
2021-06-03 09:22:52,3134.0,127237
2021-06-03 09:22:53,3134.0,127275
2021-06-03 09:22:54,3134.75,127567
2021-06-03 09:22:55,3134.0,127689
2021-06-03 09:22:56,3134.75,127793
2021-06-03 09:22:57,3133.15,127838
2021-06-03 09:22:58,3134.7,127863
2021-06-03 09:22:59,3134.7,127863
2021-06-03 09:23:00,3133.0,128051
2021-06-03 09:23:01,3133.35,128056
2021-06-03 09:23:02,3132.0,128629
2021-06-03 09:23:03,3132.0,128845
2021-06-03 09:23:04,3132.0,128855
2021-06-03 09:23:05,3132.0,128855
2021-06-03 09:23:06,3132.0,129129
2021-06-03 09:23:07,3132.0,129451
2021-06-03 09:23:08,3132.0,129495
2021-06-03 09:23:09,3132.0,129567
2021-06-03 09:23:10,3132.0,129567
2021-06-03 09:23:11,3132.8,129582
2021-06-03 09:23:12,3132.0,129797
2021-06-03 09:23:13,3132.0,129797
2021-06-03 09:23:14,3133.15,129821
2021-06-03 09:23:15,3132.0,129835
2021-06-03 09:23:16,3133.15,129892
2021-06-03 09:23:17,3132.1,129902
2021-06-03 09:23:18,3132.0,129983
2021-06-03 09:23:19,3132.0,130153
2021-06-03 09:23:20,3132.2,130198
2021-06-03 09:23:21,3132.2,130266
2021-06-03 09:23:22,3132.2,130338
2021-06-03 09:23:23,3132.2,130403
2021-06-03 09:23:24,3132.1,130564
2021-06-03 09:23:25,3132.1,130597
2021-06-03 09:23:26,3132.1,130597
2021-06-03 09:23:27,3133.75,130902
2021-06-03 09:23:28,3133.4,131176
2021-06-03 09:23:29,3132.2,131194
2021-06-03 09:23:30,3133.35,131476
2021-06-03 09:23:31,3133.35,131476
2021-06-03 09:23:32,3132.2,131542
2021-06-03 09:23:33,3132.05,131962
2021-06-03 09:23:34,3132.2,132111
2021-06-03 09:23:35,3132.0,132184
2021-06-03 09:23:36,3132.0,132202
2021-06-03 09:23:37,3132.2,132209
2021-06-03 09:23:38,3132.2,132284
2021-06-03 09:23:39,3132.2,132288
2021-06-03 09:23:40,3132.1,132408
2021-06-03 09:23:41,3132.2,132416
2021-06-03 09:23:42,3132.35,132441
2021-06-03 09:23:43,3132.05,133929
2021-06-03 09:23:44,3132.95,134451
2021-06-03 09:23:45,3133.15,134586
2021-06-03 09:23:46,3133.15,134586
2021-06-03 09:23:47,3132.35,134740
2021-06-03 09:23:48,3132.95,134856
2021-06-03 09:23:49,3132.25,134938
2021-06-03 09:23:50,3133.7,135093
2021-06-03 09:23:51,3132.75,135142
2021-06-03 09:23:52,3133.7,135158
2021-06-03 09:23:53,3133.7,135176
2021-06-03 09:23:54,3134.0,135297
2021-06-03 09:23:55,3133.25,135374
2021-06-03 09:23:56,3134.0,135391
2021-06-03 09:23:57,3134.0,135394
2021-06-03 09:23:58,3133.4,135598
2021-06-03 09:23:59,3134.75,135713
2021-06-03 09:24:00,3134.65,135715
2021-06-03 09:24:02,3134.5,135721
2021-06-03 09:24:03,3134.7,135839
2021-06-03 09:24:04,3134.0,135848
2021-06-03 09:24:04,3134.0,135848
2021-06-03 09:24:05,3134.55,135850
2021-06-03 09:24:06,3134.0,136112
2021-06-03 09:24:07,3134.0,136248
2021-06-03 09:24:08,3134.75,136368
2021-06-03 09:24:09,3134.0,136387
2021-06-03 09:24:10,3134.5,136408
2021-06-03 09:24:11,3134.9,136736
2021-06-03 09:24:12,3134.9,136753
2021-06-03 09:24:13,3134.1,136892
2021-06-03 09:24:14,3135.0,136900
2021-06-03 09:24:15,3135.0,136901
2021-06-03 09:24:16,3136.4,137668
2021-06-03 09:24:17,3134.85,137775
2021-06-03 09:24:18,3136.2,137867
2021-06-03 09:24:19,3136.2,137974
2021-06-03 09:24:20,3134.9,138086
2021-06-03 09:24:21,3134.9,138091
2021-06-03 09:24:22,3136.6,138146
2021-06-03 09:24:23,3135.7,138171
2021-06-03 09:24:24,3136.05,138176
2021-06-03 09:24:25,3136.0,138248
2021-06-03 09:24:26,3134.95,138256
2021-06-03 09:24:27,3135.95,138261
2021-06-03 09:24:28,3135.95,138288
2021-06-03 09:24:29,3135.95,138291
2021-06-03 09:24:31,3135.95,138383
2021-06-03 09:24:32,3135.95,138383
2021-06-03 09:24:33,3135.0,138391
2021-06-03 09:24:34,3134.9,138572
2021-06-03 09:24:35,3134.9,138572
2021-06-03 09:24:36,3133.95,138674
2021-06-03 09:24:37,3135.1,138729
2021-06-03 09:24:38,3135.05,138733
2021-06-03 09:24:39,3134.05,139354
2021-06-03 09:24:40,3135.0,139355
2021-06-03 09:24:41,3135.0,139365
2021-06-03 09:24:42,3133.7,139398
2021-06-03 09:24:43,3134.9,139399
2021-06-03 09:24:44,3134.9,139451
2021-06-03 09:24:45,3134.9,139470
2021-06-03 09:24:46,3133.4,139555
2021-06-03 09:24:47,3133.4,139567
2021-06-03 09:24:48,3133.35,139774
2021-06-03 09:24:49,3132.25,139789
2021-06-03 09:24:50,3133.35,140149
2021-06-03 09:24:51,3133.35,140316
2021-06-03 09:24:52,3133.5,140435
2021-06-03 09:24:53,3133.5,140440
2021-06-03 09:24:54,3133.5,140471
2021-06-03 09:24:55,3133.0,140483
2021-06-03 09:24:56,3131.3,142387
2021-06-03 09:24:57,3132.55,142389
2021-06-03 09:24:58,3132.2,142461
2021-06-03 09:24:59,3130.75,143381
2021-06-03 09:25:00,3130.6,143407
2021-06-03 09:25:01,3130.8,143956
2021-06-03 09:25:02,3132.55,144005
2021-06-03 09:25:03,3133.4,144171
2021-06-03 09:25:04,3133.4,144202
2021-06-03 09:25:05,3133.4,144270
2021-06-03 09:25:06,3133.4,144394
2021-06-03 09:25:07,3133.4,144399
2021-06-03 09:25:08,3133.5,144436
2021-06-03 09:25:09,3133.5,144453
2021-06-03 09:25:10,3133.5,144647
2021-06-03 09:25:12,3133.5,144797
2021-06-03 09:25:13,3133.5,144799
2021-06-03 09:25:14,3133.45,145110
2021-06-03 09:25:15,3133.45,145218
2021-06-03 09:25:15,3133.4,145256
2021-06-03 09:25:17,3133.4,145465
2021-06-03 09:25:18,3133.4,145465
2021-06-03 09:25:19,3133.4,145542
2021-06-03 09:25:19,3133.4,145537
2021-06-03 09:25:20,3133.35,145757
2021-06-03 09:25:21,3133.35,145757
2021-06-03 09:25:22,3133.5,145828
2021-06-03 09:25:23,3133.2,146029
2021-06-03 09:25:24,3132.5,146138
2021-06-03 09:25:25,3132.0,146334
2021-06-03 09:25:26,3132.2,146344
2021-06-03 09:25:27,3132.0,146356
2021-06-03 09:25:28,3132.0,146356
2021-06-03 09:25:29,3132.2,146358
2021-06-03 09:25:30,3132.2,146358
2021-06-03 09:25:31,3132.15,146392
2021-06-03 09:25:32,3132.2,146396
2021-06-03 09:25:33,3132.15,146397
2021-06-03 09:25:34,3132.2,146516
2021-06-03 09:25:35,3132.35,146525
2021-06-03 09:25:36,3132.2,146554
2021-06-03 09:25:37,3132.2,146554
2021-06-03 09:25:38,3132.2,146554
2021-06-03 09:25:39,3131.55,147358
2021-06-03 09:25:40,3131.35,147386
2021-06-03 09:25:41,3131.3,147396
2021-06-03 09:25:42,3131.5,147421
2021-06-03 09:25:43,3131.5,147421
2021-06-03 09:25:44,3131.0,147576
2021-06-03 09:25:45,3131.0,147754
2021-06-03 09:25:46,3131.5,147901
2021-06-03 09:25:47,3131.45,147935
2021-06-03 09:25:48,3131.6,148010
2021-06-03 09:25:49,3131.0,148128
2021-06-03 09:25:50,3131.0,148128
2021-06-03 09:25:51,3131.0,148225
2021-06-03 09:25:52,3131.0,148295
2021-06-03 09:25:53,3131.0,148313
2021-06-03 09:25:54,3131.55,148339
2021-06-03 09:25:55,3131.0,148690
2021-06-03 09:25:56,3130.65,148775
2021-06-03 09:25:57,3130.65,148775
2021-06-03 09:25:58,3130.5,148961
2021-06-03 09:25:59,3130.5,149069
2021-06-03 09:26:00,3130.05,149159
2021-06-03 09:26:01,3130.5,149351
2021-06-03 09:26:02,3130.5,149548
2021-06-03 09:26:03,3130.1,149646
2021-06-03 09:26:05,3130.3,149736
2021-06-03 09:26:06,3130.4,149959
2021-06-03 09:26:07,3130.3,150182
2021-06-03 09:26:08,3130.4,150289
2021-06-03 09:26:09,3130.3,150414
2021-06-03 09:26:09,3130.3,150414
2021-06-03 09:26:11,3131.05,150551
2021-06-03 09:26:13,3130.3,150631
2021-06-03 09:26:14,3131.05,150632
2021-06-03 09:26:15,3131.05,150632
2021-06-03 09:26:16,3131.05,150635
2021-06-03 09:26:18,3130.5,150681
2021-06-03 09:26:19,3130.5,150681
2021-06-03 09:26:19,3131.05,150682
2021-06-03 09:26:20,3132.0,151853
2021-06-03 09:26:21,3132.3,151870
2021-06-03 09:26:22,3131.3,152016
2021-06-03 09:26:23,3132.3,152041
2021-06-03 09:26:25,3131.65,152184
2021-06-03 09:26:26,3131.05,152790
2021-06-03 09:26:27,3132.35,152942
2021-06-03 09:26:28,3131.55,153108
2021-06-03 09:26:29,3132.25,153249
2021-06-03 09:26:30,3130.85,153287
2021-06-03 09:26:31,3131.0,153915
2021-06-03 09:26:32,3130.85,153936
2021-06-03 09:26:33,3130.85,154066
2021-06-03 09:26:34,3131.95,154088
2021-06-03 09:26:35,3130.95,154106
2021-06-03 09:26:35,3132.05,154230
2021-06-03 09:26:36,3132.0,154250
2021-06-03 09:26:37,3130.95,154251
2021-06-03 09:26:38,3130.95,154373
2021-06-03 09:26:39,3132.4,154516
2021-06-03 09:26:40,3133.0,154775
2021-06-03 09:26:41,3132.85,154866
2021-06-03 09:26:43,3133.05,155085
2021-06-03 09:26:44,3131.35,155178
2021-06-03 09:26:44,3131.35,155178
2021-06-03 09:26:45,3132.8,155477
2021-06-03 09:26:46,3132.8,155477
2021-06-03 09:26:47,3132.6,155699
2021-06-03 09:26:49,3133.25,155729
2021-06-03 09:26:50,3133.45,156279
2021-06-03 09:26:50,3133.45,156279
2021-06-03 09:26:51,3133.85,156307
2021-06-03 09:26:52,3133.85,156318
2021-06-03 09:26:53,3133.85,156388
2021-06-03 09:26:54,3133.25,156578
2021-06-03 09:26:55,3134.15,156735
2021-06-03 09:26:56,3133.25,156754
2021-06-03 09:26:57,3133.95,156796
2021-06-03 09:26:58,3134.0,156807
2021-06-03 09:26:59,3133.0,157003
2021-06-03 09:27:01,3133.0,157094
2021-06-03 09:27:02,3133.0,157094
2021-06-03 09:27:03,3133.85,157144
2021-06-03 09:27:04,3133.85,157145
2021-06-03 09:27:05,3133.85,157145
2021-06-03 09:27:06,3133.0,157263
2021-06-03 09:27:07,3133.85,157273
2021-06-03 09:27:08,3133.0,157319
2021-06-03 09:27:08,3133.0,157319
2021-06-03 09:27:09,3133.0,157762
2021-06-03 09:27:10,3133.85,158172
2021-06-03 09:27:11,3133.8,158295
2021-06-03 09:27:12,3133.6,158385
2021-06-03 09:27:13,3133.0,158410
2021-06-03 09:27:14,3133.5,158538
2021-06-03 09:27:17,3133.0,158727
2021-06-03 09:27:18,3133.7,158757
2021-06-03 09:27:19,3133.6,158767
2021-06-03 09:27:20,3133.0,158836
2021-06-03 09:27:21,3133.5,158900
2021-06-03 09:27:22,3133.0,158902
2021-06-03 09:27:23,3132.65,159036
2021-06-03 09:27:23,3133.0,159112
2021-06-03 09:27:24,3132.0,159392
2021-06-03 09:27:25,3132.0,159392
2021-06-03 09:27:27,3131.6,159601
2021-06-03 09:27:28,3131.6,159601
2021-06-03 09:27:30,3132.2,159603
2021-06-03 09:27:31,3132.2,159603
2021-06-03 09:27:32,3132.2,159603
2021-06-03 09:27:33,3132.65,159805
2021-06-03 09:27:34,3132.65,159805
2021-06-03 09:27:35,3131.6,159929
2021-06-03 09:27:36,3131.6,159929
2021-06-03 09:27:37,3132.45,159940
2021-06-03 09:27:38,3131.6,159945
2021-06-03 09:27:39,3132.4,159955
2021-06-03 09:27:40,3131.6,160049
2021-06-03 09:27:41,3131.0,160221
2021-06-03 09:27:42,3132.25,160246
2021-06-03 09:27:42,3133.0,161246
2021-06-03 09:27:43,3133.0,161246
2021-06-03 09:27:44,3132.95,161249
2021-06-03 09:27:45,3133.0,161550
2021-06-03 09:27:46,3131.65,161587
2021-06-03 09:27:47,3132.85,161590
2021-06-03 09:27:48,3132.85,161641
2021-06-03 09:27:49,3132.85,161702
2021-06-03 09:27:50,3132.85,161703
2021-06-03 09:27:51,3133.25,162103
2021-06-03 09:27:52,3132.85,162109
2021-06-03 09:27:53,3133.9,162259
2021-06-03 09:27:54,3133.0,162290
2021-06-03 09:27:56,3132.85,162544
2021-06-03 09:27:58,3133.4,162545
2021-06-03 09:27:58,3133.4,162580
2021-06-03 09:27:59,3133.4,162583
2021-06-03 09:28:01,3133.0,162596
2021-06-03 09:28:02,3133.0,162596
2021-06-03 09:28:03,3133.0,162596
2021-06-03 09:28:05,3133.4,162662
2021-06-03 09:28:06,3133.4,162664
2021-06-03 09:28:07,3133.4,162948
2021-06-03 09:28:08,3133.4,162958
2021-06-03 09:28:09,3133.05,162959
2021-06-03 09:28:10,3134.3,163228
2021-06-03 09:28:11,3134.3,163228
2021-06-03 09:28:11,3134.3,163228
2021-06-03 09:28:12,3133.25,163238
2021-06-03 09:28:13,3133.65,163249
2021-06-03 09:28:14,3133.25,163285
2021-06-03 09:28:15,3133.65,163286
2021-06-03 09:28:17,3133.9,163567
2021-06-03 09:28:18,3133.9,163567
2021-06-03 09:28:19,3133.9,163567
2021-06-03 09:28:19,3133.9,163567
2021-06-03 09:28:20,3133.4,163570
2021-06-03 09:28:21,3133.4,163575
2021-06-03 09:28:22,3133.4,163593
2021-06-03 09:28:23,3133.65,163598
2021-06-03 09:28:24,3134.3,163608
2021-06-03 09:28:25,3134.3,163627
2021-06-03 09:28:26,3134.3,163627
2021-06-03 09:28:27,3133.9,163682
2021-06-03 09:28:29,3133.9,163682
2021-06-03 09:28:30,3134.3,163685
2021-06-03 09:28:31,3134.65,163689
2021-06-03 09:28:32,3134.65,163689
2021-06-03 09:28:33,3134.65,163689
2021-06-03 09:28:34,3134.65,163765
2021-06-03 09:28:35,3134.65,163796
2021-06-03 09:28:36,3134.65,163800
2021-06-03 09:28:37,3134.3,163804
2021-06-03 09:28:38,3134.65,163805
2021-06-03 09:28:39,3134.65,163831
2021-06-03 09:28:40,3134.65,163886
2021-06-03 09:28:41,3135.95,164705
2021-06-03 09:28:42,3135.95,164792
2021-06-03 09:28:44,3136.0,164920
2021-06-03 09:28:45,3136.0,165026
2021-06-03 09:28:45,3136.0,165274
2021-06-03 09:28:47,3137.8,166799
2021-06-03 09:28:48,3135.95,167489
2021-06-03 09:28:49,3136.5,167622
2021-06-03 09:28:50,3136.5,167643
2021-06-03 09:28:51,3135.95,167675
2021-06-03 09:28:52,3136.85,168107
2021-06-03 09:28:53,3135.95,168152
2021-06-03 09:28:54,3136.45,168474
2021-06-03 09:28:55,3136.45,169130
2021-06-03 09:28:56,3136.85,169171
2021-06-03 09:28:57,3136.8,169200
2021-06-03 09:28:58,3136.75,169595
2021-06-03 09:29:00,3136.8,170616
2021-06-03 09:29:01,3137.35,170831
2021-06-03 09:29:02,3137.0,170935
2021-06-03 09:29:03,3136.85,170946
2021-06-03 09:29:04,3136.85,170946
2021-06-03 09:29:05,3138.4,171213
2021-06-03 09:29:07,3138.45,171364
2021-06-03 09:29:08,3138.45,171364
2021-06-03 09:29:09,3138.4,171614
2021-06-03 09:29:10,3138.15,171615
2021-06-03 09:29:11,3138.15,171615
2021-06-03 09:29:12,3138.0,171636
2021-06-03 09:29:13,3138.4,171836
2021-06-03 09:29:14,3138.5,171884
2021-06-03 09:29:15,3138.65,172287
2021-06-03 09:29:16,3138.35,172308
2021-06-03 09:29:17,3138.15,172310
2021-06-03 09:29:18,3138.0,172610
2021-06-03 09:29:19,3138.6,172630
2021-06-03 09:29:21,3138.6,172660
2021-06-03 09:29:22,3138.6,172690
2021-06-03 09:29:23,3138.6,172696
2021-06-03 09:29:24,3138.6,172761
2021-06-03 09:29:25,3138.6,172762
2021-06-03 09:29:26,3138.6,172782
2021-06-03 09:29:27,3138.65,172784
2021-06-03 09:29:28,3138.6,172926
2021-06-03 09:29:29,3138.4,172977
2021-06-03 09:29:30,3138.4,173068
2021-06-03 09:29:31,3138.4,173068
2021-06-03 09:29:32,3138.45,173170
2021-06-03 09:29:33,3138.45,173231
2021-06-03 09:29:34,3138.35,173270
2021-06-03 09:29:35,3138.55,173323
2021-06-03 09:29:36,3138.4,173445
2021-06-03 09:29:37,3138.55,173486
2021-06-03 09:29:38,3138.35,173574
2021-06-03 09:29:38,3138.35,173514
2021-06-03 09:29:40,3138.55,173684
2021-06-03 09:29:42,3138.55,173707
2021-06-03 09:29:43,3138.55,173819
2021-06-03 09:29:44,3138.75,173821
2021-06-03 09:29:45,3138.5,173839
2021-06-03 09:29:47,3138.5,173843
2021-06-03 09:29:48,3138.75,173871
2021-06-03 09:29:49,3138.7,173887
2021-06-03 09:29:50,3138.35,174241
2021-06-03 09:29:51,3138.35,174280
2021-06-03 09:29:52,3138.5,174310
2021-06-03 09:29:53,3138.5,174312
2021-06-03 09:29:54,3138.5,174312
2021-06-03 09:29:55,3138.35,174325
2021-06-03 09:29:56,3138.35,174493
2021-06-03 09:29:57,3138.35,174882
2021-06-03 09:29:58,3137.2,175208
2021-06-03 09:29:59,3137.0,175611
2021-06-03 09:30:00,3138.0,175707
2021-06-03 09:30:01,3138.25,175725
2021-06-03 09:30:02,3137.0,175775
2021-06-03 09:30:03,3138.0,175866
2021-06-03 09:30:04,3138.05,175945
2021-06-03 09:30:05,3138.2,175948
2021-06-03 09:30:06,3137.2,175956
2021-06-03 09:30:07,3137.0,176057
2021-06-03 09:30:08,3137.0,176220
2021-06-03 09:30:09,3138.0,176299
2021-06-03 09:30:10,3138.0,176306
2021-06-03 09:30:11,3137.0,176414
2021-06-03 09:30:12,3137.0,176743
2021-06-03 09:30:13,3136.9,176866
2021-06-03 09:30:14,3138.05,176889
2021-06-03 09:30:15,3138.05,176889
2021-06-03 09:30:18,3138.05,176923
2021-06-03 09:30:19,3138.05,176925
2021-06-03 09:30:20,3138.05,176930
2021-06-03 09:30:21,3138.0,176935
2021-06-03 09:30:22,3138.0,177102
2021-06-03 09:30:23,3137.95,177129
2021-06-03 09:30:24,3138.2,177569
2021-06-03 09:30:25,3138.2,177569
2021-06-03 09:30:26,3138.25,177570
2021-06-03 09:30:27,3137.05,177571
2021-06-03 09:30:28,3137.05,177630
2021-06-03 09:30:29,3137.05,177677
2021-06-03 09:30:29,3137.05,177687
2021-06-03 09:30:30,3137.05,178227
2021-06-03 09:30:31,3136.9,178287
2021-06-03 09:30:33,3137.3,178513
2021-06-03 09:30:34,3137.3,178573
2021-06-03 09:30:35,3137.35,178588
2021-06-03 09:30:36,3137.35,178615
2021-06-03 09:30:37,3138.25,178806
2021-06-03 09:30:38,3138.55,179223
2021-06-03 09:30:39,3138.8,179269
2021-06-03 09:30:40,3138.8,179278
2021-06-03 09:30:41,3138.8,179301
2021-06-03 09:30:43,3138.25,179314
2021-06-03 09:30:44,3138.25,179321
2021-06-03 09:30:45,3138.25,179321
2021-06-03 09:30:46,3138.8,179350
2021-06-03 09:30:47,3138.8,179360
2021-06-03 09:30:48,3138.8,179385
2021-06-03 09:30:49,3138.0,179444
2021-06-03 09:30:51,3138.0,179890
2021-06-03 09:30:52,3137.7,179932
2021-06-03 09:30:53,3136.7,180074
2021-06-03 09:30:54,3137.95,180560
2021-06-03 09:30:55,3136.4,180688
2021-06-03 09:30:56,3137.9,181027
2021-06-03 09:30:58,3137.45,181125
2021-06-03 09:30:58,3137.45,181101
2021-06-03 09:31:00,3137.45,181450
2021-06-03 09:31:01,3137.5,181670
2021-06-03 09:31:02,3137.85,181671
2021-06-03 09:31:03,3138.0,181815
2021-06-03 09:31:05,3137.95,181880
2021-06-03 09:31:06,3138.15,182180
2021-06-03 09:31:07,3138.15,182180
2021-06-03 09:31:08,3139.5,182711
2021-06-03 09:31:09,3139.9,182765
2021-06-03 09:31:10,3139.7,184490
2021-06-03 09:31:11,3140.9,184569
2021-06-03 09:31:12,3139.9,184597
2021-06-03 09:31:13,3139.9,184597
2021-06-03 09:31:14,3140.9,184607
2021-06-03 09:31:15,3140.05,184619
2021-06-03 09:31:16,3141.0,184694
2021-06-03 09:31:16,3142.0,184991
2021-06-03 09:31:17,3140.35,185113
2021-06-03 09:31:19,3140.35,185113
2021-06-03 09:31:20,3141.7,185218
2021-06-03 09:31:21,3142.0,185324
2021-06-03 09:31:22,3142.0,185361
2021-06-03 09:31:23,3141.7,185402
2021-06-03 09:31:24,3141.3,185412
2021-06-03 09:31:25,3142.0,185549
2021-06-03 09:31:25,3142.0,185549
2021-06-03 09:31:26,3142.0,185626
2021-06-03 09:31:28,3142.0,185656
2021-06-03 09:31:29,3142.0,185657
2021-06-03 09:31:30,3141.7,185709
2021-06-03 09:31:31,3142.25,185741
2021-06-03 09:31:32,3141.7,186224
2021-06-03 09:31:32,3143.05,186213
2021-06-03 09:31:33,3142.0,186295
2021-06-03 09:31:34,3142.0,186354
2021-06-03 09:31:36,3142.0,186438
2021-06-03 09:31:37,3142.0,186470
2021-06-03 09:31:38,3142.0,186622
2021-06-03 09:31:39,3143.05,186642
2021-06-03 09:31:40,3143.4,186783
2021-06-03 09:31:41,3142.95,186818
2021-06-03 09:31:42,3142.05,186854
2021-06-03 09:31:43,3142.95,186855
2021-06-03 09:31:44,3143.35,187160
2021-06-03 09:31:45,3143.2,187169
2021-06-03 09:31:45,3142.95,187170
2021-06-03 09:31:46,3142.95,187170
2021-06-03 09:31:48,3142.35,187202
2021-06-03 09:31:49,3143.35,187326
2021-06-03 09:31:50,3142.4,187450
2021-06-03 09:31:51,3143.4,187512
2021-06-03 09:31:52,3143.0,189514
2021-06-03 09:31:53,3143.35,189516
2021-06-03 09:31:53,3143.35,189516
2021-06-03 09:31:55,3143.95,189724
2021-06-03 09:31:56,3143.75,189750
2021-06-03 09:31:57,3142.35,189774
2021-06-03 09:31:58,3142.05,190950
2021-06-03 09:31:58,3142.05,190950
2021-06-03 09:31:59,3142.05,191005
2021-06-03 09:32:00,3142.0,191098
2021-06-03 09:32:02,3142.25,191553
2021-06-03 09:32:03,3142.65,191729
2021-06-03 09:32:04,3142.05,191779
2021-06-03 09:32:05,3142.1,191938
2021-06-03 09:32:06,3142.75,191940
2021-06-03 09:32:07,3142.1,192009
2021-06-03 09:32:08,3142.1,192009
2021-06-03 09:32:09,3142.65,192230
2021-06-03 09:32:10,3142.1,193235
2021-06-03 09:32:11,3143.15,193236
2021-06-03 09:32:12,3142.35,193257
2021-06-03 09:32:12,3142.35,193257
2021-06-03 09:32:13,3142.35,193258
2021-06-03 09:32:15,3142.85,193391
2021-06-03 09:32:16,3142.0,193624
2021-06-03 09:32:17,3142.6,193683
2021-06-03 09:32:18,3142.6,193683
2021-06-03 09:32:19,3142.75,193719
2021-06-03 09:32:20,3142.0,193740
2021-06-03 09:32:20,3142.0,193745
2021-06-03 09:32:21,3142.0,193745
2021-06-03 09:32:22,3142.0,193745
2021-06-03 09:32:23,3143.1,193883
2021-06-03 09:32:25,3143.05,194084
2021-06-03 09:32:26,3143.05,194084
2021-06-03 09:32:27,3142.3,194154
2021-06-03 09:32:28,3142.3,194154
2021-06-03 09:32:29,3142.3,194235
2021-06-03 09:32:30,3140.0,196033
2021-06-03 09:32:30,3140.0,196033
2021-06-03 09:32:32,3140.0,196033
2021-06-03 09:32:33,3140.0,196083
2021-06-03 09:32:34,3141.05,196139
2021-06-03 09:32:35,3140.0,196244
2021-06-03 09:32:36,3141.05,196253
2021-06-03 09:32:37,3141.05,196254
2021-06-03 09:32:38,3140.0,196264
2021-06-03 09:32:39,3140.8,196265
2021-06-03 09:32:40,3140.9,196365
2021-06-03 09:32:41,3140.9,196365
2021-06-03 09:32:42,3141.0,196500
2021-06-03 09:32:43,3140.0,196633
2021-06-03 09:32:44,3140.85,196634
2021-06-03 09:32:45,3140.05,196687
2021-06-03 09:32:46,3140.05,196687
2021-06-03 09:32:47,3139.7,197612
2021-06-03 09:32:48,3138.2,197909
2021-06-03 09:32:49,3139.5,197932
2021-06-03 09:32:50,3138.25,197961
2021-06-03 09:32:51,3139.55,197962
2021-06-03 09:32:52,3138.0,197982
2021-06-03 09:32:53,3138.0,197991
2021-06-03 09:32:54,3138.25,197999
2021-06-03 09:32:55,3138.25,197999
2021-06-03 09:32:56,3138.25,197999
2021-06-03 09:32:57,3138.0,198009
2021-06-03 09:32:58,3138.5,198228
2021-06-03 09:32:59,3138.5,198228
2021-06-03 09:33:00,3138.5,198228
2021-06-03 09:33:01,3138.45,198322
2021-06-03 09:33:02,3138.8,198469
2021-06-03 09:33:03,3138.8,198469
2021-06-03 09:33:04,3139.7,198482
2021-06-03 09:33:05,3139.65,198503
2021-06-03 09:33:06,3138.5,198543
2021-06-03 09:33:07,3139.65,198558
2021-06-03 09:33:08,3138.8,198564
2021-06-03 09:33:09,3139.65,198568
2021-06-03 09:33:12,3140.0,199155
2021-06-03 09:33:11,3139.2,199130
2021-06-03 09:33:13,3140.0,199158
2021-06-03 09:33:14,3139.5,199294
2021-06-03 09:33:15,3139.9,199319
2021-06-03 09:33:16,3139.9,199319
2021-06-03 09:33:17,3140.4,199321
2021-06-03 09:33:18,3139.9,199329
2021-06-03 09:33:19,3139.9,199332
2021-06-03 09:33:21,3140.4,199342
2021-06-03 09:33:20,3140.4,199342
2021-06-03 09:33:22,3140.4,199342
2021-06-03 09:33:23,3140.4,199342
2021-06-03 09:33:24,3138.5,199879
2021-06-03 09:33:25,3139.15,200189
2021-06-03 09:33:26,3138.4,200196
2021-06-03 09:33:27,3138.4,200196
2021-06-03 09:33:28,3139.2,200221
2021-06-03 09:33:29,3139.2,200221
2021-06-03 09:33:30,3138.4,200226
2021-06-03 09:33:31,3138.5,200238
2021-06-03 09:33:33,3139.2,200242
2021-06-03 09:33:34,3139.2,200242
2021-06-03 09:33:35,3139.2,200242
2021-06-03 09:33:36,3139.2,200253
2021-06-03 09:33:37,3139.55,200417
2021-06-03 09:33:38,3139.55,200417
2021-06-03 09:33:39,3139.55,200417
2021-06-03 09:33:40,3139.55,200420
2021-06-03 09:33:41,3139.55,200436
2021-06-03 09:33:42,3139.2,200442
2021-06-03 09:33:43,3139.2,200442
2021-06-03 09:33:44,3139.2,200442
2021-06-03 09:33:45,3139.2,200442
2021-06-03 09:33:46,3139.4,200912
2021-06-03 09:33:48,3140.0,201032
2021-06-03 09:33:47,3140.0,201032
2021-06-03 09:33:49,3140.0,201032
2021-06-03 09:33:51,3139.2,201083
2021-06-03 09:33:52,3139.4,201600
2021-06-03 09:33:53,3139.15,201601
2021-06-03 09:33:54,3139.15,201625
2021-06-03 09:33:55,3139.0,201636
2021-06-03 09:33:56,3139.4,201672
2021-06-03 09:33:57,3138.55,201739
2021-06-03 09:33:58,3139.4,201754
2021-06-03 09:33:59,3138.5,201875
2021-06-03 09:34:00,3138.5,201877
2021-06-03 09:34:01,3139.0,201884
2021-06-03 09:34:02,3138.65,201898
2021-06-03 09:34:03,3138.95,201999
2021-06-03 09:34:04,3138.95,201999
2021-06-03 09:34:05,3139.0,202166
2021-06-03 09:34:06,3138.0,202334
2021-06-03 09:34:07,3137.65,202486
2021-06-03 09:34:08,3138.65,202487
2021-06-03 09:34:09,3138.65,202487
2021-06-03 09:34:10,3138.65,202487
2021-06-03 09:34:11,3138.95,202503
2021-06-03 09:34:12,3139.0,202504
2021-06-03 09:34:13,3138.0,202506
2021-06-03 09:34:15,3138.0,202648
2021-06-03 09:34:16,3138.95,202715
2021-06-03 09:34:17,3138.95,202715
2021-06-03 09:34:18,3138.05,202734
2021-06-03 09:34:19,3138.05,202734
2021-06-03 09:34:20,3138.95,202735
2021-06-03 09:34:21,3138.9,202740
2021-06-03 09:34:22,3138.95,202741
2021-06-03 09:34:23,3138.9,202745
2021-06-03 09:34:25,3138.9,202745
2021-06-03 09:34:24,3138.9,202745
2021-06-03 09:34:26,3138.95,202756
2021-06-03 09:34:27,3140.0,203557
2021-06-03 09:34:28,3140.35,203599
2021-06-03 09:34:29,3139.85,203600
2021-06-03 09:34:30,3140.0,203657
2021-06-03 09:34:31,3140.85,203828
2021-06-03 09:34:32,3140.9,203945
2021-06-03 09:34:33,3140.9,203965
2021-06-03 09:34:35,3139.1,204288
2021-06-03 09:34:34,3139.1,204288
2021-06-03 09:34:36,3138.9,204323
2021-06-03 09:34:37,3140.0,204324
2021-06-03 09:34:38,3140.0,204329
2021-06-03 09:34:39,3140.4,204397
2021-06-03 09:34:40,3140.4,204397
2021-06-03 09:34:41,3140.4,204397
2021-06-03 09:34:42,3140.0,204504
2021-06-03 09:34:44,3139.2,204526
2021-06-03 09:34:45,3140.35,204552
2021-06-03 09:34:46,3140.35,204552
2021-06-03 09:34:47,3140.35,204552
2021-06-03 09:34:48,3140.35,204587
2021-06-03 09:34:49,3140.35,204617
2021-06-03 09:34:50,3140.0,204622
2021-06-03 09:34:51,3140.0,204622
2021-06-03 09:34:52,3140.0,204624
2021-06-03 09:34:53,3140.0,204717
2021-06-03 09:34:55,3140.0,204723
2021-06-03 09:34:56,3140.0,204726
2021-06-03 09:34:57,3140.35,204921
2021-06-03 09:34:57,3140.35,204921
2021-06-03 09:34:58,3139.95,204932
2021-06-03 09:34:59,3140.3,204942
2021-06-03 09:35:00,3140.3,204946
2021-06-03 09:35:01,3140.6,205097
2021-06-03 09:35:02,3140.75,205103
2021-06-03 09:35:03,3140.75,205110
2021-06-03 09:35:04,3140.75,205110
2021-06-03 09:35:05,3140.75,205125
2021-06-03 09:35:06,3140.75,205125
2021-06-03 09:35:07,3140.75,205125
2021-06-03 09:35:08,3140.95,205252
2021-06-03 09:35:10,3140.75,205267
2021-06-03 09:35:10,3140.75,205262
2021-06-03 09:35:11,3140.75,205267
2021-06-03 09:35:12,3140.75,205317
2021-06-03 09:35:13,3140.95,205321
2021-06-03 09:35:14,3140.75,205338
2021-06-03 09:35:15,3140.0,205746
2021-06-03 09:35:16,3140.0,205746
2021-06-03 09:35:18,3139.95,205874
2021-06-03 09:35:18,3139.95,205874
2021-06-03 09:35:20,3140.35,205985
2021-06-03 09:35:21,3139.5,206002
2021-06-03 09:35:21,3140.35,205997
2021-06-03 09:35:23,3140.0,206039
2021-06-03 09:35:24,3140.75,206109
2021-06-03 09:35:24,3140.75,206109
2021-06-03 09:35:25,3140.75,206178
2021-06-03 09:35:26,3140.35,206203
2021-06-03 09:35:27,3140.75,206206
2021-06-03 09:35:28,3140.75,206206
2021-06-03 09:35:30,3140.75,206307
2021-06-03 09:35:30,3141.1,206873
2021-06-03 09:35:31,3141.1,206873
2021-06-03 09:35:33,3141.1,206873
2021-06-03 09:35:34,3141.1,206903
2021-06-03 09:35:35,3140.35,206913
2021-06-03 09:35:36,3140.35,206913
2021-06-03 09:35:36,3140.35,206913
2021-06-03 09:35:37,3141.1,206921
2021-06-03 09:35:38,3141.1,206921
2021-06-03 09:35:39,3141.1,207008
2021-06-03 09:35:40,3140.35,207069
2021-06-03 09:35:42,3140.95,207119
2021-06-03 09:35:43,3140.95,207119
2021-06-03 09:35:43,3140.95,207119
2021-06-03 09:35:44,3140.95,207121
2021-06-03 09:35:45,3140.95,207124
2021-06-03 09:35:46,3140.35,207240
2021-06-03 09:35:48,3140.55,207261
2021-06-03 09:35:49,3140.55,207261
2021-06-03 09:35:49,3140.55,207261
2021-06-03 09:35:50,3141.2,207381
2021-06-03 09:35:51,3141.2,207398
2021-06-03 09:35:52,3141.2,207398
2021-06-03 09:35:53,3141.2,207440
2021-06-03 09:35:54,3141.1,207554
2021-06-03 09:35:55,3140.55,207568
2021-06-03 09:35:57,3141.15,207668
2021-06-03 09:35:57,3141.15,207668
2021-06-03 09:35:58,3140.0,207718
2021-06-03 09:35:59,3141.15,207748
2021-06-03 09:36:00,3141.35,207908
2021-06-03 09:36:01,3141.35,207908
2021-06-03 09:36:02,3141.0,207926
2021-06-03 09:36:03,3140.55,207980
2021-06-03 09:36:05,3140.55,207980
2021-06-03 09:36:06,3139.65,207981
2021-06-03 09:36:07,3139.6,207986
2021-06-03 09:36:08,3140.45,208216
2021-06-03 09:36:08,3140.45,208216
2021-06-03 09:36:09,3140.45,208216
2021-06-03 09:36:10,3140.45,208216
2021-06-03 09:36:11,3139.75,208272
2021-06-03 09:36:12,3139.75,208272
2021-06-03 09:36:13,3139.8,208275
2021-06-03 09:36:14,3141.15,208490
2021-06-03 09:36:15,3141.15,208490
2021-06-03 09:36:16,3141.15,208490
2021-06-03 09:36:17,3141.15,208490
2021-06-03 09:36:18,3140.6,208541
2021-06-03 09:36:19,3140.6,208541
2021-06-03 09:36:20,3140.6,208541
2021-06-03 09:36:21,3140.65,208568
2021-06-03 09:36:22,3140.65,208575
2021-06-03 09:36:23,3140.85,208603
2021-06-03 09:36:25,3140.65,208604
2021-06-03 09:36:26,3140.55,208825
2021-06-03 09:36:27,3140.55,208825
2021-06-03 09:36:28,3140.55,208825
2021-06-03 09:36:29,3140.85,208827
2021-06-03 09:36:29,3140.85,208827
2021-06-03 09:36:30,3140.85,208828
2021-06-03 09:36:31,3140.85,208829
2021-06-03 09:36:32,3141.6,210246
2021-06-03 09:36:33,3141.6,210250
2021-06-03 09:36:34,3139.5,211376
2021-06-03 09:36:35,3140.4,211497
2021-06-03 09:36:36,3138.95,211581
2021-06-03 09:36:37,3139.9,211626
2021-06-03 09:36:39,3139.0,211629
2021-06-03 09:36:40,3139.05,211640
2021-06-03 09:36:42,3139.05,212017
2021-06-03 09:36:42,3139.8,212027
2021-06-03 09:36:43,3139.8,212027
2021-06-03 09:36:44,3139.6,212048
2021-06-03 09:36:45,3139.6,212048
2021-06-03 09:36:46,3139.55,212063
2021-06-03 09:36:47,3139.55,212063
2021-06-03 09:36:48,3138.7,212065
2021-06-03 09:36:49,3139.55,212095
2021-06-03 09:36:50,3138.7,212128
2021-06-03 09:36:51,3138.55,212132
2021-06-03 09:36:54,3138.7,212183
2021-06-03 09:36:55,3138.45,212890
2021-06-03 09:36:55,3138.45,212782
2021-06-03 09:36:56,3139.55,212902
2021-06-03 09:36:57,3139.55,212902
2021-06-03 09:36:58,3139.55,212902
2021-06-03 09:36:59,3138.9,212954
2021-06-03 09:37:00,3138.9,212954
2021-06-03 09:37:01,3138.75,213176
2021-06-03 09:37:02,3139.15,213177
2021-06-03 09:37:04,3139.15,213177
2021-06-03 09:37:05,3139.15,213180
2021-06-03 09:37:05,3139.15,213180
2021-06-03 09:37:06,3139.15,213220
2021-06-03 09:37:07,3139.95,213629
2021-06-03 09:37:08,3139.95,213629
2021-06-03 09:37:09,3140.6,213668
2021-06-03 09:37:10,3140.7,213688
2021-06-03 09:37:11,3140.7,213689
2021-06-03 09:37:13,3140.95,213769
2021-06-03 09:37:14,3139.85,213800
2021-06-03 09:37:14,3140.6,213836
2021-06-03 09:37:15,3139.85,214133
2021-06-03 09:37:16,3139.85,214134
2021-06-03 09:37:17,3139.85,214144
2021-06-03 09:37:19,3139.85,214145
2021-06-03 09:37:20,3138.8,214149
2021-06-03 09:37:21,3139.85,214167
2021-06-03 09:37:22,3139.85,214167
2021-06-03 09:37:23,3139.8,214172
2021-06-03 09:37:24,3138.85,214173
2021-06-03 09:37:25,3139.0,214176
2021-06-03 09:37:26,3139.8,214190
2021-06-03 09:37:27,3139.8,214194
2021-06-03 09:37:28,3139.05,214204
2021-06-03 09:37:30,3139.05,214204
2021-06-03 09:37:32,3139.8,214254
2021-06-03 09:37:33,3139.8,214270
2021-06-03 09:37:34,3139.8,214272
2021-06-03 09:37:34,3139.8,214272
2021-06-03 09:37:35,3139.8,214272
2021-06-03 09:37:36,3139.1,214275
2021-06-03 09:37:37,3139.1,214278
2021-06-03 09:37:39,3139.1,214278
2021-06-03 09:37:40,3139.15,214279
2021-06-03 09:37:41,3139.6,214309
2021-06-03 09:37:42,3139.55,214319
2021-06-03 09:37:43,3139.55,214320
2021-06-03 09:37:43,3139.55,214320
2021-06-03 09:37:44,3139.55,214321
2021-06-03 09:37:45,3139.15,214332
2021-06-03 09:37:46,3139.6,214395
2021-06-03 09:37:48,3139.6,214395
2021-06-03 09:37:49,3139.6,214466
2021-06-03 09:37:50,3139.6,214466
2021-06-03 09:37:51,3139.8,214493
2021-06-03 09:37:53,3139.8,214506
2021-06-03 09:37:54,3139.35,214606
2021-06-03 09:37:55,3139.6,214616
2021-06-03 09:37:55,3139.8,214626
2021-06-03 09:37:56,3139.8,214626
2021-06-03 09:37:57,3139.45,214676
2021-06-03 09:37:58,3139.6,214687
2021-06-03 09:38:00,3139.8,214804
2021-06-03 09:38:01,3139.85,214903
2021-06-03 09:38:02,3139.85,214903
2021-06-03 09:38:03,3140.5,215825
2021-06-03 09:38:03,3140.5,215825
2021-06-03 09:38:04,3141.7,215833
2021-06-03 09:38:05,3140.6,215895
2021-06-03 09:38:06,3141.15,216146
2021-06-03 09:38:08,3141.15,216146
2021-06-03 09:38:09,3141.5,216149
2021-06-03 09:38:09,3141.5,216149
2021-06-03 09:38:10,3141.5,216213
2021-06-03 09:38:11,3140.15,216225
2021-06-03 09:38:12,3141.0,216226
2021-06-03 09:38:14,3141.0,216231
2021-06-03 09:38:15,3141.0,216231
2021-06-03 09:38:16,3140.5,216249
2021-06-03 09:38:17,3140.35,216438
2021-06-03 09:38:18,3140.35,216458
2021-06-03 09:38:18,3140.35,216458
2021-06-03 09:38:19,3140.2,216464
2021-06-03 09:38:20,3141.4,216574
2021-06-03 09:38:21,3140.9,216586
2021-06-03 09:38:22,3140.25,216587
2021-06-03 09:38:23,3141.55,216651
2021-06-03 09:38:25,3141.55,216651
2021-06-03 09:38:26,3140.6,216726
2021-06-03 09:38:26,3140.6,216726
2021-06-03 09:38:27,3140.6,216726
2021-06-03 09:38:28,3141.6,216727
2021-06-03 09:38:29,3141.6,216727
2021-06-03 09:38:30,3140.35,216777
2021-06-03 09:38:32,3141.5,216800
2021-06-03 09:38:33,3140.6,216812
2021-06-03 09:38:33,3140.6,216812
2021-06-03 09:38:34,3140.5,216817
2021-06-03 09:38:35,3140.5,216872
2021-06-03 09:38:36,3140.5,216877
2021-06-03 09:38:37,3140.5,216878
2021-06-03 09:38:38,3140.5,216884
2021-06-03 09:38:39,3140.5,216891
2021-06-03 09:38:41,3140.45,216893
2021-06-03 09:38:42,3140.45,216898
2021-06-03 09:38:43,3139.0,217991
2021-06-03 09:38:43,3138.5,217994
2021-06-03 09:38:44,3138.5,217997
2021-06-03 09:38:45,3139.65,218099
2021-06-03 09:38:46,3139.65,218107
2021-06-03 09:38:47,3139.65,218107
2021-06-03 09:38:48,3138.8,218143
2021-06-03 09:38:49,3139.65,218148
2021-06-03 09:38:51,3139.65,218151
2021-06-03 09:38:52,3138.85,218248
2021-06-03 09:38:53,3138.95,218271
2021-06-03 09:38:53,3138.95,218271
2021-06-03 09:38:54,3138.95,218271
2021-06-03 09:38:55,3138.95,218271
2021-06-03 09:38:57,3138.95,218290
2021-06-03 09:38:59,3140.25,218931
2021-06-03 09:39:00,3140.15,218958
2021-06-03 09:39:01,3140.15,219091
2021-06-03 09:39:02,3140.15,219091
2021-06-03 09:39:03,3139.25,219112
2021-06-03 09:39:04,3139.25,219112
2021-06-03 09:39:05,3140.15,219113
2021-06-03 09:39:06,3139.25,219501
2021-06-03 09:39:06,3138.5,219630
2021-06-03 09:39:07,3138.5,219630
2021-06-03 09:39:09,3138.5,219630
2021-06-03 09:39:10,3138.2,219818
2021-06-03 09:39:11,3137.2,220787
2021-06-03 09:39:12,3138.0,220990
2021-06-03 09:39:13,3137.4,221034
2021-06-03 09:39:15,3138.0,221117
2021-06-03 09:39:16,3138.0,221117
2021-06-03 09:39:17,3138.05,221338
2021-06-03 09:39:17,3138.05,221338
2021-06-03 09:39:18,3138.05,221341
2021-06-03 09:39:19,3137.65,221442
2021-06-03 09:39:20,3137.65,221483
2021-06-03 09:39:21,3138.0,221529
2021-06-03 09:39:22,3138.0,221529
2021-06-03 09:39:23,3138.05,221531
2021-06-03 09:39:25,3138.0,221561
2021-06-03 09:39:25,3138.05,221620
2021-06-03 09:39:26,3138.0,221640
2021-06-03 09:39:27,3138.85,221915
2021-06-03 09:39:29,3139.0,221926
2021-06-03 09:39:30,3139.25,221950
2021-06-03 09:39:31,3139.25,222072
2021-06-03 09:39:32,3139.25,222208
2021-06-03 09:39:34,3139.25,222834
2021-06-03 09:39:35,3139.25,223358
2021-06-03 09:39:35,3139.35,223475
2021-06-03 09:39:36,3139.6,223493
2021-06-03 09:39:38,3139.85,223495
2021-06-03 09:39:39,3140.15,223742
2021-06-03 09:39:40,3140.45,223748
2021-06-03 09:39:41,3140.45,223749
2021-06-03 09:39:42,3140.4,223769
2021-06-03 09:39:42,3140.4,223771
2021-06-03 09:39:43,3140.4,223771
2021-06-03 09:39:44,3140.4,223771
2021-06-03 09:39:45,3140.35,223779
2021-06-03 09:39:46,3140.15,223780
2021-06-03 09:39:47,3140.15,223780
2021-06-03 09:39:48,3140.35,223782
2021-06-03 09:39:49,3140.35,223785
2021-06-03 09:39:51,3140.35,223786
2021-06-03 09:39:52,3140.7,224035
2021-06-03 09:39:53,3141.4,224179
2021-06-03 09:39:54,3140.75,224239
2021-06-03 09:39:55,3141.45,224275
2021-06-03 09:39:56,3142.15,225154
2021-06-03 09:39:57,3142.15,225245
2021-06-03 09:39:57,3142.5,225334
2021-06-03 09:39:58,3143.0,226383
2021-06-03 09:39:59,3143.05,226513
2021-06-03 09:40:00,3142.7,226775
2021-06-03 09:40:01,3142.65,226934
2021-06-03 09:40:02,3142.15,228952
2021-06-03 09:40:05,3143.35,229513
2021-06-03 09:40:06,3142.05,229898
2021-06-03 09:40:07,3142.3,229965
2021-06-03 09:40:08,3142.45,230133
2021-06-03 09:40:09,3142.3,230226
2021-06-03 09:40:09,3143.35,230238
2021-06-03 09:40:10,3142.05,230381
2021-06-03 09:40:11,3143.35,230412
2021-06-03 09:40:12,3143.2,231145
2021-06-03 09:40:13,3143.2,231600
2021-06-03 09:40:14,3144.0,231665
2021-06-03 09:40:16,3144.05,231863
2021-06-03 09:40:17,3144.3,231990
2021-06-03 09:40:18,3144.35,232027
2021-06-03 09:40:19,3144.35,232113
2021-06-03 09:40:20,3144.45,232245
2021-06-03 09:40:21,3144.45,232307
2021-06-03 09:40:22,3144.75,232338
2021-06-03 09:40:23,3144.7,232383
2021-06-03 09:40:23,3144.7,232389
2021-06-03 09:40:24,3144.55,232390
2021-06-03 09:40:25,3144.6,232391
2021-06-03 09:40:26,3144.3,232468
2021-06-03 09:40:27,3144.6,232484
2021-06-03 09:40:28,3144.85,232577
2021-06-03 09:40:29,3144.85,232587
2021-06-03 09:40:31,3144.45,232742
2021-06-03 09:40:32,3144.0,232812
2021-06-03 09:40:33,3144.0,233043
2021-06-03 09:40:33,3144.8,233087
2021-06-03 09:40:34,3143.45,233305
2021-06-03 09:40:35,3143.45,233446
2021-06-03 09:40:37,3144.55,233576
2021-06-03 09:40:38,3144.55,233602
2021-06-03 09:40:41,3144.5,233607
2021-06-03 09:40:42,3144.5,233607
2021-06-03 09:40:42,3144.5,233607
2021-06-03 09:40:43,3144.5,233607
2021-06-03 09:40:44,3144.0,233927
2021-06-03 09:40:45,3144.0,233994
2021-06-03 09:40:46,3144.25,235030
2021-06-03 09:40:47,3144.3,235097
2021-06-03 09:40:48,3144.5,235195
2021-06-03 09:40:49,3144.25,235232
2021-06-03 09:40:50,3144.0,235325
2021-06-03 09:40:52,3144.5,235344
2021-06-03 09:40:53,3144.5,235353
2021-06-03 09:40:54,3144.0,235561
2021-06-03 09:40:55,3144.0,235617
2021-06-03 09:40:56,3144.4,235753
2021-06-03 09:40:56,3144.5,235758
2021-06-03 09:40:57,3144.45,235795
2021-06-03 09:40:58,3144.55,235835
2021-06-03 09:41:00,3144.0,235856
2021-06-03 09:41:01,3144.0,235867
2021-06-03 09:41:03,3144.0,235974
2021-06-03 09:41:04,3144.4,235977
2021-06-03 09:41:04,3143.25,235978
2021-06-03 09:41:05,3144.6,236147
2021-06-03 09:41:07,3144.5,236433
2021-06-03 09:41:08,3144.0,236438
2021-06-03 09:41:09,3144.0,236463
2021-06-03 09:41:10,3144.75,236568
2021-06-03 09:41:10,3144.8,236593
2021-06-03 09:41:11,3144.8,236623
2021-06-03 09:41:13,3144.0,236675
2021-06-03 09:41:14,3143.25,236884
2021-06-03 09:41:15,3144.7,236932
2021-06-03 09:41:16,3144.55,237244
2021-06-03 09:41:17,3144.0,237269
2021-06-03 09:41:19,3144.95,237606
2021-06-03 09:41:20,3144.95,237699
2021-06-03 09:41:21,3144.95,237833
2021-06-03 09:41:22,3144.95,240684
2021-06-03 09:41:23,3145.5,240692
2021-06-03 09:41:24,3145.45,240695
2021-06-03 09:41:25,3145.0,240860
2021-06-03 09:41:26,3145.45,241199
2021-06-03 09:41:26,3145.0,241198
2021-06-03 09:41:28,3145.0,241366
2021-06-03 09:41:29,3145.45,241392
2021-06-03 09:41:30,3145.0,241492
2021-06-03 09:41:31,3145.0,241523
2021-06-03 09:41:32,3145.45,241634
2021-06-03 09:41:32,3145.45,241634
2021-06-03 09:41:34,3145.8,241652
2021-06-03 09:41:35,3145.8,241654
2021-06-03 09:41:36,3145.5,241659
2021-06-03 09:41:37,3145.45,241842
2021-06-03 09:41:37,3145.45,241842
2021-06-03 09:41:39,3145.5,241894
2021-06-03 09:41:40,3145.0,241999
2021-06-03 09:41:41,3145.45,242025
2021-06-03 09:41:42,3145.45,242030
2021-06-03 09:41:43,3145.45,242109
2021-06-03 09:41:43,3145.45,242109
2021-06-03 09:41:44,3145.45,242161
2021-06-03 09:41:45,3145.45,242198
2021-06-03 09:41:47,3145.45,242220
2021-06-03 09:41:48,3145.45,242220
2021-06-03 09:41:49,3145.0,242281
2021-06-03 09:41:50,3144.15,242882
2021-06-03 09:41:50,3144.15,242902
2021-06-03 09:41:52,3143.3,242929
2021-06-03 09:41:53,3144.7,243338
2021-06-03 09:41:54,3142.5,244083
2021-06-03 09:41:55,3144.7,244169
2021-06-03 09:41:55,3144.7,244169
2021-06-03 09:41:57,3145.1,244261
2021-06-03 09:41:58,3145.0,244271
2021-06-03 09:41:59,3145.0,244275
2021-06-03 09:42:00,3145.0,244348
2021-06-03 09:42:01,3144.7,244468
2021-06-03 09:42:02,3144.95,244541
2021-06-03 09:42:02,3144.95,244541
2021-06-03 09:42:03,3145.3,244592
2021-06-03 09:42:04,3145.0,244602
2021-06-03 09:42:06,3145.0,244655
2021-06-03 09:42:07,3144.9,244657
2021-06-03 09:42:08,3144.9,244657
2021-06-03 09:42:09,3145.0,244730
2021-06-03 09:42:09,3145.0,244728
2021-06-03 09:42:11,3145.0,244737
2021-06-03 09:42:12,3144.75,244836
2021-06-03 09:42:13,3144.0,244960
2021-06-03 09:42:14,3144.7,245028
2021-06-03 09:42:15,3145.0,245391
2021-06-03 09:42:15,3145.0,245441
2021-06-03 09:42:16,3144.05,245498
2021-06-03 09:42:18,3145.0,245512
2021-06-03 09:42:19,3145.0,245513
2021-06-03 09:42:20,3145.0,245524
2021-06-03 09:42:21,3144.95,245579
2021-06-03 09:42:22,3145.0,245654
2021-06-03 09:42:23,3145.0,245656
2021-06-03 09:42:23,3145.0,245656
2021-06-03 09:42:25,3145.0,245656
2021-06-03 09:42:27,3144.05,245719
2021-06-03 09:42:28,3143.65,245849
2021-06-03 09:42:29,3143.2,246014
2021-06-03 09:42:30,3143.35,246049
2021-06-03 09:42:31,3143.55,246058
2021-06-03 09:42:32,3143.55,246568
2021-06-03 09:42:34,3143.6,246594
2021-06-03 09:42:35,3143.75,246595
2021-06-03 09:42:36,3143.75,246683
2021-06-03 09:42:37,3143.75,246706
2021-06-03 09:42:39,3143.75,246706
2021-06-03 09:42:40,3144.95,246861
2021-06-03 09:42:41,3145.0,246912
2021-06-03 09:42:42,3145.0,246925
2021-06-03 09:42:43,3143.75,247035
2021-06-03 09:42:44,3144.9,247058
2021-06-03 09:42:45,3144.8,247059
2021-06-03 09:42:45,3145.0,247060
2021-06-03 09:42:48,3145.0,247069
2021-06-03 09:42:49,3144.8,247070
2021-06-03 09:42:50,3144.05,247075
2021-06-03 09:42:51,3144.8,247095
2021-06-03 09:42:52,3144.8,247107
2021-06-03 09:42:52,3144.8,247107
2021-06-03 09:42:54,3145.0,247115
2021-06-03 09:42:55,3144.8,248297
2021-06-03 09:42:56,3144.95,248428
2021-06-03 09:42:57,3144.95,248445
2021-06-03 09:42:58,3144.95,248446
2021-06-03 09:42:58,3143.9,248456
2021-06-03 09:42:59,3144.9,248459
2021-06-03 09:43:01,3144.9,248486
2021-06-03 09:43:02,3144.9,248549
2021-06-03 09:43:03,3144.9,248565
2021-06-03 09:43:04,3146.05,249126
2021-06-03 09:43:05,3145.0,249144
2021-06-03 09:43:05,3144.95,249141
2021-06-03 09:43:07,3144.0,249145
2021-06-03 09:43:08,3145.2,249515
2021-06-03 09:43:09,3145.2,249525
2021-06-03 09:43:10,3145.0,249536
2021-06-03 09:43:10,3145.0,249536
2021-06-03 09:43:12,3145.3,249641
2021-06-03 09:43:13,3145.25,249785
2021-06-03 09:43:14,3144.95,249790
2021-06-03 09:43:15,3145.0,249851
2021-06-03 09:43:16,3145.0,249954
2021-06-03 09:43:17,3145.0,249977
2021-06-03 09:43:18,3145.0,249979
2021-06-03 09:43:19,3144.95,249992
2021-06-03 09:43:20,3144.0,249995
2021-06-03 09:43:21,3144.0,250013
2021-06-03 09:43:22,3144.95,250323
2021-06-03 09:43:23,3144.95,250329
2021-06-03 09:43:24,3144.9,250355
2021-06-03 09:43:25,3144.95,250360
2021-06-03 09:43:26,3144.95,250544
2021-06-03 09:43:27,3145.0,250686
2021-06-03 09:43:28,3145.0,250714
2021-06-03 09:43:29,3145.0,250732
2021-06-03 09:43:30,3145.0,250737
2021-06-03 09:43:31,3145.0,250737
2021-06-03 09:43:32,3144.95,250744
2021-06-03 09:43:33,3145.0,250747
2021-06-03 09:43:34,3145.0,250750
2021-06-03 09:43:35,3145.0,250791
2021-06-03 09:43:36,3144.95,250891
2021-06-03 09:43:37,3144.95,250936
2021-06-03 09:43:38,3144.95,250951
2021-06-03 09:43:39,3145.0,250965
2021-06-03 09:43:40,3145.0,250967
2021-06-03 09:43:41,3144.95,250978
2021-06-03 09:43:42,3144.95,250992
2021-06-03 09:43:43,3144.95,250996
2021-06-03 09:43:44,3144.95,250996
2021-06-03 09:43:46,3144.95,250996
2021-06-03 09:43:45,3144.95,250996
2021-06-03 09:43:48,3145.0,251067
2021-06-03 09:43:47,3144.95,251055
2021-06-03 09:43:49,3145.0,251131
2021-06-03 09:43:50,3144.95,251163
2021-06-03 09:43:51,3144.95,251402
2021-06-03 09:43:52,3145.0,251474
2021-06-03 09:43:53,3145.0,251497
2021-06-03 09:43:54,3144.5,251503
2021-06-03 09:43:55,3145.0,251504
2021-06-03 09:43:56,3145.0,251504
2021-06-03 09:43:57,3144.5,251513
2021-06-03 09:43:58,3144.0,251524
2021-06-03 09:43:59,3145.0,251526
2021-06-03 09:44:00,3145.0,251558
2021-06-03 09:44:01,3145.0,251564
2021-06-03 09:44:02,3144.95,251565
2021-06-03 09:44:03,3144.95,251578
2021-06-03 09:44:04,3144.5,251705
2021-06-03 09:44:05,3144.95,251735
2021-06-03 09:44:06,3144.95,251742
2021-06-03 09:44:07,3144.95,251743
2021-06-03 09:44:08,3144.95,251743
2021-06-03 09:44:09,3144.75,251855
2021-06-03 09:44:10,3142.3,252376
2021-06-03 09:44:11,3142.0,252600
2021-06-03 09:44:12,3143.5,252624
2021-06-03 09:44:13,3143.5,252633
2021-06-03 09:44:14,3143.5,252663
2021-06-03 09:44:15,3143.5,252713
2021-06-03 09:44:16,3143.5,252778
2021-06-03 09:44:17,3143.3,252782
2021-06-03 09:44:18,3142.4,252783
2021-06-03 09:44:19,3142.4,252783
2021-06-03 09:44:20,3143.45,252797
2021-06-03 09:44:21,3143.45,252798
2021-06-03 09:44:22,3143.4,252862
2021-06-03 09:44:23,3143.4,252864
2021-06-03 09:44:24,3143.9,253112
2021-06-03 09:44:25,3143.9,253120
2021-06-03 09:44:26,3143.9,253151
2021-06-03 09:44:27,3144.0,253359
2021-06-03 09:44:29,3145.0,253608
2021-06-03 09:44:30,3145.0,253703
2021-06-03 09:44:31,3145.0,253706
2021-06-03 09:44:32,3145.0,253710
2021-06-03 09:44:33,3144.95,253855
2021-06-03 09:44:34,3144.85,253961
2021-06-03 09:44:35,3144.95,254085
2021-06-03 09:44:36,3145.0,254157
2021-06-03 09:44:37,3145.0,254165
2021-06-03 09:44:38,3145.0,254165
2021-06-03 09:44:39,3144.95,254222
2021-06-03 09:44:40,3144.85,254284
2021-06-03 09:44:41,3144.75,254298
2021-06-03 09:44:42,3144.75,254299
2021-06-03 09:44:43,3144.75,254299
2021-06-03 09:44:44,3144.75,254341
2021-06-03 09:44:46,3144.0,254345
2021-06-03 09:44:47,3144.75,254349
2021-06-03 09:44:48,3144.8,254357
2021-06-03 09:44:50,3145.0,254412
2021-06-03 09:44:49,3144.75,254408
2021-06-03 09:44:51,3144.95,254441
2021-06-03 09:44:52,3144.95,254442
2021-06-03 09:44:53,3144.95,254442
2021-06-03 09:44:54,3144.75,254464
2021-06-03 09:44:55,3144.75,254465
2021-06-03 09:44:58,3144.65,254500
2021-06-03 09:44:59,3144.55,254623
2021-06-03 09:45:00,3143.4,254628
2021-06-03 09:45:02,3144.05,254647
2021-06-03 09:45:01,3144.65,254644
2021-06-03 09:45:03,3143.3,254658
2021-06-03 09:45:04,3144.05,254662
2021-06-03 09:45:05,3142.6,254740
2021-06-03 09:45:06,3144.05,254763
2021-06-03 09:45:07,3144.4,254773
2021-06-03 09:45:08,3144.4,254783
2021-06-03 09:45:09,3144.4,254809
2021-06-03 09:45:10,3144.4,254813
2021-06-03 09:45:11,3144.4,254813
2021-06-03 09:45:12,3144.4,254818
2021-06-03 09:45:13,3144.4,254818
2021-06-03 09:45:14,3144.4,254820
2021-06-03 09:45:15,3144.0,254900
2021-06-03 09:45:16,3144.0,254905
2021-06-03 09:45:17,3144.0,254905
2021-06-03 09:45:18,3143.9,254915
2021-06-03 09:45:19,3143.9,254918
2021-06-03 09:45:20,3143.0,255054
2021-06-03 09:45:21,3142.6,255109
2021-06-03 09:45:22,3143.6,255118
2021-06-03 09:45:23,3143.6,255118
2021-06-03 09:45:24,3143.65,255326
2021-06-03 09:45:25,3143.7,255333
2021-06-03 09:45:27,3143.25,255397
2021-06-03 09:45:28,3143.25,255418
2021-06-03 09:45:29,3143.25,255418
2021-06-03 09:45:30,3142.35,255451
2021-06-03 09:45:31,3142.35,255464
2021-06-03 09:45:32,3143.25,255486
2021-06-03 09:45:33,3143.25,255489
2021-06-03 09:45:34,3143.25,255493
2021-06-03 09:45:35,3143.25,255494
2021-06-03 09:45:36,3143.25,255495
2021-06-03 09:45:38,3143.3,255639
2021-06-03 09:45:38,3143.25,255629
2021-06-03 09:45:39,3143.4,255676
2021-06-03 09:45:40,3143.25,255703
2021-06-03 09:45:41,3143.35,255708
2021-06-03 09:45:42,3143.35,255708
2021-06-03 09:45:43,3143.25,255728
2021-06-03 09:45:45,3143.35,255735
2021-06-03 09:45:46,3143.45,255862
2021-06-03 09:45:47,3143.45,255867
2021-06-03 09:45:48,3143.45,255901
2021-06-03 09:45:49,3143.25,255906
2021-06-03 09:45:51,3143.45,255974
2021-06-03 09:45:51,3143.45,255987
2021-06-03 09:45:52,3143.65,256014
2021-06-03 09:45:53,3143.65,256015
2021-06-03 09:45:54,3143.65,256015
2021-06-03 09:45:55,3143.65,256017
2021-06-03 09:45:57,3143.65,256017
2021-06-03 09:45:58,3143.65,256120
2021-06-03 09:45:58,3143.35,256143
2021-06-03 09:45:59,3143.65,256173
2021-06-03 09:46:00,3143.65,256214
2021-06-03 09:46:01,3143.65,256263
2021-06-03 09:46:02,3143.65,256270
2021-06-03 09:46:04,3143.65,256270
2021-06-03 09:46:04,3143.65,256270
2021-06-03 09:46:05,3143.35,256271
2021-06-03 09:46:06,3143.35,256271
2021-06-03 09:46:07,3143.65,256296
2021-06-03 09:46:08,3143.3,256307
2021-06-03 09:46:10,3143.35,256312
2021-06-03 09:46:11,3143.9,256631
2021-06-03 09:46:12,3143.95,256650
2021-06-03 09:46:12,3143.95,256651
2021-06-03 09:46:13,3143.95,256689
2021-06-03 09:46:14,3143.95,256696
2021-06-03 09:46:15,3144.15,258053
2021-06-03 09:46:16,3144.75,258058
2021-06-03 09:46:18,3144.75,258099
2021-06-03 09:46:19,3144.9,258516
2021-06-03 09:46:20,3145.0,258896
2021-06-03 09:46:20,3144.95,258538
2021-06-03 09:46:21,3145.0,258935
2021-06-03 09:46:22,3145.0,258935
2021-06-03 09:46:23,3145.0,258940
2021-06-03 09:46:24,3145.0,258940
2021-06-03 09:46:25,3144.9,259217
2021-06-03 09:46:27,3144.9,259292
2021-06-03 09:46:27,3144.9,259296
2021-06-03 09:46:28,3144.5,259376
2021-06-03 09:46:29,3145.0,259474
2021-06-03 09:46:30,3145.0,259542
2021-06-03 09:46:31,3145.0,259582
2021-06-03 09:46:32,3145.0,259605
2021-06-03 09:46:33,3145.0,259606
2021-06-03 09:46:34,3144.9,259656
2021-06-03 09:46:35,3145.95,262654
2021-06-03 09:46:37,3146.05,262814
2021-06-03 09:46:38,3145.0,262815
2021-06-03 09:46:39,3145.0,262815
2021-06-03 09:46:40,3145.0,262815
2021-06-03 09:46:40,3145.0,262815
2021-06-03 09:46:42,3145.0,262822
2021-06-03 09:46:43,3145.0,262822
2021-06-03 09:46:45,3146.0,262888
2021-06-03 09:46:46,3146.0,262892
2021-06-03 09:46:46,3146.0,262892
2021-06-03 09:46:47,3146.7,263068
2021-06-03 09:46:48,3146.7,263068
2021-06-03 09:46:49,3145.75,263070
2021-06-03 09:46:50,3146.0,263134
2021-06-03 09:46:51,3146.0,263144
2021-06-03 09:46:53,3145.25,263149
2021-06-03 09:46:53,3146.0,263144
2021-06-03 09:46:54,3145.25,263149
2021-06-03 09:46:55,3145.25,263149
2021-06-03 09:46:56,3145.9,263250
2021-06-03 09:46:58,3145.35,263314
2021-06-03 09:46:58,3146.0,263334
2021-06-03 09:46:59,3146.0,263396
2021-06-03 09:47:00,3146.0,263447
2021-06-03 09:47:01,3145.0,264569
2021-06-03 09:47:03,3145.0,264616
2021-06-03 09:47:03,3145.0,264617
2021-06-03 09:47:04,3145.0,264638
2021-06-03 09:47:05,3145.0,265450
2021-06-03 09:47:06,3145.0,265507
2021-06-03 09:47:07,3145.0,265529
2021-06-03 09:47:08,3145.0,265544
2021-06-03 09:47:09,3145.0,265547
2021-06-03 09:47:10,3145.0,265547
2021-06-03 09:47:13,3143.6,265746
2021-06-03 09:47:13,3144.9,265763
2021-06-03 09:47:14,3144.85,265804
2021-06-03 09:47:15,3144.75,265816
2021-06-03 09:47:16,3145.0,265880
2021-06-03 09:47:17,3145.0,265880
2021-06-03 09:47:18,3145.0,265880
2021-06-03 09:47:19,3144.3,265888
2021-06-03 09:47:20,3144.3,265913
2021-06-03 09:47:22,3144.3,265921
2021-06-03 09:47:22,3144.3,265921
2021-06-03 09:47:23,3144.3,265921
2021-06-03 09:47:24,3144.25,265924
2021-06-03 09:47:25,3144.25,265925
2021-06-03 09:47:27,3144.25,265925
2021-06-03 09:47:28,3144.25,265925
2021-06-03 09:47:28,3144.25,265925
2021-06-03 09:47:29,3144.25,265925
2021-06-03 09:47:30,3144.25,265938
2021-06-03 09:47:31,3144.25,265942
2021-06-03 09:47:32,3144.25,265950
2021-06-03 09:47:33,3144.25,265954
2021-06-03 09:47:35,3144.25,266013
2021-06-03 09:47:35,3144.25,266025
2021-06-03 09:47:36,3144.25,266058
2021-06-03 09:47:37,3144.25,266060
2021-06-03 09:47:38,3144.25,266073
2021-06-03 09:47:40,3144.25,266091
2021-06-03 09:47:41,3144.25,266753
2021-06-03 09:47:41,3144.25,266756
2021-06-03 09:47:42,3144.25,266757
2021-06-03 09:47:43,3144.25,266759
2021-06-03 09:47:45,3144.25,266775
2021-06-03 09:47:47,3144.25,266788
2021-06-03 09:47:47,3144.25,266788
2021-06-03 09:47:48,3144.25,266788
2021-06-03 09:47:49,3144.25,266795
2021-06-03 09:47:50,3144.2,266800
2021-06-03 09:47:51,3144.2,266800
2021-06-03 09:47:54,3144.45,267027
2021-06-03 09:47:54,3144.45,267053
2021-06-03 09:47:55,3144.45,267063
2021-06-03 09:47:56,3144.45,267064
2021-06-03 09:47:57,3144.45,267085
2021-06-03 09:47:59,3144.45,267088
2021-06-03 09:48:00,3144.55,267120
2021-06-03 09:48:01,3144.5,267150
2021-06-03 09:48:01,3144.5,267151
2021-06-03 09:48:03,3144.5,267208
2021-06-03 09:48:04,3144.65,267223
2021-06-03 09:48:06,3144.6,267290
2021-06-03 09:48:07,3145.0,267336
2021-06-03 09:48:07,3145.0,267340
2021-06-03 09:48:08,3144.95,267354
2021-06-03 09:48:09,3145.5,267548
2021-06-03 09:48:11,3146.0,267609
2021-06-03 09:48:12,3144.7,267639
2021-06-03 09:48:12,3144.7,267639
2021-06-03 09:48:13,3145.85,267925
2021-06-03 09:48:14,3145.9,267933
2021-06-03 09:48:15,3145.9,267938
2021-06-03 09:48:17,3145.9,267941
2021-06-03 09:48:18,3144.6,268000
2021-06-03 09:48:18,3144.6,268000
2021-06-03 09:48:19,3145.75,268018
2021-06-03 09:48:20,3145.75,268068
2021-06-03 09:48:21,3145.0,268074
2021-06-03 09:48:23,3145.7,268077
2021-06-03 09:48:24,3145.7,268097
2021-06-03 09:48:25,3145.7,268121
2021-06-03 09:48:25,3145.7,268121
2021-06-03 09:48:26,3145.75,268221
2021-06-03 09:48:27,3145.75,268268
2021-06-03 09:48:29,3145.5,268270
2021-06-03 09:48:30,3145.5,268270
2021-06-03 09:48:30,3145.5,268270
2021-06-03 09:48:31,3145.5,268270
2021-06-03 09:48:32,3145.0,268297
2021-06-03 09:48:34,3145.0,268303
2021-06-03 09:48:35,3145.5,268317
2021-06-03 09:48:36,3145.5,268334
2021-06-03 09:48:37,3145.5,268334
2021-06-03 09:48:38,3145.0,268359
2021-06-03 09:48:39,3145.5,268384
2021-06-03 09:48:40,3145.0,268414
2021-06-03 09:48:41,3145.0,268420
2021-06-03 09:48:41,3145.0,268420
2021-06-03 09:48:43,3145.5,268423
2021-06-03 09:48:44,3145.5,268429
2021-06-03 09:48:44,3145.0,268424
2021-06-03 09:48:45,3145.5,268562
2021-06-03 09:48:46,3145.5,268562
2021-06-03 09:48:47,3145.5,268587
2021-06-03 09:48:48,3145.5,268587
2021-06-03 09:48:50,3145.5,268589
2021-06-03 09:48:51,3145.0,268601
2021-06-03 09:48:52,3145.0,268850
2021-06-03 09:48:53,3145.0,268950
2021-06-03 09:48:54,3145.0,268950
2021-06-03 09:48:55,3145.0,269106
2021-06-03 09:48:56,3145.75,269114
2021-06-03 09:48:57,3145.75,269114
2021-06-03 09:48:58,3145.75,269134
2021-06-03 09:48:59,3145.75,269134
2021-06-03 09:49:01,3145.0,269164
2021-06-03 09:49:02,3145.75,269174
2021-06-03 09:49:03,3145.75,269176
2021-06-03 09:49:03,3145.75,269176
2021-06-03 09:49:04,3145.75,269176
2021-06-03 09:49:05,3145.0,269447
2021-06-03 09:49:06,3145.0,269447
2021-06-03 09:49:07,3145.0,269500
2021-06-03 09:49:09,3145.0,269500
2021-06-03 09:49:10,3145.45,269502
2021-06-03 09:49:11,3145.0,269602
2021-06-03 09:49:11,3145.0,269602
2021-06-03 09:49:12,3145.5,269853
2021-06-03 09:49:14,3145.7,269885
2021-06-03 09:49:15,3146.15,270471
2021-06-03 09:49:18,3146.15,270511
2021-06-03 09:49:19,3146.15,270516
2021-06-03 09:49:20,3146.25,270608
2021-06-03 09:49:21,3146.75,270613
2021-06-03 09:49:21,3146.75,270613
2021-06-03 09:49:22,3146.75,270675
2021-06-03 09:49:23,3146.75,270700
2021-06-03 09:49:25,3146.5,270706
2021-06-03 09:49:26,3147.0,271253
2021-06-03 09:49:27,3147.0,271307
2021-06-03 09:49:28,3147.0,271323
2021-06-03 09:49:28,3147.0,271323
2021-06-03 09:49:29,3146.75,271912
2021-06-03 09:49:30,3146.15,272132
2021-06-03 09:49:32,3145.7,272154
2021-06-03 09:49:33,3146.15,272156
2021-06-03 09:49:33,3146.15,272156
2021-06-03 09:49:34,3146.85,272178
2021-06-03 09:49:35,3146.85,272178
2021-06-03 09:49:36,3145.7,272191
2021-06-03 09:49:38,3146.8,272201
2021-06-03 09:49:39,3146.8,272213
2021-06-03 09:49:39,3146.8,272213
2021-06-03 09:49:41,3146.75,272244
2021-06-03 09:49:42,3146.65,272271
2021-06-03 09:49:43,3146.65,272271
2021-06-03 09:49:45,3146.8,272376
2021-06-03 09:49:46,3145.75,272378
2021-06-03 09:49:46,3145.75,272382
2021-06-03 09:49:47,3146.65,272402
2021-06-03 09:49:49,3146.8,272502
2021-06-03 09:49:50,3146.8,272503
2021-06-03 09:49:52,3145.8,272510
2021-06-03 09:49:53,3145.45,273075
2021-06-03 09:49:53,3145.7,273175
2021-06-03 09:49:54,3145.7,273175
2021-06-03 09:49:55,3145.7,273175
2021-06-03 09:49:57,3145.7,273175
2021-06-03 09:49:58,3145.7,273175
2021-06-03 09:49:59,3145.0,273187
2021-06-03 09:50:01,3145.65,273219
2021-06-03 09:50:02,3145.6,273250
2021-06-03 09:50:03,3145.0,273259
2021-06-03 09:50:04,3145.0,273259
2021-06-03 09:50:05,3145.6,273276
2021-06-03 09:50:05,3145.65,273272
2021-06-03 09:50:06,3145.6,273276
2021-06-03 09:50:07,3145.0,273281
2021-06-03 09:50:09,3145.0,273281
2021-06-03 09:50:10,3145.55,273303
2021-06-03 09:50:11,3145.55,273303
2021-06-03 09:50:12,3145.05,273450
2021-06-03 09:50:13,3145.6,273453
2021-06-03 09:50:14,3145.6,273468
2021-06-03 09:50:14,3145.05,273480
2021-06-03 09:50:15,3145.05,273580
2021-06-03 09:50:17,3145.6,273615
2021-06-03 09:50:18,3145.6,273615
2021-06-03 09:50:19,3145.6,273621
2021-06-03 09:50:20,3145.6,273623
2021-06-03 09:50:21,3145.05,273624
2021-06-03 09:50:23,3145.05,273624
2021-06-03 09:50:24,3145.05,273624
2021-06-03 09:50:24,3145.05,273624
2021-06-03 09:50:25,3145.0,274568
2021-06-03 09:50:26,3145.1,274634
2021-06-03 09:50:28,3145.0,274671
2021-06-03 09:50:29,3145.0,274671
2021-06-03 09:50:30,3145.05,274753
2021-06-03 09:50:30,3145.05,274752
2021-06-03 09:50:31,3145.05,274753
2021-06-03 09:50:32,3145.0,274818
2021-06-03 09:50:33,3145.0,274820
2021-06-03 09:50:34,3145.0,274820
2021-06-03 09:50:35,3144.9,275597
2021-06-03 09:50:36,3145.0,275647
2021-06-03 09:50:38,3144.9,275651
2021-06-03 09:50:39,3145.0,275705
2021-06-03 09:50:40,3145.0,275708
2021-06-03 09:50:41,3144.9,275782
2021-06-03 09:50:41,3144.95,275821
2021-06-03 09:50:42,3144.0,275849
2021-06-03 09:50:43,3144.0,275872
2021-06-03 09:50:44,3144.95,275908
2021-06-03 09:50:45,3143.55,275994
2021-06-03 09:50:47,3144.8,276041
2021-06-03 09:50:48,3143.3,276103
2021-06-03 09:50:49,3144.5,276107
2021-06-03 09:50:50,3144.5,276107
2021-06-03 09:50:51,3144.5,276107
2021-06-03 09:50:51,3144.5,276107
2021-06-03 09:50:52,3144.45,276155
2021-06-03 09:50:53,3144.45,276157
2021-06-03 09:50:54,3144.45,276346
2021-06-03 09:50:56,3144.45,276353
2021-06-03 09:50:57,3143.5,276398
2021-06-03 09:50:58,3144.0,276417
2021-06-03 09:50:58,3144.0,276419
2021-06-03 09:50:59,3143.5,276443
2021-06-03 09:51:01,3144.0,276449
2021-06-03 09:51:02,3144.0,276449
2021-06-03 09:51:03,3142.9,278395
2021-06-03 09:51:03,3142.95,278461
2021-06-03 09:51:05,3143.2,278868
2021-06-03 09:51:05,3143.2,278863
2021-06-03 09:51:06,3142.95,278875
2021-06-03 09:51:07,3142.95,278875
2021-06-03 09:51:09,3142.5,278934
2021-06-03 09:51:10,3143.2,278947
2021-06-03 09:51:11,3143.2,278950
2021-06-03 09:51:12,3142.35,279077
2021-06-03 09:51:13,3142.35,279184
2021-06-03 09:51:14,3142.45,279191
2021-06-03 09:51:14,3142.45,279192
2021-06-03 09:51:15,3142.5,279928
2021-06-03 09:51:16,3142.8,279941
2021-06-03 09:51:18,3142.8,279945
2021-06-03 09:51:19,3142.65,280045
2021-06-03 09:51:20,3142.8,280071
2021-06-03 09:51:21,3142.8,280072
2021-06-03 09:51:22,3142.8,280072
2021-06-03 09:51:22,3142.8,280072
2021-06-03 09:51:23,3142.65,280323
2021-06-03 09:51:24,3142.8,280326
2021-06-03 09:51:26,3142.8,280438
2021-06-03 09:51:27,3143.25,280470
2021-06-03 09:51:28,3142.8,280482
2021-06-03 09:51:28,3143.25,280483
2021-06-03 09:51:29,3143.25,280483
2021-06-03 09:51:30,3143.25,280487
2021-06-03 09:51:32,3144.0,281054
2021-06-03 09:51:33,3144.45,281198
2021-06-03 09:51:34,3144.45,281203
2021-06-03 09:51:35,3144.0,281251
2021-06-03 09:51:35,3143.4,281273
2021-06-03 09:51:36,3144.45,281278
2021-06-03 09:51:38,3143.5,281279
2021-06-03 09:51:39,3144.5,281282
2021-06-03 09:51:40,3144.5,281284
2021-06-03 09:51:41,3144.5,281293
2021-06-03 09:51:41,3144.5,281292
2021-06-03 09:51:42,3144.5,281293
2021-06-03 09:51:43,3144.5,281293
2021-06-03 09:51:44,3144.0,281312
2021-06-03 09:51:46,3144.5,281313
2021-06-03 09:51:47,3144.5,281334
2021-06-03 09:51:48,3144.0,281364
2021-06-03 09:51:48,3144.2,281335
2021-06-03 09:51:49,3144.2,281374
2021-06-03 09:51:50,3144.2,281374
2021-06-03 09:51:52,3144.45,281868
2021-06-03 09:51:53,3144.0,281899
2021-06-03 09:51:54,3144.0,281899
2021-06-03 09:51:55,3144.45,282187
2021-06-03 09:51:55,3144.0,282206
2021-06-03 09:51:56,3144.1,282208
2021-06-03 09:51:58,3143.55,282297
2021-06-03 09:51:59,3143.55,282306
2021-06-03 09:52:00,3144.05,282693
2021-06-03 09:52:01,3143.5,282755
2021-06-03 09:52:01,3143.5,282761
2021-06-03 09:52:05,3143.55,282786
2021-06-03 09:52:06,3143.55,282787
2021-06-03 09:52:07,3143.75,283000
2021-06-03 09:52:08,3143.5,283005
2021-06-03 09:52:09,3143.5,283005
2021-06-03 09:52:10,3143.5,283034
2021-06-03 09:52:12,3143.5,283034
2021-06-03 09:52:13,3143.05,283036
2021-06-03 09:52:14,3143.5,283060
2021-06-03 09:52:15,3143.5,283060
2021-06-03 09:52:15,3143.5,283061
2021-06-03 09:52:17,3143.5,283061
2021-06-03 09:52:18,3143.45,283066
2021-06-03 09:52:19,3143.45,283076
2021-06-03 09:52:20,3143.05,283079
2021-06-03 09:52:21,3143.05,283084
2021-06-03 09:52:21,3143.05,283103
2021-06-03 09:52:23,3143.45,283104
2021-06-03 09:52:24,3143.05,283209
2021-06-03 09:52:25,3143.45,283211
2021-06-03 09:52:26,3143.45,283261
2021-06-03 09:52:27,3143.45,283261
2021-06-03 09:52:28,3143.45,283261
2021-06-03 09:52:29,3143.1,283271
2021-06-03 09:52:30,3143.1,283271
2021-06-03 09:52:30,3143.1,283291
2021-06-03 09:52:32,3143.15,283308
2021-06-03 09:52:33,3143.15,283333
2021-06-03 09:52:34,3143.4,283337
2021-06-03 09:52:35,3143.4,283339
2021-06-03 09:52:36,3143.4,283347
2021-06-03 09:52:37,3143.4,283364
2021-06-03 09:52:38,3143.1,283383
2021-06-03 09:52:38,3143.1,283383
2021-06-03 09:52:40,3143.1,283393
2021-06-03 09:52:41,3143.25,283414
2021-06-03 09:52:42,3142.75,283963
2021-06-03 09:52:43,3143.1,283968
2021-06-03 09:52:43,3143.1,283968
2021-06-03 09:52:45,3142.4,283970
2021-06-03 09:52:46,3141.5,284021
2021-06-03 09:52:47,3142.3,284053
2021-06-03 09:52:48,3141.7,284115
2021-06-03 09:52:48,3141.7,284115
2021-06-03 09:52:50,3142.3,284117
2021-06-03 09:52:51,3142.25,284139
2021-06-03 09:52:52,3141.35,284140
2021-06-03 09:52:53,3141.35,284157
2021-06-03 09:52:54,3141.35,284157
2021-06-03 09:52:55,3141.1,284174
2021-06-03 09:52:56,3140.0,285759
2021-06-03 09:52:57,3140.0,285769
2021-06-03 09:52:59,3141.05,285869
2021-06-03 09:53:00,3140.0,285901
2021-06-03 09:53:01,3140.0,285906
2021-06-03 09:53:02,3140.0,285906
2021-06-03 09:53:03,3140.0,286053
2021-06-03 09:53:03,3140.0,286053
2021-06-03 09:53:05,3140.0,286151
2021-06-03 09:53:06,3140.0,286152
2021-06-03 09:53:07,3139.0,286172
2021-06-03 09:53:08,3138.5,286195
2021-06-03 09:53:09,3138.55,286213
2021-06-03 09:53:09,3138.55,286213
2021-06-03 09:53:11,3138.55,286213
2021-06-03 09:53:12,3139.9,286219
2021-06-03 09:53:13,3140.4,286749
2021-06-03 09:53:14,3140.4,286749
2021-06-03 09:53:15,3140.6,286802
2021-06-03 09:53:16,3140.6,286804
2021-06-03 09:53:16,3140.6,286804
2021-06-03 09:53:17,3140.6,286873
2021-06-03 09:53:19,3140.6,287063
2021-06-03 09:53:20,3141.35,287091
2021-06-03 09:53:21,3141.35,287091
2021-06-03 09:53:22,3141.35,287091
2021-06-03 09:53:23,3141.35,287091
2021-06-03 09:53:23,3141.35,287091
2021-06-03 09:53:25,3141.35,287091
2021-06-03 09:53:26,3141.85,287252
2021-06-03 09:53:27,3142.3,287369
2021-06-03 09:53:28,3142.15,287454
2021-06-03 09:53:28,3142.15,287454
2021-06-03 09:53:30,3142.15,287454
2021-06-03 09:53:31,3142.1,287504
2021-06-03 09:53:33,3142.8,287590
2021-06-03 09:53:34,3142.1,287612
2021-06-03 09:53:34,3142.1,287612
2021-06-03 09:53:36,3142.1,287735
2021-06-03 09:53:37,3142.1,287735
2021-06-03 09:53:38,3142.1,287735
2021-06-03 09:53:39,3142.3,287774
2021-06-03 09:53:39,3140.9,287794
2021-06-03 09:53:41,3140.2,287854
2021-06-03 09:53:42,3140.2,287854
2021-06-03 09:53:43,3140.4,287875
2021-06-03 09:53:44,3140.35,287876
2021-06-03 09:53:45,3139.55,287886
2021-06-03 09:53:46,3139.55,287892
2021-06-03 09:53:47,3140.25,288010
2021-06-03 09:53:47,3140.25,288010
2021-06-03 09:53:49,3139.15,288029
2021-06-03 09:53:50,3139.15,288034
2021-06-03 09:53:51,3139.15,288073
2021-06-03 09:53:52,3139.0,288074
2021-06-03 09:53:53,3138.5,288120
2021-06-03 09:53:55,3139.0,288229
2021-06-03 09:53:55,3139.0,288229
2021-06-03 09:53:57,3139.0,288298
2021-06-03 09:53:58,3139.0,288307
2021-06-03 09:53:59,3139.0,288396
2021-06-03 09:54:00,3138.25,288470
2021-06-03 09:54:01,3139.4,288667
2021-06-03 09:54:02,3139.4,288667
2021-06-03 09:54:03,3139.4,288667
2021-06-03 09:54:04,3138.35,289167
2021-06-03 09:54:04,3138.35,289167
2021-06-03 09:54:06,3138.35,289167
2021-06-03 09:54:07,3138.45,289199
2021-06-03 09:54:08,3139.9,289230
2021-06-03 09:54:09,3139.0,289265
2021-06-03 09:54:10,3139.0,289265
2021-06-03 09:54:11,3140.0,289268
2021-06-03 09:54:13,3138.55,289286
2021-06-03 09:54:14,3140.35,289609
2021-06-03 09:54:15,3140.35,289609
2021-06-03 09:54:17,3140.4,289612
2021-06-03 09:54:16,3140.4,289612
2021-06-03 09:54:18,3139.4,289614
2021-06-03 09:54:19,3140.35,289652
2021-06-03 09:54:20,3140.35,289652
2021-06-03 09:54:21,3140.4,289719
2021-06-03 09:54:23,3140.4,289719
2021-06-03 09:54:22,3140.4,289719
2021-06-03 09:54:24,3140.35,289736
2021-06-03 09:54:25,3140.35,289762
2021-06-03 09:54:26,3140.0,289766
2021-06-03 09:54:27,3140.0,289766
2021-06-03 09:54:28,3140.0,289805
2021-06-03 09:54:29,3140.3,290073
2021-06-03 09:54:30,3140.3,290073
2021-06-03 09:54:31,3139.2,290083
2021-06-03 09:54:32,3139.2,290088
2021-06-03 09:54:33,3140.3,290089
2021-06-03 09:54:34,3140.3,290090
2021-06-03 09:54:35,3139.2,290110
2021-06-03 09:54:36,3139.25,290120
2021-06-03 09:54:37,3140.25,290170
2021-06-03 09:54:38,3140.25,290356
2021-06-03 09:54:39,3139.3,290358
2021-06-03 09:54:40,3140.25,290396
2021-06-03 09:54:41,3139.25,290409
2021-06-03 09:54:42,3140.3,290631
2021-06-03 09:54:43,3140.4,290703
2021-06-03 09:54:44,3140.4,290703
2021-06-03 09:54:45,3139.55,290708
2021-06-03 09:54:46,3140.4,290733
2021-06-03 09:54:47,3140.4,290733
2021-06-03 09:54:48,3140.4,290735
2021-06-03 09:54:49,3139.65,290790
2021-06-03 09:54:50,3140.4,290791
2021-06-03 09:54:52,3140.4,290803
2021-06-03 09:54:51,3140.4,290803
2021-06-03 09:54:53,3140.4,290803
2021-06-03 09:54:54,3140.4,290803
2021-06-03 09:54:55,3140.4,290803
2021-06-03 09:54:56,3140.0,290825
2021-06-03 09:54:58,3140.3,290895
2021-06-03 09:54:59,3139.75,290929
2021-06-03 09:55:00,3139.75,290929
2021-06-03 09:55:01,3140.3,290956
2021-06-03 09:55:02,3140.2,290960
2021-06-03 09:55:03,3140.15,291001
2021-06-03 09:55:04,3140.15,291002
2021-06-03 09:55:05,3140.15,291087
2021-06-03 09:55:06,3140.15,291087
2021-06-03 09:55:07,3140.15,291087
2021-06-03 09:55:08,3139.0,291427
2021-06-03 09:55:09,3138.85,291465
2021-06-03 09:55:10,3139.65,291716
2021-06-03 09:55:11,3138.6,291736
2021-06-03 09:55:12,3138.3,292013
2021-06-03 09:55:13,3138.3,292013
2021-06-03 09:55:14,3139.65,292019
2021-06-03 09:55:15,3139.65,292019
2021-06-03 09:55:16,3139.65,292019
2021-06-03 09:55:17,3138.3,292020
2021-06-03 09:55:18,3138.05,292192
2021-06-03 09:55:19,3138.05,292247
2021-06-03 09:55:20,3138.05,292247
2021-06-03 09:55:21,3138.65,292258
2021-06-03 09:55:22,3138.65,292295
2021-06-03 09:55:23,3138.65,292295
2021-06-03 09:55:24,3138.65,292295
2021-06-03 09:55:25,3138.6,292296
2021-06-03 09:55:26,3138.1,292297
2021-06-03 09:55:27,3138.1,292297
2021-06-03 09:55:28,3138.0,292323
2021-06-03 09:55:29,3138.6,292439
2021-06-03 09:55:30,3138.6,292439
2021-06-03 09:55:31,3138.6,292439
2021-06-03 09:55:32,3138.0,292441
2021-06-03 09:55:33,3138.0,292441
2021-06-03 09:55:34,3138.0,292441
2021-06-03 09:55:35,3138.55,292459
2021-06-03 09:55:36,3138.55,292476
2021-06-03 09:55:37,3138.55,293625
2021-06-03 09:55:38,3138.0,293649
2021-06-03 09:55:39,3137.5,293804
2021-06-03 09:55:40,3137.5,293823
2021-06-03 09:55:41,3138.6,293923
2021-06-03 09:55:42,3138.6,293923
2021-06-03 09:55:43,3138.6,293963
2021-06-03 09:55:44,3138.6,294038
2021-06-03 09:55:46,3138.6,294101
2021-06-03 09:55:47,3138.6,294460
2021-06-03 09:55:48,3138.6,294547
2021-06-03 09:55:49,3138.6,294587
2021-06-03 09:55:50,3138.6,294587
2021-06-03 09:55:51,3138.6,294587
2021-06-03 09:55:52,3139.0,294947
2021-06-03 09:55:53,3139.0,294947
2021-06-03 09:55:54,3139.0,294947
2021-06-03 09:55:55,3139.0,294947
2021-06-03 09:55:56,3139.0,294947
2021-06-03 09:55:57,3139.0,294947
2021-06-03 09:55:58,3138.0,294948
2021-06-03 09:55:59,3138.0,294993
2021-06-03 09:56:00,3138.0,294998
2021-06-03 09:56:01,3139.0,295100
2021-06-03 09:56:02,3137.75,295104
2021-06-03 09:56:03,3137.7,295114
2021-06-03 09:56:05,3137.55,295214
2021-06-03 09:56:06,3138.0,295249
2021-06-03 09:56:08,3138.2,295271
2021-06-03 09:56:09,3138.4,295385
2021-06-03 09:56:10,3137.6,295482
2021-06-03 09:56:11,3138.45,295569
2021-06-03 09:56:13,3138.0,295589
2021-06-03 09:56:15,3137.6,295639
2021-06-03 09:56:14,3137.6,295639
2021-06-03 09:56:16,3137.6,295639
2021-06-03 09:56:17,3138.0,295661
2021-06-03 09:56:18,3138.0,295716
2021-06-03 09:56:20,3138.0,295721
2021-06-03 09:56:22,3138.0,295770
2021-06-03 09:56:23,3138.0,295893
2021-06-03 09:56:22,3138.4,295776
2021-06-03 09:56:25,3138.3,296010
2021-06-03 09:56:25,3137.6,295910
2021-06-03 09:56:26,3137.6,296044
2021-06-03 09:56:27,3137.6,296063
2021-06-03 09:56:28,3138.3,296080
2021-06-03 09:56:29,3137.6,296177
2021-06-03 09:56:30,3137.6,296185
2021-06-03 09:56:31,3137.6,296206
2021-06-03 09:56:32,3138.0,296217
2021-06-03 09:56:33,3138.0,296419
2021-06-03 09:56:34,3137.95,296420
2021-06-03 09:56:35,3137.1,296430
2021-06-03 09:56:36,3137.1,297446
2021-06-03 09:56:37,3137.1,297446
2021-06-03 09:56:38,3136.1,297680
2021-06-03 09:56:39,3136.8,297754
2021-06-03 09:56:40,3135.65,297843
2021-06-03 09:56:41,3135.65,297873
2021-06-03 09:56:42,3135.65,297873
2021-06-03 09:56:43,3135.65,297873
2021-06-03 09:56:44,3135.65,297873
2021-06-03 09:56:46,3135.95,297890
2021-06-03 09:56:46,3135.95,297890
2021-06-03 09:56:47,3135.95,297891
2021-06-03 09:56:48,3135.95,297892
2021-06-03 09:56:49,3135.95,297997
2021-06-03 09:56:50,3135.95,298069
2021-06-03 09:56:51,3135.95,298728
2021-06-03 09:56:52,3135.9,298818
2021-06-03 09:56:53,3137.15,298826
2021-06-03 09:56:54,3135.9,298844
2021-06-03 09:56:55,3137.15,298867
2021-06-03 09:56:56,3137.15,298872
2021-06-03 09:56:58,3137.15,298872
2021-06-03 09:56:59,3135.95,298880
2021-06-03 09:57:00,3135.95,298880
2021-06-03 09:57:01,3135.9,298885
2021-06-03 09:57:02,3135.9,298886
2021-06-03 09:57:03,3137.15,298887
2021-06-03 09:57:04,3135.95,298907
2021-06-03 09:57:04,3135.9,298926
2021-06-03 09:57:05,3135.9,298926
2021-06-03 09:57:06,3136.95,298946
2021-06-03 09:57:07,3136.95,298946
2021-06-03 09:57:08,3136.0,298956
2021-06-03 09:57:09,3136.0,298956
2021-06-03 09:57:10,3136.85,298986
2021-06-03 09:57:12,3136.85,299021
2021-06-03 09:57:12,3136.0,299061
2021-06-03 09:57:13,3136.0,299061
2021-06-03 09:57:14,3136.0,299105
2021-06-03 09:57:15,3136.85,299110
2021-06-03 09:57:17,3136.85,299136
2021-06-03 09:57:17,3136.85,299136
2021-06-03 09:57:18,3136.85,299137
2021-06-03 09:57:19,3136.85,299145
2021-06-03 09:57:20,3136.0,299146
2021-06-03 09:57:21,3136.0,299158
2021-06-03 09:57:22,3136.0,299276
2021-06-03 09:57:23,3135.9,299354
2021-06-03 09:57:24,3136.0,299379
2021-06-03 09:57:25,3136.85,299389
2021-06-03 09:57:26,3136.85,299389
2021-06-03 09:57:27,3136.05,299393
2021-06-03 09:57:28,3136.85,299418
2021-06-03 09:57:29,3136.85,299418
2021-06-03 09:57:31,3136.65,299688
2021-06-03 09:57:32,3136.65,299688
2021-06-03 09:57:32,3136.65,299688
2021-06-03 09:57:33,3136.65,299690
2021-06-03 09:57:34,3135.95,299711
2021-06-03 09:57:35,3135.95,299711
2021-06-03 09:57:36,3136.05,299731
2021-06-03 09:57:37,3136.6,299732
2021-06-03 09:57:38,3136.6,299732
2021-06-03 09:57:39,3136.6,299852
2021-06-03 09:57:40,3136.65,299964
2021-06-03 09:57:41,3136.65,299964
2021-06-03 09:57:42,3136.65,299964
2021-06-03 09:57:43,3136.65,299964
2021-06-03 09:57:44,3136.65,299964
2021-06-03 09:57:45,3136.65,299964
2021-06-03 09:57:47,3136.05,299980
2021-06-03 09:57:48,3136.6,300000
2021-06-03 09:57:48,3136.6,300000
2021-06-03 09:57:50,3136.05,300029
2021-06-03 09:57:51,3136.6,300108
2021-06-03 09:57:53,3136.6,300180
2021-06-03 09:57:54,3136.6,300222
2021-06-03 09:57:55,3136.6,300222
2021-06-03 09:57:56,3136.6,300232
2021-06-03 09:57:57,3136.6,300232
2021-06-03 09:58:00,3136.6,300234
2021-06-03 09:58:00,3136.6,300238
2021-06-03 09:58:02,3135.95,300254
2021-06-03 09:58:02,3135.95,300254
2021-06-03 09:58:03,3135.9,300445
2021-06-03 09:58:04,3135.65,300470
2021-06-03 09:58:05,3135.7,301177
2021-06-03 09:58:06,3134.9,302962
2021-06-03 09:58:07,3134.9,302962
2021-06-03 09:58:08,3134.9,302982
2021-06-03 09:58:10,3134.4,303043
2021-06-03 09:58:10,3134.05,303037
2021-06-03 09:58:11,3134.0,303103
2021-06-03 09:58:13,3134.0,303113
2021-06-03 09:58:14,3134.05,303118
2021-06-03 09:58:14,3134.0,303137
2021-06-03 09:58:15,3134.75,303673
2021-06-03 09:58:16,3136.0,303725
2021-06-03 09:58:17,3136.0,303730
2021-06-03 09:58:18,3136.0,303730
2021-06-03 09:58:19,3136.0,303767
2021-06-03 09:58:20,3135.85,303785
2021-06-03 09:58:21,3135.85,303821
2021-06-03 09:58:22,3135.85,303868
2021-06-03 09:58:23,3134.9,303869
2021-06-03 09:58:24,3134.9,303869
2021-06-03 09:58:25,3136.75,303960
2021-06-03 09:58:26,3134.65,303986
2021-06-03 09:58:28,3134.6,304134
2021-06-03 09:58:29,3135.95,304152
2021-06-03 09:58:29,3135.95,304152
2021-06-03 09:58:30,3135.95,304153
2021-06-03 09:58:31,3136.45,304273
2021-06-03 09:58:32,3136.45,304326
2021-06-03 09:58:35,3135.55,304366
2021-06-03 09:58:36,3136.0,304618
2021-06-03 09:58:37,3137.0,304645
2021-06-03 09:58:38,3137.0,304645
2021-06-03 09:58:39,3136.75,304664
2021-06-03 09:58:41,3136.7,304670
2021-06-03 09:58:42,3136.7,304682
2021-06-03 09:58:42,3135.95,304712
2021-06-03 09:58:43,3136.75,304728
2021-06-03 09:58:44,3136.75,304732
2021-06-03 09:58:45,3136.75,304739
2021-06-03 09:58:47,3136.1,304797
2021-06-03 09:58:48,3136.75,304799
2021-06-03 09:58:49,3136.75,304803
2021-06-03 09:58:50,3137.0,304814
2021-06-03 09:58:51,3136.95,304821
2021-06-03 09:58:52,3136.95,304822
2021-06-03 09:58:53,3136.95,304822
2021-06-03 09:58:54,3136.95,304854
2021-06-03 09:58:54,3136.9,304853
2021-06-03 09:58:55,3136.95,304857
2021-06-03 09:58:56,3136.75,304862
2021-06-03 09:58:57,3136.95,304882
2021-06-03 09:58:58,3136.75,304899
2021-06-03 09:58:59,3136.75,304901
2021-06-03 09:59:00,3136.75,304916
2021-06-03 09:59:01,3136.7,304919
2021-06-03 09:59:02,3136.7,304923
2021-06-03 09:59:03,3136.7,304925
2021-06-03 09:59:04,3136.7,305087
2021-06-03 09:59:06,3136.7,305149
2021-06-03 09:59:07,3136.7,305157
2021-06-03 09:59:09,3135.8,305198
2021-06-03 09:59:10,3136.5,305249
2021-06-03 09:59:12,3136.45,305281
2021-06-03 09:59:13,3136.5,305299
2021-06-03 09:59:13,3136.5,305317
2021-06-03 09:59:14,3136.7,305335
2021-06-03 09:59:15,3136.7,305336
2021-06-03 09:59:16,3136.7,305364
2021-06-03 09:59:17,3136.7,305367
2021-06-03 09:59:18,3137.15,305811
2021-06-03 09:59:19,3137.2,305822
2021-06-03 09:59:20,3136.35,306024
2021-06-03 09:59:22,3135.05,306644
2021-06-03 09:59:23,3135.05,306644
2021-06-03 09:59:24,3136.15,306654
2021-06-03 09:59:24,3136.15,306654
2021-06-03 09:59:25,3136.15,306654
2021-06-03 09:59:26,3135.0,306718
2021-06-03 09:59:27,3135.0,306808
2021-06-03 09:59:28,3135.0,306832
2021-06-03 09:59:29,3136.1,306842
2021-06-03 09:59:31,3135.0,306849
2021-06-03 09:59:31,3135.0,306849
2021-06-03 09:59:35,3136.05,306950
2021-06-03 09:59:36,3135.25,306951
2021-06-03 09:59:36,3136.05,306956
2021-06-03 09:59:38,3135.2,307035
2021-06-03 09:59:39,3135.0,307139
2021-06-03 09:59:40,3135.0,307139
2021-06-03 09:59:41,3135.5,307164
2021-06-03 09:59:42,3136.0,307179
2021-06-03 09:59:43,3136.0,307179
2021-06-03 09:59:44,3136.0,307179
2021-06-03 09:59:45,3136.0,307189
2021-06-03 09:59:46,3135.5,307190
2021-06-03 09:59:48,3136.0,307200
2021-06-03 09:59:48,3135.5,307221
2021-06-03 09:59:49,3135.5,307221
2021-06-03 09:59:50,3136.0,307224
2021-06-03 09:59:51,3135.95,307234
2021-06-03 09:59:52,3136.0,307334
2021-06-03 09:59:53,3135.75,307350
2021-06-03 09:59:55,3135.7,307370
2021-06-03 09:59:56,3135.7,307370
2021-06-03 09:59:56,3135.7,307370
2021-06-03 09:59:57,3135.55,307372
2021-06-03 09:59:58,3135.55,307425
2021-06-03 09:59:59,3135.55,307426
2021-06-03 10:00:00,3135.55,307526
2021-06-03 10:00:02,3135.5,307587
2021-06-03 10:00:03,3135.5,307588
2021-06-03 10:00:04,3135.5,307603
2021-06-03 10:00:05,3135.5,307603
2021-06-03 10:00:05,3135.5,307603
2021-06-03 10:00:07,3135.0,308209
2021-06-03 10:00:07,3135.0,308249
2021-06-03 10:00:08,3135.65,308282
2021-06-03 10:00:10,3135.7,308305
2021-06-03 10:00:10,3135.0,308317
2021-06-03 10:00:11,3135.5,308318
2021-06-03 10:00:13,3134.4,308987
2021-06-03 10:00:14,3134.4,308987
2021-06-03 10:00:14,3134.1,309007
2021-06-03 10:00:15,3134.5,309037
2021-06-03 10:00:16,3134.1,309043
2021-06-03 10:00:17,3134.1,309143
2021-06-03 10:00:18,3134.1,309152
2021-06-03 10:00:19,3134.1,309160
2021-06-03 10:00:20,3134.1,309225
2021-06-03 10:00:22,3134.1,309355
2021-06-03 10:00:22,3134.1,309345
2021-06-03 10:00:23,3134.1,309355
2021-06-03 10:00:24,3134.45,309381
2021-06-03 10:00:25,3134.85,309551
2021-06-03 10:00:26,3134.85,309592
2021-06-03 10:00:27,3134.15,309733
2021-06-03 10:00:29,3134.15,309737
2021-06-03 10:00:30,3134.95,309852
2021-06-03 10:00:31,3134.95,309912
2021-06-03 10:00:31,3134.95,309912
2021-06-03 10:00:32,3134.15,309918
2021-06-03 10:00:34,3134.9,309996
2021-06-03 10:00:35,3134.45,310002
2021-06-03 10:00:35,3134.45,310002
2021-06-03 10:00:36,3134.45,310076
2021-06-03 10:00:37,3134.8,310115
2021-06-03 10:00:38,3134.2,310165
2021-06-03 10:00:40,3134.8,310219
2021-06-03 10:00:41,3134.15,310238
2021-06-03 10:00:43,3134.8,310270
2021-06-03 10:00:44,3134.85,310393
2021-06-03 10:00:44,3134.85,310393
2021-06-03 10:00:46,3134.85,310393
2021-06-03 10:00:47,3134.85,310393
2021-06-03 10:00:48,3134.8,310405
2021-06-03 10:00:49,3134.8,310545
2021-06-03 10:00:49,3134.9,310455
2021-06-03 10:00:50,3134.1,310546
2021-06-03 10:00:51,3134.1,310586
2021-06-03 10:00:52,3134.1,310586
2021-06-03 10:00:53,3135.0,310793
2021-06-03 10:00:54,3135.0,310793
2021-06-03 10:00:56,3134.1,310818
2021-06-03 10:00:56,3134.1,310818
2021-06-03 10:00:57,3134.0,310819
2021-06-03 10:00:58,3134.0,310859
2021-06-03 10:01:00,3134.0,310929
2021-06-03 10:01:00,3134.0,310929
2021-06-03 10:01:01,3134.0,310970
2021-06-03 10:01:04,3133.85,311189
2021-06-03 10:01:04,3133.75,311190
2021-06-03 10:01:05,3134.95,311191
2021-06-03 10:01:07,3134.95,311197
2021-06-03 10:01:08,3134.95,311197
2021-06-03 10:01:09,3135.0,311292
2021-06-03 10:01:10,3133.75,311302
2021-06-03 10:01:11,3134.0,311415
2021-06-03 10:01:12,3134.0,311482
2021-06-03 10:01:13,3134.0,311482
2021-06-03 10:01:14,3134.0,311482
2021-06-03 10:01:14,3134.0,311482
2021-06-03 10:01:16,3134.0,311482
2021-06-03 10:01:17,3134.0,311488
2021-06-03 10:01:18,3134.0,311508
2021-06-03 10:01:19,3134.0,311715
2021-06-03 10:01:19,3134.0,311715
2021-06-03 10:01:20,3134.85,311720
2021-06-03 10:01:21,3134.8,311721
2021-06-03 10:01:23,3134.8,311733
2021-06-03 10:01:24,3134.1,311753
2021-06-03 10:01:25,3134.8,311766
2021-06-03 10:01:26,3134.8,311806
2021-06-03 10:01:27,3134.8,311835
2021-06-03 10:01:28,3134.8,311873
2021-06-03 10:01:28,3134.35,311892
2021-06-03 10:01:29,3134.8,311911
2021-06-03 10:01:30,3134.8,311976
2021-06-03 10:01:32,3134.45,311990
2021-06-03 10:01:34,3134.8,312031
2021-06-03 10:01:35,3134.8,312032
2021-06-03 10:01:36,3134.8,312034
2021-06-03 10:01:36,3134.8,312044
2021-06-03 10:01:37,3134.45,312047
2021-06-03 10:01:38,3134.8,312083
2021-06-03 10:01:40,3134.8,312189
2021-06-03 10:01:41,3134.8,312267
2021-06-03 10:01:42,3134.8,312285
2021-06-03 10:01:43,3134.45,312416
2021-06-03 10:01:43,3134.45,312426
2021-06-03 10:01:44,3134.45,312426
2021-06-03 10:01:45,3134.8,312498
2021-06-03 10:01:47,3134.8,312498
2021-06-03 10:01:48,3134.2,312593
2021-06-03 10:01:49,3134.8,312608
2021-06-03 10:01:49,3134.8,312608
2021-06-03 10:01:50,3134.8,312630
2021-06-03 10:01:51,3134.8,313275
2021-06-03 10:01:53,3134.8,313396
2021-06-03 10:01:54,3135.1,313414
2021-06-03 10:01:55,3135.15,313415
2021-06-03 10:01:56,3134.7,313441
2021-06-03 10:01:57,3134.8,313449
2021-06-03 10:01:57,3134.8,313449
2021-06-03 10:01:58,3135.1,313450
2021-06-03 10:02:00,3134.8,313461
2021-06-03 10:02:01,3134.8,313467
2021-06-03 10:02:02,3134.75,313482
2021-06-03 10:02:03,3134.8,313671
2021-06-03 10:02:04,3134.8,313672
2021-06-03 10:02:04,3134.8,313672
2021-06-03 10:02:05,3134.8,313722
2021-06-03 10:02:07,3134.8,313758
2021-06-03 10:02:08,3134.8,313758
2021-06-03 10:02:09,3134.9,313761
2021-06-03 10:02:10,3134.9,313772
2021-06-03 10:02:11,3134.9,313772
2021-06-03 10:02:12,3134.9,313793
2021-06-03 10:02:12,3134.9,313793
2021-06-03 10:02:13,3134.4,313867
2021-06-03 10:02:15,3134.4,313974
2021-06-03 10:02:16,3134.8,313999
2021-06-03 10:02:17,3134.8,313999
2021-06-03 10:02:18,3134.8,313999
2021-06-03 10:02:19,3134.8,313999
2021-06-03 10:02:19,3134.8,314017
2021-06-03 10:02:20,3134.8,314022
2021-06-03 10:02:21,3134.8,314022
2021-06-03 10:02:22,3134.8,314022
2021-06-03 10:02:24,3134.2,315063
2021-06-03 10:02:25,3133.1,315114
2021-06-03 10:02:26,3134.25,315227
2021-06-03 10:02:26,3134.25,315227
2021-06-03 10:02:27,3134.15,315238
2021-06-03 10:02:28,3134.1,315315
2021-06-03 10:02:29,3134.1,315315
2021-06-03 10:02:31,3133.0,315401
2021-06-03 10:02:32,3133.0,315401
2021-06-03 10:02:33,3133.0,315401
2021-06-03 10:02:33,3133.0,315401
2021-06-03 10:02:34,3133.0,315401
2021-06-03 10:02:36,3133.85,316039
2021-06-03 10:02:37,3134.3,316054
2021-06-03 10:02:38,3135.0,316291
2021-06-03 10:02:39,3135.15,316391
2021-06-03 10:02:39,3136.1,316410
2021-06-03 10:02:40,3135.5,316414
2021-06-03 10:02:41,3135.5,316466
2021-06-03 10:02:43,3136.4,316599
2021-06-03 10:02:44,3136.4,316599
2021-06-03 10:02:45,3136.4,316599
2021-06-03 10:02:46,3136.4,316599
2021-06-03 10:02:46,3136.4,316599
2021-06-03 10:02:47,3135.45,316600
2021-06-03 10:02:49,3134.9,316611
2021-06-03 10:02:51,3134.9,316615
2021-06-03 10:02:52,3134.0,316821
2021-06-03 10:02:53,3135.25,316826
2021-06-03 10:02:53,3135.25,316826
2021-06-03 10:02:54,3135.25,316855
2021-06-03 10:02:56,3135.0,316860
2021-06-03 10:02:57,3135.0,316860
2021-06-03 10:02:58,3135.25,316863
2021-06-03 10:02:59,3135.25,316915
2021-06-03 10:02:59,3136.0,317615
2021-06-03 10:03:01,3136.0,317615
2021-06-03 10:03:02,3136.1,317635
2021-06-03 10:03:03,3135.0,317654
2021-06-03 10:03:04,3134.4,317878
2021-06-03 10:03:05,3135.95,318064
2021-06-03 10:03:05,3135.95,318064
2021-06-03 10:03:06,3135.95,318074
2021-06-03 10:03:08,3135.95,318074
2021-06-03 10:03:09,3135.05,318093
2021-06-03 10:03:10,3135.95,318111
2021-06-03 10:03:11,3135.95,318111
2021-06-03 10:03:12,3135.95,318111
2021-06-03 10:03:12,3135.95,318111
2021-06-03 10:03:13,3136.35,318165
2021-06-03 10:03:14,3135.15,318173
2021-06-03 10:03:16,3136.3,318213
2021-06-03 10:03:17,3136.25,318223
2021-06-03 10:03:18,3136.0,318400
2021-06-03 10:03:19,3135.1,318430
2021-06-03 10:03:21,3135.1,318436
2021-06-03 10:03:22,3136.15,318526
2021-06-03 10:03:23,3135.6,318826
2021-06-03 10:03:24,3135.1,318948
2021-06-03 10:03:24,3135.1,318948
2021-06-03 10:03:26,3135.1,319104
2021-06-03 10:03:27,3134.8,319778
2021-06-03 10:03:28,3134.8,319778
2021-06-03 10:03:29,3135.0,319876
2021-06-03 10:03:30,3134.8,319895
2021-06-03 10:03:31,3134.8,319895
2021-06-03 10:03:31,3134.8,319895
2021-06-03 10:03:32,3134.8,319895
2021-06-03 10:03:34,3135.0,319921
2021-06-03 10:03:35,3135.25,320151
2021-06-03 10:03:36,3135.25,320151
2021-06-03 10:03:37,3135.25,320153
2021-06-03 10:03:38,3135.25,320154
2021-06-03 10:03:38,3135.25,320154
2021-06-03 10:03:40,3135.0,320158
2021-06-03 10:03:41,3135.25,320160
2021-06-03 10:03:42,3135.2,320184
2021-06-03 10:03:43,3135.2,320206
2021-06-03 10:03:43,3135.2,320205
2021-06-03 10:03:44,3135.2,320211
2021-06-03 10:03:45,3135.2,320222
2021-06-03 10:03:47,3135.2,320223
2021-06-03 10:03:48,3135.15,320244
2021-06-03 10:03:49,3135.2,320268
2021-06-03 10:03:50,3135.2,320284
2021-06-03 10:03:50,3135.2,320284
2021-06-03 10:03:52,3135.4,320286
2021-06-03 10:03:53,3135.4,320287
2021-06-03 10:03:54,3135.2,320349
2021-06-03 10:03:55,3135.4,320471
2021-06-03 10:03:56,3135.4,320471
2021-06-03 10:03:56,3135.4,320471
2021-06-03 10:03:58,3135.4,320472
2021-06-03 10:03:59,3135.4,320472
2021-06-03 10:04:00,3135.4,320472
2021-06-03 10:04:01,3135.6,320533
2021-06-03 10:04:02,3135.4,320554
2021-06-03 10:04:03,3135.4,320554
2021-06-03 10:04:03,3135.4,320554
2021-06-03 10:04:05,3135.65,320647
2021-06-03 10:04:06,3135.65,320647
2021-06-03 10:04:07,3135.65,320650
2021-06-03 10:04:09,3135.65,320653
2021-06-03 10:04:10,3135.6,320815
2021-06-03 10:04:10,3135.6,320815
2021-06-03 10:04:12,3135.6,320815
2021-06-03 10:04:13,3135.6,320974
2021-06-03 10:04:14,3135.6,320974
2021-06-03 10:04:15,3135.6,320974
2021-06-03 10:04:16,3135.5,321074
2021-06-03 10:04:17,3135.9,321174
2021-06-03 10:04:17,3135.9,321174
2021-06-03 10:04:19,3135.4,321329
2021-06-03 10:04:20,3135.9,321333
2021-06-03 10:04:21,3135.9,321333
2021-06-03 10:04:22,3135.65,321334
2021-06-03 10:04:23,3135.65,321334
2021-06-03 10:04:23,3135.65,321334
2021-06-03 10:04:25,3135.65,321336
2021-06-03 10:04:26,3135.65,321341
2021-06-03 10:04:27,3135.85,321347
2021-06-03 10:04:28,3135.85,321347
2021-06-03 10:04:29,3135.85,321347
2021-06-03 10:04:29,3135.85,321347
2021-06-03 10:04:31,3135.85,321348
2021-06-03 10:04:32,3135.85,321352
2021-06-03 10:04:33,3135.65,321372
2021-06-03 10:04:34,3135.85,321411
2021-06-03 10:04:34,3135.85,321411
2021-06-03 10:04:35,3135.85,321411
2021-06-03 10:04:37,3135.85,321412
2021-06-03 10:04:38,3135.85,321420
2021-06-03 10:04:39,3138.55,323736
2021-06-03 10:04:40,3138.35,323741
2021-06-03 10:04:41,3137.75,323875
2021-06-03 10:04:42,3137.7,324672
2021-06-03 10:04:42,3137.15,324692
2021-06-03 10:04:44,3137.75,324697
2021-06-03 10:04:45,3137.05,324971
2021-06-03 10:04:46,3137.1,325000
2021-06-03 10:04:47,3137.2,325012
2021-06-03 10:04:47,3137.1,325001
2021-06-03 10:04:49,3137.0,325020
2021-06-03 10:04:50,3137.0,325052
2021-06-03 10:04:51,3137.0,325253
2021-06-03 10:04:52,3137.0,325734
2021-06-03 10:04:53,3136.1,325753
2021-06-03 10:04:54,3137.0,325853
2021-06-03 10:04:55,3135.9,326037
2021-06-03 10:04:56,3136.5,326048
2021-06-03 10:04:57,3136.75,326168
2021-06-03 10:04:58,3136.0,326171
2021-06-03 10:04:59,3136.45,326191
2021-06-03 10:05:01,3136.75,326238
2021-06-03 10:05:02,3136.65,326288
2021-06-03 10:05:03,3137.0,326991
2021-06-03 10:05:04,3136.95,327034
2021-06-03 10:05:06,3136.95,327044
2021-06-03 10:05:05,3136.95,327034
2021-06-03 10:05:07,3136.95,327069
2021-06-03 10:05:08,3136.95,327072
2021-06-03 10:05:09,3136.0,327102
2021-06-03 10:05:10,3136.0,327102
2021-06-03 10:05:11,3137.35,327302
2021-06-03 10:05:12,3137.35,327302
2021-06-03 10:05:13,3135.85,327343
2021-06-03 10:05:14,3137.55,327749
2021-06-03 10:05:15,3137.3,327750
2021-06-03 10:05:16,3136.95,327880
2021-06-03 10:05:18,3136.95,327880
2021-06-03 10:05:17,3136.95,327880
2021-06-03 10:05:19,3136.5,327912
2021-06-03 10:05:20,3136.5,328228
2021-06-03 10:05:21,3136.5,328228
2021-06-03 10:05:22,3137.4,328278
2021-06-03 10:05:23,3136.5,328433
2021-06-03 10:05:24,3136.5,328433
2021-06-03 10:05:25,3137.35,328463
2021-06-03 10:05:26,3137.35,328465
2021-06-03 10:05:27,3136.5,328489
2021-06-03 10:05:28,3136.5,328500
2021-06-03 10:05:29,3137.5,328505
2021-06-03 10:05:30,3137.5,328505
2021-06-03 10:05:31,3137.5,328523
2021-06-03 10:05:32,3137.5,328523
2021-06-03 10:05:34,3136.5,328533
2021-06-03 10:05:33,3137.5,328525
2021-06-03 10:05:35,3137.5,328546
2021-06-03 10:05:36,3137.5,328546
2021-06-03 10:05:37,3137.5,328556
2021-06-03 10:05:38,3136.65,328634
2021-06-03 10:05:39,3136.65,328634
2021-06-03 10:05:40,3137.8,328775
2021-06-03 10:05:41,3137.9,328929
2021-06-03 10:05:42,3137.8,328934
2021-06-03 10:05:43,3138.45,328937
2021-06-03 10:05:44,3138.45,328937
2021-06-03 10:05:45,3138.45,328937
2021-06-03 10:05:46,3137.9,329204
2021-06-03 10:05:47,3137.9,329225
2021-06-03 10:05:48,3137.9,329248
2021-06-03 10:05:49,3138.45,329250
2021-06-03 10:05:50,3138.45,329253
2021-06-03 10:05:51,3138.05,329261
2021-06-03 10:05:52,3138.05,329261
2021-06-03 10:05:53,3138.45,329266
2021-06-03 10:05:54,3138.55,329335
2021-06-03 10:05:55,3138.55,329340
2021-06-03 10:05:56,3138.65,329410
2021-06-03 10:05:57,3138.65,329410
2021-06-03 10:05:58,3138.8,329514
2021-06-03 10:06:00,3138.95,329580
2021-06-03 10:06:01,3140.15,329947
2021-06-03 10:06:02,3140.15,329948
2021-06-03 10:06:03,3139.1,329979
2021-06-03 10:06:04,3139.75,330080
2021-06-03 10:06:05,3140.15,330280
2021-06-03 10:06:06,3139.0,330324
