timestamp,ltp,volume
2021-04-09 09:16:41,4980.0,72500
2021-04-09 09:16:41,4981.25,72568
2021-04-09 09:16:43,4981.0,72747
2021-04-09 09:16:44,4979.7,72928
2021-04-09 09:16:45,4978.65,73033
2021-04-09 09:16:46,4978.45,73486
2021-04-09 09:16:47,4980.0,73839
2021-04-09 09:16:48,4980.35,74273
2021-04-09 09:16:49,4979.25,74394
2021-04-09 09:16:50,4977.7,75028
2021-04-09 09:16:51,4979.75,75136
2021-04-09 09:16:51,4979.9,75221
2021-04-09 09:16:52,4977.2,75422
2021-04-09 09:16:54,4979.8,75476
2021-04-09 09:16:55,4977.15,75752
2021-04-09 09:16:56,4979.9,76026
2021-04-09 09:16:57,4981.0,76836
2021-04-09 09:16:57,4981.25,77068
2021-04-09 09:16:59,4978.65,77566
2021-04-09 09:17:00,4979.95,77998
2021-04-09 09:17:01,4979.95,78064
2021-04-09 09:17:02,4979.95,78139
2021-04-09 09:17:03,4980.0,79093
2021-04-09 09:17:04,4985.0,79675
2021-04-09 09:17:04,4985.0,79675
2021-04-09 09:17:06,4982.0,79859
2021-04-09 09:17:07,4982.0,79966
2021-04-09 09:17:08,4980.1,80147
2021-04-09 09:17:09,4982.0,80432
2021-04-09 09:17:10,4981.0,80748
2021-04-09 09:17:10,4981.0,80799
2021-04-09 09:17:11,4980.0,80806
2021-04-09 09:17:13,4981.0,81209
2021-04-09 09:17:14,4980.95,81573
2021-04-09 09:17:15,4981.0,82571
2021-04-09 09:17:16,4980.95,82740
2021-04-09 09:17:17,4981.95,82881
2021-04-09 09:17:18,4979.7,83723
2021-04-09 09:17:19,4980.0,84041
2021-04-09 09:17:20,4980.0,84207
2021-04-09 09:17:21,4980.85,84373
2021-04-09 09:17:21,4978.75,84498
2021-04-09 09:17:22,4980.0,84518
2021-04-09 09:17:24,4981.3,85608
2021-04-09 09:17:25,4980.7,85931
2021-04-09 09:17:26,4983.95,86386
2021-04-09 09:17:26,4985.0,86345
2021-04-09 09:17:27,4982.65,86637
2021-04-09 09:17:28,4985.6,86871
2021-04-09 09:17:29,4984.05,86929
2021-04-09 09:17:31,4987.0,87132
2021-04-09 09:17:32,4989.0,87561
2021-04-09 09:17:33,4987.95,87959
2021-04-09 09:17:34,4989.95,88081
2021-04-09 09:17:35,4985.65,88402
2021-04-09 09:17:36,4987.05,88460
2021-04-09 09:17:37,4986.3,88629
2021-04-09 09:17:37,4986.3,88669
2021-04-09 09:17:39,4985.1,88780
2021-04-09 09:17:40,4983.05,89170
2021-04-09 09:17:41,4983.05,89372
2021-04-09 09:17:42,4981.5,90727
2021-04-09 09:17:43,4978.2,91089
2021-04-09 09:17:44,4981.3,91219
2021-04-09 09:17:45,4977.75,92478
2021-04-09 09:17:46,4975.5,92678
2021-04-09 09:17:47,4975.9,94016
2021-04-09 09:17:47,4975.05,94020
2021-04-09 09:17:49,4974.6,94419
2021-04-09 09:17:50,4976.85,94456
2021-04-09 09:17:51,4976.95,94770
2021-04-09 09:17:53,4975.7,95716
2021-04-09 09:17:52,4975.7,95147
2021-04-09 09:17:54,4975.8,95951
2021-04-09 09:17:55,4974.0,96023
2021-04-09 09:17:56,4975.7,96128
2021-04-09 09:17:57,4973.55,96986
2021-04-09 09:17:58,4973.0,97295
2021-04-09 09:17:58,4973.15,97300
2021-04-09 09:17:59,4973.25,97386
2021-04-09 09:18:00,4971.1,97451
2021-04-09 09:18:01,4971.05,97531
2021-04-09 09:18:03,4971.05,100251
2021-04-09 09:18:04,4970.65,100533
2021-04-09 09:18:04,4968.0,100622
2021-04-09 09:18:06,4970.65,103591
2021-04-09 09:18:07,4969.6,104251
2021-04-09 09:18:08,4969.65,105161
2021-04-09 09:18:09,4967.1,105471
2021-04-09 09:18:10,4967.3,106878
2021-04-09 09:18:11,4967.0,108006
2021-04-09 09:18:12,4966.0,108159
2021-04-09 09:18:12,4966.7,108078
2021-04-09 09:18:14,4965.85,108424
2021-04-09 09:18:15,4964.5,108599
2021-04-09 09:18:16,4968.45,111393
2021-04-09 09:18:17,4973.95,116012
2021-04-09 09:18:18,4972.0,116910
2021-04-09 09:18:19,4970.65,116951
2021-04-09 09:18:21,4968.15,117142
2021-04-09 09:18:20,4968.15,117142
2021-04-09 09:18:22,4969.5,117222
2021-04-09 09:18:23,4968.95,117783
2021-04-09 09:18:24,4970.25,118127
2021-04-09 09:18:25,4968.05,119131
2021-04-09 09:18:26,4969.65,119264
2021-04-09 09:18:27,4970.15,119953
2021-04-09 09:18:28,4969.5,120239
2021-04-09 09:18:29,4970.15,121510
2021-04-09 09:18:30,4969.85,121594
2021-04-09 09:18:31,4969.85,121594
2021-04-09 09:18:32,4969.55,121801
2021-04-09 09:18:33,4969.55,121976
2021-04-09 09:18:34,4969.55,122820
2021-04-09 09:18:35,4968.25,122919
2021-04-09 09:18:36,4969.55,123060
2021-04-09 09:18:37,4967.05,123114
2021-04-09 09:18:38,4968.25,123136
2021-04-09 09:18:39,4967.4,123385
2021-04-09 09:18:40,4967.4,123404
2021-04-09 09:18:41,4966.6,124154
2021-04-09 09:18:42,4966.6,124349
2021-04-09 09:18:43,4966.6,124373
2021-04-09 09:18:44,4966.0,124389
2021-04-09 09:18:45,4966.55,124412
2021-04-09 09:18:46,4966.55,124650
2021-04-09 09:18:47,4966.55,124670
2021-04-09 09:18:48,4966.55,125015
2021-04-09 09:18:49,4965.75,126587
2021-04-09 09:18:50,4965.75,126885
2021-04-09 09:18:51,4965.75,126970
2021-04-09 09:18:52,4965.7,127136
2021-04-09 09:18:53,4965.15,127203
2021-04-09 09:18:54,4964.65,127390
2021-04-09 09:18:55,4963.05,127510
2021-04-09 09:18:56,4963.4,127693
2021-04-09 09:18:57,4961.4,128125
2021-04-09 09:18:58,4963.4,128209
2021-04-09 09:18:59,4961.1,128321
2021-04-09 09:19:00,4963.0,128352
2021-04-09 09:19:01,4963.0,128602
2021-04-09 09:19:02,4963.0,128889
2021-04-09 09:19:03,4962.0,129451
2021-04-09 09:19:04,4963.4,129603
2021-04-09 09:19:05,4963.9,129628
2021-04-09 09:19:06,4961.85,131200
2021-04-09 09:19:07,4962.2,131389
2021-04-09 09:19:08,4963.85,131527
2021-04-09 09:19:09,4963.85,131527
2021-04-09 09:19:10,4962.0,131768
2021-04-09 09:19:11,4961.65,131773
2021-04-09 09:19:12,4961.65,132071
2021-04-09 09:19:13,4961.8,132452
2021-04-09 09:19:14,4961.8,132485
2021-04-09 09:19:15,4961.5,132957
2021-04-09 09:19:16,4962.0,133099
2021-04-09 09:19:17,4962.25,133243
2021-04-09 09:19:18,4962.25,134271
2021-04-09 09:19:19,4962.25,134388
2021-04-09 09:19:20,4962.2,134480
2021-04-09 09:19:21,4962.2,134535
2021-04-09 09:19:23,4961.65,135652
2021-04-09 09:19:22,4961.65,135636
2021-04-09 09:19:24,4962.2,135753
2021-04-09 09:19:25,4962.2,136200
2021-04-09 09:19:26,4962.2,136303
2021-04-09 09:19:27,4962.0,136355
2021-04-09 09:19:28,4962.25,136624
2021-04-09 09:19:29,4969.45,137280
2021-04-09 09:19:30,4969.3,137570
2021-04-09 09:19:31,4969.3,137848
2021-04-09 09:19:32,4967.5,138023
2021-04-09 09:19:33,4965.0,138105
2021-04-09 09:19:34,4966.6,138160
2021-04-09 09:19:35,4965.15,138230
2021-04-09 09:19:36,4965.05,138298
2021-04-09 09:19:37,4964.0,138329
2021-04-09 09:19:38,4964.0,138406
2021-04-09 09:19:39,4963.85,138496
2021-04-09 09:19:40,4962.3,138848
2021-04-09 09:19:41,4962.0,138882
2021-04-09 09:19:42,4962.0,139167
2021-04-09 09:19:43,4962.1,139227
2021-04-09 09:19:44,4962.0,139510
2021-04-09 09:19:45,4963.7,139663
2021-04-09 09:19:46,4963.85,139724
2021-04-09 09:19:47,4962.0,140054
2021-04-09 09:19:48,4963.4,140194
2021-04-09 09:19:49,4958.0,145025
2021-04-09 09:19:50,4958.25,145265
2021-04-09 09:19:51,4958.5,145853
2021-04-09 09:19:52,4960.0,146187
2021-04-09 09:19:53,4961.5,146629
2021-04-09 09:19:54,4961.5,146915
2021-04-09 09:19:55,4962.1,147945
2021-04-09 09:19:56,4963.45,148060
2021-04-09 09:19:58,4961.45,148195
2021-04-09 09:19:57,4962.05,148140
2021-04-09 09:19:59,4961.6,148340
2021-04-09 09:20:00,4961.4,148474
2021-04-09 09:20:01,4960.0,148654
2021-04-09 09:20:02,4959.6,148902
2021-04-09 09:20:03,4953.5,150932
2021-04-09 09:20:04,4953.85,151215
2021-04-09 09:20:05,4958.1,151547
2021-04-09 09:20:06,4959.35,151977
2021-04-09 09:20:07,4961.55,151992
2021-04-09 09:20:08,4961.6,152229
2021-04-09 09:20:09,4961.4,152343
2021-04-09 09:20:10,4960.45,152755
2021-04-09 09:20:11,4956.7,152963
2021-04-09 09:20:12,4959.95,153352
2021-04-09 09:20:13,4960.0,153745
2021-04-09 09:20:14,4960.0,153895
2021-04-09 09:20:15,4960.0,154016
2021-04-09 09:20:16,4959.95,154126
2021-04-09 09:20:17,4959.95,154131
2021-04-09 09:20:18,4959.4,154575
2021-04-09 09:20:19,4958.7,154691
2021-04-09 09:20:20,4960.95,154792
2021-04-09 09:20:21,4960.0,154920
2021-04-09 09:20:22,4959.2,155354
2021-04-09 09:20:23,4959.9,155437
2021-04-09 09:20:24,4961.1,155447
2021-04-09 09:20:25,4960.35,157736
2021-04-09 09:20:26,4961.55,157796
2021-04-09 09:20:27,4961.55,157869
2021-04-09 09:20:28,4961.85,158499
2021-04-09 09:20:29,4961.65,158679
2021-04-09 09:20:30,4961.65,160131
2021-04-09 09:20:31,4960.65,160213
2021-04-09 09:20:32,4960.0,160249
2021-04-09 09:20:33,4960.65,160380
2021-04-09 09:20:34,4959.0,160586
2021-04-09 09:20:35,4957.3,161415
2021-04-09 09:20:36,4957.3,161547
2021-04-09 09:20:37,4957.4,161922
2021-04-09 09:20:38,4957.4,161962
2021-04-09 09:20:39,4957.35,161977
2021-04-09 09:20:41,4957.35,162502
2021-04-09 09:20:41,4957.35,162473
2021-04-09 09:20:42,4957.35,162614
2021-04-09 09:20:43,4955.0,162902
2021-04-09 09:20:44,4955.35,163160
2021-04-09 09:20:45,4953.4,163311
2021-04-09 09:20:46,4953.8,164196
2021-04-09 09:20:47,4953.7,164256
2021-04-09 09:20:48,4953.7,164346
2021-04-09 09:20:49,4953.35,165382
2021-04-09 09:20:50,4952.95,165472
2021-04-09 09:20:51,4952.9,165708
2021-04-09 09:20:52,4952.8,166095
2021-04-09 09:20:54,4953.1,166277
2021-04-09 09:20:53,4954.75,166224
2021-04-09 09:20:55,4953.75,166359
2021-04-09 09:20:56,4954.9,166457
2021-04-09 09:20:57,4953.4,166624
2021-04-09 09:20:58,4953.45,166853
2021-04-09 09:20:59,4954.0,167113
2021-04-09 09:21:00,4952.5,167446
2021-04-09 09:21:01,4954.15,167747
2021-04-09 09:21:02,4952.15,168011
2021-04-09 09:21:04,4953.5,168107
2021-04-09 09:21:04,4953.5,168107
2021-04-09 09:21:05,4953.5,168354
2021-04-09 09:21:06,4953.45,168684
2021-04-09 09:21:07,4951.15,168983
2021-04-09 09:21:08,4950.15,169658
2021-04-09 09:21:09,4952.8,169867
2021-04-09 09:21:10,4952.95,170111
2021-04-09 09:21:11,4950.1,170393
2021-04-09 09:21:12,4951.0,170688
2021-04-09 09:21:13,4950.25,175406
2021-04-09 09:21:15,4950.35,175494
2021-04-09 09:21:15,4950.65,175624
2021-04-09 09:21:16,4948.0,176052
2021-04-09 09:21:17,4950.0,176180
2021-04-09 09:21:18,4952.95,176306
2021-04-09 09:21:19,4950.95,176614
2021-04-09 09:21:20,4952.9,177203
2021-04-09 09:21:22,4952.55,177682
2021-04-09 09:21:22,4952.8,177625
2021-04-09 09:21:23,4951.45,177772
2021-04-09 09:21:24,4951.5,178040
2021-04-09 09:21:25,4951.95,178328
2021-04-09 09:21:26,4951.9,178545
2021-04-09 09:21:27,4951.9,178604
2021-04-09 09:21:28,4951.9,179228
2021-04-09 09:21:29,4950.15,179750
2021-04-09 09:21:30,4949.55,179891
2021-04-09 09:21:32,4947.45,180295
2021-04-09 09:21:33,4949.55,180602
2021-04-09 09:21:33,4949.55,180602
2021-04-09 09:21:34,4949.55,180719
2021-04-09 09:21:35,4948.55,181307
2021-04-09 09:21:36,4947.1,181399
2021-04-09 09:21:37,4948.6,181480
2021-04-09 09:21:38,4947.9,181582
2021-04-09 09:21:39,4948.9,181598
2021-04-09 09:21:41,4949.15,182249
2021-04-09 09:21:42,4948.55,182317
2021-04-09 09:21:43,4949.05,182357
2021-04-09 09:21:44,4948.75,182668
2021-04-09 09:21:44,4947.25,182667
2021-04-09 09:21:45,4945.9,183710
2021-04-09 09:21:46,4945.05,185459
2021-04-09 09:21:47,4947.7,186673
2021-04-09 09:21:48,4947.8,186756
2021-04-09 09:21:49,4947.1,187001
2021-04-09 09:21:50,4943.5,187564
2021-04-09 09:21:51,4943.4,188032
2021-04-09 09:21:52,4947.2,188537
2021-04-09 09:21:53,4947.05,188942
2021-04-09 09:21:54,4944.6,190259
2021-04-09 09:21:55,4944.6,195668
2021-04-09 09:21:56,4944.6,195680
2021-04-09 09:21:57,4944.05,195864
2021-04-09 09:21:59,4943.75,196026
2021-04-09 09:22:00,4943.75,196230
2021-04-09 09:22:01,4942.25,196357
2021-04-09 09:22:01,4942.35,196380
2021-04-09 09:22:02,4942.3,196757
2021-04-09 09:22:03,4942.35,197054
2021-04-09 09:22:04,4940.1,198296
2021-04-09 09:22:05,4941.9,198606
2021-04-09 09:22:06,4940.85,199158
2021-04-09 09:22:07,4940.05,199241
2021-04-09 09:22:08,4940.0,199923
2021-04-09 09:22:09,4940.0,200392
2021-04-09 09:22:10,4940.0,200518
2021-04-09 09:22:12,4938.8,201601
2021-04-09 09:22:13,4938.05,201736
2021-04-09 09:22:14,4936.0,202057
2021-04-09 09:22:15,4935.1,203317
2021-04-09 09:22:15,4937.8,203505
2021-04-09 09:22:16,4935.75,204151
2021-04-09 09:22:17,4935.75,204226
2021-04-09 09:22:18,4935.05,204380
2021-04-09 09:22:19,4936.75,204786
2021-04-09 09:22:20,4936.1,205035
2021-04-09 09:22:21,4936.6,206322
2021-04-09 09:22:22,4936.0,206525
2021-04-09 09:22:23,4936.0,206948
2021-04-09 09:22:25,4936.85,207613
2021-04-09 09:22:25,4936.85,207613
2021-04-09 09:22:26,4937.0,207968
2021-04-09 09:22:27,4937.8,209492
2021-04-09 09:22:28,4935.1,209929
2021-04-09 09:22:29,4940.85,212967
2021-04-09 09:22:31,4940.9,213306
2021-04-09 09:22:31,4941.0,213311
2021-04-09 09:22:32,4940.95,213599
2021-04-09 09:22:33,4937.55,213886
2021-04-09 09:22:34,4938.0,215560
2021-04-09 09:22:36,4938.7,216288
2021-04-09 09:22:37,4938.7,217011
2021-04-09 09:22:38,4937.0,218559
2021-04-09 09:22:39,4937.8,219083
2021-04-09 09:22:39,4936.75,218698
2021-04-09 09:22:40,4936.9,219680
2021-04-09 09:22:41,4937.1,220410
2021-04-09 09:22:42,4938.6,220558
2021-04-09 09:22:43,4938.3,220567
2021-04-09 09:22:44,4938.0,220632
2021-04-09 09:22:45,4937.0,220900
2021-04-09 09:22:46,4931.0,221981
2021-04-09 09:22:48,4932.25,224266
2021-04-09 09:22:49,4930.25,225818
2021-04-09 09:22:50,4930.85,226391
2021-04-09 09:22:50,4927.0,226491
2021-04-09 09:22:51,4928.35,226771
2021-04-09 09:22:52,4928.35,227250
2021-04-09 09:22:53,4925.5,227547
2021-04-09 09:22:54,4927.7,227799
2021-04-09 09:22:55,4926.15,227848
2021-04-09 09:22:56,4927.0,228880
2021-04-09 09:22:57,4925.2,230343
2021-04-09 09:22:58,4923.75,231662
2021-04-09 09:22:59,4922.35,232640
2021-04-09 09:23:00,4921.1,235935
2021-04-09 09:23:01,4920.55,237005
2021-04-09 09:23:02,4920.7,237655
2021-04-09 09:23:03,4918.85,238518
2021-04-09 09:23:04,4918.7,238858
2021-04-09 09:23:05,4918.85,239465
2021-04-09 09:23:06,4914.5,241492
2021-04-09 09:23:08,4914.95,243648
2021-04-09 09:23:09,4914.95,243990
2021-04-09 09:23:10,4915.85,252500
2021-04-09 09:23:10,4915.0,252714
2021-04-09 09:23:11,4914.7,253300
2021-04-09 09:23:12,4916.45,253805
2021-04-09 09:23:13,4915.55,254143
2021-04-09 09:23:14,4915.5,254433
2021-04-09 09:23:16,4915.0,254939
2021-04-09 09:23:17,4915.1,256399
2021-04-09 09:23:18,4915.0,256746
2021-04-09 09:23:19,4912.3,257496
2021-04-09 09:23:20,4912.3,257656
2021-04-09 09:23:21,4912.3,258397
2021-04-09 09:23:21,4912.7,258535
2021-04-09 09:23:22,4914.8,258853
2021-04-09 09:23:23,4913.9,259232
2021-04-09 09:23:24,4914.15,260252
2021-04-09 09:23:26,4911.25,261807
2021-04-09 09:23:27,4909.2,262924
2021-04-09 09:23:27,4912.25,263034
2021-04-09 09:23:28,4909.75,263694
2021-04-09 09:23:29,4911.15,264144
2021-04-09 09:23:30,4913.0,265797
2021-04-09 09:23:31,4910.0,266668
2021-04-09 09:23:32,4910.55,267577
2021-04-09 09:23:33,4909.95,267877
2021-04-09 09:23:34,4909.1,268401
2021-04-09 09:23:35,4906.75,270953
2021-04-09 09:23:37,4906.25,272875
2021-04-09 09:23:38,4904.0,273769
2021-04-09 09:23:38,4906.25,274064
2021-04-09 09:23:39,4904.65,274929
2021-04-09 09:23:40,4904.65,275893
2021-04-09 09:23:41,4905.05,276262
2021-04-09 09:23:42,4905.45,276689
2021-04-09 09:23:44,4909.1,277230
2021-04-09 09:23:45,4907.55,277324
2021-04-09 09:23:46,4909.15,278824
2021-04-09 09:23:46,4910.5,279140
2021-04-09 09:23:47,4910.55,279625
2021-04-09 09:23:48,4910.55,279738
2021-04-09 09:23:49,4910.55,280171
2021-04-09 09:23:51,4910.55,280504
2021-04-09 09:23:52,4910.55,281349
2021-04-09 09:23:53,4913.5,282047
2021-04-09 09:23:54,4913.5,282388
2021-04-09 09:23:54,4913.45,282867
2021-04-09 09:23:55,4913.5,283303
2021-04-09 09:23:56,4914.0,283786
2021-04-09 09:23:57,4914.95,284910
2021-04-09 09:23:59,4915.0,285652
2021-04-09 09:24:00,4915.0,286657
2021-04-09 09:24:01,4914.65,286912
2021-04-09 09:24:01,4914.65,286941
2021-04-09 09:24:02,4915.0,287286
2021-04-09 09:24:03,4916.75,288513
2021-04-09 09:24:04,4916.75,288970
2021-04-09 09:24:06,4915.65,289171
2021-04-09 09:24:07,4915.4,289663
2021-04-09 09:24:07,4916.7,289695
2021-04-09 09:24:08,4915.2,290530
2021-04-09 09:24:09,4916.75,290951
2021-04-09 09:24:10,4916.75,291042
2021-04-09 09:24:11,4916.8,291116
2021-04-09 09:24:12,4916.75,291212
2021-04-09 09:24:13,4915.0,292738
2021-04-09 09:24:14,4916.1,292859
2021-04-09 09:24:15,4915.8,293185
2021-04-09 09:24:17,4916.05,293446
2021-04-09 09:24:18,4916.0,294145
2021-04-09 09:24:19,4916.0,294285
2021-04-09 09:24:19,4916.0,294285
2021-04-09 09:24:20,4916.0,294396
2021-04-09 09:24:21,4915.95,294968
2021-04-09 09:24:22,4916.1,295675
2021-04-09 09:24:23,4916.0,295785
2021-04-09 09:24:24,4916.7,295921
2021-04-09 09:24:26,4917.0,296291
2021-04-09 09:24:27,4923.0,296991
2021-04-09 09:24:27,4921.1,296992
2021-04-09 09:24:28,4921.4,297132
2021-04-09 09:24:29,4923.05,297273
2021-04-09 09:24:30,4923.05,298129
2021-04-09 09:24:31,4922.95,298549
2021-04-09 09:24:32,4922.9,298758
2021-04-09 09:24:33,4920.8,299158
2021-04-09 09:24:34,4921.1,299677
2021-04-09 09:24:35,4921.05,300148
2021-04-09 09:24:36,4921.1,300232
2021-04-09 09:24:38,4920.45,300665
2021-04-09 09:24:39,4922.65,300716
2021-04-09 09:24:39,4922.65,300751
2021-04-09 09:24:40,4922.65,300933
2021-04-09 09:24:41,4922.6,301099
2021-04-09 09:24:42,4922.6,301187
2021-04-09 09:24:43,4922.6,301276
2021-04-09 09:24:45,4923.1,301460
2021-04-09 09:24:46,4927.5,303544
2021-04-09 09:24:47,4928.3,303597
2021-04-09 09:24:48,4926.95,304240
2021-04-09 09:24:49,4931.9,306180
2021-04-09 09:24:50,4931.75,306891
2021-04-09 09:24:50,4931.75,306940
2021-04-09 09:24:51,4931.75,307522
2021-04-09 09:24:53,4929.4,308811
2021-04-09 09:24:54,4929.8,309253
2021-04-09 09:24:55,4929.55,309984
2021-04-09 09:24:56,4925.4,310393
2021-04-09 09:24:57,4929.3,311526
2021-04-09 09:24:57,4929.3,311533
2021-04-09 09:24:58,4928.15,311777
2021-04-09 09:24:59,4926.85,312272
2021-04-09 09:25:00,4927.0,313367
2021-04-09 09:25:01,4927.25,314196
2021-04-09 09:25:02,4926.0,314467
2021-04-09 09:25:03,4927.1,315597
2021-04-09 09:25:04,4928.45,316037
2021-04-09 09:25:05,4926.6,317354
2021-04-09 09:25:07,4925.9,317846
2021-04-09 09:25:08,4925.9,317967
2021-04-09 09:25:09,4925.9,318233
2021-04-09 09:25:10,4925.25,318804
2021-04-09 09:25:11,4926.85,319826
2021-04-09 09:25:12,4927.0,319963
2021-04-09 09:25:12,4928.0,319987
2021-04-09 09:25:13,4927.0,320137
2021-04-09 09:25:14,4927.95,320241
2021-04-09 09:25:16,4928.8,321498
2021-04-09 09:25:17,4928.85,321772
2021-04-09 09:25:18,4930.5,322350
2021-04-09 09:25:19,4928.9,322682
2021-04-09 09:25:20,4930.45,322704
2021-04-09 09:25:21,4930.05,322884
2021-04-09 09:25:22,4930.45,323120
2021-04-09 09:25:23,4932.0,323425
2021-04-09 09:25:24,4931.85,323601
2021-04-09 09:25:24,4932.0,323618
2021-04-09 09:25:25,4931.85,323868
2021-04-09 09:25:26,4932.0,324016
2021-04-09 09:25:28,4932.6,324401
2021-04-09 09:25:29,4932.4,324501
2021-04-09 09:25:30,4932.0,324632
2021-04-09 09:25:31,4932.6,324797
2021-04-09 09:25:32,4934.8,324918
2021-04-09 09:25:33,4934.8,325155
2021-04-09 09:25:34,4935.0,325298
2021-04-09 09:25:35,4934.95,325582
2021-04-09 09:25:36,4937.0,326070
2021-04-09 09:25:37,4937.0,326257
2021-04-09 09:25:38,4938.0,326575
2021-04-09 09:25:38,4938.0,326602
2021-04-09 09:25:39,4937.95,326936
2021-04-09 09:25:40,4939.85,327480
2021-04-09 09:25:42,4942.6,328468
2021-04-09 09:25:43,4941.85,328943
2021-04-09 09:25:44,4941.0,329035
2021-04-09 09:25:44,4940.85,329060
2021-04-09 09:25:45,4939.85,329486
2021-04-09 09:25:46,4939.65,329673
2021-04-09 09:25:47,4939.85,330026
2021-04-09 09:25:48,4940.0,330358
2021-04-09 09:25:49,4939.85,330576
2021-04-09 09:25:51,4939.95,330858
2021-04-09 09:25:52,4939.95,330922
2021-04-09 09:25:53,4939.95,331135
2021-04-09 09:25:54,4939.75,331344
2021-04-09 09:25:55,4939.85,331515
2021-04-09 09:25:56,4940.55,332751
2021-04-09 09:25:57,4942.0,333097
2021-04-09 09:25:58,4940.0,333517
2021-04-09 09:25:58,4940.0,333517
2021-04-09 09:25:59,4941.2,333628
2021-04-09 09:26:00,4940.0,333905
2021-04-09 09:26:01,4939.05,334852
2021-04-09 09:26:03,4941.15,334968
2021-04-09 09:26:04,4939.0,335463
2021-04-09 09:26:05,4939.15,336374
2021-04-09 09:26:06,4935.0,337473
2021-04-09 09:26:07,4934.8,337550
2021-04-09 09:26:08,4934.95,337841
2021-04-09 09:26:09,4938.3,343884
2021-04-09 09:26:10,4938.05,346626
2021-04-09 09:26:11,4942.45,346915
2021-04-09 09:26:12,4939.15,347011
2021-04-09 09:26:13,4936.6,347078
2021-04-09 09:26:14,4940.0,347193
2021-04-09 09:26:14,4938.05,347194
2021-04-09 09:26:15,4942.8,348245
2021-04-09 09:26:16,4942.9,348614
2021-04-09 09:26:18,4942.4,348656
2021-04-09 09:26:19,4942.0,348774
2021-04-09 09:26:20,4942.8,348952
2021-04-09 09:26:21,4940.2,349072
2021-04-09 09:26:22,4942.8,349304
2021-04-09 09:26:23,4941.0,349316
2021-04-09 09:26:23,4940.65,349488
2021-04-09 09:26:24,4941.0,349861
2021-04-09 09:26:25,4942.8,350155
2021-04-09 09:26:26,4942.8,350164
2021-04-09 09:26:27,4942.8,350228
2021-04-09 09:26:28,4942.8,350475
2021-04-09 09:26:29,4941.0,350755
2021-04-09 09:26:30,4942.8,350813
2021-04-09 09:26:31,4942.0,351222
2021-04-09 09:26:32,4942.0,351335
2021-04-09 09:26:33,4942.75,351682
2021-04-09 09:26:35,4942.8,351780
2021-04-09 09:26:36,4942.0,352042
2021-04-09 09:26:37,4942.0,352082
2021-04-09 09:26:38,4942.0,352342
2021-04-09 09:26:39,4942.8,352448
2021-04-09 09:26:40,4942.3,352463
2021-04-09 09:26:41,4942.15,352588
2021-04-09 09:26:42,4942.0,352839
2021-04-09 09:26:43,4941.0,353298
2021-04-09 09:26:44,4942.0,353315
2021-04-09 09:26:45,4942.0,353331
2021-04-09 09:26:46,4942.0,353541
2021-04-09 09:26:47,4942.0,353645
2021-04-09 09:26:48,4940.5,353878
2021-04-09 09:26:49,4942.0,354005
2021-04-09 09:27:12,4940.95,358896
2021-04-09 09:27:13,4939.7,358954
2021-04-09 09:27:14,4939.95,359114
2021-04-09 09:27:15,4939.95,359214
2021-04-09 09:27:16,4939.95,359338
2021-04-09 09:27:17,4939.95,359360
2021-04-09 09:27:18,4939.95,359392
2021-04-09 09:27:19,4939.95,359520
2021-04-09 09:27:20,4939.95,359541
2021-04-09 09:27:21,4939.95,359864
2021-04-09 09:27:22,4939.95,359969
2021-04-09 09:27:23,4939.9,360190
2021-04-09 09:27:24,4940.0,361277
2021-04-09 09:27:25,4941.9,361583
2021-04-09 09:27:26,4941.95,361625
2021-04-09 09:27:27,4942.0,361931
2021-04-09 09:27:28,4941.2,362517
2021-04-09 09:27:29,4942.0,362937
2021-04-09 09:27:30,4942.9,363119
2021-04-09 09:27:31,4942.9,363149
2021-04-09 09:27:32,4942.1,363159
2021-04-09 09:27:33,4942.9,363175
2021-04-09 09:27:34,4941.0,363447
2021-04-09 09:27:35,4943.0,363646
2021-04-09 09:27:36,4942.9,363903
2021-04-09 09:27:36,4942.9,363903
2021-04-09 09:27:38,4943.0,363989
2021-04-09 09:27:39,4942.9,364047
2021-04-09 09:27:40,4942.9,364101
2021-04-09 09:27:41,4942.1,364121
2021-04-09 09:27:42,4942.9,364222
2021-04-09 09:27:43,4942.9,364233
2021-04-09 09:27:44,4942.4,364994
2021-04-09 09:27:45,4942.0,365193
2021-04-09 09:27:46,4942.8,365265
2021-04-09 09:27:47,4940.75,365737
2021-04-09 09:27:48,4941.45,366105
2021-04-09 09:27:49,4941.45,366583
2021-04-09 09:27:50,4943.05,367768
2021-04-09 09:27:51,4941.0,368078
2021-04-09 09:27:51,4941.45,368036
2021-04-09 09:27:52,4940.45,368198
2021-04-09 09:27:53,4941.45,368379
2021-04-09 09:27:54,4940.8,368415
2021-04-09 09:27:55,4940.8,368564
2021-04-09 09:27:56,4940.8,368620
2021-04-09 09:27:58,4940.0,368785
2021-04-09 09:27:59,4940.05,368949
2021-04-09 09:28:00,4940.0,369200
2021-04-09 09:28:01,4940.8,369224
2021-04-09 09:28:02,4940.8,370334
2021-04-09 09:28:03,4942.8,370492
2021-04-09 09:28:04,4942.0,370495
2021-04-09 09:28:05,4942.0,370559
2021-04-09 09:28:06,4939.05,371039
2021-04-09 09:28:07,4941.0,371142
2021-04-09 09:28:08,4942.0,371594
2021-04-09 09:28:09,4940.35,371651
2021-04-09 09:28:10,4941.95,371671
2021-04-09 09:28:11,4941.0,371769
2021-04-09 09:28:12,4940.0,371808
2021-04-09 09:28:13,4940.25,372324
2021-04-09 09:28:14,4939.95,372373
2021-04-09 09:28:15,4939.95,372617
2021-04-09 09:28:16,4941.0,372638
2021-04-09 09:28:17,4941.0,372850
2021-04-09 09:28:18,4939.95,373133
2021-04-09 09:28:19,4940.0,373239
2021-04-09 09:28:20,4938.2,373616
2021-04-09 09:28:21,4939.7,373662
2021-04-09 09:28:22,4939.65,373696
2021-04-09 09:28:23,4939.65,373709
2021-04-09 09:28:24,4939.65,373958
2021-04-09 09:28:25,4939.65,374290
2021-04-09 09:28:26,4938.0,374934
2021-04-09 09:28:27,4939.2,374963
2021-04-09 09:28:28,4939.4,375212
2021-04-09 09:28:29,4939.65,375489
2021-04-09 09:28:30,4938.0,375631
2021-04-09 09:28:31,4938.0,375706
2021-04-09 09:28:31,4939.0,375707
2021-04-09 09:28:32,4938.0,375752
2021-04-09 09:28:33,4938.0,375977
2021-04-09 09:28:34,4939.1,376202
2021-04-09 09:28:35,4938.0,376233
2021-04-09 09:28:36,4937.55,376307
2021-04-09 09:28:37,4937.0,376374
2021-04-09 09:28:38,4936.1,376542
2021-04-09 09:28:39,4935.75,377211
2021-04-09 09:28:40,4935.0,377672
2021-04-09 09:28:42,4935.0,377943
2021-04-09 09:28:42,4936.25,378064
2021-04-09 09:28:44,4935.8,378277
2021-04-09 09:28:45,4935.8,378350
2021-04-09 09:28:46,4935.8,378575
2021-04-09 09:28:47,4936.25,378752
2021-04-09 09:28:48,4936.0,379067
2021-04-09 09:28:49,4937.85,379216
2021-04-09 09:28:50,4937.05,379349
2021-04-09 09:28:51,4937.6,379489
2021-04-09 09:28:52,4937.6,379599
2021-04-09 09:28:53,4937.6,379625
2021-04-09 09:28:54,4938.0,380076
2021-04-09 09:28:55,4938.2,380199
2021-04-09 09:28:56,4939.0,380234
2021-04-09 09:28:56,4939.0,380234
2021-04-09 09:28:58,4940.0,380609
2021-04-09 09:28:59,4938.7,380831
2021-04-09 09:29:00,4939.35,381049
2021-04-09 09:29:01,4941.0,381147
2021-04-09 09:29:02,4941.0,381147
2021-04-09 09:29:03,4939.5,381186
2021-04-09 09:29:04,4941.0,381262
2021-04-09 09:29:05,4941.0,381298
2021-04-09 09:29:06,4940.0,381328
2021-04-09 09:29:07,4940.0,381358
2021-04-09 09:29:08,4941.8,381361
2021-04-09 09:29:09,4941.0,381402
2021-04-09 09:29:10,4941.0,381510
2021-04-09 09:29:11,4941.85,381515
2021-04-09 09:29:12,4941.0,381533
2021-04-09 09:29:13,4941.05,381567
2021-04-09 09:29:14,4942.0,381745
2021-04-09 09:29:15,4942.0,381804
2021-04-09 09:29:16,4942.0,381811
2021-04-09 09:29:17,4941.0,381957
2021-04-09 09:29:18,4943.0,382148
2021-04-09 09:29:19,4942.5,382254
2021-04-09 09:29:20,4942.05,382290
2021-04-09 09:29:21,4943.0,382296
2021-04-09 09:29:22,4943.0,382385
2021-04-09 09:29:23,4943.0,382389
2021-04-09 09:29:24,4943.0,382410
2021-04-09 09:29:25,4942.05,382457
2021-04-09 09:29:26,4944.0,382640
2021-04-09 09:29:27,4944.85,382915
2021-04-09 09:29:28,4942.0,383301
2021-04-09 09:29:29,4942.0,383543
2021-04-09 09:29:30,4944.0,383546
2021-04-09 09:29:31,4944.0,383558
2021-04-09 09:29:32,4942.0,384068
2021-04-09 09:29:33,4944.0,384105
2021-04-09 09:29:34,4944.0,384316
2021-04-09 09:29:35,4944.0,384334
2021-04-09 09:29:36,4943.5,384359
2021-04-09 09:29:37,4944.0,384383
2021-04-09 09:29:38,4944.0,384407
2021-04-09 09:29:39,4943.15,384596
2021-04-09 09:29:40,4943.95,384611
2021-04-09 09:29:41,4943.35,385762
2021-04-09 09:29:42,4944.0,385989
2021-04-09 09:29:43,4943.8,386064
2021-04-09 09:29:44,4942.0,386083
2021-04-09 09:29:45,4944.0,386169
2021-04-09 09:29:46,4944.1,386646
2021-04-09 09:29:47,4943.35,386692
2021-04-09 09:29:48,4945.0,386841
2021-04-09 09:29:49,4943.35,386966
2021-04-09 09:29:50,4942.05,387664
2021-04-09 09:29:51,4943.65,387765
2021-04-09 09:29:52,4942.1,388091
2021-04-09 09:29:53,4942.55,388127
2021-04-09 09:29:54,4942.55,388169
2021-04-09 09:29:55,4943.1,388228
2021-04-09 09:29:56,4940.5,388343
2021-04-09 09:29:57,4940.45,388492
2021-04-09 09:29:58,4940.05,388761
2021-04-09 09:29:59,4942.55,388789
2021-04-09 09:30:00,4942.55,388804
2021-04-09 09:30:01,4943.1,389006
2021-04-09 09:30:02,4942.55,389034
2021-04-09 09:30:03,4942.9,389577
2021-04-09 09:30:04,4941.25,389939
2021-04-09 09:30:05,4940.0,390036
2021-04-09 09:30:06,4940.55,390074
2021-04-09 09:30:07,4942.0,390097
2021-04-09 09:30:08,4942.0,390278
2021-04-09 09:30:09,4942.05,390449
2021-04-09 09:30:10,4940.0,390505
2021-04-09 09:30:11,4942.0,390525
2021-04-09 09:30:12,4941.05,391577
2021-04-09 09:30:13,4941.2,391776
2021-04-09 09:30:14,4941.0,391802
2021-04-09 09:30:15,4937.15,391950
2021-04-09 09:30:16,4937.1,392060
2021-04-09 09:30:17,4939.35,392103
2021-04-09 09:30:18,4937.5,392208
2021-04-09 09:30:19,4939.4,392247
2021-04-09 09:30:20,4937.0,392331
2021-04-09 09:30:21,4940.4,392475
2021-04-09 09:30:22,4940.05,392586
2021-04-09 09:30:23,4938.5,392643
2021-04-09 09:30:24,4941.15,392680
2021-04-09 09:30:25,4939.0,392707
2021-04-09 09:30:26,4940.05,392725
2021-04-09 09:30:27,4938.1,392821
2021-04-09 09:30:28,4939.95,392853
2021-04-09 09:30:29,4940.15,392912
2021-04-09 09:30:30,4938.7,393207
2021-04-09 09:30:31,4941.15,393370
2021-04-09 09:30:32,4940.35,393401
2021-04-09 09:30:33,4942.0,393526
2021-04-09 09:30:34,4940.2,393594
2021-04-09 09:30:35,4942.0,393618
2021-04-09 09:30:36,4942.1,394153
2021-04-09 09:30:37,4943.8,394229
2021-04-09 09:30:38,4943.6,394343
2021-04-09 09:30:39,4943.6,394343
2021-04-09 09:30:40,4941.95,394402
2021-04-09 09:30:41,4942.95,394565
2021-04-09 09:30:42,4943.55,394653
2021-04-09 09:30:43,4942.7,394688
2021-04-09 09:30:44,4940.55,394716
2021-04-09 09:30:45,4943.0,394759
2021-04-09 09:30:46,4942.45,394790
2021-04-09 09:30:47,4940.55,394814
2021-04-09 09:30:48,4940.0,394995
2021-04-09 09:30:49,4939.0,395095
2021-04-09 09:30:50,4939.1,395168
2021-04-09 09:30:51,4939.1,395249
2021-04-09 09:30:52,4939.0,395272
2021-04-09 09:30:53,4940.0,395297
2021-04-09 09:31:19,4936.6,400438
2021-04-09 09:31:19,4936.6,400438
2021-04-09 09:31:20,4938.2,400638
2021-04-09 09:31:21,4937.0,400660
2021-04-09 09:31:22,4938.15,400661
2021-04-09 09:31:23,4938.2,400811
2021-04-09 09:31:24,4936.75,400816
2021-04-09 09:31:25,4938.8,400847
2021-04-09 09:31:26,4936.65,400867
2021-04-09 09:31:27,4939.0,400913
2021-04-09 09:31:28,4937.6,401168
2021-04-09 09:31:29,4939.9,401194
2021-04-09 09:31:30,4939.1,401234
2021-04-09 09:31:31,4939.1,401421
2021-04-09 09:31:32,4937.15,401722
2021-04-09 09:31:33,4937.8,401797
2021-04-09 09:31:34,4939.85,401876
2021-04-09 09:31:35,4939.0,401890
2021-04-09 09:31:36,4939.0,401890
2021-04-09 09:31:37,4937.25,402118
2021-04-09 09:31:38,4937.25,402150
2021-04-09 09:31:39,4939.1,402201
2021-04-09 09:31:40,4937.15,402212
2021-04-09 09:31:41,4939.6,402343
2021-04-09 09:31:42,4939.45,402456
2021-04-09 09:31:43,4939.9,402510
2021-04-09 09:31:44,4942.0,403108
2021-04-09 09:31:45,4942.95,403647
2021-04-09 09:31:46,4942.0,404368
2021-04-09 09:31:47,4942.95,404388
2021-04-09 09:31:48,4942.95,404451
2021-04-09 09:31:49,4941.7,404471
2021-04-09 09:31:50,4941.95,404528
2021-04-09 09:31:51,4942.9,404622
2021-04-09 09:31:52,4942.95,404667
2021-04-09 09:31:53,4942.0,404709
2021-04-09 09:31:54,4942.8,404829
2021-04-09 09:31:55,4942.0,404866
2021-04-09 09:31:56,4940.2,405103
2021-04-09 09:31:58,4942.9,405665
2021-04-09 09:31:58,4942.9,405655
2021-04-09 09:31:59,4942.4,406043
2021-04-09 09:32:00,4942.85,406048
2021-04-09 09:32:01,4942.85,406159
2021-04-09 09:32:02,4942.95,406512
2021-04-09 09:32:03,4943.0,406712
2021-04-09 09:32:04,4943.0,406779
2021-04-09 09:32:05,4942.5,406923
2021-04-09 09:32:06,4942.45,407145
2021-04-09 09:32:07,4942.5,407208
2021-04-09 09:32:08,4942.5,407267
2021-04-09 09:32:09,4942.5,407268
2021-04-09 09:32:10,4942.4,407544
2021-04-09 09:32:11,4942.45,407609
2021-04-09 09:32:12,4942.45,407711
2021-04-09 09:32:13,4942.4,407750
2021-04-09 09:32:14,4941.0,407975
2021-04-09 09:32:15,4941.0,407980
2021-04-09 09:32:16,4940.95,408020
2021-04-09 09:32:17,4940.95,408102
2021-04-09 09:32:18,4940.95,408143
2021-04-09 09:32:19,4941.0,408151
2021-04-09 09:32:20,4939.9,409407
2021-04-09 09:32:21,4938.35,409551
2021-04-09 09:32:22,4938.65,409678
2021-04-09 09:32:23,4939.4,409900
2021-04-09 09:32:24,4940.05,409932
2021-04-09 09:32:25,4940.0,411957
2021-04-09 09:32:26,4941.4,412512
2021-04-09 09:32:27,4943.0,412529
2021-04-09 09:32:28,4941.25,412880
2021-04-09 09:32:29,4941.0,412894
2021-04-09 09:32:30,4941.0,413187
2021-04-09 09:32:31,4941.4,413497
2021-04-09 09:32:32,4941.35,413500
2021-04-09 09:32:33,4940.6,413515
2021-04-09 09:32:34,4941.35,413623
2021-04-09 09:32:35,4941.35,413668
2021-04-09 09:32:36,4941.4,413723
2021-04-09 09:32:37,4941.35,413752
2021-04-09 09:32:38,4942.2,413772
2021-04-09 09:32:39,4942.0,413829
2021-04-09 09:32:40,4942.0,413855
2021-04-09 09:32:41,4942.5,414207
2021-04-09 09:32:42,4941.4,414228
2021-04-09 09:32:43,4942.5,414514
2021-04-09 09:32:44,4942.5,414579
2021-04-09 09:32:45,4943.0,414831
2021-04-09 09:32:46,4942.45,415101
2021-04-09 09:32:47,4942.05,415249
2021-04-09 09:32:48,4942.45,415282
2021-04-09 09:32:49,4942.05,415288
2021-04-09 09:32:50,4942.05,415319
2021-04-09 09:32:51,4940.9,415698
2021-04-09 09:32:52,4940.85,416336
2021-04-09 09:32:53,4939.05,416367
2021-04-09 09:32:54,4941.3,416515
2021-04-09 09:32:55,4941.3,416526
2021-04-09 09:32:56,4941.3,416532
2021-04-09 09:32:57,4941.3,416535
2021-04-09 09:32:58,4942.0,416569
2021-04-09 09:32:59,4942.05,416607
2021-04-09 09:33:00,4941.0,416668
2021-04-09 09:33:01,4942.05,416680
2021-04-09 09:33:02,4941.0,416700
2021-04-09 09:33:03,4941.0,416930
2021-04-09 09:33:04,4942.45,416995
2021-04-09 09:33:05,4942.0,417081
2021-04-09 09:33:06,4942.0,417122
2021-04-09 09:33:07,4941.65,417338
2021-04-09 09:33:09,4942.0,417350
2021-04-09 09:33:10,4942.0,417424
2021-04-09 09:33:11,4941.7,417435
2021-04-09 09:33:12,4942.0,417517
2021-04-09 09:33:13,4942.0,417517
2021-04-09 09:33:13,4942.45,417561
2021-04-09 09:33:14,4942.45,417606
2021-04-09 09:33:15,4942.45,417667
2021-04-09 09:33:16,4941.4,417865
2021-04-09 09:33:17,4942.45,417875
2021-04-09 09:33:18,4942.45,417881
2021-04-09 09:33:19,4942.45,417895
2021-04-09 09:33:20,4942.0,417976
2021-04-09 09:33:21,4941.4,417991
2021-04-09 09:33:22,4942.0,418090
2021-04-09 09:33:23,4942.45,418180
2021-04-09 09:33:24,4940.7,418619
2021-04-09 09:33:25,4940.7,418643
2021-04-09 09:33:26,4940.65,418657
2021-04-09 09:33:27,4940.0,418660
2021-04-09 09:33:28,4940.65,418662
2021-04-09 09:33:29,4940.0,418726
2021-04-09 09:33:30,4941.0,418782
2021-04-09 09:33:31,4941.0,418790
2021-04-09 09:33:32,4940.4,418852
2021-04-09 09:33:33,4940.65,418879
2021-04-09 09:33:34,4940.95,418981
2021-04-09 09:33:35,4941.1,419083
2021-04-09 09:33:36,4942.0,419549
2021-04-09 09:33:38,4941.95,419665
2021-04-09 09:33:39,4941.3,419769
2021-04-09 09:33:40,4941.95,419770
2021-04-09 09:33:40,4941.95,419770
2021-04-09 09:33:41,4941.95,419789
2021-04-09 09:33:42,4941.95,419811
2021-04-09 09:33:43,4941.95,419912
2021-04-09 09:33:45,4941.25,419934
2021-04-09 09:33:46,4940.75,420118
2021-04-09 09:33:47,4941.9,420302
2021-04-09 09:33:48,4940.1,420338
2021-04-09 09:33:49,4941.0,420417
2021-04-09 09:33:50,4941.3,420423
2021-04-09 09:33:51,4941.7,420590
2021-04-09 09:33:52,4941.7,420671
2021-04-09 09:33:53,4941.7,420677
2021-04-09 09:33:54,4941.7,420688
2021-04-09 09:33:55,4941.95,420828
2021-04-09 09:33:56,4941.95,420833
2021-04-09 09:33:57,4941.3,420890
2021-04-09 09:33:57,4941.3,420890
2021-04-09 09:33:58,4941.05,420895
2021-04-09 09:33:59,4941.25,420915
2021-04-09 09:34:00,4941.25,421021
2021-04-09 09:34:01,4941.25,421148
2021-04-09 09:34:02,4941.3,421272
2021-04-09 09:34:04,4941.05,421497
2021-04-09 09:34:05,4940.05,421524
2021-04-09 09:34:06,4941.0,421590
2021-04-09 09:34:07,4941.0,421591
2021-04-09 09:34:08,4941.0,421648
2021-04-09 09:34:08,4941.0,421649
2021-04-09 09:34:09,4941.0,421762
2021-04-09 09:34:10,4940.1,421798
2021-04-09 09:34:11,4941.0,421930
2021-04-09 09:34:12,4940.0,422013
2021-04-09 09:34:13,4940.95,422040
2021-04-09 09:34:14,4941.0,422100
2021-04-09 09:34:15,4941.4,422486
2021-04-09 09:34:16,4942.0,422564
2021-04-09 09:34:17,4942.4,423000
2021-04-09 09:34:18,4942.0,423055
2021-04-09 09:34:19,4942.4,423067
2021-04-09 09:34:20,4941.7,423068
2021-04-09 09:34:21,4942.0,423101
2021-04-09 09:34:22,4942.0,423108
2021-04-09 09:34:24,4942.0,423122
2021-04-09 09:34:25,4942.0,423132
2021-04-09 09:34:26,4942.0,423148
2021-04-09 09:34:27,4942.0,423155
2021-04-09 09:34:28,4942.0,423191
2021-04-09 09:34:29,4942.0,423250
2021-04-09 09:34:30,4942.0,423284
2021-04-09 09:34:31,4942.0,423289
2021-04-09 09:34:31,4941.15,423295
2021-04-09 09:34:32,4941.15,423305
2021-04-09 09:34:33,4940.75,423594
2021-04-09 09:34:34,4941.9,423807
2021-04-09 09:34:35,4940.0,423934
2021-04-09 09:34:36,4941.55,423985
2021-04-09 09:34:37,4940.0,424008
2021-04-09 09:34:38,4941.55,424048
2021-04-09 09:34:39,4941.15,424104
2021-04-09 09:34:41,4941.15,424116
2021-04-09 09:34:42,4941.5,424121
2021-04-09 09:34:43,4941.5,424200
2021-04-09 09:34:44,4941.5,424218
2021-04-09 09:34:45,4940.0,424443
2021-04-09 09:34:46,4941.0,424555
2021-04-09 09:34:46,4941.0,424555
2021-04-09 09:34:47,4940.05,424582
2021-04-09 09:34:48,4940.95,424627
2021-04-09 09:34:49,4940.95,424739
2021-04-09 09:34:50,4940.95,424740
2021-04-09 09:34:51,4940.0,424891
2021-04-09 09:34:52,4940.95,424968
2021-04-09 09:34:53,4940.05,425008
2021-04-09 09:34:54,4940.55,425752
2021-04-09 09:34:55,4940.0,425783
2021-04-09 09:34:57,4940.05,425846
2021-04-09 09:34:58,4940.05,425982
2021-04-09 09:34:59,4940.45,426098
2021-04-09 09:35:00,4940.0,426322
2021-04-09 09:35:01,4940.9,426938
2021-04-09 09:35:02,4940.95,426989
2021-04-09 09:35:03,4940.95,427103
2021-04-09 09:35:03,4940.9,427102
2021-04-09 09:35:04,4940.95,427107
2021-04-09 09:35:05,4940.55,427111
2021-04-09 09:35:06,4940.1,427659
2021-04-09 09:35:07,4940.55,427675
2021-04-09 09:35:09,4940.55,427683
2021-04-09 09:35:10,4940.55,427703
2021-04-09 09:35:11,4940.55,427706
2021-04-09 09:35:12,4941.0,428016
2021-04-09 09:35:12,4941.0,428016
2021-04-09 09:35:13,4944.0,430094
2021-04-09 09:35:14,4948.3,432741
2021-04-09 09:35:15,4948.3,433150
2021-04-09 09:35:16,4948.25,433894
2021-04-09 09:35:17,4948.25,433946
2021-04-09 09:35:18,4948.25,433949
2021-04-09 09:35:19,4947.3,434020
2021-04-09 09:35:20,4948.25,434209
2021-04-09 09:35:21,4948.25,434319
2021-04-09 09:35:22,4946.25,434525
2021-04-09 09:35:23,4946.25,434547
2021-04-09 09:35:24,4946.25,434570
2021-04-09 09:35:25,4948.25,434836
2021-04-09 09:35:26,4948.25,434846
2021-04-09 09:35:27,4946.7,434861
2021-04-09 09:35:28,4948.25,434972
2021-04-09 09:35:29,4948.25,435126
2021-04-09 09:35:30,4948.65,435150
2021-04-09 09:35:31,4948.65,435335
2021-04-09 09:35:32,4948.65,435496
2021-04-09 09:35:33,4948.65,435514
2021-04-09 09:35:34,4948.65,435607
2021-04-09 09:35:35,4948.65,435668
2021-04-09 09:35:36,4949.05,435862
2021-04-09 09:35:37,4948.65,435986
2021-04-09 09:35:38,4948.65,436201
2021-04-09 09:35:39,4949.05,436279
2021-04-09 09:35:40,4948.65,436786
2021-04-09 09:35:41,4949.05,437100
2021-04-09 09:35:42,4949.05,437131
2021-04-09 09:35:43,4949.25,437341
2021-04-09 09:35:44,4949.25,437465
2021-04-09 09:35:45,4948.9,437723
2021-04-09 09:35:46,4946.85,438378
2021-04-09 09:35:47,4949.25,438465
2021-04-09 09:35:49,4949.25,438533
2021-04-09 09:35:50,4949.15,438604
2021-04-09 09:35:51,4949.05,438826
2021-04-09 09:35:52,4949.9,438838
2021-04-09 09:35:53,4949.65,438869
2021-04-09 09:35:54,4949.6,438934
2021-04-09 09:35:55,4949.25,438937
2021-04-09 09:35:56,4949.25,438941
2021-04-09 09:35:57,4949.65,439007
2021-04-09 09:35:58,4949.0,439238
2021-04-09 09:35:59,4949.6,439398
2021-04-09 09:36:00,4949.6,439424
2021-04-09 09:36:01,4949.5,439503
2021-04-09 09:36:02,4949.95,439609
2021-04-09 09:36:02,4949.5,439639
2021-04-09 09:36:03,4949.55,439660
2021-04-09 09:36:04,4951.2,442649
2021-04-09 09:36:05,4951.85,443560
2021-04-09 09:36:06,4951.85,444104
2021-04-09 09:36:07,4952.0,444235
2021-04-09 09:36:09,4952.5,444290
2021-04-09 09:36:10,4952.5,444545
2021-04-09 09:36:11,4952.8,444927
2021-04-09 09:36:12,4952.0,445021
2021-04-09 09:36:13,4952.0,445112
2021-04-09 09:36:14,4952.0,445125
2021-04-09 09:36:15,4953.0,445786
2021-04-09 09:36:16,4952.65,445951
2021-04-09 09:36:17,4953.0,446021
2021-04-09 09:36:18,4952.6,446084
2021-04-09 09:36:19,4954.0,446691
2021-04-09 09:36:20,4953.0,446784
2021-04-09 09:36:21,4952.5,447229
2021-04-09 09:36:22,4950.6,447364
2021-04-09 09:36:23,4952.5,447516
2021-04-09 09:36:24,4952.0,447873
2021-04-09 09:36:25,4952.0,447981
2021-04-09 09:36:26,4952.0,448030
2021-04-09 09:36:26,4952.0,448030
2021-04-09 09:36:27,4951.95,448082
2021-04-09 09:36:28,4951.95,448102
2021-04-09 09:36:29,4952.0,448314
2021-04-09 09:36:30,4951.9,448463
2021-04-09 09:36:31,4951.1,448474
2021-04-09 09:36:32,4951.0,448519
2021-04-09 09:36:33,4950.1,449683
2021-04-09 09:36:35,4951.5,449864
2021-04-09 09:36:36,4950.0,449912
2021-04-09 09:36:37,4950.7,449940
2021-04-09 09:36:38,4950.0,449958
2021-04-09 09:36:39,4949.5,450075
2021-04-09 09:36:40,4949.5,450106
2021-04-09 09:36:41,4949.35,450195
2021-04-09 09:36:42,4949.0,450347
2021-04-09 09:36:43,4949.0,450386
2021-04-09 09:36:44,4948.45,450424
2021-04-09 09:36:45,4948.45,450431
2021-04-09 09:36:46,4948.45,450476
2021-04-09 09:36:46,4948.45,450506
2021-04-09 09:36:47,4947.25,450549
2021-04-09 09:36:49,4947.25,450731
2021-04-09 09:36:49,4946.7,450776
2021-04-09 09:36:51,4947.25,451020
2021-04-09 09:36:52,4947.25,451189
2021-04-09 09:36:53,4946.7,451197
2021-04-09 09:36:54,4947.0,451203
2021-04-09 09:36:55,4947.0,451221
2021-04-09 09:36:56,4946.95,451268
2021-04-09 09:36:57,4946.7,451527
2021-04-09 09:36:57,4946.7,451527
2021-04-09 09:36:58,4946.75,451563
2021-04-09 09:36:59,4946.75,451754
2021-04-09 09:37:00,4946.75,451886
2021-04-09 09:37:01,4946.95,452558
2021-04-09 09:37:02,4952.5,454109
2021-04-09 09:37:03,4952.45,454117
2021-04-09 09:37:04,4950.4,454136
2021-04-09 09:37:05,4951.65,454390
2021-04-09 09:37:06,4951.6,454394
2021-04-09 09:37:07,4951.6,454401
2021-04-09 09:37:08,4950.25,454415
2021-04-09 09:37:09,4950.15,454425
2021-04-09 09:37:10,4951.55,454819
2021-04-09 09:37:12,4950.65,455202
2021-04-09 09:37:13,4950.95,455247
2021-04-09 09:37:14,4951.0,455651
2021-04-09 09:37:15,4950.75,455684
2021-04-09 09:37:16,4950.2,455701
2021-04-09 09:37:17,4950.2,455718
2021-04-09 09:37:18,4950.2,455755
2021-04-09 09:37:19,4950.1,455882
2021-04-09 09:37:20,4950.0,455883
2021-04-09 09:37:20,4950.0,455883
2021-04-09 09:37:21,4949.25,456010
2021-04-09 09:37:22,4948.0,457150
2021-04-09 09:37:23,4947.0,457260
2021-04-09 09:37:24,4947.0,457905
2021-04-09 09:37:25,4946.0,458394
2021-04-09 09:37:26,4946.0,458501
2021-04-09 09:37:28,4947.05,459537
2021-04-09 09:37:29,4946.0,459577
2021-04-09 09:37:30,4945.2,459801
2021-04-09 09:37:31,4945.95,460022
2021-04-09 09:37:32,4945.9,460042
2021-04-09 09:37:33,4945.9,460055
2021-04-09 09:37:33,4945.9,460055
2021-04-09 09:37:35,4945.9,460516
2021-04-09 09:37:36,4945.0,460605
2021-04-09 09:37:37,4945.85,460629
2021-04-09 09:37:38,4945.85,460792
2021-04-09 09:37:39,4945.85,460794
2021-04-09 09:37:40,4945.85,460908
2021-04-09 09:37:41,4945.85,462170
2021-04-09 09:37:42,4945.8,462322
2021-04-09 09:37:43,4945.8,462541
2021-04-09 09:37:44,4945.8,462674
2021-04-09 09:37:45,4945.8,462784
2021-04-09 09:37:46,4945.0,462891
2021-04-09 09:37:47,4945.75,462923
2021-04-09 09:37:48,4945.75,462955
2021-04-09 09:37:49,4945.75,462956
2021-04-09 09:37:50,4945.0,462968
2021-04-09 09:37:50,4945.0,462968
2021-04-09 09:37:51,4945.65,462980
2021-04-09 09:37:52,4945.6,463091
2021-04-09 09:37:53,4945.6,463103
2021-04-09 09:37:55,4945.6,463243
2021-04-09 09:37:56,4945.55,463250
2021-04-09 09:37:57,4945.15,463464
2021-04-09 09:37:58,4945.55,463521
2021-04-09 09:37:59,4945.55,463529
2021-04-09 09:38:00,4945.0,463647
2021-04-09 09:38:01,4945.7,464203
2021-04-09 09:38:01,4945.7,464203
2021-04-09 09:38:03,4945.0,464509
2021-04-09 09:38:04,4945.5,464579
2021-04-09 09:38:05,4945.0,464746
2021-04-09 09:38:06,4945.0,464746
2021-04-09 09:38:07,4945.5,464749
2021-04-09 09:38:08,4945.4,464768
2021-04-09 09:38:09,4945.2,464776
2021-04-09 09:38:10,4945.4,464911
2021-04-09 09:38:11,4945.0,464939
2021-04-09 09:38:11,4945.0,464939
2021-04-09 09:38:13,4944.05,465165
2021-04-09 09:38:14,4945.35,465585
2021-04-09 09:38:15,4945.35,465605
2021-04-09 09:38:16,4945.35,465659
2021-04-09 09:38:17,4945.35,465668
2021-04-09 09:38:18,4945.35,465733
2021-04-09 09:38:19,4945.2,465766
2021-04-09 09:38:20,4945.35,465775
2021-04-09 09:38:21,4945.0,465912
2021-04-09 09:38:22,4945.0,465942
2021-04-09 09:38:23,4945.0,466125
2021-04-09 09:38:24,4945.0,466705
2021-04-09 09:38:25,4945.0,467020
2021-04-09 09:38:26,4945.2,467042
2021-04-09 09:38:27,4945.2,467070
2021-04-09 09:38:28,4945.2,467071
2021-04-09 09:38:29,4945.2,467194
2021-04-09 09:38:30,4945.2,467242
2021-04-09 09:38:31,4945.2,467383
2021-04-09 09:38:32,4945.2,467467
2021-04-09 09:38:33,4945.2,467550
2021-04-09 09:38:34,4945.2,467600
2021-04-09 09:38:34,4945.2,467641
2021-04-09 09:38:36,4945.3,467823
2021-04-09 09:38:37,4945.4,467841
2021-04-09 09:38:38,4945.4,467845
2021-04-09 09:38:39,4945.2,467936
2021-04-09 09:38:39,4945.75,468256
2021-04-09 09:38:41,4945.8,468265
2021-04-09 09:38:42,4943.55,469463
2021-04-09 09:38:43,4943.6,469598
2021-04-09 09:38:44,4943.0,469839
2021-04-09 09:38:45,4943.3,469970
2021-04-09 09:38:46,4943.25,470069
2021-04-09 09:38:47,4943.25,470075
2021-04-09 09:38:48,4943.25,470080
2021-04-09 09:38:49,4943.25,470116
2021-04-09 09:38:50,4943.25,470117
2021-04-09 09:38:51,4943.25,470124
2021-04-09 09:38:52,4943.25,470265
2021-04-09 09:38:53,4942.7,470350
2021-04-09 09:38:54,4943.15,470369
2021-04-09 09:38:54,4943.15,470364
2021-04-09 09:38:55,4943.1,470400
2021-04-09 09:38:56,4943.1,470438
2021-04-09 09:38:58,4943.1,470543
2021-04-09 09:38:59,4943.1,470576
2021-04-09 09:39:00,4943.0,470601
2021-04-09 09:39:01,4943.1,470720
2021-04-09 09:39:02,4943.1,470730
2021-04-09 09:39:03,4943.0,470941
2021-04-09 09:39:04,4942.3,471013
2021-04-09 09:39:05,4942.6,471078
2021-04-09 09:39:05,4943.05,471079
2021-04-09 09:39:07,4943.0,471089
2021-04-09 09:39:08,4943.0,471222
2021-04-09 09:39:09,4943.0,471245
2021-04-09 09:39:10,4942.3,471262
2021-04-09 09:39:11,4943.0,471283
2021-04-09 09:39:12,4943.0,471492
2021-04-09 09:39:12,4943.0,471492
2021-04-09 09:39:13,4943.0,471548
2021-04-09 09:39:14,4942.5,471738
2021-04-09 09:39:15,4942.0,471757
2021-04-09 09:39:16,4942.0,471810
2021-04-09 09:39:17,4941.55,471853
2021-04-09 09:39:19,4941.55,471955
2021-04-09 09:39:20,4942.4,472282
2021-04-09 09:39:21,4942.4,472375
2021-04-09 09:39:22,4942.4,472376
2021-04-09 09:39:23,4942.4,472393
2021-04-09 09:39:24,4942.1,472394
2021-04-09 09:39:25,4942.35,472780
2021-04-09 09:39:26,4941.0,472974
2021-04-09 09:39:27,4941.55,472985
2021-04-09 09:39:27,4941.55,473014
2021-04-09 09:39:28,4941.55,473044
2021-04-09 09:39:29,4941.95,473903
2021-04-09 09:39:31,4941.05,474135
2021-04-09 09:39:32,4941.55,474271
2021-04-09 09:39:33,4941.55,474277
2021-04-09 09:39:34,4940.55,475066
2021-04-09 09:39:35,4941.0,475214
2021-04-09 09:39:36,4941.0,475285
2021-04-09 09:39:37,4941.0,475420
2021-04-09 09:39:38,4941.0,475420
2021-04-09 09:39:39,4940.2,475510
2021-04-09 09:39:40,4941.0,475531
2021-04-09 09:39:41,4940.95,475576
2021-04-09 09:39:42,4940.1,475697
2021-04-09 09:39:43,4940.9,475811
2021-04-09 09:39:44,4940.9,475857
2021-04-09 09:39:45,4940.9,475858
2021-04-09 09:39:46,4940.9,475862
2021-04-09 09:39:47,4940.9,475965
2021-04-09 09:39:48,4945.2,478334
2021-04-09 09:39:49,4944.5,479501
2021-04-09 09:39:50,4944.45,479518
2021-04-09 09:39:51,4942.75,479530
2021-04-09 09:39:52,4943.5,479554
2021-04-09 09:39:53,4943.5,479574
2021-04-09 09:39:54,4942.35,479610
2021-04-09 09:39:55,4943.5,479611
2021-04-09 09:39:56,4943.5,479631
2021-04-09 09:39:57,4943.5,479651
2021-04-09 09:39:58,4943.5,479879
2021-04-09 09:39:59,4943.0,479912
2021-04-09 09:40:00,4942.4,479987
2021-04-09 09:40:01,4943.0,480244
2021-04-09 09:40:02,4943.0,480244
2021-04-09 09:40:03,4942.95,480279
2021-04-09 09:40:04,4942.95,480375
2021-04-09 09:40:05,4942.95,480466
2021-04-09 09:40:06,4942.95,480485
2021-04-09 09:40:07,4942.95,480536
2021-04-09 09:40:08,4942.95,480536
2021-04-09 09:40:09,4942.95,480538
2021-04-09 09:40:10,4942.85,480540
2021-04-09 09:40:11,4942.95,480555
2021-04-09 09:40:12,4942.8,480565
2021-04-09 09:40:13,4942.95,480951
2021-04-09 09:40:14,4942.75,481071
2021-04-09 09:40:15,4942.95,481126
2021-04-09 09:40:16,4943.35,481825
2021-04-09 09:40:17,4943.4,481872
2021-04-09 09:40:18,4943.4,482074
2021-04-09 09:40:19,4942.9,482290
2021-04-09 09:40:20,4943.9,482433
2021-04-09 09:40:21,4943.9,482678
2021-04-09 09:40:22,4943.55,483113
2021-04-09 09:40:23,4943.5,483177
2021-04-09 09:40:24,4943.5,483273
2021-04-09 09:40:25,4943.5,483370
2021-04-09 09:40:26,4943.5,483391
2021-04-09 09:40:27,4943.5,483577
2021-04-09 09:40:28,4943.5,483651
2021-04-09 09:40:29,4943.5,483659
2021-04-09 09:40:31,4943.15,483776
2021-04-09 09:40:32,4943.5,483779
2021-04-09 09:40:33,4943.0,483834
2021-04-09 09:40:34,4943.5,483919
2021-04-09 09:40:35,4943.5,483927
2021-04-09 09:40:36,4941.85,484733
2021-04-09 09:40:37,4941.8,484774
2021-04-09 09:40:38,4941.95,484861
2021-04-09 09:40:39,4941.8,485270
2021-04-09 09:40:40,4941.5,485348
2021-04-09 09:40:41,4941.5,485507
2021-04-09 09:40:42,4941.5,485779
2021-04-09 09:40:43,4941.5,486039
2021-04-09 09:40:44,4940.9,486048
2021-04-09 09:40:45,4941.5,486100
2021-04-09 09:40:46,4941.5,486120
2021-04-09 09:40:47,4941.5,486121
2021-04-09 09:40:48,4941.5,486129
2021-04-09 09:40:49,4941.0,486225
2021-04-09 09:40:50,4941.0,486333
2021-04-09 09:40:51,4941.5,486357
2021-04-09 09:40:52,4941.5,486371
2021-04-09 09:40:53,4941.0,486532
2021-04-09 09:40:54,4942.8,487162
2021-04-09 09:40:55,4942.8,487187
2021-04-09 09:40:56,4942.0,487237
2021-04-09 09:40:57,4942.9,487238
2021-04-09 09:40:58,4942.9,487238
2021-04-09 09:40:59,4942.0,487279
2021-04-09 09:41:00,4942.0,487321
2021-04-09 09:41:01,4943.0,488017
2021-04-09 09:41:02,4943.0,488186
2021-04-09 09:41:03,4943.0,488296
2021-04-09 09:41:04,4943.0,488344
2021-04-09 09:41:05,4941.25,488400
2021-04-09 09:41:06,4942.0,488405
2021-04-09 09:41:07,4942.0,488645
2021-04-09 09:41:08,4942.0,488721
2021-04-09 09:41:10,4941.0,488877
2021-04-09 09:41:09,4942.0,488816
2021-04-09 09:41:11,4942.0,488884
2021-04-09 09:41:12,4942.0,488975
2021-04-09 09:41:13,4942.0,489006
2021-04-09 09:41:14,4941.8,489012
2021-04-09 09:41:15,4941.55,489082
2021-04-09 09:41:16,4942.0,489240
2021-04-09 09:41:17,4941.0,489357
2021-04-09 09:41:18,4942.0,489385
2021-04-09 09:41:19,4941.55,489393
2021-04-09 09:41:20,4941.55,489508
2021-04-09 09:41:21,4941.55,489522
2021-04-09 09:41:22,4940.0,490185
2021-04-09 09:41:23,4941.5,490315
2021-04-09 09:41:24,4941.5,490336
2021-04-09 09:41:25,4941.5,490358
2021-04-09 09:41:26,4941.25,490365
2021-04-09 09:41:27,4940.05,490883
2021-04-09 09:41:28,4941.95,490939
2021-04-09 09:41:29,4941.95,490939
2021-04-09 09:41:31,4941.35,491348
2021-04-09 09:41:30,4941.35,491348
2021-04-09 09:41:32,4941.35,491434
2021-04-09 09:41:33,4941.3,491555
2021-04-09 09:41:34,4939.85,494560
2021-04-09 09:41:35,4939.9,494715
2021-04-09 09:41:36,4938.05,494739
2021-04-09 09:41:37,4940.0,494778
2021-04-09 09:41:38,4938.05,494934
2021-04-09 09:41:39,4940.0,495202
2021-04-09 09:41:40,4940.35,495217
2021-04-09 09:41:41,4940.35,495398
2021-04-09 09:41:42,4940.0,495528
2021-04-09 09:41:43,4938.85,495588
2021-04-09 09:41:44,4940.0,495777
2021-04-09 09:41:45,4938.8,496145
2021-04-09 09:41:46,4940.0,496205
2021-04-09 09:41:47,4938.8,496343
2021-04-09 09:41:48,4938.15,496543
2021-04-09 09:41:49,4938.85,496641
2021-04-09 09:41:50,4939.95,496782
2021-04-09 09:41:51,4939.9,496894
2021-04-09 09:41:52,4939.9,496950
2021-04-09 09:41:53,4939.9,496972
2021-04-09 09:41:54,4938.15,497040
2021-04-09 09:41:55,4939.85,497060
2021-04-09 09:41:56,4938.15,497097
2021-04-09 09:41:57,4939.35,497111
2021-04-09 09:41:58,4938.05,497330
2021-04-09 09:41:59,4939.55,497388
2021-04-09 09:42:00,4939.0,497482
2021-04-09 09:42:02,4939.4,497544
2021-04-09 09:42:02,4938.15,497804
2021-04-09 09:42:03,4938.0,497872
2021-04-09 09:42:04,4937.5,497919
2021-04-09 09:42:05,4938.65,498000
2021-04-09 09:42:06,4938.15,498043
2021-04-09 09:42:07,4937.0,498424
2021-04-09 09:42:08,4937.0,498744
2021-04-09 09:42:10,4938.65,498864
2021-04-09 09:42:11,4938.65,499042
2021-04-09 09:42:12,4937.0,499389
2021-04-09 09:42:12,4937.0,499388
2021-04-09 09:42:13,4937.0,499630
2021-04-09 09:42:14,4938.0,499698
2021-04-09 09:42:15,4938.0,499756
2021-04-09 09:42:16,4937.05,499771
2021-04-09 09:42:17,4937.1,499834
2021-04-09 09:42:18,4938.65,500357
2021-04-09 09:42:19,4938.05,500450
2021-04-09 09:42:21,4938.0,500672
2021-04-09 09:42:21,4938.0,500672
2021-04-09 09:42:22,4938.0,500700
2021-04-09 09:42:23,4937.1,500810
2021-04-09 09:42:24,4937.1,500919
2021-04-09 09:42:25,4938.65,501047
2021-04-09 09:42:26,4937.15,501235
2021-04-09 09:42:28,4938.0,501368
2021-04-09 09:42:28,4938.0,501369
2021-04-09 09:42:29,4937.3,502040
2021-04-09 09:42:30,4937.05,502464
2021-04-09 09:42:31,4937.05,502566
2021-04-09 09:42:32,4937.1,502703
2021-04-09 09:42:33,4937.0,502864
2021-04-09 09:42:34,4936.6,503140
2021-04-09 09:42:36,4937.1,503297
2021-04-09 09:42:36,4937.1,503307
2021-04-09 09:42:37,4936.55,503331
2021-04-09 09:42:38,4936.55,503343
2021-04-09 09:42:39,4935.5,503514
2021-04-09 09:42:40,4937.05,503696
2021-04-09 09:42:42,4937.1,503715
2021-04-09 09:42:42,4937.1,503751
2021-04-09 09:42:43,4937.0,503841
2021-04-09 09:42:44,4937.0,504155
2021-04-09 09:42:45,4936.5,504260
2021-04-09 09:42:47,4936.7,504463
2021-04-09 09:42:47,4936.7,504463
2021-04-09 09:42:48,4935.0,505182
2021-04-09 09:42:49,4936.05,505203
2021-04-09 09:42:50,4936.65,505317
2021-04-09 09:42:51,4936.55,505397
2021-04-09 09:42:53,4936.65,505447
2021-04-09 09:42:53,4936.65,505458
2021-04-09 09:42:54,4936.95,505490
2021-04-09 09:42:55,4936.0,505898
2021-04-09 09:42:56,4936.0,506213
2021-04-09 09:42:58,4936.0,506269
2021-04-09 09:42:58,4936.7,506274
2021-04-09 09:42:59,4936.05,506456
2021-04-09 09:43:00,4936.95,506528
2021-04-09 09:43:01,4936.9,506574
2021-04-09 09:43:02,4936.0,506710
2021-04-09 09:43:03,4935.05,507046
2021-04-09 09:43:05,4936.0,507074
2021-04-09 09:43:05,4936.0,507074
2021-04-09 09:43:06,4935.95,507151
2021-04-09 09:43:07,4935.05,507209
2021-04-09 09:43:08,4935.05,507237
2021-04-09 09:43:09,4935.95,507334
2021-04-09 09:43:11,4935.95,507497
2021-04-09 09:43:11,4935.05,507538
2021-04-09 09:43:12,4935.95,507541
2021-04-09 09:43:13,4935.0,507666
2021-04-09 09:43:14,4935.95,507701
2021-04-09 09:43:15,4935.95,507979
2021-04-09 09:43:17,4935.95,508282
2021-04-09 09:43:17,4935.95,508603
2021-04-09 09:43:18,4935.95,508750
2021-04-09 09:43:19,4935.95,509035
2021-04-09 09:43:20,4935.15,509092
2021-04-09 09:43:22,4939.0,510786
2021-04-09 09:43:23,4938.05,511013
2021-04-09 09:43:23,4937.85,510876
2021-04-09 09:43:24,4938.05,511118
2021-04-09 09:43:25,4937.8,511706
2021-04-09 09:43:26,4938.05,511836
2021-04-09 09:43:27,4938.25,512355
2021-04-09 09:43:28,4938.95,512564
2021-04-09 09:43:30,4940.35,512826
2021-04-09 09:43:30,4940.35,512826
2021-04-09 09:43:31,4939.05,513292
2021-04-09 09:43:32,4940.0,513441
2021-04-09 09:43:33,4940.35,514305
2021-04-09 09:43:34,4940.4,514778
2021-04-09 09:43:35,4938.05,515052
2021-04-09 09:43:36,4940.0,515122
2021-04-09 09:43:38,4938.2,515369
2021-04-09 09:43:38,4938.05,515845
2021-04-09 09:43:39,4937.8,515925
2021-04-09 09:43:40,4937.0,516254
2021-04-09 09:43:41,4939.2,516282
2021-04-09 09:43:42,4937.65,516497
2021-04-09 09:43:43,4939.6,516579
2021-04-09 09:43:44,4939.0,516604
2021-04-09 09:43:46,4939.95,516873
2021-04-09 09:43:46,4939.95,516879
2021-04-09 09:43:47,4940.0,516960
2021-04-09 09:43:48,4939.95,517166
2021-04-09 09:43:49,4938.05,517427
2021-04-09 09:43:51,4939.7,517696
2021-04-09 09:43:51,4940.0,517702
2021-04-09 09:43:52,4939.0,517707
2021-04-09 09:43:53,4938.15,518029
2021-04-09 09:43:54,4938.35,518134
2021-04-09 09:43:55,4940.0,518158
2021-04-09 09:43:57,4939.0,518312
2021-04-09 09:43:58,4939.0,518547
2021-04-09 09:43:58,4940.0,518527
2021-04-09 09:43:59,4939.95,518719
2021-04-09 09:44:00,4939.0,518929
2021-04-09 09:44:01,4939.95,518930
2021-04-09 09:44:02,4939.95,519086
2021-04-09 09:44:04,4939.95,519206
2021-04-09 09:44:05,4939.95,519320
2021-04-09 09:44:06,4938.0,519960
2021-04-09 09:44:07,4939.0,520014
2021-04-09 09:44:07,4938.5,520115
2021-04-09 09:44:08,4939.95,520224
2021-04-09 09:44:09,4939.95,520487
2021-04-09 09:44:10,4939.95,520723
2021-04-09 09:44:11,4939.95,520825
2021-04-09 09:44:13,4939.2,521197
2021-04-09 09:44:14,4939.95,521238
2021-04-09 09:44:14,4939.95,521238
2021-04-09 09:44:15,4939.95,521323
2021-04-09 09:44:16,4939.95,521512
2021-04-09 09:44:17,4939.95,521756
2021-04-09 09:44:19,4940.0,522127
2021-04-09 09:44:20,4940.0,522315
2021-04-09 09:44:20,4940.0,522335
2021-04-09 09:44:21,4940.0,522355
2021-04-09 09:44:22,4939.0,522582
2021-04-09 09:44:23,4940.0,522697
2021-04-09 09:44:25,4940.0,522751
2021-04-09 09:44:26,4939.2,522906
2021-04-09 09:44:26,4940.0,522931
2021-04-09 09:44:27,4940.0,523033
2021-04-09 09:44:28,4940.0,523086
2021-04-09 09:44:29,4939.2,523289
2021-04-09 09:44:30,4940.0,523332
2021-04-09 09:44:31,4940.0,523374
2021-04-09 09:44:33,4940.0,523421
2021-04-09 09:44:34,4940.0,523509
2021-04-09 09:44:35,4940.0,523777
2021-04-09 09:44:35,4940.0,523833
2021-04-09 09:44:36,4939.95,523885
2021-04-09 09:44:37,4940.0,524675
2021-04-09 09:44:38,4940.0,525167
2021-04-09 09:44:39,4940.35,525803
2021-04-09 09:44:40,4940.25,526040
2021-04-09 09:44:41,4940.2,526220
2021-04-09 09:44:43,4940.3,526248
2021-04-09 09:44:44,4940.3,526289
2021-04-09 09:44:44,4940.3,526289
2021-04-09 09:44:45,4940.0,526297
2021-04-09 09:44:46,4940.3,526479
2021-04-09 09:44:47,4940.2,526500
2021-04-09 09:44:48,4940.05,526675
2021-04-09 09:44:50,4940.2,526691
2021-04-09 09:44:51,4940.2,526757
2021-04-09 09:44:52,4940.0,526849
2021-04-09 09:44:52,4940.3,526855
2021-04-09 09:44:53,4940.3,526875
2021-04-09 09:44:54,4940.2,526977
2021-04-09 09:44:55,4940.6,527010
2021-04-09 09:44:57,4940.6,527039
2021-04-09 09:44:58,4940.6,527077
2021-04-09 09:44:59,4940.3,527188
2021-04-09 09:44:59,4940.3,527188
2021-04-09 09:45:00,4940.6,527211
2021-04-09 09:45:01,4942.0,527440
2021-04-09 09:45:02,4942.0,527558
2021-04-09 09:45:03,4942.05,527729
2021-04-09 09:45:04,4943.5,527816
2021-04-09 09:45:05,4942.1,528063
2021-04-09 09:45:07,4943.1,528244
2021-04-09 09:45:08,4943.6,528364
2021-04-09 09:45:09,4943.6,528414
2021-04-09 09:45:09,4943.6,528414
2021-04-09 09:45:10,4943.55,528951
2021-04-09 09:45:11,4945.0,529060
2021-04-09 09:45:12,4945.0,529066
2021-04-09 09:45:13,4945.0,529127
2021-04-09 09:45:16,4945.0,529714
2021-04-09 09:45:17,4946.6,529839
2021-04-09 09:45:17,4946.6,529838
2021-04-09 09:45:18,4946.6,529880
2021-04-09 09:45:19,4945.3,529922
2021-04-09 09:45:20,4946.55,529935
2021-04-09 09:45:21,4947.55,530143
2021-04-09 09:45:22,4945.75,530285
2021-04-09 09:45:23,4945.0,530666
2021-04-09 09:45:25,4943.55,531334
2021-04-09 09:45:26,4944.45,531677
2021-04-09 09:45:27,4944.95,531721
2021-04-09 09:45:28,4944.95,531841
2021-04-09 09:45:28,4944.95,531841
2021-04-09 09:45:29,4944.95,532086
2021-04-09 09:45:30,4944.95,532127
2021-04-09 09:45:31,4943.6,532130
2021-04-09 09:45:32,4944.95,532141
2021-04-09 09:45:34,4944.95,532242
2021-04-09 09:45:35,4944.95,532530
2021-04-09 09:45:35,4944.95,532530
2021-04-09 09:45:36,4944.95,532632
2021-04-09 09:45:37,4944.95,532827
2021-04-09 09:45:38,4944.0,533073
2021-04-09 09:45:39,4945.0,533126
2021-04-09 09:45:40,4944.0,533210
2021-04-09 09:45:42,4944.0,533306
2021-04-09 09:45:43,4944.4,533416
2021-04-09 09:45:44,4944.4,533496
2021-04-09 09:45:45,4944.4,533630
2021-04-09 09:45:45,4944.4,533666
2021-04-09 09:45:46,4944.4,533741
2021-04-09 09:45:47,4945.0,533845
2021-04-09 09:45:48,4945.65,534022
2021-04-09 09:45:50,4945.8,534089
2021-04-09 09:45:51,4945.8,534097
2021-04-09 09:45:52,4945.8,534115
2021-04-09 09:45:53,4944.95,534155
2021-04-09 09:45:53,4944.5,534152
2021-04-09 09:45:54,4944.95,534173
2021-04-09 09:45:55,4946.0,534675
2021-04-09 09:45:57,4946.0,534731
2021-04-09 09:45:58,4946.1,534899
2021-04-09 09:45:58,4946.05,534849
2021-04-09 09:45:59,4946.4,534950
2021-04-09 09:46:00,4946.4,535109
2021-04-09 09:46:01,4946.1,535114
2021-04-09 09:46:03,4947.75,535404
2021-04-09 09:46:04,4948.0,535485
2021-04-09 09:46:05,4947.0,535499
2021-04-09 09:46:06,4947.35,535696
2021-04-09 09:46:07,4947.75,535936
2021-04-09 09:46:08,4948.0,536004
2021-04-09 09:46:09,4947.0,536121
2021-04-09 09:46:10,4947.7,536408
2021-04-09 09:46:10,4947.7,536446
2021-04-09 09:46:11,4948.55,536484
2021-04-09 09:46:12,4948.0,536493
2021-04-09 09:46:14,4948.0,536531
2021-04-09 09:46:15,4948.0,536588
2021-04-09 09:46:16,4947.65,536913
2021-04-09 09:46:17,4947.65,536913
2021-04-09 09:46:18,4947.45,537081
2021-04-09 09:46:18,4945.85,537083
2021-04-09 09:46:19,4946.85,537192
2021-04-09 09:46:20,4945.0,537255
2021-04-09 09:46:21,4945.85,537269
2021-04-09 09:46:22,4946.1,537294
2021-04-09 09:46:25,4946.75,537825
2021-04-09 09:46:26,4946.05,538101
2021-04-09 09:46:27,4946.15,538143
2021-04-09 09:46:28,4946.0,538179
2021-04-09 09:46:28,4946.0,538179
2021-04-09 09:46:29,4946.15,538193
2021-04-09 09:46:30,4945.7,538552
2021-04-09 09:46:33,4944.0,538645
2021-04-09 09:46:34,4944.05,538676
2021-04-09 09:46:35,4944.05,538726
2021-04-09 09:46:36,4944.0,539092
2021-04-09 09:46:37,4942.85,539213
2021-04-09 09:46:38,4943.8,539226
2021-04-09 09:46:38,4942.0,539281
2021-04-09 09:46:39,4943.8,539286
2021-04-09 09:46:40,4943.8,539298
2021-04-09 09:46:41,4943.8,539329
2021-04-09 09:46:43,4943.8,539394
2021-04-09 09:46:44,4943.15,539411
2021-04-09 09:46:45,4943.0,539461
2021-04-09 09:46:46,4942.7,539776
2021-04-09 09:46:47,4942.7,539811
2021-04-09 09:46:47,4942.7,539812
2021-04-09 09:46:48,4942.7,539859
2021-04-09 09:46:49,4942.7,540429
2021-04-09 09:46:50,4942.7,540526
2021-04-09 09:46:51,4941.9,540646
2021-04-09 09:46:52,4941.0,540705
2021-04-09 09:46:53,4941.45,540710
2021-04-09 09:46:55,4941.45,540796
2021-04-09 09:46:56,4941.45,540821
2021-04-09 09:46:57,4940.3,540892
2021-04-09 09:46:58,4940.9,540972
2021-04-09 09:46:59,4940.2,541038
2021-04-09 09:47:00,4940.9,541379
2021-04-09 09:47:01,4940.9,541394
2021-04-09 09:47:01,4940.9,541394
2021-04-09 09:47:02,4940.9,541464
2021-04-09 09:47:03,4940.9,541510
2021-04-09 09:47:04,4940.0,542844
2021-04-09 09:47:05,4940.0,543109
2021-04-09 09:47:07,4940.2,543170
2021-04-09 09:47:08,4938.0,543777
2021-04-09 09:47:09,4938.85,544065
2021-04-09 09:47:10,4938.85,544088
2021-04-09 09:47:11,4939.95,544255
2021-04-09 09:47:12,4939.95,544320
2021-04-09 09:47:13,4940.0,544386
2021-04-09 09:47:13,4940.0,544473
2021-04-09 09:47:14,4940.0,544501
2021-04-09 09:47:15,4940.0,544508
2021-04-09 09:47:16,4938.8,545055
2021-04-09 09:47:17,4938.65,545069
2021-04-09 09:47:18,4938.8,545147
2021-04-09 09:47:19,4938.8,545288
2021-04-09 09:47:20,4937.55,545357
2021-04-09 09:47:22,4938.8,545374
2021-04-09 09:47:23,4938.8,545379
2021-04-09 09:47:24,4938.0,545387
2021-04-09 09:47:25,4937.0,545502
2021-04-09 09:47:26,4937.0,545532
2021-04-09 09:47:27,4938.0,545577
2021-04-09 09:47:28,4938.8,545638
2021-04-09 09:47:29,4938.8,545784
2021-04-09 09:47:30,4937.65,546009
2021-04-09 09:47:31,4937.65,546009
2021-04-09 09:47:32,4938.75,546218
2021-04-09 09:47:33,4938.65,546286
2021-04-09 09:47:33,4938.65,546286
2021-04-09 09:47:34,4938.75,546306
2021-04-09 09:47:36,4938.75,546512
2021-04-09 09:47:37,4938.75,546622
2021-04-09 09:47:38,4937.9,546692
2021-04-09 09:47:39,4938.75,546764
2021-04-09 09:47:40,4937.25,546780
2021-04-09 09:47:41,4938.7,546986
2021-04-09 09:47:42,4937.45,547081
2021-04-09 09:47:43,4938.75,547289
2021-04-09 09:47:44,4938.75,547318
2021-04-09 09:47:44,4938.75,547393
2021-04-09 09:47:45,4938.0,547450
2021-04-09 09:47:46,4938.75,547578
2021-04-09 09:47:47,4938.75,547600
2021-04-09 09:47:48,4938.75,547642
2021-04-09 09:47:49,4938.0,547667
2021-04-09 09:47:50,4938.85,548705
2021-04-09 09:47:52,4939.85,548725
2021-04-09 09:47:53,4939.2,548729
2021-04-09 09:47:54,4940.0,548842
2021-04-09 09:47:55,4940.0,548855
2021-04-09 09:47:56,4940.0,548960
2021-04-09 09:47:57,4939.85,548980
2021-04-09 09:47:57,4939.85,549027
2021-04-09 09:47:58,4939.85,549027
2021-04-09 09:47:59,4940.0,549033
2021-04-09 09:48:00,4939.6,549042
2021-04-09 09:48:02,4940.0,549266
2021-04-09 09:48:03,4940.0,549268
2021-04-09 09:48:04,4940.0,549278
2021-04-09 09:48:05,4939.6,549523
2021-04-09 09:48:06,4939.6,549552
2021-04-09 09:48:07,4940.0,549606
2021-04-09 09:48:08,4940.0,549853
2021-04-09 09:48:09,4939.8,549856
2021-04-09 09:48:10,4940.0,549871
2021-04-09 09:48:11,4940.0,550625
2021-04-09 09:48:12,4940.0,550766
2021-04-09 09:48:13,4940.4,551095
2021-04-09 09:48:15,4940.1,551209
2021-04-09 09:48:15,4940.1,551209
2021-04-09 09:48:16,4940.9,551314
2021-04-09 09:48:18,4940.6,551381
2021-04-09 09:48:19,4940.9,551392
2021-04-09 09:48:20,4940.5,551397
2021-04-09 09:48:21,4941.0,551579
2021-04-09 09:48:22,4940.95,551630
2021-04-09 09:48:23,4940.8,551645
2021-04-09 09:48:24,4939.7,552232
2021-04-09 09:48:25,4939.75,552359
2021-04-09 09:48:25,4939.75,552359
2021-04-09 09:48:26,4939.7,552384
2021-04-09 09:48:28,4940.0,552407
2021-04-09 09:48:29,4940.0,552514
2021-04-09 09:48:30,4940.0,552636
2021-04-09 09:48:31,4940.0,552696
2021-04-09 09:48:32,4940.0,552763
2021-04-09 09:48:33,4939.0,552817
2021-04-09 09:48:34,4940.0,553098
2021-04-09 09:48:35,4938.0,553273
2021-04-09 09:48:35,4938.25,553275
2021-04-09 09:48:36,4939.65,553325
2021-04-09 09:48:38,4938.9,553334
2021-04-09 09:48:39,4938.9,553640
2021-04-09 09:48:40,4938.9,553717
2021-04-09 09:48:41,4938.15,553737
2021-04-09 09:48:42,4937.45,554450
2021-04-09 09:48:43,4937.45,554513
2021-04-09 09:48:44,4938.05,554537
2021-04-09 09:48:45,4937.0,554567
2021-04-09 09:48:46,4938.0,554620
2021-04-09 09:48:47,4937.15,554640
2021-04-09 09:48:48,4937.15,554902
2021-04-09 09:48:49,4937.75,554955
2021-04-09 09:48:50,4937.65,555026
2021-04-09 09:48:51,4936.0,555297
2021-04-09 09:48:51,4936.0,555297
2021-04-09 09:48:52,4936.75,555301
2021-04-09 09:48:54,4936.3,555344
2021-04-09 09:48:55,4937.75,555629
2021-04-09 09:48:56,4937.75,555716
2021-04-09 09:48:57,4935.1,556095
2021-04-09 09:48:58,4935.0,558403
2021-04-09 09:48:59,4935.0,558698
2021-04-09 09:49:00,4936.25,558949
2021-04-09 09:49:01,4936.25,558966
2021-04-09 09:49:01,4936.25,558986
2021-04-09 09:49:03,4936.25,559051
2021-04-09 09:49:04,4935.0,559096
2021-04-09 09:49:04,4935.0,559096
2021-04-09 09:49:06,4935.1,559205
2021-04-09 09:49:07,4936.3,559293
2021-04-09 09:49:07,4936.3,559293
2021-04-09 09:49:08,4936.25,559305
2021-04-09 09:49:10,4936.25,559410
2021-04-09 09:49:11,4935.85,559466
2021-04-09 09:49:12,4931.7,562270
2021-04-09 09:49:13,4932.5,562563
2021-04-09 09:49:14,4934.0,562952
2021-04-09 09:49:15,4934.0,563081
2021-04-09 09:49:16,4932.2,563639
2021-04-09 09:49:17,4932.2,563697
2021-04-09 09:49:18,4934.0,563717
2021-04-09 09:49:19,4932.4,563806
2021-04-09 09:49:20,4933.9,563884
2021-04-09 09:49:21,4934.15,563990
2021-04-09 09:49:22,4931.65,564203
2021-04-09 09:49:23,4933.9,564332
2021-04-09 09:49:24,4933.05,564356
2021-04-09 09:49:25,4930.65,564524
2021-04-09 09:49:26,4932.45,564806
2021-04-09 09:49:26,4932.45,564806
2021-04-09 09:49:28,4930.85,564813
2021-04-09 09:49:29,4932.35,564883
2021-04-09 09:49:29,4932.3,564939
2021-04-09 09:49:30,4934.05,565171
2021-04-09 09:49:32,4932.45,565187
2021-04-09 09:49:33,4932.9,565476
2021-04-09 09:49:34,4931.4,565498
2021-04-09 09:49:35,4932.2,565877
2021-04-09 09:49:36,4932.6,565907
2021-04-09 09:49:37,4932.65,566039
2021-04-09 09:49:38,4933.85,566112
2021-04-09 09:49:38,4934.1,566084
2021-04-09 09:49:39,4932.9,566248
2021-04-09 09:49:40,4932.25,566432
2021-04-09 09:49:41,4932.35,566534
2021-04-09 09:49:43,4932.45,566672
2021-04-09 09:49:44,4934.0,566773
2021-04-09 09:49:45,4935.65,571870
2021-04-09 09:49:46,4935.7,571945
2021-04-09 09:49:47,4936.25,572278
2021-04-09 09:49:48,4938.45,572411
2021-04-09 09:49:49,4936.35,572425
2021-04-09 09:49:50,4938.15,572430
2021-04-09 09:49:50,4938.15,572430
2021-04-09 09:49:51,4936.35,572595
2021-04-09 09:49:53,4936.35,572631
2021-04-09 09:49:54,4936.35,572887
2021-04-09 09:49:55,4936.9,572898
2021-04-09 09:49:56,4936.2,573668
2021-04-09 09:49:57,4933.0,573973
2021-04-09 09:49:58,4933.05,573979
2021-04-09 09:49:59,4934.05,574132
2021-04-09 09:49:59,4933.05,574015
2021-04-09 09:50:00,4934.05,574177
2021-04-09 09:50:01,4934.05,574183
2021-04-09 09:50:02,4934.05,574236
2021-04-09 09:50:03,4927.0,580511
2021-04-09 09:50:04,4926.2,580571
2021-04-09 09:50:05,4928.4,581154
2021-04-09 09:50:07,4928.55,581255
2021-04-09 09:50:08,4932.45,581359
2021-04-09 09:50:09,4930.45,581390
2021-04-09 09:50:10,4931.2,581442
2021-04-09 09:50:11,4930.45,581574
2021-04-09 09:50:12,4931.1,581702
2021-04-09 09:50:13,4930.9,581864
2021-04-09 09:50:14,4930.9,581888
2021-04-09 09:50:14,4930.8,581889
2021-04-09 09:50:15,4930.75,581953
2021-04-09 09:50:17,4930.8,582233
2021-04-09 09:50:18,4928.55,582630
2021-04-09 09:50:19,4928.55,582670
2021-04-09 09:50:20,4930.0,583378
2021-04-09 09:50:21,4930.7,583435
2021-04-09 09:50:22,4930.7,583822
2021-04-09 09:50:23,4930.7,584010
2021-04-09 09:50:24,4930.7,584100
2021-04-09 09:50:25,4930.55,584535
2021-04-09 09:50:26,4930.55,584611
2021-04-09 09:50:27,4930.55,585393
2021-04-09 09:50:28,4930.7,585630
2021-04-09 09:50:29,4930.7,585710
2021-04-09 09:50:30,4930.7,586069
2021-04-09 09:50:31,4930.7,586190
2021-04-09 09:50:32,4930.7,586304
2021-04-09 09:50:33,4930.0,586524
2021-04-09 09:50:34,4930.65,586692
2021-04-09 09:50:35,4929.7,586742
2021-04-09 09:50:36,4930.15,586748
2021-04-09 09:50:37,4930.65,586762
2021-04-09 09:50:38,4930.65,586774
2021-04-09 09:50:39,4930.65,586824
2021-04-09 09:50:40,4930.65,586879
2021-04-09 09:50:41,4930.65,587019
2021-04-09 09:50:42,4930.45,587440
2021-04-09 09:50:43,4930.6,587664
2021-04-09 09:50:44,4930.55,587706
2021-04-09 09:50:45,4930.55,587878
2021-04-09 09:50:46,4927.6,588575
2021-04-09 09:50:47,4928.25,588841
2021-04-09 09:50:48,4928.25,588861
2021-04-09 09:50:49,4927.65,588891
2021-04-09 09:50:50,4928.25,588915
2021-04-09 09:50:51,4927.65,588923
2021-04-09 09:50:52,4927.65,588945
2021-04-09 09:50:53,4928.2,589010
2021-04-09 09:50:54,4927.0,589214
2021-04-09 09:50:55,4925.75,589450
2021-04-09 09:50:56,4926.95,589672
2021-04-09 09:50:57,4922.9,592998
2021-04-09 09:50:58,4922.1,593394
2021-04-09 09:50:59,4922.0,593965
2021-04-09 09:51:00,4923.6,594211
2021-04-09 09:51:01,4923.45,594827
2021-04-09 09:51:02,4923.65,595099
2021-04-09 09:51:03,4921.9,595239
2021-04-09 09:51:04,4923.95,595488
2021-04-09 09:51:05,4924.0,595651
2021-04-09 09:51:06,4924.4,597538
2021-04-09 09:51:07,4925.0,598143
2021-04-09 09:51:08,4925.0,598778
2021-04-09 09:51:09,4925.0,598924
2021-04-09 09:51:10,4925.0,598939
2021-04-09 09:51:11,4925.0,598963
2021-04-09 09:51:12,4925.0,599218
2021-04-09 09:51:13,4925.15,600418
2021-04-09 09:51:14,4925.0,600790
2021-04-09 09:51:15,4925.0,601634
2021-04-09 09:51:16,4923.6,601894
2021-04-09 09:51:17,4924.4,601900
2021-04-09 09:51:18,4924.0,601956
2021-04-09 09:51:19,4924.8,602046
2021-04-09 09:51:20,4923.6,602145
2021-04-09 09:51:21,4924.1,602345
2021-04-09 09:51:22,4924.0,602380
2021-04-09 09:51:23,4923.95,602602
2021-04-09 09:51:24,4924.35,602656
2021-04-09 09:51:25,4924.35,602656
2021-04-09 09:51:26,4924.35,602709
2021-04-09 09:51:27,4924.35,602891
2021-04-09 09:51:28,4925.25,604053
2021-04-09 09:51:29,4926.0,604121
2021-04-09 09:51:30,4926.85,604480
2021-04-09 09:51:31,4926.9,604581
2021-04-09 09:51:32,4926.95,604746
2021-04-09 09:51:33,4926.95,604747
2021-04-09 09:51:34,4926.2,604868
2021-04-09 09:51:35,4925.1,605116
2021-04-09 09:51:36,4926.2,605147
2021-04-09 09:51:37,4926.2,605224
2021-04-09 09:51:38,4926.2,605412
2021-04-09 09:51:39,4926.05,605664
2021-04-09 09:51:41,4926.2,605815
2021-04-09 09:51:40,4926.0,605796
2021-04-09 09:51:42,4926.2,605965
2021-04-09 09:51:43,4927.1,606012
2021-04-09 09:51:44,4926.0,606647
2021-04-09 09:51:45,4926.0,606789
2021-04-09 09:51:46,4926.0,606949
2021-04-09 09:51:47,4926.0,607008
2021-04-09 09:51:48,4925.0,607227
2021-04-09 09:51:49,4926.0,607228
2021-04-09 09:51:50,4926.0,607255
2021-04-09 09:51:51,4926.0,607316
2021-04-09 09:51:52,4925.0,607747
2021-04-09 09:51:53,4925.85,607775
2021-04-09 09:51:54,4925.85,608073
2021-04-09 09:51:55,4925.85,608211
2021-04-09 09:51:56,4925.2,608521
2021-04-09 09:51:58,4924.55,609540
2021-04-09 09:51:57,4923.45,609392
2021-04-09 09:51:59,4924.0,609563
2021-04-09 09:52:00,4924.35,609588
2021-04-09 09:52:01,4924.3,609594
2021-04-09 09:52:02,4923.1,609801
2021-04-09 09:52:03,4924.2,609892
2021-04-09 09:52:04,4922.25,609922
2021-04-09 09:52:05,4924.2,609945
2021-04-09 09:52:06,4924.2,609954
2021-04-09 09:52:07,4924.2,609964
2021-04-09 09:52:08,4923.0,610072
2021-04-09 09:52:09,4922.25,610181
2021-04-09 09:52:10,4922.0,610265
2021-04-09 09:52:11,4922.0,610513
2021-04-09 09:52:12,4923.9,610868
2021-04-09 09:52:13,4923.85,611020
2021-04-09 09:52:14,4923.0,611033
2021-04-09 09:52:15,4923.0,611038
2021-04-09 09:52:16,4923.0,611038
2021-04-09 09:52:17,4923.8,611058
2021-04-09 09:52:18,4923.8,611096
2021-04-09 09:52:19,4923.75,611104
2021-04-09 09:52:20,4922.3,611436
2021-04-09 09:52:21,4922.7,611966
2021-04-09 09:52:22,4922.9,611995
2021-04-09 09:52:23,4924.2,612125
2021-04-09 09:52:24,4923.0,612273
2021-04-09 09:52:25,4923.1,612278
2021-04-09 09:52:26,4922.15,612501
2021-04-09 09:52:27,4922.0,612865
2021-04-09 09:52:28,4922.5,612924
2021-04-09 09:52:29,4922.0,612981
2021-04-09 09:52:30,4922.5,613097
2021-04-09 09:52:31,4922.05,613106
2021-04-09 09:52:32,4922.8,613157
2021-04-09 09:52:33,4922.8,613206
2021-04-09 09:52:34,4922.7,613237
2021-04-09 09:52:35,4922.85,613523
2021-04-09 09:52:37,4922.8,613624
2021-04-09 09:52:37,4922.8,613675
2021-04-09 09:52:38,4922.8,613699
2021-04-09 09:52:39,4922.3,613789
2021-04-09 09:52:40,4922.4,614007
2021-04-09 09:52:42,4923.15,614087
2021-04-09 09:52:42,4923.15,614087
2021-04-09 09:52:43,4923.15,614212
2021-04-09 09:52:44,4924.95,614726
2021-04-09 09:52:45,4924.95,614759
2021-04-09 09:52:46,4924.95,614946
2021-04-09 09:52:47,4924.95,614995
2021-04-09 09:52:48,4924.1,615263
2021-04-09 09:52:50,4924.2,615291
2021-04-09 09:52:50,4924.15,615390
2021-04-09 09:52:51,4924.1,615464
2021-04-09 09:52:52,4924.1,615507
2021-04-09 09:52:53,4923.05,615639
2021-04-09 09:52:54,4924.1,615725
2021-04-09 09:52:55,4924.2,615769
2021-04-09 09:52:56,4924.05,615866
2021-04-09 09:52:57,4924.05,615889
2021-04-09 09:52:58,4924.2,616100
2021-04-09 09:52:59,4924.05,616255
2021-04-09 09:53:00,4924.2,616351
2021-04-09 09:53:02,4924.2,616427
2021-04-09 09:53:02,4924.2,616432
2021-04-09 09:53:03,4924.2,616462
2021-04-09 09:53:04,4924.2,616473
2021-04-09 09:53:05,4924.2,616525
2021-04-09 09:53:06,4924.2,616641
2021-04-09 09:53:07,4923.95,616813
2021-04-09 09:53:08,4923.95,616820
2021-04-09 09:53:10,4923.95,616869
2021-04-09 09:53:10,4924.5,617028
2021-04-09 09:53:11,4925.0,617150
2021-04-09 09:53:12,4924.15,617176
2021-04-09 09:53:13,4924.2,617178
2021-04-09 09:53:14,4924.95,617209
2021-04-09 09:53:15,4925.0,617310
2021-04-09 09:53:16,4925.0,617330
2021-04-09 09:53:17,4924.2,617351
2021-04-09 09:53:18,4924.2,617356
2021-04-09 09:53:19,4925.0,617390
2021-04-09 09:53:20,4925.0,617397
2021-04-09 09:53:21,4924.05,617518
2021-04-09 09:53:22,4924.95,617575
2021-04-09 09:53:23,4925.0,617698
2021-04-09 09:53:24,4925.0,617823
2021-04-09 09:53:25,4925.0,617893
2021-04-09 09:53:26,4925.0,617933
2021-04-09 09:53:27,4925.0,618061
2021-04-09 09:53:28,4925.0,618109
2021-04-09 09:53:29,4925.0,618336
2021-04-09 09:53:30,4925.3,618431
2021-04-09 09:53:32,4925.3,619493
2021-04-09 09:53:32,4925.3,619787
2021-04-09 09:53:33,4925.0,620325
2021-04-09 09:53:34,4926.85,620401
2021-04-09 09:53:36,4927.0,620506
2021-04-09 09:53:36,4927.0,620506
2021-04-09 09:53:37,4927.0,620533
2021-04-09 09:53:38,4927.0,620536
2021-04-09 09:53:40,4927.0,620672
2021-04-09 09:53:41,4927.0,620848
2021-04-09 09:53:42,4927.0,620898
2021-04-09 09:53:43,4928.0,621368
2021-04-09 09:53:45,4929.9,621628
2021-04-09 09:53:45,4929.9,621628
2021-04-09 09:53:46,4929.85,621643
2021-04-09 09:53:47,4929.85,621660
2021-04-09 09:53:48,4930.0,622153
2021-04-09 09:53:49,4930.85,622348
2021-04-09 09:53:50,4931.25,622563
2021-04-09 09:53:51,4930.9,622583
2021-04-09 09:53:52,4930.9,622594
2021-04-09 09:53:54,4929.8,623700
2021-04-09 09:53:55,4931.25,624041
2021-04-09 09:53:55,4931.25,624041
2021-04-09 09:53:56,4929.65,624152
2021-04-09 09:53:57,4928.25,624165
2021-04-09 09:53:58,4929.65,624420
2021-04-09 09:53:59,4929.5,624629
2021-04-09 09:54:00,4929.45,624661
2021-04-09 09:54:01,4929.0,624775
2021-04-09 09:54:02,4928.95,624940
2021-04-09 09:54:03,4928.95,625017
2021-04-09 09:54:04,4926.85,625108
2021-04-09 09:54:05,4928.65,625114
2021-04-09 09:54:06,4928.65,625174
2021-04-09 09:54:07,4928.25,625184
2021-04-09 09:54:08,4928.25,625189
2021-04-09 09:54:09,4928.0,625192
2021-04-09 09:54:10,4927.0,625214
2021-04-09 09:54:11,4926.0,625621
2021-04-09 09:54:12,4928.25,625647
2021-04-09 09:54:13,4928.25,625660
2021-04-09 09:54:14,4926.0,625812
2021-04-09 09:54:15,4926.65,625890
2021-04-09 09:54:16,4926.55,626020
2021-04-09 09:54:17,4928.25,626672
2021-04-09 09:54:19,4928.25,626785
2021-04-09 09:54:19,4928.25,626790
2021-04-09 09:54:20,4928.2,626833
2021-04-09 09:54:21,4928.0,626858
2021-04-09 09:54:22,4928.15,626862
2021-04-09 09:54:23,4928.2,626920
2021-04-09 09:54:24,4928.2,627041
2021-04-09 09:54:26,4928.2,627089
2021-04-09 09:54:26,4928.2,627104
2021-04-09 09:54:27,4928.0,627119
2021-04-09 09:54:28,4928.2,627304
2021-04-09 09:54:29,4928.0,627340
2021-04-09 09:54:30,4928.6,627509
2021-04-09 09:54:32,4928.6,627519
2021-04-09 09:54:33,4928.6,627555
2021-04-09 09:54:34,4928.2,627571
2021-04-09 09:54:35,4928.6,627596
2021-04-09 09:54:36,4928.0,627787
2021-04-09 09:54:37,4928.6,627871
2021-04-09 09:54:38,4928.6,628094
2021-04-09 09:54:38,4928.6,628094
2021-04-09 09:54:39,4929.0,628200
2021-04-09 09:54:40,4928.85,628223
2021-04-09 09:54:41,4929.0,628233
2021-04-09 09:54:43,4929.0,628236
2021-04-09 09:54:44,4929.0,628294
2021-04-09 09:54:45,4929.0,628313
2021-04-09 09:54:45,4929.0,628313
2021-04-09 09:54:46,4929.0,628391
2021-04-09 09:54:47,4929.0,628439
2021-04-09 09:54:48,4931.4,629032
2021-04-09 09:54:50,4929.35,629084
2021-04-09 09:54:51,4929.3,629500
2021-04-09 09:54:52,4929.3,629512
2021-04-09 09:54:52,4929.3,629513
2021-04-09 09:54:53,4929.3,629551
2021-04-09 09:54:54,4930.0,629801
2021-04-09 09:54:55,4929.3,629816
2021-04-09 09:54:56,4929.3,629842
2021-04-09 09:54:57,4929.3,629852
2021-04-09 09:54:58,4929.3,629869
2021-04-09 09:55:00,4929.3,629911
2021-04-09 09:55:01,4929.3,630256
2021-04-09 09:55:01,4929.3,630256
2021-04-09 09:55:02,4929.3,630302
2021-04-09 09:55:03,4929.3,630312
2021-04-09 09:55:04,4929.3,630330
2021-04-09 09:55:06,4929.7,630350
2021-04-09 09:55:07,4929.7,630350
2021-04-09 09:55:08,4929.3,630358
2021-04-09 09:55:09,4929.35,630419
2021-04-09 09:55:10,4929.35,630570
2021-04-09 09:55:10,4929.35,630572
2021-04-09 09:55:11,4929.35,630572
2021-04-09 09:55:12,4929.35,630573
2021-04-09 09:55:13,4932.0,630901
2021-04-09 09:55:14,4932.0,630932
2021-04-09 09:55:15,4930.35,631058
2021-04-09 09:55:17,4933.7,631331
2021-04-09 09:55:18,4933.7,631333
2021-04-09 09:55:19,4933.95,631428
2021-04-09 09:55:20,4932.5,631661
2021-04-09 09:55:20,4932.5,631661
2021-04-09 09:55:21,4932.5,631661
2021-04-09 09:55:22,4932.5,631673
2021-04-09 09:55:23,4932.5,631740
2021-04-09 09:55:25,4932.5,631747
2021-04-09 09:55:26,4932.5,631763
2021-04-09 09:55:26,4932.5,631764
2021-04-09 09:55:27,4933.0,631995
2021-04-09 09:55:28,4933.0,632001
2021-04-09 09:55:29,4933.0,632154
2021-04-09 09:55:30,4933.0,632184
2021-04-09 09:55:31,4932.5,632215
2021-04-09 09:55:32,4933.0,632231
2021-04-09 09:55:33,4933.0,632285
2021-04-09 09:55:35,4933.0,632412
2021-04-09 09:55:36,4935.3,635290
2021-04-09 09:55:37,4935.3,635311
2021-04-09 09:55:38,4935.0,635358
2021-04-09 09:55:39,4935.0,635358
2021-04-09 09:55:40,4935.0,635387
2021-04-09 09:55:41,4935.0,635388
2021-04-09 09:55:42,4935.4,635467
2021-04-09 09:55:43,4934.6,635481
2021-04-09 09:55:45,4936.2,635520
2021-04-09 09:55:44,4935.0,635518
2021-04-09 09:55:46,4936.15,635551
2021-04-09 09:55:47,4936.15,635665
2021-04-09 09:55:48,4936.1,636017
2021-04-09 09:55:49,4936.0,636062
2021-04-09 09:55:50,4934.6,636815
2021-04-09 09:55:51,4934.6,636848
2021-04-09 09:55:52,4934.6,636865
2021-04-09 09:55:53,4933.05,636967
2021-04-09 09:55:55,4934.6,636996
2021-04-09 09:55:56,4934.6,637097
2021-04-09 09:55:57,4934.55,637121
2021-04-09 09:55:58,4934.5,637128
2021-04-09 09:55:58,4934.5,637129
2021-04-09 09:55:59,4934.5,637146
2021-04-09 09:56:00,4934.5,637206
2021-04-09 09:56:01,4934.5,637292
2021-04-09 09:56:02,4934.5,637320
2021-04-09 09:56:03,4933.3,637325
2021-04-09 09:56:05,4933.0,637557
2021-04-09 09:56:06,4934.5,637686
2021-04-09 09:56:07,4934.5,637687
2021-04-09 09:56:08,4934.5,637785
2021-04-09 09:56:09,4934.5,637822
2021-04-09 09:56:09,4934.5,637822
2021-04-09 09:56:10,4934.5,637852
2021-04-09 09:56:11,4934.45,637871
2021-04-09 09:56:12,4934.45,637942
2021-04-09 09:56:13,4934.45,637992
2021-04-09 09:56:14,4933.0,638375
2021-04-09 09:56:15,4933.55,638413
2021-04-09 09:56:16,4933.55,638418
2021-04-09 09:56:17,4931.35,638938
2021-04-09 09:56:18,4931.35,638978
2021-04-09 09:56:19,4931.0,639082
2021-04-09 09:56:20,4932.35,639084
2021-04-09 09:56:21,4931.0,639124
2021-04-09 09:56:23,4931.4,639159
2021-04-09 09:56:23,4930.0,639167
2021-04-09 09:56:24,4930.0,639167
2021-04-09 09:56:25,4930.0,639294
2021-04-09 09:56:27,4930.0,639301
2021-04-09 09:56:28,4930.0,639304
2021-04-09 09:56:29,4930.0,639352
2021-04-09 09:56:29,4930.0,639652
2021-04-09 09:56:30,4930.85,639898
2021-04-09 09:56:31,4930.85,639911
2021-04-09 09:56:32,4930.0,639951
2021-04-09 09:56:33,4930.75,640016
2021-04-09 09:56:34,4930.0,640037
2021-04-09 09:56:35,4930.7,640087
2021-04-09 09:56:37,4930.0,640092
2021-04-09 09:56:38,4930.7,640093
2021-04-09 09:56:38,4930.7,640093
2021-04-09 09:56:39,4930.7,640098
2021-04-09 09:56:40,4930.7,640992
2021-04-09 09:56:41,4930.7,640992
2021-04-09 09:56:42,4930.65,640997
2021-04-09 09:56:43,4930.65,640997
2021-04-09 09:56:44,4930.35,641200
2021-04-09 09:56:46,4930.65,641262
2021-04-09 09:56:47,4930.65,641353
2021-04-09 09:56:48,4930.65,641363
2021-04-09 09:56:48,4930.65,641379
2021-04-09 09:56:49,4930.65,641447
2021-04-09 09:56:50,4930.65,641449
2021-04-09 09:56:52,4930.65,641628
2021-04-09 09:56:53,4930.7,641674
2021-04-09 09:56:54,4930.7,641710
2021-04-09 09:56:55,4930.7,641715
2021-04-09 09:56:56,4930.65,641721
2021-04-09 09:56:57,4930.65,641772
2021-04-09 09:56:57,4930.7,641773
2021-04-09 09:56:58,4930.7,641773
2021-04-09 09:56:59,4930.65,642653
2021-04-09 09:57:00,4930.0,643001
2021-04-09 09:57:01,4930.7,643135
2021-04-09 09:57:03,4929.95,643595
2021-04-09 09:57:03,4930.0,643659
2021-04-09 09:57:04,4930.6,643797
2021-04-09 09:57:05,4930.6,643870
2021-04-09 09:57:07,4930.6,643995
2021-04-09 09:57:08,4928.65,644070
2021-04-09 09:57:08,4930.55,644280
2021-04-09 09:57:09,4930.7,644430
2021-04-09 09:57:10,4931.15,644775
2021-04-09 09:57:11,4931.0,644891
2021-04-09 09:57:12,4931.0,644891
2021-04-09 09:57:14,4931.0,644983
2021-04-09 09:57:15,4931.0,644983
2021-04-09 09:57:16,4931.0,645003
2021-04-09 09:57:17,4930.7,645028
2021-04-09 09:57:18,4931.0,645158
2021-04-09 09:57:19,4930.85,645169
2021-04-09 09:57:20,4931.0,645203
2021-04-09 09:57:21,4931.0,645208
2021-04-09 09:57:22,4931.0,645269
2021-04-09 09:57:22,4931.4,645445
2021-04-09 09:57:23,4931.9,645535
2021-04-09 09:57:24,4933.15,646100
2021-04-09 09:57:25,4932.75,646181
2021-04-09 09:57:26,4933.05,646240
2021-04-09 09:57:27,4933.05,646257
2021-04-09 09:57:28,4933.05,646271
2021-04-09 09:57:29,4933.05,646286
2021-04-09 09:57:30,4933.05,646338
2021-04-09 09:57:31,4933.05,646381
2021-04-09 09:57:32,4933.05,646381
2021-04-09 09:57:33,4933.05,646504
2021-04-09 09:57:34,4933.05,646521
2021-04-09 09:57:36,4933.05,646541
2021-04-09 09:57:37,4933.05,646738
2021-04-09 09:57:38,4933.05,646851
2021-04-09 09:57:39,4933.0,646864
2021-04-09 09:57:40,4933.05,647036
2021-04-09 09:57:41,4933.05,647135
2021-04-09 09:57:42,4933.45,647146
2021-04-09 09:57:43,4933.45,647156
2021-04-09 09:57:44,4935.0,647368
2021-04-09 09:57:45,4936.5,648504
2021-04-09 09:57:45,4936.5,648494
2021-04-09 09:57:46,4936.5,648738
2021-04-09 09:57:47,4936.5,648749
2021-04-09 09:57:48,4936.5,648772
2021-04-09 09:57:50,4936.0,648788
2021-04-09 09:57:51,4936.7,649047
2021-04-09 09:57:52,4939.0,649050
2021-04-09 09:57:53,4937.9,649089
2021-04-09 09:57:54,4938.8,649190
2021-04-09 09:57:55,4938.55,649197
2021-04-09 09:57:56,4938.55,649217
2021-04-09 09:57:57,4938.55,649351
2021-04-09 09:57:58,4937.2,649546
2021-04-09 09:57:59,4937.85,649598
2021-04-09 09:58:01,4936.2,649854
2021-04-09 09:58:00,4935.85,649670
2021-04-09 09:58:02,4937.3,649883
2021-04-09 09:58:03,4937.3,650000
2021-04-09 09:58:03,4937.3,650010
2021-04-09 09:58:04,4936.75,650126
2021-04-09 09:58:05,4935.85,650131
2021-04-09 09:58:07,4935.85,650233
2021-04-09 09:58:08,4935.85,650256
2021-04-09 09:58:09,4935.0,650269
2021-04-09 09:58:10,4935.0,650456
2021-04-09 09:58:11,4935.85,650460
2021-04-09 09:58:12,4935.85,650472
2021-04-09 09:58:13,4934.1,650681
2021-04-09 09:58:14,4933.95,650682
2021-04-09 09:58:15,4934.35,650696
2021-04-09 09:58:16,4934.35,650736
2021-04-09 09:58:17,4934.35,650811
2021-04-09 09:58:17,4934.0,650823
2021-04-09 09:58:19,4933.35,650929
2021-04-09 09:58:20,4935.0,650970
2021-04-09 09:58:21,4934.35,651009
2021-04-09 09:58:22,4934.4,651072
2021-04-09 09:58:23,4936.95,651103
2021-04-09 09:58:23,4934.75,651133
2021-04-09 09:58:24,4934.75,651133
2021-04-09 09:58:25,4936.9,651136
2021-04-09 09:58:26,4936.9,651138
2021-04-09 09:58:28,4936.9,651239
2021-04-09 09:58:29,4935.15,651294
2021-04-09 09:58:30,4935.15,651294
2021-04-09 09:58:31,4936.9,651298
2021-04-09 09:58:32,4936.85,651379
2021-04-09 09:58:33,4935.3,651389
2021-04-09 09:58:34,4935.95,651444
2021-04-09 09:58:35,4936.9,651450
2021-04-09 09:58:35,4936.9,651455
2021-04-09 09:58:36,4936.9,651455
2021-04-09 09:58:37,4937.2,651742
2021-04-09 09:58:38,4937.25,651768
2021-04-09 09:58:39,4937.25,651828
2021-04-09 09:58:41,4937.25,652233
2021-04-09 09:58:41,4937.25,652344
2021-04-09 09:58:42,4938.0,652717
2021-04-09 09:58:43,4938.75,652731
2021-04-09 09:58:45,4938.75,652735
2021-04-09 09:58:46,4938.0,652742
2021-04-09 09:58:47,4938.0,652769
2021-04-09 09:58:48,4938.75,652795
2021-04-09 09:58:49,4938.75,652798
2021-04-09 09:58:50,4938.75,652808
2021-04-09 09:58:51,4938.0,652822
2021-04-09 09:58:52,4938.7,652952
2021-04-09 09:58:53,4938.7,652966
2021-04-09 09:58:54,4938.7,653244
2021-04-09 09:58:55,4938.85,653266
2021-04-09 09:58:56,4939.0,653271
2021-04-09 09:58:57,4939.0,653462
2021-04-09 09:58:58,4940.35,655094
2021-04-09 09:58:59,4941.35,655142
2021-04-09 09:59:00,4940.95,655149
2021-04-09 09:59:01,4940.95,655192
2021-04-09 09:59:01,4940.7,655224
2021-04-09 09:59:02,4940.7,655334
2021-04-09 09:59:04,4940.95,655412
2021-04-09 09:59:05,4940.95,655421
2021-04-09 09:59:06,4940.95,655521
2021-04-09 09:59:07,4940.95,655654
2021-04-09 09:59:08,4940.75,655919
2021-04-09 09:59:09,4940.95,655957
2021-04-09 09:59:10,4940.95,656049
2021-04-09 09:59:11,4940.95,656054
2021-04-09 09:59:12,4940.5,656149
2021-04-09 09:59:12,4940.5,656149
2021-04-09 09:59:13,4940.75,656316
2021-04-09 09:59:14,4940.75,656322
2021-04-09 09:59:15,4940.45,656820
2021-04-09 09:59:16,4939.15,657026
2021-04-09 09:59:17,4939.15,657080
2021-04-09 09:59:18,4937.2,657161
2021-04-09 09:59:19,4939.15,657235
2021-04-09 09:59:20,4939.15,657285
2021-04-09 09:59:21,4939.15,657337
2021-04-09 09:59:23,4939.1,657411
2021-04-09 09:59:24,4937.0,657467
2021-04-09 09:59:25,4939.0,657507
2021-04-09 09:59:26,4939.0,657527
2021-04-09 09:59:27,4939.0,657536
2021-04-09 09:59:28,4939.0,657549
2021-04-09 09:59:29,4939.0,657681
2021-04-09 09:59:30,4939.0,657684
2021-04-09 09:59:31,4939.0,657686
2021-04-09 09:59:32,4939.0,657845
2021-04-09 09:59:33,4938.0,657851
2021-04-09 09:59:34,4938.0,657851
2021-04-09 09:59:35,4939.0,657860
2021-04-09 09:59:36,4938.0,657913
2021-04-09 09:59:37,4939.0,657923
2021-04-09 09:59:38,4939.0,657953
2021-04-09 09:59:39,4939.0,657954
2021-04-09 09:59:40,4939.0,658083
2021-04-09 09:59:41,4939.0,658118
2021-04-09 09:59:42,4938.0,658168
2021-04-09 09:59:43,4938.5,658238
2021-04-09 09:59:44,4937.9,658728
2021-04-09 09:59:45,4937.85,658802
2021-04-09 09:59:46,4937.85,658833
2021-04-09 09:59:47,4937.85,658899
2021-04-09 09:59:48,4937.6,659022
2021-04-09 09:59:49,4937.85,659074
2021-04-09 09:59:50,4937.8,659094
2021-04-09 09:59:51,4937.8,659095
2021-04-09 09:59:51,4937.8,659096
2021-04-09 09:59:52,4937.8,659099
2021-04-09 09:59:53,4937.8,659157
2021-04-09 09:59:55,4937.8,659165
2021-04-09 09:59:56,4937.8,659176
2021-04-09 09:59:56,4937.05,659209
2021-04-09 09:59:57,4937.8,659282
2021-04-09 09:59:59,4937.8,659383
2021-04-09 10:00:00,4937.8,659391
2021-04-09 10:00:01,4937.8,659409
2021-04-09 10:00:02,4937.8,659574
2021-04-09 10:00:03,4937.8,659580
2021-04-09 10:00:04,4937.8,659715
2021-04-09 10:00:05,4937.75,659776
2021-04-09 10:00:06,4937.75,659779
2021-04-09 10:00:07,4937.75,659785
2021-04-09 10:00:08,4937.75,659910
2021-04-09 10:00:09,4937.75,659911
2021-04-09 10:00:10,4937.8,660459
2021-04-09 10:00:11,4937.55,660466
2021-04-09 10:00:11,4937.55,660466
2021-04-09 10:00:12,4937.8,660507
2021-04-09 10:00:14,4937.7,660516
2021-04-09 10:00:15,4937.3,660528
2021-04-09 10:00:16,4937.65,660530
2021-04-09 10:00:17,4937.65,660633
2021-04-09 10:00:18,4937.5,660668
2021-04-09 10:00:19,4937.9,660824
2021-04-09 10:00:20,4937.5,660826
2021-04-09 10:00:21,4937.5,660909
2021-04-09 10:00:22,4937.5,660976
2021-04-09 10:00:23,4937.9,661105
2021-04-09 10:00:24,4937.65,661113
2021-04-09 10:00:25,4937.65,661113
2021-04-09 10:00:26,4937.8,661143
2021-04-09 10:00:27,4937.65,661221
2021-04-09 10:00:28,4937.8,661232
2021-04-09 10:00:29,4938.2,661531
2021-04-09 10:00:29,4938.2,661531
2021-04-09 10:00:30,4938.2,661557
2021-04-09 10:00:32,4939.0,661578
2021-04-09 10:00:33,4938.2,661582
2021-04-09 10:00:34,4939.0,661625
2021-04-09 10:00:35,4939.0,661667
2021-04-09 10:00:36,4939.0,661719
2021-04-09 10:00:37,4939.0,661790
2021-04-09 10:00:38,4940.0,662541
2021-04-09 10:00:39,4939.0,663219
2021-04-09 10:00:40,4939.0,663410
2021-04-09 10:00:41,4939.0,663476
2021-04-09 10:00:42,4939.0,663498
2021-04-09 10:00:42,4939.0,663498
2021-04-09 10:00:43,4939.0,663513
2021-04-09 10:00:45,4939.0,663642
2021-04-09 10:00:46,4939.4,663672
2021-04-09 10:00:47,4940.4,664149
2021-04-09 10:00:48,4940.0,664160
2021-04-09 10:00:49,4941.35,664281
2021-04-09 10:00:50,4941.1,664417
2021-04-09 10:00:51,4940.9,664473
2021-04-09 10:00:52,4941.4,665000
2021-04-09 10:00:53,4941.4,665024
2021-04-09 10:00:54,4940.0,665049
2021-04-09 10:00:55,4939.0,665126
2021-04-09 10:00:56,4941.0,665198
2021-04-09 10:00:57,4941.3,665238
2021-04-09 10:00:58,4941.3,665314
2021-04-09 10:00:59,4941.3,665356
2021-04-09 10:01:00,4941.0,665405
2021-04-09 10:01:01,4941.0,665431
2021-04-09 10:01:01,4941.0,665432
2021-04-09 10:01:02,4940.45,665444
2021-04-09 10:01:04,4941.0,665502
2021-04-09 10:01:05,4941.0,665504
2021-04-09 10:01:06,4940.9,665529
2021-04-09 10:01:07,4941.4,665840
2021-04-09 10:01:08,4942.0,666045
2021-04-09 10:01:09,4942.0,666171
2021-04-09 10:01:10,4941.3,666283
2021-04-09 10:01:11,4942.0,666362
2021-04-09 10:01:12,4942.0,666367
2021-04-09 10:01:13,4942.0,666407
2021-04-09 10:01:14,4941.3,666421
2021-04-09 10:01:15,4941.0,666460
2021-04-09 10:01:16,4941.3,666488
2021-04-09 10:01:17,4941.3,666536
2021-04-09 10:01:18,4941.3,666550
2021-04-09 10:01:19,4941.3,666565
2021-04-09 10:01:20,4941.05,666567
2021-04-09 10:01:21,4941.3,666733
2021-04-09 10:01:22,4941.3,666737
2021-04-09 10:01:23,4941.3,666737
2021-04-09 10:01:24,4941.0,666833
2021-04-09 10:01:25,4941.3,666843
2021-04-09 10:01:26,4941.3,666883
2021-04-09 10:01:27,4941.3,666917
2021-04-09 10:01:28,4941.3,666948
2021-04-09 10:01:29,4941.3,667077
2021-04-09 10:01:30,4941.3,667107
2021-04-09 10:01:31,4941.0,667215
2021-04-09 10:01:32,4941.0,667227
2021-04-09 10:01:33,4941.7,667302
2021-04-09 10:01:34,4941.7,667303
2021-04-09 10:01:35,4941.5,667312
2021-04-09 10:01:36,4941.3,667333
2021-04-09 10:01:37,4941.3,667351
2021-04-09 10:01:38,4941.5,667421
2021-04-09 10:01:39,4941.5,667435
2021-04-09 10:01:40,4941.5,667486
2021-04-09 10:01:41,4941.5,667487
2021-04-09 10:01:42,4941.5,667557
2021-04-09 10:01:43,4941.4,667612
2021-04-09 10:01:44,4941.3,667743
2021-04-09 10:01:45,4941.7,667902
2021-04-09 10:01:46,4941.7,667922
2021-04-09 10:01:47,4941.5,667958
2021-04-09 10:01:48,4941.5,667960
2021-04-09 10:01:49,4941.9,668031
2021-04-09 10:01:50,4941.9,668040
2021-04-09 10:01:51,4942.0,669194
2021-04-09 10:01:52,4942.0,669444
2021-04-09 10:01:53,4942.0,669577
2021-04-09 10:01:54,4942.0,669657
2021-04-09 10:01:55,4942.0,669773
2021-04-09 10:01:56,4942.0,669775
2021-04-09 10:01:57,4943.0,670025
2021-04-09 10:01:58,4942.0,670033
2021-04-09 10:01:59,4943.0,670036
2021-04-09 10:02:00,4942.05,670063
2021-04-09 10:02:01,4942.0,670575
2021-04-09 10:02:02,4943.0,670596
2021-04-09 10:02:03,4942.0,670626
2021-04-09 10:02:04,4943.0,670651
2021-04-09 10:02:05,4943.0,670651
2021-04-09 10:02:06,4942.2,670672
2021-04-09 10:02:07,4943.0,670760
2021-04-09 10:02:08,4943.0,670776
2021-04-09 10:02:09,4944.0,671480
2021-04-09 10:02:10,4944.0,671490
2021-04-09 10:02:11,4943.0,671534
2021-04-09 10:02:12,4944.0,671558
2021-04-09 10:02:13,4943.0,671609
2021-04-09 10:02:14,4943.65,671745
2021-04-09 10:02:15,4943.65,672027
2021-04-09 10:02:16,4943.0,672060
2021-04-09 10:02:17,4943.5,672071
2021-04-09 10:02:18,4943.0,672092
2021-04-09 10:02:19,4943.5,672104
2021-04-09 10:02:20,4944.0,672179
2021-04-09 10:02:21,4943.8,672214
2021-04-09 10:02:22,4944.0,672317
2021-04-09 10:02:23,4945.0,672850
2021-04-09 10:02:24,4945.0,672893
2021-04-09 10:02:25,4945.0,673416
2021-04-09 10:02:26,4945.0,673416
2021-04-09 10:02:27,4945.0,673434
2021-04-09 10:02:28,4945.0,673561
2021-04-09 10:02:29,4945.0,673597
2021-04-09 10:02:30,4945.0,673644
2021-04-09 10:02:31,4944.8,674775
2021-04-09 10:02:32,4944.9,674785
2021-04-09 10:02:33,4945.4,674813
2021-04-09 10:02:34,4946.05,675122
2021-04-09 10:02:35,4946.05,675122
2021-04-09 10:02:36,4947.0,675268
2021-04-09 10:02:37,4946.2,675274
2021-04-09 10:02:38,4947.0,675323
2021-04-09 10:02:39,4947.0,675526
2021-04-09 10:02:40,4946.0,675535
2021-04-09 10:02:41,4946.5,675564
2021-04-09 10:02:42,4946.0,676070
2021-04-09 10:02:43,4946.15,676498
2021-04-09 10:02:44,4946.15,676567
2021-04-09 10:02:45,4945.0,676814
2021-04-09 10:02:46,4945.0,676814
2021-04-09 10:02:47,4945.4,677148
2021-04-09 10:02:48,4943.0,677923
2021-04-09 10:02:49,4943.45,678194
2021-04-09 10:02:50,4942.45,678238
2021-04-09 10:02:51,4943.3,678239
2021-04-09 10:02:52,4943.3,678284
2021-04-09 10:02:53,4942.2,678396
2021-04-09 10:02:54,4942.2,678510
2021-04-09 10:02:55,4943.3,678621
2021-04-09 10:02:56,4942.0,678686
2021-04-09 10:02:57,4943.7,678811
2021-04-09 10:02:58,4940.0,684598
2021-04-09 10:02:59,4940.0,685331
2021-04-09 10:03:01,4940.0,685405
2021-04-09 10:03:00,4938.25,685404
2021-04-09 10:03:02,4940.3,686592
2021-04-09 10:03:03,4943.45,686621
2021-04-09 10:03:04,4943.45,686634
2021-04-09 10:03:05,4943.6,686804
2021-04-09 10:03:06,4943.6,686804
2021-04-09 10:03:07,4941.2,686935
2021-04-09 10:03:08,4941.2,686936
2021-04-09 10:03:09,4942.6,686974
2021-04-09 10:03:10,4942.6,686974
2021-04-09 10:03:11,4943.2,687147
2021-04-09 10:03:12,4944.0,687254
2021-04-09 10:03:13,4943.2,687274
2021-04-09 10:03:14,4943.2,687294
2021-04-09 10:03:15,4943.2,687299
2021-04-09 10:03:17,4941.2,687537
2021-04-09 10:03:18,4940.0,687690
2021-04-09 10:03:19,4937.5,688228
2021-04-09 10:03:20,4939.8,688230
2021-04-09 10:03:21,4937.45,688364
2021-04-09 10:03:23,4937.0,688539
2021-04-09 10:03:23,4936.9,688540
2021-04-09 10:03:24,4936.9,688855
2021-04-09 10:03:25,4939.1,688880
2021-04-09 10:03:26,4939.05,688881
2021-04-09 10:03:27,4939.05,688981
2021-04-09 10:03:28,4937.1,689027
2021-04-09 10:03:29,4938.55,689068
2021-04-09 10:03:30,4936.6,689173
2021-04-09 10:03:31,4938.85,689245
2021-04-09 10:03:32,4938.85,689297
2021-04-09 10:03:34,4938.85,689303
2021-04-09 10:03:35,4938.85,689528
2021-04-09 10:03:35,4938.85,689548
2021-04-09 10:03:36,4938.85,689677
2021-04-09 10:03:37,4938.4,689727
2021-04-09 10:03:38,4938.4,689735
2021-04-09 10:03:39,4938.85,689763
2021-04-09 10:03:40,4938.85,689763
2021-04-09 10:03:42,4938.4,689803
2021-04-09 10:03:42,4938.4,689806
2021-04-09 10:03:44,4938.85,689822
2021-04-09 10:03:44,4938.85,689822
2021-04-09 10:03:45,4938.85,689829
2021-04-09 10:03:46,4938.45,689960
2021-04-09 10:03:47,4939.25,690029
2021-04-09 10:03:49,4938.85,690094
2021-04-09 10:03:49,4939.25,690081
2021-04-09 10:03:50,4941.5,690202
2021-04-09 10:03:51,4941.9,690293
2021-04-09 10:03:52,4942.45,690321
2021-04-09 10:03:53,4942.45,690321
2021-04-09 10:03:54,4944.95,690371
2021-04-09 10:03:55,4944.25,690375
2021-04-09 10:03:56,4945.0,690642
2021-04-09 10:03:57,4944.25,690920
2021-04-09 10:03:58,4945.0,690981
2021-04-09 10:03:59,4943.65,690983
2021-04-09 10:04:00,4942.7,692043
2021-04-09 10:04:01,4943.4,692083
2021-04-09 10:04:02,4945.35,692770
2021-04-09 10:04:03,4944.95,692782
2021-04-09 10:04:04,4945.0,692812
2021-04-09 10:04:05,4943.6,693847
2021-04-09 10:04:06,4943.1,694157
2021-04-09 10:04:07,4945.0,694201
2021-04-09 10:04:08,4945.0,694225
2021-04-09 10:04:09,4945.0,694325
2021-04-09 10:04:10,4945.0,694329
2021-04-09 10:04:11,4945.0,694380
2021-04-09 10:04:12,4944.85,694402
2021-04-09 10:04:13,4945.0,694612
2021-04-09 10:04:14,4945.1,695724
2021-04-09 10:04:15,4944.45,695893
2021-04-09 10:04:16,4946.0,696001
2021-04-09 10:04:17,4944.9,696052
2021-04-09 10:04:19,4944.85,696091
2021-04-09 10:04:20,4944.45,696103
2021-04-09 10:04:21,4943.65,696268
2021-04-09 10:04:21,4943.65,696278
2021-04-09 10:04:23,4944.75,696370
2021-04-09 10:04:24,4944.75,696370
2021-04-09 10:04:25,4943.65,696480
2021-04-09 10:04:26,4944.2,696482
2021-04-09 10:04:28,4942.0,697144
2021-04-09 10:04:29,4944.2,697147
2021-04-09 10:04:29,4944.0,697162
2021-04-09 10:04:30,4947.85,698767
2021-04-09 10:04:31,4954.5,712402
2021-04-09 10:04:32,4950.9,716555
2021-04-09 10:04:33,4950.9,717844
2021-04-09 10:04:34,4951.9,718034
2021-04-09 10:04:36,4950.6,718088
2021-04-09 10:04:36,4950.6,718088
2021-04-09 10:04:37,4950.65,718240
2021-04-09 10:04:38,4950.2,718258
2021-04-09 10:04:39,4950.2,718334
2021-04-09 10:04:40,4951.9,718590
2021-04-09 10:04:41,4951.85,718603
2021-04-09 10:04:43,4951.9,718758
2021-04-09 10:04:44,4951.7,719043
2021-04-09 10:04:45,4950.65,719186
2021-04-09 10:04:46,4952.3,719393
2021-04-09 10:04:46,4952.3,719393
2021-04-09 10:04:47,4952.25,719418
2021-04-09 10:04:48,4952.25,719666
2021-04-09 10:04:49,4952.25,719682
2021-04-09 10:04:50,4952.25,719690
2021-04-09 10:04:51,4951.9,719914
2021-04-09 10:04:52,4951.95,720130
2021-04-09 10:04:53,4951.0,720153
2021-04-09 10:04:54,4952.25,720506
2021-04-09 10:04:56,4951.0,720540
2021-04-09 10:04:56,4951.0,720565
2021-04-09 10:04:57,4952.0,720783
2021-04-09 10:04:58,4951.0,720794
2021-04-09 10:04:59,4951.0,720912
2021-04-09 10:05:00,4951.4,721054
2021-04-09 10:05:01,4951.4,721147
2021-04-09 10:05:02,4951.0,721316
2021-04-09 10:05:04,4951.4,721381
2021-04-09 10:05:04,4951.4,721381
2021-04-09 10:05:05,4951.4,721386
2021-04-09 10:05:06,4951.35,721579
2021-04-09 10:05:07,4954.0,722360
2021-04-09 10:05:08,4956.85,723788
2021-04-09 10:05:10,4959.95,724389
2021-04-09 10:05:11,4958.9,726047
2021-04-09 10:05:11,4959.95,726059
2021-04-09 10:05:12,4959.95,726234
2021-04-09 10:05:13,4959.95,726432
2021-04-09 10:05:14,4959.9,727090
2021-04-09 10:05:15,4955.45,727849
2021-04-09 10:05:16,4956.75,728037
2021-04-09 10:05:17,4956.75,728308
2021-04-09 10:05:18,4956.75,728390
2021-04-09 10:05:19,4956.75,729153
2021-04-09 10:05:20,4954.95,729688
2021-04-09 10:05:21,4955.0,729799
2021-04-09 10:05:22,4954.95,729832
2021-04-09 10:05:23,4954.85,729968
2021-04-09 10:05:25,4954.9,730129
2021-04-09 10:05:25,4954.8,730203
2021-04-09 10:05:27,4954.8,730323
2021-04-09 10:05:28,4954.8,730329
2021-04-09 10:05:29,4954.85,730394
2021-04-09 10:05:30,4954.95,730567
2021-04-09 10:05:30,4953.35,731253
2021-04-09 10:05:31,4954.95,731504
2021-04-09 10:05:32,4954.95,731694
2021-04-09 10:05:33,4954.9,731856
2021-04-09 10:05:34,4954.9,732149
2021-04-09 10:05:35,4954.9,732208
2021-04-09 10:05:36,4954.9,732334
2021-04-09 10:05:37,4954.85,732471
2021-04-09 10:05:38,4954.85,732482
2021-04-09 10:05:39,4954.8,732647
2021-04-09 10:05:41,4954.3,733995
2021-04-09 10:05:42,4954.3,734003
2021-04-09 10:05:42,4953.65,734439
2021-04-09 10:05:44,4953.5,734517
2021-04-09 10:05:44,4954.0,734555
2021-04-09 10:05:46,4954.75,734688
2021-04-09 10:05:46,4952.2,735154
2021-04-09 10:05:47,4953.25,735431
2021-04-09 10:05:48,4954.8,735654
2021-04-09 10:05:50,4953.8,735738
2021-04-09 10:05:51,4954.9,736043
2021-04-09 10:05:51,4954.9,736077
2021-04-09 10:05:53,4954.9,736365
2021-04-09 10:05:53,4955.2,736628
2021-04-09 10:05:55,4955.2,736812
2021-04-09 10:05:56,4954.75,736907
2021-04-09 10:05:57,4954.2,736966
2021-04-09 10:05:58,4954.7,736993
2021-04-09 10:05:59,4955.0,737051
2021-04-09 10:06:00,4954.9,737370
2021-04-09 10:06:00,4954.9,737370
2021-04-09 10:06:01,4956.7,737415
2021-04-09 10:06:02,4956.0,737469
2021-04-09 10:06:03,4956.0,738016
2021-04-09 10:06:04,4956.0,738078
2021-04-09 10:06:05,4955.0,738118
2021-04-09 10:06:07,4955.55,738547
2021-04-09 10:06:07,4954.9,738600
2021-04-09 10:06:09,4956.1,738968
2021-04-09 10:06:09,4956.7,738998
