timestamp,ltp,volume
2021-04-09 09:16:40,313.7,1431947
2021-04-09 09:16:42,313.9,1437208
2021-04-09 09:16:43,314.05,1459344
2021-04-09 09:16:43,314.05,1459344
2021-04-09 09:16:44,314.2,1466041
2021-04-09 09:16:45,314.05,1471160
2021-04-09 09:16:47,314.45,1508526
2021-04-09 09:16:48,314.3,1517135
2021-04-09 09:16:49,314.25,1519923
2021-04-09 09:16:49,314.35,1525169
2021-04-09 09:16:51,314.35,1526687
2021-04-09 09:16:51,314.4,1531385
2021-04-09 09:16:53,314.3,1542914
2021-04-09 09:16:54,314.45,1547428
2021-04-09 09:16:55,314.45,1554339
2021-04-09 09:16:58,314.5,1566361
2021-04-09 09:16:59,314.35,1568805
2021-04-09 09:16:59,314.4,1571628
2021-04-09 09:17:00,314.45,1576784
2021-04-09 09:17:01,314.4,1578853
2021-04-09 09:17:02,314.55,1603168
2021-04-09 09:17:04,314.45,1608642
2021-04-09 09:17:05,314.5,1625170
2021-04-09 09:17:06,314.5,1635109
2021-04-09 09:17:06,314.6,1635610
2021-04-09 09:17:07,314.5,1642791
2021-04-09 09:17:08,314.45,1644614
2021-04-09 09:17:09,314.6,1647405
2021-04-09 09:17:10,314.5,1650741
2021-04-09 09:17:12,314.5,1658526
2021-04-09 09:17:12,314.6,1659934
2021-04-09 09:17:13,314.7,1666786
2021-04-09 09:17:15,314.6,1669632
2021-04-09 09:17:15,314.6,1669748
2021-04-09 09:17:16,314.75,1680306
2021-04-09 09:17:18,314.7,1688486
2021-04-09 09:17:20,314.7,1692530
2021-04-09 09:17:21,314.55,1698072
2021-04-09 09:17:22,314.6,1702863
2021-04-09 09:17:23,314.65,1705521
2021-04-09 09:17:24,314.75,1708434
2021-04-09 09:17:25,314.8,1716338
2021-04-09 09:17:26,314.7,1722051
2021-04-09 09:17:27,314.9,1723282
2021-04-09 09:17:28,314.95,1725729
2021-04-09 09:17:28,315.0,1732902
2021-04-09 09:17:29,314.95,1808273
2021-04-09 09:17:31,315.0,1816012
2021-04-09 09:17:32,315.15,1824603
2021-04-09 09:17:33,315.2,1831447
2021-04-09 09:17:34,315.2,1839609
2021-04-09 09:17:35,315.05,1846851
2021-04-09 09:17:36,314.95,1857569
2021-04-09 09:17:37,315.15,1864808
2021-04-09 09:17:38,315.05,1881796
2021-04-09 09:17:39,315.05,1883158
2021-04-09 09:17:40,315.15,1886118
2021-04-09 09:17:41,315.2,1890144
2021-04-09 09:17:41,315.15,1893559
2021-04-09 09:17:42,315.0,1908585
2021-04-09 09:17:44,314.9,1918137
2021-04-09 09:17:45,314.75,1947440
2021-04-09 09:17:47,314.35,2029218
2021-04-09 09:17:48,314.35,2039148
2021-04-09 09:17:49,314.35,2044641
2021-04-09 09:17:50,314.55,2060860
2021-04-09 09:17:51,314.6,2063513
2021-04-09 09:17:52,314.7,2070693
2021-04-09 09:17:53,314.7,2072091
2021-04-09 09:17:54,314.8,2077258
2021-04-09 09:17:55,314.75,2080585
2021-04-09 09:17:56,314.85,2084769
2021-04-09 09:17:57,314.85,2085244
2021-04-09 09:17:58,314.85,2094983
2021-04-09 09:17:59,314.95,2101535
2021-04-09 09:18:00,314.95,2108072
2021-04-09 09:18:01,314.95,2109454
2021-04-09 09:18:01,314.95,2110880
2021-04-09 09:18:03,314.8,2113049
2021-04-09 09:18:04,314.95,2118119
2021-04-09 09:18:05,314.7,2125712
2021-04-09 09:18:06,315.0,2130939
2021-04-09 09:18:07,314.9,2133975
2021-04-09 09:18:07,314.85,2137467
2021-04-09 09:18:09,314.9,2141364
2021-04-09 09:18:10,314.9,2149917
2021-04-09 09:18:11,314.95,2152289
2021-04-09 09:18:12,314.95,2159807
2021-04-09 09:18:13,314.95,2162153
2021-04-09 09:18:14,314.9,2179072
2021-04-09 09:18:15,314.9,2188995
2021-04-09 09:18:16,314.95,2191596
2021-04-09 09:18:17,314.95,2192936
2021-04-09 09:18:18,315.0,2226309
2021-04-09 09:18:19,315.0,2233628
2021-04-09 09:18:20,314.95,2235058
2021-04-09 09:18:21,314.9,2240965
2021-04-09 09:18:22,315.0,2245345
2021-04-09 09:18:23,315.0,2248022
2021-04-09 09:18:23,314.8,2251820
2021-04-09 09:18:24,315.0,2255260
2021-04-09 09:18:25,314.9,2256353
2021-04-09 09:18:28,314.95,2264525
2021-04-09 09:18:29,314.95,2267285
2021-04-09 09:18:30,314.85,2282053
2021-04-09 09:18:30,315.0,2285158
2021-04-09 09:18:31,314.95,2285803
2021-04-09 09:18:33,315.0,2296942
2021-04-09 09:18:34,314.9,2300395
2021-04-09 09:18:35,315.0,2304029
2021-04-09 09:18:36,314.9,2309600
2021-04-09 09:18:37,314.95,2312707
2021-04-09 09:18:38,314.95,2316072
2021-04-09 09:18:39,314.9,2316563
2021-04-09 09:18:40,314.9,2319251
2021-04-09 09:18:41,315.0,2320563
2021-04-09 09:18:42,314.9,2322192
2021-04-09 09:18:43,315.0,2324220
2021-04-09 09:18:44,314.9,2325836
2021-04-09 09:18:45,315.0,2327396
2021-04-09 09:18:46,315.0,2327929
2021-04-09 09:18:47,314.9,2330582
2021-04-09 09:18:48,314.95,2335164
2021-04-09 09:18:49,315.0,2337513
2021-04-09 09:18:50,314.95,2339691
2021-04-09 09:18:51,314.95,2343748
2021-04-09 09:18:52,314.95,2345724
2021-04-09 09:18:53,314.85,2347644
2021-04-09 09:18:54,314.9,2356924
2021-04-09 09:18:55,315.0,2357820
2021-04-09 09:18:56,314.95,2360127
2021-04-09 09:18:57,314.85,2366436
2021-04-09 09:18:58,314.95,2371382
2021-04-09 09:18:59,314.9,2378757
2021-04-09 09:19:00,314.8,2386379
2021-04-09 09:19:01,314.85,2391602
2021-04-09 09:19:02,314.8,2394125
2021-04-09 09:19:03,314.8,2398850
2021-04-09 09:19:03,314.8,2399237
2021-04-09 09:19:05,314.75,2410234
2021-04-09 09:19:05,314.8,2410812
2021-04-09 09:19:07,314.85,2413847
2021-04-09 09:19:08,314.85,2415119
2021-04-09 09:19:09,315.0,2420513
2021-04-09 09:19:10,315.0,2427142
2021-04-09 09:19:11,315.25,2498319
2021-04-09 09:19:12,315.2,2501754
2021-04-09 09:19:13,315.1,2505029
2021-04-09 09:19:14,315.25,2516558
2021-04-09 09:19:15,315.25,2519310
2021-04-09 09:19:17,315.25,2532525
2021-04-09 09:19:16,315.05,2531305
2021-04-09 09:19:18,315.05,2534308
2021-04-09 09:19:19,315.05,2538749
2021-04-09 09:19:20,315.0,2541820
2021-04-09 09:19:21,315.15,2544483
2021-04-09 09:19:22,315.2,2545906
2021-04-09 09:19:23,314.9,2611545
2021-04-09 09:19:24,314.8,2614693
2021-04-09 09:19:26,315.3,2653197
2021-04-09 09:19:25,315.2,2644359
2021-04-09 09:19:27,315.35,2661715
2021-04-09 09:19:28,315.65,2689546
2021-04-09 09:19:29,315.6,2691878
2021-04-09 09:19:30,315.75,2697672
2021-04-09 09:19:31,315.8,2702067
2021-04-09 09:19:32,315.75,2705842
2021-04-09 09:19:33,315.8,2709764
2021-04-09 09:19:34,315.7,2713076
2021-04-09 09:19:35,315.85,2725204
2021-04-09 09:19:36,315.8,2737682
2021-04-09 09:19:37,315.9,2739748
2021-04-09 09:19:38,315.9,2748609
2021-04-09 09:19:39,315.8,2755654
2021-04-09 09:19:40,315.7,2820671
2021-04-09 09:19:41,315.75,2825139
2021-04-09 09:19:42,315.5,2828277
2021-04-09 09:19:43,315.65,2831092
2021-04-09 09:19:44,315.5,2836733
2021-04-09 09:19:45,315.5,2850529
2021-04-09 09:19:46,315.55,2865787
2021-04-09 09:19:47,315.65,2886210
2021-04-09 09:19:48,315.8,2907802
2021-04-09 09:19:49,315.8,2936239
2021-04-09 09:19:50,316.0,2986005
2021-04-09 09:19:51,316.05,3001388
2021-04-09 09:19:52,316.1,3006312
2021-04-09 09:19:53,316.05,3014568
2021-04-09 09:19:54,316.2,3029679
2021-04-09 09:19:55,316.2,3052149
2021-04-09 09:19:56,316.1,3056830
2021-04-09 09:19:57,316.25,3064778
2021-04-09 09:19:58,316.3,3079261
2021-04-09 09:19:59,316.1,3083445
2021-04-09 09:20:00,316.05,3105876
2021-04-09 09:20:01,316.15,3113507
2021-04-09 09:20:02,316.0,3145722
2021-04-09 09:20:03,316.0,3149541
2021-04-09 09:20:04,315.85,3164938
2021-04-09 09:20:05,315.95,3175829
2021-04-09 09:20:06,315.85,3197195
2021-04-09 09:20:07,315.85,3201960
2021-04-09 09:20:08,315.95,3213662
2021-04-09 09:20:09,315.75,3224125
2021-04-09 09:20:10,315.7,3229615
2021-04-09 09:20:11,315.75,3229875
2021-04-09 09:20:12,315.85,3244472
2021-04-09 09:20:13,315.75,3248457
2021-04-09 09:20:14,315.85,3254683
2021-04-09 09:20:15,315.9,3267092
2021-04-09 09:20:16,315.95,3277028
2021-04-09 09:20:17,316.0,3297011
2021-04-09 09:20:18,316.0,3303350
2021-04-09 09:20:19,316.0,3307724
2021-04-09 09:20:20,315.95,3327778
2021-04-09 09:20:21,315.85,3331990
2021-04-09 09:20:22,315.85,3345533
2021-04-09 09:20:23,315.85,3354587
2021-04-09 09:20:24,315.95,3369464
2021-04-09 09:20:25,316.0,3375175
2021-04-09 09:20:26,315.95,3377938
2021-04-09 09:20:27,315.85,3390623
2021-04-09 09:20:28,316.0,3397543
2021-04-09 09:20:29,316.0,3401145
2021-04-09 09:20:30,316.0,3414197
2021-04-09 09:20:31,315.95,3447111
2021-04-09 09:20:32,315.9,3449529
2021-04-09 09:20:33,315.95,3459879
2021-04-09 09:20:34,315.95,3466612
2021-04-09 09:20:35,315.85,3474667
2021-04-09 09:20:36,315.85,3485467
2021-04-09 09:20:37,315.9,3519998
2021-04-09 09:20:38,315.85,3529593
2021-04-09 09:20:39,315.75,3544567
2021-04-09 09:20:40,315.75,3548001
2021-04-09 09:20:41,316.05,3683906
2021-04-09 09:20:42,316.05,3687013
2021-04-09 09:20:43,315.95,3698908
2021-04-09 09:20:44,315.85,3707070
2021-04-09 09:20:45,315.95,3714782
2021-04-09 09:20:46,315.95,3727886
2021-04-09 09:20:47,315.85,3733428
2021-04-09 09:20:48,315.95,3736567
2021-04-09 09:20:49,316.0,3740612
2021-04-09 09:20:50,315.9,3741581
2021-04-09 09:20:51,315.85,3746630
2021-04-09 09:20:52,316.0,3755325
2021-04-09 09:20:53,316.0,3773617
2021-04-09 09:20:54,316.05,3780504
2021-04-09 09:20:55,316.05,3790952
2021-04-09 09:20:56,316.05,3799831
2021-04-09 09:20:57,316.25,3808436
2021-04-09 09:20:59,316.35,3833185
2021-04-09 09:20:58,316.35,3833034
2021-04-09 09:21:00,316.35,3837432
2021-04-09 09:21:01,316.3,3844659
2021-04-09 09:21:02,316.1,3850681
2021-04-09 09:21:03,316.25,3862398
2021-04-09 09:21:04,316.3,3870091
2021-04-09 09:21:05,316.05,3931448
2021-04-09 09:21:06,316.1,3952029
2021-04-09 09:21:07,316.1,3956152
2021-04-09 09:21:08,316.15,3959194
2021-04-09 09:21:09,316.05,3972154
2021-04-09 09:21:10,316.1,3981988
2021-04-09 09:21:11,315.9,4048155
2021-04-09 09:21:12,316.0,4051750
2021-04-09 09:21:13,315.9,4107033
2021-04-09 09:21:14,316.0,4171362
2021-04-09 09:21:15,316.0,4177086
2021-04-09 09:21:16,315.95,4187539
2021-04-09 09:21:17,315.8,4200586
2021-04-09 09:21:18,315.95,4204192
2021-04-09 09:21:19,316.05,4244747
2021-04-09 09:21:20,316.0,4253536
2021-04-09 09:21:21,316.1,4256402
2021-04-09 09:21:22,316.05,4259414
2021-04-09 09:21:23,316.0,4261288
2021-04-09 09:21:25,316.1,4275443
2021-04-09 09:21:25,316.1,4275513
2021-04-09 09:21:27,316.05,4286435
2021-04-09 09:21:27,316.1,4284627
2021-04-09 09:21:28,316.05,4296522
2021-04-09 09:21:29,316.05,4332814
2021-04-09 09:21:30,316.05,4335067
2021-04-09 09:21:32,316.05,4360599
2021-04-09 09:21:32,316.0,4339489
2021-04-09 09:21:34,316.2,4371417
2021-04-09 09:21:34,316.15,4370907
2021-04-09 09:21:35,316.0,4425932
2021-04-09 09:21:36,316.0,4428632
2021-04-09 09:21:37,316.15,4431264
2021-04-09 09:21:39,316.05,4435593
2021-04-09 09:21:39,316.05,4435923
2021-04-09 09:21:40,316.0,4440517
2021-04-09 09:21:41,316.2,4448510
2021-04-09 09:21:42,316.05,4453750
2021-04-09 09:21:43,316.1,4457176
2021-04-09 09:21:44,316.05,4459583
2021-04-09 09:21:46,316.05,4459901
2021-04-09 09:21:46,316.1,4459852
2021-04-09 09:21:47,316.1,4463729
2021-04-09 09:21:48,316.2,4467296
2021-04-09 09:21:49,316.1,4472163
2021-04-09 09:21:50,316.0,4475974
2021-04-09 09:21:51,316.2,4477654
2021-04-09 09:21:52,316.05,4483426
2021-04-09 09:21:53,316.0,4488642
2021-04-09 09:21:55,316.4,4538479
2021-04-09 09:21:56,316.15,4540150
2021-04-09 09:21:56,316.3,4540165
2021-04-09 09:21:57,316.3,4543823
2021-04-09 09:21:58,316.3,4545630
2021-04-09 09:21:59,316.4,4562291
2021-04-09 09:22:00,316.4,4563377
2021-04-09 09:22:01,316.35,4565442
2021-04-09 09:22:02,316.3,4578588
2021-04-09 09:22:04,316.1,4643201
2021-04-09 09:22:05,316.0,4644224
2021-04-09 09:22:05,316.1,4645268
2021-04-09 09:22:06,316.15,4649639
2021-04-09 09:22:07,316.15,4656105
2021-04-09 09:22:08,316.25,4670082
2021-04-09 09:22:10,316.25,4672935
2021-04-09 09:22:11,316.25,4674498
2021-04-09 09:22:11,316.25,4676011
2021-04-09 09:22:12,316.25,4677714
2021-04-09 09:22:13,316.15,4678543
2021-04-09 09:22:14,316.2,4680985
2021-04-09 09:22:16,316.2,4681481
2021-04-09 09:22:16,316.2,4681955
2021-04-09 09:22:17,316.2,4682995
2021-04-09 09:22:18,316.25,4689342
2021-04-09 09:22:19,316.2,4691479
2021-04-09 09:22:20,316.2,4695054
2021-04-09 09:22:21,316.25,4698544
2021-04-09 09:22:22,316.4,4701305
2021-04-09 09:22:24,316.25,4702204
2021-04-09 09:22:25,316.4,4705654
2021-04-09 09:22:25,316.25,4705811
2021-04-09 09:22:26,316.25,4716857
2021-04-09 09:22:27,316.25,4738245
2021-04-09 09:22:29,316.25,4748271
2021-04-09 09:22:30,316.35,4751111
2021-04-09 09:22:31,316.25,4753150
2021-04-09 09:22:33,316.2,4761906
2021-04-09 09:22:34,316.35,4762838
2021-04-09 09:22:35,316.3,4771138
2021-04-09 09:22:35,316.3,4771138
2021-04-09 09:22:36,316.2,4774705
2021-04-09 09:22:37,316.25,4776796
2021-04-09 09:22:38,316.15,4779981
2021-04-09 09:22:39,316.2,4789360
2021-04-09 09:22:40,316.3,4791121
2021-04-09 09:22:42,316.25,4792493
2021-04-09 09:22:42,316.3,4792727
2021-04-09 09:22:43,316.25,4796036
2021-04-09 09:22:44,316.25,4801874
2021-04-09 09:22:45,316.25,4808267
2021-04-09 09:22:46,316.15,4824644
2021-04-09 09:22:47,316.25,4828406
2021-04-09 09:22:49,316.05,4839631
2021-04-09 09:22:49,316.25,4833131
2021-04-09 09:22:50,316.15,4846206
2021-04-09 09:22:51,316.2,4848768
2021-04-09 09:22:52,316.0,4872721
2021-04-09 09:22:53,316.15,4873394
2021-04-09 09:22:54,316.05,4875944
2021-04-09 09:22:56,315.95,4972151
2021-04-09 09:22:57,316.05,4995679
2021-04-09 09:22:57,316.05,4995724
2021-04-09 09:22:58,316.25,5006511
2021-04-09 09:23:00,316.05,5011055
2021-04-09 09:23:01,316.05,5014069
2021-04-09 09:23:02,316.0,5014844
2021-04-09 09:23:02,316.0,5014744
2021-04-09 09:23:03,316.0,5016383
2021-04-09 09:23:04,316.0,5017947
2021-04-09 09:23:05,316.05,5019125
2021-04-09 09:23:06,316.0,5040502
2021-04-09 09:23:07,316.05,5042153
2021-04-09 09:23:09,316.0,5044026
2021-04-09 09:23:10,316.1,5046318
2021-04-09 09:23:11,316.05,5047586
2021-04-09 09:23:11,316.05,5047779
2021-04-09 09:23:13,316.2,5052888
2021-04-09 09:23:13,316.2,5052795
2021-04-09 09:23:14,316.25,5057252
2021-04-09 09:23:16,316.35,5194150
2021-04-09 09:23:16,316.5,5196075
2021-04-09 09:23:18,316.55,5220734
2021-04-09 09:23:19,316.7,5227279
2021-04-09 09:23:19,316.7,5227529
2021-04-09 09:23:20,316.6,5229479
2021-04-09 09:23:21,316.75,5231147
2021-04-09 09:23:22,316.7,5244582
2021-04-09 09:23:23,316.75,5246958
2021-04-09 09:23:24,316.7,5251486
2021-04-09 09:23:25,316.6,5253192
2021-04-09 09:23:26,316.55,5257766
2021-04-09 09:23:27,316.55,5260930
2021-04-09 09:23:28,316.6,5263415
2021-04-09 09:23:29,316.7,5270495
2021-04-09 09:23:31,316.75,5272891
2021-04-09 09:23:32,316.6,5276496
2021-04-09 09:23:33,316.75,5282450
2021-04-09 09:23:33,316.75,5282500
2021-04-09 09:23:35,316.7,5288241
2021-04-09 09:23:36,316.7,5297225
2021-04-09 09:23:36,316.8,5299628
2021-04-09 09:23:37,316.9,5309384
2021-04-09 09:23:38,316.75,5311776
2021-04-09 09:23:39,316.8,5317997
2021-04-09 09:23:41,316.85,5322967
2021-04-09 09:23:42,316.75,5327262
2021-04-09 09:23:42,316.9,5327362
2021-04-09 09:23:43,316.9,5344797
2021-04-09 09:23:44,316.9,5348389
2021-04-09 09:23:45,316.8,5351406
2021-04-09 09:23:47,316.85,5358148
2021-04-09 09:23:48,316.95,5363285
2021-04-09 09:23:49,317.15,5516024
2021-04-09 09:23:50,317.25,5532837
2021-04-09 09:23:50,317.1,5532973
2021-04-09 09:23:51,317.1,5538001
2021-04-09 09:23:52,317.3,5542965
2021-04-09 09:23:53,317.25,5546948
2021-04-09 09:23:54,317.1,5562937
2021-04-09 09:23:56,317.15,5568064
2021-04-09 09:23:57,317.15,5582159
2021-04-09 09:23:57,317.1,5582419
2021-04-09 09:23:58,317.25,5589695
2021-04-09 09:23:59,317.3,5593177
2021-04-09 09:24:00,317.4,5604540
2021-04-09 09:24:01,317.4,5607581
2021-04-09 09:24:02,317.3,5622274
2021-04-09 09:24:03,317.5,5625208
2021-04-09 09:24:04,317.45,5629385
2021-04-09 09:24:05,317.4,5631391
2021-04-09 09:24:07,317.5,5642973
2021-04-09 09:24:08,317.4,5652167
2021-04-09 09:24:09,317.7,5688760
2021-04-09 09:24:11,317.8,5696413
2021-04-09 09:24:12,317.6,5712583
2021-04-09 09:24:13,317.7,5718147
2021-04-09 09:24:14,317.5,5738234
2021-04-09 09:24:15,317.4,5745261
2021-04-09 09:24:16,317.5,5754992
2021-04-09 09:24:17,317.65,5758082
2021-04-09 09:24:17,317.6,5758303
2021-04-09 09:24:19,317.7,5767635
2021-04-09 09:24:19,317.6,5766019
2021-04-09 09:24:21,317.7,5776392
2021-04-09 09:24:22,317.75,5785690
2021-04-09 09:24:22,317.7,5786227
2021-04-09 09:24:24,317.7,5794703
2021-04-09 09:24:24,317.7,5793574
2021-04-09 09:24:25,317.7,5796413
2021-04-09 09:24:26,317.7,5800088
2021-04-09 09:24:27,317.65,5807440
2021-04-09 09:24:28,318.0,6009666
2021-04-09 09:24:30,318.0,6017918
2021-04-09 09:24:31,318.05,6046362
2021-04-09 09:24:32,318.0,6050466
2021-04-09 09:24:32,318.15,6054998
2021-04-09 09:24:33,318.1,6058969
2021-04-09 09:24:34,318.3,6065697
2021-04-09 09:24:35,318.35,6079945
2021-04-09 09:24:37,318.5,6087519
2021-04-09 09:24:39,318.35,6117607
2021-04-09 09:24:40,318.35,6133364
2021-04-09 09:24:40,318.3,6134290
2021-04-09 09:24:41,318.45,6142100
2021-04-09 09:24:42,318.6,6186222
2021-04-09 09:24:43,318.5,6194475
2021-04-09 09:24:45,318.4,6206875
2021-04-09 09:24:46,318.6,6312054
2021-04-09 09:24:46,318.75,6306964
2021-04-09 09:24:47,318.5,6327500
2021-04-09 09:24:48,318.6,6334778
2021-04-09 09:24:50,318.65,6342222
2021-04-09 09:24:51,318.7,6360229
2021-04-09 09:24:51,318.7,6360909
2021-04-09 09:24:52,318.3,6381330
2021-04-09 09:24:53,318.45,6392938
2021-04-09 09:24:56,318.15,6415654
2021-04-09 09:24:56,318.25,6417224
2021-04-09 09:24:57,318.4,6424197
2021-04-09 09:24:58,318.15,6430293
2021-04-09 09:24:59,318.3,6432742
2021-04-09 09:25:00,318.0,6516145
2021-04-09 09:25:01,318.25,6528826
2021-04-09 09:25:04,318.15,6563956
2021-04-09 09:25:05,318.1,6593930
2021-04-09 09:25:06,318.1,6599420
2021-04-09 09:25:06,318.1,6600329
2021-04-09 09:25:07,318.1,6605580
2021-04-09 09:25:08,318.1,6622839
2021-04-09 09:25:09,318.0,6626562
2021-04-09 09:25:11,318.15,6634870
2021-04-09 09:25:12,318.05,6641394
2021-04-09 09:25:12,318.05,6641965
2021-04-09 09:25:13,318.05,6646337
2021-04-09 09:25:14,318.15,6649406
2021-04-09 09:25:15,318.0,6653178
2021-04-09 09:25:16,318.0,6662248
2021-04-09 09:25:17,318.1,6668485
2021-04-09 09:25:19,317.8,6707040
2021-04-09 09:25:20,317.85,6712450
2021-04-09 09:25:20,318.0,6714486
2021-04-09 09:25:21,318.15,6723743
2021-04-09 09:25:22,318.45,6750642
2021-04-09 09:25:23,318.65,6803108
2021-04-09 09:25:24,318.5,6814183
2021-04-09 09:25:26,318.75,6832707
2021-04-09 09:25:27,318.7,6854816
2021-04-09 09:25:28,318.7,6863046
2021-04-09 09:25:29,318.75,6885479
2021-04-09 09:25:29,318.75,6889662
2021-04-09 09:25:30,319.05,6995356
2021-04-09 09:25:31,319.15,7002538
2021-04-09 09:25:32,319.15,7014627
2021-04-09 09:25:34,319.15,7023702
2021-04-09 09:25:35,319.15,7034910
2021-04-09 09:25:36,319.1,7054359
2021-04-09 09:25:36,319.1,7054656
2021-04-09 09:25:37,319.05,7070435
2021-04-09 09:25:38,319.1,7075418
2021-04-09 09:25:40,319.05,7085584
2021-04-09 09:25:41,319.15,7103899
2021-04-09 09:25:42,319.1,7119425
2021-04-09 09:25:42,319.05,7119498
2021-04-09 09:25:43,319.15,7125400
2021-04-09 09:25:45,318.95,7150193
2021-04-09 09:25:46,319.1,7162372
2021-04-09 09:25:47,319.05,7171021
2021-04-09 09:25:48,319.0,7176004
2021-04-09 09:25:48,318.9,7177326
2021-04-09 09:25:49,318.95,7201504
2021-04-09 09:25:50,319.0,7213636
2021-04-09 09:25:52,319.2,7221959
2021-04-09 09:25:53,319.0,7232269
2021-04-09 09:25:54,318.95,7241470
2021-04-09 09:25:54,319.05,7241770
2021-04-09 09:25:56,319.05,7255272
2021-04-09 09:25:56,319.1,7255519
2021-04-09 09:25:57,319.15,7260117
2021-04-09 09:25:58,319.0,7267849
2021-04-09 09:26:00,318.9,7278363
2021-04-09 09:26:01,319.0,7295520
2021-04-09 09:26:02,319.0,7302374
2021-04-09 09:26:03,319.1,7310293
2021-04-09 09:26:04,319.0,7318416
2021-04-09 09:26:05,319.3,7483592
2021-04-09 09:26:06,319.25,7494807
2021-04-09 09:26:07,319.15,7500127
2021-04-09 09:26:07,319.3,7500450
2021-04-09 09:26:08,319.3,7511490
2021-04-09 09:26:10,319.1,7522560
2021-04-09 09:26:11,319.0,7549012
2021-04-09 09:26:12,319.05,7597235
2021-04-09 09:26:12,319.35,7599154
2021-04-09 09:26:13,319.15,7606720
2021-04-09 09:26:14,319.0,7678910
2021-04-09 09:26:15,319.0,7684537
2021-04-09 09:26:16,319.2,7693181
2021-04-09 09:26:17,319.2,7701598
2021-04-09 09:26:19,319.2,7712273
2021-04-09 09:26:20,319.6,7741028
2021-04-09 09:26:21,319.7,7756206
2021-04-09 09:26:22,319.6,7778112
2021-04-09 09:26:23,319.6,7797810
2021-04-09 09:26:24,319.75,7813581
2021-04-09 09:26:25,319.65,7836592
2021-04-09 09:26:26,319.75,7852726
2021-04-09 09:26:27,319.9,7908388
2021-04-09 09:26:27,319.95,7910587
2021-04-09 09:26:28,319.9,7924315
2021-04-09 09:26:30,319.9,7940747
2021-04-09 09:26:31,319.95,7947749
2021-04-09 09:26:32,319.9,7954974
2021-04-09 09:26:33,319.9,7970446
2021-04-09 09:26:34,320.0,8117496
2021-04-09 09:26:35,319.95,8126933
2021-04-09 09:26:36,319.95,8162531
2021-04-09 09:26:37,319.9,8175274
2021-04-09 09:26:38,319.9,8182800
2021-04-09 09:26:39,319.9,8195047
2021-04-09 09:26:39,319.9,8196408
2021-04-09 09:26:42,319.95,8222747
2021-04-09 09:26:43,319.95,8230262
2021-04-09 09:26:44,319.9,8245349
2021-04-09 09:26:45,319.9,8251642
2021-04-09 09:26:46,319.95,8256791
2021-04-09 09:26:46,320.2,8368212
2021-04-09 09:26:47,319.9,8494650
2021-04-09 09:26:49,320.05,8530963
2021-04-09 09:27:12,320.55,8877416
2021-04-09 09:27:12,320.55,8877416
2021-04-09 09:27:12,320.55,8878206
2021-04-09 09:27:13,320.6,8884868
2021-04-09 09:27:15,320.8,8892858
2021-04-09 09:27:16,320.7,8906223
2021-04-09 09:27:17,320.7,8923614
2021-04-09 09:27:17,320.85,8925260
2021-04-09 09:27:18,320.85,8947571
2021-04-09 09:27:19,320.8,8963570
2021-04-09 09:27:21,320.8,8981482
2021-04-09 09:27:22,320.85,9001539
2021-04-09 09:27:23,321.0,9015571
2021-04-09 09:27:23,320.95,9020039
2021-04-09 09:27:24,321.0,9028997
2021-04-09 09:27:26,320.85,9042903
2021-04-09 09:27:27,320.95,9051951
2021-04-09 09:27:28,321.0,9059764
2021-04-09 09:27:28,320.95,9060419
2021-04-09 09:27:29,321.0,9068421
2021-04-09 09:27:31,321.0,9080073
2021-04-09 09:27:32,320.95,9102201
2021-04-09 09:27:33,321.0,9115706
2021-04-09 09:27:33,321.0,9118081
2021-04-09 09:27:34,321.2,9222916
2021-04-09 09:27:35,321.15,9262209
2021-04-09 09:27:37,321.0,9325348
2021-04-09 09:27:38,321.15,9337296
2021-04-09 09:27:39,321.05,9346636
2021-04-09 09:27:40,321.2,9363286
2021-04-09 09:27:40,321.15,9364759
2021-04-09 09:27:42,321.2,9376325
2021-04-09 09:27:43,321.05,9410730
2021-04-09 09:27:44,321.0,9426083
2021-04-09 09:27:45,321.0,9440280
2021-04-09 09:27:45,321.0,9440690
2021-04-09 09:27:47,321.15,9453200
2021-04-09 09:27:48,320.95,9477063
2021-04-09 09:27:49,321.1,9511878
2021-04-09 09:27:50,321.05,9531364
2021-04-09 09:27:50,321.05,9529454
2021-04-09 09:27:52,321.05,9540889
2021-04-09 09:27:53,321.15,9552726
2021-04-09 09:27:54,320.8,9591103
2021-04-09 09:27:55,321.05,9617162
2021-04-09 09:27:56,321.0,9636438
2021-04-09 09:27:56,320.9,9635663
2021-04-09 09:27:58,320.9,9658979
2021-04-09 09:27:59,320.75,9677391
2021-04-09 09:28:00,320.85,9699509
2021-04-09 09:28:01,320.6,9741453
2021-04-09 09:28:01,320.45,9740307
2021-04-09 09:28:02,320.6,9752617
2021-04-09 09:28:04,320.45,9781456
2021-04-09 09:28:05,320.25,9807710
2021-04-09 09:28:06,320.3,9933996
2021-04-09 09:28:07,320.45,9941340
2021-04-09 09:28:07,320.55,9941384
2021-04-09 09:28:09,320.4,9968061
2021-04-09 09:28:10,320.85,9980806
2021-04-09 09:28:11,320.7,9986680
2021-04-09 09:28:12,320.6,10003197
2021-04-09 09:28:12,320.55,10010318
2021-04-09 09:28:13,320.65,10022761
2021-04-09 09:28:14,320.9,10032830
2021-04-09 09:28:15,321.0,10064811
2021-04-09 09:28:17,321.15,10155281
2021-04-09 09:28:18,321.0,10162947
2021-04-09 09:28:19,321.15,10203811
2021-04-09 09:28:20,321.3,10215969
2021-04-09 09:28:20,321.15,10219714
2021-04-09 09:28:22,321.15,10232143
2021-04-09 09:28:23,321.5,10287636
2021-04-09 09:28:24,321.35,10314857
2021-04-09 09:28:25,321.65,10358219
2021-04-09 09:28:25,321.3,10359303
2021-04-09 09:28:27,321.75,10410153
2021-04-09 09:28:28,321.6,10419913
2021-04-09 09:28:29,321.55,10435153
2021-04-09 09:28:30,321.8,10458464
2021-04-09 09:28:30,321.8,10460656
2021-04-09 09:28:32,321.65,10474735
2021-04-09 09:28:33,321.65,10489577
2021-04-09 09:28:34,321.45,10533555
2021-04-09 09:28:35,321.5,10545558
2021-04-09 09:28:36,321.55,10558636
2021-04-09 09:28:37,321.4,10567304
2021-04-09 09:28:37,321.3,10572836
2021-04-09 09:28:39,321.4,10592178
2021-04-09 09:28:39,321.35,10602843
2021-04-09 09:28:41,321.25,10616245
2021-04-09 09:28:42,320.8,10665028
2021-04-09 09:28:43,321.0,10674509
2021-04-09 09:28:44,320.9,10686620
2021-04-09 09:28:45,321.0,10689869
2021-04-09 09:28:45,320.9,10694786
2021-04-09 09:28:46,321.2,10705627
2021-04-09 09:28:47,321.0,10710349
2021-04-09 09:28:49,321.25,10717308
2021-04-09 09:28:50,321.15,10724952
2021-04-09 09:28:51,321.1,10731273
2021-04-09 09:28:52,321.3,10745373
2021-04-09 09:28:53,321.2,10780163
2021-04-09 09:28:54,321.1,10787184
2021-04-09 09:28:54,321.25,10788127
2021-04-09 09:28:56,321.25,10798947
2021-04-09 09:28:57,321.05,10809113
2021-04-09 09:28:58,321.25,10817465
2021-04-09 09:28:59,321.2,10823744
2021-04-09 09:28:59,321.15,10827084
2021-04-09 09:29:01,321.4,10842843
2021-04-09 09:29:02,321.25,10850415
2021-04-09 09:29:03,321.25,10854510
2021-04-09 09:29:04,321.1,10860368
2021-04-09 09:29:05,321.1,10876196
2021-04-09 09:29:05,321.2,10879357
2021-04-09 09:29:07,321.2,10888906
2021-04-09 09:29:08,321.05,10894983
2021-04-09 09:29:09,321.05,10904187
2021-04-09 09:29:10,321.2,10907006
2021-04-09 09:29:11,321.0,10938536
2021-04-09 09:29:12,321.15,10944111
2021-04-09 09:29:12,321.15,10944642
2021-04-09 09:29:13,320.95,10981787
2021-04-09 09:29:15,321.0,10989035
2021-04-09 09:29:15,320.95,11003442
2021-04-09 09:29:16,321.1,11008088
2021-04-09 09:29:18,321.05,11019309
2021-04-09 09:29:19,321.0,11029478
2021-04-09 09:29:20,320.9,11051016
2021-04-09 09:29:21,320.9,11053777
2021-04-09 09:29:22,320.65,11077025
2021-04-09 09:29:22,320.65,11078204
2021-04-09 09:29:25,320.75,11095413
2021-04-09 09:29:26,320.6,11099658
2021-04-09 09:29:27,320.7,11106428
2021-04-09 09:29:27,320.7,11108288
2021-04-09 09:29:28,320.7,11113092
2021-04-09 09:29:29,320.75,11123656
2021-04-09 09:29:30,320.8,11128676
2021-04-09 09:29:31,320.7,11142586
2021-04-09 09:29:33,320.6,11148945
2021-04-09 09:29:34,320.65,11153040
2021-04-09 09:29:35,320.7,11159073
2021-04-09 09:29:36,320.8,11164735
2021-04-09 09:29:37,320.9,11169861
2021-04-09 09:29:38,320.8,11173397
2021-04-09 09:29:38,320.8,11173397
2021-04-09 09:29:40,320.85,11190903
2021-04-09 09:29:41,321.2,11333816
2021-04-09 09:29:42,321.3,11338899
2021-04-09 09:29:43,321.35,11346923
2021-04-09 09:29:44,321.3,11366743
2021-04-09 09:29:45,322.2,11758574
2021-04-09 09:29:46,322.05,11841396
2021-04-09 09:29:46,322.05,11842384
2021-04-09 09:29:48,321.9,11857589
2021-04-09 09:29:49,322.05,11873489
2021-04-09 09:29:50,322.0,11889788
2021-04-09 09:29:51,321.95,11895504
2021-04-09 09:29:52,321.9,11904581
2021-04-09 09:29:53,321.95,11907467
2021-04-09 09:29:54,321.8,11924025
2021-04-09 09:29:55,321.9,11937874
2021-04-09 09:29:56,321.9,11946400
2021-04-09 09:29:58,321.85,11965233
2021-04-09 09:29:57,321.8,11964222
2021-04-09 09:29:59,322.05,11978083
2021-04-09 09:30:00,322.2,11993881
2021-04-09 09:30:01,322.25,12002815
2021-04-09 09:30:02,322.2,12013192
2021-04-09 09:30:03,322.5,12023655
2021-04-09 09:30:04,322.35,12055499
2021-04-09 09:30:05,322.5,12112025
2021-04-09 09:30:06,322.5,12131916
2021-04-09 09:30:07,322.6,12140825
2021-04-09 09:30:08,322.5,12171828
2021-04-09 09:30:09,322.5,12187476
2021-04-09 09:30:10,322.45,12222362
2021-04-09 09:30:12,322.35,12252506
2021-04-09 09:30:13,322.35,12265406
2021-04-09 09:30:14,322.4,12272992
2021-04-09 09:30:15,322.15,12337106
2021-04-09 09:30:16,322.25,12354441
2021-04-09 09:30:17,322.45,12364914
2021-04-09 09:30:18,322.45,12372804
2021-04-09 09:30:19,322.3,12385490
2021-04-09 09:30:20,322.3,12399576
2021-04-09 09:30:21,322.35,12412281
2021-04-09 09:30:22,322.45,12421011
2021-04-09 09:30:23,322.35,12434481
2021-04-09 09:30:24,322.2,12445662
2021-04-09 09:30:25,322.4,12455323
2021-04-09 09:30:26,322.25,12472102
2021-04-09 09:30:27,322.2,12485178
2021-04-09 09:30:28,322.25,12491761
2021-04-09 09:30:29,322.35,12497681
2021-04-09 09:30:30,322.3,12505811
2021-04-09 09:30:31,322.45,12507467
2021-04-09 09:30:32,322.45,12515379
2021-04-09 09:30:33,322.25,12522806
2021-04-09 09:30:34,322.3,12534693
2021-04-09 09:30:35,322.5,12545098
2021-04-09 09:30:36,322.45,12580172
2021-04-09 09:30:37,322.75,12603830
2021-04-09 09:30:38,322.6,12614456
2021-04-09 09:30:39,322.75,12638045
2021-04-09 09:30:40,322.7,12649162
2021-04-09 09:30:41,322.6,12649968
2021-04-09 09:30:42,322.5,12662966
2021-04-09 09:30:43,322.55,12670166
2021-04-09 09:30:44,322.55,12678090
2021-04-09 09:30:45,322.55,12687250
2021-04-09 09:30:46,322.75,12699078
2021-04-09 09:30:47,322.5,12707614
2021-04-09 09:30:48,322.5,12711553
2021-04-09 09:30:49,322.6,12718543
2021-04-09 09:30:50,322.55,12729773
2021-04-09 09:30:51,322.5,12739915
2021-04-09 09:30:52,322.6,12753035
2021-04-09 09:30:53,322.65,12771912
2021-04-09 09:31:19,322.95,13481529
2021-04-09 09:31:20,322.95,13498438
2021-04-09 09:31:21,322.85,13535853
2021-04-09 09:31:22,323.0,13562725
2021-04-09 09:31:23,323.1,13572112
2021-04-09 09:31:24,323.0,13591603
2021-04-09 09:31:25,322.9,13616905
2021-04-09 09:31:26,323.0,13630867
2021-04-09 09:31:27,323.0,13652743
2021-04-09 09:31:28,323.0,13656221
2021-04-09 09:31:29,323.0,13664314
2021-04-09 09:31:31,323.15,13705851
2021-04-09 09:31:32,323.25,13722063
2021-04-09 09:31:33,323.15,13728605
2021-04-09 09:31:35,323.45,13779334
2021-04-09 09:31:34,323.3,13774959
2021-04-09 09:31:36,323.25,13791943
2021-04-09 09:31:37,323.45,13807789
2021-04-09 09:31:38,323.4,13812418
2021-04-09 09:31:39,323.45,13823676
2021-04-09 09:31:40,323.45,13827955
2021-04-09 09:31:41,323.35,13852763
2021-04-09 09:31:42,323.45,13860924
2021-04-09 09:31:43,323.45,13867232
2021-04-09 09:31:44,323.4,13874154
2021-04-09 09:31:45,323.4,13883899
2021-04-09 09:31:47,323.25,13913645
2021-04-09 09:31:46,323.35,13909100
2021-04-09 09:31:48,323.45,13928404
2021-04-09 09:31:49,323.4,13937941
2021-04-09 09:31:50,323.35,13959577
2021-04-09 09:31:51,323.3,13967817
2021-04-09 09:31:52,323.4,13976206
2021-04-09 09:31:53,323.3,13977138
2021-04-09 09:31:54,323.4,13989130
2021-04-09 09:31:55,323.3,14002966
2021-04-09 09:31:56,323.4,14011476
2021-04-09 09:31:57,323.5,14015026
2021-04-09 09:31:58,323.5,14024759
2021-04-09 09:31:59,323.5,14034895
2021-04-09 09:32:01,323.4,14040166
2021-04-09 09:32:01,323.45,14041748
2021-04-09 09:32:02,323.5,14066213
2021-04-09 09:32:03,323.5,14089051
2021-04-09 09:32:04,323.4,14093616
2021-04-09 09:32:05,323.6,14131086
2021-04-09 09:32:07,323.55,14168319
2021-04-09 09:32:07,323.65,14169937
2021-04-09 09:32:08,323.55,14181243
2021-04-09 09:32:09,323.55,14189287
2021-04-09 09:32:10,323.5,14196647
2021-04-09 09:32:11,323.2,14241463
2021-04-09 09:32:12,323.25,14253196
2021-04-09 09:32:13,322.9,14347047
2021-04-09 09:32:15,323.05,14359909
2021-04-09 09:32:15,323.0,14361408
2021-04-09 09:32:16,322.7,14421421
2021-04-09 09:32:17,322.55,14442886
2021-04-09 09:32:18,322.55,14452334
2021-04-09 09:32:19,322.1,14517607
2021-04-09 09:32:21,322.0,14533921
2021-04-09 09:32:21,321.9,14567218
2021-04-09 09:32:22,322.2,14582619
2021-04-09 09:32:23,322.3,14613586
2021-04-09 09:32:24,322.45,14624056
2021-04-09 09:32:26,322.5,14638612
2021-04-09 09:32:26,322.55,14642786
2021-04-09 09:32:27,322.5,14649981
2021-04-09 09:32:28,322.85,14665421
2021-04-09 09:32:29,322.75,14690238
2021-04-09 09:32:30,322.9,14710310
2021-04-09 09:32:31,322.85,14719660
2021-04-09 09:32:32,322.8,14730032
2021-04-09 09:32:34,322.75,14737287
2021-04-09 09:32:34,322.6,14738623
2021-04-09 09:32:35,322.65,14750140
2021-04-09 09:32:36,322.55,14784890
2021-04-09 09:32:37,322.7,14796907
2021-04-09 09:32:39,322.65,14809516
2021-04-09 09:32:39,322.5,14810217
2021-04-09 09:32:40,322.7,14817582
2021-04-09 09:32:41,322.55,14826412
2021-04-09 09:32:42,322.7,14839074
2021-04-09 09:32:44,322.6,14852434
2021-04-09 09:32:44,322.5,14854050
2021-04-09 09:32:45,322.65,14861454
2021-04-09 09:32:46,322.55,14865755
2021-04-09 09:32:47,322.3,14871630
2021-04-09 09:32:48,322.35,14877178
2021-04-09 09:32:50,321.9,14909032
2021-04-09 09:32:51,322.1,14916661
2021-04-09 09:32:52,321.95,14928848
2021-04-09 09:32:53,322.15,14940893
2021-04-09 09:32:55,322.2,14949962
2021-04-09 09:32:56,322.05,14960240
2021-04-09 09:32:57,322.05,14976274
2021-04-09 09:32:58,321.95,14989329
2021-04-09 09:32:59,322.05,15005049
2021-04-09 09:33:01,322.2,15014358
2021-04-09 09:33:02,322.2,15018806
2021-04-09 09:33:02,322.05,15024724
2021-04-09 09:33:03,322.0,15036361
2021-04-09 09:33:04,322.2,15048482
2021-04-09 09:33:05,322.05,15069835
2021-04-09 09:33:07,322.0,15082099
2021-04-09 09:33:07,322.2,15079894
2021-04-09 09:33:08,322.2,15089260
2021-04-09 09:33:09,322.1,15098821
2021-04-09 09:33:10,322.0,15109594
2021-04-09 09:33:11,322.0,15114078
2021-04-09 09:33:13,321.95,15138991
2021-04-09 09:33:14,322.0,15145878
2021-04-09 09:33:15,322.0,15150027
2021-04-09 09:33:16,321.9,15155837
2021-04-09 09:33:17,321.95,15165702
2021-04-09 09:33:19,321.9,15175773
2021-04-09 09:33:19,322.0,15177834
2021-04-09 09:33:20,321.8,15182906
2021-04-09 09:33:21,321.75,15189965
2021-04-09 09:33:22,321.75,15211040
2021-04-09 09:33:24,321.5,15236697
2021-04-09 09:33:24,321.5,15237082
2021-04-09 09:33:25,321.65,15243761
2021-04-09 09:33:26,321.7,15253568
2021-04-09 09:33:27,321.6,15262504
2021-04-09 09:33:29,321.5,15270763
2021-04-09 09:33:29,321.5,15271408
2021-04-09 09:33:30,321.5,15280830
2021-04-09 09:33:31,321.5,15295052
2021-04-09 09:33:33,321.6,15309946
2021-04-09 09:33:35,321.6,15315150
2021-04-09 09:33:35,321.7,15316196
2021-04-09 09:33:36,321.8,15326898
2021-04-09 09:33:37,321.8,15339823
2021-04-09 09:33:38,321.7,15347028
2021-04-09 09:33:40,322.35,15550761
2021-04-09 09:33:40,322.3,15549145
2021-04-09 09:33:41,322.35,15567461
2021-04-09 09:33:42,322.4,15577939
2021-04-09 09:33:43,322.3,15588311
2021-04-09 09:33:44,322.3,15591635
2021-04-09 09:33:46,322.2,15604526
2021-04-09 09:33:46,322.05,15604821
2021-04-09 09:33:47,322.0,15613729
2021-04-09 09:33:48,322.2,15623050
2021-04-09 09:33:49,322.3,15628783
2021-04-09 09:33:51,322.05,15637973
2021-04-09 09:33:51,322.25,15638178
2021-04-09 09:33:52,322.1,15641467
2021-04-09 09:33:53,322.0,15649871
2021-04-09 09:33:54,322.2,15653136
2021-04-09 09:33:55,322.2,15657776
2021-04-09 09:33:57,322.15,15663255
2021-04-09 09:33:58,321.95,15669619
2021-04-09 09:33:58,321.95,15670330
2021-04-09 09:33:59,321.9,15675771
2021-04-09 09:34:00,321.9,15680947
2021-04-09 09:34:02,321.9,15716273
2021-04-09 09:34:03,322.05,15723684
2021-04-09 09:34:05,322.0,15730059
2021-04-09 09:34:05,322.0,15730279
2021-04-09 09:34:06,322.05,15733303
2021-04-09 09:34:07,322.05,15738851
2021-04-09 09:34:08,322.0,15746890
2021-04-09 09:34:10,321.95,15773213
2021-04-09 09:34:11,321.8,15776415
2021-04-09 09:34:11,321.8,15776664
2021-04-09 09:34:12,321.9,15778714
2021-04-09 09:34:13,321.8,15779974
2021-04-09 09:34:14,321.9,15783724
2021-04-09 09:34:15,322.0,15794479
2021-04-09 09:34:17,322.25,15819203
2021-04-09 09:34:18,322.35,15865179
2021-04-09 09:34:19,322.2,15872979
2021-04-09 09:34:19,322.4,15871754
2021-04-09 09:34:20,322.3,15879467
2021-04-09 09:34:21,322.35,15884179
2021-04-09 09:34:22,322.5,15888579
2021-04-09 09:34:24,322.35,15892322
2021-04-09 09:34:25,322.35,15894980
2021-04-09 09:34:26,322.45,15901043
2021-04-09 09:34:26,322.5,15901869
2021-04-09 09:34:27,322.4,15905247
2021-04-09 09:34:28,322.2,15906906
2021-04-09 09:34:29,322.35,15911367
2021-04-09 09:34:31,322.15,15914401
2021-04-09 09:34:32,322.3,15919038
2021-04-09 09:34:32,322.15,15919093
2021-04-09 09:34:33,322.35,15954665
2021-04-09 09:34:34,322.2,15957810
2021-04-09 09:34:35,322.15,15965057
2021-04-09 09:34:37,322.35,15969270
2021-04-09 09:34:38,322.2,15975833
2021-04-09 09:34:38,322.15,15977238
2021-04-09 09:34:39,322.1,15982398
2021-04-09 09:34:42,322.05,15989942
2021-04-09 09:34:43,322.0,15994176
2021-04-09 09:34:43,322.1,15994416
2021-04-09 09:34:44,322.05,15995520
2021-04-09 09:34:45,322.0,16016663
2021-04-09 09:34:46,322.0,16020991
2021-04-09 09:34:48,322.0,16024543
2021-04-09 09:34:49,322.0,16026157
2021-04-09 09:34:49,322.0,16026046
2021-04-09 09:34:50,322.1,16033647
2021-04-09 09:34:51,322.1,16038503
2021-04-09 09:34:52,322.05,16048259
2021-04-09 09:34:53,322.2,16051079
2021-04-09 09:34:54,322.15,16052008
2021-04-09 09:34:55,322.1,16057385
2021-04-09 09:34:57,322.35,16062563
2021-04-09 09:34:58,322.1,16067616
2021-04-09 09:34:59,322.2,16070232
2021-04-09 09:35:00,322.3,16074807
2021-04-09 09:35:00,322.35,16077307
2021-04-09 09:35:01,322.35,16092146
2021-04-09 09:35:02,322.3,16100099
2021-04-09 09:35:03,322.25,16105657
2021-04-09 09:35:05,322.25,16108782
2021-04-09 09:35:06,322.3,16115297
2021-04-09 09:35:06,322.4,16116005
2021-04-09 09:35:07,322.4,16126222
2021-04-09 09:35:08,322.4,16137033
2021-04-09 09:35:09,322.4,16141983
2021-04-09 09:35:11,322.4,16146331
2021-04-09 09:35:12,322.5,16150547
2021-04-09 09:35:13,322.5,16172175
2021-04-09 09:35:13,322.5,16173307
2021-04-09 09:35:14,322.5,16181548
2021-04-09 09:35:15,322.7,16216827
2021-04-09 09:35:16,322.75,16224664
2021-04-09 09:35:17,322.65,16230382
2021-04-09 09:35:19,322.8,16239857
2021-04-09 09:35:20,322.6,16241927
2021-04-09 09:35:21,322.6,16247753
2021-04-09 09:35:22,322.6,16253913
2021-04-09 09:35:22,322.5,16255087
2021-04-09 09:35:23,322.85,16271463
2021-04-09 09:35:24,322.7,16274331
2021-04-09 09:35:26,322.75,16277230
2021-04-09 09:35:27,322.85,16282716
2021-04-09 09:35:27,322.75,16282034
2021-04-09 09:35:28,322.9,16290893
2021-04-09 09:35:29,322.8,16294774
2021-04-09 09:35:31,322.9,16308050
2021-04-09 09:35:32,322.85,16311480
2021-04-09 09:35:33,322.9,16319134
2021-04-09 09:35:33,323.1,16450556
2021-04-09 09:35:34,323.3,16463130
2021-04-09 09:35:35,323.4,16472400
2021-04-09 09:35:37,323.15,16490367
2021-04-09 09:35:38,323.25,16498459
2021-04-09 09:35:38,323.35,16498534
2021-04-09 09:35:39,323.4,16506751
2021-04-09 09:35:40,323.4,16511532
2021-04-09 09:35:41,323.2,16522020
2021-04-09 09:35:43,323.35,16529721
2021-04-09 09:35:44,323.3,16545141
2021-04-09 09:35:44,323.4,16545408
2021-04-09 09:35:45,323.35,16551936
2021-04-09 09:35:46,323.45,16559138
2021-04-09 09:35:47,323.4,16566661
2021-04-09 09:35:48,323.5,16658615
2021-04-09 09:35:49,323.3,16673840
2021-04-09 09:35:50,323.3,16679776
2021-04-09 09:35:52,323.1,16690930
2021-04-09 09:35:53,323.0,16698200
2021-04-09 09:35:53,323.2,16700539
2021-04-09 09:35:54,323.0,16717919
2021-04-09 09:35:55,323.0,16730026
2021-04-09 09:35:56,323.25,16734022
2021-04-09 09:35:58,323.15,16745036
2021-04-09 09:35:59,323.2,16748704
2021-04-09 09:36:00,323.35,16752489
2021-04-09 09:36:00,323.35,16751856
2021-04-09 09:36:01,323.25,16757863
2021-04-09 09:36:02,323.4,16793551
2021-04-09 09:36:04,323.25,16801035
2021-04-09 09:36:05,323.4,16806991
2021-04-09 09:36:05,323.5,16807276
2021-04-09 09:36:06,323.55,16828055
2021-04-09 09:36:07,323.55,16838597
2021-04-09 09:36:08,323.4,16845220
2021-04-09 09:36:09,323.5,16850879
2021-04-09 09:36:11,323.55,16859436
2021-04-09 09:36:12,323.35,16866418
2021-04-09 09:36:12,323.45,16866986
2021-04-09 09:36:13,323.5,16873057
2021-04-09 09:36:15,323.55,16880778
2021-04-09 09:36:16,323.5,16883697
2021-04-09 09:36:17,323.45,16890371
2021-04-09 09:36:18,323.25,16910562
2021-04-09 09:36:19,323.15,16915715
2021-04-09 09:36:20,323.0,16964375
2021-04-09 09:36:20,322.9,16966386
2021-04-09 09:36:21,323.0,16974892
2021-04-09 09:36:23,323.05,16983392
2021-04-09 09:36:23,323.15,16985542
2021-04-09 09:36:24,323.1,16988655
2021-04-09 09:36:25,323.05,16989443
2021-04-09 09:36:26,323.2,16999256
2021-04-09 09:36:27,323.0,17002169
2021-04-09 09:36:28,323.1,17006312
2021-04-09 09:36:29,323.0,17009463
2021-04-09 09:36:30,323.15,17014423
2021-04-09 09:36:32,323.0,17021982
2021-04-09 09:36:33,323.05,17026333
2021-04-09 09:36:34,323.15,17028415
2021-04-09 09:36:35,323.05,17031764
2021-04-09 09:36:36,323.2,17035593
2021-04-09 09:36:37,323.2,17037980
2021-04-09 09:36:38,323.1,17045545
2021-04-09 09:36:39,322.7,17058822
2021-04-09 09:36:40,323.0,17064808
2021-04-09 09:36:41,323.0,17068011
2021-04-09 09:36:41,323.0,17068710
2021-04-09 09:36:42,322.9,17073311
2021-04-09 09:36:43,323.0,17076877
2021-04-09 09:36:44,322.95,17079077
2021-04-09 09:36:45,322.85,17081118
2021-04-09 09:36:46,322.95,17089438
2021-04-09 09:36:47,322.95,17091301
2021-04-09 09:36:48,322.75,17094643
2021-04-09 09:36:49,322.8,17098854
2021-04-09 09:36:51,322.75,17106430
2021-04-09 09:36:52,322.75,17109099
2021-04-09 09:36:53,322.6,17118036
2021-04-09 09:36:54,322.75,17120930
2021-04-09 09:36:55,322.7,17122900
2021-04-09 09:36:56,322.65,17126121
2021-04-09 09:36:56,322.65,17127686
2021-04-09 09:36:57,322.75,17130766
2021-04-09 09:36:59,322.75,17148153
2021-04-09 09:37:00,322.7,17151001
2021-04-09 09:37:01,322.85,17156798
2021-04-09 09:37:02,322.8,17160169
2021-04-09 09:37:03,322.7,17161548
2021-04-09 09:37:04,322.7,17163701
2021-04-09 09:37:05,322.9,17164707
2021-04-09 09:37:06,322.8,17169332
2021-04-09 09:37:07,322.75,17172317
2021-04-09 09:37:08,322.9,17176795
2021-04-09 09:37:10,323.0,17180681
2021-04-09 09:37:11,322.95,17219790
2021-04-09 09:37:12,322.9,17225655
2021-04-09 09:37:13,323.0,17228072
2021-04-09 09:37:14,322.9,17231375
2021-04-09 09:37:15,323.0,17237491
2021-04-09 09:37:15,323.0,17239287
2021-04-09 09:37:16,323.1,17248348
2021-04-09 09:37:17,323.1,17253855
2021-04-09 09:37:18,323.15,17279459
2021-04-09 09:37:19,323.05,17283149
2021-04-09 09:37:20,323.1,17285448
2021-04-09 09:37:21,323.3,17293496
2021-04-09 09:37:22,323.3,17304329
2021-04-09 09:37:23,323.2,17309082
2021-04-09 09:37:24,323.3,17312907
2021-04-09 09:37:25,323.25,17322280
2021-04-09 09:37:26,323.35,17355190
2021-04-09 09:37:27,323.25,17360038
2021-04-09 09:37:28,323.3,17365909
2021-04-09 09:37:30,323.1,17378123
2021-04-09 09:37:30,323.25,17379886
2021-04-09 09:37:31,323.25,17389809
2021-04-09 09:37:32,323.1,17392483
2021-04-09 09:37:33,323.1,17398402
2021-04-09 09:37:34,323.25,17401982
2021-04-09 09:37:35,323.0,17430776
2021-04-09 09:37:36,322.9,17442487
2021-04-09 09:37:37,322.9,17446087
2021-04-09 09:37:38,322.95,17451357
2021-04-09 09:37:39,322.85,17452693
2021-04-09 09:37:40,323.05,17454768
2021-04-09 09:37:41,323.1,17460159
2021-04-09 09:37:42,323.0,17463807
2021-04-09 09:37:43,322.9,17466665
2021-04-09 09:37:44,322.9,17468282
2021-04-09 09:37:45,323.0,17472299
2021-04-09 09:37:46,323.0,17481200
2021-04-09 09:37:47,322.9,17485819
2021-04-09 09:37:48,322.9,17490041
2021-04-09 09:37:49,323.0,17492422
2021-04-09 09:37:50,322.9,17495645
2021-04-09 09:37:51,322.9,17497926
2021-04-09 09:37:52,323.0,17504866
2021-04-09 09:37:53,323.0,17511208
2021-04-09 09:37:54,322.9,17515920
2021-04-09 09:37:55,323.0,17519694
2021-04-09 09:37:56,322.95,17523295
2021-04-09 09:37:57,322.75,17533746
2021-04-09 09:37:58,322.9,17536043
2021-04-09 09:37:59,322.75,17581963
2021-04-09 09:38:00,322.9,17600488
2021-04-09 09:38:01,322.85,17601710
2021-04-09 09:38:02,322.65,17608164
2021-04-09 09:38:03,322.6,17616156
2021-04-09 09:38:04,322.75,17620557
2021-04-09 09:38:05,322.55,17628949
2021-04-09 09:38:06,322.55,17629442
2021-04-09 09:38:08,322.55,17630747
2021-04-09 09:38:08,322.7,17639700
2021-04-09 09:38:09,322.65,17640092
2021-04-09 09:38:10,322.7,17641817
2021-04-09 09:38:11,322.75,17646214
2021-04-09 09:38:13,322.7,17653800
2021-04-09 09:38:14,322.65,17664546
2021-04-09 09:38:15,322.7,17667669
2021-04-09 09:38:16,322.55,17675577
2021-04-09 09:38:17,322.7,17679515
2021-04-09 09:38:18,322.7,17686133
2021-04-09 09:38:19,322.5,17723584
2021-04-09 09:38:20,322.65,17733793
2021-04-09 09:38:21,322.7,17735592
2021-04-09 09:38:22,322.85,17745196
2021-04-09 09:38:23,322.7,17754334
2021-04-09 09:38:24,322.85,17757800
2021-04-09 09:38:24,322.75,17758090
2021-04-09 09:38:26,322.85,17768303
2021-04-09 09:38:27,322.85,17769382
2021-04-09 09:38:28,322.8,17772654
2021-04-09 09:38:30,322.9,17775227
2021-04-09 09:38:31,322.8,17777762
2021-04-09 09:38:32,322.85,17778641
2021-04-09 09:38:33,322.95,17783775
2021-04-09 09:38:34,322.8,17785060
2021-04-09 09:38:36,322.8,17788188
2021-04-09 09:38:37,323.0,17790894
2021-04-09 09:38:38,322.9,17793834
2021-04-09 09:38:39,322.9,17795604
2021-04-09 09:38:40,322.8,17798755
2021-04-09 09:38:41,322.8,17803139
2021-04-09 09:38:42,322.85,17811209
2021-04-09 09:38:43,322.8,17813079
2021-04-09 09:38:44,322.8,17815606
2021-04-09 09:38:45,322.8,17816716
2021-04-09 09:38:46,322.9,17820797
2021-04-09 09:38:47,322.9,17823242
2021-04-09 09:38:48,322.8,17826889
2021-04-09 09:38:49,322.75,17828149
2021-04-09 09:38:50,322.8,17830205
2021-04-09 09:38:51,322.85,17833350
2021-04-09 09:38:52,322.8,17835478
2021-04-09 09:38:53,322.8,17837488
2021-04-09 09:38:54,322.8,17839423
2021-04-09 09:38:55,322.65,17845909
2021-04-09 09:38:56,322.65,17850346
2021-04-09 09:38:57,322.55,17855169
2021-04-09 09:38:58,322.55,17858457
2021-04-09 09:38:59,322.6,17860435
2021-04-09 09:39:00,322.75,17862216
2021-04-09 09:39:01,322.6,17864563
2021-04-09 09:39:02,322.6,17866224
2021-04-09 09:39:03,322.65,17867887
2021-04-09 09:39:04,322.6,17869221
2021-04-09 09:39:05,322.6,17873060
2021-04-09 09:39:06,322.55,17877085
2021-04-09 09:39:07,322.55,17881316
2021-04-09 09:39:08,322.5,17891922
2021-04-09 09:39:09,322.5,17894407
2021-04-09 09:39:10,322.55,17895547
2021-04-09 09:39:11,322.65,17897958
2021-04-09 09:39:12,322.6,17898705
2021-04-09 09:39:13,322.55,17900547
2021-04-09 09:39:14,322.65,17903860
2021-04-09 09:39:15,322.45,17986083
2021-04-09 09:39:17,322.35,17992382
2021-04-09 09:39:18,322.5,17994681
2021-04-09 09:39:19,322.5,17999531
2021-04-09 09:39:20,322.5,18001901
2021-04-09 09:39:21,322.4,18005597
2021-04-09 09:39:22,322.5,18008410
2021-04-09 09:39:23,322.4,18010627
2021-04-09 09:39:24,322.5,18012177
2021-04-09 09:39:25,322.3,18017944
2021-04-09 09:39:26,322.35,18019491
2021-04-09 09:39:27,322.35,18022012
2021-04-09 09:39:27,322.5,18024012
2021-04-09 09:39:28,322.45,18025377
2021-04-09 09:39:29,322.4,18028305
2021-04-09 09:39:31,322.5,18036118
2021-04-09 09:39:32,322.3,18038501
2021-04-09 09:39:33,322.35,18040796
2021-04-09 09:39:34,322.3,18041868
2021-04-09 09:39:35,322.35,18043907
2021-04-09 09:39:36,322.4,18046330
2021-04-09 09:39:37,322.45,18051466
2021-04-09 09:39:38,322.55,18066603
2021-04-09 09:39:38,322.55,18068887
2021-04-09 09:39:40,322.4,18070928
2021-04-09 09:39:41,322.5,18071678
2021-04-09 09:39:42,322.3,18075506
2021-04-09 09:39:43,322.3,18077458
2021-04-09 09:39:44,322.3,18079342
2021-04-09 09:39:45,322.3,18081176
2021-04-09 09:39:46,322.25,18084295
2021-04-09 09:39:47,322.25,18087995
2021-04-09 09:39:48,322.25,18110026
2021-04-09 09:39:49,322.2,18110994
2021-04-09 09:39:50,322.25,18113227
2021-04-09 09:39:51,322.3,18114652
2021-04-09 09:39:52,322.25,18125620
2021-04-09 09:39:53,322.2,18128837
2021-04-09 09:39:54,322.05,18132209
2021-04-09 09:39:55,322.2,18134708
2021-04-09 09:39:56,322.05,18140025
2021-04-09 09:39:56,322.15,18138215
2021-04-09 09:39:58,321.95,18291808
2021-04-09 09:39:59,322.05,18293897
2021-04-09 09:40:00,321.95,18297013
2021-04-09 09:40:01,321.95,18298173
2021-04-09 09:40:02,321.95,18300068
2021-04-09 09:40:03,321.95,18306401
2021-04-09 09:40:04,321.95,18315975
2021-04-09 09:40:05,321.8,18320778
2021-04-09 09:40:06,321.85,18327874
2021-04-09 09:40:07,321.7,18332129
2021-04-09 09:40:08,321.7,18334880
2021-04-09 09:40:09,321.8,18338928
2021-04-09 09:40:10,321.75,18344416
2021-04-09 09:40:11,321.8,18353453
2021-04-09 09:40:12,321.65,18362607
2021-04-09 09:40:12,321.65,18362842
2021-04-09 09:40:13,321.65,18369353
2021-04-09 09:40:14,321.8,18372965
2021-04-09 09:40:15,322.0,18430774
2021-04-09 09:40:16,322.2,18444648
2021-04-09 09:40:18,322.05,18455930
2021-04-09 09:40:19,322.0,18462005
2021-04-09 09:40:21,322.1,18468541
2021-04-09 09:40:22,322.0,18475557
2021-04-09 09:40:24,322.05,18479481
2021-04-09 09:40:24,321.95,18482537
2021-04-09 09:40:25,322.15,18502946
2021-04-09 09:40:26,322.15,18507418
2021-04-09 09:40:27,322.2,18516336
2021-04-09 09:40:28,322.3,18520258
2021-04-09 09:40:29,322.15,18527281
2021-04-09 09:40:30,322.15,18553637
2021-04-09 09:40:33,322.25,18564283
2021-04-09 09:40:34,322.4,18574149
2021-04-09 09:40:35,322.25,18580893
2021-04-09 09:40:36,322.3,18586599
2021-04-09 09:40:37,322.25,18588935
2021-04-09 09:40:38,322.5,18594517
2021-04-09 09:40:39,322.4,18622710
2021-04-09 09:40:40,322.45,18624072
2021-04-09 09:40:41,322.5,18625464
2021-04-09 09:40:42,322.5,18629464
2021-04-09 09:40:43,322.45,18630957
2021-04-09 09:40:44,322.4,18634908
2021-04-09 09:40:45,322.55,18642262
2021-04-09 09:40:46,322.5,18649149
2021-04-09 09:40:47,322.5,18651984
2021-04-09 09:40:48,322.5,18656429
2021-04-09 09:40:49,322.45,18665212
2021-04-09 09:40:50,322.55,18685387
2021-04-09 09:40:51,322.7,18686009
2021-04-09 09:40:52,322.7,18688469
2021-04-09 09:40:53,322.65,18690265
2021-04-09 09:40:54,322.5,18691989
2021-04-09 09:40:55,322.7,18706033
2021-04-09 09:40:56,322.6,18708049
2021-04-09 09:40:57,322.7,18714665
2021-04-09 09:40:58,322.6,18717528
2021-04-09 09:40:59,322.55,18718395
2021-04-09 09:41:00,322.7,18722515
2021-04-09 09:41:01,322.6,18730756
2021-04-09 09:41:02,322.55,18733410
2021-04-09 09:41:03,322.55,18735425
2021-04-09 09:41:04,322.7,18739110
2021-04-09 09:41:05,322.7,18742156
2021-04-09 09:41:06,322.7,18743408
2021-04-09 09:41:07,322.7,18744428
2021-04-09 09:41:08,322.65,18750138
2021-04-09 09:41:09,322.8,18755821
2021-04-09 09:41:10,322.9,18759133
2021-04-09 09:41:11,322.8,18767767
2021-04-09 09:41:12,322.75,18771104
2021-04-09 09:41:13,322.75,18771372
2021-04-09 09:41:14,322.75,18774701
2021-04-09 09:41:15,322.75,18775868
2021-04-09 09:41:16,322.75,18777664
2021-04-09 09:41:17,322.9,18778755
2021-04-09 09:41:19,322.7,18779735
2021-04-09 09:41:20,322.85,18791322
2021-04-09 09:41:21,322.75,18795804
2021-04-09 09:41:22,322.85,18797593
2021-04-09 09:41:23,322.7,18799510
2021-04-09 09:41:24,322.75,18800508
2021-04-09 09:41:26,322.75,18803816
2021-04-09 09:41:27,322.75,18814329
2021-04-09 09:41:28,322.8,18816504
2021-04-09 09:41:30,322.8,18826485
2021-04-09 09:41:31,322.8,18827817
2021-04-09 09:41:32,322.85,18829956
2021-04-09 09:41:33,322.85,18830972
2021-04-09 09:41:34,322.85,18831863
2021-04-09 09:41:35,322.75,18831964
2021-04-09 09:41:36,322.75,18834204
2021-04-09 09:41:37,322.85,18836500
2021-04-09 09:41:38,322.85,18838534
2021-04-09 09:41:39,322.75,18841943
2021-04-09 09:41:40,322.85,18845942
2021-04-09 09:41:41,322.85,18848141
2021-04-09 09:41:42,322.8,18848142
2021-04-09 09:41:43,322.85,18850201
2021-04-09 09:41:44,322.7,18854318
2021-04-09 09:41:45,322.85,18855940
2021-04-09 09:41:46,322.75,18856617
2021-04-09 09:41:47,322.85,18857658
2021-04-09 09:41:48,322.7,18859351
2021-04-09 09:41:49,322.7,18859604
2021-04-09 09:41:50,322.85,18862860
2021-04-09 09:41:51,322.8,18869934
2021-04-09 09:41:52,322.85,18877691
2021-04-09 09:41:53,322.7,18878451
2021-04-09 09:41:54,322.65,18880696
2021-04-09 09:41:55,322.7,18881889
2021-04-09 09:41:56,322.55,18883400
2021-04-09 09:41:57,322.55,18885188
2021-04-09 09:41:58,322.5,18890876
2021-04-09 09:41:59,322.6,18892797
2021-04-09 09:42:00,322.65,18893115
2021-04-09 09:42:01,322.6,18895250
2021-04-09 09:42:02,322.65,18896085
2021-04-09 09:42:03,322.7,18903626
2021-04-09 09:42:04,322.7,18906693
2021-04-09 09:42:05,322.7,18909872
2021-04-09 09:42:06,322.8,18925586
2021-04-09 09:42:07,322.8,18933100
2021-04-09 09:42:08,322.85,18933753
2021-04-09 09:42:09,322.8,18934805
2021-04-09 09:42:10,322.75,18935483
2021-04-09 09:42:11,322.85,18936800
2021-04-09 09:42:12,322.9,18940933
2021-04-09 09:42:13,322.7,18943219
2021-04-09 09:42:14,322.7,18944518
2021-04-09 09:42:15,322.7,18944693
2021-04-09 09:42:16,322.8,18947590
2021-04-09 09:42:17,322.8,18948617
2021-04-09 09:42:18,322.7,18951861
2021-04-09 09:42:19,322.7,18954441
2021-04-09 09:42:20,322.8,18956735
2021-04-09 09:42:21,322.95,18968588
2021-04-09 09:42:22,322.8,18969591
2021-04-09 09:42:23,322.85,18970615
2021-04-09 09:42:25,322.85,18980928
2021-04-09 09:42:26,322.7,18983336
2021-04-09 09:42:27,322.9,18989731
2021-04-09 09:42:28,322.85,18993668
2021-04-09 09:42:29,322.7,18993945
2021-04-09 09:42:30,322.85,18995515
2021-04-09 09:42:31,322.9,18998776
2021-04-09 09:42:32,322.9,18999840
2021-04-09 09:42:33,322.7,19003456
2021-04-09 09:42:34,322.85,19004691
2021-04-09 09:42:35,322.85,19005138
2021-04-09 09:42:36,322.85,19006794
2021-04-09 09:42:37,322.85,19008006
2021-04-09 09:42:38,322.9,19013234
2021-04-09 09:42:39,322.9,19013249
2021-04-09 09:42:40,322.9,19013834
2021-04-09 09:42:41,322.8,19020045
2021-04-09 09:42:42,323.15,19378107
2021-04-09 09:42:43,323.05,19382409
2021-04-09 09:42:44,323.15,19383922
2021-04-09 09:42:45,323.1,19389781
2021-04-09 09:42:46,323.1,19393607
2021-04-09 09:42:47,323.1,19394962
2021-04-09 09:42:49,323.15,19398984
2021-04-09 09:42:49,323.3,19398559
2021-04-09 09:42:50,323.25,19400415
2021-04-09 09:42:51,323.15,19404042
2021-04-09 09:42:52,323.25,19409069
2021-04-09 09:42:53,323.25,19411855
2021-04-09 09:42:54,323.25,19413264
2021-04-09 09:42:55,323.35,19416239
2021-04-09 09:42:56,323.4,19419781
2021-04-09 09:42:58,323.25,19421847
2021-04-09 09:42:58,323.4,19422466
2021-04-09 09:42:59,323.15,19425983
2021-04-09 09:43:00,323.3,19428078
2021-04-09 09:43:01,323.3,19434254
2021-04-09 09:43:03,323.3,19441064
2021-04-09 09:43:04,323.3,19449352
2021-04-09 09:43:04,323.3,19449552
2021-04-09 09:43:05,323.25,19453466
2021-04-09 09:43:06,323.1,19458302
2021-04-09 09:43:07,323.1,19459363
2021-04-09 09:43:08,323.2,19469605
2021-04-09 09:43:10,323.25,19473508
2021-04-09 09:43:10,323.3,19472826
2021-04-09 09:43:11,323.1,19477542
2021-04-09 09:43:12,323.2,19481885
2021-04-09 09:43:13,323.0,19488042
2021-04-09 09:43:15,323.1,19492050
2021-04-09 09:43:16,323.2,19494258
2021-04-09 09:43:17,323.15,19497504
2021-04-09 09:43:18,323.1,19500276
2021-04-09 09:43:19,323.05,19521102
2021-04-09 09:43:21,323.2,19522780
2021-04-09 09:43:21,323.2,19522831
2021-04-09 09:43:22,323.2,19528571
2021-04-09 09:43:23,323.2,19544600
2021-04-09 09:43:24,323.2,19548818
2021-04-09 09:43:25,323.15,19551766
2021-04-09 09:43:26,323.2,19553708
2021-04-09 09:43:28,323.15,19559007
2021-04-09 09:43:28,323.15,19558007
2021-04-09 09:43:29,323.2,19561029
2021-04-09 09:43:30,323.1,19562833
2021-04-09 09:43:31,323.2,19569918
2021-04-09 09:43:33,323.3,19586465
2021-04-09 09:43:33,323.2,19586645
2021-04-09 09:43:34,323.05,19598754
2021-04-09 09:43:35,323.15,19601123
2021-04-09 09:43:36,323.05,19608796
2021-04-09 09:43:37,322.9,19630505
2021-04-09 09:43:38,322.85,19638956
2021-04-09 09:43:39,322.85,19646021
2021-04-09 09:43:41,322.9,19647485
2021-04-09 09:43:41,322.95,19648256
2021-04-09 09:43:42,322.9,19650053
2021-04-09 09:43:43,323.0,19654396
2021-04-09 09:43:44,323.0,19656382
2021-04-09 09:43:46,323.05,19657555
2021-04-09 09:43:46,323.05,19657607
2021-04-09 09:43:47,323.05,19659828
2021-04-09 09:43:48,323.15,19661442
2021-04-09 09:43:49,323.0,19664862
2021-04-09 09:43:50,323.05,19666026
2021-04-09 09:43:52,323.15,19667871
2021-04-09 09:43:53,323.15,19670816
2021-04-09 09:43:53,323.0,19670495
2021-04-09 09:43:54,323.05,19672298
2021-04-09 09:43:55,323.0,19673194
2021-04-09 09:43:56,323.05,19677539
2021-04-09 09:43:57,322.95,19682163
2021-04-09 09:43:58,323.0,19686022
2021-04-09 09:43:59,323.0,19687841
2021-04-09 09:44:01,323.05,19690608
2021-04-09 09:44:01,323.05,19690609
2021-04-09 09:44:02,323.05,19691589
2021-04-09 09:44:03,323.05,19693707
2021-04-09 09:44:04,322.8,19697835
2021-04-09 09:44:06,323.0,19698856
2021-04-09 09:44:07,323.05,19704192
2021-04-09 09:44:07,323.1,19704369
2021-04-09 09:44:08,323.1,19706226
2021-04-09 09:44:09,322.95,19725936
2021-04-09 09:44:10,323.2,19755357
2021-04-09 09:44:11,323.35,19784954
2021-04-09 09:44:12,323.5,20154678
2021-04-09 09:44:14,323.6,20167707
2021-04-09 09:44:14,323.75,20171157
2021-04-09 09:44:15,323.6,20179397
2021-04-09 09:44:16,323.6,20187466
2021-04-09 09:44:17,323.8,20200722
2021-04-09 09:44:18,323.7,20211086
2021-04-09 09:44:19,323.7,20218742
2021-04-09 09:44:21,323.6,20224449
2021-04-09 09:44:21,323.6,20224449
2021-04-09 09:44:22,323.55,20227320
2021-04-09 09:44:23,323.65,20231194
2021-04-09 09:44:24,323.7,20236980
2021-04-09 09:44:25,323.7,20240701
2021-04-09 09:44:26,323.65,20245334
2021-04-09 09:44:27,323.65,20249850
2021-04-09 09:44:28,323.7,20255215
2021-04-09 09:44:30,323.6,20261802
2021-04-09 09:44:30,323.7,20262752
2021-04-09 09:44:31,323.65,20273320
2021-04-09 09:44:32,323.7,20281492
2021-04-09 09:44:33,323.6,20294618
2021-04-09 09:44:34,323.7,20298094
2021-04-09 09:44:36,323.55,20308496
2021-04-09 09:44:36,323.55,20309033
2021-04-09 09:44:37,323.65,20317666
2021-04-09 09:44:38,323.65,20319924
2021-04-09 09:44:39,323.7,20321690
2021-04-09 09:44:40,323.7,20325047
2021-04-09 09:44:42,323.55,20330911
2021-04-09 09:44:42,323.55,20330921
2021-04-09 09:44:43,323.55,20335780
2021-04-09 09:44:44,323.7,20342068
2021-04-09 09:44:45,323.75,20374170
2021-04-09 09:44:47,323.65,20378506
2021-04-09 09:44:48,323.65,20383820
2021-04-09 09:44:49,323.65,20407662
2021-04-09 09:44:49,323.65,20409742
2021-04-09 09:44:50,323.65,20427843
2021-04-09 09:44:51,323.65,20431469
2021-04-09 09:44:52,323.7,20437633
2021-04-09 09:44:53,323.7,20438245
2021-04-09 09:44:54,323.55,20442654
2021-04-09 09:44:56,323.65,20454046
2021-04-09 09:44:57,323.6,20467626
2021-04-09 09:44:57,323.4,20466430
2021-04-09 09:44:58,323.65,20468940
2021-04-09 09:44:59,323.55,20470598
2021-04-09 09:45:00,323.6,20478470
2021-04-09 09:45:01,323.7,20486404
2021-04-09 09:45:03,323.7,20491682
2021-04-09 09:45:04,323.95,20612880
2021-04-09 09:45:05,323.9,20636416
2021-04-09 09:45:06,323.95,20692400
2021-04-09 09:45:06,324.0,20692121
2021-04-09 09:45:07,324.0,20723240
2021-04-09 09:45:08,323.85,20733574
2021-04-09 09:45:09,324.0,20751027
2021-04-09 09:45:10,323.95,20786793
2021-04-09 09:45:12,324.1,21098876
2021-04-09 09:45:14,324.15,21105783
2021-04-09 09:45:15,324.05,21122743
2021-04-09 09:45:16,324.15,21132608
2021-04-09 09:45:16,324.1,21137378
2021-04-09 09:45:17,324.05,21144951
2021-04-09 09:45:18,324.2,21162042
2021-04-09 09:45:19,324.1,21174032
2021-04-09 09:45:20,324.2,21181974
2021-04-09 09:45:21,324.05,21189944
2021-04-09 09:45:23,324.1,21201201
2021-04-09 09:45:24,323.95,21249559
2021-04-09 09:45:24,323.7,21280196
2021-04-09 09:45:25,323.6,21294275
2021-04-09 09:45:26,323.65,21299233
2021-04-09 09:45:27,323.55,21305718
2021-04-09 09:45:28,323.5,21311444
2021-04-09 09:45:29,323.6,21323076
2021-04-09 09:45:31,323.75,21326604
2021-04-09 09:45:32,323.75,21328484
2021-04-09 09:45:32,323.75,21328484
2021-04-09 09:45:33,323.8,21338626
2021-04-09 09:45:34,323.85,21341349
2021-04-09 09:45:36,324.0,21347042
2021-04-09 09:45:37,324.0,21353353
2021-04-09 09:45:37,323.9,21349952
2021-04-09 09:45:38,323.9,21359357
2021-04-09 09:45:39,323.9,21363767
2021-04-09 09:45:40,324.0,21367176
2021-04-09 09:45:42,323.9,21375633
2021-04-09 09:45:43,324.1,21390852
2021-04-09 09:45:44,324.05,21401204
2021-04-09 09:45:45,324.2,21405597
2021-04-09 09:45:46,324.05,21413118
2021-04-09 09:45:48,324.15,21424374
2021-04-09 09:45:49,324.0,21431563
2021-04-09 09:45:49,324.15,21431452
2021-04-09 09:45:50,324.1,21435208
2021-04-09 09:45:51,324.0,21448523
2021-04-09 09:45:52,323.8,21453552
2021-04-09 09:45:54,324.0,21459164
2021-04-09 09:45:55,323.9,21465005
2021-04-09 09:45:55,323.9,21465405
2021-04-09 09:45:56,324.0,21468291
2021-04-09 09:45:57,323.95,21471543
2021-04-09 09:45:58,324.15,21485109
2021-04-09 09:45:59,324.0,21491499
2021-04-09 09:46:01,324.0,21503816
2021-04-09 09:46:02,323.9,21514431
2021-04-09 09:46:02,324.0,21514525
2021-04-09 09:46:03,324.0,21536341
2021-04-09 09:46:04,323.85,21552301
2021-04-09 09:46:05,323.9,21555508
2021-04-09 09:46:06,323.85,21559340
2021-04-09 09:46:08,323.95,21571880
2021-04-09 09:46:09,323.9,21581899
2021-04-09 09:46:10,323.9,21587669
2021-04-09 09:46:11,323.85,21591424
2021-04-09 09:46:11,323.9,21593874
2021-04-09 09:46:12,323.95,21599880
2021-04-09 09:46:13,323.75,21603059
2021-04-09 09:46:15,323.85,21607455
2021-04-09 09:46:16,323.8,21617405
2021-04-09 09:46:16,323.9,21617065
2021-04-09 09:46:17,323.95,21621199
2021-04-09 09:46:18,323.75,21623775
2021-04-09 09:46:20,323.7,21626386
2021-04-09 09:46:21,323.7,21629795
2021-04-09 09:46:21,323.75,21630148
2021-04-09 09:46:22,323.9,21632379
2021-04-09 09:46:24,323.7,21634011
2021-04-09 09:46:25,323.75,21634812
2021-04-09 09:46:26,323.75,21637983
2021-04-09 09:46:27,323.7,21646102
2021-04-09 09:46:27,323.75,21649778
2021-04-09 09:46:28,323.55,21656965
2021-04-09 09:46:29,323.45,21709093
2021-04-09 09:46:31,323.65,21711903
2021-04-09 09:46:32,323.5,21715435
2021-04-09 09:46:32,323.5,21715582
2021-04-09 09:46:33,323.35,21718361
2021-04-09 09:46:34,323.45,21730221
2021-04-09 09:46:35,323.25,21740443
2021-04-09 09:46:37,323.25,21755006
2021-04-09 09:46:38,323.25,21757812
2021-04-09 09:46:39,323.2,21767669
2021-04-09 09:46:39,323.1,21769909
2021-04-09 09:46:40,323.1,21774684
2021-04-09 09:46:41,323.1,21776989
2021-04-09 09:46:42,323.0,21793955
2021-04-09 09:46:43,323.0,21829638
2021-04-09 09:46:45,323.05,21831599
2021-04-09 09:46:46,323.0,21840067
2021-04-09 09:46:47,323.1,21843365
2021-04-09 09:46:48,323.1,21846746
2021-04-09 09:46:48,323.15,21847315
2021-04-09 09:46:49,323.25,21859924
2021-04-09 09:46:50,323.25,21865171
2021-04-09 09:46:52,323.15,21869010
2021-04-09 09:46:53,323.35,21873601
2021-04-09 09:46:54,323.15,21874977
2021-04-09 09:46:54,323.25,21874982
2021-04-09 09:46:55,323.1,21882945
2021-04-09 09:46:56,323.15,21885617
2021-04-09 09:46:58,323.0,21891561
2021-04-09 09:46:59,323.15,21894380
2021-04-09 09:47:00,323.0,21907465
2021-04-09 09:47:00,323.0,21907570
2021-04-09 09:47:01,322.9,21913061
2021-04-09 09:47:03,322.85,21916975
2021-04-09 09:47:04,322.9,21920534
2021-04-09 09:47:05,322.95,21924101
2021-04-09 09:47:06,322.9,21927851
2021-04-09 09:47:07,322.8,21947804
2021-04-09 09:47:07,322.75,21948394
2021-04-09 09:47:08,322.7,21951887
2021-04-09 09:47:09,322.85,21953468
2021-04-09 09:47:10,322.8,21957127
2021-04-09 09:47:11,322.75,21969925
2021-04-09 09:47:13,322.75,21975426
2021-04-09 09:47:14,322.6,21979383
2021-04-09 09:47:15,322.7,21984776
2021-04-09 09:47:16,322.7,21988214
2021-04-09 09:47:17,322.7,21990683
2021-04-09 09:47:19,322.75,21993029
2021-04-09 09:47:20,322.75,21999756
2021-04-09 09:47:21,322.65,22004108
2021-04-09 09:47:21,322.65,22004108
2021-04-09 09:47:22,322.7,22005912
2021-04-09 09:47:23,322.75,22010643
2021-04-09 09:47:24,322.7,22013652
2021-04-09 09:47:27,322.7,22018573
2021-04-09 09:47:28,322.6,22021477
2021-04-09 09:47:29,322.7,22025251
2021-04-09 09:47:29,322.75,22026352
2021-04-09 09:47:30,322.6,22030860
2021-04-09 09:47:31,322.7,22035177
2021-04-09 09:47:33,322.7,22039635
2021-04-09 09:47:34,322.8,22045363
2021-04-09 09:47:35,322.65,22048650
2021-04-09 09:47:35,322.75,22049275
2021-04-09 09:47:36,322.7,22049979
2021-04-09 09:47:38,322.65,22052834
2021-04-09 09:47:39,322.65,22056548
2021-04-09 09:47:40,322.7,22058200
2021-04-09 09:47:41,322.7,22059573
2021-04-09 09:47:41,322.7,22059573
2021-04-09 09:47:42,322.7,22062084
2021-04-09 09:47:43,322.6,22089989
2021-04-09 09:47:44,322.6,22092683
2021-04-09 09:47:45,322.7,22093786
2021-04-09 09:47:47,322.6,22100210
2021-04-09 09:47:48,322.6,22101486
2021-04-09 09:47:49,322.6,22103899
2021-04-09 09:47:49,322.6,22103991
2021-04-09 09:47:50,322.7,22120389
2021-04-09 09:47:52,322.8,22121817
2021-04-09 09:47:53,322.7,22129347
2021-04-09 09:47:54,322.85,22131581
2021-04-09 09:47:54,322.8,22130781
2021-04-09 09:47:55,322.8,22133379
2021-04-09 09:47:56,322.85,22134828
2021-04-09 09:47:58,322.85,22137704
2021-04-09 09:47:59,322.85,22140690
2021-04-09 09:48:00,322.95,22143351
2021-04-09 09:48:00,322.85,22143150
2021-04-09 09:48:01,322.85,22149938
2021-04-09 09:48:02,322.85,22152607
2021-04-09 09:48:04,322.7,22156848
2021-04-09 09:48:05,322.7,22158052
2021-04-09 09:48:06,322.6,22164746
2021-04-09 09:48:07,322.75,22167612
2021-04-09 09:48:08,322.75,22170360
2021-04-09 09:48:09,322.7,22171685
2021-04-09 09:48:09,322.7,22171708
2021-04-09 09:48:10,322.65,22172944
2021-04-09 09:48:12,322.7,22174799
2021-04-09 09:48:13,322.8,22175577
2021-04-09 09:48:14,322.75,22176049
2021-04-09 09:48:15,322.8,22177943
2021-04-09 09:48:15,322.75,22178118
2021-04-09 09:48:16,322.75,22185314
2021-04-09 09:48:18,322.75,22186365
2021-04-09 09:48:19,322.95,22201543
2021-04-09 09:48:20,322.85,22202193
2021-04-09 09:48:20,322.85,22202883
2021-04-09 09:48:21,322.95,22203822
2021-04-09 09:48:23,322.95,22204567
2021-04-09 09:48:24,322.75,22206420
2021-04-09 09:48:25,322.9,22209522
2021-04-09 09:48:26,322.8,22210996
2021-04-09 09:48:27,322.75,22212555
2021-04-09 09:48:29,322.75,22214771
2021-04-09 09:48:30,322.75,22218814
2021-04-09 09:48:31,322.7,22236198
2021-04-09 09:48:32,322.75,22239967
2021-04-09 09:48:32,322.75,22239967
2021-04-09 09:48:33,322.65,22247068
2021-04-09 09:48:34,322.65,22248908
2021-04-09 09:48:35,322.75,22249764
2021-04-09 09:48:37,322.6,22250928
2021-04-09 09:48:38,322.65,22252801
2021-04-09 09:48:39,322.75,22253943
2021-04-09 09:48:40,322.65,22254973
2021-04-09 09:48:40,322.8,22254950
2021-04-09 09:48:41,322.75,22255859
2021-04-09 09:48:42,322.6,22257677
2021-04-09 09:48:43,322.65,22258052
2021-04-09 09:48:45,322.65,22263202
2021-04-09 09:48:46,322.65,22264808
2021-04-09 09:48:47,322.65,22265490
2021-04-09 09:48:47,322.6,22288231
2021-04-09 09:48:48,322.5,22308487
2021-04-09 09:48:50,322.55,22317698
2021-04-09 09:48:53,322.4,22343635
2021-04-09 09:48:53,322.45,22343836
2021-04-09 09:48:54,322.45,22345492
2021-04-09 09:48:55,322.35,22352443
2021-04-09 09:48:57,322.4,22372304
2021-04-09 09:48:58,322.3,22375049
2021-04-09 09:48:59,322.3,22377200
2021-04-09 09:49:00,322.3,22387813
2021-04-09 09:49:01,322.45,22396030
2021-04-09 09:49:02,322.35,22400752
2021-04-09 09:49:03,322.5,22403899
2021-04-09 09:49:04,322.35,22406657
2021-04-09 09:49:04,322.35,22407157
2021-04-09 09:49:05,322.5,22410973
2021-04-09 09:49:08,322.3,22415138
2021-04-09 09:49:09,322.45,22417826
2021-04-09 09:49:10,322.35,22421838
2021-04-09 09:49:10,322.35,22422439
2021-04-09 09:49:12,322.35,22429489
2021-04-09 09:49:13,322.35,22431025
2021-04-09 09:49:14,322.3,22455767
2021-04-09 09:49:15,322.2,22462918
2021-04-09 09:49:15,322.2,22463056
2021-04-09 09:49:17,322.3,22468525
2021-04-09 09:49:18,322.2,22477937
2021-04-09 09:49:19,322.25,22480373
2021-04-09 09:49:20,322.1,22484538
2021-04-09 09:49:20,322.1,22486288
2021-04-09 09:49:22,322.15,22488905
2021-04-09 09:49:23,322.2,22498125
2021-04-09 09:49:24,322.05,22501776
2021-04-09 09:49:25,322.1,22534181
2021-04-09 09:49:25,322.15,22534191
2021-04-09 09:49:27,322.0,22539953
2021-04-09 09:49:28,322.15,22541637
2021-04-09 09:49:29,322.15,22549305
2021-04-09 09:49:30,322.15,22552770
2021-04-09 09:49:30,322.15,22552770
2021-04-09 09:49:32,322.15,22554576
2021-04-09 09:49:33,322.1,22557606
2021-04-09 09:49:34,322.1,22558991
2021-04-09 09:49:35,322.25,22567778
2021-04-09 09:49:35,322.3,22569695
2021-04-09 09:49:37,322.35,22577824
2021-04-09 09:49:38,322.3,22581505
2021-04-09 09:49:39,322.45,22585859
2021-04-09 09:49:40,322.45,22588094
2021-04-09 09:49:41,322.5,22592510
2021-04-09 09:49:41,322.5,22592510
2021-04-09 09:49:42,322.4,22593995
2021-04-09 09:49:44,322.5,22595178
2021-04-09 09:49:45,322.6,22610547
2021-04-09 09:49:46,322.65,22613941
2021-04-09 09:49:47,322.55,22617470
2021-04-09 09:49:48,322.55,22618945
2021-04-09 09:49:49,322.55,22620480
2021-04-09 09:49:49,322.55,22620280
2021-04-09 09:49:51,322.45,22627418
2021-04-09 09:49:53,322.4,22631483
2021-04-09 09:49:54,322.35,22633745
2021-04-09 09:49:55,322.2,22633971
2021-04-09 09:49:55,322.35,22634519
2021-04-09 09:49:57,322.2,22636096
2021-04-09 09:49:58,322.2,22637658
2021-04-09 09:49:59,322.35,22639561
2021-04-09 09:50:00,322.3,22641031
2021-04-09 09:50:01,322.3,22643834
2021-04-09 09:50:01,322.4,22643607
2021-04-09 09:50:03,322.25,22645026
2021-04-09 09:50:04,322.1,22651094
2021-04-09 09:50:05,322.1,22657835
2021-04-09 09:50:06,322.1,22660874
2021-04-09 09:50:07,322.2,22663746
2021-04-09 09:50:07,322.2,22663664
2021-04-09 09:50:08,322.05,22666658
2021-04-09 09:50:10,322.1,22776167
2021-04-09 09:50:11,322.1,22778970
2021-04-09 09:50:12,322.0,22783647
2021-04-09 09:50:13,322.1,22786009
2021-04-09 09:50:14,322.0,22787320
2021-04-09 09:50:15,322.05,22791344
2021-04-09 09:50:16,322.05,22794768
2021-04-09 09:50:17,322.0,22798790
2021-04-09 09:50:17,322.0,22798790
2021-04-09 09:50:19,322.15,22808311
2021-04-09 09:50:20,322.0,22814792
2021-04-09 09:50:21,322.05,22828549
2021-04-09 09:50:22,322.1,22830424
2021-04-09 09:50:23,322.1,22832974
2021-04-09 09:50:23,322.2,22832475
2021-04-09 09:50:25,322.1,22842034
2021-04-09 09:50:26,322.2,22851946
2021-04-09 09:50:27,322.25,22871501
2021-04-09 09:50:28,322.5,22879747
2021-04-09 09:50:28,322.3,22873147
2021-04-09 09:50:30,322.5,22889174
2021-04-09 09:50:31,322.5,22895695
2021-04-09 09:50:32,322.55,22898609
2021-04-09 09:50:33,322.5,22904211
2021-04-09 09:50:34,322.6,22907037
2021-04-09 09:50:35,322.6,22911111
2021-04-09 09:50:36,322.55,22953906
2021-04-09 09:50:36,322.45,22954070
2021-04-09 09:50:37,322.3,22958325
2021-04-09 09:50:38,322.3,22959597
2021-04-09 09:50:40,322.35,22967468
2021-04-09 09:50:41,322.1,22970489
2021-04-09 09:50:42,322.2,22973565
2021-04-09 09:50:43,322.15,22973939
2021-04-09 09:50:44,322.3,22977306
2021-04-09 09:50:44,322.2,22977488
2021-04-09 09:50:46,322.2,22979071
2021-04-09 09:50:47,322.25,22981626
2021-04-09 09:50:48,322.25,22983493
2021-04-09 09:50:49,322.15,22985251
2021-04-09 09:50:50,322.25,22986600
2021-04-09 09:50:51,322.2,22991247
2021-04-09 09:50:52,322.3,22994360
2021-04-09 09:50:52,322.2,22994385
2021-04-09 09:50:54,322.15,22996416
2021-04-09 09:50:56,322.3,22998830
2021-04-09 09:50:57,322.15,23001261
2021-04-09 09:50:57,322.15,23001261
2021-04-09 09:50:59,322.15,23003828
2021-04-09 09:51:00,322.15,23004958
2021-04-09 09:51:01,322.15,23008319
2021-04-09 09:51:02,322.1,23013540
2021-04-09 09:51:02,322.1,23016540
2021-04-09 09:51:04,322.05,23019020
2021-04-09 09:51:05,322.05,23021987
2021-04-09 09:51:06,322.1,23026295
2021-04-09 09:51:07,322.25,23029262
2021-04-09 09:51:07,322.1,23029277
2021-04-09 09:51:09,322.1,23029921
2021-04-09 09:51:10,322.1,23030189
2021-04-09 09:51:11,322.1,23031810
2021-04-09 09:51:12,322.1,23033671
2021-04-09 09:51:12,322.15,23034232
2021-04-09 09:51:13,322.1,23036088
2021-04-09 09:51:15,322.25,23043104
2021-04-09 09:51:16,322.2,23044255
2021-04-09 09:51:17,322.2,23045417
2021-04-09 09:51:18,322.2,23049766
2021-04-09 09:51:19,322.25,23052075
2021-04-09 09:51:20,322.15,23057357
2021-04-09 09:51:22,322.1,23058470
2021-04-09 09:51:21,322.1,23058470
2021-04-09 09:51:23,322.05,23073017
2021-04-09 09:51:24,322.05,23074652
2021-04-09 09:51:25,321.95,23130938
2021-04-09 09:51:26,321.95,23133417
2021-04-09 09:51:27,321.95,23134201
2021-04-09 09:51:28,321.9,23136334
2021-04-09 09:51:29,321.95,23142073
2021-04-09 09:51:30,321.95,23145568
2021-04-09 09:51:31,322.0,23154326
2021-04-09 09:51:32,322.0,23158376
2021-04-09 09:51:33,321.85,23160373
2021-04-09 09:51:34,321.85,23164189
2021-04-09 09:51:35,321.8,23177324
2021-04-09 09:51:36,321.85,23180418
2021-04-09 09:51:37,321.95,23184550
2021-04-09 09:51:38,321.9,23186924
2021-04-09 09:51:39,321.8,23189417
2021-04-09 09:51:40,321.85,23190254
2021-04-09 09:51:41,321.85,23192447
2021-04-09 09:51:42,321.85,23192595
2021-04-09 09:51:43,321.85,23201372
2021-04-09 09:51:44,321.8,23204140
2021-04-09 09:51:45,321.85,23214303
2021-04-09 09:51:46,321.85,23220202
2021-04-09 09:51:47,321.85,23223634
2021-04-09 09:51:49,321.85,23234789
2021-04-09 09:51:48,321.95,23228437
2021-04-09 09:51:50,321.8,23239991
2021-04-09 09:51:51,321.9,23241860
2021-04-09 09:51:52,321.8,23244484
2021-04-09 09:51:53,321.8,23246200
2021-04-09 09:51:55,321.85,23257437
2021-04-09 09:51:54,321.8,23255971
2021-04-09 09:51:56,321.7,23289484
2021-04-09 09:51:57,321.85,23293829
2021-04-09 09:51:58,321.6,23295734
2021-04-09 09:51:59,321.55,23305121
2021-04-09 09:52:01,321.55,23309036
2021-04-09 09:52:00,321.55,23308381
2021-04-09 09:52:02,321.6,23345340
2021-04-09 09:52:03,321.55,23350069
2021-04-09 09:52:04,321.7,23367508
2021-04-09 09:52:05,321.7,23374663
2021-04-09 09:52:07,321.7,23380335
2021-04-09 09:52:06,321.7,23380127
2021-04-09 09:52:08,321.7,23382919
2021-04-09 09:52:09,321.7,23387307
2021-04-09 09:52:10,321.75,23390392
2021-04-09 09:52:11,321.6,23392194
2021-04-09 09:52:12,321.55,23395396
2021-04-09 09:52:13,321.7,23396109
2021-04-09 09:52:14,321.6,23396590
2021-04-09 09:52:15,321.7,23418118
2021-04-09 09:52:16,321.6,23420599
2021-04-09 09:52:17,321.6,23422706
2021-04-09 09:52:18,321.7,23424803
2021-04-09 09:52:19,321.65,23425278
2021-04-09 09:52:20,321.75,23427248
2021-04-09 09:52:21,321.8,23439652
2021-04-09 09:52:22,321.7,23446817
2021-04-09 09:52:23,321.8,23458131
2021-04-09 09:52:24,321.9,23467795
2021-04-09 09:52:25,321.9,23470855
2021-04-09 09:52:26,321.8,23477622
2021-04-09 09:52:27,321.8,23484314
2021-04-09 09:52:28,321.85,23489555
2021-04-09 09:52:29,321.95,23493542
2021-04-09 09:52:30,321.9,23497136
2021-04-09 09:52:31,321.95,23506004
2021-04-09 09:52:32,321.95,23506419
2021-04-09 09:52:33,322.0,23512294
2021-04-09 09:52:34,321.9,23513985
2021-04-09 09:52:35,321.85,23514975
2021-04-09 09:52:36,321.95,23518555
2021-04-09 09:52:37,321.75,23521225
2021-04-09 09:52:38,321.75,23522625
2021-04-09 09:52:39,321.7,23523537
2021-04-09 09:52:40,321.8,23524099
2021-04-09 09:52:41,321.9,23525716
2021-04-09 09:52:42,321.9,23533363
2021-04-09 09:52:43,321.9,23533538
2021-04-09 09:52:44,322.0,23535237
2021-04-09 09:52:45,321.9,23536583
2021-04-09 09:52:46,321.9,23539310
2021-04-09 09:52:47,321.85,23541067
2021-04-09 09:52:48,321.9,23543957
2021-04-09 09:52:49,321.9,23543957
2021-04-09 09:52:50,321.85,23544713
2021-04-09 09:52:51,321.8,23547840
2021-04-09 09:52:52,321.8,23549317
2021-04-09 09:52:53,321.8,23550736
2021-04-09 09:52:54,321.85,23551710
2021-04-09 09:52:55,321.9,23553331
2021-04-09 09:52:56,321.9,23553438
2021-04-09 09:52:57,321.9,23554357
2021-04-09 09:52:58,321.95,23561823
2021-04-09 09:52:59,321.8,23562222
2021-04-09 09:53:00,321.9,23565214
2021-04-09 09:53:01,321.9,23570074
2021-04-09 09:53:02,321.8,23573832
2021-04-09 09:53:03,321.95,23574058
2021-04-09 09:53:04,321.95,23585152
2021-04-09 09:53:05,322.0,23588218
2021-04-09 09:53:06,321.9,23594252
2021-04-09 09:53:07,321.95,23596724
2021-04-09 09:53:08,321.95,23596844
2021-04-09 09:53:09,322.0,23598889
2021-04-09 09:53:10,322.05,23689558
2021-04-09 09:53:11,322.2,23695327
2021-04-09 09:53:12,322.2,23700062
2021-04-09 09:53:13,322.2,23700261
2021-04-09 09:53:14,322.2,23701177
2021-04-09 09:53:15,322.1,23705018
2021-04-09 09:53:16,322.1,23705058
2021-04-09 09:53:17,322.25,23711176
2021-04-09 09:53:18,322.2,23712421
2021-04-09 09:53:19,322.2,23714364
2021-04-09 09:53:20,322.25,23718022
2021-04-09 09:53:21,322.2,23719127
2021-04-09 09:53:22,322.1,23719796
2021-04-09 09:53:23,322.2,23723012
2021-04-09 09:53:24,322.1,23725513
2021-04-09 09:53:25,322.15,23727681
2021-04-09 09:53:27,322.2,23731280
2021-04-09 09:53:27,322.1,23728984
2021-04-09 09:53:28,322.2,23732430
2021-04-09 09:53:29,322.25,23737147
2021-04-09 09:53:30,322.1,23746345
2021-04-09 09:53:32,321.95,23780416
2021-04-09 09:53:32,321.85,23780507
2021-04-09 09:53:33,322.05,23785114
2021-04-09 09:53:34,322.0,23786017
2021-04-09 09:53:35,321.9,23787405
2021-04-09 09:53:36,321.9,23788941
2021-04-09 09:53:37,322.0,23789150
2021-04-09 09:53:38,321.95,23792413
2021-04-09 09:53:40,322.0,23792831
2021-04-09 09:53:41,321.85,23795447
2021-04-09 09:53:42,322.0,23795957
2021-04-09 09:53:43,322.0,23797573
2021-04-09 09:53:44,321.9,23797859
2021-04-09 09:53:45,321.9,23800045
2021-04-09 09:53:47,321.95,23802621
2021-04-09 09:53:47,321.95,23802021
2021-04-09 09:53:48,321.85,23804329
2021-04-09 09:53:49,321.95,23805527
2021-04-09 09:53:50,321.9,23806093
2021-04-09 09:53:51,321.9,23806549
2021-04-09 09:53:53,321.95,23809090
2021-04-09 09:53:53,322.0,23809039
2021-04-09 09:53:54,322.0,23813709
2021-04-09 09:53:55,321.95,23814243
2021-04-09 09:53:56,321.9,23817174
2021-04-09 09:53:57,321.85,23818271
2021-04-09 09:53:58,321.95,23823458
2021-04-09 09:54:00,321.8,23827585
2021-04-09 09:54:00,321.9,23827637
2021-04-09 09:54:01,321.8,23828779
2021-04-09 09:54:02,321.8,23847442
2021-04-09 09:54:03,321.85,23859340
2021-04-09 09:54:05,321.9,23861196
2021-04-09 09:54:05,321.95,23861446
2021-04-09 09:54:06,321.95,23863397
2021-04-09 09:54:07,321.8,23864129
2021-04-09 09:54:08,321.85,23864937
2021-04-09 09:54:09,321.95,23867398
2021-04-09 09:54:11,322.0,23869710
2021-04-09 09:54:11,321.9,23870510
2021-04-09 09:54:12,322.15,23905771
2021-04-09 09:54:13,322.2,23906583
2021-04-09 09:54:14,322.15,23907468
2021-04-09 09:54:15,322.2,23915785
2021-04-09 09:54:16,322.15,23919033
2021-04-09 09:54:17,322.35,23928707
2021-04-09 09:54:19,322.3,23932502
2021-04-09 09:54:20,322.35,23933648
2021-04-09 09:54:20,322.3,23933748
2021-04-09 09:54:21,322.35,23934510
2021-04-09 09:54:22,322.4,23936190
2021-04-09 09:54:23,322.35,23936849
2021-04-09 09:54:25,322.3,23941776
2021-04-09 09:54:25,322.45,23939776
2021-04-09 09:54:26,322.45,23944939
2021-04-09 09:54:27,322.3,23951853
2021-04-09 09:54:28,322.3,23953172
2021-04-09 09:54:29,322.25,23954533
2021-04-09 09:54:31,322.4,23955557
2021-04-09 09:54:31,322.4,23955557
2021-04-09 09:54:32,322.3,23956992
2021-04-09 09:54:33,322.3,23967692
2021-04-09 09:54:34,322.25,23972606
2021-04-09 09:54:35,322.3,23977161
2021-04-09 09:54:37,322.4,23978179
2021-04-09 09:54:37,322.4,23978180
2021-04-09 09:54:38,322.3,23980935
2021-04-09 09:54:39,322.45,23982151
2021-04-09 09:54:40,322.3,23982409
2021-04-09 09:54:41,322.4,23983616
2021-04-09 09:54:42,322.3,23985275
2021-04-09 09:54:43,322.4,24003231
2021-04-09 09:54:45,322.4,24005781
2021-04-09 09:54:45,322.4,24005785
2021-04-09 09:54:46,322.3,24006683
2021-04-09 09:54:47,322.3,24009159
2021-04-09 09:54:48,322.4,24011719
2021-04-09 09:54:50,322.45,24031739
2021-04-09 09:54:50,322.45,24032199
2021-04-09 09:54:51,322.5,24062878
2021-04-09 09:54:52,322.5,24066584
2021-04-09 09:54:53,322.6,24071617
2021-04-09 09:54:54,322.65,24086607
2021-04-09 09:54:55,322.7,24087164
2021-04-09 09:54:56,322.75,24094551
2021-04-09 09:54:58,322.7,24096075
2021-04-09 09:54:58,322.7,24096125
2021-04-09 09:54:59,322.75,24099118
2021-04-09 09:55:00,322.65,24111754
2021-04-09 09:55:01,322.5,24114503
2021-04-09 09:55:02,322.7,24116425
2021-04-09 09:55:03,322.7,24119212
2021-04-09 09:55:05,322.7,24120334
2021-04-09 09:55:05,322.7,24120234
2021-04-09 09:55:06,322.7,24120992
2021-04-09 09:55:07,322.65,24122512
2021-04-09 09:55:08,322.55,24123573
2021-04-09 09:55:09,322.55,24124507
2021-04-09 09:55:11,322.65,24126263
2021-04-09 09:55:12,322.7,24127129
2021-04-09 09:55:12,322.7,24127014
2021-04-09 09:55:13,322.7,24128892
2021-04-09 09:55:14,322.5,24136265
2021-04-09 09:55:15,322.4,24149436
2021-04-09 09:55:17,322.5,24150885
2021-04-09 09:55:17,322.4,24150650
2021-04-09 09:55:18,322.45,24153717
2021-04-09 09:55:19,322.4,24154476
2021-04-09 09:55:20,322.3,24164590
2021-04-09 09:55:21,322.35,24165086
2021-04-09 09:55:22,322.4,24165491
2021-04-09 09:55:23,322.4,24165915
2021-04-09 09:55:25,322.3,24166264
2021-04-09 09:55:25,322.4,24167185
2021-04-09 09:55:26,322.3,24169080
2021-04-09 09:55:27,322.3,24170752
2021-04-09 09:55:28,322.3,24173104
2021-04-09 09:55:30,322.5,24201504
2021-04-09 09:55:30,322.4,24202404
2021-04-09 09:55:31,322.4,24202748
2021-04-09 09:55:32,322.3,24204736
2021-04-09 09:55:33,322.25,24206314
2021-04-09 09:55:35,322.3,24207705
2021-04-09 09:55:35,322.3,24207700
2021-04-09 09:55:36,322.3,24207834
2021-04-09 09:55:37,322.2,24210090
2021-04-09 09:55:38,322.4,24210977
2021-04-09 09:55:40,322.3,24212134
2021-04-09 09:55:41,322.3,24218280
2021-04-09 09:55:41,322.3,24218270
2021-04-09 09:55:42,322.3,24219391
2021-04-09 09:55:43,322.25,24221436
2021-04-09 09:55:44,322.3,24221661
2021-04-09 09:55:46,322.35,24227009
2021-04-09 09:55:47,322.3,24228027
2021-04-09 09:55:47,322.35,24227944
2021-04-09 09:55:48,322.15,24232459
2021-04-09 09:55:49,322.15,24233530
2021-04-09 09:55:50,322.15,24238127
2021-04-09 09:55:51,322.1,24239016
2021-04-09 09:55:53,322.15,24243608
2021-04-09 09:55:54,322.25,24243885
2021-04-09 09:55:54,322.25,24243790
2021-04-09 09:55:55,322.1,24246122
2021-04-09 09:55:56,322.3,24248451
2021-04-09 09:55:57,322.15,24248893
2021-04-09 09:55:59,322.25,24249315
2021-04-09 09:56:00,322.3,24255521
2021-04-09 09:56:00,322.4,24255081
2021-04-09 09:56:01,322.4,24256679
2021-04-09 09:56:02,322.3,24257083
2021-04-09 09:56:03,322.4,24257915
2021-04-09 09:56:04,322.35,24258664
2021-04-09 09:56:05,322.35,24263239
2021-04-09 09:56:07,322.35,24264079
2021-04-09 09:56:08,322.3,24267987
2021-04-09 09:56:08,322.3,24267902
2021-04-09 09:56:09,322.25,24268663
2021-04-09 09:56:10,322.4,24269289
2021-04-09 09:56:12,322.4,24269645
2021-04-09 09:56:13,322.35,24269933
2021-04-09 09:56:13,322.35,24270083
2021-04-09 09:56:14,322.35,24270653
2021-04-09 09:56:15,322.25,24285216
2021-04-09 09:56:16,322.25,24287212
2021-04-09 09:56:18,322.3,24287532
2021-04-09 09:56:19,322.3,24288642
2021-04-09 09:56:19,322.3,24288697
2021-04-09 09:56:20,322.3,24289710
2021-04-09 09:56:21,322.3,24291993
2021-04-09 09:56:22,322.3,24292337
2021-04-09 09:56:24,322.3,24292561
2021-04-09 09:56:24,322.3,24292581
2021-04-09 09:56:25,322.3,24293149
2021-04-09 09:56:26,322.15,24294270
2021-04-09 09:56:27,322.15,24295042
2021-04-09 09:56:28,322.3,24296814
2021-04-09 09:56:29,322.15,24297699
2021-04-09 09:56:30,322.3,24298898
2021-04-09 09:56:31,322.15,24299289
2021-04-09 09:56:32,322.25,24299375
2021-04-09 09:56:33,322.25,24300621
2021-04-09 09:56:34,322.3,24301318
2021-04-09 09:56:35,322.3,24301729
2021-04-09 09:56:36,322.3,24302117
2021-04-09 09:56:37,322.3,24312329
2021-04-09 09:56:38,322.3,24312610
2021-04-09 09:56:39,322.25,24312850
2021-04-09 09:56:40,322.5,24330916
2021-04-09 09:56:42,322.4,24334215
2021-04-09 09:56:43,322.5,24351696
2021-04-09 09:56:44,322.45,24351892
2021-04-09 09:56:44,322.5,24353767
2021-04-09 09:56:45,322.55,24354812
2021-04-09 09:56:46,322.5,24355573
2021-04-09 09:56:47,322.45,24360808
2021-04-09 09:56:48,322.45,24360958
2021-04-09 09:56:49,322.55,24362970
2021-04-09 09:56:51,322.7,24367184
2021-04-09 09:56:52,322.5,24368248
2021-04-09 09:56:53,322.7,24368796
2021-04-09 09:56:54,322.7,24379534
2021-04-09 09:56:55,322.65,24381282
2021-04-09 09:56:56,322.65,24381846
2021-04-09 09:56:57,322.5,24382861
2021-04-09 09:56:58,322.5,24384092
2021-04-09 09:56:58,322.5,24384094
2021-04-09 09:57:00,322.5,24386377
2021-04-09 09:57:00,322.5,24386066
2021-04-09 09:57:01,322.5,24386423
2021-04-09 09:57:03,322.55,24388450
2021-04-09 09:57:03,322.5,24388337
2021-04-09 09:57:04,322.5,24388675
2021-04-09 09:57:05,322.45,24394181
2021-04-09 09:57:06,322.45,24394883
2021-04-09 09:57:07,322.55,24395713
2021-04-09 09:57:08,322.55,24396321
2021-04-09 09:57:09,322.55,24397354
2021-04-09 09:57:10,322.65,24401829
2021-04-09 09:57:12,322.6,24403118
2021-04-09 09:57:13,322.6,24405703
2021-04-09 09:57:14,322.55,24405949
2021-04-09 09:57:15,322.55,24407158
2021-04-09 09:57:15,322.65,24407468
2021-04-09 09:57:16,322.55,24408752
2021-04-09 09:57:17,322.7,24410552
2021-04-09 09:57:18,322.6,24411868
2021-04-09 09:57:19,322.6,24412060
2021-04-09 09:57:21,322.55,24413584
2021-04-09 09:57:23,322.6,24414396
2021-04-09 09:57:24,322.6,24414953
2021-04-09 09:57:25,322.5,24415743
2021-04-09 09:57:25,322.5,24415743
2021-04-09 09:57:26,322.5,24415960
2021-04-09 09:57:27,322.5,24419178
2021-04-09 09:57:28,322.65,24421524
2021-04-09 09:57:29,322.5,24422428
2021-04-09 09:57:31,322.5,24423941
2021-04-09 09:57:32,322.6,24448135
2021-04-09 09:57:33,322.5,24449937
2021-04-09 09:57:33,322.5,24449918
2021-04-09 09:57:34,322.5,24454619
2021-04-09 09:57:35,322.4,24458214
2021-04-09 09:57:36,322.5,24458411
2021-04-09 09:57:37,322.45,24459623
2021-04-09 09:57:39,322.6,24460076
2021-04-09 09:57:40,322.5,24460425
2021-04-09 09:57:41,322.6,24465628
2021-04-09 09:57:41,322.45,24465632
2021-04-09 09:57:42,322.4,24466507
2021-04-09 09:57:44,322.55,24466670
2021-04-09 09:57:45,322.5,24467020
2021-04-09 09:57:46,322.6,24468926
2021-04-09 09:57:47,322.5,24469813
2021-04-09 09:57:47,322.6,24471413
2021-04-09 09:57:48,322.55,24471789
2021-04-09 09:57:49,322.6,24472070
2021-04-09 09:57:50,322.5,24473377
2021-04-09 09:57:51,322.5,24474773
2021-04-09 09:57:52,322.5,24475076
2021-04-09 09:57:53,322.55,24475517
2021-04-09 09:57:54,322.6,24475789
2021-04-09 09:57:56,322.6,24476177
2021-04-09 09:57:57,322.5,24477222
2021-04-09 09:57:58,322.45,24488134
2021-04-09 09:57:59,322.4,24488647
2021-04-09 09:57:59,322.45,24489047
2021-04-09 09:58:00,322.3,24493511
2021-04-09 09:58:01,322.4,24494961
2021-04-09 09:58:02,322.25,24496600
2021-04-09 09:58:04,322.3,24496987
2021-04-09 09:58:04,322.2,24498059
2021-04-09 09:58:06,322.3,24498298
2021-04-09 09:58:07,322.25,24498605
2021-04-09 09:58:08,322.25,24498964
2021-04-09 09:58:09,322.2,24500487
2021-04-09 09:58:10,322.3,24501945
2021-04-09 09:58:11,322.3,24503139
2021-04-09 09:58:11,322.3,24503139
2021-04-09 09:58:12,322.4,24503780
2021-04-09 09:58:14,322.4,24504478
2021-04-09 09:58:15,322.3,24505529
2021-04-09 09:58:16,322.25,24507921
2021-04-09 09:58:17,322.2,24510050
2021-04-09 09:58:17,322.3,24510400
2021-04-09 09:58:18,322.2,24511331
2021-04-09 09:58:19,322.4,24511585
2021-04-09 09:58:21,322.3,24513801
2021-04-09 09:58:23,322.2,24514268
2021-04-09 09:58:24,322.35,24514655
2021-04-09 09:58:25,322.3,24515152
2021-04-09 09:58:25,322.3,24515155
2021-04-09 09:58:26,322.4,24515522
2021-04-09 09:58:28,322.25,24516019
2021-04-09 09:58:29,322.25,24516468
2021-04-09 09:58:30,322.4,24517104
2021-04-09 09:58:30,322.4,24517112
2021-04-09 09:58:31,322.25,24517993
2021-04-09 09:58:33,322.4,24519173
2021-04-09 09:58:34,322.35,24519934
2021-04-09 09:58:35,322.4,24520360
2021-04-09 09:58:36,322.45,24550886
2021-04-09 09:58:37,322.6,24551202
2021-04-09 09:58:38,322.6,24558339
2021-04-09 09:58:38,322.6,24558339
2021-04-09 09:58:39,322.6,24559091
2021-04-09 09:58:40,322.55,24562769
2021-04-09 09:58:42,322.5,24563299
2021-04-09 09:58:43,322.55,24567717
2021-04-09 09:58:44,322.55,24567970
2021-04-09 09:58:44,322.55,24568025
2021-04-09 09:58:45,322.55,24569226
2021-04-09 09:58:47,322.55,24569980
2021-04-09 09:58:48,322.4,24577437
2021-04-09 09:58:49,322.3,24579009
2021-04-09 09:58:50,322.45,24579198
2021-04-09 09:58:50,322.45,24579198
2021-04-09 09:58:51,322.45,24582431
2021-04-09 09:58:52,322.45,24582452
2021-04-09 09:58:53,322.45,24582971
2021-04-09 09:58:54,322.5,24586058
2021-04-09 09:58:55,322.55,24591608
2021-04-09 09:58:56,322.5,24592306
2021-04-09 09:58:58,322.65,24622189
2021-04-09 09:58:59,322.55,24629395
2021-04-09 09:59:00,322.55,24630474
2021-04-09 09:59:01,322.5,24632278
2021-04-09 09:59:01,322.55,24632456
2021-04-09 09:59:03,322.6,24636197
2021-04-09 09:59:03,322.45,24636297
2021-04-09 09:59:04,322.5,24636657
2021-04-09 09:59:05,322.5,24636787
2021-04-09 09:59:06,322.5,24638332
2021-04-09 09:59:07,322.45,24639464
2021-04-09 09:59:09,322.5,24639501
2021-04-09 09:59:10,322.55,24640039
2021-04-09 09:59:11,322.5,24640227
2021-04-09 09:59:12,322.45,24646050
2021-04-09 09:59:12,322.5,24641000
2021-04-09 09:59:13,322.5,24646530
2021-04-09 09:59:14,322.5,24646950
2021-04-09 09:59:16,322.55,24647281
2021-04-09 09:59:17,322.5,24648840
2021-04-09 09:59:18,322.55,24651592
2021-04-09 09:59:19,322.55,24652073
2021-04-09 09:59:20,322.6,24652459
2021-04-09 09:59:21,322.45,24654040
2021-04-09 09:59:22,322.55,24658431
2021-04-09 09:59:22,322.55,24654200
2021-04-09 09:59:23,322.5,24665580
2021-04-09 09:59:24,322.6,24682193
2021-04-09 09:59:25,322.55,24689056
2021-04-09 09:59:27,322.45,24689629
2021-04-09 09:59:29,322.45,24691025
2021-04-09 09:59:30,322.4,24693189
2021-04-09 09:59:31,322.4,24693756
2021-04-09 09:59:32,322.5,24696221
2021-04-09 09:59:33,322.4,24696398
2021-04-09 09:59:34,322.5,24697462
2021-04-09 09:59:34,322.45,24697452
2021-04-09 09:59:35,322.35,24699986
2021-04-09 09:59:37,322.4,24701589
2021-04-09 09:59:38,322.35,24703479
2021-04-09 09:59:39,322.35,24704509
2021-04-09 09:59:40,322.35,24705880
2021-04-09 09:59:40,322.3,24707441
2021-04-09 09:59:41,322.25,24707486
2021-04-09 09:59:42,322.3,24708257
2021-04-09 09:59:43,322.2,24715075
2021-04-09 09:59:45,322.2,24717486
2021-04-09 09:59:46,322.2,24718548
2021-04-09 09:59:47,322.2,24734507
2021-04-09 09:59:48,322.2,24734879
2021-04-09 09:59:48,322.25,24734999
2021-04-09 09:59:50,322.25,24735927
2021-04-09 09:59:51,322.25,24738485
2021-04-09 09:59:52,322.2,24740326
2021-04-09 09:59:53,322.2,24740836
2021-04-09 09:59:54,322.1,24742439
2021-04-09 09:59:55,322.25,24743777
2021-04-09 09:59:56,322.25,24746438
2021-04-09 09:59:57,322.25,24750231
2021-04-09 09:59:57,322.25,24750231
2021-04-09 09:59:59,322.25,24750705
2021-04-09 10:00:00,322.35,24766238
2021-04-09 10:00:01,322.2,24767878
2021-04-09 10:00:02,322.25,24771171
2021-04-09 10:00:03,322.2,24775339
2021-04-09 10:00:03,322.3,24775502
2021-04-09 10:00:05,322.2,24776636
2021-04-09 10:00:06,322.3,24777346
2021-04-09 10:00:07,322.15,24779090
2021-04-09 10:00:08,322.3,24786774
2021-04-09 10:00:09,322.1,24787816
2021-04-09 10:00:10,322.35,24788860
2021-04-09 10:00:11,322.2,24790763
2021-04-09 10:00:12,322.2,24791665
2021-04-09 10:00:13,322.25,24792859
2021-04-09 10:00:15,322.05,24798180
2021-04-09 10:00:15,322.15,24798672
2021-04-09 10:00:17,322.2,24803257
2021-04-09 10:00:18,322.15,24813701
2021-04-09 10:00:19,322.2,24816581
2021-04-09 10:00:20,322.05,24816912
2021-04-09 10:00:21,322.0,24822886
2021-04-09 10:00:22,322.15,24824201
2021-04-09 10:00:22,322.0,24824851
2021-04-09 10:00:24,322.0,24828275
2021-04-09 10:00:25,322.0,24829005
2021-04-09 10:00:26,322.0,24830556
2021-04-09 10:00:27,322.1,24832116
2021-04-09 10:00:28,322.05,24832726
2021-04-09 10:00:28,322.05,24832777
2021-04-09 10:00:29,322.3,24844621
2021-04-09 10:00:30,322.35,24846393
2021-04-09 10:00:32,322.35,24846990
2021-04-09 10:00:33,322.2,24848767
2021-04-09 10:00:34,322.35,24849192
2021-04-09 10:00:35,322.2,24850351
2021-04-09 10:00:36,322.35,24850822
2021-04-09 10:00:37,322.3,24851101
2021-04-09 10:00:38,322.25,24851820
2021-04-09 10:00:38,322.2,24851808
2021-04-09 10:00:39,322.3,24855040
2021-04-09 10:00:40,322.25,24856183
2021-04-09 10:00:42,322.25,24857819
2021-04-09 10:00:43,322.25,24858481
2021-04-09 10:00:44,322.05,24858977
2021-04-09 10:00:45,322.15,24860723
2021-04-09 10:00:46,322.15,24860830
2021-04-09 10:00:47,322.2,24861243
2021-04-09 10:00:48,322.2,24861534
2021-04-09 10:00:49,322.2,24861739
2021-04-09 10:00:49,322.2,24861739
2021-04-09 10:00:50,322.2,24862562
2021-04-09 10:00:51,322.1,24863388
2021-04-09 10:00:53,322.1,24865368
2021-04-09 10:00:54,322.1,24867390
2021-04-09 10:00:55,322.15,24867638
2021-04-09 10:00:56,322.25,24868626
2021-04-09 10:00:56,322.1,24868426
2021-04-09 10:00:58,322.2,24869007
2021-04-09 10:00:59,322.1,24869692
2021-04-09 10:01:00,322.25,24873805
2021-04-09 10:01:01,322.3,24875016
2021-04-09 10:01:02,322.2,24875399
2021-04-09 10:01:03,322.15,24876105
2021-04-09 10:01:04,322.2,24879215
2021-04-09 10:01:04,322.2,24879215
2021-04-09 10:01:06,322.1,24880134
2021-04-09 10:01:07,322.15,24880194
2021-04-09 10:01:08,322.1,24881210
2021-04-09 10:01:09,322.1,24881606
2021-04-09 10:01:10,322.2,24888748
2021-04-09 10:01:10,322.2,24888798
2021-04-09 10:01:12,322.2,24889528
2021-04-09 10:01:13,322.1,24890516
2021-04-09 10:01:14,322.1,24891126
2021-04-09 10:01:15,322.2,24893008
2021-04-09 10:01:16,322.2,24894127
2021-04-09 10:01:16,322.1,24894232
2021-04-09 10:01:17,322.2,24894856
2021-04-09 10:01:19,322.15,24897735
2021-04-09 10:01:20,322.2,24898515
2021-04-09 10:01:21,322.15,24899345
2021-04-09 10:01:22,322.25,24900621
2021-04-09 10:01:22,322.15,24900710
2021-04-09 10:01:24,322.15,24901666
2021-04-09 10:01:25,322.15,24902462
2021-04-09 10:01:26,322.2,24903237
2021-04-09 10:01:27,322.25,24903378
2021-04-09 10:01:28,322.2,24904290
2021-04-09 10:01:28,322.2,24904290
2021-04-09 10:01:30,322.2,24907091
2021-04-09 10:01:31,322.2,24907422
2021-04-09 10:01:32,322.2,24909159
2021-04-09 10:01:33,322.25,24910115
2021-04-09 10:01:34,322.15,24911289
2021-04-09 10:01:35,322.15,24912061
2021-04-09 10:01:36,322.15,24913851
2021-04-09 10:01:37,322.15,24915345
2021-04-09 10:01:37,322.15,24915525
2021-04-09 10:01:39,322.15,24916504
2021-04-09 10:01:40,322.1,24926212
2021-04-09 10:01:41,322.2,24927551
2021-04-09 10:01:42,322.15,24936806
2021-04-09 10:01:43,322.0,24941709
2021-04-09 10:01:44,322.0,24946794
2021-04-09 10:01:45,322.0,24947290
2021-04-09 10:01:45,322.1,24947299
2021-04-09 10:01:47,322.0,24947835
2021-04-09 10:01:49,322.05,24948206
2021-04-09 10:01:50,322.0,24954425
2021-04-09 10:01:51,322.25,24978797
2021-04-09 10:01:52,322.25,24980608
2021-04-09 10:01:53,322.25,24981968
2021-04-09 10:01:54,322.25,24982983
2021-04-09 10:01:55,322.2,24984172
2021-04-09 10:01:56,322.2,24984372
2021-04-09 10:01:57,322.3,24991607
2021-04-09 10:01:58,322.25,24994070
2021-04-09 10:01:59,322.25,24994885
2021-04-09 10:02:00,322.25,24997825
2021-04-09 10:02:01,322.25,25000543
2021-04-09 10:02:02,322.2,25002563
2021-04-09 10:02:03,322.35,25006249
2021-04-09 10:02:04,322.35,25006389
2021-04-09 10:02:05,322.25,25007003
2021-04-09 10:02:06,322.25,25010820
2021-04-09 10:02:07,322.25,25010905
2021-04-09 10:02:08,322.2,25013644
2021-04-09 10:02:09,322.3,25016895
2021-04-09 10:02:10,322.25,25017533
2021-04-09 10:02:11,322.2,25018899
2021-04-09 10:02:12,322.35,25019185
2021-04-09 10:02:13,322.2,25019253
2021-04-09 10:02:14,322.25,25020273
2021-04-09 10:02:15,322.25,25021334
2021-04-09 10:02:16,322.3,25021363
2021-04-09 10:02:17,322.3,25021932
2021-04-09 10:02:18,322.3,25023130
2021-04-09 10:02:19,322.25,25024743
2021-04-09 10:02:20,322.3,25025830
2021-04-09 10:02:21,322.3,25025880
2021-04-09 10:02:22,322.25,25026491
2021-04-09 10:02:23,322.25,25027746
2021-04-09 10:02:24,322.2,25028826
2021-04-09 10:02:25,322.2,25029657
2021-04-09 10:02:26,322.25,25032644
2021-04-09 10:02:27,322.25,25033713
2021-04-09 10:02:28,322.2,25034033
2021-04-09 10:02:29,322.2,25034181
2021-04-09 10:02:30,322.1,25042523
2021-04-09 10:02:31,322.2,25045430
2021-04-09 10:02:32,322.25,25047002
2021-04-09 10:02:33,322.2,25047407
2021-04-09 10:02:34,322.05,25047772
2021-04-09 10:02:35,322.1,25049621
2021-04-09 10:02:36,322.2,25049905
2021-04-09 10:02:38,322.1,25051529
2021-04-09 10:02:37,322.1,25051529
2021-04-09 10:02:39,322.1,25053393
2021-04-09 10:02:40,322.2,25054051
2021-04-09 10:02:41,322.2,25054156
2021-04-09 10:02:42,322.1,25054361
2021-04-09 10:02:43,322.05,25060059
2021-04-09 10:02:45,322.05,25060961
2021-04-09 10:02:44,322.05,25060761
2021-04-09 10:02:46,322.15,25066181
2021-04-09 10:02:47,322.05,25067883
2021-04-09 10:02:48,322.05,25070443
2021-04-09 10:02:49,322.0,25191847
2021-04-09 10:02:50,321.95,25212224
2021-04-09 10:02:51,322.0,25216422
2021-04-09 10:02:52,321.95,25218826
2021-04-09 10:02:53,321.95,25219092
2021-04-09 10:02:54,322.0,25222757
2021-04-09 10:02:56,322.0,25225217
2021-04-09 10:02:55,322.0,25224717
2021-04-09 10:02:57,322.0,25226883
2021-04-09 10:02:58,322.0,25227879
2021-04-09 10:02:59,322.0,25230004
2021-04-09 10:03:00,321.95,25230719
2021-04-09 10:03:02,322.05,25232205
2021-04-09 10:03:01,322.05,25231923
2021-04-09 10:03:03,322.05,25234708
2021-04-09 10:03:04,322.15,25234811
2021-04-09 10:03:05,322.3,25252658
2021-04-09 10:03:06,322.25,25256726
2021-04-09 10:03:07,322.2,25258165
2021-04-09 10:03:08,322.35,25259585
2021-04-09 10:03:09,322.35,25259635
2021-04-09 10:03:10,322.45,25265777
2021-04-09 10:03:11,322.55,25322291
2021-04-09 10:03:12,322.45,25324689
2021-04-09 10:03:13,322.35,25327634
2021-04-09 10:03:14,322.4,25328860
2021-04-09 10:03:16,322.3,25329834
2021-04-09 10:03:15,322.45,25329804
2021-04-09 10:03:17,322.2,25332542
2021-04-09 10:03:18,322.2,25333121
2021-04-09 10:03:19,322.35,25334882
2021-04-09 10:03:20,322.4,25335107
2021-04-09 10:03:21,322.3,25335121
2021-04-09 10:03:22,322.45,25339131
2021-04-09 10:03:23,322.4,25340027
2021-04-09 10:03:24,322.2,25341504
2021-04-09 10:03:25,322.2,25341809
2021-04-09 10:03:26,322.2,25343631
2021-04-09 10:03:27,322.2,25344347
2021-04-09 10:03:28,322.2,25344642
2021-04-09 10:03:29,322.25,25350855
2021-04-09 10:03:30,322.25,25351612
2021-04-09 10:03:31,322.2,25351995
2021-04-09 10:03:32,322.2,25354054
2021-04-09 10:03:33,322.25,25354813
2021-04-09 10:03:34,322.25,25354813
2021-04-09 10:03:35,322.3,25355097
2021-04-09 10:03:36,322.3,25357076
2021-04-09 10:03:37,322.4,25358266
2021-04-09 10:03:38,322.5,25366810
2021-04-09 10:03:39,322.35,25366960
2021-04-09 10:03:40,322.35,25367226
2021-04-09 10:03:41,322.35,25367877
2021-04-09 10:03:42,322.35,25368888
2021-04-09 10:03:43,322.45,25369337
2021-04-09 10:03:44,322.35,25371534
2021-04-09 10:03:45,322.5,25374885
2021-04-09 10:03:46,322.35,25376001
2021-04-09 10:03:47,322.35,25376001
2021-04-09 10:03:48,322.5,25376717
2021-04-09 10:03:49,322.4,25380529
2021-04-09 10:03:50,322.55,25405815
2021-04-09 10:03:51,322.55,25406994
2021-04-09 10:03:52,322.6,25412305
2021-04-09 10:03:53,322.7,25430970
2021-04-09 10:03:54,322.65,25432180
2021-04-09 10:03:55,322.9,25503948
2021-04-09 10:03:56,322.7,25510214
2021-04-09 10:03:57,322.85,25512881
2021-04-09 10:03:58,322.9,25515827
2021-04-09 10:03:59,322.75,25519244
2021-04-09 10:04:00,322.8,25520266
2021-04-09 10:04:01,322.7,25521616
2021-04-09 10:04:02,322.8,25522542
2021-04-09 10:04:03,322.7,25522604
2021-04-09 10:04:04,322.7,25523444
2021-04-09 10:04:05,322.8,25524855
2021-04-09 10:04:06,322.8,25525286
2021-04-09 10:04:07,322.8,25525560
2021-04-09 10:04:09,322.7,25526568
2021-04-09 10:04:09,322.7,25526568
2021-04-09 10:04:10,322.85,25528172
2021-04-09 10:04:11,322.7,25529308
2021-04-09 10:04:12,322.65,25530676
2021-04-09 10:04:13,322.8,25534217
2021-04-09 10:04:15,322.9,25540469
2021-04-09 10:04:16,322.9,25541074
2021-04-09 10:04:16,322.8,25540944
2021-04-09 10:04:17,322.9,25542819
2021-04-09 10:04:18,322.85,25572869
2021-04-09 10:04:19,323.0,25578650
2021-04-09 10:04:20,322.95,25662391
2021-04-09 10:04:22,322.9,25665804
2021-04-09 10:04:22,322.9,25665794
2021-04-09 10:04:23,323.0,25669445
2021-04-09 10:04:24,322.85,25683220
2021-04-09 10:04:25,322.85,25683735
2021-04-09 10:04:26,322.95,25685568
2021-04-09 10:04:27,322.85,25687066
2021-04-09 10:04:28,322.95,25689418
2021-04-09 10:04:29,322.85,25689848
2021-04-09 10:04:31,323.0,25696379
2021-04-09 10:04:31,323.0,25696384
2021-04-09 10:04:32,323.0,25713155
2021-04-09 10:04:33,323.0,25715530
2021-04-09 10:04:34,323.0,25717088
2021-04-09 10:04:35,322.95,25722356
2021-04-09 10:04:36,322.8,25726722
2021-04-09 10:04:37,322.85,25728083
2021-04-09 10:04:39,322.85,25728659
2021-04-09 10:04:39,322.85,25728659
2021-04-09 10:04:40,322.9,25731167
2021-04-09 10:04:41,322.9,25732709
2021-04-09 10:04:42,322.85,25732953
2021-04-09 10:04:43,322.8,25734032
2021-04-09 10:04:45,322.9,25735450
2021-04-09 10:04:45,322.9,25735470
2021-04-09 10:04:46,322.8,25755941
2021-04-09 10:04:47,322.75,25756285
2021-04-09 10:04:48,322.85,25756894
2021-04-09 10:04:49,322.85,25809142
2021-04-09 10:04:50,322.95,25809352
2021-04-09 10:04:52,322.9,25810789
2021-04-09 10:04:52,322.9,25810789
2021-04-09 10:04:54,322.9,25811466
2021-04-09 10:04:55,322.8,25811976
2021-04-09 10:04:56,322.7,25814016
2021-04-09 10:04:57,322.75,25814794
2021-04-09 10:04:59,322.7,25815144
2021-04-09 10:04:59,322.75,25815295
2021-04-09 10:05:00,322.8,25819066
2021-04-09 10:05:01,322.75,25820728
2021-04-09 10:05:02,322.75,25821531
2021-04-09 10:05:03,322.6,25826908
2021-04-09 10:05:05,322.75,25827582
2021-04-09 10:05:06,322.85,25829303
2021-04-09 10:05:07,322.9,25829489
2021-04-09 10:05:08,322.75,25829976
2021-04-09 10:05:08,322.75,25829976
2021-04-09 10:05:09,322.85,25832978
2021-04-09 10:05:10,322.85,25833640
2021-04-09 10:05:11,322.85,25833794
2021-04-09 10:05:12,322.9,25838241
2021-04-09 10:05:14,322.8,25838596
2021-04-09 10:05:14,322.75,25839006
2021-04-09 10:05:15,322.85,25842336
2021-04-09 10:05:16,322.95,25849086
2021-04-09 10:05:17,322.9,25849675
2021-04-09 10:05:18,322.8,25850364
2021-04-09 10:05:19,322.9,25851335
2021-04-09 10:05:20,322.75,25858981
2021-04-09 10:05:22,322.75,25861080
2021-04-09 10:05:22,322.75,25860780
2021-04-09 10:05:23,322.6,25871093
2021-04-09 10:05:24,322.8,25872565
2021-04-09 10:05:25,322.8,25872807
2021-04-09 10:05:26,322.8,25874942
2021-04-09 10:05:27,322.75,25875851
2021-04-09 10:05:29,322.8,25876780
2021-04-09 10:05:29,322.6,25879780
2021-04-09 10:05:30,322.7,25880204
2021-04-09 10:05:31,322.7,25880556
2021-04-09 10:05:32,322.65,25884549
2021-04-09 10:05:34,322.75,25885303
2021-04-09 10:05:34,322.75,25885313
2021-04-09 10:05:35,322.75,25885989
2021-04-09 10:05:36,322.8,25886692
2021-04-09 10:05:37,322.8,25887293
2021-04-09 10:05:38,322.65,25887584
