timestamp,ltp,volume
2021-05-18 09:15:25,1455.8,232922
2021-05-18 09:15:26,1456.9,243313
2021-05-18 09:15:27,1456.9,246238
2021-05-18 09:15:28,1457.65,252728
2021-05-18 09:15:29,1457.8,256861
2021-05-18 09:15:30,1457.2,260482
2021-05-18 09:15:31,1456.95,270995
2021-05-18 09:15:32,1457.85,276024
2021-05-18 09:15:33,1458.05,278312
2021-05-18 09:15:34,1457.7,282684
2021-05-18 09:15:35,1457.7,284970
2021-05-18 09:15:36,1458.4,290058
2021-05-18 09:15:37,1457.7,295192
2021-05-18 09:15:38,1457.3,297904
2021-05-18 09:15:39,1459.0,306613
2021-05-18 09:15:40,1457.65,311240
2021-05-18 09:15:41,1457.65,312726
2021-05-18 09:15:42,1458.6,316068
2021-05-18 09:15:43,1457.9,316995
2021-05-18 09:15:45,1458.15,323107
2021-05-18 09:15:46,1457.55,325614
2021-05-18 09:15:48,1458.35,332214
2021-05-18 09:15:51,1458.05,336181
2021-05-18 09:15:52,1458.75,340223
2021-05-18 09:15:53,1458.75,342353
2021-05-18 09:15:54,1458.8,345516
2021-05-18 09:15:55,1459.5,353148
2021-05-18 09:15:56,1459.65,355232
2021-05-18 09:15:57,1460.3,359380
2021-05-18 09:15:58,1461.0,361659
2021-05-18 09:15:59,1460.55,364184
2021-05-18 09:16:00,1460.55,368609
2021-05-18 09:16:01,1461.1,371607
2021-05-18 09:16:02,1460.5,376521
2021-05-18 09:16:03,1460.5,380174
2021-05-18 09:16:04,1460.9,382032
2021-05-18 09:16:05,1461.7,383419
2021-05-18 09:16:06,1460.95,383727
2021-05-18 09:16:07,1461.5,388322
2021-05-18 09:16:08,1461.9,389436
2021-05-18 09:16:09,1461.15,391907
2021-05-18 09:16:10,1462.35,399670
2021-05-18 09:16:11,1462.9,404780
2021-05-18 09:16:12,1462.75,406782
2021-05-18 09:16:13,1462.0,413315
2021-05-18 09:16:14,1462.45,414559
2021-05-18 09:16:15,1461.75,417289
2021-05-18 09:16:16,1463.0,418936
2021-05-18 09:16:17,1462.2,419197
2021-05-18 09:16:18,1463.0,420113
2021-05-18 09:16:19,1463.45,421110
2021-05-18 09:16:21,1463.5,422454
2021-05-18 09:16:20,1463.45,421403
2021-05-18 09:16:22,1463.0,424404
2021-05-18 09:16:23,1462.9,425221
2021-05-18 09:16:24,1463.7,427148
2021-05-18 09:16:25,1463.35,431039
2021-05-18 09:16:26,1463.05,435267
2021-05-18 09:16:27,1463.9,436511
2021-05-18 09:16:28,1464.0,438321
2021-05-18 09:16:29,1464.0,441063
2021-05-18 09:16:30,1464.1,442262
2021-05-18 09:16:31,1464.95,452299
2021-05-18 09:16:32,1464.25,454909
2021-05-18 09:16:33,1464.6,461152
2021-05-18 09:16:34,1465.3,463451
2021-05-18 09:16:35,1465.5,469118
2021-05-18 09:16:36,1465.55,472788
2021-05-18 09:16:37,1464.95,474738
2021-05-18 09:16:38,1465.55,476185
2021-05-18 09:16:39,1465.6,478175
2021-05-18 09:16:40,1465.85,486084
2021-05-18 09:16:41,1465.55,491998
2021-05-18 09:16:42,1465.55,493689
2021-05-18 09:16:43,1465.7,495220
2021-05-18 09:16:44,1465.8,497343
2021-05-18 09:16:45,1466.7,498746
2021-05-18 09:16:46,1465.8,504812
2021-05-18 09:16:47,1466.7,507496
2021-05-18 09:16:48,1465.75,516313
2021-05-18 09:16:49,1466.4,518867
2021-05-18 09:16:50,1466.0,520473
2021-05-18 09:16:52,1467.1,523617
2021-05-18 09:16:53,1467.15,525704
2021-05-18 09:16:54,1466.4,526526
2021-05-18 09:16:55,1466.4,526774
2021-05-18 09:16:56,1466.75,527759
2021-05-18 09:16:57,1466.5,529008
2021-05-18 09:16:58,1465.0,536610
2021-05-18 09:16:59,1466.5,538956
2021-05-18 09:17:00,1466.0,540045
2021-05-18 09:17:01,1466.0,540974
2021-05-18 09:17:02,1466.6,542832
2021-05-18 09:17:03,1466.5,544739
2021-05-18 09:17:04,1466.3,546537
2021-05-18 09:17:05,1466.85,549514
2021-05-18 09:17:06,1466.85,550066
2021-05-18 09:17:07,1466.2,551842
2021-05-18 09:17:08,1467.1,552554
2021-05-18 09:17:09,1466.95,552896
2021-05-18 09:17:10,1466.2,558580
2021-05-18 09:17:11,1465.55,559954
2021-05-18 09:17:12,1466.0,560829
2021-05-18 09:17:13,1466.0,561383
2021-05-18 09:17:14,1466.25,563001
2021-05-18 09:17:15,1466.25,564125
2021-05-18 09:17:16,1466.65,565020
2021-05-18 09:17:17,1466.1,565648
2021-05-18 09:17:18,1466.1,568381
2021-05-18 09:17:19,1466.65,569118
2021-05-18 09:17:21,1466.0,571500
2021-05-18 09:17:22,1465.9,571684
2021-05-18 09:17:23,1465.9,574009
2021-05-18 09:17:24,1465.9,575317
2021-05-18 09:17:25,1466.1,575916
2021-05-18 09:17:26,1465.9,577266
2021-05-18 09:17:27,1465.45,579785
2021-05-18 09:17:28,1465.9,580979
2021-05-18 09:17:29,1465.85,581839
2021-05-18 09:17:30,1465.35,582512
2021-05-18 09:17:32,1465.65,584021
2021-05-18 09:17:33,1465.5,585374
2021-05-18 09:17:34,1465.05,586204
2021-05-18 09:17:35,1465.6,586267
2021-05-18 09:17:36,1465.5,586702
2021-05-18 09:17:37,1465.05,587403
2021-05-18 09:17:38,1465.25,600126
2021-05-18 09:17:39,1465.3,600404
2021-05-18 09:17:40,1465.35,603113
2021-05-18 09:17:41,1465.25,604812
2021-05-18 09:17:42,1465.0,605735
2021-05-18 09:17:43,1465.0,606595
2021-05-18 09:17:44,1465.05,608236
2021-05-18 09:17:45,1465.05,615120
2021-05-18 09:17:46,1464.85,616606
2021-05-18 09:17:47,1465.0,621685
2021-05-18 09:17:48,1464.35,625505
2021-05-18 09:17:49,1464.8,627103
2021-05-18 09:17:50,1464.35,628256
2021-05-18 09:17:51,1464.35,629761
2021-05-18 09:17:52,1464.35,629977
2021-05-18 09:17:53,1464.35,632013
2021-05-18 09:17:54,1464.15,632964
2021-05-18 09:17:55,1466.25,639898
2021-05-18 09:17:57,1465.35,642316
2021-05-18 09:17:58,1465.85,642579
2021-05-18 09:18:01,1465.05,650768
2021-05-18 09:18:02,1465.25,652591
2021-05-18 09:18:03,1465.55,658030
2021-05-18 09:18:05,1465.55,658668
2021-05-18 09:18:05,1465.9,659239
2021-05-18 09:18:07,1465.75,660296
2021-05-18 09:18:08,1465.4,661176
2021-05-18 09:18:09,1465.55,661968
2021-05-18 09:18:10,1465.2,662752
2021-05-18 09:18:11,1465.65,665283
2021-05-18 09:18:12,1465.25,665660
2021-05-18 09:18:12,1465.25,665947
2021-05-18 09:18:13,1465.25,666918
2021-05-18 09:18:14,1465.4,668107
2021-05-18 09:18:15,1465.15,668754
2021-05-18 09:18:16,1465.0,670026
2021-05-18 09:18:17,1465.15,670747
2021-05-18 09:18:19,1465.0,673654
2021-05-18 09:18:20,1465.3,675780
2021-05-18 09:18:20,1465.3,675930
2021-05-18 09:18:22,1465.0,676569
2021-05-18 09:18:23,1464.65,677070
2021-05-18 09:18:24,1464.95,677389
2021-05-18 09:18:25,1464.65,678108
2021-05-18 09:18:25,1465.0,678507
2021-05-18 09:18:26,1464.7,678951
2021-05-18 09:18:27,1464.95,681313
2021-05-18 09:18:29,1466.0,685055
2021-05-18 09:18:28,1465.2,683920
2021-05-18 09:18:30,1465.35,686417
2021-05-18 09:18:31,1465.25,687208
2021-05-18 09:18:32,1465.25,688349
2021-05-18 09:18:34,1465.25,689263
2021-05-18 09:18:35,1465.5,691427
2021-05-18 09:18:37,1465.25,692132
2021-05-18 09:18:36,1465.35,691525
2021-05-18 09:18:38,1464.65,693273
2021-05-18 09:18:39,1464.65,694047
2021-05-18 09:18:40,1464.65,695625
2021-05-18 09:18:41,1464.7,695819
2021-05-18 09:18:42,1464.55,696870
2021-05-18 09:18:43,1463.65,700810
2021-05-18 09:18:44,1464.1,702593
2021-05-18 09:18:45,1463.55,703689
2021-05-18 09:18:46,1463.65,703875
2021-05-18 09:18:47,1463.65,703990
2021-05-18 09:18:48,1463.7,707032
2021-05-18 09:18:50,1463.65,711649
2021-05-18 09:18:49,1463.7,707108
2021-05-18 09:18:51,1463.95,712211
2021-05-18 09:18:52,1463.9,714189
2021-05-18 09:18:53,1464.4,714888
2021-05-18 09:18:54,1463.45,717489
2021-05-18 09:18:55,1463.7,717828
2021-05-18 09:18:56,1464.0,718501
2021-05-18 09:18:57,1464.0,718820
2021-05-18 09:18:58,1464.35,722089
2021-05-18 09:18:59,1465.0,723657
2021-05-18 09:19:00,1464.55,724224
2021-05-18 09:19:01,1464.55,724557
2021-05-18 09:19:02,1464.55,724781
2021-05-18 09:19:03,1464.55,725769
2021-05-18 09:19:04,1464.55,726236
2021-05-18 09:19:05,1464.55,726707
2021-05-18 09:19:06,1464.55,727449
2021-05-18 09:19:07,1464.7,728253
2021-05-18 09:19:08,1464.55,728849
2021-05-18 09:19:09,1464.8,729884
2021-05-18 09:19:10,1464.15,730580
2021-05-18 09:19:11,1464.15,730841
2021-05-18 09:19:12,1464.15,730893
2021-05-18 09:19:13,1464.5,731432
2021-05-18 09:19:15,1464.75,732167
2021-05-18 09:19:16,1464.15,732610
2021-05-18 09:19:16,1464.15,732620
2021-05-18 09:19:17,1464.2,732895
2021-05-18 09:19:18,1464.2,732996
2021-05-18 09:19:19,1464.5,734727
2021-05-18 09:19:20,1464.05,735067
2021-05-18 09:19:21,1464.0,737048
2021-05-18 09:19:23,1463.85,738521
2021-05-18 09:19:24,1463.5,738706
2021-05-18 09:19:25,1464.0,738994
2021-05-18 09:19:26,1464.0,739244
2021-05-18 09:19:27,1463.15,740035
2021-05-18 09:19:28,1463.05,741898
2021-05-18 09:19:29,1463.3,744371
2021-05-18 09:19:30,1463.3,744602
2021-05-18 09:19:31,1463.5,745137
2021-05-18 09:19:32,1463.05,746183
2021-05-18 09:19:33,1463.25,746820
2021-05-18 09:19:34,1462.25,748507
2021-05-18 09:19:35,1463.0,749161
2021-05-18 09:19:36,1462.85,750736
2021-05-18 09:19:37,1462.5,752501
2021-05-18 09:19:38,1462.65,752884
2021-05-18 09:19:39,1462.45,753693
2021-05-18 09:19:40,1462.75,755784
2021-05-18 09:19:41,1462.7,755891
2021-05-18 09:19:42,1463.5,756402
2021-05-18 09:19:43,1463.45,756616
2021-05-18 09:19:44,1463.05,757360
2021-05-18 09:19:45,1462.85,757879
2021-05-18 09:19:46,1463.8,761283
2021-05-18 09:19:47,1463.0,761527
2021-05-18 09:19:48,1463.15,762288
2021-05-18 09:19:49,1463.05,762617
2021-05-18 09:19:51,1463.1,762948
2021-05-18 09:19:52,1463.9,763561
2021-05-18 09:19:53,1463.45,764764
2021-05-18 09:19:54,1463.45,765113
2021-05-18 09:19:55,1463.7,765800
2021-05-18 09:19:56,1463.3,766987
2021-05-18 09:19:56,1463.05,767168
2021-05-18 09:19:57,1463.2,767210
2021-05-18 09:19:58,1463.1,768157
2021-05-18 09:19:59,1462.75,769510
2021-05-18 09:20:01,1462.2,770785
2021-05-18 09:20:02,1462.6,773037
2021-05-18 09:20:03,1462.75,773829
2021-05-18 09:20:04,1463.0,776743
2021-05-18 09:20:05,1463.05,777726
2021-05-18 09:20:06,1463.45,778066
2021-05-18 09:20:07,1463.25,778737
2021-05-18 09:20:08,1463.8,779306
2021-05-18 09:20:09,1463.95,779636
2021-05-18 09:20:10,1463.65,780527
2021-05-18 09:20:11,1463.55,780697
2021-05-18 09:20:12,1463.55,781227
2021-05-18 09:20:13,1463.9,781507
2021-05-18 09:20:14,1463.75,782167
2021-05-18 09:20:15,1464.5,782589
2021-05-18 09:20:16,1463.95,782724
2021-05-18 09:20:17,1463.8,786056
2021-05-18 09:20:18,1464.0,786770
2021-05-18 09:20:19,1463.85,787877
2021-05-18 09:20:20,1464.0,788175
2021-05-18 09:20:21,1464.1,789793
2021-05-18 09:20:22,1464.05,790421
2021-05-18 09:20:23,1464.05,791088
2021-05-18 09:20:24,1464.05,791553
2021-05-18 09:20:25,1464.1,791930
2021-05-18 09:20:26,1464.1,792432
2021-05-18 09:20:27,1464.15,793999
2021-05-18 09:20:28,1464.05,794831
2021-05-18 09:20:29,1463.9,795479
2021-05-18 09:20:30,1464.7,796293
2021-05-18 09:20:31,1464.1,796749
2021-05-18 09:20:32,1464.7,796917
2021-05-18 09:20:33,1464.35,797393
2021-05-18 09:20:34,1464.75,797528
2021-05-18 09:20:35,1464.1,798063
2021-05-18 09:20:36,1464.1,798479
2021-05-18 09:20:37,1464.1,798743
2021-05-18 09:20:38,1464.65,799205
2021-05-18 09:20:39,1464.15,799604
2021-05-18 09:20:40,1464.35,799838
2021-05-18 09:20:41,1464.3,800089
2021-05-18 09:20:42,1464.15,800516
2021-05-18 09:20:43,1464.15,800740
2021-05-18 09:20:44,1464.25,801029
2021-05-18 09:20:45,1464.15,801566
2021-05-18 09:20:47,1464.1,803564
2021-05-18 09:20:48,1464.55,804111
2021-05-18 09:20:49,1464.2,804922
2021-05-18 09:20:50,1465.0,812330
2021-05-18 09:20:51,1465.0,813868
2021-05-18 09:20:52,1465.0,814833
2021-05-18 09:20:53,1465.15,815042
2021-05-18 09:20:54,1465.0,815157
2021-05-18 09:20:55,1465.0,815198
2021-05-18 09:20:56,1465.0,816575
2021-05-18 09:20:57,1465.0,816821
2021-05-18 09:20:58,1465.05,817667
2021-05-18 09:20:59,1465.55,817825
2021-05-18 09:21:00,1465.8,818501
2021-05-18 09:21:01,1466.0,824789
2021-05-18 09:21:02,1466.05,825425
2021-05-18 09:21:03,1466.3,826003
2021-05-18 09:21:04,1466.35,827163
2021-05-18 09:21:05,1466.05,827877
2021-05-18 09:21:06,1465.95,828184
2021-05-18 09:21:07,1465.55,829425
2021-05-18 09:21:08,1465.9,829709
2021-05-18 09:21:09,1465.65,829757
2021-05-18 09:21:10,1465.4,830056
2021-05-18 09:21:11,1465.6,830239
2021-05-18 09:21:12,1466.0,831841
2021-05-18 09:21:13,1466.0,832871
2021-05-18 09:21:14,1466.05,833075
2021-05-18 09:21:15,1465.7,833200
2021-05-18 09:21:16,1465.65,834122
2021-05-18 09:21:17,1465.8,834632
2021-05-18 09:21:18,1466.0,835176
2021-05-18 09:21:19,1465.7,835559
2021-05-18 09:21:20,1465.6,837859
2021-05-18 09:21:21,1465.0,838447
2021-05-18 09:21:22,1465.7,839579
2021-05-18 09:21:23,1465.7,840451
2021-05-18 09:21:24,1465.55,841213
2021-05-18 09:21:25,1465.55,841344
2021-05-18 09:21:26,1465.65,841663
2021-05-18 09:21:27,1465.05,842108
2021-05-18 09:21:28,1464.85,843825
2021-05-18 09:21:29,1465.05,844592
2021-05-18 09:21:30,1464.85,844886
2021-05-18 09:21:31,1465.0,845386
2021-05-18 09:21:32,1465.0,845644
2021-05-18 09:21:33,1465.05,846662
2021-05-18 09:21:34,1464.5,848694
2021-05-18 09:21:35,1464.5,849028
2021-05-18 09:21:36,1464.65,849416
2021-05-18 09:21:37,1464.25,850637
2021-05-18 09:21:38,1464.25,850797
2021-05-18 09:21:39,1464.3,852486
2021-05-18 09:21:40,1464.8,853434
2021-05-18 09:21:41,1464.3,853854
2021-05-18 09:21:42,1464.8,854165
2021-05-18 09:21:43,1464.95,854722
2021-05-18 09:21:44,1464.5,854799
2021-05-18 09:21:45,1464.8,854800
2021-05-18 09:21:46,1464.5,854983
2021-05-18 09:21:47,1464.5,855622
2021-05-18 09:21:48,1464.75,856421
2021-05-18 09:21:49,1464.5,856928
2021-05-18 09:21:50,1464.15,857564
2021-05-18 09:21:51,1464.5,857920
2021-05-18 09:21:52,1464.5,861376
2021-05-18 09:21:53,1464.6,862628
2021-05-18 09:21:54,1464.65,862976
2021-05-18 09:21:55,1464.8,863387
2021-05-18 09:21:56,1463.9,864225
2021-05-18 09:21:57,1464.0,865655
2021-05-18 09:21:59,1464.05,865826
2021-05-18 09:22:00,1464.05,866120
2021-05-18 09:22:01,1464.05,866414
2021-05-18 09:22:02,1464.05,866684
2021-05-18 09:22:03,1463.55,869000
2021-05-18 09:22:04,1463.6,869978
2021-05-18 09:22:05,1463.35,872761
2021-05-18 09:22:06,1463.35,873985
2021-05-18 09:22:07,1462.7,875328
2021-05-18 09:22:08,1462.85,875565
2021-05-18 09:22:09,1462.95,875632
2021-05-18 09:22:10,1463.5,877297
2021-05-18 09:22:11,1463.45,877735
2021-05-18 09:22:12,1463.25,877811
2021-05-18 09:22:13,1463.8,878308
2021-05-18 09:22:14,1463.8,878645
2021-05-18 09:22:15,1463.9,879490
2021-05-18 09:22:16,1463.8,879559
2021-05-18 09:22:17,1463.8,880572
2021-05-18 09:22:18,1462.85,881360
2021-05-18 09:22:19,1463.65,881581
2021-05-18 09:22:20,1463.8,881946
2021-05-18 09:22:21,1464.0,883508
2021-05-18 09:22:22,1463.75,883544
2021-05-18 09:22:23,1463.45,884650
2021-05-18 09:22:24,1463.75,884907
2021-05-18 09:22:25,1463.75,884976
2021-05-18 09:22:26,1463.8,885354
2021-05-18 09:22:26,1463.8,885286
2021-05-18 09:22:27,1463.75,885758
2021-05-18 09:22:28,1463.85,886213
2021-05-18 09:22:29,1463.8,886319
2021-05-18 09:22:30,1463.45,887147
2021-05-18 09:22:31,1463.75,887357
2021-05-18 09:22:32,1463.75,888479
2021-05-18 09:22:33,1463.9,889122
2021-05-18 09:22:34,1463.55,889298
2021-05-18 09:22:35,1463.8,890272
2021-05-18 09:22:36,1463.6,894103
2021-05-18 09:22:37,1464.0,895443
2021-05-18 09:22:38,1464.0,895560
2021-05-18 09:22:39,1464.25,895850
2021-05-18 09:22:40,1464.2,897134
2021-05-18 09:22:42,1464.35,898076
2021-05-18 09:22:43,1464.35,898255
2021-05-18 09:22:44,1464.25,898902
2021-05-18 09:22:45,1464.25,899327
2021-05-18 09:22:46,1464.25,899962
2021-05-18 09:22:47,1464.5,900542
2021-05-18 09:22:48,1464.5,900624
2021-05-18 09:22:49,1464.3,901247
2021-05-18 09:22:50,1464.2,903576
2021-05-18 09:22:51,1463.9,904599
2021-05-18 09:22:52,1463.9,905830
2021-05-18 09:22:53,1463.7,906122
2021-05-18 09:22:54,1463.5,906384
2021-05-18 09:22:55,1464.0,906584
2021-05-18 09:22:56,1464.25,906875
2021-05-18 09:22:57,1463.8,906980
2021-05-18 09:22:58,1464.0,907361
2021-05-18 09:22:59,1464.0,908686
2021-05-18 09:23:01,1464.35,909528
2021-05-18 09:23:02,1464.0,909864
2021-05-18 09:23:03,1464.0,910026
2021-05-18 09:23:04,1464.25,910448
2021-05-18 09:23:05,1464.25,910525
2021-05-18 09:23:06,1463.95,911386
2021-05-18 09:23:07,1463.7,911920
2021-05-18 09:23:08,1464.1,913392
2021-05-18 09:23:09,1463.7,913443
2021-05-18 09:23:10,1464.2,913555
2021-05-18 09:23:11,1464.2,913640
2021-05-18 09:23:12,1463.8,914963
2021-05-18 09:23:13,1463.8,915356
2021-05-18 09:23:14,1463.05,916252
2021-05-18 09:23:15,1463.25,916575
2021-05-18 09:23:16,1464.2,917632
2021-05-18 09:23:17,1464.65,920935
2021-05-18 09:23:18,1464.35,920981
2021-05-18 09:23:19,1464.65,921611
2021-05-18 09:23:20,1464.65,922678
2021-05-18 09:23:21,1464.2,922920
2021-05-18 09:23:22,1464.65,923852
2021-05-18 09:23:23,1464.65,924464
2021-05-18 09:23:24,1464.65,924676
2021-05-18 09:23:25,1464.65,925095
2021-05-18 09:23:26,1464.15,925559
2021-05-18 09:23:27,1464.15,925917
2021-05-18 09:23:28,1464.0,926033
2021-05-18 09:23:29,1463.75,926631
2021-05-18 09:23:30,1464.0,926917
2021-05-18 09:23:31,1463.8,927542
2021-05-18 09:23:32,1463.3,927578
2021-05-18 09:23:33,1463.3,928860
2021-05-18 09:23:34,1463.3,929138
2021-05-18 09:23:35,1463.6,929517
2021-05-18 09:23:36,1463.6,929585
2021-05-18 09:23:37,1463.15,929660
2021-05-18 09:23:38,1463.2,933842
2021-05-18 09:23:39,1462.5,934037
2021-05-18 09:23:40,1462.65,935230
2021-05-18 09:23:41,1462.15,936153
2021-05-18 09:23:42,1462.2,936325
2021-05-18 09:23:43,1462.2,936557
2021-05-18 09:23:44,1462.2,936905
2021-05-18 09:23:45,1462.4,938855
2021-05-18 09:23:46,1462.65,939528
2021-05-18 09:23:47,1462.4,939812
2021-05-18 09:23:48,1462.4,940399
2021-05-18 09:23:49,1462.4,940980
2021-05-18 09:23:50,1462.4,941432
2021-05-18 09:23:51,1462.6,942128
2021-05-18 09:23:52,1462.4,942978
2021-05-18 09:23:53,1462.65,944077
2021-05-18 09:23:54,1462.4,944607
2021-05-18 09:23:55,1462.45,944920
2021-05-18 09:23:57,1462.8,946623
2021-05-18 09:23:59,1462.9,947019
2021-05-18 09:24:00,1463.25,948120
2021-05-18 09:24:01,1463.25,948307
2021-05-18 09:24:02,1463.3,949007
2021-05-18 09:24:03,1463.3,949291
2021-05-18 09:24:04,1463.65,949634
2021-05-18 09:24:05,1463.3,950582
2021-05-18 09:24:06,1463.3,950616
2021-05-18 09:24:07,1463.3,950800
2021-05-18 09:24:08,1463.3,951420
2021-05-18 09:24:09,1463.3,951854
2021-05-18 09:24:09,1463.3,951854
2021-05-18 09:24:11,1463.3,952430
2021-05-18 09:24:12,1463.3,952750
2021-05-18 09:24:13,1463.15,955047
2021-05-18 09:24:14,1463.25,955673
2021-05-18 09:24:14,1463.25,955673
2021-05-18 09:24:16,1463.25,956099
2021-05-18 09:24:17,1463.05,956920
2021-05-18 09:24:18,1463.3,957156
2021-05-18 09:24:19,1463.25,958103
2021-05-18 09:24:20,1463.4,958587
2021-05-18 09:24:21,1463.25,959059
2021-05-18 09:24:22,1463.4,959090
2021-05-18 09:24:23,1463.15,959350
2021-05-18 09:24:23,1463.2,959348
2021-05-18 09:24:24,1463.15,959606
2021-05-18 09:24:25,1463.25,959954
2021-05-18 09:24:26,1463.2,960531
2021-05-18 09:24:27,1463.3,961785
2021-05-18 09:24:29,1463.8,963215
2021-05-18 09:24:30,1463.8,963911
2021-05-18 09:24:31,1463.3,964250
2021-05-18 09:24:32,1463.8,966065
2021-05-18 09:24:33,1463.25,967465
2021-05-18 09:24:34,1463.8,967711
2021-05-18 09:24:35,1463.45,968285
2021-05-18 09:24:36,1463.6,969776
2021-05-18 09:24:37,1463.65,970456
2021-05-18 09:24:38,1463.65,971097
2021-05-18 09:24:39,1463.85,976840
2021-05-18 09:24:40,1463.7,977083
2021-05-18 09:24:41,1464.25,977495
2021-05-18 09:24:42,1464.35,978265
2021-05-18 09:24:43,1464.25,978562
2021-05-18 09:24:44,1464.3,979569
2021-05-18 09:24:44,1464.2,979958
2021-05-18 09:24:45,1464.15,980799
2021-05-18 09:24:46,1464.3,981513
2021-05-18 09:24:47,1464.35,981999
2021-05-18 09:24:48,1464.2,984140
2021-05-18 09:24:49,1464.2,986713
2021-05-18 09:24:51,1464.05,987981
2021-05-18 09:24:52,1464.3,988728
2021-05-18 09:24:53,1464.65,990290
2021-05-18 09:24:54,1464.9,991276
2021-05-18 09:24:55,1464.9,991737
2021-05-18 09:24:56,1465.0,992750
2021-05-18 09:24:57,1464.4,993415
2021-05-18 09:24:58,1465.0,995567
2021-05-18 09:24:59,1465.1,1005680
2021-05-18 09:25:00,1465.1,1006290
2021-05-18 09:25:01,1465.8,1007403
2021-05-18 09:25:02,1465.8,1008989
2021-05-18 09:25:03,1465.85,1011499
2021-05-18 09:25:04,1465.8,1012974
2021-05-18 09:25:05,1465.55,1015421
2021-05-18 09:25:06,1466.3,1022906
2021-05-18 09:25:07,1466.65,1025718
2021-05-18 09:25:08,1466.95,1027640
2021-05-18 09:25:09,1466.6,1031034
2021-05-18 09:25:10,1467.5,1034336
2021-05-18 09:25:11,1467.95,1037659
2021-05-18 09:25:12,1467.95,1039798
2021-05-18 09:25:13,1467.95,1041373
2021-05-18 09:25:14,1467.8,1042233
2021-05-18 09:25:15,1467.4,1042934
2021-05-18 09:25:16,1467.9,1044223
2021-05-18 09:25:17,1467.9,1044877
2021-05-18 09:25:18,1467.4,1045513
2021-05-18 09:25:19,1467.95,1046773
2021-05-18 09:25:20,1468.0,1047375
2021-05-18 09:25:20,1467.95,1047428
2021-05-18 09:25:21,1468.0,1048174
2021-05-18 09:25:23,1468.4,1049563
2021-05-18 09:25:24,1468.6,1051607
2021-05-18 09:25:25,1468.6,1053906
2021-05-18 09:25:26,1468.5,1056209
2021-05-18 09:25:27,1468.6,1057614
2021-05-18 09:25:28,1468.9,1059325
2021-05-18 09:25:29,1468.65,1064216
2021-05-18 09:25:30,1469.0,1065929
2021-05-18 09:25:31,1468.6,1069206
2021-05-18 09:25:32,1467.95,1070641
2021-05-18 09:25:33,1468.0,1071828
2021-05-18 09:25:34,1468.35,1072629
2021-05-18 09:25:35,1467.95,1073778
2021-05-18 09:25:36,1467.6,1076127
2021-05-18 09:25:37,1467.4,1077427
2021-05-18 09:25:38,1467.3,1079017
2021-05-18 09:25:39,1467.15,1080040
2021-05-18 09:25:40,1466.95,1080781
2021-05-18 09:25:41,1467.35,1080791
2021-05-18 09:25:42,1466.95,1081107
2021-05-18 09:25:43,1467.35,1083325
2021-05-18 09:25:44,1467.3,1084625
2021-05-18 09:25:45,1467.3,1086493
2021-05-18 09:25:46,1467.65,1087011
2021-05-18 09:25:47,1467.9,1087711
2021-05-18 09:25:48,1468.0,1089122
2021-05-18 09:25:49,1467.65,1089336
2021-05-18 09:25:50,1467.8,1090352
2021-05-18 09:25:51,1467.95,1090695
2021-05-18 09:25:52,1467.95,1090917
2021-05-18 09:25:53,1467.9,1091139
2021-05-18 09:25:54,1467.95,1091489
2021-05-18 09:25:55,1467.95,1091725
2021-05-18 09:25:56,1467.65,1091846
2021-05-18 09:25:57,1467.95,1092016
2021-05-18 09:25:58,1468.0,1092432
2021-05-18 09:25:59,1467.95,1093081
2021-05-18 09:26:00,1468.0,1093813
2021-05-18 09:26:01,1467.95,1094409
2021-05-18 09:26:02,1468.6,1094862
2021-05-18 09:26:03,1467.9,1095542
2021-05-18 09:26:04,1467.65,1096351
2021-05-18 09:26:05,1467.7,1096763
2021-05-18 09:26:06,1467.9,1097126
2021-05-18 09:26:07,1467.9,1097515
2021-05-18 09:26:08,1467.9,1098270
2021-05-18 09:26:09,1468.15,1099068
2021-05-18 09:26:10,1468.0,1099624
2021-05-18 09:26:11,1468.55,1099973
2021-05-18 09:26:12,1468.6,1100663
2021-05-18 09:26:13,1468.8,1100989
2021-05-18 09:26:14,1468.6,1101449
2021-05-18 09:26:15,1468.6,1101606
2021-05-18 09:26:16,1468.8,1101666
2021-05-18 09:26:17,1468.8,1101666
2021-05-18 09:26:18,1468.65,1101919
2021-05-18 09:26:19,1468.8,1103077
2021-05-18 09:26:20,1469.0,1104377
2021-05-18 09:26:21,1468.7,1104677
2021-05-18 09:26:22,1468.75,1105467
2021-05-18 09:26:23,1468.75,1106384
2021-05-18 09:26:24,1468.75,1106446
2021-05-18 09:26:25,1469.0,1106819
2021-05-18 09:26:26,1469.0,1107200
2021-05-18 09:26:27,1468.0,1109089
2021-05-18 09:26:28,1468.4,1110620
2021-05-18 09:26:29,1468.0,1110736
2021-05-18 09:26:30,1468.15,1112719
2021-05-18 09:26:31,1468.55,1113637
2021-05-18 09:26:32,1469.0,1115340
2021-05-18 09:26:33,1469.0,1116667
2021-05-18 09:26:34,1469.0,1117879
2021-05-18 09:26:35,1469.35,1118373
2021-05-18 09:26:36,1469.0,1120732
2021-05-18 09:26:37,1469.0,1121845
2021-05-18 09:26:38,1469.0,1122295
2021-05-18 09:26:39,1469.0,1123036
2021-05-18 09:26:40,1469.0,1123122
2021-05-18 09:26:41,1468.0,1124154
2021-05-18 09:26:42,1468.15,1126173
2021-05-18 09:26:43,1468.55,1127035
2021-05-18 09:26:44,1469.0,1128396
2021-05-18 09:26:45,1469.3,1129316
2021-05-18 09:26:47,1469.0,1131139
2021-05-18 09:26:48,1468.7,1131427
2021-05-18 09:26:50,1469.0,1132195
2021-05-18 09:26:51,1469.1,1134817
2021-05-18 09:26:52,1468.7,1135579
2021-05-18 09:26:53,1468.75,1136020
2021-05-18 09:26:54,1469.25,1136724
2021-05-18 09:26:55,1469.0,1136887
2021-05-18 09:26:56,1469.0,1137400
2021-05-18 09:26:57,1469.25,1137737
2021-05-18 09:26:58,1469.0,1138049
2021-05-18 09:26:59,1469.45,1140755
2021-05-18 09:27:00,1469.0,1142234
2021-05-18 09:27:01,1469.5,1142947
2021-05-18 09:27:02,1469.05,1146684
2021-05-18 09:27:03,1469.9,1147375
2021-05-18 09:27:04,1470.45,1175576
2021-05-18 09:27:05,1470.45,1176490
2021-05-18 09:27:07,1471.0,1179742
2021-05-18 09:27:08,1471.0,1185442
2021-05-18 09:27:09,1471.0,1186765
2021-05-18 09:27:10,1471.65,1188635
2021-05-18 09:27:11,1471.1,1189241
2021-05-18 09:27:12,1471.9,1189874
2021-05-18 09:27:13,1471.5,1190506
2021-05-18 09:27:14,1471.35,1191624
2021-05-18 09:27:15,1471.25,1193478
2021-05-18 09:27:16,1471.25,1194258
2021-05-18 09:27:17,1471.6,1194946
2021-05-18 09:27:18,1471.35,1195074
2021-05-18 09:27:19,1471.9,1196805
2021-05-18 09:27:20,1471.95,1197789
2021-05-18 09:27:21,1471.35,1199764
2021-05-18 09:27:22,1471.65,1201565
2021-05-18 09:27:23,1471.7,1201597
2021-05-18 09:27:24,1471.55,1202325
2021-05-18 09:27:25,1472.0,1205404
2021-05-18 09:27:26,1471.55,1206357
2021-05-18 09:27:27,1471.55,1208024
2021-05-18 09:27:28,1471.7,1208262
2021-05-18 09:27:29,1471.7,1209215
2021-05-18 09:27:30,1471.7,1210964
2021-05-18 09:27:32,1471.8,1214168
2021-05-18 09:27:33,1471.7,1214861
2021-05-18 09:27:34,1471.65,1221835
2021-05-18 09:27:35,1471.55,1222233
2021-05-18 09:27:36,1471.55,1223983
2021-05-18 09:27:38,1471.55,1229934
2021-05-18 09:27:39,1471.5,1230689
2021-05-18 09:27:40,1471.55,1232472
2021-05-18 09:27:41,1472.0,1233830
2021-05-18 09:27:42,1471.35,1235018
2021-05-18 09:27:43,1471.6,1235679
2021-05-18 09:27:44,1471.55,1236071
2021-05-18 09:27:45,1471.5,1237016
2021-05-18 09:27:46,1472.0,1238616
2021-05-18 09:27:47,1471.15,1239896
2021-05-18 09:27:48,1471.35,1241316
2021-05-18 09:27:49,1471.7,1241829
2021-05-18 09:27:50,1471.75,1242537
2021-05-18 09:27:51,1471.9,1243317
2021-05-18 09:27:52,1471.95,1244864
2021-05-18 09:27:53,1471.95,1245546
2021-05-18 09:27:54,1471.95,1246005
2021-05-18 09:27:55,1471.55,1246065
2021-05-18 09:27:56,1471.55,1246294
2021-05-18 09:27:57,1471.7,1246581
2021-05-18 09:27:58,1471.95,1247044
2021-05-18 09:27:59,1471.95,1247789
2021-05-18 09:28:00,1471.7,1248944
2021-05-18 09:28:01,1471.55,1253591
2021-05-18 09:28:02,1472.0,1255028
2021-05-18 09:28:03,1471.75,1256963
2021-05-18 09:28:04,1472.0,1259774
2021-05-18 09:28:05,1473.0,1261607
2021-05-18 09:28:06,1473.0,1262664
2021-05-18 09:28:07,1472.5,1264266
2021-05-18 09:28:08,1473.0,1265443
2021-05-18 09:28:09,1472.95,1267511
2021-05-18 09:28:10,1473.4,1268332
2021-05-18 09:28:11,1473.15,1270155
2021-05-18 09:28:12,1473.4,1270337
2021-05-18 09:28:13,1473.15,1270952
2021-05-18 09:28:14,1472.6,1272861
2021-05-18 09:28:15,1473.2,1274579
2021-05-18 09:28:16,1473.2,1275289
2021-05-18 09:28:17,1473.0,1275503
2021-05-18 09:28:18,1473.0,1275651
2021-05-18 09:28:19,1473.05,1278890
2021-05-18 09:28:20,1473.1,1279691
2021-05-18 09:28:21,1472.85,1281348
2021-05-18 09:28:22,1472.85,1281537
2021-05-18 09:28:23,1472.95,1282371
2021-05-18 09:28:24,1472.95,1282696
2021-05-18 09:28:25,1472.4,1283099
2021-05-18 09:28:26,1473.0,1283936
2021-05-18 09:28:27,1472.6,1285031
2021-05-18 09:28:28,1472.95,1285368
2021-05-18 09:28:29,1473.05,1289124
2021-05-18 09:28:31,1473.15,1291034
2021-05-18 09:28:32,1472.75,1291670
2021-05-18 09:28:33,1472.1,1294067
2021-05-18 09:28:35,1473.05,1296339
2021-05-18 09:28:36,1472.85,1297249
2021-05-18 09:28:37,1473.05,1297727
2021-05-18 09:28:38,1473.1,1298015
2021-05-18 09:28:39,1473.2,1298101
2021-05-18 09:28:40,1472.95,1298742
2021-05-18 09:28:41,1473.15,1299255
2021-05-18 09:28:43,1472.95,1299465
2021-05-18 09:28:43,1473.1,1299768
2021-05-18 09:28:44,1473.45,1300734
2021-05-18 09:28:45,1473.4,1300838
2021-05-18 09:28:46,1473.1,1301120
2021-05-18 09:28:47,1472.85,1302773
2021-05-18 09:28:48,1473.0,1303379
2021-05-18 09:28:49,1472.9,1304515
2021-05-18 09:28:50,1472.5,1304754
2021-05-18 09:28:52,1472.8,1305531
2021-05-18 09:28:53,1472.75,1305688
2021-05-18 09:28:54,1473.0,1306035
2021-05-18 09:28:55,1472.55,1306650
2021-05-18 09:28:56,1472.75,1306738
2021-05-18 09:28:57,1473.0,1307339
2021-05-18 09:28:58,1473.0,1308611
2021-05-18 09:28:59,1472.95,1308819
2021-05-18 09:29:00,1472.95,1308883
2021-05-18 09:29:01,1472.75,1308898
2021-05-18 09:29:02,1472.8,1309061
2021-05-18 09:29:03,1473.75,1319654
2021-05-18 09:29:04,1473.2,1320563
2021-05-18 09:29:05,1473.75,1322142
2021-05-18 09:29:06,1473.35,1324171
2021-05-18 09:29:07,1473.2,1324867
2021-05-18 09:29:08,1473.2,1325801
2021-05-18 09:29:09,1473.25,1326615
2021-05-18 09:29:10,1473.75,1327967
2021-05-18 09:29:11,1473.25,1328344
2021-05-18 09:29:12,1473.3,1328810
2021-05-18 09:29:13,1472.95,1332775
2021-05-18 09:29:14,1472.6,1333307
2021-05-18 09:29:15,1472.8,1334342
2021-05-18 09:29:16,1472.8,1334969
2021-05-18 09:29:17,1472.9,1335765
2021-05-18 09:29:18,1472.95,1336610
2021-05-18 09:29:19,1472.6,1337881
2021-05-18 09:29:20,1472.65,1339871
2021-05-18 09:29:22,1473.0,1340134
2021-05-18 09:29:23,1472.8,1340240
2021-05-18 09:29:24,1472.6,1341082
2021-05-18 09:29:25,1472.6,1341663
2021-05-18 09:29:26,1472.6,1341821
2021-05-18 09:29:27,1472.85,1342755
2021-05-18 09:29:28,1472.85,1344026
2021-05-18 09:29:29,1472.8,1344468
2021-05-18 09:29:30,1472.65,1348394
2021-05-18 09:29:31,1472.6,1349962
2021-05-18 09:29:32,1472.65,1350085
2021-05-18 09:29:33,1472.85,1351709
2021-05-18 09:29:34,1472.85,1354985
2021-05-18 09:29:35,1473.0,1355390
2021-05-18 09:29:36,1472.95,1355501
2021-05-18 09:29:37,1472.95,1357615
2021-05-18 09:29:38,1472.85,1358907
2021-05-18 09:29:39,1473.2,1360265
2021-05-18 09:29:40,1472.85,1360968
2021-05-18 09:29:41,1472.85,1361136
2021-05-18 09:29:42,1472.85,1361219
2021-05-18 09:29:43,1472.85,1361325
2021-05-18 09:29:44,1472.85,1361349
2021-05-18 09:29:45,1472.85,1361816
2021-05-18 09:29:46,1472.85,1361924
2021-05-18 09:29:47,1472.85,1362781
2021-05-18 09:29:48,1472.75,1364855
2021-05-18 09:29:48,1472.7,1365336
2021-05-18 09:29:49,1472.0,1366802
2021-05-18 09:29:50,1472.25,1366938
2021-05-18 09:29:51,1472.75,1367661
2021-05-18 09:29:52,1472.65,1368931
2021-05-18 09:29:53,1472.45,1369032
2021-05-18 09:29:54,1472.1,1369538
2021-05-18 09:29:55,1472.1,1371687
2021-05-18 09:29:56,1472.1,1371898
2021-05-18 09:29:57,1472.15,1374782
2021-05-18 09:29:58,1472.15,1374995
2021-05-18 09:29:59,1472.6,1375007
2021-05-18 09:30:01,1472.85,1376651
2021-05-18 09:30:02,1473.0,1381261
2021-05-18 09:30:03,1472.75,1381692
2021-05-18 09:30:04,1472.85,1382629
2021-05-18 09:30:05,1473.0,1383274
2021-05-18 09:30:06,1472.85,1384689
2021-05-18 09:30:07,1472.8,1385434
2021-05-18 09:30:08,1473.15,1385583
2021-05-18 09:30:09,1472.95,1385784
2021-05-18 09:30:10,1473.0,1387723
2021-05-18 09:30:12,1472.85,1390873
2021-05-18 09:30:13,1473.05,1391734
2021-05-18 09:30:14,1472.95,1393023
2021-05-18 09:30:15,1473.0,1393365
2021-05-18 09:30:16,1473.0,1393694
2021-05-18 09:30:17,1472.9,1395942
2021-05-18 09:30:18,1472.1,1396273
2021-05-18 09:30:19,1472.15,1396971
2021-05-18 09:30:20,1472.85,1399291
2021-05-18 09:30:21,1472.55,1399917
2021-05-18 09:30:22,1472.5,1400319
2021-05-18 09:30:23,1472.3,1400924
2021-05-18 09:30:24,1472.75,1401145
2021-05-18 09:30:26,1472.65,1402316
2021-05-18 09:30:27,1472.7,1402893
2021-05-18 09:30:29,1472.1,1405408
2021-05-18 09:30:31,1472.1,1407627
2021-05-18 09:30:32,1472.1,1409051
2021-05-18 09:30:33,1472.35,1415607
2021-05-18 09:30:35,1471.95,1417406
2021-05-18 09:30:36,1471.65,1417601
2021-05-18 09:30:42,1471.6,1421151
2021-05-18 09:30:42,1472.15,1423663
2021-05-18 09:30:43,1471.7,1424181
2021-05-18 09:30:44,1471.7,1424470
2021-05-18 09:30:45,1471.7,1424813
2021-05-18 09:30:47,1471.7,1425640
2021-05-18 09:30:48,1471.9,1426566
2021-05-18 09:30:49,1471.85,1428569
2021-05-18 09:30:51,1471.9,1429405
2021-05-18 09:30:52,1472.0,1429985
2021-05-18 09:30:53,1471.4,1432892
2021-05-18 09:30:54,1472.0,1433009
2021-05-18 09:30:55,1471.45,1433350
2021-05-18 09:30:56,1471.45,1434601
2021-05-18 09:30:57,1471.7,1434765
2021-05-18 09:30:58,1471.5,1435095
2021-05-18 09:30:59,1471.5,1435135
2021-05-18 09:31:00,1471.5,1435250
2021-05-18 09:31:01,1471.55,1436045
2021-05-18 09:31:02,1471.65,1436646
2021-05-18 09:31:03,1471.65,1437020
2021-05-18 09:31:04,1471.65,1437837
2021-05-18 09:31:05,1471.65,1438026
2021-05-18 09:31:06,1471.95,1438362
2021-05-18 09:31:07,1471.65,1438582
2021-05-18 09:31:08,1471.65,1440917
2021-05-18 09:31:09,1471.65,1441225
2021-05-18 09:31:10,1471.7,1442408
2021-05-18 09:31:10,1471.5,1442405
2021-05-18 09:31:11,1471.85,1442946
2021-05-18 09:31:12,1471.65,1443297
2021-05-18 09:31:14,1471.7,1444614
2021-05-18 09:31:15,1471.9,1446227
2021-05-18 09:31:16,1471.6,1446788
2021-05-18 09:31:17,1471.7,1446933
2021-05-18 09:31:18,1471.7,1448508
2021-05-18 09:31:19,1471.7,1448677
2021-05-18 09:31:20,1471.65,1449282
2021-05-18 09:31:21,1472.0,1450124
2021-05-18 09:31:22,1471.8,1451768
2021-05-18 09:31:23,1471.8,1452202
2021-05-18 09:31:24,1471.8,1452849
2021-05-18 09:31:25,1472.0,1452892
2021-05-18 09:31:25,1471.8,1452992
2021-05-18 09:31:26,1471.8,1453224
2021-05-18 09:31:27,1471.9,1453577
2021-05-18 09:31:28,1472.0,1453737
2021-05-18 09:31:29,1472.0,1454276
2021-05-18 09:31:30,1471.9,1454465
2021-05-18 09:31:31,1471.95,1454815
2021-05-18 09:31:32,1471.9,1455615
2021-05-18 09:31:33,1471.9,1456098
2021-05-18 09:31:34,1472.0,1456137
2021-05-18 09:31:35,1472.0,1457225
2021-05-18 09:31:36,1472.0,1458066
2021-05-18 09:31:37,1472.0,1458535
2021-05-18 09:31:39,1472.05,1460081
2021-05-18 09:31:40,1472.05,1461776
2021-05-18 09:31:41,1471.65,1462708
2021-05-18 09:31:42,1472.0,1463666
2021-05-18 09:31:43,1472.05,1464061
2021-05-18 09:31:44,1472.05,1464509
2021-05-18 09:31:45,1472.05,1464714
2021-05-18 09:31:46,1472.05,1464880
2021-05-18 09:31:47,1472.15,1464958
2021-05-18 09:31:49,1472.0,1467123
2021-05-18 09:31:50,1472.05,1467373
2021-05-18 09:31:52,1471.8,1468872
2021-05-18 09:31:52,1472.0,1469036
2021-05-18 09:31:54,1471.9,1469924
2021-05-18 09:31:55,1471.65,1470231
2021-05-18 09:31:56,1471.9,1470700
2021-05-18 09:31:57,1471.65,1470819
2021-05-18 09:31:58,1471.65,1471841
2021-05-18 09:31:58,1471.65,1471791
2021-05-18 09:31:59,1471.9,1472270
2021-05-18 09:32:00,1471.9,1472686
2021-05-18 09:32:01,1472.1,1475122
2021-05-18 09:32:02,1472.5,1475938
2021-05-18 09:32:03,1472.25,1476423
2021-05-18 09:32:04,1471.65,1476613
2021-05-18 09:32:05,1471.65,1476697
2021-05-18 09:32:06,1471.65,1478261
2021-05-18 09:32:07,1471.7,1478473
2021-05-18 09:32:08,1472.0,1478475
2021-05-18 09:32:09,1471.7,1478491
2021-05-18 09:32:10,1471.7,1478578
2021-05-18 09:32:11,1471.85,1479533
2021-05-18 09:32:12,1471.7,1479670
2021-05-18 09:32:13,1472.0,1479732
2021-05-18 09:32:14,1471.65,1481598
2021-05-18 09:32:15,1471.9,1481844
2021-05-18 09:32:16,1471.1,1482654
2021-05-18 09:32:17,1471.75,1484989
2021-05-18 09:32:18,1471.4,1485460
2021-05-18 09:32:20,1471.6,1485487
2021-05-18 09:32:21,1471.7,1485747
2021-05-18 09:32:22,1471.5,1487218
2021-05-18 09:32:23,1471.9,1487456
2021-05-18 09:32:25,1471.65,1488021
2021-05-18 09:32:26,1471.85,1489575
2021-05-18 09:32:27,1471.7,1489895
2021-05-18 09:32:27,1472.0,1490166
2021-05-18 09:32:28,1471.7,1490513
2021-05-18 09:32:29,1471.7,1490684
2021-05-18 09:32:30,1471.7,1490699
2021-05-18 09:32:31,1471.95,1490743
2021-05-18 09:32:32,1471.7,1490823
2021-05-18 09:32:34,1471.7,1491391
2021-05-18 09:32:35,1471.7,1495022
2021-05-18 09:32:36,1471.1,1495650
2021-05-18 09:32:37,1471.1,1496026
2021-05-18 09:32:37,1471.1,1496026
2021-05-18 09:32:38,1471.0,1498034
2021-05-18 09:32:40,1471.15,1498301
2021-05-18 09:32:40,1470.95,1498241
2021-05-18 09:32:41,1471.0,1498559
2021-05-18 09:32:42,1470.8,1499598
2021-05-18 09:32:43,1471.0,1499793
2021-05-18 09:32:44,1471.0,1499822
2021-05-18 09:32:45,1470.8,1499917
2021-05-18 09:32:46,1470.85,1500753
2021-05-18 09:32:47,1470.5,1501236
2021-05-18 09:32:48,1470.5,1501435
2021-05-18 09:32:51,1470.3,1502061
2021-05-18 09:32:50,1470.4,1501661
2021-05-18 09:32:52,1470.45,1503395
2021-05-18 09:32:53,1470.45,1503447
2021-05-18 09:32:54,1470.45,1503673
2021-05-18 09:32:55,1470.4,1504520
2021-05-18 09:32:58,1469.9,1512383
2021-05-18 09:33:00,1469.2,1514107
2021-05-18 09:33:01,1469.0,1515808
2021-05-18 09:33:02,1469.2,1516160
2021-05-18 09:33:03,1469.2,1517134
2021-05-18 09:33:04,1469.2,1517480
2021-05-18 09:33:05,1469.45,1517705
2021-05-18 09:33:06,1469.2,1517913
2021-05-18 09:33:07,1469.35,1518540
2021-05-18 09:33:08,1469.2,1519916
2021-05-18 09:33:09,1469.25,1520180
2021-05-18 09:33:10,1469.35,1521869
2021-05-18 09:33:11,1469.25,1521999
2021-05-18 09:33:12,1469.25,1523130
2021-05-18 09:33:15,1469.25,1523761
2021-05-18 09:33:16,1469.2,1524538
2021-05-18 09:33:16,1469.2,1524538
2021-05-18 09:33:17,1469.4,1524664
2021-05-18 09:33:18,1469.4,1525036
2021-05-18 09:33:20,1469.9,1525442
2021-05-18 09:33:21,1469.95,1525576
2021-05-18 09:33:22,1469.9,1526076
2021-05-18 09:33:23,1469.9,1527781
2021-05-18 09:33:25,1469.5,1529655
2021-05-18 09:33:26,1469.45,1530134
2021-05-18 09:33:28,1468.7,1534245
2021-05-18 09:33:29,1468.9,1534750
2021-05-18 09:33:30,1469.0,1535656
2021-05-18 09:33:31,1469.0,1535834
2021-05-18 09:33:32,1469.0,1535925
2021-05-18 09:33:33,1468.9,1536155
2021-05-18 09:33:35,1468.9,1536573
2021-05-18 09:33:36,1468.85,1537177
2021-05-18 09:33:37,1468.95,1539628
2021-05-18 09:33:38,1468.45,1540394
2021-05-18 09:33:39,1468.45,1540832
2021-05-18 09:33:40,1468.6,1540866
2021-05-18 09:33:41,1468.45,1541106
2021-05-18 09:33:42,1468.45,1541708
2021-05-18 09:33:43,1468.8,1542683
2021-05-18 09:33:44,1468.8,1543267
2021-05-18 09:33:45,1469.0,1544302
2021-05-18 09:33:46,1468.95,1544468
2021-05-18 09:33:47,1468.5,1545620
2021-05-18 09:33:48,1468.5,1545686
2021-05-18 09:33:49,1468.5,1546421
2021-05-18 09:33:50,1468.55,1547069
2021-05-18 09:33:51,1468.55,1547230
2021-05-18 09:33:52,1468.55,1547448
2021-05-18 09:33:52,1468.55,1547448
2021-05-18 09:33:53,1468.5,1547753
2021-05-18 09:33:56,1468.25,1550099
2021-05-18 09:33:57,1468.0,1550571
2021-05-18 09:33:58,1467.75,1557836
2021-05-18 09:33:58,1467.3,1557861
2021-05-18 09:33:59,1467.5,1558580
2021-05-18 09:34:02,1467.4,1560820
2021-05-18 09:34:04,1467.6,1561610
2021-05-18 09:34:05,1467.6,1562051
2021-05-18 09:34:06,1467.65,1562536
2021-05-18 09:34:08,1467.65,1562769
2021-05-18 09:34:09,1467.65,1563079
2021-05-18 09:34:10,1467.5,1563513
2021-05-18 09:34:11,1467.0,1567030
2021-05-18 09:34:12,1467.0,1569089
2021-05-18 09:34:13,1465.75,1573081
2021-05-18 09:34:14,1466.0,1574061
2021-05-18 09:34:15,1465.8,1576234
2021-05-18 09:34:16,1465.6,1577913
2021-05-18 09:34:17,1465.85,1578690
2021-05-18 09:34:18,1465.85,1580507
2021-05-18 09:34:18,1465.35,1580405
2021-05-18 09:34:20,1465.7,1582040
2021-05-18 09:34:21,1465.8,1582673
2021-05-18 09:34:22,1465.6,1584548
2021-05-18 09:34:23,1465.5,1585413
2021-05-18 09:34:24,1465.1,1588866
2021-05-18 09:34:25,1465.0,1591780
2021-05-18 09:34:26,1465.25,1594868
2021-05-18 09:34:27,1465.2,1597792
2021-05-18 09:34:28,1465.55,1599394
2021-05-18 09:34:29,1465.55,1599829
2021-05-18 09:34:30,1465.3,1600504
2021-05-18 09:34:31,1465.2,1602771
2021-05-18 09:34:34,1464.1,1608335
2021-05-18 09:34:35,1464.0,1609886
2021-05-18 09:34:36,1464.5,1614378
2021-05-18 09:34:37,1464.3,1616534
2021-05-18 09:34:38,1464.3,1618577
2021-05-18 09:34:38,1464.35,1618714
2021-05-18 09:34:39,1464.0,1619272
2021-05-18 09:34:40,1464.0,1619652
2021-05-18 09:34:41,1464.75,1621055
2021-05-18 09:34:42,1464.65,1621334
2021-05-18 09:34:43,1464.4,1622737
2021-05-18 09:34:45,1464.35,1624070
2021-05-18 09:34:47,1464.15,1624541
2021-05-18 09:34:47,1464.4,1624721
2021-05-18 09:34:48,1464.35,1625175
2021-05-18 09:34:51,1464.15,1627005
2021-05-18 09:34:52,1464.2,1627349
2021-05-18 09:34:54,1464.5,1631640
2021-05-18 09:34:55,1464.45,1633114
2021-05-18 09:34:56,1465.0,1634462
2021-05-18 09:34:57,1464.8,1635012
2021-05-18 09:34:58,1465.4,1635719
2021-05-18 09:34:59,1465.4,1636380
2021-05-18 09:35:00,1464.95,1637425
2021-05-18 09:35:02,1464.85,1639924
2021-05-18 09:35:03,1464.5,1640854
2021-05-18 09:35:04,1464.4,1642958
2021-05-18 09:35:05,1464.45,1643973
2021-05-18 09:35:06,1464.35,1644129
2021-05-18 09:35:08,1464.4,1645723
2021-05-18 09:35:09,1464.8,1646575
2021-05-18 09:35:10,1464.9,1648021
2021-05-18 09:35:19,1464.5,1653031
2021-05-18 09:35:20,1464.05,1659186
2021-05-18 09:35:21,1464.2,1661443
2021-05-18 09:35:22,1464.1,1661957
2021-05-18 09:35:23,1464.2,1662521
2021-05-18 09:35:24,1464.0,1664108
2021-05-18 09:35:26,1462.55,1671820
2021-05-18 09:35:27,1463.0,1672404
2021-05-18 09:35:28,1463.0,1673995
2021-05-18 09:35:29,1462.55,1674415
2021-05-18 09:35:30,1462.0,1676773
2021-05-18 09:35:31,1462.0,1677283
2021-05-18 09:35:32,1462.2,1677579
2021-05-18 09:35:33,1462.05,1678246
2021-05-18 09:35:34,1462.2,1678914
2021-05-18 09:35:35,1462.0,1679361
2021-05-18 09:35:36,1462.55,1680228
2021-05-18 09:35:37,1462.4,1680919
2021-05-18 09:35:39,1462.15,1683610
2021-05-18 09:35:39,1462.1,1684049
2021-05-18 09:35:40,1462.25,1685247
2021-05-18 09:35:41,1462.25,1685953
2021-05-18 09:35:42,1462.3,1686985
2021-05-18 09:35:44,1463.0,1687159
2021-05-18 09:35:44,1463.4,1688436
2021-05-18 09:35:45,1463.3,1688688
2021-05-18 09:35:46,1463.4,1688893
2021-05-18 09:35:47,1463.3,1689023
2021-05-18 09:35:48,1463.55,1689425
2021-05-18 09:35:50,1463.3,1689816
2021-05-18 09:35:51,1463.4,1690908
2021-05-18 09:35:52,1463.5,1691083
2021-05-18 09:35:53,1463.4,1691400
2021-05-18 09:35:54,1463.4,1691611
2021-05-18 09:35:55,1463.55,1691880
2021-05-18 09:35:56,1464.0,1692424
2021-05-18 09:35:57,1463.55,1692599
2021-05-18 09:35:58,1463.85,1693281
2021-05-18 09:35:59,1464.1,1693653
2021-05-18 09:36:00,1464.7,1694299
2021-05-18 09:36:01,1464.0,1697936
2021-05-18 09:36:02,1464.85,1698857
2021-05-18 09:36:03,1465.4,1702567
2021-05-18 09:36:05,1466.9,1706264
2021-05-18 09:36:06,1467.0,1707471
2021-05-18 09:36:08,1468.0,1708898
2021-05-18 09:36:09,1467.2,1710482
2021-05-18 09:36:10,1467.6,1710841
2021-05-18 09:36:11,1467.4,1711048
2021-05-18 09:36:12,1467.65,1711477
2021-05-18 09:36:13,1467.65,1711854
2021-05-18 09:36:14,1467.65,1712234
2021-05-18 09:36:15,1468.2,1712697
2021-05-18 09:36:16,1468.05,1714142
2021-05-18 09:36:17,1467.65,1714527
2021-05-18 09:36:18,1468.0,1714994
2021-05-18 09:36:19,1468.0,1715049
2021-05-18 09:36:20,1467.95,1715547
2021-05-18 09:36:21,1468.0,1716183
2021-05-18 09:36:22,1468.0,1716351
2021-05-18 09:36:23,1467.6,1720255
2021-05-18 09:36:24,1467.9,1720727
2021-05-18 09:36:25,1467.9,1721024
2021-05-18 09:36:26,1467.7,1721288
2021-05-18 09:36:27,1467.7,1721880
2021-05-18 09:36:28,1467.9,1723154
2021-05-18 09:36:29,1467.9,1723658
2021-05-18 09:36:30,1468.0,1724483
2021-05-18 09:36:31,1468.2,1725152
2021-05-18 09:36:32,1468.05,1725385
2021-05-18 09:36:33,1468.2,1725892
2021-05-18 09:36:34,1468.5,1726023
2021-05-18 09:36:35,1468.65,1726166
2021-05-18 09:36:36,1468.7,1726205
2021-05-18 09:36:37,1468.8,1728593
2021-05-18 09:36:38,1468.9,1731134
2021-05-18 09:36:39,1468.9,1731513
2021-05-18 09:36:40,1468.5,1732510
2021-05-18 09:36:41,1468.15,1733393
2021-05-18 09:36:42,1468.5,1734383
2021-05-18 09:36:43,1468.95,1736290
2021-05-18 09:36:44,1469.0,1736574
2021-05-18 09:36:45,1468.5,1736998
2021-05-18 09:36:46,1468.8,1737213
2021-05-18 09:36:47,1468.5,1737778
2021-05-18 09:36:48,1468.7,1738092
2021-05-18 09:36:49,1468.55,1739246
2021-05-18 09:36:50,1468.2,1739712
2021-05-18 09:36:51,1468.25,1740089
2021-05-18 09:36:52,1468.2,1740306
2021-05-18 09:36:53,1468.25,1740405
2021-05-18 09:36:54,1468.05,1741349
2021-05-18 09:36:55,1468.0,1741983
2021-05-18 09:36:56,1468.1,1742111
2021-05-18 09:36:59,1467.75,1744090
2021-05-18 09:37:00,1467.75,1744258
2021-05-18 09:37:01,1467.75,1744333
2021-05-18 09:37:02,1467.75,1744858
2021-05-18 09:37:03,1467.55,1745017
2021-05-18 09:37:04,1467.6,1745285
2021-05-18 09:37:05,1467.5,1746563
2021-05-18 09:37:06,1467.65,1746763
2021-05-18 09:37:07,1468.0,1747073
2021-05-18 09:37:08,1468.0,1747629
2021-05-18 09:37:09,1468.05,1756303
2021-05-18 09:37:10,1467.65,1757431
2021-05-18 09:37:11,1468.2,1759100
2021-05-18 09:37:12,1468.05,1759776
2021-05-18 09:37:13,1468.05,1759985
2021-05-18 09:37:14,1468.55,1761651
2021-05-18 09:37:15,1467.65,1762632
2021-05-18 09:37:16,1467.65,1762733
2021-05-18 09:37:17,1467.95,1763268
2021-05-18 09:37:18,1467.25,1774976
2021-05-18 09:37:19,1467.35,1776842
2021-05-18 09:37:20,1466.55,1777677
2021-05-18 09:37:21,1467.1,1779552
2021-05-18 09:37:22,1466.7,1779991
2021-05-18 09:37:23,1466.95,1780310
2021-05-18 09:37:24,1466.95,1780826
2021-05-18 09:37:25,1467.0,1782503
2021-05-18 09:37:27,1466.65,1785266
2021-05-18 09:37:28,1466.6,1786111
2021-05-18 09:37:29,1466.2,1786338
2021-05-18 09:37:30,1466.2,1787294
2021-05-18 09:37:31,1466.15,1789752
2021-05-18 09:37:32,1465.65,1790293
2021-05-18 09:37:33,1466.3,1790781
2021-05-18 09:37:34,1466.6,1790815
2021-05-18 09:37:35,1466.65,1790844
2021-05-18 09:37:36,1466.4,1791471
2021-05-18 09:37:37,1466.35,1792098
2021-05-18 09:37:38,1466.2,1792263
2021-05-18 09:37:39,1466.05,1792391
2021-05-18 09:37:40,1466.0,1792790
2021-05-18 09:37:41,1466.15,1792848
2021-05-18 09:37:42,1465.9,1793898
2021-05-18 09:37:43,1465.55,1796578
2021-05-18 09:37:45,1465.55,1798963
2021-05-18 09:37:46,1465.5,1800884
2021-05-18 09:37:47,1465.5,1801618
2021-05-18 09:37:48,1465.1,1802064
2021-05-18 09:37:49,1465.7,1802615
2021-05-18 09:37:50,1465.1,1802682
2021-05-18 09:37:51,1465.1,1803043
2021-05-18 09:37:52,1465.1,1803187
2021-05-18 09:37:53,1465.1,1803350
2021-05-18 09:37:54,1465.1,1803660
2021-05-18 09:37:55,1465.1,1803863
2021-05-18 09:37:56,1465.35,1804041
2021-05-18 09:37:57,1465.85,1804382
2021-05-18 09:37:58,1466.0,1804719
2021-05-18 09:37:59,1466.8,1806294
2021-05-18 09:38:00,1466.55,1806338
2021-05-18 09:38:01,1466.15,1807216
2021-05-18 09:38:02,1466.15,1807427
2021-05-18 09:38:03,1465.7,1807907
2021-05-18 09:38:04,1465.7,1808201
2021-05-18 09:38:05,1465.9,1808297
2021-05-18 09:38:07,1465.9,1808322
2021-05-18 09:38:08,1465.9,1808481
2021-05-18 09:38:09,1465.7,1808490
2021-05-18 09:38:11,1466.4,1810569
2021-05-18 09:38:12,1466.0,1810678
2021-05-18 09:38:13,1465.7,1810772
2021-05-18 09:38:14,1465.7,1813178
2021-05-18 09:38:15,1465.7,1813309
2021-05-18 09:38:16,1466.0,1814185
2021-05-18 09:38:17,1466.0,1814236
2021-05-18 09:38:18,1466.05,1814444
2021-05-18 09:38:19,1466.1,1814552
2021-05-18 09:38:20,1466.1,1816737
2021-05-18 09:38:21,1466.65,1816853
2021-05-18 09:38:22,1466.15,1817673
2021-05-18 09:38:23,1466.5,1817930
2021-05-18 09:38:24,1466.15,1818004
2021-05-18 09:38:25,1466.15,1818034
2021-05-18 09:38:26,1466.5,1818073
2021-05-18 09:38:27,1466.5,1818073
2021-05-18 09:38:28,1466.25,1818380
2021-05-18 09:38:29,1466.2,1818741
2021-05-18 09:38:30,1466.2,1819125
2021-05-18 09:38:31,1466.2,1819142
2021-05-18 09:38:32,1466.2,1819241
2021-05-18 09:38:33,1466.2,1819330
2021-05-18 09:38:34,1466.0,1824485
2021-05-18 09:38:35,1466.0,1824557
2021-05-18 09:38:36,1466.0,1824683
2021-05-18 09:38:41,1466.2,1827119
2021-05-18 09:38:42,1466.0,1827457
2021-05-18 09:38:43,1466.2,1827662
2021-05-18 09:38:44,1466.1,1827821
2021-05-18 09:38:45,1466.05,1827907
2021-05-18 09:38:46,1466.1,1828137
2021-05-18 09:38:47,1466.05,1828328
2021-05-18 09:38:48,1466.1,1828405
2021-05-18 09:38:49,1466.1,1828672
2021-05-18 09:38:50,1466.1,1828812
2021-05-18 09:38:51,1465.2,1830672
2021-05-18 09:38:52,1465.8,1830736
2021-05-18 09:38:53,1465.15,1830849
2021-05-18 09:38:54,1465.1,1830956
2021-05-18 09:38:55,1465.65,1830986
2021-05-18 09:38:56,1465.65,1831099
2021-05-18 09:38:57,1465.1,1831244
2021-05-18 09:38:58,1465.65,1831284
2021-05-18 09:38:59,1465.6,1831394
2021-05-18 09:39:02,1464.7,1836307
2021-05-18 09:39:03,1464.15,1836382
2021-05-18 09:39:04,1464.75,1836385
2021-05-18 09:39:05,1464.15,1836646
2021-05-18 09:39:06,1464.75,1838174
2021-05-18 09:39:07,1464.75,1838242
2021-05-18 09:39:08,1464.55,1838320
2021-05-18 09:39:09,1464.55,1838454
2021-05-18 09:39:10,1464.65,1838502
2021-05-18 09:39:12,1464.65,1838681
2021-05-18 09:39:13,1465.0,1839580
2021-05-18 09:39:14,1464.45,1840152
2021-05-18 09:39:16,1464.95,1840625
2021-05-18 09:39:19,1464.5,1841507
2021-05-18 09:39:20,1464.5,1841615
2021-05-18 09:39:21,1464.5,1841840
2021-05-18 09:39:22,1464.5,1841855
2021-05-18 09:39:26,1464.7,1842655
2021-05-18 09:39:27,1464.7,1842764
2021-05-18 09:39:28,1464.6,1842950
2021-05-18 09:39:29,1464.5,1843092
2021-05-18 09:39:30,1464.6,1843251
2021-05-18 09:39:31,1464.5,1843362
2021-05-18 09:39:33,1464.55,1843628
2021-05-18 09:39:33,1464.5,1843712
2021-05-18 09:39:34,1464.5,1844007
2021-05-18 09:39:36,1464.6,1844507
2021-05-18 09:39:36,1464.5,1844607
2021-05-18 09:39:37,1464.6,1844791
2021-05-18 09:39:38,1464.55,1844801
2021-05-18 09:39:39,1464.5,1844934
2021-05-18 09:39:40,1464.5,1845052
2021-05-18 09:39:41,1464.5,1845199
2021-05-18 09:39:42,1464.5,1845550
2021-05-18 09:39:43,1464.6,1845646
2021-05-18 09:39:45,1464.5,1846606
2021-05-18 09:39:46,1464.75,1850159
2021-05-18 09:39:47,1465.0,1850178
2021-05-18 09:39:48,1465.0,1850210
2021-05-18 09:39:49,1464.8,1850211
2021-05-18 09:39:50,1464.5,1850495
2021-05-18 09:39:50,1464.5,1850495
2021-05-18 09:39:51,1464.5,1850507
2021-05-18 09:39:52,1464.55,1850582
2021-05-18 09:39:53,1464.9,1850834
2021-05-18 09:39:54,1464.55,1850886
2021-05-18 09:39:56,1464.6,1851001
2021-05-18 09:39:57,1465.0,1851207
2021-05-18 09:39:58,1465.0,1851523
2021-05-18 09:39:59,1465.4,1854457
2021-05-18 09:40:00,1465.4,1854572
2021-05-18 09:40:01,1465.6,1856708
2021-05-18 09:40:02,1465.55,1857269
2021-05-18 09:40:03,1464.5,1858402
2021-05-18 09:40:04,1464.5,1859427
2021-05-18 09:40:05,1464.4,1860762
2021-05-18 09:40:06,1464.45,1860892
2021-05-18 09:40:07,1464.0,1863171
2021-05-18 09:40:08,1463.7,1863396
2021-05-18 09:40:09,1463.65,1863404
2021-05-18 09:40:10,1463.4,1863924
2021-05-18 09:40:11,1463.4,1864115
2021-05-18 09:40:13,1464.0,1864425
2021-05-18 09:40:13,1464.0,1864425
2021-05-18 09:40:15,1463.9,1865425
2021-05-18 09:40:16,1463.35,1865493
2021-05-18 09:40:17,1463.9,1865689
2021-05-18 09:40:18,1464.0,1865862
2021-05-18 09:40:19,1464.0,1866175
2021-05-18 09:40:21,1463.75,1866519
2021-05-18 09:40:21,1463.6,1866602
2021-05-18 09:40:22,1464.0,1866634
2021-05-18 09:40:23,1464.0,1867525
2021-05-18 09:40:25,1463.6,1867542
2021-05-18 09:40:26,1464.0,1868386
2021-05-18 09:40:26,1463.6,1868472
2021-05-18 09:40:27,1463.65,1868517
2021-05-18 09:40:28,1463.5,1868980
2021-05-18 09:40:29,1464.0,1869214
2021-05-18 09:40:30,1463.95,1869227
2021-05-18 09:40:31,1463.5,1869724
2021-05-18 09:40:32,1463.5,1870112
2021-05-18 09:40:33,1464.45,1870419
2021-05-18 09:40:35,1464.45,1870910
2021-05-18 09:40:36,1464.3,1871135
2021-05-18 09:40:37,1464.3,1871526
2021-05-18 09:40:38,1464.5,1871549
2021-05-18 09:40:40,1463.75,1874786
2021-05-18 09:40:42,1463.75,1874961
2021-05-18 09:40:43,1464.35,1875659
2021-05-18 09:40:44,1463.8,1875700
2021-05-18 09:40:44,1463.8,1875703
2021-05-18 09:40:45,1463.9,1875914
2021-05-18 09:40:46,1463.95,1875915
2021-05-18 09:40:47,1464.4,1875997
2021-05-18 09:40:48,1463.95,1876336
2021-05-18 09:40:49,1464.4,1876411
2021-05-18 09:40:50,1464.6,1876808
2021-05-18 09:40:52,1464.45,1876906
2021-05-18 09:40:53,1464.45,1877071
2021-05-18 09:40:55,1464.55,1877154
2021-05-18 09:40:56,1464.6,1877472
2021-05-18 09:40:57,1464.4,1877539
2021-05-18 09:40:58,1464.4,1877552
2021-05-18 09:40:59,1464.6,1877597
2021-05-18 09:41:00,1465.0,1877758
2021-05-18 09:41:01,1464.6,1877770
2021-05-18 09:41:02,1464.85,1878076
2021-05-18 09:41:03,1464.85,1878315
2021-05-18 09:41:05,1464.85,1878512
2021-05-18 09:41:05,1464.85,1878512
2021-05-18 09:41:06,1464.85,1878524
2021-05-18 09:41:07,1464.85,1878536
2021-05-18 09:41:08,1464.95,1878689
2021-05-18 09:41:09,1464.85,1878912
2021-05-18 09:41:10,1464.85,1878937
2021-05-18 09:41:11,1464.85,1878978
2021-05-18 09:41:13,1464.95,1881689
2021-05-18 09:41:14,1464.7,1883686
2021-05-18 09:41:15,1464.15,1883733
2021-05-18 09:41:16,1465.4,1884604
2021-05-18 09:41:17,1464.75,1884782
2021-05-18 09:41:18,1465.7,1885573
2021-05-18 09:41:19,1465.15,1885782
2021-05-18 09:41:20,1465.6,1887068
2021-05-18 09:41:21,1466.0,1888643
2021-05-18 09:41:22,1465.5,1889054
2021-05-18 09:41:23,1465.95,1889099
2021-05-18 09:41:24,1464.6,1895522
2021-05-18 09:41:25,1464.55,1896398
2021-05-18 09:41:27,1464.75,1898475
2021-05-18 09:41:28,1464.8,1902439
2021-05-18 09:41:29,1464.9,1902916
2021-05-18 09:41:30,1464.45,1903139
2021-05-18 09:41:31,1464.5,1903370
2021-05-18 09:41:33,1465.0,1903654
2021-05-18 09:41:34,1464.9,1903745
2021-05-18 09:41:35,1465.0,1903983
2021-05-18 09:41:37,1465.15,1904520
2021-05-18 09:41:38,1465.05,1904696
2021-05-18 09:41:39,1465.15,1904705
2021-05-18 09:41:40,1465.3,1904728
2021-05-18 09:41:41,1465.3,1905004
2021-05-18 09:41:43,1464.9,1905484
2021-05-18 09:41:44,1465.2,1906679
2021-05-18 09:41:45,1465.45,1906855
2021-05-18 09:41:46,1465.35,1907025
2021-05-18 09:41:46,1465.35,1907063
2021-05-18 09:41:47,1464.7,1907369
2021-05-18 09:41:48,1465.4,1907774
2021-05-18 09:41:49,1465.35,1907866
2021-05-18 09:41:50,1465.35,1908436
2021-05-18 09:41:51,1465.15,1908520
2021-05-18 09:41:52,1465.45,1908879
2021-05-18 09:41:53,1464.6,1910867
2021-05-18 09:41:54,1464.9,1911125
2021-05-18 09:41:55,1465.35,1911197
2021-05-18 09:41:56,1464.9,1911250
2021-05-18 09:41:57,1465.35,1911256
2021-05-18 09:41:58,1464.95,1911286
2021-05-18 09:42:00,1464.9,1911743
2021-05-18 09:42:01,1465.0,1912093
2021-05-18 09:42:02,1465.0,1912486
2021-05-18 09:42:03,1465.0,1912590
2021-05-18 09:42:04,1464.95,1914405
2021-05-18 09:42:06,1464.1,1918539
2021-05-18 09:42:07,1464.45,1919112
2021-05-18 09:42:08,1464.05,1927160
2021-05-18 09:42:10,1463.7,1930027
2021-05-18 09:42:11,1463.0,1931948
2021-05-18 09:42:12,1462.8,1943141
2021-05-18 09:42:13,1462.7,1943741
2021-05-18 09:42:14,1462.6,1943841
2021-05-18 09:42:15,1462.95,1944409
2021-05-18 09:42:15,1462.95,1944409
2021-05-18 09:42:16,1462.65,1945241
2021-05-18 09:42:17,1463.0,1945468
2021-05-18 09:42:18,1462.65,1945631
2021-05-18 09:42:19,1462.65,1946284
2021-05-18 09:42:20,1462.65,1946325
2021-05-18 09:42:21,1462.7,1947071
2021-05-18 09:42:22,1462.7,1947911
2021-05-18 09:42:23,1462.7,1947980
2021-05-18 09:42:24,1462.65,1947982
2021-05-18 09:42:25,1462.65,1948127
2021-05-18 09:42:26,1462.7,1948298
2021-05-18 09:42:27,1462.65,1948660
2021-05-18 09:42:28,1462.65,1949562
2021-05-18 09:42:29,1462.65,1950379
2021-05-18 09:42:30,1462.7,1951001
2021-05-18 09:42:31,1462.75,1951732
2021-05-18 09:42:32,1462.7,1951898
2021-05-18 09:42:33,1462.7,1952018
2021-05-18 09:42:35,1462.7,1952357
2021-05-18 09:42:36,1462.7,1952515
2021-05-18 09:42:37,1463.0,1952765
2021-05-18 09:42:38,1463.0,1954052
2021-05-18 09:42:39,1463.0,1954074
2021-05-18 09:42:40,1463.35,1954610
2021-05-18 09:42:41,1463.1,1954645
2021-05-18 09:42:42,1463.05,1955618
2021-05-18 09:42:43,1463.5,1955719
2021-05-18 09:42:44,1462.9,1955940
2021-05-18 09:42:45,1463.0,1955975
2021-05-18 09:42:45,1463.0,1955981
2021-05-18 09:42:46,1463.45,1956307
2021-05-18 09:42:47,1463.05,1956543
2021-05-18 09:42:48,1463.35,1957597
2021-05-18 09:42:49,1463.85,1957704
2021-05-18 09:42:50,1463.4,1957895
2021-05-18 09:42:51,1463.15,1958412
2021-05-18 09:42:52,1463.15,1958559
2021-05-18 09:42:53,1463.0,1959688
2021-05-18 09:42:54,1463.75,1962816
2021-05-18 09:42:55,1463.35,1963106
2021-05-18 09:42:56,1463.3,1963532
2021-05-18 09:42:57,1463.75,1963706
2021-05-18 09:42:58,1463.85,1963940
2021-05-18 09:43:00,1463.35,1964976
2021-05-18 09:43:01,1463.35,1965434
2021-05-18 09:43:02,1463.35,1965873
2021-05-18 09:43:04,1463.35,1967410
2021-05-18 09:43:05,1463.35,1968334
2021-05-18 09:43:06,1463.35,1968484
2021-05-18 09:43:07,1463.35,1968600
2021-05-18 09:43:08,1462.7,1971228
2021-05-18 09:43:09,1462.95,1971548
2021-05-18 09:43:10,1462.7,1973844
2021-05-18 09:43:11,1462.45,1973998
2021-05-18 09:43:11,1462.6,1974013
2021-05-18 09:43:12,1462.5,1974068
2021-05-18 09:43:13,1462.4,1976246
2021-05-18 09:43:14,1462.0,1977778
2021-05-18 09:43:16,1462.0,1979965
2021-05-18 09:43:17,1462.25,1984632
2021-05-18 09:43:18,1462.0,1987335
2021-05-18 09:43:19,1462.0,1987561
2021-05-18 09:43:20,1462.0,1987929
2021-05-18 09:43:21,1462.4,1988090
2021-05-18 09:43:22,1462.05,1988364
2021-05-18 09:43:23,1462.0,1988460
2021-05-18 09:43:24,1462.3,1988512
2021-05-18 09:43:25,1462.0,1989159
2021-05-18 09:43:26,1462.35,1989468
2021-05-18 09:43:27,1462.0,1989600
2021-05-18 09:43:28,1462.3,1989766
2021-05-18 09:43:29,1462.0,1990816
2021-05-18 09:43:29,1462.25,1990824
2021-05-18 09:43:31,1462.0,1991239
2021-05-18 09:43:32,1462.2,1991259
2021-05-18 09:43:32,1462.0,1991262
2021-05-18 09:43:34,1462.0,1991962
2021-05-18 09:43:35,1462.0,1992062
2021-05-18 09:43:36,1462.0,1992318
2021-05-18 09:43:37,1462.05,1992501
2021-05-18 09:43:38,1462.05,1992617
2021-05-18 09:43:38,1462.05,1992617
2021-05-18 09:43:39,1462.05,1992852
2021-05-18 09:43:40,1462.05,1993310
2021-05-18 09:43:41,1462.5,1993453
2021-05-18 09:43:42,1462.05,1994565
2021-05-18 09:43:43,1462.5,1995407
2021-05-18 09:43:44,1462.5,1996176
2021-05-18 09:43:45,1462.7,1996291
2021-05-18 09:43:46,1463.0,1996336
2021-05-18 09:43:47,1463.0,1996367
2021-05-18 09:43:48,1462.7,1996461
2021-05-18 09:43:49,1463.0,1996631
2021-05-18 09:43:50,1463.2,1998283
2021-05-18 09:43:52,1463.25,1998444
2021-05-18 09:43:53,1463.0,1998696
2021-05-18 09:43:54,1463.25,1998727
2021-05-18 09:43:55,1462.75,1999161
2021-05-18 09:43:56,1463.0,1999348
2021-05-18 09:43:57,1462.75,1999384
2021-05-18 09:43:58,1462.75,1999421
2021-05-18 09:43:59,1462.75,1999568
2021-05-18 09:44:00,1462.75,1999684
2021-05-18 09:44:01,1462.8,2002039
2021-05-18 09:44:02,1462.5,2002635
2021-05-18 09:44:03,1462.8,2003188
2021-05-18 09:44:04,1462.05,2004766
2021-05-18 09:44:05,1462.0,2005033
2021-05-18 09:44:05,1462.7,2005032
2021-05-18 09:44:06,1462.5,2005126
2021-05-18 09:44:07,1462.4,2005254
2021-05-18 09:44:08,1462.5,2005364
2021-05-18 09:44:09,1462.0,2005781
2021-05-18 09:44:12,1462.5,2006012
2021-05-18 09:44:13,1462.75,2006844
2021-05-18 09:44:14,1462.75,2006849
2021-05-18 09:44:15,1462.75,2006991
2021-05-18 09:44:16,1462.75,2007041
2021-05-18 09:44:18,1462.5,2007541
2021-05-18 09:44:19,1462.9,2007796
2021-05-18 09:44:20,1462.9,2007896
2021-05-18 09:44:22,1462.9,2008137
2021-05-18 09:44:22,1462.9,2008137
2021-05-18 09:44:23,1462.9,2008174
2021-05-18 09:44:24,1463.0,2008262
2021-05-18 09:44:25,1462.95,2008365
2021-05-18 09:44:26,1463.0,2008437
2021-05-18 09:44:28,1463.0,2008580
2021-05-18 09:44:29,1463.0,2008617
2021-05-18 09:44:30,1462.95,2008627
2021-05-18 09:44:31,1463.0,2009474
2021-05-18 09:44:32,1463.0,2009523
2021-05-18 09:44:33,1463.15,2009546
2021-05-18 09:44:34,1463.2,2009672
2021-05-18 09:44:35,1463.05,2009888
2021-05-18 09:44:35,1463.3,2009897
2021-05-18 09:44:36,1463.3,2009959
2021-05-18 09:44:38,1463.5,2011838
2021-05-18 09:44:39,1463.9,2012147
2021-05-18 09:44:40,1463.5,2012267
2021-05-18 09:44:41,1463.55,2012288
2021-05-18 09:44:42,1463.9,2012410
2021-05-18 09:44:43,1463.8,2012443
2021-05-18 09:44:44,1463.8,2012506
2021-05-18 09:44:45,1463.65,2012520
2021-05-18 09:44:46,1463.55,2012559
2021-05-18 09:44:48,1463.9,2013035
2021-05-18 09:44:49,1463.95,2013080
2021-05-18 09:44:50,1463.55,2013233
2021-05-18 09:44:51,1463.55,2013348
2021-05-18 09:44:52,1464.0,2013374
2021-05-18 09:44:53,1464.05,2013799
2021-05-18 09:44:54,1464.05,2013929
2021-05-18 09:44:55,1464.5,2014090
2021-05-18 09:44:57,1464.0,2014461
2021-05-18 09:44:58,1464.0,2014661
2021-05-18 09:44:59,1464.0,2014729
2021-05-18 09:44:59,1464.3,2014743
2021-05-18 09:45:00,1464.0,2015222
2021-05-18 09:45:01,1464.0,2015255
2021-05-18 09:45:02,1464.0,2015541
2021-05-18 09:45:03,1464.3,2015604
2021-05-18 09:45:05,1464.0,2015614
2021-05-18 09:45:06,1464.0,2015650
2021-05-18 09:45:07,1464.05,2016714
2021-05-18 09:45:08,1464.05,2018219
2021-05-18 09:45:09,1463.8,2018874
2021-05-18 09:45:10,1463.35,2018961
2021-05-18 09:45:11,1463.8,2019258
2021-05-18 09:45:12,1463.35,2019803
2021-05-18 09:45:13,1463.35,2019843
2021-05-18 09:45:14,1463.35,2020074
2021-05-18 09:45:16,1463.35,2020279
2021-05-18 09:45:17,1463.45,2021069
2021-05-18 09:45:18,1463.05,2021110
2021-05-18 09:45:19,1463.05,2021118
2021-05-18 09:45:20,1463.0,2021790
2021-05-18 09:45:21,1463.35,2021804
2021-05-18 09:45:21,1463.35,2021809
2021-05-18 09:45:22,1463.35,2021866
2021-05-18 09:45:23,1463.35,2021916
2021-05-18 09:45:25,1463.35,2021972
2021-05-18 09:45:26,1463.0,2022124
2021-05-18 09:45:27,1463.0,2022236
2021-05-18 09:45:28,1463.05,2022289
2021-05-18 09:45:29,1463.05,2022481
2021-05-18 09:45:30,1463.0,2022509
2021-05-18 09:45:31,1463.0,2022539
2021-05-18 09:45:31,1463.15,2022549
2021-05-18 09:45:32,1463.0,2022592
2021-05-18 09:45:33,1463.05,2022706
2021-05-18 09:45:35,1463.05,2022821
2021-05-18 09:45:36,1463.0,2022912
2021-05-18 09:45:37,1463.0,2023036
2021-05-18 09:45:38,1463.0,2023062
2021-05-18 09:45:39,1463.0,2023073
2021-05-18 09:45:40,1463.05,2023099
2021-05-18 09:45:41,1463.0,2023104
2021-05-18 09:45:42,1463.0,2023229
2021-05-18 09:45:43,1463.0,2023254
2021-05-18 09:45:44,1463.05,2023269
2021-05-18 09:45:45,1463.0,2023272
2021-05-18 09:45:46,1463.0,2023437
2021-05-18 09:45:47,1463.05,2023471
2021-05-18 09:45:48,1463.05,2023496
2021-05-18 09:45:49,1463.0,2023552
2021-05-18 09:45:50,1463.05,2023592
2021-05-18 09:45:51,1463.0,2024244
2021-05-18 09:45:52,1462.5,2024857
2021-05-18 09:45:53,1463.05,2024932
2021-05-18 09:45:54,1463.05,2024938
2021-05-18 09:45:55,1463.0,2025177
2021-05-18 09:45:56,1463.0,2025195
2021-05-18 09:45:57,1463.0,2025436
2021-05-18 09:45:58,1463.0,2025693
2021-05-18 09:45:59,1463.0,2025827
2021-05-18 09:46:00,1463.0,2025863
2021-05-18 09:46:01,1463.0,2025923
2021-05-18 09:46:02,1463.05,2026182
2021-05-18 09:46:03,1463.05,2026412
2021-05-18 09:46:03,1463.05,2026421
2021-05-18 09:46:04,1463.0,2027312
2021-05-18 09:46:05,1463.05,2027447
2021-05-18 09:46:06,1463.0,2027558
2021-05-18 09:46:08,1463.0,2027998
2021-05-18 09:46:09,1463.75,2028786
2021-05-18 09:46:10,1463.8,2030104
2021-05-18 09:46:11,1464.0,2030387
2021-05-18 09:46:13,1464.45,2031437
2021-05-18 09:46:14,1464.4,2031734
2021-05-18 09:46:14,1464.4,2031734
2021-05-18 09:46:16,1464.35,2031945
2021-05-18 09:46:17,1463.3,2032794
2021-05-18 09:46:18,1463.4,2032828
2021-05-18 09:46:19,1464.05,2032831
2021-05-18 09:46:20,1463.5,2033102
2021-05-18 09:46:21,1463.5,2033309
2021-05-18 09:46:22,1463.5,2033601
2021-05-18 09:46:23,1463.5,2033721
2021-05-18 10:13:31,1457.9,2718430
2021-05-18 10:13:32,1458.0,2718560
2021-05-18 10:13:33,1458.0,2719451
2021-05-18 10:13:35,1458.0,2719922
2021-05-18 10:13:36,1458.0,2720393
2021-05-18 10:13:36,1458.25,2720403
2021-05-18 10:13:37,1458.25,2720667
2021-05-18 10:13:38,1458.05,2721427
2021-05-18 10:13:39,1458.15,2722053
2021-05-18 10:13:41,1458.1,2722294
2021-05-18 10:13:42,1458.1,2722540
2021-05-18 10:13:42,1458.35,2722556
2021-05-18 10:13:43,1458.1,2722639
2021-05-18 10:13:44,1458.15,2722781
2021-05-18 10:13:45,1458.1,2722782
2021-05-18 10:13:47,1458.1,2723093
2021-05-18 10:13:48,1458.1,2723654
2021-05-18 10:13:48,1458.15,2723653
2021-05-18 10:13:49,1458.15,2723664
2021-05-18 10:13:50,1458.15,2723675
2021-05-18 10:13:51,1458.1,2725161
2021-05-18 10:13:52,1458.15,2725209
2021-05-18 10:13:54,1458.1,2725884
2021-05-18 10:13:55,1458.25,2726083
2021-05-18 10:13:57,1458.2,2727014
2021-05-18 10:13:58,1458.25,2727085
2021-05-18 10:13:59,1458.2,2727538
2021-05-18 10:14:01,1458.2,2727615
2021-05-18 10:14:02,1458.2,2727615
2021-05-18 10:14:02,1458.2,2727615
2021-05-18 10:14:03,1458.25,2728528
2021-05-18 10:14:04,1458.3,2729104
2021-05-18 10:14:06,1458.8,2729992
2021-05-18 10:14:07,1458.8,2730398
2021-05-18 10:14:09,1458.4,2730776
2021-05-18 10:14:10,1458.5,2730789
2021-05-18 10:14:10,1458.5,2730789
2021-05-18 10:14:11,1458.5,2730811
2021-05-18 10:14:12,1458.5,2730915
2021-05-18 10:14:13,1458.5,2731110
2021-05-18 10:14:15,1458.45,2731277
2021-05-18 10:14:16,1458.7,2731583
2021-05-18 10:14:16,1458.7,2731590
2021-05-18 10:14:17,1458.9,2731598
2021-05-18 10:14:20,1459.0,2732005
2021-05-18 10:14:21,1458.7,2732030
2021-05-18 10:14:21,1458.7,2732063
2021-05-18 10:14:23,1458.75,2733032
2021-05-18 10:14:24,1459.25,2733194
2021-05-18 10:14:26,1459.05,2733215
2021-05-18 10:14:27,1459.05,2733220
2021-05-18 10:14:27,1459.45,2733217
2021-05-18 10:14:29,1459.4,2733635
2021-05-18 10:14:30,1459.7,2734037
2021-05-18 10:14:32,1459.7,2734151
2021-05-18 10:14:34,1459.7,2734246
2021-05-18 10:14:35,1459.7,2734994
2021-05-18 10:14:36,1459.7,2735008
2021-05-18 10:14:38,1459.7,2735023
2021-05-18 10:14:39,1459.55,2735187
2021-05-18 10:14:40,1459.7,2735699
2021-05-18 10:14:40,1459.7,2735699
2021-05-18 10:14:41,1459.7,2736992
2021-05-18 10:14:42,1459.7,2737285
2021-05-18 10:14:44,1459.7,2737359
2021-05-18 10:14:45,1459.7,2737959
2021-05-18 10:14:45,1459.7,2738029
2021-05-18 10:14:46,1459.7,2738766
2021-05-18 10:14:49,1460.0,2739396
2021-05-18 10:14:50,1460.0,2739551
2021-05-18 10:14:51,1460.0,2739632
2021-05-18 10:14:51,1460.0,2739642
2021-05-18 10:14:52,1459.7,2739976
2021-05-18 10:14:53,1459.7,2740212
2021-05-18 10:14:57,1459.7,2741331
2021-05-18 10:14:58,1460.0,2742367
2021-05-18 10:14:58,1459.7,2742382
2021-05-18 10:15:00,1459.7,2744757
2021-05-18 10:15:02,1459.05,2748771
2021-05-18 10:15:03,1459.4,2748975
2021-05-18 10:15:03,1459.4,2748975
2021-05-18 10:15:05,1459.85,2749783
2021-05-18 10:15:07,1460.0,2760133
2021-05-18 10:15:08,1459.9,2760242
2021-05-18 10:15:09,1459.95,2760352
2021-05-18 10:15:11,1459.95,2760830
2021-05-18 10:15:13,1460.2,2766592
2021-05-18 10:15:13,1460.8,2766975
2021-05-18 10:15:14,1460.45,2767425
2021-05-18 10:15:16,1460.6,2767617
2021-05-18 10:15:18,1461.05,2768193
2021-05-18 10:15:19,1460.6,2768319
2021-05-18 10:15:19,1461.1,2768332
2021-05-18 10:15:20,1461.5,2768761
2021-05-18 10:15:22,1461.1,2768902
2021-05-18 10:15:23,1461.4,2768993
2021-05-18 10:15:25,1461.4,2769092
2021-05-18 10:15:25,1461.4,2769106
2021-05-18 10:15:28,1461.45,2770465
2021-05-18 10:15:30,1461.2,2771909
2021-05-18 10:15:30,1461.2,2772071
2021-05-18 10:15:31,1461.4,2772880
2021-05-18 10:15:33,1461.2,2772884
2021-05-18 10:15:34,1461.5,2773070
2021-05-18 10:15:35,1461.3,2775588
2021-05-18 10:15:35,1461.3,2775616
2021-05-18 10:15:38,1461.5,2777435
2021-05-18 10:15:39,1461.4,2777573
2021-05-18 10:15:40,1461.5,2779367
2021-05-18 10:15:40,1461.4,2779814
2021-05-18 10:15:41,1461.5,2780642
2021-05-18 10:15:42,1461.5,2780861
2021-05-18 10:15:44,1461.5,2781174
2021-05-18 10:15:46,1461.5,2781492
2021-05-18 10:15:47,1461.5,2781931
2021-05-18 10:15:47,1461.5,2781932
2021-05-18 10:15:48,1461.5,2781981
2021-05-18 10:15:52,1461.95,2783210
2021-05-18 10:15:54,1461.65,2784099
2021-05-18 10:15:55,1462.0,2807698
2021-05-18 10:15:55,1462.0,2807699
2021-05-18 10:15:56,1462.0,2810139
2021-05-18 10:15:57,1462.0,2810354
2021-05-18 10:16:00,1462.0,2824792
2021-05-18 10:16:01,1461.45,2824808
2021-05-18 10:16:02,1461.65,2825129
2021-05-18 10:16:03,1461.8,2825656
2021-05-18 10:16:05,1461.8,2825735
2021-05-18 10:16:06,1461.65,2826064
2021-05-18 10:16:07,1461.75,2826206
2021-05-18 10:16:08,1461.65,2826573
2021-05-18 10:16:10,1461.65,2827117
2021-05-18 10:16:11,1461.75,2828192
2021-05-18 10:16:12,1461.75,2828337
2021-05-18 10:16:13,1461.75,2828725
2021-05-18 10:16:16,1461.65,2828981
2021-05-18 10:16:17,1461.65,2829015
2021-05-18 10:16:19,1461.65,2829127
2021-05-18 10:16:19,1461.7,2829143
2021-05-18 10:16:20,1461.65,2829181
2021-05-18 10:16:21,1461.75,2829212
2021-05-18 10:16:23,1461.75,2830825
2021-05-18 10:16:24,1461.75,2831159
2021-05-18 10:16:25,1461.65,2831543
2021-05-18 10:16:26,1461.65,2832300
2021-05-18 10:16:27,1461.7,2832562
2021-05-18 10:16:28,1461.75,2833927
2021-05-18 10:16:30,1461.75,2834503
2021-05-18 10:16:31,1461.75,2834982
2021-05-18 10:16:32,1461.75,2835189
2021-05-18 10:16:32,1461.7,2835267
2021-05-18 10:16:33,1461.7,2835980
2021-05-18 10:16:35,1461.7,2836136
2021-05-18 10:16:36,1461.75,2836712
2021-05-18 10:16:37,1461.95,2837339
2021-05-18 10:16:39,1461.95,2837799
2021-05-18 10:16:39,1461.95,2837760
2021-05-18 10:16:42,1462.0,2838073
2021-05-18 10:16:43,1461.95,2838107
2021-05-18 10:16:44,1462.0,2838339
2021-05-18 10:16:45,1462.15,2840181
2021-05-18 10:16:46,1462.1,2840312
2021-05-18 10:16:51,1462.2,2840799
2021-05-18 10:16:51,1462.2,2840731
2021-05-18 10:16:54,1462.3,2840951
2021-05-18 10:16:55,1462.2,2843880
2021-05-18 10:16:56,1462.3,2845724
2021-05-18 10:16:56,1462.4,2846676
2021-05-18 10:16:57,1462.3,2847498
2021-05-18 10:16:58,1462.45,2847998
2021-05-18 10:16:59,1462.45,2848270
2021-05-18 10:17:01,1462.2,2848857
2021-05-18 10:17:03,1462.7,2849399
2021-05-18 10:17:04,1462.4,2849647
2021-05-18 10:17:04,1462.2,2849696
2021-05-18 10:17:05,1462.3,2849804
2021-05-18 10:17:07,1462.65,2849978
2021-05-18 10:17:08,1462.5,2851863
2021-05-18 10:17:09,1462.2,2854159
2021-05-18 10:17:10,1462.0,2854804
2021-05-18 10:17:11,1462.05,2856004
2021-05-18 10:17:12,1462.1,2857020
2021-05-18 10:17:13,1462.05,2857849
2021-05-18 10:17:13,1462.0,2857711
2021-05-18 10:17:14,1462.4,2857953
2021-05-18 10:17:15,1462.25,2858255
2021-05-18 10:17:17,1462.25,2858326
2021-05-18 10:17:18,1462.25,2858405
2021-05-18 10:17:19,1462.25,2858837
2021-05-18 10:17:19,1462.45,2859134
2021-05-18 10:17:21,1462.55,2859340
2021-05-18 10:17:22,1462.55,2859404
2021-05-18 10:17:23,1462.7,2859538
2021-05-18 10:17:24,1462.8,2859814
2021-05-18 10:17:25,1462.55,2860516
2021-05-18 10:17:26,1462.55,2861257
2021-05-18 10:17:27,1462.2,2864003
2021-05-18 10:17:27,1462.25,2863972
2021-05-18 10:17:28,1462.05,2864528
2021-05-18 10:17:30,1462.0,2864968
2021-05-18 10:17:31,1462.0,2865996
2021-05-18 10:17:32,1462.25,2866402
2021-05-18 10:17:33,1462.0,2866718
2021-05-18 10:17:35,1462.25,2866793
2021-05-18 10:17:36,1462.05,2866858
2021-05-18 10:17:37,1462.0,2868065
2021-05-18 10:17:38,1462.0,2868386
2021-05-18 10:17:39,1462.0,2869121
2021-05-18 10:17:42,1462.0,2869406
2021-05-18 10:17:43,1462.25,2890843
2021-05-18 10:17:44,1462.3,2890954
2021-05-18 10:17:45,1462.9,2894386
2021-05-18 10:17:46,1462.8,2896021
2021-05-18 10:17:47,1462.8,2896812
2021-05-18 10:17:49,1462.5,2897251
2021-05-18 10:17:50,1462.5,2897364
2021-05-18 10:17:51,1462.8,2897457
2021-05-18 10:17:52,1462.55,2897474
2021-05-18 10:17:53,1462.5,2897514
2021-05-18 10:17:54,1462.55,2897713
2021-05-18 10:17:54,1462.5,2897680
2021-05-18 10:17:56,1462.55,2897741
2021-05-18 10:17:57,1462.7,2897760
2021-05-18 10:17:58,1462.55,2899060
2021-05-18 10:17:59,1462.5,2899869
2021-05-18 10:18:00,1462.65,2901030
2021-05-18 10:18:01,1462.0,2901041
2021-05-18 10:18:02,1462.3,2901055
2021-05-18 10:18:03,1462.6,2901069
2021-05-18 10:18:04,1462.5,2901078
2021-05-18 10:18:05,1462.4,2901119
2021-05-18 10:18:06,1462.5,2901164
2021-05-18 10:18:06,1462.45,2901162
2021-05-18 10:18:07,1462.5,2901230
2021-05-18 10:18:09,1462.5,2901359
2021-05-18 10:18:10,1462.45,2901400
2021-05-18 10:18:12,1462.5,2901497
2021-05-18 10:18:13,1462.45,2901684
2021-05-18 10:18:14,1462.0,2903091
2021-05-18 10:18:15,1462.0,2903145
2021-05-18 10:18:15,1462.5,2903155
2021-05-18 10:18:18,1462.5,2903677
2021-05-18 10:18:19,1462.5,2903739
2021-05-18 10:18:20,1462.5,2904414
2021-05-18 10:18:21,1462.5,2904415
2021-05-18 10:18:22,1462.4,2904417
2021-05-18 10:18:22,1462.45,2904420
2021-05-18 10:18:24,1462.4,2904516
2021-05-18 10:18:25,1462.45,2904518
2021-05-18 10:18:26,1462.1,2904632
2021-05-18 10:18:27,1462.05,2904692
2021-05-18 10:18:28,1462.0,2904810
2021-05-18 10:18:29,1462.4,2905496
2021-05-18 10:18:29,1462.4,2905496
2021-05-18 10:18:31,1462.0,2905637
2021-05-18 10:18:33,1462.4,2905755
2021-05-18 10:18:34,1462.0,2905923
2021-05-18 10:18:35,1462.0,2906084
2021-05-18 10:18:36,1462.0,2906291
2021-05-18 10:18:37,1462.1,2906296
2021-05-18 10:18:38,1462.3,2906397
2021-05-18 10:18:39,1462.3,2906397
2021-05-18 10:18:40,1462.0,2906648
2021-05-18 10:18:41,1462.3,2906670
2021-05-18 10:18:42,1462.3,2906750
2021-05-18 10:18:43,1462.05,2907868
2021-05-18 10:18:44,1461.25,2908142
2021-05-18 10:18:44,1461.25,2908142
2021-05-18 10:18:45,1461.9,2908195
2021-05-18 10:18:46,1461.85,2908260
2021-05-18 10:18:48,1462.0,2908330
2021-05-18 10:18:49,1461.5,2908335
2021-05-18 10:18:50,1462.0,2908345
2021-05-18 10:18:51,1462.0,2908345
2021-05-18 10:18:52,1461.85,2908365
2021-05-18 10:18:53,1461.85,2908401
2021-05-18 10:18:53,1461.85,2908401
2021-05-18 10:18:54,1461.85,2908431
2021-05-18 10:18:56,1461.9,2908447
2021-05-18 10:18:57,1461.5,2908461
2021-05-18 10:18:58,1461.9,2908463
2021-05-18 10:18:59,1461.9,2908535
2021-05-18 10:19:00,1461.95,2908647
2021-05-18 10:19:00,1462.3,2908649
2021-05-18 10:19:01,1461.9,2908953
2021-05-18 10:19:03,1462.0,2908973
2021-05-18 10:19:04,1462.05,2909466
2021-05-18 10:19:05,1462.05,2909618
2021-05-18 10:19:06,1462.3,2909639
2021-05-18 10:19:07,1462.05,2909699
2021-05-18 10:19:09,1462.05,2909974
2021-05-18 10:19:08,1462.05,2909959
2021-05-18 10:19:10,1462.0,2910679
2021-05-18 10:19:10,1462.0,2910679
2021-05-18 10:19:11,1462.3,2910689
2021-05-18 10:19:13,1462.0,2910881
2021-05-18 10:19:14,1462.0,2911052
2021-05-18 10:19:15,1461.4,2911301
2021-05-18 10:19:16,1461.95,2911310
2021-05-18 10:19:17,1461.2,2911395
2021-05-18 10:19:17,1461.2,2911560
2021-05-18 10:19:18,1461.75,2911677
2021-05-18 10:19:20,1461.3,2911739
2021-05-18 10:19:22,1461.65,2911827
2021-05-18 10:19:23,1461.65,2911875
2021-05-18 10:19:23,1461.3,2911882
2021-05-18 10:19:25,1461.0,2912075
2021-05-18 10:19:27,1461.0,2912108
2021-05-18 10:19:28,1461.65,2912198
2021-05-18 10:19:29,1461.0,2912204
2021-05-18 10:19:30,1461.0,2912220
2021-05-18 10:19:31,1461.2,2912246
2021-05-18 10:19:32,1461.25,2913971
2021-05-18 10:19:33,1461.0,2913996
2021-05-18 10:19:34,1461.0,2915143
2021-05-18 10:19:35,1461.25,2915174
2021-05-18 10:19:36,1461.25,2915206
2021-05-18 10:19:37,1461.25,2915206
2021-05-18 10:19:38,1461.25,2915552
2021-05-18 10:19:39,1461.25,2916768
2021-05-18 10:19:40,1461.5,2917677
2021-05-18 10:19:41,1461.5,2918875
2021-05-18 10:19:44,1462.0,2920873
2021-05-18 10:19:45,1462.0,2921262
2021-05-18 10:19:46,1461.75,2922243
2021-05-18 10:19:48,1462.3,2922556
2021-05-18 10:19:49,1462.3,2922557
2021-05-18 10:19:50,1462.0,2922562
2021-05-18 10:19:51,1462.5,2923595
2021-05-18 10:19:52,1462.7,2924724
2021-05-18 10:19:53,1462.7,2924724
2021-05-18 10:19:55,1461.4,2928310
2021-05-18 10:19:56,1461.95,2933493
2021-05-18 10:19:58,1462.5,2935026
2021-05-18 10:19:59,1462.0,2935433
2021-05-18 10:20:00,1461.75,2935444
2021-05-18 10:20:01,1461.75,2935444
2021-05-18 10:20:02,1461.45,2935604
2021-05-18 10:20:03,1461.5,2935934
2021-05-18 10:20:04,1461.8,2935977
2021-05-18 10:20:05,1461.8,2935977
2021-05-18 10:20:06,1461.25,2936856
2021-05-18 10:20:07,1461.95,2936917
2021-05-18 10:20:08,1461.95,2936917
2021-05-18 10:20:09,1462.0,2936940
2021-05-18 10:20:10,1461.6,2937697
2021-05-18 10:20:11,1461.0,2937714
2021-05-18 10:20:12,1461.0,2938478
2021-05-18 10:20:13,1461.0,2939053
2021-05-18 10:20:14,1461.0,2939882
2021-05-18 10:20:15,1461.15,2946063
2021-05-18 10:20:16,1461.0,2946613
2021-05-18 10:20:17,1461.2,2947689
2021-05-18 10:20:18,1461.2,2948011
2021-05-18 10:20:19,1461.2,2948070
2021-05-18 10:20:20,1461.25,2948080
2021-05-18 10:20:21,1461.2,2948122
2021-05-18 10:20:22,1461.2,2948132
2021-05-18 10:20:23,1461.25,2948167
2021-05-18 10:20:24,1461.25,2948167
2021-05-18 10:20:25,1461.2,2948742
2021-05-18 10:20:26,1461.25,2948810
2021-05-18 10:20:27,1461.05,2949915
2021-05-18 10:20:28,1461.15,2949988
2021-05-18 10:20:29,1461.0,2952191
2021-05-18 10:20:30,1461.0,2953775
2021-05-18 10:20:31,1461.2,2954427
2021-05-18 10:20:32,1461.0,2954583
2021-05-18 10:20:33,1461.0,2955843
2021-05-18 10:20:34,1461.0,2956003
2021-05-18 10:20:35,1461.0,2957113
2021-05-18 10:20:36,1461.2,2957122
2021-05-18 10:20:37,1461.15,2957341
2021-05-18 10:20:38,1461.05,2957342
2021-05-18 10:20:40,1461.15,2958601
2021-05-18 10:20:41,1461.0,2959729
2021-05-18 10:20:42,1461.0,2960507
2021-05-18 10:20:43,1461.0,2960512
2021-05-18 10:20:44,1461.0,2962435
2021-05-18 10:20:45,1461.0,2967821
2021-05-18 10:20:46,1460.2,2967871
2021-05-18 10:20:48,1460.65,2967927
2021-05-18 10:20:47,1460.65,2967927
2021-05-18 10:20:49,1460.0,2970965
2021-05-18 10:20:50,1459.85,2971744
2021-05-18 10:20:51,1460.4,2971748
2021-05-18 10:20:52,1460.4,2971759
2021-05-18 10:20:53,1459.85,2971943
2021-05-18 10:20:54,1460.3,2972132
2021-05-18 10:20:55,1459.95,2973038
2021-05-18 10:20:56,1459.95,2973038
2021-05-18 10:20:57,1459.3,2973314
2021-05-18 10:20:58,1459.35,2973544
2021-05-18 10:20:59,1458.95,2975316
2021-05-18 10:21:00,1459.35,2975762
2021-05-18 10:21:01,1459.35,2976906
2021-05-18 10:21:02,1459.25,2977122
2021-05-18 10:21:03,1459.75,2977125
2021-05-18 10:21:04,1459.75,2977480
2021-05-18 10:21:05,1459.4,2978066
2021-05-18 10:21:07,1459.55,2978067
2021-05-18 10:21:08,1459.65,2978321
2021-05-18 10:21:09,1459.65,2978592
2021-05-18 10:21:10,1459.65,2978693
2021-05-18 10:21:11,1459.65,2979459
2021-05-18 10:21:12,1459.65,2979529
2021-05-18 10:21:13,1458.6,2981065
2021-05-18 10:21:14,1459.4,2981105
2021-05-18 10:21:15,1459.75,2981305
2021-05-18 10:21:16,1459.3,2981377
2021-05-18 10:21:17,1459.3,2981377
2021-05-18 10:21:18,1459.75,2981378
2021-05-18 10:21:19,1459.65,2981481
2021-05-18 10:21:20,1459.6,2981742
2021-05-18 10:21:21,1460.0,2981923
2021-05-18 10:21:22,1459.4,2982035
2021-05-18 10:21:23,1459.75,2982477
2021-05-18 10:21:24,1459.95,2982521
2021-05-18 10:21:25,1459.35,2982756
2021-05-18 10:21:26,1459.0,2982976
2021-05-18 10:21:27,1459.0,2982986
2021-05-18 10:21:28,1459.0,2983088
2021-05-18 10:21:29,1459.0,2983112
2021-05-18 10:21:30,1459.0,2983160
2021-05-18 10:21:31,1459.05,2983204
2021-05-18 10:21:32,1458.7,2983376
2021-05-18 10:21:33,1458.7,2983403
2021-05-18 10:21:34,1459.05,2983481
2021-05-18 10:21:35,1459.05,2983481
2021-05-18 10:21:36,1458.7,2983511
2021-05-18 10:21:37,1458.7,2983521
2021-05-18 10:21:38,1458.7,2983539
2021-05-18 10:21:39,1459.0,2983544
2021-05-18 10:21:40,1458.75,2983566
2021-05-18 10:21:41,1458.75,2983569
2021-05-18 10:21:42,1458.75,2983672
2021-05-18 10:21:43,1459.0,2983687
2021-05-18 10:21:44,1459.0,2983703
2021-05-18 10:21:45,1458.75,2983823
2021-05-18 10:21:46,1458.75,2984068
2021-05-18 10:21:47,1459.0,2984078
2021-05-18 10:21:48,1459.0,2984092
2021-05-18 10:21:49,1458.75,2984105
2021-05-18 10:21:50,1458.75,2984127
2021-05-18 10:21:51,1459.0,2984236
2021-05-18 10:21:53,1459.0,2984381
2021-05-18 10:21:53,1459.0,2984409
2021-05-18 10:21:55,1458.8,2984467
2021-05-18 10:21:56,1459.0,2984477
2021-05-18 10:21:57,1459.0,2984580
2021-05-18 10:21:58,1459.0,2984580
2021-05-18 10:21:59,1459.0,2984591
2021-05-18 10:22:01,1459.15,2985831
2021-05-18 10:22:02,1459.1,2985882
2021-05-18 10:22:03,1459.15,2986134
2021-05-18 10:22:04,1459.2,2986166
2021-05-18 10:22:05,1459.2,2986216
2021-05-18 10:22:06,1459.65,2986275
2021-05-18 10:22:07,1459.5,2986371
2021-05-18 10:22:08,1459.85,2986890
2021-05-18 10:22:09,1459.75,2986933
2021-05-18 10:22:11,1459.75,2986969
2021-05-18 10:22:12,1459.8,2987010
2021-05-18 10:22:14,1459.8,2987257
2021-05-18 10:22:14,1459.8,2987176
2021-05-18 10:22:15,1459.8,2987307
2021-05-18 10:22:16,1459.8,2987333
2021-05-18 10:22:17,1459.65,2990478
2021-05-18 10:22:18,1458.85,2990513
2021-05-18 10:22:19,1459.0,2990823
2021-05-18 10:22:21,1459.0,2990907
2021-05-18 10:22:22,1459.05,2991070
2021-05-18 10:22:22,1459.05,2991070
2021-05-18 10:22:23,1458.7,2991160
2021-05-18 10:22:24,1458.85,2991340
2021-05-18 10:22:25,1459.0,2991434
2021-05-18 10:22:26,1459.3,2991531
2021-05-18 10:22:27,1458.95,2991753
2021-05-18 10:22:28,1459.5,2992004
2021-05-18 10:22:29,1459.1,2992067
2021-05-18 10:22:31,1459.5,2992082
2021-05-18 10:22:32,1459.3,2992093
2021-05-18 10:22:33,1459.05,2992130
2021-05-18 10:22:34,1459.95,2992655
2021-05-18 10:22:35,1459.6,2992661
2021-05-18 10:22:36,1459.65,2992691
2021-05-18 10:22:37,1459.65,2992763
2021-05-18 10:22:39,1459.65,2992773
2021-05-18 10:22:39,1459.65,2992773
2021-05-18 10:22:40,1460.0,2994121
2021-05-18 10:22:41,1460.0,2994160
2021-05-18 10:22:42,1460.0,2994201
2021-05-18 10:22:43,1459.75,2994672
2021-05-18 10:22:44,1459.9,2994759
2021-05-18 10:22:46,1459.75,2994785
2021-05-18 10:22:47,1459.95,2994791
2021-05-18 10:22:47,1459.95,2994792
2021-05-18 10:22:48,1459.95,2994958
2021-05-18 10:22:49,1459.75,2996408
2021-05-18 10:22:50,1459.8,2996413
2021-05-18 10:22:51,1459.7,2996769
2021-05-18 10:22:52,1459.75,2996779
2021-05-18 10:22:53,1459.75,2996812
2021-05-18 10:22:54,1459.75,2996855
2021-05-18 10:22:55,1459.05,2996895
2021-05-18 10:22:56,1459.3,2997460
2021-05-18 10:22:58,1458.8,2997470
2021-05-18 10:22:59,1458.85,2997473
2021-05-18 10:22:59,1458.85,2997473
2021-05-18 10:23:00,1459.2,2997516
2021-05-18 10:23:01,1459.2,2997790
2021-05-18 10:23:02,1459.2,2997940
2021-05-18 10:23:03,1459.2,2998014
2021-05-18 10:23:04,1459.1,2998047
2021-05-18 10:23:05,1459.1,2998157
2021-05-18 10:23:06,1459.3,2998675
2021-05-18 10:23:07,1459.2,2998950
2021-05-18 10:23:08,1459.45,2999164
2021-05-18 10:23:09,1459.45,2999164
2021-05-18 10:23:10,1458.95,2999275
2021-05-18 10:23:11,1459.2,2999321
2021-05-18 10:23:12,1458.95,2999330
2021-05-18 10:23:13,1459.2,2999389
2021-05-18 10:23:14,1459.0,2999430
2021-05-18 10:23:15,1459.25,2999442
2021-05-18 10:23:17,1459.2,3002213
2021-05-18 10:23:17,1458.85,3001963
2021-05-18 10:23:18,1459.0,3002373
2021-05-18 10:23:19,1459.05,3002386
2021-05-18 10:23:20,1459.05,3002408
2021-05-18 10:23:21,1459.1,3002511
2021-05-18 10:23:22,1459.1,3002672
2021-05-18 10:23:23,1459.1,3002732
2021-05-18 10:23:24,1459.1,3003033
2021-05-18 10:23:25,1459.15,3003083
2021-05-18 10:23:26,1459.15,3003184
2021-05-18 10:23:27,1459.5,3003232
2021-05-18 10:23:29,1459.1,3003435
2021-05-18 10:23:29,1459.1,3003375
2021-05-18 10:23:30,1459.25,3003511
2021-05-18 10:23:31,1459.25,3003523
2021-05-18 10:23:32,1459.25,3003684
2021-05-18 10:23:33,1459.25,3003714
2021-05-18 10:23:34,1459.25,3003714
2021-05-18 10:23:35,1460.0,3012715
2021-05-18 10:23:36,1460.4,3015431
2021-05-18 10:23:37,1460.35,3016179
2021-05-18 10:23:39,1460.3,3016304
2021-05-18 10:23:39,1460.35,3016426
2021-05-18 10:23:40,1459.9,3016617
2021-05-18 10:23:41,1459.9,3016617
2021-05-18 10:23:42,1459.9,3016637
2021-05-18 10:23:43,1460.3,3016647
2021-05-18 10:23:44,1459.9,3016816
2021-05-18 10:23:46,1459.6,3016833
2021-05-18 10:23:46,1459.6,3016833
2021-05-18 10:23:47,1460.0,3016835
2021-05-18 10:23:48,1459.75,3017293
2021-05-18 10:23:49,1459.25,3017750
2021-05-18 10:23:51,1459.25,3018028
2021-05-18 10:23:52,1459.7,3018058
2021-05-18 10:23:53,1459.25,3018134
2021-05-18 10:23:53,1459.25,3018134
2021-05-18 10:23:54,1459.7,3018144
2021-05-18 10:23:55,1459.7,3018144
2021-05-18 10:23:56,1459.7,3018171
2021-05-18 10:23:58,1459.7,3018198
2021-05-18 10:23:59,1459.85,3018472
2021-05-18 10:24:00,1460.0,3018545
2021-05-18 10:24:00,1459.9,3018577
2021-05-18 10:24:01,1459.8,3018607
2021-05-18 10:24:02,1459.8,3018607
2021-05-18 10:24:03,1460.4,3019117
2021-05-18 10:24:04,1460.1,3019171
2021-05-18 10:24:05,1460.75,3019473
2021-05-18 10:24:06,1460.45,3020648
2021-05-18 10:24:08,1460.45,3020663
2021-05-18 10:24:09,1460.45,3020792
2021-05-18 10:24:09,1460.45,3020951
2021-05-18 10:24:10,1460.45,3020993
2021-05-18 10:24:11,1460.5,3021193
2021-05-18 10:24:12,1460.5,3021263
2021-05-18 10:24:13,1460.45,3021531
2021-05-18 10:24:14,1460.5,3021537
2021-05-18 10:24:15,1460.4,3022386
2021-05-18 10:24:17,1459.75,3022489
2021-05-18 10:24:18,1460.3,3022501
2021-05-18 10:24:19,1459.7,3022519
2021-05-18 10:24:19,1459.7,3022517
2021-05-18 10:24:20,1460.0,3022629
2021-05-18 10:24:21,1460.1,3022817
2021-05-18 10:24:22,1459.4,3023715
2021-05-18 10:24:24,1459.8,3024048
2021-05-18 10:24:25,1459.8,3024102
2021-05-18 10:24:26,1460.0,3024303
2021-05-18 10:24:26,1460.0,3024644
2021-05-18 10:24:27,1460.0,3024814
2021-05-18 10:24:28,1459.5,3025374
2021-05-18 10:24:29,1459.5,3025418
2021-05-18 10:24:31,1459.8,3025485
2021-05-18 10:24:32,1459.5,3025495
2021-05-18 10:24:34,1459.8,3025526
2021-05-18 10:24:35,1459.55,3025579
2021-05-18 10:24:36,1459.55,3025598
2021-05-18 10:24:36,1459.85,3025603
2021-05-18 10:24:37,1459.85,3025628
2021-05-18 10:24:38,1459.85,3025628
2021-05-18 10:24:39,1459.75,3025752
2021-05-18 10:24:40,1459.8,3025868
2021-05-18 10:24:41,1459.85,3025898
2021-05-18 10:24:42,1459.8,3025926
2021-05-18 10:24:44,1459.5,3025951
2021-05-18 10:24:45,1459.85,3025952
2021-05-18 10:24:46,1459.85,3025965
2021-05-18 10:24:46,1459.85,3025964
2021-05-18 10:24:47,1459.85,3025965
2021-05-18 10:24:48,1459.8,3026270
2021-05-18 10:24:49,1459.5,3026593
2021-05-18 10:24:50,1459.5,3026593
2021-05-18 10:24:51,1459.8,3026602
2021-05-18 10:24:52,1459.5,3026885
2021-05-18 10:24:53,1460.0,3027331
2021-05-18 10:24:54,1459.7,3027543
2021-05-18 10:24:55,1459.8,3027733
2021-05-18 10:24:57,1459.7,3027794
2021-05-18 10:24:58,1459.8,3027854
2021-05-18 10:24:58,1459.8,3027854
2021-05-18 10:24:59,1459.8,3027945
2021-05-18 10:25:00,1459.8,3027994
2021-05-18 10:25:01,1459.7,3028039
2021-05-18 10:25:02,1459.8,3028049
2021-05-18 10:25:04,1459.8,3028276
2021-05-18 10:25:05,1459.7,3028292
2021-05-18 10:25:05,1459.7,3028293
2021-05-18 10:25:06,1459.7,3028426
2021-05-18 10:25:07,1459.8,3028472
2021-05-18 10:25:10,1459.7,3029082
2021-05-18 10:25:10,1459.8,3029357
2021-05-18 10:25:11,1459.8,3029494
2021-05-18 10:25:12,1459.8,3029623
2021-05-18 10:25:13,1460.35,3030198
2021-05-18 10:25:14,1459.8,3030517
2021-05-18 10:25:15,1459.9,3030558
2021-05-18 10:25:16,1459.9,3031070
2021-05-18 10:25:17,1460.0,3031080
2021-05-18 10:25:18,1460.3,3031143
2021-05-18 10:25:20,1460.3,3031216
2021-05-18 10:25:21,1460.3,3031219
2021-05-18 10:25:21,1460.3,3031224
2021-05-18 10:25:22,1460.3,3031426
2021-05-18 10:25:26,1460.05,3031620
2021-05-18 10:25:26,1460.05,3031620
2021-05-18 10:25:27,1460.05,3031620
2021-05-18 10:25:28,1460.3,3031640
2021-05-18 10:25:29,1460.0,3031650
2021-05-18 10:25:30,1460.3,3031712
2021-05-18 10:25:32,1460.3,3031730
2021-05-18 10:25:33,1460.0,3031805
2021-05-18 10:25:33,1460.0,3031805
2021-05-18 10:25:34,1460.0,3033408
2021-05-18 10:25:35,1460.0,3033767
2021-05-18 10:25:36,1460.0,3033812
2021-05-18 10:25:37,1460.0,3033870
2021-05-18 10:25:39,1460.3,3033874
2021-05-18 10:25:39,1460.3,3033916
2021-05-18 10:25:40,1460.3,3033916
2021-05-18 10:25:42,1460.3,3033957
2021-05-18 10:25:42,1460.2,3033961
2021-05-18 10:25:43,1460.05,3033986
2021-05-18 10:25:45,1460.05,3034182
2021-05-18 10:25:46,1460.05,3034185
2021-05-18 10:25:46,1460.05,3034185
2021-05-18 10:25:47,1460.05,3034185
2021-05-18 10:25:48,1460.2,3034245
2021-05-18 10:25:50,1460.05,3034246
2021-05-18 10:25:50,1460.2,3034253
2021-05-18 10:25:51,1460.05,3034255
2021-05-18 10:25:52,1460.05,3034296
2021-05-18 10:25:53,1460.5,3034823
2021-05-18 10:25:54,1460.2,3034840
2021-05-18 10:25:55,1460.5,3034912
2021-05-18 10:25:56,1460.5,3035217
2021-05-18 10:25:57,1460.5,3035280
2021-05-18 10:25:58,1460.1,3035295
2021-05-18 10:25:59,1460.5,3035315
2021-05-18 10:26:00,1460.5,3035326
2021-05-18 10:26:01,1460.15,3035342
2021-05-18 10:26:02,1460.75,3035592
2021-05-18 10:26:03,1460.7,3035626
2021-05-18 10:26:04,1460.15,3035675
2021-05-18 10:26:05,1460.75,3036176
2021-05-18 10:26:06,1460.7,3036356
2021-05-18 10:26:08,1460.8,3036503
2021-05-18 10:26:10,1460.2,3036504
2021-05-18 10:26:11,1460.2,3036504
2021-05-18 10:26:12,1460.7,3037513
2021-05-18 10:26:12,1460.7,3037513
2021-05-18 10:26:13,1460.2,3037516
2021-05-18 10:26:14,1460.5,3037540
2021-05-18 10:26:15,1460.8,3037638
2021-05-18 10:26:16,1460.7,3037655
2021-05-18 10:26:18,1460.8,3037701
2021-05-18 10:26:19,1460.8,3037753
2021-05-18 10:26:20,1460.75,3037863
2021-05-18 10:26:21,1460.8,3038299
2021-05-18 10:26:22,1460.75,3038322
2021-05-18 10:26:24,1460.8,3038400
2021-05-18 10:26:25,1460.8,3038651
2021-05-18 10:26:26,1460.75,3038655
2021-05-18 10:26:27,1460.75,3038655
2021-05-18 10:26:27,1460.75,3038656
2021-05-18 10:26:28,1460.75,3038732
2021-05-18 10:26:30,1460.8,3038873
2021-05-18 10:26:31,1460.8,3039431
2021-05-18 10:26:32,1460.75,3039673
2021-05-18 10:26:34,1460.75,3039714
2021-05-18 10:26:35,1460.8,3039778
2021-05-18 10:26:36,1460.75,3039828
2021-05-18 10:26:36,1460.75,3039828
2021-05-18 10:26:37,1460.8,3039859
2021-05-18 10:26:38,1460.8,3039870
2021-05-18 10:26:40,1460.8,3039925
2021-05-18 10:26:41,1460.8,3039925
2021-05-18 10:26:42,1460.75,3039957
2021-05-18 10:26:42,1460.75,3039957
2021-05-18 10:26:43,1460.8,3040237
2021-05-18 10:26:44,1460.8,3040238
2021-05-18 10:26:46,1460.75,3040244
2021-05-18 10:26:47,1460.75,3040284
2021-05-18 10:26:49,1460.55,3040485
2021-05-18 10:26:49,1460.55,3040486
2021-05-18 10:26:50,1460.8,3040530
2021-05-18 10:26:51,1460.8,3040541
2021-05-18 10:26:53,1460.8,3040545
2021-05-18 10:26:54,1460.55,3040646
2021-05-18 10:26:55,1460.55,3040911
2021-05-18 10:26:56,1460.5,3040938
2021-05-18 10:26:57,1460.5,3040968
2021-05-18 10:26:58,1460.3,3041078
2021-05-18 10:26:58,1460.3,3041080
2021-05-18 10:26:59,1460.5,3041089
2021-05-18 10:27:00,1460.3,3041101
2021-05-18 10:27:02,1460.45,3041167
2021-05-18 10:27:04,1460.5,3041227
2021-05-18 10:27:05,1460.45,3041238
2021-05-18 10:27:06,1460.3,3041358
2021-05-18 10:27:06,1460.3,3041358
2021-05-18 10:27:07,1460.3,3041360
2021-05-18 10:27:08,1460.45,3041492
2021-05-18 10:27:09,1460.45,3041492
2021-05-18 10:27:11,1460.45,3041492
2021-05-18 10:27:12,1460.45,3041513
2021-05-18 10:27:13,1460.3,3041659
2021-05-18 10:27:14,1460.3,3041693
2021-05-18 10:27:14,1460.3,3041723
2021-05-18 10:27:15,1460.45,3041733
2021-05-18 10:27:16,1460.45,3041743
2021-05-18 10:27:17,1460.45,3041744
2021-05-18 10:27:19,1460.45,3041796
2021-05-18 10:27:21,1459.65,3043324
2021-05-18 10:27:22,1459.6,3043446
2021-05-18 10:27:23,1460.25,3043647
2021-05-18 10:27:23,1460.25,3043647
2021-05-18 10:27:24,1460.2,3043701
2021-05-18 10:27:25,1460.2,3043703
2021-05-18 10:27:27,1460.3,3043741
2021-05-18 10:27:28,1460.0,3043752
2021-05-18 10:27:29,1459.8,3043869
2021-05-18 10:27:30,1460.0,3043932
2021-05-18 10:27:31,1460.0,3043932
2021-05-18 10:27:31,1460.0,3043932
2021-05-18 10:27:32,1460.0,3043943
2021-05-18 10:27:34,1459.75,3044122
2021-05-18 10:27:36,1459.7,3044294
2021-05-18 10:27:37,1459.7,3044294
2021-05-18 10:27:37,1459.7,3044294
2021-05-18 10:27:38,1460.0,3044370
2021-05-18 10:27:40,1460.0,3044624
2021-05-18 10:27:41,1460.0,3044684
2021-05-18 10:27:42,1459.75,3044719
2021-05-18 10:27:43,1459.75,3044719
2021-05-18 10:27:44,1460.0,3044842
2021-05-18 10:27:45,1459.8,3045012
2021-05-18 10:27:45,1459.8,3045012
2021-05-18 10:27:46,1459.8,3045012
2021-05-18 10:27:47,1459.8,3045157
2021-05-18 10:27:48,1459.8,3045280
2021-05-18 10:27:50,1460.0,3045281
2021-05-18 10:27:51,1460.0,3046503
2021-05-18 10:27:52,1460.0,3046628
2021-05-18 10:27:52,1460.0,3046628
2021-05-18 10:27:53,1460.0,3046713
2021-05-18 10:27:54,1460.1,3046824
2021-05-18 10:27:55,1460.1,3046890
2021-05-18 10:27:57,1460.0,3046928
2021-05-18 10:27:58,1460.25,3047340
2021-05-18 10:27:59,1460.2,3047711
2021-05-18 10:28:00,1460.2,3047760
2021-05-18 10:28:01,1460.2,3047770
2021-05-18 10:28:02,1460.25,3047800
2021-05-18 10:28:03,1460.5,3047811
2021-05-18 10:28:04,1460.25,3047831
2021-05-18 10:28:05,1460.45,3047872
2021-05-18 10:28:06,1460.45,3048000
2021-05-18 10:28:08,1460.5,3048032
2021-05-18 10:28:09,1460.45,3048033
2021-05-18 10:28:10,1460.45,3048159
2021-05-18 10:28:11,1460.45,3048160
2021-05-18 10:28:11,1460.5,3048180
2021-05-18 10:28:12,1460.7,3048557
2021-05-18 10:28:13,1460.8,3048688
2021-05-18 10:28:14,1460.45,3048694
2021-05-18 10:28:16,1460.8,3049507
2021-05-18 10:28:17,1460.8,3049507
2021-05-18 10:28:18,1460.85,3049706
2021-05-18 10:28:19,1460.8,3049707
2021-05-18 10:28:20,1460.85,3049718
2021-05-18 10:28:21,1460.85,3049718
2021-05-18 10:28:21,1460.85,3049718
2021-05-18 10:28:23,1460.75,3049732
2021-05-18 10:28:24,1460.3,3050744
2021-05-18 10:28:25,1460.85,3050746
2021-05-18 10:28:27,1460.75,3050897
2021-05-18 10:28:28,1460.75,3050922
2021-05-18 10:28:29,1460.75,3050947
2021-05-18 10:28:30,1460.8,3050972
2021-05-18 10:28:31,1460.8,3050988
2021-05-18 10:28:31,1460.85,3050999
2021-05-18 10:28:33,1460.8,3051100
2021-05-18 10:28:34,1460.85,3051129
2021-05-18 10:28:35,1460.8,3051173
2021-05-18 10:28:36,1460.85,3051220
2021-05-18 10:28:37,1460.85,3051221
2021-05-18 10:28:38,1461.2,3052825
2021-05-18 10:28:39,1460.85,3052827
2021-05-18 10:28:40,1460.85,3052837
2021-05-18 10:28:41,1460.85,3052891
2021-05-18 10:28:42,1460.8,3052896
2021-05-18 10:28:43,1460.8,3052905
2021-05-18 10:28:44,1460.8,3052928
2021-05-18 10:28:45,1460.8,3052983
2021-05-18 10:28:45,1460.8,3052983
2021-05-18 10:28:47,1460.85,3052986
2021-05-18 10:28:48,1460.85,3053163
2021-05-18 10:28:49,1460.85,3053214
2021-05-18 10:28:50,1460.85,3053265
2021-05-18 10:28:51,1460.9,3053285
2021-05-18 10:28:52,1461.25,3054079
2021-05-18 10:28:52,1461.25,3054108
2021-05-18 10:28:53,1461.2,3054285
2021-05-18 10:28:55,1461.2,3054296
2021-05-18 10:28:56,1461.65,3054314
2021-05-18 10:28:57,1461.3,3054327
2021-05-18 10:28:58,1461.6,3054382
2021-05-18 10:28:59,1461.15,3055686
2021-05-18 10:29:00,1461.0,3056353
2021-05-18 10:29:00,1461.0,3056353
2021-05-18 10:29:02,1461.1,3056363
2021-05-18 10:29:03,1461.65,3056485
2021-05-18 10:29:04,1461.2,3056548
2021-05-18 10:29:05,1461.25,3056968
2021-05-18 10:29:06,1461.25,3057095
2021-05-18 10:29:06,1461.25,3057097
2021-05-18 10:29:07,1461.3,3057107
2021-05-18 10:29:08,1461.3,3057172
2021-05-18 10:29:10,1461.25,3058001
2021-05-18 10:29:11,1461.0,3058013
2021-05-18 10:29:12,1461.25,3058046
2021-05-18 10:29:13,1461.25,3058052
2021-05-18 10:29:14,1461.0,3058078
2021-05-18 10:29:15,1461.0,3058078
2021-05-18 10:29:16,1461.25,3058087
2021-05-18 10:29:17,1461.25,3058125
2021-05-18 10:29:18,1461.25,3058130
2021-05-18 10:29:18,1461.25,3058130
2021-05-18 10:29:21,1461.1,3058166
2021-05-18 10:29:22,1461.25,3058978
2021-05-18 10:29:23,1461.2,3059106
2021-05-18 10:29:24,1461.2,3059155
2021-05-18 10:29:24,1461.2,3059155
2021-05-18 10:29:26,1461.25,3059258
2021-05-18 10:29:27,1461.2,3059285
2021-05-18 10:29:28,1461.25,3059300
2021-05-18 10:29:29,1461.25,3059300
2021-05-18 10:29:29,1461.25,3059300
2021-05-18 10:29:30,1461.25,3059302
2021-05-18 10:29:31,1461.25,3059312
2021-05-18 10:29:33,1461.2,3059354
2021-05-18 10:29:34,1461.25,3059410
2021-05-18 10:29:35,1461.2,3060593
2021-05-18 10:29:36,1461.2,3060650
2021-05-18 10:29:37,1461.2,3060652
2021-05-18 10:29:38,1461.2,3060662
2021-05-18 10:29:39,1461.2,3060674
2021-05-18 10:29:40,1461.3,3060731
2021-05-18 10:29:41,1461.2,3060734
2021-05-18 10:29:42,1461.2,3061027
2021-05-18 10:29:42,1461.2,3061027
2021-05-18 10:29:44,1461.25,3061102
2021-05-18 10:29:45,1461.2,3061116
2021-05-18 10:29:46,1461.2,3061116
2021-05-18 10:29:47,1461.2,3061291
2021-05-18 10:29:48,1461.45,3061475
2021-05-18 10:29:49,1461.45,3061475
2021-05-18 10:29:50,1461.2,3061480
2021-05-18 10:29:51,1461.5,3061500
2021-05-18 10:29:52,1461.2,3061740
2021-05-18 10:29:54,1461.9,3062505
2021-05-18 10:29:55,1461.55,3062549
2021-05-18 10:29:56,1461.9,3062580
2021-05-18 10:29:57,1461.9,3062580
2021-05-18 10:29:58,1461.75,3062759
2021-05-18 10:29:58,1462.0,3063114
2021-05-18 10:30:00,1462.2,3069623
2021-05-18 10:30:01,1462.45,3069741
2021-05-18 10:30:02,1461.7,3069790
2021-05-18 10:30:03,1462.25,3071011
2021-05-18 10:30:04,1462.25,3072172
2021-05-18 10:30:05,1462.5,3072418
2021-05-18 10:30:05,1462.25,3072968
2021-05-18 10:30:06,1462.25,3072969
2021-05-18 10:30:07,1462.55,3073163
2021-05-18 10:30:08,1462.3,3073189
2021-05-18 10:30:09,1462.3,3073919
2021-05-18 10:30:11,1463.05,3077448
2021-05-18 10:30:12,1462.35,3077718
2021-05-18 10:30:13,1462.35,3077877
2021-05-18 10:30:14,1462.35,3077999
2021-05-18 10:30:15,1462.4,3078539
2021-05-18 10:30:16,1462.95,3078668
2021-05-18 10:30:17,1462.4,3078722
2021-05-18 10:30:18,1463.0,3078847
2021-05-18 10:30:18,1462.4,3078815
2021-05-18 10:30:20,1463.0,3078876
2021-05-18 10:30:21,1463.0,3078909
2021-05-18 10:30:22,1462.65,3079095
2021-05-18 10:30:23,1462.9,3081245
2021-05-18 10:30:25,1462.9,3081422
2021-05-18 10:30:24,1462.9,3081420
2021-05-18 10:30:26,1463.0,3082914
2021-05-18 10:30:27,1463.4,3083366
2021-05-18 10:30:28,1463.2,3083482
2021-05-18 10:30:29,1463.4,3085362
2021-05-18 10:30:30,1463.2,3085978
2021-05-18 10:30:31,1463.0,3086669
2021-05-18 10:30:32,1463.15,3087518
2021-05-18 10:30:33,1462.95,3093838
2021-05-18 10:30:34,1462.85,3094554
2021-05-18 10:30:35,1463.25,3095492
2021-05-18 10:30:36,1463.05,3095511
2021-05-18 10:30:37,1463.5,3096096
2021-05-18 10:30:38,1463.5,3096360
2021-05-18 10:30:39,1463.9,3096860
2021-05-18 10:30:41,1463.85,3097468
2021-05-18 10:30:40,1463.9,3096898
2021-05-18 10:30:42,1464.0,3099316
2021-05-18 10:30:44,1464.0,3100633
2021-05-18 10:30:45,1463.6,3100960
2021-05-18 10:30:46,1464.0,3101860
2021-05-18 10:30:47,1463.6,3104106
2021-05-18 10:30:48,1463.65,3104233
2021-05-18 10:30:49,1463.65,3104429
2021-05-18 10:30:50,1463.6,3104947
2021-05-18 10:30:51,1463.65,3105255
2021-05-18 10:30:52,1463.35,3105411
2021-05-18 10:30:53,1463.35,3106072
2021-05-18 10:30:54,1463.2,3106812
2021-05-18 10:30:55,1463.2,3106812
2021-05-18 10:30:56,1463.35,3107333
2021-05-18 10:30:57,1463.35,3107600
2021-05-18 10:30:59,1463.5,3108066
2021-05-18 10:31:00,1463.5,3108066
2021-05-18 10:31:01,1463.2,3108731
2021-05-18 10:31:02,1463.85,3108979
2021-05-18 10:31:03,1463.4,3109322
2021-05-18 10:31:04,1464.0,3109474
2021-05-18 10:31:05,1464.0,3109474
2021-05-18 10:31:06,1463.5,3109504
2021-05-18 10:31:08,1463.5,3110168
2021-05-18 10:31:09,1463.45,3110424
2021-05-18 10:31:10,1463.45,3110431
2021-05-18 10:31:11,1463.85,3110546
2021-05-18 10:31:12,1463.85,3110546
2021-05-18 10:31:13,1463.45,3111438
2021-05-18 10:31:14,1463.0,3111839
2021-05-18 10:31:15,1463.7,3112545
2021-05-18 10:31:17,1463.05,3112727
2021-05-18 10:31:16,1463.7,3112687
2021-05-18 10:31:18,1463.5,3112829
2021-05-18 10:31:21,1463.5,3112907
2021-05-18 10:31:22,1463.5,3112941
2021-05-18 10:31:23,1463.2,3112963
2021-05-18 10:31:24,1463.5,3112997
2021-05-18 10:31:26,1463.5,3113015
2021-05-18 10:31:25,1463.5,3113015
2021-05-18 10:31:27,1463.5,3113015
2021-05-18 10:31:28,1463.2,3113035
2021-05-18 10:31:29,1463.2,3113035
2021-05-18 10:31:30,1463.5,3113037
2021-05-18 10:31:32,1463.05,3113213
2021-05-18 10:31:31,1463.5,3113203
2021-05-18 10:31:33,1463.25,3113323
2021-05-18 10:31:34,1463.25,3113323
2021-05-18 10:31:35,1463.5,3113382
2021-05-18 10:31:36,1463.5,3113393
2021-05-18 10:31:38,1463.5,3113920
2021-05-18 10:31:37,1463.5,3113920
2021-05-18 10:31:39,1463.5,3113933
2021-05-18 10:31:40,1463.5,3114084
2021-05-18 10:31:41,1463.5,3114114
2021-05-18 10:31:42,1463.25,3114195
2021-05-18 10:31:43,1463.25,3114202
2021-05-18 10:31:44,1463.5,3114365
2021-05-18 10:31:45,1463.5,3114386
2021-05-18 10:31:46,1463.5,3114388
2021-05-18 10:31:47,1463.25,3114390
2021-05-18 10:31:48,1463.5,3114480
2021-05-18 10:31:49,1463.5,3114482
2021-05-18 10:31:50,1463.5,3114512
2021-05-18 10:31:51,1463.3,3114518
2021-05-18 10:31:53,1463.3,3115262
2021-05-18 10:31:52,1463.5,3115255
2021-05-18 10:31:54,1463.45,3115346
2021-05-18 10:31:55,1463.5,3115442
2021-05-18 10:31:56,1463.5,3115468
2021-05-18 10:31:57,1463.0,3117184
2021-05-18 10:31:58,1463.0,3117279
2021-05-18 10:32:00,1462.9,3117955
2021-05-18 10:31:59,1463.0,3117875
2021-05-18 10:32:01,1462.9,3118054
2021-05-18 10:32:02,1462.95,3118165
2021-05-18 10:32:03,1462.9,3118177
2021-05-18 10:32:04,1462.95,3118319
2021-05-18 10:32:06,1462.95,3118354
2021-05-18 10:32:07,1462.9,3118397
2021-05-18 10:32:08,1462.9,3118542
2021-05-18 10:32:09,1462.95,3118667
2021-05-18 10:32:10,1462.9,3118678
2021-05-18 10:32:11,1462.9,3118678
2021-05-18 10:32:12,1462.95,3118703
2021-05-18 10:32:13,1462.9,3118992
2021-05-18 10:32:14,1462.75,3119212
2021-05-18 10:32:15,1462.5,3119253
2021-05-18 10:32:16,1462.5,3119410
2021-05-18 10:32:17,1462.5,3119410
2021-05-18 10:32:18,1462.5,3119419
2021-05-18 10:32:19,1462.85,3119443
2021-05-18 10:32:20,1462.85,3119456
2021-05-18 10:32:21,1462.85,3119468
2021-05-18 10:32:22,1462.85,3119493
2021-05-18 10:32:23,1462.85,3120063
2021-05-18 10:32:24,1462.85,3120063
2021-05-18 10:32:25,1462.85,3120071
2021-05-18 10:32:26,1462.85,3120114
2021-05-18 10:32:27,1462.85,3120124
2021-05-18 10:32:28,1462.85,3120153
2021-05-18 10:32:29,1462.85,3120184
2021-05-18 10:32:30,1462.9,3120709
2021-05-18 10:32:31,1462.9,3120739
2021-05-18 10:32:32,1462.9,3120739
2021-05-18 10:32:33,1462.75,3120857
2021-05-18 10:32:34,1462.9,3120887
2021-05-18 10:32:35,1462.8,3121060
2021-05-18 10:32:36,1462.85,3121221
2021-05-18 10:32:38,1462.55,3121625
2021-05-18 10:32:38,1463.0,3121675
2021-05-18 10:32:39,1463.0,3121722
2021-05-18 10:32:40,1462.9,3121737
2021-05-18 10:32:41,1462.9,3121896
2021-05-18 10:32:42,1462.9,3121906
2021-05-18 10:32:43,1462.95,3121938
2021-05-18 10:32:45,1463.0,3121951
2021-05-18 10:32:45,1463.0,3121951
2021-05-18 10:32:46,1463.25,3124138
2021-05-18 10:32:47,1463.1,3124219
2021-05-18 10:32:48,1463.1,3124483
2021-05-18 10:32:49,1463.1,3124483
2021-05-18 10:32:50,1463.25,3124495
2021-05-18 10:32:52,1463.15,3124553
2021-05-18 10:32:52,1463.25,3124564
2021-05-18 10:32:53,1463.15,3124690
2021-05-18 10:32:54,1463.25,3124753
2021-05-18 10:32:55,1463.25,3124881
2021-05-18 10:32:56,1463.25,3124921
2021-05-18 10:32:57,1463.15,3125003
2021-05-18 10:32:59,1463.45,3125838
2021-05-18 10:32:59,1463.45,3125838
2021-05-18 10:33:00,1463.5,3125978
2021-05-18 10:33:01,1463.8,3126275
2021-05-18 10:33:02,1463.5,3126276
2021-05-18 10:33:03,1463.5,3127362
2021-05-18 10:33:05,1463.55,3127441
