timestamp,ltp,volume
2021-05-18 09:15:25,755.1,26563
2021-05-18 09:15:26,755.9,28534
2021-05-18 09:15:27,755.45,30035
2021-05-18 09:15:28,755.05,30336
2021-05-18 09:15:29,755.35,31994
2021-05-18 09:15:30,754.05,36562
2021-05-18 09:15:31,755.05,37509
2021-05-18 09:15:32,754.85,40334
2021-05-18 09:15:33,754.25,41655
2021-05-18 09:15:33,754.3,41787
2021-05-18 09:15:34,754.8,42103
2021-05-18 09:15:36,754.4,44088
2021-05-18 09:15:37,755.4,50452
2021-05-18 09:15:38,755.85,51191
2021-05-18 09:15:39,756.25,52453
2021-05-18 09:15:40,758.6,58439
2021-05-18 09:15:42,758.4,59823
2021-05-18 09:15:43,758.25,59831
2021-05-18 09:15:44,758.1,60634
2021-05-18 09:15:45,757.95,61319
2021-05-18 09:15:45,757.8,61419
2021-05-18 09:15:46,757.65,62402
2021-05-18 09:15:47,757.65,62645
2021-05-18 09:15:48,757.8,62879
2021-05-18 09:15:50,757.8,68573
2021-05-18 09:15:51,757.2,69809
2021-05-18 09:15:52,757.6,70604
2021-05-18 09:15:53,757.55,72035
2021-05-18 09:15:54,757.5,72297
2021-05-18 09:15:55,758.2,72896
2021-05-18 09:15:56,759.65,73098
2021-05-18 09:15:57,759.15,74121
2021-05-18 09:15:58,759.6,74372
2021-05-18 09:15:59,759.6,74477
2021-05-18 09:16:00,758.7,77496
2021-05-18 09:16:01,758.7,78387
2021-05-18 09:16:02,758.7,78387
2021-05-18 09:16:04,758.2,79441
2021-05-18 09:16:06,758.25,80750
2021-05-18 09:16:07,758.2,81137
2021-05-18 09:16:08,758.45,81404
2021-05-18 09:16:09,758.45,82463
2021-05-18 09:16:10,758.45,82463
2021-05-18 09:16:11,758.7,85389
2021-05-18 09:16:12,758.7,85616
2021-05-18 09:16:13,758.5,85756
2021-05-18 09:16:14,759.3,88628
2021-05-18 09:16:15,759.25,88756
2021-05-18 09:16:16,758.7,89206
2021-05-18 09:16:17,758.7,89251
2021-05-18 09:16:18,758.95,94368
2021-05-18 09:16:19,758.95,95133
2021-05-18 09:16:20,759.55,95329
2021-05-18 09:16:21,759.05,95539
2021-05-18 09:16:22,759.0,96560
2021-05-18 09:16:23,759.15,96782
2021-05-18 09:16:25,759.65,97577
2021-05-18 09:16:24,759.65,97577
2021-05-18 09:16:26,759.65,97583
2021-05-18 09:16:27,759.15,97903
2021-05-18 09:16:28,759.75,98060
2021-05-18 09:16:29,759.8,98132
2021-05-18 09:16:30,759.85,98222
2021-05-18 09:16:31,759.65,98565
2021-05-18 09:16:32,759.65,98600
2021-05-18 09:16:33,759.35,99573
2021-05-18 09:16:34,759.35,99638
2021-05-18 09:16:35,759.35,99658
2021-05-18 09:16:36,759.5,99793
2021-05-18 09:16:37,759.5,101832
2021-05-18 09:16:38,759.35,102335
2021-05-18 09:16:39,759.5,102671
2021-05-18 09:16:40,759.5,102861
2021-05-18 09:16:41,759.55,102880
2021-05-18 09:16:42,759.5,103515
2021-05-18 09:16:43,759.5,103515
2021-05-18 09:16:44,758.95,104995
2021-05-18 09:16:45,758.75,105365
2021-05-18 09:16:46,758.75,106089
2021-05-18 09:16:47,758.3,106152
2021-05-18 09:16:48,758.7,106203
2021-05-18 09:16:49,758.35,106359
2021-05-18 09:16:50,758.35,106571
2021-05-18 09:16:51,759.5,106825
2021-05-18 09:16:53,759.0,107460
2021-05-18 09:16:54,759.15,107551
2021-05-18 09:16:55,759.15,107576
2021-05-18 09:16:56,759.15,107596
2021-05-18 09:16:57,759.15,107718
2021-05-18 09:16:58,758.9,107738
2021-05-18 09:16:59,758.9,107740
2021-05-18 09:17:00,758.9,107750
2021-05-18 09:17:01,759.05,107753
2021-05-18 09:17:02,759.1,111912
2021-05-18 09:17:03,759.2,113290
2021-05-18 09:17:04,759.15,113319
2021-05-18 09:17:05,759.15,113319
2021-05-18 09:17:06,759.0,113323
2021-05-18 09:17:07,759.15,113339
2021-05-18 09:17:08,758.9,113487
2021-05-18 09:17:09,758.9,113503
2021-05-18 09:17:10,759.15,113885
2021-05-18 09:17:12,758.95,113900
2021-05-18 09:17:13,758.9,113995
2021-05-18 09:17:14,758.9,114397
2021-05-18 09:17:15,758.9,114537
2021-05-18 09:17:16,759.0,114701
2021-05-18 09:17:17,758.75,114752
2021-05-18 09:17:18,758.75,114757
2021-05-18 09:17:19,758.75,114892
2021-05-18 09:17:22,759.0,115226
2021-05-18 09:17:23,759.0,115442
2021-05-18 09:17:24,759.0,115764
2021-05-18 09:17:25,759.15,115806
2021-05-18 09:17:26,759.15,115824
2021-05-18 09:17:27,759.15,115824
2021-05-18 09:17:28,758.9,117387
2021-05-18 09:17:29,759.1,117674
2021-05-18 09:17:30,758.75,117859
2021-05-18 09:17:31,758.95,117907
2021-05-18 09:17:32,758.95,117909
2021-05-18 09:17:33,759.15,118199
2021-05-18 09:17:34,759.1,118230
2021-05-18 09:17:35,758.95,118243
2021-05-18 09:17:36,759.2,118752
2021-05-18 09:17:37,759.2,118757
2021-05-18 09:17:38,759.2,118764
2021-05-18 09:17:40,759.35,127359
2021-05-18 09:17:41,759.1,127837
2021-05-18 09:17:42,759.6,128885
2021-05-18 09:17:43,759.3,129001
2021-05-18 09:17:44,759.3,129003
2021-05-18 09:17:45,759.6,129303
2021-05-18 09:17:46,759.55,129453
2021-05-18 09:17:47,759.4,129622
2021-05-18 09:17:48,759.55,129869
2021-05-18 09:17:49,759.55,130385
2021-05-18 09:17:50,759.05,130410
2021-05-18 09:17:51,759.0,130838
2021-05-18 09:17:52,759.5,130931
2021-05-18 09:17:54,759.65,131390
2021-05-18 09:17:53,759.65,131390
2021-05-18 09:17:55,759.5,131431
2021-05-18 09:17:56,759.5,131435
2021-05-18 09:17:57,759.6,131460
2021-05-18 09:17:58,759.6,131536
2021-05-18 09:17:59,759.25,131581
2021-05-18 09:18:00,759.8,135911
2021-05-18 09:18:01,759.5,136370
2021-05-18 09:18:02,759.4,138941
2021-05-18 09:18:03,759.5,140165
2021-05-18 09:18:04,759.5,140524
2021-05-18 09:18:05,759.5,140536
2021-05-18 09:18:07,759.5,140845
2021-05-18 09:18:07,759.85,140844
2021-05-18 09:18:08,759.35,140894
2021-05-18 09:18:09,759.5,141354
2021-05-18 09:18:10,759.4,141425
2021-05-18 09:18:11,759.45,141628
2021-05-18 09:18:12,759.4,141861
2021-05-18 09:18:13,759.45,142013
2021-05-18 09:18:15,759.6,142066
2021-05-18 09:18:16,759.6,142071
2021-05-18 09:18:17,759.45,142282
2021-05-18 09:18:19,759.45,142291
2021-05-18 09:18:19,759.45,142291
2021-05-18 09:18:20,759.4,142349
2021-05-18 09:18:21,759.4,142358
2021-05-18 09:18:22,759.4,142373
2021-05-18 09:18:23,759.6,142488
2021-05-18 09:18:24,759.45,142507
2021-05-18 09:18:25,759.45,142509
2021-05-18 09:18:26,759.6,142539
2021-05-18 09:18:27,759.5,142549
2021-05-18 09:18:28,759.65,142787
2021-05-18 09:18:29,759.85,142942
2021-05-18 09:18:30,759.85,142942
2021-05-18 09:18:31,759.65,143119
2021-05-18 09:18:32,760.0,143326
2021-05-18 09:18:33,760.0,143326
2021-05-18 09:18:34,760.0,143326
2021-05-18 09:18:35,760.0,143605
2021-05-18 09:18:37,759.65,144113
2021-05-18 09:18:37,759.7,144065
2021-05-18 09:18:38,760.8,146157
2021-05-18 09:18:39,760.75,146162
2021-05-18 09:18:40,760.75,146162
2021-05-18 09:18:41,760.55,146380
2021-05-18 09:18:42,760.6,146430
2021-05-18 09:18:43,760.1,146666
2021-05-18 09:18:44,760.1,146698
2021-05-18 09:18:45,760.1,146702
2021-05-18 09:18:46,760.55,146731
2021-05-18 09:18:47,760.55,146786
2021-05-18 09:18:48,760.55,147281
2021-05-18 09:18:49,760.1,147641
2021-05-18 09:18:50,760.35,150522
2021-05-18 09:18:51,759.9,150823
2021-05-18 09:18:52,759.9,151176
2021-05-18 09:18:53,760.0,151262
2021-05-18 09:18:55,759.9,151433
2021-05-18 09:18:55,760.25,151460
2021-05-18 09:18:57,760.25,152386
2021-05-18 09:18:57,760.25,152386
2021-05-18 09:18:58,760.25,152397
2021-05-18 09:18:59,760.25,152397
2021-05-18 09:19:00,760.25,152400
2021-05-18 09:19:01,760.1,152456
2021-05-18 09:19:02,760.0,152754
2021-05-18 09:19:03,760.0,152770
2021-05-18 09:19:04,759.75,152796
2021-05-18 09:19:05,760.1,152907
2021-05-18 09:19:06,760.0,155388
2021-05-18 09:19:07,759.65,156027
2021-05-18 09:19:08,759.5,160523
2021-05-18 09:19:09,759.45,160551
2021-05-18 09:19:10,759.1,161562
2021-05-18 09:19:11,759.1,161700
2021-05-18 09:19:12,759.1,161700
2021-05-18 09:19:13,759.1,164831
2021-05-18 09:19:14,758.9,165171
2021-05-18 09:19:15,759.1,166227
2021-05-18 09:19:16,759.0,166337
2021-05-18 09:19:18,759.0,166345
2021-05-18 09:19:19,758.9,166545
2021-05-18 09:19:20,758.9,167143
2021-05-18 09:19:21,758.9,167435
2021-05-18 09:19:23,758.9,167467
2021-05-18 09:19:23,758.9,167470
2021-05-18 09:19:24,758.95,167481
2021-05-18 09:19:26,758.95,167483
2021-05-18 09:19:27,759.4,167485
2021-05-18 09:19:28,760.0,170300
2021-05-18 09:19:29,760.25,171754
2021-05-18 09:19:30,760.0,172051
2021-05-18 09:19:31,760.1,172210
2021-05-18 09:19:32,760.1,172226
2021-05-18 09:19:33,760.25,172327
2021-05-18 09:19:34,760.25,172777
2021-05-18 09:19:35,760.0,173242
2021-05-18 09:19:36,760.25,173464
2021-05-18 09:19:37,760.25,173522
2021-05-18 09:19:38,759.9,173547
2021-05-18 09:19:39,760.2,173656
2021-05-18 09:19:40,759.9,173781
2021-05-18 09:19:42,760.0,173808
2021-05-18 09:19:42,760.0,173810
2021-05-18 09:19:43,760.3,173886
2021-05-18 09:19:44,760.3,173893
2021-05-18 09:19:45,760.3,173894
2021-05-18 09:19:46,760.05,174030
2021-05-18 09:19:47,760.55,174983
2021-05-18 09:19:48,761.6,175835
2021-05-18 09:19:49,761.4,176312
2021-05-18 09:19:51,761.9,177254
2021-05-18 09:19:52,762.0,177955
2021-05-18 09:19:53,762.45,179517
2021-05-18 09:19:54,762.45,179853
2021-05-18 09:19:55,762.45,180528
2021-05-18 09:19:56,761.8,190039
2021-05-18 09:19:57,761.35,190127
2021-05-18 09:19:58,761.7,190181
2021-05-18 09:19:59,761.8,190981
2021-05-18 09:20:00,761.6,191197
2021-05-18 09:20:01,761.15,191836
2021-05-18 09:20:02,761.15,191862
2021-05-18 09:20:03,761.15,191863
2021-05-18 09:20:04,761.05,193191
2021-05-18 09:20:05,761.05,193402
2021-05-18 09:20:07,761.1,195657
2021-05-18 09:20:07,761.1,195903
2021-05-18 09:20:08,761.1,196429
2021-05-18 09:20:09,761.1,196488
2021-05-18 09:20:10,760.95,196564
2021-05-18 09:20:11,761.1,196981
2021-05-18 09:20:13,760.7,197301
2021-05-18 09:20:14,761.0,197487
2021-05-18 09:20:15,761.0,197510
2021-05-18 09:20:17,761.0,197646
2021-05-18 09:20:18,761.25,198109
2021-05-18 09:20:19,761.1,198495
2021-05-18 09:20:20,761.15,198539
2021-05-18 09:20:21,761.25,198678
2021-05-18 09:20:22,761.6,198998
2021-05-18 09:20:24,761.25,199008
2021-05-18 09:20:25,761.6,199023
2021-05-18 09:20:26,761.65,199123
2021-05-18 09:20:27,761.8,199134
2021-05-18 09:20:28,761.75,199146
2021-05-18 09:20:28,761.75,199146
2021-05-18 09:20:29,761.8,199246
2021-05-18 09:20:30,761.8,199246
2021-05-18 09:20:31,761.75,199396
2021-05-18 09:20:32,761.8,199472
2021-05-18 09:20:33,761.8,200173
2021-05-18 09:20:34,761.6,200227
2021-05-18 09:20:35,761.6,200233
2021-05-18 09:20:36,762.0,200934
2021-05-18 09:20:37,761.55,201071
2021-05-18 09:20:38,761.95,201223
2021-05-18 09:20:39,761.9,201445
2021-05-18 09:20:40,761.95,201470
2021-05-18 09:20:42,761.6,201542
2021-05-18 09:20:43,761.6,201549
2021-05-18 09:20:44,762.0,201695
2021-05-18 09:20:45,762.0,202321
2021-05-18 09:20:45,761.85,203124
2021-05-18 09:20:46,762.0,203219
2021-05-18 09:20:47,762.0,203239
2021-05-18 09:20:48,761.85,203288
2021-05-18 09:20:50,761.85,203309
2021-05-18 09:20:55,762.55,205124
2021-05-18 09:20:57,762.45,205237
2021-05-18 09:20:59,762.4,205939
2021-05-18 09:21:01,762.0,206283
2021-05-18 09:21:02,762.0,206772
2021-05-18 09:21:03,762.0,206890
2021-05-18 09:21:04,762.0,207037
2021-05-18 09:21:05,762.35,207710
2021-05-18 09:21:06,762.05,207744
2021-05-18 09:21:07,762.35,208230
2021-05-18 09:21:08,762.1,209986
2021-05-18 09:21:09,762.35,210529
2021-05-18 09:21:10,762.05,211226
2021-05-18 09:21:11,762.3,211653
2021-05-18 09:21:12,762.3,211653
2021-05-18 09:21:13,762.05,211678
2021-05-18 09:21:14,762.0,213918
2021-05-18 09:21:15,762.0,213948
2021-05-18 09:21:16,761.95,214018
2021-05-18 09:21:17,761.95,214090
2021-05-18 09:21:18,762.0,214247
2021-05-18 09:21:19,761.6,214253
2021-05-18 09:21:20,761.6,215300
2021-05-18 09:21:22,761.6,215417
2021-05-18 09:21:23,761.6,215417
2021-05-18 09:21:24,761.6,215467
2021-05-18 09:21:25,761.75,215747
2021-05-18 09:21:26,762.0,216306
2021-05-18 09:21:27,762.0,216333
2021-05-18 09:21:28,761.65,216513
2021-05-18 09:21:29,761.95,216713
2021-05-18 09:21:30,761.75,216813
2021-05-18 09:21:31,761.5,217806
2021-05-18 09:21:33,761.15,218162
2021-05-18 09:21:36,761.65,219566
2021-05-18 09:21:38,761.3,220609
2021-05-18 09:21:39,761.3,220806
2021-05-18 09:21:40,761.5,220968
2021-05-18 09:21:41,761.75,221601
2021-05-18 09:21:42,761.7,226701
2021-05-18 09:21:43,761.3,226768
2021-05-18 09:21:44,761.3,226812
2021-05-18 09:21:45,761.3,226812
2021-05-18 09:21:46,760.95,230511
2021-05-18 09:21:47,760.65,230582
2021-05-18 09:21:48,760.35,231131
2021-05-18 09:21:49,760.05,231381
2021-05-18 09:21:50,760.05,231441
2021-05-18 09:21:51,760.05,231472
2021-05-18 09:21:52,760.1,232407
2021-05-18 09:21:53,760.1,232567
2021-05-18 09:21:54,760.05,232694
2021-05-18 09:21:55,760.1,232707
2021-05-18 09:21:56,760.1,232960
2021-05-18 09:21:57,760.25,232995
2021-05-18 09:21:58,760.3,233009
2021-05-18 09:21:59,760.3,233009
2021-05-18 09:22:00,759.75,235304
2021-05-18 09:22:01,759.55,235682
2021-05-18 09:22:02,759.0,236082
2021-05-18 09:22:03,759.0,236134
2021-05-18 09:22:10,760.0,242866
2021-05-18 09:22:11,760.0,242866
2021-05-18 09:22:12,760.0,243566
2021-05-18 09:22:14,760.35,243952
2021-05-18 09:22:14,760.35,243953
2021-05-18 09:22:15,760.35,243956
2021-05-18 09:22:16,760.15,243969
2021-05-18 09:22:17,760.0,245080
2021-05-18 09:22:18,759.75,245088
2021-05-18 09:22:19,760.0,245154
2021-05-18 09:22:20,760.2,245332
2021-05-18 09:22:21,760.6,245418
2021-05-18 09:22:22,760.2,246461
2021-05-18 09:22:23,760.2,246511
2021-05-18 09:22:24,759.8,246653
2021-05-18 09:22:25,760.35,247208
2021-05-18 09:22:26,760.25,247273
2021-05-18 09:22:27,760.2,247277
2021-05-18 09:22:28,759.95,247362
2021-05-18 09:22:29,760.35,247707
2021-05-18 09:22:30,760.2,250271
2021-05-18 09:22:31,760.0,250537
2021-05-18 09:22:32,760.3,250926
2021-05-18 09:22:33,760.3,251132
2021-05-18 09:22:34,760.65,251310
2021-05-18 09:22:36,760.6,251410
2021-05-18 09:22:37,760.6,251410
2021-05-18 09:22:38,760.6,251416
2021-05-18 09:22:39,760.25,251418
2021-05-18 09:22:40,760.6,251545
2021-05-18 09:22:41,760.25,251573
2021-05-18 09:22:42,760.25,251606
2021-05-18 09:22:43,760.25,251611
2021-05-18 09:22:44,760.25,251618
2021-05-18 09:22:46,759.7,253085
2021-05-18 09:22:47,759.7,253205
2021-05-18 09:22:47,759.7,253217
2021-05-18 09:22:48,759.7,253220
2021-05-18 09:22:49,759.7,253221
2021-05-18 09:22:50,760.25,253290
2021-05-18 09:22:51,760.1,253389
2021-05-18 09:22:52,760.1,253391
2021-05-18 09:22:53,760.1,253391
2021-05-18 09:22:54,759.8,253449
2021-05-18 09:22:55,760.0,253460
2021-05-18 09:22:56,760.0,253487
2021-05-18 09:22:57,760.0,253501
2021-05-18 09:22:58,759.8,253823
2021-05-18 09:22:59,759.8,253823
2021-05-18 09:23:00,759.65,253827
2021-05-18 09:23:02,759.35,253920
2021-05-18 09:23:03,759.7,255055
2021-05-18 09:23:04,759.35,255075
2021-05-18 09:23:05,759.7,255335
2021-05-18 09:23:06,759.7,255366
2021-05-18 09:23:07,759.7,255671
2021-05-18 09:23:08,759.4,255864
2021-05-18 09:23:09,759.7,256564
2021-05-18 09:23:10,759.7,257073
2021-05-18 09:23:11,759.6,258015
2021-05-18 09:23:12,759.7,258283
2021-05-18 09:23:13,759.7,259004
2021-05-18 09:23:14,759.6,259009
2021-05-18 09:23:15,759.45,259188
2021-05-18 09:23:15,759.7,259155
2021-05-18 09:23:16,759.45,259192
2021-05-18 09:23:17,759.7,260192
2021-05-18 09:23:18,759.45,260285
2021-05-18 09:23:19,759.45,260939
2021-05-18 09:23:21,759.35,260941
2021-05-18 09:23:22,759.35,260941
2021-05-18 09:23:23,759.45,261119
2021-05-18 09:23:24,759.5,261221
2021-05-18 09:23:25,759.7,262006
2021-05-18 09:23:25,759.7,262006
2021-05-18 09:23:26,759.35,262056
2021-05-18 09:23:27,759.35,262061
2021-05-18 09:23:29,759.65,262105
2021-05-18 09:23:30,759.25,262176
2021-05-18 09:23:31,759.25,262192
2021-05-18 09:23:32,759.2,262193
2021-05-18 09:23:33,759.3,262243
2021-05-18 09:23:34,758.55,264677
2021-05-18 09:23:35,758.5,265149
2021-05-18 09:23:36,758.55,265220
2021-05-18 09:23:37,758.8,265221
2021-05-18 09:23:38,758.4,265234
2021-05-18 09:23:39,758.4,265238
2021-05-18 09:23:40,758.4,265238
2021-05-18 09:23:41,758.35,265513
2021-05-18 09:23:44,758.5,265623
2021-05-18 09:23:45,758.9,265643
2021-05-18 09:23:46,758.9,265646
2021-05-18 09:23:47,758.55,265656
2021-05-18 09:23:48,758.45,265727
2021-05-18 09:23:49,758.45,265727
2021-05-18 09:23:50,758.35,265781
2021-05-18 09:23:51,758.55,265935
2021-05-18 09:23:51,758.95,265857
2021-05-18 09:23:53,758.75,266299
2021-05-18 09:23:52,758.95,265939
2021-05-18 09:23:54,759.0,266302
2021-05-18 09:23:56,758.85,266339
2021-05-18 09:23:57,759.0,266340
2021-05-18 09:23:58,758.85,266376
2021-05-18 09:23:59,758.8,266672
2021-05-18 09:24:01,758.8,266787
2021-05-18 09:24:02,758.75,266867
2021-05-18 09:24:04,758.75,266867
2021-05-18 09:24:05,758.8,268178
2021-05-18 09:24:06,757.8,278593
2021-05-18 09:24:07,757.8,280028
2021-05-18 09:24:08,758.9,283813
2021-05-18 09:24:09,758.9,283813
2021-05-18 09:24:11,758.55,283899
2021-05-18 09:24:12,758.95,285876
2021-05-18 09:24:14,758.7,286250
2021-05-18 09:24:15,758.7,286250
2021-05-18 09:24:16,759.05,286735
2021-05-18 09:24:17,759.1,286736
2021-05-18 09:24:17,759.1,286736
2021-05-18 09:24:18,759.3,286841
2021-05-18 09:24:19,759.5,286942
2021-05-18 09:24:20,759.5,286942
2021-05-18 09:24:22,759.5,286944
2021-05-18 09:24:23,759.7,288877
2021-05-18 09:24:24,759.95,289570
2021-05-18 09:24:25,759.95,289570
2021-05-18 09:24:26,759.45,289843
2021-05-18 09:24:27,759.45,289843
2021-05-18 09:24:28,759.45,289843
2021-05-18 09:24:29,759.5,289844
2021-05-18 09:24:30,759.7,289917
2021-05-18 09:24:31,759.5,289926
2021-05-18 09:24:32,759.35,289996
2021-05-18 09:24:33,759.9,290015
2021-05-18 09:24:34,759.9,290015
2021-05-18 09:24:35,759.9,290037
2021-05-18 09:24:36,760.25,290646
2021-05-18 09:24:37,760.1,290746
2021-05-18 09:24:38,760.45,290837
2021-05-18 09:24:39,760.5,291637
2021-05-18 09:24:40,760.1,291837
2021-05-18 09:24:41,760.75,291937
2021-05-18 09:24:43,760.7,292771
2021-05-18 09:24:44,760.05,292884
2021-05-18 09:24:45,760.15,292885
2021-05-18 09:24:46,760.9,293675
2021-05-18 09:24:47,761.2,293979
2021-05-18 09:24:48,761.6,294042
2021-05-18 09:24:49,761.1,294092
2021-05-18 09:24:50,761.2,294124
2021-05-18 09:24:51,761.4,294247
2021-05-18 09:24:52,761.6,294249
2021-05-18 09:24:53,762.0,294304
2021-05-18 09:24:54,761.7,295049
2021-05-18 09:24:55,761.55,295239
2021-05-18 09:24:56,761.7,295759
2021-05-18 09:24:57,761.25,295793
2021-05-18 09:24:58,761.6,295794
2021-05-18 09:24:59,761.6,295844
2021-05-18 09:25:00,761.6,296020
2021-05-18 09:25:01,761.45,296061
2021-05-18 09:25:02,761.45,296064
2021-05-18 09:25:04,761.15,296649
2021-05-18 09:25:05,761.4,297231
2021-05-18 09:25:06,761.4,297648
2021-05-18 09:25:06,761.4,297653
2021-05-18 09:25:07,761.4,297653
2021-05-18 09:25:08,761.15,297678
2021-05-18 09:25:09,761.15,297694
2021-05-18 09:25:11,761.15,297694
2021-05-18 09:25:12,761.4,297832
2021-05-18 09:25:13,761.4,297833
2021-05-18 09:25:14,761.15,297927
2021-05-18 09:25:16,761.15,297977
2021-05-18 09:25:17,761.15,298977
2021-05-18 09:25:18,761.4,298987
2021-05-18 09:25:19,761.4,299188
2021-05-18 09:25:20,761.15,300190
2021-05-18 09:25:21,761.15,300290
2021-05-18 09:25:22,761.4,300990
2021-05-18 09:25:23,761.15,301027
2021-05-18 09:25:24,761.2,301487
2021-05-18 09:25:25,761.4,301527
2021-05-18 09:25:26,761.4,301527
2021-05-18 09:25:27,761.4,301527
2021-05-18 09:25:28,761.8,302292
2021-05-18 09:25:29,761.8,302292
2021-05-18 09:25:30,761.9,302317
2021-05-18 09:25:31,761.8,303363
2021-05-18 09:25:32,761.8,303586
2021-05-18 09:25:33,761.8,303586
2021-05-18 09:25:34,761.8,303586
2021-05-18 09:25:34,761.8,303586
2021-05-18 09:25:36,761.8,303592
2021-05-18 09:25:37,761.4,303602
2021-05-18 09:25:38,761.8,303885
2021-05-18 09:25:39,761.75,303920
2021-05-18 09:25:40,761.75,303920
2021-05-18 09:25:41,761.4,304020
2021-05-18 09:25:42,761.4,304081
2021-05-18 09:25:43,761.7,304092
2021-05-18 09:25:44,761.7,304142
2021-05-18 09:25:44,761.7,304142
2021-05-18 09:25:45,761.7,304142
2021-05-18 09:25:46,761.4,304294
2021-05-18 09:25:47,761.55,304996
2021-05-18 09:25:48,761.55,305006
2021-05-18 09:25:50,761.55,305008
2021-05-18 09:25:51,761.4,305593
2021-05-18 09:25:52,761.0,305972
2021-05-18 09:25:55,761.35,306285
2021-05-18 09:25:56,761.5,306295
2021-05-18 09:25:57,761.45,306296
2021-05-18 09:25:58,761.65,307302
2021-05-18 09:25:59,761.65,307302
2021-05-18 09:26:00,761.35,307303
2021-05-18 09:26:01,761.35,307338
2021-05-18 09:26:02,761.55,307391
2021-05-18 09:26:03,761.55,307391
2021-05-18 09:26:04,761.55,307416
2021-05-18 09:26:05,761.55,307416
2021-05-18 09:26:06,761.2,307467
2021-05-18 09:26:07,761.25,307503
2021-05-18 09:26:08,761.25,307648
2021-05-18 09:26:09,761.5,307861
2021-05-18 09:26:10,761.6,309220
2021-05-18 09:26:11,761.3,309520
2021-05-18 09:26:12,761.3,309520
2021-05-18 09:26:13,761.3,309520
2021-05-18 09:26:14,761.3,309538
2021-05-18 09:26:15,761.3,309538
2021-05-18 09:26:16,761.3,309538
2021-05-18 09:26:17,762.35,312411
2021-05-18 09:26:18,762.4,313253
2021-05-18 09:26:19,763.0,314080
2021-05-18 09:26:20,763.0,316037
2021-05-18 09:26:22,763.0,316531
2021-05-18 09:26:23,763.35,316727
2021-05-18 09:26:24,763.5,316864
2021-05-18 09:26:24,763.55,317595
2021-05-18 09:26:25,763.2,317873
2021-05-18 09:26:26,763.2,317873
2021-05-18 09:26:28,763.05,317903
2021-05-18 09:26:29,763.4,317925
2021-05-18 09:26:30,762.95,317962
2021-05-18 09:26:31,762.95,317962
2021-05-18 09:26:32,763.5,318063
2021-05-18 09:26:34,763.1,318278
2021-05-18 09:26:35,763.1,318338
2021-05-18 09:26:36,763.1,318338
2021-05-18 09:26:37,763.1,318369
2021-05-18 09:26:38,763.5,319072
2021-05-18 09:26:39,763.5,319072
2021-05-18 09:26:40,763.2,319185
2021-05-18 09:26:41,763.0,321802
2021-05-18 09:26:42,763.05,322242
2021-05-18 09:26:43,763.55,322895
2021-05-18 09:26:44,763.45,322902
2021-05-18 09:26:45,763.45,323025
2021-05-18 09:26:46,763.7,323084
2021-05-18 09:26:47,763.45,323199
2021-05-18 09:26:48,763.3,323447
2021-05-18 09:26:49,763.45,323459
2021-05-18 09:26:50,763.3,323659
2021-05-18 09:26:51,763.5,323921
2021-05-18 09:26:52,763.3,323952
2021-05-18 09:26:53,763.3,323952
2021-05-18 09:26:54,763.55,324029
2021-05-18 09:26:55,764.3,328120
2021-05-18 09:26:57,763.9,328590
2021-05-18 09:26:58,763.85,328801
2021-05-18 09:26:59,764.05,328885
2021-05-18 09:27:00,763.65,332848
2021-05-18 09:27:01,763.4,333480
2021-05-18 09:27:02,763.4,333544
2021-05-18 09:27:03,763.4,333550
2021-05-18 09:27:04,763.0,335198
2021-05-18 09:27:07,762.65,335667
2021-05-18 09:27:08,762.75,336503
2021-05-18 09:27:09,761.95,337359
2021-05-18 09:27:10,762.45,337597
2021-05-18 09:27:11,762.6,337697
2021-05-18 09:27:12,762.65,338169
2021-05-18 09:27:13,762.35,338229
2021-05-18 09:27:14,762.65,338890
2021-05-18 09:27:15,762.4,338899
2021-05-18 09:27:16,762.7,340461
2021-05-18 09:27:17,762.7,340461
2021-05-18 09:27:18,763.45,340508
2021-05-18 09:27:19,762.9,340650
2021-05-18 09:27:20,762.9,340650
2021-05-18 09:27:21,763.0,340812
2021-05-18 09:27:22,762.75,340884
2021-05-18 09:27:23,763.2,340951
2021-05-18 09:27:24,763.2,341003
2021-05-18 09:27:25,763.2,341003
2021-05-18 09:27:26,763.1,341352
2021-05-18 09:27:27,762.7,341757
2021-05-18 09:27:28,762.6,342007
2021-05-18 09:27:29,762.6,342007
2021-05-18 09:27:32,763.0,342032
2021-05-18 09:27:33,762.95,342084
2021-05-18 09:27:34,762.95,342183
2021-05-18 09:27:35,762.95,342183
2021-05-18 09:27:36,763.05,342509
2021-05-18 09:27:37,763.35,342547
2021-05-18 09:27:38,763.35,342547
2021-05-18 09:27:39,763.35,342647
2021-05-18 09:27:40,763.35,342687
2021-05-18 09:27:41,763.45,342691
2021-05-18 09:27:42,763.5,342756
2021-05-18 09:27:43,762.7,344281
2021-05-18 09:27:44,763.0,344628
2021-05-18 09:27:45,763.0,345528
2021-05-18 09:27:46,763.0,345543
2021-05-18 09:27:47,763.0,345564
2021-05-18 09:27:48,763.0,345874
2021-05-18 09:27:49,763.0,345920
2021-05-18 09:27:50,762.7,346080
2021-05-18 09:27:51,762.7,346085
2021-05-18 09:27:52,762.7,346085
2021-05-18 09:27:53,763.0,347025
2021-05-18 09:27:54,763.0,347624
2021-05-18 09:27:55,762.8,347968
2021-05-18 09:27:56,763.0,348769
2021-05-18 09:27:57,763.0,349803
2021-05-18 09:27:58,763.45,351426
2021-05-18 09:27:59,764.2,353774
2021-05-18 09:28:00,763.5,353874
2021-05-18 09:28:01,764.05,354284
2021-05-18 09:28:02,764.2,354736
2021-05-18 09:28:03,764.2,354756
2021-05-18 09:28:04,764.4,354876
2021-05-18 09:28:05,764.6,355604
2021-05-18 09:28:06,764.4,355659
2021-05-18 09:28:07,764.6,355866
2021-05-18 09:28:08,764.6,355954
2021-05-18 09:28:09,764.6,356171
2021-05-18 09:28:11,764.3,357331
2021-05-18 09:28:12,764.6,357451
2021-05-18 09:28:13,764.0,357652
2021-05-18 09:28:14,764.0,357652
2021-05-18 09:28:15,764.0,357652
2021-05-18 09:28:16,764.0,357657
2021-05-18 09:28:17,763.85,359038
2021-05-18 09:28:18,764.35,359429
2021-05-18 09:28:19,764.35,359429
2021-05-18 09:28:20,764.35,359449
2021-05-18 09:28:21,763.85,360033
2021-05-18 09:28:23,763.45,360262
2021-05-18 09:28:22,763.45,360262
2021-05-18 09:28:24,763.75,360268
2021-05-18 09:28:25,763.75,360368
2021-05-18 09:28:26,763.75,360368
2021-05-18 09:28:27,763.4,360468
2021-05-18 09:28:28,763.95,360778
2021-05-18 09:28:29,764.0,360784
2021-05-18 09:28:30,763.35,361744
2021-05-18 09:28:31,763.6,361754
2021-05-18 09:28:32,763.6,363359
2021-05-18 09:28:33,763.85,363726
2021-05-18 09:28:34,763.6,363736
2021-05-18 09:28:36,763.6,363736
2021-05-18 09:28:36,763.6,363736
2021-05-18 09:28:38,763.6,363742
2021-05-18 09:28:39,763.6,363765
2021-05-18 09:28:40,763.6,363775
2021-05-18 09:28:41,763.4,363836
2021-05-18 09:28:42,763.6,363878
2021-05-18 09:28:43,763.7,363965
2021-05-18 09:28:48,763.6,365669
2021-05-18 09:28:49,763.7,365674
2021-05-18 09:28:50,763.7,365674
2021-05-18 09:28:51,763.9,366853
2021-05-18 09:28:52,764.05,367122
2021-05-18 09:28:53,764.3,367172
2021-05-18 09:28:56,764.0,367444
2021-05-18 09:28:57,763.85,367481
2021-05-18 09:28:58,763.85,367505
2021-05-18 09:28:59,763.85,367505
2021-05-18 09:29:00,763.85,367534
2021-05-18 09:29:01,763.8,367633
2021-05-18 09:29:03,763.8,367633
2021-05-18 09:29:04,764.0,367723
2021-05-18 09:29:05,764.0,367723
2021-05-18 09:29:06,764.0,367883
2021-05-18 09:29:06,764.0,367883
2021-05-18 09:29:07,764.0,368083
2021-05-18 09:29:08,763.7,368308
2021-05-18 09:29:10,763.7,368358
2021-05-18 09:29:11,764.0,368658
2021-05-18 09:29:14,764.0,368760
2021-05-18 09:29:15,764.0,368890
2021-05-18 09:29:16,764.0,368905
2021-05-18 09:29:17,763.7,368915
2021-05-18 09:29:17,763.7,368915
2021-05-18 09:29:18,763.95,369132
2021-05-18 09:29:19,763.55,369192
2021-05-18 09:29:21,763.6,369243
2021-05-18 09:29:23,763.2,369318
2021-05-18 09:29:24,763.6,369330
2021-05-18 09:29:24,763.1,369332
2021-05-18 09:29:25,763.1,369382
2021-05-18 09:29:26,763.1,369382
2021-05-18 09:29:27,763.55,369487
2021-05-18 09:29:28,763.6,369694
2021-05-18 09:29:30,763.15,369934
2021-05-18 09:29:31,763.15,369934
2021-05-18 09:29:32,763.15,369953
2021-05-18 09:29:33,763.15,369953
2021-05-18 09:29:34,763.15,369953
2021-05-18 09:29:35,763.1,369957
2021-05-18 09:29:36,763.15,370167
2021-05-18 09:29:37,763.15,370667
2021-05-18 09:29:38,763.0,370773
2021-05-18 09:29:39,763.0,371126
2021-05-18 09:29:41,763.0,371126
2021-05-18 09:29:41,763.0,371126
2021-05-18 09:29:42,763.05,371127
2021-05-18 09:29:43,762.85,371389
2021-05-18 09:29:44,762.85,371704
2021-05-18 09:29:45,762.85,371754
2021-05-18 09:29:46,763.05,371829
2021-05-18 09:29:47,762.85,371919
2021-05-18 09:29:49,763.0,372035
2021-05-18 09:29:51,763.0,372176
2021-05-18 09:29:52,763.0,372176
2021-05-18 09:29:55,762.85,372231
2021-05-18 09:29:57,763.0,372461
2021-05-18 09:29:59,763.0,372471
2021-05-18 09:30:00,763.0,372471
2021-05-18 09:30:00,763.0,372471
2021-05-18 09:30:01,762.85,372921
2021-05-18 09:30:02,763.0,372941
2021-05-18 09:30:03,763.0,372957
2021-05-18 09:30:04,763.0,372960
2021-05-18 09:30:05,763.0,372970
2021-05-18 09:30:06,763.1,375740
2021-05-18 09:30:07,762.95,375975
2021-05-18 09:30:08,762.85,376143
2021-05-18 09:30:09,762.5,377195
2021-05-18 09:30:10,762.55,377459
2021-05-18 09:30:11,762.55,377459
2021-05-18 09:30:13,762.55,377459
2021-05-18 09:30:14,762.5,377465
2021-05-18 09:30:15,762.05,377475
2021-05-18 09:30:16,762.5,377476
2021-05-18 09:30:17,762.5,377477
2021-05-18 09:30:18,762.5,377490
2021-05-18 09:30:19,762.5,377499
2021-05-18 09:30:19,762.05,377539
2021-05-18 09:30:20,762.05,377539
2021-05-18 09:30:22,762.45,377574
2021-05-18 09:30:23,762.45,377574
2021-05-18 09:30:24,762.05,377575
2021-05-18 09:30:25,762.5,378625
2021-05-18 09:30:26,762.55,378849
2021-05-18 09:30:27,762.15,378929
2021-05-18 09:30:28,761.9,379486
2021-05-18 09:30:29,761.2,379801
2021-05-18 09:30:30,761.2,379801
2021-05-18 09:30:31,761.45,379856
2021-05-18 09:30:32,761.05,380629
2021-05-18 09:30:33,761.05,380631
2021-05-18 09:30:35,761.05,381153
2021-05-18 09:30:36,761.05,381216
2021-05-18 09:30:37,761.35,381353
2021-05-18 09:30:37,761.35,381353
2021-05-18 09:30:38,761.05,381403
2021-05-18 09:30:39,761.35,381985
2021-05-18 09:30:40,761.45,382181
2021-05-18 09:30:41,761.85,382201
2021-05-18 09:30:42,761.5,382221
2021-05-18 09:30:43,761.35,382461
2021-05-18 09:30:44,761.35,382461
2021-05-18 09:30:45,761.3,382811
2021-05-18 09:30:47,761.05,383034
2021-05-18 09:30:49,761.0,383053
2021-05-18 09:30:49,761.0,383134
2021-05-18 09:30:50,761.45,383164
2021-05-18 09:30:51,761.1,383214
2021-05-18 09:30:52,761.1,383214
2021-05-18 09:30:54,761.25,383321
2021-05-18 09:30:55,761.25,383321
2021-05-18 09:30:56,761.15,383453
2021-05-18 09:30:57,761.15,383453
2021-05-18 09:30:58,761.15,383503
2021-05-18 09:30:59,761.3,383509
2021-05-18 09:30:59,761.3,383509
2021-05-18 09:31:00,761.4,383712
2021-05-18 09:31:01,761.05,384065
2021-05-18 09:31:02,761.05,384065
2021-05-18 09:31:03,761.05,384065
2021-05-18 09:31:04,761.25,384090
2021-05-18 09:31:06,760.5,386681
2021-05-18 09:31:07,760.5,386681
2021-05-18 09:31:08,760.55,386691
2021-05-18 09:31:08,760.55,386691
2021-05-18 09:31:09,760.45,387348
2021-05-18 09:31:10,760.0,387378
2021-05-18 09:31:11,760.0,387428
2021-05-18 09:31:12,760.0,387428
2021-05-18 09:31:13,760.1,387468
2021-05-18 09:31:14,760.45,387568
2021-05-18 09:31:15,760.45,387793
2021-05-18 09:31:16,760.45,387793
2021-05-18 09:31:17,760.45,387906
2021-05-18 09:31:19,761.0,391276
2021-05-18 09:31:20,761.0,391276
2021-05-18 09:31:21,761.0,391276
2021-05-18 09:31:22,761.25,391356
2021-05-18 09:31:22,761.25,391356
2021-05-18 09:31:23,760.9,391732
2021-05-18 09:31:24,760.9,391732
2021-05-18 09:31:25,761.7,393732
2021-05-18 09:31:26,761.75,394118
2021-05-18 09:31:27,761.3,394119
2021-05-18 09:31:28,761.3,394139
2021-05-18 09:31:29,761.85,394539
2021-05-18 09:31:30,761.85,394539
2021-05-18 09:31:32,761.9,394594
2021-05-18 09:31:34,761.5,394596
2021-05-18 09:31:35,762.4,394737
2021-05-18 09:31:37,762.55,395094
2021-05-18 09:31:39,762.55,395094
2021-05-18 09:31:40,762.1,395096
2021-05-18 09:31:42,762.45,395206
2021-05-18 09:31:44,761.9,395865
2021-05-18 09:31:45,762.0,395866
2021-05-18 09:31:46,762.0,395918
2021-05-18 09:31:47,762.0,395918
2021-05-18 09:31:48,761.9,396983
2021-05-18 09:31:49,761.95,397023
2021-05-18 09:31:49,761.95,397063
2021-05-18 09:31:50,761.95,397073
2021-05-18 09:31:51,761.95,397123
2021-05-18 09:31:52,761.55,397152
2021-05-18 09:31:53,761.95,397252
2021-05-18 09:31:54,761.95,397394
2021-05-18 09:31:55,761.65,397405
2021-05-18 09:31:56,761.65,397455
2021-05-18 09:31:57,761.9,398166
2021-05-18 09:31:59,761.9,398166
2021-05-18 09:32:00,761.95,398595
2021-05-18 09:32:01,762.05,399749
2021-05-18 09:32:02,762.05,399749
2021-05-18 09:32:03,761.9,399751
2021-05-18 09:32:04,761.9,399752
2021-05-18 09:32:04,761.9,399753
2021-05-18 09:32:05,762.05,400869
2021-05-18 09:32:07,762.05,400909
2021-05-18 09:32:08,762.05,400910
2021-05-18 09:32:09,762.05,400960
2021-05-18 09:32:10,762.2,400990
2021-05-18 09:32:11,762.2,401043
2021-05-18 09:32:13,762.2,401743
2021-05-18 09:32:13,762.2,401743
2021-05-18 09:32:14,762.0,401986
2021-05-18 09:32:15,762.3,402261
2021-05-18 09:32:16,761.6,402831
2021-05-18 09:32:17,761.45,403046
2021-05-18 09:32:19,761.85,403067
2021-05-18 09:32:20,761.85,403068
2021-05-18 09:32:20,761.4,403339
2021-05-18 09:32:22,761.35,403506
2021-05-18 09:32:24,761.25,403863
2021-05-18 09:32:25,761.25,403863
2021-05-18 09:32:25,761.25,403863
2021-05-18 09:32:26,761.5,404123
2021-05-18 09:32:27,761.1,404124
2021-05-18 09:32:28,761.45,404137
2021-05-18 09:32:29,761.05,404207
2021-05-18 09:32:30,761.4,404229
2021-05-18 09:32:31,761.35,404237
2021-05-18 09:32:32,761.05,404364
2021-05-18 09:32:34,761.0,404644
2021-05-18 09:32:35,760.6,404711
2021-05-18 09:32:35,760.9,404739
2021-05-18 09:32:37,760.9,404800
2021-05-18 09:32:38,760.95,404817
2021-05-18 09:32:39,761.0,404837
2021-05-18 09:32:40,761.0,404837
2021-05-18 09:32:41,761.0,404837
2021-05-18 09:32:42,760.9,404839
2021-05-18 09:32:43,761.1,404843
2021-05-18 09:32:44,761.0,404845
2021-05-18 09:32:45,761.0,404845
2021-05-18 09:32:47,760.9,404847
2021-05-18 09:32:46,761.0,404846
2021-05-18 09:32:48,761.0,404958
2021-05-18 09:32:49,760.9,405029
2021-05-18 09:32:50,760.9,405054
2021-05-18 09:32:52,760.75,405085
2021-05-18 09:32:53,760.7,405087
2021-05-18 09:32:53,760.65,405187
2021-05-18 09:32:54,760.9,405227
2021-05-18 09:32:55,760.9,405236
2021-05-18 09:32:56,760.9,405247
2021-05-18 09:32:57,760.7,405248
2021-05-18 09:32:58,760.55,405706
2021-05-18 09:33:00,760.55,405706
2021-05-18 09:33:00,760.55,405706
2021-05-18 09:33:01,760.85,405824
2021-05-18 09:33:02,760.6,405857
2021-05-18 09:33:04,760.6,405858
2021-05-18 09:33:04,760.6,405858
2021-05-18 09:33:05,760.75,405867
2021-05-18 09:33:06,760.75,405867
2021-05-18 09:33:07,760.75,405868
2021-05-18 09:33:09,760.65,406317
2021-05-18 09:33:09,760.75,406327
2021-05-18 09:33:11,761.0,408221
2021-05-18 09:33:12,761.0,408221
2021-05-18 09:33:13,760.75,408223
2021-05-18 09:33:14,760.75,408223
2021-05-18 09:33:15,761.0,408270
2021-05-18 09:33:15,761.0,408270
2021-05-18 09:33:16,761.0,408270
2021-05-18 09:33:17,760.75,408271
2021-05-18 09:33:18,760.75,408271
2021-05-18 09:33:19,760.75,408271
2021-05-18 09:33:22,761.0,408298
2021-05-18 09:33:23,760.75,408300
2021-05-18 09:33:24,761.0,408328
2021-05-18 09:33:25,761.0,408328
2021-05-18 09:33:26,761.0,408335
2021-05-18 09:33:27,761.0,408335
2021-05-18 09:33:28,760.8,408336
2021-05-18 09:33:29,760.8,408336
2021-05-18 09:33:30,760.8,408336
2021-05-18 09:33:30,760.8,408336
2021-05-18 09:33:31,760.9,408341
2021-05-18 09:33:32,760.8,408343
2021-05-18 09:33:33,760.6,408703
2021-05-18 09:33:34,760.75,408884
2021-05-18 09:33:36,760.75,408894
2021-05-18 09:33:37,760.45,409258
2021-05-18 09:33:38,760.35,409711
2021-05-18 09:33:39,760.35,409711
2021-05-18 09:33:39,760.35,409711
2021-05-18 09:33:40,760.35,409721
2021-05-18 09:33:41,760.65,409751
2021-05-18 09:33:42,760.35,409753
2021-05-18 09:33:43,760.55,409916
2021-05-18 09:33:45,760.55,409979
2021-05-18 09:33:45,760.55,409979
2021-05-18 09:33:46,760.65,410004
2021-05-18 09:33:48,760.4,410005
2021-05-18 09:33:49,760.4,410005
2021-05-18 09:33:50,760.4,410005
2021-05-18 09:33:51,760.35,410007
2021-05-18 09:33:52,760.4,410057
2021-05-18 09:33:53,760.35,410211
2021-05-18 09:33:54,760.0,414788
2021-05-18 09:33:54,760.0,414788
2021-05-18 09:33:56,759.85,414969
2021-05-18 09:33:57,760.0,415089
2021-05-18 09:33:58,759.6,415090
2021-05-18 09:33:59,760.0,415135
2021-05-18 09:33:59,759.6,415142
2021-05-18 09:34:00,759.6,415149
2021-05-18 09:34:02,759.4,419980
2021-05-18 09:34:04,759.05,420082
2021-05-18 09:34:05,759.35,420562
2021-05-18 09:34:06,759.0,420943
2021-05-18 09:34:07,759.35,421209
2021-05-18 09:34:08,759.0,421210
2021-05-18 09:34:09,759.0,421212
2021-05-18 09:34:10,759.0,421213
2021-05-18 09:34:11,759.0,421528
2021-05-18 09:34:12,759.0,422238
2021-05-18 09:34:13,758.65,422240
2021-05-18 09:34:14,758.65,422240
2021-05-18 09:34:15,759.05,422508
2021-05-18 09:34:16,759.0,422563
2021-05-18 09:34:17,758.7,422595
2021-05-18 09:34:18,759.0,422598
2021-05-18 09:34:19,759.05,422602
2021-05-18 09:34:19,759.05,422602
2021-05-18 09:34:20,759.05,423657
2021-05-18 09:34:21,759.05,423992
2021-05-18 09:34:24,758.75,424076
2021-05-18 09:34:24,759.05,424081
2021-05-18 09:34:26,759.05,424081
2021-05-18 09:34:28,758.8,424203
2021-05-18 09:34:30,759.0,424253
2021-05-18 09:34:31,759.0,424253
2021-05-18 09:34:34,758.9,424269
2021-05-18 09:34:35,758.85,424493
2021-05-18 09:34:36,758.4,424787
2021-05-18 09:34:36,758.8,425037
2021-05-18 09:34:37,758.35,425038
2021-05-18 09:34:38,758.7,425040
2021-05-18 09:34:39,758.8,425140
2021-05-18 09:34:40,758.8,425140
2021-05-18 09:34:42,758.9,425174
2021-05-18 09:34:43,758.35,425677
2021-05-18 09:34:44,758.8,425777
2021-05-18 09:34:45,758.55,425961
2021-05-18 09:34:45,758.5,425963
2021-05-18 09:34:46,758.8,426000
2021-05-18 09:34:48,758.8,426002
2021-05-18 09:34:49,758.8,426015
2021-05-18 09:34:50,759.45,427243
2021-05-18 09:34:51,759.1,427293
2021-05-18 09:34:52,759.1,427298
2021-05-18 09:34:53,759.5,428036
2021-05-18 09:34:54,758.95,432323
2021-05-18 09:34:55,758.95,432376
2021-05-18 09:34:56,758.95,432429
2021-05-18 09:34:56,758.65,432439
2021-05-18 09:34:57,758.8,432859
2021-05-18 09:34:59,758.95,433097
2021-05-18 09:35:00,758.95,433320
2021-05-18 09:35:02,758.55,433646
2021-05-18 09:35:03,758.55,433659
2021-05-18 09:35:04,758.55,433659
2021-05-18 09:35:07,758.9,434912
2021-05-18 09:35:08,758.55,434913
2021-05-18 09:35:09,758.55,434934
2021-05-18 09:35:10,758.9,435134
2021-05-18 09:35:11,758.9,435154
2021-05-18 09:35:12,758.65,435186
2021-05-18 09:35:13,758.8,436108
2021-05-18 09:35:14,758.8,436108
2021-05-18 09:35:15,758.8,436108
2021-05-18 09:35:16,759.0,436477
2021-05-18 09:35:17,759.0,436477
2021-05-18 09:35:18,759.4,436581
2021-05-18 09:35:19,759.4,436581
2021-05-18 09:35:19,759.4,436581
2021-05-18 09:35:20,759.4,436581
2021-05-18 09:35:22,759.0,436601
2021-05-18 09:35:23,759.0,436632
2021-05-18 09:35:24,759.0,436702
2021-05-18 09:35:25,759.45,436772
2021-05-18 09:35:26,759.25,437158
2021-05-18 09:35:27,759.0,437162
2021-05-18 09:35:28,759.0,437163
2021-05-18 09:35:30,759.3,437193
2021-05-18 09:35:31,758.7,437466
2021-05-18 09:35:32,759.0,437471
2021-05-18 09:35:32,758.7,437474
2021-05-18 09:35:35,758.6,437576
2021-05-18 09:35:36,758.6,437576
2021-05-18 09:35:37,758.6,437576
2021-05-18 09:35:38,758.4,437577
2021-05-18 09:35:39,758.55,437578
2021-05-18 09:35:40,758.55,437582
2021-05-18 09:35:41,758.75,438082
2021-05-18 09:35:42,758.4,438679
2021-05-18 09:35:43,758.35,438789
2021-05-18 09:35:45,758.5,438986
2021-05-18 09:35:46,758.5,439001
2021-05-18 09:35:47,758.4,439036
2021-05-18 09:35:48,758.35,439047
2021-05-18 09:35:49,758.35,439047
2021-05-18 09:35:50,758.35,439047
2021-05-18 09:35:51,758.5,439052
2021-05-18 09:35:52,758.5,439162
2021-05-18 09:35:53,758.35,439164
2021-05-18 09:35:54,758.5,440354
2021-05-18 09:35:55,758.15,440397
2021-05-18 09:35:56,758.15,440397
2021-05-18 09:35:57,758.1,440484
2021-05-18 09:35:58,758.15,440510
2021-05-18 09:35:59,758.15,440510
2021-05-18 09:36:00,758.15,440510
2021-05-18 09:36:01,758.35,440514
2021-05-18 09:36:02,758.35,440514
2021-05-18 09:36:03,758.15,440516
2021-05-18 09:36:04,758.45,440518
2021-05-18 09:36:05,758.45,440518
2021-05-18 09:36:06,758.25,442345
2021-05-18 09:36:07,758.25,442345
2021-05-18 09:36:08,758.3,443051
2021-05-18 09:36:09,758.3,443051
2021-05-18 09:36:10,758.45,443076
2021-05-18 09:36:11,758.2,443086
2021-05-18 09:36:13,758.3,443302
2021-05-18 09:36:14,758.45,443342
2021-05-18 09:36:15,758.45,443342
2021-05-18 09:36:16,758.2,452271
2021-05-18 09:36:17,758.2,452271
2021-05-18 09:36:18,758.15,452282
2021-05-18 09:36:20,758.3,452951
2021-05-18 09:36:21,758.3,452951
2021-05-18 09:36:21,758.3,452951
2021-05-18 09:36:22,758.15,452994
2021-05-18 09:36:24,758.1,453781
2021-05-18 09:36:25,758.65,454450
2021-05-18 09:36:26,758.2,454477
2021-05-18 09:36:27,758.2,454477
2021-05-18 09:36:28,758.15,454528
2021-05-18 09:36:29,758.15,454543
2021-05-18 09:36:30,758.15,454543
2021-05-18 09:36:31,758.4,454546
2021-05-18 09:36:32,758.65,455546
2021-05-18 09:36:33,758.5,455548
2021-05-18 09:36:34,758.5,455548
2021-05-18 09:36:35,758.5,455548
2021-05-18 09:36:36,758.55,455550
2021-05-18 09:36:37,759.0,455764
2021-05-18 09:36:38,759.05,455765
2021-05-18 09:36:39,759.05,455767
2021-05-18 09:36:40,759.5,455992
2021-05-18 09:36:41,759.65,456072
2021-05-18 09:36:42,759.55,456183
2021-05-18 09:36:42,759.55,456183
2021-05-18 09:36:44,759.7,456744
2021-05-18 09:36:45,759.65,456809
2021-05-18 09:36:46,759.65,456809
2021-05-18 09:36:47,759.2,456999
2021-05-18 09:36:48,759.2,456999
2021-05-18 09:36:49,759.2,457100
2021-05-18 09:36:50,758.9,457110
2021-05-18 09:36:51,759.2,457111
2021-05-18 09:36:52,759.2,457356
2021-05-18 09:36:53,759.2,457409
2021-05-18 09:36:54,759.55,457419
2021-05-18 09:36:55,759.15,457460
2021-05-18 09:36:56,759.45,457960
2021-05-18 09:36:57,759.45,457980
2021-05-18 09:36:59,759.1,458264
2021-05-18 09:37:00,759.0,458289
2021-05-18 09:37:02,759.1,458305
2021-05-18 09:37:04,758.8,459010
2021-05-18 09:37:05,758.8,459010
2021-05-18 09:37:06,758.8,459010
2021-05-18 09:37:07,759.0,459023
2021-05-18 09:37:08,759.0,459023
2021-05-18 09:37:09,759.1,459557
2021-05-18 09:37:10,759.0,459607
2021-05-18 09:37:11,758.95,459724
2021-05-18 09:37:12,758.95,459724
2021-05-18 09:37:13,758.95,459927
2021-05-18 09:37:14,758.65,460091
2021-05-18 09:37:15,758.65,460091
2021-05-18 09:37:16,758.4,460522
2021-05-18 09:37:17,758.4,460522
2021-05-18 09:37:18,758.25,460523
2021-05-18 09:37:19,758.25,460523
2021-05-18 09:37:20,758.15,462984
2021-05-18 09:37:21,758.15,463019
2021-05-18 09:37:22,757.8,463119
2021-05-18 09:37:23,758.15,463183
2021-05-18 09:37:24,758.15,463233
2021-05-18 09:37:25,758.15,463308
2021-05-18 09:37:26,758.0,463328
2021-05-18 09:37:27,757.65,463417
2021-05-18 09:37:28,757.95,463520
2021-05-18 09:37:29,757.8,463623
2021-05-18 09:37:30,757.45,463707
2021-05-18 09:37:31,757.4,463726
2021-05-18 09:37:32,757.2,463842
2021-05-18 09:37:33,757.3,463846
2021-05-18 09:37:34,757.4,464101
2021-05-18 09:37:35,757.4,464133
2021-05-18 09:37:36,757.35,464254
2021-05-18 09:37:37,757.4,464343
2021-05-18 09:37:38,757.2,464354
2021-05-18 09:37:39,757.2,464354
2021-05-18 09:37:40,757.0,465896
2021-05-18 09:37:41,756.95,466147
2021-05-18 09:37:42,757.0,466739
2021-05-18 09:37:43,756.7,466747
2021-05-18 09:37:44,757.0,466799
2021-05-18 09:37:46,757.0,466934
2021-05-18 09:37:47,756.55,467259
2021-05-18 09:37:48,756.9,467266
2021-05-18 09:37:49,756.9,467516
2021-05-18 09:37:51,756.6,467531
2021-05-18 09:37:50,756.6,467531
2021-05-18 09:37:53,756.65,467802
2021-05-18 09:37:54,756.65,467811
2021-05-18 09:37:55,756.9,467888
2021-05-18 09:38:00,756.65,469523
2021-05-18 09:38:01,756.65,469523
2021-05-18 09:38:02,756.6,470993
2021-05-18 09:38:03,756.55,471106
2021-05-18 09:38:04,756.55,471106
2021-05-18 09:38:05,756.85,471144
2021-05-18 09:38:06,756.55,474155
2021-05-18 09:38:09,756.05,475816
2021-05-18 09:38:10,756.5,476609
2021-05-18 09:38:11,756.5,476802
2021-05-18 09:38:14,756.6,477421
2021-05-18 09:38:15,756.6,477421
2021-05-18 09:38:16,756.6,477421
2021-05-18 09:38:17,757.0,477475
2021-05-18 09:38:18,757.05,477726
2021-05-18 09:38:19,756.75,477751
2021-05-18 09:38:20,756.75,478406
2021-05-18 09:38:21,756.75,478406
2021-05-18 09:38:22,756.75,478406
2021-05-18 09:38:23,757.05,478446
2021-05-18 09:38:24,757.05,478540
2021-05-18 09:38:25,757.1,478616
2021-05-18 09:38:26,757.45,478618
2021-05-18 09:38:27,757.4,478641
2021-05-18 09:38:28,757.1,478645
2021-05-18 09:38:30,757.4,478655
2021-05-18 09:38:31,757.4,478655
2021-05-18 09:38:34,757.4,478914
2021-05-18 09:38:35,757.4,479014
2021-05-18 09:38:36,757.4,479095
2021-05-18 09:38:37,757.4,479095
2021-05-18 09:38:39,757.5,479673
2021-05-18 09:38:40,757.3,479683
2021-05-18 09:38:41,757.65,479684
2021-05-18 09:38:42,757.35,479699
2021-05-18 09:38:43,757.5,479700
2021-05-18 09:38:44,757.5,479700
2021-05-18 09:38:45,757.8,479732
2021-05-18 09:38:46,758.0,480086
2021-05-18 09:38:47,758.5,480236
2021-05-18 09:38:48,758.35,480393
2021-05-18 09:38:49,758.15,480607
2021-05-18 09:38:50,758.1,480795
2021-05-18 09:38:52,757.95,480835
2021-05-18 09:38:53,758.3,480853
2021-05-18 09:38:54,757.9,480856
2021-05-18 09:38:55,758.2,480881
2021-05-18 09:38:56,758.2,480886
2021-05-18 09:38:57,758.0,480888
2021-05-18 09:38:58,758.0,480889
2021-05-18 09:38:59,758.0,480889
2021-05-18 09:39:00,758.2,481315
2021-05-18 09:39:02,758.05,481949
2021-05-18 09:39:04,757.55,481953
2021-05-18 09:39:03,757.55,481953
2021-05-18 09:39:05,757.55,481983
2021-05-18 09:39:06,757.8,481989
2021-05-18 09:39:07,757.8,482004
2021-05-18 09:39:08,757.55,482005
2021-05-18 09:39:09,757.8,482020
2021-05-18 09:39:10,757.55,482028
2021-05-18 09:39:11,757.55,482048
2021-05-18 09:39:12,757.55,482050
2021-05-18 09:39:13,757.8,482550
2021-05-18 09:39:14,757.8,482550
2021-05-18 09:39:15,757.8,482554
2021-05-18 09:39:16,757.55,482557
2021-05-18 09:39:17,757.55,482557
2021-05-18 09:39:18,757.35,484266
2021-05-18 09:39:19,757.25,484422
2021-05-18 09:39:20,757.35,485206
2021-05-18 09:39:21,757.35,485216
2021-05-18 09:39:24,757.0,485734
2021-05-18 09:39:26,757.35,485965
2021-05-18 09:39:27,757.35,485965
2021-05-18 09:39:28,757.0,485966
2021-05-18 09:39:29,757.0,485966
2021-05-18 09:39:31,757.1,486370
2021-05-18 09:39:32,757.35,486372
2021-05-18 09:39:32,757.1,486385
2021-05-18 09:39:34,757.45,486666
2021-05-18 09:39:35,757.1,486667
2021-05-18 09:39:36,757.1,486693
2021-05-18 09:39:37,757.15,487245
2021-05-18 09:39:38,757.05,487321
2021-05-18 09:39:39,757.05,487321
2021-05-18 09:39:40,757.5,487430
2021-05-18 09:39:42,757.0,487716
2021-05-18 09:39:42,757.1,487746
2021-05-18 09:39:43,757.2,487749
2021-05-18 09:39:44,757.2,487749
2021-05-18 09:39:45,757.5,487752
2021-05-18 09:39:46,757.5,487850
2021-05-18 09:39:47,757.5,487850
2021-05-18 09:39:48,757.2,487851
2021-05-18 09:39:49,757.5,488001
2021-05-18 09:39:50,757.5,488001
2021-05-18 09:39:51,757.35,489036
2021-05-18 09:39:52,757.1,489066
2021-05-18 09:39:54,757.25,489076
2021-05-18 09:39:54,757.1,489104
2021-05-18 09:39:55,757.1,489104
2021-05-18 09:39:56,757.1,489104
2021-05-18 09:39:57,757.1,489104
2021-05-18 09:39:58,757.2,489143
2021-05-18 09:39:59,757.1,489295
2021-05-18 09:40:00,757.1,489295
2021-05-18 09:40:01,757.2,489375
2021-05-18 09:40:02,757.2,489375
2021-05-18 09:40:03,757.1,489377
2021-05-18 09:40:04,757.2,489388
2021-05-18 09:40:05,757.0,490062
2021-05-18 09:40:06,757.0,492621
2021-05-18 09:40:07,756.95,492860
2021-05-18 09:40:08,756.65,492876
2021-05-18 09:40:09,756.65,492876
2021-05-18 09:40:10,756.65,492876
2021-05-18 09:40:11,756.6,493028
2021-05-18 09:40:12,756.55,494032
2021-05-18 09:40:13,756.95,494062
2021-05-18 09:40:14,756.95,494062
2021-05-18 09:40:15,756.95,494062
2021-05-18 09:40:16,756.55,494172
2021-05-18 09:40:17,756.55,494323
2021-05-18 09:40:18,756.8,494353
2021-05-18 09:40:20,756.55,495156
2021-05-18 09:40:20,756.55,495156
2021-05-18 09:40:21,756.55,495156
2021-05-18 09:40:22,756.4,496674
2021-05-18 09:40:23,756.4,496689
2021-05-18 09:40:25,756.2,497747
2021-05-18 09:40:25,756.2,497752
2021-05-18 09:40:27,756.2,497753
2021-05-18 09:40:28,756.4,497756
2021-05-18 09:40:29,756.35,498020
2021-05-18 09:40:30,756.35,498020
2021-05-18 09:40:31,756.3,498028
2021-05-18 09:40:32,756.15,498031
2021-05-18 09:40:33,756.25,498082
2021-05-18 09:40:34,756.25,498387
2021-05-18 09:40:35,756.25,499838
2021-05-18 09:40:36,756.25,500022
2021-05-18 09:40:37,756.2,500023
2021-05-18 09:40:38,756.25,500133
2021-05-18 09:40:40,756.25,500369
2021-05-18 09:40:41,756.2,500374
2021-05-18 09:40:43,756.2,500396
2021-05-18 09:40:44,756.2,500396
2021-05-18 09:40:44,756.2,500396
2021-05-18 09:40:45,756.2,500446
2021-05-18 09:40:46,756.5,500647
2021-05-18 09:40:47,756.5,502169
2021-05-18 09:40:48,756.3,502220
2021-05-18 09:40:49,756.75,502325
2021-05-18 09:40:51,756.75,502475
2021-05-18 09:40:52,756.5,502907
2021-05-18 09:40:53,757.25,503909
2021-05-18 09:40:54,756.55,503923
2021-05-18 09:40:55,756.7,503966
2021-05-18 09:40:56,756.75,503969
2021-05-18 09:40:57,756.75,503975
2021-05-18 09:40:59,757.0,503976
2021-05-18 09:41:01,757.0,504086
2021-05-18 09:41:02,756.75,504237
2021-05-18 09:41:03,756.85,504526
2021-05-18 09:41:05,756.85,504526
2021-05-18 09:41:05,756.85,504526
2021-05-18 09:41:06,756.9,504530
2021-05-18 09:41:07,756.7,505539
2021-05-18 09:41:08,756.6,505740
2021-05-18 09:41:09,756.5,505744
2021-05-18 09:41:10,756.4,506221
2021-05-18 09:41:11,756.35,506471
2021-05-18 09:41:12,756.75,506494
2021-05-18 09:41:13,756.35,506496
2021-05-18 09:41:14,756.35,506496
2021-05-18 09:41:15,756.75,506518
2021-05-18 09:41:16,756.75,506520
2021-05-18 09:41:17,756.75,506551
2021-05-18 09:41:18,756.75,506551
2021-05-18 09:41:19,756.4,506556
2021-05-18 09:41:20,756.75,507561
2021-05-18 09:41:21,756.75,508071
2021-05-18 09:41:23,756.5,508139
2021-05-18 09:41:24,756.5,508139
2021-05-18 09:41:25,756.5,508139
2021-05-18 09:41:26,756.75,508159
2021-05-18 09:41:27,756.75,508170
2021-05-18 09:41:28,756.4,508486
2021-05-18 09:41:28,756.4,508486
2021-05-18 09:41:29,756.5,508519
2021-05-18 09:41:30,756.5,508519
2021-05-18 09:41:31,756.0,511191
2021-05-18 09:41:32,756.2,512433
2021-05-18 09:41:33,755.7,512435
2021-05-18 09:41:37,756.0,512779
2021-05-18 09:41:38,756.0,512790
2021-05-18 09:41:39,756.0,512890
2021-05-18 09:41:40,756.0,512900
2021-05-18 09:41:41,755.7,512984
2021-05-18 09:41:41,755.7,512984
2021-05-18 09:41:42,756.0,513280
2021-05-18 09:41:43,756.0,513492
2021-05-18 09:41:44,756.0,513497
2021-05-18 09:41:45,756.1,514197
2021-05-18 09:41:46,756.1,514197
2021-05-18 09:41:47,756.0,514219
2021-05-18 09:41:48,755.8,514244
2021-05-18 09:41:50,756.1,514254
2021-05-18 09:41:51,755.8,514307
2021-05-18 09:41:52,756.0,514817
2021-05-18 09:41:52,756.1,514923
2021-05-18 09:41:53,755.9,514975
2021-05-18 09:41:54,756.3,514988
2021-05-18 09:41:55,756.3,514988
2021-05-18 09:41:57,756.15,515003
2021-05-18 09:41:58,755.9,515153
2021-05-18 09:41:58,755.9,515153
2021-05-18 09:41:59,756.1,515185
2021-05-18 09:42:00,756.1,515186
2021-05-18 09:42:01,755.85,515192
2021-05-18 09:42:02,755.9,515996
2021-05-18 09:42:03,755.95,517537
2021-05-18 09:42:04,755.9,517627
2021-05-18 09:42:05,755.9,517787
2021-05-18 09:42:06,755.85,517931
2021-05-18 09:42:07,755.7,518040
2021-05-18 09:42:10,755.9,518173
2021-05-18 09:42:11,755.9,518173
2021-05-18 09:42:12,755.55,519175
2021-05-18 09:42:13,755.85,519244
2021-05-18 09:42:14,755.85,519244
2021-05-18 09:42:15,755.7,519249
2021-05-18 09:42:16,755.7,519275
2021-05-18 09:42:17,755.7,519290
2021-05-18 09:42:18,755.55,519292
2021-05-18 09:42:19,755.7,519575
2021-05-18 09:42:21,755.7,519952
2021-05-18 09:42:22,755.85,520488
2021-05-18 09:42:23,755.75,522220
2021-05-18 09:42:23,755.75,522220
2021-05-18 09:42:24,755.7,522270
2021-05-18 09:42:25,755.7,522270
2021-05-18 09:42:26,755.7,522270
2021-05-18 09:42:27,755.8,522361
2021-05-18 09:42:28,756.3,522609
2021-05-18 09:42:29,756.85,523673
2021-05-18 09:42:30,756.35,524012
2021-05-18 09:42:31,756.55,524014
2021-05-18 09:42:32,756.55,524192
2021-05-18 09:42:33,756.2,524263
2021-05-18 09:42:34,756.5,524314
2021-05-18 09:42:36,756.5,524314
2021-05-18 09:42:37,756.25,524385
2021-05-18 09:42:37,756.25,524386
2021-05-18 09:42:39,756.25,524387
2021-05-18 09:42:40,756.25,524388
2021-05-18 09:42:41,756.25,524391
2021-05-18 09:42:42,756.25,524393
2021-05-18 09:42:43,756.5,524396
2021-05-18 09:42:45,756.5,524396
2021-05-18 09:42:46,756.5,524501
2021-05-18 09:42:46,756.5,524501
2021-05-18 09:42:48,756.5,524764
2021-05-18 09:42:48,756.5,524764
2021-05-18 09:42:49,756.5,525827
2021-05-18 09:42:50,756.5,525878
2021-05-18 09:42:51,756.5,525885
2021-05-18 09:42:53,756.25,525920
2021-05-18 09:42:54,756.25,525920
2021-05-18 09:42:55,756.35,525930
2021-05-18 09:42:56,756.45,527424
2021-05-18 09:42:57,756.45,527427
2021-05-18 09:42:57,756.45,527642
2021-05-18 09:42:59,756.45,527653
2021-05-18 09:42:59,756.45,527653
2021-05-18 09:43:00,756.25,527849
2021-05-18 09:43:01,756.45,527864
2021-05-18 09:43:02,756.3,528419
2021-05-18 09:43:03,756.6,528438
2021-05-18 09:43:05,756.25,528505
2021-05-18 09:43:06,756.15,528531
2021-05-18 09:43:07,756.15,528531
2021-05-18 09:43:08,756.15,528532
2021-05-18 09:43:09,756.15,528851
2021-05-18 09:43:10,755.6,533352
2021-05-18 09:43:10,755.6,533352
2021-05-18 09:43:11,755.75,535431
2021-05-18 09:43:12,755.7,535531
2021-05-18 09:43:13,755.8,536388
2021-05-18 09:43:14,755.75,536409
2021-05-18 09:43:15,755.75,536459
2021-05-18 09:43:16,755.7,536947
2021-05-18 09:43:18,755.5,536948
2021-05-18 09:43:19,755.75,537014
2021-05-18 09:43:20,755.5,537064
2021-05-18 09:43:21,755.5,537064
2021-05-18 09:43:22,755.75,537164
2021-05-18 09:43:22,755.75,537164
2021-05-18 09:43:23,755.5,537177
2021-05-18 09:43:24,755.5,537177
2021-05-18 09:43:25,755.75,537277
2021-05-18 09:43:26,755.5,537287
2021-05-18 09:43:27,755.7,537303
2021-05-18 09:43:28,755.5,537304
2021-05-18 09:43:29,755.5,537404
2021-05-18 09:43:30,755.5,537425
2021-05-18 09:43:31,755.5,537425
2021-05-18 09:43:32,755.65,537429
2021-05-18 09:43:33,755.5,537481
2021-05-18 09:43:34,755.7,537482
2021-05-18 09:43:35,755.5,537707
2021-05-18 09:43:36,755.7,537927
2021-05-18 09:43:38,755.55,537928
2021-05-18 09:43:38,755.7,537978
2021-05-18 09:43:39,755.7,537978
2021-05-18 09:43:40,755.7,537983
2021-05-18 09:43:41,755.7,537983
2021-05-18 09:43:42,755.55,538038
2021-05-18 09:43:43,755.55,538038
2021-05-18 09:43:44,755.55,538038
2021-05-18 09:43:47,755.7,538138
2021-05-18 09:43:49,755.7,538319
2021-05-18 09:43:50,755.5,538656
2021-05-18 09:43:51,755.5,538656
2021-05-18 09:43:52,755.5,538660
2021-05-18 09:43:53,755.55,538664
2021-05-18 09:43:54,755.9,540254
2021-05-18 09:43:56,756.0,540393
2021-05-18 09:43:57,756.0,540420
2021-05-18 09:43:57,756.0,540420
2021-05-18 09:43:58,755.85,540552
2021-05-18 09:44:00,755.95,540570
2021-05-18 09:44:01,755.95,540879
2021-05-18 09:44:02,755.85,540899
2021-05-18 09:44:02,755.85,540899
2021-05-18 09:44:03,755.95,541000
2021-05-18 09:44:04,755.95,541000
2021-05-18 09:44:05,755.95,541010
2021-05-18 09:44:07,755.9,541056
2021-05-18 09:44:08,755.55,541207
2021-05-18 09:44:09,755.5,541208
2021-05-18 09:44:10,755.75,541218
2021-05-18 09:44:12,755.75,541221
2021-05-18 09:44:13,755.75,541244
2021-05-18 09:44:14,755.5,542753
2021-05-18 09:44:15,755.55,543124
2021-05-18 09:44:15,755.55,543124
2021-05-18 09:44:16,755.55,543150
2021-05-18 09:44:18,755.5,543151
2021-05-18 09:44:19,755.5,543151
2021-05-18 09:44:20,755.55,543451
2021-05-18 09:44:21,755.55,543451
2021-05-18 09:44:22,755.55,543451
2021-05-18 09:44:24,755.5,543583
2021-05-18 09:44:25,755.55,544370
2021-05-18 09:44:25,755.55,544370
2021-05-18 09:44:26,755.65,544378
2021-05-18 09:44:27,755.65,544379
2021-05-18 09:44:28,755.65,544389
2021-05-18 09:44:29,755.75,544410
2021-05-18 09:44:30,755.45,546637
2021-05-18 09:44:31,755.5,548141
2021-05-18 09:44:33,755.3,548143
2021-05-18 09:44:34,755.45,548363
2021-05-18 09:44:35,755.45,548363
2021-05-18 09:44:36,755.45,548393
2021-05-18 09:44:37,755.45,548397
2021-05-18 09:44:40,756.05,552030
2021-05-18 09:44:41,756.15,552770
2021-05-18 09:44:41,756.15,552770
2021-05-18 09:44:42,756.15,553266
2021-05-18 09:44:43,756.0,553268
2021-05-18 09:44:44,756.4,553288
2021-05-18 09:44:45,756.35,553498
2021-05-18 09:44:46,756.05,553506
2021-05-18 09:44:47,756.35,553529
2021-05-18 09:44:48,756.35,554199
2021-05-18 09:44:50,756.15,554332
2021-05-18 09:44:51,756.4,554419
2021-05-18 09:44:52,756.75,554420
2021-05-18 09:44:53,756.7,554472
2021-05-18 09:44:54,756.7,554472
2021-05-18 09:44:55,756.7,554722
2021-05-18 09:44:55,756.4,554734
2021-05-18 09:44:56,756.4,554750
2021-05-18 09:44:58,756.15,554850
2021-05-18 09:44:59,756.4,555851
2021-05-18 09:44:59,756.4,555851
2021-05-18 09:45:00,756.4,555851
2021-05-18 09:45:01,756.4,555851
2021-05-18 09:45:02,756.3,555853
2021-05-18 09:45:04,756.3,555853
2021-05-18 09:45:05,756.3,555853
2021-05-18 09:45:05,756.35,555958
2021-05-18 09:45:07,756.05,556009
2021-05-18 09:45:08,756.0,556019
2021-05-18 09:45:09,755.95,556053
2021-05-18 09:45:10,755.95,556053
2021-05-18 09:45:11,755.95,556070
2021-05-18 09:45:12,755.95,556070
2021-05-18 09:45:13,755.55,556770
2021-05-18 09:45:14,755.55,556770
2021-05-18 09:45:15,755.55,556820
2021-05-18 09:45:16,755.8,556907
2021-05-18 09:45:17,755.8,556907
2021-05-18 09:45:17,755.55,556908
2021-05-18 09:45:18,755.55,556908
2021-05-18 09:45:19,755.8,556918
2021-05-18 09:45:20,755.8,556919
2021-05-18 09:45:21,755.8,556919
2021-05-18 09:45:23,755.55,556921
2021-05-18 09:45:24,755.8,556934
2021-05-18 09:45:25,755.8,556936
2021-05-18 09:45:26,755.8,556936
2021-05-18 09:45:27,755.6,557136
2021-05-18 09:45:28,755.6,557137
2021-05-18 09:45:29,755.8,557147
2021-05-18 09:45:30,755.8,557167
2021-05-18 09:45:31,755.8,557167
2021-05-18 09:45:32,755.8,557203
2021-05-18 09:45:33,755.6,557206
2021-05-18 09:45:34,755.6,557206
2021-05-18 09:45:35,755.8,557211
2021-05-18 09:45:36,755.8,557366
2021-05-18 09:45:37,755.8,557366
2021-05-18 09:45:37,755.65,557367
2021-05-18 09:45:38,755.65,557389
2021-05-18 09:45:40,755.6,560639
2021-05-18 09:45:41,755.8,560640
2021-05-18 09:45:42,755.8,560640
2021-05-18 09:45:43,755.8,560752
2021-05-18 09:45:44,755.6,561160
2021-05-18 09:45:45,755.6,561160
2021-05-18 09:45:47,755.8,561287
2021-05-18 09:45:48,755.55,561288
2021-05-18 09:45:49,755.7,562648
2021-05-18 09:45:50,755.65,562653
2021-05-18 09:45:51,755.65,562759
2021-05-18 09:45:52,755.65,562759
2021-05-18 09:45:53,755.6,562761
2021-05-18 09:45:54,755.65,562816
2021-05-18 09:45:55,755.65,562831
2021-05-18 09:45:56,755.65,562831
2021-05-18 09:45:57,755.65,562931
2021-05-18 09:45:58,755.5,562939
2021-05-18 09:45:58,755.65,562940
2021-05-18 09:45:59,755.6,562966
2021-05-18 09:46:01,755.65,562971
2021-05-18 09:46:02,755.65,563011
2021-05-18 09:46:03,755.35,563279
2021-05-18 09:46:03,755.65,563286
2021-05-18 09:46:04,755.65,563286
2021-05-18 09:46:05,755.6,563366
2021-05-18 09:46:06,755.6,563366
2021-05-18 09:46:08,755.6,563557
2021-05-18 09:46:09,755.65,563924
2021-05-18 09:46:11,755.5,564102
2021-05-18 09:46:13,755.45,564105
2021-05-18 09:46:15,756.4,566214
2021-05-18 09:46:16,756.05,566314
2021-05-18 09:46:17,756.05,566314
2021-05-18 09:46:18,756.05,566315
2021-05-18 09:46:19,756.05,566315
2021-05-18 09:46:20,756.35,566317
2021-05-18 09:46:20,756.35,566317
2021-05-18 09:46:21,756.35,566317
2021-05-18 10:13:31,758.9,769137
2021-05-18 10:13:32,758.9,769137
2021-05-18 10:13:33,758.9,769139
2021-05-18 10:13:34,758.9,769139
2021-05-18 10:13:36,758.9,769139
2021-05-18 10:13:37,758.9,769244
2021-05-18 10:13:37,758.65,769255
2021-05-18 10:13:38,758.9,769275
2021-05-18 10:13:40,758.95,769977
2021-05-18 10:13:41,758.95,769977
2021-05-18 10:13:41,758.95,769977
2021-05-18 10:13:42,758.95,769977
2021-05-18 10:13:43,758.95,770024
2021-05-18 10:13:44,758.75,770026
2021-05-18 10:13:45,758.75,770026
2021-05-18 10:13:46,758.9,770085
2021-05-18 10:13:48,758.95,770086
2021-05-18 10:13:49,758.75,770087
2021-05-18 10:13:50,758.75,770887
2021-05-18 10:13:51,758.95,771249
2021-05-18 10:13:52,758.95,771451
2021-05-18 10:13:54,759.0,771601
2021-05-18 10:13:55,759.0,771601
2021-05-18 10:13:56,759.0,771646
2021-05-18 10:13:57,759.0,771746
2021-05-18 10:13:58,758.95,771747
2021-05-18 10:13:59,758.95,771747
2021-05-18 10:14:01,759.05,773933
2021-05-18 10:14:02,759.0,773934
2021-05-18 10:14:03,758.95,773936
2021-05-18 10:14:04,758.95,773936
2021-05-18 10:14:05,759.0,773937
2021-05-18 10:14:06,759.05,774801
2021-05-18 10:14:07,759.1,774802
2021-05-18 10:14:09,759.45,775563
2021-05-18 10:14:10,759.45,775563
2021-05-18 10:14:11,759.45,775563
2021-05-18 10:14:12,759.45,775563
2021-05-18 10:14:13,759.2,775565
2021-05-18 10:14:13,759.2,775565
2021-05-18 10:14:14,759.4,775582
2021-05-18 10:14:15,759.3,775588
2021-05-18 10:14:16,759.25,776343
2021-05-18 10:14:17,759.25,776395
2021-05-18 10:14:19,759.25,776395
2021-05-18 10:14:20,759.5,778478
2021-05-18 10:14:20,759.3,776400
2021-05-18 10:14:21,759.55,778701
2021-05-18 10:14:22,759.6,780431
2021-05-18 10:14:23,759.6,781505
2021-05-18 10:14:24,759.75,782211
2021-05-18 10:14:25,759.7,782228
2021-05-18 10:14:28,760.0,782659
2021-05-18 10:14:28,760.0,782659
2021-05-18 10:14:29,759.6,783069
2021-05-18 10:14:30,759.6,783135
2021-05-18 10:14:31,759.6,783136
2021-05-18 10:14:32,759.55,783215
2021-05-18 10:14:34,759.55,783230
2021-05-18 10:14:36,759.6,783530
2021-05-18 10:14:35,759.6,783530
2021-05-18 10:14:37,759.6,785064
2021-05-18 10:14:38,759.6,785165
2021-05-18 10:14:39,759.65,785178
2021-05-18 10:14:40,759.65,785178
2021-05-18 10:14:41,759.65,785215
2021-05-18 10:14:43,759.7,785239
2021-05-18 10:14:44,759.7,785239
2021-05-18 10:14:45,759.7,785242
2021-05-18 10:14:45,759.7,785242
2021-05-18 10:14:46,759.7,785242
2021-05-18 10:14:47,759.4,787443
2021-05-18 10:14:48,759.7,789669
2021-05-18 10:14:49,759.9,790369
2021-05-18 10:14:52,760.1,791908
2021-05-18 10:14:53,759.9,791910
2021-05-18 10:14:54,759.8,792448
2021-05-18 10:14:55,759.95,793383
2021-05-18 10:14:55,759.95,793383
2021-05-18 10:14:56,760.0,794383
2021-05-18 10:14:57,759.75,794439
2021-05-18 10:14:59,760.1,794739
2021-05-18 10:15:00,760.1,794739
2021-05-18 10:15:02,760.1,794769
2021-05-18 10:15:03,759.95,794822
2021-05-18 10:15:04,759.95,794822
2021-05-18 10:15:04,759.95,794822
2021-05-18 10:15:05,760.45,795586
2021-05-18 10:15:06,760.45,796120
2021-05-18 10:15:08,760.2,796121
2021-05-18 10:15:09,760.5,800198
2021-05-18 10:15:10,760.45,800314
2021-05-18 10:15:11,760.7,800645
2021-05-18 10:15:12,760.7,800645
2021-05-18 10:15:12,760.65,800695
2021-05-18 10:15:14,761.1,802921
2021-05-18 10:15:15,761.1,802921
2021-05-18 10:15:18,761.1,802922
2021-05-18 10:15:19,761.05,803208
2021-05-18 10:15:20,761.0,804123
2021-05-18 10:15:21,761.05,804154
2021-05-18 10:15:22,760.95,804220
2021-05-18 10:15:22,760.95,804220
2021-05-18 10:15:23,760.5,804278
2021-05-18 10:15:24,760.6,804403
2021-05-18 10:15:25,760.6,804403
2021-05-18 10:15:27,760.6,804403
2021-05-18 10:15:28,760.95,804424
2021-05-18 10:15:30,760.95,804609
2021-05-18 10:15:31,760.95,804609
2021-05-18 10:15:32,760.95,804809
2021-05-18 10:15:32,760.95,804809
2021-05-18 10:15:33,760.95,804819
2021-05-18 10:15:35,761.8,812503
2021-05-18 10:15:36,761.95,813182
2021-05-18 10:15:37,761.5,813224
2021-05-18 10:15:38,761.5,813236
2021-05-18 10:15:39,762.05,822265
2021-05-18 10:15:40,761.85,822359
2021-05-18 10:15:40,761.85,822359
2021-05-18 10:15:43,761.9,823255
2021-05-18 10:15:44,761.65,823257
2021-05-18 10:15:46,761.95,823382
2021-05-18 10:15:47,761.95,824274
2021-05-18 10:15:48,761.95,825501
2021-05-18 10:15:49,762.25,825526
2021-05-18 10:15:49,761.95,825501
2021-05-18 10:15:51,762.0,826261
2021-05-18 10:15:52,762.25,826298
2021-05-18 10:15:54,762.2,826823
2021-05-18 10:15:57,761.65,831209
2021-05-18 10:15:57,761.3,831215
2021-05-18 10:15:58,761.75,831242
2021-05-18 10:15:59,761.75,831242
2021-05-18 10:16:01,761.55,831546
2021-05-18 10:16:02,761.2,831547
2021-05-18 10:16:03,761.4,831555
2021-05-18 10:16:04,761.3,841615
2021-05-18 10:16:03,761.4,841605
2021-05-18 10:16:06,761.3,841615
2021-05-18 10:16:07,761.45,841680
2021-05-18 10:16:08,761.3,841689
2021-05-18 10:16:08,761.3,841689
2021-05-18 10:16:09,761.1,841700
2021-05-18 10:16:13,761.1,852978
2021-05-18 10:16:14,761.15,852999
2021-05-18 10:16:15,760.5,861060
2021-05-18 10:16:16,760.6,861140
2021-05-18 10:16:16,760.6,861140
2021-05-18 10:16:17,760.9,861190
2021-05-18 10:16:18,760.7,861191
2021-05-18 10:16:19,761.0,862591
2021-05-18 10:16:21,761.8,869170
2021-05-18 10:16:22,761.8,869170
2021-05-18 10:16:23,761.45,869173
2021-05-18 10:16:24,761.85,869554
2021-05-18 10:16:26,761.45,870164
2021-05-18 10:16:27,761.8,870217
2021-05-18 10:16:28,761.45,870269
2021-05-18 10:16:29,761.85,870369
2021-05-18 10:16:30,761.55,870557
2021-05-18 10:16:31,761.75,870830
2021-05-18 10:16:34,761.2,873015
2021-05-18 10:16:35,760.85,873067
2021-05-18 10:16:37,760.85,873246
2021-05-18 10:16:38,761.1,873248
2021-05-18 10:16:40,761.1,873328
2021-05-18 10:16:41,760.8,873338
2021-05-18 10:16:42,760.8,873443
2021-05-18 10:16:42,761.1,873441
2021-05-18 10:16:43,761.1,873445
2021-05-18 10:16:45,761.05,874512
2021-05-18 10:16:48,761.0,874537
2021-05-18 10:16:48,761.0,874537
2021-05-18 10:16:49,760.7,874859
2021-05-18 10:16:52,761.0,874988
2021-05-18 10:16:53,760.65,874990
2021-05-18 10:16:56,761.0,875296
2021-05-18 10:16:57,760.75,875520
2021-05-18 10:16:57,760.65,875521
2021-05-18 10:16:58,760.75,875587
2021-05-18 10:17:00,760.75,875898
2021-05-18 10:17:02,760.2,875928
2021-05-18 10:17:03,760.2,875930
2021-05-18 10:17:03,760.2,875930
2021-05-18 10:17:04,760.2,875930
2021-05-18 10:17:05,760.5,876719
2021-05-18 10:17:07,760.5,876722
2021-05-18 10:17:08,760.25,876753
2021-05-18 10:17:09,760.25,876843
2021-05-18 10:17:10,760.25,876843
2021-05-18 10:17:11,760.25,876843
2021-05-18 10:17:14,760.5,876888
2021-05-18 10:17:15,760.5,876888
2021-05-18 10:17:16,760.5,876888
2021-05-18 10:17:16,760.5,876888
2021-05-18 10:17:17,760.25,876939
2021-05-18 10:17:19,760.1,877664
2021-05-18 10:17:21,760.1,877664
2021-05-18 10:17:23,760.5,880357
2021-05-18 10:17:24,760.45,880373
2021-05-18 10:17:27,760.5,882034
2021-05-18 10:17:26,760.75,880375
2021-05-18 10:17:28,760.5,882035
2021-05-18 10:17:29,760.5,882036
2021-05-18 10:17:30,760.65,882058
2021-05-18 10:17:31,760.65,882058
2021-05-18 10:17:32,760.5,882063
2021-05-18 10:17:32,760.5,882061
2021-05-18 10:17:34,760.5,882063
2021-05-18 10:17:35,760.5,882063
2021-05-18 10:17:36,760.7,882064
2021-05-18 10:17:37,760.7,882074
2021-05-18 10:17:37,760.6,882075
2021-05-18 10:17:38,760.6,882075
2021-05-18 10:17:40,760.7,882385
2021-05-18 10:17:41,760.7,882701
2021-05-18 10:17:42,760.7,882701
2021-05-18 10:17:43,760.6,882703
2021-05-18 10:17:45,760.65,882713
2021-05-18 10:17:46,760.65,882713
2021-05-18 10:17:48,760.6,882756
2021-05-18 10:17:49,760.6,882951
2021-05-18 10:17:50,760.65,883848
2021-05-18 10:17:51,760.65,883923
2021-05-18 10:17:52,760.5,884124
2021-05-18 10:17:56,760.65,884178
2021-05-18 10:17:57,760.5,884428
2021-05-18 10:17:58,760.65,884483
2021-05-18 10:17:59,760.65,884534
2021-05-18 10:18:00,760.65,884534
2021-05-18 10:18:00,760.65,884534
2021-05-18 10:18:02,760.65,884534
2021-05-18 10:18:04,760.65,884560
2021-05-18 10:18:05,760.65,884570
2021-05-18 10:18:06,760.6,884587
2021-05-18 10:18:07,760.6,884922
2021-05-18 10:18:08,760.35,884989
2021-05-18 10:18:08,760.6,884991
2021-05-18 10:18:09,760.6,884991
2021-05-18 10:18:11,760.6,884991
2021-05-18 10:18:12,760.6,884993
2021-05-18 10:18:13,760.35,884995
2021-05-18 10:18:14,760.6,884996
2021-05-18 10:18:15,760.6,885006
2021-05-18 10:18:18,760.5,885007
2021-05-18 10:18:19,760.55,885008
2021-05-18 10:18:20,760.55,885028
2021-05-18 10:18:21,760.55,885028
2021-05-18 10:18:22,760.5,885035
2021-05-18 10:18:22,760.55,885033
2021-05-18 10:18:24,760.5,885035
2021-05-18 10:18:25,760.55,885045
2021-05-18 10:18:26,760.5,885170
2021-05-18 10:18:27,760.25,885220
2021-05-18 10:18:27,760.25,885221
2021-05-18 10:18:29,760.25,885221
2021-05-18 10:18:30,760.5,885222
2021-05-18 10:18:31,760.5,885222
2021-05-18 10:18:33,760.5,885315
2021-05-18 10:18:33,760.5,885295
2021-05-18 10:18:35,760.5,885315
2021-05-18 10:18:36,760.5,885320
2021-05-18 10:18:37,760.5,885320
2021-05-18 10:18:38,760.5,885442
2021-05-18 10:18:38,760.5,885442
2021-05-18 10:18:40,760.3,885642
2021-05-18 10:18:41,760.3,885642
2021-05-18 10:18:42,760.25,885646
2021-05-18 10:18:43,760.25,885876
2021-05-18 10:18:44,760.45,885999
2021-05-18 10:18:44,760.45,885999
2021-05-18 10:18:46,760.45,886011
2021-05-18 10:18:47,760.45,886036
2021-05-18 10:18:48,760.25,886062
2021-05-18 10:18:49,760.35,886065
2021-05-18 10:18:50,760.0,892181
2021-05-18 10:18:51,759.95,892917
2021-05-18 10:18:51,759.95,893017
2021-05-18 10:18:52,759.7,894058
2021-05-18 10:18:54,759.7,894058
2021-05-18 10:18:55,759.95,894261
2021-05-18 10:18:56,759.7,894361
2021-05-18 10:18:57,759.95,895004
2021-05-18 10:18:58,759.95,895587
2021-05-18 10:18:59,759.65,895677
2021-05-18 10:19:00,759.7,895687
2021-05-18 10:19:00,759.7,895687
2021-05-18 10:19:02,759.65,895700
2021-05-18 10:19:03,759.65,895703
2021-05-18 10:19:04,759.65,895762
2021-05-18 10:19:05,759.85,895764
2021-05-18 10:19:06,759.85,895794
2021-05-18 10:19:07,759.7,895795
2021-05-18 10:19:08,759.7,895795
2021-05-18 10:19:09,759.85,895915
2021-05-18 10:19:10,759.6,896072
2021-05-18 10:19:11,759.7,896126
2021-05-18 10:19:12,759.6,896253
2021-05-18 10:19:13,759.85,896260
2021-05-18 10:19:14,759.85,896276
2021-05-18 10:19:15,759.85,896276
2021-05-18 10:19:16,759.85,896277
2021-05-18 10:19:17,759.85,896301
2021-05-18 10:19:21,759.4,897158
2021-05-18 10:19:22,759.2,897161
2021-05-18 10:19:23,759.2,897161
2021-05-18 10:19:24,759.2,897161
2021-05-18 10:19:25,759.2,897161
2021-05-18 10:19:27,759.35,897164
2021-05-18 10:19:28,759.35,897865
2021-05-18 10:19:29,759.35,897865
2021-05-18 10:19:30,759.35,897900
2021-05-18 10:19:31,759.25,898117
2021-05-18 10:19:32,759.35,898122
2021-05-18 10:19:33,759.35,898122
2021-05-18 10:19:34,759.35,898122
2021-05-18 10:19:35,759.3,898170
2021-05-18 10:19:36,759.35,899501
2021-05-18 10:19:37,759.35,899501
2021-05-18 10:19:38,759.3,899503
2021-05-18 10:19:39,759.25,899583
2021-05-18 10:19:40,759.4,899954
2021-05-18 10:19:41,759.4,899954
2021-05-18 10:19:42,759.4,899964
2021-05-18 10:19:43,759.35,899967
2021-05-18 10:19:44,759.3,899979
2021-05-18 10:19:45,759.25,899989
2021-05-18 10:19:46,759.35,899994
2021-05-18 10:19:47,759.3,899995
2021-05-18 10:19:48,759.3,899995
2021-05-18 10:19:49,759.4,900060
2021-05-18 10:19:50,759.4,900075
2021-05-18 10:19:51,759.9,901379
2021-05-18 10:19:52,759.85,901405
2021-05-18 10:19:54,759.7,901407
2021-05-18 10:19:55,759.7,901407
2021-05-18 10:19:56,759.85,901527
2021-05-18 10:19:57,759.85,901574
2021-05-18 10:19:58,759.8,901575
2021-05-18 10:19:59,759.8,901575
2021-05-18 10:20:00,759.85,901579
2021-05-18 10:20:01,759.85,901579
2021-05-18 10:20:02,759.8,902089
2021-05-18 10:20:05,759.85,902721
2021-05-18 10:20:04,759.85,902721
2021-05-18 10:20:06,759.85,902729
2021-05-18 10:20:07,759.85,902729
2021-05-18 10:20:08,759.6,902738
2021-05-18 10:20:09,759.6,902738
2021-05-18 10:20:10,759.8,902748
2021-05-18 10:20:11,759.8,902748
2021-05-18 10:20:12,759.8,902748
2021-05-18 10:20:13,759.55,902830
2021-05-18 10:20:14,759.5,903013
2021-05-18 10:20:15,759.5,903013
2021-05-18 10:20:16,759.5,903013
2021-05-18 10:20:17,759.7,903016
2021-05-18 10:20:18,759.6,903017
2021-05-18 10:20:19,759.6,903017
2021-05-18 10:20:20,759.5,904257
2021-05-18 10:20:21,759.5,904482
2021-05-18 10:20:23,759.35,904486
2021-05-18 10:20:25,759.15,905242
2021-05-18 10:20:24,759.15,905242
2021-05-18 10:20:26,759.55,905292
2021-05-18 10:20:27,759.2,905767
2021-05-18 10:20:28,759.55,906768
2021-05-18 10:20:29,759.55,907066
2021-05-18 10:20:30,759.2,907086
2021-05-18 10:20:31,759.2,907236
2021-05-18 10:20:32,759.2,907384
2021-05-18 10:20:33,759.2,907384
2021-05-18 10:20:34,759.25,907744
2021-05-18 10:20:35,759.2,907746
2021-05-18 10:20:36,759.2,907751
2021-05-18 10:20:37,759.2,907776
2021-05-18 10:20:39,759.2,907777
2021-05-18 10:20:38,759.2,907777
2021-05-18 10:20:40,759.2,907777
2021-05-18 10:20:41,759.2,908557
2021-05-18 10:20:42,759.45,908857
2021-05-18 10:20:44,759.45,908898
2021-05-18 10:20:43,759.2,908882
2021-05-18 10:20:45,759.45,908918
2021-05-18 10:20:46,759.45,909418
2021-05-18 10:20:47,759.2,909438
2021-05-18 10:20:48,759.1,910976
2021-05-18 10:20:49,759.2,912332
2021-05-18 10:20:50,759.15,912726
2021-05-18 10:20:51,758.9,912806
2021-05-18 10:20:52,758.75,913241
2021-05-18 10:20:53,759.0,913263
2021-05-18 10:20:54,759.0,913263
2021-05-18 10:20:56,759.0,913263
2021-05-18 10:20:55,759.0,913263
2021-05-18 10:20:57,758.7,913763
2021-05-18 10:20:58,758.85,913764
2021-05-18 10:20:59,759.05,914463
2021-05-18 10:21:00,758.8,914477
2021-05-18 10:21:01,759.05,914483
2021-05-18 10:21:02,759.05,914483
2021-05-18 10:21:03,758.95,914485
2021-05-18 10:21:04,759.0,914495
2021-05-18 10:21:06,759.0,914496
2021-05-18 10:21:05,759.0,914496
2021-05-18 10:21:07,759.0,914496
2021-05-18 10:21:08,758.95,914497
2021-05-18 10:21:09,758.95,914497
2021-05-18 10:21:10,758.95,914543
2021-05-18 10:21:12,759.0,915244
2021-05-18 10:21:13,759.0,915949
2021-05-18 10:21:14,759.0,916210
2021-05-18 10:21:15,759.0,916210
2021-05-18 10:21:16,759.0,916210
2021-05-18 10:21:17,759.0,916210
2021-05-18 10:21:18,759.0,916221
2021-05-18 10:21:19,759.85,917201
2021-05-18 10:21:20,759.35,917561
2021-05-18 10:21:21,759.35,917631
2021-05-18 10:21:22,759.2,919755
2021-05-18 10:21:23,759.35,919756
2021-05-18 10:21:24,759.15,919822
2021-05-18 10:21:25,759.15,919832
2021-05-18 10:21:26,759.35,919842
2021-05-18 10:21:27,759.35,919842
2021-05-18 10:21:28,759.15,919848
2021-05-18 10:21:29,759.35,919958
2021-05-18 10:21:30,759.35,920307
2021-05-18 10:21:31,759.35,920318
2021-05-18 10:21:32,759.35,920318
2021-05-18 10:21:33,759.35,921220
2021-05-18 10:21:34,759.3,921221
2021-05-18 10:21:35,759.3,921233
2021-05-18 10:21:36,759.35,921303
2021-05-18 10:21:37,759.3,921527
2021-05-18 10:21:38,759.3,921549
2021-05-18 10:21:39,759.3,921554
2021-05-18 10:21:41,759.35,921560
2021-05-18 10:21:42,759.3,921562
2021-05-18 10:21:43,759.35,921588
2021-05-18 10:21:44,759.35,921729
2021-05-18 10:21:45,759.35,921729
2021-05-18 10:21:46,759.35,921982
2021-05-18 10:21:47,759.3,922112
2021-05-18 10:21:48,759.3,922113
2021-05-18 10:21:49,759.2,922114
2021-05-18 10:21:50,759.2,922114
2021-05-18 10:21:51,759.2,922114
2021-05-18 10:21:52,759.2,922114
2021-05-18 10:21:53,759.2,922116
2021-05-18 10:21:54,759.35,922141
2021-05-18 10:21:57,759.35,922182
2021-05-18 10:21:57,759.35,922182
2021-05-18 10:21:58,759.25,922185
2021-05-18 10:21:59,759.25,922216
2021-05-18 10:22:00,759.35,922241
2021-05-18 10:22:02,759.3,922251
2021-05-18 10:22:03,759.3,922251
2021-05-18 10:22:04,759.35,922261
2021-05-18 10:22:05,759.35,922261
2021-05-18 10:22:07,759.35,922277
2021-05-18 10:22:07,759.3,922278
2021-05-18 10:22:08,759.3,922278
2021-05-18 10:22:09,759.3,922278
2021-05-18 10:22:10,759.3,922291
2021-05-18 10:22:11,759.3,922291
2021-05-18 10:22:12,759.3,922291
2021-05-18 10:22:14,759.3,922294
2021-05-18 10:22:16,759.3,922294
2021-05-18 10:22:16,759.3,922294
2021-05-18 10:22:17,759.3,922294
2021-05-18 10:22:18,759.3,922419
2021-05-18 10:22:19,759.3,922469
2021-05-18 10:22:20,759.3,922469
2021-05-18 10:22:21,759.3,922479
2021-05-18 10:22:22,759.3,922479
2021-05-18 10:22:23,759.35,922482
2021-05-18 10:22:24,759.35,922593
2021-05-18 10:22:25,759.35,922710
2021-05-18 10:22:27,759.35,922722
2021-05-18 10:22:28,759.3,922828
2021-05-18 10:22:29,759.3,922828
2021-05-18 10:22:29,759.3,922828
2021-05-18 10:22:30,759.35,922835
2021-05-18 10:22:31,759.3,922940
2021-05-18 10:22:32,759.3,922940
2021-05-18 10:22:33,759.35,923723
2021-05-18 10:22:34,759.35,923723
2021-05-18 10:22:35,759.35,923808
2021-05-18 10:22:36,759.35,923808
2021-05-18 10:22:37,759.3,923809
2021-05-18 10:22:38,759.3,923809
2021-05-18 10:22:39,759.3,923809
2021-05-18 10:22:40,759.35,923901
2021-05-18 10:22:41,759.3,923911
2021-05-18 10:22:42,759.3,923911
2021-05-18 10:22:43,759.3,923916
2021-05-18 10:22:44,759.3,923916
2021-05-18 10:22:45,759.35,923926
2021-05-18 10:22:46,759.35,923926
2021-05-18 10:22:47,759.35,923926
2021-05-18 10:22:48,759.3,923927
2021-05-18 10:22:49,759.35,923928
2021-05-18 10:22:50,759.35,923928
2021-05-18 10:22:52,759.35,924148
2021-05-18 10:22:52,759.3,924331
2021-05-18 10:22:53,759.15,924933
2021-05-18 10:22:54,759.35,925135
2021-05-18 10:22:55,759.3,925324
2021-05-18 10:22:56,759.3,925446
2021-05-18 10:22:57,759.3,925446
2021-05-18 10:22:58,759.3,925457
2021-05-18 10:23:00,759.35,925461
2021-05-18 10:23:00,759.35,925461
2021-05-18 10:23:01,759.3,925462
2021-05-18 10:23:02,759.3,925473
2021-05-18 10:23:03,759.3,925476
2021-05-18 10:23:04,759.35,925519
2021-05-18 10:23:05,759.4,925865
2021-05-18 10:23:06,759.4,925865
2021-05-18 10:23:07,759.4,925865
2021-05-18 10:23:08,759.25,925866
2021-05-18 10:23:10,759.4,925986
2021-05-18 10:23:09,759.4,925986
2021-05-18 10:23:11,759.3,925989
2021-05-18 10:23:12,759.25,926044
2021-05-18 10:23:13,759.4,926245
2021-05-18 10:23:14,759.4,926245
2021-05-18 10:23:15,759.4,926245
2021-05-18 10:23:16,759.4,926297
2021-05-18 10:23:17,759.4,926297
2021-05-18 10:23:18,759.35,926363
2021-05-18 10:23:19,759.35,926393
2021-05-18 10:23:20,759.35,926393
2021-05-18 10:23:21,759.35,926498
2021-05-18 10:23:22,759.25,926500
2021-05-18 10:23:24,759.25,926500
2021-05-18 10:23:23,759.25,926500
2021-05-18 10:23:25,759.4,928309
2021-05-18 10:23:26,759.5,928523
2021-05-18 10:23:27,759.5,928523
2021-05-18 10:23:28,759.5,928533
2021-05-18 10:23:29,759.5,928543
2021-05-18 10:23:30,759.5,928547
2021-05-18 10:23:31,759.5,928547
2021-05-18 10:23:32,759.4,928549
2021-05-18 10:23:34,759.4,928549
2021-05-18 10:23:34,759.5,928551
2021-05-18 10:23:35,760.05,929793
2021-05-18 10:23:36,759.6,929794
2021-05-18 10:23:38,759.6,929807
2021-05-18 10:23:38,759.6,929808
2021-05-18 10:23:39,759.6,929808
2021-05-18 10:23:40,759.6,929808
2021-05-18 10:23:41,760.0,929823
2021-05-18 10:23:42,760.0,929826
2021-05-18 10:23:43,759.7,929828
2021-05-18 10:23:44,759.7,929829
2021-05-18 10:23:45,760.0,929845
2021-05-18 10:23:46,760.0,929848
2021-05-18 10:23:47,759.75,929849
2021-05-18 10:23:48,760.0,929874
2021-05-18 10:23:49,760.0,929881
2021-05-18 10:23:50,759.75,929974
2021-05-18 10:23:51,760.0,930084
2021-05-18 10:23:52,759.75,930264
2021-05-18 10:23:53,759.75,930264
2021-05-18 10:23:54,760.0,930274
2021-05-18 10:23:55,760.0,930274
2021-05-18 10:23:56,760.0,930274
2021-05-18 10:23:57,760.0,930275
2021-05-18 10:23:59,759.85,930289
2021-05-18 10:24:00,760.0,931091
2021-05-18 10:24:01,760.0,931098
2021-05-18 10:24:02,759.85,931105
2021-05-18 10:24:03,759.85,931105
2021-05-18 10:24:04,760.0,931252
2021-05-18 10:24:05,760.0,931252
2021-05-18 10:24:06,759.95,931253
2021-05-18 10:24:07,759.95,931253
2021-05-18 10:24:08,759.85,931254
2021-05-18 10:24:09,759.85,931254
2021-05-18 10:24:10,759.85,931254
2021-05-18 10:24:11,759.95,931452
2021-05-18 10:24:12,759.85,931454
2021-05-18 10:24:14,759.85,931470
2021-05-18 10:24:15,759.85,931540
2021-05-18 10:24:16,759.75,931640
2021-05-18 10:24:17,759.8,931641
2021-05-18 10:24:18,759.75,931642
2021-05-18 10:24:19,759.75,931642
2021-05-18 10:24:19,759.75,931642
2021-05-18 10:24:21,759.75,931642
2021-05-18 10:24:22,759.75,931642
2021-05-18 10:24:23,759.75,931714
2021-05-18 10:24:24,759.75,932715
2021-05-18 10:24:25,759.9,932848
2021-05-18 10:24:25,759.9,932848
2021-05-18 10:24:26,759.7,932849
2021-05-18 10:24:27,759.7,932849
2021-05-18 10:24:28,759.75,932850
2021-05-18 10:24:29,759.85,932851
2021-05-18 10:24:30,759.85,932851
2021-05-18 10:24:31,759.7,932861
2021-05-18 10:24:32,759.7,932861
2021-05-18 10:24:33,759.85,932873
2021-05-18 10:24:34,759.85,932874
2021-05-18 10:24:35,759.85,932875
2021-05-18 10:24:36,759.85,932875
2021-05-18 10:24:37,759.85,932883
2021-05-18 10:24:38,759.7,932884
2021-05-18 10:24:39,759.7,932900
2021-05-18 10:24:40,759.7,932900
2021-05-18 10:24:41,759.85,933027
2021-05-18 10:24:42,759.7,933031
2021-05-18 10:24:43,759.7,933031
2021-05-18 10:24:44,759.85,933041
2021-05-18 10:24:45,759.85,933106
2021-05-18 10:24:46,759.85,933106
2021-05-18 10:24:47,759.85,933106
2021-05-18 10:24:48,759.8,933107
2021-05-18 10:24:49,759.8,933108
2021-05-18 10:24:50,759.85,933118
2021-05-18 10:24:51,759.85,933813
2021-05-18 10:24:52,759.7,933814
2021-05-18 10:24:53,759.7,933916
2021-05-18 10:24:54,759.7,933916
2021-05-18 10:24:56,759.85,933967
2021-05-18 10:24:56,759.85,933967
2021-05-18 10:24:57,759.85,933967
2021-05-18 10:24:58,759.85,933978
2021-05-18 10:24:59,759.85,933978
2021-05-18 10:25:00,759.85,933978
2021-05-18 10:25:03,759.7,933990
2021-05-18 10:25:04,759.85,934063
2021-05-18 10:25:04,759.85,934073
2021-05-18 10:25:05,759.85,934073
2021-05-18 10:25:07,759.75,934269
2021-05-18 10:25:08,759.75,934270
2021-05-18 10:25:09,759.75,934270
2021-05-18 10:25:09,759.85,934271
2021-05-18 10:25:10,759.85,934271
2021-05-18 10:25:11,759.85,934271
2021-05-18 10:25:12,759.85,934271
2021-05-18 10:25:13,759.75,934273
2021-05-18 10:25:15,759.75,934282
2021-05-18 10:25:16,759.75,934302
2021-05-18 10:25:17,759.75,934302
2021-05-18 10:25:18,759.85,934312
2021-05-18 10:25:19,759.85,934321
2021-05-18 10:25:20,759.75,934322
2021-05-18 10:25:21,759.85,934402
2021-05-18 10:25:22,759.75,934524
2021-05-18 10:25:23,759.75,934524
2021-05-18 10:25:24,759.75,934524
2021-05-18 10:25:25,759.85,934534
2021-05-18 10:25:27,759.8,934545
2021-05-18 10:25:28,759.85,934595
2021-05-18 10:25:29,759.85,934605
2021-05-18 10:25:30,759.85,934609
2021-05-18 10:25:31,759.85,934609
2021-05-18 10:25:32,759.75,934783
2021-05-18 10:25:33,759.85,934976
2021-05-18 10:25:34,759.85,934976
2021-05-18 10:25:35,759.85,935124
2021-05-18 10:25:36,759.85,935268
2021-05-18 10:25:37,759.85,935480
2021-05-18 10:25:38,759.85,935520
2021-05-18 10:25:39,759.85,935520
2021-05-18 10:25:40,759.85,935522
2021-05-18 10:25:41,759.75,935552
2021-05-18 10:25:42,759.75,935554
2021-05-18 10:25:44,759.85,935570
2021-05-18 10:25:45,759.85,935730
2021-05-18 10:25:46,759.85,936430
2021-05-18 10:25:47,759.85,936430
2021-05-18 10:25:48,759.75,936431
2021-05-18 10:25:48,759.75,936431
2021-05-18 10:25:49,759.75,936431
2021-05-18 10:25:50,759.75,936431
2021-05-18 10:25:52,759.75,936431
2021-05-18 10:25:52,759.75,936431
2021-05-18 10:25:53,759.75,936433
2021-05-18 10:25:54,759.75,936433
2021-05-18 10:25:55,759.75,936433
2021-05-18 10:25:56,759.75,936433
2021-05-18 10:25:57,759.75,936533
2021-05-18 10:25:58,759.9,936667
2021-05-18 10:25:59,759.9,936667
2021-05-18 10:26:00,759.9,936667
2021-05-18 10:26:01,759.9,936667
2021-05-18 10:26:03,759.85,936669
2021-05-18 10:26:04,759.85,936669
2021-05-18 10:26:04,759.9,936679
2021-05-18 10:26:05,759.9,936719
2021-05-18 10:26:06,759.85,936720
2021-05-18 10:26:08,759.9,936736
2021-05-18 10:26:08,759.9,936736
2021-05-18 10:26:09,759.85,936738
2021-05-18 10:26:10,759.9,936741
2021-05-18 10:26:11,759.9,936741
2021-05-18 10:26:12,759.85,936742
2021-05-18 10:26:13,759.85,936744
2021-05-18 10:26:14,759.9,936770
2021-05-18 10:26:15,759.85,936795
2021-05-18 10:26:16,759.9,936845
2021-05-18 10:26:17,759.9,936845
2021-05-18 10:26:18,759.9,936896
2021-05-18 10:26:20,759.9,936896
2021-05-18 10:26:21,759.9,936896
2021-05-18 10:26:22,759.9,936896
2021-05-18 10:26:23,759.85,936899
2021-05-18 10:26:25,759.9,937131
2021-05-18 10:26:26,759.9,937131
2021-05-18 10:26:28,759.85,937145
2021-05-18 10:26:29,759.85,937145
2021-05-18 10:26:30,759.95,938769
2021-05-18 10:26:31,760.0,938779
2021-05-18 10:26:32,760.0,938780
2021-05-18 10:26:33,760.0,938903
2021-05-18 10:26:33,760.0,938903
2021-05-18 10:26:34,759.85,939053
2021-05-18 10:26:37,759.85,939151
2021-05-18 10:26:38,760.0,939228
2021-05-18 10:26:39,760.0,939228
2021-05-18 10:26:40,760.0,939228
2021-05-18 10:26:40,760.0,939228
2021-05-18 10:26:41,760.0,939928
2021-05-18 10:26:42,760.0,940028
2021-05-18 10:26:44,759.85,940031
2021-05-18 10:26:45,760.0,940090
2021-05-18 10:26:46,760.0,940091
2021-05-18 10:26:47,760.0,940091
2021-05-18 10:26:48,760.0,940271
2021-05-18 10:26:49,760.05,940520
2021-05-18 10:26:50,760.05,940520
2021-05-18 10:26:51,760.05,940520
2021-05-18 10:26:52,760.0,940560
2021-05-18 10:26:53,760.0,940563
2021-05-18 10:26:54,760.0,940576
2021-05-18 10:26:55,760.05,940581
2021-05-18 10:26:56,760.05,940581
2021-05-18 10:26:57,760.0,940615
2021-05-18 10:26:58,760.1,940705
2021-05-18 10:26:59,760.1,940705
2021-05-18 10:27:01,760.1,940855
2021-05-18 10:27:03,760.35,941341
2021-05-18 10:27:03,760.35,941341
2021-05-18 10:27:04,760.4,941356
2021-05-18 10:27:05,760.4,941356
2021-05-18 10:27:06,760.4,941356
2021-05-18 10:27:07,760.15,941456
2021-05-18 10:27:10,760.4,941575
2021-05-18 10:27:11,760.4,941575
2021-05-18 10:27:11,760.15,941705
2021-05-18 10:27:12,760.3,941708
2021-05-18 10:27:13,760.3,941708
2021-05-18 10:27:15,760.3,941739
2021-05-18 10:27:15,760.3,941739
2021-05-18 10:27:16,760.35,941802
2021-05-18 10:27:17,760.3,941803
2021-05-18 10:27:18,760.3,941803
2021-05-18 10:27:21,760.3,942164
2021-05-18 10:27:23,760.15,942166
2021-05-18 10:27:24,760.15,942166
2021-05-18 10:27:25,760.15,942166
2021-05-18 10:27:26,760.15,942166
2021-05-18 10:27:28,760.2,942172
2021-05-18 10:27:29,760.2,942172
2021-05-18 10:27:29,760.4,942181
2021-05-18 10:27:30,760.4,942181
2021-05-18 10:27:32,760.4,942181
2021-05-18 10:27:33,760.3,942183
2021-05-18 10:27:34,760.4,942220
2021-05-18 10:27:36,760.4,942220
2021-05-18 10:27:37,760.4,942220
2021-05-18 10:27:39,760.3,942256
2021-05-18 10:27:39,760.3,942256
2021-05-18 10:27:40,760.4,942259
2021-05-18 10:27:42,760.4,942259
2021-05-18 10:27:43,760.35,942262
2021-05-18 10:27:44,760.35,942262
2021-05-18 10:27:45,760.4,942272
2021-05-18 10:27:46,760.4,942272
2021-05-18 10:27:46,760.2,942472
2021-05-18 10:27:47,760.2,942473
2021-05-18 10:27:48,760.2,942473
2021-05-18 10:27:49,760.2,942473
2021-05-18 10:27:51,760.4,942523
2021-05-18 10:27:52,760.4,942523
2021-05-18 10:27:53,760.3,942525
2021-05-18 10:27:54,760.3,942525
2021-05-18 10:27:54,760.4,942555
2021-05-18 10:27:55,760.4,942571
2021-05-18 10:27:57,760.4,942895
2021-05-18 10:27:57,760.2,942897
2021-05-18 10:27:58,760.2,942947
2021-05-18 10:27:59,760.4,942957
2021-05-18 10:28:00,760.4,942957
2021-05-18 10:28:03,760.3,943105
2021-05-18 10:28:04,760.4,943180
2021-05-18 10:28:05,760.4,943190
2021-05-18 10:28:06,760.4,943190
2021-05-18 10:28:07,760.3,943191
2021-05-18 10:28:08,760.3,943191
2021-05-18 10:28:09,760.3,943191
2021-05-18 10:28:11,760.3,943191
2021-05-18 10:28:12,760.3,943191
2021-05-18 10:28:13,760.4,943243
2021-05-18 10:28:14,760.4,943243
2021-05-18 10:28:15,760.4,943243
2021-05-18 10:28:15,760.4,943243
2021-05-18 10:28:16,760.4,943243
2021-05-18 10:28:17,760.3,943254
2021-05-18 10:28:19,760.4,943299
2021-05-18 10:28:20,760.4,943299
2021-05-18 10:28:21,760.4,943309
2021-05-18 10:28:22,760.4,943309
2021-05-18 10:28:23,760.4,943421
2021-05-18 10:28:24,760.4,943422
2021-05-18 10:28:25,760.3,943476
2021-05-18 10:28:26,760.8,948076
2021-05-18 10:28:26,760.8,948076
2021-05-18 10:28:27,760.4,948077
2021-05-18 10:28:28,760.4,948077
2021-05-18 10:28:29,760.4,948078
2021-05-18 10:28:30,760.8,948083
2021-05-18 10:28:32,760.8,948083
2021-05-18 10:28:33,760.6,948085
2021-05-18 10:28:34,760.6,948085
2021-05-18 10:28:35,760.6,948086
2021-05-18 10:28:36,760.8,948099
2021-05-18 10:28:37,760.6,948100
2021-05-18 10:28:38,760.6,948100
2021-05-18 10:28:39,760.6,948100
2021-05-18 10:28:41,761.0,948925
2021-05-18 10:28:42,761.0,948925
2021-05-18 10:28:43,760.75,948927
2021-05-18 10:28:44,760.75,948927
2021-05-18 10:28:45,760.95,948928
2021-05-18 10:28:46,760.95,948933
2021-05-18 10:28:47,760.95,948943
2021-05-18 10:28:48,760.8,948969
2021-05-18 10:28:49,760.95,948990
2021-05-18 10:28:50,760.95,948999
2021-05-18 10:28:51,760.95,948999
2021-05-18 10:28:53,760.9,949027
2021-05-18 10:28:54,760.9,949027
2021-05-18 10:28:55,760.8,949028
2021-05-18 10:28:56,760.95,949231
2021-05-18 10:28:57,760.95,949277
2021-05-18 10:28:58,760.8,949278
2021-05-18 10:28:59,760.95,949303
2021-05-18 10:29:00,760.95,949303
2021-05-18 10:29:01,760.95,949303
2021-05-18 10:29:02,760.95,949332
2021-05-18 10:29:02,760.9,949363
2021-05-18 10:29:03,760.9,949463
2021-05-18 10:29:04,760.95,949552
2021-05-18 10:29:05,760.95,949650
2021-05-18 10:29:06,761.0,949675
2021-05-18 10:29:07,760.9,949676
2021-05-18 10:29:08,761.0,949681
2021-05-18 10:29:10,761.0,949684
2021-05-18 10:29:10,761.0,949684
2021-05-18 10:29:12,761.0,949686
2021-05-18 10:29:12,760.9,949688
2021-05-18 10:29:14,760.9,949698
2021-05-18 10:29:14,760.9,949698
2021-05-18 10:29:15,761.0,949753
2021-05-18 10:29:17,760.9,949823
2021-05-18 10:29:18,760.9,949824
2021-05-18 10:29:19,761.0,949855
2021-05-18 10:29:20,760.9,949858
2021-05-18 10:29:21,760.9,949858
2021-05-18 10:29:22,760.9,949858
2021-05-18 10:29:22,760.9,949861
2021-05-18 10:29:23,760.9,949861
2021-05-18 10:29:25,761.0,949872
2021-05-18 10:29:26,760.9,949949
2021-05-18 10:29:27,761.0,950449
2021-05-18 10:29:28,760.75,951757
2021-05-18 10:29:29,760.8,951767
2021-05-18 10:29:30,760.8,951867
2021-05-18 10:29:31,760.8,951867
2021-05-18 10:29:32,760.75,951869
2021-05-18 10:29:33,760.75,951919
2021-05-18 10:29:35,760.8,952348
2021-05-18 10:29:36,760.85,952528
2021-05-18 10:29:37,760.85,952528
2021-05-18 10:29:38,760.75,953229
2021-05-18 10:29:39,760.75,953229
2021-05-18 10:29:40,760.75,953231
2021-05-18 10:29:41,760.75,953231
2021-05-18 10:29:42,760.75,953241
2021-05-18 10:29:43,760.75,953244
2021-05-18 10:29:44,760.75,953244
2021-05-18 10:29:45,760.95,953301
2021-05-18 10:29:47,760.75,953331
2021-05-18 10:29:46,760.75,953331
2021-05-18 10:29:48,760.75,953338
2021-05-18 10:29:49,760.75,953339
2021-05-18 10:29:50,760.75,953339
2021-05-18 10:29:51,760.75,953339
2021-05-18 10:29:52,760.75,953865
2021-05-18 10:29:54,760.75,953942
2021-05-18 10:29:55,760.9,953958
2021-05-18 10:29:56,760.9,953978
2021-05-18 10:29:56,760.9,953978
2021-05-18 10:29:58,760.9,953996
2021-05-18 10:29:59,760.9,953996
2021-05-18 10:30:00,760.9,954078
2021-05-18 10:30:01,760.9,954078
2021-05-18 10:30:02,760.85,954084
2021-05-18 10:30:03,760.75,954086
2021-05-18 10:30:04,760.75,954086
2021-05-18 10:30:05,760.75,954086
2021-05-18 10:30:06,760.75,954126
2021-05-18 10:30:07,760.75,954126
2021-05-18 10:30:08,760.75,954154
2021-05-18 10:30:09,760.75,954209
2021-05-18 10:30:10,760.75,954284
2021-05-18 10:30:11,760.75,954284
2021-05-18 10:30:12,760.75,954289
2021-05-18 10:30:13,760.7,954743
2021-05-18 10:30:14,760.75,955838
2021-05-18 10:30:15,760.6,955849
2021-05-18 10:30:16,760.7,955855
2021-05-18 10:30:17,760.7,955900
2021-05-18 10:30:18,760.7,956027
2021-05-18 10:30:19,760.6,956047
2021-05-18 10:30:20,760.6,956047
2021-05-18 10:30:21,760.7,956056
2021-05-18 10:30:22,760.7,956056
2021-05-18 10:30:23,760.7,956072
2021-05-18 10:30:24,760.7,956073
2021-05-18 10:30:25,760.45,958083
2021-05-18 10:30:26,760.45,958642
2021-05-18 10:30:27,760.45,958645
2021-05-18 10:30:28,760.3,958646
2021-05-18 10:30:29,760.3,958646
2021-05-18 10:30:30,760.3,958646
2021-05-18 10:30:31,760.3,958646
2021-05-18 10:30:32,760.3,958646
2021-05-18 10:30:33,760.4,958649
2021-05-18 10:30:34,760.4,958649
2021-05-18 10:30:35,760.3,958689
2021-05-18 10:30:36,760.3,958689
2021-05-18 10:30:38,760.3,958750
2021-05-18 10:30:39,760.3,958750
2021-05-18 10:30:40,760.4,959605
2021-05-18 10:30:41,760.4,959605
2021-05-18 10:30:42,760.4,959606
2021-05-18 10:30:43,760.25,959703
2021-05-18 10:30:44,760.25,959703
2021-05-18 10:30:45,760.3,959715
2021-05-18 10:30:46,760.3,959720
2021-05-18 10:30:47,760.4,959724
2021-05-18 10:30:48,760.4,959775
2021-05-18 10:30:49,760.4,959784
2021-05-18 10:30:50,760.3,959787
2021-05-18 10:30:54,760.4,961469
2021-05-18 10:30:58,760.65,962275
2021-05-18 10:31:01,760.75,962712
2021-05-18 10:31:04,760.7,962772
2021-05-18 10:31:07,761.1,963638
2021-05-18 10:31:10,761.1,963764
2021-05-18 10:31:13,761.25,963872
2021-05-18 10:31:16,761.25,963929
2021-05-18 10:31:22,761.25,964296
2021-05-18 10:31:25,761.3,964406
2021-05-18 10:31:28,761.3,965134
2021-05-18 10:31:31,761.25,965263
2021-05-18 10:31:33,761.25,965366
2021-05-18 10:31:36,761.3,965369
2021-05-18 10:31:39,761.25,965370
2021-05-18 10:31:41,761.25,965835
2021-05-18 10:31:44,761.3,967116
2021-05-18 10:31:47,761.0,967124
2021-05-18 10:31:50,761.25,967270
2021-05-18 10:31:53,761.0,967283
2021-05-18 10:31:56,761.0,967958
2021-05-18 10:31:59,761.2,968172
2021-05-18 10:32:02,761.2,968236
2021-05-18 10:32:08,761.2,969781
2021-05-18 10:32:11,761.2,969781
2021-05-18 10:32:14,761.1,969824
2021-05-18 10:32:17,761.35,969830
2021-05-18 10:32:21,761.2,969896
2021-05-18 10:32:24,761.1,969972
2021-05-18 10:32:27,761.1,970007
2021-05-18 10:32:36,761.1,970387
2021-05-18 10:32:40,761.2,970389
2021-05-18 10:32:43,761.15,970391
2021-05-18 10:32:46,761.35,971403
2021-05-18 10:32:49,761.25,971503
2021-05-18 10:32:52,761.25,971508
2021-05-18 10:32:55,761.25,971511
2021-05-18 10:33:01,761.7,974092
2021-05-18 10:33:04,761.35,974225
2021-05-18 10:33:07,761.7,974722
2021-05-18 10:33:10,761.45,974753
2021-05-18 10:33:12,761.55,974799
2021-05-18 10:33:15,762.0,976173
2021-05-18 10:33:18,761.75,976179
2021-05-18 10:33:21,761.75,976736
2021-05-18 10:33:24,761.75,976738
2021-05-18 10:33:27,761.9,976786
2021-05-18 10:33:30,761.8,976904
2021-05-18 10:33:34,761.75,977069
2021-05-18 10:33:38,761.75,977290
2021-05-18 10:33:41,761.75,977375
2021-05-18 10:33:44,761.8,977498
2021-05-18 10:33:47,761.8,977508
2021-05-18 10:33:50,761.8,977756
2021-05-18 10:33:52,761.75,977785
2021-05-18 10:33:55,761.9,979332
2021-05-18 10:33:58,761.75,979423
2021-05-18 10:34:02,761.95,979455
2021-05-18 10:34:05,761.75,979608
2021-05-18 10:34:08,761.95,985017
2021-05-18 10:34:11,762.2,985030
2021-05-18 10:34:15,763.0,992117
2021-05-18 10:34:18,762.6,992949
2021-05-18 10:34:20,762.95,992989
2021-05-18 10:34:23,762.5,993653
2021-05-18 10:34:26,762.5,994485
2021-05-18 10:34:30,762.5,994827
2021-05-18 10:34:33,762.6,994968
2021-05-18 10:34:42,762.6,1004239
2021-05-18 10:34:45,762.6,1004478
2021-05-18 10:34:48,762.55,1006223
2021-05-18 10:34:51,762.9,1006258
2021-05-18 10:34:53,762.9,1006452
2021-05-18 10:34:56,762.9,1006582
2021-05-18 10:34:59,762.85,1006626
2021-05-18 10:35:02,762.8,1006628
2021-05-18 10:35:04,762.8,1006730
2021-05-18 10:35:07,762.85,1006950
2021-05-18 10:35:10,762.95,1007241
2021-05-18 10:35:13,762.95,1007294
2021-05-18 10:35:15,762.95,1007404
2021-05-18 10:35:18,762.95,1007710
2021-05-18 10:35:21,762.85,1007862
2021-05-18 10:35:23,762.95,1007876
2021-05-18 10:35:26,762.95,1008286
2021-05-18 10:35:28,762.85,1008504
2021-05-18 10:35:31,762.85,1008856
2021-05-18 10:35:34,762.7,1009524
2021-05-18 10:35:37,762.7,1009856
2021-05-18 10:35:39,762.7,1009860
2021-05-18 10:35:42,762.7,1011958
2021-05-18 10:35:45,762.85,1012263
2021-05-18 10:35:47,762.85,1013187
2021-05-18 10:35:49,762.7,1013188
2021-05-18 10:35:50,762.7,1013188
2021-05-18 10:35:51,762.7,1013387
2021-05-18 10:35:52,762.7,1013494
2021-05-18 10:35:53,762.7,1013494
2021-05-18 10:35:54,762.7,1013499
2021-05-18 10:35:55,762.8,1013512
2021-05-18 10:35:56,762.8,1013512
2021-05-18 10:35:57,762.7,1013563
2021-05-18 10:35:58,762.7,1013564
2021-05-18 10:36:00,762.8,1013614
2021-05-18 10:36:01,762.8,1013614
2021-05-18 10:36:02,762.7,1013743
2021-05-18 10:36:03,762.65,1014415
2021-05-18 10:36:04,762.7,1014462
2021-05-18 10:36:05,763.2,1019275
2021-05-18 10:36:07,763.05,1019325
2021-05-18 10:36:08,763.0,1019425
2021-05-18 10:36:08,763.0,1019425
2021-05-18 10:36:09,763.0,1019535
2021-05-18 10:36:10,763.0,1019535
2021-05-18 10:36:11,762.85,1019686
2021-05-18 10:36:12,762.85,1019688
2021-05-18 10:36:14,762.9,1020394
2021-05-18 10:36:15,762.9,1020818
2021-05-18 10:36:16,762.95,1020839
2021-05-18 10:36:17,762.95,1021024
2021-05-18 10:36:18,763.0,1021045
2021-05-18 10:36:19,763.0,1021055
2021-05-18 10:36:20,763.0,1021059
2021-05-18 10:36:21,763.0,1021059
2021-05-18 10:36:21,763.0,1021059
2021-05-18 10:36:22,763.0,1021393
2021-05-18 10:36:23,762.85,1021396
2021-05-18 10:36:24,763.2,1021777
2021-05-18 10:36:25,763.2,1021837
2021-05-18 10:36:26,763.2,1021837
2021-05-18 10:36:27,763.2,1022053
2021-05-18 10:36:29,763.4,1023066
2021-05-18 10:36:30,763.15,1023657
2021-05-18 10:36:31,763.2,1024290
2021-05-18 10:36:32,763.2,1024374
2021-05-18 10:36:33,763.0,1024376
2021-05-18 10:36:34,763.0,1024378
2021-05-18 10:36:35,763.0,1024418
2021-05-18 10:36:36,763.0,1024419
2021-05-18 10:36:37,763.2,1024449
2021-05-18 10:36:38,763.0,1024450
2021-05-18 10:36:39,763.0,1024450
2021-05-18 10:36:40,763.0,1024575
2021-05-18 10:36:41,763.0,1024575
2021-05-18 10:36:42,763.0,1024575
2021-05-18 10:36:42,763.2,1024576
2021-05-18 10:36:43,763.15,1024987
2021-05-18 10:36:45,763.2,1024997
2021-05-18 10:36:46,762.85,1025021
2021-05-18 10:36:47,762.85,1025021
2021-05-18 10:36:48,763.0,1025022
2021-05-18 10:36:49,763.0,1025023
2021-05-18 10:36:50,763.15,1025028
2021-05-18 10:36:51,763.15,1025028
2021-05-18 10:36:52,763.15,1025068
2021-05-18 10:36:53,763.0,1025078
2021-05-18 10:36:54,763.15,1025146
2021-05-18 10:36:55,763.15,1025146
2021-05-18 10:36:56,763.15,1025154
2021-05-18 10:36:57,763.15,1025154
2021-05-18 10:36:58,763.0,1025155
2021-05-18 10:36:59,763.15,1025160
2021-05-18 10:36:59,763.15,1025160
2021-05-18 10:37:01,763.1,1025163
2021-05-18 10:37:02,763.0,1025238
2021-05-18 10:37:03,763.15,1025241
2021-05-18 10:37:04,763.15,1025241
2021-05-18 10:37:04,763.0,1025246
2021-05-18 10:37:05,763.0,1025246
2021-05-18 10:37:07,763.0,1025246
2021-05-18 10:37:08,763.0,1025267
2021-05-18 10:37:09,763.0,1025327
2021-05-18 10:37:10,763.0,1025727
2021-05-18 10:37:11,763.0,1025828
2021-05-18 10:37:12,763.0,1025828
2021-05-18 10:37:13,763.0,1025861
2021-05-18 10:37:14,763.0,1025861
2021-05-18 10:37:15,763.0,1025861
2021-05-18 10:37:15,763.0,1025861
2021-05-18 10:37:18,762.85,1028852
2021-05-18 10:37:20,762.9,1029592
2021-05-18 10:37:21,762.85,1029602
2021-05-18 10:37:23,762.85,1029609
2021-05-18 10:37:24,762.9,1029725
2021-05-18 10:37:24,762.9,1029712
2021-05-18 10:37:25,762.9,1029728
2021-05-18 10:37:26,762.9,1029928
2021-05-18 10:37:27,762.85,1030309
2021-05-18 10:37:28,762.8,1030310
2021-05-18 10:37:30,762.9,1030335
2021-05-18 10:37:31,762.9,1030415
2021-05-18 10:37:32,762.9,1030415
2021-05-18 10:37:33,762.85,1030417
2021-05-18 10:37:34,762.85,1030417
2021-05-18 10:37:35,762.9,1030619
2021-05-18 10:37:36,762.9,1030629
2021-05-18 10:37:36,762.9,1030630
2021-05-18 10:37:38,762.85,1030769
2021-05-18 10:37:39,762.85,1030770
2021-05-18 10:37:41,762.9,1031289
2021-05-18 10:37:42,762.9,1031289
2021-05-18 10:37:43,762.65,1031485
2021-05-18 10:37:44,762.65,1031485
2021-05-18 10:37:45,763.0,1035189
2021-05-18 10:37:46,762.95,1035520
2021-05-18 10:37:47,762.95,1035820
2021-05-18 10:37:48,763.0,1035833
2021-05-18 10:37:49,762.95,1035859
2021-05-18 10:37:51,763.1,1036500
2021-05-18 10:37:52,763.1,1036500
2021-05-18 10:37:53,763.1,1036502
2021-05-18 10:37:54,763.1,1036502
2021-05-18 10:37:55,763.35,1036605
2021-05-18 10:37:55,763.4,1036590
2021-05-18 10:37:57,763.05,1037407
2021-05-18 10:37:59,763.3,1038088
2021-05-18 10:38:00,763.3,1038088
2021-05-18 10:38:01,763.3,1038093
2021-05-18 10:38:01,762.95,1039193
2021-05-18 10:38:03,763.35,1039316
2021-05-18 10:38:04,763.35,1039316
2021-05-18 10:38:05,763.0,1039440
2021-05-18 10:38:05,763.35,1039442
2021-05-18 10:38:07,763.0,1039568
2021-05-18 10:38:08,763.35,1039584
2021-05-18 10:38:09,763.35,1039604
2021-05-18 10:38:10,763.35,1039604
2021-05-18 10:38:10,763.35,1039604
2021-05-18 10:38:11,763.35,1039604
2021-05-18 10:38:12,763.05,1040521
2021-05-18 10:38:13,763.35,1040531
2021-05-18 10:38:14,763.35,1040531
2021-05-18 10:38:16,763.35,1040893
2021-05-18 10:38:17,763.3,1040902
2021-05-18 10:38:18,763.1,1040903
2021-05-18 10:38:19,763.1,1040903
2021-05-18 10:38:20,763.1,1040928
2021-05-18 10:38:21,763.1,1040928
2021-05-18 10:38:23,763.3,1041132
2021-05-18 10:38:24,763.25,1041334
2021-05-18 10:38:24,763.25,1041344
2021-05-18 10:38:25,763.1,1041385
2021-05-18 10:38:27,763.1,1041386
2021-05-18 10:38:28,763.1,1041387
2021-05-18 10:38:29,763.1,1041387
2021-05-18 10:38:31,763.1,1041919
2021-05-18 10:38:32,763.1,1041919
2021-05-18 10:38:33,763.1,1041921
2021-05-18 10:38:34,763.2,1042046
2021-05-18 10:38:35,763.2,1042046
2021-05-18 10:38:36,763.1,1042149
2021-05-18 10:38:37,763.1,1042150
2021-05-18 10:38:38,763.2,1042155
2021-05-18 10:38:39,763.1,1042156
2021-05-18 10:38:40,763.1,1042834
2021-05-18 10:38:41,763.2,1042913
2021-05-18 10:38:42,763.1,1043054
2021-05-18 10:38:43,763.1,1043057
2021-05-18 10:38:44,763.1,1043067
2021-05-18 10:38:45,763.1,1043067
2021-05-18 10:38:47,763.15,1043069
2021-05-18 10:38:47,763.15,1043068
2021-05-18 10:38:48,763.15,1043964
2021-05-18 10:38:51,763.1,1044223
2021-05-18 10:38:52,763.1,1044223
2021-05-18 10:38:52,762.85,1044226
2021-05-18 10:38:53,762.85,1044226
2021-05-18 10:38:54,762.85,1044226
2021-05-18 10:38:56,762.85,1044226
2021-05-18 10:38:57,763.0,1044306
2021-05-18 10:38:58,762.85,1044332
2021-05-18 10:38:59,763.0,1044687
2021-05-18 10:39:00,762.75,1044738
2021-05-18 10:39:01,762.9,1044739
2021-05-18 10:39:02,762.9,1044739
2021-05-18 10:39:03,762.75,1044752
2021-05-18 10:39:04,762.75,1044753
2021-05-18 10:39:05,762.75,1044753
2021-05-18 10:39:06,762.8,1044754
2021-05-18 10:39:07,763.0,1044832
2021-05-18 10:39:07,762.8,1044833
2021-05-18 10:39:08,762.8,1044858
2021-05-18 10:39:09,763.0,1044867
2021-05-18 10:39:10,763.0,1044867
2021-05-18 10:39:11,763.0,1044867
2021-05-18 10:39:12,762.8,1044871
2021-05-18 10:39:14,762.7,1045135
2021-05-18 10:39:15,762.8,1045200
2021-05-18 10:39:16,762.8,1045200
2021-05-18 10:39:17,762.8,1045200
2021-05-18 10:39:18,762.55,1045201
2021-05-18 10:39:19,762.55,1045250
2021-05-18 10:39:20,762.5,1049360
2021-05-18 10:39:21,762.6,1049392
2021-05-18 10:39:22,762.65,1049929
2021-05-18 10:39:23,762.55,1049945
2021-05-18 10:39:24,762.65,1049947
2021-05-18 10:39:25,762.65,1049957
2021-05-18 10:39:25,762.55,1050007
2021-05-18 10:39:27,762.55,1050007
2021-05-18 10:39:28,762.55,1050051
2021-05-18 10:39:29,762.65,1051302
2021-05-18 10:39:30,762.65,1051303
2021-05-18 10:39:31,762.9,1052293
2021-05-18 10:39:32,763.0,1052298
2021-05-18 10:39:33,762.6,1052398
