timestamp,ltp,volume
2021-05-18 09:15:24,112.3,103134
2021-05-18 09:15:31,112.35,116641
2021-05-18 09:15:37,112.4,132571
2021-05-18 09:15:43,112.35,142973
2021-05-18 09:15:49,112.5,146165
2021-05-18 09:15:56,112.5,153225
2021-05-18 09:16:01,112.45,175625
2021-05-18 09:16:13,112.55,232032
2021-05-18 09:16:19,112.6,232234
2021-05-18 09:16:25,112.4,256830
2021-05-18 09:16:31,112.4,268459
2021-05-18 09:16:42,112.25,285112
2021-05-18 09:16:48,112.3,287836
2021-05-18 09:16:54,112.25,288778
2021-05-18 09:17:00,112.25,292916
2021-05-18 09:17:06,112.3,312964
2021-05-18 09:17:11,112.4,316041
2021-05-18 09:17:17,112.4,318574
2021-05-18 09:17:23,112.3,320993
2021-05-18 09:17:28,112.4,325026
2021-05-18 09:17:34,112.4,352712
2021-05-18 09:17:40,112.35,353751
2021-05-18 09:17:45,112.4,360877
2021-05-18 09:17:51,112.35,365849
2021-05-18 09:17:56,112.35,375395
2021-05-18 09:18:02,112.35,393504
2021-05-18 09:18:07,112.5,396948
2021-05-18 09:18:13,112.4,397435
2021-05-18 09:18:19,112.5,400863
2021-05-18 09:18:24,112.5,402138
2021-05-18 09:18:30,112.5,419991
2021-05-18 09:18:36,112.5,420911
2021-05-18 09:18:41,112.5,421770
2021-05-18 09:18:47,112.45,429852
2021-05-18 09:18:52,112.45,430204
2021-05-18 09:18:57,112.5,440997
2021-05-18 09:19:03,112.4,464965
2021-05-18 09:19:08,112.4,468303
2021-05-18 09:19:19,112.45,497697
2021-05-18 09:19:24,112.35,501191
2021-05-18 09:19:30,112.35,502549
2021-05-18 09:19:35,112.3,506737
2021-05-18 09:19:41,112.3,512882
2021-05-18 09:19:46,112.4,523972
2021-05-18 09:19:51,112.45,551213
2021-05-18 09:19:57,112.45,553429
2021-05-18 09:20:02,112.5,557736
2021-05-18 09:20:08,112.5,571638
2021-05-18 09:20:13,112.55,576494
2021-05-18 09:20:19,112.7,586663
2021-05-18 09:20:24,112.6,591339
2021-05-18 09:20:30,112.75,601969
2021-05-18 09:20:35,112.8,610274
2021-05-18 09:20:40,112.65,623647
2021-05-18 09:20:46,112.7,625822
2021-05-18 09:20:51,112.7,636471
2021-05-18 09:21:02,112.8,686076
2021-05-18 09:21:07,112.8,690120
2021-05-18 09:21:13,112.85,700692
2021-05-18 09:21:18,112.85,709712
2021-05-18 09:21:23,112.75,709973
2021-05-18 09:21:29,112.9,715839
2021-05-18 09:21:34,112.85,718810
2021-05-18 09:21:39,112.8,725581
2021-05-18 09:21:50,112.8,736652
2021-05-18 09:21:56,112.8,739265
2021-05-18 09:22:06,112.7,760516
2021-05-18 09:22:11,112.65,761684
2021-05-18 09:22:17,112.75,788128
2021-05-18 09:22:22,112.75,788483
2021-05-18 09:22:27,112.8,789608
2021-05-18 09:22:33,112.75,798316
2021-05-18 09:22:38,112.85,831567
2021-05-18 09:22:43,112.9,834604
2021-05-18 09:22:49,112.8,838864
2021-05-18 09:22:54,112.8,854039
2021-05-18 09:22:59,112.8,854376
2021-05-18 09:23:05,112.8,855926
2021-05-18 09:23:10,112.75,859018
2021-05-18 09:23:15,112.7,868477
2021-05-18 09:23:20,112.75,869760
2021-05-18 09:23:26,112.65,874466
2021-05-18 09:23:31,112.7,875614
2021-05-18 09:23:36,112.65,876551
2021-05-18 09:23:47,112.6,879655
2021-05-18 09:23:52,112.6,879989
2021-05-18 09:23:58,112.6,896068
2021-05-18 09:24:03,112.5,896571
2021-05-18 09:24:08,112.5,904855
2021-05-18 09:24:13,112.5,907711
2021-05-18 09:24:18,112.4,910092
2021-05-18 09:24:23,112.45,911295
2021-05-18 09:24:29,112.4,912802
2021-05-18 09:24:34,112.45,913247
2021-05-18 09:24:39,112.4,914451
2021-05-18 09:24:44,112.45,919295
2021-05-18 09:24:48,112.45,920009
2021-05-18 09:24:59,112.4,928469
2021-05-18 09:25:03,112.45,928913
2021-05-18 09:25:08,112.4,929157
2021-05-18 09:25:13,112.45,931317
2021-05-18 09:25:19,112.45,933851
2021-05-18 09:25:24,112.45,941663
2021-05-18 09:25:29,112.55,943168
2021-05-18 09:25:34,112.55,943643
2021-05-18 09:25:39,112.55,943813
2021-05-18 09:25:44,112.5,946623
2021-05-18 09:25:49,112.55,947197
2021-05-18 09:25:54,112.5,948080
2021-05-18 09:25:59,112.5,948811
2021-05-18 09:26:09,112.45,951606
2021-05-18 09:26:13,112.45,952778
2021-05-18 09:26:18,112.55,955165
2021-05-18 09:26:23,112.5,957161
2021-05-18 09:26:28,112.45,960752
2021-05-18 09:26:33,112.55,966381
2021-05-18 09:26:38,112.5,966436
2021-05-18 09:26:43,112.55,966706
2021-05-18 09:26:48,112.5,989139
2021-05-18 09:26:53,112.45,993442
2021-05-18 09:26:58,112.5,994111
2021-05-18 09:27:03,112.4,1024252
2021-05-18 09:27:08,112.45,1037355
2021-05-18 09:27:13,112.4,1044923
2021-05-18 09:27:18,112.4,1046164
2021-05-18 09:27:23,112.35,1047496
2021-05-18 09:27:28,112.3,1054727
2021-05-18 09:27:33,112.35,1058761
2021-05-18 09:27:38,112.4,1061247
2021-05-18 09:27:43,112.35,1061661
2021-05-18 09:27:48,112.4,1062360
2021-05-18 09:27:52,112.4,1062926
2021-05-18 09:27:57,112.35,1064426
2021-05-18 09:28:01,112.3,1067225
2021-05-18 09:28:06,112.35,1067305
2021-05-18 09:28:11,112.3,1069967
2021-05-18 09:28:15,112.3,1070571
2021-05-18 09:28:20,112.3,1070992
2021-05-18 09:28:24,112.3,1076177
2021-05-18 09:28:29,112.3,1078713
2021-05-18 09:28:34,112.3,1090219
2021-05-18 09:28:39,112.3,1091911
2021-05-18 09:28:49,112.25,1097210
2021-05-18 09:28:53,112.25,1099549
2021-05-18 09:28:58,112.3,1100589
2021-05-18 09:29:03,112.35,1128503
2021-05-18 09:29:08,112.4,1132692
2021-05-18 09:29:12,112.5,1155216
2021-05-18 09:29:17,112.6,1162339
2021-05-18 09:29:21,112.6,1167320
2021-05-18 09:29:26,112.6,1172785
2021-05-18 09:29:31,112.6,1179647
2021-05-18 09:29:36,112.7,1180140
2021-05-18 09:29:40,112.7,1187110
2021-05-18 09:29:45,112.6,1187335
2021-05-18 09:29:49,112.6,1187494
2021-05-18 09:29:53,112.6,1187707
2021-05-18 09:29:58,112.7,1196557
2021-05-18 09:30:03,112.7,1197274
2021-05-18 09:30:08,112.65,1203288
2021-05-18 09:30:12,112.7,1205007
2021-05-18 09:30:17,112.7,1211821
2021-05-18 09:30:31,112.6,1224062
2021-05-18 09:30:36,112.6,1228740
2021-05-18 09:30:40,112.65,1229430
2021-05-18 09:30:45,112.6,1230282
2021-05-18 09:30:50,112.6,1242020
2021-05-18 09:30:55,112.6,1246698
2021-05-18 09:31:00,112.65,1246932
2021-05-18 09:31:05,112.65,1255657
2021-05-18 09:31:09,112.7,1258054
2021-05-18 09:31:14,112.75,1266236
2021-05-18 09:31:19,112.85,1274624
2021-05-18 09:31:24,112.9,1286543
2021-05-18 09:31:28,112.8,1292937
2021-05-18 09:31:33,112.8,1308110
2021-05-18 09:31:38,112.8,1310760
2021-05-18 09:31:43,112.9,1316579
2021-05-18 09:31:48,112.85,1318086
2021-05-18 09:31:52,112.85,1319313
2021-05-18 09:31:57,112.85,1326116
2021-05-18 09:32:02,112.85,1340765
2021-05-18 09:32:12,112.85,1347882
2021-05-18 09:32:17,112.8,1353140
2021-05-18 09:32:21,112.85,1357951
2021-05-18 09:32:26,112.85,1362974
2021-05-18 09:32:32,112.8,1367694
2021-05-18 09:32:37,112.85,1375228
2021-05-18 09:32:42,112.9,1378449
2021-05-18 09:32:46,112.85,1384597
2021-05-18 09:32:51,112.95,1388981
2021-05-18 09:32:56,112.95,1411940
2021-05-18 09:33:01,112.95,1425352
2021-05-18 09:33:06,112.95,1426004
2021-05-18 09:33:10,112.95,1436941
2021-05-18 09:33:15,112.9,1437825
2021-05-18 09:33:19,112.95,1446319
2021-05-18 09:33:23,112.95,1457964
2021-05-18 09:33:28,113.05,1469763
2021-05-18 09:33:33,112.95,1480689
2021-05-18 09:33:38,113.0,1488857
2021-05-18 09:33:43,112.85,1500292
2021-05-18 09:33:47,112.9,1505992
2021-05-18 09:33:52,112.85,1507130
2021-05-18 09:33:56,112.9,1517005
2021-05-18 09:34:01,112.9,1523796
2021-05-18 09:34:06,112.95,1526914
2021-05-18 09:34:11,112.95,1526984
2021-05-18 09:34:16,112.85,1538804
2021-05-18 09:34:25,113.0,1554547
2021-05-18 09:34:35,112.8,1562186
2021-05-18 09:34:40,112.85,1563236
2021-05-18 09:34:44,112.85,1578217
2021-05-18 09:34:49,112.8,1581718
2021-05-18 09:34:54,112.9,1587957
2021-05-18 09:34:59,112.9,1588871
2021-05-18 09:35:04,112.8,1589677
2021-05-18 09:35:09,112.85,1589782
2021-05-18 09:35:14,112.85,1590340
2021-05-18 09:35:18,112.85,1599350
2021-05-18 09:35:28,112.85,1606861
2021-05-18 09:35:33,112.85,1607036
2021-05-18 09:35:38,112.85,1608100
2021-05-18 09:35:43,112.85,1608620
2021-05-18 09:35:47,112.85,1614412
2021-05-18 09:35:52,112.9,1620941
2021-05-18 09:36:06,112.8,1621854
2021-05-18 09:36:11,112.8,1623888
2021-05-18 09:36:16,112.8,1629098
2021-05-18 09:36:26,112.8,1630436
2021-05-18 09:36:35,112.75,1634259
2021-05-18 09:36:40,112.75,1634446
2021-05-18 09:36:44,112.7,1634672
2021-05-18 09:36:48,112.7,1638909
2021-05-18 09:36:53,112.65,1655246
2021-05-18 09:36:57,112.65,1655559
2021-05-18 09:37:02,112.65,1655705
2021-05-18 09:37:06,112.65,1656545
2021-05-18 09:37:11,112.65,1657727
2021-05-18 09:37:15,112.7,1658468
2021-05-18 09:37:20,112.65,1658614
2021-05-18 09:37:25,112.65,1658888
2021-05-18 09:37:29,112.6,1663269
2021-05-18 09:37:34,112.6,1666971
2021-05-18 09:37:39,112.6,1667993
2021-05-18 09:37:43,112.65,1668263
2021-05-18 09:37:52,112.6,1671821
2021-05-18 09:37:56,112.6,1674038
2021-05-18 09:38:01,112.6,1674419
2021-05-18 09:38:06,112.6,1675240
2021-05-18 09:38:11,112.6,1677042
2021-05-18 09:38:16,112.65,1679295
2021-05-18 09:38:21,112.55,1679391
2021-05-18 09:38:25,112.6,1680547
2021-05-18 09:38:30,112.7,1684759
2021-05-18 09:38:34,112.65,1686160
2021-05-18 09:38:39,112.6,1687107
2021-05-18 09:38:43,112.65,1687135
2021-05-18 09:38:48,112.65,1687141
2021-05-18 09:38:53,112.65,1690989
2021-05-18 09:38:57,112.6,1691317
2021-05-18 09:39:06,112.65,1692962
2021-05-18 09:39:10,112.65,1696621
2021-05-18 09:39:15,112.65,1698413
2021-05-18 09:39:19,112.6,1699935
2021-05-18 09:39:24,112.55,1701938
2021-05-18 09:39:28,112.55,1705771
2021-05-18 09:39:33,112.55,1707436
2021-05-18 09:39:37,112.55,1708238
2021-05-18 09:39:41,112.55,1710680
2021-05-18 09:39:45,112.55,1710680
2021-05-18 09:39:50,112.6,1712514
2021-05-18 09:39:54,112.6,1712526
2021-05-18 09:39:58,112.65,1717005
2021-05-18 09:40:02,112.55,1718030
2021-05-18 09:40:07,112.6,1723313
2021-05-18 09:40:12,112.75,1731100
2021-05-18 09:40:16,112.65,1731277
2021-05-18 09:40:20,112.9,1750107
2021-05-18 09:40:24,112.95,1766656
2021-05-18 09:40:28,112.95,1766965
2021-05-18 09:40:37,112.85,1767762
2021-05-18 09:40:41,112.95,1768808
2021-05-18 09:40:45,112.9,1768830
2021-05-18 09:40:49,112.95,1769380
2021-05-18 09:40:53,112.95,1774903
2021-05-18 09:41:00,112.95,1777251
2021-05-18 09:41:04,112.95,1777443
2021-05-18 09:41:08,112.95,1779011
2021-05-18 09:41:12,112.9,1783149
2021-05-18 09:41:17,113.05,1832557
2021-05-18 09:41:21,113.0,1841789
2021-05-18 09:41:26,112.95,1846853
2021-05-18 09:41:31,112.95,1850196
2021-05-18 09:41:39,113.0,1856876
2021-05-18 09:41:42,112.9,1859953
2021-05-18 09:41:46,112.9,1865724
2021-05-18 09:41:50,112.85,1873980
2021-05-18 09:41:54,112.85,1874180
2021-05-18 09:42:02,112.8,1877689
2021-05-18 09:42:07,112.85,1884313
2021-05-18 09:42:11,112.9,1885093
2021-05-18 09:42:15,113.0,1886730
2021-05-18 09:42:20,113.0,1890823
2021-05-18 09:42:24,113.05,1896754
2021-05-18 09:42:28,113.05,1899917
2021-05-18 09:42:32,113.05,1900664
2021-05-18 09:42:36,112.95,1903392
2021-05-18 09:42:40,113.05,1905165
2021-05-18 09:42:45,113.05,1909428
2021-05-18 09:42:49,113.1,1911131
2021-05-18 09:42:54,113.1,1913486
2021-05-18 09:42:59,113.1,1915458
2021-05-18 09:43:03,113.05,1916856
2021-05-18 09:43:08,113.05,1919215
2021-05-18 09:43:12,113.05,1921850
2021-05-18 09:43:17,113.25,1944217
2021-05-18 09:43:21,113.25,1946829
2021-05-18 09:43:25,113.2,1949032
2021-05-18 09:43:30,113.2,1949785
2021-05-18 09:43:34,113.25,1952809
2021-05-18 09:43:38,113.2,1958083
2021-05-18 09:43:42,113.25,1963883
2021-05-18 09:43:47,113.2,1971535
2021-05-18 09:43:51,113.3,1973664
2021-05-18 09:43:55,113.2,2011990
2021-05-18 09:43:59,113.15,2014569
2021-05-18 09:44:04,113.15,2016702
2021-05-18 09:44:08,113.15,2022866
2021-05-18 09:44:12,113.05,2024171
2021-05-18 09:44:17,113.05,2024976
2021-05-18 09:44:20,113.05,2025209
2021-05-18 09:44:24,113.05,2025490
2021-05-18 09:44:28,113.05,2033249
2021-05-18 09:44:31,112.95,2035885
2021-05-18 09:44:35,113.0,2036874
2021-05-18 09:44:39,113.0,2037191
2021-05-18 09:44:44,112.95,2047420
2021-05-18 09:44:48,113.0,2052174
2021-05-18 09:44:52,113.0,2057344
2021-05-18 09:44:56,113.05,2059848
2021-05-18 09:45:01,112.95,2059849
2021-05-18 09:45:05,113.0,2061142
2021-05-18 09:45:09,113.0,2063812
2021-05-18 09:45:13,113.05,2064012
2021-05-18 09:45:17,113.05,2064363
2021-05-18 09:45:22,113.05,2064893
2021-05-18 09:45:26,113.05,2065865
2021-05-18 09:45:30,113.1,2071018
2021-05-18 09:45:34,113.1,2071457
2021-05-18 09:45:39,113.15,2072427
2021-05-18 09:45:43,113.15,2076647
2021-05-18 09:45:47,113.2,2077169
2021-05-18 09:45:51,113.15,2077336
2021-05-18 09:45:55,113.15,2078429
2021-05-18 09:45:59,113.15,2078831
2021-05-18 09:46:03,113.15,2079138
2021-05-18 09:46:11,113.2,2095655
2021-05-18 09:46:16,113.2,2097914
2021-05-18 09:46:20,113.2,2101142
2021-05-18 10:18:07,113.0,3246834
2021-05-18 10:18:10,112.9,3247064
2021-05-18 10:18:13,113.0,3247184
2021-05-18 10:18:16,112.95,3254150
2021-05-18 10:18:20,113.0,3256151
2021-05-18 10:18:23,113.0,3258238
2021-05-18 10:18:27,113.0,3264507
2021-05-18 10:18:30,113.0,3264604
2021-05-18 10:18:34,113.05,3269486
2021-05-18 10:18:37,113.0,3269583
2021-05-18 10:18:41,113.05,3284007
2021-05-18 10:18:45,113.05,3286448
2021-05-18 10:18:49,113.05,3286777
2021-05-18 10:18:57,113.05,3287368
2021-05-18 10:19:00,113.1,3301164
2021-05-18 10:19:04,113.2,3305388
2021-05-18 10:19:11,113.1,3305589
2021-05-18 10:19:15,113.2,3306244
2021-05-18 10:19:19,113.2,3306412
2021-05-18 10:19:22,113.15,3307881
2021-05-18 10:19:30,113.2,3309596
2021-05-18 10:19:33,113.15,3309901
2021-05-18 10:19:37,113.15,3310945
2021-05-18 10:19:41,113.15,3311192
2021-05-18 10:19:44,113.15,3311662
2021-05-18 10:19:47,113.15,3313126
2021-05-18 10:19:51,113.15,3313131
2021-05-18 10:19:54,113.15,3313521
2021-05-18 10:19:58,113.15,3314638
2021-05-18 10:20:02,113.15,3315185
2021-05-18 10:20:06,113.1,3325375
2021-05-18 10:20:10,113.1,3326784
2021-05-18 10:20:13,113.1,3327784
2021-05-18 10:20:17,113.1,3333052
2021-05-18 10:20:24,113.1,3336558
2021-05-18 10:20:30,113.05,3336849
2021-05-18 10:20:33,113.05,3337943
2021-05-18 10:20:36,113.05,3337949
2021-05-18 10:20:40,113.0,3338249
2021-05-18 10:20:43,113.05,3338302
2021-05-18 10:20:46,113.0,3338376
2021-05-18 10:20:50,113.0,3338396
2021-05-18 10:20:54,113.0,3339809
2021-05-18 10:20:57,113.0,3340169
2021-05-18 10:21:00,113.0,3340519
2021-05-18 10:21:04,113.0,3340622
2021-05-18 10:21:07,113.0,3340776
2021-05-18 10:21:10,113.05,3340886
2021-05-18 10:21:14,113.0,3341292
2021-05-18 10:21:17,113.05,3341313
2021-05-18 10:21:20,113.05,3341313
2021-05-18 10:21:23,113.0,3346040
2021-05-18 10:21:26,113.1,3348041
2021-05-18 10:21:29,113.15,3348819
2021-05-18 10:21:33,113.05,3348875
2021-05-18 10:21:37,113.1,3348885
2021-05-18 10:21:40,113.15,3349483
2021-05-18 10:21:43,113.1,3351088
2021-05-18 10:21:46,113.1,3351088
2021-05-18 10:21:52,113.1,3352755
2021-05-18 10:21:55,113.1,3355091
2021-05-18 10:21:59,113.1,3355758
2021-05-18 10:22:02,113.1,3355801
2021-05-18 10:22:05,113.15,3356041
2021-05-18 10:22:09,113.15,3356873
2021-05-18 10:22:13,113.1,3356879
2021-05-18 10:22:20,113.2,3367132
2021-05-18 10:22:24,113.2,3367382
2021-05-18 10:22:27,113.15,3368030
2021-05-18 10:22:30,113.2,3368635
2021-05-18 10:22:34,113.3,3433958
2021-05-18 10:22:39,113.25,3434170
2021-05-18 10:22:42,113.35,3438418
2021-05-18 10:22:46,113.4,3468588
2021-05-18 10:22:50,113.45,3471010
2021-05-18 10:22:53,113.45,3471894
2021-05-18 10:22:57,113.4,3474262
2021-05-18 10:23:01,113.4,3477053
2021-05-18 10:23:04,113.45,3482824
2021-05-18 10:23:08,113.45,3483263
2021-05-18 10:23:11,113.5,3490623
2021-05-18 10:23:14,113.5,3495018
2021-05-18 10:23:18,113.45,3496999
2021-05-18 10:23:21,113.45,3497334
2021-05-18 10:23:24,113.4,3498358
2021-05-18 10:23:27,113.4,3498782
2021-05-18 10:23:31,113.5,3499825
2021-05-18 10:23:34,113.45,3500670
2021-05-18 10:23:37,113.4,3502880
2021-05-18 10:23:40,113.45,3503138
2021-05-18 10:23:43,113.45,3505786
2021-05-18 10:23:46,113.5,3580344
2021-05-18 10:23:50,113.5,3583976
2021-05-18 10:23:54,113.5,3590281
2021-05-18 10:23:57,113.55,3593553
2021-05-18 10:24:00,113.55,3594654
2021-05-18 10:24:03,113.6,3596073
2021-05-18 10:24:06,113.55,3598449
2021-05-18 10:24:10,113.55,3604676
2021-05-18 10:24:13,113.6,3605819
2021-05-18 10:24:16,113.6,3606185
2021-05-18 10:24:19,113.55,3612045
2021-05-18 10:24:22,113.55,3627120
2021-05-18 10:24:25,113.6,3630280
2021-05-18 10:24:28,113.55,3637927
2021-05-18 10:24:31,113.6,3639840
2021-05-18 10:24:34,113.55,3640333
2021-05-18 10:24:37,113.6,3642635
2021-05-18 10:24:40,113.55,3644921
2021-05-18 10:24:44,113.6,3648169
2021-05-18 10:24:47,113.55,3649589
2021-05-18 10:24:50,113.6,3651563
2021-05-18 10:24:53,113.6,3652480
2021-05-18 10:24:56,113.6,3654611
2021-05-18 10:24:59,113.6,3660821
2021-05-18 10:25:02,113.6,3671860
2021-05-18 10:25:06,113.65,3679006
2021-05-18 10:25:09,113.65,3685904
2021-05-18 10:25:13,113.65,3687536
2021-05-18 10:25:17,113.65,3689225
2021-05-18 10:25:20,113.65,3689539
2021-05-18 10:25:27,113.65,3694379
2021-05-18 10:25:30,113.65,3697672
2021-05-18 10:25:34,113.55,3713606
2021-05-18 10:25:37,113.6,3714857
2021-05-18 10:25:41,113.6,3715190
2021-05-18 10:25:44,113.6,3719433
2021-05-18 10:25:47,113.6,3720081
2021-05-18 10:25:49,113.55,3742646
2021-05-18 10:25:50,113.55,3742658
2021-05-18 10:25:52,113.55,3742669
2021-05-18 10:25:52,113.5,3742675
2021-05-18 10:25:53,113.5,3742956
2021-05-18 10:25:54,113.55,3743060
2021-05-18 10:25:55,113.55,3743162
2021-05-18 10:25:56,113.55,3743163
2021-05-18 10:25:57,113.5,3743522
2021-05-18 10:25:58,113.5,3743673
2021-05-18 10:25:59,113.55,3743875
2021-05-18 10:26:00,113.55,3744376
2021-05-18 10:26:02,113.5,3745656
2021-05-18 10:26:03,113.5,3745656
2021-05-18 10:26:04,113.5,3748408
2021-05-18 10:26:05,113.55,3751315
2021-05-18 10:26:07,113.5,3751865
2021-05-18 10:26:08,113.5,3751915
2021-05-18 10:26:09,113.55,3757315
2021-05-18 10:26:09,113.55,3757815
2021-05-18 10:26:10,113.55,3758515
2021-05-18 10:26:11,113.5,3758530
2021-05-18 10:26:12,113.5,3758536
2021-05-18 10:26:13,113.55,3759129
2021-05-18 10:26:15,113.5,3759375
2021-05-18 10:26:14,113.5,3759230
2021-05-18 10:26:16,113.5,3759375
2021-05-18 10:26:17,113.5,3759398
2021-05-18 10:26:19,113.5,3760411
2021-05-18 10:26:20,113.5,3760461
2021-05-18 10:26:21,113.55,3760472
2021-05-18 10:26:22,113.5,3761906
2021-05-18 10:26:23,113.55,3761916
2021-05-18 10:26:25,113.5,3762916
2021-05-18 10:26:26,113.5,3763193
2021-05-18 10:26:26,113.5,3763193
2021-05-18 10:26:27,113.5,3767580
2021-05-18 10:26:29,113.6,3767630
2021-05-18 10:26:30,113.55,3776447
2021-05-18 10:26:31,113.6,3778239
2021-05-18 10:26:32,113.5,3778240
2021-05-18 10:26:33,113.5,3781240
2021-05-18 10:26:33,113.5,3781240
2021-05-18 10:26:35,113.65,3790858
2021-05-18 10:26:37,113.6,3792170
2021-05-18 10:26:38,113.55,3792526
2021-05-18 10:26:39,113.6,3792786
2021-05-18 10:26:40,113.65,3798760
2021-05-18 10:26:40,113.6,3792786
2021-05-18 10:26:41,113.6,3800274
2021-05-18 10:26:42,113.6,3800814
2021-05-18 10:26:44,113.6,3800815
2021-05-18 10:26:45,113.6,3800815
2021-05-18 10:26:46,113.65,3800923
2021-05-18 10:26:46,113.65,3800923
2021-05-18 10:26:47,113.65,3800923
2021-05-18 10:26:48,113.65,3800923
2021-05-18 10:26:49,113.6,3802688
2021-05-18 10:26:50,113.6,3802688
2021-05-18 10:26:51,113.6,3802907
2021-05-18 10:26:52,113.6,3802968
2021-05-18 10:26:53,113.6,3802969
2021-05-18 10:26:54,113.6,3802989
2021-05-18 10:26:55,113.6,3802989
2021-05-18 10:26:56,113.6,3802989
2021-05-18 10:26:57,113.6,3803540
2021-05-18 10:26:58,113.7,3809250
2021-05-18 10:26:59,113.7,3809250
2021-05-18 10:27:01,113.6,3809489
2021-05-18 10:27:02,113.65,3818203
2021-05-18 10:27:02,113.6,3817703
2021-05-18 10:27:03,113.65,3819226
2021-05-18 10:27:04,113.55,3826226
2021-05-18 10:27:05,113.65,3830416
2021-05-18 10:27:06,113.65,3830416
2021-05-18 10:27:07,113.65,3830416
2021-05-18 10:27:10,113.6,3830630
2021-05-18 10:27:11,113.6,3830630
2021-05-18 10:27:11,113.6,3830631
2021-05-18 10:27:12,113.6,3831181
2021-05-18 10:27:13,113.55,3831231
2021-05-18 10:27:15,113.65,3831881
2021-05-18 10:27:15,113.65,3831881
2021-05-18 10:27:16,113.65,3831881
2021-05-18 10:27:17,113.6,3832862
2021-05-18 10:27:18,113.6,3836418
2021-05-18 10:27:20,113.65,3852949
2021-05-18 10:27:21,113.65,3852949
2021-05-18 10:27:23,113.6,3853167
2021-05-18 10:27:25,113.6,3853167
2021-05-18 10:27:25,113.65,3853567
2021-05-18 10:27:26,113.55,3853667
2021-05-18 10:27:28,113.65,3853688
2021-05-18 10:27:29,113.6,3853958
2021-05-18 10:27:29,113.65,3855998
2021-05-18 10:27:30,113.65,3857498
2021-05-18 10:27:32,113.65,3857498
2021-05-18 10:27:33,113.6,3857640
2021-05-18 10:27:34,113.6,3857640
2021-05-18 10:27:36,113.6,3858208
2021-05-18 10:27:37,113.65,3858210
2021-05-18 10:27:38,113.6,3858325
2021-05-18 10:27:38,113.6,3858326
2021-05-18 10:27:39,113.6,3858432
2021-05-18 10:27:41,113.6,3860935
2021-05-18 10:27:42,113.6,3861039
2021-05-18 10:27:43,113.6,3861039
2021-05-18 10:27:44,113.6,3861089
2021-05-18 10:27:45,113.6,3862364
2021-05-18 10:27:45,113.6,3862364
2021-05-18 10:27:46,113.6,3862364
2021-05-18 10:27:47,113.65,3862714
2021-05-18 10:27:48,113.6,3862814
2021-05-18 10:27:49,113.6,3862814
2021-05-18 10:27:51,113.6,3863964
2021-05-18 10:27:52,113.6,3863964
2021-05-18 10:27:53,113.6,3864472
2021-05-18 10:27:54,113.6,3865372
2021-05-18 10:27:55,113.65,3865377
2021-05-18 10:27:55,113.6,3865452
2021-05-18 10:27:57,113.6,3867147
2021-05-18 10:27:57,113.6,3867157
2021-05-18 10:27:59,113.6,3894268
2021-05-18 10:27:59,113.6,3894268
2021-05-18 10:28:03,113.55,3899866
2021-05-18 10:28:04,113.55,3899866
2021-05-18 10:28:05,113.5,3899867
2021-05-18 10:28:06,113.5,3900067
2021-05-18 10:28:07,113.55,3900567
2021-05-18 10:28:08,113.5,3900667
2021-05-18 10:28:09,113.55,3900719
2021-05-18 10:28:11,113.45,3904326
2021-05-18 10:28:12,113.5,3904336
2021-05-18 10:28:13,113.45,3904621
2021-05-18 10:28:14,113.45,3904621
2021-05-18 10:28:15,113.45,3904856
2021-05-18 10:28:15,113.45,3904856
2021-05-18 10:28:16,113.45,3904856
2021-05-18 10:28:17,113.45,3904946
2021-05-18 10:28:19,113.45,3904946
2021-05-18 10:28:20,113.45,3904946
2021-05-18 10:28:21,113.45,3905576
2021-05-18 10:28:22,113.45,3905586
2021-05-18 10:28:23,113.45,3911341
2021-05-18 10:28:24,113.45,3911341
2021-05-18 10:28:24,113.5,3911346
2021-05-18 10:28:25,113.45,3912446
2021-05-18 10:28:26,113.5,3918146
2021-05-18 10:28:27,113.5,3918146
2021-05-18 10:28:28,113.45,3918296
2021-05-18 10:28:29,113.45,3918296
2021-05-18 10:28:30,113.45,3918366
2021-05-18 10:28:32,113.5,3919391
2021-05-18 10:28:33,113.45,3919507
2021-05-18 10:28:34,113.45,3919615
2021-05-18 10:28:36,113.5,3919716
2021-05-18 10:28:37,113.45,3921300
2021-05-18 10:28:38,113.45,3921430
2021-05-18 10:28:39,113.45,3922626
2021-05-18 10:28:41,113.45,3922947
2021-05-18 10:28:42,113.45,3923037
2021-05-18 10:28:43,113.45,3923438
2021-05-18 10:28:44,113.45,3946105
2021-05-18 10:28:45,113.45,3946105
2021-05-18 10:28:46,113.45,3947105
2021-05-18 10:28:47,113.45,3947105
2021-05-18 10:28:47,113.45,3948105
2021-05-18 10:28:50,113.5,3948206
2021-05-18 10:28:51,113.5,3948206
2021-05-18 10:28:53,113.45,3949684
2021-05-18 10:28:54,113.45,3950564
2021-05-18 10:28:55,113.4,3950577
2021-05-18 10:28:56,113.4,3950577
2021-05-18 10:28:57,113.4,3950577
2021-05-18 10:28:58,113.4,3950577
2021-05-18 10:28:59,113.4,3951077
2021-05-18 10:29:00,113.4,3951077
2021-05-18 10:29:01,113.4,3951077
2021-05-18 10:29:02,113.45,3951079
2021-05-18 10:29:02,113.4,3951089
2021-05-18 10:29:03,113.5,3956196
2021-05-18 10:29:04,113.4,3956311
2021-05-18 10:29:05,113.45,3956519
2021-05-18 10:29:06,113.45,3957699
2021-05-18 10:29:07,113.45,3957699
2021-05-18 10:29:08,113.35,3962307
2021-05-18 10:29:09,113.45,3964312
2021-05-18 10:29:10,113.45,3965512
2021-05-18 10:29:12,113.45,3965512
2021-05-18 10:29:12,113.4,3966512
2021-05-18 10:29:14,113.4,3966623
2021-05-18 10:29:14,113.4,3968403
2021-05-18 10:29:15,113.4,3968456
2021-05-18 10:29:17,113.4,3968749
2021-05-18 10:29:18,113.4,3968749
2021-05-18 10:29:19,113.4,3969213
2021-05-18 10:29:20,113.4,3969265
2021-05-18 10:29:21,113.4,3969265
2021-05-18 10:29:22,113.45,3969465
2021-05-18 10:29:23,113.45,3969472
2021-05-18 10:29:23,113.4,3969473
2021-05-18 10:29:25,113.4,3969473
2021-05-18 10:29:26,113.4,3969473
2021-05-18 10:29:28,113.4,3969473
2021-05-18 10:29:29,113.4,3969493
2021-05-18 10:29:30,113.45,3973769
2021-05-18 10:29:31,113.45,3973874
2021-05-18 10:29:32,113.45,3974374
2021-05-18 10:29:33,113.5,3979426
2021-05-18 10:29:35,113.5,3979452
2021-05-18 10:29:36,113.5,3979456
2021-05-18 10:29:37,113.45,3979460
2021-05-18 10:29:38,113.45,3979662
2021-05-18 10:29:39,113.5,3979667
2021-05-18 10:29:40,113.45,3979692
2021-05-18 10:29:41,113.45,3979695
2021-05-18 10:29:42,113.45,3985403
2021-05-18 10:29:42,113.45,3985404
2021-05-18 10:29:43,113.4,3988281
2021-05-18 10:29:44,113.45,3992291
2021-05-18 10:29:45,113.45,3992292
2021-05-18 10:29:47,113.45,3992295
2021-05-18 10:29:48,113.45,3992295
2021-05-18 10:29:49,113.4,3992340
2021-05-18 10:29:50,113.45,3992393
2021-05-18 10:29:51,113.45,3992493
2021-05-18 10:29:52,113.45,3992493
2021-05-18 10:29:54,113.45,3994928
2021-05-18 10:29:54,113.4,3993728
2021-05-18 10:29:55,113.4,3994980
2021-05-18 10:29:56,113.5,4001634
2021-05-18 10:29:58,113.5,4001634
2021-05-18 10:29:59,113.5,4001634
2021-05-18 10:30:00,113.5,4001634
2021-05-18 10:30:01,113.5,4001654
2021-05-18 10:30:02,113.5,4002455
2021-05-18 10:30:03,113.45,4002505
2021-05-18 10:30:05,113.45,4002815
2021-05-18 10:30:04,113.5,4002525
2021-05-18 10:30:06,113.45,4002970
2021-05-18 10:30:07,113.5,4002971
2021-05-18 10:30:08,113.5,4002971
2021-05-18 10:30:09,113.5,4002971
2021-05-18 10:30:10,113.45,4003981
2021-05-18 10:30:11,113.5,4004037
2021-05-18 10:30:12,113.5,4004037
2021-05-18 10:30:13,113.5,4004037
2021-05-18 10:30:14,113.45,4004087
2021-05-18 10:30:15,113.45,4004420
2021-05-18 10:30:16,113.45,4004420
2021-05-18 10:30:17,113.45,4005920
2021-05-18 10:30:18,113.45,4005920
2021-05-18 10:30:19,113.45,4005921
2021-05-18 10:30:20,113.45,4006225
2021-05-18 10:30:21,113.45,4006225
2021-05-18 10:30:22,113.45,4006225
2021-05-18 10:30:23,113.45,4006225
2021-05-18 10:30:24,113.45,4006430
2021-05-18 10:30:25,113.4,4006630
2021-05-18 10:30:26,113.4,4006630
2021-05-18 10:30:27,113.4,4006630
2021-05-18 10:30:28,113.4,4012630
2021-05-18 10:30:30,113.4,4012840
2021-05-18 10:30:31,113.4,4012840
2021-05-18 10:30:32,113.4,4012850
2021-05-18 10:30:33,113.4,4012850
2021-05-18 10:30:34,113.4,4012850
2021-05-18 10:30:35,113.4,4012850
2021-05-18 10:30:36,113.4,4012850
2021-05-18 10:30:38,113.45,4013045
2021-05-18 10:30:39,113.45,4013045
2021-05-18 10:30:40,113.45,4013735
2021-05-18 10:30:41,113.45,4013735
2021-05-18 10:30:42,113.45,4013735
2021-05-18 10:30:43,113.45,4013735
2021-05-18 10:30:44,113.45,4013755
2021-05-18 10:30:45,113.45,4014825
2021-05-18 10:30:46,113.4,4014840
2021-05-18 10:30:47,113.45,4014842
2021-05-18 10:30:48,113.45,4014842
2021-05-18 10:30:49,113.45,4014862
2021-05-18 10:30:52,113.4,4014882
2021-05-18 10:30:56,113.4,4014893
2021-05-18 10:30:59,113.4,4035070
2021-05-18 10:31:02,113.45,4036092
2021-05-18 10:31:06,113.45,4041792
2021-05-18 10:31:09,113.4,4041892
2021-05-18 10:31:11,113.45,4041929
2021-05-18 10:31:14,113.45,4042230
2021-05-18 10:31:17,113.45,4042324
2021-05-18 10:31:21,113.45,4044634
2021-05-18 10:31:24,113.45,4047774
2021-05-18 10:31:27,113.45,4047799
2021-05-18 10:31:29,113.45,4050594
2021-05-18 10:31:32,113.45,4050705
2021-05-18 10:31:35,113.45,4050852
2021-05-18 10:31:37,113.5,4053726
2021-05-18 10:31:40,113.4,4053919
2021-05-18 10:31:43,113.4,4053919
2021-05-18 10:31:45,113.45,4054007
2021-05-18 10:31:48,113.4,4054123
2021-05-18 10:31:52,113.45,4054133
2021-05-18 10:31:55,113.4,4058169
2021-05-18 10:31:58,113.4,4059680
2021-05-18 10:32:01,113.5,4075917
2021-05-18 10:32:04,113.45,4075931
2021-05-18 10:32:07,113.5,4076044
2021-05-18 10:32:10,113.45,4076144
2021-05-18 10:32:12,113.45,4076294
2021-05-18 10:32:15,113.5,4077614
2021-05-18 10:32:19,113.5,4077614
2021-05-18 10:32:22,113.45,4077814
2021-05-18 10:32:25,113.45,4078269
2021-05-18 10:32:28,113.45,4078269
2021-05-18 10:32:32,113.45,4078279
2021-05-18 10:32:35,113.45,4078496
2021-05-18 10:32:38,113.5,4079764
2021-05-18 10:32:41,113.45,4080709
2021-05-18 10:32:44,113.5,4081929
2021-05-18 10:32:47,113.5,4082209
2021-05-18 10:32:50,113.5,4082559
2021-05-18 10:32:53,113.5,4083416
2021-05-18 10:32:56,113.5,4083416
2021-05-18 10:32:59,113.45,4083420
2021-05-18 10:33:02,113.45,4083450
2021-05-18 10:33:05,113.45,4083867
2021-05-18 10:33:08,113.45,4084567
2021-05-18 10:33:11,113.45,4084767
2021-05-18 10:33:14,113.45,4084777
2021-05-18 10:33:16,113.5,4085340
2021-05-18 10:33:19,113.45,4085341
2021-05-18 10:33:22,113.45,4085342
2021-05-18 10:33:25,113.45,4085542
2021-05-18 10:33:29,113.45,4085917
2021-05-18 10:33:32,113.45,4088380
2021-05-18 10:33:35,113.5,4088389
2021-05-18 10:33:42,113.45,4089103
2021-05-18 10:33:45,113.45,4092257
2021-05-18 10:33:48,113.45,4092471
2021-05-18 10:33:51,113.45,4092671
2021-05-18 10:33:53,113.4,4092832
2021-05-18 10:33:57,113.4,4092968
2021-05-18 10:34:03,113.4,4093807
2021-05-18 10:34:06,113.5,4100632
2021-05-18 10:34:10,113.5,4100737
2021-05-18 10:34:13,113.5,4100738
2021-05-18 10:34:16,113.5,4100738
2021-05-18 10:34:19,113.5,4101793
2021-05-18 10:34:22,113.5,4101850
2021-05-18 10:34:25,113.5,4101894
2021-05-18 10:34:28,113.5,4101895
2021-05-18 10:34:31,113.45,4101960
2021-05-18 10:34:35,113.45,4102170
2021-05-18 10:34:38,113.5,4103337
2021-05-18 10:34:40,113.45,4103347
2021-05-18 10:34:43,113.5,4105637
2021-05-18 10:34:46,113.45,4105990
2021-05-18 10:34:49,113.45,4106232
2021-05-18 10:34:52,113.45,4106807
2021-05-18 10:34:55,113.5,4108057
2021-05-18 10:34:58,113.45,4108158
2021-05-18 10:35:00,113.45,4108190
2021-05-18 10:35:03,113.45,4108271
2021-05-18 10:35:05,113.45,4108271
2021-05-18 10:35:08,113.5,4108613
2021-05-18 10:35:11,113.5,4108632
2021-05-18 10:35:14,113.5,4108632
2021-05-18 10:35:16,113.5,4108632
2021-05-18 10:35:19,113.45,4108681
2021-05-18 10:35:22,113.5,4108857
2021-05-18 10:35:24,113.45,4109102
2021-05-18 10:35:27,113.45,4112108
2021-05-18 10:35:29,113.45,4112211
2021-05-18 10:35:32,113.45,4112511
2021-05-18 10:35:35,113.45,4112750
2021-05-18 10:35:38,113.45,4112792
2021-05-18 10:35:41,113.5,4113352
2021-05-18 10:35:43,113.45,4113640
2021-05-18 10:35:46,113.45,4113641
2021-05-18 10:35:49,113.5,4113975
2021-05-18 10:35:51,113.45,4114013
2021-05-18 10:35:54,113.45,4115095
2021-05-18 10:35:58,113.5,4115345
2021-05-18 10:36:00,113.5,4115691
2021-05-18 10:36:03,113.45,4116776
2021-05-18 10:36:06,113.45,4116776
2021-05-18 10:36:09,113.5,4117286
2021-05-18 10:36:12,113.5,4119315
2021-05-18 10:36:15,113.45,4119860
2021-05-18 10:36:18,113.5,4120064
2021-05-18 10:36:21,113.45,4120604
2021-05-18 10:36:28,113.45,4120956
2021-05-18 10:36:30,113.45,4120956
2021-05-18 10:36:33,113.5,4121138
2021-05-18 10:36:37,113.5,4121138
2021-05-18 10:36:40,113.45,4122049
2021-05-18 10:36:43,113.45,4122631
2021-05-18 10:36:46,113.45,4123700
2021-05-18 10:36:49,113.45,4123802
2021-05-18 10:36:52,113.45,4124924
2021-05-18 10:36:55,113.45,4124924
2021-05-18 10:37:00,113.4,4131959
2021-05-18 10:37:03,113.35,4143923
2021-05-18 10:37:07,113.35,4145323
2021-05-18 10:37:10,113.4,4152650
2021-05-18 10:37:13,113.35,4157750
2021-05-18 10:37:16,113.3,4158077
2021-05-18 10:37:19,113.35,4158753
2021-05-18 10:37:22,113.3,4158860
2021-05-18 10:37:25,113.3,4159370
2021-05-18 10:37:28,113.3,4169377
2021-05-18 10:37:30,113.3,4169918
2021-05-18 10:37:33,113.25,4169998
2021-05-18 10:37:36,113.3,4170246
2021-05-18 10:37:39,113.3,4170774
2021-05-18 10:37:41,113.3,4171058
2021-05-18 10:37:44,113.3,4171058
2021-05-18 10:37:47,113.3,4171058
2021-05-18 10:37:49,113.3,4171971
2021-05-18 10:37:52,113.25,4172040
2021-05-18 10:37:55,113.25,4172310
2021-05-18 10:37:57,113.25,4173542
2021-05-18 10:38:00,113.3,4174443
2021-05-18 10:38:03,113.3,4177871
2021-05-18 10:38:06,113.35,4180648
2021-05-18 10:38:08,113.35,4180648
2021-05-18 10:38:11,113.3,4180650
2021-05-18 10:38:14,113.25,4181650
2021-05-18 10:38:17,113.35,4181675
2021-05-18 10:38:21,113.3,4182547
2021-05-18 10:38:24,113.3,4182547
2021-05-18 10:38:30,113.3,4182555
2021-05-18 10:38:33,113.3,4182855
2021-05-18 10:38:36,113.3,4182897
2021-05-18 10:38:39,113.3,4183108
2021-05-18 10:38:41,113.35,4183428
2021-05-18 10:38:44,113.3,4184080
2021-05-18 10:38:47,113.3,4185680
2021-05-18 10:38:53,113.3,4192438
2021-05-18 10:38:55,113.25,4192442
2021-05-18 10:38:58,113.25,4192723
2021-05-18 10:39:01,113.25,4192759
2021-05-18 10:39:07,113.25,4193059
2021-05-18 10:39:10,113.25,4193059
2021-05-18 10:39:13,113.3,4193061
2021-05-18 10:39:16,113.25,4193064
2021-05-18 10:39:19,113.25,4193064
2021-05-18 10:39:22,113.25,4193064
2021-05-18 10:39:25,113.3,4194065
2021-05-18 10:39:28,113.3,4194394
2021-05-18 10:39:32,113.25,4194805
2021-05-18 10:39:35,113.25,4194905
2021-05-18 10:39:38,113.25,4194975
2021-05-18 10:39:41,113.25,4194975
2021-05-18 10:39:44,113.3,4196861
2021-05-18 10:39:47,113.25,4197487
2021-05-18 10:39:50,113.25,4197522
2021-05-18 10:39:53,113.3,4198352
2021-05-18 10:39:56,113.3,4198352
2021-05-18 10:39:59,113.3,4198455
2021-05-18 10:40:05,113.25,4198459
2021-05-18 10:40:08,113.25,4198584
2021-05-18 10:40:10,113.3,4198589
2021-05-18 10:40:14,113.3,4199255
2021-05-18 10:40:17,113.3,4199437
2021-05-18 10:40:20,113.25,4205684
2021-05-18 10:40:23,113.3,4211936
2021-05-18 10:40:26,113.35,4211938
2021-05-18 10:40:30,113.3,4212111
2021-05-18 10:40:33,113.3,4212734
2021-05-18 10:40:36,113.3,4212882
2021-05-18 10:40:39,113.3,4213338
2021-05-18 10:40:42,113.3,4213468
2021-05-18 10:40:45,113.3,4213513
2021-05-18 10:40:47,113.3,4215194
2021-05-18 10:40:51,113.45,4229070
2021-05-18 10:40:55,113.45,4231595
2021-05-18 10:40:58,113.45,4232165
2021-05-18 10:41:02,113.4,4232280
2021-05-18 10:41:05,113.4,4232819
2021-05-18 10:41:09,113.4,4235055
2021-05-18 10:41:12,113.4,4237685
2021-05-18 10:41:15,113.4,4237685
2021-05-18 10:41:18,113.4,4237685
2021-05-18 10:41:22,113.3,4237768
2021-05-18 10:41:25,113.4,4238768
2021-05-18 10:41:28,113.3,4238769
2021-05-18 10:41:30,113.4,4238849
2021-05-18 10:41:33,113.4,4240374
2021-05-18 10:41:36,113.4,4242383
2021-05-18 10:41:39,113.4,4242662
2021-05-18 10:41:43,113.35,4242805
2021-05-18 10:41:47,113.35,4243241
2021-05-18 10:41:50,113.35,4243261
2021-05-18 10:41:53,113.35,4243436
2021-05-18 10:41:56,113.3,4244273
2021-05-18 10:42:00,113.3,4244293
2021-05-18 10:42:03,113.3,4244991
2021-05-18 10:42:06,113.35,4249407
2021-05-18 10:42:09,113.35,4249591
2021-05-18 10:42:12,113.35,4250031
2021-05-18 10:42:15,113.35,4250349
2021-05-18 10:42:18,113.35,4251256
2021-05-18 10:42:22,113.3,4254432
2021-05-18 10:42:25,113.3,4255537
2021-05-18 10:42:27,113.3,4256025
2021-05-18 10:42:30,113.3,4260323
2021-05-18 10:42:34,113.3,4260373
2021-05-18 10:42:37,113.35,4260587
2021-05-18 10:42:41,113.4,4261626
2021-05-18 10:42:44,113.35,4261806
2021-05-18 10:42:47,113.3,4261816
2021-05-18 10:42:50,113.35,4262209
2021-05-18 10:42:53,113.35,4262209
2021-05-18 10:42:58,113.35,4262335
2021-05-18 10:43:01,113.3,4262380
2021-05-18 10:43:03,113.3,4264255
2021-05-18 10:43:06,113.3,4264755
2021-05-18 10:43:09,113.35,4264766
2021-05-18 10:43:12,113.4,4264987
2021-05-18 10:43:15,113.35,4266525
2021-05-18 10:43:21,113.3,4270962
2021-05-18 10:43:24,113.3,4271055
2021-05-18 10:43:27,113.3,4271336
2021-05-18 10:43:29,113.35,4271877
2021-05-18 10:43:32,113.35,4271877
2021-05-18 10:43:35,113.3,4272890
2021-05-18 10:43:37,113.3,4272890
2021-05-18 10:43:40,113.3,4272966
2021-05-18 10:43:43,113.3,4272966
2021-05-18 10:43:46,113.3,4273003
2021-05-18 10:43:48,113.3,4273003
2021-05-18 10:43:51,113.3,4273003
2021-05-18 10:43:54,113.3,4273003
2021-05-18 10:43:59,113.35,4273483
2021-05-18 10:44:02,113.35,4273983
2021-05-18 10:44:05,113.3,4285358
2021-05-18 10:44:08,113.35,4289743
2021-05-18 10:44:11,113.25,4289813
2021-05-18 10:44:14,113.25,4289813
2021-05-18 10:44:17,113.3,4292093
2021-05-18 10:44:20,113.35,4292393
2021-05-18 10:44:23,113.35,4292393
2021-05-18 10:44:26,113.35,4292393
2021-05-18 10:44:28,113.3,4292394
2021-05-18 10:44:31,113.3,4292394
2021-05-18 10:44:34,113.3,4292408
2021-05-18 10:44:39,113.35,4292456
2021-05-18 10:44:42,113.3,4293456
2021-05-18 10:44:45,113.3,4293665
2021-05-18 10:44:47,113.3,4294952
2021-05-18 10:44:50,113.35,4295079
2021-05-18 10:44:53,113.3,4295621
2021-05-18 10:44:56,113.3,4302732
2021-05-18 10:44:58,113.3,4307269
2021-05-18 10:45:01,113.25,4307503
2021-05-18 10:45:03,113.3,4327728
2021-05-18 10:45:06,113.3,4327970
2021-05-18 10:45:09,113.3,4327990
2021-05-18 10:45:12,113.25,4328143
2021-05-18 10:45:15,113.3,4328528
2021-05-18 10:45:18,113.3,4328528
2021-05-18 10:45:21,113.3,4329085
2021-05-18 10:45:24,113.25,4329111
2021-05-18 10:45:27,113.3,4329202
2021-05-18 10:45:31,113.25,4329463
2021-05-18 10:45:34,113.25,4329543
2021-05-18 10:45:36,113.25,4329758
2021-05-18 10:45:39,113.35,4332801
2021-05-18 10:45:42,113.35,4332801
2021-05-18 10:45:45,113.3,4332989
2021-05-18 10:45:48,113.3,4337867
2021-05-18 10:45:51,113.35,4337976
2021-05-18 10:45:54,113.35,4338465
2021-05-18 10:45:57,113.25,4338466
2021-05-18 10:46:00,113.35,4338552
2021-05-18 10:46:02,113.35,4338664
2021-05-18 10:46:05,113.3,4338764
2021-05-18 10:46:12,113.3,4338898
2021-05-18 10:46:15,113.35,4339351
2021-05-18 10:46:18,113.3,4339359
2021-05-18 10:46:20,113.35,4339386
2021-05-18 10:46:23,113.4,4346592
2021-05-18 10:46:26,113.35,4347037
2021-05-18 10:46:29,113.35,4347054
2021-05-18 10:46:35,113.45,4347370
2021-05-18 10:46:38,113.4,4352149
2021-05-18 10:46:41,113.45,4352298
2021-05-18 10:46:44,113.45,4352348
2021-05-18 10:46:47,113.45,4352906
2021-05-18 10:46:50,113.45,4364501
2021-05-18 10:46:53,113.45,4366233
2021-05-18 10:46:56,113.45,4366913
2021-05-18 10:46:59,113.5,4366914
2021-05-18 10:47:02,113.55,4380577
2021-05-18 10:47:05,113.55,4380828
2021-05-18 10:47:08,113.55,4380829
2021-05-18 10:47:10,113.55,4380829
2021-05-18 10:47:13,113.55,4381577
2021-05-18 10:47:16,113.55,4381737
2021-05-18 10:47:19,113.55,4382396
2021-05-18 10:47:22,113.55,4384230
2021-05-18 10:47:26,113.55,4392860
2021-05-18 10:47:29,113.55,4393434
2021-05-18 10:47:32,113.55,4393435
2021-05-18 10:47:35,113.55,4394681
2021-05-18 10:47:38,113.55,4395011
2021-05-18 10:47:41,113.6,4412836
2021-05-18 10:47:44,113.65,4413711
2021-05-18 10:47:47,113.65,4418123
2021-05-18 10:47:50,113.65,4418423
2021-05-18 10:47:53,113.65,4420086
2021-05-18 10:47:56,113.65,4420113
2021-05-18 10:47:59,113.65,4420283
2021-05-18 10:48:02,113.7,4423783
2021-05-18 10:48:05,113.75,4430173
2021-05-18 10:48:08,113.7,4430374
2021-05-18 10:48:10,113.75,4432279
2021-05-18 10:48:13,113.7,4432287
2021-05-18 10:48:16,113.75,4433730
2021-05-18 10:48:19,113.75,4436003
2021-05-18 10:48:21,113.7,4436099
2021-05-18 10:48:24,113.65,4447340
2021-05-18 10:48:27,113.65,4449490
2021-05-18 10:48:29,113.65,4450301
2021-05-18 10:48:32,113.65,4450814
2021-05-18 10:48:34,113.6,4452321
2021-05-18 10:48:37,113.6,4452419
2021-05-18 10:48:39,113.6,4453475
2021-05-18 10:48:42,113.6,4454805
2021-05-18 10:48:45,113.65,4455006
2021-05-18 10:48:48,113.65,4456674
2021-05-18 10:48:51,113.65,4457678
2021-05-18 10:48:55,113.55,4458170
2021-05-18 10:48:58,113.65,4459191
2021-05-18 10:49:01,113.55,4459502
2021-05-18 10:49:03,113.55,4460173
2021-05-18 10:49:06,113.55,4460411
2021-05-18 10:49:09,113.55,4460412
2021-05-18 10:49:11,113.6,4460560
2021-05-18 10:49:14,113.6,4470879
2021-05-18 10:49:17,113.5,4471226
2021-05-18 10:49:20,113.55,4487096
2021-05-18 10:49:23,113.55,4487096
2021-05-18 10:49:26,113.5,4487129
2021-05-18 10:49:29,113.5,4492239
2021-05-18 10:49:35,113.55,4495364
2021-05-18 10:49:38,113.6,4506625
2021-05-18 10:49:41,113.6,4506740
2021-05-18 10:49:44,113.65,4520194
2021-05-18 10:49:46,113.6,4520654
2021-05-18 10:49:49,113.6,4520881
2021-05-18 10:49:52,113.65,4521266
2021-05-18 10:49:55,113.6,4522266
2021-05-18 10:49:57,113.6,4522331
2021-05-18 10:50:01,113.65,4522540
2021-05-18 10:50:04,113.65,4524301
2021-05-18 10:50:08,113.65,4526743
2021-05-18 10:50:12,113.65,4528138
2021-05-18 10:50:15,113.7,4529003
2021-05-18 10:50:18,113.6,4530204
2021-05-18 10:50:20,113.6,4530204
2021-05-18 10:50:23,113.7,4530579
2021-05-18 10:50:26,113.65,4530805
2021-05-18 10:50:29,113.65,4531985
2021-05-18 10:50:31,113.7,4532038
2021-05-18 10:50:35,113.65,4532697
2021-05-18 10:50:38,113.65,4532847
2021-05-18 10:50:41,113.65,4532945
2021-05-18 10:50:43,113.7,4533325
2021-05-18 10:50:46,113.7,4533846
2021-05-18 10:50:49,113.7,4535207
2021-05-18 10:50:53,113.65,4535369
2021-05-18 10:50:55,113.7,4535425
2021-05-18 10:50:58,113.7,4535529
2021-05-18 10:51:02,113.7,4536197
2021-05-18 10:51:06,113.7,4551885
2021-05-18 10:51:09,113.65,4552313
2021-05-18 10:51:12,113.75,4552563
2021-05-18 10:51:20,113.7,4564754
2021-05-18 10:51:23,113.75,4574072
2021-05-18 10:51:27,113.8,4574291
2021-05-18 10:51:30,113.7,4574857
2021-05-18 10:51:32,113.75,4575782
2021-05-18 10:51:35,113.75,4576008
2021-05-18 10:51:38,113.8,4576719
2021-05-18 10:51:41,113.8,4580422
2021-05-18 10:51:45,113.8,4588356
2021-05-18 10:51:48,113.75,4588653
2021-05-18 10:51:50,113.75,4588813
2021-05-18 10:51:52,113.85,4589861
2021-05-18 10:51:57,113.8,4595209
2021-05-18 10:52:00,113.75,4595777
2021-05-18 10:52:03,113.8,4597351
2021-05-18 10:52:05,113.8,4597859
2021-05-18 10:52:08,113.75,4598511
2021-05-18 10:52:11,113.8,4601205
2021-05-18 10:52:20,113.8,4612021
2021-05-18 10:52:23,113.8,4615297
2021-05-18 10:52:27,113.75,4626865
2021-05-18 10:52:30,113.75,4628494
2021-05-18 10:52:33,113.75,4628874
2021-05-18 10:52:36,113.75,4628925
2021-05-18 10:52:39,113.75,4630228
2021-05-18 10:52:42,113.75,4630370
2021-05-18 10:52:45,113.75,4640588
2021-05-18 10:52:48,113.7,4641593
2021-05-18 10:52:51,113.7,4641788
2021-05-18 10:52:55,113.7,4660295
2021-05-18 10:52:58,113.7,4660295
2021-05-18 10:53:01,113.7,4660805
2021-05-18 10:53:03,113.7,4666304
2021-05-18 10:53:06,113.7,4666664
2021-05-18 10:53:09,113.7,4666854
2021-05-18 10:53:12,113.65,4666903
2021-05-18 10:53:15,113.7,4667108
2021-05-18 10:53:18,113.7,4667109
2021-05-18 10:53:20,113.65,4667276
2021-05-18 10:53:23,113.7,4667602
2021-05-18 10:53:26,113.65,4667605
2021-05-18 10:53:30,113.65,4667744
2021-05-18 10:53:33,113.7,4672967
2021-05-18 10:53:35,113.7,4673025
2021-05-18 10:53:38,113.65,4684133
2021-05-18 10:53:41,113.7,4684138
2021-05-18 10:53:44,113.7,4684372
2021-05-18 10:53:47,113.65,4685327
2021-05-18 10:53:50,113.65,4685487
2021-05-18 10:53:53,113.65,4685539
2021-05-18 10:53:56,113.7,4685560
2021-05-18 10:53:59,113.7,4685709
2021-05-18 10:54:02,113.65,4685750
2021-05-18 10:54:04,113.7,4687817
2021-05-18 10:54:07,113.7,4689342
2021-05-18 10:54:09,113.65,4689394
2021-05-18 10:54:12,113.65,4689485
2021-05-18 10:54:15,113.7,4689563
2021-05-18 10:54:18,113.7,4690651
2021-05-18 10:54:22,113.7,4690880
2021-05-18 10:54:24,113.7,4691079
2021-05-18 10:54:30,113.65,4692024
2021-05-18 10:54:33,113.7,4692194
2021-05-18 10:54:35,113.6,4693505
2021-05-18 10:54:38,113.6,4693512
2021-05-18 10:54:42,113.7,4693670
2021-05-18 10:54:45,113.7,4693945
2021-05-18 10:54:51,113.6,4695170
2021-05-18 10:54:54,113.6,4695760
2021-05-18 10:54:57,113.65,4696009
2021-05-18 10:55:00,113.6,4696137
2021-05-18 10:55:02,113.65,4698956
2021-05-18 10:55:05,113.6,4699706
2021-05-18 10:55:09,113.7,4699836
2021-05-18 10:55:12,113.65,4699905
2021-05-18 10:55:15,113.7,4700510
2021-05-18 10:55:18,113.7,4700511
2021-05-18 10:55:21,113.7,4701973
2021-05-18 10:55:24,113.6,4702144
2021-05-18 10:55:27,113.7,4702317
2021-05-18 10:55:30,113.7,4704318
2021-05-18 10:55:33,113.7,4704400
2021-05-18 10:55:36,113.7,4714098
2021-05-18 10:55:39,113.7,4714393
2021-05-18 10:55:42,113.7,4716220
2021-05-18 10:55:45,113.75,4717299
2021-05-18 10:55:47,113.75,4717367
2021-05-18 10:55:50,113.7,4717377
2021-05-18 10:55:52,113.7,4717635
2021-05-18 10:55:55,113.75,4717655
2021-05-18 10:55:58,113.7,4718552
2021-05-18 10:56:01,113.75,4719400
2021-05-18 10:56:04,113.75,4719603
2021-05-18 10:56:07,113.7,4719695
2021-05-18 10:56:10,113.75,4719836
2021-05-18 10:56:12,113.75,4719836
2021-05-18 10:56:15,113.7,4724217
2021-05-18 10:56:17,113.7,4725417
2021-05-18 10:56:20,113.65,4725467
2021-05-18 10:56:22,113.65,4727475
2021-05-18 10:56:25,113.75,4727526
2021-05-18 10:56:27,113.75,4727533
2021-05-18 10:56:30,113.65,4729583
2021-05-18 10:56:33,113.7,4730017
2021-05-18 10:56:36,113.7,4730042
2021-05-18 10:56:39,113.75,4730131
2021-05-18 10:56:42,113.7,4731362
2021-05-18 10:56:44,113.7,4731399
2021-05-18 10:56:47,113.7,4732122
2021-05-18 10:56:50,113.65,4732340
2021-05-18 10:56:56,113.7,4732705
2021-05-18 10:56:59,113.75,4733763
2021-05-18 10:57:05,113.65,4734553
2021-05-18 10:57:08,113.75,4741401
2021-05-18 10:57:11,113.75,4741523
2021-05-18 10:57:16,113.75,4741866
2021-05-18 10:57:19,113.75,4742117
2021-05-18 10:57:22,113.75,4742388
2021-05-18 10:57:28,113.75,4745522
2021-05-18 10:57:31,113.75,4745522
2021-05-18 10:57:36,113.7,4745826
2021-05-18 10:57:39,113.7,4746379
2021-05-18 10:57:41,113.75,4747880
2021-05-18 10:57:45,113.7,4748544
2021-05-18 10:57:48,113.7,4748797
2021-05-18 10:57:51,113.75,4749869
2021-05-18 10:57:53,113.75,4749917
2021-05-18 10:57:56,113.7,4750220
2021-05-18 10:58:01,113.7,4750645
2021-05-18 10:58:04,113.75,4750646
2021-05-18 10:58:06,113.75,4750746
2021-05-18 10:58:09,113.7,4751015
2021-05-18 10:58:12,113.75,4751670
2021-05-18 10:58:15,113.75,4752810
2021-05-18 10:58:18,113.75,4752997
2021-05-18 10:58:20,113.75,4756508
2021-05-18 10:58:23,113.7,4756560
2021-05-18 10:58:26,113.7,4756597
2021-05-18 10:58:29,113.7,4756736
2021-05-18 10:58:31,113.75,4756837
2021-05-18 10:58:34,113.7,4756937
2021-05-18 10:58:37,113.75,4757043
2021-05-18 10:58:43,113.7,4758054
2021-05-18 10:58:45,113.7,4758065
2021-05-18 10:58:48,113.75,4758113
2021-05-18 10:58:51,113.75,4777281
2021-05-18 10:58:54,113.75,4777331
2021-05-18 10:58:57,113.8,4785496
2021-05-18 10:58:59,113.75,4785919
2021-05-18 10:59:01,113.75,4786119
2021-05-18 10:59:04,113.75,4786250
2021-05-18 10:59:07,113.75,4787265
2021-05-18 10:59:10,113.75,4787311
2021-05-18 10:59:13,113.75,4787760
2021-05-18 10:59:19,113.8,4789467
2021-05-18 10:59:22,113.75,4789575
2021-05-18 10:59:25,113.8,4789687
2021-05-18 10:59:28,113.8,4793442
2021-05-18 10:59:31,113.8,4795642
2021-05-18 10:59:33,113.8,4796324
2021-05-18 10:59:36,113.7,4799358
2021-05-18 10:59:39,113.75,4799508
2021-05-18 10:59:42,113.7,4799771
2021-05-18 10:59:44,113.75,4836898
2021-05-18 10:59:47,113.7,4836950
2021-05-18 10:59:49,113.7,4837394
2021-05-18 10:59:52,113.7,4837463
2021-05-18 10:59:54,113.75,4837493
2021-05-18 10:59:57,113.75,4840501
2021-05-18 10:59:59,113.8,4840799
2021-05-18 11:00:02,113.8,4843237
2021-05-18 11:00:06,113.85,4865152
2021-05-18 11:00:10,113.85,4871105
2021-05-18 11:00:14,113.85,4876219
2021-05-18 11:00:17,113.9,4876722
2021-05-18 11:00:19,113.85,4876874
2021-05-18 11:00:22,113.9,4879349
2021-05-18 11:00:25,113.85,4880703
2021-05-18 11:00:28,113.85,4882642
2021-05-18 11:00:31,113.9,4884266
2021-05-18 11:00:34,113.9,4897305
2021-05-18 11:00:37,113.9,4898134
2021-05-18 11:00:40,113.85,4898712
2021-05-18 11:00:43,113.85,4898931
2021-05-18 11:00:46,113.9,4900076
2021-05-18 11:00:51,113.9,4903576
2021-05-18 11:00:54,113.9,4903626
2021-05-18 11:00:56,113.9,4904240
2021-05-18 11:00:59,113.9,4904543
2021-05-18 11:01:02,113.9,4904546
2021-05-18 11:01:05,113.9,4906758
2021-05-18 11:01:08,113.9,4906758
2021-05-18 11:01:11,113.9,4907680
2021-05-18 11:01:14,113.9,4907733
2021-05-18 11:01:17,113.9,4908049
2021-05-18 11:01:19,113.9,4910199
2021-05-18 11:01:21,113.85,4911375
2021-05-18 11:01:24,113.85,4911419
2021-05-18 11:01:27,113.9,4911627
2021-05-18 11:01:29,113.85,4911697
2021-05-18 11:01:32,113.9,4934375
2021-05-18 11:01:35,113.9,4961235
2021-05-18 11:01:38,113.95,5037909
2021-05-18 11:01:40,113.95,5038311
2021-05-18 11:01:43,114.0,5040653
2021-05-18 11:01:46,113.9,5048170
2021-05-18 11:01:48,113.95,5053955
2021-05-18 11:01:51,113.95,5054103
2021-05-18 11:01:54,113.95,5055616
2021-05-18 11:01:56,113.95,5059725
2021-05-18 11:01:59,113.95,5059939
2021-05-18 11:02:01,113.9,5060549
2021-05-18 11:02:04,113.95,5060930
2021-05-18 11:02:07,113.95,5064151
2021-05-18 11:02:13,113.95,5118933
2021-05-18 11:02:16,114.0,5120431
2021-05-18 11:02:19,114.0,5120718
2021-05-18 11:02:22,113.95,5127177
2021-05-18 11:02:25,114.0,5142792
2021-05-18 11:02:28,114.0,5151593
2021-05-18 11:02:30,114.05,5152301
2021-05-18 11:02:32,114.05,5152751
2021-05-18 11:02:35,114.0,5171501
2021-05-18 11:02:39,113.95,5174980
2021-05-18 11:02:42,113.95,5176624
2021-05-18 11:02:45,114.0,5178433
2021-05-18 11:02:50,113.9,5191362
2021-05-18 11:02:52,113.95,5191977
2021-05-18 11:02:55,113.9,5193326
2021-05-18 11:02:57,113.9,5193636
2021-05-18 11:02:59,113.9,5194697
2021-05-18 11:03:02,113.9,5194997
2021-05-18 11:03:05,113.9,5200217
2021-05-18 11:03:07,113.95,5200359
2021-05-18 11:03:09,113.9,5202970
2021-05-18 11:03:12,113.95,5203359
2021-05-18 11:03:14,113.9,5203811
2021-05-18 11:03:19,113.95,5204060
2021-05-18 11:03:22,113.9,5205894
2021-05-18 11:03:25,113.9,5205905
2021-05-18 11:03:27,113.95,5206006
2021-05-18 11:03:30,113.95,5207006
2021-05-18 11:03:32,113.9,5210011
2021-05-18 11:03:35,113.9,5211734
2021-05-18 11:03:37,113.95,5212853
2021-05-18 11:03:40,113.95,5215113
2021-05-18 11:03:42,113.95,5217143
2021-05-18 11:03:45,113.95,5218149
2021-05-18 11:03:48,113.95,5219437
2021-05-18 11:03:51,114.0,5219597
2021-05-18 11:03:53,113.95,5219660
2021-05-18 11:03:56,114.0,5223471
2021-05-18 11:03:58,114.0,5225558
2021-05-18 11:04:01,113.95,5226229
2021-05-18 11:04:03,114.0,5226234
2021-05-18 11:04:06,114.0,5239436
2021-05-18 11:04:08,113.95,5240495
2021-05-18 11:04:11,113.95,5240498
2021-05-18 11:04:15,114.0,5240989
2021-05-18 11:04:22,114.0,5255760
2021-05-18 11:04:25,114.0,5255993
2021-05-18 11:04:29,114.0,5263269
2021-05-18 11:04:32,113.95,5266729
2021-05-18 11:04:36,114.0,5303214
2021-05-18 11:04:43,114.0,5305437
2021-05-18 11:04:45,114.0,5305714
2021-05-18 11:04:47,114.0,5306856
2021-05-18 11:04:50,113.95,5307469
2021-05-18 11:04:54,114.0,5307522
2021-05-18 11:04:57,113.95,5307790
2021-05-18 11:05:03,114.05,5323568
2021-05-18 11:05:06,114.05,5324047
2021-05-18 11:05:09,114.05,5324672
2021-05-18 11:05:12,114.05,5324870
2021-05-18 11:05:15,114.0,5325753
2021-05-18 11:05:18,114.1,5335827
2021-05-18 11:05:20,114.05,5336922
2021-05-18 11:05:23,114.05,5340154
2021-05-18 11:05:26,114.05,5340914
2021-05-18 11:05:29,114.1,5341768
2021-05-18 11:05:32,114.1,5342001
2021-05-18 11:05:35,114.1,5344259
2021-05-18 11:05:40,114.1,5346926
2021-05-18 11:05:43,114.1,5347680
2021-05-18 11:05:46,114.05,5347919
2021-05-18 11:05:49,114.05,5363008
2021-05-18 11:05:51,114.15,5371325
2021-05-18 11:05:54,114.1,5371416
2021-05-18 11:05:57,114.1,5371944
2021-05-18 11:06:00,114.15,5372867
2021-05-18 11:06:03,114.05,5373163
2021-05-18 11:06:06,114.05,5381085
2021-05-18 11:06:09,114.1,5382359
2021-05-18 11:06:14,114.1,5383082
2021-05-18 11:06:17,114.1,5383145
2021-05-18 11:06:19,114.15,5383958
2021-05-18 11:06:22,114.15,5387975
2021-05-18 11:06:24,114.1,5389116
2021-05-18 11:06:27,114.1,5390292
2021-05-18 11:06:30,114.15,5390504
2021-05-18 11:06:32,114.15,5390553
2021-05-18 11:06:35,114.1,5394003
2021-05-18 11:06:38,114.15,5395004
2021-05-18 11:06:41,114.1,5403172
2021-05-18 11:06:49,114.1,5419121
2021-05-18 11:06:51,114.1,5419756
2021-05-18 11:06:54,114.1,5420199
2021-05-18 11:06:57,114.15,5420429
2021-05-18 11:06:59,114.15,5421713
2021-05-18 11:07:02,114.15,5422334
2021-05-18 11:07:05,114.1,5422627
2021-05-18 11:07:07,114.1,5422953
2021-05-18 11:07:10,114.1,5423488
2021-05-18 11:07:13,114.1,5425300
2021-05-18 11:07:16,114.15,5426086
2021-05-18 11:07:19,114.1,5427141
2021-05-18 11:07:22,114.1,5427672
2021-05-18 11:07:25,114.15,5451915
2021-05-18 11:07:28,114.15,5454297
2021-05-18 11:07:31,114.15,5456028
2021-05-18 11:07:34,114.2,5457231
2021-05-18 11:07:37,114.15,5458519
2021-05-18 11:07:39,114.1,5460221
2021-05-18 11:07:42,114.1,5463870
2021-05-18 11:07:45,114.1,5464381
2021-05-18 11:07:49,114.15,5464834
2021-05-18 11:07:52,114.15,5465780
2021-05-18 11:07:58,114.1,5491958
2021-05-18 11:08:01,114.1,5492214
2021-05-18 11:08:04,114.1,5500337
2021-05-18 11:08:07,114.1,5501889
2021-05-18 11:08:10,114.15,5503551
2021-05-18 11:08:13,114.1,5503836
2021-05-18 11:08:16,114.15,5504275
2021-05-18 11:08:22,114.1,5504881
2021-05-18 11:08:25,114.15,5505214
2021-05-18 11:08:27,114.15,5505224
2021-05-18 11:08:30,114.1,5515534
2021-05-18 11:08:33,114.1,5515834
2021-05-18 11:08:35,114.2,5519008
2021-05-18 11:08:38,114.15,5519635
2021-05-18 11:08:41,114.1,5519703
2021-05-18 11:08:44,114.15,5521723
2021-05-18 11:08:47,114.15,5522389
2021-05-18 11:08:53,114.1,5523795
2021-05-18 11:08:56,114.15,5524939
2021-05-18 11:08:59,114.1,5550556
2021-05-18 11:09:02,114.05,5550607
2021-05-18 11:09:04,114.1,5550711
2021-05-18 11:09:07,114.1,5551827
2021-05-18 11:09:16,114.05,5553775
2021-05-18 11:09:19,114.05,5570676
2021-05-18 11:09:21,114.0,5570811
2021-05-18 11:09:27,114.05,5572981
2021-05-18 11:09:29,114.0,5574080
2021-05-18 11:09:32,114.0,5581714
2021-05-18 11:09:34,114.0,5581790
2021-05-18 11:09:37,114.0,5582842
2021-05-18 11:09:40,114.0,5583288
2021-05-18 11:09:42,114.0,5583290
2021-05-18 11:09:45,114.0,5583628
2021-05-18 11:09:48,114.0,5587851
2021-05-18 11:09:51,114.05,5587937
2021-05-18 11:09:57,113.95,5588890
2021-05-18 11:10:00,114.0,5590438
2021-05-18 11:10:03,113.95,5591060
2021-05-18 11:10:05,113.95,5591260
2021-05-18 11:10:08,114.0,5594562
2021-05-18 11:10:12,113.95,5599883
2021-05-18 11:10:15,113.95,5600058
2021-05-18 11:10:17,113.9,5603008
2021-05-18 11:10:19,113.9,5603308
2021-05-18 11:10:22,113.9,5604291
2021-05-18 11:10:25,113.9,5605639
2021-05-18 11:10:27,113.9,5608639
2021-05-18 11:10:30,113.9,5608796
2021-05-18 11:10:32,113.95,5608937
2021-05-18 11:10:35,113.95,5609548
2021-05-18 11:10:38,113.9,5610960
2021-05-18 11:10:40,113.95,5613708
2021-05-18 11:10:43,113.9,5621022
2021-05-18 11:10:47,113.9,5624258
2021-05-18 11:10:50,113.9,5624389
2021-05-18 11:10:53,113.8,5628307
2021-05-18 11:10:56,113.9,5628946
2021-05-18 11:10:58,113.9,5629160
2021-05-18 11:11:01,113.8,5629400
2021-05-18 11:11:04,113.8,5632000
2021-05-18 11:11:07,113.8,5635638
2021-05-18 11:11:10,113.75,5636084
2021-05-18 11:11:12,113.75,5638203
2021-05-18 11:11:15,113.8,5641505
2021-05-18 11:11:18,113.8,5642015
2021-05-18 11:11:22,113.75,5643832
2021-05-18 11:11:26,113.75,5646964
2021-05-18 11:11:28,113.75,5647919
2021-05-18 11:11:31,113.8,5648601
2021-05-18 11:11:34,113.8,5651492
2021-05-18 11:11:37,113.75,5651860
2021-05-18 11:11:39,113.8,5652195
2021-05-18 11:11:42,113.8,5652195
2021-05-18 11:11:45,113.75,5653650
2021-05-18 11:11:48,113.75,5655025
2021-05-18 11:11:51,113.75,5656026
2021-05-18 11:11:53,113.75,5657137
2021-05-18 11:11:56,113.75,5657901
2021-05-18 11:11:59,113.8,5658239
2021-05-18 11:12:02,113.75,5659514
2021-05-18 11:12:05,113.8,5663252
2021-05-18 11:12:08,113.8,5663729
2021-05-18 11:12:11,113.8,5666045
2021-05-18 11:12:13,113.75,5666099
2021-05-18 11:12:16,113.8,5667343
2021-05-18 11:12:18,113.75,5680402
2021-05-18 11:12:21,113.8,5680550
2021-05-18 11:12:23,113.8,5682498
2021-05-18 11:12:26,113.8,5684874
2021-05-18 11:12:29,113.75,5689392
2021-05-18 11:12:32,113.75,5690534
2021-05-18 11:12:34,113.7,5690555
2021-05-18 11:12:37,113.75,5690667
2021-05-18 11:12:40,113.7,5690918
2021-05-18 11:12:43,113.7,5712766
2021-05-18 11:12:49,113.65,5713029
2021-05-18 11:12:51,113.6,5713170
2021-05-18 11:12:53,113.65,5714722
2021-05-18 11:12:56,113.55,5720256
2021-05-18 11:12:58,113.55,5722246
2021-05-18 11:13:01,113.6,5722576
2021-05-18 11:13:04,113.5,5732957
2021-05-18 11:13:08,113.65,5747770
2021-05-18 11:13:10,113.55,5748030
2021-05-18 11:13:13,113.6,5748151
2021-05-18 11:13:15,113.6,5751505
2021-05-18 11:13:18,113.6,5751805
2021-05-18 11:13:21,113.65,5757439
2021-05-18 11:13:24,113.6,5758326
2021-05-18 11:13:26,113.65,5758339
2021-05-18 11:13:29,113.65,5758879
2021-05-18 11:13:31,113.65,5759426
2021-05-18 11:13:33,113.7,5767805
2021-05-18 11:13:36,113.7,5767854
2021-05-18 11:13:38,113.7,5768040
2021-05-18 11:13:40,113.75,5768892
2021-05-18 11:13:43,113.7,5770914
2021-05-18 11:13:45,113.7,5772483
2021-05-18 11:13:47,113.7,5773177
2021-05-18 11:13:50,113.75,5774256
2021-05-18 11:13:52,113.75,5774304
2021-05-18 11:13:55,113.7,5774323
2021-05-18 11:13:57,113.75,5774363
2021-05-18 11:14:00,113.75,5774411
2021-05-18 11:14:02,113.7,5774482
2021-05-18 11:14:05,113.75,5775182
2021-05-18 11:14:07,113.75,5775415
2021-05-18 11:14:10,113.7,5775805
2021-05-18 11:14:13,113.7,5776113
2021-05-18 11:14:16,113.7,5776183
2021-05-18 11:14:19,113.75,5776213
2021-05-18 11:14:21,113.7,5780318
2021-05-18 11:14:24,113.75,5780969
2021-05-18 11:14:27,113.75,5780969
2021-05-18 11:14:30,113.75,5780970
2021-05-18 11:14:32,113.75,5781239
2021-05-18 11:14:35,113.75,5781239
2021-05-18 11:14:41,113.7,5789534
2021-05-18 11:14:44,113.65,5792224
2021-05-18 11:14:47,113.65,5793364
2021-05-18 11:14:50,113.6,5794375
2021-05-18 11:14:53,113.65,5795483
2021-05-18 11:14:55,113.65,5796589
2021-05-18 11:14:58,113.65,5796589
2021-05-18 11:15:01,113.65,5798172
2021-05-18 11:15:03,113.65,5804525
2021-05-18 11:15:06,113.6,5805328
2021-05-18 11:15:09,113.65,5805933
2021-05-18 11:15:12,113.65,5805950
2021-05-18 11:15:14,113.6,5806560
2021-05-18 11:15:17,113.6,5806903
2021-05-18 11:15:19,113.6,5807309
2021-05-18 11:15:22,113.6,5807723
2021-05-18 11:15:24,113.6,5807724
2021-05-18 11:15:27,113.6,5808174
2021-05-18 11:15:30,113.65,5808398
2021-05-18 11:15:32,113.6,5808425
2021-05-18 11:15:35,113.65,5808445
2021-05-18 11:15:37,113.6,5821181
2021-05-18 11:15:40,113.6,5825443
2021-05-18 11:15:42,113.6,5827530
2021-05-18 11:15:45,113.55,5828880
2021-05-18 11:15:47,113.55,5834975
2021-05-18 11:15:50,113.55,5840048
2021-05-18 11:15:52,113.55,5844741
2021-05-18 11:15:54,113.5,5846991
2021-05-18 11:15:57,113.5,5848991
2021-05-18 11:15:59,113.5,5850287
2021-05-18 11:16:02,113.5,5850455
2021-05-18 11:16:05,113.5,5851010
2021-05-18 11:16:08,113.4,5877647
2021-05-18 11:16:11,113.5,5878748
2021-05-18 11:16:14,113.5,5879063
2021-05-18 11:16:16,113.5,5880078
2021-05-18 11:16:18,113.45,5880269
2021-05-18 11:16:21,113.45,5880480
2021-05-18 11:16:24,113.45,5880717
2021-05-18 11:16:29,113.45,5880816
2021-05-18 11:16:32,113.5,5882068
2021-05-18 11:16:35,113.5,5882304
2021-05-18 11:16:37,113.5,5882507
2021-05-18 11:16:40,113.45,5882667
2021-05-18 11:16:42,113.5,5884904
2021-05-18 11:16:45,113.5,5886081
2021-05-18 11:16:47,113.45,5886266
2021-05-18 11:16:49,113.5,5886639
2021-05-18 11:16:52,113.45,5886704
2021-05-18 11:16:55,113.5,5886987
2021-05-18 11:16:57,113.5,5888034
2021-05-18 11:16:59,113.45,5888305
2021-05-18 11:17:02,113.5,5890690
2021-05-18 11:17:04,113.45,5890790
2021-05-18 11:17:07,113.45,5890930
2021-05-18 11:17:10,113.45,5891281
2021-05-18 11:17:12,113.45,5893517
2021-05-18 11:17:15,113.45,5895712
2021-05-18 11:17:18,113.45,5895840
2021-05-18 11:17:21,113.5,5896052
2021-05-18 11:17:24,113.5,5897798
2021-05-18 11:17:27,113.45,5898902
2021-05-18 11:17:30,113.5,5899003
2021-05-18 11:17:32,113.45,5899004
2021-05-18 11:17:35,113.5,5899388
2021-05-18 11:17:37,113.45,5899389
2021-05-18 11:17:43,113.5,5907291
2021-05-18 11:17:46,113.45,5908783
2021-05-18 11:17:49,113.45,5908804
2021-05-18 11:17:52,113.45,5908856
2021-05-18 11:17:55,113.5,5910680
2021-05-18 11:17:57,113.45,5911185
2021-05-18 11:17:59,113.45,5916810
2021-05-18 11:18:02,113.5,5917911
2021-05-18 11:18:04,113.45,5918024
2021-05-18 11:18:07,113.5,5918872
2021-05-18 11:18:10,113.45,5920252
2021-05-18 11:18:12,113.5,5926873
2021-05-18 11:18:15,113.5,5935715
2021-05-18 11:18:18,113.5,5943348
2021-05-18 11:18:21,113.45,5981509
2021-05-18 11:18:24,113.45,5982591
2021-05-18 11:18:26,113.45,5983324
2021-05-18 11:18:29,113.45,5983568
2021-05-18 11:18:32,113.35,5984276
2021-05-18 11:18:34,113.45,5985548
2021-05-18 11:18:37,113.35,5986630
2021-05-18 11:18:39,113.45,5986632
2021-05-18 11:18:42,113.4,5986657
2021-05-18 11:18:45,113.45,5986707
2021-05-18 11:18:48,113.45,5987219
2021-05-18 11:18:50,113.4,5987669
2021-05-18 11:18:53,113.45,5992331
2021-05-18 11:18:56,113.35,6019059
2021-05-18 11:18:58,113.3,6030655
2021-05-18 11:19:01,113.25,6034770
2021-05-18 11:19:04,113.3,6037003
2021-05-18 11:19:07,113.3,6042395
2021-05-18 11:19:10,113.25,6042797
2021-05-18 11:19:13,113.3,6043028
2021-05-18 11:19:19,113.25,6053037
2021-05-18 11:19:22,113.3,6053098
2021-05-18 11:19:25,113.35,6081694
2021-05-18 11:19:31,113.4,6091691
2021-05-18 11:19:34,113.4,6093891
2021-05-18 11:19:37,113.35,6094394
2021-05-18 11:19:40,113.35,6094846
2021-05-18 11:19:46,113.3,6095360
2021-05-18 11:19:49,113.3,6097004
2021-05-18 11:19:51,113.35,6097892
2021-05-18 11:19:54,113.35,6097892
2021-05-18 11:19:56,113.35,6099367
2021-05-18 11:19:59,113.3,6101143
2021-05-18 11:20:02,113.4,6102774
2021-05-18 11:20:04,113.35,6104969
2021-05-18 11:20:07,113.35,6106049
2021-05-18 11:20:09,113.3,6107885
2021-05-18 11:20:12,113.4,6111817
2021-05-18 11:20:15,113.3,6111973
2021-05-18 11:20:18,113.3,6113475
2021-05-18 11:20:21,113.3,6122813
2021-05-18 11:20:23,113.25,6126311
2021-05-18 11:20:28,113.25,6126648
2021-05-18 11:20:31,113.25,6128173
2021-05-18 11:20:33,113.3,6130234
2021-05-18 11:20:36,113.25,6130734
2021-05-18 11:20:39,113.3,6131790
2021-05-18 11:20:41,113.3,6132045
2021-05-18 11:20:43,113.3,6132070
2021-05-18 11:20:45,113.3,6133085
2021-05-18 11:20:48,113.25,6134587
2021-05-18 11:20:50,113.3,6135989
2021-05-18 11:20:52,113.25,6140036
2021-05-18 11:20:55,113.25,6140040
2021-05-18 11:20:57,113.3,6140045
2021-05-18 11:20:59,113.3,6140118
2021-05-18 11:21:02,113.3,6140220
2021-05-18 11:21:04,113.3,6142475
2021-05-18 11:21:07,113.25,6142634
2021-05-18 11:21:09,113.3,6142785
2021-05-18 11:21:12,113.25,6143333
2021-05-18 11:21:14,113.3,6143539
2021-05-18 11:21:17,113.3,6143551
2021-05-18 11:21:20,113.25,6143880
2021-05-18 11:21:23,113.25,6144381
2021-05-18 11:21:26,113.25,6147506
2021-05-18 11:21:28,113.25,6147963
2021-05-18 11:21:30,113.25,6147963
2021-05-18 11:21:33,113.3,6147974
2021-05-18 11:21:35,113.3,6147974
2021-05-18 11:21:37,113.3,6147974
2021-05-18 11:21:40,113.3,6153289
2021-05-18 11:21:42,113.3,6153290
2021-05-18 11:21:45,113.35,6153624
2021-05-18 11:21:49,113.35,6154644
2021-05-18 11:21:52,113.35,6154707
2021-05-18 11:21:54,113.35,6155808
2021-05-18 11:21:57,113.35,6156913
2021-05-18 11:22:00,113.35,6156938
2021-05-18 11:22:02,113.4,6157835
2021-05-18 11:22:05,113.4,6159091
2021-05-18 11:22:07,113.4,6167317
2021-05-18 11:22:11,113.4,6168542
2021-05-18 11:22:14,113.45,6172149
2021-05-18 11:22:18,113.45,6172642
2021-05-18 11:22:20,113.45,6174641
2021-05-18 11:22:23,113.45,6177500
2021-05-18 11:22:25,113.45,6177752
2021-05-18 11:22:28,113.45,6183753
2021-05-18 11:22:31,113.45,6183753
2021-05-18 11:22:34,113.45,6184114
2021-05-18 11:22:41,113.45,6185217
2021-05-18 11:22:44,113.5,6185499
2021-05-18 11:22:47,113.5,6187508
2021-05-18 11:22:50,113.5,6188811
2021-05-18 11:22:52,113.5,6189086
2021-05-18 11:22:58,113.5,6193581
2021-05-18 11:23:01,113.5,6199483
2021-05-18 11:23:03,113.5,6200148
2021-05-18 11:23:06,113.5,6202061
2021-05-18 11:23:08,113.45,6207065
2021-05-18 11:23:11,113.45,6207608
2021-05-18 11:23:13,113.5,6210667
2021-05-18 11:23:16,113.55,6219037
2021-05-18 11:23:19,113.5,6222447
2021-05-18 11:23:21,113.45,6226078
2021-05-18 11:23:24,113.35,6237008
2021-05-18 11:23:27,113.35,6241101
2021-05-18 11:23:29,113.35,6241553
2021-05-18 11:23:32,113.35,6241673
2021-05-18 11:23:34,113.3,6251115
2021-05-18 11:23:38,113.3,6256780
2021-05-18 11:23:41,113.3,6258901
2021-05-18 11:23:43,113.3,6258911
2021-05-18 11:23:46,113.3,6259140
2021-05-18 11:23:51,113.3,6259957
2021-05-18 11:23:54,113.3,6261368
2021-05-18 11:23:57,113.3,6261873
2021-05-18 11:24:00,113.25,6262237
2021-05-18 11:24:03,113.25,6263496
2021-05-18 11:24:06,113.3,6264146
2021-05-18 11:24:08,113.3,6264676
2021-05-18 11:24:11,113.25,6265805
2021-05-18 11:24:13,113.25,6292919
2021-05-18 11:24:16,113.1,6304895
2021-05-18 11:24:19,113.15,6310770
2021-05-18 11:24:21,113.1,6315751
2021-05-18 11:24:24,113.1,6315901
2021-05-18 11:24:27,113.1,6325973
2021-05-18 11:24:30,113.05,6338903
2021-05-18 11:24:33,113.1,6346834
2021-05-18 11:24:36,113.05,6350165
2021-05-18 11:24:38,113.05,6351852
2021-05-18 11:24:41,113.05,6433885
2021-05-18 11:24:43,113.1,6462090
2021-05-18 11:24:46,113.0,6462098
2021-05-18 11:24:48,113.05,6475695
2021-05-18 11:24:50,113.1,6479645
2021-05-18 11:24:53,113.05,6479721
2021-05-18 11:24:55,113.05,6480052
2021-05-18 11:25:00,113.05,6480598
2021-05-18 11:25:03,113.05,6481624
2021-05-18 11:25:06,113.1,6487640
2021-05-18 11:25:08,113.05,6488190
2021-05-18 11:25:10,113.1,6488641
2021-05-18 11:25:13,113.15,6499311
2021-05-18 11:25:16,113.05,6500732
2021-05-18 11:25:19,113.1,6505495
2021-05-18 11:25:22,113.15,6517686
2021-05-18 11:25:25,113.05,6518140
2021-05-18 11:25:28,113.05,6518345
2021-05-18 11:25:31,113.05,6519146
2021-05-18 11:25:34,113.05,6519153
2021-05-18 11:25:36,113.05,6519595
2021-05-18 11:25:40,113.1,6519786
2021-05-18 11:25:43,113.05,6520159
2021-05-18 11:25:46,113.05,6520408
2021-05-18 11:25:48,113.1,6520458
2021-05-18 11:25:51,113.05,6522057
2021-05-18 11:25:54,113.1,6523113
2021-05-18 11:25:57,113.05,6524200
2021-05-18 11:25:59,113.05,6524434
2021-05-18 11:26:02,113.1,6524534
2021-05-18 11:26:04,113.1,6524745
2021-05-18 11:26:07,113.05,6526111
2021-05-18 11:26:09,113.05,6530642
2021-05-18 11:26:12,113.05,6530677
2021-05-18 11:26:15,113.05,6530763
2021-05-18 11:26:18,113.05,6530974
2021-05-18 11:26:20,113.05,6530996
2021-05-18 11:26:23,113.05,6531408
2021-05-18 11:26:25,113.1,6531658
2021-05-18 11:26:28,113.05,6531804
2021-05-18 11:26:31,113.05,6533304
2021-05-18 11:26:34,113.05,6534047
2021-05-18 11:26:36,113.05,6534047
2021-05-18 11:26:39,113.05,6534502
2021-05-18 11:26:42,113.1,6534504
2021-05-18 11:26:44,113.05,6536344
2021-05-18 11:26:47,113.05,6536465
2021-05-18 11:26:50,113.1,6536787
2021-05-18 11:26:53,113.1,6536897
2021-05-18 11:26:56,113.05,6537121
2021-05-18 11:26:59,113.05,6538263
2021-05-18 11:27:02,113.05,6538965
2021-05-18 11:27:05,113.1,6539521
2021-05-18 11:27:08,113.05,6539721
2021-05-18 11:27:11,113.05,6540115
2021-05-18 11:27:15,113.05,6540628
2021-05-18 11:27:17,113.1,6540755
2021-05-18 11:27:20,113.05,6543705
2021-05-18 11:27:23,113.1,6545985
2021-05-18 11:27:26,113.1,6546486
2021-05-18 11:27:29,113.1,6547795
2021-05-18 11:27:32,113.1,6548260
2021-05-18 11:27:34,113.05,6548760
2021-05-18 11:27:37,113.05,6552102
2021-05-18 11:27:40,113.05,6552137
2021-05-18 11:27:43,113.05,6552137
2021-05-18 11:27:47,113.05,6568442
2021-05-18 11:27:50,113.05,6587829
2021-05-18 11:27:54,113.0,6589675
2021-05-18 11:27:57,113.1,6592177
2021-05-18 11:28:00,113.1,6597671
2021-05-18 11:28:03,113.05,6602288
2021-05-18 11:28:06,113.0,6602677
2021-05-18 11:28:09,113.0,6612060
2021-05-18 11:28:12,113.05,6612310
2021-05-18 11:28:14,113.0,6612526
2021-05-18 11:28:17,113.0,6613691
2021-05-18 11:28:20,113.0,6613804
2021-05-18 11:28:22,113.0,6635821
2021-05-18 11:28:25,113.0,6637213
2021-05-18 11:28:28,113.05,6654061
2021-05-18 11:28:30,113.1,6657810
2021-05-18 11:28:33,113.05,6657880
2021-05-18 11:28:36,113.1,6693775
2021-05-18 11:28:39,113.25,6724785
2021-05-18 11:28:41,113.3,6734274
2021-05-18 11:28:44,113.25,6739458
2021-05-18 11:28:48,113.3,6739476
2021-05-18 11:28:51,113.3,6743706
2021-05-18 11:28:54,113.2,6743737
2021-05-18 11:28:57,113.2,6743837
2021-05-18 11:29:00,113.25,6750860
2021-05-18 11:29:03,113.25,6751960
2021-05-18 11:29:06,113.25,6752135
2021-05-18 11:29:09,113.2,6752235
2021-05-18 11:29:11,113.2,6752381
2021-05-18 11:29:14,113.25,6753261
2021-05-18 11:29:16,113.2,6753287
2021-05-18 11:29:18,113.25,6753632
2021-05-18 11:29:21,113.25,6753638
2021-05-18 11:29:24,113.25,6754739
2021-05-18 11:29:26,113.2,6755274
2021-05-18 11:29:29,113.25,6757501
2021-05-18 11:29:31,113.25,6758109
2021-05-18 11:29:34,113.25,6758524
2021-05-18 11:29:37,113.25,6774233
2021-05-18 11:29:40,113.2,6774559
2021-05-18 11:29:42,113.2,6774559
2021-05-18 11:29:46,113.2,6776705
2021-05-18 11:29:49,113.2,6779529
2021-05-18 11:29:52,113.2,6781261
2021-05-18 11:29:54,113.15,6781515
2021-05-18 11:29:57,113.15,6781525
2021-05-18 11:30:00,113.2,6782026
2021-05-18 11:30:03,113.15,6782049
2021-05-18 11:30:05,113.2,6782269
2021-05-18 11:30:08,113.15,6782419
2021-05-18 11:30:11,113.15,6783319
2021-05-18 11:30:13,113.2,6783439
2021-05-18 11:30:15,113.2,6783521
2021-05-18 11:30:17,113.2,6783820
2021-05-18 11:30:20,113.1,6784718
2021-05-18 11:30:22,113.15,6784899
2021-05-18 11:30:25,113.15,6784899
2021-05-18 11:30:28,113.1,6784910
2021-05-18 11:30:30,113.1,6785552
2021-05-18 11:30:33,113.1,6787082
2021-05-18 11:30:37,113.1,6787377
2021-05-18 11:30:40,113.1,6787680
2021-05-18 11:30:42,113.1,6787781
2021-05-18 11:30:45,113.15,6788784
2021-05-18 11:30:47,113.1,6789556
2021-05-18 11:30:50,113.1,6796470
2021-05-18 11:30:53,113.05,6817880
2021-05-18 11:30:57,113.05,6825634
2021-05-18 11:30:59,113.05,6830074
2021-05-18 11:31:02,113.05,6830087
2021-05-18 11:31:08,113.05,6830436
2021-05-18 11:31:10,113.0,6831436
2021-05-18 11:31:13,113.0,6833428
2021-05-18 11:31:16,113.0,6834428
2021-05-18 11:31:19,113.0,6834531
2021-05-18 11:31:21,113.0,6834731
2021-05-18 11:31:24,113.0,6834731
2021-05-18 11:31:26,113.0,6836840
2021-05-18 11:31:29,113.05,6837367
2021-05-18 11:31:32,113.0,6837438
2021-05-18 11:31:35,113.0,6838144
2021-05-18 11:31:37,113.0,6844160
2021-05-18 11:31:40,112.95,6844187
2021-05-18 11:31:43,113.1,6853187
2021-05-18 11:31:48,113.0,6855109
2021-05-18 11:31:51,113.0,6855216
2021-05-18 11:31:53,113.0,6855377
2021-05-18 11:31:55,113.0,6855382
2021-05-18 11:31:57,113.0,6855382
2021-05-18 11:32:00,113.1,6855886
2021-05-18 11:32:03,113.05,6856111
2021-05-18 11:32:05,113.05,6856323
2021-05-18 11:32:07,113.05,6856373
2021-05-18 11:32:10,113.1,6856538
2021-05-18 11:32:13,113.05,6856687
2021-05-18 11:32:15,113.05,6856802
2021-05-18 11:32:18,113.1,6860286
2021-05-18 11:32:21,113.05,6861583
2021-05-18 11:32:23,113.1,6863781
2021-05-18 11:32:25,113.0,6863984
2021-05-18 11:32:28,113.0,6863984
2021-05-18 11:32:30,113.05,6863999
2021-05-18 11:32:32,113.05,6865004
2021-05-18 11:32:35,113.0,6865155
2021-05-18 11:32:38,113.05,6865304
2021-05-18 11:32:41,113.05,6865769
2021-05-18 11:32:43,113.0,6866543
2021-05-18 11:32:46,113.05,6869037
2021-05-18 11:32:49,113.05,6869074
2021-05-18 11:32:51,113.05,6869890
2021-05-18 11:32:53,113.05,6869890
2021-05-18 11:32:56,113.1,6870092
2021-05-18 11:32:58,113.05,6870503
2021-05-18 11:33:00,113.1,6870763
2021-05-18 11:33:02,113.05,6870863
2021-05-18 11:33:07,113.05,6870864
2021-05-18 11:33:10,113.1,6870869
2021-05-18 11:33:13,113.1,6870870
2021-05-18 11:33:16,113.1,6870870
2021-05-18 11:33:19,113.05,6870910
2021-05-18 11:33:22,113.1,6876406
2021-05-18 11:33:28,113.15,6879971
2021-05-18 11:33:34,113.15,6881219
2021-05-18 11:33:37,113.1,6881236
2021-05-18 11:33:39,113.15,6881375
2021-05-18 11:33:41,113.1,6881475
2021-05-18 11:33:44,113.1,6881489
2021-05-18 11:33:47,113.15,6891742
2021-05-18 11:33:49,113.1,6894008
2021-05-18 11:33:52,113.05,6895284
2021-05-18 11:33:55,113.1,6895725
2021-05-18 11:33:58,113.1,6895725
2021-05-18 11:34:00,113.05,6896525
2021-05-18 11:34:03,113.1,6897711
2021-05-18 11:34:06,113.1,6897711
2021-05-18 11:34:08,113.05,6897721
2021-05-18 11:34:11,113.05,6897721
2021-05-18 11:34:14,113.05,6897822
2021-05-18 11:34:16,113.05,6897923
2021-05-18 11:34:19,113.1,6897928
2021-05-18 11:34:22,113.1,6897928
2021-05-18 11:34:25,113.1,6898428
2021-05-18 11:34:28,113.05,6898431
2021-05-18 11:34:31,113.1,6898441
2021-05-18 11:34:34,113.05,6898556
2021-05-18 11:34:36,113.1,6898659
2021-05-18 11:34:39,113.1,6899218
2021-05-18 11:34:42,113.1,6899218
2021-05-18 11:34:44,113.1,6899218
2021-05-18 11:34:47,113.1,6899218
2021-05-18 11:34:50,113.05,6899588
2021-05-18 11:34:52,113.05,6899608
2021-05-18 11:34:54,113.1,6899638
2021-05-18 11:34:56,113.05,6899693
2021-05-18 11:34:59,113.05,6899945
2021-05-18 11:35:02,113.05,6901220
2021-05-18 11:35:04,113.05,6901420
2021-05-18 11:35:06,113.1,6901520
2021-05-18 11:35:09,113.05,6901623
2021-05-18 11:35:12,113.05,6901623
2021-05-18 11:35:14,113.05,6901763
2021-05-18 11:35:16,113.05,6901763
2021-05-18 11:35:21,113.05,6901848
2021-05-18 11:35:23,113.05,6901914
2021-05-18 11:35:25,113.05,6901991
2021-05-18 11:35:28,113.05,6902398
2021-05-18 11:35:33,113.1,6903831
2021-05-18 11:35:36,113.1,6903949
2021-05-18 11:35:39,113.05,6904074
2021-05-18 11:35:41,113.05,6904074
2021-05-18 11:35:43,113.05,6904204
2021-05-18 11:35:47,113.05,6904349
2021-05-18 11:35:52,113.1,6904664
2021-05-18 11:35:55,113.05,6904785
2021-05-18 11:35:57,113.05,6905018
2021-05-18 11:36:00,113.05,6905997
2021-05-18 11:36:02,113.1,6906148
2021-05-18 11:36:05,113.05,6906231
2021-05-18 11:36:08,113.05,6908915
2021-05-18 11:36:11,113.05,6917849
2021-05-18 11:36:15,113.1,6920960
2021-05-18 11:36:18,113.05,6922560
2021-05-18 11:36:21,113.05,6922685
2021-05-18 11:36:23,113.1,6923106
2021-05-18 11:36:26,113.05,6985631
2021-05-18 11:36:29,113.05,7013143
2021-05-18 11:36:32,113.05,7013671
2021-05-18 11:36:34,113.0,7013716
2021-05-18 11:36:37,113.0,7013716
2021-05-18 11:36:42,113.0,7013889
2021-05-18 11:36:44,113.0,7014824
2021-05-18 11:36:47,113.05,7016315
2021-05-18 11:36:49,113.0,7017895
2021-05-18 11:36:54,113.0,7017998
2021-05-18 11:36:56,113.0,7018334
2021-05-18 11:36:59,113.05,7018713
2021-05-18 11:37:02,113.05,7020666
2021-05-18 11:37:04,113.0,7021867
2021-05-18 11:37:07,113.0,7021867
2021-05-18 11:37:09,113.0,7021868
2021-05-18 11:37:12,113.0,7021869
2021-05-18 11:37:19,113.15,7035953
2021-05-18 11:37:21,113.05,7036503
2021-05-18 11:37:24,113.1,7036504
2021-05-18 11:37:27,113.0,7037925
2021-05-18 11:37:29,113.0,7039908
2021-05-18 11:37:35,113.05,7041979
2021-05-18 11:37:38,113.0,7041983
2021-05-18 11:37:41,113.05,7042081
2021-05-18 11:37:44,113.1,7044081
2021-05-18 11:37:47,113.0,7044132
2021-05-18 11:37:49,113.1,7044177
2021-05-18 11:37:52,113.0,7044684
2021-05-18 11:37:55,113.05,7044964
2021-05-18 11:37:57,113.0,7044968
2021-05-18 11:37:59,113.0,7045038
2021-05-18 11:38:02,113.0,7045038
2021-05-18 11:38:04,113.0,7045051
2021-05-18 11:38:07,113.0,7045153
2021-05-18 11:38:09,113.0,7045953
2021-05-18 11:38:12,113.0,7045979
2021-05-18 11:38:14,113.05,7046094
2021-05-18 11:38:16,113.05,7046344
2021-05-18 11:38:19,113.05,7046397
2021-05-18 11:38:21,113.05,7046527
2021-05-18 11:38:24,113.05,7046527
2021-05-18 11:38:26,113.0,7067537
2021-05-18 11:38:28,113.0,7088757
2021-05-18 11:38:31,112.95,7091674
2021-05-18 11:38:34,113.0,7092074
2021-05-18 11:38:37,112.95,7119144
2021-05-18 11:38:40,112.95,7119144
2021-05-18 11:38:43,113.0,7128598
2021-05-18 11:38:45,112.95,7138936
2021-05-18 11:38:48,112.95,7139236
2021-05-18 11:38:51,112.95,7139741
2021-05-18 11:38:53,112.95,7153032
2021-05-18 11:38:55,112.9,7156568
2021-05-18 11:38:58,112.95,7156570
2021-05-18 11:39:00,112.95,7156570
2021-05-18 11:39:03,112.95,7165630
2021-05-18 11:39:09,112.9,7168321
2021-05-18 11:39:11,112.95,7168532
2021-05-18 11:39:14,112.85,7170525
2021-05-18 11:39:16,112.85,7170641
2021-05-18 11:39:19,112.85,7171939
2021-05-18 11:39:21,112.95,7172150
2021-05-18 11:39:24,112.85,7173150
2021-05-18 11:39:27,112.95,7173181
2021-05-18 11:39:30,112.9,7173833
2021-05-18 11:39:32,112.95,7183055
2021-05-18 11:39:35,112.9,7184088
2021-05-18 11:39:38,112.9,7185494
2021-05-18 11:39:40,112.95,7197501
2021-05-18 11:39:42,112.95,7197501
2021-05-18 11:39:44,112.85,7218101
2021-05-18 11:39:47,112.95,7218302
2021-05-18 11:39:50,112.95,7218302
2021-05-18 11:39:54,112.9,7219831
2021-05-18 11:39:57,113.05,7234037
2021-05-18 11:40:01,112.9,7235994
2021-05-18 11:40:04,112.95,7236541
2021-05-18 11:40:06,112.95,7236566
2021-05-18 11:40:09,112.95,7236930
2021-05-18 11:40:11,112.95,7236930
2021-05-18 11:40:14,112.95,7237445
2021-05-18 11:40:20,112.9,7238440
2021-05-18 11:40:23,113.0,7248462
2021-05-18 11:40:26,113.0,7248462
2021-05-18 11:40:29,113.0,7248773
2021-05-18 11:40:32,113.0,7248922
2021-05-18 11:40:35,112.95,7250154
2021-05-18 11:40:38,113.0,7250205
2021-05-18 11:40:40,112.9,7250290
2021-05-18 11:40:44,112.9,7250290
2021-05-18 11:40:46,112.9,7250730
2021-05-18 11:40:49,112.95,7251029
2021-05-18 11:40:53,112.95,7251807
2021-05-18 11:40:56,112.95,7251817
2021-05-18 11:40:59,112.95,7251869
2021-05-18 11:41:06,112.9,7252131
2021-05-18 11:41:08,113.0,7252796
2021-05-18 11:41:14,112.9,7253041
2021-05-18 11:41:17,112.95,7253225
2021-05-18 11:41:20,113.0,7253500
2021-05-18 11:41:22,113.0,7254915
2021-05-18 11:41:24,113.0,7254915
2021-05-18 11:41:27,112.9,7254980
2021-05-18 11:41:31,113.0,7255486
2021-05-18 11:41:34,112.95,7255585
2021-05-18 11:41:36,112.9,7256885
2021-05-18 11:41:39,112.95,7256995
2021-05-18 11:41:42,112.95,7257115
2021-05-18 11:41:44,112.95,7257203
2021-05-18 11:41:47,113.0,7257753
2021-05-18 11:41:49,113.0,7257753
2021-05-18 11:41:52,113.0,7257755
2021-05-18 11:41:54,113.0,7258192
2021-05-18 11:41:57,112.95,7258193
2021-05-18 11:42:00,112.95,7258394
2021-05-18 11:42:02,112.95,7258444
2021-05-18 11:42:05,112.95,7258532
2021-05-18 11:42:08,112.95,7259414
2021-05-18 11:42:10,112.95,7259448
2021-05-18 11:42:13,112.95,7259669
2021-05-18 11:42:15,113.0,7260008
2021-05-18 11:42:18,113.0,7260011
2021-05-18 11:42:20,113.0,7260400
2021-05-18 11:42:23,113.0,7260908
2021-05-18 11:42:25,113.0,7260908
2021-05-18 11:42:28,113.0,7261051
2021-05-18 11:42:30,113.0,7261066
2021-05-18 11:42:32,113.0,7261626
2021-05-18 11:42:34,112.95,7261631
2021-05-18 11:42:37,112.95,7261631
2021-05-18 11:42:39,112.95,7262261
2021-05-18 11:42:42,113.0,7263313
2021-05-18 11:42:45,112.95,7263819
2021-05-18 11:42:47,112.95,7264119
2021-05-18 11:42:50,113.0,7264538
2021-05-18 11:42:53,113.2,7321331
2021-05-18 11:42:56,113.1,7330710
2021-05-18 11:42:59,113.1,7339475
2021-05-18 11:43:01,113.1,7340482
2021-05-18 11:43:05,113.15,7346049
2021-05-18 11:43:07,113.0,7346654
2021-05-18 11:43:10,113.0,7347886
2021-05-18 11:43:13,113.1,7348489
2021-05-18 11:43:15,113.05,7348555
2021-05-18 11:43:18,113.0,7350090
2021-05-18 11:43:20,113.1,7351580
2021-05-18 11:43:23,113.05,7351973
2021-05-18 11:43:25,113.05,7352070
2021-05-18 11:43:28,113.1,7352075
2021-05-18 11:43:31,113.1,7352076
2021-05-18 11:43:33,113.05,7352803
2021-05-18 11:43:38,113.1,7352805
2021-05-18 11:43:40,113.05,7352812
2021-05-18 11:43:43,113.05,7353240
2021-05-18 11:43:45,113.05,7353340
2021-05-18 11:43:48,113.1,7353440
2021-05-18 11:43:53,113.1,7357126
2021-05-18 11:43:55,113.05,7357150
2021-05-18 11:43:57,113.1,7357152
2021-05-18 11:44:00,113.1,7357637
2021-05-18 11:44:02,113.05,7357837
2021-05-18 11:44:05,113.1,7361024
2021-05-18 11:44:07,113.05,7361034
2021-05-18 11:44:09,113.05,7361036
2021-05-18 11:44:11,113.05,7361098
2021-05-18 11:44:14,113.1,7361105
2021-05-18 11:44:17,113.1,7361132
2021-05-18 11:44:20,113.1,7361132
2021-05-18 11:44:22,113.05,7362226
2021-05-18 11:44:24,113.1,7363033
2021-05-18 11:44:26,113.1,7363039
2021-05-18 11:44:31,113.1,7363420
2021-05-18 11:44:33,113.1,7364000
2021-05-18 11:44:36,113.05,7364004
2021-05-18 11:44:38,113.05,7364004
2021-05-18 11:44:41,113.05,7364004
2021-05-18 11:44:43,113.05,7364004
2021-05-18 11:44:46,113.05,7364004
2021-05-18 11:44:48,113.05,7364034
2021-05-18 11:44:50,113.05,7366681
2021-05-18 11:44:54,113.05,7366811
2021-05-18 11:44:57,113.1,7366834
2021-05-18 11:44:59,113.05,7369351
2021-05-18 11:45:01,113.05,7369351
2021-05-18 11:45:03,113.05,7369471
2021-05-18 11:45:05,113.05,7369471
2021-05-18 11:45:08,113.1,7369472
2021-05-18 11:45:10,113.05,7370247
2021-05-18 11:45:12,113.1,7370328
2021-05-18 11:45:14,113.1,7370559
2021-05-18 11:45:18,113.1,7370659
2021-05-18 11:45:21,113.05,7370667
2021-05-18 11:45:23,113.05,7370696
2021-05-18 11:45:25,113.05,7370696
2021-05-18 11:45:27,113.05,7372367
2021-05-18 11:45:30,113.1,7373992
2021-05-18 11:45:32,113.1,7379739
2021-05-18 11:45:35,113.05,7380120
2021-05-18 11:45:40,113.05,7384073
2021-05-18 11:45:43,113.1,7385419
2021-05-18 11:45:45,113.05,7385954
2021-05-18 11:45:47,113.1,7385956
2021-05-18 11:45:50,113.1,7386156
2021-05-18 11:45:53,113.1,7386216
2021-05-18 11:45:55,113.1,7386321
2021-05-18 11:45:58,113.1,7386322
2021-05-18 11:46:00,113.1,7386577
2021-05-18 11:46:03,113.05,7386622
2021-05-18 11:46:06,113.1,7386623
2021-05-18 11:46:09,113.05,7388228
2021-05-18 11:46:11,113.05,7388408
2021-05-18 11:46:13,113.05,7406605
2021-05-18 11:46:15,113.0,7412232
2021-05-18 11:46:18,113.05,7412788
2021-05-18 11:46:22,113.05,7413588
2021-05-18 11:46:25,113.05,7413688
2021-05-18 11:46:28,113.05,7413695
2021-05-18 11:46:30,113.05,7413695
2021-05-18 11:46:33,113.0,7418942
2021-05-18 11:46:35,113.05,7418947
2021-05-18 11:46:37,113.05,7419147
2021-05-18 11:46:39,113.0,7419155
2021-05-18 11:46:42,113.0,7419191
2021-05-18 11:46:45,113.05,7419456
2021-05-18 11:46:48,113.05,7419456
2021-05-18 11:46:51,113.0,7419582
2021-05-18 11:46:54,113.0,7420404
2021-05-18 11:46:57,113.0,7420659
2021-05-18 11:47:02,113.0,7421016
2021-05-18 11:47:05,113.05,7421032
2021-05-18 11:47:07,113.0,7421183
2021-05-18 11:47:10,113.05,7421204
2021-05-18 11:47:13,113.0,7421394
2021-05-18 11:47:16,113.0,7421401
2021-05-18 11:47:18,113.0,7422643
2021-05-18 11:47:21,113.0,7422844
2021-05-18 11:47:24,113.0,7423344
2021-05-18 11:47:27,113.0,7423394
2021-05-18 11:47:30,113.0,7423394
2021-05-18 11:47:32,113.0,7423394
2021-05-18 11:47:35,113.0,7423650
2021-05-18 11:47:37,113.0,7447589
2021-05-18 11:47:40,112.95,7448449
2021-05-18 11:47:42,113.0,7448454
2021-05-18 11:47:45,112.95,7448659
2021-05-18 11:47:48,113.0,7449009
2021-05-18 11:47:50,112.95,7454620
2021-05-18 11:47:53,112.9,7455720
2021-05-18 11:47:55,112.9,7455720
2021-05-18 11:47:57,112.9,7455792
2021-05-18 11:47:59,112.95,7457666
2021-05-18 11:48:02,112.9,7457869
2021-05-18 11:48:04,112.9,7457869
2021-05-18 11:48:07,113.0,7478642
2021-05-18 11:48:10,113.0,7478642
2021-05-18 11:48:13,112.9,7478644
2021-05-18 11:48:16,113.0,7479465
2021-05-18 11:48:19,113.0,7479606
2021-05-18 11:48:21,113.0,7479606
2021-05-18 11:48:23,113.0,7480035
2021-05-18 11:48:26,113.0,7480035
2021-05-18 11:48:28,112.9,7480895
2021-05-18 11:48:31,113.0,7480985
2021-05-18 11:48:33,112.9,7481485
2021-05-18 11:48:35,112.95,7481510
2021-05-18 11:48:38,112.95,7501282
2021-05-18 11:48:40,112.95,7501385
2021-05-18 11:48:43,112.95,7501450
2021-05-18 11:48:45,112.95,7503519
2021-05-18 11:48:48,113.0,7503520
2021-05-18 11:48:51,112.95,7503821
2021-05-18 11:48:53,113.0,7504168
2021-05-18 11:48:55,113.0,7504168
2021-05-18 11:48:58,113.0,7504168
2021-05-18 11:49:01,113.0,7504168
2021-05-18 11:49:04,113.0,7504315
2021-05-18 11:49:07,113.05,7537882
2021-05-18 11:49:09,113.1,7537891
2021-05-18 11:49:12,113.1,7537916
2021-05-18 11:49:14,113.05,7538229
2021-05-18 11:49:17,113.05,7538296
2021-05-18 11:49:19,113.1,7538340
2021-05-18 11:49:22,113.1,7538361
2021-05-18 11:49:24,113.05,7538762
2021-05-18 11:49:27,113.1,7538792
2021-05-18 11:49:30,113.05,7538925
2021-05-18 11:49:33,113.05,7539099
2021-05-18 11:49:35,113.05,7541622
2021-05-18 11:49:38,113.0,7541710
2021-05-18 11:49:41,113.0,7541710
2021-05-18 11:49:43,113.05,7544259
2021-05-18 11:49:46,113.0,7544275
2021-05-18 11:49:48,113.0,7544275
2021-05-18 11:49:50,113.0,7544275
2021-05-18 11:49:53,113.05,7544284
2021-05-18 11:49:55,113.05,7545210
2021-05-18 11:49:58,113.0,7545302
2021-05-18 11:50:00,113.0,7545352
2021-05-18 11:50:03,113.05,7545534
2021-05-18 11:50:05,113.05,7545534
2021-05-18 11:50:07,113.05,7545534
2021-05-18 11:50:09,113.05,7545534
2021-05-18 11:50:12,113.0,7547544
2021-05-18 11:50:14,113.0,7547544
2021-05-18 11:50:16,113.0,7547544
2021-05-18 11:50:18,113.0,7555742
2021-05-18 11:50:20,113.0,7555742
2021-05-18 11:50:22,113.0,7555742
2021-05-18 11:50:25,113.0,7556292
2021-05-18 11:50:27,112.95,7556348
2021-05-18 11:50:30,112.95,7556359
2021-05-18 11:50:33,112.95,7556359
2021-05-18 11:50:36,112.95,7556359
2021-05-18 11:50:39,113.0,7556761
2021-05-18 11:50:42,113.0,7556761
2021-05-18 11:50:45,112.95,7561144
2021-05-18 11:50:47,113.0,7561185
2021-05-18 11:50:50,112.9,7561613
2021-05-18 11:50:53,112.9,7561671
2021-05-18 11:51:01,112.9,7561680
2021-05-18 11:51:03,112.9,7562080
2021-05-18 11:51:05,112.9,7562155
2021-05-18 11:51:07,112.95,7562982
2021-05-18 11:51:09,112.9,7562986
2021-05-18 11:51:11,112.95,7563187
2021-05-18 11:51:14,112.9,7563289
2021-05-18 11:51:16,112.9,7563605
2021-05-18 11:51:18,112.9,7563606
2021-05-18 11:51:20,112.9,7563607
2021-05-18 11:51:23,112.95,7564574
2021-05-18 11:51:25,112.9,7567504
2021-05-18 11:51:27,112.9,7567504
2021-05-18 11:51:30,112.9,7567504
2021-05-18 11:51:33,112.9,7567999
2021-05-18 11:51:36,112.9,7568008
2021-05-18 11:51:39,112.9,7568858
2021-05-18 11:51:41,112.95,7569469
2021-05-18 11:51:43,112.9,7569516
2021-05-18 11:51:46,112.9,7569539
2021-05-18 11:51:49,112.9,7569539
2021-05-18 11:51:52,112.9,7572014
2021-05-18 11:51:54,112.9,7572804
2021-05-18 11:51:57,112.9,7572887
2021-05-18 11:51:59,112.9,7572913
2021-05-18 11:52:02,112.9,7572918
2021-05-18 11:52:04,112.95,7572919
2021-05-18 11:52:06,112.9,7572989
2021-05-18 11:52:09,112.95,7573684
2021-05-18 11:52:11,112.9,7573984
2021-05-18 11:52:13,112.95,7575048
2021-05-18 11:52:16,112.9,7576751
2021-05-18 11:52:18,112.9,7576751
2021-05-18 11:52:21,112.9,7578351
2021-05-18 11:52:24,112.9,7579918
2021-05-18 11:52:26,112.9,7580117
2021-05-18 11:52:29,112.9,7581123
2021-05-18 11:52:32,112.9,7582181
2021-05-18 11:52:35,113.0,7596434
2021-05-18 11:52:38,112.95,7596441
2021-05-18 11:52:40,113.0,7597138
2021-05-18 11:52:43,113.0,7597138
2021-05-18 11:52:46,112.9,7597142
2021-05-18 11:52:49,112.95,7597589
2021-05-18 11:52:51,113.0,7597609
2021-05-18 11:52:54,113.0,7598339
2021-05-18 11:52:56,113.0,7598339
2021-05-18 11:52:58,112.95,7598409
2021-05-18 11:53:00,112.95,7598409
2021-05-18 11:53:02,112.95,7598410
2021-05-18 11:53:05,112.95,7598465
2021-05-18 11:53:07,113.0,7598466
2021-05-18 11:53:09,112.95,7599363
2021-05-18 11:53:12,113.0,7600785
2021-05-18 11:53:14,113.0,7600785
2021-05-18 11:53:17,113.0,7600785
2021-05-18 11:53:20,112.95,7600839
2021-05-18 11:53:23,113.0,7601434
2021-05-18 11:53:26,112.95,7601484
2021-05-18 11:53:28,112.9,7601624
2021-05-18 11:53:30,112.95,7601626
2021-05-18 11:53:33,112.9,7601816
2021-05-18 11:53:36,112.95,7601837
2021-05-18 11:53:40,112.9,7602649
2021-05-18 11:53:42,112.9,7602675
2021-05-18 11:53:45,112.9,7602675
2021-05-18 11:53:48,112.9,7602699
2021-05-18 11:53:51,112.9,7602710
2021-05-18 11:53:53,112.95,7603459
2021-05-18 11:53:56,112.95,7603463
2021-05-18 11:53:58,112.9,7603473
2021-05-18 11:54:01,112.9,7603890
2021-05-18 11:54:04,112.95,7604998
2021-05-18 11:54:08,112.95,7605607
2021-05-18 11:54:11,112.95,7605807
2021-05-18 11:54:14,112.95,7606168
2021-05-18 11:54:17,112.9,7606298
2021-05-18 11:54:20,112.9,7606368
2021-05-18 11:54:22,112.95,7606695
2021-05-18 11:54:24,113.0,7607368
2021-05-18 11:54:27,112.95,7607720
2021-05-18 11:54:29,113.0,7619282
2021-05-18 11:54:32,113.0,7619364
2021-05-18 11:54:34,113.05,7619414
2021-05-18 11:54:36,113.05,7620314
2021-05-18 11:54:39,113.0,7620429
2021-05-18 11:54:41,113.0,7620429
2021-05-18 11:54:44,113.0,7620534
2021-05-18 11:54:46,113.05,7620561
2021-05-18 11:54:48,113.05,7620561
2021-05-18 11:54:51,113.0,7620701
2021-05-18 11:54:53,113.05,7620703
2021-05-18 11:54:55,113.05,7628937
2021-05-18 11:54:58,113.05,7629437
2021-05-18 11:55:00,113.05,7629675
2021-05-18 11:55:03,113.0,7629782
2021-05-18 11:55:05,113.0,7630011
2021-05-18 11:55:07,113.0,7630011
2021-05-18 11:55:09,113.0,7630011
2021-05-18 11:55:12,113.0,7630011
2021-05-18 11:55:14,113.0,7630011
2021-05-18 11:55:17,113.05,7630667
2021-05-18 11:55:20,113.0,7631716
2021-05-18 11:55:23,113.1,7632076
2021-05-18 11:55:26,113.1,7632832
2021-05-18 11:55:28,113.1,7632948
2021-05-18 11:55:31,113.1,7633186
2021-05-18 11:55:34,113.05,7634858
2021-05-18 11:55:36,113.1,7635033
2021-05-18 11:55:39,113.1,7635064
2021-05-18 11:55:44,113.1,7635972
2021-05-18 11:55:46,113.05,7635992
2021-05-18 11:55:49,113.1,7636092
2021-05-18 11:55:52,113.1,7636491
2021-05-18 11:55:54,113.1,7637025
2021-05-18 11:55:56,113.1,7637225
2021-05-18 11:55:59,113.05,7637318
2021-05-18 11:56:01,113.1,7638207
2021-05-18 11:56:03,113.1,7638207
2021-05-18 11:56:08,113.05,7638400
2021-05-18 11:56:10,112.95,7643615
2021-05-18 11:56:13,113.0,7651705
2021-05-18 11:56:15,113.0,7651720
2021-05-18 11:56:18,113.0,7651820
2021-05-18 11:56:20,112.95,7652905
2021-05-18 11:56:23,112.95,7653996
2021-05-18 11:56:26,112.95,7653996
2021-05-18 11:56:29,112.95,7653997
2021-05-18 11:56:31,113.0,7654396
2021-05-18 11:56:34,113.0,7654446
2021-05-18 11:56:36,113.0,7654446
2021-05-18 11:56:39,113.0,7655854
2021-05-18 11:56:42,112.95,7656213
2021-05-18 11:56:44,112.95,7656813
2021-05-18 11:56:46,112.95,7656989
2021-05-18 11:56:49,112.95,7657091
2021-05-18 11:56:52,113.0,7657329
2021-05-18 11:56:54,113.0,7658661
2021-05-18 11:56:57,113.0,7658661
2021-05-18 11:56:59,113.0,7658661
2021-05-18 11:57:01,113.0,7658899
2021-05-18 11:57:03,113.0,7659437
2021-05-18 11:57:06,112.95,7659673
2021-05-18 11:57:08,112.95,7661319
2021-05-18 11:57:11,113.0,7661559
2021-05-18 11:57:14,112.95,7661904
2021-05-18 11:57:18,113.0,7662004
2021-05-18 11:57:21,112.95,7662585
2021-05-18 11:57:24,113.0,7664175
2021-05-18 11:57:27,112.95,7664709
2021-05-18 11:57:30,113.0,7664859
2021-05-18 11:57:32,113.0,7665234
2021-05-18 11:57:35,113.05,7665290
2021-05-18 11:57:38,113.05,7665520
2021-05-18 11:57:41,113.05,7665814
2021-05-18 11:57:44,113.05,7665825
2021-05-18 11:57:47,113.05,7665895
2021-05-18 11:57:51,113.05,7666849
2021-05-18 11:57:54,113.05,7666905
2021-05-18 11:57:56,113.05,7666905
2021-05-18 11:57:59,113.0,7666921
2021-05-18 11:58:01,113.0,7667269
2021-05-18 11:58:07,113.0,7667321
2021-05-18 11:58:10,113.05,7667567
2021-05-18 11:58:12,113.05,7669214
2021-05-18 11:58:15,113.0,7669554
2021-05-18 11:58:18,113.0,7669644
2021-05-18 11:58:20,113.0,7669669
2021-05-18 11:58:22,113.0,7669909
2021-05-18 11:58:25,113.05,7669910
2021-05-18 11:58:27,112.95,7675960
2021-05-18 11:58:30,113.05,7675961
2021-05-18 11:58:32,113.05,7676700
2021-05-18 11:58:34,113.05,7676700
2021-05-18 11:58:36,113.05,7676700
2021-05-18 11:58:38,113.1,7680750
2021-05-18 11:58:40,113.1,7680989
2021-05-18 11:58:42,113.1,7680989
2021-05-18 11:58:44,113.0,7680990
2021-05-18 11:58:46,113.05,7681054
2021-05-18 11:58:48,113.0,7681254
2021-05-18 11:58:50,113.1,7681499
2021-05-18 11:58:53,113.1,7681499
2021-05-18 11:58:55,113.0,7681500
2021-05-18 11:58:57,113.1,7681510
2021-05-18 11:58:59,113.1,7681510
2021-05-18 11:59:02,113.05,7681889
2021-05-18 11:59:05,113.0,7681890
2021-05-18 11:59:07,113.1,7681895
2021-05-18 11:59:09,113.0,7681907
2021-05-18 11:59:12,113.1,7682149
2021-05-18 11:59:15,113.1,7682164
2021-05-18 11:59:17,113.1,7682164
2021-05-18 11:59:20,113.05,7682190
2021-05-18 11:59:26,113.05,7682539
2021-05-18 11:59:28,113.05,7682539
2021-05-18 11:59:30,113.05,7682540
2021-05-18 11:59:32,113.1,7682778
2021-05-18 11:59:34,113.05,7683337
2021-05-18 11:59:37,113.05,7684089
2021-05-18 11:59:39,113.05,7684089
2021-05-18 11:59:41,113.05,7684089
2021-05-18 11:59:43,113.05,7684089
2021-05-18 11:59:45,113.1,7686109
2021-05-18 11:59:47,113.1,7686123
2021-05-18 11:59:49,113.1,7686123
2021-05-18 11:59:51,113.1,7686362
2021-05-18 11:59:53,113.1,7686517
2021-05-18 11:59:56,113.05,7688117
2021-05-18 11:59:58,113.05,7688117
2021-05-18 12:00:00,113.1,7688217
2021-05-18 12:00:02,113.1,7689418
2021-05-18 12:00:04,113.1,7689418
2021-05-18 12:00:07,113.05,7689660
2021-05-18 12:00:10,113.05,7689661
2021-05-18 12:00:12,113.0,7693322
2021-05-18 12:00:14,113.1,7693347
2021-05-18 12:00:17,113.05,7693649
2021-05-18 12:00:19,113.0,7693849
2021-05-18 12:00:21,113.0,7693849
2021-05-18 12:00:23,113.0,7693986
2021-05-18 12:00:26,113.0,7694101
2021-05-18 12:00:28,113.0,7694101
2021-05-18 12:00:30,113.0,7711008
2021-05-18 12:00:33,113.0,7715292
2021-05-18 12:00:35,112.95,7718593
2021-05-18 12:00:37,113.0,7722832
2021-05-18 12:00:39,113.0,7722857
2021-05-18 12:00:41,113.0,7722857
2021-05-18 12:00:44,112.95,7723936
2021-05-18 12:00:46,112.95,7723936
2021-05-18 12:00:49,112.95,7724036
2021-05-18 12:00:51,113.0,7724923
2021-05-18 12:00:54,113.0,7726131
2021-05-18 12:00:56,113.0,7726351
2021-05-18 12:00:59,113.0,7726351
2021-05-18 12:01:01,112.95,7726524
2021-05-18 12:01:03,113.0,7726951
2021-05-18 12:01:06,113.0,7727319
2021-05-18 12:01:08,113.0,7729307
2021-05-18 12:01:11,112.95,7729602
2021-05-18 12:01:14,113.0,7738050
2021-05-18 12:01:16,112.95,7738051
2021-05-18 12:01:19,112.95,7738056
2021-05-18 12:01:21,112.95,7738057
2021-05-18 12:01:23,112.95,7739572
2021-05-18 12:01:26,112.95,7739622
2021-05-18 12:01:28,113.0,7739647
2021-05-18 12:01:30,112.95,7739661
2021-05-18 12:01:33,112.95,7739661
2021-05-18 12:01:36,113.0,7739861
2021-05-18 12:01:39,112.95,7741819
2021-05-18 12:01:41,112.95,7741934
2021-05-18 12:01:43,112.95,7742034
2021-05-18 12:01:46,112.95,7742246
2021-05-18 12:01:49,112.95,7742246
2021-05-18 12:01:51,113.0,7742253
2021-05-18 12:01:54,112.95,7746701
2021-05-18 12:01:56,112.95,7747722
2021-05-18 12:01:58,113.0,7747747
2021-05-18 12:02:01,112.95,7747931
2021-05-18 12:02:04,113.0,7748531
2021-05-18 12:02:07,112.95,7748831
2021-05-18 12:02:09,113.0,7754726
2021-05-18 12:02:11,112.95,7755352
2021-05-18 12:02:14,112.95,7755366
2021-05-18 12:02:16,112.95,7755366
2021-05-18 12:02:18,113.0,7755393
2021-05-18 12:02:21,113.0,7755393
2021-05-18 12:02:23,113.05,7755401
2021-05-18 12:02:25,113.0,7755414
2021-05-18 12:02:28,113.05,7756015
2021-05-18 12:02:30,113.05,7756415
2021-05-18 12:02:32,113.05,7756415
2021-05-18 12:02:34,112.95,7763863
2021-05-18 12:02:36,112.9,7764775
2021-05-18 12:02:38,112.95,7764923
2021-05-18 12:02:40,112.9,7764937
2021-05-18 12:02:42,112.9,7800289
2021-05-18 12:02:44,112.9,7800289
2021-05-18 12:02:47,112.9,7803938
2021-05-18 12:02:49,112.9,7803938
2021-05-18 12:02:52,112.85,7809455
2021-05-18 12:02:55,112.85,7809462
2021-05-18 12:02:57,112.85,7815012
2021-05-18 12:02:59,112.85,7815047
2021-05-18 12:03:02,112.85,7816012
2021-05-18 12:03:04,112.85,7816012
2021-05-18 12:03:07,112.85,7816054
2021-05-18 12:03:09,112.9,7817453
2021-05-18 12:03:11,112.85,7817756
2021-05-18 12:03:13,112.85,7818556
2021-05-18 12:03:16,112.85,7818557
2021-05-18 12:03:20,112.9,7823417
2021-05-18 12:03:22,112.9,7824775
2021-05-18 12:03:24,112.9,7824776
2021-05-18 12:03:26,112.8,7825314
2021-05-18 12:03:28,112.8,7826358
2021-05-18 12:03:31,112.8,7826446
2021-05-18 12:03:33,112.8,7826457
2021-05-18 12:03:35,112.85,7826661
2021-05-18 12:03:38,112.9,7836008
2021-05-18 12:03:41,112.85,7839223
2021-05-18 12:03:43,112.9,7839313
2021-05-18 12:03:46,112.85,7839802
2021-05-18 12:03:48,112.9,7839804
2021-05-18 12:03:51,112.85,7839805
2021-05-18 12:03:53,112.9,7841127
2021-05-18 12:03:56,112.95,7841385
2021-05-18 12:03:58,112.95,7841387
2021-05-18 12:04:01,112.9,7841647
2021-05-18 12:04:04,112.95,7841688
2021-05-18 12:04:11,112.85,7852156
2021-05-18 12:04:13,112.85,7852489
2021-05-18 12:04:15,112.85,7852489
2021-05-18 12:04:17,112.85,7852529
2021-05-18 12:04:20,112.85,7852629
2021-05-18 12:04:22,112.85,7852629
2021-05-18 12:04:24,112.9,7853822
2021-05-18 12:04:26,112.95,7853823
2021-05-18 12:04:29,112.95,7853873
2021-05-18 12:04:31,112.95,7853873
2021-05-18 12:04:33,112.9,7854840
2021-05-18 12:04:35,112.9,7855277
2021-05-18 12:04:37,112.85,7855285
2021-05-18 12:04:39,112.85,7855297
2021-05-18 12:04:41,112.85,7855512
2021-05-18 12:04:43,112.85,7855561
2021-05-18 12:04:45,112.85,7856208
2021-05-18 12:04:48,112.85,7856269
2021-05-18 12:04:51,112.85,7856376
2021-05-18 12:04:53,112.9,7857880
2021-05-18 12:04:55,112.9,7857896
2021-05-18 12:04:57,112.9,7858033
2021-05-18 12:05:01,112.85,7858130
2021-05-18 12:05:03,112.85,7858175
2021-05-18 12:05:05,112.85,7858259
2021-05-18 12:05:07,112.85,7858307
2021-05-18 12:05:10,112.85,7859745
2021-05-18 12:05:12,112.85,7859816
2021-05-18 12:05:14,112.85,7859818
2021-05-18 12:05:17,112.85,7860968
2021-05-18 12:05:19,112.9,7861035
2021-05-18 12:05:22,112.85,7863203
2021-05-18 12:05:25,112.9,7863741
2021-05-18 12:05:28,112.9,7863741
2021-05-18 12:05:31,112.85,7864305
2021-05-18 12:05:34,112.85,7864305
2021-05-18 12:05:36,112.9,7864455
2021-05-18 12:05:38,112.9,7870756
2021-05-18 12:05:41,112.85,7870831
2021-05-18 12:05:44,112.9,7870884
2021-05-18 12:05:46,112.85,7871010
2021-05-18 12:05:49,112.9,7871048
2021-05-18 12:05:52,112.9,7871098
2021-05-18 12:05:54,112.85,7872869
2021-05-18 12:05:56,112.85,7872870
2021-05-18 12:05:59,112.85,7872870
2021-05-18 12:06:01,112.9,7872883
2021-05-18 12:06:03,112.9,7872933
2021-05-18 12:06:06,112.9,7876507
2021-05-18 12:06:08,112.9,7876507
2021-05-18 12:06:10,112.85,7876683
2021-05-18 12:06:15,112.85,7904635
2021-05-18 12:06:18,112.9,7904686
2021-05-18 12:06:22,112.8,7907068
2021-05-18 12:06:24,112.9,7907320
2021-05-18 12:06:26,112.85,7908607
2021-05-18 12:06:29,112.9,7908725
2021-05-18 12:06:33,112.85,7909708
2021-05-18 12:06:36,112.85,7910734
2021-05-18 12:06:38,112.8,7910975
2021-05-18 12:06:40,112.8,7940116
2021-05-18 12:06:43,112.75,7941291
2021-05-18 12:06:45,112.85,7943794
2021-05-18 12:06:47,112.75,7946930
2021-05-18 12:06:49,112.8,7947160
2021-05-18 12:06:51,112.8,7947851
2021-05-18 12:06:54,112.85,7948738
2021-05-18 12:06:56,112.75,7949288
2021-05-18 12:06:58,112.75,7950093
2021-05-18 12:07:00,112.8,7950268
2021-05-18 12:07:02,112.75,7953716
2021-05-18 12:07:04,112.75,7953716
2021-05-18 12:07:07,112.75,7953780
2021-05-18 12:07:09,112.75,7955055
2021-05-18 12:07:12,112.75,7955055
2021-05-18 12:07:14,112.75,7955211
2021-05-18 12:07:19,112.75,7955212
2021-05-18 12:07:21,112.75,7956218
2021-05-18 12:07:23,112.75,7957341
2021-05-18 12:07:26,112.8,7957352
2021-05-18 12:07:28,112.8,7957352
2021-05-18 12:07:30,112.7,8037014
2021-05-18 12:07:33,112.75,8037044
2021-05-18 12:07:36,112.65,8044555
2021-05-18 12:07:38,112.7,8044585
2021-05-18 12:07:40,112.7,8045161
2021-05-18 12:07:43,112.75,8046857
2021-05-18 12:07:46,112.65,8048487
2021-05-18 12:07:49,112.7,8051829
2021-05-18 12:07:51,112.7,8051855
2021-05-18 12:07:54,112.7,8053651
2021-05-18 12:07:57,112.6,8110614
2021-05-18 12:08:00,112.6,8121727
2021-05-18 12:08:02,112.55,8126761
2021-05-18 12:08:05,112.55,8135097
2021-05-18 12:08:08,112.5,8135572
2021-05-18 12:08:10,112.55,8136406
2021-05-18 12:08:13,112.55,8140236
2021-05-18 12:08:16,112.55,8140714
2021-05-18 12:08:18,112.55,8141122
2021-05-18 12:08:21,112.55,8144698
2021-05-18 12:08:23,112.5,8145219
2021-05-18 12:08:25,112.5,8145577
2021-05-18 12:08:27,112.55,8147589
2021-05-18 12:08:29,112.5,8147599
2021-05-18 12:08:32,112.5,8148399
2021-05-18 12:08:34,112.5,8148642
2021-05-18 12:08:36,112.55,8148942
2021-05-18 12:08:38,112.5,8149370
2021-05-18 12:08:41,112.55,8149552
2021-05-18 12:08:43,112.55,8150893
2021-05-18 12:08:45,112.5,8151206
2021-05-18 12:08:48,112.5,8151673
2021-05-18 12:08:50,112.5,8153673
2021-05-18 12:08:52,112.55,8154862
2021-05-18 12:08:54,112.5,8154864
2021-05-18 12:08:56,112.5,8155475
2021-05-18 12:08:58,112.5,8156851
2021-05-18 12:09:00,112.5,8157651
2021-05-18 12:09:03,112.5,8157661
2021-05-18 12:09:05,112.5,8157711
2021-05-18 12:09:07,112.5,8164621
2021-05-18 12:09:09,112.5,8164632
2021-05-18 12:09:11,112.5,8164632
2021-05-18 12:09:13,112.55,8175257
2021-05-18 12:09:16,112.55,8176367
2021-05-18 12:09:18,112.6,8176867
2021-05-18 12:09:21,112.55,8177067
2021-05-18 12:09:23,112.55,8177848
2021-05-18 12:09:26,112.6,8179687
2021-05-18 12:09:27,112.6,8179737
2021-05-18 12:09:30,112.6,8179997
2021-05-18 12:09:32,112.6,8180997
2021-05-18 12:09:36,112.7,8191019
2021-05-18 12:09:38,112.7,8191671
2021-05-18 12:09:41,112.6,8192371
2021-05-18 12:09:43,112.7,8192610
2021-05-18 12:09:45,112.65,8193731
2021-05-18 12:09:48,112.65,8194068
2021-05-18 12:09:50,112.7,8194175
2021-05-18 12:09:52,112.65,8194300
2021-05-18 12:09:54,112.65,8194964
2021-05-18 12:09:56,112.65,8195314
2021-05-18 12:09:58,112.65,8195471
2021-05-18 12:10:01,112.65,8195941
2021-05-18 12:10:03,112.65,8201529
2021-05-18 12:10:05,112.6,8203525
2021-05-18 12:10:07,112.6,8205338
2021-05-18 12:10:10,112.6,8205882
2021-05-18 12:10:12,112.65,8207397
2021-05-18 12:10:16,112.6,8208016
2021-05-18 12:10:18,112.6,8208016
2021-05-18 12:10:21,112.65,8208046
2021-05-18 12:10:23,112.65,8209368
2021-05-18 12:10:26,112.6,8211497
2021-05-18 12:10:28,112.6,8213965
2021-05-18 12:10:30,112.55,8216641
2021-05-18 12:10:33,112.6,8219647
2021-05-18 12:10:35,112.65,8219724
2021-05-18 12:10:37,112.65,8220233
2021-05-18 12:10:39,112.65,8220233
2021-05-18 12:10:41,112.65,8220234
2021-05-18 12:10:43,112.65,8220236
2021-05-18 12:10:48,112.6,8220716
2021-05-18 12:10:51,112.6,8220716
2021-05-18 12:10:53,112.65,8221228
2021-05-18 12:10:55,112.6,8221258
2021-05-18 12:10:57,112.6,8221258
2021-05-18 12:11:00,112.6,8221258
2021-05-18 12:11:03,112.65,8221308
2021-05-18 12:11:05,112.65,8222038
2021-05-18 12:11:08,112.65,8223225
2021-05-18 12:11:11,112.65,8223828
