timestamp,ltp,volume
2021-05-18 09:15:25,229.8,33606
2021-05-18 09:15:32,230.0,34384
2021-05-18 09:15:38,230.45,40632
2021-05-18 09:15:44,230.8,43770
2021-05-18 09:15:50,230.7,46505
2021-05-18 09:15:57,231.0,58039
2021-05-18 09:16:03,231.3,63423
2021-05-18 09:16:09,231.2,72180
2021-05-18 09:16:14,231.6,80964
2021-05-18 09:16:20,231.25,106117
2021-05-18 09:16:26,230.9,114058
2021-05-18 09:16:32,230.8,127311
2021-05-18 09:16:37,230.6,135462
2021-05-18 09:16:43,230.6,253032
2021-05-18 09:16:49,230.85,256804
2021-05-18 09:16:55,230.7,258950
2021-05-18 09:17:01,230.7,261504
2021-05-18 09:17:07,230.9,265133
2021-05-18 09:17:13,231.1,267621
2021-05-18 09:17:18,231.0,269318
2021-05-18 09:17:24,231.0,270423
2021-05-18 09:17:29,231.15,274452
2021-05-18 09:17:35,230.95,277991
2021-05-18 09:17:46,231.0,281176
2021-05-18 09:17:52,231.0,282856
2021-05-18 09:17:57,230.9,284401
2021-05-18 09:18:03,230.9,285058
2021-05-18 09:18:09,231.35,295789
2021-05-18 09:18:14,231.25,296466
2021-05-18 09:18:20,231.3,297442
2021-05-18 09:18:26,231.3,307153
2021-05-18 09:18:31,231.15,310647
2021-05-18 09:18:37,231.3,315144
2021-05-18 09:18:42,231.4,316005
2021-05-18 09:18:53,231.4,318327
2021-05-18 09:19:04,231.4,319481
2021-05-18 09:19:09,231.6,323223
2021-05-18 09:19:15,231.7,326819
2021-05-18 09:19:20,231.55,327606
2021-05-18 09:19:25,231.65,339463
2021-05-18 09:19:31,231.6,340469
2021-05-18 09:19:36,232.0,343509
2021-05-18 09:19:42,231.85,348047
2021-05-18 09:19:47,232.0,361603
2021-05-18 09:19:52,232.1,366007
2021-05-18 09:19:58,232.4,368515
2021-05-18 09:20:03,232.45,383542
2021-05-18 09:20:09,232.75,394823
2021-05-18 09:20:14,232.55,416847
2021-05-18 09:20:20,232.7,422788
2021-05-18 09:20:25,232.65,426453
2021-05-18 09:20:31,232.9,434368
2021-05-18 09:20:36,232.9,436199
2021-05-18 09:20:41,232.9,460987
2021-05-18 09:20:47,232.8,469385
2021-05-18 09:20:50,232.9,476473
2021-05-18 09:20:51,232.9,476578
2021-05-18 09:20:52,233.0,477260
2021-05-18 09:20:53,233.0,477260
2021-05-18 09:20:54,233.0,477595
2021-05-18 09:20:55,232.9,477600
2021-05-18 09:20:56,233.0,477611
2021-05-18 09:20:57,233.0,477716
2021-05-18 09:20:58,232.8,478442
2021-05-18 09:20:59,232.85,479184
2021-05-18 09:21:00,233.0,479311
2021-05-18 09:21:01,233.0,479311
2021-05-18 09:21:02,233.0,483194
2021-05-18 09:21:03,232.95,483281
2021-05-18 09:21:04,232.9,483928
2021-05-18 09:21:05,232.9,484766
2021-05-18 09:21:06,232.8,484933
2021-05-18 09:21:07,232.95,484941
2021-05-18 09:21:08,232.95,484942
2021-05-18 09:21:09,232.95,484942
2021-05-18 09:21:10,232.8,485058
2021-05-18 09:21:11,232.8,485058
2021-05-18 09:21:12,232.8,486224
2021-05-18 09:21:13,232.8,486254
2021-05-18 09:21:14,232.8,487060
2021-05-18 09:21:15,232.75,488592
2021-05-18 09:21:16,232.75,489475
2021-05-18 09:21:18,232.85,489538
2021-05-18 09:21:19,232.75,489788
2021-05-18 09:21:20,232.7,490430
2021-05-18 09:21:21,232.7,490430
2021-05-18 09:21:22,232.8,490536
2021-05-18 09:21:23,232.75,490547
2021-05-18 09:21:24,232.65,490906
2021-05-18 09:21:25,232.65,491304
2021-05-18 09:21:26,232.7,492104
2021-05-18 09:21:27,232.85,492978
2021-05-18 09:21:28,232.85,493113
2021-05-18 09:21:29,232.85,493229
2021-05-18 09:21:30,232.7,493233
2021-05-18 09:21:31,232.7,493333
2021-05-18 09:21:32,232.75,493465
2021-05-18 09:21:33,232.85,493592
2021-05-18 09:21:34,232.85,495102
2021-05-18 09:21:35,232.85,495102
2021-05-18 09:21:36,232.9,497287
2021-05-18 09:21:37,232.8,497471
2021-05-18 09:21:38,232.8,497471
2021-05-18 09:21:39,232.75,497481
2021-05-18 09:21:40,232.75,498414
2021-05-18 09:21:41,232.8,498615
2021-05-18 09:21:42,232.7,498717
2021-05-18 09:21:43,232.7,498858
2021-05-18 09:21:44,232.7,498858
2021-05-18 09:21:46,232.7,499955
2021-05-18 09:21:47,232.75,500322
2021-05-18 09:21:48,232.75,500322
2021-05-18 09:21:49,232.8,500323
2021-05-18 09:21:51,232.75,500662
2021-05-18 09:21:52,232.8,501063
2021-05-18 09:21:53,232.75,501318
2021-05-18 09:21:54,232.75,501933
2021-05-18 09:21:55,232.8,501935
2021-05-18 09:21:56,232.75,502239
2021-05-18 09:21:57,232.75,502486
2021-05-18 09:21:58,232.8,502594
2021-05-18 09:21:59,232.75,503604
2021-05-18 09:22:00,232.7,503612
2021-05-18 09:22:01,232.8,504720
2021-05-18 09:22:02,232.8,505232
2021-05-18 09:22:03,232.75,506040
2021-05-18 09:22:04,232.8,506747
2021-05-18 09:22:05,232.85,517472
2021-05-18 09:22:06,232.85,519667
2021-05-18 09:22:07,232.85,520679
2021-05-18 09:22:08,232.8,522509
2021-05-18 09:22:09,232.85,522762
2021-05-18 09:22:10,232.85,522973
2021-05-18 09:22:11,232.9,523073
2021-05-18 09:22:12,232.85,523125
2021-05-18 09:22:13,232.85,523227
2021-05-18 09:22:15,232.9,523229
2021-05-18 09:22:16,232.85,529489
2021-05-18 09:22:16,232.85,529847
2021-05-18 09:22:17,232.85,529848
2021-05-18 09:22:18,232.85,530683
2021-05-18 09:22:19,232.8,532336
2021-05-18 09:22:20,232.8,532409
2021-05-18 09:22:21,232.8,532509
2021-05-18 09:22:22,232.95,535490
2021-05-18 09:22:23,232.85,535780
2021-05-18 09:22:24,232.85,535780
2021-05-18 09:22:25,232.8,540787
2021-05-18 09:22:26,232.8,540989
2021-05-18 09:22:27,232.85,541115
2021-05-18 09:22:28,232.85,541295
2021-05-18 09:22:29,232.8,541296
2021-05-18 09:22:30,232.8,541769
2021-05-18 09:22:33,232.85,544542
2021-05-18 09:22:34,232.85,544691
2021-05-18 09:22:42,232.95,551833
2021-05-18 09:22:43,232.9,552033
2021-05-18 09:22:44,232.9,552288
2021-05-18 09:22:45,232.9,552288
2021-05-18 09:22:46,232.9,552949
2021-05-18 09:22:47,232.9,552949
2021-05-18 09:22:48,232.8,552999
2021-05-18 09:22:49,232.8,553099
2021-05-18 09:22:50,232.8,553149
2021-05-18 09:22:50,232.8,553149
2021-05-18 09:22:51,232.8,553149
2021-05-18 09:22:52,232.9,553154
2021-05-18 09:22:53,232.9,553154
2021-05-18 09:22:54,232.8,553159
2021-05-18 09:22:55,232.8,553159
2021-05-18 09:22:56,232.9,553164
2021-05-18 09:22:57,232.9,553223
2021-05-18 09:22:58,232.9,553240
2021-05-18 09:22:59,232.85,553465
2021-05-18 09:23:00,232.85,553665
2021-05-18 09:23:01,232.85,553677
2021-05-18 09:23:02,232.85,553677
2021-05-18 09:23:03,232.8,554176
2021-05-18 09:23:04,232.8,554256
2021-05-18 09:23:05,232.8,554336
2021-05-18 09:23:06,232.8,554336
2021-05-18 09:23:07,232.8,558907
2021-05-18 09:23:08,232.9,559209
2021-05-18 09:23:09,232.9,559209
2021-05-18 09:23:10,232.9,559942
2021-05-18 09:23:11,233.05,574874
2021-05-18 09:23:12,233.1,578471
2021-05-18 09:23:13,233.0,578577
2021-05-18 09:23:14,233.15,578897
2021-05-18 09:23:15,233.15,580497
2021-05-18 09:23:16,233.1,580618
2021-05-18 09:23:18,233.0,581072
2021-05-18 09:23:18,233.0,581072
2021-05-18 09:23:20,233.0,581312
2021-05-18 09:23:21,232.95,581339
2021-05-18 09:23:21,232.95,581339
2021-05-18 09:23:23,233.15,582039
2021-05-18 09:23:24,233.0,582665
2021-05-18 09:23:24,233.0,584663
2021-05-18 09:23:26,232.85,584714
2021-05-18 09:23:26,233.0,586734
2021-05-18 09:23:28,232.85,589122
2021-05-18 09:23:29,232.95,590363
2021-05-18 09:23:30,233.0,590466
2021-05-18 09:23:31,233.0,590466
2021-05-18 09:23:33,232.85,590912
2021-05-18 09:23:34,232.95,591382
2021-05-18 09:23:35,233.0,592682
2021-05-18 09:23:36,233.0,592682
2021-05-18 09:23:37,233.0,595858
2021-05-18 09:23:37,233.0,595858
2021-05-18 09:23:38,232.95,595877
2021-05-18 09:23:39,232.9,596902
2021-05-18 09:23:40,233.0,596950
2021-05-18 09:23:41,232.95,597905
2021-05-18 09:23:42,233.0,598927
2021-05-18 09:23:43,233.0,598927
2021-05-18 09:23:44,233.0,598927
2021-05-18 09:23:45,232.95,599104
2021-05-18 09:23:46,233.15,599357
2021-05-18 09:23:47,233.05,600513
2021-05-18 09:23:48,233.2,601584
2021-05-18 09:23:49,233.25,601892
2021-05-18 09:23:50,233.25,602392
2021-05-18 09:23:51,233.1,602492
2021-05-18 09:23:52,233.1,602705
2021-05-18 09:23:53,233.2,602733
2021-05-18 09:23:54,233.1,603415
2021-05-18 09:23:55,233.25,603695
2021-05-18 09:23:56,233.25,605450
2021-05-18 09:23:57,233.25,605530
2021-05-18 09:23:58,233.35,615598
2021-05-18 09:23:59,233.3,615629
2021-05-18 09:24:01,233.25,617038
2021-05-18 09:24:02,233.3,618067
2021-05-18 09:24:03,233.15,619972
2021-05-18 09:24:04,233.15,620578
2021-05-18 09:24:05,233.15,621150
2021-05-18 09:24:06,233.25,621180
2021-05-18 09:24:07,233.1,622788
2021-05-18 09:24:08,232.95,627652
2021-05-18 09:24:09,233.0,627697
2021-05-18 09:24:10,233.05,629144
2021-05-18 09:24:11,233.1,629216
2021-05-18 09:24:12,232.95,629236
2021-05-18 09:24:13,232.95,629236
2021-05-18 09:24:14,233.0,629956
2021-05-18 09:24:15,233.0,629956
2021-05-18 09:24:16,233.1,630106
2021-05-18 09:24:17,233.1,630129
2021-05-18 09:24:18,233.1,630129
2021-05-18 09:24:19,233.0,630650
2021-05-18 09:24:21,233.0,630926
2021-05-18 09:24:23,233.05,631581
2021-05-18 09:24:24,233.1,631651
2021-05-18 09:24:25,233.1,631965
2021-05-18 09:24:26,233.1,632075
2021-05-18 09:24:26,233.1,632075
2021-05-18 09:24:28,233.1,633262
2021-05-18 09:24:29,233.0,633870
2021-05-18 09:24:30,233.05,633981
2021-05-18 09:24:31,233.05,634366
2021-05-18 09:24:33,233.1,634416
2021-05-18 09:24:33,233.05,634419
2021-05-18 09:24:35,233.1,635873
2021-05-18 09:24:35,233.05,635876
2021-05-18 09:24:37,233.15,635978
2021-05-18 09:24:38,233.05,637017
2021-05-18 09:24:39,233.0,637137
2021-05-18 09:24:40,233.0,637337
2021-05-18 09:24:42,233.1,639839
2021-05-18 09:24:43,233.15,642747
2021-05-18 09:24:45,233.05,644469
2021-05-18 09:24:46,233.2,644709
2021-05-18 09:24:49,233.05,644874
2021-05-18 09:24:50,233.15,644934
2021-05-18 09:24:51,233.05,645102
2021-05-18 09:24:52,233.05,645522
2021-05-18 09:24:52,233.05,645522
2021-05-18 09:24:55,233.15,651623
2021-05-18 09:24:57,233.3,651723
2021-05-18 09:24:57,233.3,652553
2021-05-18 09:24:58,233.3,652897
2021-05-18 09:24:59,233.3,652897
2021-05-18 09:25:00,233.25,653023
2021-05-18 09:25:01,233.1,654223
2021-05-18 09:25:02,233.1,655006
2021-05-18 09:25:04,233.15,658181
2021-05-18 09:25:04,233.05,658219
2021-05-18 09:25:05,233.15,658577
2021-05-18 09:25:07,233.15,658807
2021-05-18 09:25:08,233.1,659150
2021-05-18 09:25:09,233.15,659467
2021-05-18 09:25:10,233.05,660139
2021-05-18 09:25:11,233.15,660647
2021-05-18 09:25:12,233.2,662972
2021-05-18 09:25:14,233.15,664532
2021-05-18 09:25:15,233.15,664532
2021-05-18 09:25:16,233.15,665131
2021-05-18 09:25:18,233.35,707513
2021-05-18 09:25:19,233.65,711102
2021-05-18 09:25:20,233.6,711434
2021-05-18 09:25:21,233.45,712982
2021-05-18 09:25:22,233.6,714858
2021-05-18 09:25:23,233.45,714971
2021-05-18 09:25:24,233.55,714984
2021-05-18 09:25:24,233.45,716526
2021-05-18 09:25:26,233.4,717922
2021-05-18 09:25:26,233.4,717922
2021-05-18 09:25:28,233.4,723850
2021-05-18 09:25:29,233.5,724076
2021-05-18 09:25:30,233.4,724083
2021-05-18 09:25:31,233.4,725492
2021-05-18 09:25:32,233.4,725959
2021-05-18 09:25:33,233.4,725959
2021-05-18 09:25:35,233.4,726153
2021-05-18 09:25:36,233.4,727158
2021-05-18 09:25:36,233.4,727158
2021-05-18 09:25:37,233.4,727420
2021-05-18 09:25:39,233.5,728849
2021-05-18 09:25:40,233.5,729327
2021-05-18 09:25:41,233.4,729377
2021-05-18 09:25:42,233.5,729465
2021-05-18 09:25:42,233.45,731019
2021-05-18 09:25:43,233.45,731019
2021-05-18 09:25:44,233.45,731704
2021-05-18 09:25:45,233.6,731871
2021-05-18 09:25:47,233.55,733283
2021-05-18 09:25:46,233.5,732373
2021-05-18 09:25:48,233.55,733513
2021-05-18 09:25:50,233.6,734349
2021-05-18 09:25:50,233.5,739899
2021-05-18 09:25:52,233.6,742244
2021-05-18 09:25:53,233.55,743725
2021-05-18 09:25:53,233.55,743725
2021-05-18 09:25:54,233.55,744317
2021-05-18 09:25:55,233.45,744807
2021-05-18 09:25:57,233.45,745053
2021-05-18 09:25:58,233.4,746109
2021-05-18 09:25:59,233.45,746138
2021-05-18 09:26:00,233.4,746289
2021-05-18 09:26:01,233.45,746400
2021-05-18 09:26:02,233.45,753532
2021-05-18 09:26:03,233.45,754331
2021-05-18 09:26:04,233.4,754332
2021-05-18 09:26:05,233.55,754412
2021-05-18 09:26:07,233.4,757466
2021-05-18 09:26:07,233.4,757466
2021-05-18 09:26:08,233.4,758370
2021-05-18 09:26:10,233.55,759171
2021-05-18 09:26:11,233.6,760091
2021-05-18 09:26:12,233.5,760096
2021-05-18 09:26:14,233.45,760745
2021-05-18 09:26:15,233.4,761145
2021-05-18 09:26:15,233.5,761348
2021-05-18 09:26:17,233.55,761366
2021-05-18 09:26:18,233.65,762819
2021-05-18 09:26:19,233.6,762864
2021-05-18 09:26:20,233.6,762914
2021-05-18 09:26:22,233.55,763311
2021-05-18 09:26:23,233.75,776875
2021-05-18 09:26:24,233.5,795262
2021-05-18 09:26:25,233.6,795367
2021-05-18 09:26:26,233.4,798564
2021-05-18 09:26:27,233.55,799064
2021-05-18 09:26:28,233.45,799224
2021-05-18 09:26:29,233.5,799281
2021-05-18 09:26:30,233.45,799386
2021-05-18 09:26:32,233.65,803344
2021-05-18 09:26:34,233.55,804180
2021-05-18 09:26:36,233.45,805119
2021-05-18 09:26:35,233.5,804619
2021-05-18 09:26:37,233.45,805670
2021-05-18 09:26:38,233.35,817157
2021-05-18 09:26:39,233.4,819258
2021-05-18 09:26:40,233.45,822054
2021-05-18 09:26:41,233.45,822216
2021-05-18 09:26:42,233.4,822354
2021-05-18 09:26:43,233.45,822371
2021-05-18 09:26:44,233.4,822436
2021-05-18 09:26:45,233.4,822450
2021-05-18 09:26:46,233.45,822732
2021-05-18 09:26:48,233.4,822883
2021-05-18 09:26:47,233.4,822879
2021-05-18 09:26:49,233.45,822903
2021-05-18 09:26:50,233.4,822904
2021-05-18 09:26:51,233.4,823066
2021-05-18 09:26:52,233.45,823096
2021-05-18 09:26:53,233.2,824685
2021-05-18 09:26:54,233.15,825036
2021-05-18 09:26:55,233.3,825407
2021-05-18 09:26:56,233.2,825907
2021-05-18 09:26:57,233.3,826067
2021-05-18 09:26:58,233.3,826085
2021-05-18 09:26:59,233.2,826220
2021-05-18 09:27:00,232.95,840866
2021-05-18 09:27:01,233.1,841230
2021-05-18 09:27:02,233.1,841444
2021-05-18 09:27:03,233.1,841444
2021-05-18 09:27:04,233.0,841994
2021-05-18 09:27:07,233.0,848649
2021-05-18 09:27:08,232.95,849732
2021-05-18 09:27:09,233.0,850532
2021-05-18 09:27:10,233.0,850759
2021-05-18 09:27:11,232.85,851789
2021-05-18 09:27:12,233.0,851919
2021-05-18 09:27:13,233.05,852383
2021-05-18 09:27:14,233.0,853084
2021-05-18 09:27:15,233.0,853135
2021-05-18 09:27:16,233.0,853170
2021-05-18 09:27:17,233.0,853170
2021-05-18 09:27:18,233.05,853986
2021-05-18 09:27:19,232.95,854237
2021-05-18 09:27:20,232.95,854549
2021-05-18 09:27:21,233.0,854651
2021-05-18 09:27:22,232.95,855794
2021-05-18 09:27:23,233.0,856814
2021-05-18 09:27:24,232.95,856924
2021-05-18 09:27:25,233.0,859199
2021-05-18 09:27:26,233.0,859254
2021-05-18 09:27:27,233.0,859754
2021-05-18 09:27:28,233.1,859758
2021-05-18 09:27:29,233.15,859858
2021-05-18 09:27:30,233.0,860133
2021-05-18 09:27:31,232.95,860833
2021-05-18 09:27:32,233.1,861435
2021-05-18 09:27:33,233.1,861486
2021-05-18 09:27:34,233.1,861486
2021-05-18 09:27:35,233.1,861486
2021-05-18 09:27:36,232.95,862647
2021-05-18 09:27:37,232.95,862647
2021-05-18 09:27:38,233.05,862882
2021-05-18 09:27:39,233.05,862882
2021-05-18 09:27:40,233.05,862912
2021-05-18 09:27:41,233.15,863589
2021-05-18 09:27:42,233.15,863589
2021-05-18 09:27:43,233.15,863656
2021-05-18 09:27:44,233.05,863944
2021-05-18 09:27:45,233.1,863946
2021-05-18 09:27:46,233.1,864491
2021-05-18 09:27:47,233.1,864492
2021-05-18 09:27:48,233.15,864542
2021-05-18 09:27:50,233.05,865077
2021-05-18 09:27:51,233.05,865077
2021-05-18 09:27:52,233.1,865163
2021-05-18 09:27:53,233.05,865882
2021-05-18 09:27:54,233.1,866335
2021-05-18 09:27:55,233.05,866819
2021-05-18 09:27:56,233.0,867301
2021-05-18 09:27:57,233.0,867415
2021-05-18 09:27:58,233.1,867531
2021-05-18 09:28:00,233.05,867743
2021-05-18 09:27:59,233.05,867743
2021-05-18 09:28:01,233.0,867943
2021-05-18 09:28:02,233.1,870113
2021-05-18 09:28:03,233.0,870159
2021-05-18 09:28:04,233.0,870160
2021-05-18 09:28:05,233.0,870358
2021-05-18 09:28:06,233.0,870358
2021-05-18 09:28:08,232.95,872375
2021-05-18 09:28:09,233.0,873788
2021-05-18 09:28:10,233.0,874680
2021-05-18 09:28:11,232.95,874790
2021-05-18 09:28:12,232.95,874790
2021-05-18 09:28:14,233.0,875376
2021-05-18 09:28:15,233.0,875576
2021-05-18 09:28:16,233.05,875581
2021-05-18 09:28:17,233.0,876718
2021-05-18 09:28:18,233.0,876735
2021-05-18 09:28:19,233.0,876746
2021-05-18 09:28:20,232.95,876829
2021-05-18 09:28:21,233.0,876954
2021-05-18 09:28:22,233.0,876954
2021-05-18 09:28:23,232.95,876974
2021-05-18 09:28:24,232.95,877075
2021-05-18 09:28:25,232.95,877075
2021-05-18 09:28:26,233.0,877180
2021-05-18 09:28:27,233.0,877180
2021-05-18 09:28:28,232.95,877776
2021-05-18 09:28:29,232.95,877976
2021-05-18 09:28:30,232.95,878065
2021-05-18 09:28:31,233.0,878079
2021-05-18 09:28:32,233.0,878079
2021-05-18 09:28:33,232.95,878370
2021-05-18 09:28:34,232.95,878380
2021-05-18 09:28:36,232.95,879277
2021-05-18 09:28:37,233.0,880168
2021-05-18 09:28:38,232.95,880187
2021-05-18 09:28:39,232.9,881222
2021-05-18 09:28:40,232.9,881222
2021-05-18 09:28:41,232.95,881383
2021-05-18 09:28:42,232.9,881453
2021-05-18 09:28:48,232.9,883557
2021-05-18 09:28:49,232.9,883722
2021-05-18 09:28:50,232.9,884923
2021-05-18 09:28:51,232.95,885062
2021-05-18 09:28:52,232.9,885834
2021-05-18 09:28:53,232.9,885834
2021-05-18 09:28:54,232.85,886482
2021-05-18 09:28:55,232.9,886580
2021-05-18 09:28:56,232.8,891875
2021-05-18 09:28:57,232.8,896137
2021-05-18 09:28:58,232.85,898257
2021-05-18 09:28:59,232.85,898357
2021-05-18 09:29:00,232.95,898800
2021-05-18 09:29:01,233.05,908543
2021-05-18 09:29:02,233.15,909077
2021-05-18 09:29:03,233.4,914825
2021-05-18 09:29:04,233.4,917643
2021-05-18 09:29:05,233.45,920399
2021-05-18 09:29:06,233.4,922240
2021-05-18 09:29:07,233.4,922240
2021-05-18 09:29:08,233.5,928241
2021-05-18 09:29:10,233.8,937830
2021-05-18 09:29:11,233.7,940603
2021-05-18 09:29:12,233.75,940986
2021-05-18 09:29:13,233.75,943808
2021-05-18 09:29:14,233.65,943818
2021-05-18 09:29:15,233.75,943968
2021-05-18 09:29:16,233.65,945356
2021-05-18 09:29:17,233.8,948495
2021-05-18 09:29:18,233.8,948511
2021-05-18 09:29:19,233.65,950030
2021-05-18 09:29:20,233.8,951030
2021-05-18 09:29:21,233.6,951750
2021-05-18 09:29:23,233.65,954820
2021-05-18 09:29:25,234.0,969675
2021-05-18 09:29:26,233.85,971666
2021-05-18 09:29:27,233.95,975240
2021-05-18 09:29:28,233.95,976908
2021-05-18 09:29:29,233.85,1040141
2021-05-18 09:29:30,233.8,1040241
2021-05-18 09:29:31,234.05,1055198
2021-05-18 09:29:32,234.0,1075196
2021-05-18 09:29:33,233.9,1076328
2021-05-18 09:29:34,233.85,1076928
2021-05-18 09:29:35,233.9,1077654
2021-05-18 09:29:36,233.95,1078404
2021-05-18 09:29:37,233.85,1081252
2021-05-18 09:29:38,233.85,1081252
2021-05-18 09:29:39,233.85,1082003
2021-05-18 09:29:40,233.95,1084643
2021-05-18 09:29:41,234.0,1086715
2021-05-18 09:29:43,233.95,1086942
2021-05-18 09:29:43,234.0,1087052
2021-05-18 09:29:44,233.95,1087102
2021-05-18 09:29:45,233.95,1087379
2021-05-18 09:29:47,234.2,1100250
2021-05-18 09:29:48,234.15,1100713
2021-05-18 09:29:49,234.05,1101147
2021-05-18 09:29:50,234.0,1102905
2021-05-18 09:29:51,234.0,1103331
2021-05-18 09:29:52,234.0,1103731
2021-05-18 09:29:53,234.1,1105171
2021-05-18 09:29:54,234.1,1106606
2021-05-18 09:29:55,234.1,1106662
2021-05-18 09:29:56,234.2,1109891
2021-05-18 09:29:58,234.05,1114793
2021-05-18 09:29:59,234.1,1115972
2021-05-18 09:30:00,234.05,1116071
2021-05-18 09:30:01,234.2,1116179
2021-05-18 09:30:02,234.2,1116627
2021-05-18 09:30:03,234.1,1120125
2021-05-18 09:30:04,234.2,1120381
2021-05-18 09:30:05,234.2,1120706
2021-05-18 09:30:06,234.2,1121201
2021-05-18 09:30:07,234.2,1121204
2021-05-18 09:30:08,234.2,1124529
2021-05-18 09:30:09,234.15,1127487
2021-05-18 09:30:10,234.2,1128370
2021-05-18 09:30:11,234.2,1131903
2021-05-18 09:30:12,234.1,1133468
2021-05-18 09:30:13,234.2,1133492
2021-05-18 09:30:14,234.0,1147382
2021-05-18 09:30:15,234.05,1150149
2021-05-18 09:30:16,234.1,1150639
2021-05-18 09:30:17,234.0,1152771
2021-05-18 09:30:18,234.0,1152771
2021-05-18 09:30:19,234.1,1155805
2021-05-18 09:30:20,234.15,1156205
2021-05-18 09:30:21,234.0,1157410
2021-05-18 09:30:22,234.15,1158757
2021-05-18 09:30:23,234.05,1159359
2021-05-18 09:30:25,234.1,1159474
2021-05-18 09:30:27,234.05,1163834
2021-05-18 09:30:29,234.0,1168093
2021-05-18 09:30:31,234.1,1169819
2021-05-18 09:30:32,234.3,1177061
2021-05-18 09:30:33,234.35,1179194
2021-05-18 09:30:34,234.4,1181657
2021-05-18 09:30:35,234.45,1183771
2021-05-18 09:30:36,234.5,1187125
2021-05-18 09:30:37,234.5,1187355
2021-05-18 09:30:38,234.5,1191068
2021-05-18 09:30:39,234.35,1191397
2021-05-18 09:30:40,234.35,1192267
2021-05-18 09:30:41,234.45,1193468
2021-05-18 09:30:42,234.5,1195063
2021-05-18 09:30:43,234.5,1196713
2021-05-18 09:30:45,234.35,1200979
2021-05-18 09:30:46,234.4,1201343
2021-05-18 09:30:47,234.35,1203498
2021-05-18 09:30:49,234.45,1204310
2021-05-18 09:30:50,234.45,1204583
2021-05-18 09:30:51,234.45,1204808
2021-05-18 09:30:52,234.45,1205479
2021-05-18 09:30:53,234.45,1209725
2021-05-18 09:30:54,234.25,1221015
2021-05-18 09:30:55,234.25,1221170
2021-05-18 09:30:56,234.3,1221285
2021-05-18 09:30:57,234.25,1224117
2021-05-18 09:30:58,234.15,1226176
2021-05-18 09:31:00,234.05,1229378
2021-05-18 09:31:00,234.15,1233217
2021-05-18 09:31:02,234.2,1236897
2021-05-18 09:31:02,234.25,1237097
2021-05-18 09:31:04,234.15,1237388
2021-05-18 09:31:04,234.15,1237788
2021-05-18 09:31:06,234.15,1238567
2021-05-18 09:31:06,234.2,1238804
2021-05-18 09:31:08,234.25,1240231
2021-05-18 09:31:09,234.3,1241075
2021-05-18 09:31:10,234.25,1241497
2021-05-18 09:31:11,234.35,1242027
2021-05-18 09:31:12,234.15,1242832
2021-05-18 09:31:13,234.2,1245030
2021-05-18 09:31:15,234.35,1245926
2021-05-18 09:31:16,234.3,1246030
2021-05-18 09:31:16,234.2,1246338
2021-05-18 09:31:17,234.25,1246430
2021-05-18 09:31:19,234.25,1249224
2021-05-18 09:31:20,234.2,1249561
2021-05-18 09:31:20,234.15,1249711
2021-05-18 09:31:21,234.25,1249771
2021-05-18 09:31:23,234.25,1253822
2021-05-18 09:31:24,234.15,1254996
2021-05-18 09:31:26,234.25,1255090
2021-05-18 09:31:27,234.15,1255205
2021-05-18 09:31:29,234.15,1255937
2021-05-18 09:31:30,234.15,1259063
2021-05-18 09:31:31,234.25,1260313
2021-05-18 09:31:32,234.25,1260618
2021-05-18 09:31:33,234.25,1260838
2021-05-18 09:31:33,234.15,1263075
2021-05-18 09:31:37,234.05,1271332
2021-05-18 09:31:38,234.15,1273635
2021-05-18 09:31:40,234.1,1278806
2021-05-18 09:31:40,234.0,1278809
2021-05-18 09:31:41,234.1,1280948
2021-05-18 09:31:42,234.0,1281181
2021-05-18 09:31:43,234.1,1282281
2021-05-18 09:31:44,234.0,1285624
2021-05-18 09:31:45,234.05,1285725
2021-05-18 09:31:47,233.95,1288171
2021-05-18 09:31:47,234.0,1288416
2021-05-18 09:31:49,233.95,1288498
2021-05-18 09:31:50,234.05,1290168
2021-05-18 09:31:51,234.0,1291073
2021-05-18 09:31:52,234.0,1291154
2021-05-18 09:31:53,233.95,1291169
2021-05-18 09:31:54,234.0,1291170
2021-05-18 09:31:54,234.0,1291170
2021-05-18 09:31:55,233.95,1291750
2021-05-18 09:31:56,233.95,1292961
2021-05-18 09:31:58,234.0,1296473
2021-05-18 09:31:59,234.0,1299373
2021-05-18 09:32:00,234.0,1300189
2021-05-18 09:32:01,233.95,1300294
2021-05-18 09:32:02,234.05,1302383
2021-05-18 09:32:03,234.05,1303133
2021-05-18 09:32:04,234.05,1303153
2021-05-18 09:32:06,234.05,1303327
2021-05-18 09:32:07,234.05,1303358
2021-05-18 09:32:07,234.0,1303424
2021-05-18 09:32:09,234.1,1304290
2021-05-18 09:32:10,234.0,1304649
2021-05-18 09:32:13,234.1,1305770
2021-05-18 09:32:14,234.1,1305820
2021-05-18 09:32:15,234.1,1306150
2021-05-18 09:32:16,234.05,1306175
2021-05-18 09:32:17,234.05,1306737
2021-05-18 09:32:18,234.05,1306937
2021-05-18 09:32:19,234.05,1307109
2021-05-18 09:32:20,234.0,1308504
2021-05-18 09:32:22,234.1,1308593
2021-05-18 09:32:22,234.1,1308793
2021-05-18 09:32:23,234.1,1308838
2021-05-18 09:32:25,234.05,1313344
2021-05-18 09:32:25,234.1,1313845
2021-05-18 09:32:27,234.15,1315939
2021-05-18 09:32:28,234.1,1318479
2021-05-18 09:32:29,234.15,1318949
2021-05-18 09:32:30,234.2,1319345
2021-05-18 09:32:31,234.1,1320175
2021-05-18 09:32:32,234.05,1320908
2021-05-18 09:32:32,234.1,1321378
2021-05-18 09:32:33,234.05,1321396
2021-05-18 09:32:34,234.1,1321646
2021-05-18 09:32:35,234.15,1325096
2021-05-18 09:32:37,234.2,1325271
2021-05-18 09:32:38,234.2,1325687
2021-05-18 09:32:40,234.15,1327080
2021-05-18 09:32:40,234.1,1327061
2021-05-18 09:32:41,234.1,1327538
2021-05-18 09:32:42,234.3,1339075
2021-05-18 09:32:43,234.45,1339770
2021-05-18 09:32:44,234.25,1339955
2021-05-18 09:32:45,234.25,1339955
2021-05-18 09:32:47,234.3,1347333
2021-05-18 09:32:46,234.45,1340155
2021-05-18 09:32:50,234.45,1348470
2021-05-18 09:32:51,234.45,1349276
2021-05-18 09:32:51,234.5,1349320
2021-05-18 09:32:52,234.4,1349385
2021-05-18 09:32:54,234.5,1349696
2021-05-18 09:32:54,234.4,1349712
2021-05-18 09:32:55,234.5,1350490
2021-05-18 09:32:57,234.45,1359287
2021-05-18 09:32:58,234.5,1359397
2021-05-18 09:32:59,234.45,1365760
2021-05-18 09:33:00,234.65,1367761
2021-05-18 09:33:01,234.45,1368831
2021-05-18 09:33:02,234.4,1378038
2021-05-18 09:33:03,234.3,1379868
2021-05-18 09:33:03,234.45,1380224
2021-05-18 09:33:05,234.35,1380335
2021-05-18 09:33:06,234.3,1382006
2021-05-18 09:33:08,234.5,1384269
2021-05-18 09:33:07,234.5,1384269
2021-05-18 09:33:09,234.5,1384412
2021-05-18 09:33:10,234.5,1384746
2021-05-18 09:33:12,234.45,1384747
2021-05-18 09:33:13,234.4,1384887
2021-05-18 09:33:14,234.5,1384969
2021-05-18 09:33:15,234.5,1384994
2021-05-18 09:33:16,234.55,1387669
2021-05-18 09:33:17,234.4,1388687
2021-05-18 09:33:19,234.35,1389780
2021-05-18 09:33:20,234.35,1389877
2021-05-18 09:33:21,234.45,1389927
2021-05-18 09:33:22,234.3,1391152
2021-05-18 09:33:22,234.3,1393439
2021-05-18 09:33:24,234.3,1396267
2021-05-18 09:33:24,234.4,1400705
2021-05-18 09:33:25,234.25,1403840
2021-05-18 09:33:27,234.3,1404893
2021-05-18 09:33:27,234.4,1405621
2021-05-18 09:33:29,234.3,1406900
2021-05-18 09:33:30,234.5,1408124
2021-05-18 09:33:30,234.55,1408149
2021-05-18 09:33:31,234.35,1408349
2021-05-18 09:33:33,234.5,1408489
2021-05-18 09:33:34,234.35,1410955
2021-05-18 09:33:35,234.35,1411070
2021-05-18 09:33:36,234.3,1411236
2021-05-18 09:33:37,234.35,1412887
2021-05-18 09:33:38,234.2,1413596
2021-05-18 09:33:39,234.35,1414629
2021-05-18 09:33:40,234.35,1414829
2021-05-18 09:33:41,234.2,1416625
2021-05-18 09:33:42,234.1,1419937
2021-05-18 09:33:43,234.3,1422278
2021-05-18 09:33:44,234.3,1422303
2021-05-18 09:33:47,234.15,1432443
2021-05-18 09:33:49,234.15,1432443
2021-05-18 09:33:50,234.15,1435072
2021-05-18 09:33:51,234.0,1435204
2021-05-18 09:33:53,233.95,1436693
2021-05-18 09:33:54,234.05,1438305
2021-05-18 09:33:56,234.1,1443915
2021-05-18 09:33:57,233.9,1444930
2021-05-18 09:33:57,233.9,1444930
2021-05-18 09:33:58,234.05,1445038
2021-05-18 09:33:59,234.0,1445098
2021-05-18 09:34:00,234.0,1447609
2021-05-18 09:34:01,234.2,1448274
2021-05-18 09:34:02,234.15,1448327
2021-05-18 09:34:04,234.0,1449034
2021-05-18 09:34:05,234.1,1449170
2021-05-18 09:34:06,234.05,1449189
2021-05-18 09:34:07,233.95,1450828
2021-05-18 09:34:08,233.95,1450828
2021-05-18 09:34:09,234.0,1450882
2021-05-18 09:34:10,233.95,1450889
2021-05-18 09:34:11,233.95,1451130
2021-05-18 09:34:13,233.95,1464861
2021-05-18 09:34:14,233.9,1465086
2021-05-18 09:34:15,233.9,1465086
2021-05-18 09:34:15,233.9,1465086
2021-05-18 09:34:17,233.85,1465511
2021-05-18 09:34:18,233.85,1465511
2021-05-18 09:34:19,233.9,1465541
2021-05-18 09:34:20,233.9,1465636
2021-05-18 09:34:21,233.9,1471137
2021-05-18 09:34:23,233.9,1471381
2021-05-18 09:34:24,234.05,1473455
2021-05-18 09:34:26,233.9,1473665
2021-05-18 09:34:27,233.95,1473884
2021-05-18 09:34:28,234.05,1474029
2021-05-18 09:34:29,234.05,1474184
2021-05-18 09:34:30,234.05,1474194
2021-05-18 09:34:31,234.05,1474194
2021-05-18 09:34:34,234.0,1474864
2021-05-18 09:34:35,234.05,1476592
2021-05-18 09:34:36,233.9,1477292
2021-05-18 09:34:37,233.9,1477322
2021-05-18 09:34:40,233.9,1477691
2021-05-18 09:34:41,233.9,1477860
2021-05-18 09:34:42,233.9,1478002
2021-05-18 09:34:43,233.9,1478212
2021-05-18 09:34:44,233.9,1479356
2021-05-18 09:34:46,233.95,1479366
2021-05-18 09:34:47,233.8,1481406
2021-05-18 09:34:48,233.8,1482745
2021-05-18 09:34:49,233.8,1482745
2021-05-18 09:34:50,233.85,1483745
2021-05-18 09:34:50,233.75,1484545
2021-05-18 09:34:51,233.9,1484589
2021-05-18 09:34:52,233.9,1485113
2021-05-18 09:34:54,234.0,1488756
2021-05-18 09:34:55,233.95,1492499
2021-05-18 09:34:56,234.05,1493117
2021-05-18 09:34:57,234.0,1493704
2021-05-18 09:34:58,234.05,1494786
2021-05-18 09:34:59,234.0,1495403
2021-05-18 09:35:00,233.95,1496453
2021-05-18 09:35:02,234.0,1498554
2021-05-18 09:35:03,234.0,1498813
2021-05-18 09:35:05,233.9,1498938
2021-05-18 09:35:06,233.9,1500700
2021-05-18 09:35:07,233.9,1500700
2021-05-18 09:35:08,233.9,1501330
2021-05-18 09:35:09,233.9,1501330
2021-05-18 09:35:09,233.9,1501330
2021-05-18 09:35:11,234.0,1501524
2021-05-18 09:35:12,233.9,1501586
2021-05-18 09:35:13,233.9,1501722
2021-05-18 09:35:14,234.0,1501882
2021-05-18 09:35:15,234.0,1501882
2021-05-18 09:35:16,234.0,1505760
2021-05-18 09:35:17,233.95,1506226
2021-05-18 09:35:18,233.95,1506279
2021-05-18 09:35:19,233.85,1507279
2021-05-18 09:35:20,233.95,1507793
2021-05-18 09:35:21,233.95,1511635
2021-05-18 09:35:22,233.85,1511852
2021-05-18 09:35:24,233.8,1512640
2021-05-18 09:35:24,233.8,1512640
2021-05-18 09:35:26,233.8,1512876
2021-05-18 09:35:27,233.8,1512876
2021-05-18 09:35:28,233.75,1513062
2021-05-18 09:35:29,233.75,1513613
2021-05-18 09:35:30,233.75,1513623
2021-05-18 09:35:31,233.65,1518300
2021-05-18 09:35:32,233.6,1518750
2021-05-18 09:35:34,233.55,1520034
2021-05-18 09:35:35,233.7,1521559
2021-05-18 09:35:36,233.55,1521647
2021-05-18 09:35:37,233.55,1521847
2021-05-18 09:35:38,233.55,1521879
2021-05-18 09:35:39,233.75,1522979
2021-05-18 09:35:40,233.55,1523439
2021-05-18 09:35:41,233.55,1523439
2021-05-18 09:35:42,233.65,1523844
2021-05-18 09:35:44,233.65,1523875
2021-05-18 09:35:45,233.65,1523895
2021-05-18 09:35:46,233.6,1525449
2021-05-18 09:35:47,233.55,1526818
2021-05-18 09:35:48,233.5,1527135
2021-05-18 09:35:49,233.5,1527135
2021-05-18 09:35:50,233.6,1527520
2021-05-18 09:35:51,233.6,1529919
2021-05-18 09:35:52,233.55,1529969
2021-05-18 09:35:53,233.65,1530139
2021-05-18 09:35:54,233.5,1530206
2021-05-18 09:35:55,233.5,1530212
2021-05-18 09:35:56,233.5,1530264
2021-05-18 09:35:58,233.55,1530458
2021-05-18 09:35:59,233.55,1530576
2021-05-18 09:36:00,233.55,1530841
2021-05-18 09:36:01,233.55,1531451
2021-05-18 09:36:02,233.6,1531956
2021-05-18 09:36:03,233.55,1532789
2021-05-18 09:36:05,233.6,1533536
2021-05-18 09:36:06,233.75,1534144
2021-05-18 09:36:07,233.6,1534174
2021-05-18 09:36:08,233.55,1534712
2021-05-18 09:36:10,233.5,1535738
2021-05-18 09:36:11,233.65,1535778
2021-05-18 09:36:12,233.65,1535778
2021-05-18 09:36:13,233.55,1535988
2021-05-18 09:36:14,233.55,1536973
2021-05-18 09:36:15,233.55,1537013
2021-05-18 09:36:16,233.6,1542100
2021-05-18 09:36:17,233.65,1543277
2021-05-18 09:36:18,233.65,1543667
2021-05-18 09:36:19,233.55,1543945
2021-05-18 09:36:20,233.65,1545605
2021-05-18 09:36:21,233.6,1545620
2021-05-18 09:36:23,233.8,1547245
2021-05-18 09:36:24,233.6,1548245
2021-05-18 09:36:25,233.6,1549745
2021-05-18 09:36:26,233.65,1550248
2021-05-18 09:36:27,233.65,1550548
2021-05-18 09:36:28,233.6,1550558
2021-05-18 09:36:29,233.75,1550564
2021-05-18 09:36:30,233.75,1550567
2021-05-18 09:36:31,233.75,1550567
2021-05-18 09:36:32,233.7,1550637
2021-05-18 09:36:33,233.7,1550637
2021-05-18 09:36:34,233.7,1550637
2021-05-18 09:36:35,233.65,1551676
2021-05-18 09:36:36,233.65,1551676
2021-05-18 09:36:37,233.65,1551699
2021-05-18 09:36:38,233.7,1551726
2021-05-18 09:36:39,233.7,1551726
2021-05-18 09:36:40,233.65,1552178
2021-05-18 09:36:41,233.7,1552230
2021-05-18 09:36:42,233.65,1552291
2021-05-18 09:36:44,233.7,1554486
2021-05-18 09:36:45,233.7,1554537
2021-05-18 09:36:46,233.7,1554637
2021-05-18 09:36:47,233.65,1554737
2021-05-18 09:36:48,233.65,1554777
2021-05-18 09:36:49,233.65,1555682
2021-05-18 09:36:50,233.65,1555725
2021-05-18 09:36:51,233.65,1556229
2021-05-18 09:36:53,233.65,1556534
2021-05-18 09:36:54,233.7,1556668
2021-05-18 09:36:54,233.7,1556668
2021-05-18 09:36:56,233.6,1557467
2021-05-18 09:36:57,233.6,1557632
2021-05-18 09:36:58,233.65,1558535
2021-05-18 09:36:59,233.65,1558586
2021-05-18 09:37:00,233.6,1558628
2021-05-18 09:37:01,233.65,1559378
2021-05-18 09:37:02,233.65,1559688
2021-05-18 09:37:03,233.55,1559720
2021-05-18 09:37:04,233.55,1559800
2021-05-18 09:37:05,233.55,1560202
2021-05-18 09:37:06,233.5,1562493
2021-05-18 09:37:07,233.5,1562493
2021-05-18 09:37:08,233.6,1562503
2021-05-18 09:37:09,233.55,1563375
2021-05-18 09:37:10,233.5,1563510
2021-05-18 09:37:11,233.5,1563615
2021-05-18 09:37:12,233.5,1563660
2021-05-18 09:37:13,233.5,1563660
2021-05-18 09:37:14,233.5,1563688
2021-05-18 09:37:15,233.5,1563738
2021-05-18 09:37:16,233.5,1563778
2021-05-18 09:37:17,233.5,1563800
2021-05-18 09:37:18,233.5,1564051
2021-05-18 09:37:19,233.4,1565259
2021-05-18 09:37:20,233.4,1565269
2021-05-18 09:37:21,233.4,1565771
2021-05-18 09:37:22,233.4,1566073
2021-05-18 09:37:23,233.45,1566112
2021-05-18 09:37:24,233.4,1566132
2021-05-18 09:37:25,233.4,1566158
2021-05-18 09:37:26,233.4,1566823
2021-05-18 09:37:27,233.4,1567632
2021-05-18 09:37:28,233.4,1567632
2021-05-18 09:37:30,233.35,1567809
2021-05-18 09:37:31,233.35,1567809
2021-05-18 09:37:32,233.3,1568129
2021-05-18 09:37:33,233.3,1569306
2021-05-18 09:37:34,233.3,1569556
2021-05-18 09:37:35,233.3,1569746
2021-05-18 09:37:36,233.3,1569886
2021-05-18 09:37:37,233.25,1569936
2021-05-18 09:37:38,233.25,1569939
2021-05-18 09:37:39,233.3,1570699
2021-05-18 09:37:40,233.25,1571259
2021-05-18 09:37:41,233.25,1571261
2021-05-18 09:37:42,233.25,1571291
2021-05-18 09:37:43,233.3,1571295
2021-05-18 09:37:44,233.25,1571697
2021-05-18 09:37:45,233.2,1571802
2021-05-18 09:37:46,233.2,1571802
2021-05-18 09:37:47,233.25,1572103
2021-05-18 09:37:48,233.2,1572662
2021-05-18 09:37:49,233.3,1572674
2021-05-18 09:37:50,233.3,1572674
2021-05-18 09:37:51,233.25,1573582
2021-05-18 09:37:52,233.25,1573833
2021-05-18 09:37:53,233.25,1574884
2021-05-18 09:37:54,233.5,1581714
2021-05-18 09:37:55,233.85,1589473
2021-05-18 09:37:56,233.95,1591716
2021-05-18 09:37:57,233.85,1591757
2021-05-18 09:37:59,233.8,1592321
2021-05-18 09:38:00,233.7,1592386
2021-05-18 09:38:01,233.7,1592411
2021-05-18 09:38:02,233.7,1592426
2021-05-18 09:38:03,233.7,1593202
2021-05-18 09:38:04,233.7,1593202
2021-05-18 09:38:05,233.55,1593392
2021-05-18 09:38:06,233.75,1593767
2021-05-18 09:38:07,233.75,1594107
2021-05-18 09:38:09,233.75,1594773
2021-05-18 09:38:10,233.7,1595018
2021-05-18 09:38:11,233.8,1595026
2021-05-18 09:38:12,233.8,1595026
2021-05-18 09:38:13,233.8,1595026
2021-05-18 09:38:14,233.65,1596246
2021-05-18 09:38:15,233.65,1596316
2021-05-18 09:38:16,233.7,1596332
2021-05-18 09:38:17,233.7,1596465
2021-05-18 09:38:18,233.7,1596482
2021-05-18 09:38:19,233.85,1596683
2021-05-18 09:38:20,233.85,1596683
2021-05-18 09:38:21,233.7,1596992
2021-05-18 09:38:22,233.7,1596998
2021-05-18 09:38:23,233.7,1596999
2021-05-18 09:38:24,233.8,1597054
2021-05-18 09:38:25,233.7,1597154
2021-05-18 09:38:26,233.7,1597154
2021-05-18 09:38:27,233.7,1597344
2021-05-18 09:38:28,233.7,1597444
2021-05-18 09:38:29,233.75,1597474
2021-05-18 09:38:30,233.75,1597474
2021-05-18 09:38:32,233.7,1597545
2021-05-18 09:38:33,233.7,1597545
2021-05-18 09:38:34,233.8,1597560
2021-05-18 09:38:36,234.0,1610843
2021-05-18 09:38:37,234.0,1616409
2021-05-18 09:38:38,233.95,1628314
2021-05-18 09:38:39,234.05,1628344
2021-05-18 09:38:40,234.0,1628380
2021-05-18 09:38:41,234.05,1628520
2021-05-18 09:38:42,234.05,1628620
2021-05-18 09:38:43,234.0,1628742
2021-05-18 09:38:44,233.95,1629043
2021-05-18 09:38:45,233.95,1629043
2021-05-18 09:38:46,234.05,1629235
2021-05-18 09:38:47,234.2,1642800
2021-05-18 09:38:48,234.1,1646414
2021-05-18 09:38:49,234.35,1649698
2021-05-18 09:38:50,234.15,1649751
2021-05-18 09:38:51,234.15,1649771
2021-05-18 09:38:52,234.25,1650438
2021-05-18 09:38:53,234.15,1650865
2021-05-18 09:38:54,234.25,1650885
2021-05-18 09:38:55,234.25,1650885
2021-05-18 09:38:56,234.2,1650895
2021-05-18 09:38:57,234.35,1650905
2021-05-18 09:38:58,234.45,1652006
2021-05-18 09:38:59,234.3,1653031
2021-05-18 09:39:00,234.3,1653031
2021-05-18 09:39:02,234.5,1655817
2021-05-18 09:39:03,234.5,1655817
2021-05-18 09:39:04,234.5,1655817
2021-05-18 09:39:05,234.5,1655825
2021-05-18 09:39:06,234.45,1657401
2021-05-18 09:39:07,234.5,1658709
2021-05-18 09:39:08,234.5,1658959
2021-05-18 09:39:09,234.5,1659855
2021-05-18 09:39:10,234.45,1659961
2021-05-18 09:39:11,234.45,1659961
2021-05-18 09:39:12,234.5,1660984
2021-05-18 09:39:13,234.5,1660984
2021-05-18 09:39:14,234.5,1666102
2021-05-18 09:39:15,234.45,1666207
2021-05-18 09:39:16,234.45,1666229
2021-05-18 09:39:17,234.5,1666451
2021-05-18 09:39:18,234.45,1666452
2021-05-18 09:39:19,234.45,1666452
2021-05-18 09:39:21,234.5,1666614
2021-05-18 09:39:22,234.5,1667481
2021-05-18 09:39:24,234.45,1671346
2021-05-18 09:39:24,234.45,1671391
2021-05-18 09:39:27,234.6,1676905
2021-05-18 09:39:27,234.7,1677155
2021-05-18 09:39:29,234.7,1678500
2021-05-18 09:39:31,234.8,1687053
2021-05-18 09:39:32,234.7,1695052
2021-05-18 09:39:33,234.95,1702756
2021-05-18 09:39:33,234.95,1703327
2021-05-18 09:39:34,234.95,1707320
2021-05-18 09:39:35,234.95,1707520
2021-05-18 09:39:36,234.9,1711146
2021-05-18 09:39:37,234.95,1712016
2021-05-18 09:39:38,234.9,1716978
2021-05-18 09:39:40,234.9,1721078
2021-05-18 09:39:40,235.0,1721074
2021-05-18 09:39:41,234.9,1721680
2021-05-18 09:39:43,234.95,1724714
2021-05-18 09:39:44,234.9,1724765
2021-05-18 09:39:45,234.9,1724778
2021-05-18 09:39:46,234.9,1730689
2021-05-18 09:39:47,234.9,1731850
2021-05-18 09:39:48,234.9,1733855
2021-05-18 09:39:49,234.85,1734085
2021-05-18 09:39:51,234.9,1734643
2021-05-18 09:39:53,234.8,1735974
2021-05-18 09:39:53,234.8,1735974
2021-05-18 09:39:54,234.95,1736530
2021-05-18 09:39:55,234.95,1737265
2021-05-18 09:39:56,234.85,1737808
2021-05-18 09:39:57,234.95,1737853
2021-05-18 09:39:58,235.0,1739764
2021-05-18 09:39:59,235.0,1741482
2021-05-18 09:40:00,235.0,1742182
2021-05-18 09:40:01,234.95,1743471
2021-05-18 09:40:02,234.95,1744046
2021-05-18 09:40:03,235.2,1801178
2021-05-18 09:40:04,235.2,1810949
2021-05-18 09:40:05,235.15,1812714
2021-05-18 09:40:06,235.1,1813645
2021-05-18 09:40:07,235.25,1814568
2021-05-18 09:40:08,235.3,1822242
2021-05-18 09:40:09,235.1,1822648
2021-05-18 09:40:10,235.3,1822844
2021-05-18 09:40:11,235.15,1823152
2021-05-18 09:40:12,235.2,1824564
2021-05-18 09:40:13,235.15,1824821
2021-05-18 09:40:14,235.2,1825289
2021-05-18 09:40:15,235.25,1831924
2021-05-18 09:40:16,235.15,1834844
2021-05-18 09:40:17,235.25,1836448
2021-05-18 09:40:19,235.25,1838168
2021-05-18 09:40:19,235.4,1839688
2021-05-18 09:40:20,235.25,1840258
2021-05-18 09:40:23,235.5,1844408
2021-05-18 09:40:24,235.5,1845889
2021-05-18 09:40:25,235.6,1852590
2021-05-18 09:40:28,235.5,1855612
2021-05-18 09:40:29,235.45,1856593
2021-05-18 09:40:30,235.35,1857201
2021-05-18 09:40:31,235.4,1857653
2021-05-18 09:40:33,235.35,1859181
2021-05-18 09:40:33,235.35,1859231
2021-05-18 09:40:34,235.45,1860376
2021-05-18 09:40:35,235.35,1860914
2021-05-18 09:40:36,235.6,1864871
2021-05-18 09:40:37,235.65,1865401
2021-05-18 09:40:38,235.55,1866343
2021-05-18 09:40:40,235.55,1871145
2021-05-18 09:40:42,235.5,1872320
2021-05-18 09:40:42,235.5,1872320
2021-05-18 09:40:43,235.6,1882689
2021-05-18 09:40:44,235.7,1883539
2021-05-18 09:40:45,235.65,1885182
2021-05-18 09:40:46,235.65,1889503
2021-05-18 09:40:47,235.65,1893882
2021-05-18 09:40:48,235.7,1894973
2021-05-18 09:40:51,235.6,1896618
2021-05-18 09:40:52,235.7,1897303
2021-05-18 09:40:53,235.7,1899386
2021-05-18 09:40:55,235.9,1902868
2021-05-18 09:40:57,235.85,1905669
2021-05-18 09:40:59,235.75,1912950
2021-05-18 09:41:01,235.75,1920588
2021-05-18 09:41:02,235.9,1925132
2021-05-18 09:41:03,235.75,1926082
2021-05-18 09:41:05,235.95,1927184
2021-05-18 09:41:05,235.95,1927172
2021-05-18 09:41:06,235.95,1929532
2021-05-18 09:41:07,235.9,1929849
2021-05-18 09:41:08,235.85,1931393
2021-05-18 09:41:09,235.8,1931693
2021-05-18 09:41:10,235.75,1934639
2021-05-18 09:41:11,235.8,1935432
2021-05-18 09:41:12,235.8,1936368
2021-05-18 09:41:13,235.85,1936968
2021-05-18 09:41:14,235.7,1937563
2021-05-18 09:41:15,235.75,1945521
2021-05-18 09:41:16,235.9,1945671
2021-05-18 09:41:17,235.9,1947362
2021-05-18 09:41:18,235.8,1947675
2021-05-18 09:41:19,235.8,1949785
2021-05-18 09:41:20,235.7,1952290
2021-05-18 09:41:23,235.8,1953374
2021-05-18 09:41:24,235.8,1954608
2021-05-18 09:41:24,235.9,1954613
2021-05-18 09:41:25,235.85,1955123
2021-05-18 09:41:26,235.8,1956179
2021-05-18 09:41:27,235.9,1956651
2021-05-18 09:41:28,235.8,1957417
2021-05-18 09:41:29,235.95,1958154
2021-05-18 09:41:30,235.85,1959012
2021-05-18 09:41:31,235.9,1962813
2021-05-18 09:41:33,235.95,1964487
2021-05-18 09:41:37,235.9,1976273
2021-05-18 09:41:38,235.85,1977179
2021-05-18 09:41:39,235.9,1978861
2021-05-18 09:41:39,235.9,1978811
2021-05-18 09:41:40,235.95,1979540
2021-05-18 09:41:41,235.9,1980175
2021-05-18 09:41:42,236.0,1984830
2021-05-18 09:41:43,235.85,1986968
2021-05-18 09:41:44,235.9,1988264
2021-05-18 09:41:45,236.0,1989874
2021-05-18 09:41:46,235.95,1991275
2021-05-18 09:41:47,235.9,1996337
2021-05-18 09:41:49,235.85,2003459
2021-05-18 09:41:50,235.8,2003730
2021-05-18 09:41:51,235.7,2004847
2021-05-18 09:41:52,235.85,2007926
2021-05-18 09:41:52,235.85,2008024
2021-05-18 09:41:53,235.7,2008276
2021-05-18 09:41:55,235.7,2013267
2021-05-18 09:41:55,235.85,2014890
2021-05-18 09:41:57,235.75,2015601
2021-05-18 09:41:57,235.75,2015601
2021-05-18 09:41:58,235.7,2016755
2021-05-18 09:41:59,235.7,2017435
2021-05-18 09:42:00,235.9,2018342
2021-05-18 09:42:01,235.7,2023243
2021-05-18 09:42:02,235.85,2024335
2021-05-18 09:42:03,235.85,2024435
2021-05-18 09:42:04,235.7,2026025
2021-05-18 09:42:05,235.8,2027367
2021-05-18 09:42:06,235.7,2028556
2021-05-18 09:42:08,235.9,2029124
2021-05-18 09:42:09,235.9,2029212
2021-05-18 09:42:10,235.7,2030038
2021-05-18 09:42:11,235.85,2030919
2021-05-18 09:42:12,235.9,2037993
2021-05-18 09:42:13,235.8,2040493
2021-05-18 09:42:14,235.85,2041142
2021-05-18 09:42:15,236.0,2042131
2021-05-18 09:42:16,236.0,2042925
2021-05-18 09:42:17,235.9,2046483
2021-05-18 09:42:18,236.0,2046564
2021-05-18 09:42:19,235.9,2049134
2021-05-18 09:42:21,235.95,2050231
2021-05-18 09:42:22,236.0,2051598
2021-05-18 09:42:23,236.0,2053013
2021-05-18 09:42:24,236.0,2053156
2021-05-18 09:42:25,235.9,2053207
2021-05-18 09:42:26,235.9,2055631
2021-05-18 09:42:27,235.9,2056831
2021-05-18 09:42:28,235.85,2061482
2021-05-18 09:42:29,236.0,2066927
2021-05-18 09:42:30,235.85,2066945
2021-05-18 09:42:31,235.9,2067784
2021-05-18 09:42:32,235.95,2068135
2021-05-18 09:42:33,235.95,2068565
2021-05-18 09:42:35,235.9,2069134
2021-05-18 09:42:36,235.8,2069870
2021-05-18 09:42:37,235.9,2071575
2021-05-18 09:42:37,235.95,2072355
2021-05-18 09:42:38,235.9,2072839
2021-05-18 09:42:39,235.9,2072870
2021-05-18 09:42:40,235.95,2073023
2021-05-18 09:42:41,235.9,2073673
2021-05-18 09:42:42,236.0,2073781
2021-05-18 09:42:44,236.0,2075912
2021-05-18 09:42:45,236.1,2144179
2021-05-18 09:42:46,236.1,2146536
2021-05-18 09:42:47,236.15,2158810
2021-05-18 09:42:47,236.25,2159627
2021-05-18 09:42:48,236.05,2167148
2021-05-18 09:42:49,236.3,2171239
2021-05-18 09:42:50,236.35,2171368
2021-05-18 09:42:51,236.45,2172366
2021-05-18 09:42:53,236.3,2176560
2021-05-18 09:42:54,236.25,2177242
2021-05-18 09:42:55,236.45,2179048
2021-05-18 09:42:56,236.4,2183347
2021-05-18 09:42:56,236.35,2183357
2021-05-18 09:42:57,236.45,2184500
2021-05-18 09:42:58,236.3,2184923
2021-05-18 09:42:59,236.25,2189212
2021-05-18 09:43:00,236.25,2190145
2021-05-18 09:43:01,236.25,2191503
2021-05-18 09:43:02,236.35,2191604
2021-05-18 09:43:04,236.2,2192085
2021-05-18 09:43:05,236.3,2193888
2021-05-18 09:43:06,236.3,2194013
2021-05-18 09:43:06,236.3,2194033
2021-05-18 09:43:08,236.3,2195965
2021-05-18 09:43:09,236.2,2199248
2021-05-18 09:43:09,236.25,2199298
2021-05-18 09:43:10,236.25,2199698
2021-05-18 09:43:11,236.3,2200554
2021-05-18 09:43:12,236.35,2207272
2021-05-18 09:43:13,236.35,2210496
2021-05-18 09:43:14,236.3,2211352
2021-05-18 09:43:15,236.35,2212382
2021-05-18 09:43:17,236.4,2213752
2021-05-18 09:43:18,236.25,2214970
2021-05-18 09:43:19,236.35,2216063
2021-05-18 09:43:20,236.35,2217115
2021-05-18 09:43:21,236.35,2219396
2021-05-18 09:43:21,236.35,2219896
2021-05-18 09:43:22,236.3,2220215
2021-05-18 09:43:23,236.3,2220867
2021-05-18 09:43:24,236.35,2221468
2021-05-18 09:43:25,236.45,2221989
2021-05-18 09:43:26,236.35,2222100
2021-05-18 09:43:27,236.2,2225143
2021-05-18 09:43:28,236.25,2227397
2021-05-18 09:43:29,236.2,2229669
2021-05-18 09:43:30,236.35,2230730
2021-05-18 09:43:31,236.2,2232255
2021-05-18 09:43:32,236.15,2235224
2021-05-18 09:43:33,236.25,2235334
2021-05-18 09:43:34,236.25,2235343
2021-05-18 09:43:35,236.15,2236259
2021-05-18 09:43:37,236.35,2237195
2021-05-18 09:43:38,236.4,2238991
2021-05-18 09:43:38,236.35,2241166
2021-05-18 09:43:40,236.35,2241423
2021-05-18 09:43:40,236.35,2241697
2021-05-18 09:43:41,236.35,2243051
2021-05-18 09:43:42,236.35,2249122
2021-05-18 09:43:44,236.35,2254075
2021-05-18 09:43:45,236.35,2254823
2021-05-18 09:43:46,236.4,2255619
2021-05-18 09:43:47,236.3,2257162
2021-05-18 09:43:48,236.45,2267489
2021-05-18 09:43:49,236.45,2268642
2021-05-18 09:43:50,236.4,2275430
2021-05-18 09:43:50,236.4,2275530
2021-05-18 09:43:52,236.5,2276655
2021-05-18 09:43:53,236.5,2276998
2021-05-18 09:43:54,236.45,2281004
2021-05-18 09:43:55,236.6,2282526
2021-05-18 09:43:56,236.5,2285641
2021-05-18 09:43:57,236.45,2287507
2021-05-18 09:43:58,236.4,2289168
2021-05-18 09:44:00,236.4,2290336
2021-05-18 09:44:01,236.5,2290505
2021-05-18 09:44:01,236.5,2290525
2021-05-18 09:44:02,236.35,2296645
2021-05-18 09:44:03,236.45,2298211
2021-05-18 09:44:05,236.4,2299759
2021-05-18 09:44:06,236.4,2301213
2021-05-18 09:44:07,236.25,2310671
2021-05-18 09:44:08,236.3,2312135
2021-05-18 09:44:09,236.25,2314149
2021-05-18 09:44:10,236.25,2314288
2021-05-18 09:44:12,236.2,2319431
2021-05-18 09:44:13,236.2,2323398
2021-05-18 09:44:14,236.2,2323972
2021-05-18 09:44:15,236.25,2324972
2021-05-18 09:44:15,236.25,2324972
2021-05-18 09:44:16,236.25,2328289
2021-05-18 09:44:18,236.3,2332283
2021-05-18 09:44:19,236.3,2332461
2021-05-18 09:44:20,236.35,2333266
2021-05-18 09:44:21,236.15,2333943
2021-05-18 09:44:22,236.3,2334249
2021-05-18 09:44:23,236.3,2334416
2021-05-18 09:44:24,236.25,2335344
2021-05-18 09:44:25,236.3,2336437
2021-05-18 09:44:26,236.3,2336948
2021-05-18 09:44:27,236.25,2337312
2021-05-18 09:44:28,236.3,2338503
2021-05-18 09:44:29,236.25,2338673
2021-05-18 09:44:30,236.25,2338751
2021-05-18 09:44:31,236.25,2338922
2021-05-18 09:44:34,236.3,2341461
2021-05-18 09:44:35,236.25,2342581
2021-05-18 09:44:36,236.25,2343686
2021-05-18 09:44:39,236.3,2349524
2021-05-18 09:44:39,236.2,2349204
2021-05-18 09:44:40,236.25,2350243
2021-05-18 09:44:41,236.3,2351430
2021-05-18 09:44:42,236.25,2354569
2021-05-18 09:44:43,236.2,2355934
2021-05-18 09:44:44,236.3,2357123
2021-05-18 09:44:45,236.3,2358686
2021-05-18 09:44:46,236.3,2360826
2021-05-18 09:44:47,236.3,2363015
2021-05-18 09:44:48,236.3,2363171
2021-05-18 09:44:50,236.3,2363899
2021-05-18 09:44:51,236.3,2365885
2021-05-18 09:44:52,236.3,2366635
2021-05-18 09:44:53,236.3,2367464
2021-05-18 09:44:54,236.25,2369776
2021-05-18 09:44:54,236.25,2369776
2021-05-18 09:44:55,236.4,2370777
2021-05-18 09:44:56,236.25,2379570
2021-05-18 09:44:58,236.25,2379925
2021-05-18 09:44:59,236.2,2380729
2021-05-18 09:44:59,236.2,2380736
2021-05-18 09:45:00,236.1,2382182
2021-05-18 09:45:01,236.05,2396120
2021-05-18 09:45:02,236.15,2397796
2021-05-18 09:45:04,236.1,2398930
2021-05-18 09:45:05,236.1,2399413
2021-05-18 09:45:05,236.15,2401283
2021-05-18 09:45:07,236.25,2401659
2021-05-18 09:45:08,236.25,2403591
2021-05-18 09:45:09,236.15,2404373
2021-05-18 09:45:10,236.15,2404492
2021-05-18 09:45:11,236.15,2405234
2021-05-18 09:45:12,236.1,2405568
2021-05-18 09:45:13,236.05,2406074
2021-05-18 09:45:14,235.95,2411741
2021-05-18 09:45:15,235.85,2413330
2021-05-18 09:45:16,236.0,2415966
2021-05-18 09:45:17,235.8,2419732
2021-05-18 09:45:17,235.95,2418618
2021-05-18 09:45:18,235.95,2420237
2021-05-18 09:45:19,235.95,2422215
2021-05-18 09:45:21,235.95,2424078
2021-05-18 09:45:22,235.95,2425473
2021-05-18 09:45:23,235.8,2426988
2021-05-18 09:45:24,235.7,2431452
2021-05-18 09:45:25,235.85,2432503
2021-05-18 09:45:26,235.9,2434605
2021-05-18 09:45:27,235.95,2436950
2021-05-18 09:45:28,235.9,2439917
2021-05-18 09:45:28,235.9,2439917
2021-05-18 09:45:29,236.0,2440527
2021-05-18 09:45:30,236.0,2442158
2021-05-18 09:45:32,235.8,2442630
2021-05-18 09:45:33,235.95,2442705
2021-05-18 09:45:34,235.9,2445022
2021-05-18 09:45:35,236.0,2446591
2021-05-18 09:45:35,236.0,2446491
2021-05-18 09:45:36,235.85,2446696
2021-05-18 09:45:37,235.85,2447454
2021-05-18 09:45:39,235.95,2449006
2021-05-18 09:45:40,235.95,2452007
2021-05-18 09:45:41,235.8,2457126
2021-05-18 09:45:42,235.85,2457691
2021-05-18 09:45:44,235.85,2463862
2021-05-18 09:45:45,235.9,2463935
2021-05-18 09:45:47,235.85,2465398
2021-05-18 09:45:48,235.9,2465708
2021-05-18 09:45:49,235.9,2467535
2021-05-18 09:45:50,235.9,2467960
2021-05-18 09:45:51,235.95,2468608
2021-05-18 09:45:54,235.85,2471070
2021-05-18 09:45:55,235.8,2471354
2021-05-18 09:45:56,235.85,2472237
2021-05-18 09:45:57,235.85,2472562
2021-05-18 09:45:58,235.75,2472937
2021-05-18 09:45:59,235.85,2473666
2021-05-18 09:45:59,235.85,2473666
2021-05-18 09:46:00,235.85,2474038
2021-05-18 09:46:02,235.9,2474097
2021-05-18 09:46:03,235.9,2474531
2021-05-18 09:46:04,235.9,2475101
2021-05-18 09:46:05,235.9,2475886
2021-05-18 09:46:05,235.85,2479424
2021-05-18 09:46:08,235.9,2485449
2021-05-18 09:46:09,235.85,2486098
2021-05-18 09:46:10,235.9,2486118
2021-05-18 09:46:11,235.85,2486529
2021-05-18 09:46:12,235.9,2490314
2021-05-18 09:46:12,235.9,2490714
2021-05-18 09:46:13,235.9,2490864
2021-05-18 09:46:14,235.9,2490865
2021-05-18 09:46:17,235.85,2492588
2021-05-18 09:46:18,235.9,2492855
2021-05-18 09:46:19,235.85,2492987
2021-05-18 09:46:20,235.9,2495886
2021-05-18 09:46:21,236.0,2495986
2021-05-18 09:46:22,236.0,2496714
2021-05-18 10:18:09,238.1,5973117
2021-05-18 10:18:09,238.1,5973117
2021-05-18 10:18:10,238.1,5974687
2021-05-18 10:18:12,238.2,5978382
2021-05-18 10:18:13,238.2,5978846
2021-05-18 10:18:14,238.15,5979788
2021-05-18 10:18:15,238.25,5980604
2021-05-18 10:18:16,238.2,5982153
2021-05-18 10:18:17,238.2,5983903
2021-05-18 10:18:20,238.25,5987653
2021-05-18 10:18:20,238.25,5987826
2021-05-18 10:18:22,238.0,6031397
2021-05-18 10:18:23,238.15,6033168
2021-05-18 10:18:24,238.15,6033427
2021-05-18 10:18:28,238.2,6044851
2021-05-18 10:18:29,238.2,6045702
2021-05-18 10:18:31,238.25,6046023
2021-05-18 10:18:32,238.15,6046525
2021-05-18 10:18:33,238.15,6046844
2021-05-18 10:18:35,238.15,6049359
2021-05-18 10:18:36,238.2,6050192
2021-05-18 10:18:37,238.25,6053251
2021-05-18 10:18:38,238.25,6054167
2021-05-18 10:18:39,238.45,6060478
2021-05-18 10:18:39,238.5,6075568
2021-05-18 10:18:40,238.5,6084707
2021-05-18 10:18:41,238.65,6089575
2021-05-18 10:18:42,238.65,6097191
2021-05-18 10:18:43,238.7,6100555
2021-05-18 10:18:44,238.7,6101436
2021-05-18 10:18:45,238.7,6103702
2021-05-18 10:18:46,238.6,6107874
2021-05-18 10:18:47,238.6,6115397
2021-05-18 10:18:48,238.45,6118202
2021-05-18 10:18:49,238.7,6118626
2021-05-18 10:18:51,238.7,6121196
2021-05-18 10:18:52,238.65,6121628
2021-05-18 10:18:52,238.65,6121989
2021-05-18 10:18:53,238.7,6124810
2021-05-18 10:18:55,238.55,6125624
2021-05-18 10:18:55,238.55,6126889
2021-05-18 10:18:56,238.55,6127254
2021-05-18 10:18:57,238.6,6129311
2021-05-18 10:18:59,238.6,6129884
2021-05-18 10:18:59,238.6,6130964
2021-05-18 10:19:00,238.6,6131302
2021-05-18 10:19:01,238.5,6145867
2021-05-18 10:19:03,238.55,6149221
2021-05-18 10:19:04,238.5,6150116
2021-05-18 10:19:04,238.5,6151613
2021-05-18 10:19:06,238.4,6152980
2021-05-18 10:19:07,238.3,6153082
2021-05-18 10:19:08,238.35,6155387
2021-05-18 10:19:09,238.25,6158898
2021-05-18 10:19:10,238.25,6159265
2021-05-18 10:19:11,238.2,6161942
2021-05-18 10:19:12,238.4,6162431
2021-05-18 10:19:13,238.4,6162713
2021-05-18 10:19:13,238.25,6163430
2021-05-18 10:19:14,238.4,6164820
2021-05-18 10:19:15,238.3,6166063
2021-05-18 10:19:17,238.3,6166651
2021-05-18 10:19:18,238.4,6167307
2021-05-18 10:19:20,238.3,6167923
2021-05-18 10:19:21,238.3,6167955
2021-05-18 10:19:22,238.3,6168301
2021-05-18 10:19:23,238.4,6169224
2021-05-18 10:19:24,238.4,6169253
2021-05-18 10:19:25,238.3,6171035
2021-05-18 10:19:26,238.4,6172162
2021-05-18 10:19:27,238.4,6172749
2021-05-18 10:19:28,238.4,6172993
2021-05-18 10:19:30,238.35,6175331
2021-05-18 10:19:31,238.25,6175723
2021-05-18 10:19:32,238.35,6182915
2021-05-18 10:19:33,238.3,6183325
2021-05-18 10:19:34,238.35,6189653
2021-05-18 10:19:35,238.35,6189684
2021-05-18 10:19:36,238.35,6206852
2021-05-18 10:19:37,238.5,6212627
2021-05-18 10:19:38,238.4,6213077
2021-05-18 10:19:39,238.4,6213153
2021-05-18 10:19:40,238.5,6215204
2021-05-18 10:19:41,238.6,6222298
2021-05-18 10:19:42,238.4,6223260
2021-05-18 10:19:43,238.6,6223771
2021-05-18 10:19:44,238.5,6223990
2021-05-18 10:19:45,238.6,6227322
2021-05-18 10:19:46,238.6,6227398
2021-05-18 10:19:47,238.5,6228554
2021-05-18 10:19:48,238.5,6229934
2021-05-18 10:19:49,238.55,6232504
2021-05-18 10:19:50,238.5,6233011
2021-05-18 10:19:51,238.5,6235064
2021-05-18 10:19:52,238.4,6237967
2021-05-18 10:19:54,238.4,6240551
2021-05-18 10:19:55,238.3,6242223
2021-05-18 10:19:56,238.3,6258144
2021-05-18 10:19:57,238.4,6259650
2021-05-18 10:19:58,238.45,6261455
2021-05-18 10:19:59,238.3,6261746
2021-05-18 10:20:00,238.5,6263703
2021-05-18 10:20:01,238.4,6265619
2021-05-18 10:20:02,238.35,6267873
2021-05-18 10:20:03,238.25,6271149
2021-05-18 10:20:04,238.35,6273878
2021-05-18 10:20:05,238.2,6275145
2021-05-18 10:20:06,238.3,6277627
2021-05-18 10:20:07,238.25,6283231
2021-05-18 10:20:08,238.2,6285042
2021-05-18 10:20:09,238.1,6302972
2021-05-18 10:20:10,238.15,6305427
2021-05-18 10:20:11,238.05,6309688
2021-05-18 10:20:12,238.05,6311159
2021-05-18 10:20:13,238.0,6314692
2021-05-18 10:20:14,238.15,6316937
2021-05-18 10:20:15,238.15,6318965
2021-05-18 10:20:16,238.15,6321066
2021-05-18 10:20:17,238.0,6322553
2021-05-18 10:20:18,238.15,6324302
2021-05-18 10:20:19,238.0,6324697
2021-05-18 10:20:20,238.0,6326185
2021-05-18 10:20:21,238.0,6328163
2021-05-18 10:20:22,238.0,6329934
2021-05-18 10:20:23,238.05,6331274
2021-05-18 10:20:24,238.0,6332387
2021-05-18 10:20:25,238.0,6332964
2021-05-18 10:20:26,238.05,6333264
2021-05-18 10:20:27,238.0,6335794
2021-05-18 10:20:28,238.0,6338330
2021-05-18 10:20:29,238.0,6339813
2021-05-18 10:20:30,238.0,6341344
2021-05-18 10:20:32,238.0,6343698
2021-05-18 10:20:31,238.0,6342913
2021-05-18 10:20:33,237.75,6424726
2021-05-18 10:20:34,237.9,6424861
2021-05-18 10:20:35,237.7,6426866
2021-05-18 10:20:36,237.7,6428483
2021-05-18 10:20:37,237.85,6428754
2021-05-18 10:20:38,237.75,6430055
2021-05-18 10:20:39,237.85,6430056
2021-05-18 10:20:40,237.7,6430720
2021-05-18 10:20:41,237.85,6431231
2021-05-18 10:20:42,237.9,6432861
2021-05-18 10:20:43,237.75,6433345
2021-05-18 10:20:44,237.75,6433445
2021-05-18 10:20:46,237.75,6437653
2021-05-18 10:20:45,237.75,6437452
2021-05-18 10:20:47,237.85,6439241
2021-05-18 10:20:48,237.85,6439241
2021-05-18 10:20:49,237.85,6439351
2021-05-18 10:20:50,237.85,6439351
2021-05-18 10:20:51,237.9,6442176
2021-05-18 10:20:53,237.85,6442776
2021-05-18 10:20:52,237.85,6442776
2021-05-18 10:20:54,238.0,6442808
2021-05-18 10:20:55,237.85,6443901
2021-05-18 10:20:56,237.8,6444353
2021-05-18 10:20:57,237.85,6444504
2021-05-18 10:20:58,237.9,6444605
2021-05-18 10:20:59,238.0,6449081
2021-05-18 10:21:00,237.9,6449493
2021-05-18 10:21:01,237.9,6449694
2021-05-18 10:21:02,237.9,6449734
2021-05-18 10:21:04,238.05,6474027
2021-05-18 10:21:03,238.05,6474027
2021-05-18 10:21:05,238.0,6474677
2021-05-18 10:21:06,238.05,6475303
2021-05-18 10:21:07,238.15,6476282
2021-05-18 10:21:08,238.25,6477994
2021-05-18 10:21:09,238.05,6482906
2021-05-18 10:21:10,238.1,6485484
2021-05-18 10:21:11,238.0,6486746
2021-05-18 10:21:12,238.0,6487147
2021-05-18 10:21:13,237.9,6487298
2021-05-18 10:21:14,237.95,6488478
2021-05-18 10:21:15,238.05,6488479
2021-05-18 10:21:16,238.0,6488698
2021-05-18 10:21:17,237.95,6489176
2021-05-18 10:21:18,238.05,6490676
2021-05-18 10:21:19,238.0,6490821
2021-05-18 10:21:20,237.9,6491012
2021-05-18 10:21:21,238.0,6491204
2021-05-18 10:21:22,238.0,6491716
2021-05-18 10:21:23,238.0,6492613
2021-05-18 10:21:24,238.05,6493483
2021-05-18 10:21:26,238.05,6494455
2021-05-18 10:21:25,238.05,6494455
2021-05-18 10:21:27,238.05,6494455
2021-05-18 10:21:28,238.15,6495978
2021-05-18 10:21:29,238.1,6495986
2021-05-18 10:21:30,238.2,6497395
2021-05-18 10:21:31,238.05,6498046
2021-05-18 10:21:33,238.1,6498598
2021-05-18 10:21:33,238.1,6498598
2021-05-18 10:21:34,238.1,6498923
2021-05-18 10:21:35,238.15,6499013
2021-05-18 10:21:36,238.35,6510687
2021-05-18 10:21:37,238.25,6510882
2021-05-18 10:21:38,238.25,6511045
2021-05-18 10:21:40,238.3,6511206
2021-05-18 10:21:40,238.3,6511248
2021-05-18 10:21:41,238.3,6512153
2021-05-18 10:21:42,238.4,6512281
2021-05-18 10:21:43,238.3,6513282
2021-05-18 10:21:44,238.3,6513445
2021-05-18 10:21:46,238.35,6513822
2021-05-18 10:21:46,238.3,6514640
2021-05-18 10:21:47,238.35,6518559
2021-05-18 10:21:48,238.35,6519559
2021-05-18 10:21:49,238.3,6521599
2021-05-18 10:21:50,238.3,6521949
2021-05-18 10:21:52,238.3,6523442
2021-05-18 10:21:52,238.3,6523442
2021-05-18 10:21:53,238.3,6524808
2021-05-18 10:21:54,238.2,6525252
2021-05-18 10:21:56,238.15,6526615
2021-05-18 10:21:57,238.3,6526824
2021-05-18 10:21:59,238.15,6527317
2021-05-18 10:21:59,238.15,6527317
2021-05-18 10:22:00,238.15,6527458
2021-05-18 10:22:01,238.2,6527508
2021-05-18 10:22:02,238.1,6530963
2021-05-18 10:22:03,238.25,6530969
2021-05-18 10:22:04,238.3,6531924
2021-05-18 10:22:06,238.3,6532471
2021-05-18 10:22:06,238.3,6532471
2021-05-18 10:22:07,238.35,6534516
2021-05-18 10:22:08,238.25,6535146
2021-05-18 10:22:09,238.3,6536364
2021-05-18 10:22:10,238.3,6536374
2021-05-18 10:22:11,238.4,6537379
2021-05-18 10:22:12,238.4,6538668
2021-05-18 10:22:15,238.3,6543695
2021-05-18 10:22:15,238.3,6543823
2021-05-18 10:22:16,238.3,6545769
2021-05-18 10:22:17,238.25,6546879
2021-05-18 10:22:18,238.25,6547299
2021-05-18 10:22:19,238.25,6547606
2021-05-18 10:22:21,238.3,6554028
2021-05-18 10:22:23,238.1,6555469
2021-05-18 10:22:23,238.1,6555669
2021-05-18 10:22:24,238.3,6559718
2021-05-18 10:22:25,238.3,6562012
2021-05-18 10:22:26,238.3,6562830
2021-05-18 10:22:27,238.3,6564932
2021-05-18 10:22:28,238.4,6565038
2021-05-18 10:22:30,238.3,6565628
2021-05-18 10:22:31,238.3,6566621
2021-05-18 10:22:31,238.3,6566521
2021-05-18 10:22:32,238.35,6567434
2021-05-18 10:22:33,238.6,6602460
2021-05-18 10:22:34,238.7,6603550
2021-05-18 10:22:35,238.8,6612351
2021-05-18 10:22:36,238.8,6614282
2021-05-18 10:22:38,238.8,6616259
2021-05-18 10:22:38,238.8,6616274
2021-05-18 10:22:39,238.75,6618143
2021-05-18 10:22:40,238.8,6621608
2021-05-18 10:22:41,238.9,6624552
2021-05-18 10:22:42,238.8,6626083
2021-05-18 10:22:43,238.9,6631290
2021-05-18 10:22:44,238.8,6632176
2021-05-18 10:22:47,238.9,6637047
2021-05-18 10:22:47,238.95,6636847
2021-05-18 10:22:48,238.8,6638413
2021-05-18 10:22:49,238.9,6638629
2021-05-18 10:22:50,238.9,6638758
2021-05-18 10:22:51,238.9,6639902
2021-05-18 10:22:52,238.8,6643085
2021-05-18 10:22:54,238.95,6652310
2021-05-18 10:22:54,238.9,6652444
2021-05-18 10:22:55,238.8,6655611
2021-05-18 10:22:56,238.9,6659314
2021-05-18 10:22:57,239.0,6672719
2021-05-18 10:22:59,238.85,6691466
2021-05-18 10:23:01,238.9,6698150
2021-05-18 10:23:01,238.95,6697518
2021-05-18 10:23:02,239.0,6711606
2021-05-18 10:23:03,238.9,6712117
2021-05-18 10:23:04,238.95,6713480
2021-05-18 10:23:05,238.95,6716972
2021-05-18 10:23:06,238.95,6718530
2021-05-18 10:23:07,239.0,6719487
2021-05-18 10:23:09,238.9,6720511
2021-05-18 10:23:09,238.95,6720056
2021-05-18 10:23:10,238.95,6725081
2021-05-18 10:23:11,239.0,6732687
2021-05-18 10:23:12,238.95,6733536
2021-05-18 10:23:13,239.1,6775340
2021-05-18 10:23:14,239.1,6783659
2021-05-18 10:23:16,239.0,6790217
2021-05-18 10:23:16,239.2,6790937
2021-05-18 10:23:17,239.2,6791187
2021-05-18 10:23:18,239.15,6794170
2021-05-18 10:23:19,239.2,6795756
2021-05-18 10:23:20,239.2,6797987
2021-05-18 10:23:21,239.2,6817303
2021-05-18 10:23:23,239.15,6820743
2021-05-18 10:23:24,239.2,6822368
2021-05-18 10:23:25,239.05,6825708
2021-05-18 10:23:26,239.2,6831037
2021-05-18 10:23:28,239.0,6833937
2021-05-18 10:23:28,239.0,6834037
2021-05-18 10:23:29,238.95,6847579
2021-05-18 10:23:30,239.15,6852595
2021-05-18 10:23:31,239.0,6854578
2021-05-18 10:23:32,239.15,6855251
2021-05-18 10:23:33,239.15,6855794
2021-05-18 10:23:34,239.2,6857689
2021-05-18 10:23:36,239.15,6865278
2021-05-18 10:23:36,239.15,6865278
2021-05-18 10:23:37,239.0,6868172
2021-05-18 10:23:38,239.0,6868967
2021-05-18 10:23:40,239.0,6877339
2021-05-18 10:23:41,239.1,6880615
2021-05-18 10:23:42,239.1,6883237
2021-05-18 10:23:43,239.1,6887653
2021-05-18 10:23:44,239.15,6887940
2021-05-18 10:23:45,239.0,6889056
2021-05-18 10:23:46,239.15,6889839
2021-05-18 10:23:47,239.1,6897901
2021-05-18 10:23:48,239.15,6898242
2021-05-18 10:23:50,239.1,6898657
2021-05-18 10:23:51,239.1,6901139
2021-05-18 10:23:51,239.1,6901139
2021-05-18 10:23:52,239.1,6901157
2021-05-18 10:23:53,239.0,6902865
2021-05-18 10:23:54,239.0,6902989
2021-05-18 10:23:56,239.1,6904915
2021-05-18 10:23:57,239.05,6905500
2021-05-18 10:23:58,239.1,6907904
2021-05-18 10:23:59,239.0,6910254
2021-05-18 10:24:00,239.1,6912871
2021-05-18 10:24:02,239.05,6922138
2021-05-18 10:24:03,239.05,6930753
2021-05-18 10:24:04,239.0,6932227
2021-05-18 10:24:05,239.1,6932583
2021-05-18 10:24:06,239.0,6935834
2021-05-18 10:24:08,239.0,6936528
2021-05-18 10:24:09,239.05,6937071
2021-05-18 10:24:10,239.0,6939361
2021-05-18 10:24:10,239.05,6939407
2021-05-18 10:24:11,239.05,6969723
2021-05-18 10:24:12,239.0,6970294
2021-05-18 10:24:13,239.05,6973802
2021-05-18 10:24:15,239.05,6978565
2021-05-18 10:24:16,238.95,6982943
2021-05-18 10:24:16,239.0,6983343
2021-05-18 10:24:18,238.85,6986283
2021-05-18 10:24:19,238.85,6986418
2021-05-18 10:24:21,238.95,6988366
2021-05-18 10:24:22,238.85,6990033
2021-05-18 10:24:22,238.85,6990188
2021-05-18 10:24:23,238.95,6991464
2021-05-18 10:24:24,238.85,6991591
2021-05-18 10:24:25,238.95,6991892
2021-05-18 10:24:27,238.95,6993722
2021-05-18 10:24:28,238.7,6996383
2021-05-18 10:24:28,238.9,6997227
2021-05-18 10:24:29,238.75,6997706
2021-05-18 10:24:30,238.9,6999142
2021-05-18 10:24:32,238.95,7009432
2021-05-18 10:24:33,238.9,7014852
2021-05-18 10:24:34,238.9,7015962
2021-05-18 10:24:34,238.95,7016115
2021-05-18 10:24:35,238.95,7016498
2021-05-18 10:24:36,238.85,7019993
2021-05-18 10:24:37,238.95,7020372
2021-05-18 10:24:38,238.9,7022400
2021-05-18 10:24:39,238.9,7022706
2021-05-18 10:24:41,238.9,7025294
2021-05-18 10:24:42,238.95,7025992
2021-05-18 10:24:43,239.05,7062303
2021-05-18 10:24:43,239.05,7062363
2021-05-18 10:24:44,239.0,7064749
2021-05-18 10:24:45,239.15,7071514
2021-05-18 10:24:47,239.15,7084433
2021-05-18 10:24:50,239.2,7085591
2021-05-18 10:24:50,239.2,7085595
2021-05-18 10:24:51,239.25,7088325
2021-05-18 10:24:52,239.15,7090363
2021-05-18 10:24:53,239.2,7093444
2021-05-18 10:24:56,239.2,7096687
2021-05-18 10:24:56,239.2,7096689
2021-05-18 10:24:57,239.2,7097694
2021-05-18 10:24:58,239.15,7098790
2021-05-18 10:24:59,239.2,7099326
2021-05-18 10:25:01,239.2,7100946
2021-05-18 10:25:02,239.2,7101549
2021-05-18 10:25:02,239.2,7101649
2021-05-18 10:25:03,239.25,7103590
2021-05-18 10:25:05,239.2,7106695
2021-05-18 10:25:07,239.2,7107875
2021-05-18 10:25:08,239.1,7110030
2021-05-18 10:25:08,239.1,7110033
2021-05-18 10:25:09,239.1,7111554
2021-05-18 10:25:10,239.25,7112627
2021-05-18 10:25:11,239.2,7113333
2021-05-18 10:25:13,239.25,7119881
2021-05-18 10:25:14,239.2,7126108
2021-05-18 10:25:15,239.2,7127703
2021-05-18 10:25:16,239.2,7128733
2021-05-18 10:25:17,239.15,7130268
2021-05-18 10:25:18,239.15,7131613
2021-05-18 10:25:20,239.1,7138416
2021-05-18 10:25:21,239.1,7138986
2021-05-18 10:25:22,239.1,7141673
2021-05-18 10:25:22,239.1,7141673
2021-05-18 10:25:23,239.0,7150727
2021-05-18 10:25:24,239.1,7153336
2021-05-18 10:25:25,239.05,7154390
2021-05-18 10:25:26,239.15,7155990
2021-05-18 10:25:28,239.15,7162486
2021-05-18 10:25:29,239.1,7163424
2021-05-18 10:25:29,239.05,7163444
2021-05-18 10:25:30,239.05,7163444
2021-05-18 10:25:31,239.0,7165151
2021-05-18 10:25:32,239.05,7165608
2021-05-18 10:25:34,239.1,7165916
2021-05-18 10:25:35,239.05,7166773
2021-05-18 10:25:35,239.05,7167773
2021-05-18 10:25:36,239.15,7168657
2021-05-18 10:25:37,239.1,7172254
2021-05-18 10:25:38,239.1,7173224
2021-05-18 10:25:39,239.0,7174070
2021-05-18 10:25:41,239.0,7174807
2021-05-18 10:25:42,239.1,7208068
2021-05-18 10:25:43,239.1,7208736
2021-05-18 10:25:43,239.1,7208761
2021-05-18 10:25:44,239.1,7210041
2021-05-18 10:25:45,239.15,7214874
2021-05-18 10:25:47,239.2,7217545
2021-05-18 10:25:48,239.15,7224189
2021-05-18 10:25:49,239.05,7226825
2021-05-18 10:25:50,239.2,7237335
2021-05-18 10:25:50,239.2,7237385
2021-05-18 10:25:51,239.25,7256637
2021-05-18 10:25:52,239.2,7258457
2021-05-18 10:25:53,239.35,7260501
2021-05-18 10:25:54,239.4,7261262
2021-05-18 10:25:55,239.4,7262303
2021-05-18 10:25:57,239.45,7262941
2021-05-18 10:25:58,239.45,7263242
2021-05-18 10:25:59,239.25,7309469
2021-05-18 10:26:00,239.35,7310414
2021-05-18 10:26:01,239.25,7312596
2021-05-18 10:26:01,239.25,7312596
2021-05-18 10:26:02,239.4,7314217
2021-05-18 10:26:04,239.35,7315011
2021-05-18 10:26:05,239.35,7320146
2021-05-18 10:26:07,239.25,7336161
2021-05-18 10:26:08,239.45,7338905
2021-05-18 10:26:09,239.35,7341053
2021-05-18 10:26:10,239.55,7345109
2021-05-18 10:26:11,239.6,7351404
2021-05-18 10:26:12,239.6,7354145
2021-05-18 10:26:14,239.6,7362810
2021-05-18 10:26:15,239.75,7374626
2021-05-18 10:26:16,239.65,7376771
2021-05-18 10:26:16,239.75,7379271
2021-05-18 10:26:17,239.65,7387004
2021-05-18 10:26:19,239.75,7392344
2021-05-18 10:26:20,239.6,7399465
2021-05-18 10:26:21,239.75,7403136
2021-05-18 10:26:22,239.6,7410510
2021-05-18 10:26:23,239.6,7417862
2021-05-18 10:26:23,239.65,7418685
2021-05-18 10:26:25,239.6,7427129
2021-05-18 10:26:26,239.5,7437367
2021-05-18 10:26:28,239.55,7444877
2021-05-18 10:26:29,239.55,7446748
2021-05-18 10:26:30,239.65,7449241
2021-05-18 10:26:31,239.5,7457189
2021-05-18 10:26:31,239.6,7457076
2021-05-18 10:26:32,239.5,7458229
2021-05-18 10:26:33,239.45,7571677
2021-05-18 10:26:34,239.45,7576778
2021-05-18 10:26:35,239.6,7584442
2021-05-18 10:26:37,239.4,7685287
2021-05-18 10:26:38,239.5,7687235
2021-05-18 10:26:39,239.6,7691700
2021-05-18 10:26:40,239.5,7794414
2021-05-18 10:26:41,239.4,7797192
2021-05-18 10:26:42,239.5,7798369
2021-05-18 10:26:42,239.4,7798103
2021-05-18 10:26:45,239.6,7914241
2021-05-18 10:26:46,239.5,8026279
2021-05-18 10:26:47,239.6,8026819
2021-05-18 10:26:48,239.65,8062131
2021-05-18 10:26:49,239.65,8082166
2021-05-18 10:26:51,239.75,8084343
2021-05-18 10:26:52,239.55,8191524
2021-05-18 10:26:53,239.6,8191954
2021-05-18 10:26:54,239.5,8217813
2021-05-18 10:26:55,239.5,8319247
2021-05-18 10:26:55,239.4,8319365
2021-05-18 10:26:56,239.5,8322016
2021-05-18 10:26:57,239.45,8322143
2021-05-18 10:26:58,239.5,8324481
2021-05-18 10:27:00,239.6,8326105
2021-05-18 10:27:01,239.6,8326734
2021-05-18 10:27:02,239.4,8435708
2021-05-18 10:27:03,239.5,8437939
2021-05-18 10:27:04,239.5,8446314
2021-05-18 10:27:04,239.15,8546436
2021-05-18 10:27:05,239.35,8548678
2021-05-18 10:27:06,239.5,8554378
2021-05-18 10:27:08,239.5,8562161
2021-05-18 10:27:09,239.3,8662975
2021-05-18 10:27:10,239.25,8663252
2021-05-18 10:27:11,239.4,8663590
2021-05-18 10:27:11,239.4,8665845
2021-05-18 10:27:12,239.2,8766243
2021-05-18 10:27:13,239.4,8767463
2021-05-18 10:27:14,239.1,8873359
2021-05-18 10:27:16,239.45,8874598
2021-05-18 10:27:17,239.5,8880483
2021-05-18 10:27:18,239.35,8990240
2021-05-18 10:27:19,239.35,8991237
2021-05-18 10:27:20,239.45,8995492
2021-05-18 10:27:21,239.5,8998739
2021-05-18 10:27:23,239.35,9102796
2021-05-18 10:27:24,239.4,9104756
2021-05-18 10:27:26,239.25,9208879
2021-05-18 10:27:27,239.05,9209139
2021-05-18 10:27:28,239.25,9209754
2021-05-18 10:27:29,239.2,9220207
2021-05-18 10:27:30,239.15,9224294
2021-05-18 10:27:30,239.1,9222719
2021-05-18 10:27:32,239.15,9225409
2021-05-18 10:27:33,239.3,9225604
2021-05-18 10:27:34,239.15,9226608
2021-05-18 10:27:36,239.2,9227015
2021-05-18 10:27:38,239.35,9230634
2021-05-18 10:27:38,239.3,9231108
2021-05-18 10:27:39,239.3,9231840
2021-05-18 10:27:40,239.15,9233086
2021-05-18 10:27:41,238.95,9247062
2021-05-18 10:27:42,238.95,9250941
2021-05-18 10:27:43,238.95,9252611
2021-05-18 10:27:44,238.95,9253659
2021-05-18 10:27:46,238.85,9258448
2021-05-18 10:27:47,238.9,9259141
2021-05-18 10:27:48,238.9,9261603
2021-05-18 10:27:49,238.9,9262803
2021-05-18 10:27:50,238.9,9265307
2021-05-18 10:27:51,238.95,9268208
2021-05-18 10:27:51,238.95,9268213
2021-05-18 10:27:53,238.85,9269783
2021-05-18 10:27:54,238.8,9273319
2021-05-18 10:27:55,238.8,9278446
2021-05-18 10:27:56,238.9,9296308
2021-05-18 10:27:57,238.9,9298698
2021-05-18 10:27:58,238.55,9336955
2021-05-18 10:27:59,238.7,9343971
2021-05-18 10:28:00,238.7,9345370
2021-05-18 10:28:02,238.7,9346106
2021-05-18 10:28:03,238.7,9346781
2021-05-18 10:28:04,238.8,9350012
2021-05-18 10:28:05,238.7,9352637
2021-05-18 10:28:06,238.7,9358039
2021-05-18 10:28:07,238.65,9362358
2021-05-18 10:28:08,238.65,9365351
2021-05-18 10:28:09,238.75,9369689
2021-05-18 10:28:10,238.7,9372652
2021-05-18 10:28:11,238.7,9380098
2021-05-18 10:28:12,238.7,9381415
2021-05-18 10:28:13,238.7,9385495
2021-05-18 10:28:14,238.65,9386756
2021-05-18 10:28:14,238.65,9389373
2021-05-18 10:28:15,238.6,9393710
2021-05-18 10:28:16,238.65,9396538
2021-05-18 10:28:18,238.7,9399073
2021-05-18 10:28:19,238.65,9401446
2021-05-18 10:28:20,238.65,9402213
2021-05-18 10:28:21,238.7,9402557
2021-05-18 10:28:22,238.65,9409982
2021-05-18 10:28:23,238.8,9433358
2021-05-18 10:28:24,238.7,9434442
2021-05-18 10:28:25,238.9,9442104
2021-05-18 10:28:25,238.75,9441854
2021-05-18 10:28:26,238.95,9445068
2021-05-18 10:28:28,238.8,9450168
2021-05-18 10:28:29,238.9,9452789
2021-05-18 10:28:30,238.8,9453910
2021-05-18 10:28:31,238.95,9456943
2021-05-18 10:28:32,238.9,9457263
2021-05-18 10:28:33,238.9,9458202
2021-05-18 10:28:34,238.8,9458310
2021-05-18 10:28:35,238.9,9458495
2021-05-18 10:28:36,238.9,9461438
2021-05-18 10:28:37,238.9,9464628
2021-05-18 10:28:37,239.0,9464878
2021-05-18 10:28:39,238.9,9465197
2021-05-18 10:28:41,239.0,9468119
2021-05-18 10:28:42,239.0,9469819
2021-05-18 10:28:43,239.0,9490683
2021-05-18 10:28:43,239.0,9490969
2021-05-18 10:28:44,239.1,9494461
2021-05-18 10:28:45,239.2,9494889
2021-05-18 10:28:47,239.05,9495676
2021-05-18 10:28:48,239.0,9496038
2021-05-18 10:28:52,239.2,9501489
2021-05-18 10:28:52,239.2,9501989
2021-05-18 10:28:54,239.2,9505390
2021-05-18 10:28:55,239.15,9505555
2021-05-18 10:28:56,239.25,9507593
2021-05-18 10:28:57,239.2,9507819
2021-05-18 10:28:58,239.25,9509805
2021-05-18 10:28:59,239.25,9513728
2021-05-18 10:28:59,239.25,9513828
2021-05-18 10:29:01,239.1,9523983
2021-05-18 10:29:02,239.15,9525914
2021-05-18 10:29:03,239.15,9526924
2021-05-18 10:29:04,239.15,9527525
2021-05-18 10:29:05,239.1,9528601
2021-05-18 10:29:06,239.1,9533739
2021-05-18 10:29:07,239.15,9534242
2021-05-18 10:29:07,239.15,9534248
2021-05-18 10:29:09,239.25,9537594
2021-05-18 10:29:10,239.25,9538914
2021-05-18 10:29:11,239.25,9539185
2021-05-18 10:29:12,239.3,9540396
2021-05-18 10:29:14,239.15,9554691
2021-05-18 10:29:15,239.2,9555326
2021-05-18 10:29:16,239.0,9557660
2021-05-18 10:29:18,239.2,9558490
2021-05-18 10:29:19,239.0,9560427
2021-05-18 10:29:21,239.1,9564160
2021-05-18 10:29:22,239.0,9585583
2021-05-18 10:29:23,239.0,9588225
2021-05-18 10:29:24,239.0,9591310
2021-05-18 10:29:25,239.0,9594531
2021-05-18 10:29:26,239.0,9596313
2021-05-18 10:29:27,239.1,9600265
2021-05-18 10:29:27,239.1,9600265
2021-05-18 10:29:29,239.1,9600368
2021-05-18 10:29:31,239.1,9602744
2021-05-18 10:29:32,239.1,9602837
2021-05-18 10:29:33,238.95,9607523
2021-05-18 10:29:35,239.25,9638522
2021-05-18 10:29:36,239.1,9639980
2021-05-18 10:29:37,239.0,9641107
2021-05-18 10:29:38,239.1,9641760
2021-05-18 10:29:39,239.15,9642982
2021-05-18 10:29:39,239.1,9642182
2021-05-18 10:29:40,239.1,9649855
2021-05-18 10:29:42,239.1,9651115
2021-05-18 10:29:43,239.0,9652275
2021-05-18 10:29:44,239.1,9652645
2021-05-18 10:29:45,239.1,9653627
2021-05-18 10:29:46,239.1,9654503
2021-05-18 10:29:47,239.1,9654922
2021-05-18 10:29:48,239.1,9655742
2021-05-18 10:29:48,239.1,9655542
2021-05-18 10:29:49,239.1,9655742
2021-05-18 10:29:50,239.2,9655847
2021-05-18 10:29:52,239.15,9656478
2021-05-18 10:29:53,239.15,9656829
2021-05-18 10:29:54,239.15,9658215
2021-05-18 10:29:55,239.15,9660155
2021-05-18 10:29:56,239.2,9662620
2021-05-18 10:29:58,239.25,9663913
2021-05-18 10:29:59,239.3,9664136
2021-05-18 10:30:00,239.25,9666861
2021-05-18 10:30:01,239.3,9670708
2021-05-18 10:30:02,239.25,9672204
2021-05-18 10:30:03,239.2,9675305
2021-05-18 10:30:04,239.25,9677467
2021-05-18 10:30:05,239.3,9677867
2021-05-18 10:30:07,239.15,9684122
2021-05-18 10:30:08,239.2,9694255
2021-05-18 10:30:09,239.25,9695116
2021-05-18 10:30:10,239.3,9696118
2021-05-18 10:30:11,239.2,9699644
2021-05-18 10:30:12,239.2,9699668
2021-05-18 10:30:13,239.2,9702953
2021-05-18 10:30:14,239.3,9704363
2021-05-18 10:30:15,239.3,9707024
2021-05-18 10:30:16,239.4,9707642
2021-05-18 10:30:18,239.35,9709806
2021-05-18 10:30:17,239.25,9708547
2021-05-18 10:30:19,239.5,9718451
2021-05-18 10:30:20,239.5,9720991
2021-05-18 10:30:21,239.3,9721016
2021-05-18 10:30:22,239.35,9722648
2021-05-18 10:30:23,239.35,9724021
2021-05-18 10:30:24,239.45,9726526
2021-05-18 10:30:25,239.4,9730370
2021-05-18 10:30:26,239.4,9732585
2021-05-18 10:30:27,239.4,9732645
2021-05-18 10:30:28,239.4,9733107
2021-05-18 10:30:29,239.4,9734405
2021-05-18 10:30:30,239.3,9735605
2021-05-18 10:30:32,239.4,9737015
2021-05-18 10:30:31,239.4,9736861
2021-05-18 10:30:33,239.4,9737770
2021-05-18 10:30:34,239.4,9738135
2021-05-18 10:30:35,239.4,9740261
2021-05-18 10:30:36,239.4,9741625
2021-05-18 10:30:37,239.4,9753414
2021-05-18 10:30:39,239.25,9755020
2021-05-18 10:30:38,239.35,9754285
2021-05-18 10:30:40,239.35,9755806
2021-05-18 10:30:41,239.35,9757077
2021-05-18 10:30:42,239.35,9757637
2021-05-18 10:30:43,239.35,9757685
2021-05-18 10:30:44,239.25,9764132
2021-05-18 10:30:46,239.2,9765459
2021-05-18 10:30:45,239.2,9765459
2021-05-18 10:30:47,239.1,9767111
2021-05-18 10:30:48,238.9,9812883
2021-05-18 10:30:49,239.05,9822185
2021-05-18 10:30:50,239.05,9822587
2021-05-18 10:30:51,239.0,9824640
2021-05-18 10:30:52,239.15,9826140
2021-05-18 10:30:53,239.1,9826400
2021-05-18 10:30:54,239.0,9826760
2021-05-18 10:30:55,239.05,9827819
2021-05-18 10:30:56,239.05,9828081
2021-05-18 10:30:57,239.05,9830225
2021-05-18 10:30:58,239.1,9831105
2021-05-18 10:30:59,239.1,9831105
2021-05-18 10:31:00,239.1,9831496
2021-05-18 10:31:01,239.05,9833756
2021-05-18 10:31:02,239.1,9833778
2021-05-18 10:31:03,239.1,9833778
2021-05-18 10:31:04,239.05,9833981
2021-05-18 10:31:05,239.05,9834051
2021-05-18 10:31:06,239.1,9834084
2021-05-18 10:31:07,239.0,9835685
2021-05-18 10:31:08,239.1,9836001
2021-05-18 10:31:09,239.1,9836370
2021-05-18 10:31:10,239.05,9836935
2021-05-18 10:31:11,239.05,9837165
2021-05-18 10:31:13,239.0,9840308
2021-05-18 10:31:14,239.0,9840461
2021-05-18 10:31:15,239.05,9842822
2021-05-18 10:31:16,239.1,9844354
2021-05-18 10:31:17,239.1,9844861
2021-05-18 10:31:18,239.1,9844861
2021-05-18 10:31:19,239.1,9845376
2021-05-18 10:31:21,239.1,9849094
2021-05-18 10:31:22,239.1,9849515
2021-05-18 10:31:23,239.15,9850369
2021-05-18 10:31:25,239.1,9851382
2021-05-18 10:31:24,239.1,9850611
2021-05-18 10:31:26,239.15,9857230
2021-05-18 10:31:27,239.15,9857290
2021-05-18 10:31:28,239.15,9861430
2021-05-18 10:31:29,239.1,9861592
2021-05-18 10:31:30,239.15,9861722
2021-05-18 10:31:31,239.15,9862081
2021-05-18 10:31:32,239.15,9862692
2021-05-18 10:31:33,239.2,9863296
2021-05-18 10:31:34,239.15,9863421
2021-05-18 10:31:36,239.25,9866266
2021-05-18 10:31:35,239.2,9866251
2021-05-18 10:31:37,239.2,9866966
2021-05-18 10:31:38,239.25,9872966
2021-05-18 10:31:39,239.25,9873004
2021-05-18 10:31:40,239.3,9873425
2021-05-18 10:31:41,239.3,9874169
2021-05-18 10:31:43,239.35,9876079
2021-05-18 10:31:42,239.35,9876079
2021-05-18 10:31:44,239.2,9876415
2021-05-18 10:31:45,239.25,9876620
2021-05-18 10:31:46,239.3,9884479
2021-05-18 10:31:47,239.25,9886955
2021-05-18 10:31:49,239.25,9887967
2021-05-18 10:31:48,239.3,9887960
2021-05-18 10:31:50,239.35,9889406
2021-05-18 10:31:51,239.35,9890436
2021-05-18 10:31:52,239.4,9892595
2021-05-18 10:31:53,239.4,9894748
2021-05-18 10:31:54,239.35,9894849
2021-05-18 10:31:55,239.4,9896130
2021-05-18 10:31:56,239.35,9896630
2021-05-18 10:31:57,239.4,9897180
2021-05-18 10:31:58,239.4,9899683
2021-05-18 10:31:59,239.45,9900496
2021-05-18 10:32:00,239.4,9901468
2021-05-18 10:32:01,239.45,9902453
2021-05-18 10:32:02,239.4,9902553
2021-05-18 10:32:03,239.4,9903027
2021-05-18 10:32:04,239.5,9910141
2021-05-18 10:32:05,239.5,9910699
2021-05-18 10:32:07,239.5,9913425
2021-05-18 10:32:07,239.45,9913411
2021-05-18 10:32:08,239.45,9919596
2021-05-18 10:32:09,239.45,9920682
2021-05-18 10:32:10,239.45,9922082
2021-05-18 10:32:12,239.5,9923398
2021-05-18 10:32:12,239.5,9923387
2021-05-18 10:32:13,239.45,9924944
2021-05-18 10:32:14,239.45,9929803
2021-05-18 10:32:15,239.45,9931115
2021-05-18 10:32:16,239.25,9968560
2021-05-18 10:32:17,239.35,9969763
2021-05-18 10:32:19,239.35,9969793
2021-05-18 10:32:19,239.35,9969793
2021-05-18 10:32:20,239.4,9970079
2021-05-18 10:32:21,239.5,9988351
2021-05-18 10:32:22,239.4,10013993
2021-05-18 10:32:23,239.35,10014153
2021-05-18 10:32:25,239.35,10025014
2021-05-18 10:32:25,239.35,10025014
2021-05-18 10:32:26,239.35,10025334
2021-05-18 10:32:27,239.35,10026167
2021-05-18 10:32:28,239.4,10027766
2021-05-18 10:32:29,239.35,10027901
2021-05-18 10:32:30,239.4,10028111
2021-05-18 10:32:31,239.35,10028775
2021-05-18 10:32:32,239.4,10029300
2021-05-18 10:32:33,239.4,10029353
2021-05-18 10:32:34,239.4,10029589
2021-05-18 10:32:35,239.45,10030099
2021-05-18 10:32:36,239.45,10031120
2021-05-18 10:32:37,239.4,10031921
2021-05-18 10:32:39,239.45,10033221
2021-05-18 10:32:40,239.4,10033615
2021-05-18 10:32:41,239.45,10033645
2021-05-18 10:32:42,239.45,10033736
2021-05-18 10:32:43,239.4,10035026
2021-05-18 10:32:44,239.45,10035526
2021-05-18 10:32:45,239.4,10035756
2021-05-18 10:32:46,239.4,10036199
2021-05-18 10:32:47,239.4,10036199
2021-05-18 10:32:48,239.45,10038398
2021-05-18 10:32:50,239.35,10038720
2021-05-18 10:32:50,239.4,10038730
2021-05-18 10:32:51,239.35,10045343
2021-05-18 10:32:52,239.45,10047579
2021-05-18 10:32:53,239.4,10048028
2021-05-18 10:32:54,239.45,10048370
2021-05-18 10:32:55,239.4,10050068
2021-05-18 10:32:56,239.4,10051048
2021-05-18 10:32:57,239.4,10051074
2021-05-18 10:32:58,239.4,10051089
2021-05-18 10:33:00,239.25,10102909
2021-05-18 10:33:00,239.2,10104099
2021-05-18 10:33:02,239.25,10105545
2021-05-18 10:33:03,239.15,10105684
2021-05-18 10:33:05,239.15,10108894
2021-05-18 10:33:07,239.25,10112951
2021-05-18 10:33:07,239.25,10112951
2021-05-18 10:33:08,239.0,10208629
2021-05-18 10:33:09,239.05,10223112
2021-05-18 10:33:10,239.0,10223966
2021-05-18 10:33:11,238.95,10231573
2021-05-18 10:33:12,238.95,10236071
2021-05-18 10:33:13,239.0,10239708
2021-05-18 10:33:15,238.95,10241674
2021-05-18 10:33:16,239.0,10243237
2021-05-18 10:33:17,239.0,10243318
2021-05-18 10:33:18,238.9,10246509
2021-05-18 10:33:19,238.9,10246513
2021-05-18 10:33:20,238.95,10247633
2021-05-18 10:33:21,238.9,10249140
2021-05-18 10:33:22,238.9,10249482
2021-05-18 10:33:24,238.85,10251108
2021-05-18 10:33:25,238.9,10256264
2021-05-18 10:33:26,238.95,10257628
2021-05-18 10:33:27,238.95,10258966
2021-05-18 10:33:28,238.85,10259928
2021-05-18 10:33:30,238.9,10261613
2021-05-18 10:33:31,238.8,10261713
2021-05-18 10:33:31,238.85,10262114
2021-05-18 10:33:32,238.8,10262868
2021-05-18 10:33:33,238.9,10263394
2021-05-18 10:33:34,238.9,10263748
2021-05-18 10:33:36,238.9,10264022
2021-05-18 10:33:37,238.95,10264559
2021-05-18 10:33:37,238.8,10264612
2021-05-18 10:33:38,238.8,10264725
2021-05-18 10:33:41,238.9,10269650
2021-05-18 10:33:43,238.9,10271271
2021-05-18 10:33:43,238.85,10271261
2021-05-18 10:33:44,238.9,10274572
2021-05-18 10:33:45,238.95,10278178
2021-05-18 10:33:46,238.9,10278757
2021-05-18 10:33:47,238.85,10279083
2021-05-18 10:33:49,238.9,10279592
2021-05-18 10:33:50,238.9,10279602
2021-05-18 10:33:50,238.9,10279602
2021-05-18 10:33:51,238.9,10280402
2021-05-18 10:33:52,238.85,10280678
2021-05-18 10:33:53,238.85,10280833
2021-05-18 10:33:54,238.9,10280924
2021-05-18 10:33:55,238.85,10282477
2021-05-18 10:33:56,238.85,10283762
2021-05-18 10:33:58,238.85,10284067
2021-05-18 10:33:58,238.9,10284072
2021-05-18 10:33:59,238.9,10284931
2021-05-18 10:34:00,238.85,10285100
2021-05-18 10:34:01,238.9,10285170
2021-05-18 10:34:02,238.85,10287399
2021-05-18 10:34:04,238.85,10288371
2021-05-18 10:34:04,238.95,10288411
2021-05-18 10:34:05,238.95,10289141
2021-05-18 10:34:06,238.9,10289731
2021-05-18 10:34:07,238.95,10289986
2021-05-18 10:34:09,238.9,10291366
2021-05-18 10:34:09,238.95,10291341
2021-05-18 10:34:10,238.85,10293270
2021-05-18 10:34:11,238.95,10293600
2021-05-18 10:34:12,238.85,10293826
2021-05-18 10:34:13,238.95,10296827
2021-05-18 10:34:15,238.85,10297273
2021-05-18 10:34:16,238.85,10297943
2021-05-18 10:34:17,238.9,10298080
2021-05-18 10:34:17,238.85,10298030
2021-05-18 10:34:18,238.9,10303148
2021-05-18 10:34:19,238.85,10327949
2021-05-18 10:34:21,238.85,10332752
2021-05-18 10:34:22,238.85,10334477
2021-05-18 10:34:23,238.9,10335097
2021-05-18 10:34:23,238.85,10335147
2021-05-18 10:34:24,238.85,10335997
2021-05-18 10:34:25,238.85,10338106
2021-05-18 10:34:26,238.85,10339538
2021-05-18 10:34:27,238.85,10341461
2021-05-18 10:34:29,238.85,10341645
2021-05-18 10:34:30,238.8,10341884
2021-05-18 10:34:30,238.8,10342084
2021-05-18 10:34:31,238.85,10342846
2021-05-18 10:34:32,238.85,10345804
2021-05-18 10:34:33,238.85,10350056
2021-05-18 10:34:34,238.8,10359633
2021-05-18 10:34:36,238.85,10360055
2021-05-18 10:34:37,238.8,10360428
2021-05-18 10:34:37,238.8,10360428
2021-05-18 10:34:38,238.8,10361328
2021-05-18 10:34:40,238.75,10365486
2021-05-18 10:34:42,238.75,10370168
2021-05-18 10:34:43,238.75,10370592
2021-05-18 10:34:43,238.75,10370592
2021-05-18 10:34:44,238.8,10392000
2021-05-18 10:34:45,238.8,10397187
2021-05-18 10:34:46,238.75,10404747
2021-05-18 10:34:47,238.75,10406796
2021-05-18 10:34:48,238.75,10408266
2021-05-18 10:34:49,238.8,10408400
2021-05-18 10:34:50,238.65,10434253
2021-05-18 10:34:51,238.8,10434583
2021-05-18 10:34:52,238.8,10434795
2021-05-18 10:34:53,238.8,10435469
2021-05-18 10:34:54,238.75,10440525
2021-05-18 10:34:55,238.65,10442648
2021-05-18 10:34:57,238.75,10443048
2021-05-18 10:34:58,238.8,10443209
2021-05-18 10:34:59,238.75,10443456
2021-05-18 10:35:00,238.75,10444667
2021-05-18 10:35:01,238.75,10446646
2021-05-18 10:35:01,238.75,10446646
2021-05-18 10:35:02,238.75,10446867
2021-05-18 10:35:03,238.75,10448466
2021-05-18 10:35:04,238.8,10448952
2021-05-18 10:35:05,238.8,10449272
2021-05-18 10:35:06,238.75,10449430
2021-05-18 10:35:07,238.75,10449532
2021-05-18 10:35:08,238.8,10449632
2021-05-18 10:35:09,238.8,10510265
2021-05-18 10:35:11,238.95,10524825
2021-05-18 10:35:12,238.95,10526837
2021-05-18 10:35:13,238.95,10542255
2021-05-18 10:35:13,239.05,10542455
2021-05-18 10:35:14,238.95,10542776
2021-05-18 10:35:15,238.8,10552240
2021-05-18 10:35:16,238.8,10552312
2021-05-18 10:35:17,238.8,10552567
2021-05-18 10:35:18,238.95,10553434
2021-05-18 10:35:20,238.95,10553670
2021-05-18 10:35:21,238.8,10553775
2021-05-18 10:35:23,238.8,10557462
2021-05-18 10:35:23,238.8,10557462
2021-05-18 10:35:24,238.9,10558113
2021-05-18 10:35:25,238.85,10562021
2021-05-18 10:35:26,238.9,10562250
2021-05-18 10:35:27,238.8,10562329
2021-05-18 10:35:29,238.9,10563236
2021-05-18 10:35:30,238.9,10563900
2021-05-18 10:35:31,238.8,10564248
2021-05-18 10:35:31,238.8,10564278
2021-05-18 10:35:32,238.9,10564288
2021-05-18 10:35:33,238.8,10565459
2021-05-18 10:35:34,238.8,10567920
2021-05-18 10:35:35,238.9,10568788
2021-05-18 10:35:39,238.85,10577769
2021-05-18 10:35:40,238.8,10578761
2021-05-18 10:35:40,238.9,10578728
2021-05-18 10:35:41,238.8,10578871
2021-05-18 10:35:42,238.8,10587684
2021-05-18 10:35:43,238.75,10590591
2021-05-18 10:35:44,238.75,10591255
2021-05-18 10:35:45,238.8,10591345
2021-05-18 10:35:47,238.8,10591724
2021-05-18 10:35:48,238.95,10592372
2021-05-18 10:35:49,238.8,10593058
2021-05-18 10:35:49,238.8,10593917
2021-05-18 10:35:50,238.95,10594208
2021-05-18 10:35:51,238.85,10594356
2021-05-18 10:35:53,238.8,10594399
2021-05-18 10:35:54,238.8,10595193
2021-05-18 10:35:55,238.85,10596216
2021-05-18 10:35:56,238.75,10597379
2021-05-18 10:35:57,238.8,10597648
2021-05-18 10:35:58,238.75,10599026
2021-05-18 10:35:58,238.75,10598800
2021-05-18 10:35:59,238.85,10599651
2021-05-18 10:36:00,238.75,10600204
2021-05-18 10:36:01,238.75,10600622
2021-05-18 10:36:02,238.75,10601569
2021-05-18 10:36:03,238.8,10611925
2021-05-18 10:36:04,238.7,10613137
2021-05-18 10:36:05,238.65,10616170
2021-05-18 10:36:07,238.7,10617118
2021-05-18 10:36:08,238.8,10620581
2021-05-18 10:36:09,238.65,10622278
2021-05-18 10:36:09,238.7,10622523
2021-05-18 10:36:10,238.7,10623547
2021-05-18 10:36:11,238.65,10626763
2021-05-18 10:36:12,238.65,10626923
2021-05-18 10:36:13,238.6,10627285
2021-05-18 10:36:14,238.6,10627577
2021-05-18 10:36:15,238.65,10627942
2021-05-18 10:36:16,238.65,10628870
2021-05-18 10:36:17,238.6,10630318
2021-05-18 10:36:18,238.6,10631223
2021-05-18 10:36:19,238.75,10634525
2021-05-18 10:36:21,238.55,10635732
2021-05-18 10:36:22,238.65,10636831
2021-05-18 10:36:23,238.55,10637913
2021-05-18 10:36:24,238.65,10639371
2021-05-18 10:36:25,238.55,10645890
2021-05-18 10:36:26,238.6,10648360
2021-05-18 10:36:26,238.55,10648094
2021-05-18 10:36:27,238.65,10649533
2021-05-18 10:36:28,238.6,10649852
2021-05-18 10:36:29,238.6,10651968
2021-05-18 10:36:30,238.65,10653702
2021-05-18 10:36:31,238.55,10655588
2021-05-18 10:36:32,238.55,10655779
2021-05-18 10:36:33,238.6,10656095
2021-05-18 10:36:34,238.5,10693657
2021-05-18 10:36:35,238.35,10717670
2021-05-18 10:36:36,238.4,10721051
2021-05-18 10:36:37,238.35,10721508
2021-05-18 10:36:38,238.35,10724655
2021-05-18 10:36:40,238.35,10724757
2021-05-18 10:36:41,238.5,10725758
2021-05-18 10:36:42,238.35,10726554
2021-05-18 10:36:43,238.35,10727985
2021-05-18 10:36:44,238.35,10729015
2021-05-18 10:36:45,238.35,10729992
2021-05-18 10:36:46,238.35,10730862
2021-05-18 10:36:47,238.3,10732605
2021-05-18 10:36:48,238.3,10738328
2021-05-18 10:36:49,238.3,10739688
2021-05-18 10:36:50,238.35,10741174
2021-05-18 10:36:51,238.35,10743404
2021-05-18 10:36:52,238.45,10749585
2021-05-18 10:36:53,238.35,10753949
2021-05-18 10:36:53,238.3,10754949
2021-05-18 10:36:54,238.3,10759765
2021-05-18 10:36:55,238.3,10759806
2021-05-18 10:36:56,238.3,10765458
2021-05-18 10:36:57,238.45,10770094
2021-05-18 10:36:58,238.3,10771414
2021-05-18 10:36:59,238.25,10771951
2021-05-18 10:37:00,238.25,10774697
2021-05-18 10:37:01,238.2,10778813
2021-05-18 10:37:02,238.2,10782402
2021-05-18 10:37:03,238.25,10786340
2021-05-18 10:37:05,238.25,10788468
2021-05-18 10:37:06,238.25,10790861
2021-05-18 10:37:07,238.25,10791060
2021-05-18 10:37:08,238.3,10792231
2021-05-18 10:37:09,238.25,10792534
2021-05-18 10:37:10,238.3,10793699
2021-05-18 10:37:11,238.25,10794389
2021-05-18 10:37:12,238.2,10796166
2021-05-18 10:37:13,238.3,10797386
2021-05-18 10:37:14,238.2,10798033
2021-05-18 10:37:15,238.25,10799331
2021-05-18 10:37:16,238.3,10799797
2021-05-18 10:37:16,238.3,10800727
2021-05-18 10:37:17,238.35,10802492
2021-05-18 10:37:18,238.35,10803103
2021-05-18 10:37:20,238.45,10866229
2021-05-18 10:37:21,238.65,10870929
2021-05-18 10:37:22,238.7,10874019
2021-05-18 10:37:23,238.45,10877622
2021-05-18 10:37:24,238.45,10878857
2021-05-18 10:37:25,238.45,10879543
2021-05-18 10:37:27,238.5,10880623
2021-05-18 10:37:28,238.55,10880693
2021-05-18 10:37:29,238.5,10881259
2021-05-18 10:37:30,238.5,10881850
2021-05-18 10:37:31,238.5,10882159
2021-05-18 10:37:32,238.5,10883512
2021-05-18 10:37:34,238.5,10883692
2021-05-18 10:37:34,238.55,10883862
2021-05-18 10:37:35,238.5,10884245
2021-05-18 10:37:36,238.55,10885292
2021-05-18 10:37:37,238.5,10885963
2021-05-18 10:37:38,238.6,10886456
2021-05-18 10:37:39,238.5,10886504
2021-05-18 10:37:41,238.55,10886609
2021-05-18 10:37:42,238.55,10886714
2021-05-18 10:37:43,238.65,10889110
2021-05-18 10:37:43,238.65,10889480
2021-05-18 10:37:44,238.7,10890660
2021-05-18 10:37:45,238.6,10890799
2021-05-18 10:37:46,238.7,10890954
2021-05-18 10:37:47,238.75,10893122
2021-05-18 10:37:48,238.6,10893371
2021-05-18 10:37:49,238.65,10893596
2021-05-18 10:37:51,238.65,10893765
2021-05-18 10:37:52,238.7,10894211
2021-05-18 10:37:54,238.75,10895236
2021-05-18 10:37:55,238.6,10895547
2021-05-18 10:37:56,238.75,10896499
2021-05-18 10:37:56,238.7,10895852
2021-05-18 10:37:57,238.55,10899664
2021-05-18 10:37:58,238.65,10900081
2021-05-18 10:37:59,238.75,10900381
2021-05-18 10:38:00,238.75,10900649
2021-05-18 10:38:01,238.65,10901115
2021-05-18 10:38:02,238.7,10902364
2021-05-18 10:38:03,238.65,10947022
2021-05-18 10:38:04,238.6,10952266
2021-05-18 10:38:06,238.6,10956782
2021-05-18 10:38:07,238.6,10957771
2021-05-18 10:38:08,238.6,10958145
2021-05-18 10:38:09,238.6,10958191
2021-05-18 10:38:10,238.6,10959564
2021-05-18 10:38:11,238.5,10960944
2021-05-18 10:38:12,238.45,10963805
2021-05-18 10:38:13,238.45,10964550
2021-05-18 10:38:14,238.4,10966795
2021-05-18 10:38:14,238.4,10967455
2021-05-18 10:38:15,238.4,10967946
2021-05-18 10:38:16,238.45,10974030
2021-05-18 10:38:17,238.4,10974349
2021-05-18 10:38:19,238.45,10974950
2021-05-18 10:38:20,238.45,10975095
2021-05-18 10:38:21,238.6,10979759
2021-05-18 10:38:23,238.5,10985929
2021-05-18 10:38:23,238.55,10985341
2021-05-18 10:38:24,238.55,10986044
2021-05-18 10:38:25,238.5,10986187
2021-05-18 10:38:26,238.5,10986221
2021-05-18 10:38:28,238.5,10986336
2021-05-18 10:38:29,238.55,10986530
2021-05-18 10:38:30,238.55,10987428
2021-05-18 10:38:31,238.55,10988075
2021-05-18 10:38:32,238.5,10988389
2021-05-18 10:38:33,238.6,10989190
2021-05-18 10:38:33,238.5,10989276
2021-05-18 10:38:34,238.55,10989398
2021-05-18 10:38:35,238.6,10989420
2021-05-18 10:38:36,238.55,10990015
2021-05-18 10:38:38,238.6,10990133
2021-05-18 10:38:39,238.55,10990686
2021-05-18 10:38:40,238.55,10990754
2021-05-18 10:38:40,238.55,10991005
2021-05-18 10:38:41,238.6,10991536
2021-05-18 10:38:42,238.5,10991975
2021-05-18 10:38:44,238.5,10992017
2021-05-18 10:38:45,238.5,10993447
2021-05-18 10:38:46,238.5,10993656
2021-05-18 10:38:47,238.6,10993665
2021-05-18 10:38:48,238.5,10994430
2021-05-18 10:38:49,238.5,10995202
2021-05-18 10:38:51,238.6,10996407
2021-05-18 10:38:52,238.5,10997307
2021-05-18 10:38:52,238.5,10997413
2021-05-18 10:38:53,238.55,10998013
2021-05-18 10:38:55,238.6,10998585
2021-05-18 10:38:56,238.6,10998585
2021-05-18 10:38:57,238.6,10998839
2021-05-18 10:38:58,238.6,10998871
2021-05-18 10:38:59,238.5,11000541
2021-05-18 10:39:00,238.6,11000891
2021-05-18 10:39:01,238.5,11000932
2021-05-18 10:39:02,238.5,11001032
2021-05-18 10:39:03,238.6,11001083
2021-05-18 10:39:04,238.55,11003145
2021-05-18 10:39:05,238.55,11003399
2021-05-18 10:39:06,238.5,11003409
2021-05-18 10:39:08,238.75,11012365
2021-05-18 10:39:09,238.75,11013955
2021-05-18 10:39:10,238.65,11014072
2021-05-18 10:39:11,238.65,11014072
2021-05-18 10:39:11,238.65,11014072
2021-05-18 10:39:13,238.75,11014076
2021-05-18 10:39:14,238.75,11014289
2021-05-18 10:39:15,238.65,11015469
2021-05-18 10:39:16,238.65,11015819
2021-05-18 10:39:17,238.75,11015918
2021-05-18 10:39:17,238.75,11015918
2021-05-18 10:39:18,238.75,11016022
2021-05-18 10:39:20,238.75,11016348
2021-05-18 10:39:21,238.7,11016492
2021-05-18 10:39:22,238.7,11016585
2021-05-18 10:39:23,238.7,11016706
2021-05-18 10:39:24,238.75,11016932
2021-05-18 10:39:24,238.7,11016957
2021-05-18 10:39:25,238.7,11017263
2021-05-18 10:39:26,238.7,11022947
2021-05-18 10:39:28,238.9,11025617
2021-05-18 10:39:29,238.7,11026513
2021-05-18 10:39:30,238.7,11026588
2021-05-18 10:39:31,238.85,11026947
2021-05-18 10:39:32,238.75,11026987
2021-05-18 10:39:33,238.75,11029023
2021-05-18 10:39:33,238.75,11029236
2021-05-18 10:39:34,238.85,11029240
2021-05-18 10:39:35,238.8,11030736
2021-05-18 10:39:36,238.8,11032644
2021-05-18 10:39:38,238.85,11034039
2021-05-18 10:39:39,238.85,11034816
2021-05-18 10:39:39,238.75,11034887
2021-05-18 10:39:40,238.8,11035859
2021-05-18 10:39:41,238.9,11036372
2021-05-18 10:39:43,238.8,11036467
2021-05-18 10:39:44,238.8,11037390
2021-05-18 10:39:45,238.85,11037625
2021-05-18 10:39:46,238.8,11037692
2021-05-18 10:39:47,238.85,11038296
2021-05-18 10:39:48,238.85,11044256
2021-05-18 10:39:49,238.85,11044949
2021-05-18 10:39:50,238.95,11047875
2021-05-18 10:39:50,238.95,11047480
2021-05-18 10:39:52,238.95,11049087
2021-05-18 10:39:53,238.85,11049512
2021-05-18 10:39:53,238.85,11049483
2021-05-18 10:39:55,238.85,11051735
2021-05-18 10:39:56,238.95,11053982
2021-05-18 10:39:57,238.95,11056498
2021-05-18 10:39:58,238.85,11056813
2021-05-18 10:39:59,238.9,11056850
2021-05-18 10:40:00,238.95,11059080
2021-05-18 10:40:01,238.85,11059632
2021-05-18 10:40:01,238.85,11059778
2021-05-18 10:40:02,238.95,11063339
2021-05-18 10:40:03,238.95,11067521
2021-05-18 10:40:05,238.95,11069660
2021-05-18 10:40:06,239.0,11071133
2021-05-18 10:40:07,238.95,11072455
2021-05-18 10:40:08,238.95,11072791
2021-05-18 10:40:09,239.0,11073609
2021-05-18 10:40:11,238.95,11074708
2021-05-18 10:40:12,238.95,11079257
2021-05-18 10:40:13,239.0,11080350
2021-05-18 10:40:14,239.0,11080526
2021-05-18 10:40:15,239.0,11080639
2021-05-18 10:40:16,238.9,11081150
2021-05-18 10:40:17,238.95,11081564
2021-05-18 10:40:18,238.95,11081607
2021-05-18 10:40:19,239.0,11082302
2021-05-18 10:40:19,239.0,11082799
2021-05-18 10:40:20,239.0,11084655
2021-05-18 10:40:21,238.95,11084895
2021-05-18 10:40:23,239.0,11085341
2021-05-18 10:40:24,239.0,11090105
2021-05-18 10:40:25,239.0,11092629
2021-05-18 10:40:26,239.0,11097186
2021-05-18 10:40:27,238.9,11100685
2021-05-18 10:40:28,238.9,11102959
2021-05-18 10:40:30,239.0,11103535
2021-05-18 10:40:31,238.9,11103792
2021-05-18 10:40:32,239.0,11103879
2021-05-18 10:40:33,239.0,11105006
2021-05-18 10:40:33,239.0,11106804
2021-05-18 10:40:34,239.0,11107121
2021-05-18 10:40:35,239.2,11114254
2021-05-18 10:40:37,239.05,11114826
2021-05-18 10:40:38,239.0,11116600
2021-05-18 10:40:39,239.15,11117194
2021-05-18 10:40:40,239.0,11117240
2021-05-18 10:40:41,239.05,11117882
2021-05-18 10:40:42,239.1,11118064
2021-05-18 10:40:43,239.25,11121434
2021-05-18 10:40:44,239.25,11123569
2021-05-18 10:40:45,239.1,11125347
2021-05-18 10:40:47,239.2,11128093
2021-05-18 10:40:48,239.15,11128326
2021-05-18 10:40:49,239.15,11128394
2021-05-18 10:40:50,239.1,11128444
2021-05-18 10:40:51,239.1,11131516
2021-05-18 10:40:52,239.15,11131926
2021-05-18 10:40:53,239.15,11133041
2021-05-18 10:40:54,239.2,11133554
2021-05-18 10:40:55,239.1,11134309
2021-05-18 10:40:56,239.2,11134668
2021-05-18 10:40:57,239.2,11136357
2021-05-18 10:40:58,239.1,11137968
2021-05-18 10:40:59,239.2,11144679
2021-05-18 10:41:00,239.2,11145958
2021-05-18 10:41:01,239.3,11149335
2021-05-18 10:41:02,239.15,11153158
2021-05-18 10:41:03,239.25,11154369
2021-05-18 10:41:04,239.25,11155118
2021-05-18 10:41:05,239.15,11155578
2021-05-18 10:41:06,239.15,11165069
2021-05-18 10:41:07,239.1,11165070
2021-05-18 10:41:08,239.1,11165888
2021-05-18 10:41:09,239.15,11167602
2021-05-18 10:41:10,239.15,11170803
2021-05-18 10:41:11,239.1,11171253
2021-05-18 10:41:12,239.1,11171316
2021-05-18 10:41:13,239.15,11171816
2021-05-18 10:41:14,239.15,11173531
2021-05-18 10:41:15,239.1,11173931
2021-05-18 10:41:16,239.1,11178018
2021-05-18 10:41:17,239.2,11179091
2021-05-18 10:41:18,239.1,11180190
2021-05-18 10:41:19,239.2,11180525
2021-05-18 10:41:20,239.1,11180649
2021-05-18 10:41:21,239.1,11180689
2021-05-18 10:41:22,239.2,11181389
2021-05-18 10:41:23,239.1,11181528
2021-05-18 10:41:24,239.1,11181532
2021-05-18 10:41:25,239.1,11182307
2021-05-18 10:41:26,239.15,11187398
2021-05-18 10:41:27,239.1,11188304
2021-05-18 10:41:28,239.15,11188604
2021-05-18 10:41:29,239.1,11192825
2021-05-18 10:41:30,239.15,11193330
2021-05-18 10:41:31,239.0,11193700
2021-05-18 10:41:32,239.0,11194757
2021-05-18 10:41:33,239.0,11220047
2021-05-18 10:41:34,238.9,11220105
2021-05-18 10:41:35,238.9,11225287
2021-05-18 10:41:36,239.0,11227519
2021-05-18 10:41:37,239.0,11227914
2021-05-18 10:41:38,239.0,11228465
2021-05-18 10:41:39,239.0,11228823
2021-05-18 10:41:40,238.95,11229784
2021-05-18 10:41:41,238.95,11233890
2021-05-18 10:41:42,239.0,11235869
2021-05-18 10:41:43,238.95,11236896
2021-05-18 10:41:44,239.0,11237452
2021-05-18 10:41:45,238.95,11237543
2021-05-18 10:41:46,238.95,11238080
2021-05-18 10:41:47,238.95,11238277
2021-05-18 10:41:48,238.95,11238828
2021-05-18 10:41:49,238.95,11247827
2021-05-18 10:41:50,238.85,11248095
2021-05-18 10:41:51,238.9,11249088
2021-05-18 10:41:52,238.85,11249746
2021-05-18 10:41:53,238.85,11249869
2021-05-18 10:41:54,238.85,11249921
2021-05-18 10:41:56,238.85,11250485
2021-05-18 10:41:57,238.95,11250986
2021-05-18 10:41:58,238.85,11251044
2021-05-18 10:41:59,238.8,11252097
2021-05-18 10:42:00,238.9,11252395
2021-05-18 10:42:01,239.0,11255739
2021-05-18 10:42:02,238.95,11256558
2021-05-18 10:42:03,238.9,11256826
2021-05-18 10:42:04,238.95,11261312
2021-05-18 10:42:05,238.85,11261808
2021-05-18 10:42:06,238.85,11261929
2021-05-18 10:42:07,238.9,11263632
2021-05-18 10:42:10,238.85,11268310
2021-05-18 10:42:11,238.85,11268520
2021-05-18 10:42:12,238.9,11269179
2021-05-18 10:42:13,238.85,11269270
2021-05-18 10:42:14,238.85,11270069
2021-05-18 10:42:15,238.85,11270302
2021-05-18 10:42:16,238.9,11272439
2021-05-18 10:42:17,238.8,11272669
2021-05-18 10:42:18,238.85,11272672
2021-05-18 10:42:19,238.9,11272912
2021-05-18 10:42:20,238.85,11273443
2021-05-18 10:42:21,238.8,11273951
2021-05-18 10:42:22,238.8,11274003
2021-05-18 10:42:23,238.85,11274103
2021-05-18 10:42:24,238.8,11274114
2021-05-18 10:42:25,238.8,11274766
2021-05-18 10:42:26,238.8,11274994
2021-05-18 10:42:27,238.8,11275011
2021-05-18 10:42:28,238.8,11275579
2021-05-18 10:42:29,238.8,11275762
2021-05-18 10:42:30,238.8,11275947
2021-05-18 10:42:31,238.8,11278112
2021-05-18 10:42:32,238.8,11278612
2021-05-18 10:42:33,238.9,11279258
2021-05-18 10:42:34,238.95,11298514
2021-05-18 10:42:35,238.95,11305847
2021-05-18 10:42:36,239.0,11306600
2021-05-18 10:42:37,239.0,11306872
2021-05-18 10:42:38,239.0,11306907
2021-05-18 10:42:39,238.95,11308674
2021-05-18 10:42:40,239.0,11309076
2021-05-18 10:42:41,238.9,11309845
2021-05-18 10:42:42,238.9,11310135
2021-05-18 10:42:43,238.9,11310757
2021-05-18 10:42:44,238.9,11310865
2021-05-18 10:42:45,238.9,11311086
2021-05-18 10:42:46,238.85,11311177
2021-05-18 10:42:47,238.85,11311493
2021-05-18 10:42:48,238.9,11311834
2021-05-18 10:42:49,238.9,11312046
2021-05-18 10:42:50,238.85,11312728
2021-05-18 10:42:51,238.85,11314211
2021-05-18 10:42:52,238.95,11315816
2021-05-18 10:42:53,238.95,11315986
2021-05-18 10:42:54,238.9,11316006
2021-05-18 10:42:55,239.0,11316118
2021-05-18 10:42:56,238.85,11317931
2021-05-18 10:42:57,238.85,11318132
2021-05-18 10:42:58,238.85,11318329
2021-05-18 10:42:59,238.85,11318472
2021-05-18 10:43:00,238.85,11319835
2021-05-18 10:43:01,238.85,11320015
2021-05-18 10:43:02,238.95,11320085
2021-05-18 10:43:03,238.95,11320156
2021-05-18 10:43:05,238.9,11322175
2021-05-18 10:43:06,238.85,11323274
2021-05-18 10:43:07,238.9,11323744
2021-05-18 10:43:08,238.8,11330249
2021-05-18 10:43:09,238.9,11332571
2021-05-18 10:43:10,238.85,11332849
2021-05-18 10:43:11,238.9,11333045
2021-05-18 10:43:12,238.8,11394668
2021-05-18 10:43:13,238.8,11399719
2021-05-18 10:43:14,238.75,11401472
2021-05-18 10:43:15,238.7,11401825
2021-05-18 10:43:16,238.7,11402291
2021-05-18 10:43:17,238.8,11402349
2021-05-18 10:43:18,238.7,11402582
2021-05-18 10:43:19,238.8,11402634
2021-05-18 10:43:20,238.9,11408800
2021-05-18 10:43:21,238.75,11409064
2021-05-18 10:43:23,238.75,11413204
2021-05-18 10:43:24,238.75,11413363
2021-05-18 10:43:25,238.7,11413861
2021-05-18 10:43:26,238.75,11413915
