timestamp,ltp,volume
2021-05-18 09:15:25,1981.3,182350
2021-05-18 09:15:26,1982.55,184075
2021-05-18 09:15:27,1982.45,185778
2021-05-18 09:15:28,1981.9,186038
2021-05-18 09:15:29,1981.9,186682
2021-05-18 09:15:30,1981.25,188020
2021-05-18 09:15:31,1981.45,189617
2021-05-18 09:15:32,1981.45,194843
2021-05-18 09:15:33,1981.45,195703
2021-05-18 09:15:34,1982.0,196540
2021-05-18 09:15:35,1981.0,200675
2021-05-18 09:15:36,1982.0,204278
2021-05-18 09:15:37,1980.9,205737
2021-05-18 09:15:38,1981.35,207949
2021-05-18 09:15:39,1980.9,211526
2021-05-18 09:15:40,1981.35,211715
2021-05-18 09:15:41,1981.0,213827
2021-05-18 09:15:42,1980.9,215132
2021-05-18 09:15:43,1981.0,215763
2021-05-18 09:15:44,1981.45,216446
2021-05-18 09:15:45,1981.75,218096
2021-05-18 09:15:47,1981.85,219778
2021-05-18 09:15:49,1982.35,221941
2021-05-18 09:15:48,1981.3,221678
2021-05-18 09:15:50,1981.5,222515
2021-05-18 09:15:51,1981.05,223454
2021-05-18 09:15:52,1980.45,225514
2021-05-18 09:15:53,1981.1,226331
2021-05-18 09:15:55,1981.5,226805
2021-05-18 09:15:55,1981.45,227101
2021-05-18 09:15:56,1980.65,227932
2021-05-18 09:15:57,1981.0,229279
2021-05-18 09:15:58,1982.0,231147
2021-05-18 09:16:00,1981.5,233819
2021-05-18 09:16:02,1981.5,234290
2021-05-18 09:16:02,1982.1,234300
2021-05-18 09:16:03,1981.95,235410
2021-05-18 09:16:04,1981.2,239625
2021-05-18 09:16:06,1979.75,251672
2021-05-18 09:16:08,1980.45,253218
2021-05-18 09:16:08,1980.35,252703
2021-05-18 09:16:09,1980.0,256448
2021-05-18 09:16:10,1980.0,257846
2021-05-18 09:16:11,1980.45,258479
2021-05-18 09:16:12,1980.05,260850
2021-05-18 09:16:13,1980.9,262011
2021-05-18 09:16:14,1981.8,262786
2021-05-18 09:16:16,1980.9,263174
2021-05-18 09:16:16,1981.3,263341
2021-05-18 09:16:17,1981.3,263525
2021-05-18 09:16:18,1981.0,264062
2021-05-18 09:16:19,1981.45,264547
2021-05-18 09:16:20,1980.6,264724
2021-05-18 09:16:22,1981.3,266126
2021-05-18 09:16:23,1980.9,269505
2021-05-18 09:16:24,1980.5,271659
2021-05-18 09:16:25,1980.3,272287
2021-05-18 09:16:26,1980.1,273181
2021-05-18 09:16:27,1980.15,273573
2021-05-18 09:16:28,1980.15,274257
2021-05-18 09:16:29,1980.15,275299
2021-05-18 09:16:31,1980.3,276278
2021-05-18 09:16:32,1980.9,276986
2021-05-18 09:16:33,1980.5,278027
2021-05-18 09:16:34,1980.9,278217
2021-05-18 09:16:35,1980.8,278879
2021-05-18 09:16:36,1980.85,279592
2021-05-18 09:16:36,1980.0,280290
2021-05-18 09:16:37,1981.0,280782
2021-05-18 09:16:38,1980.15,281169
2021-05-18 09:16:39,1980.15,281872
2021-05-18 09:16:40,1980.3,282097
2021-05-18 09:16:41,1980.7,282460
2021-05-18 09:16:42,1979.55,286137
2021-05-18 09:16:43,1979.8,289235
2021-05-18 09:16:44,1979.55,291206
2021-05-18 09:16:45,1979.55,292571
2021-05-18 09:16:46,1980.15,292874
2021-05-18 09:16:48,1980.0,293240
2021-05-18 09:16:48,1980.0,294864
2021-05-18 09:16:49,1980.15,295285
2021-05-18 09:16:50,1980.0,295747
2021-05-18 09:16:51,1980.05,296992
2021-05-18 09:16:52,1980.0,297810
2021-05-18 09:16:53,1980.0,298533
2021-05-18 09:16:55,1980.25,299456
2021-05-18 09:16:55,1979.55,299877
2021-05-18 09:16:56,1980.0,300947
2021-05-18 09:16:57,1979.55,301216
2021-05-18 09:16:58,1979.65,302371
2021-05-18 09:16:59,1978.9,303411
2021-05-18 09:17:02,1979.1,305260
2021-05-18 09:17:03,1980.0,305748
2021-05-18 09:17:03,1979.2,306251
2021-05-18 09:17:04,1980.0,306853
2021-05-18 09:17:05,1979.85,308685
2021-05-18 09:17:06,1978.9,309620
2021-05-18 09:17:07,1979.3,310198
2021-05-18 09:17:08,1979.75,311452
2021-05-18 09:17:09,1978.95,311812
2021-05-18 09:17:11,1979.05,312539
2021-05-18 09:17:12,1979.1,313032
2021-05-18 09:17:13,1979.0,313562
2021-05-18 09:17:14,1979.0,314332
2021-05-18 09:17:16,1979.6,315731
2021-05-18 09:17:16,1979.1,315742
2021-05-18 09:17:17,1979.1,316046
2021-05-18 09:17:18,1979.25,317275
2021-05-18 09:17:19,1979.25,318119
2021-05-18 09:17:20,1979.65,318383
2021-05-18 09:17:22,1979.65,318925
2021-05-18 09:17:23,1979.0,319474
2021-05-18 09:17:24,1979.25,319934
2021-05-18 09:17:26,1978.45,320447
2021-05-18 09:17:26,1979.25,320605
2021-05-18 09:17:27,1979.1,321601
2021-05-18 09:17:28,1978.9,322343
2021-05-18 09:17:29,1979.0,323754
2021-05-18 09:17:30,1978.4,324022
2021-05-18 09:17:31,1978.0,324621
2021-05-18 09:17:32,1977.65,326473
2021-05-18 09:17:33,1978.05,326875
2021-05-18 09:17:35,1977.65,327227
2021-05-18 09:17:36,1977.4,327418
2021-05-18 09:17:36,1977.05,327416
2021-05-18 09:17:37,1978.25,330292
2021-05-18 09:17:38,1978.3,331850
2021-05-18 09:17:39,1977.2,332023
2021-05-18 09:17:40,1977.15,332620
2021-05-18 09:17:41,1977.0,334068
2021-05-18 09:17:43,1976.8,334586
2021-05-18 09:17:44,1977.0,340409
2021-05-18 09:17:45,1976.8,341121
2021-05-18 09:17:49,1977.15,342794
2021-05-18 09:17:49,1976.55,342894
2021-05-18 09:17:50,1976.3,343121
2021-05-18 09:17:51,1976.95,344786
2021-05-18 09:17:52,1976.0,345779
2021-05-18 09:17:54,1976.45,346096
2021-05-18 09:17:54,1976.0,346580
2021-05-18 09:17:55,1976.9,347308
2021-05-18 09:17:56,1976.85,347595
2021-05-18 09:17:57,1977.0,349800
2021-05-18 09:17:59,1977.5,350067
2021-05-18 09:18:00,1976.9,350618
2021-05-18 09:18:01,1976.95,351356
2021-05-18 09:18:01,1977.0,351422
2021-05-18 09:18:02,1976.15,353418
2021-05-18 09:18:03,1975.3,361025
2021-05-18 09:18:05,1975.95,362245
2021-05-18 09:18:06,1975.1,362607
2021-05-18 09:18:07,1975.0,363314
2021-05-18 09:18:07,1974.75,363324
2021-05-18 09:18:09,1974.95,364513
2021-05-18 09:18:12,1974.8,367156
2021-05-18 09:18:12,1975.0,367665
2021-05-18 09:18:13,1974.75,368134
2021-05-18 09:18:14,1975.0,368539
2021-05-18 09:18:16,1974.85,370756
2021-05-18 09:18:17,1975.35,371724
2021-05-18 09:18:18,1975.15,372044
2021-05-18 09:18:19,1975.65,374894
2021-05-18 09:18:20,1976.1,377614
2021-05-18 09:18:21,1976.4,377989
2021-05-18 09:18:23,1977.7,381406
2021-05-18 09:18:25,1977.8,382955
2021-05-18 09:18:26,1977.75,383122
2021-05-18 09:18:27,1977.5,383397
2021-05-18 09:18:27,1977.5,383397
2021-05-18 09:18:28,1977.95,383554
2021-05-18 09:18:29,1977.75,384104
2021-05-18 09:18:31,1977.75,384725
2021-05-18 09:18:32,1977.95,385007
2021-05-18 09:18:33,1977.95,386429
2021-05-18 09:18:34,1978.4,387602
2021-05-18 09:18:34,1978.55,387652
2021-05-18 09:18:35,1978.65,388080
2021-05-18 09:18:36,1978.0,388574
2021-05-18 09:18:38,1978.35,388771
2021-05-18 09:18:39,1979.0,389061
2021-05-18 09:18:39,1979.0,389061
2021-05-18 09:18:40,1978.45,389358
2021-05-18 09:18:41,1978.0,389560
2021-05-18 09:18:42,1978.9,389738
2021-05-18 09:18:44,1978.2,389930
2021-05-18 09:18:45,1978.2,390174
2021-05-18 09:18:46,1978.15,392169
2021-05-18 09:18:47,1978.9,392597
2021-05-18 09:18:47,1978.1,392623
2021-05-18 09:18:48,1978.15,392899
2021-05-18 09:18:49,1977.75,393495
2021-05-18 09:18:51,1978.15,393777
2021-05-18 09:18:52,1977.5,394340
2021-05-18 09:18:52,1977.85,394350
2021-05-18 09:18:53,1977.4,396310
2021-05-18 09:18:54,1977.3,396849
2021-05-18 09:18:56,1976.95,398359
2021-05-18 09:18:57,1977.55,399058
2021-05-18 09:18:58,1977.05,399131
2021-05-18 09:18:58,1977.55,399356
2021-05-18 09:18:59,1976.9,399936
2021-05-18 09:19:00,1977.5,400027
2021-05-18 09:19:02,1977.6,400578
2021-05-18 09:19:03,1976.7,403001
2021-05-18 09:19:03,1977.1,402565
2021-05-18 09:19:04,1977.45,403265
2021-05-18 09:19:05,1977.0,404272
2021-05-18 09:19:06,1976.6,406327
2021-05-18 09:19:08,1977.0,407016
2021-05-18 09:19:09,1977.15,407878
2021-05-18 09:19:09,1977.4,408366
2021-05-18 09:19:10,1976.9,409170
2021-05-18 09:19:11,1976.7,409622
2021-05-18 09:19:13,1977.3,409909
2021-05-18 09:19:14,1977.0,410734
2021-05-18 09:19:14,1977.0,410774
2021-05-18 09:19:15,1976.9,411083
2021-05-18 09:19:16,1977.4,411761
2021-05-18 09:19:19,1976.9,412220
2021-05-18 09:19:19,1976.9,412220
2021-05-18 09:19:20,1976.65,412617
2021-05-18 09:19:21,1976.9,412927
2021-05-18 09:19:22,1976.05,413322
2021-05-18 09:19:24,1976.15,413666
2021-05-18 09:19:25,1976.7,413926
2021-05-18 09:19:26,1976.15,414068
2021-05-18 09:19:26,1976.75,414269
2021-05-18 09:19:27,1976.35,414432
2021-05-18 09:19:28,1976.15,414938
2021-05-18 09:19:29,1976.15,415018
2021-05-18 09:19:31,1976.1,415606
2021-05-18 09:19:32,1976.7,415803
2021-05-18 09:19:33,1976.0,416123
2021-05-18 09:19:33,1976.0,416541
2021-05-18 09:19:34,1976.0,417597
2021-05-18 09:19:35,1976.3,417851
2021-05-18 09:19:36,1976.3,418167
2021-05-18 09:19:38,1975.75,418393
2021-05-18 09:19:39,1975.35,419576
2021-05-18 09:19:39,1975.8,419577
2021-05-18 09:19:40,1976.05,419679
2021-05-18 09:19:41,1975.8,420111
2021-05-18 09:19:43,1975.15,420788
2021-05-18 09:19:44,1975.05,421010
2021-05-18 09:19:45,1975.75,421778
2021-05-18 09:19:45,1975.0,421798
2021-05-18 09:19:46,1975.35,422129
2021-05-18 09:19:47,1975.65,422258
2021-05-18 09:19:48,1975.0,422938
2021-05-18 09:19:50,1975.15,423559
2021-05-18 09:19:51,1975.5,424849
2021-05-18 09:19:52,1975.35,425333
2021-05-18 09:19:53,1975.05,425619
2021-05-18 09:19:54,1975.15,426063
2021-05-18 09:19:56,1975.1,426653
2021-05-18 09:19:57,1975.2,430994
2021-05-18 09:19:58,1975.0,431316
2021-05-18 09:19:58,1974.75,431536
2021-05-18 09:19:59,1975.0,432113
2021-05-18 09:20:00,1974.25,433012
2021-05-18 09:20:02,1974.3,433545
2021-05-18 09:20:03,1975.0,435019
2021-05-18 09:20:03,1974.25,435264
2021-05-18 09:20:04,1974.65,435504
2021-05-18 09:20:05,1974.3,435561
2021-05-18 09:20:06,1974.3,435623
2021-05-18 09:20:08,1975.0,435840
2021-05-18 09:20:09,1974.65,435909
2021-05-18 09:20:10,1974.9,436221
2021-05-18 09:20:10,1974.85,436400
2021-05-18 09:20:11,1974.65,436772
2021-05-18 09:20:12,1974.4,437304
2021-05-18 09:20:13,1975.5,439619
2021-05-18 09:20:15,1976.7,440402
2021-05-18 09:20:16,1976.15,442571
2021-05-18 09:20:17,1977.1,444379
2021-05-18 09:20:17,1977.4,444785
2021-05-18 09:20:18,1977.45,445626
2021-05-18 09:20:19,1977.6,446107
2021-05-18 09:20:20,1977.55,446847
2021-05-18 09:20:22,1977.65,447286
2021-05-18 09:20:23,1978.0,448963
2021-05-18 09:20:24,1978.25,449938
2021-05-18 09:20:25,1977.3,450557
2021-05-18 09:20:26,1977.45,451014
2021-05-18 09:20:28,1977.15,451505
2021-05-18 09:20:29,1977.75,451871
2021-05-18 09:20:30,1977.7,452126
2021-05-18 09:20:31,1977.7,452686
2021-05-18 09:20:31,1977.6,452559
2021-05-18 09:20:32,1977.2,452930
2021-05-18 09:20:34,1977.5,454291
2021-05-18 09:20:35,1975.5,456285
2021-05-18 09:20:36,1976.05,456733
2021-05-18 09:20:37,1976.05,456857
2021-05-18 09:20:37,1975.35,456867
2021-05-18 09:20:38,1976.0,457083
2021-05-18 09:20:40,1976.25,457532
2021-05-18 09:20:41,1975.6,457749
2021-05-18 09:20:42,1975.3,457784
2021-05-18 09:20:42,1975.3,457784
2021-05-18 09:20:43,1975.3,457798
2021-05-18 09:20:44,1975.3,460813
2021-05-18 09:20:46,1975.0,461869
2021-05-18 09:20:47,1974.65,461973
2021-05-18 09:20:48,1975.55,463226
2021-05-18 09:20:48,1975.15,463228
2021-05-18 09:20:50,1975.85,463998
2021-05-18 09:20:51,1975.85,464113
2021-05-18 09:20:52,1975.85,464529
2021-05-18 09:20:53,1975.85,464794
2021-05-18 09:20:54,1975.3,465113
2021-05-18 09:20:55,1975.85,466790
2021-05-18 09:20:57,1976.15,467242
2021-05-18 09:20:58,1976.2,467453
2021-05-18 09:20:59,1977.05,468037
2021-05-18 09:21:00,1977.3,468750
2021-05-18 09:21:01,1977.7,469025
2021-05-18 09:21:02,1977.4,469766
2021-05-18 09:21:03,1979.0,470923
2021-05-18 09:21:05,1979.1,473609
2021-05-18 09:21:06,1979.35,473955
2021-05-18 09:21:07,1979.05,474509
2021-05-18 09:21:08,1978.6,474725
2021-05-18 09:21:09,1978.6,475071
2021-05-18 09:21:10,1978.6,475331
2021-05-18 09:21:11,1978.6,475570
2021-05-18 09:21:12,1978.75,475662
2021-05-18 09:21:13,1978.6,475956
2021-05-18 09:21:14,1978.6,476587
2021-05-18 09:21:15,1978.6,476837
2021-05-18 09:21:16,1978.8,477025
2021-05-18 09:21:17,1978.8,477898
2021-05-18 09:21:18,1978.6,478169
2021-05-18 09:21:19,1978.2,478345
2021-05-18 09:21:20,1978.1,478418
2021-05-18 09:21:22,1978.45,478702
2021-05-18 09:21:23,1978.6,478885
2021-05-18 09:21:24,1978.45,478984
2021-05-18 09:21:25,1978.15,479305
2021-05-18 09:21:26,1978.4,479705
2021-05-18 09:21:27,1978.15,479726
2021-05-18 09:21:28,1977.5,479877
2021-05-18 09:21:29,1977.5,480042
2021-05-18 09:21:31,1977.3,481477
2021-05-18 09:21:33,1977.6,481993
2021-05-18 09:21:35,1977.75,482029
2021-05-18 09:21:36,1977.75,482125
2021-05-18 09:21:37,1977.4,482289
2021-05-18 09:21:38,1977.85,482667
2021-05-18 09:21:39,1977.7,482669
2021-05-18 09:21:41,1978.0,483012
2021-05-18 09:21:42,1978.0,483200
2021-05-18 09:21:43,1977.85,483362
2021-05-18 09:21:44,1977.85,483417
2021-05-18 09:21:45,1977.85,483491
2021-05-18 09:21:46,1977.85,483631
2021-05-18 09:21:47,1977.65,484129
2021-05-18 09:21:48,1977.8,484617
2021-05-18 09:21:49,1977.45,484776
2021-05-18 09:21:51,1977.85,484967
2021-05-18 09:21:52,1977.25,485117
2021-05-18 09:21:53,1977.85,485303
2021-05-18 09:21:55,1978.1,487429
2021-05-18 09:21:58,1977.25,487527
2021-05-18 09:21:59,1977.7,487552
2021-05-18 09:22:10,1977.75,491307
2021-05-18 09:22:11,1977.35,492012
2021-05-18 09:22:12,1977.5,492672
2021-05-18 09:22:14,1977.25,492862
2021-05-18 09:22:15,1977.4,492885
2021-05-18 09:22:16,1976.75,493366
2021-05-18 09:22:17,1977.5,493466
2021-05-18 09:22:18,1977.0,493612
2021-05-18 09:22:19,1977.5,493644
2021-05-18 09:22:20,1977.5,494934
2021-05-18 09:22:21,1978.0,495027
2021-05-18 09:22:22,1977.7,495194
2021-05-18 09:22:23,1977.7,495300
2021-05-18 09:22:24,1978.0,495316
2021-05-18 09:22:25,1977.3,495422
2021-05-18 09:22:26,1977.55,495541
2021-05-18 09:22:27,1977.35,495663
2021-05-18 09:22:28,1977.4,495743
2021-05-18 09:22:29,1977.4,495757
2021-05-18 09:22:30,1977.65,496048
2021-05-18 09:22:31,1977.75,496259
2021-05-18 09:22:32,1978.25,496903
2021-05-18 09:22:33,1977.8,496980
2021-05-18 09:22:34,1978.3,497258
2021-05-18 09:22:35,1978.05,497300
2021-05-18 09:22:36,1978.5,497919
2021-05-18 09:22:37,1978.45,497951
2021-05-18 09:22:38,1978.0,498097
2021-05-18 09:22:39,1978.0,498234
2021-05-18 09:22:40,1977.95,498439
2021-05-18 09:22:41,1977.6,498649
2021-05-18 09:22:42,1977.5,498787
2021-05-18 09:22:43,1977.65,499335
2021-05-18 09:22:44,1978.0,499394
2021-05-18 09:22:46,1977.5,499834
2021-05-18 09:22:47,1977.6,499921
2021-05-18 09:22:48,1977.9,500010
2021-05-18 09:22:49,1977.5,500127
2021-05-18 09:22:50,1977.05,500239
2021-05-18 09:22:51,1977.05,500256
2021-05-18 09:22:52,1976.5,500579
2021-05-18 09:22:53,1976.9,500591
2021-05-18 09:22:54,1977.0,500601
2021-05-18 09:22:55,1977.0,500823
2021-05-18 09:22:56,1977.0,500830
2021-05-18 09:22:57,1976.3,501057
2021-05-18 09:22:58,1976.75,501226
2021-05-18 09:22:59,1976.8,501329
2021-05-18 09:23:00,1976.75,501547
2021-05-18 09:23:02,1976.75,501613
2021-05-18 09:23:03,1976.85,501831
2021-05-18 09:23:04,1976.0,502907
2021-05-18 09:23:05,1976.0,502976
2021-05-18 09:23:06,1976.0,502976
2021-05-18 09:23:07,1976.15,503299
2021-05-18 09:23:08,1976.3,503736
2021-05-18 09:23:09,1976.3,503767
2021-05-18 09:23:10,1976.3,503870
2021-05-18 09:23:11,1977.0,504127
2021-05-18 09:23:12,1977.05,504720
2021-05-18 09:23:13,1976.3,505258
2021-05-18 09:23:14,1977.0,505309
2021-05-18 09:23:15,1977.0,505571
2021-05-18 09:23:16,1977.25,505901
2021-05-18 09:23:17,1976.6,506006
2021-05-18 09:23:18,1977.1,506202
2021-05-18 09:23:19,1976.5,506265
2021-05-18 09:23:20,1976.35,506288
2021-05-18 09:23:20,1976.35,506293
2021-05-18 09:23:21,1976.5,506471
2021-05-18 09:23:22,1976.3,506635
2021-05-18 09:23:23,1976.6,506717
2021-05-18 09:23:24,1976.55,507019
2021-05-18 09:23:25,1976.3,507169
2021-05-18 09:23:26,1976.6,507486
2021-05-18 09:23:27,1976.75,508071
2021-05-18 09:23:28,1976.55,508184
2021-05-18 09:23:29,1976.3,508230
2021-05-18 09:23:30,1976.3,508452
2021-05-18 09:23:31,1976.75,508463
2021-05-18 09:23:32,1976.75,508638
2021-05-18 09:23:33,1976.4,508818
2021-05-18 09:23:34,1976.3,508834
2021-05-18 09:23:35,1976.6,509113
2021-05-18 09:23:36,1976.75,510629
2021-05-18 09:23:37,1976.65,510665
2021-05-18 09:23:39,1976.05,511202
2021-05-18 09:23:40,1976.0,511224
2021-05-18 09:23:41,1976.3,511296
2021-05-18 09:23:43,1976.0,512037
2021-05-18 09:23:45,1976.2,512166
2021-05-18 09:23:46,1976.0,512225
2021-05-18 09:23:48,1976.0,512464
2021-05-18 09:23:49,1976.0,512532
2021-05-18 09:23:50,1975.95,514535
2021-05-18 09:23:51,1975.95,517241
2021-05-18 09:23:52,1976.0,517371
2021-05-18 09:23:53,1975.1,517527
2021-05-18 09:23:54,1975.15,517550
2021-05-18 09:23:55,1975.1,520703
2021-05-18 09:23:56,1975.25,521116
2021-05-18 09:23:57,1975.0,521229
2021-05-18 09:23:58,1975.1,521341
2021-05-18 09:23:59,1974.15,522054
2021-05-18 09:24:00,1974.95,522132
2021-05-18 09:24:01,1975.0,522386
2021-05-18 09:24:02,1974.0,522786
2021-05-18 09:24:03,1974.55,522849
2021-05-18 09:24:04,1973.95,526381
2021-05-18 09:24:05,1974.35,526678
2021-05-18 09:24:06,1973.5,527134
2021-05-18 09:24:07,1974.0,528044
2021-05-18 09:24:08,1973.9,528158
2021-05-18 09:24:09,1974.25,528451
2021-05-18 09:24:10,1974.2,528586
2021-05-18 09:24:11,1974.2,528962
2021-05-18 09:24:12,1973.75,529307
2021-05-18 09:24:13,1974.0,530377
2021-05-18 09:24:14,1973.35,530719
2021-05-18 09:24:16,1973.35,531030
2021-05-18 09:24:16,1973.35,531084
2021-05-18 09:24:18,1973.9,531317
2021-05-18 09:24:19,1973.35,532043
2021-05-18 09:24:20,1973.9,532075
2021-05-18 09:24:21,1973.95,532380
2021-05-18 09:24:22,1973.75,532838
2021-05-18 09:24:23,1973.85,533443
2021-05-18 09:24:24,1973.95,533664
2021-05-18 09:24:25,1973.5,534866
2021-05-18 09:24:26,1974.35,535315
2021-05-18 09:24:27,1973.55,535336
2021-05-18 09:24:28,1973.6,535439
2021-05-18 09:24:29,1974.35,535463
2021-05-18 09:24:30,1973.65,535670
2021-05-18 09:24:31,1974.25,536543
2021-05-18 09:24:32,1973.4,536648
2021-05-18 09:24:33,1974.0,536657
2021-05-18 09:24:34,1974.0,536708
2021-05-18 09:24:35,1973.65,536717
2021-05-18 09:24:36,1973.95,536723
2021-05-18 09:24:37,1973.5,536994
2021-05-18 09:24:38,1973.9,537042
2021-05-18 09:24:39,1973.95,537309
2021-05-18 09:24:40,1973.6,537370
2021-05-18 09:24:41,1973.9,537505
2021-05-18 09:24:42,1973.85,539578
2021-05-18 09:24:43,1974.35,539969
2021-05-18 09:24:45,1974.0,542692
2021-05-18 09:24:46,1973.9,543188
2021-05-18 09:24:47,1973.9,543199
2021-05-18 09:24:48,1973.95,543500
2021-05-18 09:24:49,1973.55,544086
2021-05-18 09:24:50,1973.9,544087
2021-05-18 09:24:51,1973.9,544216
2021-05-18 09:24:52,1973.9,544393
2021-05-18 09:24:53,1973.9,544690
2021-05-18 09:24:54,1973.85,545084
2021-05-18 09:24:55,1973.8,545344
2021-05-18 09:24:56,1973.55,545390
2021-05-18 09:24:57,1973.8,545460
2021-05-18 09:24:58,1973.65,545577
2021-05-18 09:24:59,1973.55,545594
2021-05-18 09:25:00,1973.85,546099
2021-05-18 09:25:01,1973.1,546350
2021-05-18 09:25:02,1973.15,548020
2021-05-18 09:25:03,1973.05,548233
2021-05-18 09:25:04,1972.55,548839
2021-05-18 09:25:05,1973.35,548919
2021-05-18 09:25:06,1973.0,549363
2021-05-18 09:25:07,1973.15,549448
2021-05-18 09:25:08,1973.35,549658
2021-05-18 09:25:09,1973.35,549729
2021-05-18 09:25:10,1973.15,550055
2021-05-18 09:25:11,1973.65,550384
2021-05-18 09:25:12,1973.15,550785
2021-05-18 09:25:13,1973.15,551119
2021-05-18 09:25:14,1973.65,551243
2021-05-18 09:25:15,1973.15,551294
2021-05-18 09:25:16,1973.65,552276
2021-05-18 09:25:17,1973.0,552548
2021-05-18 09:25:18,1973.6,553714
2021-05-18 09:25:19,1973.15,553807
2021-05-18 09:25:20,1973.65,554000
2021-05-18 09:25:21,1973.7,554249
2021-05-18 09:25:22,1973.7,554303
2021-05-18 09:25:23,1973.25,554752
2021-05-18 09:25:25,1973.25,555066
2021-05-18 09:25:26,1973.5,555300
2021-05-18 09:25:27,1973.6,555622
2021-05-18 09:25:28,1973.3,556637
2021-05-18 09:25:29,1973.0,558733
2021-05-18 09:25:30,1973.0,558886
2021-05-18 09:25:31,1973.25,559173
2021-05-18 09:25:34,1973.2,559839
2021-05-18 09:25:35,1973.2,559875
2021-05-18 09:25:36,1973.9,560088
2021-05-18 09:25:37,1974.8,561816
2021-05-18 09:25:38,1974.5,561872
2021-05-18 09:25:39,1974.55,562220
2021-05-18 09:25:40,1974.15,562432
2021-05-18 09:25:41,1974.75,562871
2021-05-18 09:25:42,1974.15,563102
2021-05-18 09:25:43,1973.8,563231
2021-05-18 09:25:44,1974.15,563548
2021-05-18 09:25:45,1974.65,563577
2021-05-18 09:25:46,1974.35,563797
2021-05-18 09:25:47,1974.15,563917
2021-05-18 09:25:48,1973.8,564149
2021-05-18 09:25:49,1973.6,564250
2021-05-18 09:25:50,1974.5,564499
2021-05-18 09:25:51,1974.5,564625
2021-05-18 09:25:52,1975.0,565154
2021-05-18 09:25:53,1974.25,565200
2021-05-18 09:25:54,1975.0,567899
2021-05-18 09:25:55,1974.55,568915
2021-05-18 09:25:56,1975.85,569825
2021-05-18 09:25:57,1976.15,570539
2021-05-18 09:25:58,1976.15,570586
2021-05-18 09:25:59,1976.0,570670
2021-05-18 09:26:00,1974.7,571235
2021-05-18 09:26:02,1976.0,571807
2021-05-18 09:26:03,1975.1,571851
2021-05-18 09:26:04,1975.25,571953
2021-05-18 09:26:05,1975.4,572024
2021-05-18 09:26:06,1975.4,572024
2021-05-18 09:26:07,1976.45,572679
2021-05-18 09:26:08,1976.25,573729
2021-05-18 09:26:09,1975.55,574005
2021-05-18 09:26:10,1976.35,574213
2021-05-18 09:26:11,1976.35,574284
2021-05-18 09:26:12,1975.65,574536
2021-05-18 09:26:13,1976.0,574558
2021-05-18 09:26:14,1976.4,574701
2021-05-18 09:26:15,1975.65,574826
2021-05-18 09:26:16,1975.65,574862
2021-05-18 09:26:17,1976.3,574877
2021-05-18 09:26:18,1976.25,575010
2021-05-18 09:26:19,1976.25,575239
2021-05-18 09:26:20,1976.65,575811
2021-05-18 09:26:21,1977.0,576823
2021-05-18 09:26:22,1976.25,577467
2021-05-18 09:26:23,1976.25,577896
2021-05-18 09:26:24,1976.75,578022
2021-05-18 09:26:25,1977.15,578217
2021-05-18 09:26:26,1977.35,578363
2021-05-18 09:26:27,1977.35,578656
2021-05-18 09:26:28,1977.4,578717
2021-05-18 09:26:30,1977.8,578931
2021-05-18 09:26:31,1977.3,579128
2021-05-18 09:26:32,1977.75,579333
2021-05-18 09:26:33,1977.35,579474
2021-05-18 09:26:34,1976.55,579654
2021-05-18 09:26:36,1977.45,579903
2021-05-18 09:26:37,1977.4,580129
2021-05-18 09:26:38,1976.55,580301
2021-05-18 09:26:39,1977.0,580368
2021-05-18 09:26:40,1976.9,580588
2021-05-18 09:26:41,1976.9,581141
2021-05-18 09:26:42,1976.55,581167
2021-05-18 09:26:43,1977.45,581576
2021-05-18 09:26:44,1976.55,581608
2021-05-18 09:26:45,1977.0,582023
2021-05-18 09:26:46,1976.8,582154
2021-05-18 09:26:47,1976.8,582177
2021-05-18 09:26:48,1976.8,582260
2021-05-18 09:26:49,1976.55,582597
2021-05-18 09:26:49,1976.8,582702
2021-05-18 09:26:50,1976.8,582794
2021-05-18 09:26:51,1976.6,582872
2021-05-18 09:26:52,1976.15,583333
2021-05-18 09:26:53,1976.25,583449
2021-05-18 09:26:54,1976.4,583707
2021-05-18 09:26:55,1976.5,583722
2021-05-18 09:26:56,1976.0,583727
2021-05-18 09:26:57,1976.65,584063
2021-05-18 09:26:58,1976.8,584204
2021-05-18 09:26:59,1976.8,584237
2021-05-18 09:27:00,1976.5,584481
2021-05-18 09:27:01,1976.5,584986
2021-05-18 09:27:02,1977.0,585172
2021-05-18 09:27:03,1977.15,585196
2021-05-18 09:27:07,1977.0,585751
2021-05-18 09:27:08,1977.25,586213
2021-05-18 09:27:10,1977.25,586923
2021-05-18 09:27:11,1977.65,586959
2021-05-18 09:27:12,1977.25,587109
2021-05-18 09:27:13,1977.45,588198
2021-05-18 09:27:14,1977.95,588210
2021-05-18 09:27:14,1977.6,588215
2021-05-18 09:27:15,1977.7,588277
2021-05-18 09:27:16,1977.65,588319
2021-05-18 09:27:17,1977.8,588690
2021-05-18 09:27:18,1978.0,588780
2021-05-18 09:27:19,1977.65,588794
2021-05-18 09:27:20,1977.65,589016
2021-05-18 09:27:21,1978.0,589090
2021-05-18 09:27:22,1978.0,589128
2021-05-18 09:27:23,1978.0,589545
2021-05-18 09:27:24,1978.0,590167
2021-05-18 09:27:26,1977.75,590872
2021-05-18 09:27:26,1977.85,590972
2021-05-18 09:27:27,1978.0,591172
2021-05-18 09:27:29,1977.25,591759
2021-05-18 09:27:30,1978.0,591784
2021-05-18 09:27:31,1978.0,592184
2021-05-18 09:27:32,1978.15,592650
2021-05-18 09:27:33,1978.0,592862
2021-05-18 09:27:34,1978.35,592933
2021-05-18 09:27:35,1978.35,592983
2021-05-18 09:27:36,1978.6,593433
2021-05-18 09:27:37,1978.0,593544
2021-05-18 09:27:41,1978.35,594021
2021-05-18 09:27:42,1978.4,594078
2021-05-18 09:27:42,1978.4,594078
2021-05-18 09:27:43,1978.4,594198
2021-05-18 09:27:44,1978.6,594349
2021-05-18 09:27:45,1978.6,594357
2021-05-18 09:27:46,1978.6,594431
2021-05-18 09:27:47,1978.15,594462
2021-05-18 09:27:48,1978.6,594521
2021-05-18 09:27:49,1978.55,596598
2021-05-18 09:27:50,1978.15,596718
2021-05-18 09:27:51,1978.0,596990
2021-05-18 09:27:52,1978.0,597000
2021-05-18 09:27:53,1978.35,597111
2021-05-18 09:27:54,1978.15,597286
2021-05-18 09:27:56,1978.0,597546
2021-05-18 09:27:57,1978.35,597619
2021-05-18 09:27:58,1978.4,597622
2021-05-18 09:27:59,1978.85,597725
2021-05-18 09:28:00,1978.35,597767
2021-05-18 09:28:01,1978.5,597820
2021-05-18 09:28:02,1978.5,597950
2021-05-18 09:28:03,1978.0,599523
2021-05-18 09:28:04,1978.35,599673
2021-05-18 09:28:05,1978.15,599833
2021-05-18 09:28:07,1978.05,600136
2021-05-18 09:28:08,1978.1,600207
2021-05-18 09:28:10,1978.85,600935
2021-05-18 09:28:11,1979.0,601566
2021-05-18 09:28:14,1979.0,602101
2021-05-18 09:28:14,1978.85,602096
2021-05-18 09:28:15,1978.85,602177
2021-05-18 09:28:16,1978.85,602233
2021-05-18 09:28:17,1978.95,602244
2021-05-18 09:28:18,1979.05,606165
2021-05-18 09:28:19,1979.1,606212
2021-05-18 09:28:20,1979.1,606231
2021-05-18 09:28:21,1979.05,606484
2021-05-18 09:28:22,1979.1,606896
2021-05-18 09:28:24,1979.35,607224
2021-05-18 09:28:25,1978.95,607349
2021-05-18 09:28:26,1978.85,607933
2021-05-18 09:28:27,1979.25,608192
2021-05-18 09:28:28,1978.85,608562
2021-05-18 09:28:29,1978.9,608643
2021-05-18 09:28:30,1978.75,608790
2021-05-18 09:28:31,1978.75,609005
2021-05-18 09:28:32,1978.75,609285
2021-05-18 09:28:33,1978.75,609335
2021-05-18 09:28:34,1978.75,609756
2021-05-18 09:28:35,1978.75,609966
2021-05-18 09:28:36,1978.35,610253
2021-05-18 09:28:37,1978.0,611539
2021-05-18 09:28:39,1977.75,613234
2021-05-18 09:28:40,1978.75,613584
2021-05-18 09:28:42,1978.5,613690
2021-05-18 09:28:42,1978.45,613708
2021-05-18 09:28:43,1977.5,613866
2021-05-18 09:28:44,1977.55,613879
2021-05-18 09:28:45,1977.55,613879
2021-05-18 09:28:46,1977.35,614448
2021-05-18 09:28:48,1978.0,614818
2021-05-18 09:28:49,1978.0,615991
2021-05-18 09:28:50,1978.7,616110
2021-05-18 09:28:50,1978.7,616110
2021-05-18 09:28:51,1978.2,616150
2021-05-18 09:28:52,1978.2,616225
2021-05-18 09:28:53,1978.75,616343
2021-05-18 09:28:54,1978.9,617348
2021-05-18 09:28:55,1979.05,618492
2021-05-18 09:28:56,1978.7,618535
2021-05-18 09:28:57,1979.1,618746
2021-05-18 09:28:59,1979.0,619507
2021-05-18 09:29:00,1978.7,619580
2021-05-18 09:29:01,1979.0,619709
2021-05-18 09:29:02,1978.8,619750
2021-05-18 09:29:03,1979.3,620130
2021-05-18 09:29:04,1978.85,620220
2021-05-18 09:29:05,1979.35,620431
2021-05-18 09:29:06,1979.25,620640
2021-05-18 09:29:07,1979.4,620879
2021-05-18 09:29:08,1979.45,621350
2021-05-18 09:29:10,1979.3,621912
2021-05-18 09:29:11,1979.8,622410
2021-05-18 09:29:12,1979.8,622891
2021-05-18 09:29:13,1979.9,623370
2021-05-18 09:29:14,1980.1,639682
2021-05-18 09:29:17,1980.15,646725
2021-05-18 09:29:19,1980.65,647165
2021-05-18 09:29:21,1980.65,647806
2021-05-18 09:29:23,1981.05,648577
2021-05-18 09:29:25,1981.0,649502
2021-05-18 09:29:27,1981.75,650356
2021-05-18 09:29:29,1982.0,651406
2021-05-18 09:29:30,1981.55,651413
2021-05-18 09:29:31,1982.0,651632
2021-05-18 09:29:32,1982.0,652151
2021-05-18 09:29:34,1981.6,652743
2021-05-18 09:29:35,1982.0,653002
2021-05-18 09:29:36,1981.75,657353
2021-05-18 09:29:37,1981.6,657692
2021-05-18 09:29:38,1982.3,657775
2021-05-18 09:29:39,1982.0,658246
2021-05-18 09:29:40,1982.75,658371
2021-05-18 09:29:41,1982.75,658540
2021-05-18 09:29:42,1982.95,659268
2021-05-18 09:29:43,1983.0,659652
2021-05-18 09:29:44,1982.75,660302
2021-05-18 09:29:46,1982.5,660793
2021-05-18 09:29:47,1982.6,663750
2021-05-18 09:29:48,1982.9,663866
2021-05-18 09:29:49,1982.9,663975
2021-05-18 09:29:50,1982.5,664410
2021-05-18 09:29:51,1983.0,664684
2021-05-18 09:29:51,1983.0,664826
2021-05-18 09:29:52,1983.0,665340
2021-05-18 09:29:53,1981.55,668850
2021-05-18 09:29:54,1981.75,670279
2021-05-18 09:29:55,1981.35,670552
2021-05-18 09:29:58,1982.0,670671
2021-05-18 09:29:59,1982.35,671908
2021-05-18 09:30:00,1982.15,672181
2021-05-18 09:30:01,1982.0,672323
2021-05-18 09:30:02,1982.75,673132
2021-05-18 09:30:03,1982.75,673201
2021-05-18 09:30:04,1981.85,673796
2021-05-18 09:30:05,1982.75,673909
2021-05-18 09:30:06,1983.0,674181
2021-05-18 09:30:07,1983.0,674714
2021-05-18 09:30:08,1982.5,676651
2021-05-18 09:30:09,1982.55,677952
2021-05-18 09:30:10,1983.0,678008
2021-05-18 09:30:11,1983.5,678258
2021-05-18 09:30:12,1983.0,678529
2021-05-18 09:30:13,1982.9,679641
2021-05-18 09:30:14,1982.05,680721
2021-05-18 09:30:15,1982.85,681126
2021-05-18 09:30:16,1983.0,681429
2021-05-18 09:30:17,1983.0,681609
2021-05-18 09:30:18,1982.55,682649
2021-05-18 09:30:19,1982.0,682855
2021-05-18 09:30:20,1982.95,682930
2021-05-18 09:30:21,1983.0,683318
2021-05-18 09:30:22,1983.0,683413
2021-05-18 09:30:23,1982.1,684112
2021-05-18 09:30:26,1982.95,684600
2021-05-18 09:30:25,1982.95,684599
2021-05-18 09:30:27,1983.0,685961
2021-05-18 09:30:28,1982.9,686191
2021-05-18 09:30:29,1982.85,686341
2021-05-18 09:30:30,1982.95,686423
2021-05-18 09:30:31,1982.95,686527
2021-05-18 09:30:32,1982.3,687002
2021-05-18 09:30:33,1983.0,687656
2021-05-18 09:30:34,1982.85,687691
2021-05-18 09:30:35,1982.55,687880
2021-05-18 09:30:36,1982.5,688042
2021-05-18 09:30:37,1982.15,688080
2021-05-18 09:30:39,1982.1,688599
2021-05-18 09:30:40,1982.55,688771
2021-05-18 09:30:41,1982.95,688934
2021-05-18 09:30:42,1982.25,689212
2021-05-18 09:30:43,1982.55,689571
2021-05-18 09:30:45,1982.45,690563
2021-05-18 09:30:47,1982.0,690893
2021-05-18 09:30:48,1982.45,690993
2021-05-18 09:30:49,1982.45,691308
2021-05-18 09:30:49,1982.9,691664
2021-05-18 09:30:50,1981.95,691965
2021-05-18 09:30:51,1982.85,692099
2021-05-18 09:30:52,1982.95,692361
2021-05-18 09:30:53,1982.95,692361
2021-05-18 09:30:54,1982.95,692429
2021-05-18 09:30:55,1983.0,692612
2021-05-18 09:30:56,1982.1,692685
2021-05-18 09:30:57,1982.85,692749
2021-05-18 09:30:58,1983.0,693656
2021-05-18 09:31:00,1983.0,693758
2021-05-18 09:31:02,1982.2,693909
2021-05-18 09:31:03,1982.9,694100
2021-05-18 09:31:04,1982.75,694224
2021-05-18 09:31:05,1982.0,694922
2021-05-18 09:31:06,1981.75,694966
2021-05-18 09:31:07,1981.75,695185
2021-05-18 09:31:08,1982.65,695556
2021-05-18 09:31:09,1982.7,695686
2021-05-18 09:31:10,1982.0,696061
2021-05-18 09:31:11,1982.7,696281
2021-05-18 09:31:12,1982.75,696454
2021-05-18 09:31:13,1982.1,696475
2021-05-18 09:31:14,1982.45,696511
2021-05-18 09:31:15,1982.3,696897
2021-05-18 09:31:16,1982.15,697126
2021-05-18 09:31:17,1982.8,697215
2021-05-18 09:31:18,1982.05,697613
2021-05-18 09:31:19,1982.1,697724
2021-05-18 09:31:19,1982.05,697774
2021-05-18 09:31:21,1982.05,697940
2021-05-18 09:31:22,1982.05,698038
2021-05-18 09:31:24,1982.1,698081
2021-05-18 09:31:25,1982.1,698193
2021-05-18 09:31:26,1982.1,698347
2021-05-18 09:31:27,1982.1,698521
2021-05-18 09:31:28,1982.15,698632
2021-05-18 09:31:29,1982.1,698774
2021-05-18 09:31:30,1982.1,698869
2021-05-18 09:31:31,1982.0,700912
2021-05-18 09:31:33,1982.5,700942
2021-05-18 09:31:34,1982.5,700962
2021-05-18 09:31:35,1982.05,701469
2021-05-18 09:31:36,1982.7,702326
2021-05-18 09:31:37,1982.1,706690
2021-05-18 09:31:38,1982.75,706867
2021-05-18 09:31:39,1982.45,706897
2021-05-18 09:31:40,1982.4,706915
2021-05-18 09:31:42,1982.5,708726
2021-05-18 09:31:42,1982.0,708769
2021-05-18 09:31:43,1983.0,708929
2021-05-18 09:31:44,1982.9,709104
2021-05-18 09:31:45,1982.9,709154
2021-05-18 09:31:46,1982.85,709357
2021-05-18 09:31:48,1982.75,709804
2021-05-18 09:31:49,1982.0,709857
2021-05-18 09:31:50,1981.75,711941
2021-05-18 09:31:51,1982.65,712145
2021-05-18 09:31:52,1982.65,712145
2021-05-18 09:31:52,1982.65,712145
2021-05-18 09:31:53,1982.65,712378
2021-05-18 09:31:55,1982.05,712883
2021-05-18 09:31:57,1982.9,712913
2021-05-18 09:31:57,1982.8,713250
2021-05-18 09:31:58,1982.5,713361
2021-05-18 09:32:00,1982.8,714090
2021-05-18 09:32:02,1983.05,715331
2021-05-18 09:32:03,1983.8,720478
2021-05-18 09:32:04,1983.85,720500
2021-05-18 09:32:05,1983.85,720675
2021-05-18 09:32:07,1984.5,721494
2021-05-18 09:32:08,1984.65,721964
2021-05-18 09:32:09,1983.85,723447
2021-05-18 09:32:10,1984.55,723738
2021-05-18 09:32:11,1984.75,724126
2021-05-18 09:32:11,1984.75,724126
2021-05-18 09:32:14,1984.25,725321
2021-05-18 09:32:15,1984.95,726030
2021-05-18 09:32:16,1984.9,726568
2021-05-18 09:32:16,1984.25,726593
2021-05-18 09:32:17,1984.8,727281
2021-05-18 09:32:18,1984.95,727799
2021-05-18 09:32:19,1984.9,728007
2021-05-18 09:32:20,1984.65,729175
2021-05-18 09:32:21,1984.5,729736
2021-05-18 09:32:22,1984.95,730152
2021-05-18 09:32:23,1984.2,731931
2021-05-18 09:32:25,1984.65,732629
2021-05-18 09:32:26,1984.5,732945
2021-05-18 09:32:27,1984.75,733416
2021-05-18 09:32:28,1984.9,734350
2021-05-18 09:32:29,1984.8,734649
2021-05-18 09:32:29,1984.9,734764
2021-05-18 09:32:30,1985.0,734989
2021-05-18 09:32:31,1984.8,735311
2021-05-18 09:32:32,1985.0,736565
2021-05-18 09:32:34,1984.8,736794
2021-05-18 09:32:35,1984.65,737478
2021-05-18 09:32:37,1984.7,738482
2021-05-18 09:32:38,1984.8,739030
2021-05-18 09:32:39,1985.7,760957
2021-05-18 09:32:39,1985.55,760982
2021-05-18 09:32:40,1985.55,761558
2021-05-18 09:32:41,1985.55,762721
2021-05-18 09:32:42,1985.45,763080
2021-05-18 09:32:45,1986.0,765037
2021-05-18 09:32:46,1986.0,766075
2021-05-18 09:32:46,1986.0,766149
2021-05-18 09:32:47,1985.2,766659
2021-05-18 09:32:50,1985.55,767248
2021-05-18 09:32:51,1985.2,768108
2021-05-18 09:32:51,1986.0,768660
2021-05-18 09:32:53,1985.9,768854
2021-05-18 09:32:54,1985.05,769004
2021-05-18 09:32:55,1985.5,770657
2021-05-18 09:32:56,1985.55,770974
2021-05-18 09:32:57,1985.15,771230
2021-05-18 09:32:57,1985.15,771295
2021-05-18 09:32:58,1985.55,771698
2021-05-18 09:32:59,1985.75,772940
2021-05-18 09:33:00,1985.25,773155
2021-05-18 09:33:02,1985.55,773287
2021-05-18 09:33:03,1985.25,773847
2021-05-18 09:33:04,1985.7,774552
2021-05-18 09:33:05,1985.2,775350
2021-05-18 09:33:06,1985.2,775480
2021-05-18 09:33:07,1985.15,776116
2021-05-18 09:33:07,1985.0,776364
2021-05-18 09:33:09,1985.25,776696
2021-05-18 09:33:10,1985.5,776831
2021-05-18 09:33:11,1985.25,777772
2021-05-18 09:33:15,1985.95,779586
2021-05-18 09:33:16,1985.5,781043
2021-05-18 09:33:17,1985.5,782093
2021-05-18 09:33:18,1986.45,787392
2021-05-18 09:33:19,1987.0,788227
2021-05-18 09:33:19,1987.0,788357
2021-05-18 09:33:21,1986.75,791341
2021-05-18 09:33:22,1986.5,792323
2021-05-18 09:33:24,1987.8,793365
2021-05-18 09:33:25,1986.3,794032
2021-05-18 09:33:26,1987.0,794788
2021-05-18 09:33:27,1985.0,803648
2021-05-18 09:33:28,1985.95,806895
2021-05-18 09:33:29,1985.95,807635
2021-05-18 09:33:30,1986.2,808172
2021-05-18 09:33:31,1985.7,810260
2021-05-18 09:33:32,1985.8,811070
2021-05-18 09:33:32,1985.65,811092
2021-05-18 09:33:34,1985.0,812409
2021-05-18 09:33:35,1985.4,812725
2021-05-18 09:33:36,1985.0,813047
2021-05-18 09:33:37,1985.1,813490
2021-05-18 09:33:38,1985.05,813898
2021-05-18 09:33:39,1984.95,814173
2021-05-18 09:33:40,1985.15,814441
2021-05-18 09:33:41,1984.95,816392
2021-05-18 09:33:41,1984.6,818665
2021-05-18 09:33:43,1984.7,819260
2021-05-18 09:33:44,1984.3,819430
2021-05-18 09:33:45,1984.3,819948
2021-05-18 09:33:46,1984.3,820136
2021-05-18 09:33:47,1984.65,821651
2021-05-18 09:33:48,1984.6,821892
2021-05-18 09:33:49,1984.3,822326
2021-05-18 09:33:50,1984.0,822429
2021-05-18 09:33:51,1984.5,822951
2021-05-18 09:33:53,1984.25,823502
2021-05-18 09:33:54,1984.3,824179
2021-05-18 09:33:56,1984.5,824676
2021-05-18 09:33:57,1983.0,826015
2021-05-18 09:33:58,1983.95,826303
2021-05-18 09:33:59,1984.0,826838
2021-05-18 09:34:00,1984.4,827419
2021-05-18 09:34:01,1984.4,828020
2021-05-18 09:34:02,1983.2,828127
2021-05-18 09:34:04,1984.05,828548
2021-05-18 09:34:05,1984.3,829318
2021-05-18 09:34:05,1984.3,829193
2021-05-18 09:34:06,1983.45,829373
2021-05-18 09:34:07,1983.45,829716
2021-05-18 09:34:09,1984.1,829891
2021-05-18 09:34:10,1983.45,829998
2021-05-18 09:34:11,1984.0,830289
2021-05-18 09:34:12,1984.0,830741
2021-05-18 09:34:13,1983.95,831152
2021-05-18 09:34:14,1983.55,831307
2021-05-18 09:34:15,1983.95,832463
2021-05-18 09:34:15,1983.3,832596
2021-05-18 09:34:16,1984.0,832838
2021-05-18 09:34:17,1983.2,833152
2021-05-18 09:34:19,1984.3,833899
2021-05-18 09:34:20,1983.75,834222
2021-05-18 09:34:21,1984.3,834339
2021-05-18 09:34:22,1984.0,834529
2021-05-18 09:34:23,1983.95,834998
2021-05-18 09:34:24,1984.3,835399
2021-05-18 09:34:25,1983.25,835657
2021-05-18 09:34:26,1983.9,835893
2021-05-18 09:34:27,1984.0,836255
2021-05-18 09:34:29,1983.75,836553
2021-05-18 09:34:30,1983.15,838079
2021-05-18 09:34:31,1983.1,839247
2021-05-18 09:34:32,1983.2,841614
2021-05-18 09:34:33,1982.85,842331
2021-05-18 09:34:34,1981.5,845014
2021-05-18 09:34:35,1981.55,845126
2021-05-18 09:34:36,1981.3,845627
2021-05-18 09:34:37,1982.25,845872
2021-05-18 09:34:39,1981.65,846204
2021-05-18 09:34:39,1981.65,846356
2021-05-18 09:34:41,1981.0,847259
2021-05-18 09:34:42,1981.0,847409
2021-05-18 09:34:43,1980.95,848913
2021-05-18 09:34:44,1980.3,850455
2021-05-18 09:34:45,1980.3,850613
2021-05-18 09:34:46,1980.25,851986
2021-05-18 09:34:47,1981.0,852619
2021-05-18 09:34:48,1980.9,852888
2021-05-18 09:34:49,1980.2,853003
2021-05-18 09:34:50,1980.85,853152
2021-05-18 09:34:51,1981.0,853269
2021-05-18 09:34:51,1981.0,853269
2021-05-18 09:34:52,1980.3,853417
2021-05-18 09:34:54,1981.0,853536
2021-05-18 09:34:55,1981.25,855212
2021-05-18 09:34:56,1980.9,855688
2021-05-18 09:34:57,1981.75,855838
2021-05-18 09:34:58,1980.65,856032
2021-05-18 09:34:59,1980.6,856108
2021-05-18 09:35:00,1981.0,856277
2021-05-18 09:35:01,1981.2,856336
2021-05-18 09:35:02,1980.75,856512
2021-05-18 09:35:03,1980.9,856723
2021-05-18 09:35:04,1981.0,856963
2021-05-18 09:35:06,1981.0,857185
2021-05-18 09:35:05,1981.0,857185
2021-05-18 09:35:08,1981.0,857533
2021-05-18 09:35:09,1981.0,857627
2021-05-18 09:35:10,1980.8,857856
2021-05-18 09:35:11,1981.3,858325
2021-05-18 09:35:13,1981.45,858713
2021-05-18 09:35:12,1981.45,858683
2021-05-18 09:35:14,1981.4,858856
2021-05-18 09:35:15,1981.4,859144
2021-05-18 09:35:16,1982.85,860000
2021-05-18 09:35:17,1982.35,860261
2021-05-18 09:35:18,1982.65,860364
2021-05-18 09:35:19,1982.65,860375
2021-05-18 09:35:20,1981.55,860385
2021-05-18 09:35:21,1982.3,860405
2021-05-18 09:35:22,1982.0,860547
2021-05-18 09:35:23,1981.35,862812
2021-05-18 09:35:24,1982.0,862929
2021-05-18 09:35:25,1981.25,863148
2021-05-18 09:35:26,1981.25,863637
2021-05-18 09:35:27,1981.25,863638
2021-05-18 09:35:28,1981.3,864301
2021-05-18 09:35:29,1981.25,864425
2021-05-18 09:35:30,1981.8,864495
2021-05-18 09:35:31,1981.55,864756
2021-05-18 09:35:34,1981.3,865948
2021-05-18 09:35:38,1981.55,866191
2021-05-18 09:35:40,1981.3,867014
2021-05-18 09:35:41,1981.85,867350
2021-05-18 09:35:42,1981.3,867387
2021-05-18 09:35:43,1981.25,868217
2021-05-18 09:35:44,1981.25,868313
2021-05-18 09:35:45,1981.4,868551
2021-05-18 09:35:46,1981.35,868617
2021-05-18 09:35:47,1981.65,868633
2021-05-18 09:35:48,1981.25,868659
2021-05-18 09:35:49,1981.0,868964
2021-05-18 09:35:50,1981.3,868982
2021-05-18 09:35:51,1981.3,869240
2021-05-18 09:35:52,1981.3,869278
2021-05-18 09:35:53,1981.7,869291
2021-05-18 09:35:54,1981.8,869383
2021-05-18 09:35:55,1981.7,869420
2021-05-18 09:35:57,1981.8,870119
2021-05-18 09:35:58,1981.9,870127
2021-05-18 09:35:59,1981.3,870742
2021-05-18 09:36:00,1981.0,870832
2021-05-18 09:36:01,1981.0,870955
2021-05-18 09:36:02,1981.0,871601
2021-05-18 09:36:03,1981.0,871626
2021-05-18 09:36:04,1981.0,871816
2021-05-18 09:36:05,1981.0,872040
2021-05-18 09:36:06,1981.0,872214
2021-05-18 09:36:07,1981.3,872240
2021-05-18 09:36:08,1981.05,872362
2021-05-18 09:36:09,1981.0,872494
2021-05-18 09:36:10,1981.0,872523
2021-05-18 09:36:14,1981.0,873524
2021-05-18 09:36:15,1981.0,874386
2021-05-18 09:36:16,1981.0,874756
2021-05-18 09:36:18,1981.0,874806
2021-05-18 09:36:19,1981.0,874831
2021-05-18 09:36:20,1981.15,874834
2021-05-18 09:36:21,1981.8,874852
2021-05-18 09:36:22,1981.0,875041
2021-05-18 09:36:23,1981.1,875094
2021-05-18 09:36:24,1981.75,875099
2021-05-18 09:36:25,1981.7,876177
2021-05-18 09:36:26,1981.05,876233
2021-05-18 09:36:27,1981.05,877280
2021-05-18 09:36:28,1981.05,877280
2021-05-18 09:36:29,1981.05,877280
2021-05-18 09:36:30,1981.05,877374
2021-05-18 09:36:32,1981.0,877782
2021-05-18 09:36:33,1981.25,877799
2021-05-18 09:36:34,1981.0,878163
2021-05-18 09:36:35,1981.0,878204
2021-05-18 09:36:36,1981.0,878204
2021-05-18 09:36:37,1981.0,878373
2021-05-18 09:36:38,1981.0,878752
2021-05-18 09:36:39,1981.65,878777
2021-05-18 09:36:40,1981.65,879133
2021-05-18 09:36:41,1981.65,879200
2021-05-18 09:36:42,1981.0,879219
2021-05-18 09:36:43,1981.2,880745
2021-05-18 09:36:44,1981.15,880836
2021-05-18 09:36:45,1980.5,881225
2021-05-18 09:36:46,1980.75,881249
2021-05-18 09:36:47,1980.5,881842
2021-05-18 09:36:48,1980.35,881843
2021-05-18 09:36:49,1980.0,892880
2021-05-18 09:36:50,1980.55,893492
2021-05-18 09:36:51,1980.65,893603
2021-05-18 09:36:53,1980.75,896379
2021-05-18 09:36:54,1980.7,896491
2021-05-18 09:36:55,1981.1,897762
2021-05-18 09:36:56,1980.55,897780
2021-05-18 09:36:57,1981.15,897872
2021-05-18 09:36:58,1980.75,897917
2021-05-18 09:36:59,1980.25,898126
2021-05-18 09:37:00,1980.7,898259
2021-05-18 09:37:01,1981.0,898514
2021-05-18 09:37:02,1980.75,899210
2021-05-18 09:37:03,1980.65,899310
2021-05-18 09:37:04,1980.7,900443
2021-05-18 09:37:05,1981.0,901654
2021-05-18 09:37:06,1981.0,902161
2021-05-18 09:37:07,1981.75,902370
2021-05-18 09:37:08,1981.15,902388
2021-05-18 09:37:10,1981.85,902656
2021-05-18 09:37:10,1981.35,902665
2021-05-18 09:37:11,1981.95,902886
2021-05-18 09:37:12,1981.5,904347
2021-05-18 09:37:13,1981.85,904413
2021-05-18 09:37:14,1981.75,904577
2021-05-18 09:37:16,1982.0,905149
2021-05-18 09:37:17,1982.0,905186
2021-05-18 09:37:18,1981.95,905247
2021-05-18 09:37:18,1982.0,905254
2021-05-18 09:37:19,1981.85,905375
2021-05-18 09:37:20,1982.0,905510
2021-05-18 09:37:21,1981.6,905516
2021-05-18 09:37:22,1981.6,905799
2021-05-18 09:37:23,1981.6,905801
2021-05-18 09:37:24,1981.85,905930
2021-05-18 09:37:25,1981.6,905959
2021-05-18 09:37:26,1981.6,906081
2021-05-18 09:37:27,1981.6,906187
2021-05-18 09:37:28,1981.95,906294
2021-05-18 09:37:29,1981.6,906995
2021-05-18 09:37:30,1981.6,907002
2021-05-18 09:37:32,1981.8,907202
2021-05-18 09:37:33,1981.2,907226
2021-05-18 09:37:34,1981.55,907227
2021-05-18 09:37:35,1981.95,907589
2021-05-18 09:37:35,1981.95,907589
2021-05-18 09:37:36,1981.6,908704
2021-05-18 09:37:37,1981.6,908741
2021-05-18 09:37:38,1981.0,909667
2021-05-18 09:37:39,1981.6,909751
2021-05-18 09:37:40,1981.05,909775
2021-05-18 09:37:41,1981.6,909822
2021-05-18 09:37:42,1981.6,909892
2021-05-18 09:37:43,1981.0,909949
2021-05-18 09:37:44,1981.05,909956
2021-05-18 09:37:45,1981.9,910956
2021-05-18 09:37:46,1981.0,911321
2021-05-18 09:37:48,1981.0,911432
2021-05-18 09:37:48,1981.0,911439
2021-05-18 09:37:49,1981.0,911875
2021-05-18 09:37:50,1981.05,911898
2021-05-18 09:37:51,1980.25,912944
2021-05-18 09:37:52,1981.0,913295
2021-05-18 09:37:53,1980.95,913480
2021-05-18 09:37:54,1980.3,913611
2021-05-18 09:37:55,1980.35,913875
2021-05-18 09:37:56,1980.4,913926
2021-05-18 09:37:58,1980.15,914006
2021-05-18 09:37:59,1980.8,914030
2021-05-18 09:37:59,1980.8,914030
2021-05-18 09:38:00,1981.0,914315
2021-05-18 09:38:01,1980.0,914812
2021-05-18 09:38:02,1980.0,914814
2021-05-18 09:38:03,1980.0,914907
2021-05-18 09:38:04,1980.0,914945
2021-05-18 09:38:05,1979.5,916026
2021-05-18 09:38:06,1980.0,916206
2021-05-18 09:38:07,1979.95,916842
2021-05-18 09:38:08,1979.5,917057
2021-05-18 09:38:09,1979.15,917260
2021-05-18 09:38:11,1980.0,917437
2021-05-18 09:38:12,1979.15,917554
2021-05-18 09:38:13,1979.95,917625
2021-05-18 09:38:13,1979.95,917625
2021-05-18 09:38:14,1979.15,917694
2021-05-18 09:38:15,1980.0,917747
2021-05-18 09:38:16,1979.2,918079
2021-05-18 09:38:17,1979.5,918526
2021-05-18 09:38:18,1979.5,918672
2021-05-18 09:38:19,1979.5,918791
2021-05-18 09:38:20,1979.4,918816
2021-05-18 09:38:21,1979.9,918965
2021-05-18 09:38:22,1979.4,918979
2021-05-18 09:38:23,1979.4,919017
2021-05-18 09:38:25,1979.9,919271
2021-05-18 09:38:26,1979.45,919286
2021-05-18 09:38:27,1979.2,920148
2021-05-18 09:38:27,1979.2,920148
2021-05-18 09:38:28,1979.2,920230
2021-05-18 09:38:30,1978.45,922457
2021-05-18 09:38:36,1979.0,925457
2021-05-18 09:38:36,1978.95,925406
2021-05-18 09:38:37,1979.0,925526
2021-05-18 09:38:38,1978.55,925770
2021-05-18 09:38:39,1978.95,926443
2021-05-18 09:38:40,1978.85,926643
2021-05-18 09:38:41,1978.05,926702
2021-05-18 09:38:43,1978.05,929372
2021-05-18 09:38:44,1978.55,931072
2021-05-18 09:38:44,1978.0,930798
2021-05-18 09:38:45,1978.6,931268
2021-05-18 09:38:46,1978.95,931456
2021-05-18 09:38:47,1978.2,931506
2021-05-18 09:38:48,1978.1,932284
2021-05-18 09:38:49,1977.75,933289
2021-05-18 09:38:50,1977.7,933398
2021-05-18 09:38:51,1977.65,933564
2021-05-18 09:38:52,1977.45,937140
2021-05-18 09:38:53,1976.4,937466
2021-05-18 09:38:54,1977.0,937721
2021-05-18 09:38:55,1976.75,940679
2021-05-18 09:38:57,1976.75,941040
2021-05-18 09:38:57,1976.75,941040
2021-05-18 09:38:58,1977.0,941615
2021-05-18 09:38:59,1976.35,942101
2021-05-18 09:39:00,1977.45,942356
2021-05-18 09:39:01,1977.0,942600
2021-05-18 09:39:02,1976.95,942668
2021-05-18 09:39:04,1977.05,942879
2021-05-18 09:39:04,1977.05,942879
2021-05-18 09:39:05,1977.1,943784
2021-05-18 09:39:06,1977.1,943992
2021-05-18 09:39:07,1976.95,944276
2021-05-18 09:39:08,1976.75,944310
2021-05-18 09:39:09,1977.0,944467
2021-05-18 09:39:11,1976.75,944727
2021-05-18 09:39:12,1977.1,945160
2021-05-18 09:39:13,1977.1,945306
2021-05-18 09:39:13,1977.1,945306
2021-05-18 09:39:14,1977.45,945467
2021-05-18 09:39:15,1977.65,945704
2021-05-18 09:39:16,1977.0,945810
2021-05-18 09:39:17,1977.7,946096
2021-05-18 09:39:18,1976.95,946182
2021-05-18 09:39:19,1977.0,946227
2021-05-18 09:39:20,1977.3,946453
2021-05-18 09:39:22,1977.3,946527
2021-05-18 09:39:26,1977.95,947403
2021-05-18 09:39:27,1978.0,947460
2021-05-18 09:39:28,1978.0,947508
2021-05-18 09:39:31,1978.0,948371
2021-05-18 09:39:32,1978.0,948472
2021-05-18 09:39:33,1978.95,948647
2021-05-18 09:39:35,1978.1,948773
2021-05-18 09:39:37,1978.7,949013
2021-05-18 09:39:38,1978.75,949095
2021-05-18 09:39:38,1978.15,949195
2021-05-18 09:39:39,1978.15,949396
2021-05-18 09:39:41,1978.2,949568
2021-05-18 09:39:42,1978.75,949781
2021-05-18 09:39:43,1978.25,950481
2021-05-18 09:39:44,1978.05,950763
2021-05-18 09:39:45,1978.2,951150
2021-05-18 09:39:46,1978.95,951160
2021-05-18 09:39:48,1978.3,951645
2021-05-18 09:39:49,1978.7,951685
2021-05-18 09:39:50,1978.7,952406
2021-05-18 09:39:51,1978.95,952464
2021-05-18 09:39:52,1979.3,952617
2021-05-18 09:39:53,1978.7,952646
2021-05-18 09:39:54,1979.35,952770
2021-05-18 09:39:54,1978.9,952811
2021-05-18 09:39:55,1978.7,953331
2021-05-18 09:39:56,1978.75,953400
2021-05-18 09:39:57,1978.75,953766
2021-05-18 09:39:58,1979.25,953869
2021-05-18 09:39:59,1979.8,954105
2021-05-18 09:40:00,1979.25,954212
2021-05-18 09:40:01,1979.25,954324
2021-05-18 09:40:02,1979.25,954395
2021-05-18 09:40:03,1979.45,954423
2021-05-18 09:40:04,1979.8,954493
2021-05-18 09:40:05,1979.3,954597
2021-05-18 09:40:07,1979.8,954758
2021-05-18 09:40:07,1979.9,954843
2021-05-18 09:40:08,1979.4,954972
2021-05-18 09:40:10,1979.5,955028
2021-05-18 09:40:12,1979.5,958331
2021-05-18 09:40:13,1979.8,958367
2021-05-18 09:40:14,1979.95,958438
2021-05-18 09:40:15,1980.0,958586
2021-05-18 09:40:16,1980.0,959039
2021-05-18 09:40:17,1979.95,959090
2021-05-18 09:40:18,1979.95,959703
2021-05-18 09:40:19,1979.75,959779
2021-05-18 09:40:20,1979.9,959782
2021-05-18 09:40:22,1979.8,959793
2021-05-18 09:40:22,1979.35,961382
2021-05-18 09:40:24,1979.05,961429
2021-05-18 09:40:25,1979.75,961432
2021-05-18 09:40:25,1979.25,961472
2021-05-18 09:40:28,1979.3,961626
2021-05-18 09:40:29,1979.3,961735
2021-05-18 09:40:31,1979.0,961743
2021-05-18 09:40:32,1979.0,961778
2021-05-18 09:40:33,1979.0,961780
2021-05-18 09:40:34,1979.05,961792
2021-05-18 09:40:35,1979.25,962001
2021-05-18 09:40:35,1979.25,962001
2021-05-18 09:40:36,1979.0,962482
2021-05-18 09:40:37,1979.0,962505
2021-05-18 09:40:39,1979.5,962760
2021-05-18 09:40:40,1980.0,963721
2021-05-18 09:40:42,1980.0,964225
2021-05-18 09:40:43,1980.0,964255
2021-05-18 09:40:44,1980.0,964266
2021-05-18 09:40:45,1979.25,964274
2021-05-18 09:40:45,1979.25,964274
2021-05-18 09:40:46,1979.25,964274
2021-05-18 09:40:47,1979.5,964561
2021-05-18 09:40:48,1979.25,964666
2021-05-18 09:40:50,1979.25,964791
2021-05-18 09:40:52,1979.25,965165
2021-05-18 09:40:53,1979.0,965488
2021-05-18 09:40:54,1979.5,965551
2021-05-18 09:40:55,1979.9,965557
2021-05-18 09:40:56,1979.9,965603
2021-05-18 09:40:57,1979.5,965605
2021-05-18 09:40:59,1979.9,965645
2021-05-18 09:41:00,1979.55,965650
2021-05-18 09:41:01,1979.55,967189
2021-05-18 09:41:02,1979.25,968549
2021-05-18 09:41:03,1979.8,968576
2021-05-18 09:41:04,1979.3,969125
2021-05-18 09:41:05,1980.0,969291
2021-05-18 09:41:05,1980.0,969291
2021-05-18 09:41:06,1979.35,969422
2021-05-18 09:41:07,1979.7,969576
2021-05-18 09:41:08,1979.95,970423
2021-05-18 09:41:10,1979.85,970655
2021-05-18 09:41:11,1979.3,970673
2021-05-18 09:41:12,1979.25,970983
2021-05-18 09:41:13,1979.35,971310
2021-05-18 09:41:13,1979.35,971310
2021-05-18 09:41:14,1980.0,971335
2021-05-18 09:41:15,1980.0,971358
2021-05-18 09:41:16,1980.0,971358
2021-05-18 09:41:17,1979.35,971612
2021-05-18 09:41:19,1979.5,971651
2021-05-18 09:41:20,1980.0,971823
2021-05-18 09:41:22,1980.0,971854
2021-05-18 09:41:23,1980.0,972077
2021-05-18 09:41:24,1979.5,972094
2021-05-18 09:41:25,1980.0,972194
2021-05-18 09:41:25,1980.0,972194
2021-05-18 09:41:26,1979.35,972289
2021-05-18 09:41:27,1979.4,972302
2021-05-18 09:41:28,1980.0,972440
2021-05-18 09:41:29,1980.0,972446
2021-05-18 09:41:31,1979.4,972662
2021-05-18 09:41:32,1979.4,972684
2021-05-18 09:41:33,1979.4,973141
2021-05-18 09:41:33,1979.25,973166
2021-05-18 09:41:34,1979.25,973218
2021-05-18 09:41:37,1979.35,973646
2021-05-18 09:41:38,1979.4,973720
2021-05-18 09:41:39,1979.25,975684
2021-05-18 09:41:40,1979.25,975924
2021-05-18 09:41:41,1979.4,976332
2021-05-18 09:41:43,1979.25,976731
2021-05-18 09:41:44,1979.0,977368
2021-05-18 09:41:45,1979.35,977376
2021-05-18 09:41:46,1979.2,977405
2021-05-18 09:41:48,1979.0,977685
2021-05-18 09:41:50,1979.7,978105
2021-05-18 09:41:51,1979.3,978679
2021-05-18 09:41:52,1979.0,978730
2021-05-18 09:41:53,1979.25,978771
2021-05-18 09:41:54,1979.0,978828
2021-05-18 09:41:55,1979.0,979048
2021-05-18 09:41:55,1979.0,979048
2021-05-18 09:41:56,1979.0,979255
2021-05-18 09:41:58,1979.95,980671
2021-05-18 09:41:59,1979.95,981064
2021-05-18 09:42:00,1980.0,981422
2021-05-18 09:42:01,1980.0,981427
2021-05-18 09:42:03,1979.4,982039
2021-05-18 09:42:04,1980.0,982548
2021-05-18 09:42:06,1980.15,984949
2021-05-18 09:42:06,1980.15,984999
2021-05-18 09:42:07,1980.65,985056
2021-05-18 09:42:09,1980.25,985262
2021-05-18 09:42:10,1980.25,985363
2021-05-18 09:42:11,1980.8,985388
2021-05-18 09:42:12,1980.3,985425
2021-05-18 09:42:13,1980.25,985661
2021-05-18 09:42:14,1980.6,985954
2021-05-18 09:42:15,1980.45,987079
2021-05-18 09:42:15,1980.45,987079
2021-05-18 09:42:16,1980.0,987100
2021-05-18 09:42:17,1979.95,987282
2021-05-18 09:42:20,1979.9,987600
2021-05-18 09:42:21,1979.85,987674
2021-05-18 09:42:22,1979.6,988680
2021-05-18 09:42:23,1978.9,988831
2021-05-18 09:42:24,1978.75,988841
2021-05-18 09:42:25,1978.4,988927
2021-05-18 09:42:26,1978.8,988992
2021-05-18 09:42:27,1978.8,989003
2021-05-18 09:42:28,1978.65,989119
2021-05-18 09:42:29,1979.65,989256
2021-05-18 09:42:30,1979.1,989263
2021-05-18 09:42:30,1978.65,989370
2021-05-18 09:42:31,1978.4,989394
2021-05-18 09:42:32,1979.3,989521
2021-05-18 09:42:34,1978.5,989527
2021-05-18 09:42:35,1978.5,989527
2021-05-18 09:42:36,1979.25,989656
2021-05-18 09:42:37,1978.7,989710
2021-05-18 09:42:39,1978.0,990081
2021-05-18 09:42:40,1978.95,990124
2021-05-18 09:42:41,1978.15,992197
2021-05-18 09:42:42,1977.2,993240
2021-05-18 09:42:43,1978.1,993294
2021-05-18 09:42:44,1978.0,993477
2021-05-18 09:42:45,1978.0,993482
2021-05-18 09:42:46,1978.3,993484
2021-05-18 09:42:48,1978.0,993529
2021-05-18 09:42:49,1978.8,993610
2021-05-18 09:42:50,1978.3,993639
2021-05-18 09:42:51,1978.3,993660
2021-05-18 09:42:52,1978.3,993679
2021-05-18 09:42:53,1979.0,993874
2021-05-18 09:42:55,1978.4,993924
2021-05-18 09:42:56,1978.3,993989
2021-05-18 09:42:57,1979.2,995224
2021-05-18 09:42:58,1978.65,995226
2021-05-18 09:42:58,1978.65,995226
2021-05-18 09:42:59,1979.3,995270
2021-05-18 09:43:00,1979.2,995296
2021-05-18 09:43:01,1979.05,995484
2021-05-18 09:43:02,1979.0,995710
2021-05-18 09:43:03,1979.0,995777
2021-05-18 09:43:05,1979.5,995971
2021-05-18 09:43:06,1979.5,996135
2021-05-18 09:43:07,1979.0,996146
2021-05-18 09:43:07,1979.5,996145
2021-05-18 09:43:08,1979.0,996262
2021-05-18 09:43:10,1979.0,996369
2021-05-18 09:43:11,1979.0,996521
2021-05-18 09:43:12,1979.45,996590
2021-05-18 09:43:13,1979.0,996676
2021-05-18 09:43:14,1979.8,997378
2021-05-18 09:43:15,1979.0,997578
2021-05-18 09:43:16,1979.7,997795
2021-05-18 09:43:17,1979.45,998932
2021-05-18 09:43:18,1979.3,998970
2021-05-18 09:43:19,1979.3,998986
2021-05-18 09:43:20,1979.3,999104
2021-05-18 09:43:21,1979.75,999160
2021-05-18 09:43:21,1979.75,999165
2021-05-18 09:43:22,1979.05,999167
2021-05-18 09:43:24,1979.75,999181
2021-05-18 09:43:25,1979.45,999327
2021-05-18 09:43:27,1980.0,999748
2021-05-18 09:43:28,1979.75,1000253
2021-05-18 09:43:30,1980.15,1000420
2021-05-18 09:43:31,1979.5,1000615
2021-05-18 09:43:31,1979.7,1000618
2021-05-18 09:43:33,1979.45,1000633
2021-05-18 09:43:34,1979.8,1000643
2021-05-18 09:43:35,1979.45,1001446
2021-05-18 09:43:36,1979.45,1001492
2021-05-18 09:43:37,1979.95,1001622
2021-05-18 09:43:38,1979.45,1001783
2021-05-18 09:43:39,1979.7,1001803
2021-05-18 09:43:42,1979.45,1001973
2021-05-18 09:43:43,1978.2,1004099
2021-05-18 09:43:44,1978.6,1004109
2021-05-18 09:43:45,1978.5,1004394
2021-05-18 09:43:45,1978.5,1004394
2021-05-18 09:43:46,1978.6,1004532
2021-05-18 09:43:49,1978.75,1004751
2021-05-18 09:43:50,1978.2,1004850
2021-05-18 09:43:53,1978.75,1005295
2021-05-18 09:43:54,1978.2,1005539
2021-05-18 09:43:54,1978.2,1005539
2021-05-18 09:43:56,1978.0,1005747
2021-05-18 09:43:57,1977.9,1006276
2021-05-18 09:43:58,1977.95,1006415
2021-05-18 09:43:59,1977.1,1006643
2021-05-18 09:44:00,1977.6,1007133
2021-05-18 09:44:01,1977.6,1007144
2021-05-18 09:44:02,1977.1,1007434
2021-05-18 09:44:02,1977.6,1007437
2021-05-18 09:44:04,1978.0,1008133
2021-05-18 09:44:05,1978.0,1008150
2021-05-18 09:44:06,1978.0,1008307
2021-05-18 09:44:07,1977.95,1008842
2021-05-18 09:44:08,1977.6,1008946
2021-05-18 09:44:09,1977.75,1009153
2021-05-18 09:44:09,1977.75,1009163
2021-05-18 09:44:10,1977.9,1009793
2021-05-18 09:44:11,1977.5,1009813
2021-05-18 09:44:13,1977.1,1009941
2021-05-18 09:44:14,1977.1,1010705
2021-05-18 09:44:15,1977.75,1010829
2021-05-18 09:44:16,1977.1,1011039
2021-05-18 09:44:18,1977.2,1011076
2021-05-18 09:44:19,1977.8,1011124
2021-05-18 09:44:20,1977.9,1011176
2021-05-18 09:44:23,1978.0,1011767
2021-05-18 09:44:23,1977.9,1011770
2021-05-18 09:44:25,1977.3,1011941
2021-05-18 09:44:26,1977.35,1012196
2021-05-18 09:44:27,1977.25,1012308
2021-05-18 09:44:28,1977.9,1012418
2021-05-18 09:44:29,1977.3,1012433
2021-05-18 09:44:30,1977.35,1012523
2021-05-18 09:44:31,1977.9,1012602
2021-05-18 09:44:32,1977.9,1013126
2021-05-18 09:44:34,1977.4,1013250
2021-05-18 09:44:35,1977.4,1013256
2021-05-18 09:44:36,1978.8,1013898
2021-05-18 09:44:36,1978.9,1014098
2021-05-18 09:44:38,1977.65,1014203
2021-05-18 09:44:40,1977.5,1014240
2021-05-18 09:44:41,1977.35,1014254
2021-05-18 09:44:42,1977.25,1014986
2021-05-18 09:44:43,1977.4,1015518
2021-05-18 09:44:43,1977.4,1015523
2021-05-18 09:44:44,1977.05,1020802
2021-05-18 09:44:46,1977.05,1020949
2021-05-18 09:44:47,1976.9,1021268
2021-05-18 09:44:48,1976.7,1021769
2021-05-18 09:44:49,1977.5,1021904
2021-05-18 09:44:50,1976.9,1022047
2021-05-18 09:44:50,1977.8,1022068
2021-05-18 09:44:52,1977.5,1022116
2021-05-18 09:44:53,1977.5,1022123
2021-05-18 09:44:54,1978.4,1022205
2021-05-18 09:44:55,1977.6,1023313
2021-05-18 09:44:56,1978.65,1023839
2021-05-18 09:44:56,1977.9,1023844
2021-05-18 09:44:58,1977.9,1023850
2021-05-18 09:44:59,1978.75,1023851
2021-05-18 09:45:00,1978.1,1023855
2021-05-18 09:45:02,1978.85,1025701
2021-05-18 09:45:03,1978.65,1026293
2021-05-18 09:45:03,1978.65,1026293
2021-05-18 09:45:05,1978.5,1026853
2021-05-18 09:45:06,1978.45,1027285
2021-05-18 09:45:07,1978.3,1027365
2021-05-18 09:45:08,1977.1,1028172
2021-05-18 09:45:10,1978.3,1028510
2021-05-18 09:45:11,1977.3,1028611
2021-05-18 09:45:12,1977.35,1028617
2021-05-18 09:45:14,1978.3,1028720
2021-05-18 09:45:15,1977.8,1028858
2021-05-18 09:45:16,1977.35,1028933
2021-05-18 09:45:17,1978.05,1029227
2021-05-18 09:45:19,1977.6,1029449
2021-05-18 09:45:19,1977.6,1029449
2021-05-18 09:45:21,1979.0,1029472
2021-05-18 09:45:22,1978.65,1029678
2021-05-18 09:45:23,1978.65,1029695
2021-05-18 09:45:24,1978.65,1029890
2021-05-18 09:45:25,1979.5,1029965
2021-05-18 09:45:26,1979.9,1036465
2021-05-18 09:45:27,1980.6,1036484
2021-05-18 09:45:28,1979.9,1036534
2021-05-18 09:45:28,1979.9,1036534
2021-05-18 09:45:30,1979.8,1036604
2021-05-18 09:45:31,1979.95,1036625
2021-05-18 09:45:32,1979.95,1036643
2021-05-18 09:45:33,1980.55,1036813
2021-05-18 09:45:34,1980.6,1036819
2021-05-18 09:45:35,1979.9,1036874
2021-05-18 09:45:36,1980.6,1037088
2021-05-18 09:45:37,1979.9,1037250
2021-05-18 09:45:38,1979.95,1037551
2021-05-18 09:45:39,1980.75,1037734
2021-05-18 09:45:40,1980.1,1037745
2021-05-18 09:45:41,1980.05,1037851
2021-05-18 09:45:42,1980.8,1037926
2021-05-18 09:45:43,1981.0,1038028
2021-05-18 09:45:44,1981.0,1038056
2021-05-18 09:45:45,1980.8,1038252
2021-05-18 09:45:46,1981.0,1038783
2021-05-18 09:45:47,1981.0,1038783
2021-05-18 09:45:48,1980.8,1038906
2021-05-18 09:45:49,1981.0,1039001
2021-05-18 09:45:50,1980.8,1039085
2021-05-18 09:45:51,1981.0,1039370
2021-05-18 09:45:52,1980.8,1039810
2021-05-18 09:45:53,1980.6,1039852
2021-05-18 09:45:54,1980.55,1039917
2021-05-18 09:45:55,1980.55,1040105
2021-05-18 09:45:56,1980.55,1040209
2021-05-18 09:45:57,1980.1,1040287
2021-05-18 09:45:58,1980.2,1040831
2021-05-18 09:45:59,1980.2,1040841
2021-05-18 09:46:00,1980.55,1040925
2021-05-18 09:46:01,1980.55,1041081
2021-05-18 09:46:02,1980.95,1041249
2021-05-18 09:46:03,1981.0,1041313
2021-05-18 09:46:04,1980.6,1041343
2021-05-18 09:46:05,1980.25,1041428
2021-05-18 09:46:06,1981.1,1041544
2021-05-18 09:46:07,1981.0,1041561
2021-05-18 09:46:08,1981.0,1041561
2021-05-18 09:46:09,1980.55,1041678
2021-05-18 09:46:10,1980.75,1041852
2021-05-18 09:46:11,1981.65,1041964
2021-05-18 09:46:12,1981.0,1042525
2021-05-18 09:46:13,1981.7,1042566
2021-05-18 09:46:14,1981.0,1042887
2021-05-18 09:46:15,1981.35,1043829
2021-05-18 09:46:16,1980.85,1043859
2021-05-18 09:46:17,1981.35,1044112
2021-05-18 09:46:18,1981.45,1044135
2021-05-18 09:46:19,1980.85,1044264
2021-05-18 09:46:21,1981.5,1044729
2021-05-18 09:46:20,1980.85,1044684
2021-05-18 09:46:22,1980.85,1045021
2021-05-18 09:46:23,1981.7,1045278
2021-05-18 10:13:31,1975.6,1363525
2021-05-18 10:13:32,1975.6,1363740
2021-05-18 10:13:34,1975.8,1364006
2021-05-18 10:13:34,1975.8,1364006
2021-05-18 10:13:35,1975.8,1364088
2021-05-18 10:13:36,1975.0,1364108
2021-05-18 10:13:38,1975.35,1364260
2021-05-18 10:13:39,1974.9,1364291
2021-05-18 10:13:40,1975.35,1364307
2021-05-18 10:13:41,1974.9,1364313
2021-05-18 10:13:42,1974.9,1364318
2021-05-18 10:13:43,1975.35,1364323
2021-05-18 10:13:44,1974.9,1364543
2021-05-18 10:13:45,1974.9,1364558
2021-05-18 10:13:47,1974.85,1365356
2021-05-18 10:13:48,1974.6,1365363
2021-05-18 10:13:50,1974.95,1365480
2021-05-18 10:13:51,1974.95,1365786
2021-05-18 10:13:51,1974.95,1365786
2021-05-18 10:13:52,1974.65,1365817
2021-05-18 10:13:54,1974.9,1366017
2021-05-18 10:13:56,1974.65,1366079
2021-05-18 10:13:57,1975.0,1366086
2021-05-18 10:13:58,1975.0,1366371
2021-05-18 10:14:00,1975.3,1366394
2021-05-18 10:14:01,1974.95,1366396
2021-05-18 10:14:02,1974.95,1366397
2021-05-18 10:14:03,1974.95,1366440
2021-05-18 10:14:03,1974.85,1366445
2021-05-18 10:14:04,1974.8,1366461
2021-05-18 10:14:05,1974.95,1366496
2021-05-18 10:14:06,1974.95,1366596
2021-05-18 10:14:08,1975.0,1367125
2021-05-18 10:14:09,1975.15,1367164
2021-05-18 10:14:10,1975.0,1367225
2021-05-18 10:14:11,1974.85,1367234
2021-05-18 10:14:12,1974.85,1367245
2021-05-18 10:14:12,1974.6,1367295
2021-05-18 10:14:13,1974.9,1367310
2021-05-18 10:14:15,1975.35,1367471
2021-05-18 10:14:16,1975.25,1367493
2021-05-18 10:14:17,1975.25,1367493
2021-05-18 10:14:18,1975.0,1367500
2021-05-18 10:14:19,1975.15,1367712
2021-05-18 10:14:20,1975.15,1367769
2021-05-18 10:14:21,1975.5,1367775
2021-05-18 10:14:22,1975.2,1367856
2021-05-18 10:14:23,1975.15,1368008
2021-05-18 10:14:25,1975.5,1368176
2021-05-18 10:14:26,1975.5,1368176
2021-05-18 10:14:27,1976.0,1368298
2021-05-18 10:14:28,1975.5,1368409
2021-05-18 10:14:29,1975.5,1368412
2021-05-18 10:14:30,1975.95,1368738
2021-05-18 10:14:31,1975.25,1369010
2021-05-18 10:14:32,1975.55,1369073
2021-05-18 10:14:33,1976.0,1369143
2021-05-18 10:14:34,1975.55,1369165
2021-05-18 10:14:35,1975.6,1369350
2021-05-18 10:14:37,1976.1,1370335
2021-05-18 10:14:38,1976.0,1370338
2021-05-18 10:14:39,1976.25,1370433
2021-05-18 10:14:40,1976.25,1370445
2021-05-18 10:14:40,1976.45,1370493
2021-05-18 10:14:42,1977.0,1371630
2021-05-18 10:14:43,1976.15,1371692
2021-05-18 10:14:44,1976.15,1371722
2021-05-18 10:14:44,1976.15,1371722
2021-05-18 10:14:45,1975.8,1371864
2021-05-18 10:14:46,1975.8,1371874
2021-05-18 10:14:48,1975.95,1372026
2021-05-18 10:14:49,1975.8,1372091
2021-05-18 10:14:51,1975.8,1372091
2021-05-18 10:14:52,1975.95,1372103
2021-05-18 10:14:53,1975.95,1372225
2021-05-18 10:14:54,1975.8,1372595
2021-05-18 10:14:55,1975.95,1372994
2021-05-18 10:14:56,1975.5,1374135
2021-05-18 10:14:56,1975.5,1374136
2021-05-18 10:14:57,1975.75,1374197
2021-05-18 10:14:58,1975.75,1374209
2021-05-18 10:14:59,1975.15,1374815
2021-05-18 10:15:00,1975.75,1374912
2021-05-18 10:15:01,1975.2,1374936
2021-05-18 10:15:02,1975.2,1374940
2021-05-18 10:15:04,1975.75,1374942
2021-05-18 10:15:04,1976.15,1375142
2021-05-18 10:15:05,1976.15,1375142
2021-05-18 10:15:06,1975.75,1375207
2021-05-18 10:15:08,1975.1,1376465
2021-05-18 10:15:09,1975.75,1376967
2021-05-18 10:15:09,1975.95,1377212
2021-05-18 10:15:11,1975.8,1377214
2021-05-18 10:15:11,1975.15,1377232
2021-05-18 10:15:12,1975.95,1377332
2021-05-18 10:15:14,1976.0,1377353
2021-05-18 10:15:15,1975.95,1377362
2021-05-18 10:15:16,1975.8,1377382
2021-05-18 10:15:17,1975.75,1377392
2021-05-18 10:15:18,1975.95,1377622
2021-05-18 10:15:19,1975.95,1377622
2021-05-18 10:15:20,1975.35,1377637
2021-05-18 10:15:21,1975.35,1377637
2021-05-18 10:15:22,1976.25,1377702
2021-05-18 10:15:23,1975.5,1377778
2021-05-18 10:15:24,1975.55,1377809
2021-05-18 10:15:26,1975.55,1377809
2021-05-18 10:15:27,1976.6,1377843
2021-05-18 10:15:28,1976.0,1377866
2021-05-18 10:15:29,1976.6,1377880
2021-05-18 10:15:30,1976.6,1377929
2021-05-18 10:15:31,1976.6,1377995
2021-05-18 10:15:32,1977.0,1378035
2021-05-18 10:15:32,1977.0,1378038
2021-05-18 10:15:33,1976.3,1378126
2021-05-18 10:15:35,1977.0,1378330
2021-05-18 10:15:38,1977.0,1378415
2021-05-18 10:15:39,1976.5,1378815
2021-05-18 10:15:40,1977.0,1378821
2021-05-18 10:15:41,1976.45,1378854
2021-05-18 10:15:41,1976.45,1378854
2021-05-18 10:15:46,1977.0,1380509
2021-05-18 10:15:48,1977.25,1381220
2021-05-18 10:15:48,1977.25,1381241
2021-05-18 10:15:50,1977.25,1381241
2021-05-18 10:15:51,1977.25,1381242
2021-05-18 10:15:52,1977.0,1381313
2021-05-18 10:15:53,1977.0,1381314
2021-05-18 10:15:54,1977.0,1381349
2021-05-18 10:15:55,1977.0,1381456
2021-05-18 10:15:55,1977.0,1381473
2021-05-18 10:16:00,1976.85,1382672
2021-05-18 10:16:02,1976.85,1382672
2021-05-18 10:16:03,1976.85,1382675
2021-05-18 10:16:04,1976.25,1382679
2021-05-18 10:16:05,1976.25,1382695
2021-05-18 10:16:06,1976.8,1382729
2021-05-18 10:16:06,1976.85,1382932
2021-05-18 10:16:08,1976.35,1382969
2021-05-18 10:16:09,1976.75,1382977
2021-05-18 10:16:12,1977.0,1383379
2021-05-18 10:16:13,1976.8,1383382
2021-05-18 10:16:14,1976.8,1383382
2021-05-18 10:16:14,1976.8,1383382
2021-05-18 10:16:15,1976.65,1383414
2021-05-18 10:16:16,1976.55,1383417
2021-05-18 10:16:17,1977.25,1384236
2021-05-18 10:16:19,1977.0,1384300
2021-05-18 10:16:20,1977.0,1384375
2021-05-18 10:16:21,1976.6,1384389
2021-05-18 10:16:22,1976.6,1384444
2021-05-18 10:16:23,1976.6,1384482
2021-05-18 10:16:25,1977.2,1384606
2021-05-18 10:16:26,1977.2,1384607
2021-05-18 10:16:28,1977.0,1384628
2021-05-18 10:16:29,1977.0,1384654
2021-05-18 10:16:31,1977.0,1384715
2021-05-18 10:16:32,1977.1,1384725
2021-05-18 10:16:33,1977.0,1384818
2021-05-18 10:16:35,1977.0,1384824
2021-05-18 10:16:36,1977.05,1385057
2021-05-18 10:16:37,1977.05,1385115
2021-05-18 10:16:38,1977.0,1385166
2021-05-18 10:16:39,1977.05,1385216
2021-05-18 10:16:39,1977.1,1385426
2021-05-18 10:16:41,1977.1,1385578
2021-05-18 10:16:42,1977.1,1385578
2021-05-18 10:16:44,1977.0,1385580
2021-05-18 10:16:45,1977.25,1385597
2021-05-18 10:16:47,1977.0,1385625
2021-05-18 10:16:47,1977.0,1385626
2021-05-18 10:16:49,1977.25,1385691
2021-05-18 10:16:51,1977.25,1385774
2021-05-18 10:16:52,1977.25,1385781
2021-05-18 10:16:53,1977.0,1385782
2021-05-18 10:16:54,1977.3,1385852
2021-05-18 10:16:55,1977.0,1385859
2021-05-18 10:16:55,1977.0,1385875
2021-05-18 10:16:57,1977.0,1385901
2021-05-18 10:16:58,1977.0,1385965
2021-05-18 10:16:59,1977.25,1386015
2021-05-18 10:17:00,1977.0,1386058
2021-05-18 10:17:01,1977.0,1386258
2021-05-18 10:17:02,1977.0,1386258
2021-05-18 10:17:04,1977.05,1386268
2021-05-18 10:17:05,1977.0,1386304
2021-05-18 10:17:06,1977.0,1386312
2021-05-18 10:17:07,1977.0,1386326
2021-05-18 10:17:07,1977.05,1386329
2021-05-18 10:17:09,1977.05,1386359
2021-05-18 10:17:10,1977.05,1386359
2021-05-18 10:17:11,1977.05,1386433
2021-05-18 10:17:13,1977.05,1386504
2021-05-18 10:17:13,1977.05,1386504
2021-05-18 10:17:15,1977.05,1387028
2021-05-18 10:17:17,1977.1,1387062
2021-05-18 10:17:18,1977.1,1387072
2021-05-18 10:17:19,1977.1,1387128
2021-05-18 10:17:20,1977.1,1387150
2021-05-18 10:17:21,1977.1,1387161
2021-05-18 10:17:22,1977.2,1387170
2021-05-18 10:17:24,1977.2,1387209
2021-05-18 10:17:24,1977.1,1387249
2021-05-18 10:17:26,1977.1,1387491
2021-05-18 10:17:27,1977.1,1387589
2021-05-18 10:17:28,1977.1,1387590
2021-05-18 10:17:29,1977.1,1387913
2021-05-18 10:17:30,1977.1,1387918
2021-05-18 10:17:31,1977.1,1387918
2021-05-18 10:17:32,1977.1,1387918
2021-05-18 10:17:33,1977.1,1387926
2021-05-18 10:17:34,1977.1,1388039
2021-05-18 10:17:35,1977.1,1388244
2021-05-18 10:17:36,1977.1,1388484
2021-05-18 10:17:37,1977.35,1388489
2021-05-18 10:17:38,1977.3,1388583
2021-05-18 10:17:39,1977.3,1388583
2021-05-18 10:17:40,1977.1,1388684
2021-05-18 10:17:41,1977.45,1388746
2021-05-18 10:17:42,1977.1,1388834
2021-05-18 10:17:43,1977.5,1388893
2021-05-18 10:17:45,1977.1,1388941
2021-05-18 10:17:46,1977.5,1388950
2021-05-18 10:17:47,1977.5,1388950
2021-05-18 10:17:48,1977.3,1389070
2021-05-18 10:17:50,1977.3,1389144
2021-05-18 10:17:51,1977.3,1389154
2021-05-18 10:17:52,1977.8,1389241
2021-05-18 10:17:53,1977.3,1389243
2021-05-18 10:17:54,1977.3,1389243
2021-05-18 10:17:55,1977.8,1389344
2021-05-18 10:17:57,1977.85,1389414
2021-05-18 10:17:58,1977.9,1389434
2021-05-18 10:17:59,1977.55,1389967
2021-05-18 10:18:00,1977.55,1389968
2021-05-18 10:18:01,1977.55,1389972
2021-05-18 10:18:02,1977.9,1390492
2021-05-18 10:18:03,1977.55,1390533
2021-05-18 10:18:04,1977.95,1390583
2021-05-18 10:18:05,1977.6,1390632
2021-05-18 10:18:06,1977.85,1390747
2021-05-18 10:18:07,1977.85,1390747
2021-05-18 10:18:08,1977.6,1390774
2021-05-18 10:18:09,1977.35,1390914
2021-05-18 10:18:10,1977.85,1390983
2021-05-18 10:18:11,1977.85,1390983
2021-05-18 10:18:12,1977.6,1391985
2021-05-18 10:18:13,1977.8,1392011
2021-05-18 10:18:14,1977.8,1392101
2021-05-18 10:18:15,1978.0,1392135
2021-05-18 10:18:16,1977.8,1392476
2021-05-18 10:18:17,1977.95,1392517
2021-05-18 10:18:18,1977.8,1392524
2021-05-18 10:18:19,1978.0,1392944
2021-05-18 10:18:20,1978.0,1392949
2021-05-18 10:18:21,1977.7,1392957
2021-05-18 10:18:22,1977.7,1392957
2021-05-18 10:18:23,1978.0,1393004
2021-05-18 10:18:24,1978.0,1393199
2021-05-18 10:18:25,1978.0,1393222
2021-05-18 10:18:26,1977.8,1393297
2021-05-18 10:18:27,1977.75,1393336
2021-05-18 10:18:28,1977.75,1393336
2021-05-18 10:18:29,1977.75,1393366
2021-05-18 10:18:30,1977.75,1393436
2021-05-18 10:18:31,1977.8,1393472
2021-05-18 10:18:32,1977.9,1393585
2021-05-18 10:18:33,1977.7,1393694
2021-05-18 10:18:34,1977.75,1393764
2021-05-18 10:18:35,1977.9,1393778
2021-05-18 10:18:37,1977.9,1393869
2021-05-18 10:18:36,1977.9,1393869
2021-05-18 10:18:39,1977.9,1393918
2021-05-18 10:18:40,1977.8,1394123
2021-05-18 10:18:41,1977.8,1394163
2021-05-18 10:18:42,1977.8,1395518
2021-05-18 10:18:43,1978.0,1395584
2021-05-18 10:18:44,1977.8,1395734
2021-05-18 10:18:45,1978.0,1395735
2021-05-18 10:18:46,1977.85,1396454
2021-05-18 10:18:47,1977.8,1396515
2021-05-18 10:18:48,1977.5,1396539
2021-05-18 10:18:49,1977.9,1396589
2021-05-18 10:18:50,1977.9,1396610
2021-05-18 10:18:51,1977.7,1396907
2021-05-18 10:18:52,1977.7,1396917
2021-05-18 10:18:55,1977.7,1396965
2021-05-18 10:18:56,1977.5,1397087
2021-05-18 10:18:57,1977.4,1397101
2021-05-18 10:18:58,1977.5,1397111
2021-05-18 10:18:59,1977.5,1397116
2021-05-18 10:19:00,1977.35,1397318
2021-05-18 10:19:01,1977.35,1397325
2021-05-18 10:19:02,1977.45,1397333
2021-05-18 10:19:03,1977.45,1397338
2021-05-18 10:19:04,1977.45,1397397
2021-05-18 10:19:05,1977.45,1397398
2021-05-18 10:19:06,1977.45,1397407
2021-05-18 10:19:07,1977.35,1397410
2021-05-18 10:19:08,1977.35,1397410
2021-05-18 10:19:09,1977.35,1397410
2021-05-18 10:19:10,1977.45,1397465
2021-05-18 10:19:11,1977.45,1397565
2021-05-18 10:19:12,1977.45,1397566
2021-05-18 10:19:13,1977.4,1397572
2021-05-18 10:19:14,1977.45,1397657
2021-05-18 10:19:15,1977.1,1398020
2021-05-18 10:19:16,1977.45,1398097
2021-05-18 10:19:17,1977.45,1398097
2021-05-18 10:19:18,1977.1,1398118
2021-05-18 10:19:19,1977.1,1398260
2021-05-18 10:19:20,1977.1,1398261
2021-05-18 10:19:21,1977.4,1398572
2021-05-18 10:19:22,1977.1,1398695
2021-05-18 10:19:23,1977.5,1398782
2021-05-18 10:19:24,1977.1,1398885
2021-05-18 10:19:25,1977.5,1398895
2021-05-18 10:19:26,1977.5,1398895
2021-05-18 10:19:27,1977.1,1398900
2021-05-18 10:19:28,1977.1,1398901
2021-05-18 10:19:29,1977.15,1398910
2021-05-18 10:19:30,1977.5,1398919
2021-05-18 10:19:31,1977.35,1399001
2021-05-18 10:19:32,1977.35,1399017
2021-05-18 10:19:33,1977.35,1399017
2021-05-18 10:19:34,1977.15,1399067
2021-05-18 10:19:35,1977.1,1399157
2021-05-18 10:19:37,1977.5,1399181
2021-05-18 10:19:37,1977.35,1399183
2021-05-18 10:19:38,1977.1,1399186
2021-05-18 10:19:39,1977.1,1399186
2021-05-18 10:19:40,1977.35,1399196
2021-05-18 10:19:41,1977.1,1399512
2021-05-18 10:19:43,1977.6,1400114
2021-05-18 10:19:43,1977.1,1400127
2021-05-18 10:19:44,1977.65,1400138
2021-05-18 10:19:45,1977.65,1400140
2021-05-18 10:19:46,1977.65,1400146
2021-05-18 10:19:47,1977.4,1400157
2021-05-18 10:19:48,1977.9,1400538
2021-05-18 10:19:49,1977.9,1400619
2021-05-18 10:19:52,1977.9,1400629
2021-05-18 10:19:52,1977.95,1400790
2021-05-18 10:19:55,1977.65,1401416
2021-05-18 10:19:56,1977.65,1401421
2021-05-18 10:19:57,1977.35,1401506
2021-05-18 10:19:58,1977.35,1401507
2021-05-18 10:19:59,1977.7,1401523
2021-05-18 10:20:00,1978.0,1401525
2021-05-18 10:20:01,1977.35,1401575
2021-05-18 10:20:02,1977.35,1401585
2021-05-18 10:20:03,1977.35,1401585
2021-05-18 10:20:05,1977.85,1401610
2021-05-18 10:20:06,1977.35,1401614
2021-05-18 10:20:06,1977.35,1401614
2021-05-18 10:20:07,1977.8,1401621
2021-05-18 10:20:08,1977.9,1401632
2021-05-18 10:20:09,1977.8,1401662
2021-05-18 10:20:10,1977.9,1401664
2021-05-18 10:20:11,1977.9,1401688
2021-05-18 10:20:12,1977.15,1403188
2021-05-18 10:20:13,1977.85,1403404
2021-05-18 10:20:14,1977.85,1403404
2021-05-18 10:20:15,1977.35,1403423
2021-05-18 10:20:16,1977.35,1403613
2021-05-18 10:20:17,1977.35,1403616
2021-05-18 10:20:19,1977.2,1403779
2021-05-18 10:20:19,1977.35,1403729
2021-05-18 10:20:20,1977.85,1403782
2021-05-18 10:20:21,1977.35,1403958
2021-05-18 10:20:22,1977.35,1404070
2021-05-18 10:20:23,1977.35,1404082
2021-05-18 10:20:24,1978.0,1404216
2021-05-18 10:20:25,1978.0,1404216
2021-05-18 10:20:26,1977.4,1404219
2021-05-18 10:20:28,1977.85,1404265
2021-05-18 10:20:30,1977.4,1404387
2021-05-18 10:20:30,1977.4,1404387
2021-05-18 10:20:31,1977.4,1404387
2021-05-18 10:20:32,1978.0,1404406
2021-05-18 10:20:33,1978.0,1404416
2021-05-18 10:20:35,1977.4,1404491
2021-05-18 10:20:36,1977.4,1404548
2021-05-18 10:20:37,1977.4,1404901
2021-05-18 10:20:38,1977.4,1404959
2021-05-18 10:20:40,1978.0,1405025
2021-05-18 10:20:42,1978.0,1405025
2021-05-18 10:20:42,1977.5,1405070
2021-05-18 10:20:43,1977.5,1405146
2021-05-18 10:20:44,1978.0,1405147
2021-05-18 10:20:45,1977.5,1405162
2021-05-18 10:20:46,1977.5,1405162
2021-05-18 10:20:47,1978.0,1405262
2021-05-18 10:20:48,1978.0,1405298
2021-05-18 10:20:49,1977.5,1405303
2021-05-18 10:20:50,1977.5,1405303
2021-05-18 10:20:51,1978.0,1405313
2021-05-18 10:20:52,1977.3,1405733
2021-05-18 10:20:53,1977.95,1405735
2021-05-18 10:20:55,1977.95,1405750
2021-05-18 10:20:55,1977.95,1405748
2021-05-18 10:20:56,1977.95,1408029
2021-05-18 10:20:57,1977.95,1408029
2021-05-18 10:20:58,1977.7,1408055
2021-05-18 10:20:59,1978.1,1409669
2021-05-18 10:21:00,1978.1,1409745
2021-05-18 10:21:02,1977.95,1409755
2021-05-18 10:21:03,1977.95,1410506
2021-05-18 10:21:04,1977.95,1410708
2021-05-18 10:21:05,1977.95,1410793
2021-05-18 10:21:06,1978.0,1410806
2021-05-18 10:21:08,1977.95,1410813
2021-05-18 10:21:08,1977.95,1410843
2021-05-18 10:21:09,1977.95,1410860
2021-05-18 10:21:10,1978.0,1410861
2021-05-18 10:21:11,1978.0,1410877
2021-05-18 10:21:12,1978.0,1410890
2021-05-18 10:21:13,1978.0,1410893
2021-05-18 10:21:15,1978.0,1411045
2021-05-18 10:21:15,1978.0,1411050
2021-05-18 10:21:16,1978.0,1411077
2021-05-18 10:21:18,1977.95,1411079
2021-05-18 10:21:18,1978.0,1411082
2021-05-18 10:21:19,1977.9,1411349
2021-05-18 10:21:20,1977.95,1411354
2021-05-18 10:21:21,1977.95,1411403
2021-05-18 10:21:22,1977.9,1411435
2021-05-18 10:21:23,1977.9,1411437
2021-05-18 10:21:25,1977.9,1411538
2021-05-18 10:21:25,1977.95,1411539
2021-05-18 10:21:26,1977.9,1411542
2021-05-18 10:21:27,1977.9,1411543
2021-05-18 10:21:28,1977.9,1411549
2021-05-18 10:21:29,1977.9,1411549
2021-05-18 10:21:30,1977.9,1411549
2021-05-18 10:21:31,1977.95,1411624
2021-05-18 10:21:32,1977.95,1411650
2021-05-18 10:21:33,1977.65,1412475
2021-05-18 10:21:34,1977.9,1412680
2021-05-18 10:21:35,1977.5,1412708
2021-05-18 10:21:36,1977.5,1412735
2021-05-18 10:21:37,1977.5,1412772
2021-05-18 10:21:38,1977.9,1412778
2021-05-18 10:21:40,1977.5,1412860
2021-05-18 10:21:41,1977.9,1412894
2021-05-18 10:21:42,1977.55,1412905
2021-05-18 10:21:43,1977.75,1412948
2021-05-18 10:21:45,1977.9,1412949
2021-05-18 10:21:46,1977.85,1412958
2021-05-18 10:21:47,1977.9,1412959
2021-05-18 10:21:48,1977.55,1412963
2021-05-18 10:21:49,1977.55,1412986
2021-05-18 10:21:50,1977.5,1413005
2021-05-18 10:21:51,1977.5,1413005
2021-05-18 10:21:52,1977.9,1413015
2021-05-18 10:21:53,1977.9,1413023
2021-05-18 10:21:54,1977.9,1413074
2021-05-18 10:21:56,1977.9,1413110
2021-05-18 10:21:57,1977.55,1413114
2021-05-18 10:21:58,1977.55,1413133
2021-05-18 10:21:59,1977.55,1413155
2021-05-18 10:21:59,1977.9,1413160
2021-05-18 10:22:01,1977.95,1413182
2021-05-18 10:22:02,1978.0,1413295
2021-05-18 10:22:03,1977.6,1413389
2021-05-18 10:22:04,1977.55,1413485
2021-05-18 10:22:06,1977.5,1413495
2021-05-18 10:22:07,1977.55,1413556
2021-05-18 10:22:07,1977.55,1413556
2021-05-18 10:22:08,1977.5,1413639
2021-05-18 10:22:09,1977.5,1413766
2021-05-18 10:22:12,1977.5,1414027
2021-05-18 10:22:13,1977.6,1414031
2021-05-18 10:22:14,1977.6,1414099
2021-05-18 10:22:14,1977.6,1414099
2021-05-18 10:22:15,1977.6,1414102
2021-05-18 10:22:17,1977.6,1414206
2021-05-18 10:22:17,1977.8,1414241
2021-05-18 10:22:18,1977.6,1414305
2021-05-18 10:22:19,1977.6,1414443
2021-05-18 10:22:20,1977.85,1414493
2021-05-18 10:22:22,1977.85,1414530
2021-05-18 10:22:23,1977.85,1414645
2021-05-18 10:22:24,1978.0,1414746
2021-05-18 10:22:25,1977.95,1414767
2021-05-18 10:22:27,1978.1,1415577
2021-05-18 10:22:28,1977.95,1415582
2021-05-18 10:22:29,1978.1,1415835
2021-05-18 10:22:30,1978.0,1418163
2021-05-18 10:22:31,1978.2,1418698
2021-05-18 10:22:32,1978.6,1418767
2021-05-18 10:22:33,1978.6,1418915
2021-05-18 10:22:34,1979.0,1419674
2021-05-18 10:22:35,1978.25,1419846
2021-05-18 10:22:36,1978.25,1419918
2021-05-18 10:22:37,1978.95,1419925
2021-05-18 10:22:38,1978.95,1419936
2021-05-18 10:22:39,1978.3,1419991
2021-05-18 10:22:40,1978.3,1419991
2021-05-18 10:22:41,1978.65,1420207
2021-05-18 10:22:42,1978.65,1420438
2021-05-18 10:22:43,1978.3,1420927
2021-05-18 10:22:45,1978.55,1420973
2021-05-18 10:22:46,1978.15,1421045
2021-05-18 10:22:47,1977.6,1421262
2021-05-18 10:22:48,1978.15,1421399
2021-05-18 10:22:49,1977.6,1421467
2021-05-18 10:22:49,1978.15,1421462
2021-05-18 10:22:50,1977.6,1421630
2021-05-18 10:22:51,1977.65,1421675
2021-05-18 10:22:52,1977.5,1422001
2021-05-18 10:22:53,1977.5,1422122
2021-05-18 10:22:54,1977.5,1422907
2021-05-18 10:22:55,1976.3,1423733
2021-05-18 10:22:57,1977.2,1423734
2021-05-18 10:22:58,1976.4,1423835
2021-05-18 10:22:59,1977.2,1423864
2021-05-18 10:22:59,1977.2,1423864
2021-05-18 10:23:00,1976.65,1424051
2021-05-18 10:23:01,1976.65,1424051
2021-05-18 10:23:02,1977.0,1424054
2021-05-18 10:23:05,1976.7,1424056
2021-05-18 10:23:06,1976.4,1425256
2021-05-18 10:23:08,1977.15,1425463
2021-05-18 10:23:08,1977.15,1425463
2021-05-18 10:23:09,1977.25,1425464
2021-05-18 10:23:10,1977.15,1425537
2021-05-18 10:23:11,1977.2,1425717
2021-05-18 10:23:13,1977.15,1425723
2021-05-18 10:23:12,1976.7,1425722
2021-05-18 10:23:14,1977.2,1425746
2021-05-18 10:23:16,1977.15,1425779
2021-05-18 10:23:17,1977.15,1425779
2021-05-18 10:23:18,1977.05,1425780
2021-05-18 10:23:20,1977.85,1425831
2021-05-18 10:23:21,1977.05,1425874
2021-05-18 10:23:22,1977.05,1425906
2021-05-18 10:23:22,1977.7,1425913
2021-05-18 10:23:23,1977.7,1426063
2021-05-18 10:23:24,1977.15,1426067
2021-05-18 10:23:25,1977.15,1426159
2021-05-18 10:23:26,1977.15,1426159
2021-05-18 10:23:27,1977.75,1426360
2021-05-18 10:23:28,1977.15,1426371
2021-05-18 10:23:29,1977.15,1426371
2021-05-18 10:23:31,1977.15,1426502
2021-05-18 10:23:32,1977.15,1426657
2021-05-18 10:23:32,1977.15,1426657
2021-05-18 10:23:33,1977.8,1426747
2021-05-18 10:23:34,1977.85,1426756
2021-05-18 10:23:35,1977.2,1426773
2021-05-18 10:23:36,1977.75,1426780
2021-05-18 10:23:37,1977.15,1426840
2021-05-18 10:23:40,1977.55,1427164
2021-05-18 10:23:41,1977.6,1427179
2021-05-18 10:23:42,1977.55,1427182
2021-05-18 10:23:42,1977.55,1427182
2021-05-18 10:23:43,1977.35,1427184
2021-05-18 10:23:44,1977.35,1427184
2021-05-18 10:23:45,1977.55,1427192
2021-05-18 10:23:46,1977.55,1427197
2021-05-18 10:23:47,1977.4,1427200
2021-05-18 10:23:49,1977.4,1427203
2021-05-18 10:23:50,1977.35,1427243
2021-05-18 10:23:51,1977.65,1427446
2021-05-18 10:23:51,1977.65,1427446
2021-05-18 10:23:52,1977.65,1427446
2021-05-18 10:23:53,1977.05,1427833
2021-05-18 10:23:54,1977.05,1427833
2021-05-18 10:23:55,1977.65,1427860
2021-05-18 10:23:56,1977.65,1427892
2021-05-18 10:23:57,1977.05,1427898
2021-05-18 10:23:58,1977.05,1427951
2021-05-18 10:23:59,1977.05,1427951
2021-05-18 10:24:00,1978.0,1428711
2021-05-18 10:24:01,1977.15,1428748
2021-05-18 10:24:04,1977.5,1428767
2021-05-18 10:24:05,1977.15,1428768
2021-05-18 10:24:06,1977.15,1428853
2021-05-18 10:24:07,1977.5,1428862
2021-05-18 10:24:07,1977.5,1428862
2021-05-18 10:24:08,1977.5,1428917
2021-05-18 10:24:09,1977.5,1428920
2021-05-18 10:24:10,1977.5,1428921
2021-05-18 10:24:12,1977.5,1428953
2021-05-18 10:24:13,1977.0,1429356
2021-05-18 10:24:14,1977.5,1429488
2021-05-18 10:24:15,1977.5,1429488
2021-05-18 10:24:16,1977.2,1429505
2021-05-18 10:24:16,1977.2,1429505
2021-05-18 10:24:17,1977.0,1429522
2021-05-18 10:24:18,1977.05,1429566
2021-05-18 10:24:19,1977.5,1429583
2021-05-18 10:24:21,1977.0,1429683
2021-05-18 10:24:22,1977.6,1429696
2021-05-18 10:24:23,1977.5,1429740
2021-05-18 10:24:23,1977.5,1429750
2021-05-18 10:24:24,1977.5,1429750
2021-05-18 10:24:25,1977.6,1429751
2021-05-18 10:24:26,1977.55,1429761
2021-05-18 10:24:27,1977.5,1429872
2021-05-18 10:24:29,1977.5,1429877
2021-05-18 10:24:30,1977.55,1429883
2021-05-18 10:24:31,1977.55,1429912
2021-05-18 10:24:31,1977.55,1429912
2021-05-18 10:24:32,1977.55,1429912
2021-05-18 10:24:33,1977.55,1430016
2021-05-18 10:24:34,1977.55,1430432
2021-05-18 10:24:35,1977.55,1430449
2021-05-18 10:24:36,1977.8,1430473
2021-05-18 10:24:37,1977.6,1435444
2021-05-18 10:24:38,1978.0,1435446
2021-05-18 10:24:39,1977.8,1435461
2021-05-18 10:24:40,1977.75,1435588
2021-05-18 10:24:41,1978.2,1436400
2021-05-18 10:24:42,1977.75,1436422
2021-05-18 10:24:43,1977.75,1436737
2021-05-18 10:24:44,1978.0,1436837
2021-05-18 10:24:45,1978.0,1436863
2021-05-18 10:24:48,1977.8,1436874
2021-05-18 10:24:50,1978.0,1436960
2021-05-18 10:24:51,1978.0,1437015
2021-05-18 10:24:52,1978.45,1437042
2021-05-18 10:24:53,1978.05,1437048
2021-05-18 10:24:54,1978.0,1437158
2021-05-18 10:24:54,1978.0,1437272
2021-05-18 10:24:55,1978.0,1437338
2021-05-18 10:24:57,1978.0,1437478
2021-05-18 10:24:58,1978.0,1437479
2021-05-18 10:24:59,1978.1,1438210
2021-05-18 10:25:00,1978.1,1438210
2021-05-18 10:25:00,1978.1,1438210
2021-05-18 10:25:01,1978.0,1438213
2021-05-18 10:25:03,1978.0,1438224
2021-05-18 10:25:04,1978.0,1438313
2021-05-18 10:25:05,1978.0,1438415
2021-05-18 10:25:06,1977.8,1438437
2021-05-18 10:25:06,1977.8,1438437
2021-05-18 10:25:07,1977.55,1438603
2021-05-18 10:25:08,1977.8,1438619
2021-05-18 10:25:09,1977.8,1438693
2021-05-18 10:25:10,1977.75,1438764
2021-05-18 10:25:11,1978.0,1438765
2021-05-18 10:25:12,1977.8,1438767
2021-05-18 10:25:14,1978.0,1438768
2021-05-18 10:25:15,1977.8,1438896
2021-05-18 10:25:16,1977.75,1438934
2021-05-18 10:25:16,1977.75,1438934
2021-05-18 10:25:17,1977.75,1438940
2021-05-18 10:25:19,1977.75,1438942
2021-05-18 10:25:20,1977.75,1438942
2021-05-18 10:25:21,1977.8,1439078
2021-05-18 10:25:22,1978.0,1439149
2021-05-18 10:25:23,1977.75,1439195
2021-05-18 10:25:23,1977.75,1439195
2021-05-18 10:25:24,1978.0,1439262
2021-05-18 10:25:25,1977.75,1439273
2021-05-18 10:25:26,1977.75,1439273
2021-05-18 10:25:29,1977.95,1439347
2021-05-18 10:25:30,1978.0,1439359
2021-05-18 10:25:31,1978.0,1439369
2021-05-18 10:25:32,1978.0,1439369
2021-05-18 10:25:33,1977.95,1439370
2021-05-18 10:25:33,1977.95,1439370
2021-05-18 10:25:34,1977.95,1439370
2021-05-18 10:25:35,1977.95,1440631
2021-05-18 10:25:36,1978.25,1440648
2021-05-18 10:25:37,1977.95,1440728
2021-05-18 10:25:38,1978.25,1440921
2021-05-18 10:25:40,1978.45,1440932
2021-05-18 10:25:41,1978.3,1440933
2021-05-18 10:25:42,1978.45,1440968
2021-05-18 10:25:43,1978.45,1440975
2021-05-18 10:25:44,1978.3,1440992
2021-05-18 10:25:45,1978.25,1440993
2021-05-18 10:25:46,1978.25,1441018
2021-05-18 10:25:47,1978.25,1441039
2021-05-18 10:25:48,1978.25,1441066
2021-05-18 10:25:50,1978.15,1441161
2021-05-18 10:25:51,1978.35,1441266
2021-05-18 10:25:52,1978.4,1441271
2021-05-18 10:25:53,1978.25,1441272
2021-05-18 10:25:53,1978.25,1441272
2021-05-18 10:25:55,1978.4,1441278
2021-05-18 10:25:56,1978.25,1441291
2021-05-18 10:25:57,1978.0,1441316
2021-05-18 10:25:58,1978.45,1441329
2021-05-18 10:25:58,1978.45,1441329
2021-05-18 10:25:59,1978.45,1441329
2021-05-18 10:26:00,1978.0,1441544
2021-05-18 10:26:01,1978.0,1441544
2021-05-18 10:26:02,1978.0,1441550
2021-05-18 10:26:03,1978.0,1441550
2021-05-18 10:26:05,1978.4,1441560
2021-05-18 10:26:07,1978.5,1441612
2021-05-18 10:26:08,1978.25,1441613
2021-05-18 10:26:09,1978.25,1441613
2021-05-18 10:26:09,1978.25,1441613
2021-05-18 10:26:10,1978.45,1441632
2021-05-18 10:26:12,1978.45,1441632
2021-05-18 10:26:13,1978.35,1441638
2021-05-18 10:26:14,1978.35,1441638
2021-05-18 10:26:16,1978.5,1441731
2021-05-18 10:26:17,1978.35,1441817
2021-05-18 10:26:17,1978.35,1442018
2021-05-18 10:26:19,1978.5,1442038
2021-05-18 10:26:20,1978.35,1442059
2021-05-18 10:26:21,1978.45,1442060
2021-05-18 10:26:22,1978.4,1442068
2021-05-18 10:26:23,1978.4,1442121
2021-05-18 10:26:24,1978.5,1442161
2021-05-18 10:26:25,1978.45,1442166
2021-05-18 10:26:27,1978.45,1442166
2021-05-18 10:26:28,1978.45,1442212
2021-05-18 10:26:29,1978.45,1442212
2021-05-18 10:26:30,1978.45,1442256
2021-05-18 10:26:30,1978.45,1442257
2021-05-18 10:26:31,1978.45,1442387
2021-05-18 10:26:33,1978.45,1442411
2021-05-18 10:26:34,1978.45,1442442
2021-05-18 10:26:35,1978.45,1442463
2021-05-18 10:26:36,1978.5,1442537
2021-05-18 10:26:36,1978.5,1442534
2021-05-18 10:26:38,1978.45,1442584
2021-05-18 10:26:39,1978.5,1445568
2021-05-18 10:26:40,1978.45,1445657
2021-05-18 10:26:41,1978.45,1445662
2021-05-18 10:26:41,1978.45,1445662
2021-05-18 10:26:43,1978.45,1445704
2021-05-18 10:26:44,1978.45,1445706
2021-05-18 10:26:46,1978.5,1446086
2021-05-18 10:26:46,1978.5,1446086
2021-05-18 10:26:48,1978.45,1446087
2021-05-18 10:26:49,1978.45,1446087
2021-05-18 10:26:50,1978.5,1446633
2021-05-18 10:26:51,1978.5,1446694
2021-05-18 10:26:52,1978.45,1446746
2021-05-18 10:26:53,1978.45,1447502
2021-05-18 10:26:53,1978.45,1447507
2021-05-18 10:26:55,1978.5,1447537
2021-05-18 10:26:57,1978.45,1447690
2021-05-18 10:26:58,1978.5,1447839
2021-05-18 10:26:58,1978.45,1447918
2021-05-18 10:26:59,1978.45,1447918
2021-05-18 10:27:01,1978.45,1448070
2021-05-18 10:27:02,1978.45,1448411
2021-05-18 10:27:03,1978.45,1448429
2021-05-18 10:27:04,1978.45,1449004
2021-05-18 10:27:05,1978.45,1449081
2021-05-18 10:27:06,1978.5,1449373
2021-05-18 10:27:06,1978.5,1449376
2021-05-18 10:27:07,1978.45,1449406
2021-05-18 10:27:10,1978.5,1449460
2021-05-18 10:27:11,1978.5,1449465
2021-05-18 10:27:12,1978.0,1450980
2021-05-18 10:27:13,1977.95,1451311
2021-05-18 10:27:14,1977.05,1451314
2021-05-18 10:27:14,1977.05,1451314
2021-05-18 10:27:15,1977.05,1451481
2021-05-18 10:27:17,1977.9,1451509
2021-05-18 10:27:18,1977.15,1451510
2021-05-18 10:27:19,1977.25,1452267
2021-05-18 10:27:20,1978.15,1452303
2021-05-18 10:27:21,1978.15,1452314
2021-05-18 10:27:21,1978.15,1452314
2021-05-18 10:27:24,1977.95,1452361
2021-05-18 10:27:25,1978.15,1452435
2021-05-18 10:27:26,1977.95,1452530
2021-05-18 10:27:27,1977.95,1453022
2021-05-18 10:27:28,1978.5,1453155
2021-05-18 10:27:28,1978.5,1453155
2021-05-18 10:27:29,1978.5,1453167
2021-05-18 10:27:31,1978.5,1453167
2021-05-18 10:27:32,1978.0,1453228
2021-05-18 10:27:33,1977.95,1453239
2021-05-18 10:27:34,1978.0,1453372
2021-05-18 10:27:35,1977.95,1453522
2021-05-18 10:27:35,1977.95,1453522
2021-05-18 10:27:37,1977.95,1453602
2021-05-18 10:27:39,1978.0,1453715
2021-05-18 10:27:40,1978.3,1453776
2021-05-18 10:27:41,1978.0,1453782
2021-05-18 10:27:41,1978.0,1453782
2021-05-18 10:27:42,1977.95,1453936
2021-05-18 10:27:43,1977.95,1453944
2021-05-18 10:27:45,1977.95,1453944
2021-05-18 10:27:46,1977.95,1453944
2021-05-18 10:27:47,1978.25,1453994
2021-05-18 10:27:48,1978.25,1454005
2021-05-18 10:27:48,1978.25,1454005
2021-05-18 10:27:49,1977.95,1454030
2021-05-18 10:27:51,1978.5,1454188
2021-05-18 10:27:52,1978.25,1454203
2021-05-18 10:27:54,1978.5,1454307
2021-05-18 10:27:55,1977.95,1454337
2021-05-18 10:27:55,1977.95,1454337
2021-05-18 10:27:58,1978.0,1454364
2021-05-18 10:27:59,1978.0,1454370
2021-05-18 10:28:00,1978.5,1454411
2021-05-18 10:28:01,1978.05,1454911
2021-05-18 10:28:03,1978.15,1455239
2021-05-18 10:28:02,1978.15,1455239
2021-05-18 10:28:04,1978.35,1455420
2021-05-18 10:28:05,1978.45,1455424
2021-05-18 10:28:07,1978.45,1455471
2021-05-18 10:28:08,1978.45,1455510
2021-05-18 10:28:09,1978.45,1455510
2021-05-18 10:28:10,1978.35,1455637
2021-05-18 10:28:11,1978.45,1455654
2021-05-18 10:28:12,1978.45,1456832
2021-05-18 10:28:13,1978.45,1456864
2021-05-18 10:28:14,1978.45,1456865
2021-05-18 10:28:16,1978.2,1457160
2021-05-18 10:28:17,1978.05,1457164
2021-05-18 10:28:18,1978.05,1457164
2021-05-18 10:28:19,1978.05,1457174
2021-05-18 10:28:20,1978.2,1457187
2021-05-18 10:28:21,1978.2,1458012
2021-05-18 10:28:22,1978.2,1458012
2021-05-18 10:28:23,1977.7,1458191
2021-05-18 10:28:24,1978.2,1458195
2021-05-18 10:28:25,1978.2,1458260
2021-05-18 10:28:26,1978.2,1458262
2021-05-18 10:28:27,1977.75,1458922
2021-05-18 10:28:28,1977.7,1458933
2021-05-18 10:28:29,1978.05,1459009
2021-05-18 10:28:30,1978.05,1459009
2021-05-18 10:28:31,1977.95,1459012
2021-05-18 10:28:32,1977.7,1459034
2021-05-18 10:28:33,1977.7,1459034
2021-05-18 10:28:34,1977.95,1459036
2021-05-18 10:28:36,1977.7,1459088
2021-05-18 10:28:37,1978.05,1459107
2021-05-18 10:28:38,1978.15,1459118
2021-05-18 10:28:39,1978.05,1459228
2021-05-18 10:28:40,1978.15,1459229
2021-05-18 10:28:41,1978.1,1459231
2021-05-18 10:28:42,1978.1,1459236
2021-05-18 10:28:43,1978.05,1459266
2021-05-18 10:28:44,1977.7,1459423
2021-05-18 10:28:45,1977.65,1459472
2021-05-18 10:28:46,1977.65,1459473
2021-05-18 10:28:47,1978.0,1459608
2021-05-18 10:28:48,1977.5,1459609
2021-05-18 10:28:49,1977.5,1459611
2021-05-18 10:28:50,1977.5,1459611
2021-05-18 10:28:51,1977.5,1459612
2021-05-18 10:28:52,1978.0,1459641
2021-05-18 10:28:53,1977.65,1459692
2021-05-18 10:28:54,1978.0,1459698
2021-05-18 10:28:56,1977.65,1459720
2021-05-18 10:28:55,1977.65,1459720
2021-05-18 10:28:57,1977.5,1459770
2021-05-18 10:28:58,1977.5,1459778
2021-05-18 10:28:59,1978.05,1459889
2021-05-18 10:29:00,1978.05,1459889
2021-05-18 10:29:01,1978.1,1459892
2021-05-18 10:29:02,1978.25,1460386
2021-05-18 10:29:03,1978.45,1460419
2021-05-18 10:29:05,1978.15,1460444
2021-05-18 10:29:06,1978.45,1460462
2021-05-18 10:29:07,1978.15,1460463
2021-05-18 10:29:08,1978.15,1460466
2021-05-18 10:29:09,1978.45,1460469
2021-05-18 10:29:10,1978.45,1460472
2021-05-18 10:29:12,1978.2,1460532
2021-05-18 10:29:13,1978.15,1460533
2021-05-18 10:29:14,1978.15,1460539
2021-05-18 10:29:15,1978.15,1460539
2021-05-18 10:29:16,1978.4,1460642
2021-05-18 10:29:17,1978.4,1460642
2021-05-18 10:29:18,1978.2,1460656
2021-05-18 10:29:19,1978.15,1460668
2021-05-18 10:29:20,1978.15,1460671
2021-05-18 10:29:21,1978.15,1460671
2021-05-18 10:29:22,1978.15,1460782
2021-05-18 10:29:23,1978.15,1460788
2021-05-18 10:29:24,1978.15,1460788
2021-05-18 10:29:25,1978.15,1460788
2021-05-18 10:29:26,1978.2,1460814
2021-05-18 10:29:28,1978.25,1462357
2021-05-18 10:29:29,1978.25,1462358
2021-05-18 10:29:30,1978.25,1462395
2021-05-18 10:29:31,1978.25,1462403
2021-05-18 10:29:32,1978.5,1462514
2021-05-18 10:29:33,1978.8,1462585
2021-05-18 10:29:35,1978.25,1462721
2021-05-18 10:29:37,1978.25,1462759
2021-05-18 10:29:36,1978.2,1462757
2021-05-18 10:29:38,1978.25,1462845
2021-05-18 10:29:39,1978.25,1463153
2021-05-18 10:29:40,1978.75,1463163
2021-05-18 10:29:41,1978.25,1463198
2021-05-18 10:29:42,1978.25,1463198
2021-05-18 10:29:43,1978.25,1463210
2021-05-18 10:29:44,1978.4,1463241
2021-05-18 10:29:45,1978.4,1463241
2021-05-18 10:29:46,1978.4,1463291
2021-05-18 10:29:47,1978.4,1463295
2021-05-18 10:29:48,1978.7,1463403
2021-05-18 10:29:49,1978.7,1463403
2021-05-18 10:29:50,1978.7,1463403
2021-05-18 10:29:51,1978.25,1463554
2021-05-18 10:29:52,1978.25,1463554
2021-05-18 10:29:53,1978.7,1463676
2021-05-18 10:29:55,1978.9,1463803
2021-05-18 10:29:54,1978.9,1463803
2021-05-18 10:29:56,1978.45,1463830
2021-05-18 10:29:57,1978.75,1463970
2021-05-18 10:29:58,1978.45,1464001
2021-05-18 10:29:59,1978.45,1464026
2021-05-18 10:30:00,1978.45,1464048
2021-05-18 10:30:01,1978.7,1464159
2021-05-18 10:30:02,1978.45,1464173
2021-05-18 10:30:03,1978.75,1464194
2021-05-18 10:30:04,1978.75,1464194
2021-05-18 10:30:05,1978.85,1464225
2021-05-18 10:30:06,1978.5,1464256
2021-05-18 10:30:07,1978.5,1464389
2021-05-18 10:30:09,1978.5,1464389
2021-05-18 10:30:10,1978.5,1464389
2021-05-18 10:30:10,1978.5,1464389
2021-05-18 10:30:11,1978.5,1464390
2021-05-18 10:30:12,1978.75,1464394
2021-05-18 10:30:13,1978.5,1464395
2021-05-18 10:30:14,1978.85,1464405
2021-05-18 10:30:15,1978.6,1464407
2021-05-18 10:30:16,1978.65,1464448
2021-05-18 10:30:17,1978.65,1464450
2021-05-18 10:30:18,1978.7,1464484
2021-05-18 10:30:20,1978.65,1464489
2021-05-18 10:30:20,1978.65,1464489
2021-05-18 10:30:21,1978.85,1464514
2021-05-18 10:30:22,1978.85,1464557
2021-05-18 10:30:23,1978.9,1465016
2021-05-18 10:30:24,1978.95,1465017
2021-05-18 10:30:26,1979.0,1465723
2021-05-18 10:30:26,1978.8,1465783
2021-05-18 10:30:27,1979.0,1465791
2021-05-18 10:30:28,1978.8,1465884
2021-05-18 10:30:29,1978.8,1465884
2021-05-18 10:30:30,1978.95,1466025
2021-05-18 10:30:31,1978.95,1466325
2021-05-18 10:30:33,1978.85,1466438
2021-05-18 10:30:33,1978.95,1466583
2021-05-18 10:30:34,1979.1,1467068
2021-05-18 10:30:35,1979.35,1467075
2021-05-18 10:30:36,1979.0,1467092
2021-05-18 10:30:37,1979.2,1467161
2021-05-18 10:30:38,1979.2,1467294
2021-05-18 10:30:39,1979.35,1467413
2021-05-18 10:30:40,1979.0,1467618
2021-05-18 10:30:42,1979.0,1467721
2021-05-18 10:30:42,1979.0,1467721
2021-05-18 10:30:43,1979.3,1467823
2021-05-18 10:30:44,1979.4,1468518
2021-05-18 10:30:45,1979.4,1468582
2021-05-18 10:30:47,1979.4,1468582
2021-05-18 10:30:47,1979.0,1468607
2021-05-18 10:30:48,1979.2,1469050
2021-05-18 10:30:49,1979.2,1469063
2021-05-18 10:30:50,1979.2,1469069
2021-05-18 10:30:52,1979.2,1469078
2021-05-18 10:30:52,1979.2,1469078
2021-05-18 10:30:53,1979.35,1470214
2021-05-18 10:30:54,1979.35,1470224
2021-05-18 10:30:55,1979.35,1470233
2021-05-18 10:30:56,1979.05,1470249
2021-05-18 10:30:58,1979.3,1470348
2021-05-18 10:30:59,1979.05,1470391
2021-05-18 10:31:00,1979.05,1470735
2021-05-18 10:31:01,1979.1,1470740
2021-05-18 10:31:02,1979.1,1470740
2021-05-18 10:31:03,1979.1,1470770
2021-05-18 10:31:04,1979.1,1470790
2021-05-18 10:31:05,1979.1,1470974
2021-05-18 10:31:06,1979.0,1471587
2021-05-18 10:31:07,1978.8,1471821
2021-05-18 10:31:08,1978.8,1472262
2021-05-18 10:31:10,1978.8,1472289
2021-05-18 10:31:10,1978.8,1472289
2021-05-18 10:31:11,1978.9,1472292
2021-05-18 10:31:13,1978.85,1472955
2021-05-18 10:31:14,1978.5,1473289
2021-05-18 10:31:15,1978.0,1473315
2021-05-18 10:31:16,1978.0,1473332
2021-05-18 10:31:17,1978.0,1473377
2021-05-18 10:31:18,1978.6,1473476
2021-05-18 10:31:21,1978.0,1473486
2021-05-18 10:31:22,1978.6,1473509
2021-05-18 10:31:22,1978.6,1473509
2021-05-18 10:31:23,1978.0,1473512
2021-05-18 10:31:24,1978.6,1473513
2021-05-18 10:31:25,1978.6,1473713
2021-05-18 10:31:26,1978.6,1473713
2021-05-18 10:31:27,1978.6,1473747
2021-05-18 10:31:28,1978.1,1473748
2021-05-18 10:31:29,1978.1,1473748
2021-05-18 10:31:30,1978.6,1473950
2021-05-18 10:31:32,1978.9,1474178
2021-05-18 10:31:32,1978.65,1474165
2021-05-18 10:31:33,1978.65,1474184
2021-05-18 10:31:34,1978.65,1474184
2021-05-18 10:31:35,1978.95,1474187
2021-05-18 10:31:36,1978.95,1474189
2021-05-18 10:31:37,1978.65,1474226
2021-05-18 10:31:38,1978.35,1474580
2021-05-18 10:31:39,1978.95,1474585
2021-05-18 10:31:40,1978.65,1474587
2021-05-18 10:31:41,1978.65,1474596
2021-05-18 10:31:42,1979.0,1474625
2021-05-18 10:31:43,1978.95,1474632
2021-05-18 10:31:45,1978.65,1474734
2021-05-18 10:31:46,1978.65,1474762
2021-05-18 10:31:47,1979.0,1475007
2021-05-18 10:31:48,1978.65,1475062
2021-05-18 10:31:49,1978.65,1475112
2021-05-18 10:31:50,1978.95,1475145
2021-05-18 10:31:51,1979.0,1475254
2021-05-18 10:31:52,1978.7,1475255
2021-05-18 10:31:54,1979.0,1475259
2021-05-18 10:31:54,1979.0,1475259
2021-05-18 10:31:55,1978.7,1475271
2021-05-18 10:31:56,1978.7,1475291
2021-05-18 10:31:57,1978.7,1475333
2021-05-18 10:31:58,1979.0,1475350
2021-05-18 10:31:59,1978.7,1475577
2021-05-18 10:32:00,1979.0,1475593
2021-05-18 10:32:01,1979.0,1475872
2021-05-18 10:32:02,1978.95,1475874
2021-05-18 10:32:03,1979.0,1476216
2021-05-18 10:32:04,1979.0,1476241
2021-05-18 10:32:06,1979.0,1476324
2021-05-18 10:32:08,1978.75,1476365
2021-05-18 10:32:08,1978.75,1476360
2021-05-18 10:32:09,1979.0,1476366
2021-05-18 10:32:10,1978.75,1476418
2021-05-18 10:32:11,1978.75,1476418
2021-05-18 10:32:12,1978.2,1476789
2021-05-18 10:32:13,1978.5,1476794
2021-05-18 10:32:14,1978.65,1476848
2021-05-18 10:32:15,1978.5,1476988
2021-05-18 10:32:16,1978.6,1477145
2021-05-18 10:32:18,1978.0,1477190
2021-05-18 10:32:19,1978.0,1477190
2021-05-18 10:32:20,1978.6,1477205
2021-05-18 10:32:21,1978.65,1477239
2021-05-18 10:32:22,1978.7,1477318
2021-05-18 10:32:23,1978.0,1477325
2021-05-18 10:32:24,1978.0,1477325
2021-05-18 10:32:25,1978.65,1477426
2021-05-18 10:32:26,1978.15,1477549
2021-05-18 10:32:27,1978.15,1477599
2021-05-18 10:32:28,1978.9,1477715
2021-05-18 10:32:31,1978.0,1477843
2021-05-18 10:32:32,1978.05,1477854
2021-05-18 10:32:34,1978.0,1477881
2021-05-18 10:32:35,1978.0,1477901
2021-05-18 10:32:36,1978.6,1477920
2021-05-18 10:32:36,1978.6,1477920
2021-05-18 10:32:37,1978.7,1477984
2021-05-18 10:32:38,1979.0,1478051
2021-05-18 10:32:39,1978.7,1478153
2021-05-18 10:32:40,1978.7,1478173
2021-05-18 10:32:41,1978.7,1478174
2021-05-18 10:32:43,1978.7,1478178
2021-05-18 10:32:44,1978.4,1478319
2021-05-18 10:32:45,1978.95,1478387
2021-05-18 10:32:46,1978.6,1478395
2021-05-18 10:32:47,1978.6,1478400
2021-05-18 10:32:49,1978.95,1478504
2021-05-18 10:32:50,1978.95,1478504
2021-05-18 10:32:50,1978.6,1478507
2021-05-18 10:32:52,1978.95,1478523
2021-05-18 10:32:53,1978.65,1478526
2021-05-18 10:32:54,1978.6,1478571
2021-05-18 10:32:55,1978.65,1478677
2021-05-18 10:32:55,1978.65,1478677
2021-05-18 10:32:56,1978.9,1478995
2021-05-18 10:32:57,1978.9,1479046
2021-05-18 10:32:58,1979.0,1480177
2021-05-18 10:32:59,1979.0,1480235
2021-05-18 10:33:00,1978.65,1480260
2021-05-18 10:33:01,1978.65,1480283
2021-05-18 10:33:02,1978.95,1480389
2021-05-18 10:33:03,1979.0,1480523
2021-05-18 10:33:05,1979.0,1480523
2021-05-18 10:33:05,1979.0,1480581
2021-05-18 10:33:07,1979.0,1480644
2021-05-18 10:33:08,1978.95,1480658
2021-05-18 10:33:09,1978.95,1480662
2021-05-18 10:33:10,1978.95,1480673
2021-05-18 10:33:11,1979.0,1480760
2021-05-18 10:33:12,1979.0,1480785
2021-05-18 10:33:13,1979.0,1480887
2021-05-18 10:33:16,1978.95,1481094
2021-05-18 10:33:17,1979.0,1481122
2021-05-18 10:33:18,1979.0,1481382
2021-05-18 10:33:19,1979.0,1481400
2021-05-18 10:33:19,1979.0,1481400
2021-05-18 10:33:20,1978.95,1481410
2021-05-18 10:33:21,1979.0,1481431
2021-05-18 10:33:22,1978.95,1481476
2021-05-18 10:33:23,1979.0,1481614
2021-05-18 10:33:25,1979.0,1481678
2021-05-18 10:33:26,1978.95,1481679
2021-05-18 10:33:27,1979.0,1481680
2021-05-18 10:33:28,1979.0,1482193
2021-05-18 10:33:28,1978.95,1482196
2021-05-18 10:33:29,1978.95,1482198
2021-05-18 10:33:30,1978.95,1482215
2021-05-18 10:33:31,1978.95,1482226
2021-05-18 10:33:32,1978.95,1482729
2021-05-18 10:33:33,1978.95,1482905
2021-05-18 10:33:34,1979.0,1483167
2021-05-18 10:33:36,1978.95,1483259
2021-05-18 10:33:37,1978.95,1483290
2021-05-18 10:33:38,1978.9,1483295
2021-05-18 10:33:39,1978.65,1483357
2021-05-18 10:33:40,1978.65,1483360
2021-05-18 10:33:41,1978.7,1483372
2021-05-18 10:33:42,1978.2,1483507
2021-05-18 10:33:43,1978.4,1483515
2021-05-18 10:33:44,1978.65,1483518
2021-05-18 10:33:45,1978.65,1483563
2021-05-18 10:33:46,1978.65,1483684
2021-05-18 10:33:47,1978.65,1483689
2021-05-18 10:33:48,1978.65,1483715
2021-05-18 10:33:49,1978.05,1484215
2021-05-18 10:33:49,1978.05,1484215
2021-05-18 10:33:50,1978.05,1484215
2021-05-18 10:33:51,1978.15,1484218
2021-05-18 10:33:52,1978.1,1484508
2021-05-18 10:33:53,1978.35,1484556
2021-05-18 10:33:54,1978.2,1484575
2021-05-18 10:33:56,1978.1,1484631
2021-05-18 10:33:57,1978.1,1484634
2021-05-18 10:33:58,1978.1,1484659
2021-05-18 10:33:59,1978.1,1484659
2021-05-18 10:34:00,1978.1,1484659
2021-05-18 10:34:01,1978.15,1484680
2021-05-18 10:34:03,1978.5,1485370
2021-05-18 10:34:03,1978.5,1485370
2021-05-18 10:34:04,1978.6,1485561
2021-05-18 10:34:05,1978.0,1485837
2021-05-18 10:34:06,1978.0,1485958
2021-05-18 10:34:07,1978.0,1485975
2021-05-18 10:34:08,1978.0,1486010
2021-05-18 10:34:10,1978.0,1486100
2021-05-18 10:34:11,1978.05,1486122
2021-05-18 10:34:12,1978.05,1486122
2021-05-18 10:34:13,1978.05,1486173
2021-05-18 10:34:14,1978.85,1486174
2021-05-18 10:34:15,1978.85,1486176
2021-05-18 10:34:16,1978.1,1486192
2021-05-18 10:34:17,1978.1,1486192
2021-05-18 10:34:18,1978.9,1486221
2021-05-18 10:34:19,1978.7,1486329
2021-05-18 10:34:20,1978.85,1486356
2021-05-18 10:34:21,1978.85,1486395
2021-05-18 10:34:22,1978.9,1486474
2021-05-18 10:34:23,1978.8,1486496
2021-05-18 10:34:25,1978.8,1486514
2021-05-18 10:34:25,1978.8,1486514
2021-05-18 10:34:27,1978.8,1486552
2021-05-18 10:34:28,1978.8,1486571
2021-05-18 10:34:28,1978.8,1486573
2021-05-18 10:34:29,1978.9,1486574
