timestamp,ltp,volume
2021-05-18 09:15:18,655.3,14031
2021-05-18 09:15:27,655.3,19142
2021-05-18 09:15:35,654.8,20859
2021-05-18 09:15:42,655.3,23339
2021-05-18 09:15:49,654.85,25204
2021-05-18 09:15:56,654.0,31418
2021-05-18 09:16:03,654.35,34162
2021-05-18 09:16:09,654.6,37278
2021-05-18 09:16:16,654.8,45670
2021-05-18 09:16:22,653.5,49864
2021-05-18 09:16:29,652.55,53441
2021-05-18 09:16:35,652.2,56582
2021-05-18 09:16:42,653.1,59091
2021-05-18 09:16:48,652.5,60056
2021-05-18 09:16:55,653.25,61478
2021-05-18 09:17:01,653.7,63018
2021-05-18 09:17:08,653.35,63350
2021-05-18 09:17:14,653.7,64230
2021-05-18 09:17:20,653.35,65243
2021-05-18 09:17:27,652.9,70074
2021-05-18 09:17:33,652.85,74584
2021-05-18 09:17:39,652.9,75757
2021-05-18 09:17:45,653.4,76853
2021-05-18 09:17:52,652.9,90452
2021-05-18 09:17:58,652.5,92461
2021-05-18 09:18:04,652.2,94868
2021-05-18 09:18:17,652.75,97002
2021-05-18 09:18:23,653.2,97620
2021-05-18 09:18:29,653.7,99946
2021-05-18 09:18:35,653.95,101400
2021-05-18 09:18:41,654.85,102380
2021-05-18 09:18:47,654.4,103336
2021-05-18 09:18:53,654.0,105418
2021-05-18 09:18:59,654.0,106194
2021-05-18 09:19:06,653.95,107418
2021-05-18 09:19:12,653.95,108889
2021-05-18 09:19:24,653.8,110935
2021-05-18 09:19:30,653.0,114583
2021-05-18 09:19:36,652.75,115999
2021-05-18 09:19:42,652.75,117727
2021-05-18 09:19:54,653.1,119720
2021-05-18 09:20:00,652.85,120401
2021-05-18 09:20:06,653.1,121394
2021-05-18 09:20:12,653.0,121524
2021-05-18 09:20:18,653.5,122241
2021-05-18 09:20:24,653.95,122464
2021-05-18 09:20:30,654.0,124048
2021-05-18 09:20:36,653.6,130682
2021-05-18 09:20:41,653.4,136682
2021-05-18 09:20:47,653.85,137464
2021-05-18 09:20:52,653.35,137699
2021-05-18 09:20:55,653.6,137800
2021-05-18 09:20:57,653.95,138710
2021-05-18 09:20:59,654.1,139252
2021-05-18 09:21:00,654.1,139253
2021-05-18 09:21:01,654.4,139833
2021-05-18 09:21:02,654.4,139833
2021-05-18 09:21:04,654.4,139919
2021-05-18 09:21:05,654.1,140021
2021-05-18 09:21:06,654.5,140317
2021-05-18 09:21:07,654.5,140372
2021-05-18 09:21:08,654.1,140373
2021-05-18 09:21:09,654.1,140431
2021-05-18 09:21:10,654.5,140497
2021-05-18 09:21:11,654.5,140507
2021-05-18 09:21:12,654.45,140737
2021-05-18 09:21:13,654.0,140862
2021-05-18 09:21:14,654.0,140862
2021-05-18 09:21:15,654.3,140913
2021-05-18 09:21:16,654.3,140921
2021-05-18 09:21:17,654.0,140922
2021-05-18 09:21:18,654.0,141398
2021-05-18 09:21:19,654.0,141408
2021-05-18 09:21:20,654.0,142856
2021-05-18 09:21:22,654.0,142995
2021-05-18 09:21:23,654.2,143096
2021-05-18 09:21:24,654.3,143176
2021-05-18 09:21:25,654.4,143353
2021-05-18 09:21:26,654.4,143353
2021-05-18 09:21:27,654.3,143401
2021-05-18 09:21:28,654.3,143823
2021-05-18 09:21:29,653.65,148651
2021-05-18 09:21:30,653.25,148744
2021-05-18 09:21:31,653.45,148882
2021-05-18 09:21:33,653.25,149383
2021-05-18 09:21:33,653.25,149383
2021-05-18 09:21:36,653.3,150093
2021-05-18 09:21:37,653.15,150129
2021-05-18 09:21:38,653.6,150182
2021-05-18 09:21:39,653.25,150211
2021-05-18 09:21:40,653.25,150219
2021-05-18 09:21:41,653.25,150236
2021-05-18 09:21:42,653.3,150457
2021-05-18 09:21:43,653.75,150519
2021-05-18 09:21:44,653.65,150547
2021-05-18 09:21:45,653.35,150597
2021-05-18 09:21:46,653.35,150602
2021-05-18 09:21:47,653.65,150637
2021-05-18 09:21:48,653.6,150647
2021-05-18 09:21:49,653.15,150679
2021-05-18 09:21:50,653.0,150680
2021-05-18 09:21:51,653.45,150788
2021-05-18 09:21:52,653.0,151839
2021-05-18 09:21:54,652.7,161243
2021-05-18 09:21:55,652.7,161344
2021-05-18 09:21:56,652.35,161599
2021-05-18 09:21:57,652.7,162124
2021-05-18 09:21:58,652.7,162128
2021-05-18 09:21:59,652.35,162243
2021-05-18 09:22:00,652.55,162674
2021-05-18 09:22:01,652.2,162677
2021-05-18 09:22:02,652.15,162754
2021-05-18 09:22:03,652.0,163501
2021-05-18 09:22:04,652.0,163686
2021-05-18 09:22:04,652.0,163705
2021-05-18 09:22:05,651.9,165838
2021-05-18 09:22:06,651.5,166668
2021-05-18 09:22:07,651.4,167065
2021-05-18 09:22:08,651.0,167476
2021-05-18 09:22:09,650.9,167514
2021-05-18 09:22:10,651.35,167972
2021-05-18 09:22:11,651.5,168412
2021-05-18 09:22:12,651.0,168564
2021-05-18 09:22:13,651.05,168690
2021-05-18 09:22:14,651.5,168747
2021-05-18 09:22:15,651.15,169075
2021-05-18 09:22:16,651.5,169715
2021-05-18 09:22:17,651.1,169817
2021-05-18 09:22:18,651.1,170408
2021-05-18 09:22:20,651.1,170500
2021-05-18 09:22:21,651.65,170606
2021-05-18 09:22:22,651.65,170606
2021-05-18 09:22:23,651.65,170606
2021-05-18 09:22:24,651.3,170876
2021-05-18 09:22:25,651.3,170903
2021-05-18 09:22:26,651.5,171006
2021-05-18 09:22:27,651.25,171525
2021-05-18 09:22:28,651.25,171577
2021-05-18 09:22:29,651.3,171583
2021-05-18 09:22:30,651.5,171585
2021-05-18 09:22:31,651.45,172686
2021-05-18 09:22:32,651.95,172821
2021-05-18 09:22:33,651.5,172931
2021-05-18 09:22:34,651.5,172942
2021-05-18 09:22:35,651.55,173326
2021-05-18 09:22:36,651.65,173439
2021-05-18 09:22:37,651.65,173451
2021-05-18 09:22:38,651.8,179333
2021-05-18 09:22:39,651.8,179333
2021-05-18 09:22:40,651.8,179343
2021-05-18 09:22:41,651.8,179434
2021-05-18 09:22:42,651.2,182934
2021-05-18 09:22:43,651.5,183406
2021-05-18 09:22:44,651.5,183440
2021-05-18 09:22:45,651.9,184718
2021-05-18 09:22:46,651.7,187110
2021-05-18 09:22:47,651.7,187113
2021-05-18 09:22:48,651.5,187245
2021-05-18 09:22:49,651.5,187273
2021-05-18 09:22:50,651.5,187288
2021-05-18 09:22:51,651.2,187310
2021-05-18 09:22:52,651.0,187461
2021-05-18 09:22:53,651.2,187506
2021-05-18 09:22:54,651.35,187912
2021-05-18 09:22:55,651.35,187925
2021-05-18 09:22:56,651.35,187936
2021-05-18 09:22:58,651.2,187998
2021-05-18 09:22:59,651.2,188031
2021-05-18 09:23:00,651.05,188078
2021-05-18 09:23:01,651.1,188114
2021-05-18 09:23:02,651.05,188161
2021-05-18 09:23:03,651.45,188221
2021-05-18 09:23:04,651.45,188231
2021-05-18 09:23:05,651.45,188241
2021-05-18 09:23:06,651.1,188242
2021-05-18 09:23:07,651.1,188242
2021-05-18 09:23:08,651.5,188313
2021-05-18 09:23:09,651.25,188400
2021-05-18 09:23:10,651.45,189583
2021-05-18 09:23:11,651.1,189586
2021-05-18 09:23:12,651.1,189596
2021-05-18 09:23:13,651.1,189688
2021-05-18 09:23:14,651.2,189709
2021-05-18 09:23:15,651.2,189711
2021-05-18 09:23:16,651.45,189859
2021-05-18 09:23:17,651.5,190069
2021-05-18 09:23:18,651.5,190413
2021-05-18 09:23:19,651.5,190451
2021-05-18 09:23:20,651.0,196223
2021-05-18 09:23:22,651.15,196850
2021-05-18 09:23:23,651.1,196871
2021-05-18 09:23:24,651.0,197047
2021-05-18 09:23:25,651.15,197089
2021-05-18 09:23:26,651.15,197111
2021-05-18 09:23:27,651.2,197316
2021-05-18 09:23:28,651.15,197327
2021-05-18 09:23:29,651.2,197378
2021-05-18 09:23:30,651.0,197600
2021-05-18 09:23:31,651.0,197632
2021-05-18 09:23:32,651.2,197852
2021-05-18 09:23:33,651.2,197892
2021-05-18 09:23:34,651.2,197892
2021-05-18 09:23:35,651.4,197954
2021-05-18 09:23:36,651.4,197954
2021-05-18 09:23:37,651.4,197954
2021-05-18 09:23:37,651.35,197958
2021-05-18 09:23:38,651.35,198016
2021-05-18 09:23:39,651.0,198141
2021-05-18 09:23:40,651.0,198182
2021-05-18 09:23:41,651.0,198222
2021-05-18 09:23:42,651.0,198241
2021-05-18 09:23:43,651.0,198253
2021-05-18 09:23:44,651.6,199318
2021-05-18 09:23:45,651.6,199388
2021-05-18 09:23:46,651.8,201173
2021-05-18 09:23:48,651.8,201351
2021-05-18 09:23:49,651.8,201352
2021-05-18 09:23:50,651.8,201352
2021-05-18 09:23:52,652.0,201387
2021-05-18 09:23:53,652.0,201437
2021-05-18 09:23:54,652.0,201437
2021-05-18 09:23:55,651.6,201519
2021-05-18 09:23:56,652.0,201528
2021-05-18 09:23:57,651.75,201678
2021-05-18 09:23:58,651.9,201737
2021-05-18 09:23:59,651.75,201742
2021-05-18 09:24:02,651.45,202026
2021-05-18 09:24:04,651.45,202049
2021-05-18 09:24:05,651.5,202100
2021-05-18 09:24:06,651.85,202155
2021-05-18 09:24:07,651.85,202193
2021-05-18 09:24:08,651.85,202193
2021-05-18 09:24:09,651.85,202193
2021-05-18 09:24:10,651.8,202313
2021-05-18 09:24:11,651.5,202398
2021-05-18 09:24:12,651.55,202436
2021-05-18 09:24:14,651.55,202458
2021-05-18 09:24:14,651.55,202459
2021-05-18 09:24:15,651.55,202459
2021-05-18 09:24:17,651.55,202459
2021-05-18 09:24:18,651.85,202557
2021-05-18 09:24:19,651.75,202675
2021-05-18 09:24:21,652.25,203478
2021-05-18 09:24:22,651.8,203519
2021-05-18 09:24:23,651.8,203537
2021-05-18 09:24:24,651.8,203575
2021-05-18 09:24:25,651.8,203575
2021-05-18 09:24:26,651.7,203707
2021-05-18 09:24:27,652.15,204485
2021-05-18 09:24:28,652.15,204759
2021-05-18 09:24:29,652.0,204903
2021-05-18 09:24:30,652.45,205031
2021-05-18 09:24:31,652.55,205438
2021-05-18 09:24:32,652.5,205690
2021-05-18 09:24:33,652.5,205716
2021-05-18 09:24:34,652.5,205783
2021-05-18 09:24:35,652.2,206157
2021-05-18 09:24:36,652.2,206195
2021-05-18 09:24:37,652.25,206200
2021-05-18 09:24:38,652.25,206204
2021-05-18 09:24:39,652.05,206267
2021-05-18 09:24:40,652.45,206277
2021-05-18 09:24:41,652.45,206278
2021-05-18 09:24:42,652.45,206293
2021-05-18 09:24:43,652.45,206444
2021-05-18 09:24:44,652.45,206444
2021-05-18 09:24:45,652.0,206873
2021-05-18 09:24:46,652.0,206917
2021-05-18 09:24:49,652.1,207091
2021-05-18 09:24:50,652.1,207099
2021-05-18 09:24:51,652.1,207101
2021-05-18 09:24:52,652.1,207101
2021-05-18 09:24:53,652.45,207260
2021-05-18 09:24:55,652.45,207279
2021-05-18 09:24:56,652.55,207281
2021-05-18 09:24:57,652.55,207281
2021-05-18 09:24:58,652.55,207285
2021-05-18 09:24:59,652.45,207286
2021-05-18 09:25:00,652.55,207355
2021-05-18 09:25:01,652.55,207355
2021-05-18 09:25:02,652.45,207366
2021-05-18 09:25:03,652.55,207382
2021-05-18 09:25:04,652.45,207387
2021-05-18 09:25:05,652.45,207427
2021-05-18 09:25:06,652.55,207586
2021-05-18 09:25:07,652.55,207586
2021-05-18 09:25:08,652.05,207836
2021-05-18 09:25:09,652.15,207862
2021-05-18 09:25:10,652.15,207870
2021-05-18 09:25:11,652.55,208170
2021-05-18 09:25:12,652.45,208239
2021-05-18 09:25:13,652.45,208242
2021-05-18 09:25:14,652.45,208310
2021-05-18 09:25:15,652.45,208310
2021-05-18 09:25:16,652.05,208340
2021-05-18 09:25:18,652.6,208697
2021-05-18 09:25:19,652.5,208823
2021-05-18 09:25:20,652.5,208839
2021-05-18 09:25:21,652.5,208840
2021-05-18 09:25:22,652.5,208855
2021-05-18 09:25:23,652.5,209517
2021-05-18 09:25:24,652.6,209741
2021-05-18 09:25:25,652.3,209790
2021-05-18 09:25:26,652.5,209795
2021-05-18 09:25:27,652.2,209801
2021-05-18 09:25:28,652.2,209801
2021-05-18 09:25:29,652.2,209814
2021-05-18 09:25:30,652.25,209836
2021-05-18 09:25:31,652.2,209840
2021-05-18 09:25:32,652.55,210347
2021-05-18 09:25:33,652.55,210347
2021-05-18 09:25:34,652.55,210347
2021-05-18 09:25:35,652.55,210348
2021-05-18 09:25:36,652.55,210348
2021-05-18 09:25:39,652.5,210395
2021-05-18 09:25:40,652.55,210505
2021-05-18 09:25:41,652.25,210616
2021-05-18 09:25:42,652.65,210637
2021-05-18 09:25:43,652.65,210644
2021-05-18 09:25:44,652.75,210691
2021-05-18 09:25:45,652.75,210746
2021-05-18 09:25:46,652.75,210746
2021-05-18 09:25:47,652.75,210765
2021-05-18 09:25:48,652.65,210785
2021-05-18 09:25:50,652.5,210968
2021-05-18 09:25:49,652.55,210887
2021-05-18 09:25:51,652.5,211001
2021-05-18 09:25:52,652.5,211005
2021-05-18 09:25:53,652.65,211008
2021-05-18 09:25:54,652.5,212026
2021-05-18 09:25:55,652.5,212026
2021-05-18 09:25:56,652.5,212078
2021-05-18 09:25:58,652.5,212098
2021-05-18 09:25:59,652.5,212098
2021-05-18 09:26:00,652.25,212168
2021-05-18 09:26:01,652.25,212177
2021-05-18 09:26:02,652.55,212282
2021-05-18 09:26:04,652.5,212325
2021-05-18 09:26:05,652.25,212335
2021-05-18 09:26:06,652.25,212386
2021-05-18 09:26:07,652.25,212422
2021-05-18 09:26:08,652.25,212485
2021-05-18 09:26:09,652.3,212516
2021-05-18 09:26:10,652.3,212551
2021-05-18 09:26:11,652.3,212554
2021-05-18 09:26:12,652.3,212555
2021-05-18 09:26:13,652.7,212657
2021-05-18 09:26:14,652.5,213157
2021-05-18 09:26:15,652.5,213207
2021-05-18 09:26:16,652.3,213287
2021-05-18 09:26:17,652.3,213295
2021-05-18 09:26:18,652.3,213296
2021-05-18 09:26:19,652.35,213804
2021-05-18 09:26:20,652.3,213816
2021-05-18 09:26:22,652.35,213868
2021-05-18 09:26:23,652.7,213974
2021-05-18 09:26:24,652.7,213975
2021-05-18 09:26:26,652.7,213975
2021-05-18 09:26:25,652.7,213975
2021-05-18 09:26:27,652.3,214075
2021-05-18 09:26:28,652.25,214135
2021-05-18 09:26:32,652.7,215229
2021-05-18 09:26:34,652.7,215248
2021-05-18 09:26:35,652.7,215248
2021-05-18 09:26:36,652.7,215248
2021-05-18 09:26:37,652.3,215311
2021-05-18 09:26:38,652.35,215351
2021-05-18 09:26:39,652.35,215409
2021-05-18 09:26:40,652.25,215437
2021-05-18 09:26:41,652.2,216987
2021-05-18 09:26:42,652.15,217636
2021-05-18 09:26:44,652.45,217836
2021-05-18 09:26:45,652.4,217838
2021-05-18 09:26:46,652.4,218836
2021-05-18 09:26:47,652.4,218836
2021-05-18 09:26:48,652.4,218911
2021-05-18 09:26:49,652.05,219475
2021-05-18 09:26:50,652.3,219753
2021-05-18 09:26:51,652.0,219814
2021-05-18 09:26:52,652.5,220442
2021-05-18 09:26:53,652.5,220442
2021-05-18 09:26:54,652.3,220452
2021-05-18 09:26:55,652.2,220457
2021-05-18 09:26:58,652.2,220574
2021-05-18 09:26:59,652.2,220575
2021-05-18 09:27:00,651.8,221773
2021-05-18 09:27:01,651.8,221775
2021-05-18 09:27:02,651.6,221836
2021-05-18 09:27:03,651.6,221842
2021-05-18 09:27:04,651.95,222050
2021-05-18 09:27:05,651.6,222088
2021-05-18 09:27:06,651.9,222121
2021-05-18 09:27:07,651.95,222193
2021-05-18 09:27:08,652.05,222693
2021-05-18 09:27:10,651.6,222923
2021-05-18 09:27:11,652.05,222972
2021-05-18 09:27:12,652.1,223023
2021-05-18 09:27:13,652.1,223023
2021-05-18 09:27:14,651.75,223043
2021-05-18 09:27:15,652.0,223050
2021-05-18 09:27:16,652.0,223053
2021-05-18 09:27:17,651.7,223173
2021-05-18 09:27:19,651.75,223431
2021-05-18 09:27:19,651.75,223482
2021-05-18 09:27:20,651.75,223497
2021-05-18 09:27:21,651.75,223500
2021-05-18 09:27:22,652.0,223758
2021-05-18 09:27:23,651.95,224008
2021-05-18 09:27:24,651.95,224008
2021-05-18 09:27:25,651.95,224008
2021-05-18 09:27:26,651.95,224109
2021-05-18 09:27:27,651.95,224109
2021-05-18 09:27:28,652.0,224285
2021-05-18 09:27:29,652.0,224301
2021-05-18 09:27:30,652.0,224306
2021-05-18 09:27:31,651.75,224367
2021-05-18 09:27:32,651.75,224373
2021-05-18 09:27:33,651.75,224391
2021-05-18 09:27:34,651.75,224404
2021-05-18 09:27:35,651.75,224407
2021-05-18 09:27:36,651.95,224432
2021-05-18 09:27:37,651.95,224434
2021-05-18 09:27:39,651.95,224443
2021-05-18 09:27:40,651.95,224448
2021-05-18 09:27:41,651.75,224450
2021-05-18 09:27:42,651.9,224452
2021-05-18 09:27:43,651.9,224462
2021-05-18 09:27:44,651.9,224515
2021-05-18 09:27:45,651.9,224516
2021-05-18 09:27:46,651.75,224517
2021-05-18 09:27:47,651.75,224527
2021-05-18 09:27:48,651.75,224928
2021-05-18 09:27:49,651.75,224974
2021-05-18 09:27:50,651.75,224986
2021-05-18 09:27:51,651.75,225073
2021-05-18 09:27:52,651.9,225132
2021-05-18 09:27:53,651.9,225152
2021-05-18 09:27:54,651.9,225167
2021-05-18 09:27:56,651.75,225179
2021-05-18 09:27:57,651.9,225204
2021-05-18 09:27:58,651.75,225208
2021-05-18 09:27:59,651.75,225365
2021-05-18 09:28:00,651.9,225399
2021-05-18 09:28:01,651.9,225400
2021-05-18 09:28:02,651.9,225438
2021-05-18 09:28:03,651.9,225442
2021-05-18 09:28:04,651.95,225503
2021-05-18 09:28:05,651.8,225528
2021-05-18 09:28:06,652.0,226032
2021-05-18 09:28:07,651.75,226097
2021-05-18 09:28:08,651.75,226253
2021-05-18 09:28:09,651.7,229255
2021-05-18 09:28:10,651.7,229318
2021-05-18 09:28:11,651.7,229343
2021-05-18 09:28:12,651.7,229494
2021-05-18 09:28:13,651.7,229506
2021-05-18 09:28:14,651.7,229506
2021-05-18 09:28:15,651.7,229615
2021-05-18 09:28:16,651.55,229653
2021-05-18 09:28:17,651.9,230022
2021-05-18 09:28:18,651.9,230026
2021-05-18 09:28:19,651.9,230052
2021-05-18 09:28:20,651.9,230057
2021-05-18 09:28:21,651.9,230057
2021-05-18 09:28:22,651.55,230099
2021-05-18 09:28:23,651.7,230204
2021-05-18 09:28:24,651.55,230207
2021-05-18 09:28:25,651.55,230404
2021-05-18 09:28:27,651.55,230425
2021-05-18 09:28:27,651.7,230488
2021-05-18 09:28:28,651.7,230488
2021-05-18 09:28:29,651.55,230497
2021-05-18 09:28:30,651.55,230524
2021-05-18 09:28:32,651.75,230557
2021-05-18 09:28:34,651.75,231001
2021-05-18 09:28:35,651.75,231019
2021-05-18 09:28:36,651.75,231131
2021-05-18 09:28:37,651.75,231131
2021-05-18 09:28:38,651.75,231188
2021-05-18 09:28:39,651.75,231188
2021-05-18 09:28:40,651.55,238114
2021-05-18 09:28:41,651.2,238416
2021-05-18 09:28:42,651.2,238528
2021-05-18 09:28:43,651.2,238563
2021-05-18 09:28:46,651.4,239463
2021-05-18 09:28:47,651.2,239498
2021-05-18 09:28:48,651.4,239556
2021-05-18 09:28:49,651.4,239606
2021-05-18 09:28:50,651.1,239749
2021-05-18 09:28:51,651.45,239865
2021-05-18 09:28:53,651.45,240030
2021-05-18 09:28:53,651.15,240080
2021-05-18 09:28:54,651.15,240110
2021-05-18 09:28:55,651.15,240110
2021-05-18 09:28:59,651.75,240385
2021-05-18 09:29:00,651.75,240385
2021-05-18 09:29:01,651.45,240395
2021-05-18 09:29:02,651.45,240396
2021-05-18 09:29:05,651.55,240488
2021-05-18 09:29:07,651.55,240488
2021-05-18 09:29:07,651.55,240488
2021-05-18 09:29:08,651.55,240488
2021-05-18 09:29:10,651.5,240503
2021-05-18 09:29:10,651.45,240504
2021-05-18 09:29:11,651.5,241107
2021-05-18 09:29:13,651.5,241108
2021-05-18 09:29:14,651.5,241208
2021-05-18 09:29:15,651.5,241235
2021-05-18 09:29:16,651.5,241245
2021-05-18 09:29:17,651.5,241510
2021-05-18 09:29:18,651.5,241517
2021-05-18 09:29:19,651.4,241534
2021-05-18 09:29:20,651.4,242010
2021-05-18 09:29:21,651.75,243430
2021-05-18 09:29:22,651.75,243435
2021-05-18 09:29:23,651.4,243485
2021-05-18 09:29:24,651.5,243500
2021-05-18 09:29:25,651.5,243613
2021-05-18 09:29:26,651.4,243770
2021-05-18 09:29:27,651.5,243794
2021-05-18 09:29:28,651.5,244445
2021-05-18 09:29:29,651.5,244507
2021-05-18 09:29:30,651.5,244507
2021-05-18 09:29:31,651.5,244623
2021-05-18 09:29:32,651.75,244636
2021-05-18 09:29:33,651.4,246177
2021-05-18 09:29:33,651.4,246177
2021-05-18 09:29:34,651.4,246219
2021-05-18 09:29:35,651.4,246219
2021-05-18 09:29:36,651.4,246240
2021-05-18 09:29:37,651.4,246421
2021-05-18 09:29:38,651.4,246439
2021-05-18 09:29:39,651.6,246501
2021-05-18 09:29:41,651.4,246539
2021-05-18 09:29:42,651.4,246543
2021-05-18 09:29:43,651.4,246543
2021-05-18 09:29:44,651.4,246543
2021-05-18 09:29:45,651.4,246649
2021-05-18 09:29:46,651.4,246743
2021-05-18 09:29:47,651.6,246754
2021-05-18 09:29:48,651.6,246755
2021-05-18 09:29:49,651.6,246755
2021-05-18 09:29:50,651.4,246856
2021-05-18 09:29:52,651.55,246884
2021-05-18 09:29:53,651.55,246900
2021-05-18 09:29:55,651.65,247045
2021-05-18 09:29:58,651.35,248045
2021-05-18 09:29:58,651.35,248071
2021-05-18 09:30:00,651.3,248174
2021-05-18 09:30:00,651.3,248174
2021-05-18 09:30:01,651.3,248200
2021-05-18 09:30:03,651.25,248300
2021-05-18 09:30:03,651.25,248310
2021-05-18 09:30:04,651.35,248312
2021-05-18 09:30:05,651.35,248572
2021-05-18 09:30:06,651.35,248598
2021-05-18 09:30:08,651.35,248715
2021-05-18 09:30:09,651.35,248726
2021-05-18 09:30:10,651.35,248747
2021-05-18 09:30:12,651.35,248789
2021-05-18 09:30:13,651.5,248805
2021-05-18 09:30:14,651.5,248805
2021-05-18 09:30:15,651.35,248876
2021-05-18 09:30:16,651.5,248885
2021-05-18 09:30:17,651.5,248890
2021-05-18 09:30:18,651.5,248890
2021-05-18 09:30:19,651.45,248951
2021-05-18 09:30:20,651.35,248970
2021-05-18 09:30:21,651.25,249030
2021-05-18 09:30:22,651.25,249042
2021-05-18 09:30:23,651.25,249059
2021-05-18 09:30:24,651.25,249076
2021-05-18 09:30:25,651.45,249338
2021-05-18 09:30:26,651.25,249359
2021-05-18 09:30:27,651.45,249862
2021-05-18 09:30:28,651.45,249862
2021-05-18 09:30:29,651.45,249862
2021-05-18 09:30:30,651.4,250367
2021-05-18 09:30:31,651.15,250708
2021-05-18 09:30:32,651.15,250852
2021-05-18 09:30:33,651.1,250907
2021-05-18 09:30:34,651.1,250913
2021-05-18 09:30:35,651.35,251023
2021-05-18 09:30:36,651.1,251132
2021-05-18 09:30:37,651.35,251144
2021-05-18 09:30:38,651.35,251146
2021-05-18 09:30:39,651.3,251262
2021-05-18 09:30:40,651.3,251292
2021-05-18 09:30:43,651.3,251436
2021-05-18 09:30:45,651.15,251448
2021-05-18 09:30:46,651.05,252619
2021-05-18 09:30:47,651.35,252839
2021-05-18 09:30:48,651.35,252850
2021-05-18 09:30:49,651.45,252873
2021-05-18 09:30:50,651.45,252874
2021-05-18 09:30:51,651.45,252880
2021-05-18 09:30:52,651.45,252880
2021-05-18 09:30:53,651.55,252932
2021-05-18 09:30:54,651.55,252932
2021-05-18 09:30:54,651.55,252932
2021-05-18 09:30:55,651.55,252937
2021-05-18 09:30:56,651.45,252949
2021-05-18 09:30:57,651.55,252953
2021-05-18 09:30:58,651.45,252968
2021-05-18 09:30:59,651.5,252990
2021-05-18 09:31:00,651.45,253007
2021-05-18 09:31:01,651.45,253008
2021-05-18 09:31:02,651.45,253120
2021-05-18 09:31:03,651.5,253572
2021-05-18 09:31:04,651.45,253592
2021-05-18 09:31:06,651.3,254363
2021-05-18 09:31:06,651.15,254399
2021-05-18 09:31:08,651.1,255234
2021-05-18 09:31:09,651.5,255587
2021-05-18 09:31:10,651.5,255682
2021-05-18 09:31:11,651.5,255732
2021-05-18 09:31:12,651.1,255813
2021-05-18 09:31:13,651.45,255851
2021-05-18 09:31:14,651.25,255866
2021-05-18 09:31:14,651.15,255871
2021-05-18 09:31:15,651.1,256055
2021-05-18 09:31:16,651.1,256308
2021-05-18 09:31:18,651.05,256471
2021-05-18 09:31:19,651.1,256490
2021-05-18 09:31:20,651.1,256492
2021-05-18 09:31:21,651.1,256513
2021-05-18 09:31:22,651.1,256515
2021-05-18 09:31:23,651.1,256530
2021-05-18 09:31:24,651.45,256715
2021-05-18 09:31:25,651.4,256716
2021-05-18 09:31:26,651.1,256974
2021-05-18 09:31:27,651.1,257024
2021-05-18 09:31:28,651.4,257247
2021-05-18 09:31:29,651.1,257479
2021-05-18 09:31:30,651.35,257510
2021-05-18 09:31:32,651.35,257511
2021-05-18 09:31:33,651.35,257511
2021-05-18 09:31:34,651.35,257611
2021-05-18 09:31:35,651.1,257645
2021-05-18 09:31:36,651.1,257747
2021-05-18 09:31:37,651.1,257757
2021-05-18 09:31:38,651.15,257793
2021-05-18 09:31:39,651.15,257812
2021-05-18 09:31:40,651.15,257830
2021-05-18 09:31:42,651.35,257914
2021-05-18 09:31:42,651.35,257914
2021-05-18 09:31:43,651.1,258035
2021-05-18 09:31:45,651.2,258313
2021-05-18 09:31:46,651.45,258391
2021-05-18 09:31:47,651.45,258391
2021-05-18 09:31:48,651.35,258401
2021-05-18 09:31:48,651.35,258402
2021-05-18 09:31:49,651.35,258414
2021-05-18 09:31:51,651.35,259116
2021-05-18 09:31:51,651.5,260602
2021-05-18 09:31:52,651.15,260657
2021-05-18 09:31:53,651.35,260682
2021-05-18 09:31:54,651.5,260695
2021-05-18 09:31:55,651.5,260817
2021-05-18 09:31:56,651.15,260858
2021-05-18 09:31:57,651.15,261009
2021-05-18 09:31:58,651.35,261159
2021-05-18 09:31:59,651.5,261834
2021-05-18 09:32:00,651.45,261914
2021-05-18 09:32:01,651.4,261940
2021-05-18 09:32:02,651.4,261945
2021-05-18 09:32:03,651.4,261945
2021-05-18 09:32:04,651.4,261945
2021-05-18 09:32:05,651.35,262257
2021-05-18 09:32:07,651.2,262308
2021-05-18 09:32:08,651.4,262310
2021-05-18 09:32:09,651.4,262310
2021-05-18 09:32:11,651.15,262562
2021-05-18 09:32:13,651.45,262665
2021-05-18 09:32:14,651.45,262707
2021-05-18 09:32:14,651.45,262707
2021-05-18 09:32:15,651.15,263752
2021-05-18 09:32:16,651.4,263957
2021-05-18 09:32:18,651.4,264139
2021-05-18 09:32:19,651.1,264179
2021-05-18 09:32:20,651.1,264254
2021-05-18 09:32:21,651.4,264271
2021-05-18 09:32:22,651.1,265228
2021-05-18 09:32:23,651.1,265241
2021-05-18 09:32:24,651.1,265498
2021-05-18 09:32:25,651.05,265782
2021-05-18 09:32:26,651.2,265832
2021-05-18 09:32:27,651.1,265834
2021-05-18 09:32:28,651.2,265887
2021-05-18 09:32:29,651.2,265948
2021-05-18 09:32:30,651.1,265982
2021-05-18 09:32:31,651.05,266571
2021-05-18 09:32:32,651.2,266705
2021-05-18 09:32:33,651.2,266730
2021-05-18 09:32:35,651.05,266887
2021-05-18 09:32:37,651.05,267261
2021-05-18 09:32:38,651.3,267295
2021-05-18 09:32:38,651.3,267295
2021-05-18 09:32:40,651.2,267296
2021-05-18 09:32:41,651.35,267805
2021-05-18 09:32:44,651.0,270294
2021-05-18 09:32:45,651.0,270536
2021-05-18 09:32:46,651.05,280331
2021-05-18 09:32:46,651.05,280331
2021-05-18 09:32:47,651.05,280331
2021-05-18 09:32:48,650.5,280850
2021-05-18 09:32:49,650.85,281165
2021-05-18 09:32:50,650.5,281192
2021-05-18 09:32:51,650.4,281868
2021-05-18 09:32:52,650.4,282142
2021-05-18 09:32:54,650.45,282386
2021-05-18 09:32:54,650.45,282386
2021-05-18 09:32:56,650.1,284517
2021-05-18 09:32:57,650.1,285275
2021-05-18 09:32:58,650.1,285386
2021-05-18 09:32:59,650.1,285398
2021-05-18 09:33:00,650.45,285435
2021-05-18 09:33:01,650.45,285517
2021-05-18 09:33:02,650.0,287194
2021-05-18 09:33:03,650.35,287372
2021-05-18 09:33:04,650.4,287572
2021-05-18 09:33:05,650.0,289083
2021-05-18 09:33:06,650.0,289396
2021-05-18 09:33:09,650.0,292314
2021-05-18 09:33:10,650.0,292573
2021-05-18 09:33:10,650.0,292699
2021-05-18 09:33:13,650.0,293668
2021-05-18 09:33:14,650.0,293788
2021-05-18 09:33:15,650.0,293938
2021-05-18 09:33:16,650.0,294138
2021-05-18 09:33:17,649.7,294226
2021-05-18 09:33:18,649.7,294502
2021-05-18 09:33:19,649.5,294759
2021-05-18 09:33:20,649.5,294906
2021-05-18 09:33:23,648.35,307550
2021-05-18 09:33:25,648.6,309278
2021-05-18 09:33:25,648.6,309430
2021-05-18 09:33:26,648.55,309540
2021-05-18 09:33:28,648.05,309648
2021-05-18 09:33:30,648.5,310951
2021-05-18 09:33:29,648.0,310260
2021-05-18 09:33:31,648.85,311446
2021-05-18 09:33:31,648.85,311446
2021-05-18 09:33:32,648.9,311546
2021-05-18 09:33:34,648.55,311549
2021-05-18 09:33:35,648.3,311699
2021-05-18 09:33:36,649.0,319965
2021-05-18 09:33:37,649.35,322359
2021-05-18 09:33:38,649.25,322514
2021-05-18 09:33:38,649.25,322529
2021-05-18 09:33:39,649.35,322639
2021-05-18 09:33:40,649.15,322806
2021-05-18 09:33:41,649.2,322828
2021-05-18 09:33:43,650.4,324821
2021-05-18 09:33:44,650.6,325480
2021-05-18 09:33:46,650.15,325702
2021-05-18 09:33:47,650.5,325728
2021-05-18 09:33:50,650.3,326835
2021-05-18 09:33:52,650.3,326835
2021-05-18 09:33:53,650.3,326835
2021-05-18 09:33:55,649.5,326890
2021-05-18 09:33:56,649.5,326899
2021-05-18 09:33:56,649.25,327099
2021-05-18 09:33:57,649.5,327229
2021-05-18 09:33:59,649.5,327327
2021-05-18 09:34:00,649.25,327495
2021-05-18 09:34:01,649.65,327632
2021-05-18 09:34:02,649.5,327649
2021-05-18 09:34:03,649.5,327666
2021-05-18 09:34:04,649.5,327669
2021-05-18 09:34:05,649.5,327685
2021-05-18 09:34:05,649.5,327683
2021-05-18 09:34:07,649.5,327699
2021-05-18 09:34:08,649.5,327700
2021-05-18 09:34:10,649.5,327743
2021-05-18 09:34:10,649.5,327747
2021-05-18 09:34:11,649.5,327987
2021-05-18 09:34:12,649.5,327987
2021-05-18 09:34:13,649.4,328008
2021-05-18 09:34:15,649.5,328222
2021-05-18 09:34:16,649.5,328232
2021-05-18 09:34:17,649.25,328456
2021-05-18 09:34:19,649.5,328489
2021-05-18 09:34:20,649.5,328564
2021-05-18 09:34:21,649.25,328587
2021-05-18 09:34:22,649.5,328732
2021-05-18 09:34:23,649.5,328743
2021-05-18 09:34:24,649.8,328776
2021-05-18 09:34:25,649.8,328877
2021-05-18 09:34:26,649.8,328877
2021-05-18 09:34:27,649.7,328977
2021-05-18 09:34:28,649.8,328997
2021-05-18 09:34:29,649.7,329000
2021-05-18 09:34:30,649.7,329177
2021-05-18 09:34:32,649.35,329252
2021-05-18 09:34:33,649.35,329259
2021-05-18 09:34:34,649.35,329259
2021-05-18 09:34:35,649.35,329319
2021-05-18 09:34:35,649.35,329297
2021-05-18 09:34:37,649.8,329421
2021-05-18 09:34:38,649.8,329446
2021-05-18 09:34:41,649.35,330489
2021-05-18 09:34:42,649.35,330551
2021-05-18 09:34:43,649.3,330654
2021-05-18 09:34:44,649.35,330759
2021-05-18 09:34:44,649.35,330759
2021-05-18 09:34:46,649.9,330922
2021-05-18 09:34:47,649.8,330923
2021-05-18 09:34:47,649.8,330923
2021-05-18 09:34:49,649.35,330983
2021-05-18 09:34:49,649.35,330978
2021-05-18 09:34:52,649.7,331046
2021-05-18 09:34:53,649.8,331059
2021-05-18 09:34:54,649.8,331080
2021-05-18 09:34:56,649.8,331301
2021-05-18 09:34:57,649.7,331392
2021-05-18 09:34:58,649.95,331411
2021-05-18 09:34:59,649.95,331421
2021-05-18 09:35:00,649.95,331421
2021-05-18 09:35:01,649.55,335066
2021-05-18 09:35:02,649.3,335670
2021-05-18 09:35:03,649.35,335744
2021-05-18 09:35:05,649.35,335786
2021-05-18 09:35:06,649.55,335796
2021-05-18 09:35:08,649.7,336289
2021-05-18 09:35:09,649.55,336304
2021-05-18 09:35:10,649.7,336306
2021-05-18 09:35:11,649.5,336495
2021-05-18 09:35:13,649.5,336517
2021-05-18 09:35:12,649.5,336515
2021-05-18 09:35:14,649.75,336527
2021-05-18 09:35:15,649.55,336627
2021-05-18 09:35:16,649.55,336652
2021-05-18 09:35:17,649.8,336914
2021-05-18 09:35:18,649.55,336944
2021-05-18 09:35:19,649.6,336948
2021-05-18 09:35:20,649.8,336986
2021-05-18 09:35:21,649.8,336986
2021-05-18 09:35:22,649.8,336986
2021-05-18 09:35:24,649.6,337032
2021-05-18 09:35:25,649.8,337079
2021-05-18 09:35:26,649.8,337113
2021-05-18 09:35:27,649.8,337113
2021-05-18 09:35:28,649.8,337113
2021-05-18 09:35:29,649.8,337118
2021-05-18 09:35:30,649.75,337185
2021-05-18 09:35:31,649.75,337185
2021-05-18 09:35:32,649.55,337197
2021-05-18 09:35:33,649.75,337200
2021-05-18 09:35:34,649.75,337200
2021-05-18 09:35:35,649.4,337700
2021-05-18 09:35:36,649.6,337778
2021-05-18 09:35:37,649.55,337785
2021-05-18 09:35:38,649.55,337786
2021-05-18 09:35:39,649.75,337813
2021-05-18 09:35:40,649.75,337813
2021-05-18 09:35:42,649.55,338055
2021-05-18 09:35:45,649.8,338682
2021-05-18 09:35:46,649.7,338732
2021-05-18 09:35:47,649.55,338913
2021-05-18 09:35:48,649.55,338976
2021-05-18 09:35:50,649.55,338990
2021-05-18 09:35:51,649.55,339034
2021-05-18 09:35:52,649.5,339040
2021-05-18 09:35:53,649.5,339041
2021-05-18 09:35:54,649.55,339137
2021-05-18 09:35:55,649.55,339247
2021-05-18 09:35:56,649.8,339333
2021-05-18 09:35:57,649.8,339341
2021-05-18 09:35:58,650.0,339501
2021-05-18 09:35:59,649.55,339706
2021-05-18 09:36:00,649.55,339706
2021-05-18 09:36:01,649.55,339706
2021-05-18 09:36:02,649.55,339709
2021-05-18 09:36:03,649.55,339710
2021-05-18 09:36:04,649.5,339726
2021-05-18 09:36:05,649.85,339941
2021-05-18 09:36:06,649.8,339976
2021-05-18 09:36:07,649.85,339986
2021-05-18 09:36:08,650.0,340103
2021-05-18 09:36:09,650.0,340103
2021-05-18 09:36:10,650.0,340203
2021-05-18 09:36:12,649.8,340258
2021-05-18 09:36:14,649.85,340284
2021-05-18 09:36:15,649.85,340287
2021-05-18 09:36:16,649.85,340297
2021-05-18 09:36:17,650.0,340536
2021-05-18 09:36:18,650.0,340536
2021-05-18 09:36:20,650.0,340589
2021-05-18 09:36:21,650.0,340624
2021-05-18 09:36:22,650.2,342011
2021-05-18 09:36:23,650.2,342011
2021-05-18 09:36:24,650.2,342011
2021-05-18 09:36:25,650.15,342126
2021-05-18 09:36:26,649.9,342140
2021-05-18 09:36:27,649.85,342180
2021-05-18 09:36:29,650.0,342293
2021-05-18 09:36:28,649.9,342288
2021-05-18 09:36:30,649.9,342340
2021-05-18 09:36:31,649.95,342456
2021-05-18 09:36:32,649.95,342467
2021-05-18 09:36:34,650.2,342700
2021-05-18 09:36:35,650.2,342701
2021-05-18 09:36:36,650.2,342701
2021-05-18 09:36:37,650.2,342701
2021-05-18 09:36:38,650.2,342811
2021-05-18 09:36:39,650.3,343082
2021-05-18 09:36:40,650.2,343087
2021-05-18 09:36:41,650.2,343087
2021-05-18 09:36:42,650.05,343191
2021-05-18 09:36:43,650.3,343212
2021-05-18 09:36:44,650.3,343212
2021-05-18 09:36:45,650.2,343236
2021-05-18 09:36:46,650.5,343537
2021-05-18 09:36:47,650.5,343537
2021-05-18 09:36:48,650.05,343839
2021-05-18 09:36:49,650.5,343871
2021-05-18 09:36:50,650.3,343872
2021-05-18 09:36:51,650.05,343908
2021-05-18 09:36:52,650.05,343908
2021-05-18 09:36:53,650.05,343921
2021-05-18 09:36:54,650.0,343937
2021-05-18 09:36:55,650.0,344164
2021-05-18 09:36:56,650.4,344457
2021-05-18 09:36:57,650.35,344477
2021-05-18 09:36:58,650.3,344579
2021-05-18 09:36:59,650.0,344679
2021-05-18 09:37:00,650.6,345091
2021-05-18 09:37:02,650.6,345091
2021-05-18 09:37:03,650.35,345095
2021-05-18 09:37:04,650.6,345166
2021-05-18 09:37:05,650.9,345521
2021-05-18 09:37:06,650.5,345643
2021-05-18 09:37:07,650.5,345655
2021-05-18 09:37:08,650.9,345684
2021-05-18 09:37:09,650.65,345784
2021-05-18 09:37:10,650.6,345804
2021-05-18 09:37:11,650.35,346509
2021-05-18 09:37:12,650.35,346795
2021-05-18 09:37:14,650.2,346980
2021-05-18 09:37:14,650.7,347018
2021-05-18 09:37:15,650.7,347018
2021-05-18 09:37:16,650.45,347118
2021-05-18 09:37:17,650.45,347128
2021-05-18 09:37:18,650.8,347139
2021-05-18 09:37:20,650.75,347156
2021-05-18 09:37:21,650.8,347256
2021-05-18 09:37:22,650.95,347366
2021-05-18 09:37:23,650.65,347368
2021-05-18 09:37:24,650.65,347377
2021-05-18 09:37:25,650.65,347388
2021-05-18 09:37:26,650.4,347428
2021-05-18 09:37:27,650.4,347432
2021-05-18 09:37:28,650.7,347468
2021-05-18 09:37:29,650.7,347469
2021-05-18 09:37:30,650.75,347569
2021-05-18 09:37:31,650.75,347569
2021-05-18 09:37:32,650.4,347570
2021-05-18 09:37:33,650.65,347633
2021-05-18 09:37:34,650.8,347718
2021-05-18 09:37:35,650.85,347775
2021-05-18 09:37:36,650.85,347775
2021-05-18 09:37:38,650.85,347806
2021-05-18 09:37:39,650.85,347807
2021-05-18 09:37:41,650.9,347867
2021-05-18 09:37:41,650.9,347867
2021-05-18 09:37:43,650.9,347867
2021-05-18 09:37:44,650.7,348312
2021-05-18 09:37:45,650.45,348422
2021-05-18 09:37:46,650.5,348441
2021-05-18 09:37:47,650.4,349269
2021-05-18 09:37:48,650.4,349352
2021-05-18 09:37:49,650.9,349451
2021-05-18 09:37:50,650.9,349451
2021-05-18 09:37:51,650.65,349653
2021-05-18 09:37:52,650.95,350145
2021-05-18 09:37:53,650.85,351222
2021-05-18 09:37:54,650.85,351321
2021-05-18 09:37:55,650.85,351336
2021-05-18 09:37:57,650.7,351442
2021-05-18 09:37:58,650.75,351482
2021-05-18 09:37:59,650.75,351486
2021-05-18 09:38:01,650.75,351559
2021-05-18 09:38:02,650.75,351561
2021-05-18 09:38:02,650.75,351561
2021-05-18 09:38:04,650.75,351567
2021-05-18 09:38:05,650.85,351568
2021-05-18 09:38:06,651.0,351788
2021-05-18 09:38:06,651.0,351788
2021-05-18 09:38:07,651.0,351788
2021-05-18 09:38:08,651.15,351978
2021-05-18 09:38:09,651.15,351978
2021-05-18 09:38:10,651.15,351985
2021-05-18 09:38:11,650.9,352003
2021-05-18 09:38:12,651.15,352105
2021-05-18 09:38:14,651.15,352185
2021-05-18 09:38:15,651.15,352266
2021-05-18 09:38:16,651.15,352266
2021-05-18 09:38:17,651.15,352316
2021-05-18 09:38:18,651.0,352489
2021-05-18 09:38:19,651.15,352672
2021-05-18 09:38:20,651.0,352747
2021-05-18 09:38:21,651.25,352785
2021-05-18 09:38:22,651.25,352786
2021-05-18 09:38:23,651.15,352789
2021-05-18 09:38:24,651.5,353135
2021-05-18 09:38:25,651.5,353158
2021-05-18 09:38:26,651.5,353158
2021-05-18 09:38:27,651.5,353158
2021-05-18 09:38:28,651.25,353165
2021-05-18 09:38:29,651.25,353183
2021-05-18 09:38:30,651.25,353183
2021-05-18 09:38:34,651.5,353357
2021-05-18 09:38:36,651.25,353471
2021-05-18 09:38:37,651.25,353483
2021-05-18 09:38:38,651.25,353483
2021-05-18 09:38:40,651.6,353618
2021-05-18 09:38:40,651.6,353618
2021-05-18 09:38:42,651.7,353770
2021-05-18 09:38:42,651.7,353770
2021-05-18 09:38:43,651.7,353770
2021-05-18 09:38:44,651.7,353770
2021-05-18 09:38:45,651.3,353871
2021-05-18 09:38:46,651.35,353881
2021-05-18 09:38:47,651.35,354030
2021-05-18 09:38:49,651.25,354189
2021-05-18 09:38:49,651.25,354205
2021-05-18 09:38:50,651.7,354707
2021-05-18 09:38:51,651.7,354707
2021-05-18 09:38:52,651.7,354707
2021-05-18 09:38:53,651.7,354707
2021-05-18 09:38:54,651.7,354857
2021-05-18 09:38:55,651.7,354857
2021-05-18 09:38:56,651.25,354907
2021-05-18 09:38:57,651.7,355183
2021-05-18 09:38:58,651.35,355223
2021-05-18 09:38:59,651.35,355227
2021-05-18 09:39:00,651.35,355246
2021-05-18 09:39:03,651.6,355268
2021-05-18 09:39:03,651.65,355328
2021-05-18 09:39:04,651.65,355328
2021-05-18 09:39:05,651.7,355560
2021-05-18 09:39:06,651.6,356023
2021-05-18 09:39:07,651.6,356069
2021-05-18 09:39:08,651.65,356079
2021-05-18 09:39:09,651.65,356129
2021-05-18 09:39:10,651.65,356129
2021-05-18 09:39:12,651.95,356335
2021-05-18 09:39:13,651.95,356360
2021-05-18 09:39:14,652.0,356536
2021-05-18 09:39:16,652.0,356537
2021-05-18 09:39:16,652.0,356541
2021-05-18 09:39:17,652.0,356541
2021-05-18 09:39:18,652.0,356662
2021-05-18 09:39:19,652.0,356662
2021-05-18 09:39:20,651.8,357179
2021-05-18 09:39:22,652.0,357734
2021-05-18 09:39:26,652.6,361473
2021-05-18 09:39:26,652.6,361478
2021-05-18 09:39:27,652.6,361478
2021-05-18 09:39:28,652.25,361628
2021-05-18 09:39:30,652.6,361826
2021-05-18 09:39:31,652.8,361900
2021-05-18 09:39:32,653.0,362293
2021-05-18 09:39:33,653.0,362444
2021-05-18 09:39:34,653.0,362612
2021-05-18 09:39:35,652.8,362657
2021-05-18 09:39:36,652.8,362662
2021-05-18 09:39:37,652.8,362662
2021-05-18 09:39:39,652.95,362769
2021-05-18 09:39:39,653.0,362889
2021-05-18 09:39:41,652.95,362966
2021-05-18 09:39:41,652.95,362966
2021-05-18 09:39:43,652.8,363032
2021-05-18 09:39:44,652.95,363073
2021-05-18 09:39:45,653.0,363656
2021-05-18 09:39:47,653.0,363856
2021-05-18 09:39:48,652.95,363878
2021-05-18 09:39:48,652.95,363878
2021-05-18 09:39:50,652.95,364028
2021-05-18 09:39:51,653.0,365078
2021-05-18 09:39:52,653.0,365134
2021-05-18 09:39:52,652.8,365603
2021-05-18 09:39:53,652.8,365704
2021-05-18 09:39:54,652.8,365955
2021-05-18 09:39:55,652.8,366254
2021-05-18 09:39:56,652.55,366559
2021-05-18 09:39:57,652.55,366666
2021-05-18 09:39:58,652.8,366686
2021-05-18 09:39:59,652.55,366786
2021-05-18 09:40:00,652.8,366820
2021-05-18 09:40:01,652.7,366842
2021-05-18 09:40:02,652.65,366849
2021-05-18 09:40:03,652.0,367107
2021-05-18 09:40:04,652.5,368149
2021-05-18 09:40:05,652.5,368149
2021-05-18 09:40:06,652.1,368153
2021-05-18 09:40:07,652.5,368237
2021-05-18 09:40:08,652.75,368838
2021-05-18 09:40:10,652.65,368948
2021-05-18 09:40:10,652.25,368938
2021-05-18 09:40:11,652.4,369149
2021-05-18 09:40:12,652.7,369209
2021-05-18 09:40:13,652.7,369222
2021-05-18 09:40:14,652.3,369282
2021-05-18 09:40:15,652.5,369288
2021-05-18 09:40:16,652.5,369301
2021-05-18 09:40:17,652.5,369302
2021-05-18 09:40:19,652.5,369410
2021-05-18 09:40:20,652.7,369462
2021-05-18 09:40:21,652.7,369611
2021-05-18 09:40:22,652.4,369923
2021-05-18 09:40:23,652.4,370006
2021-05-18 09:40:24,652.5,370260
2021-05-18 09:40:25,652.5,370280
2021-05-18 09:40:27,652.3,370780
2021-05-18 09:40:28,652.3,370846
2021-05-18 09:40:29,652.5,370863
2021-05-18 09:40:30,652.3,371169
2021-05-18 09:40:30,652.3,371199
2021-05-18 09:40:31,652.5,371233
2021-05-18 09:40:32,652.1,371433
2021-05-18 09:40:33,652.0,372756
2021-05-18 09:40:34,652.45,372925
2021-05-18 09:40:35,652.5,372973
2021-05-18 09:40:36,652.45,372977
2021-05-18 09:40:37,652.6,373428
2021-05-18 09:40:38,652.45,373503
2021-05-18 09:40:39,652.45,373533
2021-05-18 09:40:40,652.0,373563
2021-05-18 09:40:41,652.1,373569
2021-05-18 09:40:42,652.45,373670
2021-05-18 09:40:43,652.05,373715
2021-05-18 09:40:45,652.05,373732
2021-05-18 09:40:46,652.05,373732
2021-05-18 09:40:47,652.35,374091
2021-05-18 09:40:48,652.0,375603
2021-05-18 09:40:48,652.0,375646
2021-05-18 09:40:49,652.0,375653
2021-05-18 09:40:50,652.0,375654
2021-05-18 09:40:52,651.7,375732
2021-05-18 09:40:53,651.75,375755
2021-05-18 09:40:54,652.0,376124
2021-05-18 09:40:55,652.0,376125
2021-05-18 09:40:56,652.0,376125
2021-05-18 09:40:57,652.0,376150
2021-05-18 09:40:58,652.0,376150
2021-05-18 09:40:59,651.8,376161
2021-05-18 09:41:00,651.8,376162
2021-05-18 09:41:01,652.0,376207
2021-05-18 09:41:03,651.75,376233
2021-05-18 09:41:05,651.75,376266
2021-05-18 09:41:06,651.7,376493
2021-05-18 09:41:07,651.65,376499
2021-05-18 09:41:08,652.45,379059
2021-05-18 09:41:08,652.4,379063
2021-05-18 09:41:10,652.0,379138
2021-05-18 09:41:11,652.0,379229
2021-05-18 09:41:11,652.35,379264
2021-05-18 09:41:12,652.45,380615
2021-05-18 09:41:14,652.45,380615
2021-05-18 09:41:15,652.05,380630
2021-05-18 09:41:15,652.0,380682
2021-05-18 09:41:17,652.0,380687
2021-05-18 09:41:18,652.5,380996
2021-05-18 09:41:19,652.5,380996
2021-05-18 09:41:19,652.5,380996
2021-05-18 09:41:21,652.15,381079
2021-05-18 09:41:22,652.15,381089
2021-05-18 09:41:22,652.15,381088
2021-05-18 09:41:23,652.15,381421
2021-05-18 09:41:24,652.15,381454
2021-05-18 09:41:25,652.15,381454
2021-05-18 09:41:26,652.15,381454
2021-05-18 09:41:28,652.15,381454
2021-05-18 09:41:29,652.35,381628
2021-05-18 09:41:30,651.9,381832
2021-05-18 09:41:31,651.9,381852
2021-05-18 09:41:32,651.9,381855
2021-05-18 09:41:33,652.3,381867
2021-05-18 09:41:33,652.3,381867
2021-05-18 09:41:34,651.9,381884
2021-05-18 09:41:35,651.9,381886
2021-05-18 09:41:36,651.9,381886
2021-05-18 09:41:37,651.9,381886
2021-05-18 09:41:38,651.65,382591
2021-05-18 09:41:39,651.65,383161
2021-05-18 09:41:40,651.65,383194
2021-05-18 09:41:42,651.9,383539
2021-05-18 09:41:43,651.55,383544
2021-05-18 09:41:45,651.55,383545
2021-05-18 09:41:46,651.9,383546
2021-05-18 09:41:47,651.65,383547
2021-05-18 09:41:48,651.35,384118
2021-05-18 09:41:49,651.35,384275
2021-05-18 09:41:50,651.5,384290
2021-05-18 09:41:51,651.75,384343
2021-05-18 09:41:53,651.6,384477
2021-05-18 09:41:54,651.9,384607
2021-05-18 09:41:55,651.9,384735
2021-05-18 09:41:55,651.9,384748
2021-05-18 09:41:57,651.5,384894
2021-05-18 09:41:58,651.55,384909
2021-05-18 09:41:59,651.6,384921
2021-05-18 09:42:00,651.85,384944
2021-05-18 09:42:01,651.85,384954
2021-05-18 09:42:02,651.85,385004
2021-05-18 09:42:03,651.6,385024
2021-05-18 09:42:04,651.6,385026
2021-05-18 09:42:06,651.6,385071
2021-05-18 09:42:07,651.6,385087
2021-05-18 09:42:09,651.85,385321
2021-05-18 09:42:09,651.85,385321
2021-05-18 09:42:10,651.45,396033
2021-05-18 09:42:12,650.95,396034
2021-05-18 09:42:13,651.1,396035
2021-05-18 09:42:14,650.95,396465
2021-05-18 09:42:15,651.45,396558
2021-05-18 09:42:16,651.1,396884
2021-05-18 09:42:17,650.85,396994
2021-05-18 09:42:17,651.1,397010
2021-05-18 09:42:20,651.1,397048
2021-05-18 09:42:20,650.8,397780
2021-05-18 09:42:21,650.85,398347
2021-05-18 09:42:23,651.3,398465
2021-05-18 09:42:24,650.85,398914
2021-05-18 09:42:25,651.25,399030
2021-05-18 09:42:27,650.85,399044
2021-05-18 09:42:29,650.85,399441
2021-05-18 09:42:30,651.25,399545
2021-05-18 09:42:31,650.85,399564
2021-05-18 09:42:32,650.85,399566
2021-05-18 09:42:33,651.25,399577
2021-05-18 09:42:34,650.85,399629
2021-05-18 09:42:35,650.85,399645
2021-05-18 09:42:36,650.85,399672
2021-05-18 09:42:38,651.25,401458
2021-05-18 09:42:39,651.15,401494
2021-05-18 09:42:39,651.55,401518
2021-05-18 09:42:40,651.55,401667
2021-05-18 09:42:41,651.55,401667
2021-05-18 09:42:42,651.6,401972
2021-05-18 09:42:44,651.1,401977
2021-05-18 09:42:45,651.1,401978
2021-05-18 09:42:46,651.1,401982
2021-05-18 09:42:47,651.6,401983
2021-05-18 09:42:48,651.1,402013
2021-05-18 09:42:49,651.1,402016
2021-05-18 09:42:50,651.6,402018
2021-05-18 09:42:51,651.6,402023
2021-05-18 09:42:52,651.6,402204
2021-05-18 09:42:53,651.6,402216
2021-05-18 09:42:54,651.6,402216
2021-05-18 09:42:55,651.6,402226
2021-05-18 09:42:56,651.1,402227
2021-05-18 09:42:57,651.6,402379
2021-05-18 09:42:58,651.15,402380
2021-05-18 09:42:59,651.15,402400
2021-05-18 09:43:00,651.15,402405
2021-05-18 09:43:00,651.15,402405
2021-05-18 09:43:02,651.55,404755
2021-05-18 09:43:03,651.55,404966
2021-05-18 09:43:04,651.55,404966
2021-05-18 09:43:05,651.55,404966
2021-05-18 09:43:06,651.55,404966
2021-05-18 09:43:07,651.55,404976
2021-05-18 09:43:08,651.55,405033
2021-05-18 09:43:08,651.55,405038
2021-05-18 09:43:09,651.7,405100
2021-05-18 09:43:10,651.35,405401
2021-05-18 09:43:12,651.7,405440
2021-05-18 09:43:12,651.55,405460
2021-05-18 09:43:13,651.55,405462
2021-05-18 09:43:15,651.8,405567
2021-05-18 09:43:16,651.8,405567
2021-05-18 09:43:17,651.8,405567
2021-05-18 09:43:18,651.45,405770
2021-05-18 09:43:19,651.9,405993
2021-05-18 09:43:19,651.9,405993
2021-05-18 09:43:20,651.9,405993
2021-05-18 09:43:21,651.9,405993
2021-05-18 09:43:22,651.3,406996
2021-05-18 09:43:25,652.2,407775
2021-05-18 09:43:26,652.0,407810
2021-05-18 09:43:27,652.0,407815
2021-05-18 09:43:28,652.0,407915
2021-05-18 09:43:30,651.8,408014
2021-05-18 09:43:31,651.9,408016
2021-05-18 09:43:32,651.9,408019
2021-05-18 09:43:33,652.0,408046
2021-05-18 09:43:34,651.8,408096
2021-05-18 09:43:34,651.8,408101
2021-05-18 09:43:37,651.8,408103
2021-05-18 09:43:38,651.8,408103
2021-05-18 09:43:39,651.8,408105
2021-05-18 09:43:40,652.0,408190
2021-05-18 09:43:41,652.0,408191
2021-05-18 09:43:42,651.8,408231
2021-05-18 09:43:43,652.0,408657
2021-05-18 09:43:43,652.0,408657
2021-05-18 09:43:46,652.35,409393
2021-05-18 09:43:46,652.1,409459
2021-05-18 09:43:47,652.1,409460
2021-05-18 09:43:48,652.1,409476
2021-05-18 09:43:50,652.4,409577
2021-05-18 09:43:51,652.4,409577
2021-05-18 09:43:52,652.4,409577
2021-05-18 09:43:53,652.4,409607
2021-05-18 09:43:54,652.1,409612
2021-05-18 09:43:56,652.1,409684
2021-05-18 09:43:57,652.4,409693
2021-05-18 09:43:57,652.4,409693
2021-05-18 09:43:58,652.15,409695
2021-05-18 09:43:59,652.4,409697
2021-05-18 09:44:01,652.45,409722
2021-05-18 09:44:02,652.45,409722
2021-05-18 09:44:03,652.45,409722
2021-05-18 09:44:04,652.4,409738
2021-05-18 09:44:05,652.5,409765
2021-05-18 09:44:06,652.5,409765
2021-05-18 09:44:07,652.4,409865
2021-05-18 09:44:08,652.45,409888
2021-05-18 09:44:09,652.45,409888
2021-05-18 09:44:10,652.4,409941
2021-05-18 09:44:11,652.4,409947
2021-05-18 09:44:12,652.4,409951
2021-05-18 09:44:13,652.4,409951
2021-05-18 09:44:14,652.4,410025
2021-05-18 09:44:15,652.2,410082
2021-05-18 09:44:16,652.2,410088
2021-05-18 09:44:18,652.45,410123
2021-05-18 09:44:19,652.2,411435
2021-05-18 09:44:20,652.3,411698
2021-05-18 09:44:21,652.3,411698
2021-05-18 09:44:22,652.3,411708
2021-05-18 09:44:24,652.2,411822
2021-05-18 09:44:24,652.0,411827
2021-05-18 09:44:25,652.0,411856
2021-05-18 09:44:27,652.0,411973
2021-05-18 09:44:28,652.0,411984
2021-05-18 09:44:29,652.3,411989
2021-05-18 09:44:30,652.25,411992
2021-05-18 09:44:30,652.25,411992
2021-05-18 09:44:32,652.25,412002
2021-05-18 09:44:33,652.25,412003
2021-05-18 09:44:34,652.25,412274
2021-05-18 09:44:35,652.25,412278
2021-05-18 09:44:36,652.25,412278
2021-05-18 09:44:38,652.0,412343
2021-05-18 09:44:39,652.0,412359
2021-05-18 09:44:40,652.05,412455
2021-05-18 09:44:41,652.05,412456
2021-05-18 09:44:42,652.05,412481
2021-05-18 09:44:43,652.0,412488
2021-05-18 09:44:45,652.05,412489
2021-05-18 09:44:46,652.0,412500
2021-05-18 09:44:47,652.0,412504
2021-05-18 09:44:48,652.0,412504
2021-05-18 09:44:49,652.0,412529
2021-05-18 09:44:50,652.0,412532
2021-05-18 09:44:51,652.05,412543
2021-05-18 09:44:52,652.05,412544
2021-05-18 09:44:53,652.05,412544
2021-05-18 09:44:54,652.0,412827
2021-05-18 09:44:55,652.0,412827
2021-05-18 09:44:56,652.0,412827
2021-05-18 09:44:57,651.8,412838
2021-05-18 09:44:58,652.0,412840
2021-05-18 09:44:59,652.0,412898
2021-05-18 09:45:00,652.0,412898
2021-05-18 09:45:02,652.0,412924
2021-05-18 09:45:02,652.0,412924
2021-05-18 09:45:03,652.0,412929
2021-05-18 09:45:04,651.8,412934
2021-05-18 09:45:05,651.8,412938
2021-05-18 09:45:07,652.0,413295
2021-05-18 09:45:08,652.0,413295
2021-05-18 09:45:09,651.95,413315
2021-05-18 09:45:10,652.0,413535
2021-05-18 09:45:11,651.65,413635
2021-05-18 09:45:12,651.7,413678
2021-05-18 09:45:13,652.3,415074
2021-05-18 09:45:14,651.85,415276
2021-05-18 09:45:16,652.3,415301
2021-05-18 09:45:21,651.9,415687
2021-05-18 09:45:21,651.9,415691
2021-05-18 09:45:22,651.9,415692
2021-05-18 09:45:24,651.9,415699
2021-05-18 09:45:25,652.25,415706
2021-05-18 09:45:26,652.2,415712
2021-05-18 09:45:27,652.2,415712
2021-05-18 09:45:27,651.9,415719
2021-05-18 09:45:29,651.9,415720
2021-05-18 09:45:30,651.9,415720
2021-05-18 09:45:31,651.9,415733
2021-05-18 09:45:32,652.1,415738
2021-05-18 09:45:33,652.1,415739
2021-05-18 09:45:34,652.25,416113
2021-05-18 09:45:35,651.9,416133
2021-05-18 09:45:36,651.9,416135
2021-05-18 09:45:37,651.9,416135
2021-05-18 09:45:38,652.0,416187
2021-05-18 09:45:39,651.9,416224
2021-05-18 09:45:40,651.9,416226
2021-05-18 09:45:41,651.9,416227
2021-05-18 09:45:42,651.95,418728
2021-05-18 09:45:43,652.3,418988
2021-05-18 09:45:45,652.05,419022
2021-05-18 09:45:46,652.05,419025
2021-05-18 09:45:47,652.05,419025
2021-05-18 09:45:49,652.05,419131
2021-05-18 09:45:50,652.05,419147
2021-05-18 09:45:51,652.05,419150
2021-05-18 09:45:54,652.4,419235
2021-05-18 09:45:55,652.1,419245
2021-05-18 09:45:56,652.1,419246
2021-05-18 09:45:57,652.1,419246
2021-05-18 09:45:58,652.1,419253
2021-05-18 09:46:00,652.1,419273
2021-05-18 09:45:59,652.1,419273
2021-05-18 09:46:01,652.15,419288
2021-05-18 09:46:02,652.15,419288
2021-05-18 09:46:03,651.8,420115
2021-05-18 09:46:04,652.15,420435
2021-05-18 09:46:05,652.25,421435
2021-05-18 09:46:06,652.25,421435
2021-05-18 09:46:08,651.95,421459
2021-05-18 09:46:09,651.95,421459
2021-05-18 09:46:10,652.05,421559
2021-05-18 09:46:12,652.05,421636
2021-05-18 09:46:13,652.3,421655
2021-05-18 09:46:14,652.85,424679
2021-05-18 09:46:15,652.35,424765
2021-05-18 09:46:16,652.35,424765
2021-05-18 09:46:17,652.4,424875
2021-05-18 09:46:18,652.4,424875
2021-05-18 09:46:19,652.1,425019
2021-05-18 09:46:20,652.0,425069
2021-05-18 09:46:21,652.1,425180
2021-05-18 09:46:22,652.7,425288
2021-05-18 09:46:23,652.7,425388
2021-05-18 10:13:31,651.4,602553
2021-05-18 10:13:32,651.5,602608
2021-05-18 10:13:33,651.5,602616
2021-05-18 10:13:34,651.65,602722
2021-05-18 10:13:36,651.65,602774
2021-05-18 10:13:37,651.65,603042
2021-05-18 10:13:38,651.65,603069
2021-05-18 10:13:40,651.65,603081
2021-05-18 10:13:41,651.7,603083
2021-05-18 10:13:41,651.7,603083
2021-05-18 10:13:42,651.7,603083
2021-05-18 10:13:43,651.7,603083
2021-05-18 10:13:44,651.5,603099
2021-05-18 10:13:45,651.5,603105
2021-05-18 10:13:46,651.5,603112
2021-05-18 10:13:47,651.7,603124
2021-05-18 10:13:48,651.5,603141
2021-05-18 10:13:50,651.5,603142
2021-05-18 10:13:50,651.5,603143
2021-05-18 10:13:51,651.7,603144
2021-05-18 10:13:53,651.5,603145
2021-05-18 10:13:54,651.5,603145
2021-05-18 10:13:55,651.5,603145
2021-05-18 10:13:56,651.7,603175
2021-05-18 10:13:57,651.5,603176
2021-05-18 10:13:58,651.5,603266
2021-05-18 10:13:59,651.5,603277
2021-05-18 10:14:00,651.5,603278
2021-05-18 10:14:01,651.7,603325
2021-05-18 10:14:02,651.5,603328
2021-05-18 10:14:03,651.5,603328
2021-05-18 10:14:04,651.5,603328
2021-05-18 10:14:08,651.5,603339
2021-05-18 10:14:09,651.5,603344
2021-05-18 10:14:10,651.7,603655
2021-05-18 10:14:10,651.7,603655
2021-05-18 10:14:11,651.7,603655
2021-05-18 10:14:12,652.0,605360
2021-05-18 10:14:13,652.0,605370
2021-05-18 10:14:15,652.0,605393
2021-05-18 10:14:16,652.0,605393
2021-05-18 10:14:17,652.0,606033
2021-05-18 10:14:17,652.0,606033
2021-05-18 10:14:18,651.85,606186
2021-05-18 10:14:19,651.85,606201
2021-05-18 10:14:21,651.8,606206
2021-05-18 10:14:22,652.0,606217
2021-05-18 10:14:23,651.85,606237
2021-05-18 10:14:23,651.85,606237
2021-05-18 10:14:24,651.85,606269
2021-05-18 10:14:25,651.85,606269
2021-05-18 10:14:26,652.0,606376
2021-05-18 10:14:28,652.0,607074
2021-05-18 10:14:29,652.0,607074
2021-05-18 10:14:30,652.0,607074
2021-05-18 10:14:31,652.0,607094
2021-05-18 10:14:34,651.85,607233
2021-05-18 10:14:35,652.0,607319
2021-05-18 10:14:36,652.0,607328
2021-05-18 10:14:38,652.0,607351
2021-05-18 10:14:40,652.0,607373
2021-05-18 10:14:41,652.4,607428
2021-05-18 10:14:41,652.4,607428
2021-05-18 10:14:42,652.4,607428
2021-05-18 10:14:43,652.4,607428
2021-05-18 10:14:44,652.4,607428
2021-05-18 10:14:45,652.4,607428
2021-05-18 10:14:46,652.0,607434
2021-05-18 10:14:47,651.65,607835
2021-05-18 10:14:49,652.0,607876
2021-05-18 10:14:50,652.15,607890
2021-05-18 10:14:51,651.75,608090
2021-05-18 10:14:52,652.15,608311
2021-05-18 10:14:53,652.15,608311
2021-05-18 10:14:54,652.15,608325
2021-05-18 10:14:55,651.65,608366
2021-05-18 10:14:56,651.65,608371
2021-05-18 10:14:57,651.65,608371
2021-05-18 10:14:58,651.5,609393
2021-05-18 10:14:59,651.8,609502
2021-05-18 10:15:01,651.8,609502
2021-05-18 10:15:05,651.8,609513
2021-05-18 10:15:06,652.35,609515
2021-05-18 10:15:07,652.35,609515
2021-05-18 10:15:08,652.35,609517
2021-05-18 10:15:10,652.35,609617
2021-05-18 10:15:11,652.35,609617
2021-05-18 10:15:11,652.35,609667
2021-05-18 10:15:12,652.3,609753
2021-05-18 10:15:13,651.9,609754
2021-05-18 10:15:14,651.95,609769
2021-05-18 10:15:15,651.95,609771
2021-05-18 10:15:17,652.0,609776
2021-05-18 10:15:19,652.0,609786
2021-05-18 10:15:21,652.3,609801
2021-05-18 10:15:22,652.25,609846
2021-05-18 10:15:23,652.0,609956
2021-05-18 10:15:26,652.2,610069
2021-05-18 10:15:27,652.0,610075
2021-05-18 10:15:27,652.0,610075
2021-05-18 10:15:29,652.1,610125
2021-05-18 10:15:30,652.1,610125
2021-05-18 10:15:31,652.2,610131
2021-05-18 10:15:32,652.0,610140
2021-05-18 10:15:33,652.0,610141
2021-05-18 10:15:34,652.0,610451
2021-05-18 10:15:35,652.0,610455
2021-05-18 10:15:36,652.0,610495
2021-05-18 10:15:37,652.0,610495
2021-05-18 10:15:38,652.0,610495
2021-05-18 10:15:39,651.75,610502
2021-05-18 10:15:40,651.75,610505
2021-05-18 10:15:41,651.75,610559
2021-05-18 10:15:42,651.75,610565
2021-05-18 10:15:43,652.0,610575
2021-05-18 10:15:43,652.0,610575
2021-05-18 10:15:44,651.75,610583
2021-05-18 10:15:45,651.75,610584
2021-05-18 10:15:48,652.2,610787
2021-05-18 10:15:48,652.2,610787
2021-05-18 10:15:52,652.2,610788
2021-05-18 10:15:57,652.0,611017
2021-05-18 10:16:02,652.0,611190
2021-05-18 10:16:07,652.2,611307
2021-05-18 10:16:16,652.45,612549
2021-05-18 10:16:20,652.45,612549
2021-05-18 10:16:24,652.2,612667
2021-05-18 10:16:28,652.45,612771
2021-05-18 10:16:32,652.5,612993
2021-05-18 10:16:36,652.5,613005
2021-05-18 10:16:41,652.5,613093
2021-05-18 10:16:45,652.5,613122
2021-05-18 10:16:53,652.45,613140
2021-05-18 10:16:57,652.5,613165
2021-05-18 10:17:02,652.45,613186
2021-05-18 10:17:06,652.5,613463
2021-05-18 10:17:18,652.7,616658
2021-05-18 10:17:22,652.25,616873
2021-05-18 10:17:25,652.7,616995
2021-05-18 10:17:29,652.7,617096
2021-05-18 10:17:33,652.5,617608
2021-05-18 10:17:37,652.3,617618
2021-05-18 10:17:41,652.35,617833
2021-05-18 10:17:45,652.3,617999
2021-05-18 10:17:52,652.5,618142
2021-05-18 10:17:56,652.3,618214
2021-05-18 10:17:59,652.5,620410
2021-05-18 10:18:03,652.3,620412
2021-05-18 10:18:07,652.3,620683
2021-05-18 10:18:10,652.35,620750
2021-05-18 10:18:14,652.9,621169
2021-05-18 10:18:17,652.1,621477
2021-05-18 10:18:21,652.1,621560
2021-05-18 10:18:25,652.7,621844
2021-05-18 10:18:29,652.25,621854
2021-05-18 10:18:32,652.25,621873
2021-05-18 10:18:36,652.25,622069
2021-05-18 10:18:40,652.6,622092
2021-05-18 10:18:44,652.6,622219
2021-05-18 10:18:49,652.25,622220
2021-05-18 10:18:53,652.25,622463
2021-05-18 10:18:57,652.25,622487
2021-05-18 10:19:01,652.75,622692
2021-05-18 10:19:05,652.3,623348
2021-05-18 10:19:09,652.7,623484
2021-05-18 10:19:14,652.7,623489
2021-05-18 10:19:17,652.35,623812
2021-05-18 10:19:21,652.0,626929
2021-05-18 10:19:25,652.0,627353
2021-05-18 10:19:30,652.0,627496
2021-05-18 10:19:34,652.0,627512
2021-05-18 10:19:38,652.05,627730
2021-05-18 10:19:46,652.05,628066
2021-05-18 10:19:50,652.05,628070
2021-05-18 10:19:54,652.45,628083
2021-05-18 10:19:58,652.45,628083
2021-05-18 10:20:02,652.4,628209
2021-05-18 10:20:06,652.4,628513
2021-05-18 10:20:11,652.4,628653
2021-05-18 10:20:15,652.5,628966
2021-05-18 10:20:20,652.1,629123
2021-05-18 10:20:24,652.1,629170
2021-05-18 10:20:28,652.4,629205
2021-05-18 10:20:31,652.05,629330
2021-05-18 10:20:35,652.4,629579
2021-05-18 10:20:39,652.05,629580
2021-05-18 10:20:42,652.1,629605
2021-05-18 10:20:46,652.1,629718
2021-05-18 10:20:50,652.1,629729
2021-05-18 10:20:54,652.4,629750
2021-05-18 10:20:58,652.4,629750
2021-05-18 10:21:02,652.4,629783
2021-05-18 10:21:06,652.35,629788
2021-05-18 10:21:10,652.1,629792
2021-05-18 10:21:14,652.1,629814
2021-05-18 10:21:17,652.35,629844
2021-05-18 10:21:21,652.4,629869
2021-05-18 10:21:24,652.4,629906
2021-05-18 10:21:27,652.15,629918
2021-05-18 10:21:31,652.05,630042
2021-05-18 10:21:35,652.4,630359
2021-05-18 10:21:38,652.4,630649
2021-05-18 10:21:41,652.05,630699
2021-05-18 10:21:44,652.05,631167
2021-05-18 10:21:47,652.05,631214
2021-05-18 10:21:51,652.05,631432
2021-05-18 10:21:54,652.05,631580
2021-05-18 10:21:58,652.35,631608
2021-05-18 10:22:01,652.05,631741
2021-05-18 10:22:05,652.3,631857
2021-05-18 10:22:09,652.35,631897
2021-05-18 10:22:13,652.4,632906
2021-05-18 10:22:16,652.1,632936
2021-05-18 10:22:20,652.1,633042
2021-05-18 10:22:24,652.3,633158
2021-05-18 10:22:28,652.05,633219
2021-05-18 10:22:32,652.05,633315
2021-05-18 10:22:36,652.35,633330
2021-05-18 10:22:41,652.4,636969
2021-05-18 10:22:45,652.35,636985
2021-05-18 10:22:49,652.35,637169
2021-05-18 10:22:52,652.4,637446
2021-05-18 10:22:56,652.4,637446
2021-05-18 10:23:00,652.1,637474
2021-05-18 10:23:03,652.4,637478
2021-05-18 10:23:06,652.1,637562
2021-05-18 10:23:10,652.4,637586
2021-05-18 10:23:13,652.4,637599
2021-05-18 10:23:17,652.4,637683
2021-05-18 10:23:20,652.4,637688
2021-05-18 10:23:24,652.15,637691
2021-05-18 10:23:28,652.2,637893
2021-05-18 10:23:32,652.4,637968
2021-05-18 10:23:35,652.4,638013
2021-05-18 10:23:42,652.15,638366
2021-05-18 10:23:46,652.55,638374
2021-05-18 10:23:49,652.55,638424
2021-05-18 10:23:52,652.45,638583
2021-05-18 10:23:56,652.1,638596
2021-05-18 10:23:59,652.4,638614
2021-05-18 10:24:03,652.4,638648
2021-05-18 10:24:06,652.45,638753
2021-05-18 10:24:09,652.45,638753
2021-05-18 10:24:13,652.15,638848
2021-05-18 10:24:16,652.4,639237
2021-05-18 10:24:20,652.15,639287
2021-05-18 10:24:23,652.15,639331
2021-05-18 10:24:27,652.15,639385
2021-05-18 10:24:30,652.45,639507
2021-05-18 10:24:33,652.45,639527
2021-05-18 10:24:37,652.1,639736
2021-05-18 10:24:41,652.1,639758
2021-05-18 10:24:44,652.2,639834
2021-05-18 10:24:47,652.2,639841
2021-05-18 10:24:51,652.2,639842
2021-05-18 10:24:54,652.5,640203
2021-05-18 10:24:57,652.5,640239
2021-05-18 10:25:01,652.5,640355
2021-05-18 10:25:12,652.5,640608
2021-05-18 10:25:16,652.5,640798
2021-05-18 10:25:20,652.45,640918
2021-05-18 10:25:24,652.5,641021
2021-05-18 10:25:27,652.5,641041
2021-05-18 10:25:31,652.45,641076
2021-05-18 10:25:35,652.45,641081
2021-05-18 10:25:39,652.4,641266
2021-05-18 10:25:43,652.4,641291
2021-05-18 10:25:46,652.3,641323
2021-05-18 10:25:49,652.3,641344
2021-05-18 10:25:52,652.4,641367
2021-05-18 10:25:55,652.3,641481
2021-05-18 10:25:59,652.2,642566
2021-05-18 10:26:02,652.5,642871
2021-05-18 10:26:05,652.5,642871
2021-05-18 10:26:09,652.15,642904
2021-05-18 10:26:12,652.2,642910
2021-05-18 10:26:16,652.2,642910
2021-05-18 10:26:19,652.25,642960
2021-05-18 10:26:22,652.5,643215
2021-05-18 10:26:25,652.5,643215
2021-05-18 10:26:28,652.4,643291
2021-05-18 10:26:32,652.3,643300
2021-05-18 10:26:35,652.25,643351
2021-05-18 10:26:43,652.3,644953
2021-05-18 10:26:46,652.5,644978
2021-05-18 10:26:50,652.3,645290
2021-05-18 10:26:53,652.55,645371
2021-05-18 10:26:56,652.55,645401
2021-05-18 10:27:00,652.5,645410
2021-05-18 10:27:03,652.6,645480
2021-05-18 10:27:06,652.6,645480
2021-05-18 10:27:09,652.55,645487
2021-05-18 10:27:12,652.6,645513
2021-05-18 10:27:16,652.55,645514
2021-05-18 10:27:23,652.5,646802
2021-05-18 10:27:27,652.35,647129
2021-05-18 10:27:30,652.5,647363
2021-05-18 10:27:33,652.5,647386
2021-05-18 10:27:37,652.35,647603
2021-05-18 10:27:41,652.4,647926
2021-05-18 10:27:44,652.4,648014
2021-05-18 10:27:47,652.75,648033
2021-05-18 10:27:50,652.4,648034
2021-05-18 10:27:56,652.9,649799
2021-05-18 10:28:00,652.9,650030
2021-05-18 10:28:03,652.9,650149
2021-05-18 10:28:07,652.9,650283
2021-05-18 10:28:10,652.75,650347
2021-05-18 10:28:13,652.9,651643
2021-05-18 10:28:16,652.9,652493
2021-05-18 10:28:19,652.75,652663
2021-05-18 10:28:22,652.95,653113
2021-05-18 10:28:25,652.95,653146
2021-05-18 10:28:28,652.75,653180
2021-05-18 10:28:31,652.95,653236
2021-05-18 10:28:34,652.95,653236
2021-05-18 10:28:38,652.75,653381
2021-05-18 10:28:41,652.75,653716
2021-05-18 10:28:44,652.75,653724
2021-05-18 10:28:47,652.7,653749
2021-05-18 10:28:50,652.75,653854
2021-05-18 10:28:53,652.7,654048
2021-05-18 10:28:57,652.7,654101
2021-05-18 10:29:00,652.6,654104
2021-05-18 10:29:04,652.85,654132
2021-05-18 10:29:08,652.5,654288
2021-05-18 10:29:12,652.85,654368
2021-05-18 10:29:15,652.9,654418
2021-05-18 10:29:18,652.9,654478
2021-05-18 10:29:21,652.6,654483
2021-05-18 10:29:24,652.6,654514
2021-05-18 10:29:30,652.9,654574
2021-05-18 10:29:33,652.5,654727
2021-05-18 10:29:36,652.5,654761
2021-05-18 10:29:39,652.5,654775
2021-05-18 10:29:42,652.85,654779
2021-05-18 10:29:45,652.85,654789
2021-05-18 10:29:48,652.9,655096
2021-05-18 10:29:51,652.9,655096
2021-05-18 10:29:55,652.6,655147
2021-05-18 10:29:59,652.85,655157
2021-05-18 10:30:02,652.85,655292
2021-05-18 10:30:06,652.55,655302
2021-05-18 10:30:10,652.6,655702
2021-05-18 10:30:13,652.9,656287
2021-05-18 10:30:17,652.5,656313
2021-05-18 10:30:21,652.8,656638
2021-05-18 10:30:25,652.8,656646
2021-05-18 10:30:28,652.6,656778
2021-05-18 10:30:31,652.6,656944
2021-05-18 10:30:35,652.6,656944
2021-05-18 10:30:38,652.4,657160
2021-05-18 10:30:42,652.5,657185
2021-05-18 10:30:45,652.5,657493
2021-05-18 10:30:49,652.75,657544
2021-05-18 10:30:53,652.4,657665
2021-05-18 10:30:57,652.4,657681
2021-05-18 10:31:01,652.4,657752
2021-05-18 10:31:05,652.35,657962
2021-05-18 10:31:09,652.8,658160
2021-05-18 10:31:15,652.45,658214
2021-05-18 10:31:18,652.4,658228
2021-05-18 10:31:22,652.75,658383
2021-05-18 10:31:25,652.45,658385
2021-05-18 10:31:28,652.45,658399
2021-05-18 10:31:31,652.45,658401
2021-05-18 10:31:34,652.5,659103
2021-05-18 10:31:37,652.5,659105
2021-05-18 10:31:39,652.3,659256
2021-05-18 10:31:42,652.45,659281
2021-05-18 10:31:45,652.45,659297
2021-05-18 10:31:48,652.45,659301
2021-05-18 10:31:52,652.7,659801
2021-05-18 10:31:55,652.7,659801
2021-05-18 10:31:58,652.5,659857
2021-05-18 10:32:01,652.5,659859
2021-05-18 10:32:04,652.5,659946
2021-05-18 10:32:07,652.5,659960
2021-05-18 10:32:09,652.35,659996
2021-05-18 10:32:12,652.65,660003
2021-05-18 10:32:15,652.65,660004
2021-05-18 10:32:19,652.35,660087
2021-05-18 10:32:22,652.5,660125
2021-05-18 10:32:26,652.6,660365
2021-05-18 10:32:29,652.5,660799
2021-05-18 10:32:32,652.5,660799
2021-05-18 10:32:35,652.5,660849
2021-05-18 10:32:39,652.3,660851
2021-05-18 10:32:42,652.3,660858
2021-05-18 10:32:45,652.3,660863
2021-05-18 10:32:49,652.5,660963
2021-05-18 10:32:55,652.5,661044
2021-05-18 10:32:58,652.35,661218
2021-05-18 10:33:01,652.3,661268
2021-05-18 10:33:05,652.3,661295
2021-05-18 10:33:08,652.25,661354
2021-05-18 10:33:11,652.2,661358
2021-05-18 10:33:14,652.2,661368
2021-05-18 10:33:17,652.2,661369
2021-05-18 10:33:20,652.1,661370
2021-05-18 10:33:23,652.2,661471
2021-05-18 10:33:26,652.2,661556
2021-05-18 10:33:30,652.15,661567
2021-05-18 10:33:33,652.15,661579
2021-05-18 10:33:37,652.15,662622
2021-05-18 10:33:40,652.0,662630
2021-05-18 10:33:43,652.2,662807
2021-05-18 10:33:46,652.2,662807
2021-05-18 10:33:49,652.0,662893
2021-05-18 10:33:52,652.0,662906
2021-05-18 10:33:58,652.3,663187
2021-05-18 10:34:01,652.35,663200
2021-05-18 10:34:05,652.45,663300
2021-05-18 10:34:08,652.1,664485
2021-05-18 10:34:11,652.45,665605
2021-05-18 10:34:15,652.45,665670
2021-05-18 10:34:18,652.15,665844
2021-05-18 10:34:20,652.15,665879
2021-05-18 10:34:23,652.15,665882
2021-05-18 10:34:26,652.4,665886
2021-05-18 10:34:29,652.0,666045
2021-05-18 10:34:32,652.15,666090
2021-05-18 10:34:36,652.05,666860
2021-05-18 10:34:39,652.05,666937
2021-05-18 10:34:41,652.05,666937
2021-05-18 10:34:44,652.3,666947
2021-05-18 10:34:48,652.0,667009
2021-05-18 10:34:50,652.0,667032
2021-05-18 10:34:54,652.0,667034
2021-05-18 10:34:57,652.0,667035
2021-05-18 10:34:59,652.0,667035
2021-05-18 10:35:02,652.3,667042
2021-05-18 10:35:05,652.3,667042
2021-05-18 10:35:07,652.0,667045
2021-05-18 10:35:10,652.3,667056
2021-05-18 10:35:13,652.3,667056
2021-05-18 10:35:16,652.0,667183
2021-05-18 10:35:19,652.25,667247
2021-05-18 10:35:22,652.05,667248
2021-05-18 10:35:25,652.0,667320
2021-05-18 10:35:28,652.0,667628
2021-05-18 10:35:31,652.05,667664
2021-05-18 10:35:34,652.0,667724
2021-05-18 10:35:37,652.25,667745
2021-05-18 10:35:40,652.25,667746
2021-05-18 10:35:43,652.25,667747
2021-05-18 10:35:45,652.25,667748
2021-05-18 10:35:48,652.25,667752
2021-05-18 10:35:51,652.0,667759
2021-05-18 10:35:54,652.0,667810
2021-05-18 10:35:57,652.2,667891
2021-05-18 10:36:01,652.2,667897
2021-05-18 10:36:04,652.05,667906
2021-05-18 10:36:07,652.05,667908
2021-05-18 10:36:10,652.05,667997
2021-05-18 10:36:16,652.0,668152
2021-05-18 10:36:19,652.05,668163
2021-05-18 10:36:23,652.0,668174
2021-05-18 10:36:26,652.0,668177
2021-05-18 10:36:29,652.05,668395
2021-05-18 10:36:32,652.0,670434
2021-05-18 10:36:36,652.0,670540
2021-05-18 10:36:38,651.7,670611
2021-05-18 10:36:42,651.7,670628
2021-05-18 10:36:45,652.0,670803
2021-05-18 10:36:47,652.0,670805
2021-05-18 10:36:51,651.9,670826
2021-05-18 10:36:54,651.85,670827
2021-05-18 10:36:57,651.85,670837
2021-05-18 10:37:00,651.75,670863
2021-05-18 10:37:03,651.75,670868
2021-05-18 10:37:06,651.75,670874
2021-05-18 10:37:09,651.85,670895
2021-05-18 10:37:12,651.75,670945
2021-05-18 10:37:14,651.75,670979
2021-05-18 10:37:17,651.75,670982
2021-05-18 10:37:20,651.85,672859
2021-05-18 10:37:24,651.75,673030
2021-05-18 10:37:27,651.85,673217
2021-05-18 10:37:29,651.85,673219
2021-05-18 10:37:32,651.7,673235
2021-05-18 10:37:35,651.55,673537
2021-05-18 10:37:38,652.0,673577
2021-05-18 10:37:40,651.6,673582
2021-05-18 10:37:43,651.9,673589
2021-05-18 10:37:46,652.0,673895
2021-05-18 10:37:48,652.0,674306
2021-05-18 10:37:51,652.05,674439
2021-05-18 10:37:54,652.05,674441
2021-05-18 10:37:57,652.0,674464
2021-05-18 10:38:00,652.1,675240
2021-05-18 10:38:02,652.1,675251
2021-05-18 10:38:05,651.75,675320
2021-05-18 10:38:08,651.8,675329
2021-05-18 10:38:11,652.15,675430
2021-05-18 10:38:14,652.15,675430
2021-05-18 10:38:17,651.8,675440
2021-05-18 10:38:20,651.75,675506
2021-05-18 10:38:24,652.1,675514
2021-05-18 10:38:27,652.1,675515
2021-05-18 10:38:30,651.8,675592
2021-05-18 10:38:33,651.8,675605
2021-05-18 10:38:36,652.1,675617
2021-05-18 10:38:38,652.1,675617
2021-05-18 10:38:41,651.8,675628
2021-05-18 10:38:44,651.8,675630
2021-05-18 10:38:47,651.8,675630
2021-05-18 10:38:52,652.05,676129
2021-05-18 10:38:55,651.65,677129
2021-05-18 10:38:58,651.85,678121
2021-05-18 10:39:01,652.15,678358
2021-05-18 10:39:04,652.15,678378
2021-05-18 10:39:07,652.1,678427
2021-05-18 10:39:10,651.8,678429
2021-05-18 10:39:13,651.8,678430
2021-05-18 10:39:15,652.0,678446
2021-05-18 10:39:18,652.0,678447
2021-05-18 10:39:21,652.15,678451
2021-05-18 10:39:24,652.0,678458
2021-05-18 10:39:27,652.0,678730
2021-05-18 10:39:30,652.0,678760
2021-05-18 10:39:34,652.1,678810
2021-05-18 10:39:36,652.15,679160
2021-05-18 10:39:39,651.8,679791
2021-05-18 10:39:42,651.7,679842
2021-05-18 10:39:45,651.7,679878
2021-05-18 10:39:47,651.7,679910
2021-05-18 10:39:50,651.7,679915
2021-05-18 10:39:53,652.0,679917
2021-05-18 10:39:56,652.0,679917
2021-05-18 10:39:59,652.0,679922
2021-05-18 10:40:02,651.7,679928
2021-05-18 10:40:05,651.7,679930
2021-05-18 10:40:08,652.0,680030
2021-05-18 10:40:11,652.0,680030
2021-05-18 10:40:14,651.7,680126
2021-05-18 10:40:17,652.0,680137
2021-05-18 10:40:20,652.0,680137
2021-05-18 10:40:22,651.7,680298
2021-05-18 10:40:26,652.0,680440
2021-05-18 10:40:32,651.75,680767
2021-05-18 10:40:35,652.15,681799
2021-05-18 10:40:38,652.15,681799
2021-05-18 10:40:41,652.25,682539
2021-05-18 10:40:44,652.25,682539
2021-05-18 10:40:46,652.35,683085
2021-05-18 10:40:50,652.25,683094
2021-05-18 10:40:53,652.5,689725
2021-05-18 10:40:57,652.5,690481
2021-05-18 10:41:01,652.6,690562
2021-05-18 10:41:04,652.25,690664
2021-05-18 10:41:08,652.7,690900
2021-05-18 10:41:11,652.25,691400
2021-05-18 10:41:15,652.7,691474
2021-05-18 10:41:18,652.25,691724
2021-05-18 10:41:21,652.65,691772
2021-05-18 10:41:24,652.65,691772
2021-05-18 10:41:27,652.5,691777
2021-05-18 10:41:30,652.5,691777
2021-05-18 10:41:32,652.75,691814
2021-05-18 10:41:35,652.5,691826
2021-05-18 10:41:38,652.5,691846
2021-05-18 10:41:41,652.5,691858
2021-05-18 10:41:45,652.8,694369
2021-05-18 10:41:49,652.65,694372
2021-05-18 10:41:52,652.6,701757
2021-05-18 10:41:59,652.5,702999
2021-05-18 10:42:03,652.9,703334
2021-05-18 10:42:06,652.9,703334
2021-05-18 10:42:13,652.9,703685
2021-05-18 10:42:16,652.9,703830
2021-05-18 10:42:19,653.0,704390
2021-05-18 10:42:22,652.7,704891
2021-05-18 10:42:25,653.0,705193
2021-05-18 10:42:28,653.0,706112
2021-05-18 10:42:32,653.0,706209
2021-05-18 10:42:35,653.15,707975
2021-05-18 10:42:39,653.0,708008
2021-05-18 10:42:42,653.1,709364
2021-05-18 10:42:45,653.1,709400
2021-05-18 10:42:51,653.0,712784
2021-05-18 10:42:54,653.0,715035
2021-05-18 10:43:04,653.35,715551
2021-05-18 10:43:07,653.35,715562
2021-05-18 10:43:10,653.0,715578
2021-05-18 10:43:13,653.1,715784
2021-05-18 10:43:16,653.35,716005
2021-05-18 10:43:20,653.1,716117
2021-05-18 10:43:23,653.1,716261
2021-05-18 10:43:26,653.35,716285
2021-05-18 10:43:29,653.35,716615
2021-05-18 10:43:31,653.1,716694
2021-05-18 10:43:34,653.1,716745
2021-05-18 10:43:37,653.1,716884
2021-05-18 10:43:39,653.1,716898
2021-05-18 10:43:42,653.0,717424
2021-05-18 10:43:45,653.0,717477
2021-05-18 10:43:48,653.0,717605
2021-05-18 10:43:51,653.3,717668
2021-05-18 10:43:54,653.3,717668
2021-05-18 10:43:57,653.05,717677
2021-05-18 10:44:00,653.1,717808
2021-05-18 10:44:02,653.1,717830
2021-05-18 10:44:05,653.0,718463
2021-05-18 10:44:09,653.3,718528
2021-05-18 10:44:12,653.35,719033
2021-05-18 10:44:19,653.1,719340
2021-05-18 10:44:22,653.3,719381
2021-05-18 10:44:25,653.1,719439
2021-05-18 10:44:28,653.25,721050
2021-05-18 10:44:31,653.25,721068
2021-05-18 10:44:34,653.25,721249
2021-05-18 10:44:37,653.1,721255
2021-05-18 10:44:40,653.25,721278
2021-05-18 10:44:43,653.25,721293
2021-05-18 10:44:46,653.1,721305
2021-05-18 10:44:49,653.1,721408
2021-05-18 10:44:52,653.25,721529
2021-05-18 10:44:55,653.25,721529
2021-05-18 10:44:58,653.3,722200
2021-05-18 10:45:00,653.3,722244
2021-05-18 10:45:03,653.25,723715
2021-05-18 10:45:06,653.0,723720
2021-05-18 10:45:09,653.0,724790
2021-05-18 10:45:12,653.25,724934
2021-05-18 10:45:15,653.0,724997
2021-05-18 10:45:18,653.35,725167
2021-05-18 10:45:22,653.3,725169
2021-05-18 10:45:25,653.35,725321
2021-05-18 10:45:28,653.05,725471
2021-05-18 10:45:31,653.05,725507
2021-05-18 10:45:34,653.05,725541
2021-05-18 10:45:37,653.25,725546
2021-05-18 10:45:40,653.35,727997
2021-05-18 10:45:43,653.35,733197
2021-05-18 10:45:46,653.35,733631
2021-05-18 10:45:49,653.15,733721
2021-05-18 10:45:50,653.15,733730
2021-05-18 10:45:51,653.3,733741
2021-05-18 10:45:52,653.15,733784
2021-05-18 10:45:53,653.5,733988
2021-05-18 10:45:54,653.2,734013
2021-05-18 10:45:55,653.5,734030
2021-05-18 10:45:56,653.5,734065
2021-05-18 10:45:56,653.5,734065
2021-05-18 10:45:57,653.5,734066
2021-05-18 10:45:59,653.35,734087
2021-05-18 10:46:00,653.35,734108
2021-05-18 10:46:01,653.35,734113
2021-05-18 10:46:02,653.35,734116
2021-05-18 10:46:03,653.35,734116
2021-05-18 10:46:04,653.35,734116
2021-05-18 10:46:05,653.35,734116
2021-05-18 10:46:06,653.6,734950
2021-05-18 10:46:07,653.45,735519
2021-05-18 10:46:08,653.45,735576
2021-05-18 10:46:09,653.45,735589
2021-05-18 10:46:09,653.45,735589
2021-05-18 10:46:10,653.45,735589
2021-05-18 10:46:12,653.45,735590
2021-05-18 10:46:13,653.35,735591
2021-05-18 10:46:14,653.35,735618
2021-05-18 10:46:15,653.35,735621
2021-05-18 10:46:16,653.35,735621
2021-05-18 10:46:17,653.6,735622
2021-05-18 10:46:18,653.75,736172
2021-05-18 10:46:19,653.75,736172
2021-05-18 10:46:20,653.75,736172
2021-05-18 10:46:22,653.75,736172
2021-05-18 10:46:24,653.7,736351
2021-05-18 10:46:25,653.3,736516
2021-05-18 10:46:26,653.65,736539
2021-05-18 10:46:26,653.65,736539
2021-05-18 10:46:27,653.65,736639
2021-05-18 10:46:28,653.65,736639
2021-05-18 10:46:30,653.6,736971
2021-05-18 10:46:31,653.6,736971
2021-05-18 10:46:33,653.65,738174
2021-05-18 10:46:34,653.65,738381
2021-05-18 10:46:35,653.65,738381
2021-05-18 10:46:36,653.65,738381
2021-05-18 10:46:36,653.65,738381
2021-05-18 10:46:37,653.65,738500
2021-05-18 10:46:39,653.6,738510
2021-05-18 10:46:40,653.6,738510
2021-05-18 10:46:41,653.6,738510
2021-05-18 10:46:42,653.95,739543
2021-05-18 10:46:43,653.85,739643
2021-05-18 10:46:43,653.85,739643
2021-05-18 10:46:44,653.85,739643
2021-05-18 10:46:45,653.85,739643
2021-05-18 10:46:47,653.85,739693
2021-05-18 10:46:48,653.55,739703
2021-05-18 10:46:49,653.65,739863
2021-05-18 10:46:50,653.35,740163
2021-05-18 10:46:51,653.65,740198
2021-05-18 10:46:52,653.65,740198
2021-05-18 10:46:54,653.55,740544
2021-05-18 10:46:55,653.8,740548
2021-05-18 10:46:56,653.65,740657
2021-05-18 10:46:57,653.65,740657
2021-05-18 10:46:58,653.65,740657
2021-05-18 10:46:59,653.65,740657
2021-05-18 10:47:00,653.55,740658
2021-05-18 10:47:02,653.55,740681
2021-05-18 10:47:02,653.55,740682
2021-05-18 10:47:04,653.55,740682
2021-05-18 10:47:05,653.55,740682
2021-05-18 10:47:06,653.8,740687
2021-05-18 10:47:07,653.8,740697
2021-05-18 10:47:09,653.55,740997
2021-05-18 10:47:08,653.8,740697
2021-05-18 10:47:10,653.4,742257
2021-05-18 10:47:11,653.35,742441
2021-05-18 10:47:12,653.4,742485
2021-05-18 10:47:13,653.7,742585
2021-05-18 10:47:14,653.7,742585
2021-05-18 10:47:14,653.7,742585
2021-05-18 10:47:16,653.55,742841
2021-05-18 10:47:17,653.55,742841
2021-05-18 10:47:18,653.3,742851
2021-05-18 10:47:19,653.3,742852
2021-05-18 10:47:20,653.55,742862
2021-05-18 10:47:21,653.55,742862
2021-05-18 10:47:21,653.3,742887
2021-05-18 10:47:23,653.25,743366
2021-05-18 10:47:24,653.25,743366
2021-05-18 10:47:24,653.25,743366
2021-05-18 10:47:25,653.25,743445
2021-05-18 10:47:26,653.3,743453
2021-05-18 10:47:27,653.3,743503
2021-05-18 10:47:28,653.3,743508
2021-05-18 10:47:30,653.55,743719
2021-05-18 10:47:31,653.4,745217
2021-05-18 10:47:32,653.4,745217
2021-05-18 10:47:32,653.4,745217
2021-05-18 10:47:34,653.4,745217
2021-05-18 10:47:35,653.3,745339
2021-05-18 10:47:36,653.05,745641
2021-05-18 10:47:37,653.05,745679
2021-05-18 10:47:38,653.05,745683
2021-05-18 10:47:39,653.0,748170
2021-05-18 10:47:40,653.25,748434
2021-05-18 10:47:41,653.0,748794
2021-05-18 10:47:42,653.0,748830
2021-05-18 10:47:43,653.25,748862
2021-05-18 10:47:44,653.4,748878
2021-05-18 10:47:45,653.4,748878
2021-05-18 10:47:46,653.15,748942
2021-05-18 10:47:47,653.15,748949
2021-05-18 10:47:48,653.25,748951
2021-05-18 10:47:49,653.25,748998
2021-05-18 10:47:50,653.25,749004
2021-05-18 10:47:51,653.5,749006
2021-05-18 10:47:52,653.5,749006
2021-05-18 10:47:53,653.15,749606
2021-05-18 10:47:54,653.2,749666
2021-05-18 10:47:55,653.2,749672
2021-05-18 10:47:55,653.2,749747
2021-05-18 10:47:57,653.2,749758
2021-05-18 10:47:58,653.2,749759
2021-05-18 10:47:59,653.5,749764
2021-05-18 10:48:00,653.5,749784
2021-05-18 10:48:00,653.5,749784
2021-05-18 10:48:02,653.5,749784
2021-05-18 10:48:02,653.45,749831
2021-05-18 10:48:03,653.45,750584
2021-05-18 10:48:05,653.2,750687
2021-05-18 10:48:06,653.2,750795
2021-05-18 10:48:07,653.2,750861
2021-05-18 10:48:08,653.25,750916
2021-05-18 10:48:09,653.2,750992
2021-05-18 10:48:10,653.2,751456
2021-05-18 10:48:11,653.25,751510
2021-05-18 10:48:12,653.25,751510
2021-05-18 10:48:13,653.25,751510
2021-05-18 10:48:14,653.5,751720
2021-05-18 10:48:15,653.5,752020
2021-05-18 10:48:16,653.5,752020
2021-05-18 10:48:17,653.5,752020
2021-05-18 10:48:18,653.5,752020
2021-05-18 10:48:19,653.5,752120
2021-05-18 10:48:20,653.25,752185
2021-05-18 10:48:21,653.25,752317
2021-05-18 10:48:22,653.25,752330
2021-05-18 10:48:23,653.2,752431
2021-05-18 10:48:24,653.5,752542
2021-05-18 10:48:25,653.75,752601
2021-05-18 10:48:26,653.75,752601
2021-05-18 10:48:27,653.75,752601
2021-05-18 10:48:28,653.5,752651
2021-05-18 10:48:29,653.5,752651
2021-05-18 10:48:30,653.2,752667
2021-05-18 10:48:31,653.7,752769
2021-05-18 10:48:32,653.7,752773
2021-05-18 10:48:33,653.5,752883
2021-05-18 10:48:33,653.5,752873
2021-05-18 10:48:34,653.7,752888
2021-05-18 10:48:35,653.5,752938
2021-05-18 10:48:36,653.5,752953
2021-05-18 10:48:37,653.5,752956
2021-05-18 10:48:38,653.8,752957
2021-05-18 10:48:40,653.8,752957
2021-05-18 10:48:41,653.8,752957
2021-05-18 10:48:42,653.8,752957
2021-05-18 10:48:43,653.8,752957
2021-05-18 10:48:44,653.8,752957
2021-05-18 10:48:45,653.8,752962
2021-05-18 10:48:46,653.85,753062
2021-05-18 10:48:47,653.85,753062
2021-05-18 10:48:48,653.7,753067
2021-05-18 10:48:48,653.7,753168
2021-05-18 10:48:50,653.8,753181
2021-05-18 10:48:51,653.8,753181
2021-05-18 10:48:52,653.7,753191
2021-05-18 10:48:53,653.7,753192
2021-05-18 10:48:54,653.8,753198
2021-05-18 10:48:55,653.7,753206
2021-05-18 10:48:56,653.7,753208
2021-05-18 10:48:57,653.7,753208
2021-05-18 10:48:58,653.7,753501
2021-05-18 10:48:59,653.7,753501
2021-05-18 10:49:00,653.7,753602
2021-05-18 10:49:01,653.5,753671
2021-05-18 10:49:02,653.5,753678
2021-05-18 10:49:03,653.5,753679
2021-05-18 10:49:04,653.5,753705
2021-05-18 10:49:05,653.7,753728
2021-05-18 10:49:06,653.7,753849
2021-05-18 10:49:07,653.5,753891
2021-05-18 10:49:08,653.7,753921
2021-05-18 10:49:09,653.7,753922
2021-05-18 10:49:10,653.5,753923
2021-05-18 10:49:11,653.5,754033
2021-05-18 10:49:12,653.7,754049
2021-05-18 10:49:12,653.7,754049
2021-05-18 10:49:13,653.5,754051
2021-05-18 10:49:14,653.7,754151
2021-05-18 10:49:15,653.7,754351
2021-05-18 10:49:17,653.7,754406
2021-05-18 10:49:17,653.7,754406
2021-05-18 10:49:19,653.7,754406
2021-05-18 10:49:21,653.8,754594
2021-05-18 10:49:22,653.55,754604
2021-05-18 10:49:23,653.7,754822
2021-05-18 10:49:23,653.7,754922
2021-05-18 10:49:24,653.6,754923
2021-05-18 10:49:25,653.3,754941
2021-05-18 10:49:27,653.3,754943
2021-05-18 10:49:28,653.6,754965
2021-05-18 10:49:30,653.3,755000
2021-05-18 10:49:31,653.3,755040
2021-05-18 10:49:32,653.3,755044
2021-05-18 10:49:33,653.4,755047
2021-05-18 10:49:35,653.4,755048
2021-05-18 10:49:36,653.4,755048
2021-05-18 10:49:37,653.4,755069
2021-05-18 10:49:38,653.4,755069
2021-05-18 10:49:39,653.55,755517
2021-05-18 10:49:40,653.55,755517
2021-05-18 10:49:41,653.55,755517
2021-05-18 10:49:42,653.55,755517
2021-05-18 10:49:43,653.4,755857
2021-05-18 10:49:44,653.4,755857
2021-05-18 10:49:45,653.2,755903
2021-05-18 10:49:46,653.05,756143
2021-05-18 10:49:47,653.4,756198
2021-05-18 10:49:48,653.1,756298
2021-05-18 10:49:49,653.1,756301
2021-05-18 10:49:50,653.1,756304
2021-05-18 10:49:51,653.1,756304
2021-05-18 10:49:52,653.1,756304
2021-05-18 10:49:54,653.0,756357
2021-05-18 10:49:55,653.0,756358
2021-05-18 10:49:56,653.0,756358
2021-05-18 10:49:58,653.0,756358
2021-05-18 10:49:59,653.0,756363
2021-05-18 10:50:00,653.0,756364
2021-05-18 10:50:01,653.0,759849
2021-05-18 10:50:02,653.0,760197
2021-05-18 10:50:03,653.0,760232
2021-05-18 10:50:04,653.0,760235
2021-05-18 10:50:05,653.0,760247
2021-05-18 10:50:06,653.1,760898
2021-05-18 10:50:07,653.1,760963
2021-05-18 10:50:09,653.1,760977
2021-05-18 10:50:12,653.45,761323
2021-05-18 10:50:13,653.45,761323
2021-05-18 10:50:14,653.45,761323
2021-05-18 10:50:15,653.45,761323
2021-05-18 10:50:16,653.05,761327
2021-05-18 10:50:17,653.05,761333
2021-05-18 10:50:18,653.05,761334
2021-05-18 10:50:19,653.05,761354
2021-05-18 10:50:20,653.05,761356
2021-05-18 10:50:21,653.45,761364
2021-05-18 10:50:22,653.45,761364
2021-05-18 10:50:23,653.05,761414
2021-05-18 10:50:24,653.05,761441
2021-05-18 10:50:25,653.05,761557
2021-05-18 10:50:26,653.1,761799
2021-05-18 10:50:27,653.45,761859
2021-05-18 10:50:28,653.45,761894
2021-05-18 10:50:29,653.45,761894
2021-05-18 10:50:30,653.0,762304
2021-05-18 10:50:31,653.4,762400
2021-05-18 10:50:32,653.4,762401
2021-05-18 10:50:33,653.05,762407
2021-05-18 10:50:34,653.0,762461
2021-05-18 10:50:35,653.0,762467
2021-05-18 10:50:36,653.1,762567
2021-05-18 10:50:37,653.05,762581
2021-05-18 10:50:38,653.05,762587
2021-05-18 10:50:39,653.1,762589
2021-05-18 10:50:40,653.1,762589
2021-05-18 10:50:41,653.1,763011
2021-05-18 10:50:42,653.0,763019
2021-05-18 10:50:43,653.0,763019
2021-05-18 10:50:44,653.1,763201
2021-05-18 10:50:45,653.1,763220
2021-05-18 10:50:46,653.1,763232
2021-05-18 10:50:47,653.1,763233
2021-05-18 10:50:48,653.1,763233
2021-05-18 10:50:49,653.1,763233
2021-05-18 10:50:50,653.1,763233
2021-05-18 10:50:54,653.05,763309
2021-05-18 10:50:57,653.05,763317
2021-05-18 10:51:00,653.1,763425
2021-05-18 10:51:08,653.1,763598
2021-05-18 10:51:11,653.1,763631
2021-05-18 10:51:14,653.0,763681
2021-05-18 10:51:17,653.0,766442
2021-05-18 10:51:21,653.0,766993
2021-05-18 10:51:24,653.1,767148
2021-05-18 10:51:27,653.0,767151
2021-05-18 10:51:30,653.0,767178
2021-05-18 10:51:33,653.1,767307
2021-05-18 10:51:36,653.1,767425
2021-05-18 10:51:39,653.1,767441
2021-05-18 10:51:43,653.25,767598
2021-05-18 10:51:46,653.25,767649
2021-05-18 10:51:49,653.1,767659
2021-05-18 10:51:53,653.35,767673
2021-05-18 10:51:55,653.4,767683
2021-05-18 10:51:58,653.15,768031
2021-05-18 10:52:01,653.65,769986
2021-05-18 10:52:03,653.65,769986
2021-05-18 10:52:06,653.45,770317
2021-05-18 10:52:10,653.65,770329
2021-05-18 10:52:15,654.1,775002
2021-05-18 10:52:18,654.35,775540
2021-05-18 10:52:22,654.0,775926
2021-05-18 10:52:26,654.25,776884
2021-05-18 10:52:29,654.75,779950
2021-05-18 10:52:35,654.6,780677
2021-05-18 10:52:38,654.35,780714
2021-05-18 10:52:41,654.35,781277
2021-05-18 10:52:44,654.6,781324
2021-05-18 10:52:47,654.35,782160
2021-05-18 10:52:51,654.6,782401
2021-05-18 10:52:54,654.4,783373
2021-05-18 10:53:00,654.7,784435
2021-05-18 10:53:03,654.7,784461
2021-05-18 10:53:06,654.45,785507
2021-05-18 10:53:09,654.35,787211
2021-05-18 10:53:12,654.05,787368
2021-05-18 10:53:19,654.05,791500
2021-05-18 10:53:22,654.4,791842
2021-05-18 10:53:24,654.35,792072
2021-05-18 10:53:27,654.3,792351
2021-05-18 10:53:30,654.05,792432
2021-05-18 10:53:33,654.4,792592
2021-05-18 10:53:35,654.4,792592
2021-05-18 10:53:38,654.1,792736
2021-05-18 10:53:41,654.35,792791
2021-05-18 10:53:46,654.1,792907
2021-05-18 10:53:49,654.15,795139
2021-05-18 10:53:52,654.1,795368
2021-05-18 10:53:54,654.1,795368
2021-05-18 10:53:57,653.45,804844
2021-05-18 10:54:00,653.8,804854
2021-05-18 10:54:02,653.8,804954
2021-05-18 10:54:05,653.45,806604
2021-05-18 10:54:07,653.75,807754
2021-05-18 10:54:10,653.8,808553
2021-05-18 10:54:13,653.75,808588
2021-05-18 10:54:16,653.5,808639
2021-05-18 10:54:19,653.8,808674
2021-05-18 10:54:22,653.8,808675
2021-05-18 10:54:25,653.8,809215
2021-05-18 10:54:28,653.85,809225
2021-05-18 10:54:30,653.85,809225
2021-05-18 10:54:33,653.8,809235
2021-05-18 10:54:36,653.8,809376
2021-05-18 10:54:39,653.5,809379
2021-05-18 10:54:43,653.3,809505
2021-05-18 10:54:46,653.3,809505
2021-05-18 10:54:49,653.65,809555
2021-05-18 10:54:52,653.65,809555
2021-05-18 10:54:55,653.5,809760
2021-05-18 10:54:57,653.5,809760
2021-05-18 10:55:00,653.5,809760
2021-05-18 10:55:03,653.5,809823
2021-05-18 10:55:06,653.5,810268
2021-05-18 10:55:09,653.5,810301
2021-05-18 10:55:12,653.5,810301
2021-05-18 10:55:15,653.5,810377
2021-05-18 10:55:18,653.5,810377
2021-05-18 10:55:21,653.5,810941
2021-05-18 10:55:24,653.6,811042
2021-05-18 10:55:27,653.6,811047
2021-05-18 10:55:30,653.3,811057
2021-05-18 10:55:33,653.6,811180
2021-05-18 10:55:35,653.6,811340
2021-05-18 10:55:39,653.65,811902
2021-05-18 10:55:42,653.65,811902
2021-05-18 10:55:45,653.75,811988
2021-05-18 10:55:47,653.75,811988
2021-05-18 10:55:50,653.35,813048
2021-05-18 10:55:51,653.35,813048
2021-05-18 10:55:52,653.6,813051
2021-05-18 10:55:53,653.6,813051
2021-05-18 10:55:53,653.6,813051
2021-05-18 10:55:54,653.6,813051
2021-05-18 10:55:55,653.3,813060
2021-05-18 10:55:56,653.3,813060
2021-05-18 10:55:57,653.3,813060
2021-05-18 10:55:58,653.3,813060
2021-05-18 10:55:59,653.3,813060
2021-05-18 10:56:00,653.3,813065
2021-05-18 10:56:01,653.6,813086
2021-05-18 10:56:03,653.6,813086
2021-05-18 10:56:04,653.35,813563
2021-05-18 10:56:05,653.35,813563
2021-05-18 10:56:06,653.35,813563
2021-05-18 10:56:08,653.35,813563
2021-05-18 10:56:09,653.35,813563
2021-05-18 10:56:10,653.55,813571
2021-05-18 10:56:10,653.55,813571
2021-05-18 10:56:11,653.55,813571
2021-05-18 10:56:12,653.55,813571
2021-05-18 10:56:13,653.75,813770
2021-05-18 10:56:15,653.75,813770
2021-05-18 10:56:16,653.75,813770
2021-05-18 10:56:17,653.75,813770
2021-05-18 10:56:18,653.5,813850
2021-05-18 10:56:19,653.5,813850
2021-05-18 10:56:20,653.75,813871
2021-05-18 10:56:21,653.75,813871
2021-05-18 10:56:21,653.75,813871
2021-05-18 10:56:23,653.75,813871
2021-05-18 10:56:23,653.75,813871
2021-05-18 10:56:25,653.8,814086
2021-05-18 10:56:26,653.8,814086
2021-05-18 10:56:26,653.9,814091
2021-05-18 10:56:27,654.0,814841
2021-05-18 10:56:28,654.0,814841
2021-05-18 10:56:29,653.75,814851
2021-05-18 10:56:31,653.75,814856
2021-05-18 10:56:32,653.75,814909
2021-05-18 10:56:33,653.75,814909
2021-05-18 10:56:34,653.75,814909
2021-05-18 10:56:35,653.75,814909
2021-05-18 10:56:36,654.0,815209
2021-05-18 10:56:38,654.0,815249
2021-05-18 10:56:38,654.0,815249
2021-05-18 10:56:39,654.05,815759
2021-05-18 10:56:41,654.1,815762
2021-05-18 10:56:41,654.1,815772
2021-05-18 10:56:43,654.1,815772
2021-05-18 10:56:43,654.1,815772
2021-05-18 10:56:45,654.1,815844
2021-05-18 10:56:45,654.1,815844
2021-05-18 10:56:46,654.1,815844
2021-05-18 10:56:47,653.75,815949
2021-05-18 10:56:48,654.15,816578
2021-05-18 10:56:49,654.15,816585
2021-05-18 10:56:51,654.1,816586
2021-05-18 10:56:52,654.1,816586
2021-05-18 10:56:53,654.1,816586
2021-05-18 10:56:54,653.9,816616
2021-05-18 10:56:55,653.9,816616
2021-05-18 10:56:56,653.9,816616
2021-05-18 10:56:57,653.9,816616
2021-05-18 10:56:58,654.1,816641
2021-05-18 10:56:59,654.1,816641
2021-05-18 10:57:00,654.1,816641
2021-05-18 10:57:02,654.1,816641
2021-05-18 10:57:03,654.0,816651
2021-05-18 10:57:04,654.0,816661
2021-05-18 10:57:04,654.0,816747
2021-05-18 10:57:05,653.75,816848
2021-05-18 10:57:06,653.75,816848
2021-05-18 10:57:07,653.9,816849
2021-05-18 10:57:08,653.9,816849
2021-05-18 10:57:09,654.0,816880
2021-05-18 10:57:10,654.0,816880
2021-05-18 10:57:11,654.1,816881
2021-05-18 10:57:13,653.75,817084
2021-05-18 10:57:14,654.05,817104
2021-05-18 10:57:15,653.95,817129
2021-05-18 10:57:15,653.95,817129
2021-05-18 10:57:16,653.95,817129
2021-05-18 10:57:17,653.95,817129
2021-05-18 10:57:18,653.75,817239
2021-05-18 10:57:20,653.9,817289
2021-05-18 10:57:21,653.9,817289
2021-05-18 10:57:22,653.9,817321
2021-05-18 10:57:23,653.9,817324
2021-05-18 10:57:24,653.9,817324
2021-05-18 10:57:24,653.9,817324
2021-05-18 10:57:25,653.9,818904
2021-05-18 10:57:26,653.9,818904
2021-05-18 10:57:28,653.9,819004
2021-05-18 10:57:28,653.9,819004
2021-05-18 10:57:30,653.9,819893
2021-05-18 10:57:31,653.9,819893
2021-05-18 10:57:32,653.8,819913
2021-05-18 10:57:32,653.8,819913
2021-05-18 10:57:35,653.8,819913
2021-05-18 10:57:36,653.8,819913
2021-05-18 10:57:36,653.8,819913
2021-05-18 10:57:38,653.8,819913
2021-05-18 10:57:39,653.85,819915
2021-05-18 10:57:40,653.85,819915
2021-05-18 10:57:41,653.9,819945
2021-05-18 10:57:42,653.9,821505
2021-05-18 10:57:43,653.95,821587
2021-05-18 10:57:43,653.95,821587
2021-05-18 10:57:44,653.95,821587
2021-05-18 10:57:47,653.8,821623
2021-05-18 10:57:48,653.8,821623
2021-05-18 10:57:49,653.8,821623
2021-05-18 10:57:50,654.1,821900
2021-05-18 10:57:51,654.1,821900
2021-05-18 10:57:52,654.1,821900
2021-05-18 10:57:53,654.1,821900
2021-05-18 10:57:54,654.1,821900
2021-05-18 10:57:54,654.1,821900
2021-05-18 10:57:55,654.25,823597
2021-05-18 10:57:56,654.25,823597
2021-05-18 10:57:59,654.1,823598
2021-05-18 10:58:00,654.35,823599
2021-05-18 10:58:02,654.25,823612
2021-05-18 10:58:03,654.4,823622
2021-05-18 10:58:04,654.4,823647
2021-05-18 10:58:06,654.4,823707
2021-05-18 10:58:07,654.1,823817
2021-05-18 10:58:08,654.1,823817
2021-05-18 10:58:10,654.1,823817
2021-05-18 10:58:11,654.35,824017
2021-05-18 10:58:11,654.4,824159
2021-05-18 10:58:12,654.4,824259
2021-05-18 10:58:14,654.15,824350
2021-05-18 10:58:15,654.15,824350
2021-05-18 10:58:16,654.4,824360
2021-05-18 10:58:16,654.4,824360
2021-05-18 10:58:17,654.4,824360
2021-05-18 10:58:19,654.4,824360
2021-05-18 10:58:20,654.1,824385
2021-05-18 10:58:21,654.4,825074
2021-05-18 10:58:22,654.4,825284
2021-05-18 10:58:23,654.4,825290
2021-05-18 10:58:24,654.35,825320
2021-05-18 10:58:25,654.4,825495
2021-05-18 10:58:26,654.4,825495
2021-05-18 10:58:27,654.4,825505
2021-05-18 10:58:28,654.4,825505
2021-05-18 10:58:29,654.4,825505
2021-05-18 10:58:30,654.35,825520
2021-05-18 10:58:30,654.35,825520
2021-05-18 10:58:31,654.35,825520
2021-05-18 10:58:35,654.4,826225
2021-05-18 10:58:36,654.4,826225
2021-05-18 10:58:37,654.4,826225
2021-05-18 10:58:38,654.4,826225
2021-05-18 10:58:39,654.4,826225
2021-05-18 10:58:40,654.4,826248
2021-05-18 10:58:41,654.4,826248
2021-05-18 10:58:42,654.4,826248
2021-05-18 10:58:43,654.4,826295
2021-05-18 10:58:43,654.4,826345
2021-05-18 10:58:44,654.15,826395
2021-05-18 10:58:46,654.15,826395
2021-05-18 10:58:47,654.4,826396
2021-05-18 10:58:48,654.1,826441
2021-05-18 10:58:49,654.4,826445
2021-05-18 10:58:50,654.4,826457
2021-05-18 10:58:51,654.05,826607
2021-05-18 10:58:52,654.05,826607
2021-05-18 10:58:53,654.4,827107
2021-05-18 10:58:54,654.0,827282
2021-05-18 10:58:54,654.4,827107
2021-05-18 10:58:56,654.0,827282
2021-05-18 10:58:57,654.0,827282
2021-05-18 10:58:58,654.35,827283
2021-05-18 10:58:59,654.35,827283
2021-05-18 10:59:00,654.35,827283
2021-05-18 10:59:01,654.35,827283
2021-05-18 10:59:02,654.35,827285
2021-05-18 10:59:03,654.35,827285
2021-05-18 10:59:04,654.35,827285
2021-05-18 10:59:05,654.35,827285
2021-05-18 10:59:06,654.35,827285
2021-05-18 10:59:07,654.35,827285
2021-05-18 10:59:08,654.1,827310
2021-05-18 10:59:09,654.1,827310
2021-05-18 10:59:10,654.1,827335
2021-05-18 10:59:11,654.35,827360
2021-05-18 10:59:12,654.35,827360
2021-05-18 10:59:13,654.05,827364
2021-05-18 10:59:13,654.35,827504
2021-05-18 10:59:14,654.35,827504
2021-05-18 10:59:16,654.35,827504
2021-05-18 10:59:17,654.35,827505
2021-05-18 10:59:18,654.35,827509
2021-05-18 10:59:19,654.35,827509
2021-05-18 10:59:20,654.35,827509
2021-05-18 10:59:21,654.35,827514
2021-05-18 10:59:22,654.4,827525
2021-05-18 10:59:23,654.4,827540
2021-05-18 10:59:24,654.4,827540
2021-05-18 10:59:24,654.4,827540
2021-05-18 10:59:25,654.4,827540
2021-05-18 10:59:27,654.4,827540
2021-05-18 10:59:28,654.4,827540
2021-05-18 10:59:28,654.3,827560
2021-05-18 10:59:29,654.3,827560
2021-05-18 10:59:31,654.4,827595
2021-05-18 10:59:32,654.4,827595
2021-05-18 10:59:33,654.3,827645
2021-05-18 10:59:34,654.3,827646
2021-05-18 10:59:35,654.3,827701
2021-05-18 10:59:36,654.4,827704
2021-05-18 10:59:38,654.4,827754
2021-05-18 10:59:37,654.4,827704
2021-05-18 10:59:38,654.4,827761
2021-05-18 10:59:40,654.4,827761
2021-05-18 10:59:41,654.4,827766
2021-05-18 10:59:42,654.4,827766
2021-05-18 10:59:43,654.4,827766
2021-05-18 10:59:44,654.4,827766
2021-05-18 10:59:45,654.3,827791
2021-05-18 10:59:46,654.3,827791
2021-05-18 10:59:47,654.3,827811
2021-05-18 10:59:47,654.4,827814
2021-05-18 10:59:49,654.4,828014
2021-05-18 10:59:50,654.4,828014
2021-05-18 10:59:51,654.4,828064
2021-05-18 10:59:52,654.4,828065
2021-05-18 10:59:53,654.3,828071
2021-05-18 10:59:54,654.4,828121
2021-05-18 10:59:55,654.3,828124
2021-05-18 10:59:56,654.4,828974
2021-05-18 10:59:56,654.3,828124
2021-05-18 10:59:57,654.4,828974
2021-05-18 10:59:58,654.4,828974
2021-05-18 11:00:00,654.1,829224
2021-05-18 11:00:01,654.4,829227
2021-05-18 11:00:02,654.4,829227
2021-05-18 11:00:03,654.4,829227
2021-05-18 11:00:04,654.4,829227
2021-05-18 11:00:05,654.4,829227
2021-05-18 11:00:06,654.4,829227
2021-05-18 11:00:07,654.3,829230
2021-05-18 11:00:08,654.45,829916
2021-05-18 11:00:09,654.5,834990
2021-05-18 11:00:10,654.75,836340
2021-05-18 11:00:11,654.75,836340
2021-05-18 11:00:12,654.75,836440
2021-05-18 11:00:13,654.9,836875
2021-05-18 11:00:15,654.9,836975
2021-05-18 11:00:14,654.9,836975
2021-05-18 11:00:16,654.9,836975
2021-05-18 11:00:19,654.6,837095
2021-05-18 11:00:20,654.9,837627
2021-05-18 11:00:21,654.95,837961
2021-05-18 11:00:22,654.9,838062
2021-05-18 11:00:23,654.95,838162
2021-05-18 11:00:24,654.95,838162
2021-05-18 11:00:26,654.95,838162
2021-05-18 11:00:27,654.95,838162
2021-05-18 11:00:28,654.95,838191
2021-05-18 11:00:29,654.95,838191
2021-05-18 11:00:31,654.95,838191
2021-05-18 11:00:30,654.95,838191
2021-05-18 11:00:32,654.95,838341
2021-05-18 11:00:33,654.9,838391
2021-05-18 11:00:34,654.95,838441
2021-05-18 11:00:35,654.95,838441
2021-05-18 11:00:36,655.0,839641
2021-05-18 11:00:37,654.9,839855
2021-05-18 11:00:39,654.95,839875
2021-05-18 11:00:40,654.95,839876
2021-05-18 11:00:41,654.9,840077
2021-05-18 11:00:42,655.0,840222
2021-05-18 11:00:43,655.0,840222
2021-05-18 11:00:44,655.0,840222
2021-05-18 11:00:45,655.0,840222
2021-05-18 11:00:46,655.0,840322
2021-05-18 11:00:47,655.0,840322
2021-05-18 11:00:48,655.0,840329
2021-05-18 11:00:49,654.95,840394
2021-05-18 11:00:51,654.95,840394
2021-05-18 11:00:52,655.0,841744
2021-05-18 11:00:53,655.0,841744
2021-05-18 11:00:54,655.0,841844
2021-05-18 11:00:55,655.0,841854
2021-05-18 11:00:56,655.0,842154
2021-05-18 11:00:57,655.0,842158
2021-05-18 11:00:58,655.0,842158
2021-05-18 11:00:59,655.0,842178
2021-05-18 11:01:01,655.0,842318
2021-05-18 11:01:02,654.9,842421
2021-05-18 11:01:03,655.0,842921
2021-05-18 11:01:04,655.0,843471
2021-05-18 11:01:05,655.0,843471
2021-05-18 11:01:06,655.0,843471
2021-05-18 11:01:07,655.0,843674
2021-05-18 11:01:08,655.0,843674
2021-05-18 11:01:09,655.0,843674
2021-05-18 11:01:10,655.0,843674
2021-05-18 11:01:11,654.95,844219
2021-05-18 11:01:12,654.95,844419
2021-05-18 11:01:13,654.95,844419
2021-05-18 11:01:15,654.95,844674
2021-05-18 11:01:16,655.0,844705
2021-05-18 11:01:18,655.0,844705
2021-05-18 11:01:19,655.0,844705
2021-05-18 11:01:20,654.9,844805
2021-05-18 11:01:21,654.9,844805
2021-05-18 11:01:22,654.95,846491
2021-05-18 11:01:23,655.0,846991
2021-05-18 11:01:24,655.0,846991
2021-05-18 11:01:25,655.0,847111
2021-05-18 11:01:26,655.0,847411
2021-05-18 11:01:27,655.0,847411
2021-05-18 11:01:29,655.0,847411
2021-05-18 11:01:30,654.7,847581
2021-05-18 11:01:31,655.0,847583
2021-05-18 11:01:32,655.0,847583
2021-05-18 11:01:33,655.0,847583
2021-05-18 11:01:34,655.0,847583
2021-05-18 11:01:35,654.7,847621
2021-05-18 11:01:36,654.7,847621
2021-05-18 11:01:37,654.95,847721
2021-05-18 11:01:38,654.95,847721
2021-05-18 11:01:39,655.0,849246
2021-05-18 11:01:40,654.8,849346
2021-05-18 11:01:41,655.0,849596
2021-05-18 11:01:42,655.0,849596
2021-05-18 11:01:43,655.0,849596
2021-05-18 11:01:44,655.0,849596
2021-05-18 11:01:45,655.0,849596
2021-05-18 11:01:46,655.0,849596
2021-05-18 11:01:47,655.0,849696
2021-05-18 11:01:48,654.7,849996
2021-05-18 11:01:49,654.7,849996
2021-05-18 11:01:50,654.7,850146
2021-05-18 11:01:51,654.7,850146
2021-05-18 11:01:53,655.0,850346
2021-05-18 11:01:54,655.0,850346
2021-05-18 11:01:55,654.95,850377
2021-05-18 11:01:56,654.95,850377
2021-05-18 11:01:57,655.0,851886
2021-05-18 11:01:59,655.0,851886
2021-05-18 11:02:00,655.0,851986
2021-05-18 11:02:02,655.0,851986
2021-05-18 11:02:03,654.9,852137
2021-05-18 11:02:04,654.9,852137
2021-05-18 11:02:05,654.9,852137
2021-05-18 11:02:06,654.9,852137
2021-05-18 11:02:07,654.9,852137
2021-05-18 11:02:08,654.9,852137
2021-05-18 11:02:09,654.95,852190
2021-05-18 11:02:10,654.95,852190
2021-05-18 11:02:11,654.95,852190
2021-05-18 11:02:12,655.0,852200
2021-05-18 11:02:13,655.0,852200
2021-05-18 11:02:14,655.0,852449
2021-05-18 11:02:15,655.0,853966
2021-05-18 11:02:16,655.0,853966
2021-05-18 11:02:17,655.0,853966
2021-05-18 11:02:18,654.9,853991
2021-05-18 11:02:19,655.0,854242
2021-05-18 11:02:20,655.0,854242
2021-05-18 11:02:21,655.4,860282
2021-05-18 11:02:22,655.55,860699
2021-05-18 11:02:23,655.55,860721
2021-05-18 11:02:25,655.55,860761
2021-05-18 11:02:24,655.55,860721
2021-05-18 11:02:26,655.15,860811
2021-05-18 11:02:27,655.15,860811
2021-05-18 11:02:28,655.5,860941
2021-05-18 11:02:29,655.5,861052
2021-05-18 11:02:30,655.15,861059
2021-05-18 11:02:31,655.5,861184
2021-05-18 11:02:32,655.5,861259
2021-05-18 11:02:33,655.5,861259
2021-05-18 11:02:34,655.2,861488
2021-05-18 11:02:35,655.6,861588
2021-05-18 11:02:36,655.2,861593
2021-05-18 11:02:37,655.5,861663
2021-05-18 11:02:38,655.5,861718
2021-05-18 11:02:39,655.25,861735
2021-05-18 11:02:40,655.25,861745
2021-05-18 11:02:41,655.6,862484
2021-05-18 11:02:42,655.65,862612
2021-05-18 11:02:43,655.65,862612
2021-05-18 11:02:45,655.25,862613
2021-05-18 11:02:46,655.25,862613
2021-05-18 11:02:48,655.25,862642
2021-05-18 11:02:48,655.25,862613
2021-05-18 11:02:49,655.25,862642
2021-05-18 11:02:50,655.45,862651
2021-05-18 11:02:51,655.45,862656
2021-05-18 11:02:53,655.45,862756
2021-05-18 11:02:54,655.25,862781
2021-05-18 11:02:55,655.25,862781
2021-05-18 11:02:56,655.45,862811
2021-05-18 11:02:57,655.45,862811
2021-05-18 11:02:58,655.45,862886
2021-05-18 11:02:59,655.45,862886
2021-05-18 11:03:00,655.45,862886
2021-05-18 11:03:01,655.45,862936
2021-05-18 11:03:02,655.45,862946
2021-05-18 11:03:03,655.25,862971
2021-05-18 11:03:04,655.25,862971
2021-05-18 11:03:05,655.25,863051
2021-05-18 11:03:07,655.25,863103
2021-05-18 11:03:07,655.25,863051
2021-05-18 11:03:08,655.45,863304
2021-05-18 11:03:09,655.25,863309
2021-05-18 11:03:10,655.5,863320
2021-05-18 11:03:11,655.25,864038
2021-05-18 11:03:12,655.25,864038
2021-05-18 11:03:13,655.25,864038
2021-05-18 11:03:14,655.25,864038
2021-05-18 11:03:16,655.25,864054
2021-05-18 11:03:15,655.25,864038
2021-05-18 11:03:17,655.45,864139
2021-05-18 11:03:18,655.45,864139
2021-05-18 11:03:19,655.45,864139
2021-05-18 11:03:20,655.2,864639
2021-05-18 11:03:21,655.2,864639
2021-05-18 11:03:22,655.45,864664
2021-05-18 11:03:23,655.45,864674
2021-05-18 11:03:24,655.3,864681
2021-05-18 11:03:25,654.95,867118
2021-05-18 11:03:26,655.2,867167
2021-05-18 11:03:28,655.2,867302
2021-05-18 11:03:29,654.9,867304
2021-05-18 11:03:29,654.9,867304
2021-05-18 11:03:30,655.15,867307
2021-05-18 11:03:31,655.15,867307
2021-05-18 11:03:32,655.15,867307
2021-05-18 11:03:33,655.2,867312
2021-05-18 11:03:34,655.2,867312
2021-05-18 11:03:35,655.0,867313
2021-05-18 11:03:36,655.0,867313
2021-05-18 11:03:37,655.0,867463
2021-05-18 11:03:38,655.0,867463
2021-05-18 11:03:39,655.0,867463
2021-05-18 11:03:40,655.0,867463
2021-05-18 11:03:42,655.0,867463
2021-05-18 11:03:43,655.0,867463
2021-05-18 11:03:44,655.15,867466
2021-05-18 11:03:45,655.0,867741
2021-05-18 11:03:45,655.0,867741
2021-05-18 11:03:46,655.0,867741
2021-05-18 11:03:47,655.0,867741
2021-05-18 11:03:48,655.0,867741
2021-05-18 11:03:50,655.0,867751
2021-05-18 11:03:51,655.0,867751
2021-05-18 11:03:52,655.0,867751
2021-05-18 11:03:54,655.0,867752
2021-05-18 11:03:55,655.2,867884
2021-05-18 11:03:55,655.0,867931
2021-05-18 11:03:56,655.0,867931
2021-05-18 11:03:57,655.0,868232
2021-05-18 11:03:58,655.0,868280
2021-05-18 11:03:59,655.25,868380
2021-05-18 11:04:00,655.2,868430
2021-05-18 11:04:02,655.2,868480
2021-05-18 11:04:02,655.0,868630
2021-05-18 11:04:03,655.0,868680
2021-05-18 11:04:04,655.0,868710
2021-05-18 11:04:06,655.2,868715
2021-05-18 11:04:06,654.9,869715
2021-05-18 11:04:07,654.9,869859
2021-05-18 11:04:08,654.95,869959
2021-05-18 11:04:09,654.95,869984
2021-05-18 11:04:10,654.95,869984
2021-05-18 11:04:12,654.5,870409
2021-05-18 11:04:13,654.5,870409
2021-05-18 11:04:14,654.85,870415
2021-05-18 11:04:16,654.85,870449
2021-05-18 11:04:17,654.85,870449
2021-05-18 11:04:18,654.85,870449
2021-05-18 11:04:19,654.85,870459
2021-05-18 11:04:20,654.85,870459
2021-05-18 11:04:21,654.7,870470
2021-05-18 11:04:22,654.7,870470
2021-05-18 11:04:23,654.7,870470
2021-05-18 11:04:24,654.7,870475
2021-05-18 11:04:25,654.7,870475
2021-05-18 11:04:26,654.85,870485
2021-05-18 11:04:27,654.85,870490
2021-05-18 11:04:28,654.85,870533
2021-05-18 11:04:29,654.55,870633
2021-05-18 11:04:31,654.65,870645
2021-05-18 11:04:31,654.65,870645
2021-05-18 11:04:32,654.65,870645
2021-05-18 11:04:33,654.65,870645
2021-05-18 11:04:34,654.5,870759
2021-05-18 11:04:35,654.5,870759
2021-05-18 11:04:36,654.85,870824
2021-05-18 11:04:37,654.5,870829
2021-05-18 11:04:38,654.85,870898
2021-05-18 11:04:40,654.5,870908
2021-05-18 11:04:41,654.55,871107
2021-05-18 11:04:42,654.85,871607
2021-05-18 11:04:43,654.85,871607
2021-05-18 11:04:44,654.85,871607
2021-05-18 11:04:45,654.85,871607
2021-05-18 11:04:47,654.85,871733
2021-05-18 11:04:48,654.85,871733
2021-05-18 11:04:48,654.85,871733
2021-05-18 11:04:50,654.85,871733
2021-05-18 11:04:50,654.7,871742
2021-05-18 11:04:51,654.5,871743
2021-05-18 11:04:52,654.5,871743
2021-05-18 11:04:53,654.5,871768
2021-05-18 11:04:54,654.5,871806
2021-05-18 11:04:56,654.5,871806
2021-05-18 11:04:57,654.7,871811
2021-05-18 11:04:58,654.45,872522
2021-05-18 11:04:59,654.45,872522
2021-05-18 11:05:00,654.5,872572
2021-05-18 11:05:01,654.5,872572
2021-05-18 11:05:04,654.4,872672
2021-05-18 11:05:04,654.4,872672
2021-05-18 11:05:06,654.5,872697
2021-05-18 11:05:07,654.5,872967
2021-05-18 11:05:07,654.5,872967
2021-05-18 11:05:09,654.5,872967
2021-05-18 11:05:10,654.5,872967
2021-05-18 11:05:10,654.5,872967
2021-05-18 11:05:11,654.5,872967
2021-05-18 11:05:12,654.5,872967
2021-05-18 11:05:13,654.5,872981
2021-05-18 11:05:14,654.5,872981
2021-05-18 11:05:15,654.5,872983
