timestamp,ltp,volume
2021-05-18 09:15:25,3090.7,62590
2021-05-18 09:15:26,3090.75,66736
2021-05-18 09:15:27,3091.2,67961
2021-05-18 09:15:28,3089.55,69560
2021-05-18 09:15:29,3091.15,70185
2021-05-18 09:15:30,3089.65,70451
2021-05-18 09:15:31,3089.8,70818
2021-05-18 09:15:32,3091.2,72650
2021-05-18 09:15:33,3090.25,75163
2021-05-18 09:15:36,3098.0,79628
2021-05-18 09:15:37,3094.2,80768
2021-05-18 09:15:38,3094.1,81891
2021-05-18 09:15:39,3095.3,82876
2021-05-18 09:15:40,3094.9,83562
2021-05-18 09:15:41,3095.3,83707
2021-05-18 09:15:42,3095.3,83707
2021-05-18 09:15:43,3095.35,84752
2021-05-18 09:15:44,3093.65,87835
2021-05-18 09:15:45,3094.35,88370
2021-05-18 09:15:46,3095.4,90372
2021-05-18 09:15:47,3094.5,90487
2021-05-18 09:15:48,3094.1,91848
2021-05-18 09:15:50,3093.6,92597
2021-05-18 09:15:49,3093.6,92597
2021-05-18 09:15:51,3093.6,92679
2021-05-18 09:15:52,3092.1,93209
2021-05-18 09:15:53,3093.15,93309
2021-05-18 09:15:54,3095.05,96998
2021-05-18 09:15:56,3092.0,97268
2021-05-18 09:15:57,3091.0,99846
2021-05-18 09:15:57,3091.0,99846
2021-05-18 09:15:58,3090.15,101178
2021-05-18 09:15:59,3090.55,103059
2021-05-18 09:16:01,3090.9,104027
2021-05-18 09:16:03,3092.1,104094
2021-05-18 09:16:04,3096.85,105215
2021-05-18 09:16:04,3096.85,105215
2021-05-18 09:16:05,3093.95,106104
2021-05-18 09:16:06,3092.9,107325
2021-05-18 09:16:07,3094.8,107328
2021-05-18 09:16:09,3098.05,108931
2021-05-18 09:16:09,3097.1,109120
2021-05-18 09:16:10,3096.35,109731
2021-05-18 09:16:11,3095.95,110585
2021-05-18 09:16:12,3093.7,111875
2021-05-18 09:16:13,3093.45,111901
2021-05-18 09:16:14,3095.35,111926
2021-05-18 09:16:16,3092.85,111931
2021-05-18 09:16:16,3092.85,111931
2021-05-18 09:16:17,3093.15,113339
2021-05-18 09:16:18,3090.0,114480
2021-05-18 09:16:19,3091.5,114483
2021-05-18 09:16:20,3091.15,114708
2021-05-18 09:16:22,3090.2,115390
2021-05-18 09:16:23,3090.15,115692
2021-05-18 09:16:24,3090.15,116703
2021-05-18 09:16:25,3089.7,118028
2021-05-18 09:16:26,3090.45,118351
2021-05-18 09:16:27,3089.4,119079
2021-05-18 09:16:28,3088.75,119189
2021-05-18 09:16:29,3089.4,119831
2021-05-18 09:16:31,3089.9,119858
2021-05-18 09:16:32,3090.1,120113
2021-05-18 09:16:33,3090.45,120883
2021-05-18 09:16:34,3089.9,121573
2021-05-18 09:16:35,3089.9,121573
2021-05-18 09:16:36,3090.65,121598
2021-05-18 09:16:36,3090.65,121598
2021-05-18 09:16:37,3089.9,121641
2021-05-18 09:16:38,3088.85,121967
2021-05-18 09:16:39,3089.85,122509
2021-05-18 09:16:40,3088.0,123129
2021-05-18 09:16:41,3088.7,123743
2021-05-18 09:16:42,3087.05,123828
2021-05-18 09:16:43,3087.05,123828
2021-05-18 09:16:44,3090.0,124355
2021-05-18 09:16:45,3089.25,124918
2021-05-18 09:16:46,3089.65,125093
2021-05-18 09:16:48,3089.65,125107
2021-05-18 09:16:48,3095.5,127426
2021-05-18 09:16:49,3089.75,129698
2021-05-18 09:16:50,3090.75,129997
2021-05-18 09:16:51,3088.7,130613
2021-05-18 09:16:52,3088.7,130613
2021-05-18 09:16:53,3088.0,130633
2021-05-18 09:16:55,3088.7,131168
2021-05-18 09:16:55,3088.7,131178
2021-05-18 09:16:56,3088.7,131190
2021-05-18 09:16:57,3088.7,131190
2021-05-18 09:16:58,3088.7,131796
2021-05-18 09:16:59,3088.0,131803
2021-05-18 09:17:00,3089.0,132746
2021-05-18 09:17:01,3089.55,133357
2021-05-18 09:17:02,3092.95,134157
2021-05-18 09:17:04,3092.85,135488
2021-05-18 09:17:04,3092.85,135488
2021-05-18 09:17:05,3092.95,135489
2021-05-18 09:17:06,3094.95,135789
2021-05-18 09:17:07,3092.9,135801
2021-05-18 09:17:08,3093.55,135870
2021-05-18 09:17:09,3092.65,137414
2021-05-18 09:17:11,3090.0,137426
2021-05-18 09:17:12,3091.25,137441
2021-05-18 09:17:13,3091.9,138497
2021-05-18 09:17:14,3092.95,138998
2021-05-18 09:17:16,3092.75,139179
2021-05-18 09:17:16,3094.05,139279
2021-05-18 09:17:17,3092.0,139732
2021-05-18 09:17:18,3091.35,139754
2021-05-18 09:17:19,3093.3,140306
2021-05-18 09:17:20,3093.3,140306
2021-05-18 09:17:22,3089.7,140491
2021-05-18 09:17:23,3089.1,140542
2021-05-18 09:17:24,3090.25,140555
2021-05-18 09:17:26,3087.95,141968
2021-05-18 09:17:26,3087.95,141968
2021-05-18 09:17:27,3086.95,142938
2021-05-18 09:17:28,3086.4,143538
2021-05-18 09:17:29,3084.0,144786
2021-05-18 09:17:30,3086.45,145958
2021-05-18 09:17:31,3086.75,146630
2021-05-18 09:17:32,3084.35,147240
2021-05-18 09:17:33,3085.95,148959
2021-05-18 09:17:35,3085.3,149367
2021-05-18 09:17:36,3087.15,149446
2021-05-18 09:17:36,3085.5,149407
2021-05-18 09:17:37,3089.1,149619
2021-05-18 09:17:38,3090.5,150505
2021-05-18 09:17:39,3090.05,150537
2021-05-18 09:17:40,3089.95,150549
2021-05-18 09:17:41,3090.0,150555
2021-05-18 09:17:42,3091.2,150855
2021-05-18 09:17:44,3090.0,150862
2021-05-18 09:17:44,3090.0,150862
2021-05-18 09:17:45,3091.75,151938
2021-05-18 09:17:46,3088.85,153184
2021-05-18 09:17:49,3089.3,153207
2021-05-18 09:17:49,3090.6,153212
2021-05-18 09:17:50,3090.0,155933
2021-05-18 09:17:51,3090.65,155974
2021-05-18 09:17:52,3090.65,156200
2021-05-18 09:17:54,3090.45,156801
2021-05-18 09:17:54,3090.45,156801
2021-05-18 09:17:55,3089.9,157129
2021-05-18 09:17:56,3088.85,157130
2021-05-18 09:17:57,3090.0,157705
2021-05-18 09:17:59,3089.15,157919
2021-05-18 09:18:00,3089.0,158626
2021-05-18 09:18:01,3089.15,158733
2021-05-18 09:18:01,3089.15,158812
2021-05-18 09:18:02,3090.0,158816
2021-05-18 09:18:04,3091.75,161634
2021-05-18 09:18:06,3091.75,161634
2021-05-18 09:18:07,3090.7,162482
2021-05-18 09:18:07,3090.7,162482
2021-05-18 09:18:10,3092.45,164018
2021-05-18 09:18:12,3091.6,165834
2021-05-18 09:18:13,3092.25,165843
2021-05-18 09:18:13,3092.35,165862
2021-05-18 09:18:15,3091.9,166189
2021-05-18 09:18:16,3092.2,166880
2021-05-18 09:18:17,3091.25,167180
2021-05-18 09:18:19,3091.3,167233
2021-05-18 09:18:19,3091.45,167533
2021-05-18 09:18:21,3091.6,167538
2021-05-18 09:18:22,3091.6,167783
2021-05-18 09:18:22,3091.6,167768
2021-05-18 09:18:23,3091.6,168595
2021-05-18 09:18:24,3091.6,168623
2021-05-18 09:18:26,3091.05,169755
2021-05-18 09:18:27,3091.05,170059
2021-05-18 09:18:28,3091.1,170061
2021-05-18 09:18:28,3091.05,170115
2021-05-18 09:18:29,3091.5,171319
2021-05-18 09:18:30,3091.6,171351
2021-05-18 09:18:31,3091.6,171351
2021-05-18 09:18:33,3091.35,172074
2021-05-18 09:18:34,3091.9,172084
2021-05-18 09:18:34,3092.0,172138
2021-05-18 09:18:35,3092.5,173404
2021-05-18 09:18:36,3092.85,173459
2021-05-18 09:18:38,3094.8,173838
2021-05-18 09:18:39,3094.0,173897
2021-05-18 09:18:39,3092.95,173898
2021-05-18 09:18:40,3093.2,173999
2021-05-18 09:18:41,3094.0,174105
2021-05-18 09:18:42,3094.0,174106
2021-05-18 09:18:44,3092.95,175164
2021-05-18 09:18:45,3093.55,175328
2021-05-18 09:18:46,3095.0,177191
2021-05-18 09:18:47,3094.0,177880
2021-05-18 09:18:47,3094.0,177880
2021-05-18 09:18:48,3092.2,178234
2021-05-18 09:18:49,3092.2,178236
2021-05-18 09:18:50,3091.1,179274
2021-05-18 09:18:52,3092.2,179480
2021-05-18 09:18:53,3092.2,179999
2021-05-18 09:18:53,3091.15,180054
2021-05-18 09:18:54,3091.7,180055
2021-05-18 09:18:55,3090.0,180637
2021-05-18 09:18:57,3090.75,181113
2021-05-18 09:18:58,3090.25,182199
2021-05-18 09:18:58,3090.25,182199
2021-05-18 09:18:59,3091.15,182305
2021-05-18 09:19:00,3091.2,182363
2021-05-18 09:19:01,3090.95,182558
2021-05-18 09:19:03,3091.2,182708
2021-05-18 09:19:04,3091.25,183373
2021-05-18 09:19:04,3091.25,183373
2021-05-18 09:19:05,3091.2,183888
2021-05-18 09:19:06,3091.2,184062
2021-05-18 09:19:08,3090.4,184142
2021-05-18 09:19:09,3091.0,185070
2021-05-18 09:19:09,3091.05,185175
2021-05-18 09:19:10,3090.3,185230
2021-05-18 09:19:11,3090.3,185281
2021-05-18 09:19:12,3090.75,185637
2021-05-18 09:19:15,3089.0,187459
2021-05-18 09:19:15,3089.0,187459
2021-05-18 09:19:16,3087.0,188435
2021-05-18 09:19:17,3086.55,188440
2021-05-18 09:19:19,3086.55,188440
2021-05-18 09:19:20,3088.8,189160
2021-05-18 09:19:20,3088.8,189160
2021-05-18 09:19:21,3087.8,189292
2021-05-18 09:19:22,3087.95,189968
2021-05-18 09:19:24,3086.9,189978
2021-05-18 09:19:25,3087.5,190258
2021-05-18 09:19:26,3086.6,190669
2021-05-18 09:19:26,3086.6,190669
2021-05-18 09:19:27,3087.5,190696
2021-05-18 09:19:28,3087.5,190699
2021-05-18 09:19:29,3087.5,190699
2021-05-18 09:19:31,3087.5,190709
2021-05-18 09:19:32,3087.0,191093
2021-05-18 09:19:33,3087.5,191199
2021-05-18 09:19:33,3087.5,191199
2021-05-18 09:19:34,3087.6,192438
2021-05-18 09:19:35,3087.85,194588
2021-05-18 09:19:36,3087.25,194997
2021-05-18 09:19:38,3087.5,197470
2021-05-18 09:19:39,3087.45,197909
2021-05-18 09:19:40,3090.15,200938
2021-05-18 09:19:41,3088.95,201543
2021-05-18 09:19:42,3088.45,203328
2021-05-18 09:19:43,3088.9,203443
2021-05-18 09:19:47,3087.5,204651
2021-05-18 09:19:47,3087.5,204651
2021-05-18 09:19:48,3087.15,205575
2021-05-18 09:19:49,3086.85,205635
2021-05-18 09:19:51,3086.85,205654
2021-05-18 09:19:52,3086.45,206140
2021-05-18 09:19:53,3086.45,206150
2021-05-18 09:19:53,3086.45,206150
2021-05-18 09:19:54,3086.1,206284
2021-05-18 09:19:55,3086.1,206294
2021-05-18 09:19:56,3086.45,206295
2021-05-18 09:19:58,3084.0,210083
2021-05-18 09:19:59,3086.5,211488
2021-05-18 09:19:59,3086.5,211579
2021-05-18 09:20:00,3085.6,212659
2021-05-18 09:20:01,3086.3,212938
2021-05-18 09:20:03,3086.2,214626
2021-05-18 09:20:04,3086.2,214626
2021-05-18 09:20:05,3084.5,214631
2021-05-18 09:20:05,3084.5,214631
2021-05-18 09:20:06,3084.4,214955
2021-05-18 09:20:08,3084.4,216177
2021-05-18 09:20:09,3084.15,218309
2021-05-18 09:20:10,3083.95,219209
2021-05-18 09:20:10,3083.95,219209
2021-05-18 09:20:11,3083.95,219609
2021-05-18 09:20:12,3083.95,219622
2021-05-18 09:20:13,3084.5,220659
2021-05-18 09:20:15,3084.45,221372
2021-05-18 09:20:16,3084.15,222002
2021-05-18 09:20:17,3084.0,222540
2021-05-18 09:20:17,3084.05,222542
2021-05-18 09:20:18,3083.85,222557
2021-05-18 09:20:19,3083.85,222557
2021-05-18 09:20:20,3085.2,224782
2021-05-18 09:20:22,3085.6,224842
2021-05-18 09:20:23,3085.6,224856
2021-05-18 09:20:24,3085.9,225155
2021-05-18 09:20:25,3088.65,225520
2021-05-18 09:20:25,3088.65,225520
2021-05-18 09:20:26,3088.65,225520
2021-05-18 09:20:28,3087.45,225530
2021-05-18 09:20:29,3086.95,225541
2021-05-18 09:20:30,3086.05,225744
2021-05-18 09:20:31,3085.9,225793
2021-05-18 09:20:31,3085.9,225793
2021-05-18 09:20:32,3085.9,226084
2021-05-18 09:20:33,3085.9,226162
2021-05-18 09:20:35,3085.1,226351
2021-05-18 09:20:36,3085.9,226363
2021-05-18 09:20:37,3085.9,226365
2021-05-18 09:20:37,3085.9,226366
2021-05-18 09:20:38,3085.9,226402
2021-05-18 09:20:40,3088.15,228015
2021-05-18 09:20:41,3086.35,229877
2021-05-18 09:20:42,3087.55,230293
2021-05-18 09:20:42,3086.7,230313
2021-05-18 09:20:43,3086.7,230500
2021-05-18 09:20:44,3086.05,230510
2021-05-18 09:20:45,3085.95,230630
2021-05-18 09:20:47,3086.95,231492
2021-05-18 09:20:48,3087.95,231498
2021-05-18 09:20:49,3087.9,232698
2021-05-18 09:20:49,3087.9,232698
2021-05-18 09:20:50,3087.45,233640
2021-05-18 09:20:55,3087.0,235134
2021-05-18 09:20:57,3087.15,237260
2021-05-18 09:20:59,3086.7,237659
2021-05-18 09:21:00,3086.4,237661
2021-05-18 09:21:01,3086.05,238618
2021-05-18 09:21:02,3085.75,238644
2021-05-18 09:21:04,3087.6,239786
2021-05-18 09:21:05,3088.0,240487
2021-05-18 09:21:06,3086.55,241483
2021-05-18 09:21:07,3085.7,242088
2021-05-18 09:21:08,3085.15,242574
2021-05-18 09:21:09,3085.25,242989
2021-05-18 09:21:10,3085.35,243868
2021-05-18 09:21:11,3086.25,244076
2021-05-18 09:21:12,3085.5,244226
2021-05-18 09:21:13,3085.0,244228
2021-05-18 09:21:14,3085.5,244282
2021-05-18 09:21:15,3084.8,244297
2021-05-18 09:21:16,3085.0,244612
2021-05-18 09:21:17,3085.0,244620
2021-05-18 09:21:18,3085.0,244621
2021-05-18 09:21:19,3086.35,244998
2021-05-18 09:21:20,3086.7,245044
2021-05-18 09:21:22,3088.45,245120
2021-05-18 09:21:23,3088.85,245134
2021-05-18 09:21:24,3087.25,245201
2021-05-18 09:21:25,3087.25,245201
2021-05-18 09:21:26,3087.9,245212
2021-05-18 09:21:27,3086.8,245262
2021-05-18 09:21:28,3087.9,245272
2021-05-18 09:21:29,3085.25,245671
2021-05-18 09:21:30,3086.4,245677
2021-05-18 09:21:31,3086.4,245677
2021-05-18 09:21:33,3085.85,245773
2021-05-18 09:21:34,3085.85,245775
2021-05-18 09:21:35,3084.05,246075
2021-05-18 09:21:36,3085.7,246090
2021-05-18 09:21:37,3085.4,246092
2021-05-18 09:21:38,3085.4,246126
2021-05-18 09:21:39,3086.4,246729
2021-05-18 09:21:40,3084.2,248333
2021-05-18 09:21:41,3085.95,248383
2021-05-18 09:21:42,3085.15,248416
2021-05-18 09:21:43,3085.05,248716
2021-05-18 09:21:44,3085.0,249015
2021-05-18 09:21:46,3085.0,249090
2021-05-18 09:21:47,3085.0,249090
2021-05-18 09:21:48,3085.0,249093
2021-05-18 09:21:49,3084.05,249138
2021-05-18 09:21:51,3084.1,249195
2021-05-18 09:21:52,3084.0,250894
2021-05-18 09:21:53,3084.0,250894
2021-05-18 09:21:54,3083.5,250994
2021-05-18 09:21:55,3082.85,251317
2021-05-18 09:21:56,3082.9,251748
2021-05-18 09:21:57,3082.0,252528
2021-05-18 09:21:59,3082.55,252683
2021-05-18 09:22:00,3082.4,253034
2021-05-18 09:22:01,3082.2,253098
2021-05-18 09:22:02,3082.4,253203
2021-05-18 09:22:03,3082.2,253217
2021-05-18 09:22:04,3082.4,253219
2021-05-18 09:22:05,3082.4,253230
2021-05-18 09:22:06,3082.4,253230
2021-05-18 09:22:07,3082.4,253230
2021-05-18 09:22:09,3082.4,254142
2021-05-18 09:22:10,3082.4,254148
2021-05-18 09:22:11,3082.0,254150
2021-05-18 09:22:12,3081.75,254171
2021-05-18 09:22:13,3081.75,254211
2021-05-18 09:22:14,3081.7,254276
2021-05-18 09:22:15,3081.7,254578
2021-05-18 09:22:16,3081.7,254598
2021-05-18 09:22:17,3080.0,258192
2021-05-18 09:22:18,3079.9,258603
2021-05-18 09:22:20,3079.5,259661
2021-05-18 09:22:21,3079.9,260396
2021-05-18 09:22:22,3079.9,261407
2021-05-18 09:22:23,3079.8,261460
2021-05-18 09:22:24,3079.9,261462
2021-05-18 09:22:25,3079.9,261463
2021-05-18 09:22:26,3079.9,261821
2021-05-18 09:22:27,3079.9,261821
2021-05-18 09:22:28,3080.1,261881
2021-05-18 09:22:29,3080.35,262129
2021-05-18 09:22:30,3081.2,265438
2021-05-18 09:22:33,3080.7,265566
2021-05-18 09:22:34,3081.3,265709
2021-05-18 09:22:42,3081.45,266851
2021-05-18 09:22:44,3081.55,266929
2021-05-18 09:22:46,3082.05,267021
2021-05-18 09:22:47,3081.45,267921
2021-05-18 09:22:48,3082.0,267975
2021-05-18 09:22:49,3082.05,267977
2021-05-18 09:22:50,3082.15,267982
2021-05-18 09:22:51,3082.05,268023
2021-05-18 09:22:52,3080.05,270210
2021-05-18 09:22:53,3079.5,270264
2021-05-18 09:22:54,3080.95,270279
2021-05-18 09:22:55,3081.55,273144
2021-05-18 09:22:56,3081.55,273144
2021-05-18 09:22:57,3081.55,273144
2021-05-18 09:22:58,3081.55,273144
2021-05-18 09:22:59,3083.0,273156
2021-05-18 09:23:00,3082.25,273158
2021-05-18 09:23:01,3083.0,273220
2021-05-18 09:23:02,3083.0,273236
2021-05-18 09:23:04,3083.5,273645
2021-05-18 09:23:05,3083.5,273645
2021-05-18 09:23:06,3083.5,273645
2021-05-18 09:23:07,3081.7,275451
2021-05-18 09:23:08,3083.8,275646
2021-05-18 09:23:09,3084.95,275797
2021-05-18 09:23:10,3084.0,275812
2021-05-18 09:23:11,3084.95,276046
2021-05-18 09:23:12,3085.0,276072
2021-05-18 09:23:13,3085.0,276088
2021-05-18 09:23:14,3085.0,276098
2021-05-18 09:23:15,3085.55,276812
2021-05-18 09:23:15,3086.95,276822
2021-05-18 09:23:16,3086.95,276822
2021-05-18 09:23:17,3085.95,276872
2021-05-18 09:23:18,3086.3,276897
2021-05-18 09:23:19,3084.9,276930
2021-05-18 09:23:21,3083.85,277022
2021-05-18 09:23:22,3084.85,277032
2021-05-18 09:23:23,3084.35,277034
2021-05-18 09:23:24,3083.85,277041
2021-05-18 09:23:25,3084.95,277667
2021-05-18 09:23:26,3084.85,278365
2021-05-18 09:23:27,3084.85,278365
2021-05-18 09:23:28,3084.85,279851
2021-05-18 09:23:29,3084.85,279851
2021-05-18 09:23:30,3085.9,280596
2021-05-18 09:23:31,3085.9,280596
2021-05-18 09:23:32,3086.95,280624
2021-05-18 09:23:33,3085.95,280637
2021-05-18 09:23:34,3086.7,280714
2021-05-18 09:23:35,3086.65,281317
2021-05-18 09:23:36,3087.5,281617
2021-05-18 09:23:37,3086.15,281637
2021-05-18 09:23:38,3086.95,281639
2021-05-18 09:23:40,3086.2,281641
2021-05-18 09:23:41,3086.2,281641
2021-05-18 09:23:42,3086.25,281668
2021-05-18 09:23:44,3088.0,282159
2021-05-18 09:23:45,3087.1,282275
2021-05-18 09:23:46,3087.2,282280
2021-05-18 09:23:47,3087.1,282345
2021-05-18 09:23:48,3087.35,282356
2021-05-18 09:23:49,3087.95,282364
2021-05-18 09:23:50,3087.95,282379
2021-05-18 09:23:51,3087.95,282380
2021-05-18 09:23:52,3087.95,282398
2021-05-18 09:23:53,3087.95,282398
2021-05-18 09:23:54,3087.95,282398
2021-05-18 09:23:55,3087.4,282401
2021-05-18 09:23:56,3086.95,282783
2021-05-18 09:23:57,3086.95,282783
2021-05-18 09:23:58,3087.15,282799
2021-05-18 09:23:59,3086.3,282801
2021-05-18 09:24:02,3084.25,283606
2021-05-18 09:24:03,3085.3,283671
2021-05-18 09:24:04,3085.3,283671
2021-05-18 09:24:05,3085.65,283682
2021-05-18 09:24:06,3085.65,283686
2021-05-18 09:24:08,3085.65,283737
2021-05-18 09:24:09,3085.65,283737
2021-05-18 09:24:10,3086.05,283840
2021-05-18 09:24:11,3086.05,283849
2021-05-18 09:24:12,3086.45,283869
2021-05-18 09:24:13,3085.65,283984
2021-05-18 09:24:14,3085.65,283984
2021-05-18 09:24:15,3085.2,283991
2021-05-18 09:24:15,3085.2,283991
2021-05-18 09:24:17,3085.2,283991
2021-05-18 09:24:21,3086.0,284095
2021-05-18 09:24:23,3085.95,284106
2021-05-18 09:24:24,3085.0,284127
2021-05-18 09:24:25,3085.0,284127
2021-05-18 09:24:26,3085.95,284128
2021-05-18 09:24:27,3085.95,284128
2021-05-18 09:24:28,3085.0,284248
2021-05-18 09:24:29,3085.0,284248
2021-05-18 09:24:30,3085.9,284258
2021-05-18 09:24:31,3085.0,284263
2021-05-18 09:24:32,3085.0,284274
2021-05-18 09:24:33,3085.0,284309
2021-05-18 09:24:34,3085.0,284309
2021-05-18 09:24:35,3085.0,284314
2021-05-18 09:24:36,3084.1,284371
2021-05-18 09:24:37,3084.9,284381
2021-05-18 09:24:38,3085.4,284687
2021-05-18 09:24:39,3085.4,284707
2021-05-18 09:24:42,3084.45,285578
2021-05-18 09:24:43,3084.45,285581
2021-05-18 09:24:44,3084.0,285583
2021-05-18 09:24:45,3083.0,285596
2021-05-18 09:24:46,3083.0,285596
2021-05-18 09:24:47,3084.05,285656
2021-05-18 09:24:48,3084.05,285701
2021-05-18 09:24:49,3084.95,287767
2021-05-18 09:24:50,3084.95,287767
2021-05-18 09:24:51,3083.2,289279
2021-05-18 09:24:52,3083.0,289284
2021-05-18 09:24:53,3082.0,289424
2021-05-18 09:24:54,3083.1,289534
2021-05-18 09:24:55,3083.1,289534
2021-05-18 09:24:56,3083.1,289534
2021-05-18 09:24:57,3083.1,289534
2021-05-18 09:24:58,3083.25,289559
2021-05-18 09:24:59,3083.25,289559
2021-05-18 09:25:00,3083.25,289559
2021-05-18 09:25:01,3083.25,289559
2021-05-18 09:25:02,3081.75,289660
2021-05-18 09:25:03,3081.8,289675
2021-05-18 09:25:04,3081.8,289823
2021-05-18 09:25:05,3081.95,289837
2021-05-18 09:25:06,3083.2,290280
2021-05-18 09:25:07,3082.05,290318
2021-05-18 09:25:08,3083.65,290785
2021-05-18 09:25:09,3083.1,290814
2021-05-18 09:25:10,3084.2,290894
2021-05-18 09:25:11,3084.2,290894
2021-05-18 09:25:12,3083.2,290939
2021-05-18 09:25:13,3082.65,291305
2021-05-18 09:25:14,3082.6,291326
2021-05-18 09:25:15,3083.2,291375
2021-05-18 09:25:16,3083.4,291675
2021-05-18 09:25:18,3085.0,291708
2021-05-18 09:25:20,3085.8,291826
2021-05-18 09:25:21,3085.8,291876
2021-05-18 09:25:23,3085.15,292041
2021-05-18 09:25:24,3085.55,292096
2021-05-18 09:25:25,3085.55,292096
2021-05-18 09:25:26,3085.7,292392
2021-05-18 09:25:28,3086.4,292420
2021-05-18 09:25:29,3086.4,292420
2021-05-18 09:25:30,3086.0,292781
2021-05-18 09:25:31,3086.0,292781
2021-05-18 09:25:32,3086.0,292793
2021-05-18 09:25:33,3086.95,292803
2021-05-18 09:25:34,3087.35,292901
2021-05-18 09:25:35,3087.35,293008
2021-05-18 09:25:36,3086.35,293018
2021-05-18 09:25:37,3087.35,293102
2021-05-18 09:25:38,3090.0,295572
2021-05-18 09:25:39,3089.15,295666
2021-05-18 09:25:40,3090.0,295806
2021-05-18 09:25:41,3090.0,295817
2021-05-18 09:25:42,3088.35,296020
2021-05-18 09:25:43,3089.95,296039
2021-05-18 09:25:45,3089.95,296107
2021-05-18 09:25:44,3089.95,296070
2021-05-18 09:25:47,3090.0,296249
2021-05-18 09:25:46,3089.95,296137
2021-05-18 09:25:48,3088.65,296550
2021-05-18 09:25:49,3088.35,296551
2021-05-18 09:25:50,3088.0,296588
2021-05-18 09:25:51,3088.35,296604
2021-05-18 09:25:52,3088.35,296604
2021-05-18 09:25:53,3088.35,296620
2021-05-18 09:25:54,3088.35,296821
2021-05-18 09:25:55,3088.35,296920
2021-05-18 09:25:56,3087.95,297073
2021-05-18 09:25:57,3087.95,297073
2021-05-18 09:25:58,3088.1,297251
2021-05-18 09:25:59,3088.1,297251
2021-05-18 09:26:00,3088.35,297252
2021-05-18 09:26:02,3088.0,297524
2021-05-18 09:26:03,3088.55,297710
2021-05-18 09:26:04,3089.2,298010
2021-05-18 09:26:05,3088.95,298310
2021-05-18 09:26:06,3088.25,298354
2021-05-18 09:26:07,3088.25,298354
2021-05-18 09:26:08,3088.2,298432
2021-05-18 09:26:09,3088.25,298492
2021-05-18 09:26:10,3088.0,298594
2021-05-18 09:26:11,3088.0,298614
2021-05-18 09:26:12,3088.0,298614
2021-05-18 09:26:13,3088.0,298614
2021-05-18 09:26:14,3088.0,298614
2021-05-18 09:26:16,3087.7,298767
2021-05-18 09:26:17,3087.7,298769
2021-05-18 09:26:18,3087.8,299226
2021-05-18 09:26:19,3087.7,299237
2021-05-18 09:26:20,3087.25,299299
2021-05-18 09:26:21,3089.9,301729
2021-05-18 09:26:22,3088.15,301804
2021-05-18 09:26:23,3089.9,301998
2021-05-18 09:26:24,3089.85,301999
2021-05-18 09:26:26,3088.55,302958
2021-05-18 09:26:27,3088.65,302999
2021-05-18 09:26:28,3088.65,302999
2021-05-18 09:26:29,3090.85,305399
2021-05-18 09:26:30,3089.75,305889
2021-05-18 09:26:31,3089.65,306161
2021-05-18 09:26:32,3088.65,306479
2021-05-18 09:26:33,3089.35,306579
2021-05-18 09:26:34,3089.0,306932
2021-05-18 09:26:36,3087.2,307003
2021-05-18 09:26:37,3088.65,308387
2021-05-18 09:26:38,3088.5,308793
2021-05-18 09:26:39,3087.6,308873
2021-05-18 09:26:40,3088.2,308944
2021-05-18 09:26:41,3088.5,308984
2021-05-18 09:26:42,3088.5,309384
2021-05-18 09:26:43,3088.0,309386
2021-05-18 09:26:44,3088.0,309387
2021-05-18 09:26:45,3088.0,309398
2021-05-18 09:26:46,3088.0,309398
2021-05-18 09:26:47,3088.0,309458
2021-05-18 09:26:48,3088.0,309608
2021-05-18 09:26:49,3087.0,309667
2021-05-18 09:26:49,3087.0,309667
2021-05-18 09:26:50,3086.3,309681
2021-05-18 09:26:51,3087.6,309844
2021-05-18 09:26:52,3087.6,309846
2021-05-18 09:26:53,3086.2,309900
2021-05-18 09:26:54,3087.15,309901
2021-05-18 09:26:55,3086.15,310231
2021-05-18 09:26:56,3086.15,310231
2021-05-18 09:26:57,3086.45,310673
2021-05-18 09:26:58,3086.5,310681
2021-05-18 09:27:00,3086.0,310716
2021-05-18 09:27:02,3086.0,310800
2021-05-18 09:27:03,3086.0,310900
2021-05-18 09:27:04,3084.95,311562
2021-05-18 09:27:05,3085.55,311576
2021-05-18 09:27:07,3085.15,311585
2021-05-18 09:27:09,3085.15,311585
2021-05-18 09:27:09,3085.15,311585
2021-05-18 09:27:10,3085.15,311585
2021-05-18 09:27:11,3084.55,311590
2021-05-18 09:27:12,3084.55,311590
2021-05-18 09:27:13,3084.75,312993
2021-05-18 09:27:14,3084.35,313499
2021-05-18 09:27:15,3084.95,313519
2021-05-18 09:27:16,3084.95,313519
2021-05-18 09:27:17,3084.5,313539
2021-05-18 09:27:18,3084.95,313541
2021-05-18 09:27:19,3084.95,313541
2021-05-18 09:27:20,3084.95,313556
2021-05-18 09:27:21,3084.5,313847
2021-05-18 09:27:22,3084.75,313898
2021-05-18 09:27:25,3084.95,313956
2021-05-18 09:27:25,3084.95,313956
2021-05-18 09:27:26,3085.3,314035
2021-05-18 09:27:27,3085.3,314049
2021-05-18 09:27:29,3085.05,314253
2021-05-18 09:27:30,3084.95,314553
2021-05-18 09:27:31,3085.1,314559
2021-05-18 09:27:32,3085.1,314579
2021-05-18 09:27:39,3085.0,314920
2021-05-18 09:27:40,3085.0,314996
2021-05-18 09:27:40,3085.0,314996
2021-05-18 09:27:41,3084.95,315450
2021-05-18 09:27:42,3084.95,315450
2021-05-18 09:27:43,3085.0,315753
2021-05-18 09:27:44,3085.0,315795
2021-05-18 09:27:45,3085.0,315820
2021-05-18 09:27:46,3084.95,315832
2021-05-18 09:27:47,3085.0,315942
2021-05-18 09:27:48,3085.15,316442
2021-05-18 09:27:49,3084.95,316545
2021-05-18 09:27:50,3084.95,316646
2021-05-18 09:27:51,3084.9,316655
2021-05-18 09:27:52,3084.9,316675
2021-05-18 09:27:53,3084.5,316731
2021-05-18 09:27:54,3084.5,316735
2021-05-18 09:27:56,3084.25,316966
2021-05-18 09:27:57,3084.25,316966
2021-05-18 09:27:58,3084.25,316966
2021-05-18 09:28:00,3084.0,317001
2021-05-18 09:28:01,3084.0,317005
2021-05-18 09:28:02,3084.0,317005
2021-05-18 09:28:04,3084.0,317010
2021-05-18 09:28:05,3083.9,317042
2021-05-18 09:28:06,3083.9,317042
2021-05-18 09:28:08,3083.9,317068
2021-05-18 09:28:10,3084.2,317254
2021-05-18 09:28:11,3083.9,317279
2021-05-18 09:28:12,3084.2,317282
2021-05-18 09:28:12,3083.9,317279
2021-05-18 09:28:13,3083.9,317292
2021-05-18 09:28:14,3084.0,317293
2021-05-18 09:28:15,3084.2,317383
2021-05-18 09:28:16,3082.75,319693
2021-05-18 09:28:17,3082.75,319693
2021-05-18 09:28:18,3082.75,319693
2021-05-18 09:28:19,3083.85,319724
2021-05-18 09:28:20,3083.85,319775
2021-05-18 09:28:21,3083.85,319775
2021-05-18 09:28:22,3086.95,320912
2021-05-18 09:28:23,3085.65,320914
2021-05-18 09:28:24,3085.65,321212
2021-05-18 09:28:25,3085.65,321212
2021-05-18 09:28:27,3085.95,321256
2021-05-18 09:28:28,3084.2,321811
2021-05-18 09:28:29,3084.2,321811
2021-05-18 09:28:30,3085.9,321816
2021-05-18 09:28:31,3085.9,321816
2021-05-18 09:28:32,3085.0,321836
2021-05-18 09:28:32,3084.7,321840
2021-05-18 09:28:34,3085.2,322080
2021-05-18 09:28:36,3085.3,322099
2021-05-18 09:28:37,3085.3,322099
2021-05-18 09:28:38,3084.7,322114
2021-05-18 09:28:39,3084.7,322114
2021-05-18 09:28:41,3084.7,322114
2021-05-18 09:28:42,3084.7,322114
2021-05-18 09:28:42,3085.45,322125
2021-05-18 09:28:43,3085.45,322128
2021-05-18 09:28:44,3085.3,322143
2021-05-18 09:28:47,3085.45,322144
2021-05-18 09:28:48,3085.45,322154
2021-05-18 09:28:49,3085.45,322155
2021-05-18 09:28:50,3085.45,322155
2021-05-18 09:28:51,3085.85,322774
2021-05-18 09:28:52,3085.45,322862
2021-05-18 09:28:53,3085.45,322862
2021-05-18 09:28:54,3085.8,322868
2021-05-18 09:28:55,3085.8,322895
2021-05-18 09:28:59,3085.65,323002
2021-05-18 09:29:00,3085.6,323009
2021-05-18 09:29:01,3085.6,323110
2021-05-18 09:29:02,3085.5,323120
2021-05-18 09:29:05,3085.3,323325
2021-05-18 09:29:06,3085.3,323337
2021-05-18 09:29:08,3085.3,323348
2021-05-18 09:29:08,3085.3,323348
2021-05-18 09:29:10,3085.15,323824
2021-05-18 09:29:11,3084.05,323834
2021-05-18 09:29:13,3084.0,323884
2021-05-18 09:29:15,3084.35,323915
2021-05-18 09:29:15,3084.35,323915
2021-05-18 09:29:16,3084.3,323940
2021-05-18 09:29:17,3084.3,323940
2021-05-18 09:29:18,3084.25,323957
2021-05-18 09:29:19,3083.7,323990
2021-05-18 09:29:20,3084.15,323995
2021-05-18 09:29:21,3083.15,324419
2021-05-18 09:29:22,3083.7,324429
2021-05-18 09:29:23,3083.7,324429
2021-05-18 09:29:24,3083.6,324589
2021-05-18 09:29:25,3085.05,326231
2021-05-18 09:29:26,3085.0,326543
2021-05-18 09:29:27,3085.6,326734
2021-05-18 09:29:28,3085.65,326780
2021-05-18 09:29:29,3085.65,327045
2021-05-18 09:29:30,3085.5,327095
2021-05-18 09:29:31,3085.35,327301
2021-05-18 09:29:32,3085.0,327351
2021-05-18 09:29:33,3085.0,327352
2021-05-18 09:29:34,3085.0,327360
2021-05-18 09:29:35,3084.2,327959
2021-05-18 09:29:36,3085.0,327960
2021-05-18 09:29:37,3084.95,327967
2021-05-18 09:29:38,3084.95,327968
2021-05-18 09:29:40,3084.6,327981
2021-05-18 09:29:41,3083.7,327985
2021-05-18 09:29:42,3083.15,327993
2021-05-18 09:29:43,3083.25,328310
2021-05-18 09:29:44,3083.25,328310
2021-05-18 09:29:44,3082.8,328311
2021-05-18 09:29:46,3082.8,328426
2021-05-18 09:29:47,3082.8,328427
2021-05-18 09:29:48,3082.8,328427
2021-05-18 09:29:49,3082.35,328534
2021-05-18 09:29:49,3081.3,328935
2021-05-18 09:29:50,3082.05,329086
2021-05-18 09:29:51,3081.0,329094
2021-05-18 09:29:52,3081.6,329109
2021-05-18 09:29:53,3081.6,329110
2021-05-18 09:29:55,3081.0,329561
2021-05-18 09:29:58,3081.6,329823
2021-05-18 09:29:59,3081.6,329873
2021-05-18 09:30:00,3081.0,329909
2021-05-18 09:30:00,3081.6,329935
2021-05-18 09:30:01,3081.75,330556
2021-05-18 09:30:02,3081.6,330574
2021-05-18 09:30:03,3083.6,332071
2021-05-18 09:30:04,3083.5,332180
2021-05-18 09:30:05,3084.65,332189
2021-05-18 09:30:06,3084.65,332208
2021-05-18 09:30:07,3084.65,332208
2021-05-18 09:30:08,3084.95,332508
2021-05-18 09:30:09,3083.55,332509
2021-05-18 09:30:10,3083.6,332514
2021-05-18 09:30:11,3084.45,332814
2021-05-18 09:30:12,3084.45,332814
2021-05-18 09:30:13,3083.15,332916
2021-05-18 09:30:14,3084.2,333100
2021-05-18 09:30:15,3084.2,333115
2021-05-18 09:30:16,3084.2,333115
2021-05-18 09:30:17,3084.2,333115
2021-05-18 09:30:18,3084.0,333120
2021-05-18 09:30:19,3083.6,333130
2021-05-18 09:30:20,3083.6,333130
2021-05-18 09:30:21,3085.35,336397
2021-05-18 09:30:22,3084.95,336398
2021-05-18 09:30:23,3084.95,336398
2021-05-18 09:30:25,3084.95,336408
2021-05-18 09:30:26,3084.1,336500
2021-05-18 09:30:27,3085.0,336800
2021-05-18 09:30:28,3085.0,336800
2021-05-18 09:30:29,3085.0,337100
2021-05-18 09:30:30,3084.05,337102
2021-05-18 09:30:31,3084.0,337111
2021-05-18 09:30:32,3084.0,337111
2021-05-18 09:30:33,3084.95,337211
2021-05-18 09:30:34,3084.95,337211
2021-05-18 09:30:35,3084.7,337216
2021-05-18 09:30:36,3084.25,337287
2021-05-18 09:30:37,3084.7,337597
2021-05-18 09:30:38,3084.7,337717
2021-05-18 09:30:39,3084.55,338912
2021-05-18 09:30:40,3084.05,338927
2021-05-18 09:30:41,3084.7,339059
2021-05-18 09:30:42,3084.9,339159
2021-05-18 09:30:44,3084.8,339227
2021-05-18 09:30:45,3084.8,339227
2021-05-18 09:30:46,3084.8,339249
2021-05-18 09:30:47,3084.8,339249
2021-05-18 09:30:48,3084.8,339249
2021-05-18 09:30:49,3084.2,339816
2021-05-18 09:30:50,3084.8,340004
2021-05-18 09:30:51,3084.8,340004
2021-05-18 09:30:52,3084.7,340274
2021-05-18 09:30:53,3084.7,340274
2021-05-18 09:30:54,3084.4,340275
2021-05-18 09:30:55,3084.4,340293
2021-05-18 09:30:56,3084.7,340294
2021-05-18 09:30:57,3084.95,340595
2021-05-18 09:30:59,3084.7,340596
2021-05-18 09:31:00,3084.4,340607
2021-05-18 09:31:01,3084.7,340618
2021-05-18 09:31:02,3084.7,340918
2021-05-18 09:31:03,3084.7,340918
2021-05-18 09:31:04,3084.7,340918
2021-05-18 09:31:05,3084.7,340928
2021-05-18 09:31:06,3084.4,340956
2021-05-18 09:31:07,3084.05,341051
2021-05-18 09:31:08,3084.4,341078
2021-05-18 09:31:09,3084.4,341169
2021-05-18 09:31:10,3084.0,341303
2021-05-18 09:31:12,3084.3,341304
2021-05-18 09:31:13,3084.3,341304
2021-05-18 09:31:14,3084.15,341324
2021-05-18 09:31:15,3084.15,341769
2021-05-18 09:31:15,3084.15,341769
2021-05-18 09:31:16,3084.15,341769
2021-05-18 09:31:17,3084.4,342164
2021-05-18 09:31:18,3084.4,342167
2021-05-18 09:31:20,3084.6,342479
2021-05-18 09:31:21,3084.6,342480
2021-05-18 09:31:22,3084.6,342480
2021-05-18 09:31:23,3084.6,342535
2021-05-18 09:31:24,3084.6,342609
2021-05-18 09:31:25,3085.0,343218
2021-05-18 09:31:26,3085.0,343218
2021-05-18 09:31:27,3084.7,343407
2021-05-18 09:31:29,3085.0,343415
2021-05-18 09:31:30,3085.0,343716
2021-05-18 09:31:31,3085.0,343767
2021-05-18 09:31:32,3085.0,343767
2021-05-18 09:31:34,3085.0,343789
2021-05-18 09:31:36,3085.0,343839
2021-05-18 09:31:37,3085.0,343839
2021-05-18 09:31:38,3085.0,343839
2021-05-18 09:31:39,3085.0,343839
2021-05-18 09:31:40,3085.0,344439
2021-05-18 09:31:41,3085.0,344615
2021-05-18 09:31:42,3085.5,345255
2021-05-18 09:31:44,3086.75,345290
2021-05-18 09:31:45,3086.7,345291
2021-05-18 09:31:46,3086.7,345291
2021-05-18 09:31:47,3086.7,345291
2021-05-18 09:31:48,3085.75,345306
2021-05-18 09:31:49,3085.75,345316
2021-05-18 09:31:50,3085.75,345318
2021-05-18 09:31:51,3085.4,345760
2021-05-18 09:31:51,3085.4,345760
2021-05-18 09:31:52,3085.75,345790
2021-05-18 09:31:54,3085.75,345790
2021-05-18 09:31:55,3085.75,345790
2021-05-18 09:31:56,3085.75,345790
2021-05-18 09:31:57,3085.75,345798
2021-05-18 09:31:58,3085.75,345799
2021-05-18 09:31:59,3087.85,347202
2021-05-18 09:32:00,3085.3,350059
2021-05-18 09:32:02,3085.15,351081
2021-05-18 09:32:03,3084.25,351086
2021-05-18 09:32:04,3085.1,351107
2021-05-18 09:32:05,3085.0,351132
2021-05-18 09:32:06,3085.1,351427
2021-05-18 09:32:07,3085.1,351427
2021-05-18 09:32:08,3085.0,351452
2021-05-18 09:32:09,3085.0,351452
2021-05-18 09:32:10,3084.55,351522
2021-05-18 09:32:11,3084.0,351527
2021-05-18 09:32:13,3084.0,351534
2021-05-18 09:32:14,3084.2,351634
2021-05-18 09:32:15,3084.2,351634
2021-05-18 09:32:15,3084.0,351734
2021-05-18 09:32:16,3084.0,351742
2021-05-18 09:32:17,3083.8,352989
2021-05-18 09:32:19,3083.65,353007
2021-05-18 09:32:20,3083.35,353033
2021-05-18 09:32:21,3082.6,353212
2021-05-18 09:32:22,3082.6,353266
2021-05-18 09:32:23,3082.0,353478
2021-05-18 09:32:24,3082.2,353669
2021-05-18 09:32:25,3081.6,353679
2021-05-18 09:32:26,3081.9,354136
2021-05-18 09:32:27,3081.9,354136
2021-05-18 09:32:27,3081.9,354136
2021-05-18 09:32:28,3081.9,354141
2021-05-18 09:32:29,3081.9,354649
2021-05-18 09:32:31,3081.9,354654
2021-05-18 09:32:32,3081.9,354660
2021-05-18 09:32:33,3081.3,354705
2021-05-18 09:32:34,3081.9,354877
2021-05-18 09:32:35,3081.9,354887
2021-05-18 09:32:36,3081.15,354938
2021-05-18 09:32:37,3081.9,354966
2021-05-18 09:32:37,3081.9,354966
2021-05-18 09:32:38,3081.9,354966
2021-05-18 09:32:39,3081.9,355016
2021-05-18 09:32:41,3081.3,355051
2021-05-18 09:32:42,3081.3,355051
2021-05-18 09:32:44,3081.3,355068
2021-05-18 09:32:45,3081.95,355952
2021-05-18 09:32:45,3081.95,355952
2021-05-18 09:32:46,3082.0,356278
2021-05-18 09:32:49,3082.45,356766
2021-05-18 09:32:50,3082.2,356974
2021-05-18 09:32:50,3083.35,356984
2021-05-18 09:32:52,3083.35,357003
2021-05-18 09:32:53,3082.4,357014
2021-05-18 09:32:54,3082.4,357017
2021-05-18 09:32:55,3083.35,357021
2021-05-18 09:32:56,3083.35,357021
2021-05-18 09:32:57,3083.35,357021
2021-05-18 09:32:58,3082.35,357121
2021-05-18 09:32:59,3083.35,357136
2021-05-18 09:33:00,3082.55,357176
2021-05-18 09:33:01,3083.35,357181
2021-05-18 09:33:02,3083.35,357181
2021-05-18 09:33:03,3082.95,357211
2021-05-18 09:33:04,3082.95,357221
2021-05-18 09:33:05,3082.95,357221
2021-05-18 09:33:06,3082.95,357221
2021-05-18 09:33:06,3082.95,357221
2021-05-18 09:33:08,3082.9,357271
2021-05-18 09:33:09,3082.9,357271
2021-05-18 09:33:10,3082.45,357274
2021-05-18 09:33:11,3082.7,357282
2021-05-18 09:33:12,3082.25,357717
2021-05-18 09:33:13,3082.7,357719
2021-05-18 09:33:15,3083.0,357839
2021-05-18 09:33:15,3083.0,357829
2021-05-18 09:33:16,3083.0,357840
2021-05-18 09:33:17,3082.2,357888
2021-05-18 09:33:18,3082.2,357899
2021-05-18 09:33:20,3082.2,357914
2021-05-18 09:33:21,3082.2,357914
2021-05-18 09:33:22,3082.2,357914
2021-05-18 09:33:23,3082.2,357914
2021-05-18 09:33:24,3082.9,357916
2021-05-18 09:33:25,3082.9,357916
2021-05-18 09:33:26,3082.9,357916
2021-05-18 09:33:27,3082.9,357916
2021-05-18 09:33:28,3082.9,357937
2021-05-18 09:33:29,3082.9,357937
2021-05-18 09:33:30,3082.9,357947
2021-05-18 09:33:31,3082.9,357948
2021-05-18 09:33:31,3082.9,357948
2021-05-18 09:33:33,3082.9,357949
2021-05-18 09:33:34,3082.9,357951
2021-05-18 09:33:35,3082.9,357964
2021-05-18 09:33:36,3082.9,357966
2021-05-18 09:33:37,3082.9,357970
2021-05-18 09:33:38,3082.9,357970
2021-05-18 09:33:39,3082.9,357988
2021-05-18 09:33:40,3083.4,358268
2021-05-18 09:33:40,3083.4,358268
2021-05-18 09:33:42,3083.15,358381
2021-05-18 09:33:43,3084.75,358409
2021-05-18 09:33:44,3083.65,358419
2021-05-18 09:33:45,3084.65,358444
2021-05-18 09:33:46,3083.2,358448
2021-05-18 09:33:48,3084.5,358449
2021-05-18 09:33:49,3084.5,358449
2021-05-18 09:33:50,3084.0,358534
2021-05-18 09:33:52,3083.25,358536
2021-05-18 09:33:53,3083.25,358536
2021-05-18 09:33:54,3084.3,358538
2021-05-18 09:33:55,3084.3,358538
2021-05-18 09:33:56,3084.3,358538
2021-05-18 09:33:57,3083.05,358558
2021-05-18 09:33:58,3083.05,358577
2021-05-18 09:33:59,3085.0,358618
2021-05-18 09:34:00,3085.0,358618
2021-05-18 09:34:01,3083.8,358743
2021-05-18 09:34:02,3084.6,359089
2021-05-18 09:34:04,3083.85,359091
2021-05-18 09:34:04,3083.85,359091
2021-05-18 09:34:06,3083.85,359091
2021-05-18 09:34:07,3083.85,359091
2021-05-18 09:34:08,3083.35,359214
2021-05-18 09:34:09,3084.4,359216
2021-05-18 09:34:10,3084.4,359216
2021-05-18 09:34:11,3084.15,359223
2021-05-18 09:34:12,3083.5,359233
2021-05-18 09:34:12,3083.5,359233
2021-05-18 09:34:13,3083.5,359233
2021-05-18 09:34:16,3084.8,360236
2021-05-18 09:34:17,3084.85,360240
2021-05-18 09:34:18,3084.7,360696
2021-05-18 09:34:19,3084.7,360696
2021-05-18 09:34:20,3084.9,360729
2021-05-18 09:34:21,3084.95,360776
2021-05-18 09:34:22,3084.95,360821
2021-05-18 09:34:23,3084.95,360821
2021-05-18 09:34:25,3084.75,360966
2021-05-18 09:34:28,3085.15,361007
2021-05-18 09:34:29,3085.15,361007
2021-05-18 09:34:32,3085.25,361025
2021-05-18 09:34:33,3084.55,361221
2021-05-18 09:34:34,3084.55,361221
2021-05-18 09:34:35,3084.55,361221
2021-05-18 09:34:36,3084.75,361226
2021-05-18 09:34:37,3084.75,361301
2021-05-18 09:34:38,3085.25,361331
2021-05-18 09:34:38,3085.25,361331
2021-05-18 09:34:40,3085.2,361340
2021-05-18 09:34:41,3085.45,361535
2021-05-18 09:34:42,3085.45,361571
2021-05-18 09:34:43,3085.0,361710
2021-05-18 09:34:44,3085.0,361748
2021-05-18 09:34:45,3085.0,362058
2021-05-18 09:34:46,3085.0,362062
2021-05-18 09:34:47,3085.0,362072
2021-05-18 09:34:49,3085.0,362072
2021-05-18 09:34:49,3085.0,362072
2021-05-18 09:34:50,3085.0,362090
2021-05-18 09:34:52,3085.0,362098
2021-05-18 09:34:53,3085.5,363682
2021-05-18 09:34:54,3085.4,363705
2021-05-18 09:34:56,3087.25,365465
2021-05-18 09:34:57,3087.05,365487
2021-05-18 09:34:58,3087.25,365763
2021-05-18 09:34:58,3087.25,365763
2021-05-18 09:35:02,3085.95,365933
2021-05-18 09:35:03,3085.95,365933
2021-05-18 09:35:04,3085.95,365933
2021-05-18 09:35:05,3085.95,365933
2021-05-18 09:35:07,3087.05,365995
2021-05-18 09:35:08,3087.0,365996
2021-05-18 09:35:09,3087.0,365997
2021-05-18 09:35:10,3087.0,366007
2021-05-18 09:35:11,3087.0,366013
2021-05-18 09:35:12,3087.0,366031
2021-05-18 09:35:13,3087.0,366031
2021-05-18 09:35:14,3087.0,366031
2021-05-18 09:35:15,3087.0,366034
2021-05-18 09:35:16,3087.0,366080
2021-05-18 09:35:17,3087.0,366866
2021-05-18 09:35:18,3087.0,367071
2021-05-18 09:35:19,3086.5,367171
2021-05-18 09:35:20,3086.5,367171
2021-05-18 09:35:21,3086.5,367171
2021-05-18 09:35:22,3086.7,367579
2021-05-18 09:35:24,3087.0,367605
2021-05-18 09:35:25,3087.0,367605
2021-05-18 09:35:26,3087.0,367605
2021-05-18 09:35:27,3087.0,367605
2021-05-18 09:35:28,3086.6,367606
2021-05-18 09:35:29,3086.6,367606
2021-05-18 09:35:31,3086.6,367623
2021-05-18 09:35:32,3086.6,367623
2021-05-18 09:35:33,3086.6,367623
2021-05-18 09:35:34,3086.6,367623
2021-05-18 09:35:35,3086.6,367644
2021-05-18 09:35:36,3086.6,367944
2021-05-18 09:35:37,3086.6,367944
2021-05-18 09:35:38,3086.6,368049
2021-05-18 09:35:39,3086.85,368355
2021-05-18 09:35:41,3086.85,368355
2021-05-18 09:35:40,3086.85,368355
2021-05-18 09:35:42,3087.0,368457
2021-05-18 09:35:43,3086.85,369186
2021-05-18 09:35:44,3086.85,369187
2021-05-18 09:35:45,3087.05,369287
2021-05-18 09:35:46,3086.75,369288
2021-05-18 09:35:47,3087.5,369293
2021-05-18 09:35:48,3086.8,369793
2021-05-18 09:35:49,3087.2,369929
2021-05-18 09:35:50,3087.5,370229
2021-05-18 09:35:51,3087.5,370229
2021-05-18 09:35:52,3087.05,370230
2021-05-18 09:35:53,3087.05,370254
2021-05-18 09:35:54,3087.0,370264
2021-05-18 09:35:55,3087.0,370264
2021-05-18 09:35:57,3087.15,370584
2021-05-18 09:35:58,3087.05,370686
2021-05-18 09:35:59,3086.85,370827
2021-05-18 09:36:00,3086.1,371810
2021-05-18 09:36:01,3085.6,371956
2021-05-18 09:36:02,3085.6,371956
2021-05-18 09:36:03,3085.6,371956
2021-05-18 09:36:04,3086.1,371957
2021-05-18 09:36:05,3086.1,371957
2021-05-18 09:36:06,3085.4,371974
2021-05-18 09:36:07,3086.1,371976
2021-05-18 09:36:08,3086.1,371976
2021-05-18 09:36:09,3086.1,371976
2021-05-18 09:36:10,3086.1,371976
2021-05-18 09:36:11,3085.85,371986
2021-05-18 09:36:12,3085.55,372012
2021-05-18 09:36:13,3085.45,372040
2021-05-18 09:36:14,3084.85,372135
2021-05-18 09:36:15,3084.85,372135
2021-05-18 09:36:16,3084.85,372135
2021-05-18 09:36:17,3084.85,372135
2021-05-18 09:36:18,3084.95,372185
2021-05-18 09:36:19,3084.95,372185
2021-05-18 09:36:20,3084.15,372201
2021-05-18 09:36:21,3084.95,372202
2021-05-18 09:36:22,3084.95,372202
2021-05-18 09:36:23,3084.95,372202
2021-05-18 09:36:24,3084.95,372202
2021-05-18 09:36:25,3084.95,372208
2021-05-18 09:36:26,3084.95,372208
2021-05-18 09:36:27,3084.95,372208
2021-05-18 09:36:28,3084.0,372213
2021-05-18 09:36:29,3084.95,372217
2021-05-18 09:36:30,3084.15,372252
2021-05-18 09:36:31,3085.05,372379
2021-05-18 09:36:32,3085.05,372379
2021-05-18 09:36:33,3085.05,372379
2021-05-18 09:36:34,3085.0,372553
2021-05-18 09:36:35,3085.0,372553
2021-05-18 09:36:36,3085.0,372602
2021-05-18 09:36:37,3085.1,372802
2021-05-18 09:36:38,3085.1,372803
2021-05-18 09:36:39,3085.1,372803
2021-05-18 09:36:40,3085.1,372803
2021-05-18 09:36:41,3085.1,372804
2021-05-18 09:36:42,3085.1,372805
2021-05-18 09:36:43,3085.1,372805
2021-05-18 09:36:44,3085.1,372837
2021-05-18 09:36:45,3085.1,372837
2021-05-18 09:36:46,3085.0,372845
2021-05-18 09:36:47,3085.1,372848
2021-05-18 09:36:48,3085.1,372858
2021-05-18 09:36:49,3085.1,372881
2021-05-18 09:36:50,3085.35,373282
2021-05-18 09:36:51,3085.75,373439
2021-05-18 09:36:53,3086.2,373521
2021-05-18 09:36:55,3085.1,373831
2021-05-18 09:36:56,3084.4,373913
2021-05-18 09:36:57,3084.6,373932
2021-05-18 09:36:58,3084.6,373932
2021-05-18 09:36:59,3084.3,374057
2021-05-18 09:37:00,3084.0,374089
2021-05-18 09:37:01,3084.3,374105
2021-05-18 09:37:02,3084.1,374132
2021-05-18 09:37:03,3084.0,374169
2021-05-18 09:37:04,3084.0,374173
2021-05-18 09:37:05,3084.0,374173
2021-05-18 09:37:06,3084.0,374173
2021-05-18 09:37:08,3084.05,374210
2021-05-18 09:37:09,3084.05,374210
2021-05-18 09:37:10,3084.05,374214
2021-05-18 09:37:11,3084.05,374214
2021-05-18 09:37:12,3083.85,374261
2021-05-18 09:37:13,3083.85,374269
2021-05-18 09:37:14,3083.6,374329
2021-05-18 09:37:15,3083.5,374448
2021-05-18 09:37:16,3083.6,374452
2021-05-18 09:37:18,3083.85,374570
2021-05-18 09:37:20,3083.8,374739
2021-05-18 09:37:21,3083.8,374739
2021-05-18 09:37:23,3083.35,374740
2021-05-18 09:37:24,3083.75,374741
2021-05-18 09:37:25,3083.75,374764
2021-05-18 09:37:26,3083.15,375083
2021-05-18 09:37:27,3083.7,375086
2021-05-18 09:37:29,3083.7,375384
2021-05-18 09:37:30,3084.55,375587
2021-05-18 09:37:31,3085.35,375712
2021-05-18 09:37:32,3085.35,375810
2021-05-18 09:37:33,3085.35,375810
2021-05-18 09:37:34,3085.35,375811
2021-05-18 09:37:35,3085.35,375811
2021-05-18 09:37:36,3085.7,375963
2021-05-18 09:37:37,3085.7,375963
2021-05-18 09:37:38,3085.7,375963
2021-05-18 09:37:39,3084.3,376018
2021-05-18 09:37:40,3085.4,376023
2021-05-18 09:37:41,3085.35,376031
2021-05-18 09:37:42,3085.35,376115
2021-05-18 09:37:44,3085.4,376117
2021-05-18 09:37:45,3085.4,376117
2021-05-18 09:37:46,3085.5,376167
2021-05-18 09:37:47,3085.5,376167
2021-05-18 09:37:48,3085.5,376207
2021-05-18 09:37:49,3085.5,376208
2021-05-18 09:37:50,3085.5,376208
2021-05-18 09:37:51,3085.5,376208
2021-05-18 09:37:52,3085.0,376211
2021-05-18 09:37:53,3085.0,376211
2021-05-18 09:37:54,3085.0,376231
2021-05-18 09:37:55,3085.5,376248
2021-05-18 09:37:56,3085.5,376249
2021-05-18 09:37:58,3085.5,376270
2021-05-18 09:37:59,3085.5,376270
2021-05-18 09:38:00,3085.5,376290
2021-05-18 09:38:01,3084.4,376386
2021-05-18 09:38:02,3084.4,376386
2021-05-18 09:38:03,3084.4,376386
2021-05-18 09:38:04,3085.2,376391
2021-05-18 09:38:05,3085.2,376391
2021-05-18 09:38:06,3085.2,376391
2021-05-18 09:38:08,3084.9,376420
2021-05-18 09:38:09,3084.9,376420
2021-05-18 09:38:10,3086.05,377683
2021-05-18 09:38:11,3086.0,377830
2021-05-18 09:38:12,3087.0,378013
2021-05-18 09:38:13,3086.4,378450
2021-05-18 09:38:15,3087.85,378750
2021-05-18 09:38:16,3087.8,378751
2021-05-18 09:38:17,3086.6,378991
2021-05-18 09:38:17,3086.2,379260
2021-05-18 09:38:19,3086.2,379260
2021-05-18 09:38:19,3086.2,379260
2021-05-18 09:38:20,3086.8,379434
2021-05-18 09:38:21,3086.75,379443
2021-05-18 09:38:22,3086.55,379444
2021-05-18 09:38:23,3086.0,379853
2021-05-18 09:38:24,3084.5,379978
2021-05-18 09:38:25,3084.3,380148
2021-05-18 09:38:26,3083.5,380313
2021-05-18 09:38:27,3084.15,380318
2021-05-18 09:38:28,3083.7,380438
2021-05-18 09:38:29,3083.7,380448
2021-05-18 09:38:30,3083.05,380449
2021-05-18 09:38:31,3083.05,380449
2021-05-18 09:38:32,3084.15,380925
2021-05-18 09:38:33,3084.15,380925
2021-05-18 09:38:34,3083.7,381301
2021-05-18 09:38:35,3084.7,381321
2021-05-18 09:38:36,3084.2,381375
2021-05-18 09:38:37,3084.3,381476
2021-05-18 09:38:38,3084.5,381478
2021-05-18 09:38:39,3084.5,381830
2021-05-18 09:38:40,3084.5,381830
2021-05-18 09:38:41,3084.5,381830
2021-05-18 09:38:42,3084.15,382135
2021-05-18 09:38:43,3084.1,382136
2021-05-18 09:38:44,3084.0,382188
2021-05-18 09:38:45,3083.45,382299
2021-05-18 09:38:46,3084.05,382310
2021-05-18 09:38:47,3083.75,382326
2021-05-18 09:38:48,3083.75,382326
2021-05-18 09:38:49,3083.75,382326
2021-05-18 09:38:50,3083.55,382444
2021-05-18 09:38:52,3084.0,382471
2021-05-18 09:38:53,3084.0,382472
2021-05-18 09:38:54,3084.05,382860
2021-05-18 09:38:56,3084.05,382865
2021-05-18 09:38:57,3084.05,383063
2021-05-18 09:38:58,3084.05,383063
2021-05-18 09:38:59,3084.05,383063
2021-05-18 09:39:00,3083.6,383225
2021-05-18 09:39:01,3083.6,383225
2021-05-18 09:39:02,3083.6,383225
2021-05-18 09:39:03,3084.05,383283
2021-05-18 09:39:06,3084.15,383583
2021-05-18 09:39:06,3084.15,383583
2021-05-18 09:39:07,3084.1,383644
2021-05-18 09:39:08,3084.15,383652
2021-05-18 09:39:09,3084.15,383840
2021-05-18 09:39:10,3084.15,383840
2021-05-18 09:39:11,3084.15,383853
2021-05-18 09:39:12,3084.15,383853
2021-05-18 09:39:13,3084.65,384685
2021-05-18 09:39:14,3084.65,384685
2021-05-18 09:39:15,3084.0,384731
2021-05-18 09:39:17,3084.0,384731
2021-05-18 09:39:18,3084.0,384731
2021-05-18 09:39:18,3084.35,384751
2021-05-18 09:39:19,3084.0,384946
2021-05-18 09:39:20,3084.65,385559
2021-05-18 09:39:21,3084.5,386160
2021-05-18 09:39:26,3084.0,387634
2021-05-18 09:39:27,3083.65,387860
2021-05-18 09:39:28,3083.65,387860
2021-05-18 09:39:31,3083.85,388161
2021-05-18 09:39:32,3083.85,388161
2021-05-18 09:39:33,3083.85,388161
2021-05-18 09:39:34,3083.85,388161
2021-05-18 09:39:35,3083.75,388261
2021-05-18 09:39:36,3084.15,388455
2021-05-18 09:39:37,3084.15,388455
2021-05-18 09:39:38,3084.15,388455
2021-05-18 09:39:39,3084.15,388455
2021-05-18 09:39:41,3084.15,388455
2021-05-18 09:39:42,3084.15,388896
2021-05-18 09:39:43,3085.0,389415
2021-05-18 09:39:44,3085.6,389442
2021-05-18 09:39:46,3085.6,389442
2021-05-18 09:39:46,3084.75,389542
2021-05-18 09:39:47,3084.75,389542
2021-05-18 09:39:48,3084.75,389542
2021-05-18 09:39:49,3084.75,389542
2021-05-18 09:39:51,3084.65,389552
2021-05-18 09:39:52,3084.65,389552
2021-05-18 09:39:54,3084.65,389552
2021-05-18 09:39:55,3084.15,389862
2021-05-18 09:39:56,3083.95,389941
2021-05-18 09:39:56,3083.95,389941
2021-05-18 09:39:57,3083.95,390244
2021-05-18 09:39:58,3084.15,390610
2021-05-18 09:39:59,3084.15,390620
2021-05-18 09:40:00,3083.6,390661
2021-05-18 09:40:01,3084.15,390690
2021-05-18 09:40:02,3084.15,390692
2021-05-18 09:40:03,3084.15,390692
2021-05-18 09:40:04,3084.15,390692
2021-05-18 09:40:05,3084.15,390693
2021-05-18 09:40:06,3084.15,390995
2021-05-18 09:40:07,3084.15,390995
2021-05-18 09:40:08,3084.15,391044
2021-05-18 09:40:09,3084.9,392083
2021-05-18 09:40:11,3084.9,392083
2021-05-18 09:40:12,3084.9,392083
2021-05-18 09:40:13,3084.9,392083
2021-05-18 09:40:14,3084.9,392083
2021-05-18 09:40:15,3084.9,392083
2021-05-18 09:40:16,3084.9,392083
2021-05-18 09:40:17,3084.9,392083
2021-05-18 09:40:18,3084.05,392359
2021-05-18 09:40:20,3084.15,392844
2021-05-18 09:40:22,3084.15,392844
2021-05-18 09:40:23,3084.15,392844
2021-05-18 09:40:24,3084.15,392844
2021-05-18 09:40:25,3084.15,392958
2021-05-18 09:40:29,3084.15,393020
2021-05-18 09:40:29,3084.15,393020
2021-05-18 09:40:31,3084.15,393021
2021-05-18 09:40:32,3084.15,393026
2021-05-18 09:40:33,3084.15,393106
2021-05-18 09:40:34,3084.9,393696
2021-05-18 09:40:34,3084.9,393696
2021-05-18 09:40:35,3084.85,393698
2021-05-18 09:40:36,3084.85,393698
2021-05-18 09:40:37,3084.8,393699
2021-05-18 09:40:38,3084.8,393699
2021-05-18 09:40:40,3084.15,394096
2021-05-18 09:40:41,3084.15,394096
2021-05-18 09:40:42,3084.0,394117
2021-05-18 09:40:43,3084.3,394122
2021-05-18 09:40:44,3084.3,394122
2021-05-18 09:40:45,3084.3,394122
2021-05-18 09:40:46,3084.25,394124
2021-05-18 09:40:47,3084.3,394424
2021-05-18 09:40:48,3084.9,394723
2021-05-18 09:40:49,3084.9,394723
2021-05-18 09:40:50,3084.9,394723
2021-05-18 09:40:51,3084.9,394723
2021-05-18 09:40:52,3084.8,394823
2021-05-18 09:40:54,3084.9,395473
2021-05-18 09:40:56,3084.9,395475
2021-05-18 09:40:57,3084.9,395475
2021-05-18 09:40:58,3084.8,395483
2021-05-18 09:40:58,3084.8,395483
2021-05-18 09:40:59,3084.9,396050
2021-05-18 09:41:00,3085.0,396946
2021-05-18 09:41:01,3084.95,397054
2021-05-18 09:41:02,3085.55,397794
2021-05-18 09:41:03,3085.55,397827
2021-05-18 09:41:04,3085.1,397877
2021-05-18 09:41:05,3085.1,397877
2021-05-18 09:41:07,3084.9,398187
2021-05-18 09:41:08,3084.85,398488
2021-05-18 09:41:09,3084.65,398493
2021-05-18 09:41:09,3084.65,398493
2021-05-18 09:41:10,3084.65,398793
2021-05-18 09:41:11,3084.65,398793
2021-05-18 09:41:12,3083.6,399582
2021-05-18 09:41:13,3083.6,399582
2021-05-18 09:41:15,3083.95,399607
2021-05-18 09:41:16,3083.8,399932
2021-05-18 09:41:17,3083.8,399932
2021-05-18 09:41:18,3083.8,399932
2021-05-18 09:41:19,3083.8,399933
2021-05-18 09:41:21,3083.95,400243
2021-05-18 09:41:22,3083.95,400243
2021-05-18 09:41:23,3083.95,400248
2021-05-18 09:41:24,3083.95,400299
2021-05-18 09:41:25,3084.15,400400
2021-05-18 09:41:27,3084.15,400400
2021-05-18 09:41:28,3084.15,400682
2021-05-18 09:41:29,3084.9,400718
2021-05-18 09:41:30,3084.9,400718
2021-05-18 09:41:31,3084.9,400718
2021-05-18 09:41:32,3084.9,400718
2021-05-18 09:41:32,3084.9,400718
2021-05-18 09:41:33,3084.5,401036
2021-05-18 09:41:36,3084.15,401044
2021-05-18 09:41:37,3084.15,401228
2021-05-18 09:41:37,3084.15,401228
2021-05-18 09:41:38,3084.15,401229
2021-05-18 09:41:39,3084.15,401247
2021-05-18 09:41:41,3083.2,401556
2021-05-18 09:41:42,3083.6,402183
2021-05-18 09:41:43,3084.15,402193
2021-05-18 09:41:45,3084.15,402349
2021-05-18 09:41:46,3084.15,402369
2021-05-18 09:41:47,3083.5,402374
2021-05-18 09:41:48,3083.5,402374
2021-05-18 09:41:49,3084.15,402375
2021-05-18 09:41:50,3084.15,402380
2021-05-18 09:41:52,3084.15,402380
2021-05-18 09:41:53,3083.4,402383
2021-05-18 09:41:53,3083.4,402383
2021-05-18 09:41:54,3083.4,402383
2021-05-18 09:41:55,3083.0,403948
2021-05-18 09:41:56,3083.9,403966
2021-05-18 09:41:57,3083.9,403966
2021-05-18 09:41:59,3083.9,404016
2021-05-18 09:42:00,3083.0,404048
2021-05-18 09:42:01,3083.1,404063
2021-05-18 09:42:02,3083.3,404073
2021-05-18 09:42:03,3083.9,404442
2021-05-18 09:42:04,3084.3,404979
2021-05-18 09:42:05,3083.95,404984
2021-05-18 09:42:06,3084.65,405263
2021-05-18 09:42:08,3084.65,405263
2021-05-18 09:42:10,3084.7,405523
2021-05-18 09:42:10,3084.7,405523
2021-05-18 09:42:11,3084.95,405545
2021-05-18 09:42:12,3084.65,405852
2021-05-18 09:42:13,3084.65,405852
2021-05-18 09:42:14,3085.05,406239
2021-05-18 09:42:15,3086.05,407508
2021-05-18 09:42:17,3086.05,407508
2021-05-18 09:42:18,3086.4,407558
2021-05-18 09:42:19,3086.4,407652
2021-05-18 09:42:20,3086.65,407655
2021-05-18 09:42:21,3086.45,407874
2021-05-18 09:42:22,3086.1,408297
2021-05-18 09:42:23,3087.0,410415
2021-05-18 09:42:24,3087.0,410691
2021-05-18 09:42:25,3087.0,410726
2021-05-18 09:42:26,3087.5,410987
2021-05-18 09:42:26,3087.0,410726
2021-05-18 09:42:27,3087.5,410987
2021-05-18 09:42:28,3087.5,410987
2021-05-18 09:42:29,3087.25,410989
2021-05-18 09:42:31,3087.25,410989
2021-05-18 09:42:32,3087.85,410990
2021-05-18 09:42:33,3087.2,411344
2021-05-18 09:42:34,3087.8,411378
2021-05-18 09:42:35,3087.0,411782
2021-05-18 09:42:35,3087.0,411782
2021-05-18 09:42:36,3085.95,412188
2021-05-18 09:42:38,3085.4,412977
2021-05-18 09:42:39,3085.3,413340
2021-05-18 09:42:40,3085.3,413487
2021-05-18 09:42:40,3085.3,413487
2021-05-18 09:42:41,3085.3,413669
2021-05-18 09:42:42,3085.25,413689
2021-05-18 09:42:43,3085.25,413999
2021-05-18 09:42:44,3085.1,414735
2021-05-18 09:42:46,3085.3,414901
2021-05-18 09:42:47,3085.05,414904
2021-05-18 09:42:48,3085.75,415812
2021-05-18 09:42:49,3085.75,415812
2021-05-18 09:42:50,3085.6,415859
2021-05-18 09:42:50,3085.6,415859
2021-05-18 09:42:51,3086.65,415862
2021-05-18 09:42:53,3086.45,415865
2021-05-18 09:42:54,3086.3,415880
2021-05-18 09:42:55,3085.8,415881
2021-05-18 09:42:56,3085.8,415881
2021-05-18 09:42:56,3085.8,415881
2021-05-18 09:42:58,3085.45,416444
2021-05-18 09:43:00,3086.1,416475
2021-05-18 09:43:01,3085.45,416563
2021-05-18 09:43:02,3085.45,416563
2021-05-18 09:43:03,3085.5,416581
2021-05-18 09:43:04,3085.5,416582
2021-05-18 09:43:05,3085.45,416668
2021-05-18 09:43:05,3085.45,416668
2021-05-18 09:43:06,3085.4,416685
2021-05-18 09:43:08,3085.45,416746
2021-05-18 09:43:09,3085.45,416756
2021-05-18 09:43:10,3085.45,416762
2021-05-18 09:43:11,3085.45,416775
2021-05-18 09:43:12,3085.55,417062
2021-05-18 09:43:13,3085.6,417080
2021-05-18 09:43:14,3085.8,417097
2021-05-18 09:43:15,3085.8,417097
2021-05-18 09:43:16,3085.75,417201
2021-05-18 09:43:18,3085.8,417270
2021-05-18 09:43:19,3085.8,417270
2021-05-18 09:43:20,3086.2,417386
2021-05-18 09:43:21,3086.0,417469
2021-05-18 09:43:22,3086.0,417474
2021-05-18 09:43:24,3086.15,417482
2021-05-18 09:43:25,3086.15,417482
2021-05-18 09:43:26,3086.2,417623
2021-05-18 09:43:27,3086.55,417649
2021-05-18 09:43:28,3086.55,417659
2021-05-18 09:43:29,3086.55,417659
2021-05-18 09:43:30,3086.55,417875
2021-05-18 09:43:30,3086.55,417875
2021-05-18 09:43:32,3086.55,417875
2021-05-18 09:43:33,3086.55,417876
2021-05-18 09:43:34,3086.55,417881
2021-05-18 09:43:35,3086.5,417894
2021-05-18 09:43:36,3086.5,417894
2021-05-18 09:43:37,3086.3,417914
2021-05-18 09:43:38,3086.3,417914
2021-05-18 09:43:38,3086.3,417914
2021-05-18 09:43:40,3086.95,418214
2021-05-18 09:43:41,3086.7,418931
2021-05-18 09:43:42,3086.7,418931
2021-05-18 09:43:43,3086.45,418935
2021-05-18 09:43:43,3086.45,418935
2021-05-18 09:43:44,3086.45,418935
2021-05-18 09:43:46,3086.45,418935
2021-05-18 09:43:47,3086.25,418945
2021-05-18 09:43:48,3087.3,419958
2021-05-18 09:43:49,3087.45,419959
2021-05-18 09:43:50,3086.7,419960
2021-05-18 09:43:51,3087.45,420260
2021-05-18 09:43:51,3087.45,420260
2021-05-18 09:43:52,3086.7,420510
2021-05-18 09:43:53,3087.4,420559
2021-05-18 09:43:55,3087.4,420559
2021-05-18 09:43:56,3087.15,421159
2021-05-18 09:43:57,3087.15,421161
2021-05-18 09:43:58,3086.6,421213
2021-05-18 09:43:58,3086.95,421222
2021-05-18 09:43:59,3086.95,421222
2021-05-18 09:44:00,3086.6,421602
2021-05-18 09:44:01,3085.9,421998
2021-05-18 09:44:03,3085.5,422008
2021-05-18 09:44:04,3086.9,422258
2021-05-18 09:44:05,3087.0,422333
2021-05-18 09:44:06,3086.6,422659
2021-05-18 09:44:08,3086.85,422969
2021-05-18 09:44:08,3086.85,422969
2021-05-18 09:44:10,3086.85,422969
2021-05-18 09:44:11,3086.65,423416
2021-05-18 09:44:12,3086.65,423416
2021-05-18 09:44:13,3086.65,423416
2021-05-18 09:44:14,3086.65,423416
2021-05-18 09:44:15,3086.65,423417
2021-05-18 09:44:16,3086.5,423421
2021-05-18 09:44:18,3087.3,424036
2021-05-18 09:44:19,3087.15,424042
2021-05-18 09:44:20,3087.15,424042
2021-05-18 09:44:21,3087.15,424074
2021-05-18 09:44:22,3087.15,424092
2021-05-18 09:44:23,3087.15,424092
2021-05-18 09:44:24,3087.2,424196
2021-05-18 09:44:25,3087.0,424396
2021-05-18 09:44:26,3086.4,424719
2021-05-18 09:44:27,3086.85,424829
2021-05-18 09:44:27,3086.85,424829
2021-05-18 09:44:29,3086.45,425073
2021-05-18 09:44:29,3086.45,425073
2021-05-18 09:44:30,3086.0,425119
2021-05-18 09:44:32,3085.85,425120
2021-05-18 09:44:32,3086.0,425119
2021-05-18 09:44:34,3085.85,425122
2021-05-18 09:44:35,3085.85,425122
2021-05-18 09:44:36,3085.7,425125
2021-05-18 09:44:38,3085.6,425225
2021-05-18 09:44:39,3085.6,425236
2021-05-18 09:44:40,3085.55,425294
2021-05-18 09:44:41,3085.55,425326
2021-05-18 09:44:41,3085.55,425326
2021-05-18 09:44:43,3085.5,425340
2021-05-18 09:44:44,3085.5,425717
2021-05-18 09:44:45,3084.7,426125
2021-05-18 09:44:46,3084.7,426125
2021-05-18 09:44:47,3084.7,426125
2021-05-18 09:44:48,3084.7,426125
2021-05-18 09:44:49,3084.15,426126
2021-05-18 09:44:49,3084.1,426426
2021-05-18 09:44:51,3084.1,426488
2021-05-18 09:44:52,3084.1,426488
2021-05-18 09:44:53,3084.0,426493
2021-05-18 09:44:54,3084.1,426494
2021-05-18 09:44:55,3084.05,426496
2021-05-18 09:44:55,3084.05,426496
2021-05-18 09:44:57,3084.0,426523
2021-05-18 09:44:58,3084.0,426523
2021-05-18 09:44:59,3084.1,426563
2021-05-18 09:45:00,3084.3,427305
2021-05-18 09:45:01,3084.1,427312
2021-05-18 09:45:02,3084.1,427437
2021-05-18 09:45:03,3084.1,427437
2021-05-18 09:45:04,3085.0,427770
2021-05-18 09:45:06,3084.2,427771
2021-05-18 09:45:07,3084.2,427771
2021-05-18 09:45:07,3084.2,427771
2021-05-18 09:45:08,3084.15,427814
2021-05-18 09:45:09,3085.0,428520
2021-05-18 09:45:10,3085.85,428820
2021-05-18 09:45:11,3086.0,429120
2021-05-18 09:45:13,3085.3,429665
2021-05-18 09:45:14,3084.4,429666
2021-05-18 09:45:16,3085.0,429791
2021-05-18 09:45:17,3085.0,429791
2021-05-18 09:45:17,3084.95,429793
2021-05-18 09:45:19,3084.65,429879
2021-05-18 09:45:20,3084.65,429929
2021-05-18 09:45:22,3084.5,430054
2021-05-18 09:45:23,3084.5,430060
2021-05-18 09:45:24,3084.5,430060
2021-05-18 09:45:25,3084.4,432128
2021-05-18 09:45:25,3084.0,432278
2021-05-18 09:45:27,3083.6,432527
2021-05-18 09:45:29,3083.35,432910
2021-05-18 09:45:30,3083.15,433058
2021-05-18 09:45:31,3082.4,433676
2021-05-18 09:45:32,3082.4,433880
2021-05-18 09:45:33,3082.0,434234
2021-05-18 09:45:34,3081.95,434284
2021-05-18 09:45:35,3081.7,434299
2021-05-18 09:45:36,3081.5,434314
2021-05-18 09:45:37,3081.5,434314
2021-05-18 09:45:38,3080.95,434576
2021-05-18 09:45:39,3080.65,434593
2021-05-18 09:45:40,3080.25,434651
2021-05-18 09:45:41,3080.55,435073
2021-05-18 09:45:42,3080.0,435685
2021-05-18 09:45:43,3080.3,435852
2021-05-18 09:45:44,3080.3,436152
2021-05-18 09:45:45,3080.3,436159
2021-05-18 09:45:46,3080.3,436159
2021-05-18 09:45:47,3080.3,436195
2021-05-18 09:45:48,3080.3,436196
2021-05-18 09:45:49,3080.3,436196
2021-05-18 09:45:50,3080.15,437188
2021-05-18 09:45:51,3080.3,437198
2021-05-18 09:45:52,3080.7,437218
2021-05-18 09:45:53,3080.05,437219
2021-05-18 09:45:54,3080.35,437320
2021-05-18 09:45:55,3080.35,437320
2021-05-18 09:45:56,3080.85,437814
2021-05-18 09:45:57,3082.05,437876
2021-05-18 09:45:58,3082.05,437877
2021-05-18 09:45:59,3082.05,437879
2021-05-18 09:46:00,3082.05,437884
2021-05-18 09:46:01,3081.9,437885
2021-05-18 09:46:02,3081.0,437909
2021-05-18 09:46:03,3080.4,437951
2021-05-18 09:46:04,3081.6,438019
2021-05-18 09:46:05,3081.6,438019
2021-05-18 09:46:06,3080.8,438039
2021-05-18 09:46:07,3081.0,438083
2021-05-18 09:46:08,3081.0,438083
2021-05-18 09:46:09,3081.0,438089
2021-05-18 09:46:10,3081.6,438317
2021-05-18 09:46:11,3081.6,438325
2021-05-18 09:46:13,3081.25,438356
2021-05-18 09:46:14,3081.25,438356
2021-05-18 09:46:15,3081.7,438559
2021-05-18 09:46:16,3081.7,438567
2021-05-18 09:46:17,3082.05,438820
2021-05-18 09:46:18,3082.0,438855
2021-05-18 09:46:20,3082.05,438865
2021-05-18 09:46:19,3082.05,438864
2021-05-18 09:46:21,3082.05,438865
2021-05-18 09:46:22,3082.05,438866
2021-05-18 09:46:23,3081.7,439166
2021-05-18 10:13:31,3093.6,597104
2021-05-18 10:13:31,3093.6,597104
2021-05-18 10:13:32,3093.6,597104
2021-05-18 10:13:33,3093.45,597241
2021-05-18 10:13:35,3093.8,597243
2021-05-18 10:13:36,3093.8,597243
2021-05-18 10:13:37,3093.45,597275
2021-05-18 10:13:38,3093.55,597433
2021-05-18 10:13:39,3093.55,597434
2021-05-18 10:13:39,3093.55,597434
2021-05-18 10:13:40,3093.55,597434
2021-05-18 10:13:41,3093.1,597437
2021-05-18 10:13:43,3093.1,597437
2021-05-18 10:13:47,3092.8,597723
2021-05-18 10:13:48,3092.9,597739
2021-05-18 10:13:49,3092.9,597739
2021-05-18 10:13:50,3092.9,597739
2021-05-18 10:13:52,3092.9,597739
2021-05-18 10:13:53,3092.9,597739
2021-05-18 10:13:54,3092.55,597814
2021-05-18 10:13:54,3092.55,597814
2021-05-18 10:13:55,3092.55,597834
2021-05-18 10:13:57,3092.5,597864
2021-05-18 10:13:58,3092.5,597864
2021-05-18 10:13:59,3092.5,597870
2021-05-18 10:14:00,3092.5,597870
2021-05-18 10:14:01,3092.55,597876
2021-05-18 10:14:02,3092.5,597890
2021-05-18 10:14:04,3092.55,597918
2021-05-18 10:14:06,3092.5,597935
2021-05-18 10:14:08,3092.55,598050
2021-05-18 10:14:10,3092.65,598247
2021-05-18 10:14:11,3092.55,598258
2021-05-18 10:14:13,3092.55,598258
2021-05-18 10:14:14,3092.65,598361
2021-05-18 10:14:15,3092.8,598385
2021-05-18 10:14:16,3092.65,598395
2021-05-18 10:14:16,3092.65,598395
2021-05-18 10:14:17,3092.65,598395
2021-05-18 10:14:19,3092.8,598397
2021-05-18 10:14:20,3092.8,598397
2021-05-18 10:14:21,3092.5,598409
2021-05-18 10:14:22,3092.5,598435
2021-05-18 10:14:23,3092.5,598438
2021-05-18 10:14:24,3092.8,598870
2021-05-18 10:14:26,3092.8,598870
2021-05-18 10:14:26,3092.8,598870
2021-05-18 10:14:27,3092.8,598870
2021-05-18 10:14:28,3093.1,598926
2021-05-18 10:14:29,3092.8,598928
2021-05-18 10:14:31,3093.5,599039
2021-05-18 10:14:32,3093.5,599039
2021-05-18 10:14:33,3093.5,599039
2021-05-18 10:14:34,3093.5,599039
2021-05-18 10:14:35,3093.05,599059
2021-05-18 10:14:36,3093.5,599074
2021-05-18 10:14:38,3093.95,599239
2021-05-18 10:14:38,3093.95,599239
2021-05-18 10:14:41,3093.15,599240
2021-05-18 10:14:42,3093.15,599240
2021-05-18 10:14:42,3093.15,599240
2021-05-18 10:14:43,3094.25,599241
2021-05-18 10:14:45,3094.25,599242
2021-05-18 10:14:47,3094.25,599244
2021-05-18 10:14:48,3094.25,599254
2021-05-18 10:14:49,3094.25,599254
2021-05-18 10:14:50,3094.25,599264
2021-05-18 10:14:51,3094.25,599264
2021-05-18 10:14:51,3094.25,599264
2021-05-18 10:14:52,3094.25,599264
2021-05-18 10:14:53,3094.25,599314
2021-05-18 10:14:54,3094.45,599585
2021-05-18 10:14:57,3094.45,599585
2021-05-18 10:14:58,3094.25,599586
2021-05-18 10:14:59,3094.25,599586
2021-05-18 10:15:00,3094.25,599619
2021-05-18 10:15:01,3094.25,599620
2021-05-18 10:15:02,3094.25,599620
2021-05-18 10:15:03,3094.25,599620
2021-05-18 10:15:04,3094.25,599620
2021-05-18 10:15:05,3094.25,599624
2021-05-18 10:15:06,3094.25,599624
2021-05-18 10:15:07,3093.55,599673
2021-05-18 10:15:08,3093.55,599676
2021-05-18 10:15:09,3093.55,599676
2021-05-18 10:15:10,3093.55,599676
2021-05-18 10:15:11,3094.25,599677
2021-05-18 10:15:13,3093.55,599688
2021-05-18 10:15:14,3093.7,599713
2021-05-18 10:15:15,3093.7,599713
2021-05-18 10:15:16,3093.7,599713
2021-05-18 10:15:17,3094.0,599716
2021-05-18 10:15:19,3094.25,599727
2021-05-18 10:15:21,3094.0,599734
2021-05-18 10:15:22,3094.25,599739
2021-05-18 10:15:23,3094.35,599960
2021-05-18 10:15:25,3094.35,599966
2021-05-18 10:15:26,3094.35,599976
2021-05-18 10:15:27,3094.1,599981
2021-05-18 10:15:28,3094.35,599983
2021-05-18 10:15:29,3094.35,600023
2021-05-18 10:15:30,3094.5,600184
2021-05-18 10:15:30,3094.5,600184
2021-05-18 10:15:32,3094.5,600186
2021-05-18 10:15:33,3094.5,600186
2021-05-18 10:15:34,3094.5,600186
2021-05-18 10:15:35,3094.35,600188
2021-05-18 10:15:36,3094.35,600213
2021-05-18 10:15:37,3094.5,600249
2021-05-18 10:15:38,3094.35,600254
2021-05-18 10:15:39,3094.5,600264
2021-05-18 10:15:39,3094.5,600274
2021-05-18 10:15:41,3094.5,600274
2021-05-18 10:15:42,3094.5,600323
2021-05-18 10:15:43,3094.55,600338
2021-05-18 10:15:44,3094.65,601291
2021-05-18 10:15:44,3094.65,601291
2021-05-18 10:15:45,3094.65,601291
2021-05-18 10:15:46,3094.5,601296
2021-05-18 10:15:48,3094.75,601313
2021-05-18 10:15:50,3094.5,601381
2021-05-18 10:15:51,3094.5,601382
2021-05-18 10:15:52,3094.5,601416
2021-05-18 10:15:53,3094.5,601431
2021-05-18 10:15:54,3094.5,601431
2021-05-18 10:15:55,3094.75,601433
2021-05-18 10:15:56,3094.35,601670
2021-05-18 10:15:58,3094.5,601695
2021-05-18 10:16:00,3094.7,601855
2021-05-18 10:16:01,3094.0,601856
2021-05-18 10:16:02,3094.35,601858
2021-05-18 10:16:03,3094.35,601863
2021-05-18 10:16:04,3094.35,601863
2021-05-18 10:16:05,3094.85,602190
2021-05-18 10:16:07,3094.5,602249
2021-05-18 10:16:07,3094.5,602249
2021-05-18 10:16:09,3094.0,602250
2021-05-18 10:16:10,3094.25,602388
2021-05-18 10:16:13,3094.1,602508
2021-05-18 10:16:14,3094.5,602523
2021-05-18 10:16:16,3094.9,602558
2021-05-18 10:16:17,3094.7,602576
2021-05-18 10:16:18,3094.55,603176
2021-05-18 10:16:18,3094.7,602576
2021-05-18 10:16:19,3094.2,603184
2021-05-18 10:16:21,3094.2,603304
2021-05-18 10:16:22,3094.7,603380
2021-05-18 10:16:23,3094.35,603387
2021-05-18 10:16:25,3094.7,603427
2021-05-18 10:16:26,3094.7,603427
2021-05-18 10:16:27,3094.7,603428
2021-05-18 10:16:29,3094.7,603428
2021-05-18 10:16:30,3094.7,603428
2021-05-18 10:16:31,3094.7,603432
2021-05-18 10:16:32,3094.7,603432
2021-05-18 10:16:33,3094.3,603472
2021-05-18 10:16:33,3094.3,603472
2021-05-18 10:16:35,3094.3,603625
2021-05-18 10:16:36,3094.3,603625
2021-05-18 10:16:37,3094.3,603625
2021-05-18 10:16:38,3094.3,603625
2021-05-18 10:16:39,3094.7,603660
2021-05-18 10:16:40,3094.7,603661
2021-05-18 10:16:41,3094.7,603661
2021-05-18 10:16:44,3094.7,603663
2021-05-18 10:16:45,3094.7,603663
2021-05-18 10:16:47,3094.3,603666
2021-05-18 10:16:47,3094.7,603696
2021-05-18 10:16:49,3094.7,603697
2021-05-18 10:16:51,3094.3,603708
2021-05-18 10:16:52,3094.7,603710
2021-05-18 10:16:53,3094.7,603711
2021-05-18 10:16:54,3094.7,603711
2021-05-18 10:16:55,3094.7,603716
2021-05-18 10:16:56,3094.7,603716
2021-05-18 10:16:56,3094.7,603716
2021-05-18 10:16:58,3094.7,603736
2021-05-18 10:16:59,3094.7,603736
2021-05-18 10:17:00,3094.7,603779
2021-05-18 10:17:04,3094.4,603780
2021-05-18 10:17:05,3094.4,603820
2021-05-18 10:17:06,3094.4,603900
2021-05-18 10:17:07,3094.4,603900
2021-05-18 10:17:08,3094.4,603974
2021-05-18 10:17:10,3094.4,603982
2021-05-18 10:17:11,3094.4,604022
2021-05-18 10:17:13,3094.6,604097
2021-05-18 10:17:14,3094.6,604097
2021-05-18 10:17:15,3094.6,604097
2021-05-18 10:17:16,3094.6,604097
2021-05-18 10:17:17,3094.6,604112
2021-05-18 10:17:18,3094.3,604220
2021-05-18 10:17:20,3094.1,604239
2021-05-18 10:17:21,3094.0,604288
2021-05-18 10:17:22,3094.0,604288
2021-05-18 10:17:24,3093.95,604290
2021-05-18 10:17:24,3093.95,604300
2021-05-18 10:17:25,3093.95,604300
2021-05-18 10:17:27,3093.95,604306
2021-05-18 10:17:28,3093.95,604328
2021-05-18 10:17:29,3093.6,604329
2021-05-18 10:17:30,3093.6,604329
2021-05-18 10:17:31,3093.85,604335
2021-05-18 10:17:32,3093.85,604336
2021-05-18 10:17:33,3093.85,604336
2021-05-18 10:17:34,3093.8,604346
2021-05-18 10:17:35,3093.8,604346
2021-05-18 10:17:36,3093.6,604347
2021-05-18 10:17:37,3093.8,604348
2021-05-18 10:17:38,3093.6,604408
2021-05-18 10:17:39,3093.6,604411
2021-05-18 10:17:40,3093.6,604411
2021-05-18 10:17:41,3093.8,604412
2021-05-18 10:17:42,3093.8,604412
2021-05-18 10:17:43,3093.5,604553
2021-05-18 10:17:44,3093.5,604600
2021-05-18 10:17:45,3093.5,604600
2021-05-18 10:17:46,3093.8,604910
2021-05-18 10:17:47,3093.8,604910
2021-05-18 10:17:48,3093.8,604915
2021-05-18 10:17:50,3093.8,604921
2021-05-18 10:17:51,3093.9,605216
2021-05-18 10:17:52,3093.8,605258
2021-05-18 10:17:53,3093.6,605416
2021-05-18 10:17:54,3093.6,605441
2021-05-18 10:17:55,3093.6,605441
2021-05-18 10:17:57,3094.15,606139
2021-05-18 10:17:58,3093.75,606144
2021-05-18 10:17:59,3093.75,606242
2021-05-18 10:18:00,3093.75,606247
2021-05-18 10:18:01,3093.75,606247
2021-05-18 10:18:02,3094.7,606439
2021-05-18 10:18:03,3093.0,607241
2021-05-18 10:18:04,3092.7,607357
2021-05-18 10:18:05,3092.7,607357
2021-05-18 10:18:06,3093.5,607440
2021-05-18 10:18:07,3093.5,607481
2021-05-18 10:18:08,3094.7,607495
2021-05-18 10:18:09,3093.1,607575
2021-05-18 10:18:10,3094.0,607677
2021-05-18 10:18:11,3093.05,607777
2021-05-18 10:18:12,3093.05,607777
2021-05-18 10:18:13,3093.05,607777
2021-05-18 10:18:14,3093.05,607778
2021-05-18 10:18:15,3093.05,607779
2021-05-18 10:18:16,3093.05,607779
2021-05-18 10:18:17,3093.05,607784
2021-05-18 10:18:19,3093.05,608034
2021-05-18 10:18:20,3093.0,608144
2021-05-18 10:18:21,3093.0,608146
2021-05-18 10:18:22,3093.2,608201
2021-05-18 10:18:23,3093.2,608201
2021-05-18 10:18:24,3093.65,608213
2021-05-18 10:18:25,3092.5,608224
2021-05-18 10:18:26,3092.5,608224
2021-05-18 10:18:27,3093.0,608225
2021-05-18 10:18:28,3093.0,608225
2021-05-18 10:18:29,3093.0,608226
2021-05-18 10:18:30,3093.0,608226
2021-05-18 10:18:31,3093.0,608226
2021-05-18 10:18:33,3092.95,608251
2021-05-18 10:18:34,3092.95,608252
2021-05-18 10:18:36,3092.95,608263
2021-05-18 10:18:37,3094.1,608346
2021-05-18 10:18:38,3094.1,608394
2021-05-18 10:18:39,3094.1,608394
2021-05-18 10:18:41,3094.1,608394
2021-05-18 10:18:42,3094.5,608395
2021-05-18 10:18:43,3094.5,608395
2021-05-18 10:18:44,3094.5,608396
2021-05-18 10:18:45,3094.5,608396
2021-05-18 10:18:46,3094.5,608396
2021-05-18 10:18:47,3094.5,608396
2021-05-18 10:18:48,3093.2,608413
2021-05-18 10:18:49,3094.25,608618
2021-05-18 10:18:50,3094.25,608619
2021-05-18 10:18:51,3093.25,608655
2021-05-18 10:18:52,3092.8,608955
2021-05-18 10:18:53,3093.8,609113
2021-05-18 10:18:54,3093.8,609113
2021-05-18 10:18:55,3094.1,609383
2021-05-18 10:18:56,3094.1,609383
2021-05-18 10:18:57,3094.1,609383
2021-05-18 10:18:58,3093.65,609385
2021-05-18 10:18:59,3093.65,609385
2021-05-18 10:19:00,3093.65,609569
2021-05-18 10:19:01,3094.1,609664
2021-05-18 10:19:02,3094.1,609664
2021-05-18 10:19:03,3094.1,609664
2021-05-18 10:19:05,3094.05,609665
2021-05-18 10:19:04,3094.05,609665
2021-05-18 10:19:06,3094.05,609665
2021-05-18 10:19:07,3094.1,609725
2021-05-18 10:19:08,3094.1,609725
2021-05-18 10:19:09,3093.25,609746
2021-05-18 10:19:10,3093.25,609746
2021-05-18 10:19:11,3093.25,609746
2021-05-18 10:19:12,3094.1,609749
2021-05-18 10:19:13,3094.1,609750
2021-05-18 10:19:14,3093.25,609757
2021-05-18 10:19:15,3094.1,609782
2021-05-18 10:19:16,3094.1,609782
2021-05-18 10:19:17,3094.1,609782
2021-05-18 10:19:18,3093.25,609809
2021-05-18 10:19:19,3093.3,609816
2021-05-18 10:19:20,3093.3,609816
2021-05-18 10:19:21,3093.3,609816
2021-05-18 10:19:22,3093.25,609866
2021-05-18 10:19:23,3093.25,609866
2021-05-18 10:19:24,3093.3,609867
2021-05-18 10:19:25,3094.1,609869
2021-05-18 10:19:26,3094.1,609869
2021-05-18 10:19:28,3093.25,609891
2021-05-18 10:19:27,3093.3,609889
2021-05-18 10:19:29,3094.1,610020
2021-05-18 10:19:30,3094.1,610073
2021-05-18 10:19:31,3094.5,610228
2021-05-18 10:19:32,3094.5,610228
2021-05-18 10:19:33,3094.5,610228
2021-05-18 10:19:34,3094.5,610228
2021-05-18 10:19:35,3095.0,610740
2021-05-18 10:19:36,3093.85,610745
2021-05-18 10:19:38,3093.7,610845
2021-05-18 10:19:38,3093.7,610845
2021-05-18 10:19:39,3094.5,610850
2021-05-18 10:19:40,3094.5,610850
2021-05-18 10:19:41,3094.5,610880
2021-05-18 10:19:42,3094.5,610880
2021-05-18 10:19:44,3094.0,610931
2021-05-18 10:19:45,3094.5,610953
2021-05-18 10:19:45,3094.5,610953
2021-05-18 10:19:46,3094.5,610953
2021-05-18 10:19:47,3094.5,610973
2021-05-18 10:19:48,3094.5,610988
2021-05-18 10:19:49,3094.5,610993
2021-05-18 10:19:51,3094.05,611067
2021-05-18 10:19:53,3094.05,611067
2021-05-18 10:19:54,3094.05,611075
2021-05-18 10:19:55,3094.0,611175
2021-05-18 10:19:56,3094.0,611175
2021-05-18 10:19:57,3094.0,611175
2021-05-18 10:19:58,3094.0,611175
2021-05-18 10:19:59,3094.0,611175
2021-05-18 10:19:59,3094.0,611175
2021-05-18 10:20:00,3094.0,611193
2021-05-18 10:20:01,3094.5,611198
2021-05-18 10:20:02,3094.5,611256
2021-05-18 10:20:03,3094.5,611256
2021-05-18 10:20:04,3094.0,611258
2021-05-18 10:20:05,3094.0,611258
2021-05-18 10:20:07,3094.0,611731
2021-05-18 10:20:08,3094.0,611731
2021-05-18 10:20:09,3094.0,611731
2021-05-18 10:20:09,3094.0,611731
2021-05-18 10:20:10,3094.6,611735
2021-05-18 10:20:11,3094.0,611736
2021-05-18 10:20:12,3094.0,611737
2021-05-18 10:20:13,3094.0,611737
2021-05-18 10:20:14,3094.0,611737
2021-05-18 10:20:15,3093.6,612317
2021-05-18 10:20:16,3093.55,612337
2021-05-18 10:20:17,3093.55,612337
2021-05-18 10:20:18,3094.1,612362
2021-05-18 10:20:20,3094.1,612362
2021-05-18 10:20:20,3094.1,612362
2021-05-18 10:20:21,3093.25,612363
2021-05-18 10:20:22,3093.25,612363
2021-05-18 10:20:23,3093.15,612467
2021-05-18 10:20:24,3093.55,612482
2021-05-18 10:20:25,3093.55,612482
2021-05-18 10:20:26,3093.55,612482
2021-05-18 10:20:28,3094.4,612751
2021-05-18 10:20:30,3093.8,612752
2021-05-18 10:20:30,3093.8,612752
2021-05-18 10:20:31,3093.8,612752
2021-05-18 10:20:32,3093.0,612759
2021-05-18 10:20:33,3093.0,612759
2021-05-18 10:20:34,3093.0,612759
2021-05-18 10:20:36,3093.1,612906
2021-05-18 10:20:36,3093.1,612906
2021-05-18 10:20:37,3093.1,612906
2021-05-18 10:20:38,3093.05,612907
2021-05-18 10:20:39,3094.1,613297
2021-05-18 10:20:40,3094.1,613297
2021-05-18 10:20:42,3094.1,613298
2021-05-18 10:20:42,3094.1,613298
2021-05-18 10:20:43,3094.1,613298
2021-05-18 10:20:44,3094.1,613301
2021-05-18 10:20:45,3094.1,613301
2021-05-18 10:20:46,3094.1,613301
2021-05-18 10:20:47,3094.1,613301
2021-05-18 10:20:48,3094.1,613303
2021-05-18 10:20:50,3094.1,613304
2021-05-18 10:20:51,3094.1,613428
2021-05-18 10:20:52,3094.1,613428
2021-05-18 10:20:52,3094.1,613428
2021-05-18 10:20:53,3094.5,613431
2021-05-18 10:20:54,3094.5,613431
2021-05-18 10:20:55,3094.1,613531
2021-05-18 10:20:56,3094.5,613532
2021-05-18 10:20:58,3094.5,613532
2021-05-18 10:20:58,3094.5,613532
2021-05-18 10:20:59,3095.0,613983
2021-05-18 10:21:00,3095.0,614015
2021-05-18 10:21:01,3095.5,614453
2021-05-18 10:21:02,3094.95,614503
2021-05-18 10:21:03,3094.95,614503
2021-05-18 10:21:05,3095.3,614504
2021-05-18 10:21:05,3095.3,614504
2021-05-18 10:21:06,3095.3,614511
2021-05-18 10:21:07,3095.3,614512
2021-05-18 10:21:08,3095.3,614513
2021-05-18 10:21:10,3094.95,614539
2021-05-18 10:21:11,3095.3,614547
2021-05-18 10:21:12,3094.9,614777
2021-05-18 10:21:13,3094.9,614790
2021-05-18 10:21:14,3094.9,614790
2021-05-18 10:21:15,3094.9,614790
2021-05-18 10:21:17,3096.1,615526
2021-05-18 10:21:16,3095.0,615096
2021-05-18 10:21:18,3096.1,615526
2021-05-18 10:21:20,3096.1,615526
2021-05-18 10:21:21,3096.1,615526
2021-05-18 10:21:21,3096.1,615526
2021-05-18 10:21:22,3096.2,615527
2021-05-18 10:21:23,3096.2,615714
2021-05-18 10:21:24,3096.5,615767
2021-05-18 10:21:25,3096.5,615767
2021-05-18 10:21:27,3096.7,616635
2021-05-18 10:21:28,3096.4,616935
2021-05-18 10:21:28,3096.4,616935
2021-05-18 10:21:29,3096.4,616945
2021-05-18 10:21:30,3096.4,616945
2021-05-18 10:21:31,3096.4,616945
2021-05-18 10:21:32,3096.2,617096
2021-05-18 10:21:34,3096.2,617097
2021-05-18 10:21:35,3095.6,617203
2021-05-18 10:21:35,3095.6,617233
2021-05-18 10:21:36,3095.5,617480
2021-05-18 10:21:37,3095.05,617522
2021-05-18 10:21:38,3095.05,617529
2021-05-18 10:21:39,3095.05,617529
2021-05-18 10:21:41,3094.3,617576
2021-05-18 10:21:42,3094.3,617576
2021-05-18 10:21:43,3094.5,617876
2021-05-18 10:21:44,3094.5,617906
2021-05-18 10:21:45,3094.5,617906
2021-05-18 10:21:46,3094.5,617906
2021-05-18 10:21:47,3094.5,617908
2021-05-18 10:21:48,3094.5,617910
2021-05-18 10:21:49,3094.1,617912
2021-05-18 10:21:51,3094.5,617917
2021-05-18 10:21:52,3094.5,617987
2021-05-18 10:21:53,3094.5,617987
2021-05-18 10:21:54,3094.1,618017
2021-05-18 10:21:56,3094.9,618047
2021-05-18 10:21:57,3094.9,618047
2021-05-18 10:21:58,3094.9,618047
2021-05-18 10:22:00,3094.9,618047
2021-05-18 10:22:02,3094.9,618047
2021-05-18 10:22:03,3094.9,618067
2021-05-18 10:22:03,3094.9,618067
2021-05-18 10:22:04,3094.9,618067
2021-05-18 10:22:05,3094.9,618091
2021-05-18 10:22:06,3095.85,618292
2021-05-18 10:22:08,3094.9,618293
2021-05-18 10:22:09,3094.9,618293
2021-05-18 10:22:10,3095.8,618294
2021-05-18 10:22:10,3095.8,618302
2021-05-18 10:22:11,3096.3,618802
2021-05-18 10:22:12,3096.3,618802
2021-05-18 10:22:13,3096.3,618802
2021-05-18 10:22:14,3096.3,618802
2021-05-18 10:22:16,3096.3,618802
2021-05-18 10:22:17,3096.3,618802
2021-05-18 10:22:19,3096.25,618902
2021-05-18 10:22:20,3096.25,618902
2021-05-18 10:22:21,3095.8,618908
2021-05-18 10:22:21,3095.8,618908
2021-05-18 10:22:22,3095.6,619550
2021-05-18 10:22:23,3095.6,619550
2021-05-18 10:22:24,3095.6,619550
2021-05-18 10:22:26,3095.15,619763
2021-05-18 10:22:27,3095.15,619768
2021-05-18 10:22:28,3095.15,619768
2021-05-18 10:22:31,3095.15,619770
2021-05-18 10:22:32,3095.15,619770
2021-05-18 10:22:32,3094.95,619808
2021-05-18 10:22:34,3095.15,619868
2021-05-18 10:22:35,3095.35,619908
2021-05-18 10:22:36,3095.15,619918
2021-05-18 10:22:37,3095.35,619920
2021-05-18 10:22:38,3095.35,619920
2021-05-18 10:22:39,3095.35,619920
2021-05-18 10:22:40,3095.35,619920
2021-05-18 10:22:41,3095.25,619925
2021-05-18 10:22:42,3096.3,619953
2021-05-18 10:22:42,3096.3,619953
2021-05-18 10:22:43,3096.3,619955
2021-05-18 10:22:44,3095.3,620058
2021-05-18 10:22:45,3095.3,620169
2021-05-18 10:22:46,3095.3,620169
2021-05-18 10:22:47,3095.3,620169
2021-05-18 10:22:48,3095.3,620169
2021-05-18 10:22:50,3095.3,620169
2021-05-18 10:22:51,3096.1,620281
2021-05-18 10:22:52,3096.1,620294
2021-05-18 10:22:53,3096.1,620294
2021-05-18 10:22:55,3096.1,620321
2021-05-18 10:22:55,3096.1,620321
2021-05-18 10:22:56,3096.05,620326
2021-05-18 10:22:57,3096.05,620386
2021-05-18 10:23:00,3096.05,620448
2021-05-18 10:23:01,3096.05,620448
2021-05-18 10:23:02,3096.05,620449
2021-05-18 10:23:02,3096.05,620449
2021-05-18 10:23:03,3095.55,620657
2021-05-18 10:23:04,3095.55,620657
2021-05-18 10:23:05,3096.2,620792
2021-05-18 10:23:06,3096.1,620827
2021-05-18 10:23:07,3096.1,620827
2021-05-18 10:23:08,3096.1,620827
2021-05-18 10:23:09,3095.8,621427
2021-05-18 10:23:11,3095.8,621427
2021-05-18 10:23:12,3095.75,621462
2021-05-18 10:23:13,3095.75,621462
2021-05-18 10:23:13,3095.75,621462
2021-05-18 10:23:14,3095.55,621531
2021-05-18 10:23:15,3095.55,621531
2021-05-18 10:23:16,3095.55,621531
2021-05-18 10:23:17,3095.55,621531
2021-05-18 10:23:18,3095.55,621531
2021-05-18 10:23:19,3095.55,621531
2021-05-18 10:23:20,3095.55,621537
2021-05-18 10:23:21,3095.55,621537
2021-05-18 10:23:23,3095.55,621537
2021-05-18 10:23:24,3095.55,621543
2021-05-18 10:23:25,3095.55,621563
2021-05-18 10:23:26,3095.0,621659
2021-05-18 10:23:27,3095.0,621659
2021-05-18 10:23:27,3095.0,621659
2021-05-18 10:23:28,3095.15,621662
2021-05-18 10:23:29,3096.15,622513
2021-05-18 10:23:30,3096.15,622513
2021-05-18 10:23:31,3095.8,622519
2021-05-18 10:23:32,3095.8,622519
2021-05-18 10:23:34,3095.0,622882
2021-05-18 10:23:35,3095.0,623337
2021-05-18 10:23:36,3095.0,623337
2021-05-18 10:23:37,3095.75,623338
2021-05-18 10:23:38,3095.75,623338
2021-05-18 10:23:38,3095.75,623338
2021-05-18 10:23:39,3095.75,623338
2021-05-18 10:23:40,3094.0,624817
2021-05-18 10:23:41,3094.0,624817
2021-05-18 10:23:42,3094.0,624826
2021-05-18 10:23:44,3094.0,624826
2021-05-18 10:23:45,3094.2,624939
2021-05-18 10:23:46,3094.2,624939
2021-05-18 10:23:47,3094.2,624939
2021-05-18 10:23:48,3094.2,624939
2021-05-18 10:23:49,3094.05,624959
2021-05-18 10:23:51,3094.1,624979
2021-05-18 10:23:52,3094.1,624989
2021-05-18 10:23:53,3094.1,624997
2021-05-18 10:23:54,3094.1,625002
2021-05-18 10:23:55,3094.05,625004
2021-05-18 10:23:56,3094.05,625004
2021-05-18 10:23:58,3094.05,625004
2021-05-18 10:24:00,3094.1,625011
2021-05-18 10:24:01,3094.1,625011
2021-05-18 10:24:02,3094.1,625011
2021-05-18 10:24:02,3094.1,625011
2021-05-18 10:24:03,3094.1,625084
2021-05-18 10:24:04,3094.0,625384
2021-05-18 10:24:06,3094.0,625417
2021-05-18 10:24:07,3094.05,625427
2021-05-18 10:24:08,3094.05,625427
2021-05-18 10:24:09,3094.05,625427
2021-05-18 10:24:10,3094.05,625455
2021-05-18 10:24:10,3094.05,625455
2021-05-18 10:24:11,3094.15,625460
2021-05-18 10:24:12,3094.1,625462
2021-05-18 10:24:13,3094.0,625480
2021-05-18 10:24:15,3094.0,625480
2021-05-18 10:24:16,3094.05,625490
2021-05-18 10:24:17,3094.05,625505
2021-05-18 10:24:18,3094.0,625516
2021-05-18 10:24:18,3094.0,625516
2021-05-18 10:24:19,3094.0,625516
2021-05-18 10:24:20,3094.05,625546
2021-05-18 10:24:21,3094.05,625646
2021-05-18 10:24:23,3094.05,625773
2021-05-18 10:24:24,3094.05,625773
2021-05-18 10:24:25,3094.0,625775
2021-05-18 10:24:26,3094.0,625775
2021-05-18 10:24:27,3094.05,625785
2021-05-18 10:24:28,3094.05,625805
2021-05-18 10:24:28,3094.05,625805
2021-05-18 10:24:29,3094.05,625805
2021-05-18 10:24:31,3094.05,625805
2021-05-18 10:24:33,3094.0,625806
2021-05-18 10:24:34,3094.0,625806
2021-05-18 10:24:35,3094.0,625806
2021-05-18 10:24:36,3094.0,625806
2021-05-18 10:24:37,3094.0,625806
2021-05-18 10:24:38,3094.05,625821
2021-05-18 10:24:39,3094.05,625821
2021-05-18 10:24:40,3094.05,625821
2021-05-18 10:24:41,3094.05,625822
2021-05-18 10:24:42,3094.05,625824
2021-05-18 10:24:43,3094.05,625928
2021-05-18 10:24:44,3094.05,625928
2021-05-18 10:24:45,3094.05,625948
2021-05-18 10:24:46,3094.05,625948
2021-05-18 10:24:47,3094.05,625948
2021-05-18 10:24:47,3094.05,625948
2021-05-18 10:24:48,3094.05,625948
2021-05-18 10:24:49,3095.9,627113
2021-05-18 10:24:50,3096.0,627438
2021-05-18 10:24:51,3095.1,627488
2021-05-18 10:24:53,3095.9,627588
2021-05-18 10:24:54,3095.1,627623
2021-05-18 10:24:55,3095.9,627718
2021-05-18 10:24:56,3095.9,627718
2021-05-18 10:24:56,3095.9,627718
2021-05-18 10:24:57,3094.05,627723
2021-05-18 10:24:58,3094.05,627723
2021-05-18 10:25:00,3095.2,627765
2021-05-18 10:25:01,3095.2,627765
2021-05-18 10:25:02,3095.25,627786
2021-05-18 10:25:02,3095.25,627786
2021-05-18 10:25:03,3094.25,627842
2021-05-18 10:25:06,3094.25,627899
2021-05-18 10:25:07,3094.8,627917
2021-05-18 10:25:08,3094.8,627927
2021-05-18 10:25:09,3094.8,628052
2021-05-18 10:25:10,3094.8,628052
2021-05-18 10:25:11,3094.2,628058
2021-05-18 10:25:12,3094.8,628059
2021-05-18 10:25:13,3094.8,628060
2021-05-18 10:25:13,3094.8,628059
2021-05-18 10:25:14,3094.3,628061
2021-05-18 10:25:16,3094.3,628061
2021-05-18 10:25:18,3094.35,628072
2021-05-18 10:25:18,3094.35,628072
2021-05-18 10:25:19,3094.35,628072
2021-05-18 10:25:20,3094.35,628072
2021-05-18 10:25:21,3094.35,628072
2021-05-18 10:25:23,3094.8,628102
2021-05-18 10:25:25,3094.75,629265
2021-05-18 10:25:26,3094.8,629270
2021-05-18 10:25:27,3094.8,629270
2021-05-18 10:25:28,3094.8,629273
2021-05-18 10:25:29,3094.8,629273
2021-05-18 10:25:29,3094.8,629273
2021-05-18 10:25:30,3094.8,629273
2021-05-18 10:25:31,3094.8,629273
2021-05-18 10:25:33,3094.8,629278
2021-05-18 10:25:34,3094.75,629338
2021-05-18 10:25:35,3094.75,629350
2021-05-18 10:25:36,3096.0,629370
2021-05-18 10:25:37,3095.95,629374
2021-05-18 10:25:38,3095.9,629376
2021-05-18 10:25:39,3095.9,629376
2021-05-18 10:25:39,3095.9,629376
2021-05-18 10:25:40,3095.85,629379
2021-05-18 10:25:41,3095.85,629379
2021-05-18 10:25:43,3095.85,629379
2021-05-18 10:25:44,3095.85,629379
2021-05-18 10:25:45,3095.85,629429
2021-05-18 10:25:46,3095.85,629429
2021-05-18 10:25:48,3095.05,629433
2021-05-18 10:25:48,3095.05,629433
2021-05-18 10:25:49,3095.05,629433
2021-05-18 10:25:50,3095.05,629433
2021-05-18 10:25:51,3095.85,629434
2021-05-18 10:25:53,3095.85,629444
2021-05-18 10:25:54,3095.85,629450
2021-05-18 10:25:55,3095.85,629500
2021-05-18 10:25:55,3094.95,629501
2021-05-18 10:25:57,3095.05,630002
2021-05-18 10:25:58,3095.05,630002
2021-05-18 10:26:00,3095.85,630024
2021-05-18 10:26:02,3095.85,630024
2021-05-18 10:26:03,3095.85,630024
2021-05-18 10:26:04,3095.85,630024
2021-05-18 10:26:05,3095.85,630024
2021-05-18 10:26:05,3095.85,630024
2021-05-18 10:26:06,3095.85,630145
2021-05-18 10:26:08,3095.85,630148
2021-05-18 10:26:10,3095.05,630149
2021-05-18 10:26:11,3095.9,630249
2021-05-18 10:26:12,3095.0,630269
2021-05-18 10:26:12,3095.0,630289
2021-05-18 10:26:14,3094.95,630389
2021-05-18 10:26:15,3094.95,630389
2021-05-18 10:26:16,3094.95,630389
2021-05-18 10:26:17,3094.95,630389
2021-05-18 10:26:18,3094.95,630390
2021-05-18 10:26:19,3094.95,630390
2021-05-18 10:26:20,3095.5,630418
2021-05-18 10:26:21,3095.5,630453
2021-05-18 10:26:22,3094.55,630553
2021-05-18 10:26:23,3094.55,630553
2021-05-18 10:26:24,3094.55,630553
2021-05-18 10:26:25,3094.55,630553
2021-05-18 10:26:26,3094.35,631005
2021-05-18 10:26:27,3095.45,631006
2021-05-18 10:26:27,3095.45,631006
2021-05-18 10:26:29,3095.45,631011
2021-05-18 10:26:30,3094.55,631036
2021-05-18 10:26:31,3094.55,631038
2021-05-18 10:26:32,3095.45,631042
2021-05-18 10:26:33,3095.45,631042
2021-05-18 10:26:33,3095.45,631042
2021-05-18 10:26:35,3095.45,631042
2021-05-18 10:26:36,3095.45,631042
2021-05-18 10:26:37,3095.45,631044
2021-05-18 10:26:38,3095.45,631044
2021-05-18 10:26:38,3095.45,631044
2021-05-18 10:26:40,3095.45,631044
2021-05-18 10:26:41,3095.45,631056
2021-05-18 10:26:42,3095.45,631058
2021-05-18 10:26:43,3095.45,631058
2021-05-18 10:26:45,3095.45,631058
2021-05-18 10:26:46,3095.45,631063
2021-05-18 10:26:48,3095.45,631065
2021-05-18 10:26:49,3095.45,631065
2021-05-18 10:26:49,3095.45,631065
2021-05-18 10:26:51,3095.45,631065
2021-05-18 10:26:52,3095.45,631069
2021-05-18 10:26:53,3095.45,631119
2021-05-18 10:26:54,3095.45,631119
2021-05-18 10:26:55,3095.4,631122
2021-05-18 10:26:55,3095.4,631122
2021-05-18 10:26:57,3095.4,631122
2021-05-18 10:26:58,3095.4,631123
2021-05-18 10:26:59,3094.9,631126
2021-05-18 10:27:00,3095.4,631168
2021-05-18 10:27:01,3095.4,631179
2021-05-18 10:27:03,3095.4,631179
2021-05-18 10:27:04,3095.0,631180
2021-05-18 10:27:05,3094.9,631568
2021-05-18 10:27:06,3094.9,631568
2021-05-18 10:27:07,3095.2,631868
2021-05-18 10:27:08,3095.4,632290
2021-05-18 10:27:09,3095.4,632290
2021-05-18 10:27:10,3095.45,632291
2021-05-18 10:27:11,3095.55,632394
2021-05-18 10:27:11,3095.55,632394
2021-05-18 10:27:14,3095.55,632394
2021-05-18 10:27:15,3095.55,632394
2021-05-18 10:27:16,3095.55,632414
2021-05-18 10:27:17,3095.55,632418
2021-05-18 10:27:18,3095.55,632418
2021-05-18 10:27:18,3095.55,632418
2021-05-18 10:27:20,3095.45,632435
2021-05-18 10:27:21,3095.55,632485
2021-05-18 10:27:22,3095.45,632542
2021-05-18 10:27:23,3095.45,632542
2021-05-18 10:27:24,3095.45,632542
2021-05-18 10:27:25,3096.0,632618
2021-05-18 10:27:27,3096.0,632622
2021-05-18 10:27:28,3096.0,632631
2021-05-18 10:27:29,3096.0,632631
2021-05-18 10:27:30,3096.0,632635
2021-05-18 10:27:31,3096.0,632635
2021-05-18 10:27:31,3096.0,632635
2021-05-18 10:27:32,3096.0,632635
2021-05-18 10:27:34,3096.0,632635
2021-05-18 10:27:36,3095.45,632820
2021-05-18 10:27:37,3095.45,632920
2021-05-18 10:27:38,3095.45,632920
2021-05-18 10:27:38,3095.45,632920
2021-05-18 10:27:40,3095.45,632920
2021-05-18 10:27:42,3096.0,632955
2021-05-18 10:27:43,3095.25,632956
2021-05-18 10:27:44,3096.0,632961
2021-05-18 10:27:45,3095.5,632972
2021-05-18 10:27:45,3095.5,632972
2021-05-18 10:27:47,3096.0,633085
2021-05-18 10:27:48,3096.0,633189
2021-05-18 10:27:49,3096.0,633189
2021-05-18 10:27:50,3096.15,633539
2021-05-18 10:27:51,3096.3,633662
2021-05-18 10:27:52,3095.6,633862
2021-05-18 10:27:52,3095.6,633862
2021-05-18 10:27:54,3095.6,633862
2021-05-18 10:27:55,3096.3,633865
2021-05-18 10:27:56,3096.3,633867
2021-05-18 10:27:57,3095.45,633882
2021-05-18 10:27:58,3095.45,633883
2021-05-18 10:27:58,3095.45,633883
2021-05-18 10:28:00,3096.3,633983
2021-05-18 10:28:01,3096.3,633983
2021-05-18 10:28:03,3096.3,634066
2021-05-18 10:28:04,3096.3,634066
2021-05-18 10:28:06,3096.3,634066
2021-05-18 10:28:08,3096.05,634068
2021-05-18 10:28:09,3096.05,634068
2021-05-18 10:28:10,3096.05,634068
2021-05-18 10:28:11,3096.05,634068
2021-05-18 10:28:12,3095.75,634069
2021-05-18 10:28:13,3095.75,634069
2021-05-18 10:28:14,3095.75,634069
2021-05-18 10:28:15,3095.75,634069
2021-05-18 10:28:16,3096.0,634084
2021-05-18 10:28:17,3095.35,635084
2021-05-18 10:28:18,3095.3,635086
2021-05-18 10:28:19,3095.75,635136
2021-05-18 10:28:20,3095.75,635136
2021-05-18 10:28:21,3095.75,635136
2021-05-18 10:28:22,3096.05,635301
2021-05-18 10:28:23,3096.05,635301
2021-05-18 10:28:24,3096.05,635320
2021-05-18 10:28:25,3096.05,635320
2021-05-18 10:28:26,3096.05,635320
2021-05-18 10:28:27,3096.15,635943
2021-05-18 10:28:28,3096.15,635945
2021-05-18 10:28:29,3096.15,635955
2021-05-18 10:28:30,3096.15,635955
2021-05-18 10:28:31,3096.05,636031
2021-05-18 10:28:32,3096.05,636031
2021-05-18 10:28:33,3096.25,636081
2021-05-18 10:28:34,3096.15,636191
2021-05-18 10:28:35,3096.15,636191
2021-05-18 10:28:36,3096.15,636191
2021-05-18 10:28:38,3096.15,636192
2021-05-18 10:28:39,3096.15,636192
2021-05-18 10:28:41,3096.15,636227
2021-05-18 10:28:42,3096.15,636227
2021-05-18 10:28:43,3096.15,636227
2021-05-18 10:28:44,3095.65,636257
2021-05-18 10:28:45,3095.65,636257
2021-05-18 10:28:46,3095.65,636257
2021-05-18 10:28:47,3095.65,636257
2021-05-18 10:28:48,3095.65,636257
2021-05-18 10:28:49,3095.65,636257
2021-05-18 10:28:50,3095.65,636257
2021-05-18 10:28:51,3095.65,636257
2021-05-18 10:28:52,3095.6,636272
2021-05-18 10:28:53,3095.6,636272
2021-05-18 10:28:54,3095.6,636272
2021-05-18 10:28:55,3095.25,636307
2021-05-18 10:28:56,3095.6,636312
2021-05-18 10:28:57,3095.6,636322
2021-05-18 10:28:58,3095.6,636322
2021-05-18 10:28:59,3095.6,636322
2021-05-18 10:29:00,3096.1,636359
2021-05-18 10:29:01,3096.1,636359
2021-05-18 10:29:02,3096.1,636359
2021-05-18 10:29:03,3096.1,636359
2021-05-18 10:29:04,3096.1,636409
2021-05-18 10:29:05,3096.1,636409
2021-05-18 10:29:06,3096.1,636409
2021-05-18 10:29:08,3096.0,636422
2021-05-18 10:29:09,3096.0,636422
2021-05-18 10:29:10,3096.0,636463
2021-05-18 10:29:11,3096.0,636463
2021-05-18 10:29:12,3096.0,636463
2021-05-18 10:29:13,3096.0,636464
2021-05-18 10:29:14,3095.7,636468
2021-05-18 10:29:15,3095.7,636468
2021-05-18 10:29:17,3095.8,637868
2021-05-18 10:29:18,3095.75,637869
2021-05-18 10:29:19,3095.7,637905
2021-05-18 10:29:20,3095.0,639092
2021-05-18 10:29:21,3095.1,639093
2021-05-18 10:29:22,3095.1,639093
2021-05-18 10:29:23,3095.1,639198
2021-05-18 10:29:24,3095.1,639388
2021-05-18 10:29:25,3095.1,639388
2021-05-18 10:29:26,3094.65,639430
2021-05-18 10:29:27,3094.65,639430
2021-05-18 10:29:28,3094.15,639558
2021-05-18 10:29:29,3094.35,639618
2021-05-18 10:29:31,3094.55,639628
2021-05-18 10:29:32,3094.35,639630
2021-05-18 10:29:33,3094.45,639708
2021-05-18 10:29:34,3094.45,639708
2021-05-18 10:29:35,3094.35,639753
2021-05-18 10:29:36,3094.35,640188
2021-05-18 10:29:37,3094.35,640188
2021-05-18 10:29:38,3094.1,640198
2021-05-18 10:29:39,3094.1,640198
2021-05-18 10:29:40,3094.1,640198
2021-05-18 10:29:41,3094.35,640398
2021-05-18 10:29:42,3094.35,640401
2021-05-18 10:29:43,3094.45,640402
2021-05-18 10:29:44,3094.05,640792
2021-05-18 10:29:45,3094.1,640796
2021-05-18 10:29:46,3094.1,640796
2021-05-18 10:29:47,3094.1,640796
2021-05-18 10:29:48,3094.1,640796
2021-05-18 10:29:49,3094.0,641088
2021-05-18 10:29:51,3094.1,641124
2021-05-18 10:29:50,3094.1,641089
2021-05-18 10:29:52,3094.1,641125
2021-05-18 10:29:53,3094.5,641465
2021-05-18 10:29:54,3094.5,641465
2021-05-18 10:29:55,3094.5,641485
2021-05-18 10:29:56,3094.5,641487
2021-05-18 10:29:57,3094.1,641516
2021-05-18 10:29:58,3094.1,641516
2021-05-18 10:29:59,3094.5,641517
2021-05-18 10:30:00,3094.5,641517
2021-05-18 10:30:01,3094.5,641520
2021-05-18 10:30:02,3094.5,641520
2021-05-18 10:30:03,3094.5,641531
2021-05-18 10:30:06,3094.5,641531
2021-05-18 10:30:05,3094.5,641531
2021-05-18 10:30:07,3094.1,641541
2021-05-18 10:30:08,3094.3,641684
2021-05-18 10:30:09,3094.3,641689
2021-05-18 10:30:10,3094.0,641724
2021-05-18 10:30:11,3094.3,641725
2021-05-18 10:30:13,3094.3,641725
2021-05-18 10:30:14,3094.3,641725
2021-05-18 10:30:14,3094.3,641725
2021-05-18 10:30:16,3094.3,641725
2021-05-18 10:30:16,3094.3,641725
2021-05-18 10:30:17,3094.0,641736
2021-05-18 10:30:18,3094.0,641737
2021-05-18 10:30:19,3094.0,641737
2021-05-18 10:30:20,3093.5,641807
2021-05-18 10:30:22,3093.5,641837
2021-05-18 10:30:22,3093.5,641866
2021-05-18 10:30:23,3094.0,641907
2021-05-18 10:30:24,3093.6,641912
2021-05-18 10:30:25,3093.6,641912
2021-05-18 10:30:26,3093.6,641912
2021-05-18 10:30:27,3094.0,641918
2021-05-18 10:30:28,3094.0,641918
2021-05-18 10:30:30,3093.6,641943
2021-05-18 10:30:30,3093.6,642002
2021-05-18 10:30:31,3093.6,642002
2021-05-18 10:30:32,3093.6,642003
2021-05-18 10:30:33,3093.6,642003
2021-05-18 10:30:34,3093.5,642011
2021-05-18 10:30:35,3093.45,642013
2021-05-18 10:30:36,3093.45,642013
2021-05-18 10:30:38,3093.05,642778
2021-05-18 10:30:38,3092.0,642773
2021-05-18 10:30:39,3093.05,642778
2021-05-18 10:30:40,3093.05,642778
2021-05-18 10:30:41,3093.05,642778
2021-05-18 10:30:42,3092.9,642783
2021-05-18 10:30:43,3092.05,642836
2021-05-18 10:30:44,3092.05,642836
2021-05-18 10:30:45,3092.55,642930
2021-05-18 10:30:46,3092.55,642930
2021-05-18 10:30:47,3092.55,642930
2021-05-18 10:30:48,3091.7,642934
2021-05-18 10:30:49,3092.05,642935
2021-05-18 10:30:51,3091.55,643080
2021-05-18 10:30:51,3091.55,643080
2021-05-18 10:30:52,3091.2,643124
2021-05-18 10:30:53,3091.2,643165
2021-05-18 10:30:54,3091.2,643165
2021-05-18 10:30:55,3091.7,643178
2021-05-18 10:30:56,3091.7,643179
2021-05-18 10:30:57,3091.45,643638
2021-05-18 10:30:58,3091.2,643668
2021-05-18 10:30:59,3091.45,643669
2021-05-18 10:31:00,3092.1,644207
2021-05-18 10:31:01,3092.9,644297
2021-05-18 10:31:02,3092.0,644316
2021-05-18 10:31:04,3091.9,644317
2021-05-18 10:31:05,3092.9,644514
2021-05-18 10:31:05,3092.9,644514
2021-05-18 10:31:06,3091.7,644524
2021-05-18 10:31:07,3091.05,644529
2021-05-18 10:31:08,3090.75,644594
2021-05-18 10:31:09,3090.8,644596
2021-05-18 10:31:10,3090.8,644596
2021-05-18 10:31:11,3091.8,644756
2021-05-18 10:31:13,3091.8,644756
2021-05-18 10:31:14,3091.8,644756
2021-05-18 10:31:14,3091.8,644756
2021-05-18 10:31:15,3091.0,644757
2021-05-18 10:31:16,3091.0,644757
2021-05-18 10:31:17,3091.1,644758
2021-05-18 10:31:18,3091.85,644883
2021-05-18 10:31:21,3092.05,645184
2021-05-18 10:31:22,3092.05,645184
2021-05-18 10:31:23,3092.05,645184
2021-05-18 10:31:24,3093.1,645190
2021-05-18 10:31:25,3093.1,645190
2021-05-18 10:31:26,3093.1,645191
2021-05-18 10:31:27,3093.1,645191
2021-05-18 10:31:28,3093.1,645191
2021-05-18 10:31:29,3093.1,645191
2021-05-18 10:31:30,3093.05,645225
2021-05-18 10:31:31,3092.05,645271
2021-05-18 10:31:32,3092.05,645271
2021-05-18 10:31:33,3092.05,645271
2021-05-18 10:31:34,3092.05,645272
2021-05-18 10:31:35,3091.65,645280
2021-05-18 10:31:36,3091.65,645315
2021-05-18 10:31:37,3091.65,645315
2021-05-18 10:31:39,3091.65,645315
2021-05-18 10:31:40,3092.05,645319
2021-05-18 10:31:40,3092.05,645320
2021-05-18 10:31:41,3092.05,645320
2021-05-18 10:31:42,3092.05,645320
2021-05-18 10:31:43,3091.0,645374
2021-05-18 10:31:44,3091.0,645374
2021-05-18 10:31:45,3091.7,645375
2021-05-18 10:31:46,3092.05,645376
2021-05-18 10:31:47,3091.1,645403
2021-05-18 10:31:48,3091.1,645403
2021-05-18 10:31:49,3092.05,645447
2021-05-18 10:31:50,3092.05,645447
2021-05-18 10:31:51,3092.05,645447
2021-05-18 10:31:53,3091.1,645448
2021-05-18 10:31:53,3092.05,645447
2021-05-18 10:31:55,3092.0,645499
2021-05-18 10:31:55,3092.0,645499
2021-05-18 10:31:56,3092.0,645499
2021-05-18 10:31:57,3092.0,645500
2021-05-18 10:31:58,3092.0,645501
2021-05-18 10:31:59,3092.0,645501
2021-05-18 10:32:00,3091.15,645718
2021-05-18 10:32:01,3092.0,645724
2021-05-18 10:32:02,3092.0,645724
2021-05-18 10:32:03,3091.15,645732
2021-05-18 10:32:04,3092.0,645741
2021-05-18 10:32:05,3092.0,645741
2021-05-18 10:32:06,3091.55,645830
2021-05-18 10:32:07,3091.55,645830
2021-05-18 10:32:08,3091.2,645832
2021-05-18 10:32:09,3091.2,645942
2021-05-18 10:32:11,3091.2,645942
2021-05-18 10:32:13,3091.2,645944
2021-05-18 10:32:13,3091.2,645944
2021-05-18 10:32:14,3091.2,645944
2021-05-18 10:32:15,3092.0,646661
2021-05-18 10:32:16,3091.25,646766
2021-05-18 10:32:17,3092.0,646769
2021-05-18 10:32:19,3092.0,646769
2021-05-18 10:32:20,3091.55,646779
2021-05-18 10:32:20,3091.55,646779
2021-05-18 10:32:21,3091.95,646875
2021-05-18 10:32:22,3091.95,646875
2021-05-18 10:32:23,3091.55,646876
2021-05-18 10:32:26,3091.2,646900
2021-05-18 10:32:27,3091.2,646900
2021-05-18 10:32:28,3091.55,646902
2021-05-18 10:32:29,3091.55,646902
2021-05-18 10:32:30,3091.2,647028
2021-05-18 10:32:30,3091.2,647028
2021-05-18 10:32:31,3091.5,647029
2021-05-18 10:32:32,3091.55,647031
2021-05-18 10:32:33,3091.55,647031
2021-05-18 10:32:34,3091.55,647031
2021-05-18 10:32:35,3091.55,647031
2021-05-18 10:32:36,3091.3,647081
2021-05-18 10:32:37,3091.65,647260
2021-05-18 10:32:38,3091.65,647260
2021-05-18 10:32:39,3091.65,647265
2021-05-18 10:32:40,3091.65,647265
2021-05-18 10:32:41,3091.65,647415
2021-05-18 10:32:42,3091.2,647628
2021-05-18 10:32:43,3091.2,647628
2021-05-18 10:32:44,3091.2,647678
2021-05-18 10:32:46,3091.55,647694
2021-05-18 10:32:49,3091.55,647696
2021-05-18 10:32:50,3091.55,647696
2021-05-18 10:32:50,3091.3,647697
2021-05-18 10:32:52,3091.35,647764
2021-05-18 10:32:53,3091.35,647764
2021-05-18 10:32:54,3091.35,647771
2021-05-18 10:32:54,3091.35,647772
2021-05-18 10:32:55,3091.35,647772
2021-05-18 10:32:56,3091.35,647772
2021-05-18 10:32:57,3091.35,647772
2021-05-18 10:32:58,3091.35,647772
2021-05-18 10:32:59,3091.35,647772
2021-05-18 10:33:00,3091.45,647856
2021-05-18 10:33:01,3091.45,647877
2021-05-18 10:33:02,3091.45,647877
2021-05-18 10:33:03,3091.35,647878
2021-05-18 10:33:06,3091.75,648220
2021-05-18 10:33:07,3091.75,648239
2021-05-18 10:33:07,3092.0,648269
2021-05-18 10:33:09,3092.0,648269
2021-05-18 10:33:10,3092.0,648269
2021-05-18 10:33:10,3092.0,648269
2021-05-18 10:33:11,3092.0,648270
2021-05-18 10:33:12,3094.35,648870
2021-05-18 10:33:13,3094.35,648870
2021-05-18 10:33:14,3094.35,648870
2021-05-18 10:33:15,3094.35,648870
2021-05-18 10:33:16,3092.45,648871
2021-05-18 10:33:17,3092.45,648871
2021-05-18 10:33:18,3092.45,648871
2021-05-18 10:33:19,3092.45,648871
2021-05-18 10:33:21,3092.45,648871
2021-05-18 10:33:22,3092.0,648913
2021-05-18 10:33:22,3092.4,648873
2021-05-18 10:33:23,3092.35,648915
2021-05-18 10:33:24,3092.4,648945
2021-05-18 10:33:25,3092.4,648945
2021-05-18 10:33:26,3092.75,649199
2021-05-18 10:33:27,3092.75,649201
2021-05-18 10:33:28,3092.75,649203
2021-05-18 10:33:29,3092.75,649303
2021-05-18 10:33:30,3092.75,649303
2021-05-18 10:33:31,3092.75,649303
2021-05-18 10:33:33,3092.75,649308
2021-05-18 10:33:34,3092.75,649308
2021-05-18 10:33:35,3092.75,649310
2021-05-18 10:33:36,3092.75,649310
2021-05-18 10:33:36,3092.75,649310
2021-05-18 10:33:37,3092.0,649354
2021-05-18 10:33:38,3092.0,649354
2021-05-18 10:33:40,3092.0,649364
2021-05-18 10:33:41,3092.0,649364
2021-05-18 10:33:42,3092.0,649364
2021-05-18 10:33:43,3092.3,649404
2021-05-18 10:33:44,3092.3,649404
2021-05-18 10:33:45,3092.3,649404
2021-05-18 10:33:45,3092.3,649404
2021-05-18 10:33:46,3092.3,649404
2021-05-18 10:33:47,3092.7,649409
2021-05-18 10:33:48,3092.7,649484
2021-05-18 10:33:49,3092.0,649492
2021-05-18 10:33:50,3092.0,649492
2021-05-18 10:33:51,3092.0,649492
2021-05-18 10:33:52,3092.0,649534
2021-05-18 10:33:53,3092.0,649534
2021-05-18 10:33:54,3092.0,649534
2021-05-18 10:33:55,3093.0,649564
2021-05-18 10:33:56,3092.0,649565
2021-05-18 10:33:57,3092.0,649565
2021-05-18 10:33:58,3092.0,649567
2021-05-18 10:33:59,3092.0,649567
2021-05-18 10:34:01,3092.9,649572
2021-05-18 10:34:02,3092.9,649572
2021-05-18 10:34:03,3092.9,649572
2021-05-18 10:34:04,3091.5,649612
2021-05-18 10:34:05,3093.1,649918
2021-05-18 10:34:05,3093.1,649918
2021-05-18 10:34:06,3093.1,649918
2021-05-18 10:34:07,3093.1,649920
2021-05-18 10:34:08,3093.1,649920
2021-05-18 10:34:09,3093.1,649920
2021-05-18 10:34:10,3093.1,649920
2021-05-18 10:34:11,3092.25,649925
2021-05-18 10:34:12,3092.25,649925
2021-05-18 10:34:13,3092.25,649925
2021-05-18 10:34:15,3093.05,649928
2021-05-18 10:34:16,3092.05,649948
2021-05-18 10:34:17,3093.05,649950
2021-05-18 10:34:18,3093.05,649952
2021-05-18 10:34:18,3093.05,649952
2021-05-18 10:34:19,3092.05,649962
2021-05-18 10:34:20,3092.5,649964
2021-05-18 10:34:22,3092.5,649964
2021-05-18 10:34:23,3092.5,650027
2021-05-18 10:34:23,3092.5,650027
2021-05-18 10:34:24,3092.5,650032
2021-05-18 10:34:25,3092.5,650032
2021-05-18 10:34:26,3092.5,650042
2021-05-18 10:34:28,3092.5,650042
2021-05-18 10:34:29,3092.4,650043
2021-05-18 10:34:30,3092.4,650043
2021-05-18 10:34:30,3092.4,650043
2021-05-18 10:34:32,3092.4,650048
2021-05-18 10:34:33,3092.9,650276
2021-05-18 10:34:34,3092.9,650276
2021-05-18 10:34:35,3093.85,650473
2021-05-18 10:34:36,3093.85,650473
2021-05-18 10:34:38,3093.85,650473
2021-05-18 10:34:39,3093.45,650563
2021-05-18 10:34:40,3094.0,650575
2021-05-18 10:34:41,3092.9,650585
2021-05-18 10:34:42,3093.85,650599
2021-05-18 10:34:43,3093.85,650599
2021-05-18 10:34:44,3093.75,650737
2021-05-18 10:34:45,3093.9,650738
2021-05-18 10:34:45,3093.75,650737
2021-05-18 10:34:46,3093.9,650738
2021-05-18 10:34:47,3093.9,650738
2021-05-18 10:34:48,3093.9,650738
2021-05-18 10:34:49,3093.9,650738
2021-05-18 10:34:51,3093.9,650738
2021-05-18 10:34:52,3093.9,650738
2021-05-18 10:34:53,3092.8,650780
2021-05-18 10:34:54,3092.8,650780
2021-05-18 10:34:55,3093.25,650781
2021-05-18 10:34:56,3093.25,650852
2021-05-18 10:34:57,3093.25,650852
2021-05-18 10:34:59,3093.25,650852
2021-05-18 10:35:00,3093.65,650884
2021-05-18 10:35:01,3093.65,650884
2021-05-18 10:35:02,3093.65,650924
2021-05-18 10:35:03,3093.65,650924
2021-05-18 10:35:04,3093.65,650924
2021-05-18 10:35:05,3093.65,650924
2021-05-18 10:35:06,3093.65,650924
2021-05-18 10:35:07,3093.15,650967
2021-05-18 10:35:08,3093.15,650967
2021-05-18 10:35:09,3093.15,650967
2021-05-18 10:35:11,3093.65,651017
2021-05-18 10:35:12,3093.65,651017
2021-05-18 10:35:13,3093.65,651017
2021-05-18 10:35:14,3093.65,651017
