timestamp,ltp,volume
2021-04-12 09:15:09,31526.1,0
2021-04-12 09:15:10,31509.2,0
2021-04-12 09:15:11,31482.5,0
2021-04-12 09:15:12,31474.1,0
2021-04-12 09:15:13,31470.05,0
2021-04-12 09:15:15,31440.3,0
2021-04-12 09:15:16,31450.45,0
2021-04-12 09:15:17,31450.25,0
2021-04-12 09:15:18,31448.4,0
2021-04-12 09:15:19,31452.75,0
2021-04-12 09:15:20,31445.3,0
2021-04-12 09:15:21,31434.25,0
2021-04-12 09:15:22,31423.45,0
2021-04-12 09:15:23,31410.0,0
2021-04-12 09:15:24,31417.45,0
2021-04-12 09:15:25,31425.25,0
2021-04-12 09:15:26,31428.7,0
2021-04-12 09:15:27,31413.85,0
2021-04-12 09:15:28,31410.25,0
2021-04-12 09:15:29,31406.95,0
2021-04-12 09:15:30,31394.65,0
2021-04-12 09:15:31,31387.6,0
2021-04-12 09:15:32,31397.4,0
2021-04-12 09:15:33,31400.25,0
2021-04-12 09:15:34,31407.45,0
2021-04-12 09:15:35,31407.45,0
2021-04-12 09:15:36,31418.1,0
2021-04-12 09:15:37,31417.05,0
2021-04-12 09:15:38,31433.05,0
2021-04-12 09:15:39,31438.0,0
2021-04-12 09:15:40,31434.75,0
2021-04-12 09:15:41,31442.85,0
2021-04-12 09:15:42,31459.2,0
2021-04-12 09:15:43,31469.2,0
2021-04-12 09:15:44,31459.35,0
2021-04-12 09:15:45,31449.95,0
2021-04-12 09:15:46,31455.65,0
2021-04-12 09:15:47,31446.65,0
2021-04-12 09:15:48,31444.85,0
2021-04-12 09:15:49,31438.85,0
2021-04-12 09:15:50,31437.1,0
2021-04-12 09:15:51,31441.3,0
2021-04-12 09:15:52,31444.7,0
2021-04-12 09:15:53,31437.7,0
2021-04-12 09:15:54,31437.7,0
2021-04-12 09:15:55,31438.05,0
2021-04-12 09:15:56,31438.5,0
2021-04-12 09:15:57,31442.45,0
2021-04-12 09:15:58,31440.85,0
2021-04-12 09:15:59,31439.05,0
2021-04-12 09:16:00,31437.6,0
2021-04-12 09:16:01,31441.65,0
2021-04-12 09:16:02,31431.2,0
2021-04-12 09:16:03,31422.85,0
2021-04-12 09:16:04,31419.15,0
2021-04-12 09:16:05,31416.5,0
2021-04-12 09:16:06,31413.05,0
2021-04-12 09:16:07,31414.3,0
2021-04-12 09:16:08,31409.75,0
2021-04-12 09:16:09,31424.6,0
2021-04-12 09:16:10,31429.15,0
2021-04-12 09:16:11,31416.3,0
2021-04-12 09:16:12,31416.5,0
2021-04-12 09:16:13,31414.4,0
2021-04-12 09:16:14,31423.1,0
2021-04-12 09:16:15,31437.4,0
2021-04-12 09:16:16,31432.35,0
2021-04-12 09:16:18,31424.35,0
2021-04-12 09:16:19,31423.1,0
2021-04-12 09:16:20,31429.25,0
2021-04-12 09:16:21,31428.45,0
2021-04-12 09:16:22,31428.6,0
2021-04-12 09:16:23,31413.05,0
2021-04-12 09:16:24,31409.05,0
2021-04-12 09:16:25,31403.6,0
2021-04-12 09:16:26,31408.15,0
2021-04-12 09:16:27,31401.25,0
2021-04-12 09:16:28,31407.05,0
2021-04-12 09:16:29,31397.3,0
2021-04-12 09:16:30,31390.65,0
2021-04-12 09:16:31,31391.15,0
2021-04-12 09:16:32,31388.35,0
2021-04-12 09:16:33,31391.65,0
2021-04-12 09:16:34,31404.75,0
2021-04-12 09:16:35,31394.25,0
2021-04-12 09:16:36,31398.25,0
2021-04-12 09:16:37,31401.85,0
2021-04-12 09:16:38,31399.35,0
2021-04-12 09:16:39,31405.25,0
2021-04-12 09:16:40,31406.05,0
2021-04-12 09:16:41,31400.9,0
2021-04-12 09:16:42,31391.3,0
2021-04-12 09:16:44,31389.5,0
2021-04-12 09:16:45,31387.4,0
2021-04-12 09:16:46,31394.4,0
2021-04-12 09:16:47,31402.75,0
2021-04-12 09:16:48,31402.1,0
2021-04-12 09:16:49,31393.65,0
2021-04-12 09:16:50,31391.45,0
2021-04-12 09:16:51,31387.95,0
2021-04-12 09:16:52,31387.2,0
2021-04-12 09:16:53,31386.1,0
2021-04-12 09:16:54,31395.55,0
2021-04-12 09:16:55,31404.35,0
2021-04-12 09:16:56,31401.55,0
2021-04-12 09:16:57,31402.85,0
2021-04-12 09:16:58,31401.75,0
2021-04-12 09:16:59,31397.75,0
2021-04-12 09:17:00,31395.5,0
2021-04-12 09:17:01,31392.3,0
2021-04-12 09:17:02,31382.1,0
2021-04-12 09:17:03,31375.65,0
2021-04-12 09:17:04,31374.75,0
2021-04-12 09:17:05,31367.55,0
2021-04-12 09:17:06,31362.35,0
2021-04-12 09:17:07,31353.8,0
2021-04-12 09:17:08,31348.75,0
2021-04-12 09:17:09,31344.35,0
2021-04-12 09:17:10,31343.85,0
2021-04-12 09:17:11,31336.35,0
2021-04-12 09:17:12,31336.95,0
2021-04-12 09:17:13,31343.75,0
2021-04-12 09:17:14,31340.3,0
2021-04-12 09:17:15,31343.7,0
2021-04-12 09:17:16,31338.6,0
2021-04-12 09:17:17,31338.3,0
2021-04-12 09:17:18,31330.95,0
2021-04-12 09:17:19,31337.1,0
2021-04-12 09:17:20,31335.7,0
2021-04-12 09:17:21,31324.2,0
2021-04-12 09:17:22,31324.0,0
2021-04-12 09:17:23,31336.7,0
2021-04-12 09:17:24,31326.7,0
2021-04-12 09:17:25,31322.15,0
2021-04-12 09:17:26,31316.4,0
2021-04-12 09:17:27,31318.15,0
2021-04-12 09:17:28,31312.85,0
2021-04-12 09:17:29,31306.8,0
2021-04-12 09:17:30,31301.85,0
2021-04-12 09:17:31,31292.1,0
2021-04-12 09:17:33,31283.45,0
2021-04-12 09:17:34,31272.0,0
2021-04-12 09:17:35,31280.05,0
2021-04-12 09:17:36,31277.45,0
2021-04-12 09:17:37,31274.25,0
2021-04-12 09:17:38,31277.3,0
2021-04-12 09:17:39,31272.75,0
2021-04-12 09:17:40,31274.0,0
2021-04-12 09:17:41,31259.05,0
2021-04-12 09:17:42,31270.05,0
2021-04-12 09:17:43,31262.25,0
2021-04-12 09:17:44,31257.15,0
2021-04-12 09:17:45,31261.1,0
2021-04-12 09:17:46,31261.15,0
2021-04-12 09:17:47,31257.8,0
2021-04-12 09:17:48,31265.45,0
2021-04-12 09:17:49,31260.25,0
2021-04-12 09:17:50,31266.5,0
2021-04-12 09:17:51,31267.95,0
2021-04-12 09:17:52,31257.7,0
2021-04-12 09:17:53,31263.8,0
2021-04-12 09:17:54,31270.7,0
2021-04-12 09:17:55,31267.0,0
2021-04-12 09:17:56,31263.9,0
2021-04-12 09:17:57,31265.0,0
2021-04-12 09:17:58,31271.5,0
2021-04-12 09:17:59,31264.0,0
2021-04-12 09:18:00,31259.25,0
2021-04-12 09:18:01,31252.15,0
2021-04-12 09:18:02,31255.3,0
2021-04-12 09:18:03,31258.85,0
2021-04-12 09:18:04,31253.1,0
2021-04-12 09:18:05,31257.15,0
2021-04-12 09:18:06,31250.9,0
2021-04-12 09:18:07,31252.5,0
2021-04-12 09:18:08,31256.9,0
2021-04-12 09:18:09,31257.2,0
2021-04-12 09:18:10,31256.45,0
2021-04-12 09:18:11,31274.0,0
2021-04-12 09:18:12,31287.9,0
2021-04-12 09:18:13,31286.75,0
2021-04-12 09:18:14,31291.55,0
2021-04-12 09:18:15,31285.1,0
2021-04-12 09:18:16,31291.9,0
2021-04-12 09:18:17,31279.45,0
2021-04-12 09:18:18,31288.65,0
2021-04-12 09:18:19,31281.7,0
2021-04-12 09:18:20,31290.6,0
2021-04-12 09:18:21,31248.95,0
2021-04-12 09:18:22,31245.95,0
2021-04-12 09:18:23,31243.1,0
2021-04-12 09:18:24,31239.95,0
2021-04-12 09:18:25,31245.55,0
2021-04-12 09:18:26,31255.6,0
2021-04-12 09:18:27,31258.2,0
2021-04-12 09:18:28,31257.8,0
2021-04-12 09:18:29,31256.3,0
2021-04-12 09:18:30,31257.75,0
2021-04-12 09:18:31,31260.5,0
2021-04-12 09:18:32,31263.1,0
2021-04-12 09:18:33,31266.7,0
2021-04-12 09:18:34,31263.45,0
2021-04-12 09:18:35,31274.1,0
2021-04-12 09:18:36,31267.25,0
2021-04-12 09:18:37,31275.25,0
2021-04-12 09:18:38,31277.45,0
2021-04-12 09:18:40,31279.85,0
2021-04-12 09:18:41,31276.65,0
2021-04-12 09:18:42,31281.2,0
2021-04-12 09:18:43,31282.75,0
2021-04-12 09:18:44,31287.1,0
2021-04-12 09:18:45,31277.85,0
2021-04-12 09:18:46,31289.45,0
2021-04-12 09:18:47,31285.25,0
2021-04-12 09:18:48,31285.6,0
2021-04-12 09:18:49,31283.1,0
2021-04-12 09:18:51,31276.7,0
2021-04-12 09:18:52,31276.6,0
2021-04-12 09:18:53,31274.75,0
2021-04-12 09:18:54,31282.1,0
2021-04-12 09:18:55,31280.15,0
2021-04-12 09:18:56,31287.5,0
2021-04-12 09:18:57,31281.95,0
2021-04-12 09:18:58,31274.0,0
2021-04-12 09:18:59,31284.7,0
2021-04-12 09:19:00,31287.2,0
2021-04-12 09:19:01,31282.0,0
2021-04-12 09:19:02,31280.55,0
2021-04-12 09:19:03,31279.7,0
2021-04-12 09:19:05,31286.45,0
2021-04-12 09:19:06,31298.0,0
2021-04-12 09:19:07,31301.05,0
2021-04-12 09:19:09,31298.3,0
2021-04-12 09:19:10,31299.9,0
2021-04-12 09:19:11,31301.05,0
2021-04-12 09:19:12,31302.4,0
2021-04-12 09:19:13,31295.1,0
2021-04-12 09:19:14,31288.75,0
2021-04-12 09:19:15,31288.45,0
2021-04-12 09:19:16,31294.0,0
2021-04-12 09:19:17,31283.15,0
2021-04-12 09:19:18,31285.15,0
2021-04-12 09:19:20,31283.65,0
2021-04-12 09:19:21,31274.8,0
2021-04-12 09:19:22,31280.95,0
2021-04-12 09:19:23,31280.4,0
2021-04-12 09:19:24,31274.1,0
2021-04-12 09:19:25,31275.55,0
2021-04-12 09:19:26,31278.5,0
2021-04-12 09:19:27,31259.5,0
2021-04-12 09:19:28,31261.25,0
2021-04-12 09:19:29,31255.55,0
2021-04-12 09:19:30,31264.75,0
2021-04-12 09:19:31,31253.65,0
2021-04-12 09:19:32,31257.65,0
2021-04-12 09:19:33,31251.65,0
2021-04-12 09:19:34,31247.35,0
2021-04-12 09:19:35,31249.35,0
2021-04-12 09:19:36,31245.1,0
2021-04-12 09:19:37,31249.9,0
2021-04-12 09:19:38,31252.55,0
2021-04-12 09:19:39,31264.4,0
2021-04-12 09:19:40,31260.0,0
2021-04-12 09:19:41,31250.0,0
2021-04-12 09:19:42,31244.5,0
2021-04-12 09:19:44,31249.9,0
2021-04-12 09:19:45,31254.4,0
2021-04-12 09:19:46,31240.4,0
2021-04-12 09:19:47,31240.3,0
2021-04-12 09:19:48,31239.45,0
2021-04-12 09:19:49,31240.0,0
2021-04-12 09:19:50,31236.35,0
2021-04-12 09:19:51,31236.8,0
2021-04-12 09:19:52,31230.9,0
2021-04-12 09:19:53,31233.7,0
2021-04-12 09:19:54,31234.65,0
2021-04-12 09:19:55,31235.55,0
2021-04-12 09:19:56,31228.7,0
2021-04-12 09:19:57,31228.0,0
2021-04-12 09:19:58,31224.45,0
2021-04-12 09:19:59,31229.7,0
2021-04-12 09:20:00,31233.75,0
2021-04-12 09:20:01,31240.1,0
2021-04-12 09:20:02,31230.5,0
2021-04-12 09:20:03,31223.8,0
2021-04-12 09:20:04,31222.95,0
2021-04-12 09:20:05,31220.15,0
2021-04-12 09:20:06,31214.55,0
2021-04-12 09:20:07,31207.2,0
2021-04-12 09:20:09,31212.05,0
2021-04-12 09:20:10,31212.2,0
2021-04-12 09:20:11,31207.55,0
2021-04-12 09:20:12,31182.55,0
2021-04-12 09:20:13,31189.0,0
2021-04-12 09:20:14,31198.45,0
2021-04-12 09:20:15,31203.85,0
2021-04-12 09:20:16,31213.5,0
2021-04-12 09:20:17,31208.45,0
2021-04-12 09:20:18,31207.55,0
2021-04-12 09:20:19,31198.2,0
2021-04-12 09:20:20,31201.55,0
2021-04-12 09:20:21,31190.95,0
2021-04-12 09:20:22,31191.5,0
2021-04-12 09:20:23,31194.9,0
2021-04-12 09:20:24,31199.45,0
2021-04-12 09:20:25,31206.1,0
2021-04-12 09:20:26,31186.6,0
2021-04-12 09:20:27,31189.75,0
2021-04-12 09:20:28,31188.75,0
2021-04-12 09:20:29,31190.55,0
2021-04-12 09:20:30,31191.95,0
2021-04-12 09:20:31,31188.5,0
2021-04-12 09:20:32,31192.95,0
2021-04-12 09:20:33,31186.2,0
2021-04-12 09:20:34,31184.05,0
2021-04-12 09:20:35,31192.15,0
2021-04-12 09:20:36,31189.55,0
2021-04-12 09:20:37,31186.25,0
2021-04-12 09:20:38,31177.8,0
2021-04-12 09:20:39,31177.25,0
2021-04-12 09:20:40,31180.9,0
2021-04-12 09:20:41,31188.0,0
2021-04-12 09:20:42,31190.0,0
2021-04-12 09:20:43,31206.5,0
2021-04-12 09:20:44,31209.9,0
2021-04-12 09:20:45,31210.75,0
2021-04-12 09:20:46,31212.1,0
2021-04-12 09:20:47,31210.65,0
2021-04-12 09:20:48,31211.7,0
2021-04-12 09:20:49,31207.45,0
2021-04-12 09:20:50,31206.15,0
2021-04-12 09:20:51,31216.9,0
2021-04-12 09:20:54,31211.55,0
2021-04-12 09:20:55,31228.85,0
2021-04-12 09:20:56,31231.5,0
2021-04-12 09:20:57,31235.3,0
2021-04-12 09:20:58,31242.95,0
2021-04-12 09:20:59,31255.25,0
2021-04-12 09:21:00,31259.3,0
2021-04-12 09:21:01,31260.6,0
2021-04-12 09:21:02,31274.15,0
2021-04-12 09:21:03,31264.3,0
2021-04-12 09:21:04,31255.3,0
2021-04-12 09:21:05,31256.05,0
2021-04-12 09:21:06,31247.2,0
2021-04-12 09:21:07,31258.7,0
2021-04-12 09:21:09,31239.75,0
2021-04-12 09:21:13,31209.1,0
2021-04-12 09:21:14,31213.5,0
2021-04-12 09:21:15,31196.55,0
2021-04-12 09:21:16,31201.45,0
2021-04-12 09:21:17,31197.3,0
2021-04-12 09:21:18,31196.35,0
2021-04-12 09:21:19,31205.4,0
2021-04-12 09:21:20,31207.95,0
2021-04-12 09:21:22,31197.5,0
2021-04-12 09:21:23,31210.95,0
2021-04-12 09:21:24,31207.15,0
2021-04-12 09:21:25,31195.3,0
2021-04-12 09:21:26,31198.45,0
2021-04-12 09:21:27,31199.6,0
2021-04-12 09:21:28,31202.0,0
2021-04-12 09:21:29,31200.05,0
2021-04-12 09:21:30,31204.25,0
2021-04-12 09:21:31,31199.95,0
2021-04-12 09:21:32,31198.45,0
2021-04-12 09:21:33,31199.35,0
2021-04-12 09:21:34,31198.5,0
2021-04-12 09:21:35,31192.35,0
2021-04-12 09:21:36,31188.95,0
2021-04-12 09:21:37,31192.1,0
2021-04-12 09:21:38,31194.7,0
2021-04-12 09:21:39,31186.75,0
2021-04-12 09:21:40,31185.8,0
2021-04-12 09:21:41,31191.95,0
2021-04-12 09:21:42,31186.8,0
2021-04-12 09:21:43,31180.25,0
2021-04-12 09:21:44,31181.75,0
2021-04-12 09:21:46,31182.55,0
2021-04-12 09:21:47,31188.7,0
2021-04-12 09:21:48,31202.65,0
2021-04-12 09:21:49,31204.7,0
2021-04-12 09:21:50,31195.6,0
2021-04-12 09:21:51,31193.25,0
2021-04-12 09:21:52,31189.15,0
2021-04-12 09:21:54,31181.9,0
2021-04-12 09:21:55,31182.3,0
2021-04-12 09:21:56,31177.6,0
2021-04-12 09:21:57,31191.3,0
2021-04-12 09:21:58,31200.8,0
2021-04-12 09:21:59,31204.6,0
2021-04-12 09:22:00,31204.8,0
2021-04-12 09:22:01,31198.35,0
2021-04-12 09:22:02,31195.6,0
2021-04-12 09:22:03,31186.6,0
2021-04-12 09:22:04,31196.3,0
2021-04-12 09:22:05,31200.95,0
2021-04-12 09:22:06,31203.4,0
2021-04-12 09:22:07,31207.55,0
2021-04-12 09:22:08,31210.6,0
2021-04-12 09:22:09,31213.4,0
2021-04-12 09:22:10,31223.3,0
2021-04-12 09:22:11,31214.0,0
2021-04-12 09:22:12,31218.15,0
2021-04-12 09:22:13,31222.2,0
2021-04-12 09:22:14,31216.05,0
2021-04-12 09:22:15,31211.65,0
2021-04-12 09:22:17,31219.95,0
2021-04-12 09:22:18,31226.5,0
2021-04-12 09:22:19,31228.8,0
2021-04-12 09:22:20,31234.5,0
2021-04-12 09:22:21,31229.45,0
2021-04-12 09:22:22,31241.1,0
2021-04-12 09:22:24,31241.8,0
2021-04-12 09:22:25,31247.0,0
2021-04-12 09:22:26,31250.9,0
2021-04-12 09:22:27,31248.9,0
2021-04-12 09:22:28,31246.1,0
2021-04-12 09:22:29,31246.95,0
2021-04-12 09:22:31,31250.8,0
2021-04-12 09:22:32,31246.15,0
2021-04-12 09:22:33,31257.15,0
2021-04-12 09:22:34,31258.7,0
2021-04-12 09:22:35,31266.05,0
2021-04-12 09:22:36,31274.95,0
2021-04-12 09:22:37,31273.5,0
2021-04-12 09:22:38,31279.45,0
2021-04-12 09:22:39,31291.35,0
2021-04-12 09:22:40,31287.25,0
2021-04-12 09:22:41,31288.55,0
2021-04-12 09:22:42,31271.7,0
2021-04-12 09:22:43,31270.6,0
2021-04-12 09:22:44,31281.7,0
2021-04-12 09:22:45,31279.7,0
2021-04-12 09:22:46,31277.25,0
2021-04-12 09:22:47,31275.15,0
2021-04-12 09:22:48,31276.05,0
2021-04-12 09:22:49,31281.0,0
2021-04-12 09:22:50,31286.3,0
2021-04-12 09:22:51,31283.1,0
2021-04-12 09:22:52,31285.2,0
2021-04-12 09:22:53,31283.15,0
2021-04-12 09:22:54,31273.1,0
2021-04-12 09:22:55,31280.95,0
2021-04-12 09:22:56,31290.15,0
2021-04-12 09:22:57,31286.65,0
2021-04-12 09:22:58,31286.55,0
2021-04-12 09:22:59,31288.95,0
2021-04-12 09:23:00,31290.65,0
2021-04-12 09:23:01,31287.4,0
2021-04-12 09:23:02,31289.75,0
2021-04-12 09:23:03,31283.85,0
2021-04-12 09:23:05,31287.05,0
2021-04-12 09:23:06,31279.9,0
2021-04-12 09:23:07,31286.45,0
2021-04-12 09:23:08,31287.05,0
2021-04-12 09:23:09,31291.0,0
2021-04-12 09:23:10,31287.95,0
2021-04-12 09:23:11,31277.75,0
2021-04-12 09:23:12,31276.15,0
2021-04-12 09:23:14,31250.65,0
2021-04-12 09:23:15,31258.75,0
2021-04-12 09:23:16,31260.15,0
2021-04-12 09:23:17,31254.55,0
2021-04-12 09:23:18,31257.75,0
2021-04-12 09:23:19,31259.1,0
2021-04-12 09:23:20,31258.3,0
2021-04-12 09:23:21,31263.05,0
2021-04-12 09:23:22,31263.75,0
2021-04-12 09:23:23,31267.55,0
2021-04-12 09:23:24,31272.55,0
2021-04-12 09:23:25,31272.1,0
2021-04-12 09:23:26,31270.7,0
2021-04-12 09:23:27,31277.8,0
2021-04-12 09:23:29,31263.65,0
2021-04-12 09:23:30,31266.0,0
2021-04-12 09:23:31,31258.9,0
2021-04-12 09:23:32,31262.2,0
2021-04-12 09:23:33,31261.2,0
2021-04-12 09:23:34,31262.3,0
2021-04-12 09:23:35,31260.8,0
2021-04-12 09:23:36,31260.8,0
2021-04-12 09:23:37,31253.7,0
2021-04-12 09:23:38,31252.55,0
2021-04-12 09:23:39,31254.95,0
2021-04-12 09:23:40,31249.85,0
2021-04-12 09:23:41,31243.6,0
2021-04-12 09:23:42,31241.75,0
2021-04-12 09:23:43,31241.4,0
2021-04-12 09:23:44,31249.7,0
2021-04-12 09:23:45,31253.15,0
2021-04-12 09:23:47,31246.5,0
2021-04-12 09:23:48,31255.45,0
2021-04-12 09:23:49,31251.7,0
2021-04-12 09:23:50,31252.5,0
2021-04-12 09:23:51,31256.85,0
2021-04-12 09:23:52,31255.1,0
2021-04-12 09:23:53,31253.0,0
2021-04-12 09:23:54,31245.9,0
2021-04-12 09:23:55,31246.85,0
2021-04-12 09:23:56,31238.75,0
2021-04-12 09:23:58,31238.55,0
2021-04-12 09:23:59,31231.0,0
2021-04-12 09:24:00,31235.35,0
2021-04-12 09:24:01,31235.7,0
2021-04-12 09:24:02,31231.75,0
2021-04-12 09:24:03,31230.55,0
2021-04-12 09:24:04,31225.3,0
2021-04-12 09:24:05,31223.7,0
2021-04-12 09:24:06,31208.95,0
2021-04-12 09:24:07,31214.9,0
2021-04-12 09:24:08,31215.45,0
2021-04-12 09:24:09,31212.55,0
2021-04-12 09:24:10,31202.35,0
2021-04-12 09:24:11,31200.85,0
2021-04-12 09:24:12,31190.75,0
2021-04-12 09:24:13,31196.3,0
2021-04-12 09:24:14,31195.5,0
2021-04-12 09:24:15,31196.25,0
2021-04-12 09:24:16,31197.5,0
2021-04-12 09:24:17,31196.65,0
2021-04-12 09:24:18,31200.85,0
2021-04-12 09:24:19,31192.85,0
2021-04-12 09:24:20,31195.15,0
2021-04-12 09:24:21,31174.2,0
2021-04-12 09:24:22,31182.3,0
2021-04-12 09:24:23,31180.15,0
2021-04-12 09:24:24,31182.1,0
2021-04-12 09:24:25,31169.95,0
2021-04-12 09:24:26,31166.95,0
2021-04-12 09:24:27,31162.05,0
2021-04-12 09:24:28,31159.6,0
2021-04-12 09:24:29,31153.0,0
2021-04-12 09:24:30,31162.05,0
2021-04-12 09:24:31,31159.05,0
2021-04-12 09:24:32,31153.2,0
2021-04-12 09:24:33,31155.2,0
2021-04-12 09:24:34,31153.8,0
2021-04-12 09:24:35,31155.55,0
2021-04-12 09:24:36,31150.8,0
2021-04-12 09:24:37,31151.45,0
2021-04-12 09:24:38,31150.15,0
2021-04-12 09:24:39,31151.0,0
2021-04-12 09:24:40,31157.1,0
2021-04-12 09:24:41,31160.9,0
2021-04-12 09:24:42,31156.55,0
2021-04-12 09:24:43,31151.35,0
2021-04-12 09:24:44,31150.6,0
2021-04-12 09:24:46,31162.5,0
2021-04-12 09:24:47,31154.5,0
2021-04-12 09:24:48,31156.6,0
2021-04-12 09:24:49,31155.7,0
2021-04-12 09:24:50,31151.7,0
2021-04-12 09:24:51,31149.65,0
2021-04-12 09:24:52,31145.3,0
2021-04-12 09:24:53,31147.15,0
2021-04-12 09:24:54,31150.15,0
2021-04-12 09:24:55,31148.65,0
2021-04-12 09:24:56,31153.75,0
2021-04-12 09:24:57,31152.1,0
2021-04-12 09:24:58,31149.9,0
2021-04-12 09:24:59,31153.35,0
2021-04-12 09:25:00,31144.2,0
2021-04-12 09:25:01,31148.4,0
2021-04-12 09:25:02,31137.85,0
2021-04-12 09:25:03,31139.1,0
2021-04-12 09:25:05,31150.0,0
2021-04-12 09:25:06,31149.25,0
2021-04-12 09:25:07,31147.45,0
2021-04-12 09:25:08,31150.05,0
2021-04-12 09:25:09,31156.65,0
2021-04-12 09:25:10,31151.6,0
2021-04-12 09:25:11,31152.55,0
2021-04-12 09:25:12,31162.95,0
2021-04-12 09:25:13,31174.05,0
2021-04-12 09:25:14,31191.5,0
2021-04-12 09:25:15,31191.95,0
2021-04-12 09:25:16,31205.05,0
2021-04-12 09:25:17,31201.25,0
2021-04-12 09:25:18,31190.4,0
2021-04-12 09:25:19,31194.95,0
2021-04-12 09:25:20,31190.3,0
2021-04-12 09:25:21,31189.6,0
2021-04-12 09:25:22,31190.55,0
2021-04-12 09:25:23,31190.2,0
2021-04-12 09:25:24,31189.45,0
2021-04-12 09:25:25,31201.45,0
2021-04-12 09:25:26,31194.65,0
2021-04-12 09:25:27,31199.7,0
2021-04-12 09:25:28,31204.45,0
2021-04-12 09:25:29,31210.65,0
2021-04-12 09:25:30,31216.05,0
2021-04-12 09:25:31,31221.25,0
2021-04-12 09:25:32,31212.0,0
2021-04-12 09:25:33,31220.35,0
2021-04-12 09:25:34,31221.6,0
2021-04-12 09:25:35,31220.55,0
2021-04-12 09:25:36,31242.6,0
2021-04-12 09:25:37,31234.1,0
2021-04-12 09:25:38,31226.15,0
2021-04-12 09:25:39,31212.65,0
2021-04-12 09:25:40,31224.7,0
2021-04-12 09:25:41,31218.5,0
2021-04-12 09:25:42,31212.0,0
2021-04-12 09:25:43,31210.95,0
2021-04-12 09:25:44,31214.0,0
2021-04-12 09:25:45,31218.25,0
2021-04-12 09:25:46,31208.85,0
2021-04-12 09:25:47,31206.55,0
2021-04-12 09:25:48,31211.2,0
2021-04-12 09:25:49,31205.8,0
2021-04-12 09:25:50,31209.55,0
2021-04-12 09:25:51,31202.4,0
2021-04-12 09:25:52,31193.8,0
2021-04-12 09:25:53,31189.25,0
2021-04-12 09:25:54,31188.55,0
2021-04-12 09:25:55,31200.4,0
2021-04-12 09:25:56,31190.25,0
2021-04-12 09:25:57,31200.05,0
2021-04-12 09:25:58,31203.75,0
2021-04-12 09:25:59,31201.25,0
2021-04-12 09:26:00,31193.35,0
2021-04-12 09:26:01,31192.4,0
2021-04-12 09:26:02,31200.5,0
2021-04-12 09:26:03,31202.65,0
2021-04-12 09:26:04,31202.95,0
2021-04-12 09:26:05,31212.05,0
2021-04-12 09:26:06,31205.6,0
2021-04-12 09:26:07,31205.85,0
2021-04-12 09:26:08,31207.65,0
2021-04-12 09:26:09,31199.85,0
2021-04-12 09:26:10,31203.1,0
2021-04-12 09:26:11,31200.0,0
2021-04-12 09:26:12,31194.4,0
2021-04-12 09:26:13,31193.4,0
2021-04-12 09:26:14,31194.9,0
2021-04-12 09:26:16,31201.3,0
2021-04-12 09:26:17,31210.55,0
2021-04-12 09:26:19,31206.5,0
2021-04-12 09:26:20,31208.0,0
2021-04-12 09:26:21,31198.1,0
2021-04-12 09:26:22,31202.25,0
2021-04-12 09:26:23,31200.2,0
2021-04-12 09:26:24,31204.9,0
2021-04-12 09:26:25,31203.6,0
2021-04-12 09:26:26,31199.35,0
2021-04-12 09:26:27,31199.25,0
2021-04-12 09:26:28,31201.55,0
2021-04-12 09:26:29,31204.75,0
2021-04-12 09:26:30,31205.0,0
2021-04-12 09:26:31,31203.2,0
2021-04-12 09:26:32,31203.45,0
2021-04-12 09:26:33,31201.15,0
2021-04-12 09:26:34,31192.1,0
2021-04-12 09:26:35,31203.5,0
2021-04-12 09:26:36,31199.55,0
2021-04-12 09:26:37,31194.55,0
2021-04-12 09:26:38,31200.45,0
2021-04-12 09:26:39,31195.15,0
2021-04-12 09:26:40,31198.75,0
2021-04-12 09:26:41,31201.65,0
2021-04-12 09:26:42,31198.85,0
2021-04-12 09:26:43,31199.65,0
2021-04-12 09:26:44,31193.2,0
2021-04-12 09:26:45,31194.45,0
2021-04-12 09:26:46,31192.9,0
2021-04-12 09:26:47,31191.7,0
2021-04-12 09:26:48,31190.6,0
2021-04-12 09:26:49,31189.8,0
2021-04-12 09:26:50,31192.35,0
2021-04-12 09:26:51,31190.3,0
2021-04-12 09:26:52,31189.35,0
2021-04-12 09:26:53,31193.95,0
2021-04-12 09:26:54,31188.25,0
2021-04-12 09:26:55,31189.15,0
2021-04-12 09:26:56,31188.4,0
2021-04-12 09:26:57,31199.9,0
2021-04-12 09:26:58,31200.95,0
2021-04-12 09:26:59,31199.05,0
2021-04-12 09:27:00,31197.8,0
2021-04-12 09:27:01,31195.9,0
2021-04-12 09:27:02,31200.75,0
2021-04-12 09:27:03,31200.25,0
2021-04-12 09:27:04,31196.55,0
2021-04-12 09:27:05,31199.85,0
2021-04-12 09:27:06,31196.25,0
2021-04-12 09:27:07,31193.25,0
2021-04-12 09:27:08,31201.0,0
2021-04-12 09:27:10,31190.75,0
2021-04-12 09:27:11,31182.75,0
2021-04-12 09:27:12,31183.65,0
2021-04-12 09:27:13,31182.45,0
2021-04-12 09:27:14,31185.5,0
2021-04-12 09:27:15,31178.2,0
2021-04-12 09:27:16,31182.55,0
2021-04-12 09:27:17,31180.4,0
2021-04-12 09:27:18,31176.35,0
2021-04-12 09:27:19,31179.3,0
2021-04-12 09:27:20,31181.8,0
2021-04-12 09:27:21,31181.85,0
2021-04-12 09:27:22,31179.0,0
2021-04-12 09:27:23,31174.05,0
2021-04-12 09:27:25,31163.15,0
2021-04-12 09:27:26,31168.4,0
2021-04-12 09:27:27,31172.05,0
2021-04-12 09:27:28,31175.05,0
2021-04-12 09:27:29,31174.7,0
2021-04-12 09:27:30,31173.95,0
2021-04-12 09:27:31,31173.5,0
2021-04-12 09:27:32,31161.35,0
2021-04-12 09:27:33,31161.1,0
2021-04-12 09:27:34,31165.25,0
2021-04-12 09:27:35,31174.95,0
2021-04-12 09:27:36,31172.25,0
2021-04-12 09:27:37,31173.6,0
2021-04-12 09:27:38,31168.45,0
2021-04-12 09:27:39,31165.3,0
2021-04-12 09:27:40,31162.8,0
2021-04-12 09:27:41,31167.7,0
2021-04-12 09:27:42,31167.4,0
2021-04-12 09:27:43,31171.9,0
2021-04-12 09:27:44,31174.15,0
2021-04-12 09:27:46,31174.9,0
2021-04-12 09:27:47,31175.75,0
2021-04-12 09:27:48,31177.6,0
2021-04-12 09:27:49,31175.3,0
2021-04-12 09:27:50,31174.55,0
2021-04-12 09:27:51,31178.9,0
2021-04-12 09:27:52,31179.6,0
2021-04-12 09:27:53,31178.45,0
2021-04-12 09:27:54,31177.75,0
2021-04-12 09:27:55,31181.85,0
2021-04-12 09:27:56,31181.95,0
2021-04-12 09:27:57,31184.05,0
2021-04-12 09:27:58,31185.05,0
2021-04-12 09:27:59,31187.2,0
2021-04-12 09:28:00,31186.95,0
2021-04-12 09:28:01,31181.9,0
2021-04-12 09:28:02,31186.1,0
2021-04-12 09:28:03,31176.85,0
2021-04-12 09:28:04,31168.1,0
2021-04-12 09:28:05,31169.3,0
2021-04-12 09:28:06,31166.3,0
2021-04-12 09:28:07,31171.4,0
2021-04-12 09:28:09,31160.15,0
2021-04-12 09:28:10,31157.65,0
2021-04-12 09:28:11,31164.6,0
2021-04-12 09:28:12,31162.0,0
2021-04-12 09:28:13,31156.55,0
2021-04-12 09:28:16,31156.7,0
2021-04-12 09:28:18,31153.7,0
2021-04-12 09:28:19,31150.25,0
2021-04-12 09:28:20,31154.45,0
2021-04-12 09:28:21,31150.3,0
2021-04-12 09:28:23,31133.1,0
2021-04-12 09:28:24,31122.6,0
2021-04-12 09:28:25,31121.15,0
2021-04-12 09:28:26,31128.5,0
2021-04-12 09:28:27,31110.7,0
2021-04-12 09:28:28,31119.25,0
2021-04-12 09:28:30,31127.95,0
2021-04-12 09:28:31,31133.15,0
2021-04-12 09:28:32,31133.25,0
2021-04-12 09:28:33,31125.05,0
2021-04-12 09:28:34,31120.95,0
2021-04-12 09:28:35,31129.8,0
2021-04-12 09:28:36,31123.45,0
2021-04-12 09:28:37,31122.85,0
2021-04-12 09:28:38,31109.0,0
2021-04-12 09:28:39,31110.5,0
2021-04-12 09:28:40,31115.4,0
2021-04-12 09:28:41,31114.3,0
2021-04-12 09:28:42,31105.7,0
2021-04-12 09:28:43,31107.3,0
2021-04-12 09:28:44,31106.5,0
2021-04-12 09:28:45,31112.2,0
2021-04-12 09:28:46,31114.7,0
2021-04-12 09:28:47,31127.45,0
2021-04-12 09:28:49,31128.45,0
2021-04-12 09:28:50,31129.4,0
2021-04-12 09:28:51,31134.7,0
2021-04-12 09:28:52,31129.9,0
2021-04-12 09:28:53,31134.3,0
2021-04-12 09:28:54,31137.55,0
2021-04-12 09:28:55,31136.15,0
2021-04-12 09:28:56,31136.1,0
2021-04-12 09:28:57,31131.3,0
2021-04-12 09:28:58,31132.85,0
2021-04-12 09:28:59,31131.45,0
2021-04-12 09:29:00,31129.85,0
2021-04-12 09:29:01,31129.7,0
2021-04-12 09:29:02,31130.7,0
2021-04-12 09:29:03,31120.85,0
2021-04-12 09:29:04,31123.05,0
2021-04-12 09:29:05,31123.05,0
2021-04-12 09:29:06,31123.95,0
2021-04-12 09:29:07,31125.3,0
2021-04-12 09:29:08,31133.7,0
2021-04-12 09:29:09,31135.2,0
2021-04-12 09:29:10,31134.95,0
2021-04-12 09:29:11,31130.45,0
2021-04-12 09:29:12,31123.7,0
2021-04-12 09:29:13,31118.9,0
2021-04-12 09:29:14,31122.0,0
2021-04-12 09:29:15,31121.75,0
2021-04-12 09:29:16,31118.6,0
2021-04-12 09:29:18,31108.9,0
2021-04-12 09:29:19,31111.25,0
2021-04-12 09:29:20,31108.35,0
2021-04-12 09:29:21,31107.2,0
2021-04-12 09:29:22,31105.1,0
2021-04-12 09:29:23,31098.3,0
2021-04-12 09:29:24,31090.2,0
2021-04-12 09:29:25,31087.35,0
2021-04-12 09:29:26,31083.8,0
2021-04-12 09:29:28,31081.15,0
2021-04-12 09:29:29,31084.45,0
2021-04-12 09:29:30,31088.95,0
2021-04-12 09:29:31,31092.95,0
2021-04-12 09:29:32,31095.45,0
2021-04-12 09:29:33,31101.85,0
2021-04-12 09:29:34,31108.9,0
2021-04-12 09:29:35,31103.05,0
2021-04-12 09:29:36,31101.55,0
2021-04-12 09:29:37,31101.15,0
2021-04-12 09:29:38,31100.15,0
2021-04-12 09:29:39,31093.3,0
2021-04-12 09:29:40,31081.6,0
2021-04-12 09:29:41,31077.8,0
2021-04-12 09:29:42,31077.8,0
2021-04-12 09:29:43,31080.85,0
2021-04-12 09:29:44,31078.1,0
2021-04-12 09:29:45,31081.05,0
2021-04-12 09:29:46,31077.8,0
2021-04-12 09:29:47,31087.15,0
2021-04-12 09:29:48,31081.15,0
2021-04-12 09:29:49,31080.15,0
2021-04-12 09:29:50,31079.4,0
2021-04-12 09:29:51,31080.85,0
2021-04-12 09:29:52,31077.6,0
2021-04-12 09:29:53,31076.55,0
2021-04-12 09:29:54,31074.8,0
2021-04-12 09:29:55,31073.25,0
2021-04-12 09:29:56,31074.2,0
2021-04-12 09:29:59,31067.0,0
2021-04-12 09:30:00,31070.85,0
2021-04-12 09:30:01,31069.95,0
2021-04-12 09:30:02,31050.7,0
2021-04-12 09:30:03,31046.6,0
2021-04-12 09:30:04,31036.2,0
2021-04-12 09:30:05,31035.5,0
2021-04-12 09:30:06,31021.35,0
2021-04-12 09:30:08,31022.4,0
2021-04-12 09:30:09,31024.0,0
2021-04-12 09:30:10,31028.0,0
2021-04-12 09:30:11,31030.9,0
2021-04-12 09:30:12,31033.4,0
2021-04-12 09:30:13,31035.35,0
2021-04-12 09:30:14,31030.7,0
2021-04-12 09:30:15,31029.3,0
2021-04-12 09:30:16,31038.25,0
2021-04-12 09:30:19,31034.85,0
2021-04-12 09:30:20,31033.35,0
2021-04-12 09:30:21,31021.7,0
2021-04-12 09:30:22,31017.55,0
2021-04-12 09:30:23,31021.5,0
2021-04-12 09:30:24,31017.25,0
2021-04-12 09:30:25,31015.4,0
2021-04-12 09:30:26,31020.9,0
2021-04-12 09:30:27,31025.55,0
2021-04-12 09:30:28,31021.4,0
2021-04-12 09:30:29,31024.4,0
2021-04-12 09:30:30,31022.9,0
2021-04-12 09:30:31,31031.1,0
2021-04-12 09:30:32,31026.8,0
2021-04-12 09:30:34,31034.2,0
2021-04-12 09:30:35,31023.3,0
2021-04-12 09:30:36,31021.6,0
2021-04-12 09:30:37,31024.1,0
2021-04-12 09:30:38,31026.55,0
2021-04-12 09:30:39,31031.25,0
2021-04-12 09:30:40,31030.9,0
2021-04-12 09:30:41,31029.65,0
2021-04-12 09:30:42,31030.85,0
2021-04-12 09:30:43,31031.2,0
2021-04-12 09:30:44,31028.5,0
2021-04-12 09:30:45,31024.95,0
2021-04-12 09:30:46,31011.95,0
2021-04-12 09:30:47,31017.8,0
2021-04-12 09:30:48,31015.75,0
2021-04-12 09:30:49,31018.8,0
2021-04-12 09:30:50,31007.6,0
2021-04-12 09:30:51,31005.5,0
2021-04-12 09:30:52,31011.25,0
2021-04-12 09:30:53,31012.25,0
2021-04-12 09:30:54,31018.25,0
2021-04-12 09:30:55,31013.4,0
2021-04-12 09:30:56,31017.55,0
2021-04-12 09:30:57,31010.75,0
2021-04-12 09:30:58,31005.7,0
2021-04-12 09:30:59,31001.1,0
2021-04-12 09:31:00,30998.55,0
2021-04-12 09:31:01,30994.9,0
2021-04-12 09:31:02,30995.3,0
2021-04-12 09:31:03,30991.7,0
2021-04-12 09:31:04,30996.45,0
2021-04-12 09:31:05,30999.55,0
2021-04-12 09:31:06,30995.15,0
2021-04-12 09:31:07,30989.2,0
2021-04-12 09:31:08,30977.3,0
2021-04-12 09:31:09,30979.8,0
2021-04-12 09:31:10,30977.25,0
2021-04-12 09:31:11,30971.3,0
2021-04-12 09:31:12,30970.45,0
2021-04-12 09:31:13,30964.0,0
2021-04-12 09:31:14,30958.35,0
2021-04-12 09:31:16,30947.2,0
2021-04-12 09:31:17,30940.85,0
2021-04-12 09:31:18,30939.9,0
2021-04-12 09:31:19,30941.1,0
2021-04-12 09:31:20,30930.15,0
2021-04-12 09:31:21,30932.2,0
2021-04-12 09:31:23,30924.6,0
2021-04-12 09:31:24,30922.8,0
2021-04-12 09:31:25,30909.5,0
2021-04-12 09:31:26,30910.0,0
2021-04-12 09:31:27,30917.4,0
2021-04-12 09:31:28,30916.7,0
2021-04-12 09:31:29,30916.8,0
2021-04-12 09:31:30,30924.45,0
2021-04-12 09:31:31,30920.6,0
2021-04-12 09:31:32,30914.4,0
2021-04-12 09:31:33,30903.15,0
2021-04-12 09:31:34,30890.45,0
2021-04-12 09:31:35,30880.0,0
2021-04-12 09:31:36,30871.9,0
2021-04-12 09:31:37,30872.15,0
2021-04-12 09:31:38,30866.3,0
2021-04-12 09:31:39,30860.9,0
2021-04-12 09:31:40,30852.25,0
2021-04-12 09:31:41,30848.9,0
2021-04-12 09:31:42,30856.4,0
2021-04-12 09:31:44,30863.65,0
2021-04-12 09:31:45,30856.5,0
2021-04-12 09:31:46,30862.4,0
2021-04-12 09:31:47,30866.7,0
2021-04-12 09:31:48,30873.1,0
2021-04-12 09:31:49,30865.7,0
2021-04-12 09:31:50,30862.95,0
2021-04-12 09:31:51,30879.6,0
2021-04-12 09:31:52,30872.05,0
2021-04-12 09:31:53,30874.35,0
2021-04-12 09:31:54,30865.15,0
2021-04-12 09:31:55,30869.4,0
2021-04-12 09:31:56,30884.8,0
2021-04-12 09:31:58,30904.0,0
2021-04-12 09:31:59,30911.15,0
2021-04-12 09:32:00,30917.0,0
2021-04-12 09:32:01,30924.7,0
2021-04-12 09:32:02,30919.1,0
2021-04-12 09:32:03,30927.6,0
2021-04-12 09:32:04,30937.6,0
2021-04-12 09:32:05,30938.85,0
2021-04-12 09:32:06,30937.6,0
2021-04-12 09:32:07,30942.25,0
2021-04-12 09:32:08,30950.45,0
2021-04-12 09:32:09,30956.4,0
2021-04-12 09:32:11,30951.75,0
2021-04-12 09:32:12,30954.65,0
2021-04-12 09:32:13,30948.05,0
2021-04-12 09:32:14,30937.3,0
2021-04-12 09:32:15,30944.65,0
2021-04-12 09:32:16,30924.3,0
2021-04-12 09:32:17,30922.2,0
2021-04-12 09:32:18,30915.2,0
2021-04-12 09:32:19,30914.55,0
2021-04-12 09:32:20,30913.95,0
2021-04-12 09:32:21,30911.65,0
2021-04-12 09:32:22,30911.55,0
2021-04-12 09:32:23,30909.75,0
2021-04-12 09:32:24,30906.0,0
2021-04-12 09:32:25,30915.65,0
2021-04-12 09:32:26,30919.7,0
2021-04-12 09:32:27,30910.9,0
2021-04-12 09:32:28,30907.1,0
2021-04-12 09:32:29,30909.9,0
2021-04-12 09:32:30,30906.9,0
2021-04-12 09:32:31,30899.25,0
2021-04-12 09:32:32,30909.65,0
2021-04-12 09:32:33,30892.7,0
2021-04-12 09:32:35,30890.7,0
2021-04-12 09:32:36,30876.75,0
2021-04-12 09:32:38,30879.35,0
2021-04-12 09:32:39,30877.95,0
2021-04-12 09:32:40,30886.25,0
2021-04-12 09:32:41,30887.3,0
2021-04-12 09:32:42,30872.7,0
2021-04-12 09:32:43,30873.55,0
2021-04-12 09:32:44,30874.2,0
2021-04-12 09:32:45,30881.5,0
2021-04-12 09:32:46,30881.7,0
2021-04-12 09:32:47,30874.35,0
2021-04-12 09:32:48,30881.7,0
2021-04-12 09:32:49,30885.6,0
2021-04-12 09:32:50,30887.05,0
2021-04-12 09:32:51,30880.85,0
2021-04-12 09:32:52,30878.85,0
2021-04-12 09:32:54,30888.55,0
2021-04-12 09:32:55,30892.8,0
2021-04-12 09:32:56,30887.3,0
2021-04-12 09:32:57,30883.95,0
2021-04-12 09:32:58,30883.85,0
2021-04-12 09:32:59,30893.4,0
2021-04-12 09:33:00,30893.5,0
2021-04-12 09:33:01,30896.9,0
2021-04-12 09:33:02,30896.1,0
2021-04-12 09:33:03,30892.75,0
2021-04-12 09:33:04,30885.55,0
2021-04-12 09:33:05,30892.3,0
2021-04-12 09:33:06,30889.7,0
2021-04-12 09:33:07,30898.95,0
2021-04-12 09:33:08,30902.2,0
2021-04-12 09:33:09,30901.4,0
2021-04-12 09:33:10,30902.45,0
2021-04-12 09:33:11,30907.3,0
2021-04-12 09:33:12,30916.4,0
2021-04-12 09:33:13,30910.0,0
2021-04-12 09:33:14,30911.7,0
2021-04-12 09:33:15,30907.35,0
2021-04-12 09:33:16,30909.0,0
2021-04-12 09:33:17,30914.15,0
2021-04-12 09:33:18,30912.9,0
2021-04-12 09:33:19,30915.35,0
2021-04-12 09:33:20,30918.5,0
2021-04-12 09:33:21,30917.85,0
2021-04-12 09:33:22,30925.45,0
2021-04-12 09:33:23,30924.65,0
2021-04-12 09:33:24,30926.75,0
2021-04-12 09:33:25,30924.45,0
2021-04-12 09:33:26,30925.55,0
2021-04-12 09:33:27,30930.7,0
2021-04-12 09:33:28,30943.7,0
2021-04-12 09:33:29,30948.2,0
2021-04-12 09:33:30,30946.3,0
2021-04-12 09:33:31,30937.0,0
2021-04-12 09:33:32,30944.4,0
2021-04-12 09:33:33,30947.8,0
2021-04-12 09:33:34,30942.55,0
2021-04-12 09:33:35,30938.05,0
2021-04-12 09:33:36,30946.4,0
2021-04-12 09:33:37,30946.3,0
2021-04-12 09:33:38,30951.55,0
2021-04-12 09:33:39,30954.25,0
2021-04-12 09:33:40,30954.5,0
2021-04-12 09:33:41,30949.0,0
2021-04-12 09:33:42,30957.8,0
2021-04-12 09:33:43,30968.15,0
2021-04-12 09:33:44,30967.05,0
2021-04-12 09:33:45,30972.9,0
2021-04-12 09:33:46,30975.0,0
2021-04-12 09:33:47,30971.2,0
2021-04-12 09:33:48,30973.45,0
2021-04-12 09:33:49,30981.95,0
2021-04-12 09:33:50,30985.95,0
2021-04-12 09:33:51,30997.8,0
2021-04-12 09:33:52,30989.75,0
2021-04-12 09:33:53,30988.35,0
2021-04-12 09:33:54,30996.6,0
2021-04-12 09:33:55,31005.2,0
2021-04-12 09:33:56,31008.85,0
2021-04-12 09:33:57,31008.5,0
2021-04-12 09:33:58,31011.55,0
2021-04-12 09:33:59,31004.05,0
2021-04-12 09:34:00,31005.3,0
2021-04-12 09:34:01,31002.9,0
2021-04-12 09:34:02,30993.85,0
2021-04-12 09:34:03,30998.6,0
2021-04-12 09:34:04,30994.05,0
2021-04-12 09:34:05,30994.7,0
2021-04-12 09:34:06,30996.75,0
2021-04-12 09:34:08,31001.9,0
2021-04-12 09:34:09,31004.55,0
2021-04-12 09:34:10,31007.45,0
2021-04-12 09:34:11,30989.7,0
2021-04-12 09:34:12,30978.8,0
2021-04-12 09:34:13,30977.05,0
2021-04-12 09:34:14,30978.05,0
2021-04-12 09:34:15,30974.45,0
2021-04-12 09:34:16,30983.55,0
2021-04-12 09:34:17,30977.65,0
2021-04-12 09:34:18,30969.8,0
2021-04-12 09:34:19,30971.85,0
2021-04-12 09:34:20,30977.05,0
2021-04-12 09:34:21,30980.0,0
2021-04-12 09:34:22,30978.35,0
2021-04-12 09:34:23,30971.7,0
2021-04-12 09:34:24,30975.4,0
2021-04-12 09:34:25,30973.55,0
2021-04-12 09:34:26,30974.15,0
2021-04-12 09:34:27,30966.7,0
2021-04-12 09:34:28,30968.4,0
2021-04-12 09:34:29,30968.05,0
2021-04-12 09:34:30,30968.35,0
2021-04-12 09:34:31,30956.8,0
2021-04-12 09:34:32,30949.8,0
2021-04-12 09:34:33,30942.35,0
2021-04-12 09:34:34,30932.9,0
2021-04-12 09:34:35,30932.4,0
2021-04-12 09:34:36,30932.1,0
2021-04-12 09:34:37,30927.5,0
2021-04-12 09:34:38,30926.55,0
2021-04-12 09:34:39,30926.9,0
2021-04-12 09:34:41,30928.85,0
2021-04-12 09:34:42,30927.3,0
2021-04-12 09:34:43,30922.1,0
2021-04-12 09:34:44,30925.3,0
2021-04-12 09:34:45,30923.75,0
2021-04-12 09:34:46,30920.6,0
2021-04-12 09:34:47,30913.05,0
2021-04-12 09:34:48,30918.0,0
2021-04-12 09:34:49,30919.1,0
2021-04-12 09:34:50,30918.5,0
2021-04-12 09:34:51,30921.25,0
2021-04-12 09:34:52,30908.8,0
2021-04-12 09:34:53,30914.65,0
2021-04-12 09:34:54,30916.2,0
2021-04-12 09:34:55,30918.4,0
2021-04-12 09:34:56,30926.5,0
2021-04-12 09:34:57,30927.9,0
2021-04-12 09:34:58,30927.15,0
2021-04-12 09:34:59,30932.95,0
2021-04-12 09:35:00,30935.35,0
2021-04-12 09:35:01,30922.45,0
2021-04-12 09:35:02,30922.0,0
2021-04-12 09:35:03,30922.15,0
2021-04-12 09:35:04,30922.65,0
2021-04-12 09:35:05,30921.4,0
2021-04-12 09:35:06,30920.3,0
2021-04-12 09:35:07,30920.65,0
2021-04-12 09:35:08,30913.7,0
2021-04-12 09:35:10,30900.95,0
2021-04-12 09:35:11,30893.1,0
2021-04-12 09:35:13,30889.7,0
2021-04-12 09:35:16,30885.5,0
2021-04-12 09:35:17,30890.25,0
2021-04-12 09:35:18,30882.65,0
2021-04-12 09:35:20,30892.25,0
2021-04-12 09:35:21,30898.2,0
2021-04-12 09:35:22,30895.3,0
2021-04-12 09:35:23,30898.2,0
2021-04-12 09:35:24,30895.45,0
2021-04-12 09:35:25,30896.45,0
2021-04-12 09:35:26,30905.3,0
2021-04-12 09:35:27,30900.95,0
2021-04-12 09:35:29,30896.3,0
2021-04-12 09:35:30,30895.3,0
2021-04-12 09:35:31,30890.2,0
2021-04-12 09:35:32,30893.25,0
2021-04-12 09:35:33,30888.3,0
2021-04-12 09:35:34,30893.75,0
2021-04-12 09:35:35,30898.45,0
2021-04-12 09:35:36,30903.15,0
2021-04-12 09:35:37,30907.8,0
2021-04-12 09:35:38,30909.3,0
2021-04-12 09:35:39,30914.55,0
2021-04-12 09:35:40,30915.6,0
2021-04-12 09:35:41,30911.1,0
2021-04-12 09:35:42,30924.15,0
2021-04-12 09:35:43,30922.15,0
2021-04-12 09:35:44,30918.0,0
2021-04-12 09:35:46,30925.65,0
2021-04-12 09:35:47,30925.15,0
2021-04-12 09:35:49,30925.0,0
2021-04-12 09:35:50,30928.55,0
2021-04-12 09:35:51,30933.05,0
2021-04-12 09:35:53,30937.9,0
2021-04-12 09:35:54,30949.65,0
2021-04-12 09:35:55,30947.5,0
2021-04-12 09:35:56,30942.25,0
2021-04-12 09:35:57,30942.45,0
2021-04-12 09:35:58,30940.5,0
2021-04-12 09:35:59,30951.35,0
2021-04-12 09:36:00,30950.35,0
2021-04-12 09:36:01,30945.8,0
2021-04-12 09:36:02,30948.4,0
2021-04-12 09:36:03,30952.35,0
2021-04-12 09:36:04,30952.25,0
2021-04-12 09:36:05,30952.25,0
2021-04-12 09:36:06,30944.35,0
2021-04-12 09:36:07,30949.95,0
2021-04-12 09:36:08,30951.7,0
2021-04-12 09:36:09,30942.4,0
2021-04-12 09:36:10,30946.55,0
2021-04-12 09:36:11,30945.5,0
2021-04-12 09:36:12,30948.9,0
2021-04-12 09:36:13,30946.95,0
2021-04-12 09:36:14,30940.9,0
2021-04-12 09:36:15,30939.2,0
2021-04-12 09:36:16,30942.2,0
2021-04-12 09:36:17,30943.5,0
2021-04-12 09:36:18,30940.85,0
2021-04-12 09:36:19,30945.3,0
2021-04-12 09:36:20,30947.45,0
2021-04-12 09:36:21,30948.15,0
2021-04-12 09:36:22,30950.3,0
2021-04-12 09:36:23,30946.45,0
2021-04-12 09:36:24,30948.95,0
2021-04-12 09:36:25,30954.2,0
2021-04-12 09:36:27,30954.85,0
2021-04-12 09:36:28,30956.05,0
2021-04-12 09:36:29,30956.1,0
2021-04-12 09:36:30,30955.75,0
2021-04-12 09:36:31,30953.4,0
2021-04-12 09:36:32,30955.7,0
2021-04-12 09:36:33,30958.25,0
2021-04-12 09:36:34,30957.6,0
2021-04-12 09:36:35,30955.8,0
2021-04-12 09:36:36,30952.15,0
2021-04-12 09:36:37,30947.55,0
2021-04-12 09:36:38,30950.5,0
2021-04-12 09:36:39,30948.0,0
2021-04-12 09:36:40,30953.8,0
2021-04-12 09:36:41,30946.3,0
2021-04-12 09:36:42,30951.2,0
2021-04-12 09:36:43,30948.9,0
2021-04-12 09:36:44,30944.55,0
2021-04-12 09:36:45,30945.9,0
2021-04-12 09:36:46,30944.25,0
2021-04-12 09:36:47,30929.6,0
2021-04-12 09:36:48,30929.4,0
2021-04-12 09:36:49,30930.5,0
2021-04-12 09:36:50,30933.2,0
2021-04-12 09:36:51,30940.8,0
2021-04-12 09:36:52,30934.5,0
2021-04-12 09:36:53,30944.05,0
2021-04-12 09:36:54,30948.1,0
2021-04-12 09:36:55,30949.9,0
2021-04-12 09:36:56,30942.3,0
2021-04-12 09:36:57,30937.8,0
2021-04-12 09:36:58,30935.6,0
2021-04-12 09:36:59,30940.05,0
2021-04-12 09:37:00,30939.05,0
2021-04-12 09:37:01,30935.5,0
2021-04-12 09:37:02,30937.75,0
2021-04-12 09:37:03,30932.9,0
2021-04-12 09:37:04,30941.35,0
2021-04-12 09:37:05,30940.95,0
2021-04-12 09:37:06,30939.65,0
2021-04-12 09:37:07,30937.05,0
2021-04-12 09:37:08,30936.8,0
2021-04-12 09:37:09,30941.5,0
2021-04-12 09:37:10,30946.05,0
2021-04-12 09:37:11,30944.35,0
2021-04-12 09:37:12,30954.15,0
2021-04-12 09:37:13,30953.5,0
2021-04-12 09:37:14,30953.0,0
2021-04-12 09:37:15,30947.4,0
2021-04-12 09:37:16,30954.8,0
2021-04-12 09:37:17,30965.2,0
2021-04-12 09:37:18,30970.45,0
2021-04-12 09:37:19,30971.3,0
2021-04-12 09:37:20,30971.85,0
2021-04-12 09:37:21,30976.2,0
2021-04-12 09:37:22,30974.7,0
2021-04-12 09:37:23,30977.0,0
2021-04-12 09:37:24,30988.05,0
2021-04-12 09:37:25,30979.95,0
2021-04-12 09:37:26,30980.7,0
2021-04-12 09:37:27,30985.5,0
2021-04-12 09:37:28,30984.25,0
2021-04-12 09:37:29,30980.5,0
2021-04-12 09:37:30,30980.85,0
2021-04-12 09:37:31,30976.15,0
2021-04-12 09:37:32,30976.65,0
2021-04-12 09:37:33,30972.3,0
2021-04-12 09:37:35,30979.25,0
2021-04-12 09:37:36,30981.3,0
2021-04-12 09:37:37,30987.15,0
2021-04-12 09:37:38,30985.7,0
2021-04-12 09:37:39,30996.1,0
2021-04-12 09:37:40,30998.5,0
2021-04-12 09:37:41,30996.3,0
2021-04-12 09:37:42,30991.35,0
2021-04-12 09:37:43,30994.65,0
2021-04-12 09:37:44,30992.4,0
2021-04-12 09:37:45,30988.15,0
2021-04-12 09:37:46,30980.75,0
2021-04-12 09:37:47,30973.5,0
2021-04-12 09:37:48,30976.25,0
2021-04-12 09:37:49,30977.8,0
2021-04-12 09:37:50,30979.65,0
2021-04-12 09:37:51,30977.35,0
2021-04-12 09:37:52,30984.2,0
2021-04-12 09:37:53,30990.25,0
2021-04-12 09:37:54,30997.85,0
2021-04-12 09:37:55,30991.2,0
2021-04-12 09:37:56,30996.95,0
2021-04-12 09:37:57,31006.7,0
2021-04-12 09:37:58,31004.6,0
2021-04-12 09:37:59,31002.2,0
2021-04-12 09:38:00,31009.6,0
2021-04-12 09:38:01,31003.5,0
2021-04-12 09:38:02,31000.9,0
2021-04-12 09:38:03,31003.1,0
2021-04-12 09:38:04,31008.25,0
2021-04-12 09:38:05,31015.9,0
2021-04-12 09:38:06,31014.05,0
2021-04-12 09:38:07,31023.8,0
2021-04-12 09:38:08,31018.25,0
2021-04-12 09:38:09,31020.7,0
2021-04-12 09:38:10,31021.7,0
2021-04-12 09:38:11,31024.9,0
2021-04-12 09:38:12,31025.3,0
2021-04-12 09:38:13,31022.2,0
2021-04-12 09:38:14,31034.5,0
2021-04-12 09:38:15,31036.7,0
2021-04-12 09:38:16,31035.55,0
2021-04-12 09:38:17,31042.6,0
2021-04-12 09:38:18,31050.45,0
2021-04-12 09:38:19,31046.7,0
2021-04-12 09:38:20,31046.85,0
2021-04-12 09:38:21,31043.2,0
2021-04-12 09:38:22,31041.45,0
2021-04-12 09:38:23,31035.9,0
2021-04-12 09:38:25,31045.2,0
2021-04-12 09:38:26,31049.15,0
2021-04-12 09:38:27,31054.55,0
2021-04-12 09:38:28,31047.3,0
2021-04-12 09:38:29,31043.85,0
2021-04-12 09:38:30,31047.7,0
2021-04-12 09:38:31,31042.45,0
2021-04-12 09:38:32,31042.5,0
2021-04-12 09:38:33,31045.65,0
2021-04-12 09:38:34,31045.95,0
2021-04-12 09:38:35,31045.25,0
2021-04-12 09:38:36,31051.8,0
2021-04-12 09:38:37,31053.25,0
2021-04-12 09:38:38,31052.3,0
2021-04-12 09:38:39,31050.45,0
2021-04-12 09:38:40,31050.95,0
2021-04-12 09:38:41,31051.1,0
2021-04-12 09:38:42,31053.3,0
2021-04-12 09:38:43,31046.75,0
2021-04-12 09:38:44,31049.5,0
2021-04-12 09:38:45,31049.5,0
2021-04-12 09:38:46,31059.9,0
2021-04-12 09:38:47,31060.55,0
2021-04-12 09:38:48,31072.75,0
2021-04-12 09:38:49,31069.05,0
2021-04-12 09:38:50,31073.75,0
2021-04-12 09:38:51,31066.3,0
2021-04-12 09:38:52,31070.55,0
2021-04-12 09:38:54,31073.95,0
2021-04-12 09:38:55,31076.65,0
2021-04-12 09:38:56,31085.3,0
2021-04-12 09:38:57,31088.25,0
2021-04-12 09:38:58,31086.5,0
2021-04-12 09:38:59,31088.3,0
2021-04-12 09:39:00,31090.55,0
2021-04-12 09:39:01,31089.75,0
2021-04-12 09:39:02,31101.95,0
2021-04-12 09:39:03,31101.45,0
2021-04-12 09:39:04,31108.8,0
2021-04-12 09:39:05,31104.2,0
2021-04-12 09:39:06,31106.75,0
2021-04-12 09:39:07,31104.75,0
2021-04-12 09:39:08,31104.0,0
2021-04-12 09:39:09,31083.1,0
2021-04-12 09:39:10,31088.95,0
2021-04-12 09:39:11,31082.55,0
2021-04-12 09:39:12,31071.7,0
2021-04-12 09:39:13,31079.0,0
2021-04-12 09:39:14,31082.95,0
2021-04-12 09:39:15,31083.6,0
2021-04-12 09:39:16,31084.25,0
2021-04-12 09:39:17,31080.9,0
2021-04-12 09:39:18,31069.05,0
2021-04-12 09:39:19,31042.75,0
2021-04-12 09:39:20,31050.8,0
2021-04-12 09:39:21,31052.05,0
2021-04-12 09:39:22,31053.6,0
2021-04-12 09:39:24,31040.6,0
2021-04-12 09:39:25,31040.15,0
2021-04-12 09:39:26,31040.7,0
2021-04-12 09:39:27,31043.2,0
2021-04-12 09:39:28,31039.95,0
2021-04-12 09:39:29,31055.1,0
2021-04-12 09:39:30,31042.55,0
2021-04-12 09:39:31,31044.4,0
2021-04-12 09:39:32,31047.25,0
2021-04-12 09:39:33,31050.3,0
2021-04-12 09:39:34,31024.25,0
2021-04-12 09:39:35,31029.55,0
2021-04-12 09:39:36,31028.7,0
2021-04-12 09:39:37,31030.15,0
2021-04-12 09:39:38,31023.7,0
2021-04-12 09:39:39,31020.85,0
2021-04-12 09:39:41,31007.75,0
2021-04-12 09:39:42,31020.35,0
2021-04-12 09:39:43,31015.5,0
2021-04-12 09:39:44,31017.95,0
2021-04-12 09:39:45,31020.8,0
2021-04-12 09:39:46,31012.95,0
2021-04-12 09:39:47,31006.25,0
2021-04-12 09:39:48,31006.7,0
2021-04-12 09:39:49,31006.65,0
2021-04-12 09:39:50,30996.7,0
2021-04-12 09:39:51,30999.55,0
2021-04-12 09:39:52,31003.0,0
2021-04-12 09:39:53,31016.4,0
2021-04-12 09:39:54,31010.3,0
2021-04-12 09:39:55,31014.35,0
2021-04-12 09:39:56,31014.2,0
2021-04-12 09:39:57,31020.7,0
2021-04-12 09:39:58,31036.7,0
2021-04-12 09:39:59,31033.75,0
2021-04-12 09:40:01,31043.45,0
2021-04-12 09:40:02,31038.15,0
2021-04-12 09:40:03,31037.2,0
2021-04-12 09:40:04,31022.3,0
2021-04-12 09:40:05,31019.05,0
2021-04-12 09:40:06,31025.1,0
2021-04-12 09:40:07,31034.95,0
2021-04-12 09:40:08,31040.45,0
2021-04-12 09:40:09,31038.6,0
2021-04-12 09:40:10,31044.35,0
2021-04-12 09:40:11,31040.7,0
2021-04-12 09:40:13,31032.55,0
2021-04-12 09:40:14,31033.15,0
2021-04-12 09:40:15,31037.3,0
2021-04-12 09:40:16,31030.6,0
2021-04-12 09:40:17,31029.0,0
2021-04-12 09:40:18,31033.05,0
2021-04-12 09:40:19,31033.4,0
2021-04-12 09:40:20,31027.35,0
2021-04-12 09:40:21,31014.15,0
2021-04-12 09:40:22,31020.4,0
2021-04-12 09:40:23,31026.5,0
2021-04-12 09:40:25,31016.75,0
2021-04-12 09:40:26,31019.3,0
2021-04-12 09:40:27,31021.1,0
2021-04-12 09:40:28,31023.1,0
2021-04-12 09:40:29,31027.5,0
2021-04-12 09:40:30,31028.5,0
2021-04-12 09:40:31,31022.05,0
2021-04-12 09:40:32,31015.3,0
2021-04-12 09:40:33,31006.5,0
2021-04-12 09:40:34,31008.65,0
2021-04-12 09:40:35,31020.85,0
2021-04-12 09:40:37,31019.75,0
2021-04-12 09:40:38,31017.15,0
2021-04-12 09:40:39,31017.85,0
2021-04-12 09:40:40,31019.95,0
2021-04-12 09:40:41,31031.55,0
2021-04-12 09:40:42,31030.25,0
2021-04-12 09:40:43,31030.1,0
2021-04-12 09:40:44,31028.85,0
2021-04-12 09:40:45,31026.75,0
2021-04-12 09:40:46,31025.8,0
2021-04-12 09:40:47,31034.85,0
2021-04-12 09:40:48,31036.25,0
2021-04-12 09:40:49,31044.2,0
2021-04-12 09:40:50,31042.6,0
2021-04-12 09:40:51,31043.5,0
2021-04-12 09:40:52,31050.35,0
2021-04-12 09:40:53,31055.9,0
2021-04-12 09:40:54,31057.3,0
2021-04-12 09:40:55,31060.55,0
2021-04-12 09:40:57,31059.2,0
2021-04-12 09:40:58,31064.15,0
2021-04-12 09:40:59,31065.8,0
2021-04-12 09:41:00,31069.1,0
2021-04-12 09:41:01,31070.55,0
2021-04-12 09:41:02,31069.5,0
2021-04-12 09:41:03,31078.0,0
2021-04-12 09:41:04,31083.6,0
2021-04-12 09:41:06,31084.55,0
2021-04-12 09:41:07,31085.05,0
2021-04-12 09:41:08,31090.6,0
2021-04-12 09:41:10,31080.15,0
2021-04-12 09:41:11,31088.9,0
2021-04-12 09:41:12,31086.35,0
2021-04-12 09:41:14,31068.0,0
2021-04-12 09:41:15,31060.4,0
2021-04-12 09:41:16,31064.25,0
2021-04-12 09:41:17,31065.3,0
2021-04-12 09:41:18,31070.9,0
2021-04-12 09:41:19,31071.85,0
2021-04-12 09:41:20,31068.3,0
2021-04-12 09:41:22,31075.75,0
2021-04-12 09:41:23,31079.2,0
2021-04-12 09:41:24,31072.2,0
2021-04-12 09:41:25,31079.65,0
2021-04-12 09:41:26,31059.4,0
2021-04-12 09:41:27,31067.5,0
2021-04-12 09:41:28,31077.05,0
2021-04-12 09:41:29,31056.7,0
2021-04-12 09:41:30,31063.1,0
2021-04-12 09:41:31,31058.9,0
2021-04-12 09:41:32,31058.05,0
2021-04-12 09:41:33,31064.6,0
2021-04-12 09:41:34,31060.5,0
2021-04-12 09:41:35,31064.05,0
2021-04-12 09:41:36,31070.85,0
2021-04-12 09:41:37,31067.15,0
2021-04-12 09:41:38,31061.95,0
2021-04-12 09:41:39,31068.95,0
2021-04-12 09:41:40,31073.1,0
2021-04-12 09:41:41,31067.45,0
2021-04-12 09:41:42,31065.45,0
2021-04-12 09:41:43,31059.25,0
2021-04-12 09:41:44,31069.85,0
2021-04-12 09:41:45,31071.3,0
2021-04-12 09:41:46,31061.9,0
2021-04-12 09:41:47,31068.75,0
2021-04-12 09:41:48,31066.75,0
2021-04-12 09:41:49,31066.75,0
2021-04-12 09:41:50,31058.55,0
2021-04-12 09:41:51,31063.55,0
2021-04-12 09:41:52,31055.75,0
2021-04-12 09:41:53,31060.15,0
2021-04-12 09:41:54,31060.75,0
2021-04-12 09:41:55,31067.2,0
2021-04-12 09:41:56,31065.5,0
2021-04-12 09:41:57,31061.65,0
2021-04-12 09:41:58,31061.15,0
2021-04-12 09:41:59,31071.75,0
2021-04-12 09:42:00,31072.35,0
2021-04-12 09:42:01,31070.8,0
2021-04-12 09:42:02,31069.55,0
2021-04-12 09:42:03,31074.6,0
2021-04-12 09:42:05,31073.35,0
2021-04-12 09:42:06,31075.55,0
2021-04-12 09:42:07,31077.85,0
2021-04-12 09:42:08,31079.85,0
2021-04-12 09:42:09,31084.05,0
2021-04-12 09:42:11,31086.85,0
2021-04-12 09:42:12,31091.7,0
2021-04-12 09:42:13,31090.35,0
2021-04-12 09:42:14,31089.55,0
2021-04-12 09:42:15,31089.95,0
2021-04-12 09:42:16,31099.35,0
2021-04-12 09:42:17,31094.85,0
2021-04-12 09:42:18,31094.2,0
2021-04-12 09:42:19,31079.55,0
2021-04-12 09:42:20,31082.7,0
2021-04-12 09:42:21,31088.7,0
2021-04-12 09:42:22,31067.6,0
2021-04-12 09:42:23,31081.3,0
2021-04-12 09:42:24,31083.1,0
2021-04-12 09:42:25,31084.1,0
2021-04-12 09:42:26,31087.25,0
2021-04-12 09:42:27,31090.5,0
2021-04-12 09:42:28,31084.95,0
2021-04-12 09:42:29,31087.2,0
2021-04-12 09:42:30,31089.3,0
2021-04-12 09:42:31,31086.05,0
2021-04-12 09:42:33,31076.2,0
2021-04-12 09:42:34,31078.35,0
2021-04-12 09:42:35,31077.2,0
2021-04-12 09:42:36,31087.35,0
2021-04-12 09:42:37,31088.75,0
2021-04-12 09:42:38,31088.2,0
2021-04-12 09:42:39,31092.75,0
2021-04-12 09:42:40,31093.75,0
2021-04-12 09:42:41,31082.55,0
2021-04-12 09:42:42,31092.7,0
2021-04-12 09:42:43,31072.9,0
2021-04-12 09:42:44,31086.1,0
2021-04-12 09:42:45,31074.0,0
2021-04-12 09:42:46,31076.45,0
2021-04-12 09:42:47,31084.4,0
2021-04-12 09:42:48,31057.2,0
2021-04-12 09:42:49,31061.2,0
2021-04-12 09:42:50,31057.55,0
2021-04-12 09:42:51,31066.8,0
2021-04-12 09:42:52,31063.6,0
2021-04-12 09:42:53,31050.55,0
2021-04-12 09:42:54,31051.0,0
2021-04-12 09:42:55,31052.35,0
2021-04-12 09:42:56,31053.9,0
2021-04-12 09:42:57,31053.3,0
2021-04-12 09:42:58,31060.05,0
2021-04-12 09:42:59,31065.2,0
2021-04-12 09:43:00,31063.35,0
2021-04-12 09:43:01,31068.9,0
2021-04-12 09:43:02,31075.9,0
2021-04-12 09:43:03,31056.05,0
2021-04-12 09:43:04,31068.25,0
2021-04-12 09:43:05,31072.65,0
2021-04-12 09:43:06,31076.35,0
2021-04-12 09:43:07,31082.15,0
2021-04-12 09:43:09,31077.25,0
2021-04-12 09:43:10,31082.25,0
2021-04-12 09:43:11,31078.4,0
2021-04-12 09:43:12,31072.1,0
2021-04-12 09:43:13,31074.85,0
2021-04-12 09:43:14,31071.55,0
2021-04-12 09:43:15,31069.25,0
2021-04-12 09:43:16,31074.6,0
2021-04-12 09:43:17,31070.75,0
2021-04-12 09:43:18,31076.25,0
2021-04-12 09:43:20,31079.25,0
2021-04-12 09:43:21,31082.85,0
2021-04-12 09:43:22,31092.2,0
2021-04-12 09:43:23,31085.25,0
2021-04-12 09:43:24,31071.75,0
2021-04-12 09:43:25,31071.55,0
2021-04-12 09:43:26,31075.8,0
2021-04-12 09:43:27,31079.2,0
2021-04-12 09:43:28,31072.95,0
2021-04-12 09:43:29,31083.25,0
2021-04-12 09:43:30,31083.9,0
2021-04-12 09:43:31,31083.0,0
2021-04-12 09:43:32,31060.95,0
2021-04-12 09:43:33,31070.05,0
2021-04-12 09:43:34,31068.95,0
2021-04-12 09:43:35,31067.35,0
2021-04-12 09:43:37,31068.65,0
2021-04-12 09:43:38,31074.4,0
2021-04-12 09:43:39,31073.7,0
2021-04-12 09:43:40,31071.1,0
2021-04-12 09:43:41,31074.9,0
2021-04-12 09:43:42,31072.6,0
2021-04-12 09:43:43,31072.4,0
2021-04-12 09:43:44,31053.3,0
2021-04-12 09:43:45,31055.5,0
2021-04-12 09:43:46,31054.35,0
2021-04-12 09:43:49,31068.0,0
2021-04-12 09:43:51,31065.3,0
2021-04-12 09:43:52,31065.4,0
2021-04-12 09:43:53,31067.1,0
2021-04-12 09:43:54,31062.7,0
2021-04-12 09:43:55,31063.75,0
2021-04-12 09:43:56,31067.85,0
2021-04-12 09:43:57,31068.45,0
2021-04-12 09:43:58,31069.05,0
2021-04-12 09:43:59,31069.7,0
2021-04-12 09:44:00,31065.6,0
2021-04-12 09:44:01,31069.85,0
2021-04-12 09:44:03,31071.2,0
2021-04-12 09:44:04,31071.2,0
2021-04-12 09:44:05,31073.3,0
2021-04-12 09:44:06,31069.8,0
2021-04-12 09:44:07,31074.05,0
2021-04-12 09:44:08,31072.55,0
2021-04-12 09:44:09,31074.8,0
2021-04-12 09:44:10,31074.75,0
2021-04-12 09:44:11,31073.05,0
2021-04-12 09:44:12,31068.35,0
2021-04-12 09:44:14,31070.0,0
2021-04-12 09:44:15,31067.05,0
2021-04-12 09:44:17,31077.7,0
2021-04-12 09:44:18,31079.55,0
2021-04-12 09:44:19,31078.55,0
2021-04-12 09:44:20,31078.8,0
2021-04-12 09:44:21,31084.2,0
2021-04-12 09:44:22,31082.3,0
2021-04-12 09:44:23,31087.95,0
2021-04-12 09:44:25,31091.65,0
2021-04-12 09:44:26,31088.05,0
2021-04-12 09:44:27,31089.15,0
2021-04-12 09:44:28,31085.0,0
2021-04-12 09:44:29,31085.5,0
2021-04-12 09:44:30,31088.35,0
2021-04-12 09:44:31,31092.25,0
2021-04-12 09:44:32,31091.8,0
2021-04-12 09:44:33,31099.45,0
2021-04-12 09:44:34,31095.35,0
2021-04-12 09:44:35,31100.1,0
2021-04-12 09:44:36,31101.9,0
2021-04-12 09:44:37,31100.0,0
2021-04-12 09:44:38,31077.4,0
2021-04-12 09:44:39,31082.6,0
2021-04-12 09:44:40,31087.9,0
2021-04-12 09:44:41,31093.2,0
2021-04-12 09:44:42,31099.55,0
2021-04-12 09:44:43,31080.2,0
2021-04-12 09:44:44,31091.6,0
2021-04-12 09:44:45,31083.25,0
2021-04-12 09:44:46,31087.85,0
2021-04-12 09:44:47,31098.15,0
2021-04-12 09:44:48,31099.1,0
2021-04-12 09:44:49,31077.05,0
2021-04-12 09:44:50,31088.75,0
2021-04-12 09:44:51,31089.1,0
2021-04-12 09:44:52,31098.4,0
2021-04-12 09:44:54,31095.95,0
2021-04-12 09:44:56,31096.95,0
2021-04-12 09:44:57,31102.15,0
2021-04-12 09:44:58,31109.05,0
2021-04-12 09:44:59,31108.15,0
2021-04-12 09:45:00,31108.35,0
2021-04-12 09:45:01,31101.75,0
2021-04-12 09:45:02,31100.15,0
2021-04-12 09:45:03,31096.65,0
2021-04-12 09:45:04,31093.8,0
2021-04-12 09:45:05,31093.6,0
2021-04-12 09:45:06,31099.4,0
2021-04-12 09:45:07,31102.3,0
2021-04-12 09:45:08,31103.35,0
2021-04-12 09:45:09,31104.8,0
2021-04-12 09:45:10,31106.5,0
2021-04-12 09:45:11,31111.45,0
2021-04-12 09:45:12,31112.6,0
2021-04-12 09:45:13,31110.1,0
2021-04-12 09:45:14,31112.5,0
2021-04-12 09:45:15,31119.65,0
2021-04-12 09:45:16,31115.8,0
2021-04-12 09:45:17,31118.85,0
2021-04-12 09:45:18,31118.35,0
2021-04-12 09:45:20,31120.3,0
2021-04-12 09:45:21,31127.65,0
2021-04-12 09:45:22,31127.9,0
2021-04-12 09:45:23,31129.8,0
2021-04-12 09:45:24,31134.5,0
2021-04-12 09:45:25,31132.1,0
2021-04-12 09:45:26,31133.6,0
2021-04-12 09:45:27,31130.25,0
2021-04-12 09:45:28,31136.5,0
2021-04-12 09:45:29,31134.9,0
2021-04-12 09:45:30,31134.25,0
2021-04-12 09:45:31,31135.0,0
2021-04-12 09:45:32,31136.35,0
2021-04-12 09:45:33,31126.1,0
2021-04-12 09:45:34,31123.5,0
2021-04-12 09:45:35,31124.2,0
2021-04-12 09:45:36,31134.0,0
2021-04-12 09:45:37,31137.6,0
2021-04-12 09:45:38,31136.65,0
2021-04-12 09:45:39,31136.85,0
2021-04-12 09:45:40,31134.5,0
2021-04-12 09:45:41,31128.75,0
2021-04-12 09:45:42,31133.8,0
2021-04-12 09:45:43,31137.25,0
2021-04-12 09:45:44,31134.85,0
2021-04-12 09:45:45,31127.85,0
2021-04-12 09:45:46,31136.1,0
2021-04-12 09:45:48,31150.75,0
2021-04-12 09:45:49,31150.15,0
2021-04-12 09:45:50,31150.3,0
2021-04-12 09:45:51,31158.35,0
2021-04-12 09:45:52,31138.35,0
2021-04-12 09:45:53,31148.9,0
2021-04-12 09:45:54,31151.7,0
2021-04-12 09:45:55,31159.0,0
2021-04-12 09:45:56,31161.7,0
2021-04-12 09:45:57,31159.0,0
2021-04-12 09:45:58,31150.85,0
2021-04-12 09:46:00,31163.95,0
2021-04-12 09:46:01,31166.45,0
2021-04-12 09:46:02,31161.85,0
2021-04-12 09:46:03,31167.3,0
2021-04-12 09:46:04,31177.75,0
2021-04-12 09:46:05,31170.5,0
2021-04-12 09:46:06,31168.75,0
2021-04-12 09:46:07,31162.9,0
2021-04-12 09:46:08,31165.9,0
2021-04-12 09:46:09,31164.95,0
2021-04-12 09:46:10,31129.9,0
2021-04-12 09:46:11,31146.65,0
2021-04-12 09:46:12,31139.2,0
2021-04-12 09:46:13,31150.55,0
2021-04-12 09:46:14,31118.55,0
2021-04-12 09:46:15,31128.9,0
2021-04-12 09:46:16,31129.2,0
2021-04-12 09:46:17,31121.0,0
2021-04-12 09:46:18,31120.15,0
2021-04-12 09:46:19,31119.15,0
2021-04-12 09:46:20,31115.75,0
2021-04-12 09:46:21,31117.7,0
2021-04-12 09:46:22,31111.2,0
2021-04-12 09:46:23,31113.15,0
2021-04-12 09:46:24,31109.7,0
2021-04-12 09:46:25,31100.05,0
2021-04-12 09:46:26,31101.5,0
2021-04-12 09:46:27,31100.05,0
2021-04-12 09:46:28,31097.35,0
2021-04-12 09:46:29,31095.6,0
2021-04-12 09:46:30,31093.6,0
2021-04-12 09:46:31,31097.95,0
2021-04-12 09:46:32,31090.25,0
2021-04-12 09:46:33,31085.25,0
2021-04-12 09:46:34,31087.05,0
2021-04-12 09:46:36,31071.1,0
2021-04-12 09:46:37,31073.6,0
2021-04-12 09:46:38,31077.6,0
2021-04-12 09:46:39,31077.45,0
2021-04-12 09:46:40,31081.1,0
2021-04-12 09:46:41,31084.35,0
2021-04-12 09:46:42,31083.65,0
2021-04-12 09:46:43,31088.95,0
2021-04-12 09:46:44,31088.7,0
2021-04-12 09:46:45,31088.55,0
2021-04-12 09:46:46,31094.65,0
2021-04-12 09:46:47,31101.65,0
2021-04-12 09:46:48,31109.05,0
2021-04-12 09:46:49,31095.1,0
2021-04-12 09:46:50,31092.75,0
2021-04-12 09:46:51,31097.25,0
2021-04-12 09:46:52,31096.5,0
2021-04-12 09:46:53,31092.1,0
2021-04-12 09:46:54,31097.15,0
2021-04-12 09:46:55,31076.8,0
2021-04-12 09:46:56,31089.35,0
2021-04-12 09:46:57,31100.3,0
2021-04-12 09:46:58,31096.15,0
2021-04-12 09:46:59,31094.2,0
2021-04-12 09:47:00,31093.6,0
2021-04-12 09:47:02,31095.4,0
2021-04-12 09:47:03,31095.8,0
2021-04-12 09:47:04,31098.4,0
2021-04-12 09:47:05,31091.55,0
2021-04-12 09:47:06,31092.45,0
2021-04-12 09:47:07,31102.1,0
2021-04-12 09:47:08,31101.55,0
2021-04-12 09:47:09,31086.7,0
2021-04-12 09:47:10,31087.75,0
2021-04-12 09:47:12,31080.9,0
2021-04-12 09:47:13,31084.5,0
2021-04-12 09:47:14,31075.9,0
2021-04-12 09:47:15,31077.15,0
2021-04-12 09:47:16,31076.6,0
2021-04-12 09:47:17,31076.05,0
2021-04-12 09:47:18,31073.1,0
2021-04-12 09:47:19,31067.55,0
2021-04-12 09:47:20,31063.05,0
2021-04-12 09:47:21,31057.45,0
2021-04-12 09:47:24,31045.75,0
2021-04-12 09:47:25,31045.6,0
2021-04-12 09:47:26,31053.15,0
2021-04-12 09:47:27,31052.4,0
2021-04-12 09:47:28,31052.95,0
2021-04-12 09:47:29,31049.9,0
2021-04-12 09:47:31,31065.7,0
2021-04-12 09:47:32,31062.95,0
2021-04-12 09:47:33,31065.25,0
2021-04-12 09:47:34,31067.75,0
2021-04-12 09:47:35,31071.05,0
2021-04-12 09:47:36,31056.3,0
2021-04-12 09:47:37,31055.85,0
2021-04-12 09:47:38,31053.55,0
2021-04-12 09:47:39,31055.1,0
2021-04-12 09:47:40,31059.7,0
2021-04-12 09:47:41,31064.45,0
2021-04-12 09:47:43,31054.7,0
2021-04-12 09:47:44,31062.5,0
2021-04-12 09:47:45,31058.85,0
2021-04-12 09:47:46,31057.55,0
2021-04-12 09:47:47,31055.5,0
2021-04-12 09:47:48,31053.85,0
2021-04-12 09:47:50,31062.9,0
2021-04-12 09:47:51,31061.3,0
2021-04-12 09:47:52,31063.5,0
2021-04-12 09:47:53,31064.35,0
2021-04-12 09:47:54,31065.4,0
2021-04-12 09:47:55,31066.15,0
2021-04-12 09:47:56,31071.4,0
2021-04-12 09:47:57,31077.6,0
2021-04-12 09:47:58,31078.35,0
2021-04-12 09:47:59,31085.6,0
2021-04-12 09:48:00,31087.8,0
2021-04-12 09:48:01,31079.25,0
2021-04-12 09:48:02,31075.6,0
2021-04-12 09:48:03,31080.25,0
2021-04-12 09:48:04,31082.5,0
2021-04-12 09:48:05,31089.4,0
2021-04-12 09:48:06,31094.75,0
2021-04-12 09:48:07,31095.95,0
2021-04-12 09:48:08,31083.85,0
2021-04-12 09:48:09,31094.7,0
2021-04-12 09:48:10,31092.4,0
2021-04-12 09:48:11,31097.75,0
2021-04-12 09:48:12,31095.0,0
2021-04-12 09:48:13,31089.45,0
2021-04-12 09:48:15,31102.05,0
2021-04-12 09:48:16,31104.0,0
2021-04-12 09:48:17,31110.85,0
2021-04-12 09:48:18,31108.2,0
2021-04-12 09:48:19,31109.4,0
2021-04-12 09:48:20,31114.05,0
2021-04-12 09:48:21,31117.8,0
2021-04-12 09:48:22,31117.5,0
2021-04-12 09:48:23,31117.0,0
2021-04-12 09:48:24,31123.2,0
2021-04-12 09:48:25,31124.55,0
2021-04-12 09:48:26,31109.15,0
2021-04-12 09:48:27,31096.75,0
2021-04-12 09:48:28,31110.55,0
2021-04-12 09:48:29,31118.5,0
2021-04-12 09:48:31,31120.15,0
2021-04-12 09:48:32,31125.1,0
2021-04-12 09:48:33,31126.2,0
2021-04-12 09:48:34,31127.55,0
2021-04-12 09:48:35,31119.35,0
2021-04-12 09:48:37,31129.05,0
2021-04-12 09:48:38,31127.7,0
2021-04-12 09:48:39,31132.3,0
2021-04-12 09:48:40,31126.2,0
2021-04-12 09:48:41,31133.9,0
2021-04-12 09:48:42,31139.25,0
2021-04-12 09:48:43,31136.2,0
2021-04-12 09:48:45,31144.6,0
2021-04-12 09:48:46,31139.2,0
2021-04-12 09:48:47,31137.05,0
2021-04-12 09:48:48,31139.8,0
2021-04-12 09:48:49,31142.0,0
2021-04-12 09:48:50,31144.8,0
2021-04-12 09:48:51,31138.8,0
2021-04-12 09:48:52,31142.55,0
2021-04-12 09:48:53,31143.35,0
2021-04-12 09:48:54,31149.65,0
2021-04-12 09:48:55,31149.7,0
2021-04-12 09:48:56,31144.75,0
2021-04-12 09:48:57,31141.45,0
2021-04-12 09:48:58,31144.2,0
2021-04-12 09:48:59,31144.55,0
2021-04-12 09:49:00,31150.8,0
2021-04-12 09:49:01,31154.2,0
2021-04-12 09:49:02,31152.3,0
2021-04-12 09:49:03,31157.55,0
2021-04-12 09:49:04,31164.1,0
2021-04-12 09:49:05,31156.6,0
2021-04-12 09:49:06,31151.6,0
2021-04-12 09:49:07,31148.8,0
2021-04-12 09:49:08,31148.3,0
2021-04-12 09:49:09,31154.9,0
2021-04-12 09:49:10,31154.45,0
2021-04-12 09:49:11,31152.85,0
2021-04-12 09:49:12,31146.75,0
2021-04-12 09:49:13,31148.5,0
2021-04-12 09:49:14,31135.8,0
2021-04-12 09:49:16,31123.15,0
2021-04-12 09:49:17,31115.8,0
2021-04-12 09:49:18,31121.65,0
2021-04-12 09:49:19,31118.2,0
2021-04-12 09:49:20,31118.3,0
2021-04-12 09:49:21,31115.9,0
2021-04-12 09:49:22,31121.75,0
2021-04-12 09:49:23,31117.05,0
2021-04-12 09:49:24,31120.6,0
2021-04-12 09:49:25,31118.05,0
2021-04-12 09:49:26,31115.55,0
2021-04-12 09:49:27,31111.75,0
2021-04-12 09:49:28,31107.0,0
2021-04-12 09:49:29,31106.05,0
2021-04-12 09:49:30,31109.15,0
2021-04-12 09:49:31,31107.6,0
2021-04-12 09:49:32,31091.8,0
2021-04-12 09:49:33,31088.9,0
2021-04-12 09:49:35,31084.1,0
2021-04-12 09:49:36,31078.45,0
2021-04-12 09:49:37,31084.25,0
2021-04-12 09:49:38,31082.0,0
2021-04-12 09:49:39,31088.55,0
2021-04-12 09:49:40,31095.95,0
2021-04-12 09:49:41,31094.2,0
2021-04-12 09:49:42,31099.15,0
2021-04-12 09:49:43,31107.95,0
2021-04-12 09:49:44,31103.45,0
2021-04-12 09:49:45,31102.75,0
2021-04-12 09:49:46,31101.35,0
2021-04-12 09:49:47,31111.15,0
2021-04-12 09:49:48,31105.35,0
2021-04-12 09:49:49,31105.45,0
2021-04-12 09:49:50,31109.3,0
2021-04-12 09:49:51,31116.65,0
2021-04-12 09:49:52,31120.3,0
2021-04-12 09:49:53,31119.35,0
2021-04-12 09:49:54,31121.05,0
2021-04-12 09:49:55,31111.0,0
2021-04-12 09:49:56,31109.85,0
2021-04-12 09:49:57,31108.8,0
2021-04-12 09:49:58,31107.9,0
2021-04-12 09:49:59,31106.6,0
2021-04-12 09:50:00,31109.25,0
2021-04-12 09:50:01,31107.35,0
2021-04-12 09:50:02,31102.6,0
2021-04-12 09:50:03,31091.75,0
2021-04-12 09:50:04,31096.9,0
2021-04-12 09:50:05,31098.3,0
2021-04-12 09:50:06,31098.35,0
2021-04-12 09:50:07,31101.85,0
2021-04-12 09:50:08,31097.0,0
2021-04-12 09:50:09,31099.2,0
2021-04-12 09:50:10,31096.75,0
2021-04-12 09:50:11,31093.6,0
2021-04-12 09:50:12,31091.45,0
2021-04-12 09:50:13,31093.65,0
2021-04-12 09:50:14,31104.0,0
2021-04-12 09:50:15,31099.6,0
2021-04-12 09:50:16,31097.7,0
2021-04-12 09:50:17,31097.25,0
2021-04-12 09:50:18,31097.45,0
2021-04-12 09:50:19,31098.9,0
2021-04-12 09:50:20,31098.4,0
2021-04-12 09:50:21,31093.5,0
2021-04-12 09:50:22,31092.8,0
2021-04-12 09:50:23,31092.45,0
2021-04-12 09:50:25,31097.6,0
2021-04-12 09:50:26,31098.5,0
2021-04-12 09:50:27,31098.0,0
2021-04-12 09:50:28,31094.7,0
2021-04-12 09:50:29,31099.1,0
2021-04-12 09:50:30,31100.55,0
2021-04-12 09:50:31,31101.9,0
2021-04-12 09:50:32,31103.35,0
2021-04-12 09:50:33,31106.7,0
2021-04-12 09:50:35,31120.8,0
2021-04-12 09:50:36,31120.5,0
2021-04-12 09:50:37,31114.2,0
2021-04-12 09:50:38,31117.7,0
2021-04-12 09:50:39,31121.65,0
2021-04-12 09:50:40,31123.65,0
2021-04-12 09:50:41,31120.45,0
2021-04-12 09:50:42,31122.65,0
2021-04-12 09:50:43,31124.8,0
2021-04-12 09:50:44,31126.95,0
2021-04-12 09:50:45,31128.15,0
2021-04-12 09:50:46,31125.75,0
2021-04-12 09:50:47,31132.0,0
2021-04-12 09:50:48,31133.85,0
2021-04-12 09:50:49,31136.5,0
2021-04-12 09:50:50,31137.1,0
2021-04-12 09:50:51,31140.65,0
2021-04-12 09:50:52,31138.5,0
2021-04-12 09:50:53,31141.05,0
2021-04-12 09:50:54,31143.9,0
2021-04-12 09:50:55,31146.05,0
2021-04-12 09:50:56,31141.8,0
2021-04-12 09:50:57,31146.95,0
2021-04-12 09:50:58,31144.4,0
2021-04-12 09:50:59,31141.0,0
2021-04-12 09:51:00,31146.05,0
2021-04-12 09:51:01,31152.2,0
2021-04-12 09:51:02,31150.25,0
2021-04-12 09:51:03,31147.65,0
2021-04-12 09:51:04,31144.45,0
2021-04-12 09:51:05,31139.15,0
2021-04-12 09:51:06,31131.3,0
2021-04-12 09:51:07,31132.2,0
2021-04-12 09:51:08,31134.85,0
2021-04-12 09:51:09,31137.45,0
2021-04-12 09:51:10,31137.35,0
2021-04-12 09:51:11,31139.05,0
2021-04-12 09:51:12,31138.9,0
2021-04-12 09:51:13,31145.1,0
2021-04-12 09:51:14,31145.6,0
2021-04-12 09:51:15,31142.1,0
2021-04-12 09:51:16,31145.45,0
2021-04-12 09:51:17,31145.4,0
2021-04-12 09:51:18,31147.65,0
2021-04-12 09:51:19,31135.15,0
2021-04-12 09:51:20,31140.3,0
2021-04-12 09:51:21,31129.85,0
2021-04-12 09:51:22,31118.2,0
2021-04-12 09:51:23,31123.35,0
2021-04-12 09:51:24,31124.1,0
2021-04-12 09:51:25,31123.35,0
2021-04-12 09:51:26,31121.75,0
2021-04-12 09:51:28,31129.45,0
2021-04-12 09:51:29,31133.6,0
2021-04-12 09:51:30,31139.85,0
2021-04-12 09:51:31,31140.5,0
2021-04-12 09:51:32,31138.65,0
2021-04-12 09:51:33,31138.25,0
2021-04-12 09:51:34,31137.35,0
2021-04-12 09:51:35,31133.7,0
2021-04-12 09:51:36,31139.85,0
2021-04-12 09:51:37,31142.15,0
2021-04-12 09:51:38,31138.6,0
2021-04-12 09:51:39,31142.55,0
2021-04-12 09:51:40,31139.65,0
2021-04-12 09:51:42,31142.15,0
2021-04-12 09:51:43,31139.35,0
2021-04-12 09:51:44,31139.55,0
2021-04-12 09:51:45,31138.8,0
2021-04-12 09:51:46,31130.0,0
2021-04-12 09:51:47,31133.4,0
2021-04-12 09:51:48,31133.9,0
2021-04-12 09:51:49,31132.35,0
2021-04-12 09:51:50,31132.9,0
2021-04-12 09:51:51,31122.85,0
2021-04-12 09:51:52,31125.1,0
2021-04-12 09:51:53,31127.75,0
2021-04-12 09:51:54,31131.3,0
2021-04-12 09:51:55,31132.0,0
2021-04-12 09:51:56,31130.55,0
2021-04-12 09:51:57,31133.8,0
2021-04-12 09:51:58,31138.55,0
2021-04-12 09:51:59,31137.1,0
2021-04-12 09:52:00,31138.45,0
2021-04-12 09:52:01,31135.5,0
2021-04-12 09:52:02,31138.3,0
2021-04-12 09:52:03,31135.9,0
2021-04-12 09:52:04,31138.05,0
2021-04-12 09:52:05,31136.25,0
2021-04-12 09:52:06,31131.45,0
2021-04-12 09:52:07,31133.45,0
2021-04-12 09:52:08,31136.75,0
2021-04-12 09:52:09,31137.5,0
2021-04-12 09:52:14,31138.65,0
2021-04-12 09:52:15,31134.9,0
2021-04-12 09:52:16,31128.75,0
2021-04-12 09:52:17,31130.7,0
2021-04-12 09:52:18,31133.25,0
2021-04-12 09:52:19,31136.15,0
2021-04-12 09:52:20,31139.15,0
2021-04-12 09:52:21,31138.6,0
2021-04-12 09:52:22,31142.3,0
2021-04-12 09:52:23,31140.3,0
2021-04-12 09:52:24,31139.85,0
2021-04-12 09:52:25,31133.8,0
2021-04-12 09:52:26,31133.8,0
2021-04-12 09:52:27,31133.65,0
2021-04-12 09:52:28,31135.1,0
2021-04-12 09:52:29,31133.4,0
2021-04-12 09:52:30,31130.8,0
2021-04-12 09:52:31,31135.0,0
2021-04-12 09:52:32,31135.65,0
2021-04-12 09:52:33,31123.9,0
2021-04-12 09:52:34,31117.5,0
2021-04-12 09:52:35,31118.8,0
2021-04-12 09:52:36,31114.1,0
2021-04-12 09:52:37,31115.0,0
2021-04-12 09:52:38,31119.2,0
2021-04-12 09:52:39,31119.5,0
2021-04-12 09:52:40,31118.0,0
2021-04-12 09:52:41,31120.0,0
2021-04-12 09:52:42,31118.85,0
2021-04-12 09:52:43,31118.45,0
2021-04-12 09:52:44,31116.5,0
2021-04-12 09:52:45,31118.65,0
2021-04-12 09:52:46,31122.15,0
2021-04-12 09:52:47,31124.35,0
2021-04-12 09:52:48,31125.55,0
2021-04-12 09:52:49,31125.7,0
2021-04-12 09:52:50,31132.4,0
2021-04-12 09:52:51,31130.5,0
2021-04-12 09:52:52,31130.55,0
2021-04-12 09:52:53,31125.45,0
2021-04-12 09:52:54,31124.8,0
2021-04-12 09:52:55,31126.45,0
2021-04-12 09:52:56,31129.3,0
2021-04-12 09:52:57,31132.15,0
2021-04-12 09:52:58,31134.6,0
2021-04-12 09:52:59,31129.95,0
2021-04-12 09:53:00,31128.0,0
2021-04-12 09:53:02,31125.2,0
2021-04-12 09:53:03,31124.9,0
2021-04-12 09:53:04,31121.1,0
2021-04-12 09:53:05,31120.4,0
2021-04-12 09:53:06,31115.85,0
2021-04-12 09:53:07,31118.45,0
2021-04-12 09:53:08,31123.1,0
2021-04-12 09:53:09,31123.65,0
2021-04-12 09:53:10,31125.2,0
2021-04-12 09:53:11,31126.05,0
2021-04-12 09:53:12,31126.25,0
2021-04-12 09:53:14,31130.15,0
2021-04-12 09:53:16,31135.85,0
2021-04-12 09:53:17,31132.5,0
2021-04-12 09:53:18,31135.85,0
2021-04-12 09:53:19,31139.0,0
2021-04-12 09:53:20,31128.6,0
2021-04-12 09:53:21,31137.85,0
2021-04-12 09:53:22,31139.1,0
2021-04-12 09:53:23,31138.95,0
2021-04-12 09:53:24,31136.0,0
2021-04-12 09:53:26,31142.25,0
2021-04-12 09:53:27,31134.0,0
2021-04-12 09:53:28,31136.4,0
2021-04-12 09:53:29,31128.6,0
2021-04-12 09:53:30,31128.3,0
2021-04-12 09:53:31,31128.8,0
2021-04-12 09:53:32,31130.15,0
2021-04-12 09:53:33,31129.2,0
2021-04-12 09:53:34,31133.1,0
2021-04-12 09:53:35,31133.8,0
2021-04-12 09:53:36,31130.95,0
2021-04-12 09:53:37,31135.25,0
2021-04-12 09:53:39,31128.1,0
2021-04-12 09:53:40,31125.75,0
2021-04-12 09:53:41,31125.3,0
2021-04-12 09:53:42,31124.95,0
2021-04-12 09:53:43,31126.6,0
2021-04-12 09:53:44,31126.75,0
2021-04-12 09:53:45,31124.05,0
2021-04-12 09:53:46,31121.5,0
2021-04-12 09:53:47,31124.55,0
2021-04-12 09:53:48,31125.55,0
2021-04-12 09:53:49,31125.45,0
2021-04-12 09:53:50,31126.9,0
2021-04-12 09:53:51,31125.9,0
2021-04-12 09:53:52,31127.05,0
2021-04-12 09:53:53,31130.75,0
2021-04-12 09:53:54,31134.5,0
2021-04-12 09:53:55,31133.8,0
2021-04-12 09:53:56,31134.05,0
2021-04-12 09:53:57,31134.5,0
2021-04-12 09:53:58,31133.95,0
2021-04-12 09:53:59,31133.1,0
2021-04-12 09:54:00,31133.2,0
2021-04-12 09:54:01,31136.55,0
2021-04-12 09:54:02,31137.7,0
2021-04-12 09:54:03,31135.5,0
2021-04-12 09:54:04,31139.15,0
2021-04-12 09:54:05,31137.05,0
2021-04-12 09:54:06,31138.15,0
2021-04-12 09:54:07,31139.8,0
2021-04-12 09:54:08,31141.45,0
2021-04-12 09:54:09,31137.25,0
2021-04-12 09:54:10,31134.45,0
2021-04-12 09:54:11,31135.1,0
2021-04-12 09:54:12,31140.1,0
2021-04-12 09:54:13,31141.4,0
2021-04-12 09:54:14,31142.2,0
2021-04-12 09:54:15,31134.4,0
2021-04-12 09:54:16,31137.55,0
2021-04-12 09:54:17,31133.5,0
2021-04-12 09:54:18,31133.3,0
2021-04-12 09:54:19,31134.65,0
2021-04-12 09:54:20,31134.2,0
2021-04-12 09:54:21,31132.25,0
2021-04-12 09:54:23,31126.1,0
2021-04-12 09:54:24,31126.4,0
2021-04-12 09:54:25,31129.85,0
2021-04-12 09:54:26,31131.9,0
2021-04-12 09:54:27,31133.5,0
2021-04-12 09:54:28,31134.45,0
2021-04-12 09:54:30,31137.1,0
2021-04-12 09:54:31,31141.8,0
2021-04-12 09:54:32,31133.75,0
2021-04-12 09:54:33,31136.55,0
2021-04-12 09:54:34,31137.9,0
2021-04-12 09:54:35,31137.55,0
2021-04-12 09:54:36,31139.05,0
2021-04-12 09:54:37,31115.05,0
2021-04-12 09:54:38,31120.35,0
2021-04-12 09:54:39,31123.85,0
2021-04-12 09:54:40,31121.0,0
2021-04-12 09:54:41,31123.75,0
2021-04-12 09:54:42,31124.5,0
2021-04-12 09:54:43,31123.0,0
2021-04-12 09:54:44,31122.6,0
2021-04-12 09:54:45,31121.45,0
2021-04-12 09:54:47,31125.05,0
2021-04-12 09:54:48,31133.45,0
2021-04-12 09:54:49,31130.7,0
2021-04-12 09:54:50,31128.0,0
2021-04-12 09:54:51,31126.65,0
2021-04-12 09:54:52,31122.1,0
2021-04-12 09:54:53,31123.6,0
2021-04-12 09:54:54,31126.95,0
2021-04-12 09:54:55,31128.8,0
2021-04-12 09:54:56,31127.8,0
2021-04-12 09:54:57,31126.65,0
2021-04-12 09:54:58,31126.95,0
2021-04-12 09:54:59,31118.55,0
2021-04-12 09:55:00,31122.6,0
2021-04-12 09:55:01,31117.6,0
2021-04-12 09:55:02,31121.0,0
2021-04-12 09:55:03,31118.4,0
2021-04-12 09:55:04,31119.8,0
2021-04-12 09:55:05,31114.8,0
2021-04-12 09:55:06,31113.8,0
2021-04-12 09:55:07,31115.1,0
2021-04-12 09:55:08,31118.0,0
2021-04-12 09:55:10,31115.9,0
2021-04-12 09:55:11,31121.25,0
2021-04-12 09:55:12,31121.6,0
2021-04-12 09:55:13,31120.65,0
2021-04-12 09:55:14,31124.6,0
2021-04-12 09:55:15,31122.8,0
2021-04-12 09:55:16,31126.55,0
2021-04-12 09:55:17,31122.2,0
2021-04-12 09:55:18,31125.15,0
2021-04-12 09:55:19,31125.95,0
2021-04-12 09:55:20,31123.9,0
2021-04-12 09:55:21,31126.9,0
2021-04-12 09:55:22,31122.2,0
2021-04-12 09:55:23,31126.65,0
2021-04-12 09:55:24,31123.55,0
2021-04-12 09:55:25,31125.3,0
2021-04-12 09:55:26,31125.55,0
2021-04-12 09:55:27,31124.4,0
2021-04-12 09:55:29,31127.25,0
2021-04-12 09:55:30,31128.2,0
2021-04-12 09:55:31,31123.05,0
2021-04-12 09:55:32,31126.75,0
2021-04-12 09:55:33,31130.3,0
2021-04-12 09:55:34,31130.3,0
2021-04-12 09:55:35,31130.75,0
2021-04-12 09:55:36,31134.7,0
2021-04-12 09:55:37,31141.95,0
2021-04-12 09:55:38,31141.7,0
2021-04-12 09:55:39,31143.55,0
2021-04-12 09:55:40,31147.75,0
2021-04-12 09:55:41,31145.65,0
2021-04-12 09:55:42,31155.3,0
2021-04-12 09:55:43,31160.25,0
2021-04-12 09:55:44,31160.3,0
2021-04-12 09:55:45,31159.9,0
2021-04-12 09:55:46,31164.05,0
2021-04-12 09:55:47,31180.6,0
2021-04-12 09:55:48,31183.55,0
2021-04-12 09:55:49,31178.5,0
2021-04-12 09:55:50,31183.2,0
2021-04-12 09:55:51,31184.0,0
2021-04-12 09:55:52,31187.7,0
2021-04-12 09:55:53,31182.05,0
2021-04-12 09:55:54,31180.2,0
2021-04-12 09:55:55,31180.95,0
2021-04-12 09:55:56,31184.1,0
2021-04-12 09:55:57,31188.6,0
2021-04-12 09:55:58,31191.15,0
2021-04-12 09:55:59,31188.55,0
2021-04-12 09:56:00,31193.35,0
2021-04-12 09:56:01,31193.05,0
2021-04-12 09:56:02,31193.85,0
2021-04-12 09:56:03,31192.6,0
2021-04-12 09:56:05,31188.35,0
2021-04-12 09:56:06,31189.3,0
2021-04-12 09:56:07,31191.25,0
2021-04-12 09:56:08,31192.95,0
2021-04-12 09:56:09,31192.9,0
2021-04-12 09:56:10,31195.25,0
2021-04-12 09:56:11,31190.95,0
2021-04-12 09:56:12,31172.0,0
2021-04-12 09:56:13,31173.5,0
2021-04-12 09:56:14,31173.9,0
2021-04-12 09:56:15,31181.9,0
2021-04-12 09:56:16,31181.45,0
2021-04-12 09:56:17,31183.65,0
2021-04-12 09:56:18,31185.35,0
2021-04-12 09:56:19,31185.1,0
2021-04-12 09:56:20,31183.8,0
2021-04-12 09:56:21,31187.65,0
2021-04-12 09:56:22,31188.05,0
2021-04-12 09:56:23,31183.45,0
2021-04-12 09:56:25,31182.5,0
2021-04-12 09:56:26,31164.15,0
2021-04-12 09:56:27,31173.2,0
2021-04-12 09:56:28,31175.3,0
2021-04-12 09:56:29,31177.35,0
2021-04-12 09:56:30,31183.9,0
2021-04-12 09:56:31,31184.0,0
2021-04-12 09:56:32,31185.95,0
2021-04-12 09:56:33,31186.25,0
2021-04-12 09:56:34,31180.1,0
2021-04-12 09:56:35,31176.95,0
2021-04-12 09:56:36,31168.85,0
2021-04-12 09:56:37,31169.6,0
2021-04-12 09:56:38,31171.4,0
2021-04-12 09:56:39,31171.15,0
2021-04-12 09:56:40,31168.85,0
2021-04-12 09:56:41,31165.8,0
2021-04-12 09:56:42,31167.35,0
2021-04-12 09:56:43,31159.95,0
2021-04-12 09:56:44,31159.05,0
2021-04-12 09:56:45,31156.55,0
2021-04-12 09:56:46,31158.0,0
2021-04-12 09:56:47,31154.4,0
2021-04-12 09:56:48,31158.45,0
2021-04-12 09:56:49,31161.35,0
2021-04-12 09:56:50,31166.3,0
2021-04-12 09:56:51,31169.15,0
2021-04-12 09:56:52,31170.45,0
2021-04-12 09:56:53,31171.1,0
2021-04-12 09:56:54,31168.2,0
2021-04-12 09:56:55,31172.4,0
2021-04-12 09:56:56,31169.95,0
2021-04-12 09:56:57,31170.45,0
2021-04-12 09:56:58,31170.1,0
2021-04-12 09:56:59,31166.8,0
2021-04-12 09:57:00,31164.8,0
2021-04-12 09:57:01,31165.75,0
2021-04-12 09:57:02,31164.4,0
2021-04-12 09:57:04,31171.8,0
2021-04-12 09:57:05,31174.35,0
2021-04-12 09:57:06,31171.7,0
2021-04-12 09:57:07,31173.95,0
2021-04-12 09:57:08,31175.8,0
2021-04-12 09:57:09,31174.6,0
2021-04-12 09:57:10,31174.0,0
2021-04-12 09:57:11,31173.25,0
2021-04-12 09:57:12,31174.25,0
2021-04-12 09:57:13,31175.95,0
2021-04-12 09:57:14,31172.65,0
2021-04-12 09:57:15,31174.95,0
2021-04-12 09:57:16,31176.75,0
2021-04-12 09:57:17,31177.15,0
2021-04-12 09:57:18,31178.3,0
2021-04-12 09:57:19,31181.65,0
2021-04-12 09:57:21,31180.75,0
2021-04-12 09:57:22,31179.35,0
2021-04-12 09:57:23,31182.55,0
2021-04-12 09:57:24,31184.5,0
2021-04-12 09:57:25,31185.35,0
2021-04-12 09:57:26,31188.65,0
2021-04-12 09:57:27,31190.3,0
2021-04-12 09:57:28,31189.05,0
2021-04-12 09:57:29,31186.85,0
2021-04-12 09:57:30,31187.8,0
2021-04-12 09:57:31,31166.35,0
2021-04-12 09:57:32,31171.15,0
2021-04-12 09:57:33,31173.8,0
2021-04-12 09:57:34,31181.7,0
2021-04-12 09:57:35,31182.2,0
2021-04-12 09:57:36,31181.8,0
2021-04-12 09:57:37,31173.45,0
2021-04-12 09:57:38,31168.95,0
2021-04-12 09:57:39,31171.15,0
2021-04-12 09:57:40,31171.4,0
2021-04-12 09:57:41,31163.5,0
2021-04-12 09:57:42,31165.9,0
2021-04-12 09:57:43,31164.05,0
2021-04-12 09:57:44,31165.9,0
2021-04-12 09:57:45,31167.55,0
2021-04-12 09:57:46,31165.15,0
2021-04-12 09:57:47,31161.05,0
2021-04-12 09:57:48,31167.25,0
2021-04-12 09:57:49,31157.5,0
2021-04-12 09:57:50,31162.05,0
2021-04-12 09:57:51,31162.05,0
2021-04-12 09:57:52,31164.45,0
2021-04-12 09:57:53,31163.4,0
2021-04-12 09:57:54,31164.3,0
2021-04-12 09:57:55,31161.25,0
2021-04-12 09:57:56,31164.15,0
2021-04-12 09:57:57,31164.75,0
2021-04-12 09:57:58,31161.95,0
2021-04-12 09:57:59,31163.55,0
2021-04-12 09:58:00,31163.4,0
2021-04-12 09:58:01,31165.35,0
2021-04-12 09:58:02,31165.85,0
2021-04-12 09:58:03,31166.15,0
2021-04-12 09:58:04,31160.0,0
2021-04-12 09:58:05,31162.05,0
2021-04-12 09:58:06,31159.85,0
2021-04-12 09:58:07,31170.5,0
2021-04-12 09:58:08,31170.8,0
2021-04-12 09:58:10,31170.75,0
2021-04-12 09:58:11,31169.95,0
2021-04-12 09:58:12,31171.8,0
2021-04-12 09:58:13,31169.55,0
2021-04-12 09:58:14,31172.45,0
2021-04-12 09:58:16,31172.9,0
2021-04-12 09:58:17,31173.8,0
2021-04-12 09:58:18,31175.05,0
2021-04-12 09:58:19,31175.8,0
2021-04-12 09:58:20,31174.75,0
2021-04-12 09:58:21,31173.8,0
2021-04-12 09:58:22,31172.6,0
2021-04-12 09:58:23,31171.25,0
2021-04-12 09:58:24,31174.25,0
2021-04-12 09:58:25,31166.8,0
2021-04-12 09:58:26,31167.2,0
2021-04-12 09:58:27,31167.3,0
2021-04-12 09:58:28,31166.85,0
2021-04-12 09:58:29,31165.95,0
2021-04-12 09:58:31,31171.3,0
2021-04-12 09:58:32,31172.8,0
2021-04-12 09:58:33,31174.65,0
2021-04-12 09:58:34,31175.7,0
2021-04-12 09:58:35,31177.2,0
2021-04-12 09:58:36,31180.55,0
2021-04-12 09:58:37,31180.65,0
2021-04-12 09:58:38,31180.4,0
2021-04-12 09:58:39,31175.65,0
2021-04-12 09:58:40,31177.2,0
2021-04-12 09:58:41,31176.35,0
2021-04-12 09:58:42,31176.85,0
2021-04-12 09:58:43,31179.6,0
2021-04-12 09:58:44,31176.35,0
2021-04-12 09:58:45,31176.4,0
2021-04-12 09:58:46,31177.8,0
2021-04-12 09:58:48,31177.75,0
2021-04-12 09:58:49,31179.45,0
2021-04-12 09:58:50,31179.2,0
2021-04-12 09:58:51,31179.7,0
2021-04-12 09:58:52,31180.9,0
2021-04-12 09:58:53,31184.1,0
2021-04-12 09:58:54,31184.85,0
2021-04-12 09:58:55,31188.2,0
2021-04-12 09:58:56,31190.2,0
2021-04-12 09:58:57,31188.75,0
2021-04-12 09:58:58,31190.55,0
2021-04-12 09:58:59,31191.95,0
2021-04-12 09:59:00,31192.6,0
2021-04-12 09:59:01,31190.65,0
2021-04-12 09:59:02,31190.15,0
2021-04-12 09:59:03,31194.3,0
2021-04-12 09:59:04,31192.05,0
2021-04-12 09:59:05,31191.9,0
2021-04-12 09:59:06,31192.75,0
2021-04-12 09:59:07,31190.8,0
2021-04-12 09:59:08,31193.75,0
2021-04-12 09:59:09,31193.1,0
2021-04-12 09:59:11,31186.4,0
2021-04-12 09:59:12,31185.6,0
2021-04-12 09:59:13,31185.5,0
2021-04-12 09:59:14,31181.35,0
2021-04-12 09:59:15,31183.0,0
2021-04-12 09:59:16,31182.15,0
2021-04-12 09:59:17,31184.45,0
2021-04-12 09:59:18,31186.15,0
2021-04-12 09:59:19,31186.0,0
2021-04-12 09:59:20,31188.8,0
2021-04-12 09:59:21,31186.6,0
2021-04-12 09:59:22,31191.75,0
2021-04-12 09:59:23,31204.4,0
2021-04-12 09:59:24,31204.65,0
2021-04-12 09:59:25,31204.15,0
2021-04-12 09:59:26,31211.1,0
2021-04-12 09:59:27,31211.2,0
2021-04-12 09:59:28,31212.1,0
2021-04-12 09:59:29,31214.3,0
2021-04-12 09:59:30,31208.4,0
2021-04-12 09:59:31,31208.95,0
2021-04-12 09:59:32,31201.9,0
2021-04-12 09:59:33,31201.65,0
2021-04-12 09:59:34,31202.45,0
2021-04-12 09:59:35,31202.3,0
2021-04-12 09:59:37,31205.6,0
2021-04-12 09:59:38,31218.4,0
2021-04-12 09:59:39,31223.95,0
2021-04-12 09:59:40,31218.85,0
2021-04-12 09:59:41,31220.75,0
2021-04-12 09:59:42,31219.6,0
2021-04-12 09:59:43,31214.5,0
2021-04-12 09:59:44,31213.6,0
2021-04-12 09:59:45,31209.4,0
2021-04-12 09:59:46,31209.15,0
2021-04-12 09:59:47,31210.45,0
2021-04-12 09:59:48,31212.0,0
2021-04-12 09:59:49,31208.3,0
2021-04-12 09:59:50,31209.75,0
2021-04-12 09:59:51,31213.5,0
2021-04-12 09:59:52,31214.35,0
2021-04-12 09:59:53,31215.1,0
2021-04-12 09:59:54,31210.15,0
2021-04-12 09:59:55,31205.6,0
2021-04-12 09:59:56,31195.25,0
2021-04-12 09:59:57,31188.65,0
2021-04-12 09:59:58,31192.05,0
2021-04-12 09:59:59,31194.75,0
2021-04-12 10:00:00,31194.25,0
2021-04-12 10:00:01,31200.6,0
2021-04-12 10:00:02,31199.4,0
2021-04-12 10:00:03,31202.25,0
2021-04-12 10:00:04,31202.25,0
2021-04-12 10:00:05,31202.3,0
2021-04-12 10:00:06,31203.4,0
2021-04-12 10:00:07,31201.45,0
2021-04-12 10:00:08,31190.05,0
2021-04-12 10:00:09,31193.75,0
2021-04-12 10:00:10,31193.35,0
2021-04-12 10:00:13,31187.05,0
2021-04-12 10:00:16,31186.6,0
2021-04-12 10:00:17,31178.5,0
2021-04-12 10:00:19,31173.4,0
2021-04-12 10:00:20,31170.1,0
2021-04-12 10:00:21,31171.8,0
2021-04-12 10:00:22,31179.3,0
2021-04-12 10:00:23,31178.8,0
2021-04-12 10:00:24,31183.15,0
2021-04-12 10:00:25,31180.8,0
2021-04-12 10:00:26,31173.35,0
2021-04-12 10:00:27,31173.25,0
2021-04-12 10:00:28,31172.7,0
2021-04-12 10:00:29,31172.85,0
2021-04-12 10:00:30,31173.45,0
2021-04-12 10:00:32,31167.85,0
2021-04-12 10:00:34,31174.35,0
2021-04-12 10:00:35,31177.05,0
2021-04-12 10:00:36,31175.95,0
2021-04-12 10:00:37,31176.45,0
2021-04-12 10:00:38,31176.3,0
2021-04-12 10:00:39,31179.95,0
2021-04-12 10:00:40,31179.1,0
2021-04-12 10:00:41,31185.85,0
2021-04-12 10:00:42,31183.35,0
2021-04-12 10:00:43,31185.95,0
2021-04-12 10:00:44,31188.9,0
2021-04-12 10:00:45,31191.35,0
2021-04-12 10:00:46,31186.6,0
2021-04-12 10:00:47,31185.7,0
2021-04-12 10:00:48,31185.8,0
2021-04-12 10:00:49,31191.6,0
2021-04-12 10:00:50,31184.15,0
2021-04-12 10:00:51,31180.8,0
2021-04-12 10:00:52,31180.05,0
2021-04-12 10:00:53,31176.25,0
2021-04-12 10:00:54,31178.2,0
2021-04-12 10:00:55,31174.0,0
2021-04-12 10:00:56,31170.35,0
2021-04-12 10:00:57,31170.5,0
2021-04-12 10:00:58,31168.45,0
2021-04-12 10:00:59,31171.7,0
2021-04-12 10:01:00,31169.8,0
2021-04-12 10:01:01,31167.95,0
2021-04-12 10:01:02,31166.05,0
2021-04-12 10:01:03,31165.2,0
2021-04-12 10:01:04,31162.25,0
2021-04-12 10:01:05,31161.55,0
2021-04-12 10:01:06,31158.3,0
2021-04-12 10:01:07,31154.65,0
2021-04-12 10:01:10,31153.55,0
2021-04-12 10:01:11,31154.75,0
2021-04-12 10:01:13,31154.55,0
2021-04-12 10:01:14,31152.9,0
2021-04-12 10:01:15,31148.9,0
2021-04-12 10:01:16,31141.8,0
2021-04-12 10:01:18,31140.85,0
2021-04-12 10:01:19,31142.65,0
2021-04-12 10:01:20,31143.8,0
2021-04-12 10:01:21,31145.95,0
2021-04-12 10:01:22,31143.75,0
2021-04-12 10:01:23,31148.2,0
2021-04-12 10:01:24,31145.85,0
2021-04-12 10:01:25,31147.3,0
2021-04-12 10:01:26,31152.5,0
2021-04-12 10:01:27,31151.25,0
2021-04-12 10:01:28,31155.55,0
2021-04-12 10:01:29,31152.35,0
2021-04-12 10:01:30,31155.8,0
2021-04-12 10:01:31,31156.55,0
2021-04-12 10:01:32,31158.0,0
2021-04-12 10:01:33,31152.4,0
2021-04-12 10:01:34,31154.2,0
2021-04-12 10:01:35,31151.85,0
2021-04-12 10:01:36,31153.1,0
2021-04-12 10:01:37,31154.45,0
2021-04-12 10:01:38,31152.7,0
2021-04-12 10:01:39,31154.55,0
2021-04-12 10:01:40,31155.6,0
2021-04-12 10:01:41,31153.75,0
2021-04-12 10:01:42,31156.25,0
2021-04-12 10:01:43,31154.75,0
2021-04-12 10:01:44,31157.75,0
2021-04-12 10:01:45,31162.75,0
2021-04-12 10:01:46,31164.25,0
2021-04-12 10:01:47,31161.35,0
2021-04-12 10:01:48,31159.5,0
2021-04-12 10:01:49,31153.5,0
2021-04-12 10:01:50,31155.35,0
2021-04-12 10:01:51,31157.95,0
2021-04-12 10:01:52,31158.8,0
2021-04-12 10:01:53,31159.8,0
2021-04-12 10:01:54,31157.95,0
2021-04-12 10:01:55,31159.1,0
2021-04-12 10:01:56,31163.35,0
2021-04-12 10:01:57,31159.35,0
2021-04-12 10:01:58,31162.05,0
2021-04-12 10:01:59,31159.35,0
2021-04-12 10:02:00,31158.8,0
2021-04-12 10:02:01,31152.65,0
2021-04-12 10:02:02,31153.85,0
2021-04-12 10:02:03,31153.45,0
2021-04-12 10:02:04,31150.4,0
2021-04-12 10:02:05,31158.05,0
2021-04-12 10:02:06,31158.4,0
2021-04-12 10:02:07,31155.0,0
2021-04-12 10:02:08,31147.75,0
2021-04-12 10:02:09,31150.35,0
2021-04-12 10:02:10,31146.4,0
2021-04-12 10:02:11,31144.25,0
2021-04-12 10:02:12,31143.45,0
2021-04-12 10:02:13,31150.25,0
2021-04-12 10:02:14,31148.1,0
2021-04-12 10:02:15,31149.85,0
2021-04-12 10:02:16,31154.0,0
2021-04-12 10:02:17,31155.65,0
2021-04-12 10:02:18,31159.7,0
2021-04-12 10:02:22,31164.0,0
2021-04-12 10:02:23,31165.25,0
2021-04-12 10:02:24,31166.3,0
2021-04-12 10:02:25,31164.8,0
2021-04-12 10:02:26,31167.5,0
2021-04-12 10:02:27,31169.85,0
2021-04-12 10:02:28,31180.7,0
2021-04-12 10:02:29,31183.5,0
2021-04-12 10:02:31,31180.2,0
2021-04-12 10:02:32,31183.1,0
2021-04-12 10:02:33,31191.6,0
2021-04-12 10:02:34,31182.9,0
2021-04-12 10:02:35,31182.8,0
2021-04-12 10:02:36,31186.7,0
2021-04-12 10:02:38,31183.1,0
2021-04-12 10:02:39,31183.5,0
2021-04-12 10:02:40,31183.0,0
2021-04-12 10:02:41,31182.1,0
2021-04-12 10:02:42,31182.85,0
2021-04-12 10:02:43,31176.95,0
2021-04-12 10:02:44,31178.5,0
2021-04-12 10:02:45,31177.7,0
2021-04-12 10:02:48,31178.25,0
2021-04-12 10:02:49,31177.95,0
2021-04-12 10:02:50,31178.6,0
2021-04-12 10:02:51,31178.65,0
2021-04-12 10:02:52,31177.2,0
2021-04-12 10:02:53,31173.95,0
2021-04-12 10:02:54,31176.15,0
2021-04-12 10:02:55,31177.35,0
2021-04-12 10:02:56,31172.25,0
2021-04-12 10:02:57,31174.7,0
2021-04-12 10:02:58,31174.5,0
2021-04-12 10:02:59,31172.1,0
2021-04-12 10:03:00,31172.45,0
2021-04-12 10:03:01,31177.1,0
2021-04-12 10:03:02,31178.45,0
2021-04-12 10:03:03,31175.35,0
2021-04-12 10:03:04,31177.1,0
2021-04-12 10:03:05,31181.5,0
2021-04-12 10:03:06,31180.8,0
2021-04-12 10:03:07,31181.2,0
2021-04-12 10:03:08,31181.3,0
2021-04-12 10:03:09,31173.8,0
2021-04-12 10:03:10,31176.9,0
2021-04-12 10:03:13,31177.3,0
2021-04-12 10:03:14,31174.65,0
2021-04-12 10:03:15,31174.1,0
2021-04-12 10:03:16,31175.0,0
2021-04-12 10:03:17,31176.45,0
2021-04-12 10:03:18,31177.95,0
2021-04-12 10:03:22,31180.6,0
2021-04-12 10:03:23,31180.55,0
2021-04-12 10:03:24,31184.0,0
2021-04-12 10:03:25,31182.45,0
2021-04-12 10:03:26,31183.55,0
2021-04-12 10:03:27,31183.0,0
2021-04-12 10:03:28,31185.2,0
2021-04-12 10:03:29,31185.0,0
2021-04-12 10:03:30,31192.7,0
2021-04-12 10:03:31,31189.35,0
2021-04-12 10:03:32,31193.25,0
2021-04-12 10:03:33,31190.75,0
2021-04-12 10:03:34,31190.15,0
2021-04-12 10:03:35,31192.55,0
2021-04-12 10:03:36,31193.75,0
2021-04-12 10:03:37,31192.6,0
2021-04-12 10:03:38,31200.8,0
2021-04-12 10:03:39,31192.65,0
2021-04-12 10:03:40,31193.85,0
2021-04-12 10:03:41,31187.5,0
2021-04-12 10:03:42,31184.95,0
2021-04-12 10:03:43,31182.1,0
2021-04-12 10:03:44,31187.65,0
2021-04-12 10:03:45,31185.05,0
2021-04-12 10:03:46,31185.55,0
2021-04-12 10:03:47,31189.35,0
2021-04-12 10:03:48,31192.05,0
2021-04-12 10:03:49,31193.9,0
2021-04-12 10:03:50,31191.9,0
2021-04-12 10:03:51,31191.2,0
2021-04-12 10:03:52,31194.35,0
2021-04-12 10:03:53,31193.3,0
2021-04-12 10:03:54,31196.0,0
2021-04-12 10:03:55,31195.25,0
2021-04-12 10:03:56,31198.4,0
2021-04-12 10:03:57,31197.7,0
2021-04-12 10:03:58,31193.8,0
2021-04-12 10:03:59,31199.0,0
2021-04-12 10:04:00,31192.2,0
2021-04-12 10:04:01,31196.8,0
2021-04-12 10:04:02,31182.75,0
2021-04-12 10:04:03,31185.55,0
2021-04-12 10:04:04,31181.05,0
2021-04-12 10:04:05,31181.65,0
2021-04-12 10:04:06,31181.9,0
2021-04-12 10:04:07,31181.85,0
2021-04-12 10:04:08,31184.1,0
2021-04-12 10:04:09,31169.65,0
2021-04-12 10:04:10,31171.9,0
2021-04-12 10:04:11,31171.5,0
2021-04-12 10:04:12,31171.05,0
2021-04-12 10:04:13,31161.0,0
2021-04-12 10:04:14,31165.95,0
2021-04-12 10:04:15,31164.7,0
2021-04-12 10:04:16,31168.8,0
2021-04-12 10:04:17,31148.05,0
2021-04-12 10:04:19,31153.95,0
2021-04-12 10:04:20,31153.5,0
2021-04-12 10:04:21,31154.0,0
2021-04-12 10:04:22,31153.1,0
2021-04-12 10:04:23,31157.15,0
2021-04-12 10:04:24,31152.8,0
2021-04-12 10:04:25,31154.5,0
2021-04-12 10:04:26,31159.4,0
2021-04-12 10:04:28,31162.6,0
2021-04-12 10:04:29,31166.15,0
2021-04-12 10:04:30,31164.75,0
2021-04-12 10:04:31,31162.5,0
2021-04-12 10:04:32,31164.0,0
2021-04-12 10:04:33,31164.05,0
2021-04-12 10:04:34,31163.6,0
2021-04-12 10:04:35,31164.25,0
2021-04-12 10:04:38,31164.45,0
2021-04-12 10:04:39,31166.8,0
2021-04-12 10:04:40,31167.8,0
2021-04-12 10:04:41,31171.1,0
2021-04-12 10:04:42,31175.65,0
2021-04-12 10:04:43,31182.8,0
2021-04-12 10:04:44,31183.75,0
2021-04-12 10:04:45,31180.25,0
2021-04-12 10:04:46,31182.25,0
2021-04-12 10:04:48,31178.1,0
2021-04-12 10:04:49,31183.0,0
2021-04-12 10:04:50,31185.05,0
2021-04-12 10:04:51,31185.4,0
2021-04-12 10:04:52,31181.75,0
2021-04-12 10:04:53,31175.9,0
2021-04-12 10:04:54,31176.1,0
2021-04-12 10:04:55,31171.55,0
2021-04-12 10:04:56,31181.15,0
2021-04-12 10:04:57,31179.1,0
2021-04-12 10:04:58,31184.85,0
2021-04-12 10:04:59,31180.75,0
2021-04-12 10:05:00,31183.5,0
2021-04-12 10:05:01,31188.3,0
2021-04-12 10:05:02,31185.55,0
2021-04-12 10:05:04,31188.1,0
2021-04-12 10:05:05,31181.8,0
2021-04-12 10:05:06,31172.45,0
2021-04-12 10:05:07,31174.65,0
2021-04-12 10:05:08,31175.75,0
2021-04-12 10:05:09,31177.35,0
2021-04-12 10:05:10,31174.45,0
2021-04-12 10:05:11,31174.2,0
2021-04-12 10:05:13,31169.4,0
2021-04-12 10:05:14,31175.15,0
2021-04-12 10:05:15,31174.75,0
2021-04-12 10:05:16,31173.25,0
2021-04-12 10:05:17,31175.6,0
2021-04-12 10:05:18,31181.15,0
2021-04-12 10:05:19,31184.5,0
2021-04-12 10:05:20,31185.95,0
2021-04-12 10:05:21,31197.8,0
2021-04-12 10:05:22,31198.95,0
2021-04-12 10:05:23,31200.95,0
2021-04-12 10:05:24,31206.0,0
2021-04-12 10:05:25,31206.8,0
2021-04-12 10:05:26,31203.85,0
2021-04-12 10:05:27,31188.1,0
2021-04-12 10:05:28,31196.45,0
2021-04-12 10:05:29,31196.1,0
2021-04-12 10:05:30,31192.5,0
2021-04-12 10:05:31,31189.55,0
2021-04-12 10:05:32,31189.65,0
2021-04-12 10:05:33,31194.65,0
2021-04-12 10:05:34,31198.8,0
2021-04-12 10:05:35,31200.15,0
2021-04-12 10:05:36,31202.2,0
2021-04-12 10:05:37,31205.05,0
2021-04-12 10:05:38,31206.5,0
2021-04-12 10:05:39,31208.75,0
2021-04-12 10:05:40,31211.55,0
2021-04-12 10:05:41,31210.6,0
2021-04-12 10:05:42,31210.75,0
2021-04-12 10:05:43,31212.8,0
2021-04-12 10:05:44,31213.6,0
2021-04-12 10:05:45,31207.6,0
2021-04-12 10:05:46,31202.1,0
2021-04-12 10:05:47,31206.45,0
2021-04-12 10:05:48,31203.1,0
2021-04-12 10:05:49,31202.7,0
2021-04-12 10:05:50,31202.1,0
2021-04-12 10:05:51,31198.3,0
2021-04-12 10:05:52,31200.65,0
2021-04-12 10:05:53,31200.0,0
2021-04-12 10:05:54,31198.8,0
2021-04-12 10:05:55,31198.5,0
2021-04-12 10:05:56,31199.7,0
2021-04-12 10:05:57,31203.05,0
2021-04-12 10:05:58,31203.45,0
2021-04-12 10:05:59,31202.4,0
2021-04-12 10:06:00,31204.85,0
2021-04-12 10:06:01,31200.4,0
2021-04-12 10:06:02,31199.45,0
2021-04-12 10:06:03,31200.3,0
2021-04-12 10:06:04,31201.95,0
2021-04-12 10:06:05,31199.8,0
2021-04-12 10:06:06,31200.25,0
2021-04-12 10:06:07,31201.6,0
2021-04-12 10:06:08,31199.3,0
2021-04-12 10:06:09,31199.6,0
2021-04-12 10:06:10,31203.1,0
2021-04-12 10:06:11,31206.5,0
2021-04-12 10:06:12,31202.2,0
2021-04-12 10:06:13,31202.6,0
2021-04-12 10:06:14,31198.0,0
2021-04-12 10:06:15,31201.3,0
2021-04-12 10:06:16,31197.15,0
2021-04-12 10:06:17,31198.3,0
2021-04-12 10:06:19,31200.05,0
2021-04-12 10:06:20,31199.3,0
2021-04-12 10:06:21,31188.8,0
2021-04-12 10:06:22,31191.5,0
2021-04-12 10:06:23,31193.5,0
2021-04-12 10:06:24,31194.75,0
2021-04-12 10:06:25,31194.3,0
2021-04-12 10:06:26,31195.75,0
2021-04-12 10:06:27,31194.0,0
2021-04-12 10:06:28,31195.2,0
2021-04-12 10:06:29,31198.0,0
2021-04-12 10:06:30,31198.9,0
2021-04-12 10:06:31,31200.15,0
2021-04-12 10:06:32,31200.85,0
2021-04-12 10:06:33,31198.45,0
2021-04-12 10:06:34,31197.1,0
2021-04-12 10:06:35,31198.9,0
2021-04-12 10:06:36,31198.65,0
2021-04-12 10:06:37,31200.2,0
2021-04-12 10:06:38,31201.05,0
2021-04-12 10:06:39,31201.55,0
2021-04-12 10:06:40,31201.75,0
2021-04-12 10:06:41,31203.1,0
2021-04-12 10:06:42,31200.8,0
2021-04-12 10:06:43,31203.15,0
2021-04-12 10:06:44,31201.3,0
2021-04-12 10:06:46,31197.7,0
2021-04-12 10:06:47,31199.75,0
2021-04-12 10:06:48,31197.8,0
2021-04-12 10:06:49,31199.0,0
2021-04-12 10:06:50,31203.4,0
2021-04-12 10:06:51,31201.7,0
2021-04-12 10:06:52,31198.0,0
2021-04-12 10:06:53,31200.35,0
2021-04-12 10:06:54,31200.8,0
2021-04-12 10:06:55,31202.7,0
2021-04-12 10:06:56,31206.4,0
2021-04-12 10:06:57,31205.6,0
2021-04-12 10:06:58,31210.45,0
2021-04-12 10:06:59,31207.6,0
2021-04-12 10:07:00,31206.6,0
2021-04-12 10:07:01,31206.45,0
2021-04-12 10:07:02,31198.1,0
2021-04-12 10:07:03,31193.7,0
2021-04-12 10:07:04,31187.8,0
2021-04-12 10:07:05,31191.9,0
2021-04-12 10:07:06,31190.55,0
2021-04-12 10:07:07,31192.4,0
2021-04-12 10:07:08,31191.3,0
2021-04-12 10:07:09,31190.4,0
2021-04-12 10:07:10,31191.8,0
2021-04-12 10:07:11,31193.65,0
2021-04-12 10:07:12,31198.65,0
2021-04-12 10:07:14,31197.25,0
2021-04-12 10:07:15,31187.35,0
2021-04-12 10:07:16,31178.15,0
2021-04-12 10:07:17,31175.65,0
2021-04-12 10:07:18,31179.35,0
2021-04-12 10:07:19,31178.95,0
2021-04-12 10:07:20,31177.25,0
2021-04-12 10:07:21,31175.25,0
2021-04-12 10:07:22,31187.2,0
2021-04-12 10:07:23,31191.65,0
2021-04-12 10:07:24,31189.2,0
2021-04-12 10:07:25,31192.2,0
2021-04-12 10:07:26,31194.15,0
2021-04-12 10:07:27,31194.9,0
2021-04-12 10:07:28,31196.55,0
2021-04-12 10:07:29,31199.7,0
2021-04-12 10:07:30,31204.55,0
2021-04-12 10:07:31,31204.4,0
2021-04-12 10:07:32,31204.4,0
2021-04-12 10:07:33,31197.3,0
2021-04-12 10:07:34,31190.2,0
2021-04-12 10:07:35,31194.65,0
2021-04-12 10:07:36,31199.9,0
2021-04-12 10:07:37,31197.25,0
2021-04-12 10:07:38,31198.15,0
2021-04-12 10:07:39,31200.15,0
2021-04-12 10:07:40,31199.95,0
2021-04-12 10:07:41,31205.2,0
2021-04-12 10:07:43,31209.15,0
2021-04-12 10:07:44,31206.55,0
2021-04-12 10:07:45,31210.35,0
2021-04-12 10:07:46,31212.0,0
2021-04-12 10:07:47,31218.3,0
2021-04-12 10:07:48,31229.1,0
2021-04-12 10:07:49,31227.05,0
2021-04-12 10:07:50,31228.55,0
2021-04-12 10:07:51,31223.8,0
2021-04-12 10:07:52,31224.05,0
2021-04-12 10:07:53,31229.9,0
2021-04-12 10:07:54,31229.25,0
2021-04-12 10:07:55,31227.5,0
2021-04-12 10:07:56,31226.45,0
2021-04-12 10:07:57,31235.1,0
2021-04-12 10:07:58,31238.8,0
2021-04-12 10:07:59,31237.1,0
2021-04-12 10:08:01,31243.9,0
2021-04-12 10:08:02,31254.4,0
2021-04-12 10:08:03,31259.9,0
2021-04-12 10:08:04,31258.15,0
2021-04-12 10:08:05,31258.2,0
2021-04-12 10:08:06,31261.8,0
2021-04-12 10:08:08,31255.25,0
2021-04-12 10:08:09,31252.6,0
2021-04-12 10:08:10,31253.4,0
2021-04-12 10:08:11,31259.85,0
2021-04-12 10:08:13,31259.15,0
2021-04-12 10:08:15,31250.6,0
2021-04-12 10:08:16,31258.2,0
2021-04-12 10:08:17,31246.4,0
2021-04-12 10:08:18,31250.65,0
2021-04-12 10:08:19,31252.65,0
2021-04-12 10:08:20,31254.65,0
2021-04-12 10:08:21,31256.0,0
2021-04-12 10:08:23,31261.95,0
2021-04-12 10:08:24,31258.7,0
2021-04-12 10:08:25,31255.95,0
2021-04-12 10:08:26,31258.55,0
2021-04-12 10:08:27,31261.6,0
2021-04-12 10:08:28,31259.4,0
2021-04-12 10:08:30,31257.15,0
2021-04-12 10:08:31,31266.6,0
2021-04-12 10:08:32,31264.4,0
2021-04-12 10:08:33,31266.75,0
2021-04-12 10:08:34,31264.75,0
2021-04-12 10:08:35,31263.05,0
2021-04-12 10:08:36,31266.1,0
2021-04-12 10:08:37,31267.45,0
2021-04-12 10:08:38,31267.8,0
2021-04-12 10:08:39,31265.05,0
2021-04-12 10:08:40,31266.4,0
2021-04-12 10:08:41,31264.15,0
2021-04-12 10:08:42,31262.35,0
2021-04-12 10:08:44,31265.8,0
2021-04-12 10:08:45,31264.95,0
2021-04-12 10:08:46,31265.05,0
2021-04-12 10:08:47,31264.25,0
2021-04-12 10:08:48,31267.55,0
2021-04-12 10:08:49,31264.8,0
2021-04-12 10:08:50,31265.75,0
2021-04-12 10:08:51,31254.35,0
2021-04-12 10:08:52,31254.65,0
2021-04-12 10:08:53,31258.1,0
2021-04-12 10:08:54,31256.5,0
2021-04-12 10:08:55,31259.75,0
2021-04-12 10:08:56,31260.95,0
2021-04-12 10:08:57,31261.5,0
2021-04-12 10:08:58,31262.45,0
2021-04-12 10:08:59,31261.05,0
2021-04-12 10:09:00,31262.0,0
2021-04-12 10:09:01,31259.2,0
2021-04-12 10:09:02,31260.75,0
2021-04-12 10:09:03,31260.85,0
2021-04-12 10:09:04,31262.0,0
2021-04-12 10:09:05,31256.4,0
2021-04-12 10:09:06,31257.3,0
2021-04-12 10:09:07,31254.9,0
2021-04-12 10:09:08,31257.3,0
2021-04-12 10:09:09,31255.5,0
2021-04-12 10:09:11,31256.15,0
2021-04-12 10:09:12,31254.95,0
2021-04-12 10:09:13,31250.85,0
2021-04-12 10:09:14,31250.95,0
2021-04-12 10:09:15,31241.45,0
2021-04-12 10:09:16,31239.5,0
2021-04-12 10:09:17,31244.35,0
2021-04-12 10:09:18,31241.4,0
2021-04-12 10:09:19,31245.3,0
2021-04-12 10:09:21,31249.4,0
2021-04-12 10:09:22,31249.05,0
2021-04-12 10:09:23,31250.05,0
2021-04-12 10:09:26,31251.25,0
2021-04-12 10:09:27,31251.25,0
2021-04-12 10:09:28,31245.75,0
2021-04-12 10:09:29,31244.2,0
2021-04-12 10:09:30,31244.05,0
2021-04-12 10:09:31,31248.65,0
2021-04-12 10:09:32,31251.5,0
2021-04-12 10:09:33,31251.65,0
2021-04-12 10:09:34,31254.6,0
2021-04-12 10:09:35,31252.25,0
2021-04-12 10:09:36,31252.7,0
2021-04-12 10:09:37,31253.2,0
2021-04-12 10:09:38,31253.4,0
2021-04-12 10:09:39,31252.35,0
2021-04-12 10:09:41,31254.35,0
2021-04-12 10:09:42,31251.75,0
2021-04-12 10:09:43,31248.95,0
2021-04-12 10:09:44,31248.95,0
2021-04-12 10:09:45,31248.95,0
2021-04-12 10:09:46,31260.55,0
2021-04-12 10:09:47,31262.8,0
2021-04-12 10:09:48,31260.3,0
2021-04-12 10:09:49,31255.0,0
2021-04-12 10:09:50,31261.75,0
2021-04-12 10:09:51,31258.75,0
2021-04-12 10:09:52,31258.25,0
2021-04-12 10:09:53,31257.0,0
2021-04-12 10:09:54,31258.25,0
2021-04-12 10:09:55,31254.55,0
2021-04-12 10:09:56,31257.7,0
2021-04-12 10:09:57,31255.5,0
2021-04-12 10:09:58,31259.25,0
2021-04-12 10:09:59,31258.4,0
2021-04-12 10:10:00,31259.6,0
2021-04-12 10:10:01,31243.4,0
2021-04-12 10:10:02,31244.3,0
2021-04-12 10:10:03,31247.55,0
2021-04-12 10:10:04,31248.15,0
2021-04-12 10:10:05,31244.0,0
2021-04-12 10:10:06,31246.4,0
2021-04-12 10:10:07,31247.95,0
2021-04-12 10:10:09,31244.55,0
2021-04-12 10:10:10,31243.65,0
2021-04-12 10:10:11,31241.0,0
2021-04-12 10:10:12,31238.8,0
2021-04-12 10:10:13,31238.65,0
2021-04-12 10:10:14,31238.0,0
2021-04-12 10:10:15,31241.5,0
2021-04-12 10:10:16,31236.75,0
2021-04-12 10:10:17,31236.1,0
2021-04-12 10:10:18,31237.35,0
2021-04-12 10:10:19,31238.75,0
2021-04-12 10:10:21,31241.3,0
2021-04-12 10:10:22,31244.1,0
2021-04-12 10:10:23,31247.35,0
2021-04-12 10:10:24,31244.95,0
2021-04-12 10:10:25,31248.1,0
2021-04-12 10:10:26,31250.2,0
2021-04-12 10:10:27,31252.0,0
2021-04-12 10:10:28,31251.3,0
2021-04-12 10:10:29,31250.45,0
2021-04-12 10:10:30,31252.2,0
2021-04-12 10:10:31,31252.1,0
2021-04-12 10:10:32,31251.45,0
2021-04-12 10:10:33,31249.95,0
2021-04-12 10:10:34,31252.15,0
2021-04-12 10:10:35,31250.25,0
2021-04-12 10:10:37,31252.05,0
2021-04-12 10:10:38,31251.05,0
2021-04-12 10:10:39,31249.85,0
2021-04-12 10:10:41,31251.0,0
2021-04-12 10:10:43,31249.8,0
2021-04-12 10:10:44,31251.7,0
2021-04-12 10:10:45,31250.25,0
2021-04-12 10:10:46,31250.0,0
2021-04-12 10:10:47,31246.4,0
2021-04-12 10:10:48,31247.95,0
2021-04-12 10:10:49,31243.7,0
2021-04-12 10:10:50,31241.8,0
2021-04-12 10:10:51,31242.15,0
2021-04-12 10:10:52,31245.05,0
2021-04-12 10:10:53,31243.2,0
2021-04-12 10:10:54,31242.35,0
2021-04-12 10:10:55,31241.55,0
2021-04-12 10:10:56,31242.8,0
2021-04-12 10:10:57,31240.6,0
2021-04-12 10:10:58,31242.15,0
2021-04-12 10:10:59,31243.9,0
2021-04-12 10:11:00,31241.6,0
2021-04-12 10:11:01,31230.5,0
2021-04-12 10:11:02,31232.6,0
2021-04-12 10:11:03,31225.8,0
2021-04-12 10:11:04,31227.6,0
2021-04-12 10:11:05,31222.95,0
2021-04-12 10:11:06,31228.25,0
2021-04-12 10:11:07,31229.5,0
2021-04-12 10:11:08,31231.15,0
2021-04-12 10:11:09,31232.8,0
2021-04-12 10:11:10,31231.15,0
2021-04-12 10:11:11,31232.95,0
2021-04-12 10:11:12,31237.25,0
2021-04-12 10:11:13,31232.9,0
2021-04-12 10:11:14,31230.35,0
2021-04-12 10:11:15,31232.5,0
2021-04-12 10:11:16,31233.4,0
2021-04-12 10:11:17,31231.75,0
2021-04-12 10:11:18,31231.25,0
2021-04-12 10:11:19,31229.85,0
2021-04-12 10:11:20,31230.45,0
2021-04-12 10:11:22,31224.85,0
2021-04-12 10:11:23,31226.5,0
2021-04-12 10:11:24,31219.35,0
2021-04-12 10:11:25,31222.4,0
2021-04-12 10:11:26,31221.4,0
2021-04-12 10:11:27,31213.75,0
2021-04-12 10:11:28,31215.2,0
2021-04-12 10:11:29,31209.05,0
2021-04-12 10:11:30,31202.4,0
2021-04-12 10:11:31,31207.35,0
2021-04-12 10:11:33,31203.8,0
2021-04-12 10:11:34,31200.4,0
2021-04-12 10:11:35,31206.4,0
2021-04-12 10:11:36,31206.3,0
2021-04-12 10:11:37,31203.65,0
2021-04-12 10:11:38,31203.4,0
2021-04-12 10:11:39,31207.15,0
2021-04-12 10:11:40,31208.25,0
2021-04-12 10:11:41,31207.65,0
2021-04-12 10:11:42,31210.7,0
2021-04-12 10:11:43,31212.3,0
2021-04-12 10:11:44,31212.65,0
2021-04-12 10:11:46,31213.0,0
2021-04-12 10:11:47,31211.6,0
2021-04-12 10:11:48,31216.45,0
2021-04-12 10:11:49,31214.55,0
2021-04-12 10:11:50,31218.4,0
2021-04-12 10:11:51,31215.1,0
2021-04-12 10:11:52,31217.35,0
2021-04-12 10:11:53,31219.35,0
2021-04-12 10:11:54,31219.2,0
2021-04-12 10:11:55,31217.05,0
2021-04-12 10:11:56,31219.25,0
2021-04-12 10:11:57,31220.5,0
2021-04-12 10:11:58,31223.4,0
2021-04-12 10:11:59,31221.3,0
2021-04-12 10:12:00,31219.7,0
2021-04-12 10:12:01,31220.7,0
2021-04-12 10:12:02,31220.3,0
2021-04-12 10:12:03,31221.55,0
2021-04-12 10:12:04,31219.65,0
2021-04-12 10:12:05,31219.65,0
2021-04-12 10:12:06,31218.95,0
2021-04-12 10:12:07,31220.65,0
2021-04-12 10:12:08,31224.4,0
2021-04-12 10:12:10,31229.55,0
2021-04-12 10:12:11,31230.4,0
2021-04-12 10:12:14,31230.95,0
2021-04-12 10:12:15,31230.8,0
2021-04-12 10:12:17,31227.2,0
2021-04-12 10:12:18,31230.35,0
2021-04-12 10:12:19,31231.9,0
2021-04-12 10:12:20,31229.55,0
2021-04-12 10:12:22,31228.65,0
2021-04-12 10:12:23,31230.75,0
2021-04-12 10:12:24,31227.3,0
2021-04-12 10:12:25,31227.0,0
2021-04-12 10:12:26,31228.75,0
2021-04-12 10:12:27,31228.15,0
2021-04-12 10:12:28,31225.85,0
2021-04-12 10:12:29,31228.45,0
2021-04-12 10:12:30,31226.45,0
2021-04-12 10:12:31,31224.9,0
2021-04-12 10:12:32,31222.5,0
2021-04-12 10:12:33,31222.9,0
2021-04-12 10:12:34,31222.5,0
2021-04-12 10:12:35,31220.85,0
2021-04-12 10:12:36,31221.35,0
2021-04-12 10:12:37,31223.65,0
2021-04-12 10:12:38,31223.85,0
2021-04-12 10:12:39,31222.1,0
2021-04-12 10:12:40,31220.6,0
2021-04-12 10:12:41,31219.4,0
2021-04-12 10:12:42,31221.45,0
2021-04-12 10:12:43,31218.95,0
2021-04-12 10:12:44,31215.1,0
2021-04-12 10:12:45,31211.2,0
2021-04-12 10:12:46,31203.4,0
2021-04-12 10:12:47,31204.5,0
2021-04-12 10:12:48,31207.1,0
2021-04-12 10:12:49,31202.55,0
2021-04-12 10:12:50,31205.5,0
2021-04-12 10:12:51,31206.3,0
2021-04-12 10:12:52,31208.4,0
2021-04-12 10:12:53,31211.65,0
2021-04-12 10:12:54,31210.95,0
2021-04-12 10:12:55,31207.95,0
2021-04-12 10:12:56,31210.75,0
2021-04-12 10:12:58,31211.1,0
2021-04-12 10:12:59,31209.05,0
2021-04-12 10:13:00,31205.65,0
2021-04-12 10:13:02,31208.8,0
2021-04-12 10:13:03,31207.75,0
2021-04-12 10:13:04,31205.75,0
2021-04-12 10:13:05,31208.95,0
2021-04-12 10:13:06,31208.0,0
2021-04-12 10:13:07,31207.3,0
2021-04-12 10:13:08,31209.1,0
2021-04-12 10:13:09,31206.75,0
2021-04-12 10:13:10,31210.4,0
2021-04-12 10:13:11,31215.35,0
