timestamp,ltp,volume
2021-04-12 09:15:09,14610.35,0
2021-04-12 09:15:10,14607.05,0
2021-04-12 09:15:11,14596.75,0
2021-04-12 09:15:12,14596.15,0
2021-04-12 09:15:13,14597.7,0
2021-04-12 09:15:14,14590.85,0
2021-04-12 09:15:15,14587.55,0
2021-04-12 09:15:16,14590.2,0
2021-04-12 09:15:17,14589.15,0
2021-04-12 09:15:18,14586.6,0
2021-04-12 09:15:19,14585.5,0
2021-04-12 09:15:20,14584.05,0
2021-04-12 09:15:21,14585.2,0
2021-04-12 09:15:22,14584.3,0
2021-04-12 09:15:23,14582.25,0
2021-04-12 09:15:24,14583.95,0
2021-04-12 09:15:25,14584.05,0
2021-04-12 09:15:26,14586.35,0
2021-04-12 09:15:27,14583.65,0
2021-04-12 09:15:28,14586.55,0
2021-04-12 09:15:29,14586.95,0
2021-04-12 09:15:30,14585.45,0
2021-04-12 09:15:31,14585.85,0
2021-04-12 09:15:35,14587.85,0
2021-04-12 09:15:36,14589.8,0
2021-04-12 09:15:37,14592.9,0
2021-04-12 09:15:38,14594.3,0
2021-04-12 09:15:39,14597.2,0
2021-04-12 09:15:40,14599.3,0
2021-04-12 09:15:41,14601.95,0
2021-04-12 09:15:42,14602.25,0
2021-04-12 09:15:43,14603.2,0
2021-04-12 09:15:44,14599.95,0
2021-04-12 09:15:46,14596.65,0
2021-04-12 09:15:47,14597.65,0
2021-04-12 09:15:48,14593.6,0
2021-04-12 09:15:49,14590.15,0
2021-04-12 09:15:50,14588.45,0
2021-04-12 09:15:51,14587.65,0
2021-04-12 09:15:52,14587.3,0
2021-04-12 09:15:53,14588.85,0
2021-04-12 09:15:54,14587.95,0
2021-04-12 09:15:55,14587.25,0
2021-04-12 09:15:56,14588.0,0
2021-04-12 09:15:58,14588.05,0
2021-04-12 09:15:59,14588.35,0
2021-04-12 09:16:00,14592.05,0
2021-04-12 09:16:01,14589.7,0
2021-04-12 09:16:02,14589.2,0
2021-04-12 09:16:03,14586.65,0
2021-04-12 09:16:04,14588.35,0
2021-04-12 09:16:05,14586.35,0
2021-04-12 09:16:06,14584.5,0
2021-04-12 09:16:07,14586.3,0
2021-04-12 09:16:08,14584.75,0
2021-04-12 09:16:09,14586.65,0
2021-04-12 09:16:10,14589.0,0
2021-04-12 09:16:11,14584.2,0
2021-04-12 09:16:12,14587.6,0
2021-04-12 09:16:13,14586.05,0
2021-04-12 09:16:14,14591.35,0
2021-04-12 09:16:15,14593.75,0
2021-04-12 09:16:16,14593.35,0
2021-04-12 09:16:17,14594.55,0
2021-04-12 09:16:18,14594.55,0
2021-04-12 09:16:19,14594.2,0
2021-04-12 09:16:20,14596.7,0
2021-04-12 09:16:21,14595.15,0
2021-04-12 09:16:22,14592.35,0
2021-04-12 09:16:23,14590.75,0
2021-04-12 09:16:24,14591.0,0
2021-04-12 09:16:25,14590.5,0
2021-04-12 09:16:26,14590.45,0
2021-04-12 09:16:27,14589.2,0
2021-04-12 09:16:28,14587.7,0
2021-04-12 09:16:30,14585.6,0
2021-04-12 09:16:31,14587.2,0
2021-04-12 09:16:32,14585.3,0
2021-04-12 09:16:33,14586.7,0
2021-04-12 09:16:34,14586.8,0
2021-04-12 09:16:35,14586.5,0
2021-04-12 09:16:36,14589.05,0
2021-04-12 09:16:37,14588.25,0
2021-04-12 09:16:38,14586.5,0
2021-04-12 09:16:39,14588.8,0
2021-04-12 09:16:41,14587.65,0
2021-04-12 09:16:42,14586.5,0
2021-04-12 09:16:43,14588.75,0
2021-04-12 09:16:44,14587.75,0
2021-04-12 09:16:45,14587.55,0
2021-04-12 09:16:46,14586.75,0
2021-04-12 09:16:47,14588.6,0
2021-04-12 09:16:48,14587.95,0
2021-04-12 09:16:50,14586.4,0
2021-04-12 09:16:51,14587.25,0
2021-04-12 09:16:52,14586.55,0
2021-04-12 09:16:53,14585.85,0
2021-04-12 09:16:54,14589.5,0
2021-04-12 09:16:55,14589.7,0
2021-04-12 09:16:56,14591.9,0
2021-04-12 09:16:57,14592.9,0
2021-04-12 09:16:58,14592.95,0
2021-04-12 09:16:59,14591.75,0
2021-04-12 09:17:00,14591.9,0
2021-04-12 09:17:01,14591.05,0
2021-04-12 09:17:02,14589.6,0
2021-04-12 09:17:04,14589.35,0
2021-04-12 09:17:05,14588.25,0
2021-04-12 09:17:06,14589.15,0
2021-04-12 09:17:08,14585.25,0
2021-04-12 09:17:09,14585.6,0
2021-04-12 09:17:10,14583.95,0
2021-04-12 09:17:11,14584.85,0
2021-04-12 09:17:12,14584.3,0
2021-04-12 09:17:13,14586.2,0
2021-04-12 09:17:14,14584.45,0
2021-04-12 09:17:16,14583.15,0
2021-04-12 09:17:17,14579.45,0
2021-04-12 09:17:18,14578.15,0
2021-04-12 09:17:19,14578.45,0
2021-04-12 09:17:20,14579.3,0
2021-04-12 09:17:23,14580.1,0
2021-04-12 09:17:24,14579.3,0
2021-04-12 09:17:25,14577.8,0
2021-04-12 09:17:26,14576.5,0
2021-04-12 09:17:27,14576.75,0
2021-04-12 09:17:28,14576.2,0
2021-04-12 09:17:29,14575.8,0
2021-04-12 09:17:30,14574.75,0
2021-04-12 09:17:31,14574.15,0
2021-04-12 09:17:32,14572.55,0
2021-04-12 09:17:33,14573.7,0
2021-04-12 09:17:34,14570.0,0
2021-04-12 09:17:37,14570.55,0
2021-04-12 09:17:38,14571.0,0
2021-04-12 09:17:39,14569.7,0
2021-04-12 09:17:41,14567.4,0
2021-04-12 09:17:42,14568.6,0
2021-04-12 09:17:43,14568.15,0
2021-04-12 09:17:44,14565.8,0
2021-04-12 09:17:45,14565.65,0
2021-04-12 09:17:46,14567.0,0
2021-04-12 09:17:47,14566.8,0
2021-04-12 09:17:48,14569.0,0
2021-04-12 09:17:49,14566.7,0
2021-04-12 09:17:50,14567.0,0
2021-04-12 09:17:51,14565.65,0
2021-04-12 09:17:52,14564.45,0
2021-04-12 09:17:53,14565.85,0
2021-04-12 09:17:54,14567.15,0
2021-04-12 09:17:55,14565.15,0
2021-04-12 09:17:56,14565.55,0
2021-04-12 09:17:58,14564.9,0
2021-04-12 09:17:59,14566.6,0
2021-04-12 09:18:00,14565.35,0
2021-04-12 09:18:01,14560.65,0
2021-04-12 09:18:03,14558.75,0
2021-04-12 09:18:04,14558.35,0
2021-04-12 09:18:05,14559.0,0
2021-04-12 09:18:06,14557.9,0
2021-04-12 09:18:07,14556.65,0
2021-04-12 09:18:08,14558.9,0
2021-04-12 09:18:09,14559.8,0
2021-04-12 09:18:10,14559.6,0
2021-04-12 09:18:11,14562.15,0
2021-04-12 09:18:12,14564.55,0
2021-04-12 09:18:13,14563.25,0
2021-04-12 09:18:14,14566.45,0
2021-04-12 09:18:15,14566.25,0
2021-04-12 09:18:16,14564.95,0
2021-04-12 09:18:17,14562.25,0
2021-04-12 09:18:18,14563.95,0
2021-04-12 09:18:19,14562.8,0
2021-04-12 09:18:20,14562.45,0
2021-04-12 09:18:21,14554.15,0
2021-04-12 09:18:22,14553.5,0
2021-04-12 09:18:23,14554.3,0
2021-04-12 09:18:24,14552.9,0
2021-04-12 09:18:25,14554.95,0
2021-04-12 09:18:26,14556.7,0
2021-04-12 09:18:27,14556.55,0
2021-04-12 09:18:28,14555.5,0
2021-04-12 09:18:29,14556.8,0
2021-04-12 09:18:30,14558.1,0
2021-04-12 09:18:31,14557.65,0
2021-04-12 09:18:32,14559.35,0
2021-04-12 09:18:33,14558.45,0
2021-04-12 09:18:34,14561.05,0
2021-04-12 09:18:35,14564.0,0
2021-04-12 09:18:36,14562.45,0
2021-04-12 09:18:37,14563.0,0
2021-04-12 09:18:39,14562.75,0
2021-04-12 09:18:40,14560.95,0
2021-04-12 09:18:41,14558.45,0
2021-04-12 09:18:42,14559.85,0
2021-04-12 09:18:43,14561.3,0
2021-04-12 09:18:44,14561.15,0
2021-04-12 09:18:45,14558.3,0
2021-04-12 09:18:46,14559.65,0
2021-04-12 09:18:47,14558.8,0
2021-04-12 09:18:48,14559.2,0
2021-04-12 09:18:49,14557.35,0
2021-04-12 09:18:50,14556.6,0
2021-04-12 09:18:51,14555.65,0
2021-04-12 09:18:52,14555.1,0
2021-04-12 09:18:53,14555.25,0
2021-04-12 09:18:54,14552.8,0
2021-04-12 09:18:55,14555.55,0
2021-04-12 09:18:56,14558.25,0
2021-04-12 09:18:57,14558.85,0
2021-04-12 09:18:58,14557.65,0
2021-04-12 09:18:59,14559.5,0
2021-04-12 09:19:00,14559.5,0
2021-04-12 09:19:01,14556.75,0
2021-04-12 09:19:02,14556.6,0
2021-04-12 09:19:03,14557.1,0
2021-04-12 09:19:04,14559.1,0
2021-04-12 09:19:05,14558.8,0
2021-04-12 09:19:07,14560.3,0
2021-04-12 09:19:09,14559.7,0
2021-04-12 09:19:10,14560.2,0
2021-04-12 09:19:11,14558.45,0
2021-04-12 09:19:12,14558.25,0
2021-04-12 09:19:13,14555.9,0
2021-04-12 09:19:15,14553.1,0
2021-04-12 09:19:16,14552.05,0
2021-04-12 09:19:18,14553.5,0
2021-04-12 09:19:19,14552.5,0
2021-04-12 09:19:20,14551.7,0
2021-04-12 09:19:21,14550.7,0
2021-04-12 09:19:22,14551.6,0
2021-04-12 09:19:24,14552.85,0
2021-04-12 09:19:25,14553.3,0
2021-04-12 09:19:26,14552.3,0
2021-04-12 09:19:27,14547.95,0
2021-04-12 09:19:28,14548.55,0
2021-04-12 09:19:29,14546.55,0
2021-04-12 09:19:31,14545.85,0
2021-04-12 09:19:32,14543.4,0
2021-04-12 09:19:33,14541.25,0
2021-04-12 09:19:34,14541.0,0
2021-04-12 09:19:35,14539.5,0
2021-04-12 09:19:37,14540.15,0
2021-04-12 09:19:38,14540.75,0
2021-04-12 09:19:39,14542.4,0
2021-04-12 09:19:40,14541.45,0
2021-04-12 09:19:41,14537.95,0
2021-04-12 09:19:42,14535.9,0
2021-04-12 09:19:43,14537.95,0
2021-04-12 09:19:44,14539.35,0
2021-04-12 09:19:47,14538.25,0
2021-04-12 09:19:48,14535.2,0
2021-04-12 09:19:49,14535.15,0
2021-04-12 09:19:50,14535.8,0
2021-04-12 09:19:51,14535.8,0
2021-04-12 09:19:52,14534.7,0
2021-04-12 09:19:53,14535.0,0
2021-04-12 09:19:54,14531.9,0
2021-04-12 09:19:55,14531.2,0
2021-04-12 09:19:56,14531.7,0
2021-04-12 09:19:57,14528.9,0
2021-04-12 09:19:58,14529.85,0
2021-04-12 09:19:59,14530.85,0
2021-04-12 09:20:00,14531.05,0
2021-04-12 09:20:02,14528.35,0
2021-04-12 09:20:03,14525.2,0
2021-04-12 09:20:04,14523.0,0
2021-04-12 09:20:05,14521.95,0
2021-04-12 09:20:06,14520.6,0
2021-04-12 09:20:07,14518.8,0
2021-04-12 09:20:08,14521.05,0
2021-04-12 09:20:09,14521.7,0
2021-04-12 09:20:10,14520.9,0
2021-04-12 09:20:12,14511.25,0
2021-04-12 09:20:13,14513.45,0
2021-04-12 09:20:14,14513.8,0
2021-04-12 09:20:16,14513.2,0
2021-04-12 09:20:17,14515.65,0
2021-04-12 09:20:19,14513.25,0
2021-04-12 09:20:20,14513.35,0
2021-04-12 09:20:21,14510.8,0
2021-04-12 09:20:23,14507.75,0
2021-04-12 09:20:24,14508.15,0
2021-04-12 09:20:25,14509.3,0
2021-04-12 09:20:26,14503.4,0
2021-04-12 09:20:28,14500.85,0
2021-04-12 09:20:29,14501.25,0
2021-04-12 09:20:30,14501.65,0
2021-04-12 09:20:31,14498.9,0
2021-04-12 09:20:32,14500.55,0
2021-04-12 09:20:33,14497.95,0
2021-04-12 09:20:34,14496.0,0
2021-04-12 09:20:35,14499.25,0
2021-04-12 09:20:38,14497.3,0
2021-04-12 09:20:39,14495.65,0
2021-04-12 09:20:40,14491.85,0
2021-04-12 09:20:42,14490.65,0
2021-04-12 09:20:43,14493.45,0
2021-04-12 09:20:44,14495.45,0
2021-04-12 09:20:45,14495.2,0
2021-04-12 09:20:46,14494.0,0
2021-04-12 09:20:47,14495.95,0
2021-04-12 09:20:48,14496.45,0
2021-04-12 09:20:49,14495.4,0
2021-04-12 09:20:50,14495.55,0
2021-04-12 09:20:51,14499.05,0
2021-04-12 09:20:53,14497.45,0
2021-04-12 09:20:54,14498.3,0
2021-04-12 09:20:55,14502.55,0
2021-04-12 09:20:56,14505.25,0
2021-04-12 09:20:57,14505.85,0
2021-04-12 09:20:58,14506.55,0
2021-04-12 09:20:59,14507.65,0
2021-04-12 09:21:00,14510.1,0
2021-04-12 09:21:01,14510.7,0
2021-04-12 09:21:02,14513.75,0
2021-04-12 09:21:03,14513.4,0
2021-04-12 09:21:04,14511.6,0
2021-04-12 09:21:05,14508.2,0
2021-04-12 09:21:06,14504.2,0
2021-04-12 09:21:07,14506.5,0
2021-04-12 09:21:08,14503.55,0
2021-04-12 09:21:09,14502.55,0
2021-04-12 09:21:13,14497.65,0
2021-04-12 09:21:14,14497.1,0
2021-04-12 09:21:15,14494.9,0
2021-04-12 09:21:16,14496.65,0
2021-04-12 09:21:17,14497.4,0
2021-04-12 09:21:18,14498.8,0
2021-04-12 09:21:19,14499.95,0
2021-04-12 09:21:20,14501.4,0
2021-04-12 09:21:21,14502.8,0
2021-04-12 09:21:22,14502.4,0
2021-04-12 09:21:23,14505.15,0
2021-04-12 09:21:24,14504.45,0
2021-04-12 09:21:25,14501.65,0
2021-04-12 09:21:26,14499.35,0
2021-04-12 09:21:27,14501.5,0
2021-04-12 09:21:28,14503.65,0
2021-04-12 09:21:29,14504.7,0
2021-04-12 09:21:30,14505.25,0
2021-04-12 09:21:31,14505.15,0
2021-04-12 09:21:32,14504.55,0
2021-04-12 09:21:33,14506.25,0
2021-04-12 09:21:34,14506.7,0
2021-04-12 09:21:35,14505.1,0
2021-04-12 09:21:36,14504.1,0
2021-04-12 09:21:37,14504.5,0
2021-04-12 09:21:38,14505.75,0
2021-04-12 09:21:39,14503.3,0
2021-04-12 09:21:40,14503.45,0
2021-04-12 09:21:41,14503.9,0
2021-04-12 09:21:42,14504.85,0
2021-04-12 09:21:43,14502.7,0
2021-04-12 09:21:44,14502.35,0
2021-04-12 09:21:46,14502.55,0
2021-04-12 09:21:47,14503.8,0
2021-04-12 09:21:48,14506.15,0
2021-04-12 09:21:49,14506.85,0
2021-04-12 09:21:50,14506.6,0
2021-04-12 09:21:52,14504.0,0
2021-04-12 09:21:53,14502.05,0
2021-04-12 09:21:54,14502.4,0
2021-04-12 09:21:55,14503.45,0
2021-04-12 09:21:56,14502.8,0
2021-04-12 09:21:57,14504.15,0
2021-04-12 09:21:58,14506.8,0
2021-04-12 09:21:59,14506.75,0
2021-04-12 09:22:00,14507.4,0
2021-04-12 09:22:01,14504.95,0
2021-04-12 09:22:03,14502.45,0
2021-04-12 09:22:04,14503.85,0
2021-04-12 09:22:05,14503.9,0
2021-04-12 09:22:07,14507.7,0
2021-04-12 09:22:09,14507.15,0
2021-04-12 09:22:11,14506.05,0
2021-04-12 09:22:12,14506.8,0
2021-04-12 09:22:13,14507.45,0
2021-04-12 09:22:16,14502.7,0
2021-04-12 09:22:17,14503.55,0
2021-04-12 09:22:18,14505.55,0
2021-04-12 09:22:20,14507.6,0
2021-04-12 09:22:21,14505.35,0
2021-04-12 09:22:23,14507.25,0
2021-04-12 09:22:24,14507.35,0
2021-04-12 09:22:25,14507.75,0
2021-04-12 09:22:26,14507.3,0
2021-04-12 09:22:27,14509.1,0
2021-04-12 09:22:28,14505.0,0
2021-04-12 09:22:29,14505.65,0
2021-04-12 09:22:31,14508.95,0
2021-04-12 09:22:33,14507.8,0
2021-04-12 09:22:34,14509.2,0
2021-04-12 09:22:35,14510.05,0
2021-04-12 09:22:36,14509.55,0
2021-04-12 09:22:37,14509.7,0
2021-04-12 09:22:38,14511.3,0
2021-04-12 09:22:39,14516.65,0
2021-04-12 09:22:40,14515.2,0
2021-04-12 09:22:41,14514.8,0
2021-04-12 09:22:42,14512.8,0
2021-04-12 09:22:43,14511.6,0
2021-04-12 09:22:44,14513.45,0
2021-04-12 09:22:45,14511.1,0
2021-04-12 09:22:46,14513.65,0
2021-04-12 09:22:47,14512.1,0
2021-04-12 09:22:48,14512.75,0
2021-04-12 09:22:49,14514.15,0
2021-04-12 09:22:50,14514.85,0
2021-04-12 09:22:51,14512.9,0
2021-04-12 09:22:52,14515.35,0
2021-04-12 09:22:53,14514.95,0
2021-04-12 09:22:54,14512.85,0
2021-04-12 09:22:55,14514.15,0
2021-04-12 09:22:56,14516.45,0
2021-04-12 09:22:57,14516.1,0
2021-04-12 09:22:58,14518.0,0
2021-04-12 09:22:59,14519.55,0
2021-04-12 09:23:00,14520.3,0
2021-04-12 09:23:01,14521.95,0
2021-04-12 09:23:02,14520.4,0
2021-04-12 09:23:03,14518.95,0
2021-04-12 09:23:04,14521.7,0
2021-04-12 09:23:05,14522.65,0
2021-04-12 09:23:07,14523.1,0
2021-04-12 09:23:08,14521.8,0
2021-04-12 09:23:09,14523.65,0
2021-04-12 09:23:10,14523.7,0
2021-04-12 09:23:11,14520.4,0
2021-04-12 09:23:12,14518.8,0
2021-04-12 09:23:13,14518.45,0
2021-04-12 09:23:14,14511.3,0
2021-04-12 09:23:15,14512.95,0
2021-04-12 09:23:16,14514.4,0
2021-04-12 09:23:19,14516.2,0
2021-04-12 09:23:20,14515.95,0
2021-04-12 09:23:21,14517.15,0
2021-04-12 09:23:22,14518.55,0
2021-04-12 09:23:23,14521.25,0
2021-04-12 09:23:24,14523.05,0
2021-04-12 09:23:25,14523.65,0
2021-04-12 09:23:26,14522.2,0
2021-04-12 09:23:27,14524.8,0
2021-04-12 09:23:28,14522.85,0
2021-04-12 09:23:29,14519.7,0
2021-04-12 09:23:30,14520.7,0
2021-04-12 09:23:31,14518.75,0
2021-04-12 09:23:32,14518.4,0
2021-04-12 09:23:33,14518.1,0
2021-04-12 09:23:34,14519.15,0
2021-04-12 09:23:35,14516.95,0
2021-04-12 09:23:37,14515.35,0
2021-04-12 09:23:38,14513.85,0
2021-04-12 09:23:39,14514.5,0
2021-04-12 09:23:40,14514.7,0
2021-04-12 09:23:42,14510.35,0
2021-04-12 09:23:43,14510.3,0
2021-04-12 09:23:44,14512.5,0
2021-04-12 09:23:46,14511.9,0
2021-04-12 09:23:47,14511.8,0
2021-04-12 09:23:49,14514.3,0
2021-04-12 09:23:50,14513.25,0
2021-04-12 09:23:52,14516.95,0
2021-04-12 09:23:53,14516.15,0
2021-04-12 09:23:54,14514.15,0
2021-04-12 09:23:55,14514.9,0
2021-04-12 09:23:56,14514.6,0
2021-04-12 09:23:57,14511.0,0
2021-04-12 09:23:58,14511.7,0
2021-04-12 09:23:59,14509.5,0
2021-04-12 09:24:01,14506.05,0
2021-04-12 09:24:02,14504.55,0
2021-04-12 09:24:04,14504.85,0
2021-04-12 09:24:05,14503.15,0
2021-04-12 09:24:06,14501.15,0
2021-04-12 09:24:07,14502.25,0
2021-04-12 09:24:08,14501.7,0
2021-04-12 09:24:10,14500.4,0
2021-04-12 09:24:12,14497.55,0
2021-04-12 09:24:13,14497.35,0
2021-04-12 09:24:14,14498.8,0
2021-04-12 09:24:15,14498.45,0
2021-04-12 09:24:16,14500.4,0
2021-04-12 09:24:17,14499.2,0
2021-04-12 09:24:18,14497.85,0
2021-04-12 09:24:19,14497.05,0
2021-04-12 09:24:20,14494.2,0
2021-04-12 09:24:21,14486.45,0
2021-04-12 09:24:22,14486.65,0
2021-04-12 09:24:23,14489.15,0
2021-04-12 09:24:24,14488.85,0
2021-04-12 09:24:25,14485.15,0
2021-04-12 09:24:26,14483.4,0
2021-04-12 09:24:27,14482.5,0
2021-04-12 09:24:28,14481.7,0
2021-04-12 09:24:29,14479.25,0
2021-04-12 09:24:30,14480.0,0
2021-04-12 09:24:31,14478.3,0
2021-04-12 09:24:32,14476.7,0
2021-04-12 09:24:33,14479.8,0
2021-04-12 09:24:34,14478.4,0
2021-04-12 09:24:35,14479.15,0
2021-04-12 09:24:36,14476.9,0
2021-04-12 09:24:37,14477.6,0
2021-04-12 09:24:38,14476.85,0
2021-04-12 09:24:39,14475.1,0
2021-04-12 09:24:40,14479.7,0
2021-04-12 09:24:41,14480.15,0
2021-04-12 09:24:42,14479.45,0
2021-04-12 09:24:43,14479.7,0
2021-04-12 09:24:44,14478.1,0
2021-04-12 09:24:45,14478.7,0
2021-04-12 09:24:46,14481.25,0
2021-04-12 09:24:47,14480.95,0
2021-04-12 09:24:48,14481.35,0
2021-04-12 09:24:49,14481.55,0
2021-04-12 09:24:50,14479.5,0
2021-04-12 09:24:52,14476.1,0
2021-04-12 09:24:53,14476.35,0
2021-04-12 09:24:54,14477.4,0
2021-04-12 09:24:55,14475.75,0
2021-04-12 09:24:56,14476.6,0
2021-04-12 09:24:57,14476.3,0
2021-04-12 09:24:58,14475.0,0
2021-04-12 09:24:59,14474.3,0
2021-04-12 09:25:00,14471.5,0
2021-04-12 09:25:01,14473.6,0
2021-04-12 09:25:02,14470.5,0
2021-04-12 09:25:04,14474.35,0
2021-04-12 09:25:05,14473.3,0
2021-04-12 09:25:06,14473.9,0
2021-04-12 09:25:07,14472.55,0
2021-04-12 09:25:08,14473.4,0
2021-04-12 09:25:09,14478.5,0
2021-04-12 09:25:10,14475.95,0
2021-04-12 09:25:11,14475.9,0
2021-04-12 09:25:12,14476.6,0
2021-04-12 09:25:14,14483.75,0
2021-04-12 09:25:15,14484.4,0
2021-04-12 09:25:16,14488.25,0
2021-04-12 09:25:17,14487.6,0
2021-04-12 09:25:18,14485.15,0
2021-04-12 09:25:19,14487.05,0
2021-04-12 09:25:20,14486.05,0
2021-04-12 09:25:21,14484.05,0
2021-04-12 09:25:22,14483.95,0
2021-04-12 09:25:23,14484.8,0
2021-04-12 09:25:24,14486.35,0
2021-04-12 09:25:25,14487.1,0
2021-04-12 09:25:26,14485.8,0
2021-04-12 09:25:27,14487.45,0
2021-04-12 09:25:28,14490.55,0
2021-04-12 09:25:29,14492.65,0
2021-04-12 09:25:30,14493.25,0
2021-04-12 09:25:31,14494.8,0
2021-04-12 09:25:32,14492.55,0
2021-04-12 09:25:34,14496.0,0
2021-04-12 09:25:36,14500.3,0
2021-04-12 09:25:37,14498.8,0
2021-04-12 09:25:38,14496.3,0
2021-04-12 09:25:39,14493.85,0
2021-04-12 09:25:40,14494.35,0
2021-04-12 09:25:41,14495.25,0
2021-04-12 09:25:42,14493.4,0
2021-04-12 09:25:43,14493.65,0
2021-04-12 09:25:44,14494.75,0
2021-04-12 09:25:45,14495.0,0
2021-04-12 09:25:46,14494.25,0
2021-04-12 09:25:47,14493.6,0
2021-04-12 09:25:48,14494.2,0
2021-04-12 09:25:49,14494.3,0
2021-04-12 09:25:50,14494.3,0
2021-04-12 09:25:51,14492.95,0
2021-04-12 09:25:52,14491.05,0
2021-04-12 09:25:54,14489.4,0
2021-04-12 09:25:55,14492.15,0
2021-04-12 09:25:56,14490.85,0
2021-04-12 09:25:57,14494.6,0
2021-04-12 09:25:58,14496.8,0
2021-04-12 09:25:59,14495.1,0
2021-04-12 09:26:00,14494.55,0
2021-04-12 09:26:01,14493.4,0
2021-04-12 09:26:02,14493.05,0
2021-04-12 09:26:03,14493.35,0
2021-04-12 09:26:04,14494.75,0
2021-04-12 09:26:05,14496.6,0
2021-04-12 09:26:06,14496.45,0
2021-04-12 09:26:07,14494.75,0
2021-04-12 09:26:08,14496.1,0
2021-04-12 09:26:09,14495.35,0
2021-04-12 09:26:10,14495.1,0
2021-04-12 09:26:11,14494.45,0
2021-04-12 09:26:12,14491.3,0
2021-04-12 09:26:13,14491.95,0
2021-04-12 09:26:14,14492.5,0
2021-04-12 09:26:15,14492.45,0
2021-04-12 09:26:16,14493.95,0
2021-04-12 09:26:17,14496.1,0
2021-04-12 09:26:19,14494.0,0
2021-04-12 09:26:21,14492.2,0
2021-04-12 09:26:22,14492.45,0
2021-04-12 09:26:23,14491.7,0
2021-04-12 09:26:24,14493.25,0
2021-04-12 09:26:25,14493.6,0
2021-04-12 09:26:26,14494.05,0
2021-04-12 09:26:27,14493.65,0
2021-04-12 09:26:28,14493.45,0
2021-04-12 09:26:30,14495.4,0
2021-04-12 09:26:31,14494.45,0
2021-04-12 09:26:33,14494.5,0
2021-04-12 09:26:34,14493.05,0
2021-04-12 09:26:35,14493.35,0
2021-04-12 09:26:36,14492.2,0
2021-04-12 09:26:37,14490.75,0
2021-04-12 09:26:38,14492.0,0
2021-04-12 09:26:39,14491.35,0
2021-04-12 09:26:41,14493.95,0
2021-04-12 09:26:42,14494.4,0
2021-04-12 09:26:45,14492.4,0
2021-04-12 09:26:46,14492.55,0
2021-04-12 09:26:47,14492.1,0
2021-04-12 09:26:48,14492.8,0
2021-04-12 09:26:50,14493.9,0
2021-04-12 09:26:52,14493.6,0
2021-04-12 09:26:53,14494.45,0
2021-04-12 09:26:54,14492.9,0
2021-04-12 09:26:55,14492.65,0
2021-04-12 09:26:56,14491.85,0
2021-04-12 09:26:57,14495.3,0
2021-04-12 09:26:58,14495.3,0
2021-04-12 09:27:00,14493.35,0
2021-04-12 09:27:01,14492.0,0
2021-04-12 09:27:02,14492.85,0
2021-04-12 09:27:03,14492.15,0
2021-04-12 09:27:04,14490.85,0
2021-04-12 09:27:05,14492.35,0
2021-04-12 09:27:06,14490.7,0
2021-04-12 09:27:07,14488.85,0
2021-04-12 09:27:08,14489.6,0
2021-04-12 09:27:09,14488.5,0
2021-04-12 09:27:10,14487.95,0
2021-04-12 09:27:11,14484.75,0
2021-04-12 09:27:12,14484.35,0
2021-04-12 09:27:13,14485.5,0
2021-04-12 09:27:14,14485.9,0
2021-04-12 09:27:16,14485.0,0
2021-04-12 09:27:18,14484.65,0
2021-04-12 09:27:20,14486.65,0
2021-04-12 09:27:21,14486.25,0
2021-04-12 09:27:22,14487.2,0
2021-04-12 09:27:23,14485.8,0
2021-04-12 09:27:24,14483.45,0
2021-04-12 09:27:25,14481.05,0
2021-04-12 09:27:26,14482.5,0
2021-04-12 09:27:27,14482.75,0
2021-04-12 09:27:28,14482.3,0
2021-04-12 09:27:29,14482.95,0
2021-04-12 09:27:30,14480.65,0
2021-04-12 09:27:31,14480.95,0
2021-04-12 09:27:32,14478.95,0
2021-04-12 09:27:33,14478.9,0
2021-04-12 09:27:34,14480.5,0
2021-04-12 09:27:35,14483.4,0
2021-04-12 09:27:36,14483.9,0
2021-04-12 09:27:37,14482.15,0
2021-04-12 09:27:38,14481.7,0
2021-04-12 09:27:39,14481.45,0
2021-04-12 09:27:40,14479.8,0
2021-04-12 09:27:41,14479.95,0
2021-04-12 09:27:42,14480.5,0
2021-04-12 09:27:43,14483.25,0
2021-04-12 09:27:44,14483.85,0
2021-04-12 09:27:45,14484.35,0
2021-04-12 09:27:46,14482.5,0
2021-04-12 09:27:47,14483.35,0
2021-04-12 09:27:48,14483.2,0
2021-04-12 09:27:49,14483.95,0
2021-04-12 09:27:50,14484.9,0
2021-04-12 09:27:51,14484.25,0
2021-04-12 09:27:52,14484.05,0
2021-04-12 09:27:53,14485.4,0
2021-04-12 09:27:54,14485.1,0
2021-04-12 09:27:55,14486.1,0
2021-04-12 09:27:56,14485.85,0
2021-04-12 09:27:57,14486.05,0
2021-04-12 09:27:58,14486.35,0
2021-04-12 09:27:59,14486.25,0
2021-04-12 09:28:00,14485.85,0
2021-04-12 09:28:01,14485.55,0
2021-04-12 09:28:02,14486.45,0
2021-04-12 09:28:03,14485.15,0
2021-04-12 09:28:05,14482.2,0
2021-04-12 09:28:06,14481.1,0
2021-04-12 09:28:07,14480.95,0
2021-04-12 09:28:08,14479.65,0
2021-04-12 09:28:09,14479.9,0
2021-04-12 09:28:10,14478.1,0
2021-04-12 09:28:11,14478.85,0
2021-04-12 09:28:12,14478.6,0
2021-04-12 09:28:14,14478.95,0
2021-04-12 09:28:15,14479.75,0
2021-04-12 09:28:16,14477.15,0
2021-04-12 09:28:17,14477.0,0
2021-04-12 09:28:18,14476.95,0
2021-04-12 09:28:19,14476.1,0
2021-04-12 09:28:20,14477.05,0
2021-04-12 09:28:23,14474.95,0
2021-04-12 09:28:25,14473.9,0
2021-04-12 09:28:26,14473.05,0
2021-04-12 09:28:28,14472.9,0
2021-04-12 09:28:29,14474.5,0
2021-04-12 09:28:30,14474.2,0
2021-04-12 09:28:31,14475.2,0
2021-04-12 09:28:32,14475.55,0
2021-04-12 09:28:35,14473.3,0
2021-04-12 09:28:36,14472.75,0
2021-04-12 09:28:37,14471.05,0
2021-04-12 09:28:38,14467.65,0
2021-04-12 09:28:39,14466.55,0
2021-04-12 09:28:40,14467.35,0
2021-04-12 09:28:41,14467.15,0
2021-04-12 09:28:42,14465.55,0
2021-04-12 09:28:43,14464.8,0
2021-04-12 09:28:44,14465.2,0
2021-04-12 09:28:45,14466.25,0
2021-04-12 09:28:46,14466.45,0
2021-04-12 09:28:48,14469.85,0
2021-04-12 09:28:49,14469.05,0
2021-04-12 09:28:50,14468.9,0
2021-04-12 09:28:51,14469.9,0
2021-04-12 09:28:52,14470.0,0
2021-04-12 09:28:53,14470.75,0
2021-04-12 09:28:54,14471.65,0
2021-04-12 09:28:55,14469.8,0
2021-04-12 09:28:56,14470.8,0
2021-04-12 09:28:57,14471.6,0
2021-04-12 09:28:58,14469.8,0
2021-04-12 09:28:59,14469.95,0
2021-04-12 09:29:00,14470.0,0
2021-04-12 09:29:01,14470.95,0
2021-04-12 09:29:02,14469.7,0
2021-04-12 09:29:03,14468.6,0
2021-04-12 09:29:04,14469.45,0
2021-04-12 09:29:07,14469.75,0
2021-04-12 09:29:09,14472.1,0
2021-04-12 09:29:10,14472.55,0
2021-04-12 09:29:11,14471.15,0
2021-04-12 09:29:12,14470.65,0
2021-04-12 09:29:13,14470.45,0
2021-04-12 09:29:14,14469.1,0
2021-04-12 09:29:15,14470.45,0
2021-04-12 09:29:16,14469.6,0
2021-04-12 09:29:17,14470.95,0
2021-04-12 09:29:18,14467.65,0
2021-04-12 09:29:19,14467.35,0
2021-04-12 09:29:20,14469.05,0
2021-04-12 09:29:21,14465.8,0
2021-04-12 09:29:23,14465.2,0
2021-04-12 09:29:24,14462.45,0
2021-04-12 09:29:25,14462.25,0
2021-04-12 09:29:26,14461.15,0
2021-04-12 09:29:27,14460.5,0
2021-04-12 09:29:28,14459.9,0
2021-04-12 09:29:31,14460.65,0
2021-04-12 09:29:33,14462.8,0
2021-04-12 09:29:34,14466.55,0
2021-04-12 09:29:35,14465.25,0
2021-04-12 09:29:36,14465.25,0
2021-04-12 09:29:37,14464.05,0
2021-04-12 09:29:38,14464.45,0
2021-04-12 09:29:39,14463.4,0
2021-04-12 09:29:40,14460.05,0
2021-04-12 09:29:41,14459.25,0
2021-04-12 09:29:44,14458.75,0
2021-04-12 09:29:45,14458.9,0
2021-04-12 09:29:46,14458.45,0
2021-04-12 09:29:47,14460.95,0
2021-04-12 09:29:49,14460.2,0
2021-04-12 09:29:50,14458.95,0
2021-04-12 09:29:51,14459.25,0
2021-04-12 09:29:52,14457.8,0
2021-04-12 09:29:54,14458.05,0
2021-04-12 09:29:55,14457.4,0
2021-04-12 09:29:56,14456.0,0
2021-04-12 09:29:57,14455.0,0
2021-04-12 09:29:59,14454.75,0
2021-04-12 09:30:02,14448.1,0
2021-04-12 09:30:03,14447.75,0
2021-04-12 09:30:04,14444.15,0
2021-04-12 09:30:05,14442.35,0
2021-04-12 09:30:06,14438.45,0
2021-04-12 09:30:07,14439.1,0
2021-04-12 09:30:08,14438.55,0
2021-04-12 09:30:09,14437.95,0
2021-04-12 09:30:10,14439.6,0
2021-04-12 09:30:12,14440.25,0
2021-04-12 09:30:15,14437.2,0
2021-04-12 09:30:16,14438.6,0
2021-04-12 09:30:17,14439.6,0
2021-04-12 09:30:18,14440.85,0
2021-04-12 09:30:19,14439.6,0
2021-04-12 09:30:20,14438.95,0
2021-04-12 09:30:21,14436.3,0
2021-04-12 09:30:22,14435.2,0
2021-04-12 09:30:23,14434.25,0
2021-04-12 09:30:25,14434.5,0
2021-04-12 09:30:26,14435.95,0
2021-04-12 09:30:27,14437.75,0
2021-04-12 09:30:28,14437.1,0
2021-04-12 09:30:29,14436.7,0
2021-04-12 09:30:30,14437.6,0
2021-04-12 09:30:31,14438.95,0
2021-04-12 09:30:32,14439.8,0
2021-04-12 09:30:33,14440.3,0
2021-04-12 09:30:34,14442.0,0
2021-04-12 09:30:35,14438.7,0
2021-04-12 09:30:36,14438.15,0
2021-04-12 09:30:37,14439.8,0
2021-04-12 09:30:38,14440.65,0
2021-04-12 09:30:39,14441.6,0
2021-04-12 09:30:40,14441.3,0
2021-04-12 09:30:41,14440.65,0
2021-04-12 09:30:42,14441.25,0
2021-04-12 09:30:43,14441.25,0
2021-04-12 09:30:44,14440.2,0
2021-04-12 09:30:45,14438.4,0
2021-04-12 09:30:46,14437.7,0
2021-04-12 09:30:47,14436.55,0
2021-04-12 09:30:48,14435.5,0
2021-04-12 09:30:49,14434.1,0
2021-04-12 09:30:50,14431.75,0
2021-04-12 09:30:51,14430.75,0
2021-04-12 09:30:52,14429.75,0
2021-04-12 09:30:53,14430.5,0
2021-04-12 09:30:54,14432.1,0
2021-04-12 09:30:55,14432.25,0
2021-04-12 09:30:56,14432.65,0
2021-04-12 09:30:57,14430.6,0
2021-04-12 09:30:58,14427.95,0
2021-04-12 09:30:59,14427.75,0
2021-04-12 09:31:00,14426.95,0
2021-04-12 09:31:01,14425.0,0
2021-04-12 09:31:02,14425.55,0
2021-04-12 09:31:03,14425.2,0
2021-04-12 09:31:04,14425.65,0
2021-04-12 09:31:05,14428.2,0
2021-04-12 09:31:06,14426.35,0
2021-04-12 09:31:07,14423.45,0
2021-04-12 09:31:08,14420.25,0
2021-04-12 09:31:09,14419.65,0
2021-04-12 09:31:11,14415.6,0
2021-04-12 09:31:12,14415.4,0
2021-04-12 09:31:13,14412.9,0
2021-04-12 09:31:14,14411.8,0
2021-04-12 09:31:15,14411.2,0
2021-04-12 09:31:16,14410.95,0
2021-04-12 09:31:17,14408.9,0
2021-04-12 09:31:18,14409.1,0
2021-04-12 09:31:19,14409.2,0
2021-04-12 09:31:20,14409.0,0
2021-04-12 09:31:22,14406.5,0
2021-04-12 09:31:25,14407.15,0
2021-04-12 09:31:26,14406.75,0
2021-04-12 09:31:27,14408.5,0
2021-04-12 09:31:28,14408.55,0
2021-04-12 09:31:29,14409.6,0
2021-04-12 09:31:30,14413.6,0
2021-04-12 09:31:31,14412.75,0
2021-04-12 09:31:33,14410.2,0
2021-04-12 09:31:34,14406.55,0
2021-04-12 09:31:37,14402.75,0
2021-04-12 09:31:38,14401.35,0
2021-04-12 09:31:40,14399.15,0
2021-04-12 09:31:41,14398.55,0
2021-04-12 09:31:42,14401.3,0
2021-04-12 09:31:43,14402.3,0
2021-04-12 09:31:44,14404.5,0
2021-04-12 09:31:45,14402.95,0
2021-04-12 09:31:46,14402.65,0
2021-04-12 09:31:47,14404.55,0
2021-04-12 09:31:49,14407.2,0
2021-04-12 09:31:50,14406.0,0
2021-04-12 09:31:52,14409.2,0
2021-04-12 09:31:53,14410.1,0
2021-04-12 09:31:54,14406.85,0
2021-04-12 09:31:55,14408.6,0
2021-04-12 09:31:59,14418.2,0
2021-04-12 09:32:00,14418.35,0
2021-04-12 09:32:01,14420.2,0
2021-04-12 09:32:02,14418.35,0
2021-04-12 09:32:03,14419.65,0
2021-04-12 09:32:04,14422.6,0
2021-04-12 09:32:05,14423.3,0
2021-04-12 09:32:06,14422.65,0
2021-04-12 09:32:07,14422.2,0
2021-04-12 09:32:08,14423.15,0
2021-04-12 09:32:09,14424.4,0
2021-04-12 09:32:10,14423.5,0
2021-04-12 09:32:11,14422.95,0
2021-04-12 09:32:12,14423.3,0
2021-04-12 09:32:13,14422.95,0
2021-04-12 09:32:15,14421.1,0
2021-04-12 09:32:16,14414.0,0
2021-04-12 09:32:17,14413.3,0
2021-04-12 09:32:18,14412.1,0
2021-04-12 09:32:19,14411.7,0
2021-04-12 09:32:21,14411.4,0
2021-04-12 09:32:22,14411.25,0
2021-04-12 09:32:24,14410.75,0
2021-04-12 09:32:26,14412.8,0
2021-04-12 09:32:27,14412.05,0
2021-04-12 09:32:28,14408.7,0
2021-04-12 09:32:29,14409.75,0
2021-04-12 09:32:30,14409.15,0
2021-04-12 09:32:31,14410.3,0
2021-04-12 09:32:32,14411.9,0
2021-04-12 09:32:33,14408.6,0
2021-04-12 09:32:34,14408.2,0
2021-04-12 09:32:35,14407.7,0
2021-04-12 09:32:36,14405.9,0
2021-04-12 09:32:37,14403.95,0
2021-04-12 09:32:39,14405.85,0
2021-04-12 09:32:42,14403.15,0
2021-04-12 09:32:43,14402.9,0
2021-04-12 09:32:44,14403.55,0
2021-04-12 09:32:45,14403.45,0
2021-04-12 09:32:46,14403.7,0
2021-04-12 09:32:47,14402.6,0
2021-04-12 09:32:49,14404.8,0
2021-04-12 09:32:50,14405.85,0
2021-04-12 09:32:51,14403.0,0
2021-04-12 09:32:52,14402.25,0
2021-04-12 09:32:53,14404.0,0
2021-04-12 09:32:55,14405.2,0
2021-04-12 09:32:56,14403.7,0
2021-04-12 09:32:58,14402.55,0
2021-04-12 09:32:59,14403.55,0
2021-04-12 09:33:00,14404.55,0
2021-04-12 09:33:01,14405.75,0
2021-04-12 09:33:02,14406.5,0
2021-04-12 09:33:03,14403.75,0
2021-04-12 09:33:04,14403.0,0
2021-04-12 09:33:05,14403.15,0
2021-04-12 09:33:08,14406.95,0
2021-04-12 09:33:09,14408.05,0
2021-04-12 09:33:11,14408.4,0
2021-04-12 09:33:13,14410.75,0
2021-04-12 09:33:14,14410.3,0
2021-04-12 09:33:16,14409.85,0
2021-04-12 09:33:17,14410.7,0
2021-04-12 09:33:18,14410.65,0
2021-04-12 09:33:19,14410.95,0
2021-04-12 09:33:21,14410.65,0
2021-04-12 09:33:22,14411.8,0
2021-04-12 09:33:24,14409.75,0
2021-04-12 09:33:25,14408.7,0
2021-04-12 09:33:26,14409.9,0
2021-04-12 09:33:27,14410.3,0
2021-04-12 09:33:28,14412.2,0
2021-04-12 09:33:29,14412.95,0
2021-04-12 09:33:30,14413.55,0
2021-04-12 09:33:31,14409.25,0
2021-04-12 09:33:32,14411.85,0
2021-04-12 09:33:33,14411.05,0
2021-04-12 09:33:34,14410.75,0
2021-04-12 09:33:35,14409.55,0
2021-04-12 09:33:36,14411.55,0
2021-04-12 09:33:38,14415.0,0
2021-04-12 09:33:39,14414.9,0
2021-04-12 09:33:40,14415.1,0
2021-04-12 09:33:41,14414.75,0
2021-04-12 09:33:42,14415.55,0
2021-04-12 09:33:43,14417.0,0
2021-04-12 09:33:45,14418.55,0
2021-04-12 09:33:46,14419.75,0
2021-04-12 09:33:47,14419.2,0
2021-04-12 09:33:48,14418.4,0
2021-04-12 09:33:49,14422.9,0
2021-04-12 09:33:51,14424.1,0
2021-04-12 09:33:52,14423.6,0
2021-04-12 09:33:53,14422.95,0
2021-04-12 09:33:55,14425.25,0
2021-04-12 09:33:56,14426.45,0
2021-04-12 09:33:57,14427.4,0
2021-04-12 09:33:58,14426.95,0
2021-04-12 09:33:59,14426.85,0
2021-04-12 09:34:00,14427.5,0
2021-04-12 09:34:01,14427.95,0
2021-04-12 09:34:03,14423.75,0
2021-04-12 09:34:04,14423.35,0
2021-04-12 09:34:05,14423.05,0
2021-04-12 09:34:06,14424.2,0
2021-04-12 09:34:07,14424.9,0
2021-04-12 09:34:08,14424.35,0
2021-04-12 09:34:09,14423.95,0
2021-04-12 09:34:10,14424.45,0
2021-04-12 09:34:11,14420.85,0
2021-04-12 09:34:12,14417.65,0
2021-04-12 09:34:13,14416.7,0
2021-04-12 09:34:14,14418.05,0
2021-04-12 09:34:15,14416.35,0
2021-04-12 09:34:16,14418.5,0
2021-04-12 09:34:17,14417.15,0
2021-04-12 09:34:18,14414.85,0
2021-04-12 09:34:19,14414.85,0
2021-04-12 09:34:20,14416.2,0
2021-04-12 09:34:21,14417.2,0
2021-04-12 09:34:22,14415.05,0
2021-04-12 09:34:24,14416.25,0
2021-04-12 09:34:26,14415.55,0
2021-04-12 09:34:27,14415.55,0
2021-04-12 09:34:28,14416.25,0
2021-04-12 09:34:29,14416.9,0
2021-04-12 09:34:30,14416.15,0
2021-04-12 09:34:31,14413.35,0
2021-04-12 09:34:33,14411.35,0
2021-04-12 09:34:36,14407.25,0
2021-04-12 09:34:37,14405.05,0
2021-04-12 09:34:38,14402.15,0
2021-04-12 09:34:39,14403.0,0
2021-04-12 09:34:40,14404.9,0
2021-04-12 09:34:42,14404.1,0
2021-04-12 09:34:43,14402.75,0
2021-04-12 09:34:44,14403.85,0
2021-04-12 09:34:45,14403.7,0
2021-04-12 09:34:46,14403.9,0
2021-04-12 09:34:47,14402.55,0
2021-04-12 09:34:48,14403.5,0
2021-04-12 09:34:50,14404.95,0
2021-04-12 09:34:51,14407.85,0
2021-04-12 09:34:52,14405.25,0
2021-04-12 09:34:53,14405.9,0
2021-04-12 09:34:55,14405.85,0
2021-04-12 09:34:56,14406.5,0
2021-04-12 09:34:57,14406.55,0
2021-04-12 09:34:58,14406.4,0
2021-04-12 09:34:59,14407.0,0
2021-04-12 09:35:02,14402.95,0
2021-04-12 09:35:03,14401.75,0
2021-04-12 09:35:04,14402.7,0
2021-04-12 09:35:05,14400.85,0
2021-04-12 09:35:06,14401.0,0
2021-04-12 09:35:07,14401.05,0
2021-04-12 09:35:08,14398.4,0
2021-04-12 09:35:09,14394.65,0
2021-04-12 09:35:11,14392.6,0
2021-04-12 09:35:12,14391.15,0
2021-04-12 09:35:13,14391.3,0
2021-04-12 09:35:14,14391.1,0
2021-04-12 09:35:15,14388.75,0
2021-04-12 09:35:16,14388.1,0
2021-04-12 09:35:17,14387.65,0
2021-04-12 09:35:18,14384.55,0
2021-04-12 09:35:19,14386.8,0
2021-04-12 09:35:20,14387.75,0
2021-04-12 09:35:21,14387.05,0
2021-04-12 09:35:23,14387.05,0
2021-04-12 09:35:24,14386.75,0
2021-04-12 09:35:25,14388.05,0
2021-04-12 09:35:26,14388.35,0
2021-04-12 09:35:27,14388.25,0
2021-04-12 09:35:28,14391.95,0
2021-04-12 09:35:30,14388.3,0
2021-04-12 09:35:31,14386.25,0
2021-04-12 09:35:33,14385.05,0
2021-04-12 09:35:34,14386.5,0
2021-04-12 09:35:36,14388.65,0
2021-04-12 09:35:37,14390.95,0
2021-04-12 09:35:38,14390.35,0
2021-04-12 09:35:39,14393.4,0
2021-04-12 09:35:40,14391.85,0
2021-04-12 09:35:41,14391.3,0
2021-04-12 09:35:42,14392.95,0
2021-04-12 09:35:43,14392.95,0
2021-04-12 09:35:44,14389.8,0
2021-04-12 09:35:46,14393.1,0
2021-04-12 09:35:47,14392.2,0
2021-04-12 09:35:48,14392.8,0
2021-04-12 09:35:49,14392.0,0
2021-04-12 09:35:50,14393.6,0
2021-04-12 09:35:51,14395.6,0
2021-04-12 09:35:54,14400.45,0
2021-04-12 09:35:55,14399.5,0
2021-04-12 09:35:57,14399.15,0
2021-04-12 09:36:01,14399.7,0
2021-04-12 09:36:02,14399.45,0
2021-04-12 09:36:04,14401.1,0
2021-04-12 09:36:06,14401.7,0
2021-04-12 09:36:08,14402.55,0
2021-04-12 09:36:09,14399.6,0
2021-04-12 09:36:10,14399.95,0
2021-04-12 09:36:11,14400.25,0
2021-04-12 09:36:12,14400.45,0
2021-04-12 09:36:13,14400.75,0
2021-04-12 09:36:14,14399.45,0
2021-04-12 09:36:15,14398.75,0
2021-04-12 09:36:16,14399.95,0
2021-04-12 09:36:17,14399.8,0
2021-04-12 09:36:18,14398.85,0
2021-04-12 09:36:19,14399.65,0
2021-04-12 09:36:20,14401.9,0
2021-04-12 09:36:21,14401.95,0
2021-04-12 09:36:22,14403.1,0
2021-04-12 09:36:23,14403.0,0
2021-04-12 09:36:25,14405.2,0
2021-04-12 09:36:26,14405.0,0
2021-04-12 09:36:27,14407.3,0
2021-04-12 09:36:28,14407.75,0
2021-04-12 09:36:29,14408.3,0
2021-04-12 09:36:30,14408.45,0
2021-04-12 09:36:31,14408.05,0
2021-04-12 09:36:32,14407.85,0
2021-04-12 09:36:33,14409.2,0
2021-04-12 09:36:34,14408.5,0
2021-04-12 09:36:37,14408.85,0
2021-04-12 09:36:38,14408.5,0
2021-04-12 09:36:39,14407.9,0
2021-04-12 09:36:41,14408.1,0
2021-04-12 09:36:42,14407.85,0
2021-04-12 09:36:43,14407.15,0
2021-04-12 09:36:44,14407.1,0
2021-04-12 09:36:45,14407.3,0
2021-04-12 09:36:46,14406.4,0
2021-04-12 09:36:47,14401.4,0
2021-04-12 09:36:48,14401.95,0
2021-04-12 09:36:49,14402.15,0
2021-04-12 09:36:50,14401.95,0
2021-04-12 09:36:51,14404.05,0
2021-04-12 09:36:52,14404.2,0
2021-04-12 09:36:53,14405.9,0
2021-04-12 09:36:54,14405.95,0
2021-04-12 09:36:55,14407.55,0
2021-04-12 09:36:56,14405.9,0
2021-04-12 09:36:57,14406.4,0
2021-04-12 09:36:58,14407.2,0
2021-04-12 09:36:59,14406.25,0
2021-04-12 09:37:00,14406.2,0
2021-04-12 09:37:01,14406.2,0
2021-04-12 09:37:02,14406.9,0
2021-04-12 09:37:03,14405.7,0
2021-04-12 09:37:04,14406.85,0
2021-04-12 09:37:05,14407.0,0
2021-04-12 09:37:06,14407.3,0
2021-04-12 09:37:07,14406.95,0
2021-04-12 09:37:08,14408.25,0
2021-04-12 09:37:09,14408.05,0
2021-04-12 09:37:10,14408.6,0
2021-04-12 09:37:11,14410.25,0
2021-04-12 09:37:12,14413.35,0
2021-04-12 09:37:13,14413.35,0
2021-04-12 09:37:14,14413.25,0
2021-04-12 09:37:15,14413.3,0
2021-04-12 09:37:16,14412.35,0
2021-04-12 09:37:17,14415.55,0
2021-04-12 09:37:18,14417.65,0
2021-04-12 09:37:19,14418.3,0
2021-04-12 09:37:20,14419.2,0
2021-04-12 09:37:21,14420.95,0
2021-04-12 09:37:22,14421.75,0
2021-04-12 09:37:23,14422.7,0
2021-04-12 09:37:24,14426.75,0
2021-04-12 09:37:25,14426.35,0
2021-04-12 09:37:26,14427.8,0
2021-04-12 09:37:27,14428.75,0
2021-04-12 09:37:28,14427.9,0
2021-04-12 09:37:29,14427.75,0
2021-04-12 09:37:30,14427.65,0
2021-04-12 09:37:31,14425.85,0
2021-04-12 09:37:32,14425.15,0
2021-04-12 09:37:33,14423.45,0
2021-04-12 09:37:35,14425.25,0
2021-04-12 09:37:36,14425.25,0
2021-04-12 09:37:37,14426.9,0
2021-04-12 09:37:38,14428.0,0
2021-04-12 09:37:39,14431.05,0
2021-04-12 09:37:40,14430.65,0
2021-04-12 09:37:41,14430.25,0
2021-04-12 09:37:44,14430.15,0
2021-04-12 09:37:45,14429.85,0
2021-04-12 09:37:46,14427.35,0
2021-04-12 09:37:47,14427.35,0
2021-04-12 09:37:48,14428.0,0
2021-04-12 09:37:49,14427.85,0
2021-04-12 09:37:50,14429.4,0
2021-04-12 09:37:51,14430.35,0
2021-04-12 09:37:52,14430.95,0
2021-04-12 09:37:54,14435.5,0
2021-04-12 09:37:55,14434.5,0
2021-04-12 09:37:56,14436.1,0
2021-04-12 09:37:58,14437.35,0
2021-04-12 09:37:59,14436.8,0
2021-04-12 09:38:00,14436.9,0
2021-04-12 09:38:02,14435.9,0
2021-04-12 09:38:03,14438.0,0
2021-04-12 09:38:04,14440.25,0
2021-04-12 09:38:05,14440.4,0
2021-04-12 09:38:06,14442.1,0
2021-04-12 09:38:07,14444.0,0
2021-04-12 09:38:08,14442.6,0
2021-04-12 09:38:09,14444.1,0
2021-04-12 09:38:11,14445.35,0
2021-04-12 09:38:12,14444.5,0
2021-04-12 09:38:13,14443.9,0
2021-04-12 09:38:14,14448.05,0
2021-04-12 09:38:15,14448.25,0
2021-04-12 09:38:16,14448.55,0
2021-04-12 09:38:17,14450.15,0
2021-04-12 09:38:18,14451.2,0
2021-04-12 09:38:19,14450.05,0
2021-04-12 09:38:20,14450.2,0
2021-04-12 09:38:21,14450.45,0
2021-04-12 09:38:22,14450.1,0
2021-04-12 09:38:23,14449.05,0
2021-04-12 09:38:24,14450.05,0
2021-04-12 09:38:25,14454.8,0
2021-04-12 09:38:27,14455.05,0
2021-04-12 09:38:28,14453.05,0
2021-04-12 09:38:29,14451.6,0
2021-04-12 09:38:30,14452.2,0
2021-04-12 09:38:31,14451.3,0
2021-04-12 09:38:32,14452.35,0
2021-04-12 09:38:33,14452.2,0
2021-04-12 09:38:35,14453.1,0
2021-04-12 09:38:36,14453.8,0
2021-04-12 09:38:37,14455.95,0
2021-04-12 09:38:38,14455.65,0
2021-04-12 09:38:39,14456.5,0
2021-04-12 09:38:40,14456.75,0
2021-04-12 09:38:41,14457.8,0
2021-04-12 09:38:42,14457.8,0
2021-04-12 09:38:43,14457.05,0
2021-04-12 09:38:44,14457.5,0
2021-04-12 09:38:45,14458.9,0
2021-04-12 09:38:46,14460.85,0
2021-04-12 09:38:47,14462.7,0
2021-04-12 09:38:48,14465.35,0
2021-04-12 09:38:49,14466.3,0
2021-04-12 09:38:50,14466.75,0
2021-04-12 09:38:51,14464.15,0
2021-04-12 09:38:52,14465.1,0
2021-04-12 09:38:53,14467.7,0
2021-04-12 09:38:54,14467.85,0
2021-04-12 09:38:55,14468.8,0
2021-04-12 09:38:57,14470.9,0
2021-04-12 09:38:58,14471.5,0
2021-04-12 09:38:59,14471.75,0
2021-04-12 09:39:00,14471.8,0
2021-04-12 09:39:01,14470.95,0
2021-04-12 09:39:02,14474.25,0
2021-04-12 09:39:03,14475.2,0
2021-04-12 09:39:04,14476.0,0
2021-04-12 09:39:05,14477.6,0
2021-04-12 09:39:07,14476.6,0
2021-04-12 09:39:08,14475.7,0
2021-04-12 09:39:09,14471.25,0
2021-04-12 09:39:10,14472.45,0
2021-04-12 09:39:11,14471.15,0
2021-04-12 09:39:12,14470.45,0
2021-04-12 09:39:15,14472.15,0
2021-04-12 09:39:16,14472.55,0
2021-04-12 09:39:17,14473.3,0
2021-04-12 09:39:18,14471.75,0
2021-04-12 09:39:20,14469.5,0
2021-04-12 09:39:21,14469.55,0
2021-04-12 09:39:22,14469.8,0
2021-04-12 09:39:23,14469.8,0
2021-04-12 09:39:24,14467.95,0
2021-04-12 09:39:25,14467.8,0
2021-04-12 09:39:27,14467.85,0
2021-04-12 09:39:28,14468.3,0
2021-04-12 09:39:29,14470.5,0
2021-04-12 09:39:30,14468.65,0
2021-04-12 09:39:32,14472.0,0
2021-04-12 09:39:33,14471.9,0
2021-04-12 09:39:34,14466.05,0
2021-04-12 09:39:35,14464.95,0
2021-04-12 09:39:36,14464.95,0
2021-04-12 09:39:37,14463.75,0
2021-04-12 09:39:38,14462.45,0
2021-04-12 09:39:39,14461.4,0
2021-04-12 09:39:40,14457.45,0
2021-04-12 09:39:41,14457.4,0
2021-04-12 09:39:43,14459.0,0
2021-04-12 09:39:44,14457.45,0
2021-04-12 09:39:45,14457.0,0
2021-04-12 09:39:47,14452.05,0
2021-04-12 09:39:48,14451.55,0
2021-04-12 09:39:49,14453.1,0
2021-04-12 09:39:50,14450.1,0
2021-04-12 09:39:51,14451.85,0
2021-04-12 09:39:52,14450.9,0
2021-04-12 09:39:53,14452.35,0
2021-04-12 09:39:54,14452.6,0
2021-04-12 09:39:55,14453.75,0
2021-04-12 09:39:56,14453.3,0
2021-04-12 09:39:57,14454.65,0
2021-04-12 09:39:58,14458.55,0
2021-04-12 09:39:59,14458.25,0
2021-04-12 09:40:00,14460.25,0
2021-04-12 09:40:01,14463.2,0
2021-04-12 09:40:02,14462.7,0
2021-04-12 09:40:03,14462.0,0
2021-04-12 09:40:04,14459.85,0
2021-04-12 09:40:05,14457.45,0
2021-04-12 09:40:06,14459.65,0
2021-04-12 09:40:07,14462.85,0
2021-04-12 09:40:08,14463.9,0
2021-04-12 09:40:09,14463.8,0
2021-04-12 09:40:10,14465.55,0
2021-04-12 09:40:11,14465.45,0
2021-04-12 09:40:12,14461.45,0
2021-04-12 09:40:13,14459.65,0
2021-04-12 09:40:14,14462.15,0
2021-04-12 09:40:15,14462.6,0
2021-04-12 09:40:16,14459.55,0
2021-04-12 09:40:17,14460.8,0
2021-04-12 09:40:18,14461.35,0
2021-04-12 09:40:19,14460.75,0
2021-04-12 09:40:20,14458.9,0
2021-04-12 09:40:21,14456.15,0
2021-04-12 09:40:22,14456.35,0
2021-04-12 09:40:23,14457.05,0
2021-04-12 09:40:25,14456.2,0
2021-04-12 09:40:26,14456.25,0
2021-04-12 09:40:27,14456.25,0
2021-04-12 09:40:28,14456.1,0
2021-04-12 09:40:29,14458.35,0
2021-04-12 09:40:30,14458.95,0
2021-04-12 09:40:31,14457.65,0
2021-04-12 09:40:32,14456.8,0
2021-04-12 09:40:33,14454.75,0
2021-04-12 09:40:34,14454.8,0
2021-04-12 09:40:35,14458.0,0
2021-04-12 09:40:36,14456.85,0
2021-04-12 09:40:38,14457.95,0
2021-04-12 09:40:39,14457.7,0
2021-04-12 09:40:40,14458.4,0
2021-04-12 09:40:41,14460.8,0
2021-04-12 09:40:42,14462.1,0
2021-04-12 09:40:43,14461.6,0
2021-04-12 09:40:44,14462.3,0
2021-04-12 09:40:45,14461.05,0
2021-04-12 09:40:46,14460.9,0
2021-04-12 09:40:47,14463.0,0
2021-04-12 09:40:48,14463.25,0
2021-04-12 09:40:49,14463.95,0
2021-04-12 09:40:50,14464.9,0
2021-04-12 09:40:52,14467.25,0
2021-04-12 09:40:54,14467.85,0
2021-04-12 09:40:55,14468.15,0
2021-04-12 09:40:56,14469.65,0
2021-04-12 09:40:58,14470.1,0
2021-04-12 09:41:00,14471.75,0
2021-04-12 09:41:01,14474.0,0
2021-04-12 09:41:02,14474.2,0
2021-04-12 09:41:03,14476.2,0
2021-04-12 09:41:04,14477.2,0
2021-04-12 09:41:05,14477.1,0
2021-04-12 09:41:06,14477.6,0
2021-04-12 09:41:07,14478.5,0
2021-04-12 09:41:09,14478.15,0
2021-04-12 09:41:10,14478.2,0
2021-04-12 09:41:11,14479.75,0
2021-04-12 09:41:12,14479.3,0
2021-04-12 09:41:13,14480.15,0
2021-04-12 09:41:14,14473.6,0
2021-04-12 09:41:15,14473.3,0
2021-04-12 09:41:16,14473.5,0
2021-04-12 09:41:17,14472.85,0
2021-04-12 09:41:18,14474.65,0
2021-04-12 09:41:20,14474.3,0
2021-04-12 09:41:21,14475.45,0
2021-04-12 09:41:22,14477.5,0
2021-04-12 09:41:23,14478.75,0
2021-04-12 09:41:24,14474.15,0
2021-04-12 09:41:25,14477.5,0
2021-04-12 09:41:27,14476.6,0
2021-04-12 09:41:28,14478.9,0
2021-04-12 09:41:29,14476.15,0
2021-04-12 09:41:30,14477.15,0
2021-04-12 09:41:31,14475.65,0
2021-04-12 09:41:32,14475.8,0
2021-04-12 09:41:33,14477.3,0
2021-04-12 09:41:34,14474.55,0
2021-04-12 09:41:35,14476.8,0
2021-04-12 09:41:36,14475.95,0
2021-04-12 09:41:37,14476.55,0
2021-04-12 09:41:38,14476.4,0
2021-04-12 09:41:39,14478.6,0
2021-04-12 09:41:40,14480.15,0
2021-04-12 09:41:41,14477.25,0
2021-04-12 09:41:42,14479.45,0
2021-04-12 09:41:43,14479.65,0
2021-04-12 09:41:44,14480.95,0
2021-04-12 09:41:45,14481.05,0
2021-04-12 09:41:46,14477.9,0
2021-04-12 09:41:47,14479.7,0
2021-04-12 09:41:48,14480.4,0
2021-04-12 09:41:49,14479.85,0
2021-04-12 09:41:50,14478.85,0
2021-04-12 09:41:52,14477.3,0
2021-04-12 09:41:53,14477.05,0
2021-04-12 09:41:54,14478.4,0
2021-04-12 09:41:55,14480.15,0
2021-04-12 09:41:56,14481.5,0
2021-04-12 09:41:57,14480.8,0
2021-04-12 09:41:58,14480.6,0
2021-04-12 09:41:59,14482.3,0
2021-04-12 09:42:00,14484.15,0
2021-04-12 09:42:01,14483.9,0
2021-04-12 09:42:02,14483.15,0
2021-04-12 09:42:03,14483.7,0
2021-04-12 09:42:04,14483.45,0
2021-04-12 09:42:05,14483.85,0
2021-04-12 09:42:06,14484.05,0
2021-04-12 09:42:07,14485.15,0
2021-04-12 09:42:08,14485.9,0
2021-04-12 09:42:09,14486.5,0
2021-04-12 09:42:10,14487.4,0
2021-04-12 09:42:11,14488.85,0
2021-04-12 09:42:12,14489.6,0
2021-04-12 09:42:13,14490.0,0
2021-04-12 09:42:14,14489.85,0
2021-04-12 09:42:15,14490.55,0
2021-04-12 09:42:16,14492.05,0
2021-04-12 09:42:17,14490.2,0
2021-04-12 09:42:18,14488.9,0
2021-04-12 09:42:19,14485.3,0
2021-04-12 09:42:20,14486.25,0
2021-04-12 09:42:21,14486.15,0
2021-04-12 09:42:22,14481.7,0
2021-04-12 09:42:23,14484.1,0
2021-04-12 09:42:24,14485.25,0
2021-04-12 09:42:25,14485.55,0
2021-04-12 09:42:26,14486.25,0
2021-04-12 09:42:27,14487.75,0
2021-04-12 09:42:28,14485.55,0
2021-04-12 09:42:29,14487.35,0
2021-04-12 09:42:30,14488.35,0
2021-04-12 09:42:31,14488.05,0
2021-04-12 09:42:32,14486.35,0
2021-04-12 09:42:33,14484.85,0
2021-04-12 09:42:34,14486.7,0
2021-04-12 09:42:35,14486.4,0
2021-04-12 09:42:36,14488.75,0
2021-04-12 09:42:37,14489.45,0
2021-04-12 09:42:38,14488.9,0
2021-04-12 09:42:39,14490.9,0
2021-04-12 09:42:40,14491.5,0
2021-04-12 09:42:42,14489.95,0
2021-04-12 09:42:44,14487.75,0
2021-04-12 09:42:46,14484.2,0
2021-04-12 09:42:47,14484.5,0
2021-04-12 09:42:49,14480.45,0
2021-04-12 09:42:50,14477.2,0
2021-04-12 09:42:51,14479.95,0
2021-04-12 09:42:53,14473.15,0
2021-04-12 09:42:54,14474.7,0
2021-04-12 09:42:55,14475.9,0
2021-04-12 09:42:56,14476.55,0
2021-04-12 09:42:57,14476.45,0
2021-04-12 09:42:58,14477.6,0
2021-04-12 09:42:59,14478.25,0
2021-04-12 09:43:00,14478.8,0
2021-04-12 09:43:01,14480.8,0
2021-04-12 09:43:02,14482.1,0
2021-04-12 09:43:03,14479.75,0
2021-04-12 09:43:04,14480.35,0
2021-04-12 09:43:05,14481.7,0
2021-04-12 09:43:06,14483.1,0
2021-04-12 09:43:08,14480.4,0
2021-04-12 09:43:09,14481.0,0
2021-04-12 09:43:10,14483.05,0
2021-04-12 09:43:11,14482.55,0
2021-04-12 09:43:12,14479.7,0
2021-04-12 09:43:13,14480.75,0
2021-04-12 09:43:14,14479.6,0
2021-04-12 09:43:15,14479.4,0
2021-04-12 09:43:16,14480.9,0
2021-04-12 09:43:17,14480.45,0
2021-04-12 09:43:18,14479.9,0
2021-04-12 09:43:19,14482.65,0
2021-04-12 09:43:20,14483.4,0
2021-04-12 09:43:21,14483.95,0
2021-04-12 09:43:22,14486.4,0
2021-04-12 09:43:23,14484.45,0
2021-04-12 09:43:24,14481.25,0
2021-04-12 09:43:25,14480.3,0
2021-04-12 09:43:26,14481.6,0
2021-04-12 09:43:27,14484.8,0
2021-04-12 09:43:28,14484.85,0
2021-04-12 09:43:29,14487.0,0
2021-04-12 09:43:30,14487.1,0
2021-04-12 09:43:31,14487.2,0
2021-04-12 09:43:33,14483.7,0
2021-04-12 09:43:34,14483.65,0
2021-04-12 09:43:35,14481.65,0
2021-04-12 09:43:36,14480.6,0
2021-04-12 09:43:37,14480.75,0
2021-04-12 09:43:38,14481.4,0
2021-04-12 09:43:40,14482.5,0
2021-04-12 09:43:41,14483.45,0
2021-04-12 09:43:42,14482.05,0
2021-04-12 09:43:43,14481.3,0
2021-04-12 09:43:44,14476.8,0
2021-04-12 09:43:45,14477.75,0
2021-04-12 09:43:47,14479.1,0
2021-04-12 09:43:48,14480.25,0
2021-04-12 09:43:50,14482.0,0
2021-04-12 09:43:51,14482.05,0
2021-04-12 09:43:52,14483.5,0
2021-04-12 09:43:53,14482.2,0
2021-04-12 09:43:54,14480.95,0
2021-04-12 09:43:55,14481.25,0
2021-04-12 09:43:56,14482.6,0
2021-04-12 09:43:57,14483.7,0
2021-04-12 09:43:58,14483.65,0
2021-04-12 09:43:59,14484.75,0
2021-04-12 09:44:01,14485.4,0
2021-04-12 09:44:02,14485.65,0
2021-04-12 09:44:03,14485.7,0
2021-04-12 09:44:04,14487.5,0
2021-04-12 09:44:05,14487.55,0
2021-04-12 09:44:07,14488.35,0
2021-04-12 09:44:09,14488.5,0
2021-04-12 09:44:12,14485.65,0
2021-04-12 09:44:13,14483.65,0
2021-04-12 09:44:14,14483.55,0
2021-04-12 09:44:15,14484.65,0
2021-04-12 09:44:16,14485.7,0
2021-04-12 09:44:17,14487.5,0
2021-04-12 09:44:18,14488.55,0
2021-04-12 09:44:20,14485.9,0
2021-04-12 09:44:21,14488.15,0
2021-04-12 09:44:24,14488.3,0
2021-04-12 09:44:25,14488.15,0
2021-04-12 09:44:26,14487.1,0
2021-04-12 09:44:28,14486.2,0
2021-04-12 09:44:29,14484.85,0
2021-04-12 09:44:30,14483.5,0
2021-04-12 09:44:31,14485.55,0
2021-04-12 09:44:32,14486.5,0
2021-04-12 09:44:33,14488.85,0
2021-04-12 09:44:34,14486.95,0
2021-04-12 09:44:35,14488.15,0
2021-04-12 09:44:36,14489.05,0
2021-04-12 09:44:39,14480.55,0
2021-04-12 09:44:40,14481.65,0
2021-04-12 09:44:41,14484.0,0
2021-04-12 09:44:43,14482.05,0
2021-04-12 09:44:44,14482.4,0
2021-04-12 09:44:45,14481.55,0
2021-04-12 09:44:46,14483.45,0
2021-04-12 09:44:47,14485.75,0
2021-04-12 09:44:48,14486.45,0
2021-04-12 09:44:49,14481.7,0
2021-04-12 09:44:50,14483.65,0
2021-04-12 09:44:52,14488.4,0
2021-04-12 09:44:53,14487.75,0
2021-04-12 09:44:54,14487.35,0
2021-04-12 09:44:55,14487.8,0
2021-04-12 09:44:56,14486.9,0
2021-04-12 09:44:57,14488.0,0
2021-04-12 09:44:58,14490.35,0
2021-04-12 09:44:59,14487.95,0
2021-04-12 09:45:01,14486.65,0
2021-04-12 09:45:02,14484.25,0
2021-04-12 09:45:05,14482.25,0
2021-04-12 09:45:06,14483.05,0
2021-04-12 09:45:07,14483.15,0
2021-04-12 09:45:08,14482.85,0
2021-04-12 09:45:09,14483.6,0
2021-04-12 09:45:10,14483.8,0
2021-04-12 09:45:11,14484.65,0
2021-04-12 09:45:12,14485.1,0
2021-04-12 09:45:13,14481.75,0
2021-04-12 09:45:14,14483.55,0
2021-04-12 09:45:15,14485.3,0
2021-04-12 09:45:16,14485.0,0
2021-04-12 09:45:17,14484.4,0
2021-04-12 09:45:18,14484.3,0
2021-04-12 09:45:19,14486.45,0
2021-04-12 09:45:20,14486.4,0
2021-04-12 09:45:21,14488.9,0
2021-04-12 09:45:22,14488.45,0
2021-04-12 09:45:23,14488.25,0
2021-04-12 09:45:25,14490.7,0
2021-04-12 09:45:28,14489.45,0
2021-04-12 09:45:29,14488.35,0
2021-04-12 09:45:30,14487.8,0
2021-04-12 09:45:32,14490.3,0
2021-04-12 09:45:33,14487.7,0
2021-04-12 09:45:34,14486.35,0
2021-04-12 09:45:35,14485.65,0
2021-04-12 09:45:36,14489.55,0
2021-04-12 09:45:37,14489.7,0
2021-04-12 09:45:38,14489.95,0
2021-04-12 09:45:39,14490.65,0
2021-04-12 09:45:43,14490.55,0
2021-04-12 09:45:44,14489.5,0
2021-04-12 09:45:45,14487.75,0
2021-04-12 09:45:46,14489.35,0
2021-04-12 09:45:47,14490.95,0
2021-04-12 09:45:49,14494.15,0
2021-04-12 09:45:50,14492.3,0
2021-04-12 09:45:51,14494.35,0
2021-04-12 09:45:53,14492.9,0
2021-04-12 09:45:54,14493.85,0
2021-04-12 09:45:56,14496.95,0
2021-04-12 09:45:57,14497.1,0
2021-04-12 09:45:58,14494.6,0
2021-04-12 09:45:59,14496.05,0
2021-04-12 09:46:00,14496.2,0
2021-04-12 09:46:01,14498.25,0
2021-04-12 09:46:02,14497.3,0
2021-04-12 09:46:03,14497.95,0
2021-04-12 09:46:04,14503.35,0
2021-04-12 09:46:05,14501.95,0
2021-04-12 09:46:06,14500.25,0
2021-04-12 09:46:07,14499.3,0
2021-04-12 09:46:08,14500.6,0
2021-04-12 09:46:09,14498.95,0
2021-04-12 09:46:10,14492.95,0
2021-04-12 09:46:11,14495.4,0
2021-04-12 09:46:12,14494.25,0
2021-04-12 09:46:13,14496.5,0
2021-04-12 09:46:14,14488.85,0
2021-04-12 09:46:15,14490.7,0
2021-04-12 09:46:16,14490.6,0
2021-04-12 09:46:17,14487.05,0
2021-04-12 09:46:18,14486.3,0
2021-04-12 09:46:19,14486.4,0
2021-04-12 09:46:20,14486.0,0
2021-04-12 09:46:21,14485.65,0
2021-04-12 09:46:22,14482.65,0
2021-04-12 09:46:23,14484.35,0
2021-04-12 09:46:24,14484.95,0
2021-04-12 09:46:25,14482.2,0
2021-04-12 09:46:26,14481.65,0
2021-04-12 09:46:27,14482.35,0
2021-04-12 09:46:28,14482.65,0
2021-04-12 09:46:29,14482.2,0
2021-04-12 09:46:30,14481.45,0
2021-04-12 09:46:31,14482.0,0
2021-04-12 09:46:32,14480.9,0
2021-04-12 09:46:33,14478.55,0
2021-04-12 09:46:34,14477.8,0
2021-04-12 09:46:35,14478.0,0
2021-04-12 09:46:37,14474.75,0
2021-04-12 09:46:38,14474.75,0
2021-04-12 09:46:39,14475.0,0
2021-04-12 09:46:40,14476.0,0
2021-04-12 09:46:41,14477.35,0
2021-04-12 09:46:42,14476.15,0
2021-04-12 09:46:43,14478.05,0
2021-04-12 09:46:44,14477.7,0
2021-04-12 09:46:45,14477.15,0
2021-04-12 09:46:46,14479.4,0
2021-04-12 09:46:47,14480.95,0
2021-04-12 09:46:49,14480.9,0
2021-04-12 09:46:51,14481.7,0
2021-04-12 09:46:52,14480.5,0
2021-04-12 09:46:53,14478.8,0
2021-04-12 09:46:54,14479.7,0
2021-04-12 09:46:55,14475.05,0
2021-04-12 09:46:56,14477.4,0
2021-04-12 09:46:57,14479.3,0
2021-04-12 09:46:58,14478.35,0
2021-04-12 09:46:59,14478.55,0
2021-04-12 09:47:00,14477.7,0
2021-04-12 09:47:01,14477.0,0
2021-04-12 09:47:02,14477.6,0
2021-04-12 09:47:03,14477.6,0
2021-04-12 09:47:06,14478.05,0
2021-04-12 09:47:07,14479.05,0
2021-04-12 09:47:08,14479.1,0
2021-04-12 09:47:09,14477.15,0
2021-04-12 09:47:10,14476.7,0
2021-04-12 09:47:12,14475.95,0
2021-04-12 09:47:13,14476.85,0
2021-04-12 09:47:14,14474.55,0
2021-04-12 09:47:16,14475.25,0
2021-04-12 09:47:17,14474.65,0
2021-04-12 09:47:19,14469.5,0
2021-04-12 09:47:21,14466.5,0
2021-04-12 09:47:22,14465.8,0
2021-04-12 09:47:24,14465.05,0
2021-04-12 09:47:25,14464.95,0
2021-04-12 09:47:26,14466.4,0
2021-04-12 09:47:27,14465.55,0
2021-04-12 09:47:28,14465.85,0
2021-04-12 09:47:29,14466.15,0
2021-04-12 09:47:30,14467.2,0
2021-04-12 09:47:31,14469.65,0
2021-04-12 09:47:32,14467.9,0
2021-04-12 09:47:33,14469.2,0
2021-04-12 09:47:34,14470.65,0
2021-04-12 09:47:35,14471.25,0
2021-04-12 09:47:36,14468.8,0
2021-04-12 09:47:38,14467.2,0
2021-04-12 09:47:39,14465.35,0
2021-04-12 09:47:41,14468.05,0
2021-04-12 09:47:43,14466.5,0
2021-04-12 09:47:44,14467.7,0
2021-04-12 09:47:45,14466.55,0
2021-04-12 09:47:48,14465.5,0
2021-04-12 09:47:50,14466.2,0
2021-04-12 09:47:51,14467.0,0
2021-04-12 09:47:52,14467.0,0
2021-04-12 09:47:53,14469.05,0
2021-04-12 09:47:54,14468.65,0
2021-04-12 09:47:55,14469.6,0
2021-04-12 09:47:56,14471.8,0
2021-04-12 09:47:57,14472.6,0
2021-04-12 09:47:58,14473.0,0
2021-04-12 09:48:00,14475.75,0
2021-04-12 09:48:01,14473.0,0
2021-04-12 09:48:02,14472.8,0
2021-04-12 09:48:04,14473.35,0
2021-04-12 09:48:05,14475.15,0
2021-04-12 09:48:06,14476.7,0
2021-04-12 09:48:09,14476.7,0
2021-04-12 09:48:10,14476.35,0
2021-04-12 09:48:11,14477.3,0
2021-04-12 09:48:13,14476.75,0
2021-04-12 09:48:15,14482.55,0
2021-04-12 09:48:16,14483.75,0
2021-04-12 09:48:17,14484.15,0
2021-04-12 09:48:18,14484.85,0
2021-04-12 09:48:19,14485.15,0
2021-04-12 09:48:20,14485.45,0
2021-04-12 09:48:21,14487.45,0
2021-04-12 09:48:22,14487.6,0
2021-04-12 09:48:23,14488.1,0
2021-04-12 09:48:25,14488.4,0
2021-04-12 09:48:26,14483.85,0
2021-04-12 09:48:27,14481.65,0
2021-04-12 09:48:28,14483.55,0
2021-04-12 09:48:29,14484.6,0
2021-04-12 09:48:30,14486.85,0
2021-04-12 09:48:31,14487.05,0
2021-04-12 09:48:32,14488.1,0
2021-04-12 09:48:33,14487.75,0
2021-04-12 09:48:34,14487.4,0
2021-04-12 09:48:36,14486.25,0
2021-04-12 09:48:37,14488.25,0
2021-04-12 09:48:38,14488.8,0
2021-04-12 09:48:39,14488.15,0
2021-04-12 09:48:43,14490.05,0
2021-04-12 09:48:44,14492.6,0
2021-04-12 09:48:45,14492.1,0
2021-04-12 09:48:46,14489.85,0
2021-04-12 09:48:47,14490.1,0
2021-04-12 09:48:48,14490.85,0
2021-04-12 09:48:49,14491.75,0
2021-04-12 09:48:50,14491.85,0
2021-04-12 09:48:51,14491.95,0
2021-04-12 09:48:52,14492.75,0
2021-04-12 09:48:53,14491.95,0
2021-04-12 09:48:54,14493.1,0
2021-04-12 09:48:56,14494.15,0
2021-04-12 09:48:57,14492.95,0
2021-04-12 09:48:59,14492.7,0
2021-04-12 09:49:01,14495.25,0
2021-04-12 09:49:03,14496.5,0
2021-04-12 09:49:04,14498.45,0
2021-04-12 09:49:05,14495.05,0
2021-04-12 09:49:06,14493.4,0
2021-04-12 09:49:07,14492.95,0
2021-04-12 09:49:08,14493.65,0
2021-04-12 09:49:09,14494.0,0
2021-04-12 09:49:10,14495.0,0
2021-04-12 09:49:11,14494.3,0
2021-04-12 09:49:12,14491.65,0
2021-04-12 09:49:13,14492.0,0
2021-04-12 09:49:14,14489.2,0
2021-04-12 09:49:16,14484.75,0
2021-04-12 09:49:17,14483.1,0
2021-04-12 09:49:18,14484.25,0
2021-04-12 09:49:19,14483.85,0
2021-04-12 09:49:20,14483.65,0
2021-04-12 09:49:21,14482.95,0
2021-04-12 09:49:22,14484.6,0
2021-04-12 09:49:23,14483.3,0
2021-04-12 09:49:24,14482.0,0
2021-04-12 09:49:25,14482.6,0
2021-04-12 09:49:26,14483.0,0
2021-04-12 09:49:27,14481.3,0
2021-04-12 09:49:28,14480.2,0
2021-04-12 09:49:29,14479.15,0
2021-04-12 09:49:30,14480.75,0
2021-04-12 09:49:31,14480.55,0
2021-04-12 09:49:32,14477.65,0
2021-04-12 09:49:33,14476.1,0
2021-04-12 09:49:34,14478.15,0
2021-04-12 09:49:35,14474.15,0
2021-04-12 09:49:36,14471.35,0
2021-04-12 09:49:37,14472.6,0
2021-04-12 09:49:38,14473.3,0
2021-04-12 09:49:39,14474.6,0
2021-04-12 09:49:40,14478.25,0
2021-04-12 09:49:41,14477.95,0
2021-04-12 09:49:43,14480.45,0
2021-04-12 09:49:44,14480.45,0
2021-04-12 09:49:45,14479.6,0
2021-04-12 09:49:46,14480.0,0
2021-04-12 09:49:47,14482.35,0
2021-04-12 09:49:48,14481.4,0
2021-04-12 09:49:49,14481.75,0
2021-04-12 09:49:50,14482.75,0
2021-04-12 09:49:51,14484.05,0
2021-04-12 09:49:52,14484.6,0
2021-04-12 09:49:53,14484.95,0
2021-04-12 09:49:54,14485.15,0
2021-04-12 09:49:55,14482.95,0
2021-04-12 09:49:57,14482.15,0
2021-04-12 09:49:58,14482.75,0
2021-04-12 09:49:59,14483.2,0
2021-04-12 09:50:00,14483.95,0
2021-04-12 09:50:01,14484.35,0
2021-04-12 09:50:02,14481.45,0
2021-04-12 09:50:03,14476.25,0
2021-04-12 09:50:04,14478.6,0
2021-04-12 09:50:05,14478.3,0
2021-04-12 09:50:06,14478.25,0
2021-04-12 09:50:07,14479.8,0
2021-04-12 09:50:08,14479.3,0
2021-04-12 09:50:09,14479.5,0
2021-04-12 09:50:10,14479.4,0
2021-04-12 09:50:11,14478.6,0
2021-04-12 09:50:12,14478.05,0
2021-04-12 09:50:13,14479.05,0
2021-04-12 09:50:15,14480.75,0
2021-04-12 09:50:16,14479.45,0
2021-04-12 09:50:17,14479.35,0
2021-04-12 09:50:18,14479.3,0
2021-04-12 09:50:19,14478.8,0
2021-04-12 09:50:21,14479.55,0
2021-04-12 09:50:22,14478.65,0
2021-04-12 09:50:23,14478.05,0
2021-04-12 09:50:25,14480.0,0
2021-04-12 09:50:26,14480.7,0
2021-04-12 09:50:27,14479.75,0
2021-04-12 09:50:28,14479.8,0
2021-04-12 09:50:29,14480.25,0
2021-04-12 09:50:30,14480.35,0
2021-04-12 09:50:31,14480.5,0
2021-04-12 09:50:32,14480.95,0
2021-04-12 09:50:33,14482.45,0
2021-04-12 09:50:34,14483.35,0
2021-04-12 09:50:35,14485.95,0
2021-04-12 09:50:36,14486.85,0
2021-04-12 09:50:38,14485.05,0
2021-04-12 09:50:39,14486.6,0
2021-04-12 09:50:40,14487.4,0
2021-04-12 09:50:41,14486.8,0
2021-04-12 09:50:42,14486.8,0
2021-04-12 09:50:43,14487.45,0
2021-04-12 09:50:44,14487.95,0
2021-04-12 09:50:45,14487.8,0
2021-04-12 09:50:46,14487.4,0
2021-04-12 09:50:47,14489.35,0
2021-04-12 09:50:48,14490.4,0
2021-04-12 09:50:49,14489.6,0
2021-04-12 09:50:50,14491.15,0
2021-04-12 09:50:51,14492.25,0
2021-04-12 09:50:52,14492.1,0
2021-04-12 09:50:54,14492.95,0
2021-04-12 09:50:55,14493.25,0
2021-04-12 09:50:56,14493.15,0
2021-04-12 09:50:57,14493.8,0
2021-04-12 09:50:59,14492.55,0
2021-04-12 09:51:00,14494.2,0
2021-04-12 09:51:01,14495.7,0
2021-04-12 09:51:02,14495.9,0
2021-04-12 09:51:03,14496.5,0
2021-04-12 09:51:04,14495.6,0
2021-04-12 09:51:05,14492.8,0
2021-04-12 09:51:06,14491.05,0
2021-04-12 09:51:07,14490.65,0
2021-04-12 09:51:08,14490.0,0
2021-04-12 09:51:09,14491.45,0
2021-04-12 09:51:10,14490.7,0
2021-04-12 09:51:11,14490.6,0
2021-04-12 09:51:12,14490.65,0
2021-04-12 09:51:13,14491.9,0
2021-04-12 09:51:14,14493.3,0
2021-04-12 09:51:15,14492.4,0
2021-04-12 09:51:16,14492.85,0
2021-04-12 09:51:17,14493.35,0
2021-04-12 09:51:18,14493.8,0
2021-04-12 09:51:20,14491.25,0
2021-04-12 09:51:21,14489.6,0
2021-04-12 09:51:22,14486.95,0
2021-04-12 09:51:23,14486.55,0
2021-04-12 09:51:24,14487.6,0
2021-04-12 09:51:26,14486.8,0
2021-04-12 09:51:27,14487.4,0
2021-04-12 09:51:28,14487.8,0
2021-04-12 09:51:29,14489.15,0
2021-04-12 09:51:30,14490.4,0
2021-04-12 09:51:31,14490.5,0
2021-04-12 09:51:32,14491.7,0
2021-04-12 09:51:33,14491.35,0
2021-04-12 09:51:34,14491.65,0
2021-04-12 09:51:35,14489.55,0
2021-04-12 09:51:36,14491.35,0
2021-04-12 09:51:37,14492.4,0
2021-04-12 09:51:38,14490.85,0
2021-04-12 09:51:39,14492.85,0
2021-04-12 09:51:40,14493.0,0
2021-04-12 09:51:41,14491.45,0
2021-04-12 09:51:42,14491.75,0
2021-04-12 09:51:43,14492.55,0
2021-04-12 09:51:44,14492.85,0
2021-04-12 09:51:46,14490.0,0
2021-04-12 09:51:47,14489.9,0
2021-04-12 09:51:48,14491.85,0
2021-04-12 09:51:50,14491.5,0
2021-04-12 09:51:51,14488.35,0
2021-04-12 09:51:52,14488.15,0
2021-04-12 09:51:53,14489.45,0
2021-04-12 09:51:55,14491.0,0
2021-04-12 09:51:56,14490.95,0
2021-04-12 09:51:57,14492.45,0
2021-04-12 09:51:58,14493.0,0
2021-04-12 09:51:59,14493.6,0
2021-04-12 09:52:00,14494.35,0
2021-04-12 09:52:01,14494.25,0
2021-04-12 09:52:03,14494.6,0
2021-04-12 09:52:04,14495.4,0
2021-04-12 09:52:05,14495.6,0
2021-04-12 09:52:07,14492.55,0
2021-04-12 09:52:08,14492.65,0
2021-04-12 09:52:09,14492.7,0
2021-04-12 09:52:14,14493.3,0
2021-04-12 09:52:15,14492.35,0
2021-04-12 09:52:16,14491.65,0
2021-04-12 09:52:17,14491.85,0
2021-04-12 09:52:18,14492.7,0
2021-04-12 09:52:19,14493.2,0
2021-04-12 09:52:20,14493.65,0
2021-04-12 09:52:21,14494.75,0
2021-04-12 09:52:22,14495.1,0
2021-04-12 09:52:23,14494.75,0
2021-04-12 09:52:24,14494.75,0
2021-04-12 09:52:25,14493.35,0
2021-04-12 09:52:26,14494.3,0
2021-04-12 09:52:27,14494.25,0
2021-04-12 09:52:28,14494.6,0
2021-04-12 09:52:29,14493.9,0
2021-04-12 09:52:30,14494.2,0
2021-04-12 09:52:31,14495.2,0
2021-04-12 09:52:32,14494.3,0
2021-04-12 09:52:33,14489.9,0
2021-04-12 09:52:34,14488.45,0
2021-04-12 09:52:35,14488.65,0
2021-04-12 09:52:36,14488.0,0
2021-04-12 09:52:37,14488.0,0
2021-04-12 09:52:38,14490.3,0
2021-04-12 09:52:39,14489.65,0
2021-04-12 09:52:40,14489.6,0
2021-04-12 09:52:41,14489.75,0
2021-04-12 09:52:42,14488.55,0
2021-04-12 09:52:43,14488.85,0
2021-04-12 09:52:44,14490.2,0
2021-04-12 09:52:45,14490.15,0
2021-04-12 09:52:46,14491.8,0
2021-04-12 09:52:47,14493.5,0
2021-04-12 09:52:48,14492.65,0
2021-04-12 09:52:49,14494.0,0
2021-04-12 09:52:50,14494.8,0
2021-04-12 09:52:51,14494.7,0
2021-04-12 09:52:52,14495.5,0
2021-04-12 09:52:53,14494.1,0
2021-04-12 09:52:54,14493.55,0
2021-04-12 09:52:55,14494.6,0
2021-04-12 09:52:56,14495.6,0
2021-04-12 09:52:57,14496.0,0
2021-04-12 09:52:58,14496.35,0
2021-04-12 09:52:59,14494.4,0
2021-04-12 09:53:00,14494.3,0
2021-04-12 09:53:01,14493.9,0
2021-04-12 09:53:03,14493.1,0
2021-04-12 09:53:04,14493.25,0
2021-04-12 09:53:05,14492.8,0
2021-04-12 09:53:07,14492.3,0
2021-04-12 09:53:08,14493.35,0
2021-04-12 09:53:09,14493.3,0
2021-04-12 09:53:10,14495.45,0
2021-04-12 09:53:11,14495.35,0
2021-04-12 09:53:12,14495.75,0
2021-04-12 09:53:13,14496.85,0
2021-04-12 09:53:14,14497.75,0
2021-04-12 09:53:15,14498.55,0
2021-04-12 09:53:16,14499.65,0
2021-04-12 09:53:17,14500.35,0
2021-04-12 09:53:18,14500.75,0
2021-04-12 09:53:20,14497.85,0
2021-04-12 09:53:21,14499.0,0
2021-04-12 09:53:22,14500.85,0
2021-04-12 09:53:23,14500.7,0
2021-04-12 09:53:24,14500.25,0
2021-04-12 09:53:26,14502.4,0
2021-04-12 09:53:27,14496.6,0
2021-04-12 09:53:28,14498.0,0
2021-04-12 09:53:29,14497.4,0
2021-04-12 09:53:30,14496.95,0
2021-04-12 09:53:31,14497.0,0
2021-04-12 09:53:32,14497.9,0
2021-04-12 09:53:33,14497.8,0
2021-04-12 09:53:34,14498.65,0
2021-04-12 09:53:35,14498.6,0
2021-04-12 09:53:36,14496.4,0
2021-04-12 09:53:37,14497.75,0
2021-04-12 09:53:38,14496.3,0
2021-04-12 09:53:39,14495.1,0
2021-04-12 09:53:42,14493.6,0
2021-04-12 09:53:43,14495.1,0
2021-04-12 09:53:44,14493.85,0
2021-04-12 09:53:46,14493.55,0
2021-04-12 09:53:47,14493.7,0
2021-04-12 09:53:48,14494.45,0
2021-04-12 09:53:49,14495.3,0
2021-04-12 09:53:51,14494.75,0
2021-04-12 09:53:52,14495.05,0
2021-04-12 09:53:53,14496.3,0
2021-04-12 09:53:54,14497.8,0
2021-04-12 09:53:55,14496.75,0
2021-04-12 09:53:56,14498.2,0
2021-04-12 09:53:57,14498.55,0
2021-04-12 09:53:58,14497.1,0
2021-04-12 09:53:59,14497.85,0
2021-04-12 09:54:00,14497.6,0
2021-04-12 09:54:01,14497.65,0
2021-04-12 09:54:02,14497.7,0
2021-04-12 09:54:03,14498.0,0
2021-04-12 09:54:04,14498.85,0
2021-04-12 09:54:05,14498.0,0
2021-04-12 09:54:06,14498.8,0
2021-04-12 09:54:07,14499.1,0
2021-04-12 09:54:08,14499.75,0
2021-04-12 09:54:09,14497.55,0
2021-04-12 09:54:10,14498.6,0
2021-04-12 09:54:11,14498.65,0
2021-04-12 09:54:12,14499.75,0
2021-04-12 09:54:13,14499.4,0
2021-04-12 09:54:14,14500.0,0
2021-04-12 09:54:15,14496.35,0
2021-04-12 09:54:16,14496.4,0
2021-04-12 09:54:17,14495.15,0
2021-04-12 09:54:19,14495.65,0
2021-04-12 09:54:20,14495.75,0
2021-04-12 09:54:21,14494.6,0
2021-04-12 09:54:22,14494.4,0
2021-04-12 09:54:23,14492.2,0
2021-04-12 09:54:27,14495.3,0
2021-04-12 09:54:28,14494.35,0
2021-04-12 09:54:29,14496.05,0
2021-04-12 09:54:30,14495.65,0
2021-04-12 09:54:31,14496.25,0
2021-04-12 09:54:32,14494.35,0
2021-04-12 09:54:33,14494.4,0
2021-04-12 09:54:34,14492.9,0
2021-04-12 09:54:35,14494.2,0
2021-04-12 09:54:36,14493.4,0
2021-04-12 09:54:37,14488.85,0
2021-04-12 09:54:38,14489.05,0
2021-04-12 09:54:39,14489.75,0
2021-04-12 09:54:40,14489.25,0
2021-04-12 09:54:41,14489.05,0
2021-04-12 09:54:42,14488.85,0
2021-04-12 09:54:43,14487.6,0
2021-04-12 09:54:44,14487.2,0
2021-04-12 09:54:45,14486.65,0
2021-04-12 09:54:46,14487.45,0
2021-04-12 09:54:47,14487.25,0
2021-04-12 09:54:48,14489.8,0
2021-04-12 09:54:50,14488.15,0
2021-04-12 09:54:52,14487.55,0
2021-04-12 09:54:53,14487.95,0
2021-04-12 09:54:54,14486.95,0
2021-04-12 09:54:55,14488.4,0
2021-04-12 09:54:56,14489.0,0
2021-04-12 09:54:57,14488.7,0
2021-04-12 09:54:58,14487.7,0
2021-04-12 09:54:59,14484.5,0
2021-04-12 09:55:00,14484.85,0
2021-04-12 09:55:01,14484.8,0
2021-04-12 09:55:02,14485.7,0
2021-04-12 09:55:03,14485.15,0
2021-04-12 09:55:04,14485.5,0
2021-04-12 09:55:05,14483.1,0
2021-04-12 09:55:06,14483.3,0
2021-04-12 09:55:07,14483.4,0
2021-04-12 09:55:08,14483.5,0
2021-04-12 09:55:09,14482.85,0
2021-04-12 09:55:10,14482.65,0
2021-04-12 09:55:11,14483.95,0
2021-04-12 09:55:12,14484.75,0
2021-04-12 09:55:13,14484.15,0
2021-04-12 09:55:14,14486.7,0
2021-04-12 09:55:15,14487.3,0
2021-04-12 09:55:16,14488.15,0
2021-04-12 09:55:17,14487.5,0
2021-04-12 09:55:18,14487.0,0
2021-04-12 09:55:19,14486.75,0
2021-04-12 09:55:20,14485.65,0
2021-04-12 09:55:21,14487.05,0
2021-04-12 09:55:22,14486.85,0
2021-04-12 09:55:23,14487.1,0
2021-04-12 09:55:24,14487.6,0
2021-04-12 09:55:25,14486.85,0
2021-04-12 09:55:26,14487.65,0
2021-04-12 09:55:27,14486.1,0
2021-04-12 09:55:28,14486.45,0
2021-04-12 09:55:29,14487.15,0
2021-04-12 09:55:30,14487.65,0
2021-04-12 09:55:31,14485.65,0
2021-04-12 09:55:32,14487.6,0
2021-04-12 09:55:33,14488.35,0
2021-04-12 09:55:34,14488.6,0
2021-04-12 09:55:35,14489.05,0
2021-04-12 09:55:36,14489.6,0
2021-04-12 09:55:37,14490.05,0
2021-04-12 09:55:38,14489.9,0
2021-04-12 09:55:39,14490.95,0
2021-04-12 09:55:40,14491.75,0
2021-04-12 09:55:41,14491.75,0
2021-04-12 09:55:42,14493.6,0
2021-04-12 09:55:43,14495.9,0
2021-04-12 09:55:44,14494.5,0
2021-04-12 09:55:45,14494.8,0
2021-04-12 09:55:46,14495.45,0
2021-04-12 09:55:47,14497.9,0
2021-04-12 09:55:48,14498.15,0
2021-04-12 09:55:49,14499.25,0
2021-04-12 09:55:51,14501.0,0
2021-04-12 09:55:52,14501.45,0
2021-04-12 09:55:53,14498.8,0
2021-04-12 09:55:54,14498.2,0
2021-04-12 09:55:55,14499.3,0
2021-04-12 09:55:56,14499.25,0
2021-04-12 09:55:57,14500.9,0
2021-04-12 09:55:58,14502.6,0
2021-04-12 09:55:59,14502.35,0
2021-04-12 09:56:01,14502.75,0
2021-04-12 09:56:03,14499.35,0
2021-04-12 09:56:05,14499.0,0
2021-04-12 09:56:07,14500.2,0
2021-04-12 09:56:08,14501.0,0
2021-04-12 09:56:10,14501.95,0
2021-04-12 09:56:11,14501.65,0
2021-04-12 09:56:12,14494.15,0
2021-04-12 09:56:13,14497.15,0
2021-04-12 09:56:14,14498.55,0
2021-04-12 09:56:15,14499.5,0
2021-04-12 09:56:16,14500.5,0
2021-04-12 09:56:17,14500.65,0
2021-04-12 09:56:18,14500.45,0
2021-04-12 09:56:19,14500.05,0
2021-04-12 09:56:21,14500.65,0
2021-04-12 09:56:22,14501.55,0
2021-04-12 09:56:23,14500.4,0
2021-04-12 09:56:24,14501.15,0
2021-04-12 09:56:25,14500.45,0
2021-04-12 09:56:29,14499.55,0
2021-04-12 09:56:30,14500.15,0
2021-04-12 09:56:31,14499.65,0
2021-04-12 09:56:32,14500.0,0
2021-04-12 09:56:33,14499.8,0
2021-04-12 09:56:34,14499.1,0
2021-04-12 09:56:35,14498.7,0
2021-04-12 09:56:36,14496.3,0
2021-04-12 09:56:37,14497.25,0
2021-04-12 09:56:38,14497.35,0
2021-04-12 09:56:39,14497.2,0
2021-04-12 09:56:40,14497.25,0
2021-04-12 09:56:41,14496.45,0
2021-04-12 09:56:42,14497.65,0
2021-04-12 09:56:43,14496.25,0
2021-04-12 09:56:44,14496.05,0
2021-04-12 09:56:45,14495.75,0
2021-04-12 09:56:46,14496.35,0
2021-04-12 09:56:47,14495.55,0
2021-04-12 09:56:49,14496.5,0
2021-04-12 09:56:50,14497.85,0
2021-04-12 09:56:52,14500.0,0
2021-04-12 09:56:53,14500.3,0
2021-04-12 09:56:54,14498.6,0
2021-04-12 09:56:55,14499.1,0
2021-04-12 09:56:56,14499.15,0
2021-04-12 09:56:57,14498.4,0
2021-04-12 09:56:58,14497.15,0
2021-04-12 09:57:01,14495.35,0
2021-04-12 09:57:02,14495.75,0
2021-04-12 09:57:03,14494.35,0
2021-04-12 09:57:04,14497.25,0
2021-04-12 09:57:05,14496.45,0
2021-04-12 09:57:06,14497.3,0
2021-04-12 09:57:07,14497.35,0
2021-04-12 09:57:08,14497.6,0
2021-04-12 09:57:09,14496.8,0
2021-04-12 09:57:11,14497.75,0
2021-04-12 09:57:12,14497.7,0
2021-04-12 09:57:13,14497.25,0
2021-04-12 09:57:14,14497.65,0
2021-04-12 09:57:15,14497.8,0
2021-04-12 09:57:17,14499.05,0
2021-04-12 09:57:18,14498.9,0
2021-04-12 09:57:20,14498.65,0
2021-04-12 09:57:21,14498.9,0
2021-04-12 09:57:22,14499.2,0
2021-04-12 09:57:23,14499.4,0
2021-04-12 09:57:24,14499.75,0
2021-04-12 09:57:26,14499.7,0
2021-04-12 09:57:27,14500.65,0
2021-04-12 09:57:29,14499.25,0
2021-04-12 09:57:30,14499.9,0
2021-04-12 09:57:31,14491.6,0
2021-04-12 09:57:32,14494.5,0
2021-04-12 09:57:33,14494.3,0
2021-04-12 09:57:34,14496.1,0
2021-04-12 09:57:35,14496.0,0
2021-04-12 09:57:36,14495.9,0
2021-04-12 09:57:37,14494.85,0
2021-04-12 09:57:38,14493.5,0
2021-04-12 09:57:39,14493.0,0
2021-04-12 09:57:41,14492.0,0
2021-04-12 09:57:42,14491.85,0
2021-04-12 09:57:43,14491.85,0
2021-04-12 09:57:44,14492.1,0
2021-04-12 09:57:46,14491.75,0
2021-04-12 09:57:48,14492.6,0
2021-04-12 09:57:49,14490.6,0
2021-04-12 09:57:50,14490.45,0
2021-04-12 09:57:51,14490.45,0
2021-04-12 09:57:52,14491.15,0
2021-04-12 09:57:53,14489.85,0
2021-04-12 09:57:54,14490.65,0
2021-04-12 09:57:55,14489.6,0
2021-04-12 09:57:56,14490.15,0
2021-04-12 09:57:57,14490.4,0
2021-04-12 09:57:58,14490.2,0
2021-04-12 09:57:59,14490.4,0
2021-04-12 09:58:00,14489.65,0
2021-04-12 09:58:01,14489.6,0
2021-04-12 09:58:02,14490.25,0
2021-04-12 09:58:03,14490.25,0
2021-04-12 09:58:05,14488.25,0
2021-04-12 09:58:06,14487.95,0
2021-04-12 09:58:07,14491.75,0
2021-04-12 09:58:08,14491.6,0
2021-04-12 09:58:11,14493.45,0
2021-04-12 09:58:12,14493.05,0
2021-04-12 09:58:13,14494.05,0
2021-04-12 09:58:14,14494.1,0
2021-04-12 09:58:15,14494.2,0
2021-04-12 09:58:16,14494.4,0
2021-04-12 09:58:17,14495.85,0
2021-04-12 09:58:19,14496.65,0
2021-04-12 09:58:20,14496.8,0
2021-04-12 09:58:21,14496.1,0
2021-04-12 09:58:23,14495.45,0
2021-04-12 09:58:25,14493.05,0
2021-04-12 09:58:26,14492.5,0
2021-04-12 09:58:27,14492.75,0
2021-04-12 09:58:28,14492.75,0
2021-04-12 09:58:29,14493.9,0
2021-04-12 09:58:30,14495.0,0
2021-04-12 09:58:31,14494.45,0
2021-04-12 09:58:32,14494.65,0
2021-04-12 09:58:33,14494.95,0
2021-04-12 09:58:34,14495.05,0
2021-04-12 09:58:35,14494.7,0
2021-04-12 09:58:37,14496.8,0
2021-04-12 09:58:38,14496.9,0
2021-04-12 09:58:41,14496.25,0
2021-04-12 09:58:42,14496.9,0
2021-04-12 09:58:43,14498.2,0
2021-04-12 09:58:44,14498.15,0
2021-04-12 09:58:45,14497.35,0
2021-04-12 09:58:47,14498.35,0
2021-04-12 09:58:48,14498.35,0
2021-04-12 09:58:49,14499.45,0
2021-04-12 09:58:50,14498.6,0
2021-04-12 09:58:51,14498.85,0
2021-04-12 09:58:52,14499.6,0
2021-04-12 09:58:53,14500.35,0
2021-04-12 09:58:54,14500.4,0
2021-04-12 09:58:55,14501.25,0
2021-04-12 09:58:56,14502.35,0
2021-04-12 09:58:57,14502.35,0
2021-04-12 09:58:58,14502.25,0
2021-04-12 09:58:59,14502.25,0
2021-04-12 09:59:00,14502.35,0
2021-04-12 09:59:01,14503.15,0
2021-04-12 09:59:02,14502.0,0
2021-04-12 09:59:03,14502.8,0
2021-04-12 09:59:04,14502.25,0
2021-04-12 09:59:06,14502.1,0
2021-04-12 09:59:07,14502.1,0
2021-04-12 09:59:08,14502.05,0
2021-04-12 09:59:09,14502.25,0
2021-04-12 09:59:10,14501.3,0
2021-04-12 09:59:13,14498.55,0
2021-04-12 09:59:14,14498.9,0
2021-04-12 09:59:15,14498.95,0
2021-04-12 09:59:16,14499.2,0
2021-04-12 09:59:18,14499.7,0
2021-04-12 09:59:19,14499.7,0
2021-04-12 09:59:20,14500.5,0
2021-04-12 09:59:21,14501.05,0
2021-04-12 09:59:22,14502.5,0
2021-04-12 09:59:23,14505.45,0
2021-04-12 09:59:24,14505.05,0
2021-04-12 09:59:25,14504.8,0
2021-04-12 09:59:26,14506.8,0
2021-04-12 09:59:27,14506.95,0
2021-04-12 09:59:28,14507.85,0
2021-04-12 09:59:29,14508.3,0
2021-04-12 09:59:31,14506.65,0
2021-04-12 09:59:32,14506.25,0
2021-04-12 09:59:33,14506.2,0
2021-04-12 09:59:34,14507.1,0
2021-04-12 09:59:35,14506.9,0
2021-04-12 09:59:36,14507.1,0
2021-04-12 09:59:37,14507.8,0
2021-04-12 09:59:38,14511.0,0
2021-04-12 09:59:39,14511.15,0
2021-04-12 09:59:40,14509.85,0
2021-04-12 09:59:41,14509.9,0
2021-04-12 09:59:43,14509.45,0
2021-04-12 09:59:44,14508.95,0
2021-04-12 09:59:45,14507.2,0
2021-04-12 09:59:46,14507.6,0
2021-04-12 09:59:47,14507.85,0
2021-04-12 09:59:48,14507.9,0
2021-04-12 09:59:49,14507.75,0
2021-04-12 09:59:50,14507.65,0
2021-04-12 09:59:51,14507.65,0
2021-04-12 09:59:52,14508.4,0
2021-04-12 09:59:53,14507.9,0
2021-04-12 09:59:56,14504.4,0
2021-04-12 09:59:57,14503.65,0
2021-04-12 09:59:58,14503.25,0
2021-04-12 10:00:00,14503.3,0
2021-04-12 10:00:02,14505.2,0
2021-04-12 10:00:03,14505.25,0
2021-04-12 10:00:04,14506.35,0
2021-04-12 10:00:05,14506.55,0
2021-04-12 10:00:07,14504.5,0
2021-04-12 10:00:09,14501.55,0
2021-04-12 10:00:13,14499.4,0
2021-04-12 10:00:14,14500.4,0
2021-04-12 10:00:15,14500.4,0
2021-04-12 10:00:17,14498.95,0
2021-04-12 10:00:18,14498.6,0
2021-04-12 10:00:19,14497.55,0
2021-04-12 10:00:20,14497.2,0
2021-04-12 10:00:22,14498.5,0
2021-04-12 10:00:23,14497.7,0
2021-04-12 10:00:24,14498.9,0
2021-04-12 10:00:25,14498.1,0
2021-04-12 10:00:26,14495.9,0
2021-04-12 10:00:27,14495.0,0
2021-04-12 10:00:28,14495.45,0
2021-04-12 10:00:29,14494.65,0
2021-04-12 10:00:31,14495.7,0
2021-04-12 10:00:33,14495.45,0
2021-04-12 10:00:34,14496.7,0
2021-04-12 10:00:35,14497.05,0
2021-04-12 10:00:37,14498.15,0
2021-04-12 10:00:38,14497.85,0
2021-04-12 10:00:39,14499.05,0
2021-04-12 10:00:40,14499.65,0
2021-04-12 10:00:41,14501.1,0
2021-04-12 10:00:42,14500.8,0
2021-04-12 10:00:43,14501.3,0
2021-04-12 10:00:44,14502.0,0
2021-04-12 10:00:45,14501.75,0
2021-04-12 10:00:46,14499.5,0
2021-04-12 10:00:47,14499.45,0
2021-04-12 10:00:48,14500.0,0
2021-04-12 10:00:49,14500.0,0
2021-04-12 10:00:50,14500.0,0
2021-04-12 10:00:51,14499.65,0
2021-04-12 10:00:52,14500.5,0
2021-04-12 10:00:53,14499.05,0
2021-04-12 10:00:54,14499.95,0
2021-04-12 10:00:56,14498.1,0
2021-04-12 10:00:57,14497.65,0
2021-04-12 10:00:58,14497.95,0
2021-04-12 10:00:59,14498.5,0
2021-04-12 10:01:00,14499.65,0
2021-04-12 10:01:01,14499.5,0
2021-04-12 10:01:02,14499.0,0
2021-04-12 10:01:03,14499.3,0
2021-04-12 10:01:04,14498.5,0
2021-04-12 10:01:05,14498.35,0
2021-04-12 10:01:06,14496.8,0
2021-04-12 10:01:07,14494.85,0
2021-04-12 10:01:09,14495.4,0
2021-04-12 10:01:10,14494.85,0
2021-04-12 10:01:11,14494.7,0
2021-04-12 10:01:13,14495.95,0
2021-04-12 10:01:14,14495.15,0
2021-04-12 10:01:15,14493.95,0
2021-04-12 10:01:17,14490.95,0
2021-04-12 10:01:19,14490.9,0
2021-04-12 10:01:20,14491.3,0
2021-04-12 10:01:21,14491.8,0
2021-04-12 10:01:22,14489.7,0
2021-04-12 10:01:23,14491.05,0
2021-04-12 10:01:24,14491.05,0
2021-04-12 10:01:25,14491.35,0
2021-04-12 10:01:26,14492.95,0
2021-04-12 10:01:27,14491.55,0
2021-04-12 10:01:28,14492.4,0
2021-04-12 10:01:29,14492.05,0
2021-04-12 10:01:30,14491.9,0
2021-04-12 10:01:31,14491.4,0
2021-04-12 10:01:32,14492.1,0
2021-04-12 10:01:33,14491.0,0
2021-04-12 10:01:34,14490.65,0
2021-04-12 10:01:35,14490.25,0
2021-04-12 10:01:36,14490.7,0
2021-04-12 10:01:37,14490.9,0
2021-04-12 10:01:38,14489.4,0
2021-04-12 10:01:39,14490.45,0
2021-04-12 10:01:40,14490.9,0
2021-04-12 10:01:41,14490.0,0
2021-04-12 10:01:42,14489.7,0
2021-04-12 10:01:43,14490.15,0
2021-04-12 10:01:44,14490.6,0
2021-04-12 10:01:45,14489.8,0
2021-04-12 10:01:46,14490.3,0
2021-04-12 10:01:47,14489.1,0
2021-04-12 10:01:48,14488.55,0
2021-04-12 10:01:49,14486.1,0
2021-04-12 10:01:50,14486.3,0
2021-04-12 10:01:51,14486.3,0
2021-04-12 10:01:52,14486.25,0
2021-04-12 10:01:53,14485.7,0
2021-04-12 10:01:54,14486.7,0
2021-04-12 10:01:55,14488.9,0
2021-04-12 10:01:56,14489.25,0
2021-04-12 10:01:57,14487.7,0
2021-04-12 10:01:58,14488.05,0
2021-04-12 10:01:59,14488.15,0
2021-04-12 10:02:00,14485.65,0
2021-04-12 10:02:01,14485.2,0
2021-04-12 10:02:02,14484.3,0
2021-04-12 10:02:03,14483.5,0
2021-04-12 10:02:05,14484.0,0
2021-04-12 10:02:08,14478.15,0
2021-04-12 10:02:09,14477.8,0
2021-04-12 10:02:10,14477.0,0
2021-04-12 10:02:11,14476.35,0
2021-04-12 10:02:12,14475.6,0
2021-04-12 10:02:13,14476.5,0
2021-04-12 10:02:15,14477.55,0
2021-04-12 10:02:16,14479.1,0
2021-04-12 10:02:17,14479.5,0
2021-04-12 10:02:18,14481.0,0
2021-04-12 10:02:22,14481.45,0
2021-04-12 10:02:23,14481.0,0
2021-04-12 10:02:24,14481.65,0
2021-04-12 10:02:25,14481.6,0
2021-04-12 10:02:27,14481.95,0
2021-04-12 10:02:28,14482.75,0
2021-04-12 10:02:29,14484.8,0
2021-04-12 10:02:30,14485.05,0
2021-04-12 10:02:32,14484.55,0
2021-04-12 10:02:33,14486.25,0
2021-04-12 10:02:35,14484.8,0
2021-04-12 10:02:36,14484.4,0
2021-04-12 10:02:37,14483.8,0
2021-04-12 10:02:39,14484.3,0
2021-04-12 10:02:40,14484.7,0
2021-04-12 10:02:42,14483.55,0
2021-04-12 10:02:45,14484.25,0
2021-04-12 10:02:46,14483.25,0
2021-04-12 10:02:47,14483.7,0
2021-04-12 10:02:48,14483.2,0
2021-04-12 10:02:50,14483.55,0
2021-04-12 10:02:52,14483.25,0
2021-04-12 10:02:53,14481.8,0
2021-04-12 10:02:54,14482.8,0
2021-04-12 10:02:55,14482.3,0
2021-04-12 10:02:56,14481.65,0
2021-04-12 10:02:57,14481.65,0
2021-04-12 10:02:58,14482.15,0
2021-04-12 10:03:00,14481.85,0
2021-04-12 10:03:01,14483.1,0
2021-04-12 10:03:03,14483.35,0
2021-04-12 10:03:04,14483.9,0
2021-04-12 10:03:05,14484.6,0
2021-04-12 10:03:06,14485.1,0
2021-04-12 10:03:07,14485.15,0
2021-04-12 10:03:09,14483.85,0
2021-04-12 10:03:10,14484.45,0
2021-04-12 10:03:11,14484.45,0
2021-04-12 10:03:12,14484.0,0
2021-04-12 10:03:13,14483.55,0
2021-04-12 10:03:14,14484.0,0
2021-04-12 10:03:15,14483.65,0
2021-04-12 10:03:16,14483.7,0
2021-04-12 10:03:17,14482.95,0
2021-04-12 10:03:18,14482.95,0
2021-04-12 10:03:20,14483.3,0
2021-04-12 10:03:21,14483.45,0
2021-04-12 10:03:22,14484.15,0
2021-04-12 10:03:23,14484.2,0
2021-04-12 10:03:24,14484.45,0
2021-04-12 10:03:25,14484.95,0
2021-04-12 10:03:26,14485.0,0
2021-04-12 10:03:27,14484.75,0
2021-04-12 10:03:28,14485.05,0
2021-04-12 10:03:29,14484.15,0
2021-04-12 10:03:30,14485.6,0
2021-04-12 10:03:31,14484.85,0
2021-04-12 10:03:32,14485.95,0
2021-04-12 10:03:33,14486.05,0
2021-04-12 10:03:34,14485.6,0
2021-04-12 10:03:35,14486.4,0
2021-04-12 10:03:36,14486.55,0
2021-04-12 10:03:37,14486.85,0
2021-04-12 10:03:39,14486.5,0
2021-04-12 10:03:40,14485.75,0
2021-04-12 10:03:41,14483.7,0
2021-04-12 10:03:44,14483.2,0
2021-04-12 10:03:45,14482.65,0
2021-04-12 10:03:46,14482.85,0
2021-04-12 10:03:47,14483.8,0
2021-04-12 10:03:48,14483.75,0
2021-04-12 10:03:49,14483.85,0
2021-04-12 10:03:50,14483.7,0
2021-04-12 10:03:51,14484.0,0
2021-04-12 10:03:52,14484.65,0
2021-04-12 10:03:53,14484.4,0
2021-04-12 10:03:54,14484.45,0
2021-04-12 10:03:56,14485.3,0
2021-04-12 10:03:57,14484.75,0
2021-04-12 10:03:58,14483.55,0
2021-04-12 10:03:59,14484.25,0
2021-04-12 10:04:02,14478.35,0
2021-04-12 10:04:03,14479.55,0
2021-04-12 10:04:04,14478.15,0
2021-04-12 10:04:05,14478.95,0
2021-04-12 10:04:06,14478.85,0
2021-04-12 10:04:07,14479.0,0
2021-04-12 10:04:08,14479.0,0
2021-04-12 10:04:09,14477.4,0
2021-04-12 10:04:10,14475.7,0
2021-04-12 10:04:11,14475.9,0
2021-04-12 10:04:12,14475.05,0
2021-04-12 10:04:13,14473.8,0
2021-04-12 10:04:14,14474.9,0
2021-04-12 10:04:15,14474.9,0
2021-04-12 10:04:17,14465.7,0
2021-04-12 10:04:18,14466.05,0
2021-04-12 10:04:19,14468.45,0
2021-04-12 10:04:21,14468.45,0
2021-04-12 10:04:22,14468.6,0
2021-04-12 10:04:23,14468.55,0
2021-04-12 10:04:25,14469.0,0
2021-04-12 10:04:26,14469.5,0
2021-04-12 10:04:27,14469.45,0
2021-04-12 10:04:28,14470.45,0
2021-04-12 10:04:29,14470.6,0
2021-04-12 10:04:30,14471.35,0
2021-04-12 10:04:31,14470.8,0
2021-04-12 10:04:32,14470.45,0
2021-04-12 10:04:33,14470.65,0
2021-04-12 10:04:34,14470.35,0
2021-04-12 10:04:35,14469.65,0
2021-04-12 10:04:36,14470.8,0
2021-04-12 10:04:37,14469.85,0
2021-04-12 10:04:38,14470.5,0
2021-04-12 10:04:39,14471.2,0
2021-04-12 10:04:40,14472.35,0
2021-04-12 10:04:41,14472.5,0
2021-04-12 10:04:42,14473.8,0
2021-04-12 10:04:43,14474.5,0
2021-04-12 10:04:44,14475.45,0
2021-04-12 10:04:45,14474.8,0
2021-04-12 10:04:46,14474.75,0
2021-04-12 10:04:47,14474.75,0
2021-04-12 10:04:48,14474.65,0
2021-04-12 10:04:49,14475.0,0
2021-04-12 10:04:50,14476.0,0
2021-04-12 10:04:51,14475.45,0
2021-04-12 10:04:52,14474.5,0
2021-04-12 10:04:53,14473.4,0
2021-04-12 10:04:54,14473.25,0
2021-04-12 10:04:55,14472.0,0
2021-04-12 10:04:56,14471.75,0
2021-04-12 10:04:57,14471.4,0
2021-04-12 10:04:58,14470.3,0
2021-04-12 10:04:59,14471.15,0
2021-04-12 10:05:00,14470.45,0
2021-04-12 10:05:01,14471.3,0
2021-04-12 10:05:02,14470.5,0
2021-04-12 10:05:03,14471.55,0
2021-04-12 10:05:04,14470.75,0
2021-04-12 10:05:05,14470.35,0
2021-04-12 10:05:06,14467.6,0
2021-04-12 10:05:07,14468.55,0
2021-04-12 10:05:08,14469.7,0
2021-04-12 10:05:09,14470.55,0
2021-04-12 10:05:10,14469.1,0
2021-04-12 10:05:11,14469.35,0
2021-04-12 10:05:12,14469.7,0
2021-04-12 10:05:13,14469.15,0
2021-04-12 10:05:14,14470.65,0
2021-04-12 10:05:15,14471.0,0
2021-04-12 10:05:16,14470.7,0
2021-04-12 10:05:17,14471.25,0
2021-04-12 10:05:18,14473.65,0
2021-04-12 10:05:19,14473.2,0
2021-04-12 10:05:20,14473.8,0
2021-04-12 10:05:21,14475.6,0
2021-04-12 10:05:22,14477.25,0
2021-04-12 10:05:23,14478.9,0
2021-04-12 10:05:24,14481.1,0
2021-04-12 10:05:25,14480.7,0
2021-04-12 10:05:26,14479.75,0
2021-04-12 10:05:28,14477.25,0
2021-04-12 10:05:29,14478.1,0
2021-04-12 10:05:30,14476.6,0
2021-04-12 10:05:31,14475.9,0
2021-04-12 10:05:32,14476.35,0
2021-04-12 10:05:33,14478.2,0
2021-04-12 10:05:34,14478.25,0
2021-04-12 10:05:35,14478.25,0
2021-04-12 10:05:36,14478.95,0
2021-04-12 10:05:37,14478.95,0
2021-04-12 10:05:38,14479.5,0
2021-04-12 10:05:40,14481.1,0
2021-04-12 10:05:41,14480.85,0
2021-04-12 10:05:42,14481.0,0
2021-04-12 10:05:43,14481.85,0
2021-04-12 10:05:44,14483.75,0
2021-04-12 10:05:45,14481.25,0
2021-04-12 10:05:47,14480.55,0
2021-04-12 10:05:48,14480.15,0
2021-04-12 10:05:49,14478.75,0
2021-04-12 10:05:51,14475.85,0
2021-04-12 10:05:52,14476.2,0
2021-04-12 10:05:53,14476.35,0
2021-04-12 10:05:54,14476.3,0
2021-04-12 10:05:55,14476.55,0
2021-04-12 10:05:57,14478.85,0
2021-04-12 10:05:58,14478.8,0
2021-04-12 10:05:59,14478.2,0
2021-04-12 10:06:00,14478.2,0
2021-04-12 10:06:01,14476.35,0
2021-04-12 10:06:02,14476.0,0
2021-04-12 10:06:03,14476.25,0
2021-04-12 10:06:04,14476.75,0
2021-04-12 10:06:05,14476.5,0
2021-04-12 10:06:06,14476.45,0
2021-04-12 10:06:07,14476.8,0
2021-04-12 10:06:08,14475.7,0
2021-04-12 10:06:09,14475.1,0
2021-04-12 10:06:10,14475.35,0
2021-04-12 10:06:11,14476.3,0
2021-04-12 10:06:12,14474.8,0
2021-04-12 10:06:13,14474.95,0
2021-04-12 10:06:14,14473.75,0
2021-04-12 10:06:15,14474.1,0
2021-04-12 10:06:16,14473.65,0
2021-04-12 10:06:17,14474.35,0
2021-04-12 10:06:18,14473.15,0
2021-04-12 10:06:19,14474.1,0
2021-04-12 10:06:20,14474.35,0
2021-04-12 10:06:21,14473.35,0
2021-04-12 10:06:22,14474.5,0
2021-04-12 10:06:23,14474.95,0
2021-04-12 10:06:25,14476.3,0
2021-04-12 10:06:26,14474.7,0
2021-04-12 10:06:27,14475.85,0
2021-04-12 10:06:28,14476.35,0
2021-04-12 10:06:29,14478.1,0
2021-04-12 10:06:30,14477.55,0
2021-04-12 10:06:31,14477.75,0
2021-04-12 10:06:32,14477.15,0
2021-04-12 10:06:33,14477.15,0
2021-04-12 10:06:34,14475.95,0
2021-04-12 10:06:35,14478.1,0
2021-04-12 10:06:36,14477.6,0
2021-04-12 10:06:37,14478.3,0
2021-04-12 10:06:38,14478.75,0
2021-04-12 10:06:39,14478.9,0
2021-04-12 10:06:40,14478.75,0
2021-04-12 10:06:41,14478.1,0
2021-04-12 10:06:42,14477.45,0
2021-04-12 10:06:43,14477.65,0
2021-04-12 10:06:44,14477.1,0
2021-04-12 10:06:45,14476.3,0
2021-04-12 10:06:46,14476.35,0
2021-04-12 10:06:47,14475.25,0
2021-04-12 10:06:48,14476.1,0
2021-04-12 10:06:49,14476.75,0
2021-04-12 10:06:50,14477.25,0
2021-04-12 10:06:51,14476.85,0
2021-04-12 10:06:52,14476.5,0
2021-04-12 10:06:53,14477.1,0
2021-04-12 10:06:54,14477.3,0
2021-04-12 10:06:55,14477.6,0
2021-04-12 10:06:56,14477.1,0
2021-04-12 10:06:57,14477.5,0
2021-04-12 10:06:58,14478.05,0
2021-04-12 10:06:59,14478.3,0
2021-04-12 10:07:00,14477.6,0
2021-04-12 10:07:01,14477.9,0
2021-04-12 10:07:02,14476.05,0
2021-04-12 10:07:03,14473.65,0
2021-04-12 10:07:04,14470.65,0
2021-04-12 10:07:05,14472.75,0
2021-04-12 10:07:06,14471.35,0
2021-04-12 10:07:07,14472.4,0
2021-04-12 10:07:08,14472.2,0
2021-04-12 10:07:09,14472.5,0
2021-04-12 10:07:10,14472.95,0
2021-04-12 10:07:11,14474.2,0
2021-04-12 10:07:12,14476.0,0
2021-04-12 10:07:13,14477.1,0
2021-04-12 10:07:14,14475.65,0
2021-04-12 10:07:15,14474.15,0
2021-04-12 10:07:16,14471.7,0
2021-04-12 10:07:17,14471.5,0
2021-04-12 10:07:18,14473.3,0
2021-04-12 10:07:19,14473.35,0
2021-04-12 10:07:20,14472.35,0
2021-04-12 10:07:21,14471.9,0
2021-04-12 10:07:22,14473.4,0
2021-04-12 10:07:23,14473.85,0
2021-04-12 10:07:25,14475.0,0
2021-04-12 10:07:26,14475.7,0
2021-04-12 10:07:28,14476.1,0
2021-04-12 10:07:29,14476.1,0
2021-04-12 10:07:30,14477.4,0
2021-04-12 10:07:31,14478.65,0
2021-04-12 10:07:32,14478.75,0
2021-04-12 10:07:33,14476.3,0
2021-04-12 10:07:34,14471.85,0
2021-04-12 10:07:35,14473.2,0
2021-04-12 10:07:36,14473.9,0
2021-04-12 10:07:37,14473.7,0
2021-04-12 10:07:38,14474.15,0
2021-04-12 10:07:39,14475.2,0
2021-04-12 10:07:40,14475.4,0
2021-04-12 10:07:41,14475.6,0
2021-04-12 10:07:42,14478.05,0
2021-04-12 10:07:43,14478.4,0
2021-04-12 10:07:44,14476.45,0
2021-04-12 10:07:45,14477.25,0
2021-04-12 10:07:46,14478.2,0
2021-04-12 10:07:47,14478.9,0
2021-04-12 10:07:48,14481.05,0
2021-04-12 10:07:49,14481.1,0
2021-04-12 10:07:50,14480.85,0
2021-04-12 10:07:51,14480.05,0
2021-04-12 10:07:52,14479.6,0
2021-04-12 10:07:53,14480.35,0
2021-04-12 10:07:54,14480.65,0
2021-04-12 10:07:55,14478.5,0
2021-04-12 10:07:56,14478.9,0
2021-04-12 10:07:57,14481.8,0
2021-04-12 10:07:58,14483.0,0
2021-04-12 10:07:59,14481.7,0
2021-04-12 10:08:00,14481.6,0
2021-04-12 10:08:01,14483.05,0
2021-04-12 10:08:02,14486.25,0
2021-04-12 10:08:03,14487.5,0
2021-04-12 10:08:04,14485.7,0
2021-04-12 10:08:05,14485.4,0
2021-04-12 10:08:07,14487.25,0
2021-04-12 10:08:08,14485.05,0
2021-04-12 10:08:09,14484.35,0
2021-04-12 10:08:10,14484.15,0
2021-04-12 10:08:11,14485.35,0
2021-04-12 10:08:12,14485.0,0
2021-04-12 10:08:13,14485.45,0
2021-04-12 10:08:14,14486.0,0
2021-04-12 10:08:15,14483.7,0
2021-04-12 10:08:16,14485.55,0
2021-04-12 10:08:17,14485.05,0
2021-04-12 10:08:18,14484.45,0
2021-04-12 10:08:19,14484.85,0
2021-04-12 10:08:20,14485.7,0
2021-04-12 10:08:21,14486.65,0
2021-04-12 10:08:23,14488.05,0
2021-04-12 10:08:24,14488.0,0
2021-04-12 10:08:25,14488.65,0
2021-04-12 10:08:26,14488.5,0
2021-04-12 10:08:27,14488.8,0
2021-04-12 10:08:28,14489.35,0
2021-04-12 10:08:29,14489.25,0
2021-04-12 10:08:30,14488.5,0
2021-04-12 10:08:31,14490.25,0
2021-04-12 10:08:32,14490.1,0
2021-04-12 10:08:33,14491.0,0
2021-04-12 10:08:34,14490.55,0
2021-04-12 10:08:35,14491.6,0
2021-04-12 10:08:36,14490.9,0
2021-04-12 10:08:38,14491.55,0
2021-04-12 10:08:39,14491.6,0
2021-04-12 10:08:40,14492.0,0
2021-04-12 10:08:41,14492.2,0
2021-04-12 10:08:42,14490.3,0
2021-04-12 10:08:43,14489.45,0
2021-04-12 10:08:44,14489.5,0
2021-04-12 10:08:45,14490.0,0
2021-04-12 10:08:46,14490.1,0
2021-04-12 10:08:47,14489.75,0
2021-04-12 10:08:48,14491.3,0
2021-04-12 10:08:49,14490.65,0
2021-04-12 10:08:50,14491.55,0
2021-04-12 10:08:51,14490.05,0
2021-04-12 10:08:52,14490.3,0
2021-04-12 10:08:53,14491.7,0
2021-04-12 10:08:54,14490.7,0
2021-04-12 10:08:55,14491.45,0
2021-04-12 10:08:56,14491.55,0
2021-04-12 10:08:57,14491.75,0
2021-04-12 10:08:58,14492.25,0
2021-04-12 10:08:59,14492.85,0
2021-04-12 10:09:00,14492.5,0
2021-04-12 10:09:01,14492.95,0
2021-04-12 10:09:02,14493.65,0
2021-04-12 10:09:04,14494.35,0
2021-04-12 10:09:05,14492.6,0
2021-04-12 10:09:06,14493.15,0
2021-04-12 10:09:08,14491.6,0
2021-04-12 10:09:11,14491.8,0
2021-04-12 10:09:12,14492.6,0
2021-04-12 10:09:13,14490.55,0
2021-04-12 10:09:14,14490.35,0
2021-04-12 10:09:15,14487.3,0
2021-04-12 10:09:16,14487.25,0
2021-04-12 10:09:17,14488.7,0
2021-04-12 10:09:18,14488.65,0
2021-04-12 10:09:19,14489.3,0
2021-04-12 10:09:20,14490.1,0
2021-04-12 10:09:21,14490.5,0
2021-04-12 10:09:22,14491.2,0
2021-04-12 10:09:23,14491.4,0
2021-04-12 10:09:25,14490.4,0
2021-04-12 10:09:27,14490.5,0
2021-04-12 10:09:28,14488.2,0
2021-04-12 10:09:29,14486.6,0
2021-04-12 10:09:30,14486.85,0
2021-04-12 10:09:31,14488.05,0
2021-04-12 10:09:32,14489.15,0
2021-04-12 10:09:33,14489.1,0
2021-04-12 10:09:34,14489.0,0
2021-04-12 10:09:35,14488.1,0
2021-04-12 10:09:36,14488.85,0
2021-04-12 10:09:38,14487.7,0
2021-04-12 10:09:39,14487.35,0
2021-04-12 10:09:42,14487.25,0
2021-04-12 10:09:44,14487.9,0
2021-04-12 10:09:45,14486.85,0
2021-04-12 10:09:46,14488.9,0
2021-04-12 10:09:47,14489.25,0
2021-04-12 10:09:49,14488.25,0
2021-04-12 10:09:50,14490.05,0
2021-04-12 10:09:51,14489.85,0
2021-04-12 10:09:52,14487.4,0
2021-04-12 10:09:53,14487.1,0
2021-04-12 10:09:54,14488.3,0
2021-04-12 10:09:56,14488.0,0
2021-04-12 10:09:57,14487.6,0
2021-04-12 10:09:58,14488.4,0
2021-04-12 10:09:59,14487.2,0
2021-04-12 10:10:00,14486.9,0
2021-04-12 10:10:01,14481.3,0
2021-04-12 10:10:02,14482.0,0
2021-04-12 10:10:03,14481.95,0
2021-04-12 10:10:04,14481.85,0
2021-04-12 10:10:05,14480.35,0
2021-04-12 10:10:06,14482.05,0
2021-04-12 10:10:07,14482.95,0
2021-04-12 10:10:08,14482.2,0
2021-04-12 10:10:09,14481.25,0
2021-04-12 10:10:10,14481.05,0
2021-04-12 10:10:11,14478.8,0
2021-04-12 10:10:12,14478.8,0
2021-04-12 10:10:13,14479.2,0
2021-04-12 10:10:14,14478.6,0
2021-04-12 10:10:15,14479.0,0
2021-04-12 10:10:16,14477.9,0
2021-04-12 10:10:17,14477.2,0
2021-04-12 10:10:18,14477.75,0
2021-04-12 10:10:19,14476.95,0
2021-04-12 10:10:20,14477.5,0
2021-04-12 10:10:21,14478.35,0
2021-04-12 10:10:22,14478.15,0
2021-04-12 10:10:23,14479.35,0
2021-04-12 10:10:24,14479.05,0
2021-04-12 10:10:25,14479.1,0
2021-04-12 10:10:26,14480.35,0
2021-04-12 10:10:27,14480.45,0
2021-04-12 10:10:28,14480.85,0
2021-04-12 10:10:29,14479.9,0
2021-04-12 10:10:30,14480.45,0
2021-04-12 10:10:31,14480.3,0
2021-04-12 10:10:32,14480.4,0
2021-04-12 10:10:33,14479.4,0
2021-04-12 10:10:34,14480.35,0
2021-04-12 10:10:35,14480.1,0
2021-04-12 10:10:37,14478.6,0
2021-04-12 10:10:39,14479.85,0
2021-04-12 10:10:40,14479.5,0
2021-04-12 10:10:41,14479.1,0
2021-04-12 10:10:42,14479.25,0
2021-04-12 10:10:43,14477.7,0
2021-04-12 10:10:44,14477.55,0
2021-04-12 10:10:45,14477.6,0
2021-04-12 10:10:46,14478.0,0
2021-04-12 10:10:47,14476.15,0
2021-04-12 10:10:48,14475.45,0
2021-04-12 10:10:49,14474.75,0
2021-04-12 10:10:50,14475.05,0
2021-04-12 10:10:51,14475.6,0
2021-04-12 10:10:52,14476.55,0
2021-04-12 10:10:53,14475.65,0
2021-04-12 10:10:54,14475.65,0
2021-04-12 10:10:55,14475.1,0
2021-04-12 10:10:56,14476.35,0
2021-04-12 10:10:57,14475.05,0
2021-04-12 10:10:58,14474.95,0
2021-04-12 10:10:59,14475.15,0
2021-04-12 10:11:00,14474.5,0
2021-04-12 10:11:01,14471.45,0
2021-04-12 10:11:02,14469.1,0
2021-04-12 10:11:03,14468.95,0
2021-04-12 10:11:04,14467.95,0
2021-04-12 10:11:05,14467.15,0
2021-04-12 10:11:06,14468.7,0
2021-04-12 10:11:07,14468.4,0
2021-04-12 10:11:08,14469.45,0
2021-04-12 10:11:09,14469.05,0
2021-04-12 10:11:10,14468.55,0
2021-04-12 10:11:11,14469.85,0
2021-04-12 10:11:12,14471.15,0
2021-04-12 10:11:13,14471.3,0
2021-04-12 10:11:14,14468.8,0
2021-04-12 10:11:15,14469.0,0
2021-04-12 10:11:16,14469.2,0
2021-04-12 10:11:17,14469.85,0
2021-04-12 10:11:18,14468.35,0
2021-04-12 10:11:20,14469.05,0
2021-04-12 10:11:21,14467.4,0
2021-04-12 10:11:22,14466.75,0
2021-04-12 10:11:23,14467.0,0
2021-04-12 10:11:25,14466.45,0
2021-04-12 10:11:26,14466.0,0
2021-04-12 10:11:27,14465.0,0
2021-04-12 10:11:28,14466.7,0
2021-04-12 10:11:30,14463.2,0
2021-04-12 10:11:31,14465.35,0
2021-04-12 10:11:32,14463.6,0
2021-04-12 10:11:33,14463.5,0
2021-04-12 10:11:35,14464.15,0
2021-04-12 10:11:36,14463.25,0
2021-04-12 10:11:38,14463.7,0
2021-04-12 10:11:39,14463.8,0
2021-04-12 10:11:41,14465.45,0
2021-04-12 10:11:42,14466.05,0
2021-04-12 10:11:43,14465.65,0
2021-04-12 10:11:44,14467.15,0
2021-04-12 10:11:45,14466.9,0
2021-04-12 10:11:46,14467.3,0
2021-04-12 10:11:47,14467.3,0
2021-04-12 10:11:48,14467.55,0
2021-04-12 10:11:49,14467.6,0
2021-04-12 10:11:51,14467.6,0
2021-04-12 10:11:52,14467.95,0
2021-04-12 10:11:53,14468.4,0
2021-04-12 10:11:54,14468.25,0
2021-04-12 10:11:55,14468.65,0
2021-04-12 10:11:56,14468.75,0
2021-04-12 10:11:57,14468.0,0
2021-04-12 10:11:58,14468.65,0
2021-04-12 10:12:00,14469.3,0
2021-04-12 10:12:01,14469.2,0
2021-04-12 10:12:02,14469.35,0
2021-04-12 10:12:03,14469.25,0
2021-04-12 10:12:04,14468.45,0
2021-04-12 10:12:05,14469.65,0
2021-04-12 10:12:06,14469.45,0
2021-04-12 10:12:07,14469.8,0
2021-04-12 10:12:08,14470.55,0
2021-04-12 10:12:09,14471.25,0
2021-04-12 10:12:11,14472.2,0
2021-04-12 10:12:13,14469.75,0
2021-04-12 10:12:15,14469.9,0
2021-04-12 10:12:16,14470.3,0
2021-04-12 10:12:17,14470.35,0
2021-04-12 10:12:18,14471.05,0
2021-04-12 10:12:19,14472.15,0
2021-04-12 10:12:20,14471.9,0
2021-04-12 10:12:21,14472.25,0
2021-04-12 10:12:22,14472.1,0
2021-04-12 10:12:23,14472.4,0
2021-04-12 10:12:24,14470.8,0
2021-04-12 10:12:25,14470.65,0
2021-04-12 10:12:26,14471.35,0
2021-04-12 10:12:27,14470.75,0
2021-04-12 10:12:28,14470.8,0
2021-04-12 10:12:29,14470.65,0
2021-04-12 10:12:30,14470.0,0
2021-04-12 10:12:31,14469.75,0
2021-04-12 10:12:32,14469.6,0
2021-04-12 10:12:33,14469.6,0
2021-04-12 10:12:34,14468.85,0
2021-04-12 10:12:35,14468.75,0
2021-04-12 10:12:36,14469.15,0
2021-04-12 10:12:37,14469.85,0
2021-04-12 10:12:38,14470.5,0
2021-04-12 10:12:39,14470.95,0
2021-04-12 10:12:40,14470.95,0
2021-04-12 10:12:41,14470.75,0
2021-04-12 10:12:43,14471.25,0
2021-04-12 10:12:44,14470.55,0
2021-04-12 10:12:45,14469.75,0
2021-04-12 10:12:46,14466.95,0
2021-04-12 10:12:47,14466.35,0
2021-04-12 10:12:48,14466.55,0
2021-04-12 10:12:49,14466.65,0
2021-04-12 10:12:50,14466.5,0
2021-04-12 10:12:51,14467.05,0
2021-04-12 10:12:52,14467.25,0
2021-04-12 10:12:53,14468.45,0
2021-04-12 10:12:54,14467.75,0
2021-04-12 10:12:55,14467.2,0
2021-04-12 10:12:57,14467.05,0
2021-04-12 10:12:58,14465.2,0
2021-04-12 10:12:59,14465.25,0
2021-04-12 10:13:00,14464.05,0
2021-04-12 10:13:01,14465.05,0
2021-04-12 10:13:02,14465.65,0
2021-04-12 10:13:03,14463.2,0
2021-04-12 10:13:05,14464.35,0
2021-04-12 10:13:06,14463.4,0
2021-04-12 10:13:07,14463.85,0
2021-04-12 10:13:08,14463.8,0
2021-04-12 10:13:09,14463.7,0
2021-04-12 10:13:10,14464.45,0
2021-04-12 10:13:11,14464.4,0
2021-04-12 10:13:12,14464.95,0
2021-04-12 10:13:13,14464.65,0
2021-04-12 10:13:14,14465.15,0
2021-04-12 10:13:15,14464.55,0
2021-04-12 10:13:16,14464.6,0
2021-04-12 10:13:18,14465.1,0
2021-04-12 10:13:22,14464.95,0
2021-04-12 10:13:23,14464.8,0
2021-04-12 10:13:24,14466.35,0
2021-04-12 10:13:25,14465.8,0
2021-04-12 10:13:26,14467.15,0
2021-04-12 10:13:27,14466.9,0
2021-04-12 10:13:28,14466.55,0
2021-04-12 10:13:29,14467.7,0
2021-04-12 10:13:30,14467.5,0
2021-04-12 10:13:31,14467.4,0
2021-04-12 10:13:32,14468.55,0
2021-04-12 10:13:33,14467.75,0
2021-04-12 10:13:34,14468.9,0
2021-04-12 10:13:35,14468.95,0
2021-04-12 10:13:36,14469.5,0
2021-04-12 10:13:38,14468.65,0
2021-04-12 10:13:39,14468.6,0
2021-04-12 10:13:40,14468.4,0
2021-04-12 10:13:41,14467.7,0
2021-04-12 10:13:42,14467.9,0
2021-04-12 10:13:43,14466.45,0
2021-04-12 10:13:44,14466.0,0
2021-04-12 10:13:45,14465.45,0
2021-04-12 10:13:46,14465.75,0
2021-04-12 10:13:47,14465.55,0
2021-04-12 10:13:48,14465.85,0
2021-04-12 10:13:49,14464.0,0
2021-04-12 10:13:50,14463.35,0
2021-04-12 10:13:51,14463.8,0
2021-04-12 10:13:52,14463.8,0
2021-04-12 10:13:53,14462.4,0
2021-04-12 10:13:54,14462.0,0
2021-04-12 10:13:55,14462.9,0
2021-04-12 10:13:56,14462.2,0
2021-04-12 10:13:57,14462.7,0
2021-04-12 10:13:58,14462.9,0
2021-04-12 10:13:59,14462.65,0
2021-04-12 10:14:00,14462.2,0
2021-04-12 10:14:01,14462.35,0
2021-04-12 10:14:02,14462.9,0
2021-04-12 10:14:03,14462.75,0
2021-04-12 10:14:04,14460.95,0
2021-04-12 10:14:05,14458.95,0
2021-04-12 10:14:06,14457.95,0
2021-04-12 10:14:07,14458.7,0
2021-04-12 10:14:08,14458.25,0
2021-04-12 10:14:09,14458.15,0
2021-04-12 10:14:10,14458.35,0
2021-04-12 10:14:11,14458.5,0
2021-04-12 10:14:12,14460.05,0
2021-04-12 10:14:13,14459.3,0
2021-04-12 10:14:14,14459.05,0
2021-04-12 10:14:15,14460.4,0
2021-04-12 10:14:16,14460.0,0
2021-04-12 10:14:17,14459.25,0
2021-04-12 10:14:18,14460.95,0
2021-04-12 10:14:20,14460.5,0
2021-04-12 10:14:21,14460.75,0
2021-04-12 10:14:22,14461.25,0
2021-04-12 10:14:23,14460.85,0
2021-04-12 10:14:24,14461.05,0
2021-04-12 10:14:25,14461.75,0
2021-04-12 10:14:26,14463.35,0
2021-04-12 10:14:27,14461.7,0
2021-04-12 10:14:28,14461.5,0
2021-04-12 10:14:29,14461.25,0
2021-04-12 10:14:30,14461.6,0
2021-04-12 10:14:31,14460.85,0
2021-04-12 10:14:32,14460.55,0
2021-04-12 10:14:33,14462.05,0
2021-04-12 10:14:35,14461.0,0
2021-04-12 10:14:36,14460.6,0
2021-04-12 10:14:37,14461.0,0
2021-04-12 10:14:38,14460.55,0
2021-04-12 10:14:39,14463.1,0
2021-04-12 10:14:41,14462.05,0
2021-04-12 10:14:42,14462.2,0
2021-04-12 10:14:43,14461.65,0
2021-04-12 10:14:45,14461.6,0
2021-04-12 10:14:46,14461.95,0
2021-04-12 10:14:47,14460.5,0
2021-04-12 10:14:48,14461.25,0
2021-04-12 10:14:49,14461.05,0
2021-04-12 10:14:50,14460.8,0
2021-04-12 10:14:51,14459.45,0
2021-04-12 10:14:52,14460.75,0
2021-04-12 10:14:53,14460.65,0
2021-04-12 10:14:54,14459.85,0
2021-04-12 10:14:55,14460.4,0
2021-04-12 10:14:56,14460.45,0
2021-04-12 10:14:57,14459.8,0
2021-04-12 10:14:58,14455.6,0
2021-04-12 10:14:59,14454.75,0
2021-04-12 10:15:00,14454.05,0
2021-04-12 10:15:02,14449.55,0
2021-04-12 10:15:03,14448.7,0
2021-04-12 10:15:04,14446.9,0
2021-04-12 10:15:05,14447.05,0
2021-04-12 10:15:06,14445.3,0
2021-04-12 10:15:07,14446.65,0
2021-04-12 10:15:08,14446.6,0
2021-04-12 10:15:09,14444.75,0
2021-04-12 10:15:10,14445.45,0
2021-04-12 10:15:11,14445.6,0
2021-04-12 10:15:12,14446.5,0
2021-04-12 10:15:13,14446.5,0
2021-04-12 10:15:14,14444.85,0
2021-04-12 10:15:15,14444.15,0
2021-04-12 10:15:16,14444.05,0
2021-04-12 10:15:17,14444.35,0
2021-04-12 10:15:18,14444.2,0
2021-04-12 10:15:19,14443.8,0
2021-04-12 10:15:20,14443.75,0
2021-04-12 10:15:21,14443.5,0
2021-04-12 10:15:22,14443.65,0
2021-04-12 10:15:23,14438.2,0
2021-04-12 10:15:25,14438.0,0
2021-04-12 10:15:26,14438.35,0
2021-04-12 10:15:27,14438.45,0
2021-04-12 10:15:28,14437.55,0
2021-04-12 10:15:29,14436.5,0
2021-04-12 10:15:30,14437.0,0
2021-04-12 10:15:31,14436.85,0
2021-04-12 10:15:32,14437.2,0
2021-04-12 10:15:33,14438.5,0
2021-04-12 10:15:34,14437.55,0
2021-04-12 10:15:35,14437.4,0
2021-04-12 10:15:36,14437.85,0
2021-04-12 10:15:37,14437.3,0
2021-04-12 10:15:39,14435.1,0
2021-04-12 10:15:41,14433.5,0
2021-04-12 10:15:43,14433.95,0
2021-04-12 10:15:44,14433.85,0
2021-04-12 10:15:47,14431.8,0
2021-04-12 10:15:49,14431.9,0
2021-04-12 10:15:51,14430.35,0
2021-04-12 10:15:53,14429.15,0
2021-04-12 10:15:54,14429.15,0
2021-04-12 10:15:55,14429.65,0
2021-04-12 10:15:56,14430.25,0
2021-04-12 10:15:57,14429.5,0
2021-04-12 10:15:58,14429.35,0
2021-04-12 10:15:59,14428.65,0
2021-04-12 10:16:00,14428.8,0
2021-04-12 10:16:01,14429.15,0
2021-04-12 10:16:03,14429.85,0
2021-04-12 10:16:04,14428.6,0
2021-04-12 10:16:05,14429.0,0
2021-04-12 10:16:06,14429.25,0
2021-04-12 10:16:07,14429.25,0
2021-04-12 10:16:08,14430.45,0
2021-04-12 10:16:09,14430.25,0
2021-04-12 10:16:10,14429.85,0
2021-04-12 10:16:11,14434.45,0
2021-04-12 10:16:12,14434.0,0
2021-04-12 10:16:14,14434.0,0
2021-04-12 10:16:15,14437.25,0
2021-04-12 10:16:16,14437.1,0
2021-04-12 10:16:17,14436.3,0
2021-04-12 10:16:18,14438.85,0
2021-04-12 10:16:19,14438.7,0
2021-04-12 10:16:20,14440.05,0
2021-04-12 10:16:21,14440.65,0
2021-04-12 10:16:22,14439.9,0
2021-04-12 10:16:23,14440.9,0
2021-04-12 10:16:24,14441.4,0
2021-04-12 10:16:26,14439.7,0
2021-04-12 10:16:27,14440.0,0
2021-04-12 10:16:29,14440.15,0
2021-04-12 10:16:31,14440.15,0
2021-04-12 10:16:32,14440.4,0
2021-04-12 10:16:33,14439.9,0
2021-04-12 10:16:34,14439.0,0
2021-04-12 10:16:35,14439.65,0
2021-04-12 10:16:36,14440.1,0
2021-04-12 10:16:38,14439.35,0
2021-04-12 10:16:39,14439.4,0
2021-04-12 10:16:40,14438.6,0
2021-04-12 10:16:41,14439.05,0
2021-04-12 10:16:42,14436.85,0
2021-04-12 10:16:43,14437.05,0
2021-04-12 10:16:44,14435.4,0
2021-04-12 10:16:45,14435.1,0
2021-04-12 10:16:46,14434.1,0
2021-04-12 10:16:47,14433.95,0
2021-04-12 10:16:48,14434.15,0
2021-04-12 10:16:49,14435.4,0
2021-04-12 10:16:50,14435.35,0
2021-04-12 10:16:51,14435.9,0
2021-04-12 10:16:52,14435.15,0
2021-04-12 10:16:53,14434.75,0
2021-04-12 10:16:54,14434.5,0
2021-04-12 10:16:55,14434.9,0
2021-04-12 10:16:56,14433.3,0
2021-04-12 10:16:57,14429.6,0
2021-04-12 10:16:58,14431.25,0
2021-04-12 10:16:59,14430.65,0
2021-04-12 10:17:00,14430.55,0
2021-04-12 10:17:01,14430.45,0
2021-04-12 10:17:02,14427.1,0
2021-04-12 10:17:03,14425.6,0
2021-04-12 10:17:04,14424.6,0
2021-04-12 10:17:05,14425.6,0
2021-04-12 10:17:06,14425.55,0
2021-04-12 10:17:07,14425.55,0
2021-04-12 10:17:08,14426.05,0
2021-04-12 10:17:09,14426.65,0
2021-04-12 10:17:10,14427.8,0
2021-04-12 10:17:11,14427.0,0
2021-04-12 10:17:12,14427.95,0
2021-04-12 10:17:13,14428.85,0
2021-04-12 10:17:14,14429.7,0
2021-04-12 10:17:15,14429.6,0
2021-04-12 10:17:16,14429.9,0
2021-04-12 10:17:17,14432.5,0
