timestamp,ltp,volume
2021-05-21 09:36:40,11359.8,47959
2021-05-21 09:36:43,11357.45,47989
2021-05-21 09:36:44,11361.85,48008
2021-05-21 09:36:45,11355.65,48019
2021-05-21 09:36:46,11355.65,48019
2021-05-21 09:36:47,11355.85,48029
2021-05-21 09:36:47,11355.85,48029
2021-05-21 09:36:48,11355.85,48029
2021-05-21 09:36:50,11355.65,48042
2021-05-21 09:36:51,11355.65,48042
2021-05-21 09:36:52,11355.0,48052
2021-05-21 09:36:53,11355.0,48054
2021-05-21 09:36:53,11355.0,48054
2021-05-21 09:36:54,11355.65,48058
2021-05-21 09:36:55,11355.65,48063
2021-05-21 09:36:56,11355.0,48065
2021-05-21 09:36:57,11355.0,48065
2021-05-21 09:36:59,11355.0,48065
2021-05-21 09:37:00,11355.0,48088
2021-05-21 09:37:01,11355.0,48088
2021-05-21 09:37:02,11355.0,48088
2021-05-21 09:37:02,11355.0,48088
2021-05-21 09:37:03,11355.6,48089
2021-05-21 09:37:04,11355.6,48090
2021-05-21 09:37:05,11355.65,48105
2021-05-21 09:37:06,11355.65,48106
2021-05-21 09:37:07,11355.65,48106
2021-05-21 09:37:08,11355.65,48106
2021-05-21 09:37:09,11355.6,48107
2021-05-21 09:37:10,11355.65,48165
2021-05-21 09:37:11,11355.65,48178
2021-05-21 09:37:12,11355.65,48179
2021-05-21 09:37:14,11355.65,48179
2021-05-21 09:37:15,11358.55,48252
2021-05-21 09:37:16,11361.2,48292
2021-05-21 09:37:17,11357.85,48293
2021-05-21 09:37:17,11357.85,48293
2021-05-21 09:37:18,11357.85,48293
2021-05-21 09:37:19,11355.6,48345
2021-05-21 09:37:20,11355.6,48345
2021-05-21 09:37:21,11355.6,48345
2021-05-21 09:37:22,11355.6,48345
2021-05-21 09:37:23,11358.55,48367
2021-05-21 09:37:24,11361.2,48403
2021-05-21 09:37:25,11361.2,48405
2021-05-21 09:37:26,11356.85,48415
2021-05-21 09:37:27,11356.9,48421
2021-05-21 09:37:29,11359.65,48422
2021-05-21 09:37:30,11360.4,48434
2021-05-21 09:37:31,11360.4,48434
2021-05-21 09:37:32,11360.45,48444
2021-05-21 09:37:33,11360.45,48444
2021-05-21 09:37:34,11360.45,48444
2021-05-21 09:37:35,11360.45,48444
2021-05-21 09:37:36,11359.6,48448
2021-05-21 09:37:37,11359.6,48448
2021-05-21 09:37:38,11357.65,48456
2021-05-21 09:37:39,11357.65,48456
2021-05-21 09:37:41,11357.65,48456
2021-05-21 09:37:42,11356.9,48459
2021-05-21 09:37:43,11355.6,48461
2021-05-21 09:37:44,11355.6,48466
2021-05-21 09:37:44,11355.6,48466
2021-05-21 09:37:47,11356.9,48467
2021-05-21 09:37:48,11355.6,48469
2021-05-21 09:37:49,11355.6,48469
2021-05-21 09:37:50,11355.6,48469
2021-05-21 09:37:51,11355.6,48500
2021-05-21 09:37:52,11355.0,48573
2021-05-21 09:37:53,11355.0,48573
2021-05-21 09:37:54,11355.0,48573
2021-05-21 09:37:55,11356.9,48578
2021-05-21 09:37:56,11355.0,48648
2021-05-21 09:37:57,11355.0,48648
2021-05-21 09:37:57,11355.0,48648
2021-05-21 09:37:59,11356.9,48772
2021-05-21 09:38:00,11356.9,48772
2021-05-21 09:38:01,11355.95,48786
2021-05-21 09:38:02,11355.0,48829
2021-05-21 09:38:03,11355.0,48829
2021-05-21 09:38:05,11356.85,48859
2021-05-21 09:38:06,11352.05,48904
2021-05-21 09:38:07,11352.0,48930
2021-05-21 09:38:08,11351.3,48935
2021-05-21 09:38:09,11351.3,48935
2021-05-21 09:38:10,11355.0,48941
2021-05-21 09:38:11,11351.05,48946
2021-05-21 09:38:12,11351.05,48946
2021-05-21 09:38:13,11354.95,48987
2021-05-21 09:38:14,11354.95,48987
2021-05-21 09:38:14,11354.95,48987
2021-05-21 09:38:15,11354.95,48992
2021-05-21 09:38:16,11351.05,49014
2021-05-21 09:38:17,11353.0,49015
2021-05-21 09:38:18,11351.0,49026
2021-05-21 09:38:19,11351.0,49026
2021-05-21 09:38:20,11351.0,49026
2021-05-21 09:38:21,11351.0,49026
2021-05-21 09:38:22,11354.0,49077
2021-05-21 09:38:23,11351.05,49081
2021-05-21 09:38:24,11351.05,49086
2021-05-21 09:38:25,11351.05,49086
2021-05-21 09:38:26,11351.05,49086
2021-05-21 09:38:27,11351.05,49086
2021-05-21 09:38:28,11350.0,49195
2021-05-21 09:38:29,11350.9,49201
2021-05-21 09:38:31,11351.75,49211
2021-05-21 09:38:32,11351.75,49211
2021-05-21 09:38:33,11350.0,49229
2021-05-21 09:38:34,11351.75,49234
2021-05-21 09:38:35,11351.45,49236
2021-05-21 09:38:36,11351.45,49236
2021-05-21 09:38:37,11351.45,49237
2021-05-21 09:38:38,11351.45,49237
2021-05-21 09:38:39,11351.45,49237
2021-05-21 09:38:40,11350.0,49346
2021-05-21 09:38:41,11356.9,49459
2021-05-21 09:38:42,11358.1,49460
2021-05-21 09:38:44,11360.0,49485
2021-05-21 09:38:45,11361.95,49585
2021-05-21 09:38:46,11360.55,49595
2021-05-21 09:38:47,11359.05,49598
2021-05-21 09:38:47,11359.05,49598
2021-05-21 09:38:49,11359.05,49598
2021-05-21 09:38:50,11358.8,49623
2021-05-21 09:38:50,11358.8,49623
2021-05-21 09:38:51,11358.8,49628
2021-05-21 09:38:53,11365.0,49935
2021-05-21 09:38:54,11365.0,49955
2021-05-21 09:38:55,11365.0,49955
2021-05-21 09:38:56,11360.0,49994
2021-05-21 09:38:57,11361.4,50145
2021-05-21 09:38:58,11363.2,50152
2021-05-21 09:38:59,11365.0,50210
2021-05-21 09:39:00,11365.0,50210
2021-05-21 09:39:01,11365.0,50210
2021-05-21 09:39:02,11365.0,50227
2021-05-21 09:39:03,11365.0,50227
2021-05-21 09:39:04,11365.0,50228
2021-05-21 09:39:06,11363.75,50237
2021-05-21 09:39:08,11359.5,50337
2021-05-21 09:39:09,11359.5,50337
2021-05-21 09:39:10,11359.5,50337
2021-05-21 09:39:11,11363.7,50347
2021-05-21 09:39:12,11360.65,50348
2021-05-21 09:39:13,11363.7,50350
2021-05-21 09:39:14,11363.7,50350
2021-05-21 09:39:15,11358.8,50359
2021-05-21 09:39:16,11358.8,50359
2021-05-21 09:39:17,11358.15,50376
2021-05-21 09:39:18,11360.95,50377
2021-05-21 09:39:19,11360.95,50377
2021-05-21 09:39:20,11358.15,50378
2021-05-21 09:39:21,11358.15,50378
2021-05-21 09:39:22,11359.0,50403
2021-05-21 09:39:23,11363.7,50412
2021-05-21 09:39:24,11359.0,50496
2021-05-21 09:39:25,11359.0,50496
2021-05-21 09:39:26,11360.0,50500
2021-05-21 09:39:27,11360.95,50506
2021-05-21 09:39:28,11360.95,50506
2021-05-21 09:39:29,11360.95,50506
2021-05-21 09:39:30,11360.0,50511
2021-05-21 09:39:31,11357.5,50521
2021-05-21 09:39:32,11358.75,50532
2021-05-21 09:39:33,11358.75,50532
2021-05-21 09:39:34,11358.75,50532
2021-05-21 09:39:35,11357.5,50542
2021-05-21 09:39:36,11358.75,50543
2021-05-21 09:39:37,11365.0,50620
2021-05-21 09:39:38,11365.0,50620
2021-05-21 09:39:39,11361.95,50621
2021-05-21 09:39:40,11361.95,50622
2021-05-21 09:39:42,11358.95,50632
2021-05-21 09:39:41,11358.95,50632
2021-05-21 09:39:43,11358.95,50632
2021-05-21 09:39:45,11360.45,50640
2021-05-21 09:39:46,11360.45,50640
2021-05-21 09:39:47,11358.95,50684
2021-05-21 09:39:48,11358.95,50684
2021-05-21 09:39:49,11358.8,50687
2021-05-21 09:39:50,11365.0,50726
2021-05-21 09:39:51,11360.45,50729
2021-05-21 09:39:52,11360.0,50743
2021-05-21 09:39:53,11364.0,50776
2021-05-21 09:39:54,11364.0,50777
2021-05-21 09:39:55,11364.0,50777
2021-05-21 09:39:56,11362.75,50779
2021-05-21 09:39:57,11362.75,50779
2021-05-21 09:39:58,11361.95,50787
2021-05-21 09:39:59,11361.95,50787
2021-05-21 09:40:00,11358.1,50845
2021-05-21 09:40:01,11360.0,50849
2021-05-21 09:40:02,11363.6,50900
2021-05-21 09:40:03,11362.35,50903
2021-05-21 09:40:04,11360.0,50988
2021-05-21 09:40:05,11360.0,50989
2021-05-21 09:40:07,11360.0,50991
2021-05-21 09:40:06,11360.0,50989
2021-05-21 09:40:08,11359.25,51022
2021-05-21 09:40:09,11359.25,51022
2021-05-21 09:40:10,11359.25,51022
2021-05-21 09:40:11,11359.6,51103
2021-05-21 09:40:12,11359.95,51105
2021-05-21 09:40:13,11360.0,51147
2021-05-21 09:40:14,11359.85,51155
2021-05-21 09:40:15,11357.45,51156
2021-05-21 09:40:16,11359.8,51157
2021-05-21 09:40:17,11355.2,51167
2021-05-21 09:40:19,11355.2,51222
2021-05-21 09:40:20,11359.8,51223
2021-05-21 09:40:21,11359.6,51239
2021-05-21 09:40:22,11359.6,51239
2021-05-21 09:40:23,11360.0,51250
2021-05-21 09:40:24,11360.0,51254
2021-05-21 09:40:25,11360.0,51254
2021-05-21 09:40:26,11359.55,51264
2021-05-21 09:40:27,11359.25,51266
2021-05-21 09:40:28,11359.25,51266
2021-05-21 09:40:29,11359.25,51266
2021-05-21 09:40:30,11359.55,51270
2021-05-21 09:40:31,11359.25,51272
2021-05-21 09:40:32,11363.75,51951
2021-05-21 09:40:33,11362.55,51956
2021-05-21 09:40:34,11362.55,51958
2021-05-21 09:40:35,11362.55,51958
2021-05-21 09:40:36,11367.6,52354
2021-05-21 09:40:37,11366.6,52359
2021-05-21 09:40:38,11368.0,52360
2021-05-21 09:40:39,11366.6,52384
2021-05-21 09:40:40,11366.55,52398
2021-05-21 09:40:41,11366.55,52398
2021-05-21 09:40:42,11368.0,52418
2021-05-21 09:40:44,11368.0,52430
2021-05-21 09:40:43,11368.0,52430
2021-05-21 09:40:45,11366.55,52440
2021-05-21 09:40:46,11366.55,52440
2021-05-21 09:40:48,11366.55,52460
2021-05-21 09:40:49,11365.2,52490
2021-05-21 09:40:50,11368.0,52540
2021-05-21 09:40:51,11368.0,52540
2021-05-21 09:40:52,11368.0,52540
2021-05-21 09:40:53,11368.0,52540
2021-05-21 09:40:54,11368.0,52540
2021-05-21 09:40:55,11368.0,52544
2021-05-21 09:40:56,11367.25,52547
2021-05-21 09:40:57,11364.4,52552
2021-05-21 09:40:58,11364.4,52552
2021-05-21 09:40:59,11362.85,52559
2021-05-21 09:41:01,11362.85,52570
2021-05-21 09:41:02,11363.6,52572
2021-05-21 09:41:03,11363.35,52577
2021-05-21 09:41:04,11363.35,52577
2021-05-21 09:41:05,11362.35,52579
2021-05-21 09:41:07,11362.35,52579
2021-05-21 09:41:08,11363.65,52582
2021-05-21 09:41:09,11367.75,52584
2021-05-21 09:41:10,11362.85,52601
2021-05-21 09:41:11,11362.85,52601
2021-05-21 09:41:12,11362.85,52601
2021-05-21 09:41:12,11367.75,52602
2021-05-21 09:41:14,11367.75,52602
2021-05-21 09:41:14,11367.75,52602
2021-05-21 09:41:15,11367.75,52602
2021-05-21 09:41:16,11367.75,52612
2021-05-21 09:41:17,11367.75,52612
2021-05-21 09:41:18,11367.75,52618
2021-05-21 09:41:19,11368.0,52668
2021-05-21 09:41:20,11368.0,52668
2021-05-21 09:41:21,11368.0,52668
2021-05-21 09:41:22,11367.75,52670
2021-05-21 09:41:23,11365.55,52673
2021-05-21 09:41:24,11365.55,52673
2021-05-21 09:41:26,11363.1,52675
2021-05-21 09:41:27,11363.1,52675
2021-05-21 09:41:28,11365.55,52676
2021-05-21 09:41:29,11365.55,52676
2021-05-21 09:41:30,11365.55,52678
2021-05-21 09:41:30,11363.2,52679
2021-05-21 09:41:32,11363.2,52679
2021-05-21 09:41:33,11363.2,52679
2021-05-21 09:41:33,11363.2,52679
2021-05-21 09:41:34,11365.55,52680
2021-05-21 09:41:36,11365.55,52680
2021-05-21 09:41:37,11365.0,52683
2021-05-21 09:41:38,11365.0,52683
2021-05-21 09:41:39,11364.1,52684
2021-05-21 09:41:40,11364.95,52686
2021-05-21 09:41:42,11367.75,52830
2021-05-21 09:41:42,11367.7,52844
2021-05-21 09:41:44,11367.7,52844
2021-05-21 09:41:45,11367.7,52844
2021-05-21 09:41:45,11367.7,52844
2021-05-21 09:41:46,11367.7,52844
2021-05-21 09:41:47,11367.7,52852
2021-05-21 09:41:48,11367.7,52852
2021-05-21 09:41:49,11364.9,52902
2021-05-21 09:41:50,11364.9,52902
2021-05-21 09:41:51,11364.9,52902
2021-05-21 09:41:52,11364.9,52902
2021-05-21 09:41:53,11364.9,52902
2021-05-21 09:41:54,11364.9,53007
2021-05-21 09:41:55,11365.95,53008
2021-05-21 09:41:57,11366.95,53010
2021-05-21 09:41:57,11365.95,53008
2021-05-21 09:41:58,11365.95,53015
2021-05-21 09:41:59,11365.95,53015
2021-05-21 09:42:00,11366.95,53018
2021-05-21 09:42:01,11366.95,53018
2021-05-21 09:42:03,11366.95,53018
2021-05-21 09:42:04,11363.6,53056
2021-05-21 09:42:05,11364.9,53059
2021-05-21 09:42:05,11364.9,53060
2021-05-21 09:42:07,11364.95,53070
2021-05-21 09:42:07,11364.95,53070
2021-05-21 09:42:08,11364.95,53070
2021-05-21 09:42:09,11364.3,53075
2021-05-21 09:42:10,11364.3,53075
2021-05-21 09:42:11,11364.95,53078
2021-05-21 09:42:12,11364.4,54382
2021-05-21 09:42:13,11365.7,55132
2021-05-21 09:42:14,11366.8,55133
2021-05-21 09:42:15,11366.8,55133
2021-05-21 09:42:16,11366.8,55133
2021-05-21 09:42:17,11366.8,55133
2021-05-21 09:42:18,11368.3,55143
2021-05-21 09:42:19,11368.3,55206
2021-05-21 09:42:20,11364.0,55227
2021-05-21 09:42:21,11368.3,55232
2021-05-21 09:42:22,11368.3,55232
2021-05-21 09:42:23,11368.3,55232
2021-05-21 09:42:24,11368.3,55242
2021-05-21 09:42:25,11368.3,55247
2021-05-21 09:42:26,11368.3,55248
2021-05-21 09:42:27,11366.0,55258
2021-05-21 09:42:28,11366.0,55258
2021-05-21 09:42:29,11366.0,55258
2021-05-21 09:42:30,11366.0,55298
2021-05-21 09:42:31,11366.0,55301
2021-05-21 09:42:32,11366.0,55301
2021-05-21 09:42:33,11366.0,55302
2021-05-21 09:42:34,11368.1,55304
2021-05-21 09:42:35,11367.85,55410
2021-05-21 09:42:36,11370.0,55535
2021-05-21 09:42:37,11366.9,55545
2021-05-21 09:42:39,11366.25,55561
2021-05-21 09:42:40,11366.25,55561
2021-05-21 09:42:40,11366.25,55586
2021-05-21 09:42:41,11371.45,55600
2021-05-21 09:42:42,11367.3,55606
2021-05-21 09:42:43,11367.3,55606
2021-05-21 09:42:44,11370.0,55607
2021-05-21 09:42:46,11369.65,55608
2021-05-21 09:42:47,11371.55,55660
2021-05-21 09:42:48,11371.55,55660
2021-05-21 09:42:49,11371.55,55660
2021-05-21 09:42:50,11370.15,55662
2021-05-21 09:42:51,11373.15,55667
2021-05-21 09:42:52,11373.15,55671
2021-05-21 09:42:53,11373.15,55671
2021-05-21 09:42:54,11373.15,55671
2021-05-21 09:42:55,11372.3,55676
2021-05-21 09:42:56,11371.15,55773
2021-05-21 09:42:58,11371.75,55775
2021-05-21 09:42:59,11371.75,55775
2021-05-21 09:43:00,11370.0,55783
2021-05-21 09:43:02,11366.15,55793
2021-05-21 09:43:03,11369.95,55797
2021-05-21 09:43:04,11369.95,55797
2021-05-21 09:43:05,11370.0,55812
2021-05-21 09:43:06,11370.0,55812
2021-05-21 09:43:07,11370.0,55812
2021-05-21 09:43:08,11369.05,55814
2021-05-21 09:43:09,11369.05,55814
2021-05-21 09:43:10,11367.65,55821
2021-05-21 09:43:11,11367.65,55821
2021-05-21 09:43:12,11366.5,55826
2021-05-21 09:43:13,11366.5,55826
2021-05-21 09:43:14,11366.5,55826
2021-05-21 09:43:15,11367.65,55827
2021-05-21 09:43:16,11367.65,55827
2021-05-21 09:43:17,11366.0,55829
2021-05-21 09:43:18,11366.0,55829
2021-05-21 09:43:19,11366.15,55830
2021-05-21 09:43:20,11366.15,55830
2021-05-21 09:43:21,11366.15,55840
2021-05-21 09:43:23,11366.15,55840
2021-05-21 09:43:24,11366.0,55868
2021-05-21 09:43:25,11367.65,55874
2021-05-21 09:43:26,11368.1,55879
2021-05-21 09:43:28,11368.1,55879
2021-05-21 09:43:29,11370.4,56138
2021-05-21 09:43:30,11371.15,56141
2021-05-21 09:43:30,11371.15,56141
2021-05-21 09:43:31,11371.15,56151
2021-05-21 09:43:32,11374.15,56153
2021-05-21 09:43:33,11371.15,56154
2021-05-21 09:43:34,11374.15,56155
2021-05-21 09:43:36,11372.65,56159
2021-05-21 09:43:37,11374.15,56182
2021-05-21 09:43:38,11374.15,56182
2021-05-21 09:43:39,11374.15,56186
2021-05-21 09:43:40,11374.0,56197
2021-05-21 09:43:41,11368.3,56208
2021-05-21 09:43:42,11374.0,56212
2021-05-21 09:43:43,11374.0,56212
2021-05-21 09:43:44,11374.0,56262
2021-05-21 09:43:47,11377.2,56391
2021-05-21 09:43:48,11378.0,56401
2021-05-21 09:43:49,11374.0,56421
2021-05-21 09:43:50,11372.65,56429
2021-05-21 09:43:50,11372.65,56429
2021-05-21 09:43:52,11378.0,56502
2021-05-21 09:43:53,11375.85,56505
2021-05-21 09:43:54,11375.85,56505
2021-05-21 09:43:55,11378.0,56542
2021-05-21 09:43:55,11378.0,56542
2021-05-21 09:43:57,11378.05,56549
2021-05-21 09:43:57,11378.05,56549
2021-05-21 09:43:58,11373.4,56550
2021-05-21 09:43:59,11379.55,56570
2021-05-21 09:44:00,11379.55,56570
2021-05-21 09:44:01,11377.0,56572
2021-05-21 09:44:02,11380.0,56823
2021-05-21 09:44:03,11377.1,56836
2021-05-21 09:44:04,11374.8,56849
2021-05-21 09:44:05,11374.8,56849
2021-05-21 09:44:06,11375.0,56854
2021-05-21 09:44:07,11375.0,56854
2021-05-21 09:44:08,11375.0,56854
2021-05-21 09:44:09,11375.0,56854
2021-05-21 09:44:10,11375.85,56855
2021-05-21 09:44:11,11377.0,56866
2021-05-21 09:44:12,11377.0,56874
2021-05-21 09:44:13,11377.0,56884
2021-05-21 09:44:14,11377.0,56906
2021-05-21 09:44:15,11375.0,56937
2021-05-21 09:44:16,11380.0,57187
2021-05-21 09:44:17,11378.6,57192
2021-05-21 09:44:18,11378.6,57192
2021-05-21 09:44:20,11380.0,57318
2021-05-21 09:44:21,11379.3,57383
2021-05-21 09:44:22,11380.9,57411
2021-05-21 09:44:23,11379.65,57421
2021-05-21 09:44:24,11379.65,57421
2021-05-21 09:44:24,11383.85,57427
2021-05-21 09:44:25,11384.75,57529
2021-05-21 09:44:26,11379.65,57558
2021-05-21 09:44:27,11385.0,57659
2021-05-21 09:44:28,11385.0,57677
2021-05-21 09:44:29,11383.7,57682
2021-05-21 09:44:30,11380.4,57697
2021-05-21 09:44:31,11379.6,57703
2021-05-21 09:44:32,11379.6,57703
2021-05-21 09:44:33,11379.6,57703
2021-05-21 09:44:35,11379.6,57703
2021-05-21 09:44:36,11379.6,57703
2021-05-21 09:44:36,11379.6,57703
2021-05-21 09:44:37,11384.0,57705
2021-05-21 09:44:38,11384.0,57705
2021-05-21 09:44:39,11384.0,57705
2021-05-21 09:44:40,11384.0,57725
2021-05-21 09:44:41,11382.0,57727
2021-05-21 09:44:42,11384.0,57736
2021-05-21 09:44:43,11384.0,57736
2021-05-21 09:44:44,11382.0,57737
2021-05-21 09:44:45,11384.0,57747
2021-05-21 09:44:46,11380.0,57780
2021-05-21 09:44:47,11380.0,57781
2021-05-21 09:44:48,11380.0,57781
2021-05-21 09:44:49,11382.0,57794
2021-05-21 09:44:50,11379.0,57799
2021-05-21 09:44:51,11380.0,57803
2021-05-21 09:44:52,11382.0,57806
2021-05-21 09:44:53,11380.0,57807
2021-05-21 09:44:54,11380.0,57814
2021-05-21 09:44:55,11381.95,57865
2021-05-21 09:44:56,11381.95,57868
2021-05-21 09:44:57,11381.95,57868
2021-05-21 09:44:58,11379.0,57870
2021-05-21 09:45:00,11381.95,57899
2021-05-21 09:45:01,11381.0,57913
2021-05-21 09:45:02,11382.0,57921
2021-05-21 09:45:03,11382.0,57921
2021-05-21 09:45:04,11381.0,57947
2021-05-21 09:45:05,11380.0,57957
2021-05-21 09:45:06,11382.0,57979
2021-05-21 09:45:06,11381.0,57981
2021-05-21 09:45:07,11382.0,58001
2021-05-21 09:45:08,11382.0,58001
2021-05-21 09:45:09,11382.0,58001
2021-05-21 09:45:10,11379.0,58051
2021-05-21 09:45:11,11382.0,58058
2021-05-21 09:45:12,11382.0,58058
2021-05-21 09:45:13,11382.0,58058
2021-05-21 09:45:15,11381.95,58065
2021-05-21 09:45:16,11381.95,58065
2021-05-21 09:45:17,11381.95,58065
2021-05-21 09:45:18,11381.95,58065
2021-05-21 09:45:19,11381.95,58065
2021-05-21 09:45:20,11381.95,58065
2021-05-21 09:45:20,11382.0,58066
2021-05-21 09:45:22,11380.05,58069
2021-05-21 09:45:23,11381.0,58070
2021-05-21 09:45:24,11382.0,58100
2021-05-21 09:45:25,11382.0,58100
2021-05-21 09:45:26,11380.55,58105
2021-05-21 09:45:27,11380.55,58105
2021-05-21 09:45:29,11380.55,58105
2021-05-21 09:45:30,11381.95,58121
2021-05-21 09:45:31,11377.35,58172
2021-05-21 09:45:32,11379.65,58173
2021-05-21 09:45:33,11379.65,58173
2021-05-21 09:45:34,11377.2,58183
2021-05-21 09:45:35,11377.2,58183
2021-05-21 09:45:36,11377.2,58198
2021-05-21 09:45:37,11377.2,58198
2021-05-21 09:45:37,11377.2,58198
2021-05-21 09:45:38,11377.2,58198
2021-05-21 09:45:40,11380.5,58234
2021-05-21 09:45:41,11379.75,58360
2021-05-21 09:45:42,11379.75,58360
2021-05-21 09:45:43,11381.95,58365
2021-05-21 09:45:44,11377.0,58401
2021-05-21 09:45:45,11378.5,58403
2021-05-21 09:45:46,11377.0,58405
2021-05-21 09:45:47,11380.0,58406
2021-05-21 09:45:48,11380.0,58406
2021-05-21 09:45:49,11377.0,58434
2021-05-21 09:45:50,11380.0,58446
2021-05-21 09:45:51,11378.05,58501
2021-05-21 09:45:52,11376.1,58517
2021-05-21 09:45:55,11376.1,58569
2021-05-21 09:45:56,11377.0,58587
2021-05-21 09:45:57,11377.0,58587
2021-05-21 09:45:58,11377.0,58598
2021-05-21 09:46:00,11382.0,58731
2021-05-21 09:46:00,11382.0,58731
2021-05-21 09:46:01,11380.35,58735
2021-05-21 09:46:02,11383.0,58736
2021-05-21 09:46:03,11380.35,58738
2021-05-21 09:46:04,11380.35,58739
2021-05-21 09:46:05,11380.35,58740
2021-05-21 09:46:06,11377.85,58750
2021-05-21 09:46:07,11377.85,58750
2021-05-21 09:46:08,11381.65,58755
2021-05-21 09:46:09,11381.65,58755
2021-05-21 09:46:10,11381.65,58757
2021-05-21 09:46:11,11378.25,58758
2021-05-21 09:46:12,11382.9,58763
2021-05-21 09:46:13,11382.9,58763
2021-05-21 09:46:14,11379.05,58764
2021-05-21 09:46:16,11380.0,58777
2021-05-21 09:46:17,11380.0,58777
2021-05-21 09:46:18,11380.0,58777
2021-05-21 09:46:19,11380.0,58786
2021-05-21 09:46:20,11377.15,58790
2021-05-21 09:46:21,11377.0,58806
2021-05-21 09:46:22,11377.0,58806
2021-05-21 09:46:23,11377.0,58806
2021-05-21 09:46:24,11377.0,58806
2021-05-21 09:46:26,11377.0,58806
2021-05-21 09:46:27,11379.05,58831
2021-05-21 09:46:28,11381.0,58832
2021-05-21 09:46:29,11381.0,58832
2021-05-21 09:46:30,11381.0,58832
2021-05-21 09:46:31,11380.0,58833
2021-05-21 09:46:32,11380.0,58833
2021-05-21 09:46:33,11377.2,58888
2021-05-21 09:46:34,11380.2,58890
2021-05-21 09:46:35,11380.2,58890
2021-05-21 09:46:35,11380.2,58890
2021-05-21 09:46:36,11380.0,58900
2021-05-21 09:46:37,11380.0,58904
2021-05-21 09:46:38,11381.0,58908
2021-05-21 09:46:39,11377.05,58909
2021-05-21 09:46:40,11380.0,58922
2021-05-21 09:46:41,11382.85,60580
2021-05-21 09:46:42,11380.5,60587
2021-05-21 09:46:44,11380.95,60666
2021-05-21 09:46:45,11378.5,60773
2021-05-21 09:46:46,11376.95,60778
2021-05-21 09:46:48,11379.1,60794
2021-05-21 09:46:49,11377.4,60795
2021-05-21 09:46:50,11380.0,60800
2021-05-21 09:46:51,11373.4,60965
2021-05-21 09:46:52,11373.4,60965
2021-05-21 09:46:53,11375.7,60984
2021-05-21 09:46:54,11375.7,60984
2021-05-21 09:46:55,11373.45,60994
2021-05-21 09:46:56,11373.45,60994
2021-05-21 09:46:58,11375.7,60996
2021-05-21 09:46:59,11375.7,61001
2021-05-21 09:47:00,11379.05,61010
2021-05-21 09:47:01,11375.7,61019
2021-05-21 09:47:02,11375.7,61019
2021-05-21 09:47:03,11375.7,61044
2021-05-21 09:47:04,11375.7,61044
2021-05-21 09:47:05,11375.7,61044
2021-05-21 09:47:06,11375.7,61044
2021-05-21 09:47:07,11375.7,61044
2021-05-21 09:47:08,11376.9,61050
2021-05-21 09:47:09,11375.7,61060
2021-05-21 09:47:09,11375.7,61060
2021-05-21 09:47:10,11375.7,61115
2021-05-21 09:47:11,11373.4,61121
2021-05-21 09:47:13,11374.55,61122
2021-05-21 09:47:14,11374.55,61122
2021-05-21 09:47:15,11374.55,61122
2021-05-21 09:47:16,11374.55,61122
2021-05-21 09:47:16,11374.55,61122
2021-05-21 09:47:18,11374.55,61122
2021-05-21 09:47:18,11374.55,61122
2021-05-21 09:47:19,11374.55,61133
2021-05-21 09:47:20,11373.4,61149
2021-05-21 09:47:21,11373.6,61151
2021-05-21 09:47:23,11374.55,61152
2021-05-21 09:47:26,11370.0,61245
2021-05-21 09:47:27,11372.0,61246
2021-05-21 09:47:28,11370.0,61277
2021-05-21 09:47:29,11371.95,61278
2021-05-21 09:47:30,11371.95,61278
2021-05-21 09:47:31,11372.05,61279
2021-05-21 09:47:32,11370.0,61281
2021-05-21 09:47:33,11370.0,61281
2021-05-21 09:47:34,11370.0,61288
2021-05-21 09:47:34,11370.0,61288
2021-05-21 09:47:35,11372.0,61298
2021-05-21 09:47:37,11372.0,61298
2021-05-21 09:47:38,11372.0,61298
2021-05-21 09:47:39,11371.65,61299
2021-05-21 09:47:40,11372.0,61308
2021-05-21 09:47:41,11371.85,61311
2021-05-21 09:47:42,11370.35,61313
2021-05-21 09:47:43,11370.35,61313
2021-05-21 09:47:44,11370.35,61313
2021-05-21 09:47:45,11370.0,61323
2021-05-21 09:47:46,11371.95,61325
2021-05-21 09:47:46,11371.95,61325
2021-05-21 09:47:47,11370.0,61366
2021-05-21 09:47:48,11370.0,61366
2021-05-21 09:47:50,11370.0,61424
2021-05-21 09:47:51,11371.95,61480
2021-05-21 09:47:52,11371.0,61483
2021-05-21 09:47:53,11370.0,61501
2021-05-21 09:47:54,11370.35,61597
2021-05-21 09:47:55,11371.95,61628
2021-05-21 09:47:56,11371.95,61642
2021-05-21 09:47:57,11371.95,61642
2021-05-21 09:47:58,11372.0,61698
2021-05-21 09:47:59,11372.0,61701
2021-05-21 09:47:59,11372.0,61701
2021-05-21 09:48:00,11371.95,61702
2021-05-21 09:48:01,11371.95,61704
2021-05-21 09:48:02,11371.95,61712
2021-05-21 09:48:03,11371.95,61712
2021-05-21 09:48:04,11371.95,61727
2021-05-21 09:48:05,11371.95,61730
2021-05-21 09:48:06,11372.0,61733
2021-05-21 09:48:07,11372.0,61733
2021-05-21 09:48:09,11372.0,61743
2021-05-21 09:48:10,11372.0,61744
2021-05-21 09:48:11,11371.95,61745
2021-05-21 09:48:12,11371.95,61745
2021-05-21 09:48:13,11372.0,61748
2021-05-21 09:48:14,11371.95,61768
2021-05-21 09:48:15,11371.95,61773
2021-05-21 09:48:16,11371.95,61773
2021-05-21 09:48:17,11371.95,61796
2021-05-21 09:48:18,11371.5,61797
2021-05-21 09:48:19,11370.0,61838
2021-05-21 09:48:20,11368.85,62162
2021-05-21 09:48:21,11367.0,62171
2021-05-21 09:48:21,11367.0,62171
2021-05-21 09:48:22,11367.0,62171
2021-05-21 09:48:23,11367.0,62171
2021-05-21 09:48:24,11367.0,62171
2021-05-21 09:48:26,11367.0,62171
2021-05-21 09:48:27,11370.0,62175
2021-05-21 09:48:27,11367.0,62180
2021-05-21 09:48:29,11367.0,62180
2021-05-21 09:48:30,11367.0,62183
2021-05-21 09:48:31,11366.0,62185
2021-05-21 09:48:32,11366.0,62185
2021-05-21 09:48:33,11362.0,62216
2021-05-21 09:48:33,11365.55,62235
2021-05-21 09:48:34,11364.45,62236
2021-05-21 09:48:35,11364.45,62236
2021-05-21 09:48:36,11363.3,62243
2021-05-21 09:48:37,11365.6,62263
2021-05-21 09:48:38,11365.6,62263
2021-05-21 09:48:42,11364.45,62291
2021-05-21 09:48:43,11364.45,62311
2021-05-21 09:48:44,11360.0,62364
2021-05-21 09:48:45,11364.0,62369
2021-05-21 09:48:46,11356.85,62487
2021-05-21 09:48:47,11356.85,62487
2021-05-21 09:48:48,11356.85,62487
2021-05-21 09:48:49,11363.55,62489
2021-05-21 09:48:50,11357.2,62555
2021-05-21 09:48:51,11357.25,62575
2021-05-21 09:48:51,11357.25,62575
2021-05-21 09:48:54,11360.3,62586
2021-05-21 09:48:55,11360.3,62586
2021-05-21 09:48:56,11360.0,62661
2021-05-21 09:48:57,11360.0,62661
2021-05-21 09:48:58,11357.0,62673
2021-05-21 09:48:58,11357.0,62673
2021-05-21 09:48:59,11358.95,62727
2021-05-21 09:49:01,11355.5,62728
2021-05-21 09:49:02,11355.5,62728
2021-05-21 09:49:03,11358.65,62746
2021-05-21 09:49:04,11358.7,62756
2021-05-21 09:49:05,11358.7,62756
2021-05-21 09:49:06,11355.9,62757
2021-05-21 09:49:06,11355.9,62758
2021-05-21 09:49:08,11358.65,62768
2021-05-21 09:49:09,11357.3,62770
2021-05-21 09:49:10,11357.3,62770
2021-05-21 09:49:11,11352.6,62882
2021-05-21 09:49:12,11352.6,62882
2021-05-21 09:49:13,11355.3,62896
2021-05-21 09:49:14,11352.6,62901
2021-05-21 09:49:15,11352.6,62901
2021-05-21 09:49:15,11352.6,62901
2021-05-21 09:49:17,11352.6,62917
2021-05-21 09:49:18,11352.6,62917
2021-05-21 09:49:19,11352.6,62923
2021-05-21 09:49:20,11352.6,62933
2021-05-21 09:49:22,11354.3,63037
2021-05-21 09:49:23,11350.6,63045
2021-05-21 09:49:24,11352.6,63082
2021-05-21 09:49:25,11352.6,63082
2021-05-21 09:49:26,11355.0,63202
2021-05-21 09:49:27,11352.2,63232
2021-05-21 09:49:29,11352.0,63242
2021-05-21 09:49:30,11351.9,63256
2021-05-21 09:49:31,11357.05,63287
2021-05-21 09:49:32,11357.05,63287
2021-05-21 09:49:33,11357.05,63287
2021-05-21 09:49:35,11354.15,63289
2021-05-21 09:49:36,11354.15,63289
2021-05-21 09:49:37,11355.0,63293
2021-05-21 09:49:38,11353.5,63296
2021-05-21 09:49:39,11355.0,63297
2021-05-21 09:49:40,11355.0,63297
2021-05-21 09:49:41,11353.5,63298
2021-05-21 09:49:42,11353.5,63298
2021-05-21 09:49:43,11353.5,63298
2021-05-21 09:49:44,11353.5,63298
2021-05-21 09:49:45,11360.0,63451
2021-05-21 09:49:46,11357.5,63455
2021-05-21 09:49:47,11359.95,63456
2021-05-21 09:49:48,11357.5,63462
2021-05-21 09:49:49,11357.5,63462
2021-05-21 09:49:50,11353.5,63465
2021-05-21 09:49:51,11353.95,63476
2021-05-21 09:49:52,11353.95,63476
2021-05-21 09:49:54,11357.0,63480
2021-05-21 09:49:55,11357.0,63480
2021-05-21 09:49:56,11358.8,63511
2021-05-21 09:49:57,11358.8,63511
2021-05-21 09:49:58,11357.0,63515
2021-05-21 09:49:59,11357.0,63517
2021-05-21 09:50:00,11357.0,63517
2021-05-21 09:50:01,11353.7,63520
2021-05-21 09:50:03,11357.0,63523
2021-05-21 09:50:04,11357.0,63523
2021-05-21 09:50:05,11357.0,63523
2021-05-21 09:50:06,11357.0,63523
2021-05-21 09:50:07,11357.0,63523
2021-05-21 09:50:08,11357.0,63523
2021-05-21 09:50:09,11357.0,63543
2021-05-21 09:50:10,11357.0,63547
2021-05-21 09:50:11,11354.0,63550
2021-05-21 09:50:12,11357.0,63551
2021-05-21 09:50:13,11357.0,63551
2021-05-21 09:50:14,11355.0,63552
2021-05-21 09:50:15,11353.0,63595
2021-05-21 09:50:17,11353.0,63595
2021-05-21 09:50:18,11357.45,63967
2021-05-21 09:50:19,11357.45,63967
2021-05-21 09:50:20,11360.75,63969
2021-05-21 09:50:21,11360.75,63986
2021-05-21 09:50:22,11360.75,63986
2021-05-21 09:50:23,11363.95,63989
2021-05-21 09:50:24,11362.8,64004
2021-05-21 09:50:25,11362.8,64004
2021-05-21 09:50:26,11362.4,64005
2021-05-21 09:50:27,11365.0,64074
2021-05-21 09:50:28,11365.0,64074
2021-05-21 09:50:29,11365.0,64075
2021-05-21 09:50:30,11365.0,64075
2021-05-21 09:50:31,11363.7,64076
2021-05-21 09:50:32,11363.7,64079
2021-05-21 09:50:33,11363.7,64079
2021-05-21 09:50:34,11363.7,64079
2021-05-21 09:50:35,11360.0,64093
2021-05-21 09:50:37,11357.0,64095
2021-05-21 09:50:38,11357.0,64095
2021-05-21 09:50:39,11357.0,64106
2021-05-21 09:50:40,11357.0,64106
2021-05-21 09:50:41,11357.0,64108
2021-05-21 09:50:42,11357.0,64108
2021-05-21 09:50:43,11357.0,64129
2021-05-21 09:50:44,11357.0,64137
2021-05-21 09:50:45,11357.0,64137
2021-05-21 09:50:46,11357.0,64137
2021-05-21 09:50:47,11362.0,64187
2021-05-21 09:50:48,11360.2,64192
2021-05-21 09:50:49,11357.0,64197
2021-05-21 09:50:50,11357.0,64197
2021-05-21 09:50:51,11357.0,64198
2021-05-21 09:50:52,11357.0,64198
2021-05-21 09:50:53,11357.0,64198
2021-05-21 09:50:54,11357.0,64198
2021-05-21 09:50:55,11357.0,64198
2021-05-21 09:50:56,11360.0,64199
2021-05-21 09:50:57,11360.0,64199
2021-05-21 09:50:58,11357.0,64204
2021-05-21 09:50:59,11357.0,64209
2021-05-21 09:51:00,11359.5,64213
2021-05-21 09:51:01,11357.0,64340
2021-05-21 09:51:02,11365.2,64495
2021-05-21 09:51:04,11363.55,64505
2021-05-21 09:51:03,11363.55,64500
2021-05-21 09:51:05,11365.95,64507
2021-05-21 09:51:06,11365.95,64507
2021-05-21 09:51:07,11366.0,64509
2021-05-21 09:51:08,11366.0,64514
2021-05-21 09:51:09,11365.95,64520
2021-05-21 09:51:10,11365.95,64520
2021-05-21 09:51:11,11360.15,64521
2021-05-21 09:51:12,11365.95,64522
2021-05-21 09:51:13,11365.95,64522
2021-05-21 09:51:14,11366.8,64530
2021-05-21 09:51:15,11366.8,64530
2021-05-21 09:51:16,11366.8,64530
2021-05-21 09:51:17,11360.95,64555
2021-05-21 09:51:18,11360.95,64555
2021-05-21 09:51:19,11366.0,64575
2021-05-21 09:51:20,11366.0,64575
2021-05-21 09:51:21,11365.1,64576
2021-05-21 09:51:22,11365.1,64577
2021-05-21 09:51:23,11360.0,64582
2021-05-21 09:51:25,11365.15,64584
2021-05-21 09:51:26,11365.15,64584
2021-05-21 09:51:27,11363.0,64586
2021-05-21 09:51:28,11363.0,64586
2021-05-21 09:51:29,11363.0,64586
2021-05-21 09:51:30,11363.0,64586
2021-05-21 09:51:31,11363.0,64587
2021-05-21 09:51:32,11363.0,64587
2021-05-21 09:51:33,11363.0,64587
2021-05-21 09:51:34,11363.0,64587
2021-05-21 09:51:35,11363.0,64587
2021-05-21 09:51:36,11360.95,64589
2021-05-21 09:51:37,11360.95,64589
2021-05-21 09:51:38,11360.95,64589
2021-05-21 09:51:39,11360.95,64589
2021-05-21 09:51:40,11360.95,64589
2021-05-21 09:51:41,11360.0,64590
2021-05-21 09:51:42,11360.8,64593
2021-05-21 09:51:44,11360.25,64599
2021-05-21 09:51:44,11360.25,64599
2021-05-21 09:51:45,11360.25,64599
2021-05-21 09:51:46,11360.25,64599
2021-05-21 09:51:47,11361.1,64601
2021-05-21 09:51:48,11361.1,64601
2021-05-21 09:51:50,11363.1,64631
2021-05-21 09:51:51,11361.55,64632
2021-05-21 09:51:52,11361.55,64632
2021-05-21 09:51:54,11361.55,64632
2021-05-21 09:51:54,11361.55,64632
2021-05-21 09:51:55,11361.55,64632
2021-05-21 09:51:56,11361.55,64632
2021-05-21 09:51:57,11360.6,64634
2021-05-21 09:51:58,11360.6,64634
2021-05-21 09:52:00,11364.2,64659
2021-05-21 09:52:01,11362.4,64660
2021-05-21 09:52:02,11362.4,64660
2021-05-21 09:52:03,11363.1,64661
2021-05-21 09:52:04,11363.1,64661
2021-05-21 09:52:05,11363.1,64661
2021-05-21 09:52:06,11360.6,64666
2021-05-21 09:52:06,11362.0,64667
2021-05-21 09:52:07,11360.6,64688
2021-05-21 09:52:08,11360.6,64694
2021-05-21 09:52:09,11360.6,64694
2021-05-21 09:52:10,11360.6,64719
2021-05-21 09:52:11,11360.0,64721
2021-05-21 09:52:12,11360.0,64721
2021-05-21 09:52:13,11358.9,64743
2021-05-21 09:52:14,11358.5,64745
2021-05-21 09:52:15,11360.5,64755
2021-05-21 09:52:16,11360.5,64755
2021-05-21 09:52:18,11357.0,64760
2021-05-21 09:52:18,11357.0,64760
2021-05-21 09:52:19,11357.0,64760
2021-05-21 09:52:20,11357.0,64764
2021-05-21 09:52:21,11357.0,64775
2021-05-21 09:52:22,11357.0,64775
2021-05-21 09:52:23,11361.7,64777
2021-05-21 09:52:24,11361.7,64777
2021-05-21 09:52:25,11361.7,64777
2021-05-21 09:52:27,11361.7,64777
2021-05-21 09:52:28,11361.7,64777
2021-05-21 09:52:30,11361.7,64777
2021-05-21 09:52:30,11361.7,64777
2021-05-21 09:52:31,11360.6,64778
2021-05-21 09:52:32,11360.6,64778
2021-05-21 09:52:33,11360.6,64778
2021-05-21 09:52:34,11360.6,64778
2021-05-21 09:52:36,11360.6,64788
2021-05-21 09:52:37,11360.6,64788
2021-05-21 09:52:39,11360.6,64788
2021-05-21 09:52:40,11360.6,64788
2021-05-21 09:52:41,11360.6,64789
2021-05-21 09:52:42,11360.6,64828
2021-05-21 09:52:43,11360.6,64828
2021-05-21 09:52:44,11360.6,64828
2021-05-21 09:52:45,11360.6,64828
2021-05-21 09:52:46,11360.5,64860
2021-05-21 09:52:48,11360.5,64860
2021-05-21 09:52:49,11360.5,64860
2021-05-21 09:52:50,11360.5,64861
2021-05-21 09:52:51,11358.85,64987
2021-05-21 09:52:52,11360.6,64992
2021-05-21 09:52:53,11359.75,64998
2021-05-21 09:52:54,11357.1,65008
2021-05-21 09:52:55,11357.1,65008
2021-05-21 09:52:56,11360.0,65043
2021-05-21 09:52:57,11360.0,65043
2021-05-21 09:52:58,11355.2,65094
2021-05-21 09:52:59,11355.2,65094
2021-05-21 09:53:00,11355.2,65094
2021-05-21 09:53:01,11357.1,65095
2021-05-21 09:53:02,11357.1,65095
2021-05-21 09:53:04,11357.1,65096
2021-05-21 09:53:05,11353.4,65175
2021-05-21 09:53:06,11353.4,65175
2021-05-21 09:53:06,11353.4,65175
2021-05-21 09:53:07,11353.4,65175
2021-05-21 09:53:08,11353.4,65175
2021-05-21 09:53:09,11353.4,65175
2021-05-21 09:53:10,11353.4,65175
2021-05-21 09:53:11,11356.25,65176
2021-05-21 09:53:12,11356.25,65176
2021-05-21 09:53:14,11356.25,65179
2021-05-21 09:53:14,11356.25,65179
2021-05-21 09:53:15,11356.25,65179
2021-05-21 09:53:16,11356.25,65179
2021-05-21 09:53:17,11356.25,65179
2021-05-21 09:53:18,11356.25,65182
2021-05-21 09:53:19,11356.25,65182
2021-05-21 09:53:20,11356.25,65182
2021-05-21 09:53:21,11356.25,65184
2021-05-21 09:53:23,11353.0,65189
2021-05-21 09:53:24,11352.0,65249
2021-05-21 09:53:24,11352.0,65249
2021-05-21 09:53:25,11352.0,65249
2021-05-21 09:53:27,11352.0,65249
2021-05-21 09:53:27,11352.0,65249
2021-05-21 09:53:28,11355.0,65254
2021-05-21 09:53:29,11355.0,65257
2021-05-21 09:53:30,11355.0,65257
2021-05-21 09:53:32,11353.5,65258
2021-05-21 09:53:33,11355.0,65260
2021-05-21 09:53:33,11355.0,65260
2021-05-21 09:53:34,11355.0,65260
2021-05-21 09:53:35,11355.0,65260
2021-05-21 09:53:36,11355.0,65265
2021-05-21 09:53:37,11355.0,65306
2021-05-21 09:53:38,11355.0,65337
2021-05-21 09:53:39,11355.0,65337
2021-05-21 09:53:41,11352.0,65347
2021-05-21 09:53:42,11352.0,65355
2021-05-21 09:53:43,11352.0,65355
2021-05-21 09:53:44,11352.0,65355
2021-05-21 09:53:45,11355.0,65356
2021-05-21 09:53:46,11355.0,65356
2021-05-21 09:53:48,11355.0,65356
2021-05-21 09:53:49,11355.0,65427
2021-05-21 09:53:50,11355.0,65427
2021-05-21 09:53:51,11353.0,65428
2021-05-21 09:53:51,11353.0,65428
2021-05-21 09:53:52,11353.0,65430
2021-05-21 09:53:53,11353.0,65430
2021-05-21 09:53:54,11353.0,65430
2021-05-21 09:53:55,11354.8,65431
2021-05-21 09:53:57,11354.8,65431
2021-05-21 09:53:58,11354.8,65431
2021-05-21 09:53:59,11354.8,65434
2021-05-21 09:54:00,11353.2,65438
2021-05-21 09:54:01,11354.8,65769
2021-05-21 09:54:01,11354.8,65769
2021-05-21 09:54:02,11354.0,65786
2021-05-21 09:54:03,11354.0,65786
2021-05-21 09:54:04,11353.85,65787
2021-05-21 09:54:05,11353.85,65787
2021-05-21 09:54:07,11353.85,65787
2021-05-21 09:54:08,11353.85,65788
2021-05-21 09:54:09,11353.85,65791
2021-05-21 09:54:10,11353.85,65791
2021-05-21 09:54:10,11353.85,65791
2021-05-21 09:54:11,11353.85,65792
2021-05-21 09:54:12,11353.85,65792
2021-05-21 09:54:13,11353.85,65792
2021-05-21 09:54:15,11353.85,65792
2021-05-21 09:54:16,11353.85,65792
2021-05-21 09:54:16,11353.85,65792
2021-05-21 09:54:18,11354.0,65802
2021-05-21 09:54:19,11354.0,65802
2021-05-21 09:54:20,11353.85,65803
2021-05-21 09:54:22,11352.0,65816
2021-05-21 09:54:23,11352.0,65816
2021-05-21 09:54:23,11353.0,65817
2021-05-21 09:54:24,11353.85,65827
2021-05-21 09:54:25,11353.85,65827
2021-05-21 09:54:26,11353.8,66094
2021-05-21 09:54:28,11351.95,66107
2021-05-21 09:54:29,11353.65,66145
2021-05-21 09:54:30,11350.0,66190
2021-05-21 09:54:30,11352.65,66147
2021-05-21 09:54:31,11351.7,66226
2021-05-21 09:54:32,11353.4,66233
2021-05-21 09:54:33,11353.4,66233
2021-05-21 09:54:34,11353.4,66240
2021-05-21 09:54:36,11352.2,66246
2021-05-21 09:54:37,11353.4,66248
2021-05-21 09:54:37,11353.4,66248
2021-05-21 09:54:39,11351.0,66253
2021-05-21 09:54:41,11352.15,66286
2021-05-21 09:54:42,11352.15,66286
2021-05-21 09:54:43,11352.15,66286
2021-05-21 09:54:44,11353.4,66338
2021-05-21 09:54:45,11353.35,66490
2021-05-21 09:54:47,11351.0,66556
2021-05-21 09:54:48,11351.0,66565
2021-05-21 09:54:48,11351.0,66565
2021-05-21 09:54:49,11351.0,66565
2021-05-21 09:54:50,11351.05,66571
2021-05-21 09:54:52,11356.8,68077
2021-05-21 09:54:53,11356.8,68077
2021-05-21 09:54:54,11360.35,68084
2021-05-21 09:54:55,11360.35,68084
2021-05-21 09:54:55,11360.35,68084
2021-05-21 09:54:56,11378.95,69921
2021-05-21 09:54:57,11378.95,70051
2021-05-21 09:54:58,11378.95,70051
2021-05-21 09:55:00,11379.7,70059
2021-05-21 09:55:01,11379.35,70144
2021-05-21 09:55:02,11379.7,70400
2021-05-21 09:55:02,11379.7,70400
2021-05-21 09:55:03,11379.7,70409
2021-05-21 09:55:04,11379.7,70411
2021-05-21 09:55:05,11379.75,70476
2021-05-21 09:55:06,11379.75,70493
2021-05-21 09:55:08,11379.75,70493
2021-05-21 09:55:09,11380.7,70509
2021-05-21 09:55:09,11380.7,70509
2021-05-21 09:55:10,11380.75,70518
2021-05-21 09:55:11,11380.7,70527
2021-05-21 09:55:12,11380.7,70544
2021-05-21 09:55:14,11380.5,70684
2021-05-21 09:55:15,11376.4,70704
2021-05-21 09:55:16,11376.4,70704
2021-05-21 09:55:16,11376.4,70704
2021-05-21 09:55:17,11379.0,70714
2021-05-21 09:55:18,11376.4,70724
2021-05-21 09:55:19,11376.4,70724
2021-05-21 09:55:21,11374.1,70765
2021-05-21 09:55:22,11378.95,70791
2021-05-21 09:55:23,11376.55,70792
2021-05-21 09:55:24,11378.95,70793
2021-05-21 09:55:25,11378.95,70793
2021-05-21 09:55:26,11378.95,70793
2021-05-21 09:55:26,11378.95,70793
2021-05-21 09:55:27,11378.95,70793
2021-05-21 09:55:28,11378.95,70793
2021-05-21 09:55:30,11373.2,70802
2021-05-21 09:55:31,11371.6,70805
2021-05-21 09:55:32,11371.6,70805
2021-05-21 09:55:32,11371.6,70805
2021-05-21 09:55:33,11370.2,70811
2021-05-21 09:55:34,11373.6,70814
2021-05-21 09:55:35,11373.6,70814
2021-05-21 09:55:36,11373.6,70814
2021-05-21 09:55:38,11373.6,70814
2021-05-21 09:55:39,11373.6,70824
2021-05-21 09:55:40,11375.0,70927
2021-05-21 09:55:42,11370.05,70945
2021-05-21 09:55:43,11370.8,70947
2021-05-21 09:55:44,11368.6,70957
2021-05-21 09:55:45,11368.6,70957
2021-05-21 09:55:45,11368.6,70957
2021-05-21 09:55:46,11368.6,70957
2021-05-21 09:55:47,11373.3,70962
2021-05-21 09:55:48,11373.3,70966
2021-05-21 09:55:50,11373.3,70966
2021-05-21 09:55:50,11373.3,70966
2021-05-21 09:55:52,11368.0,70967
2021-05-21 09:55:53,11373.3,71019
2021-05-21 09:55:53,11373.3,71019
2021-05-21 09:55:54,11369.2,71044
2021-05-21 09:55:55,11369.2,71044
2021-05-21 09:55:57,11369.2,71044
2021-05-21 09:55:58,11369.2,71044
2021-05-21 09:55:59,11369.2,71044
2021-05-21 09:56:00,11369.2,71044
2021-05-21 09:56:01,11369.2,71049
2021-05-21 09:56:02,11369.2,71050
2021-05-21 09:56:03,11369.2,71050
2021-05-21 09:56:04,11369.2,71050
2021-05-21 09:56:05,11368.5,71064
2021-05-21 09:56:06,11368.5,71064
2021-05-21 09:56:07,11368.5,71064
2021-05-21 09:56:08,11370.9,71065
2021-05-21 09:56:08,11370.9,71065
2021-05-21 09:56:09,11370.9,71065
2021-05-21 09:56:11,11369.2,71066
2021-05-21 09:56:12,11374.2,71166
2021-05-21 09:56:13,11374.2,71166
2021-05-21 09:56:14,11374.2,71166
2021-05-21 09:56:15,11374.2,71166
2021-05-21 09:56:16,11368.0,71239
2021-05-21 09:56:17,11369.9,71243
2021-05-21 09:56:18,11369.9,71243
2021-05-21 09:56:19,11367.4,71260
2021-05-21 09:56:21,11369.85,71261
2021-05-21 09:56:22,11369.85,71261
2021-05-21 09:56:22,11369.85,71261
2021-05-21 09:56:23,11372.25,71271
2021-05-21 09:56:24,11372.25,71271
2021-05-21 09:56:25,11368.45,71284
2021-05-21 09:56:26,11368.45,71284
2021-05-21 09:56:27,11368.45,71284
2021-05-21 09:56:29,11368.45,71284
2021-05-21 09:56:30,11368.45,71284
2021-05-21 09:56:31,11367.5,71286
2021-05-21 09:56:32,11367.5,71286
2021-05-21 09:56:33,11367.5,71286
2021-05-21 09:56:34,11367.5,71286
2021-05-21 09:56:35,11367.5,71286
2021-05-21 09:56:36,11367.5,71289
2021-05-21 09:56:37,11367.5,71289
2021-05-21 09:56:38,11367.5,71289
2021-05-21 09:56:39,11367.5,71289
2021-05-21 09:56:40,11367.5,71289
2021-05-21 09:56:41,11365.45,71290
2021-05-21 09:56:41,11365.45,71290
2021-05-21 09:56:42,11364.4,71301
2021-05-21 09:56:43,11364.4,71301
2021-05-21 09:56:46,11360.4,71393
2021-05-21 09:56:47,11366.85,71398
2021-05-21 09:56:48,11366.85,71398
2021-05-21 09:56:49,11366.85,71398
2021-05-21 09:56:50,11366.85,71400
2021-05-21 09:56:51,11366.85,71405
2021-05-21 09:56:52,11366.85,71405
2021-05-21 09:56:54,11360.15,71432
2021-05-21 09:56:56,11366.55,71438
2021-05-21 09:56:57,11366.55,71438
2021-05-21 09:56:58,11365.0,71439
2021-05-21 09:57:00,11365.45,71466
2021-05-21 09:57:01,11363.2,71467
2021-05-21 09:57:02,11365.45,71468
2021-05-21 09:57:02,11365.45,71468
2021-05-21 09:57:03,11365.45,71468
2021-05-21 09:57:04,11365.45,71468
2021-05-21 09:57:07,11365.45,71469
2021-05-21 09:57:08,11365.45,71469
2021-05-21 09:57:09,11365.45,71487
2021-05-21 09:57:10,11365.45,71489
2021-05-21 09:57:11,11365.45,71491
2021-05-21 09:57:11,11365.45,71491
2021-05-21 09:57:12,11367.5,71788
2021-05-21 09:57:13,11371.95,71812
2021-05-21 09:57:14,11370.15,71819
2021-05-21 09:57:15,11370.15,71819
2021-05-21 09:57:17,11370.3,71820
2021-05-21 09:57:18,11371.65,71997
2021-05-21 09:57:19,11372.95,72005
2021-05-21 09:57:20,11372.0,72009
2021-05-21 09:57:21,11372.95,72010
2021-05-21 09:57:22,11375.0,72040
2021-05-21 09:57:22,11375.0,72040
2021-05-21 09:57:23,11375.0,72045
2021-05-21 09:57:24,11375.0,72045
2021-05-21 09:57:26,11379.0,72098
2021-05-21 09:57:27,11379.0,72098
2021-05-21 09:57:29,11379.0,72098
2021-05-21 09:57:30,11379.0,72098
2021-05-21 09:57:31,11376.0,72102
2021-05-21 09:57:32,11376.0,72102
2021-05-21 09:57:33,11380.35,72398
2021-05-21 09:57:34,11379.0,72413
2021-05-21 09:57:35,11379.0,72541
2021-05-21 09:57:36,11379.0,72550
2021-05-21 09:57:36,11379.0,72550
2021-05-21 09:57:37,11391.7,74181
2021-05-21 09:57:39,11397.85,74464
2021-05-21 09:57:40,11397.85,74466
2021-05-21 09:57:41,11397.85,74475
2021-05-21 09:57:42,11397.85,74481
2021-05-21 09:57:42,11397.85,74481
2021-05-21 09:57:43,11397.85,74498
2021-05-21 09:57:44,11398.0,74500
2021-05-21 09:57:45,11398.15,74554
2021-05-21 09:57:47,11405.55,76281
2021-05-21 09:57:48,11401.2,76488
2021-05-21 09:57:49,11401.0,76538
2021-05-21 09:57:50,11406.7,76583
2021-05-21 09:57:51,11404.05,76594
2021-05-21 09:57:52,11403.95,76596
2021-05-21 09:57:53,11403.95,76596
2021-05-21 09:57:54,11401.35,76651
2021-05-21 09:57:55,11405.55,76667
2021-05-21 09:57:56,11406.65,76796
2021-05-21 09:57:57,11409.7,76852
2021-05-21 09:57:58,11409.7,76852
2021-05-21 09:57:59,11407.1,76853
2021-05-21 09:57:59,11405.55,76939
2021-05-21 09:58:01,11405.55,76975
2021-05-21 09:58:02,11408.95,76977
2021-05-21 09:58:05,11408.95,77155
2021-05-21 09:58:06,11408.95,77155
2021-05-21 09:58:07,11409.0,77242
2021-05-21 09:58:08,11409.0,77242
2021-05-21 09:58:09,11409.0,77242
2021-05-21 09:58:10,11408.0,77279
2021-05-21 09:58:12,11408.0,77287
2021-05-21 09:58:12,11408.75,77297
2021-05-21 09:58:13,11406.7,77317
2021-05-21 09:58:14,11408.95,77338
2021-05-21 09:58:16,11406.7,77356
2021-05-21 09:58:17,11403.4,77365
2021-05-21 09:58:18,11407.6,77401
2021-05-21 09:58:19,11401.0,77425
2021-05-21 09:58:19,11401.0,77425
2021-05-21 09:58:21,11403.45,77429
2021-05-21 09:58:22,11403.45,77429
2021-05-21 09:58:23,11404.9,77442
2021-05-21 09:58:24,11404.9,77590
2021-05-21 09:58:25,11404.9,77590
2021-05-21 09:58:26,11408.0,77592
2021-05-21 09:58:26,11408.0,77592
2021-05-21 09:58:28,11404.9,77620
2021-05-21 09:58:29,11404.9,77625
2021-05-21 09:58:30,11404.9,77628
2021-05-21 09:58:31,11404.9,77646
2021-05-21 09:58:31,11404.9,77646
2021-05-21 09:58:33,11404.9,77656
2021-05-21 09:58:34,11404.9,77657
2021-05-21 09:58:35,11404.9,77662
2021-05-21 09:58:37,11404.9,77690
2021-05-21 09:58:37,11404.9,77690
2021-05-21 09:58:39,11408.9,77898
2021-05-21 09:58:40,11402.8,77916
2021-05-21 09:58:41,11404.9,77917
2021-05-21 09:58:42,11402.0,77919
2021-05-21 09:58:43,11402.0,77922
2021-05-21 09:58:44,11402.0,77922
2021-05-21 09:58:45,11402.0,77922
2021-05-21 09:58:46,11406.8,77963
2021-05-21 09:58:47,11407.15,77970
2021-05-21 09:58:48,11407.15,77970
2021-05-21 09:58:49,11407.15,77970
2021-05-21 09:58:50,11401.1,77980
2021-05-21 09:58:51,11404.05,77981
2021-05-21 09:58:52,11406.5,77983
2021-05-21 09:58:53,11406.5,77983
2021-05-21 09:58:53,11406.5,77983
2021-05-21 09:58:54,11402.0,77993
2021-05-21 09:58:56,11404.95,78022
2021-05-21 09:58:57,11404.95,78022
2021-05-21 09:58:58,11402.0,78065
2021-05-21 09:58:59,11402.0,78065
2021-05-21 09:58:59,11402.0,78065
2021-05-21 09:59:00,11404.95,78073
2021-05-21 09:59:02,11404.95,78077
2021-05-21 09:59:02,11404.0,78177
2021-05-21 09:59:04,11404.0,78178
2021-05-21 09:59:05,11404.0,78183
2021-05-21 09:59:06,11400.0,78257
2021-05-21 09:59:07,11404.95,78283
2021-05-21 09:59:08,11404.85,78284
2021-05-21 09:59:09,11400.0,78406
2021-05-21 09:59:10,11401.5,78442
2021-05-21 09:59:11,11400.0,78445
2021-05-21 09:59:11,11400.0,78445
2021-05-21 09:59:13,11400.05,78459
2021-05-21 09:59:14,11405.1,79163
2021-05-21 09:59:15,11408.55,79180
2021-05-21 09:59:16,11408.55,79180
2021-05-21 09:59:17,11408.55,79180
2021-05-21 09:59:17,11408.55,79180
2021-05-21 09:59:18,11410.25,79181
2021-05-21 09:59:19,11410.25,79181
2021-05-21 09:59:21,11405.1,79201
2021-05-21 09:59:22,11408.0,79226
2021-05-21 09:59:23,11408.0,79226
2021-05-21 09:59:24,11408.0,79226
2021-05-21 09:59:24,11408.0,79226
2021-05-21 09:59:25,11404.4,79229
2021-05-21 09:59:26,11408.0,79310
2021-05-21 09:59:28,11404.75,79319
2021-05-21 09:59:29,11404.75,79319
2021-05-21 09:59:30,11404.75,79319
2021-05-21 09:59:31,11408.0,79325
2021-05-21 09:59:31,11404.75,79321
2021-05-21 09:59:33,11408.0,79330
2021-05-21 09:59:34,11406.4,79334
2021-05-21 09:59:35,11408.0,79337
2021-05-21 09:59:36,11408.0,79337
2021-05-21 09:59:37,11408.0,79337
2021-05-21 09:59:38,11408.0,79337
2021-05-21 09:59:38,11405.0,79338
2021-05-21 09:59:39,11405.0,79338
2021-05-21 09:59:41,11404.0,79348
2021-05-21 09:59:42,11407.6,79351
2021-05-21 09:59:43,11407.6,79351
2021-05-21 09:59:44,11400.0,79669
2021-05-21 09:59:45,11400.0,79669
2021-05-21 09:59:46,11405.0,79674
2021-05-21 09:59:47,11405.0,79674
2021-05-21 09:59:48,11405.0,79684
2021-05-21 09:59:48,11405.0,79684
2021-05-21 09:59:50,11405.0,79700
2021-05-21 09:59:51,11405.0,79714
2021-05-21 09:59:52,11405.0,79714
2021-05-21 09:59:53,11405.0,79714
2021-05-21 09:59:54,11404.3,79771
2021-05-21 09:59:55,11401.15,79772
2021-05-21 09:59:56,11401.15,79772
2021-05-21 09:59:56,11401.15,79772
2021-05-21 09:59:58,11404.3,79777
2021-05-21 09:59:59,11399.9,79810
2021-05-21 10:00:00,11404.95,79818
2021-05-21 10:00:01,11403.7,79827
2021-05-21 10:00:02,11404.85,79837
2021-05-21 10:00:03,11403.7,79967
2021-05-21 10:00:04,11407.55,80100
2021-05-21 10:00:05,11406.75,80101
2021-05-21 10:00:06,11405.25,80106
2021-05-21 10:00:07,11407.95,80186
2021-05-21 10:00:08,11409.0,80467
2021-05-21 10:00:09,11409.0,80474
2021-05-21 10:00:10,11409.0,80484
2021-05-21 10:00:11,11406.1,80500
2021-05-21 10:00:12,11406.1,80500
2021-05-21 10:00:13,11406.1,80500
2021-05-21 10:00:14,11406.1,80500
2021-05-21 10:00:15,11409.0,80510
2021-05-21 10:00:16,11406.75,80516
2021-05-21 10:00:17,11408.0,80517
2021-05-21 10:00:18,11406.75,80528
2021-05-21 10:00:19,11406.75,80528
2021-05-21 10:00:20,11406.75,80568
2021-05-21 10:00:21,11407.15,80569
2021-05-21 10:00:22,11407.55,80570
2021-05-21 10:00:23,11407.0,80576
2021-05-21 10:00:25,11407.0,80578
2021-05-21 10:00:26,11407.0,80578
2021-05-21 10:00:27,11406.75,80593
2021-05-21 10:00:28,11406.1,80610
2021-05-21 10:00:29,11406.1,80610
2021-05-21 10:00:30,11404.2,80634
2021-05-21 10:00:31,11405.1,80637
2021-05-21 10:00:32,11405.1,80637
2021-05-21 10:00:33,11406.75,80649
2021-05-21 10:00:34,11406.75,80654
2021-05-21 10:00:35,11409.35,80904
2021-05-21 10:00:36,11407.35,80917
2021-05-21 10:00:37,11404.2,81220
2021-05-21 10:00:38,11407.0,81271
2021-05-21 10:00:39,11407.0,81271
2021-05-21 10:00:40,11405.8,81279
2021-05-21 10:00:41,11404.05,81284
2021-05-21 10:00:42,11404.05,81298
2021-05-21 10:00:43,11404.05,81298
2021-05-21 10:00:44,11400.6,81325
2021-05-21 10:00:45,11405.0,81330
2021-05-21 10:00:46,11401.3,81331
2021-05-21 10:00:47,11401.3,81331
2021-05-21 10:00:48,11401.3,81331
2021-05-21 10:00:49,11400.6,81335
2021-05-21 10:00:50,11400.0,81395
2021-05-21 10:00:51,11401.0,81397
2021-05-21 10:00:52,11401.0,81397
2021-05-21 10:00:53,11400.05,81403
2021-05-21 10:00:54,11400.05,81403
2021-05-21 10:00:55,11402.0,81408
2021-05-21 10:00:56,11402.0,81408
2021-05-21 10:00:57,11400.0,81411
2021-05-21 10:00:58,11398.0,81587
2021-05-21 10:01:00,11399.0,81589
2021-05-21 10:01:01,11395.7,81591
2021-05-21 10:01:02,11399.05,81601
2021-05-21 10:01:03,11394.0,81801
2021-05-21 10:01:04,11399.05,81805
2021-05-21 10:01:05,11397.1,81812
2021-05-21 10:01:06,11397.1,81812
2021-05-21 10:01:07,11394.6,81822
2021-05-21 10:01:08,11394.6,81822
2021-05-21 10:01:09,11394.6,81822
2021-05-21 10:01:10,11392.5,81873
2021-05-21 10:01:11,11396.45,81874
2021-05-21 10:01:12,11395.0,81877
2021-05-21 10:01:13,11397.7,81881
2021-05-21 10:01:14,11389.4,82423
2021-05-21 10:01:16,11391.8,82434
2021-05-21 10:01:17,11391.8,82434
2021-05-21 10:01:18,11391.8,82437
2021-05-21 10:01:19,11394.0,82442
2021-05-21 10:01:20,11394.0,82456
2021-05-21 10:01:21,11390.2,82498
2021-05-21 10:01:22,11390.2,82498
2021-05-21 10:01:24,11390.2,82498
2021-05-21 10:01:23,11390.2,82498
2021-05-21 10:01:25,11394.0,82502
2021-05-21 10:01:26,11391.55,82508
2021-05-21 10:01:27,11388.1,82550
2021-05-21 10:01:28,11388.1,82550
2021-05-21 10:01:29,11388.1,82550
2021-05-21 10:01:30,11388.1,82550
2021-05-21 10:01:32,11390.0,82557
2021-05-21 10:01:33,11388.1,82564
2021-05-21 10:01:34,11388.05,82565
2021-05-21 10:01:35,11388.05,82565
2021-05-21 10:01:36,11391.6,82665
2021-05-21 10:01:37,11388.05,82672
2021-05-21 10:01:38,11388.05,82672
2021-05-21 10:01:39,11390.0,82673
2021-05-21 10:01:41,11389.8,82697
2021-05-21 10:01:42,11389.8,82698
2021-05-21 10:01:43,11384.15,82718
2021-05-21 10:01:44,11384.15,82718
2021-05-21 10:01:45,11384.15,82718
2021-05-21 10:01:46,11389.8,82719
2021-05-21 10:01:47,11389.0,82724
2021-05-21 10:01:48,11389.0,82753
2021-05-21 10:01:49,11389.0,82753
2021-05-21 10:01:50,11389.0,82753
2021-05-21 10:01:51,11384.5,82756
2021-05-21 10:01:52,11384.5,82756
2021-05-21 10:01:53,11384.5,82756
2021-05-21 10:01:54,11389.75,82757
2021-05-21 10:01:55,11389.75,82757
2021-05-21 10:01:56,11384.9,82765
2021-05-21 10:01:57,11389.75,82780
2021-05-21 10:01:58,11389.75,82780
2021-05-21 10:01:59,11389.95,82805
2021-05-21 10:02:00,11389.95,82805
2021-05-21 10:02:01,11392.05,83059
2021-05-21 10:02:02,11393.95,83060
2021-05-21 10:02:03,11393.95,83060
2021-05-21 10:02:04,11391.85,83110
2021-05-21 10:02:05,11391.85,83110
2021-05-21 10:02:06,11391.85,83110
2021-05-21 10:02:07,11391.85,83110
2021-05-21 10:02:08,11391.85,83110
2021-05-21 10:02:09,11393.95,83112
2021-05-21 10:02:10,11393.95,83113
2021-05-21 10:02:11,11391.9,83114
2021-05-21 10:02:12,11393.05,83182
2021-05-21 10:02:13,11399.0,83214
2021-05-21 10:02:15,11399.0,83217
2021-05-21 10:02:15,11395.05,83219
2021-05-21 10:02:16,11395.05,83219
2021-05-21 10:02:17,11395.05,83219
2021-05-21 10:02:18,11399.0,83224
2021-05-21 10:02:19,11399.0,83224
2021-05-21 10:02:20,11399.0,83230
2021-05-21 10:02:22,11399.0,83232
2021-05-21 10:02:22,11399.0,83232
2021-05-21 10:02:23,11394.4,83246
2021-05-21 10:02:24,11399.0,83256
2021-05-21 10:02:25,11399.0,83256
2021-05-21 10:02:26,11399.0,83256
2021-05-21 10:02:27,11399.0,83256
2021-05-21 10:02:28,11395.0,83262
2021-05-21 10:02:29,11394.5,83263
2021-05-21 10:02:31,11393.95,83264
2021-05-21 10:02:31,11393.95,83264
2021-05-21 10:02:34,11395.05,83265
2021-05-21 10:02:34,11395.05,83265
2021-05-21 10:02:35,11390.25,83289
2021-05-21 10:02:36,11390.25,83289
2021-05-21 10:02:38,11388.45,83292
2021-05-21 10:02:38,11388.45,83292
2021-05-21 10:02:40,11394.55,83314
2021-05-21 10:02:41,11389.2,83317
2021-05-21 10:02:42,11395.05,83367
2021-05-21 10:02:43,11395.05,83367
2021-05-21 10:02:44,11392.5,83368
2021-05-21 10:02:46,11392.5,83368
2021-05-21 10:02:46,11392.5,83368
2021-05-21 10:02:47,11390.0,83373
2021-05-21 10:02:48,11390.0,83373
2021-05-21 10:02:49,11390.0,83373
2021-05-21 10:02:50,11390.0,83373
2021-05-21 10:02:51,11390.65,83390
2021-05-21 10:02:52,11390.65,83390
2021-05-21 10:02:54,11395.0,83394
2021-05-21 10:02:55,11395.6,83444
2021-05-21 10:02:55,11395.6,83444
2021-05-21 10:02:56,11399.4,83468
2021-05-21 10:02:57,11397.15,83471
2021-05-21 10:02:58,11399.4,83473
2021-05-21 10:02:59,11399.4,83473
2021-05-21 10:03:00,11399.4,83482
2021-05-21 10:03:02,11399.4,83533
2021-05-21 10:03:02,11399.4,83533
2021-05-21 10:03:03,11399.9,83538
2021-05-21 10:03:04,11399.9,83538
2021-05-21 10:03:05,11399.9,83552
2021-05-21 10:03:07,11399.9,83552
2021-05-21 10:03:07,11399.9,83552
2021-05-21 10:03:08,11399.0,83562
2021-05-21 10:03:09,11395.8,83590
2021-05-21 10:03:10,11399.0,83725
2021-05-21 10:03:11,11401.0,83729
2021-05-21 10:03:13,11401.0,83729
2021-05-21 10:03:15,11402.8,83937
2021-05-21 10:03:15,11402.8,83937
2021-05-21 10:03:16,11402.8,83937
2021-05-21 10:03:17,11401.85,83947
2021-05-21 10:03:18,11400.4,83948
2021-05-21 10:03:19,11400.4,83948
2021-05-21 10:03:20,11400.4,83948
2021-05-21 10:03:21,11400.4,83949
2021-05-21 10:03:22,11401.0,83974
2021-05-21 10:03:23,11401.0,83977
2021-05-21 10:03:25,11401.0,83977
2021-05-21 10:03:25,11401.0,83977
2021-05-21 10:03:26,11401.0,83977
2021-05-21 10:03:27,11400.4,83981
2021-05-21 10:03:28,11401.0,83999
2021-05-21 10:03:29,11400.0,84002
2021-05-21 10:03:31,11399.0,84025
2021-05-21 10:03:31,11399.0,84025
2021-05-21 10:03:32,11399.0,84025
2021-05-21 10:03:33,11399.5,84026
2021-05-21 10:03:34,11399.5,84026
2021-05-21 10:03:36,11399.0,84101
2021-05-21 10:03:37,11399.0,84101
2021-05-21 10:03:37,11399.0,84101
2021-05-21 10:03:38,11399.0,84111
2021-05-21 10:03:39,11396.0,84224
2021-05-21 10:03:40,11396.0,84224
2021-05-21 10:03:41,11398.0,84225
2021-05-21 10:03:42,11394.55,84289
2021-05-21 10:03:43,11394.55,84289
2021-05-21 10:03:45,11393.2,84399
2021-05-21 10:03:46,11399.25,84404
2021-05-21 10:03:46,11399.25,84404
2021-05-21 10:03:47,11397.2,84411
2021-05-21 10:03:48,11397.2,84411
2021-05-21 10:03:49,11399.0,84412
2021-05-21 10:03:51,11397.65,84415
2021-05-21 10:03:52,11397.65,84415
2021-05-21 10:03:53,11397.65,84415
2021-05-21 10:03:53,11397.65,84415
2021-05-21 10:03:55,11397.65,84415
2021-05-21 10:03:56,11398.95,84416
2021-05-21 10:03:57,11398.95,84422
2021-05-21 10:03:58,11398.95,84422
2021-05-21 10:03:59,11398.95,84422
2021-05-21 10:04:00,11398.95,84422
2021-05-21 10:04:02,11398.95,84438
2021-05-21 10:04:02,11398.95,84438
2021-05-21 10:04:03,11398.95,84438
2021-05-21 10:04:04,11398.95,84443
2021-05-21 10:04:05,11398.95,84445
2021-05-21 10:04:06,11401.85,84570
2021-05-21 10:04:07,11400.6,84577
2021-05-21 10:04:08,11400.6,84577
2021-05-21 10:04:09,11400.6,84577
2021-05-21 10:04:10,11400.6,84577
2021-05-21 10:04:12,11400.6,84578
2021-05-21 10:04:13,11400.6,84578
2021-05-21 10:04:14,11401.0,84580
2021-05-21 10:04:15,11401.0,84581
2021-05-21 10:04:16,11401.0,84581
2021-05-21 10:04:17,11400.6,84591
2021-05-21 10:04:18,11400.3,84642
2021-05-21 10:04:19,11400.0,84647
2021-05-21 10:04:20,11400.6,84648
2021-05-21 10:04:21,11400.3,84649
2021-05-21 10:04:23,11400.0,84661
2021-05-21 10:04:24,11400.0,84663
2021-05-21 10:04:24,11400.0,84663
2021-05-21 10:04:25,11400.0,84663
2021-05-21 10:04:26,11399.0,84672
2021-05-21 10:04:28,11399.0,84672
2021-05-21 10:04:29,11395.35,84673
2021-05-21 10:04:29,11395.35,84673
2021-05-21 10:04:31,11402.0,84802
2021-05-21 10:04:32,11402.0,84802
2021-05-21 10:04:34,11402.0,84802
2021-05-21 10:04:35,11402.0,84802
2021-05-21 10:04:36,11402.0,84802
2021-05-21 10:04:36,11402.0,84802
2021-05-21 10:04:37,11402.0,84814
2021-05-21 10:04:38,11397.35,84824
2021-05-21 10:04:39,11397.35,84824
2021-05-21 10:04:40,11399.7,84825
2021-05-21 10:04:41,11398.75,84826
2021-05-21 10:04:43,11402.0,84827
2021-05-21 10:04:44,11402.0,84840
2021-05-21 10:04:44,11402.0,84840
2021-05-21 10:04:46,11402.0,84840
2021-05-21 10:04:47,11400.0,84845
2021-05-21 10:04:47,11395.4,84895
2021-05-21 10:04:48,11395.0,84907
2021-05-21 10:04:49,11395.0,84907
2021-05-21 10:04:50,11395.0,84907
2021-05-21 10:04:52,11396.85,84908
2021-05-21 10:04:53,11396.85,84908
2021-05-21 10:04:54,11396.85,84908
2021-05-21 10:04:54,11396.85,84908
2021-05-21 10:04:55,11396.85,84908
2021-05-21 10:04:56,11399.7,84909
2021-05-21 10:04:58,11399.7,84909
2021-05-21 10:05:00,11399.7,84924
2021-05-21 10:05:01,11397.6,84926
2021-05-21 10:05:02,11397.6,84926
2021-05-21 10:05:03,11397.6,84926
2021-05-21 10:05:04,11397.6,84926
2021-05-21 10:05:04,11397.6,84926
2021-05-21 10:05:05,11395.0,84927
2021-05-21 10:05:06,11395.0,84927
2021-05-21 10:05:07,11395.45,84977
2021-05-21 10:05:08,11395.45,84977
2021-05-21 10:05:10,11395.45,84977
2021-05-21 10:05:11,11395.0,84978
2021-05-21 10:05:11,11395.0,84978
2021-05-21 10:05:12,11393.4,84981
2021-05-21 10:05:13,11393.4,84981
2021-05-21 10:05:14,11395.9,84986
2021-05-21 10:05:15,11395.9,84987
2021-05-21 10:05:17,11391.05,84995
2021-05-21 10:05:18,11391.05,84995
2021-05-21 10:05:18,11391.05,84995
2021-05-21 10:05:19,11393.55,84996
2021-05-21 10:05:20,11393.55,84996
2021-05-21 10:05:21,11391.35,84998
2021-05-21 10:05:22,11391.05,84999
2021-05-21 10:05:23,11395.8,85127
2021-05-21 10:05:24,11395.8,85127
2021-05-21 10:05:26,11390.0,85242
2021-05-21 10:05:27,11390.0,85242
2021-05-21 10:05:28,11390.0,85242
2021-05-21 10:05:28,11390.0,85242
2021-05-21 10:05:29,11393.55,85252
2021-05-21 10:05:30,11393.55,85252
2021-05-21 10:05:32,11393.9,85268
2021-05-21 10:05:33,11393.9,85268
2021-05-21 10:05:33,11393.9,85268
2021-05-21 10:05:34,11393.9,85268
2021-05-21 10:05:35,11393.55,85273
2021-05-21 10:05:36,11393.55,85278
2021-05-21 10:05:38,11390.0,85303
2021-05-21 10:05:39,11390.0,85303
2021-05-21 10:05:40,11390.0,85303
2021-05-21 10:05:40,11390.0,85303
2021-05-21 10:05:41,11392.0,85304
2021-05-21 10:05:42,11392.0,85304
2021-05-21 10:05:43,11392.0,85304
2021-05-21 10:05:45,11393.9,85329
2021-05-21 10:05:46,11393.9,85329
2021-05-21 10:05:47,11393.9,85329
2021-05-21 10:05:48,11393.9,85329
2021-05-21 10:05:49,11393.9,85329
2021-05-21 10:05:50,11393.85,85330
2021-05-21 10:05:51,11390.0,85332
2021-05-21 10:05:51,11390.0,85332
2021-05-21 10:05:52,11393.8,85333
2021-05-21 10:05:53,11393.8,85333
2021-05-21 10:05:54,11393.8,85333
2021-05-21 10:05:56,11393.8,85333
2021-05-21 10:05:57,11393.8,85333
2021-05-21 10:05:57,11393.8,85333
2021-05-21 10:05:58,11389.0,85533
2021-05-21 10:05:59,11388.95,85543
2021-05-21 10:06:00,11388.95,85543
2021-05-21 10:06:02,11390.7,85646
2021-05-21 10:06:03,11390.7,85646
2021-05-21 10:06:04,11390.65,85672
2021-05-21 10:06:04,11390.65,85672
2021-05-21 10:06:05,11385.2,85718
2021-05-21 10:06:06,11383.9,85725
2021-05-21 10:06:07,11383.9,85725
2021-05-21 10:06:09,11383.9,85725
2021-05-21 10:06:10,11383.9,85725
2021-05-21 10:06:10,11383.9,85725
2021-05-21 10:06:11,11387.0,85726
2021-05-21 10:06:12,11390.1,85730
2021-05-21 10:06:13,11384.0,85738
2021-05-21 10:06:14,11384.0,85738
2021-05-21 10:06:16,11384.0,85738
2021-05-21 10:06:17,11384.0,85738
2021-05-21 10:06:17,11384.0,85738
2021-05-21 10:06:18,11383.0,85739
2021-05-21 10:06:19,11383.0,85740
2021-05-21 10:06:20,11383.0,85740
2021-05-21 10:06:22,11385.05,85741
2021-05-21 10:06:23,11382.1,85746
2021-05-21 10:06:24,11382.1,85761
2021-05-21 10:06:25,11382.1,85766
2021-05-21 10:06:26,11382.1,85793
2021-05-21 10:06:26,11382.1,85793
2021-05-21 10:06:27,11381.0,85951
2021-05-21 10:06:28,11381.0,85951
2021-05-21 10:06:29,11381.0,85951
2021-05-21 10:06:31,11381.0,85951
2021-05-21 10:06:32,11383.9,85952
2021-05-21 10:06:33,11383.9,85953
2021-05-21 10:06:34,11383.95,85954
2021-05-21 10:06:35,11383.9,85961
2021-05-21 10:06:35,11383.9,85961
2021-05-21 10:06:36,11383.9,85963
2021-05-21 10:06:37,11383.9,85963
2021-05-21 10:06:38,11383.9,85963
2021-05-21 10:06:40,11383.9,85963
2021-05-21 10:06:41,11383.0,85968
2021-05-21 10:06:42,11380.85,85969
2021-05-21 10:06:43,11383.0,85989
2021-05-21 10:06:44,11380.85,85996
2021-05-21 10:06:44,11380.85,86000
2021-05-21 10:06:45,11380.85,86000
2021-05-21 10:06:46,11380.85,86000
2021-05-21 10:06:47,11380.85,86000
2021-05-21 10:06:49,11380.35,87667
2021-05-21 10:06:50,11379.15,87674
2021-05-21 10:06:51,11379.15,87675
2021-05-21 10:06:52,11379.15,87675
2021-05-21 10:06:53,11379.15,87690
2021-05-21 10:06:53,11379.15,87690
2021-05-21 10:06:54,11375.15,87790
2021-05-21 10:06:55,11375.15,87790
2021-05-21 10:06:56,11375.15,87790
2021-05-21 10:06:57,11377.85,87791
2021-05-21 10:06:59,11380.05,87846
2021-05-21 10:07:00,11381.15,87871
2021-05-21 10:07:01,11380.2,88384
2021-05-21 10:07:02,11381.65,88386
2021-05-21 10:07:03,11381.65,88386
2021-05-21 10:07:03,11382.95,88387
2021-05-21 10:07:04,11382.95,88387
2021-05-21 10:07:05,11382.95,88387
2021-05-21 10:07:07,11383.0,88398
2021-05-21 10:07:09,11383.0,88399
2021-05-21 10:07:10,11383.0,88399
2021-05-21 10:07:11,11382.95,88405
2021-05-21 10:07:12,11383.0,88406
2021-05-21 10:07:13,11383.0,88412
2021-05-21 10:07:14,11386.6,88512
2021-05-21 10:07:14,11386.6,88512
2021-05-21 10:07:15,11385.15,88513
2021-05-21 10:07:18,11383.6,88738
2021-05-21 10:07:19,11389.15,88834
2021-05-21 10:07:19,11389.15,88834
2021-05-21 10:07:20,11387.4,88839
2021-05-21 10:07:21,11386.0,88843
2021-05-21 10:07:23,11386.05,88912
2021-05-21 10:07:24,11387.15,88915
2021-05-21 10:07:25,11387.15,88915
2021-05-21 10:07:27,11387.15,88915
2021-05-21 10:07:28,11387.15,88915
2021-05-21 10:07:29,11387.15,88915
2021-05-21 10:07:30,11387.15,88915
2021-05-21 10:07:30,11387.15,88915
2021-05-21 10:07:31,11386.0,88966
2021-05-21 10:07:32,11386.0,88966
2021-05-21 10:07:33,11386.0,88966
2021-05-21 10:07:35,11386.3,89021
2021-05-21 10:07:36,11386.3,89021
2021-05-21 10:07:37,11386.3,89021
2021-05-21 10:07:38,11386.55,89046
2021-05-21 10:07:39,11381.25,89054
2021-05-21 10:07:40,11383.75,89055
2021-05-21 10:07:40,11383.75,89055
2021-05-21 10:07:41,11380.0,89066
2021-05-21 10:07:42,11380.0,89067
2021-05-21 10:07:43,11380.0,89077
2021-05-21 10:07:45,11380.0,89077
2021-05-21 10:07:46,11380.0,89077
2021-05-21 10:07:47,11381.1,89078
2021-05-21 10:07:48,11380.0,89083
2021-05-21 10:07:49,11380.0,89084
2021-05-21 10:07:50,11380.65,89209
2021-05-21 10:07:51,11378.05,89243
2021-05-21 10:07:52,11378.6,89244
2021-05-21 10:07:53,11376.4,89303
2021-05-21 10:07:53,11376.4,89303
2021-05-21 10:07:54,11376.4,89303
2021-05-21 10:07:55,11377.8,89308
2021-05-21 10:07:56,11377.8,89308
2021-05-21 10:07:59,11377.8,89332
2021-05-21 10:08:00,11378.9,89333
2021-05-21 10:08:01,11375.55,89337
2021-05-21 10:08:02,11380.0,89339
2021-05-21 10:08:03,11380.0,89339
2021-05-21 10:08:04,11376.7,89349
2021-05-21 10:08:05,11376.7,89349
2021-05-21 10:08:05,11376.7,89349
2021-05-21 10:08:06,11377.8,89356
2021-05-21 10:08:07,11377.8,89356
2021-05-21 10:08:08,11377.8,89356
2021-05-21 10:08:10,11377.8,89356
2021-05-21 10:08:11,11377.8,89357
2021-05-21 10:08:11,11377.8,89357
2021-05-21 10:08:12,11377.8,89357
2021-05-21 10:08:13,11377.8,89357
2021-05-21 10:08:14,11377.8,89357
2021-05-21 10:08:16,11377.8,89357
2021-05-21 10:08:17,11377.8,89357
2021-05-21 10:08:18,11377.8,89357
2021-05-21 10:08:19,11377.8,89357
2021-05-21 10:08:20,11377.8,89357
2021-05-21 10:08:21,11378.5,89358
2021-05-21 10:08:21,11378.5,89358
2021-05-21 10:08:22,11378.5,89358
2021-05-21 10:08:23,11378.5,89358
2021-05-21 10:08:24,11378.5,89358
2021-05-21 10:08:26,11377.8,89532
2021-05-21 10:08:27,11377.8,89532
2021-05-21 10:08:28,11377.8,89532
2021-05-21 10:08:29,11377.8,89532
2021-05-21 10:08:30,11377.8,89532
2021-05-21 10:08:31,11378.0,89546
2021-05-21 10:08:32,11378.0,89546
2021-05-21 10:08:32,11378.0,89546
2021-05-21 10:08:33,11377.95,89552
2021-05-21 10:08:34,11377.95,89552
2021-05-21 10:08:35,11380.0,89571
2021-05-21 10:08:37,11380.0,89571
2021-05-21 10:08:38,11380.0,89571
2021-05-21 10:08:39,11380.0,89575
2021-05-21 10:08:40,11380.0,89578
2021-05-21 10:08:41,11380.0,89579
2021-05-21 10:08:42,11380.0,89579
2021-05-21 10:08:43,11380.0,89579
2021-05-21 10:08:44,11380.0,89594
2021-05-21 10:08:44,11380.0,89594
2021-05-21 10:08:45,11380.0,89683
2021-05-21 10:08:47,11380.0,89683
2021-05-21 10:08:48,11380.0,89683
2021-05-21 10:08:49,11380.0,89683
2021-05-21 10:08:50,11380.0,89683
2021-05-21 10:08:51,11377.1,89710
2021-05-21 10:08:52,11377.1,89710
2021-05-21 10:08:52,11377.1,89710
2021-05-21 10:08:53,11377.1,89710
2021-05-21 10:08:55,11377.1,89710
2021-05-21 10:08:56,11377.1,89710
2021-05-21 10:08:57,11379.95,89714
2021-05-21 10:08:58,11379.95,89714
2021-05-21 10:08:59,11379.95,89714
2021-05-21 10:09:00,11378.95,89715
2021-05-21 10:09:01,11378.55,89720
2021-05-21 10:09:02,11379.95,89722
2021-05-21 10:09:03,11378.55,89724
2021-05-21 10:09:04,11378.55,89724
2021-05-21 10:09:04,11378.55,89724
2021-05-21 10:09:05,11378.55,89724
2021-05-21 10:09:07,11378.55,89724
2021-05-21 10:09:08,11378.55,89724
2021-05-21 10:09:09,11378.55,89724
2021-05-21 10:09:10,11378.55,89724
2021-05-21 10:09:11,11379.9,89734
2021-05-21 10:09:12,11379.9,89734
2021-05-21 10:09:13,11379.9,89734
2021-05-21 10:09:14,11379.9,89734
2021-05-21 10:09:15,11379.9,89734
2021-05-21 10:09:16,11379.9,89734
2021-05-21 10:09:17,11379.9,89734
2021-05-21 10:09:17,11379.9,89734
2021-05-21 10:09:18,11379.9,89734
2021-05-21 10:09:20,11379.9,89734
2021-05-21 10:09:21,11375.0,89735
2021-05-21 10:09:22,11369.0,89806
2021-05-21 10:09:23,11366.3,89826
2021-05-21 10:09:24,11366.3,89826
2021-05-21 10:09:25,11366.3,89826
2021-05-21 10:09:26,11366.3,89826
2021-05-21 10:09:26,11366.3,89826
2021-05-21 10:09:29,11366.3,89826
2021-05-21 10:09:30,11366.3,89826
2021-05-21 10:09:31,11362.5,90125
2021-05-21 10:09:32,11366.75,90221
2021-05-21 10:09:33,11369.9,90294
2021-05-21 10:09:34,11369.9,90295
2021-05-21 10:09:35,11369.9,90295
2021-05-21 10:09:36,11369.85,90309
2021-05-21 10:09:37,11368.95,90315
2021-05-21 10:09:37,11368.95,90315
2021-05-21 10:09:38,11368.95,90319
2021-05-21 10:09:39,11368.95,90319
2021-05-21 10:09:40,11366.5,90320
2021-05-21 10:09:41,11361.2,90521
2021-05-21 10:09:43,11361.2,90521
2021-05-21 10:09:44,11361.2,90521
2021-05-21 10:09:45,11365.6,90558
2021-05-21 10:09:46,11365.6,90558
2021-05-21 10:09:47,11365.6,90558
2021-05-21 10:09:47,11365.6,90558
2021-05-21 10:09:49,11362.8,90667
2021-05-21 10:09:50,11363.8,90668
2021-05-21 10:09:50,11363.8,90668
2021-05-21 10:09:52,11364.7,90669
2021-05-21 10:09:52,11364.7,90669
2021-05-21 10:09:53,11365.55,90670
2021-05-21 10:09:54,11365.15,90671
2021-05-21 10:09:56,11365.15,90671
2021-05-21 10:09:57,11365.15,90671
2021-05-21 10:09:58,11365.15,90671
2021-05-21 10:09:59,11365.15,90671
2021-05-21 10:10:00,11365.15,90675
2021-05-21 10:10:01,11361.2,90726
2021-05-21 10:10:02,11365.15,90730
2021-05-21 10:10:03,11361.2,90752
2021-05-21 10:10:04,11361.2,90853
2021-05-21 10:10:05,11361.2,90853
2021-05-21 10:10:05,11361.2,90853
2021-05-21 10:10:07,11363.15,90854
2021-05-21 10:10:07,11363.15,90854
2021-05-21 10:10:08,11363.15,90854
2021-05-21 10:10:10,11363.15,90854
2021-05-21 10:10:11,11363.15,90855
2021-05-21 10:10:12,11363.15,90855
2021-05-21 10:10:13,11363.15,90855
2021-05-21 10:10:14,11365.1,90905
2021-05-21 10:10:15,11365.1,90908
2021-05-21 10:10:15,11365.1,90908
2021-05-21 10:10:16,11365.1,90908
2021-05-21 10:10:18,11365.1,90908
2021-05-21 10:10:19,11363.15,90916
2021-05-21 10:10:20,11363.15,90916
2021-05-21 10:10:21,11363.15,90918
2021-05-21 10:10:22,11361.2,90920
2021-05-21 10:10:23,11361.2,90920
2021-05-21 10:10:24,11361.2,90920
2021-05-21 10:10:24,11361.2,90969
2021-05-21 10:10:25,11361.3,90972
2021-05-21 10:10:26,11361.3,90972
2021-05-21 10:10:28,11361.3,90972
2021-05-21 10:10:29,11361.3,90972
2021-05-21 10:10:30,11361.3,90972
2021-05-21 10:10:31,11361.2,90980
2021-05-21 10:10:32,11361.2,90980
2021-05-21 10:10:32,11361.2,90980
2021-05-21 10:10:33,11362.15,90998
2021-05-21 10:10:35,11362.15,90998
2021-05-21 10:10:36,11362.8,91016
2021-05-21 10:10:37,11362.8,91016
2021-05-21 10:10:38,11362.8,91016
2021-05-21 10:10:39,11358.25,91365
2021-05-21 10:10:39,11358.25,91365
2021-05-21 10:10:40,11357.0,91395
2021-05-21 10:10:41,11351.0,91748
2021-05-21 10:10:43,11351.0,91748
2021-05-21 10:10:44,11355.0,91803
2021-05-21 10:10:45,11355.0,91809
2021-05-21 10:10:46,11353.1,91819
2021-05-21 10:10:47,11353.1,91819
2021-05-21 10:10:49,11354.35,91837
2021-05-21 10:10:50,11354.9,91881
2021-05-21 10:10:51,11354.9,91881
2021-05-21 10:10:52,11354.0,91882
2021-05-21 10:10:53,11352.15,91897
2021-05-21 10:10:54,11352.15,91900
2021-05-21 10:10:55,11352.15,91900
2021-05-21 10:10:56,11352.15,91993
2021-05-21 10:10:57,11353.1,91995
2021-05-21 10:10:58,11353.1,91995
2021-05-21 10:10:59,11352.05,92002
2021-05-21 10:11:02,11350.05,92084
2021-05-21 10:11:03,11353.05,92099
2021-05-21 10:11:04,11351.55,92104
2021-05-21 10:11:05,11351.55,92104
2021-05-21 10:11:06,11346.0,92497
2021-05-21 10:11:07,11350.0,92531
2021-05-21 10:11:08,11348.15,92532
2021-05-21 10:11:09,11349.2,92543
2021-05-21 10:11:10,11349.15,92585
2021-05-21 10:11:12,11344.05,92597
2021-05-21 10:11:14,11349.1,92602
2021-05-21 10:11:15,11349.1,92608
2021-05-21 10:11:16,11343.35,92623
2021-05-21 10:11:17,11343.35,92623
2021-05-21 10:11:18,11343.35,92623
2021-05-21 10:11:19,11350.0,92754
2021-05-21 10:11:20,11350.0,92754
2021-05-21 10:11:21,11350.65,92788
2021-05-21 10:11:23,11349.5,92817
2021-05-21 10:11:24,11349.5,92817
2021-05-21 10:11:25,11349.0,92842
2021-05-21 10:11:26,11345.3,92892
2021-05-21 10:11:27,11350.15,92893
2021-05-21 10:11:28,11350.15,92894
2021-05-21 10:11:29,11350.15,92894
2021-05-21 10:11:30,11352.4,92895
2021-05-21 10:11:31,11350.15,92896
2021-05-21 10:11:32,11349.0,92897
2021-05-21 10:11:33,11353.2,92927
2021-05-21 10:11:34,11350.85,92944
2021-05-21 10:11:35,11350.85,92944
2021-05-21 10:11:37,11350.85,92944
2021-05-21 10:11:38,11350.85,92944
2021-05-21 10:11:39,11350.85,92944
2021-05-21 10:11:40,11350.85,92944
2021-05-21 10:11:41,11350.0,92945
2021-05-21 10:11:42,11350.0,92945
2021-05-21 10:11:43,11350.0,92945
2021-05-21 10:11:44,11350.0,92945
2021-05-21 10:11:46,11350.15,92946
2021-05-21 10:11:47,11350.85,93057
2021-05-21 10:11:48,11350.85,93057
2021-05-21 10:11:49,11350.85,93057
2021-05-21 10:11:50,11350.0,93326
2021-05-21 10:11:51,11350.85,93334
2021-05-21 10:11:52,11350.85,93334
2021-05-21 10:11:53,11350.85,93334
2021-05-21 10:11:54,11350.45,93335
2021-05-21 10:11:55,11350.85,93337
2021-05-21 10:11:56,11350.85,93360
2021-05-21 10:11:57,11350.75,93361
2021-05-21 10:11:58,11350.75,93361
2021-05-21 10:11:59,11350.85,93367
2021-05-21 10:12:00,11350.85,93390
2021-05-21 10:12:01,11350.45,93391
2021-05-21 10:12:02,11350.85,93443
2021-05-21 10:12:03,11350.85,93443
2021-05-21 10:12:04,11350.85,93443
2021-05-21 10:12:05,11350.45,93446
2021-05-21 10:12:06,11350.45,93454
2021-05-21 10:12:07,11350.45,93454
2021-05-21 10:12:08,11353.0,93469
2021-05-21 10:12:09,11353.0,93469
2021-05-21 10:12:10,11353.0,93469
2021-05-21 10:12:11,11350.85,93478
2021-05-21 10:12:12,11354.8,93503
2021-05-21 10:12:14,11357.4,93562
2021-05-21 10:12:16,11357.4,93562
2021-05-21 10:12:17,11358.75,93568
2021-05-21 10:12:18,11360.0,93576
2021-05-21 10:12:19,11360.0,93576
2021-05-21 10:12:20,11360.0,93577
2021-05-21 10:12:21,11360.0,93588
2021-05-21 10:12:22,11360.0,93589
2021-05-21 10:12:24,11360.0,93591
2021-05-21 10:12:25,11360.0,93621
2021-05-21 10:12:26,11360.0,93622
2021-05-21 10:12:27,11360.0,93624
2021-05-21 10:12:28,11360.0,93624
2021-05-21 10:12:29,11360.0,93626
2021-05-21 10:12:30,11360.0,93628
2021-05-21 10:12:31,11357.0,93658
2021-05-21 10:12:32,11358.5,93660
2021-05-21 10:12:33,11358.5,93660
2021-05-21 10:12:34,11358.5,93660
2021-05-21 10:12:35,11358.5,93660
2021-05-21 10:12:36,11358.5,93660
2021-05-21 10:12:37,11358.5,93660
2021-05-21 10:12:38,11358.5,93660
2021-05-21 10:12:39,11360.0,93665
2021-05-21 10:12:40,11360.0,93690
2021-05-21 10:12:41,11359.05,93691
2021-05-21 10:12:42,11360.0,93692
2021-05-21 10:12:43,11360.0,93702
2021-05-21 10:12:44,11360.0,93737
2021-05-21 10:12:45,11360.0,93739
2021-05-21 10:12:46,11361.2,94241
2021-05-21 10:12:47,11363.55,94261
2021-05-21 10:12:48,11362.5,94290
2021-05-21 10:12:49,11365.0,94293
2021-05-21 10:12:50,11365.0,94293
2021-05-21 10:12:51,11361.45,94308
2021-05-21 10:12:52,11361.45,94310
2021-05-21 10:12:53,11361.45,94310
2021-05-21 10:12:54,11361.45,94310
2021-05-21 10:12:55,11361.45,94310
2021-05-21 10:12:56,11361.45,94310
2021-05-21 10:12:57,11365.0,94322
2021-05-21 10:12:58,11365.0,94332
2021-05-21 10:12:59,11361.45,94345
2021-05-21 10:13:00,11361.45,94345
2021-05-21 10:13:01,11361.45,94346
2021-05-21 10:13:02,11364.85,94347
2021-05-21 10:13:03,11364.85,94347
2021-05-21 10:13:04,11364.85,94347
2021-05-21 10:13:05,11364.85,94347
2021-05-21 10:13:06,11358.8,94399
2021-05-21 10:13:07,11358.8,94399
2021-05-21 10:13:08,11364.85,94404
2021-05-21 10:13:09,11364.85,94404
2021-05-21 10:13:10,11361.45,94407
2021-05-21 10:13:11,11357.4,94412
2021-05-21 10:13:12,11360.8,94413
2021-05-21 10:13:14,11360.8,94413
2021-05-21 10:13:14,11360.8,94413
2021-05-21 10:13:15,11361.8,94428
2021-05-21 10:13:16,11359.15,94429
2021-05-21 10:13:18,11359.15,94429
2021-05-21 10:13:18,11359.15,94429
2021-05-21 10:13:19,11354.0,94475
2021-05-21 10:13:20,11354.0,94475
2021-05-21 10:13:21,11354.1,94476
2021-05-21 10:13:22,11354.1,94476
2021-05-21 10:13:23,11351.15,94479
2021-05-21 10:13:24,11351.15,94479
2021-05-21 10:13:25,11354.0,94480
2021-05-21 10:13:26,11354.0,94480
2021-05-21 10:13:27,11354.0,94480
2021-05-21 10:13:29,11356.35,94495
2021-05-21 10:13:29,11356.35,94495
2021-05-21 10:13:30,11356.35,94495
2021-05-21 10:13:31,11355.2,94496
2021-05-21 10:13:32,11355.2,94496
2021-05-21 10:13:33,11355.2,94496
2021-05-21 10:13:34,11355.2,94496
2021-05-21 10:13:35,11355.2,94496
2021-05-21 10:13:36,11355.2,94496
2021-05-21 10:13:37,11354.0,94497
2021-05-21 10:13:38,11356.4,94500
2021-05-21 10:13:39,11356.4,94500
2021-05-21 10:13:40,11356.4,94510
2021-05-21 10:13:41,11355.2,94607
2021-05-21 10:13:42,11355.2,94607
2021-05-21 10:13:43,11355.2,94607
2021-05-21 10:13:44,11355.2,94607
2021-05-21 10:13:45,11353.05,94609
2021-05-21 10:13:46,11355.45,94610
2021-05-21 10:13:47,11351.75,94719
2021-05-21 10:13:48,11351.85,94754
2021-05-21 10:13:49,11351.85,94754
2021-05-21 10:13:50,11350.45,94768
2021-05-21 10:13:52,11353.95,94773
2021-05-21 10:13:53,11353.95,94773
2021-05-21 10:13:54,11353.95,94773
2021-05-21 10:13:55,11353.95,94773
2021-05-21 10:13:56,11353.95,94773
2021-05-21 10:13:57,11353.95,94773
2021-05-21 10:13:58,11353.95,94773
2021-05-21 10:14:00,11353.95,94773
2021-05-21 10:14:00,11353.95,94773
2021-05-21 10:14:01,11351.0,94774
2021-05-21 10:14:02,11351.0,94774
2021-05-21 10:14:03,11347.0,95281
2021-05-21 10:14:04,11350.0,95311
2021-05-21 10:14:05,11348.7,95313
2021-05-21 10:14:06,11348.7,95313
2021-05-21 10:14:07,11348.7,95313
2021-05-21 10:14:09,11348.7,95313
2021-05-21 10:14:09,11349.45,95315
2021-05-21 10:14:10,11348.7,95316
2021-05-21 10:14:11,11348.7,95316
2021-05-21 10:14:12,11348.7,95316
2021-05-21 10:14:13,11348.7,95343
2021-05-21 10:14:14,11348.7,95345
2021-05-21 10:14:15,11348.7,95346
2021-05-21 10:14:16,11346.85,95348
2021-05-21 10:14:17,11348.65,95353
2021-05-21 10:14:18,11348.65,95363
2021-05-21 10:14:19,11345.0,95421
2021-05-21 10:14:21,11345.0,95421
2021-05-21 10:14:21,11345.0,95421
2021-05-21 10:14:22,11347.75,95424
2021-05-21 10:14:23,11347.75,95424
2021-05-21 10:14:24,11345.0,95434
2021-05-21 10:14:25,11345.0,95454
2021-05-21 10:14:26,11345.0,95464
2021-05-21 10:14:27,11344.85,95479
2021-05-21 10:14:28,11347.0,95480
2021-05-21 10:14:29,11347.0,95480
2021-05-21 10:14:30,11347.0,95480
2021-05-21 10:14:31,11347.0,95480
2021-05-21 10:14:34,11346.95,95481
2021-05-21 10:14:34,11346.0,95482
2021-05-21 10:14:35,11343.35,95492
2021-05-21 10:14:36,11343.35,95494
2021-05-21 10:14:37,11343.35,95494
2021-05-21 10:14:39,11343.35,95494
2021-05-21 10:14:40,11343.35,95494
2021-05-21 10:14:40,11343.35,95494
2021-05-21 10:14:41,11343.35,95494
2021-05-21 10:14:43,11343.35,95494
2021-05-21 10:14:44,11344.0,95504
2021-05-21 10:14:45,11344.0,95505
2021-05-21 10:14:46,11344.0,95506
2021-05-21 10:14:47,11343.35,95510
2021-05-21 10:14:48,11343.35,95510
2021-05-21 10:14:49,11343.05,95524
2021-05-21 10:14:50,11343.05,95524
2021-05-21 10:14:51,11343.05,95524
2021-05-21 10:14:52,11341.0,95625
2021-05-21 10:14:53,11343.35,95725
2021-05-21 10:14:54,11342.8,95727
2021-05-21 10:14:55,11341.0,95737
2021-05-21 10:14:56,11341.0,95737
2021-05-21 10:14:58,11341.0,95737
2021-05-21 10:15:00,11341.0,95738
2021-05-21 10:15:01,11343.4,95740
2021-05-21 10:15:02,11343.4,95740
2021-05-21 10:15:03,11343.4,95740
2021-05-21 10:15:05,11341.0,95791
2021-05-21 10:15:07,11341.0,95807
2021-05-21 10:15:08,11341.0,95807
2021-05-21 10:15:09,11341.0,95807
2021-05-21 10:15:10,11343.4,95808
2021-05-21 10:15:11,11343.4,95808
2021-05-21 10:15:12,11341.0,96149
2021-05-21 10:15:13,11341.0,96149
2021-05-21 10:15:14,11341.0,96149
2021-05-21 10:15:15,11341.0,96149
2021-05-21 10:15:17,11340.0,96150
2021-05-21 10:15:19,11340.0,96197
2021-05-21 10:15:19,11340.0,96197
2021-05-21 10:15:20,11338.0,96205
2021-05-21 10:15:21,11338.0,96205
2021-05-21 10:15:22,11341.0,96207
2021-05-21 10:15:23,11340.05,96355
2021-05-21 10:15:24,11339.55,96357
2021-05-21 10:15:25,11339.55,96357
2021-05-21 10:15:26,11341.75,96461
2021-05-21 10:15:27,11339.55,96471
2021-05-21 10:15:29,11339.55,96471
2021-05-21 10:15:31,11339.55,96541
2021-05-21 10:15:32,11338.8,96542
2021-05-21 10:15:33,11341.0,96565
2021-05-21 10:15:34,11341.0,96570
2021-05-21 10:15:34,11341.0,96570
2021-05-21 10:15:35,11341.0,96570
2021-05-21 10:15:36,11337.0,96600
2021-05-21 10:15:37,11340.5,96601
2021-05-21 10:15:38,11337.0,96608
2021-05-21 10:15:39,11339.4,96613
2021-05-21 10:15:40,11337.0,96633
2021-05-21 10:15:41,11337.0,96645
2021-05-21 10:15:42,11339.4,96655
2021-05-21 10:15:44,11336.75,96660
2021-05-21 10:15:45,11336.7,96666
2021-05-21 10:15:45,11336.4,96668
2021-05-21 10:15:46,11336.4,96668
2021-05-21 10:15:48,11342.0,96788
2021-05-21 10:15:49,11342.0,96788
2021-05-21 10:15:50,11342.0,96788
2021-05-21 10:15:51,11342.0,96788
2021-05-21 10:15:51,11342.0,96788
2021-05-21 10:15:52,11342.0,96788
2021-05-21 10:15:53,11342.0,96794
2021-05-21 10:15:54,11342.0,96794
2021-05-21 10:15:55,11338.2,96798
2021-05-21 10:15:56,11338.2,96798
2021-05-21 10:15:57,11340.0,96799
2021-05-21 10:15:58,11340.0,96799
2021-05-21 10:15:59,11340.0,96799
2021-05-21 10:16:00,11340.0,96800
2021-05-21 10:16:01,11340.0,96802
2021-05-21 10:16:02,11340.0,96831
2021-05-21 10:16:03,11341.05,96832
2021-05-21 10:16:05,11341.05,96832
2021-05-21 10:16:06,11342.0,96842
2021-05-21 10:16:06,11342.0,96842
2021-05-21 10:16:07,11342.0,96842
2021-05-21 10:16:08,11342.0,96843
2021-05-21 10:16:10,11342.0,96843
2021-05-21 10:16:11,11342.0,96843
2021-05-21 10:16:11,11342.0,96844
2021-05-21 10:16:12,11342.0,96845
2021-05-21 10:16:13,11345.0,96911
2021-05-21 10:16:14,11345.05,96915
2021-05-21 10:16:15,11345.05,96915
2021-05-21 10:16:16,11348.7,96937
2021-05-21 10:16:17,11348.7,96937
2021-05-21 10:16:18,11350.75,96957
2021-05-21 10:16:19,11351.0,96961
2021-05-21 10:16:21,11350.25,96962
2021-05-21 10:16:21,11350.25,96962
2021-05-21 10:16:22,11351.0,96963
2021-05-21 10:16:23,11351.0,96963
2021-05-21 10:16:24,11347.0,96966
2021-05-21 10:16:26,11348.7,96976
2021-05-21 10:16:27,11348.3,96989
2021-05-21 10:16:27,11348.3,96990
2021-05-21 10:16:28,11349.2,96995
2021-05-21 10:16:29,11349.2,96995
2021-05-21 10:16:30,11349.2,96995
2021-05-21 10:16:31,11349.2,96995
2021-05-21 10:16:34,11348.3,97073
2021-05-21 10:16:35,11348.3,97073
2021-05-21 10:16:36,11348.3,97073
2021-05-21 10:16:36,11348.3,97073
2021-05-21 10:16:37,11348.3,97073
2021-05-21 10:16:38,11343.1,97258
2021-05-21 10:16:39,11343.05,97262
2021-05-21 10:16:40,11343.05,97262
2021-05-21 10:16:41,11343.05,97262
2021-05-21 10:16:42,11343.05,97268
2021-05-21 10:16:43,11343.05,97268
2021-05-21 10:16:44,11343.05,97268
2021-05-21 10:16:45,11343.05,97268
2021-05-21 10:16:46,11343.05,97268
2021-05-21 10:16:48,11343.05,97323
2021-05-21 10:16:49,11343.05,97323
2021-05-21 10:16:50,11343.05,97323
2021-05-21 10:16:51,11343.6,97454
2021-05-21 10:16:53,11343.6,97454
2021-05-21 10:16:54,11343.6,97454
2021-05-21 10:16:55,11343.6,97454
2021-05-21 10:16:56,11343.6,97454
2021-05-21 10:16:57,11343.6,97455
2021-05-21 10:16:58,11343.6,97455
2021-05-21 10:16:59,11343.6,97455
2021-05-21 10:17:00,11343.9,97485
2021-05-21 10:17:02,11346.4,97594
2021-05-21 10:17:03,11346.4,97594
2021-05-21 10:17:03,11346.4,97594
2021-05-21 10:17:04,11346.4,97605
2021-05-21 10:17:05,11346.4,97605
2021-05-21 10:17:06,11346.4,97605
2021-05-21 10:17:07,11346.4,97605
2021-05-21 10:17:08,11346.4,97605
2021-05-21 10:17:09,11346.4,97655
2021-05-21 10:17:10,11346.4,97656
2021-05-21 10:17:11,11346.3,97659
2021-05-21 10:17:12,11345.3,97660
2021-05-21 10:17:13,11345.3,97660
2021-05-21 10:17:14,11345.3,97660
2021-05-21 10:17:16,11346.3,97662
2021-05-21 10:17:17,11346.3,97666
2021-05-21 10:17:19,11345.3,97696
2021-05-21 10:17:19,11345.3,97696
2021-05-21 10:17:20,11345.3,97696
2021-05-21 10:17:21,11345.3,97696
2021-05-21 10:17:22,11345.3,97696
2021-05-21 10:17:24,11346.3,97698
2021-05-21 10:17:24,11346.3,97698
2021-05-21 10:17:25,11344.05,97733
2021-05-21 10:17:27,11344.05,97733
2021-05-21 10:17:28,11345.15,97735
2021-05-21 10:17:29,11345.15,97735
2021-05-21 10:17:30,11344.0,97745
2021-05-21 10:17:30,11344.0,97745
2021-05-21 10:17:32,11343.9,97747
2021-05-21 10:17:33,11343.9,97751
2021-05-21 10:17:34,11343.9,97751
2021-05-21 10:17:35,11338.0,97789
2021-05-21 10:17:37,11338.0,97789
2021-05-21 10:17:38,11338.0,97789
2021-05-21 10:17:40,11338.0,97789
2021-05-21 10:17:40,11338.0,97789
2021-05-21 10:17:41,11337.0,97795
2021-05-21 10:17:42,11337.0,97795
2021-05-21 10:17:43,11337.0,97796
2021-05-21 10:17:45,11336.0,98026
2021-05-21 10:17:46,11336.4,98036
2021-05-21 10:17:47,11338.8,98136
2021-05-21 10:17:48,11338.8,98136
2021-05-21 10:17:48,11335.15,98137
2021-05-21 10:17:49,11335.15,98141
2021-05-21 10:17:50,11335.15,98141
2021-05-21 10:17:52,11336.8,98142
2021-05-21 10:17:53,11335.15,98157
2021-05-21 10:17:54,11335.15,98157
2021-05-21 10:17:54,11335.15,98157
2021-05-21 10:17:55,11336.8,98160
2021-05-21 10:17:57,11335.0,98220
2021-05-21 10:17:58,11336.75,98222
2021-05-21 10:17:59,11336.8,98233
2021-05-21 10:18:00,11336.8,98233
2021-05-21 10:18:01,11336.8,98233
2021-05-21 10:18:02,11336.6,98235
2021-05-21 10:18:03,11335.3,98236
2021-05-21 10:18:03,11335.3,98236
2021-05-21 10:18:04,11335.3,98236
2021-05-21 10:18:05,11331.2,98308
2021-05-21 10:18:06,11335.3,98313
2021-05-21 10:18:08,11332.0,98344
2021-05-21 10:18:09,11332.0,98344
2021-05-21 10:18:10,11332.0,98349
2021-05-21 10:18:11,11332.0,98349
2021-05-21 10:18:12,11331.0,98371
2021-05-21 10:18:13,11334.95,98376
2021-05-21 10:18:14,11331.0,98391
2021-05-21 10:18:14,11335.45,98441
2021-05-21 10:18:15,11333.95,98444
2021-05-21 10:18:16,11333.95,98444
2021-05-21 10:18:17,11334.9,98445
2021-05-21 10:18:18,11332.95,98446
2021-05-21 10:18:19,11332.95,98446
2021-05-21 10:18:21,11336.55,98480
2021-05-21 10:18:22,11336.55,98480
2021-05-21 10:18:23,11332.0,98486
2021-05-21 10:18:24,11331.1,98511
2021-05-21 10:18:25,11331.1,98511
2021-05-21 10:18:25,11327.0,98807
2021-05-21 10:18:26,11327.0,98807
2021-05-21 10:18:27,11326.1,98815
2021-05-21 10:18:28,11326.1,98817
2021-05-21 10:18:30,11327.6,98818
2021-05-21 10:18:31,11327.6,98850
2021-05-21 10:18:32,11330.0,98867
2021-05-21 10:18:33,11330.0,98867
2021-05-21 10:18:33,11330.9,98877
2021-05-21 10:18:34,11328.8,98879
2021-05-21 10:18:36,11327.0,98881
2021-05-21 10:18:37,11327.0,98891
2021-05-21 10:18:38,11327.0,98891
2021-05-21 10:18:39,11327.0,98891
2021-05-21 10:18:39,11327.0,98891
2021-05-21 10:18:40,11327.0,98891
2021-05-21 10:18:41,11327.0,98912
2021-05-21 10:18:43,11328.55,98932
2021-05-21 10:18:44,11328.55,98932
2021-05-21 10:18:45,11327.8,98933
2021-05-21 10:18:46,11327.8,98933
2021-05-21 10:18:46,11327.8,98933
2021-05-21 10:18:47,11327.8,98933
2021-05-21 10:18:48,11327.0,98937
2021-05-21 10:18:49,11328.55,98939
2021-05-21 10:18:51,11328.55,98939
2021-05-21 10:18:52,11328.55,98939
2021-05-21 10:18:53,11328.0,98954
2021-05-21 10:18:54,11327.0,98956
2021-05-21 10:18:54,11327.0,98956
2021-05-21 10:18:55,11327.0,99188
2021-05-21 10:18:56,11327.05,99191
2021-05-21 10:18:58,11327.95,99200
2021-05-21 10:18:59,11327.95,99205
2021-05-21 10:19:00,11327.95,99205
2021-05-21 10:19:00,11327.95,99205
2021-05-21 10:19:02,11328.0,99511
2021-05-21 10:19:03,11328.0,99511
2021-05-21 10:19:04,11327.95,99513
2021-05-21 10:19:04,11327.95,99513
2021-05-21 10:19:05,11336.6,99772
2021-05-21 10:19:06,11336.4,99778
2021-05-21 10:19:07,11336.4,99778
2021-05-21 10:19:09,11336.4,99784
2021-05-21 10:19:10,11336.8,99786
2021-05-21 10:19:11,11336.8,99792
2021-05-21 10:19:12,11334.1,99808
2021-05-21 10:19:12,11334.1,99818
2021-05-21 10:19:14,11340.0,100074
2021-05-21 10:19:15,11340.0,100112
2021-05-21 10:19:17,11340.0,100120
2021-05-21 10:19:18,11340.0,100134
2021-05-21 10:19:22,11340.0,100172
2021-05-21 10:19:24,11335.7,100179
2021-05-21 10:19:27,11339.55,100183
2021-05-21 10:19:27,11339.55,100183
2021-05-21 10:19:28,11339.55,100183
2021-05-21 10:19:30,11337.95,100184
2021-05-21 10:19:31,11337.95,100184
2021-05-21 10:19:32,11339.5,100187
2021-05-21 10:19:33,11339.5,100187
2021-05-21 10:19:34,11339.5,100187
2021-05-21 10:19:36,11339.5,100187
2021-05-21 10:19:37,11339.5,100187
2021-05-21 10:19:38,11339.5,100187
2021-05-21 10:19:39,11339.5,100187
2021-05-21 10:19:40,11339.5,100187
2021-05-21 10:19:41,11339.25,101005
2021-05-21 10:19:41,11339.5,100987
2021-05-21 10:19:42,11337.5,101018
2021-05-21 10:19:43,11337.5,101018
2021-05-21 10:19:44,11338.95,101019
2021-05-21 10:19:45,11337.5,101020
2021-05-21 10:19:46,11337.5,101020
2021-05-21 10:19:48,11338.95,101026
2021-05-21 10:19:49,11338.95,101032
2021-05-21 10:19:50,11338.95,101032
2021-05-21 10:19:51,11338.2,101035
2021-05-21 10:19:52,11338.2,101035
2021-05-21 10:19:52,11338.2,101035
2021-05-21 10:19:53,11338.2,101035
2021-05-21 10:19:55,11338.95,101036
2021-05-21 10:19:56,11338.95,101063
2021-05-21 10:19:57,11338.95,101065
2021-05-21 10:19:58,11338.95,101077
2021-05-21 10:19:58,11338.95,101077
2021-05-21 10:20:00,11341.35,101313
2021-05-21 10:20:01,11340.0,101345
2021-05-21 10:20:03,11340.0,101345
2021-05-21 10:20:04,11339.1,101346
2021-05-21 10:20:05,11339.1,101346
2021-05-21 10:20:06,11336.05,101356
2021-05-21 10:20:07,11340.0,101357
2021-05-21 10:20:08,11340.0,101357
2021-05-21 10:20:09,11340.0,101358
2021-05-21 10:20:09,11340.0,101358
2021-05-21 10:20:10,11339.0,101362
2021-05-21 10:20:12,11339.0,101362
2021-05-21 10:20:13,11339.0,101362
2021-05-21 10:20:13,11339.0,101362
2021-05-21 10:20:14,11339.1,101367
2021-05-21 10:20:16,11339.1,101415
2021-05-21 10:20:17,11339.1,101420
2021-05-21 10:20:18,11339.1,101420
2021-05-21 10:20:18,11339.1,101420
2021-05-21 10:20:19,11340.0,101520
2021-05-21 10:20:20,11340.0,101520
2021-05-21 10:20:22,11340.0,101524
2021-05-21 10:20:23,11339.55,101529
2021-05-21 10:20:24,11339.55,101529
2021-05-21 10:20:25,11338.95,101573
2021-05-21 10:20:26,11340.0,101598
2021-05-21 10:20:26,11340.0,101628
2021-05-21 10:20:27,11340.0,101628
2021-05-21 10:20:28,11340.0,101628
2021-05-21 10:20:30,11340.0,101632
2021-05-21 10:20:31,11340.0,101636
2021-05-21 10:20:32,11340.0,101638
2021-05-21 10:20:33,11340.0,101640
2021-05-21 10:20:34,11340.0,101640
2021-05-21 10:20:35,11340.0,101660
2021-05-21 10:20:36,11342.0,101697
2021-05-21 10:20:37,11341.95,101742
2021-05-21 10:20:39,11341.95,101742
2021-05-21 10:20:40,11339.0,101747
2021-05-21 10:20:41,11340.0,101752
2021-05-21 10:20:42,11340.0,101752
2021-05-21 10:20:43,11340.0,102000
2021-05-21 10:20:43,11340.0,102000
2021-05-21 10:20:44,11340.0,102000
2021-05-21 10:20:46,11338.0,102058
2021-05-21 10:20:47,11337.5,102061
2021-05-21 10:20:48,11337.5,102061
2021-05-21 10:20:49,11336.0,102064
2021-05-21 10:20:50,11336.0,102064
2021-05-21 10:20:50,11336.0,102064
2021-05-21 10:20:51,11336.0,102064
2021-05-21 10:20:52,11336.0,102064
2021-05-21 10:20:53,11336.0,102064
2021-05-21 10:20:56,11336.0,102064
2021-05-21 10:20:57,11336.0,102064
2021-05-21 10:20:58,11336.0,102064
2021-05-21 10:20:59,11336.0,102064
2021-05-21 10:21:00,11336.0,102064
2021-05-21 10:21:01,11335.1,102079
2021-05-21 10:21:02,11337.0,102080
2021-05-21 10:21:04,11337.0,102080
2021-05-21 10:21:05,11337.0,102080
2021-05-21 10:21:06,11337.0,102080
2021-05-21 10:21:07,11337.0,102080
2021-05-21 10:21:08,11337.0,102080
2021-05-21 10:21:09,11337.0,102080
2021-05-21 10:21:10,11337.0,102080
2021-05-21 10:21:11,11338.6,102081
2021-05-21 10:21:11,11338.6,102081
2021-05-21 10:21:12,11338.6,102081
2021-05-21 10:21:14,11338.6,102081
2021-05-21 10:21:15,11338.6,102081
2021-05-21 10:21:16,11338.6,102081
2021-05-21 10:21:17,11336.0,102083
2021-05-21 10:21:18,11336.0,102084
2021-05-21 10:21:19,11338.6,102086
2021-05-21 10:21:20,11338.6,102096
2021-05-21 10:21:22,11335.0,102114
2021-05-21 10:21:23,11335.0,102114
2021-05-21 10:21:24,11336.75,102115
2021-05-21 10:21:25,11337.9,102145
2021-05-21 10:21:26,11337.9,102145
2021-05-21 10:21:27,11336.95,102146
2021-05-21 10:21:28,11331.0,102342
2021-05-21 10:21:29,11331.0,102342
2021-05-21 10:21:30,11329.5,102352
2021-05-21 10:21:31,11329.5,102352
2021-05-21 10:21:32,11329.5,102352
2021-05-21 10:21:33,11329.5,102352
2021-05-21 10:21:34,11329.5,102352
2021-05-21 10:21:35,11329.5,102352
2021-05-21 10:21:37,11330.95,102353
2021-05-21 10:21:38,11329.5,102354
2021-05-21 10:21:39,11329.5,102354
2021-05-21 10:21:40,11329.5,102354
2021-05-21 10:21:41,11329.5,102354
2021-05-21 10:21:42,11329.5,102355
2021-05-21 10:21:43,11330.95,102359
2021-05-21 10:21:44,11329.5,102362
2021-05-21 10:21:45,11329.5,102362
2021-05-21 10:21:47,11329.5,102362
2021-05-21 10:21:48,11329.5,102362
2021-05-21 10:21:49,11329.5,102364
2021-05-21 10:21:50,11330.95,102365
2021-05-21 10:21:51,11329.5,102415
2021-05-21 10:21:52,11330.25,102417
2021-05-21 10:21:54,11330.95,102419
2021-05-21 10:21:55,11330.25,102420
2021-05-21 10:21:56,11329.0,102428
2021-05-21 10:21:57,11329.0,102428
2021-05-21 10:21:58,11329.0,102428
2021-05-21 10:21:59,11329.0,102428
2021-05-21 10:22:01,11326.25,102449
2021-05-21 10:22:00,11328.0,102430
2021-05-21 10:22:02,11326.25,102449
2021-05-21 10:22:03,11326.25,102449
2021-05-21 10:22:04,11326.25,102449
2021-05-21 10:22:05,11329.95,102451
2021-05-21 10:22:06,11328.7,102454
2021-05-21 10:22:07,11328.7,102454
2021-05-21 10:22:08,11329.0,102457
2021-05-21 10:22:09,11325.0,102467
2021-05-21 10:22:10,11328.8,102475
2021-05-21 10:22:11,11328.75,102481
2021-05-21 10:22:12,11328.75,102481
2021-05-21 10:22:13,11325.6,102521
2021-05-21 10:22:14,11325.0,102536
2021-05-21 10:22:15,11325.0,102536
2021-05-21 10:22:17,11325.0,102667
2021-05-21 10:22:18,11325.0,102667
2021-05-21 10:22:19,11325.0,102676
2021-05-21 10:22:20,11325.0,102676
2021-05-21 10:22:21,11326.8,102677
2021-05-21 10:22:22,11326.8,102677
2021-05-21 10:22:23,11325.0,102718
2021-05-21 10:22:24,11325.0,102718
2021-05-21 10:22:25,11325.0,102718
2021-05-21 10:22:26,11324.0,102735
2021-05-21 10:22:27,11324.0,102735
2021-05-21 10:22:28,11326.8,102740
2021-05-21 10:22:29,11325.0,102800
2021-05-21 10:22:30,11325.0,102800
2021-05-21 10:22:31,11325.0,102800
2021-05-21 10:22:32,11325.9,102803
2021-05-21 10:22:33,11326.85,102823
2021-05-21 10:22:34,11326.85,102823
2021-05-21 10:22:35,11326.85,102823
2021-05-21 10:22:36,11326.85,102823
2021-05-21 10:22:37,11326.85,102823
2021-05-21 10:22:39,11326.85,102824
2021-05-21 10:22:38,11326.85,102824
2021-05-21 10:22:40,11326.85,102824
2021-05-21 10:22:41,11325.0,102826
2021-05-21 10:22:42,11325.95,102827
2021-05-21 10:22:43,11325.95,102827
2021-05-21 10:22:44,11325.95,102827
2021-05-21 10:22:45,11325.95,102828
2021-05-21 10:22:46,11325.95,102828
2021-05-21 10:22:47,11325.95,102828
2021-05-21 10:22:48,11325.95,102828
2021-05-21 10:22:49,11326.0,102844
2021-05-21 10:22:51,11326.85,102877
2021-05-21 10:22:52,11327.45,102878
2021-05-21 10:22:53,11327.45,102878
2021-05-21 10:22:54,11327.45,102878
2021-05-21 10:22:55,11327.45,102878
2021-05-21 10:22:56,11327.45,102878
2021-05-21 10:22:58,11326.85,102922
2021-05-21 10:22:59,11326.85,102922
2021-05-21 10:23:00,11327.4,102923
2021-05-21 10:23:01,11327.4,102923
2021-05-21 10:23:02,11328.0,102943
2021-05-21 10:23:03,11328.0,102945
2021-05-21 10:23:04,11327.6,102990
2021-05-21 10:23:05,11330.1,102991
2021-05-21 10:23:06,11330.1,102991
2021-05-21 10:23:07,11330.1,102991
2021-05-21 10:23:08,11330.1,102991
2021-05-21 10:23:09,11328.8,103001
2021-05-21 10:23:10,11328.6,103006
2021-05-21 10:23:11,11328.6,103006
2021-05-21 10:23:12,11328.6,103006
2021-05-21 10:23:13,11328.6,103006
2021-05-21 10:23:14,11328.6,103006
2021-05-21 10:23:15,11331.9,103011
2021-05-21 10:23:16,11331.9,103011
2021-05-21 10:23:17,11331.9,103011
2021-05-21 10:23:18,11331.9,103011
2021-05-21 10:23:19,11328.6,103017
2021-05-21 10:23:20,11328.6,103017
2021-05-21 10:23:21,11327.65,103027
2021-05-21 10:23:22,11327.65,103027
2021-05-21 10:23:23,11331.5,103029
2021-05-21 10:23:24,11331.5,103029
2021-05-21 10:23:25,11331.5,103029
2021-05-21 10:23:27,11329.75,103031
2021-05-21 10:23:28,11329.75,103031
2021-05-21 10:23:29,11329.75,103031
2021-05-21 10:23:30,11329.75,103031
2021-05-21 10:23:31,11328.6,103044
2021-05-21 10:23:32,11325.95,103054
2021-05-21 10:23:33,11329.7,103056
2021-05-21 10:23:35,11328.75,103064
2021-05-21 10:23:35,11328.75,103064
2021-05-21 10:23:36,11328.6,103066
2021-05-21 10:23:37,11328.6,103066
2021-05-21 10:23:38,11328.6,103066
2021-05-21 10:23:39,11328.6,103066
2021-05-21 10:23:40,11328.6,103066
2021-05-21 10:23:42,11328.6,103066
2021-05-21 10:23:42,11328.6,103066
2021-05-21 10:23:43,11328.6,103066
2021-05-21 10:23:44,11328.6,103066
2021-05-21 10:23:45,11329.7,103068
2021-05-21 10:23:46,11329.7,103079
2021-05-21 10:23:47,11329.7,103080
2021-05-21 10:23:49,11329.7,103080
2021-05-21 10:23:49,11329.7,103080
2021-05-21 10:23:50,11329.7,103080
2021-05-21 10:23:51,11329.7,103080
2021-05-21 10:23:52,11329.7,103087
2021-05-21 10:23:53,11329.7,103099
2021-05-21 10:23:54,11329.7,103099
2021-05-21 10:23:55,11329.7,103099
2021-05-21 10:23:56,11329.7,103099
2021-05-21 10:23:58,11329.95,103101
2021-05-21 10:23:58,11329.95,103101
2021-05-21 10:23:59,11329.95,103101
2021-05-21 10:24:00,11329.95,103101
2021-05-21 10:24:01,11329.95,103102
2021-05-21 10:24:02,11329.95,103102
2021-05-21 10:24:04,11329.95,103104
2021-05-21 10:24:03,11329.95,103104
2021-05-21 10:24:05,11329.7,103109
2021-05-21 10:24:06,11329.7,103109
2021-05-21 10:24:07,11329.7,103109
2021-05-21 10:24:08,11329.75,103113
2021-05-21 10:24:09,11329.75,103113
2021-05-21 10:24:10,11329.75,103113
2021-05-21 10:24:11,11329.7,103118
2021-05-21 10:24:12,11329.95,103125
2021-05-21 10:24:14,11329.7,103128
2021-05-21 10:24:16,11329.7,103128
2021-05-21 10:24:17,11329.95,103129
2021-05-21 10:24:18,11329.95,103129
2021-05-21 10:24:18,11329.95,103129
2021-05-21 10:24:19,11329.95,103129
2021-05-21 10:24:21,11329.7,103136
2021-05-21 10:24:22,11329.7,103136
2021-05-21 10:24:23,11329.95,103145
2021-05-21 10:24:24,11329.95,103147
2021-05-21 10:24:25,11329.95,103147
2021-05-21 10:24:27,11329.95,103147
2021-05-21 10:24:28,11329.95,103147
2021-05-21 10:24:28,11329.95,103147
2021-05-21 10:24:29,11329.95,103147
2021-05-21 10:24:30,11329.95,103147
2021-05-21 10:24:31,11329.95,103147
2021-05-21 10:24:33,11330.0,103153
2021-05-21 10:24:34,11330.0,103153
2021-05-21 10:24:35,11330.0,103153
2021-05-21 10:24:36,11330.0,103153
2021-05-21 10:24:37,11330.0,103153
2021-05-21 10:24:39,11329.95,103154
2021-05-21 10:24:39,11329.95,103154
2021-05-21 10:24:40,11331.0,103188
2021-05-21 10:24:41,11330.2,103196
2021-05-21 10:24:42,11330.2,103196
2021-05-21 10:24:43,11332.8,103197
2021-05-21 10:24:44,11332.8,103199
2021-05-21 10:24:46,11334.95,103200
2021-05-21 10:24:46,11334.95,103200
2021-05-21 10:24:47,11334.95,103201
2021-05-21 10:24:48,11335.0,103203
2021-05-21 10:24:49,11335.0,103224
2021-05-21 10:24:50,11335.0,103224
2021-05-21 10:24:51,11335.0,103224
2021-05-21 10:24:52,11337.15,103235
2021-05-21 10:24:53,11336.9,103236
2021-05-21 10:24:54,11336.9,103236
2021-05-21 10:24:55,11337.85,103238
2021-05-21 10:24:57,11336.9,103239
2021-05-21 10:24:58,11336.9,103239
2021-05-21 10:24:59,11336.9,103239
2021-05-21 10:25:00,11336.9,103239
2021-05-21 10:25:00,11336.9,103239
2021-05-21 10:25:01,11336.9,103239
2021-05-21 10:25:02,11336.9,103239
2021-05-21 10:25:03,11339.95,103289
2021-05-21 10:25:04,11339.95,103289
2021-05-21 10:25:05,11340.0,103307
2021-05-21 10:25:06,11340.0,103325
2021-05-21 10:25:07,11340.0,103325
2021-05-21 10:25:09,11340.0,103329
2021-05-21 10:25:09,11340.0,103329
2021-05-21 10:25:11,11340.0,103376
2021-05-21 10:25:12,11340.0,103378
2021-05-21 10:25:13,11340.0,103380
2021-05-21 10:25:14,11340.0,103381
2021-05-21 10:25:16,11340.0,103382
2021-05-21 10:25:17,11340.0,103396
2021-05-21 10:25:17,11340.0,103396
2021-05-21 10:25:18,11340.0,103407
2021-05-21 10:25:20,11340.0,103407
2021-05-21 10:25:20,11340.0,103407
2021-05-21 10:25:21,11339.3,103408
2021-05-21 10:25:22,11342.0,103458
2021-05-21 10:25:23,11337.85,103465
2021-05-21 10:25:24,11337.85,103471
2021-05-21 10:25:25,11340.0,103474
2021-05-21 10:25:27,11340.0,103474
2021-05-21 10:25:27,11340.0,103474
2021-05-21 10:25:28,11340.0,103474
2021-05-21 10:25:29,11340.0,103474
2021-05-21 10:25:30,11340.0,103474
2021-05-21 10:25:31,11340.0,103474
2021-05-21 10:25:32,11340.0,103474
2021-05-21 10:25:33,11340.0,103489
2021-05-21 10:25:34,11340.0,103489
2021-05-21 10:25:35,11340.0,103489
2021-05-21 10:25:36,11340.0,103489
2021-05-21 10:25:38,11340.0,103496
2021-05-21 10:25:40,11340.0,103496
2021-05-21 10:25:41,11342.0,103576
2021-05-21 10:25:42,11342.0,103576
2021-05-21 10:25:43,11342.0,103576
2021-05-21 10:25:43,11342.0,103576
2021-05-21 10:25:44,11340.0,103577
2021-05-21 10:25:45,11340.0,103577
2021-05-21 10:25:46,11340.0,103581
2021-05-21 10:25:47,11340.0,103585
2021-05-21 10:25:48,11335.75,103592
2021-05-21 10:25:50,11340.0,103612
2021-05-21 10:25:51,11340.0,103652
2021-05-21 10:25:52,11335.0,103657
2021-05-21 10:25:53,11335.0,103657
2021-05-21 10:25:53,11336.1,103661
2021-05-21 10:25:54,11336.1,103661
2021-05-21 10:25:55,11336.1,103661
2021-05-21 10:25:56,11335.0,103663
2021-05-21 10:25:57,11335.0,103663
2021-05-21 10:25:58,11335.0,103663
2021-05-21 10:26:00,11335.0,103663
2021-05-21 10:26:01,11335.0,103663
2021-05-21 10:26:02,11335.0,103663
2021-05-21 10:26:03,11335.0,103663
2021-05-21 10:26:03,11335.0,103663
2021-05-21 10:26:04,11335.0,103663
2021-05-21 10:26:05,11335.0,103663
2021-05-21 10:26:06,11330.5,103796
2021-05-21 10:26:08,11330.5,103796
2021-05-21 10:26:09,11330.5,103796
2021-05-21 10:26:10,11330.5,103796
2021-05-21 10:26:10,11330.5,103796
2021-05-21 10:26:11,11330.8,103846
2021-05-21 10:26:12,11330.8,103846
2021-05-21 10:26:13,11330.8,103846
2021-05-21 10:26:14,11330.8,103846
2021-05-21 10:26:15,11330.8,103846
2021-05-21 10:26:16,11330.8,103846
2021-05-21 10:26:18,11330.8,103846
2021-05-21 10:26:19,11331.0,103849
2021-05-21 10:26:20,11331.0,103849
2021-05-21 10:26:21,11331.0,103849
2021-05-21 10:26:21,11335.6,103850
2021-05-21 10:26:22,11335.6,103855
2021-05-21 10:26:23,11335.6,103863
2021-05-21 10:26:24,11335.6,103863
2021-05-21 10:26:25,11335.6,103863
2021-05-21 10:26:28,11335.6,103864
2021-05-21 10:26:29,11334.75,103867
2021-05-21 10:26:30,11334.75,103867
2021-05-21 10:26:31,11334.75,103867
2021-05-21 10:26:33,11334.75,103867
2021-05-21 10:26:34,11334.75,103867
2021-05-21 10:26:35,11334.75,103867
2021-05-21 10:26:36,11334.75,103867
2021-05-21 10:26:37,11334.75,103867
2021-05-21 10:26:37,11334.75,103867
2021-05-21 10:26:38,11334.75,103867
2021-05-21 10:26:40,11334.75,103867
2021-05-21 10:26:41,11334.75,103867
2021-05-21 10:26:41,11334.75,103867
2021-05-21 10:26:42,11334.75,103867
2021-05-21 10:26:43,11334.75,103867
2021-05-21 10:26:44,11334.75,103867
2021-05-21 10:26:45,11334.75,103867
2021-05-21 10:26:46,11334.75,103867
2021-05-21 10:26:47,11334.5,103868
2021-05-21 10:26:48,11334.5,103868
2021-05-21 10:26:49,11334.5,103868
2021-05-21 10:26:50,11334.5,103868
2021-05-21 10:26:51,11334.5,103868
2021-05-21 10:26:52,11334.5,103868
2021-05-21 10:26:54,11334.5,103868
2021-05-21 10:26:54,11334.5,103868
2021-05-21 10:26:55,11334.5,103868
2021-05-21 10:26:56,11334.5,103872
2021-05-21 10:26:57,11334.5,103872
2021-05-21 10:26:58,11334.5,103872
2021-05-21 10:27:00,11334.35,103878
2021-05-21 10:27:01,11334.35,103878
2021-05-21 10:27:02,11334.5,103929
2021-05-21 10:27:03,11334.5,103934
2021-05-21 10:27:04,11334.5,103935
2021-05-21 10:27:06,11334.5,103936
2021-05-21 10:27:07,11334.5,103936
2021-05-21 10:27:08,11334.5,103936
2021-05-21 10:27:10,11334.5,103936
2021-05-21 10:27:10,11334.5,103936
2021-05-21 10:27:11,11334.5,103936
2021-05-21 10:27:12,11335.15,103946
2021-05-21 10:27:14,11334.85,103947
