timestamp,ltp,volume
2021-05-21 09:36:42,5670.1,294704
2021-05-21 09:36:43,5672.4,294879
2021-05-21 09:36:44,5670.4,295092
2021-05-21 09:36:45,5670.05,295228
2021-05-21 09:36:46,5670.0,295494
2021-05-21 09:36:48,5670.55,295731
2021-05-21 09:36:47,5670.1,295721
2021-05-21 09:36:49,5672.45,295858
2021-05-21 09:36:51,5672.45,295907
2021-05-21 09:36:52,5672.45,296117
2021-05-21 09:36:53,5675.0,296327
2021-05-21 09:36:54,5675.0,296743
2021-05-21 09:36:55,5675.75,296867
2021-05-21 09:36:56,5675.0,296917
2021-05-21 09:36:57,5672.55,296921
2021-05-21 09:36:58,5672.5,297054
2021-05-21 09:36:59,5672.6,297064
2021-05-21 09:37:00,5672.05,297582
2021-05-21 09:37:01,5672.15,297649
2021-05-21 09:37:02,5675.0,298012
2021-05-21 09:37:03,5675.0,298052
2021-05-21 09:37:04,5672.5,298117
2021-05-21 09:37:05,5672.6,298121
2021-05-21 09:37:06,5672.95,298221
2021-05-21 09:37:07,5675.0,298475
2021-05-21 09:37:08,5672.65,298566
2021-05-21 09:37:09,5674.9,298583
2021-05-21 09:37:10,5674.95,298627
2021-05-21 09:37:11,5675.0,298689
2021-05-21 09:37:13,5675.0,298835
2021-05-21 09:37:14,5673.45,298846
2021-05-21 09:37:15,5675.0,298847
2021-05-21 09:37:16,5675.0,298895
2021-05-21 09:37:17,5673.3,299005
2021-05-21 09:37:18,5674.9,299723
2021-05-21 09:37:19,5675.45,302162
2021-05-21 09:37:20,5676.0,302222
2021-05-21 09:37:21,5674.5,302451
2021-05-21 09:37:22,5675.0,302727
2021-05-21 09:37:23,5676.0,302956
2021-05-21 09:37:24,5676.0,303014
2021-05-21 09:37:25,5675.0,303133
2021-05-21 09:37:26,5674.2,303298
2021-05-21 09:37:27,5674.0,303500
2021-05-21 09:37:28,5674.45,305181
2021-05-21 09:37:29,5674.45,305227
2021-05-21 09:37:30,5674.95,305565
2021-05-21 09:37:31,5674.9,305592
2021-05-21 09:37:32,5674.95,305639
2021-05-21 09:37:33,5672.65,305729
2021-05-21 09:37:34,5675.0,305834
2021-05-21 09:37:35,5674.2,305939
2021-05-21 09:37:36,5675.0,306160
2021-05-21 09:37:38,5672.4,306766
2021-05-21 09:37:38,5672.6,306716
2021-05-21 09:37:39,5674.8,306972
2021-05-21 09:37:40,5674.9,307042
2021-05-21 09:37:41,5672.65,307095
2021-05-21 09:37:43,5674.45,307639
2021-05-21 09:37:44,5674.6,307842
2021-05-21 09:37:45,5673.65,309395
2021-05-21 09:37:46,5673.65,309405
2021-05-21 09:37:47,5672.05,309431
2021-05-21 09:37:48,5673.95,309449
2021-05-21 09:37:49,5670.9,309599
2021-05-21 09:37:50,5673.6,309724
2021-05-21 09:37:50,5673.6,309724
2021-05-21 09:37:51,5672.65,309814
2021-05-21 09:37:52,5674.0,309980
2021-05-21 09:37:53,5671.6,310136
2021-05-21 09:37:54,5672.0,310144
2021-05-21 09:37:55,5671.2,310205
2021-05-21 09:37:56,5671.2,310205
2021-05-21 09:37:57,5671.2,310250
2021-05-21 09:37:59,5671.6,310662
2021-05-21 09:38:00,5672.65,310701
2021-05-21 09:38:01,5671.2,310837
2021-05-21 09:38:02,5672.95,310920
2021-05-21 09:38:03,5671.9,311005
2021-05-21 09:38:05,5672.0,311113
2021-05-21 09:38:06,5672.95,311540
2021-05-21 09:38:07,5671.0,311592
2021-05-21 09:38:08,5670.75,311803
2021-05-21 09:38:09,5672.0,311847
2021-05-21 09:38:10,5673.1,311947
2021-05-21 09:38:11,5673.0,311972
2021-05-21 09:38:12,5674.0,312936
2021-05-21 09:38:13,5671.7,313043
2021-05-21 09:38:13,5673.2,313346
2021-05-21 09:38:15,5672.65,313381
2021-05-21 09:38:16,5672.65,313431
2021-05-21 09:38:17,5674.5,313615
2021-05-21 09:38:18,5672.3,313716
2021-05-21 09:38:19,5672.65,313717
2021-05-21 09:38:20,5672.65,313829
2021-05-21 09:38:21,5672.65,313888
2021-05-21 09:38:22,5675.0,314184
2021-05-21 09:38:23,5675.0,314209
2021-05-21 09:38:24,5674.5,314276
2021-05-21 09:38:25,5673.65,314326
2021-05-21 09:38:26,5675.0,314476
2021-05-21 09:38:27,5675.0,314498
2021-05-21 09:38:28,5675.0,314505
2021-05-21 09:38:29,5674.9,314576
2021-05-21 09:38:30,5675.0,314716
2021-05-21 09:38:31,5675.0,314757
2021-05-21 09:38:32,5675.0,316179
2021-05-21 09:38:33,5676.0,317226
2021-05-21 09:38:34,5678.0,317739
2021-05-21 09:38:35,5678.0,317739
2021-05-21 09:38:36,5677.0,317812
2021-05-21 09:38:37,5677.95,317868
2021-05-21 09:38:38,5678.0,318104
2021-05-21 09:38:39,5678.0,318613
2021-05-21 09:38:40,5678.0,319268
2021-05-21 09:38:41,5682.5,322377
2021-05-21 09:38:42,5680.35,322424
2021-05-21 09:38:43,5680.3,322724
2021-05-21 09:38:44,5682.8,322778
2021-05-21 09:38:45,5683.75,323344
2021-05-21 09:38:46,5682.8,323665
2021-05-21 09:38:47,5680.0,323834
2021-05-21 09:38:47,5681.3,323839
2021-05-21 09:38:48,5679.1,324703
2021-05-21 09:38:49,5681.0,325164
2021-05-21 09:38:50,5680.0,325299
2021-05-21 09:38:52,5681.9,325415
2021-05-21 09:38:53,5682.0,325562
2021-05-21 09:38:54,5680.45,325673
2021-05-21 09:38:55,5680.0,325690
2021-05-21 09:38:56,5680.7,325890
2021-05-21 09:38:57,5680.4,326480
2021-05-21 09:38:58,5677.35,326755
2021-05-21 09:38:59,5680.2,326991
2021-05-21 09:39:00,5677.65,327173
2021-05-21 09:39:01,5681.3,327468
2021-05-21 09:39:03,5680.4,327588
2021-05-21 09:39:04,5681.3,327702
2021-05-21 09:39:05,5678.55,328114
2021-05-21 09:39:06,5680.0,328223
2021-05-21 09:39:07,5682.0,328402
2021-05-21 09:39:08,5680.4,328424
2021-05-21 09:39:09,5679.5,328434
2021-05-21 09:39:10,5681.85,328601
2021-05-21 09:39:11,5682.0,328631
2021-05-21 09:39:12,5679.2,328768
2021-05-21 09:39:13,5682.0,328888
2021-05-21 09:39:14,5682.0,329139
2021-05-21 09:39:15,5681.95,329546
2021-05-21 09:39:16,5680.0,329640
2021-05-21 09:39:17,5680.0,329763
2021-05-21 09:39:19,5680.0,329780
2021-05-21 09:39:21,5682.0,329979
2021-05-21 09:39:22,5682.0,330039
2021-05-21 09:39:23,5680.45,330407
2021-05-21 09:39:24,5680.5,330416
2021-05-21 09:39:25,5680.5,330572
2021-05-21 09:39:26,5680.0,330602
2021-05-21 09:39:28,5680.1,330640
2021-05-21 09:39:27,5680.1,330640
2021-05-21 09:39:29,5682.0,330756
2021-05-21 09:39:30,5680.85,331347
2021-05-21 09:39:31,5682.8,331402
2021-05-21 09:39:32,5681.2,331416
2021-05-21 09:39:33,5683.75,331586
2021-05-21 09:39:34,5683.75,331826
2021-05-21 09:39:35,5683.75,332001
2021-05-21 09:39:36,5684.0,332208
2021-05-21 09:39:37,5684.0,332618
2021-05-21 09:39:38,5683.75,332675
2021-05-21 09:39:39,5685.0,332957
2021-05-21 09:39:40,5685.0,332968
2021-05-21 09:39:41,5685.0,332986
2021-05-21 09:39:42,5683.85,333024
2021-05-21 09:39:43,5683.85,333024
2021-05-21 09:39:44,5683.75,333160
2021-05-21 09:39:45,5685.0,333250
2021-05-21 09:39:46,5685.0,333460
2021-05-21 09:39:47,5685.0,333630
2021-05-21 09:39:48,5685.0,333683
2021-05-21 09:39:49,5685.0,333824
2021-05-21 09:39:50,5685.0,333860
2021-05-21 09:39:51,5685.0,334074
2021-05-21 09:39:52,5685.0,334214
2021-05-21 09:39:53,5685.0,334257
2021-05-21 09:39:54,5684.0,334510
2021-05-21 09:39:55,5682.3,334808
2021-05-21 09:39:56,5684.4,335034
2021-05-21 09:39:57,5683.0,335101
2021-05-21 09:39:58,5684.95,335371
2021-05-21 09:39:59,5682.3,335431
2021-05-21 09:40:00,5682.5,336036
2021-05-21 09:40:01,5681.4,338109
2021-05-21 09:40:02,5681.15,338129
2021-05-21 09:40:03,5680.0,338212
2021-05-21 09:40:04,5680.0,338237
2021-05-21 09:40:05,5680.05,338660
2021-05-21 09:40:06,5680.45,338784
2021-05-21 09:40:07,5680.0,340029
2021-05-21 09:40:08,5680.0,340035
2021-05-21 09:40:09,5679.9,340037
2021-05-21 09:40:10,5679.6,340393
2021-05-21 09:40:11,5679.45,340579
2021-05-21 09:40:12,5680.05,340753
2021-05-21 09:40:13,5676.65,341035
2021-05-21 09:40:14,5678.0,341141
2021-05-21 09:40:15,5678.0,341281
2021-05-21 09:40:16,5676.5,341326
2021-05-21 09:40:17,5676.5,341422
2021-05-21 09:40:18,5676.65,341434
2021-05-21 09:40:19,5676.65,341525
2021-05-21 09:40:20,5676.0,341746
2021-05-21 09:40:21,5675.0,342214
2021-05-21 09:40:22,5675.2,342298
2021-05-21 09:40:24,5675.0,342474
2021-05-21 09:40:25,5677.2,342654
2021-05-21 09:40:26,5675.0,342832
2021-05-21 09:40:27,5677.2,342912
2021-05-21 09:40:28,5675.0,342925
2021-05-21 09:40:29,5677.0,342953
2021-05-21 09:40:30,5675.0,343064
2021-05-21 09:40:31,5677.0,343140
2021-05-21 09:40:32,5675.0,343375
2021-05-21 09:40:33,5675.0,344098
2021-05-21 09:40:34,5677.6,344331
2021-05-21 09:40:35,5675.35,344373
2021-05-21 09:40:36,5677.0,344519
2021-05-21 09:40:37,5677.2,345003
2021-05-21 09:40:38,5678.2,345032
2021-05-21 09:40:39,5680.0,345153
2021-05-21 09:40:40,5678.4,345320
2021-05-21 09:40:41,5676.7,345621
2021-05-21 09:40:42,5679.25,345679
2021-05-21 09:40:43,5677.4,345890
2021-05-21 09:40:44,5680.0,345965
2021-05-21 09:40:45,5681.2,346998
2021-05-21 09:40:46,5681.3,348127
2021-05-21 09:40:47,5682.0,349097
2021-05-21 09:40:49,5684.9,351448
2021-05-21 09:40:48,5684.9,351448
2021-05-21 09:40:50,5685.0,351498
2021-05-21 09:40:51,5682.95,351823
2021-05-21 09:40:53,5682.4,351983
2021-05-21 09:40:54,5682.4,352022
2021-05-21 09:40:55,5682.0,352082
2021-05-21 09:40:56,5682.1,352096
2021-05-21 09:40:57,5684.2,352205
2021-05-21 09:40:58,5684.0,352235
2021-05-21 09:40:59,5684.4,352384
2021-05-21 09:41:00,5684.4,352384
2021-05-21 09:41:01,5683.9,352402
2021-05-21 09:41:02,5683.9,352406
2021-05-21 09:41:03,5683.8,352596
2021-05-21 09:41:04,5682.4,352655
2021-05-21 09:41:05,5682.0,352687
2021-05-21 09:41:06,5682.0,352788
2021-05-21 09:41:07,5684.0,352846
2021-05-21 09:41:08,5682.0,352878
2021-05-21 09:41:09,5683.9,353007
2021-05-21 09:41:10,5685.0,353784
2021-05-21 09:41:11,5683.05,354105
2021-05-21 09:41:12,5682.1,354120
2021-05-21 09:41:13,5684.0,354139
2021-05-21 09:41:14,5684.55,354240
2021-05-21 09:41:15,5684.0,354246
2021-05-21 09:41:16,5682.25,354389
2021-05-21 09:41:17,5682.25,354437
2021-05-21 09:41:18,5684.4,354510
2021-05-21 09:41:19,5685.0,354560
2021-05-21 09:41:20,5685.0,354597
2021-05-21 09:41:22,5683.25,354696
2021-05-21 09:41:22,5684.0,354713
2021-05-21 09:41:23,5685.0,354914
2021-05-21 09:41:24,5685.0,354962
2021-05-21 09:41:25,5684.9,355050
2021-05-21 09:41:26,5684.0,355121
2021-05-21 09:41:27,5682.6,355156
2021-05-21 09:41:28,5682.45,355167
2021-05-21 09:41:29,5683.0,355229
2021-05-21 09:41:30,5685.0,355266
2021-05-21 09:41:31,5684.25,355268
2021-05-21 09:41:32,5682.7,355319
2021-05-21 09:41:33,5683.25,355341
2021-05-21 09:41:34,5685.95,355817
2021-05-21 09:41:35,5683.9,356224
2021-05-21 09:41:36,5683.6,356244
2021-05-21 09:41:37,5685.0,356276
2021-05-21 09:41:39,5683.85,356317
2021-05-21 09:41:39,5685.0,356334
2021-05-21 09:41:40,5684.0,356381
2021-05-21 09:41:41,5682.95,357280
2021-05-21 09:41:42,5680.9,357329
2021-05-21 09:41:43,5682.9,357345
2021-05-21 09:41:44,5683.25,357420
2021-05-21 09:41:45,5683.25,357431
2021-05-21 09:41:48,5684.75,357489
2021-05-21 09:41:49,5683.0,357503
2021-05-21 09:41:50,5684.0,357520
2021-05-21 09:41:51,5684.75,357553
2021-05-21 09:41:51,5684.0,357533
2021-05-21 09:41:52,5683.0,357564
2021-05-21 09:41:53,5683.0,357642
2021-05-21 09:41:54,5683.0,357642
2021-05-21 09:41:55,5683.0,357653
2021-05-21 09:41:56,5680.9,358065
2021-05-21 09:41:57,5683.0,358131
2021-05-21 09:41:58,5683.4,358314
2021-05-21 09:42:00,5683.35,358521
2021-05-21 09:42:01,5683.15,358796
2021-05-21 09:42:01,5680.9,358828
2021-05-21 09:42:02,5684.95,359691
2021-05-21 09:42:03,5684.95,359772
2021-05-21 09:42:04,5683.5,359834
2021-05-21 09:42:05,5683.0,360765
2021-05-21 09:42:06,5682.6,360829
2021-05-21 09:42:07,5682.45,360979
2021-05-21 09:42:08,5683.0,360989
2021-05-21 09:42:09,5683.0,361043
2021-05-21 09:42:11,5683.0,361177
2021-05-21 09:42:12,5683.1,361216
2021-05-21 09:42:13,5681.1,361221
2021-05-21 09:42:13,5682.0,361223
2021-05-21 09:42:14,5681.0,361240
2021-05-21 09:42:15,5682.5,361298
2021-05-21 09:42:16,5682.8,361441
2021-05-21 09:42:17,5681.35,361456
2021-05-21 09:42:18,5681.15,361533
2021-05-21 09:42:19,5680.6,362095
2021-05-21 09:42:20,5679.05,362737
2021-05-21 09:42:22,5679.15,362918
2021-05-21 09:42:23,5681.15,362920
2021-05-21 09:42:24,5681.7,362992
2021-05-21 09:42:25,5681.35,363006
2021-05-21 09:42:26,5678.8,363384
2021-05-21 09:42:26,5678.8,363384
2021-05-21 09:42:27,5678.5,363409
2021-05-21 09:42:28,5680.85,363609
2021-05-21 09:42:29,5678.25,363649
2021-05-21 09:42:30,5678.25,363669
2021-05-21 09:42:31,5678.05,363809
2021-05-21 09:42:32,5680.0,363857
2021-05-21 09:42:33,5679.0,363858
2021-05-21 09:42:34,5679.0,364056
2021-05-21 09:42:35,5680.0,364611
2021-05-21 09:42:36,5678.0,364905
2021-05-21 09:42:37,5680.0,364976
2021-05-21 09:42:38,5678.0,365259
2021-05-21 09:42:39,5679.0,365285
2021-05-21 09:42:40,5678.0,365294
2021-05-21 09:42:41,5678.25,365518
2021-05-21 09:42:42,5678.0,365607
2021-05-21 09:42:43,5677.2,365819
2021-05-21 09:42:44,5677.35,365925
2021-05-21 09:42:45,5680.0,366612
2021-05-21 09:42:46,5679.0,366756
2021-05-21 09:42:47,5679.8,366945
2021-05-21 09:42:49,5678.0,367030
2021-05-21 09:42:52,5677.4,367274
2021-05-21 09:42:53,5678.5,367445
2021-05-21 09:42:54,5678.9,367545
2021-05-21 09:42:55,5676.15,367566
2021-05-21 09:42:56,5676.0,367631
2021-05-21 09:42:57,5675.8,367657
2021-05-21 09:42:59,5675.5,367733
2021-05-21 09:42:59,5677.0,367746
2021-05-21 09:43:00,5675.25,367829
2021-05-21 09:43:01,5675.2,367904
2021-05-21 09:43:02,5677.15,367983
2021-05-21 09:43:03,5677.4,369048
2021-05-21 09:43:05,5678.9,369268
2021-05-21 09:43:06,5681.0,372897
2021-05-21 09:43:08,5684.8,374835
2021-05-21 09:43:09,5683.2,375139
2021-05-21 09:43:10,5682.05,375264
2021-05-21 09:43:11,5685.0,376455
2021-05-21 09:43:12,5682.1,376674
2021-05-21 09:43:13,5682.05,376811
2021-05-21 09:43:14,5683.95,376829
2021-05-21 09:43:15,5681.4,376895
2021-05-21 09:43:16,5682.05,377018
2021-05-21 09:43:17,5683.2,377058
2021-05-21 09:43:18,5683.0,377064
2021-05-21 09:43:19,5681.4,377274
2021-05-21 09:43:20,5679.35,377286
2021-05-21 09:43:21,5681.85,377298
2021-05-21 09:43:23,5681.0,377624
2021-05-21 09:43:24,5681.0,377750
2021-05-21 09:43:25,5681.0,377875
2021-05-21 09:43:26,5680.2,377937
2021-05-21 09:43:30,5688.0,381060
2021-05-21 09:43:32,5685.7,381094
2021-05-21 09:43:33,5687.95,381149
2021-05-21 09:43:34,5687.9,381178
2021-05-21 09:43:35,5685.1,381328
2021-05-21 09:43:36,5685.85,381374
2021-05-21 09:43:37,5688.0,381924
2021-05-21 09:43:38,5685.25,381932
2021-05-21 09:43:39,5688.0,382201
2021-05-21 09:43:40,5688.0,382274
2021-05-21 09:43:41,5685.7,382325
2021-05-21 09:43:42,5688.0,382386
2021-05-21 09:43:43,5688.0,382386
2021-05-21 09:43:44,5686.1,382439
2021-05-21 09:43:45,5687.75,382680
2021-05-21 09:43:45,5687.75,382693
2021-05-21 09:43:46,5687.95,382733
2021-05-21 09:43:47,5687.95,382743
2021-05-21 09:43:48,5685.55,382753
2021-05-21 09:43:49,5687.85,382913
2021-05-21 09:43:50,5685.55,382935
2021-05-21 09:43:51,5688.0,383038
2021-05-21 09:43:52,5688.0,383259
2021-05-21 09:43:53,5688.0,383293
2021-05-21 09:43:54,5688.0,383318
2021-05-21 09:43:55,5687.5,383340
2021-05-21 09:43:56,5687.5,383451
2021-05-21 09:43:57,5688.05,384169
2021-05-21 09:43:58,5689.0,384374
2021-05-21 09:43:59,5687.0,384701
2021-05-21 09:44:02,5688.0,385139
2021-05-21 09:44:03,5686.55,385176
2021-05-21 09:44:04,5686.4,385221
2021-05-21 09:44:05,5688.95,385453
2021-05-21 09:44:06,5686.2,385501
2021-05-21 09:44:07,5688.0,385518
2021-05-21 09:44:08,5686.2,385719
2021-05-21 09:44:09,5686.5,385760
2021-05-21 09:44:10,5686.5,385760
2021-05-21 09:44:11,5687.0,385769
2021-05-21 09:44:12,5687.5,385821
2021-05-21 09:44:13,5686.0,386073
2021-05-21 09:44:13,5687.5,386173
2021-05-21 09:44:14,5686.2,386179
2021-05-21 09:44:15,5686.0,386234
2021-05-21 09:44:16,5686.0,386360
2021-05-21 09:44:17,5685.9,386525
2021-05-21 09:44:18,5686.85,386568
2021-05-21 09:44:19,5685.9,386637
2021-05-21 09:44:20,5685.5,386865
2021-05-21 09:44:21,5685.5,386966
2021-05-21 09:44:22,5687.0,386976
2021-05-21 09:44:23,5685.5,386982
2021-05-21 09:44:25,5683.15,387508
2021-05-21 09:44:26,5684.95,387629
2021-05-21 09:44:27,5683.15,387700
2021-05-21 09:44:28,5683.15,387958
2021-05-21 09:44:29,5683.9,388061
2021-05-21 09:44:30,5686.85,388234
2021-05-21 09:44:31,5686.85,388264
2021-05-21 09:44:32,5686.45,388423
2021-05-21 09:44:33,5686.45,388423
2021-05-21 09:44:34,5685.9,388473
2021-05-21 09:44:34,5685.9,388473
2021-05-21 09:44:35,5685.9,388584
2021-05-21 09:44:36,5685.9,388594
2021-05-21 09:44:37,5685.0,388709
2021-05-21 09:44:39,5684.4,388971
2021-05-21 09:44:40,5684.35,389140
2021-05-21 09:44:41,5687.0,389668
2021-05-21 09:44:43,5687.0,389823
2021-05-21 09:44:44,5687.0,389863
2021-05-21 09:44:45,5686.15,389920
2021-05-21 09:44:46,5686.1,390017
2021-05-21 09:44:47,5687.0,390220
2021-05-21 09:44:48,5687.0,390242
2021-05-21 09:44:49,5686.25,390272
2021-05-21 09:44:50,5684.75,390279
2021-05-21 09:44:51,5687.0,390321
2021-05-21 09:44:52,5686.1,390362
2021-05-21 09:44:53,5686.1,390393
2021-05-21 09:44:53,5686.1,390393
2021-05-21 09:44:54,5687.0,390470
2021-05-21 09:44:55,5685.0,390507
2021-05-21 09:44:56,5687.0,390573
2021-05-21 09:44:57,5685.7,390591
2021-05-21 09:44:58,5687.0,390700
2021-05-21 09:44:59,5687.0,390782
2021-05-21 09:45:00,5687.0,390914
2021-05-21 09:45:01,5687.0,390943
2021-05-21 09:45:02,5685.05,391033
2021-05-21 09:45:03,5685.05,391033
2021-05-21 09:45:04,5687.0,391045
2021-05-21 09:45:05,5687.0,391051
2021-05-21 09:45:07,5687.0,391092
2021-05-21 09:45:08,5686.0,391237
2021-05-21 09:45:09,5687.0,391517
2021-05-21 09:45:10,5687.95,391969
2021-05-21 09:45:11,5687.0,392088
2021-05-21 09:45:12,5685.5,392506
2021-05-21 09:45:13,5687.0,392521
2021-05-21 09:45:14,5687.4,392616
2021-05-21 09:45:14,5687.55,392646
2021-05-21 09:45:15,5687.55,392707
2021-05-21 09:45:16,5687.05,392922
2021-05-21 09:45:17,5686.0,392952
2021-05-21 09:45:18,5688.0,393122
2021-05-21 09:45:19,5688.0,393154
2021-05-21 09:45:21,5689.55,394666
2021-05-21 09:45:21,5690.0,395138
2021-05-21 09:45:22,5690.0,396743
2021-05-21 09:45:23,5690.0,396882
2021-05-21 09:45:24,5689.45,396900
2021-05-21 09:45:26,5690.0,397123
2021-05-21 09:45:27,5690.0,397511
2021-05-21 09:45:28,5689.45,397640
2021-05-21 09:45:29,5690.0,398334
2021-05-21 09:45:29,5690.0,398334
2021-05-21 09:45:31,5692.0,400236
2021-05-21 09:45:32,5692.0,400279
2021-05-21 09:45:33,5692.0,400442
2021-05-21 09:45:34,5692.0,400487
2021-05-21 09:45:35,5690.5,400656
2021-05-21 09:45:36,5692.0,400935
2021-05-21 09:45:38,5692.0,401139
2021-05-21 09:45:39,5691.1,401165
2021-05-21 09:45:40,5692.0,401318
2021-05-21 09:45:41,5690.3,401518
2021-05-21 09:45:42,5690.2,401568
2021-05-21 09:45:43,5691.35,401654
2021-05-21 09:45:44,5691.2,401850
2021-05-21 09:45:45,5691.15,402362
2021-05-21 09:45:46,5690.05,402548
2021-05-21 09:45:47,5690.5,402678
2021-05-21 09:45:49,5691.9,402723
2021-05-21 09:45:50,5690.25,402737
2021-05-21 09:45:52,5690.25,402898
2021-05-21 09:45:53,5690.0,402937
2021-05-21 09:45:54,5690.1,403019
2021-05-21 09:45:54,5691.0,403119
2021-05-21 09:45:55,5692.0,403246
2021-05-21 09:45:56,5691.9,403453
2021-05-21 09:45:57,5690.5,403516
2021-05-21 09:45:58,5690.35,403571
2021-05-21 09:45:59,5692.0,403776
2021-05-21 09:46:01,5691.9,403813
2021-05-21 09:46:02,5690.0,403928
2021-05-21 09:46:03,5692.1,404282
2021-05-21 09:46:04,5690.0,404517
2021-05-21 09:46:05,5691.85,404671
2021-05-21 09:46:06,5691.15,404730
2021-05-21 09:46:07,5691.15,404785
2021-05-21 09:46:08,5691.15,404814
2021-05-21 09:46:09,5692.0,404828
2021-05-21 09:46:10,5692.0,404828
2021-05-21 09:46:11,5692.0,404839
2021-05-21 09:46:12,5692.0,404924
2021-05-21 09:46:13,5691.0,405028
2021-05-21 09:46:14,5691.0,405258
2021-05-21 09:46:15,5691.0,405393
2021-05-21 09:46:16,5692.0,405480
2021-05-21 09:46:16,5692.0,405480
2021-05-21 09:46:17,5691.0,405548
2021-05-21 09:46:18,5692.0,405710
2021-05-21 09:46:19,5692.9,406112
2021-05-21 09:46:20,5693.0,406327
2021-05-21 09:46:22,5691.0,406428
2021-05-21 09:46:23,5695.0,408158
2021-05-21 09:46:24,5695.0,408459
2021-05-21 09:46:24,5695.0,408512
2021-05-21 09:46:25,5695.0,408686
2021-05-21 09:46:26,5693.15,408857
2021-05-21 09:46:27,5695.0,409221
2021-05-21 09:46:28,5693.0,409283
2021-05-21 09:46:29,5693.0,409333
2021-05-21 09:46:30,5694.5,409764
2021-05-21 09:46:31,5694.5,410098
2021-05-21 09:46:32,5694.75,410110
2021-05-21 09:46:33,5695.0,410166
2021-05-21 09:46:35,5694.9,410181
2021-05-21 09:46:36,5695.0,410243
2021-05-21 09:46:37,5695.0,410353
2021-05-21 09:46:38,5695.0,410383
2021-05-21 09:46:39,5694.05,410437
2021-05-21 09:46:40,5694.9,410497
2021-05-21 09:46:41,5693.35,410679
2021-05-21 09:46:41,5694.9,410619
2021-05-21 09:46:42,5694.9,410739
2021-05-21 09:46:43,5694.9,411141
2021-05-21 09:46:44,5691.15,411833
2021-05-21 09:46:45,5688.0,414006
2021-05-21 09:46:46,5690.7,414263
2021-05-21 09:46:47,5690.0,414267
2021-05-21 09:46:48,5688.05,414356
2021-05-21 09:46:49,5690.75,414408
2021-05-21 09:46:50,5692.75,415093
2021-05-21 09:46:52,5690.6,415126
2021-05-21 09:46:53,5692.75,415192
2021-05-21 09:46:54,5691.05,415205
2021-05-21 09:46:55,5691.0,415237
2021-05-21 09:46:56,5691.0,415383
2021-05-21 09:46:56,5690.05,415387
2021-05-21 09:46:57,5690.0,415421
2021-05-21 09:46:58,5690.0,415485
2021-05-21 09:47:00,5694.8,416265
2021-05-21 09:47:01,5690.25,416540
2021-05-21 09:47:02,5694.0,416656
2021-05-21 09:47:03,5694.75,416662
2021-05-21 09:47:05,5694.95,416965
2021-05-21 09:47:06,5694.35,417665
2021-05-21 09:47:07,5694.4,417685
2021-05-21 09:47:08,5695.0,417837
2021-05-21 09:47:09,5694.7,417910
2021-05-21 09:47:10,5694.0,418022
2021-05-21 09:47:10,5694.7,418002
2021-05-21 09:47:11,5694.95,418066
2021-05-21 09:47:12,5694.0,418077
2021-05-21 09:47:14,5694.95,418125
2021-05-21 09:47:15,5694.0,418292
2021-05-21 09:47:16,5692.95,418360
2021-05-21 09:47:17,5693.45,418543
2021-05-21 09:47:17,5693.45,418543
2021-05-21 09:47:19,5693.1,418894
2021-05-21 09:47:20,5693.4,419162
2021-05-21 09:47:21,5694.0,419363
2021-05-21 09:47:22,5693.95,419575
2021-05-21 09:47:22,5693.45,419574
2021-05-21 09:47:23,5693.45,419601
2021-05-21 09:47:24,5693.95,419615
2021-05-21 09:47:26,5693.0,419912
2021-05-21 09:47:27,5690.5,419993
2021-05-21 09:47:29,5688.0,420689
2021-05-21 09:47:30,5688.05,421164
2021-05-21 09:47:31,5690.4,421521
2021-05-21 09:47:32,5688.0,421548
2021-05-21 09:47:33,5691.05,421876
2021-05-21 09:47:34,5691.2,421900
2021-05-21 09:47:35,5691.15,422031
2021-05-21 09:47:36,5693.05,422384
2021-05-21 09:47:38,5693.75,422756
2021-05-21 09:47:39,5693.55,422861
2021-05-21 09:47:40,5692.9,423036
2021-05-21 09:47:41,5691.8,423222
2021-05-21 09:47:42,5693.45,423300
2021-05-21 09:47:43,5693.0,423409
2021-05-21 09:47:44,5693.0,423427
2021-05-21 09:47:45,5694.4,423636
2021-05-21 09:47:46,5693.55,423800
2021-05-21 09:47:47,5691.45,424023
2021-05-21 09:47:48,5694.0,424443
2021-05-21 09:47:49,5694.0,424558
2021-05-21 09:47:49,5693.8,424484
2021-05-21 09:47:50,5693.0,425202
2021-05-21 09:47:51,5693.2,425395
2021-05-21 09:47:52,5690.55,425415
2021-05-21 09:47:53,5692.0,425446
2021-05-21 09:47:54,5693.0,425464
2021-05-21 09:47:55,5691.15,425517
2021-05-21 09:47:56,5691.9,425585
2021-05-21 09:47:58,5691.9,425652
2021-05-21 09:47:59,5691.15,426143
2021-05-21 09:48:00,5693.95,426156
2021-05-21 09:48:01,5691.6,426216
2021-05-21 09:48:02,5692.1,426260
2021-05-21 09:48:03,5693.5,426546
2021-05-21 09:48:04,5691.25,426834
2021-05-21 09:48:05,5691.0,427003
2021-05-21 09:48:06,5692.1,427006
2021-05-21 09:48:07,5693.2,427240
2021-05-21 09:48:08,5691.5,427315
2021-05-21 09:48:08,5691.95,427296
2021-05-21 09:48:09,5693.45,427355
2021-05-21 09:48:10,5691.5,427356
2021-05-21 09:48:11,5693.3,427489
2021-05-21 09:48:12,5691.15,427552
2021-05-21 09:48:13,5692.7,427653
2021-05-21 09:48:14,5692.7,427725
2021-05-21 09:48:16,5692.7,427787
2021-05-21 09:48:17,5691.5,427793
2021-05-21 09:48:18,5690.8,427837
2021-05-21 09:48:19,5692.7,427888
2021-05-21 09:48:20,5691.2,427945
2021-05-21 09:48:21,5690.7,428095
2021-05-21 09:48:22,5692.95,428127
2021-05-21 09:48:23,5690.0,428481
2021-05-21 09:48:24,5691.6,428533
2021-05-21 09:48:25,5691.6,428617
2021-05-21 09:48:28,5689.95,429758
2021-05-21 09:48:28,5688.0,429773
2021-05-21 09:48:29,5689.8,429850
2021-05-21 09:48:31,5685.8,430222
2021-05-21 09:48:32,5687.9,430241
2021-05-21 09:48:33,5685.0,431962
2021-05-21 09:48:34,5685.0,432028
2021-05-21 09:48:35,5685.0,432113
2021-05-21 09:48:36,5685.0,432551
2021-05-21 09:48:37,5682.55,432680
2021-05-21 09:48:38,5682.45,432714
2021-05-21 09:48:39,5682.45,432766
2021-05-21 09:48:40,5685.0,433029
2021-05-21 09:48:41,5682.85,433417
2021-05-21 09:48:41,5682.9,433406
2021-05-21 09:48:44,5682.3,433720
2021-05-21 09:48:45,5682.3,433816
2021-05-21 09:48:46,5682.0,433867
2021-05-21 09:48:47,5682.1,433922
2021-05-21 09:48:48,5682.5,434094
2021-05-21 09:48:49,5682.5,434246
2021-05-21 09:48:50,5682.0,434333
2021-05-21 09:48:51,5682.45,434948
2021-05-21 09:48:52,5682.0,435027
2021-05-21 09:48:53,5680.0,436317
2021-05-21 09:48:53,5680.0,436317
2021-05-21 09:48:55,5680.0,436742
2021-05-21 09:48:56,5680.0,436914
2021-05-21 09:48:57,5680.0,437050
2021-05-21 09:48:58,5680.05,437226
2021-05-21 09:48:59,5680.05,437469
2021-05-21 09:49:00,5681.25,437508
2021-05-21 09:49:01,5680.7,437559
2021-05-21 09:49:02,5680.1,437748
2021-05-21 09:49:04,5680.0,437795
2021-05-21 09:49:05,5680.0,438226
2021-05-21 09:49:06,5681.05,438641
2021-05-21 09:49:07,5681.05,438662
2021-05-21 09:49:07,5681.05,438750
2021-05-21 09:49:08,5681.05,438791
2021-05-21 09:49:09,5681.95,438882
2021-05-21 09:49:11,5680.1,439130
2021-05-21 09:49:12,5681.95,439141
2021-05-21 09:49:13,5680.05,439260
2021-05-21 09:49:15,5680.7,439403
2021-05-21 09:49:16,5680.7,439569
2021-05-21 09:49:17,5680.0,439789
2021-05-21 09:49:18,5680.0,439978
2021-05-21 09:49:19,5684.0,440350
2021-05-21 09:49:19,5684.0,440350
2021-05-21 09:49:20,5682.1,440612
2021-05-21 09:49:21,5682.1,440744
2021-05-21 09:49:22,5682.1,440744
2021-05-21 09:49:23,5684.0,440862
2021-05-21 09:49:25,5682.35,440888
2021-05-21 09:49:26,5689.9,442177
2021-05-21 09:49:27,5686.7,442227
2021-05-21 09:49:28,5689.05,442573
2021-05-21 09:49:29,5689.15,442653
2021-05-21 09:49:31,5689.1,442938
2021-05-21 09:49:32,5688.5,442959
2021-05-21 09:49:33,5689.8,443081
2021-05-21 09:49:35,5689.05,443107
2021-05-21 09:49:34,5689.05,443104
2021-05-21 09:49:36,5689.9,443117
2021-05-21 09:49:38,5689.05,443281
2021-05-21 09:49:39,5689.05,443307
2021-05-21 09:49:40,5689.55,443568
2021-05-21 09:49:41,5689.8,443596
2021-05-21 09:49:42,5686.1,443787
2021-05-21 09:49:43,5688.9,443791
2021-05-21 09:49:44,5689.05,444037
2021-05-21 09:49:45,5689.05,444048
2021-05-21 09:49:46,5686.55,444085
2021-05-21 09:49:47,5686.55,444098
2021-05-21 09:49:48,5686.55,444113
2021-05-21 09:49:49,5686.55,444113
2021-05-21 09:49:50,5688.75,444164
2021-05-21 09:49:51,5688.75,444247
2021-05-21 09:49:52,5688.75,444252
2021-05-21 09:49:53,5686.35,444363
2021-05-21 09:49:54,5686.35,444513
2021-05-21 09:49:57,5689.35,445769
2021-05-21 09:49:58,5691.0,445835
2021-05-21 09:49:59,5690.0,445845
2021-05-21 09:50:00,5689.7,445876
2021-05-21 09:50:01,5691.0,445931
2021-05-21 09:50:02,5689.15,445933
2021-05-21 09:50:03,5691.0,446072
2021-05-21 09:50:05,5690.0,446235
2021-05-21 09:50:07,5689.0,446258
2021-05-21 09:50:08,5689.0,446258
2021-05-21 09:50:09,5690.0,446381
2021-05-21 09:50:10,5689.0,446428
2021-05-21 09:50:11,5690.0,446456
2021-05-21 09:50:12,5690.0,446507
2021-05-21 09:50:13,5689.15,446668
2021-05-21 09:50:14,5690.0,446701
2021-05-21 09:50:15,5689.1,446702
2021-05-21 09:50:16,5690.0,446852
2021-05-21 09:50:17,5690.0,446980
2021-05-21 09:50:18,5691.0,447091
2021-05-21 09:50:19,5691.0,447184
2021-05-21 09:50:20,5691.0,447204
2021-05-21 09:50:21,5690.4,447362
2021-05-21 09:50:22,5690.4,447362
2021-05-21 09:50:23,5690.4,447387
2021-05-21 09:50:25,5690.35,447506
2021-05-21 09:50:27,5691.0,447631
2021-05-21 09:50:26,5691.0,447631
2021-05-21 09:50:28,5691.0,447637
2021-05-21 09:50:29,5690.35,447832
2021-05-21 09:50:31,5692.0,447957
2021-05-21 09:50:32,5692.0,447976
2021-05-21 09:50:33,5692.0,448014
2021-05-21 09:50:34,5692.95,448045
2021-05-21 09:50:35,5692.0,448210
2021-05-21 09:50:36,5690.4,448448
2021-05-21 09:50:37,5693.15,448552
2021-05-21 09:50:38,5693.35,448656
2021-05-21 09:50:39,5692.45,448759
2021-05-21 09:50:40,5692.35,448846
2021-05-21 09:50:41,5692.35,448883
2021-05-21 09:50:42,5692.6,448895
2021-05-21 09:50:43,5693.35,448897
2021-05-21 09:50:44,5692.6,448903
2021-05-21 09:50:45,5694.0,449067
2021-05-21 09:50:46,5693.95,449081
2021-05-21 09:50:47,5691.15,449201
2021-05-21 09:50:48,5691.15,449276
2021-05-21 09:50:49,5692.0,449330
2021-05-21 09:50:50,5692.0,449341
2021-05-21 09:50:51,5691.0,449461
2021-05-21 09:50:52,5691.0,449461
2021-05-21 09:50:53,5690.05,449591
2021-05-21 09:50:54,5690.25,450250
2021-05-21 09:50:55,5690.8,450360
2021-05-21 09:50:56,5689.0,450377
2021-05-21 09:50:57,5689.3,450579
2021-05-21 09:50:58,5688.0,450724
2021-05-21 09:50:59,5688.0,450748
2021-05-21 09:51:00,5685.1,450952
2021-05-21 09:51:01,5686.9,451213
2021-05-21 09:51:02,5683.4,451608
2021-05-21 09:51:03,5683.1,451720
2021-05-21 09:51:04,5686.75,451726
2021-05-21 09:51:05,5685.0,451750
2021-05-21 09:51:06,5685.0,451750
2021-05-21 09:51:07,5685.6,451771
2021-05-21 09:51:08,5688.0,451797
2021-05-21 09:51:09,5686.75,451817
2021-05-21 09:51:10,5685.05,451848
2021-05-21 09:51:11,5685.2,451903
2021-05-21 09:51:12,5685.2,451906
2021-05-21 09:51:13,5685.15,452049
2021-05-21 09:51:14,5687.9,452104
2021-05-21 09:51:15,5686.7,452173
2021-05-21 09:51:16,5686.7,452198
2021-05-21 09:51:18,5687.6,452298
2021-05-21 09:51:17,5687.6,452298
2021-05-21 09:51:19,5685.0,452343
2021-05-21 09:51:20,5685.0,452363
2021-05-21 09:51:21,5686.95,452420
2021-05-21 09:51:22,5683.85,452838
2021-05-21 09:51:23,5685.0,452938
2021-05-21 09:51:25,5685.95,453111
2021-05-21 09:51:26,5683.45,453112
2021-05-21 09:51:27,5683.5,453135
2021-05-21 09:51:28,5685.0,453144
2021-05-21 09:51:29,5684.0,453189
2021-05-21 09:51:30,5685.45,453285
2021-05-21 09:51:31,5685.45,453285
2021-05-21 09:51:32,5683.45,453409
2021-05-21 09:51:33,5685.0,453414
2021-05-21 09:51:34,5685.0,453414
2021-05-21 09:51:35,5682.55,453889
2021-05-21 09:51:36,5684.55,453903
2021-05-21 09:51:37,5683.5,453934
2021-05-21 09:51:38,5683.5,453949
2021-05-21 09:51:39,5683.5,453949
2021-05-21 09:51:40,5684.5,453975
2021-05-21 09:51:41,5684.65,454015
2021-05-21 09:51:42,5683.0,454017
2021-05-21 09:51:43,5683.0,454017
2021-05-21 09:51:45,5685.0,454039
2021-05-21 09:51:45,5685.0,454039
2021-05-21 09:51:46,5683.0,454084
2021-05-21 09:51:47,5685.0,454110
2021-05-21 09:51:49,5685.0,454249
2021-05-21 09:51:50,5683.0,454267
2021-05-21 09:51:52,5685.0,454277
2021-05-21 09:51:54,5683.0,454377
2021-05-21 09:51:54,5683.0,454377
2021-05-21 09:51:55,5683.0,454487
2021-05-21 09:51:56,5685.0,454594
2021-05-21 09:51:57,5685.0,454750
2021-05-21 09:51:59,5683.0,455072
2021-05-21 09:52:00,5684.9,455084
2021-05-21 09:52:01,5683.0,455119
2021-05-21 09:52:02,5684.9,455188
2021-05-21 09:52:03,5684.9,455203
2021-05-21 09:52:04,5684.9,455209
2021-05-21 09:52:05,5685.0,455362
2021-05-21 09:52:07,5683.15,455397
2021-05-21 09:52:08,5683.25,455410
2021-05-21 09:52:09,5683.25,455410
2021-05-21 09:52:10,5684.9,455543
2021-05-21 09:52:11,5683.5,455544
2021-05-21 09:52:12,5683.0,455618
2021-05-21 09:52:12,5683.0,455618
2021-05-21 09:52:13,5682.0,456381
2021-05-21 09:52:14,5683.85,456425
2021-05-21 09:52:15,5685.0,457012
2021-05-21 09:52:16,5684.1,457047
2021-05-21 09:52:18,5684.1,457049
2021-05-21 09:52:18,5685.0,457050
2021-05-21 09:52:19,5683.4,457061
2021-05-21 09:52:20,5683.35,457116
2021-05-21 09:52:21,5683.35,457116
2021-05-21 09:52:22,5685.85,458044
2021-05-21 09:52:23,5688.9,458327
2021-05-21 09:52:24,5688.9,458327
2021-05-21 09:52:25,5689.0,458346
2021-05-21 09:52:26,5689.4,458366
2021-05-21 09:52:27,5690.55,459375
2021-05-21 09:52:28,5690.15,459481
2021-05-21 09:52:29,5691.6,460349
2021-05-21 09:52:31,5690.85,460375
2021-05-21 09:52:32,5690.55,460508
2021-05-21 09:52:32,5692.9,460510
2021-05-21 09:52:33,5690.55,460595
2021-05-21 09:52:34,5692.9,460707
2021-05-21 09:52:35,5692.8,460794
2021-05-21 09:52:36,5689.6,460836
2021-05-21 09:52:37,5690.2,461079
2021-05-21 09:52:39,5690.35,461555
2021-05-21 09:52:40,5686.6,461562
2021-05-21 09:52:41,5689.6,461621
2021-05-21 09:52:42,5689.35,461649
2021-05-21 09:52:43,5689.35,461649
2021-05-21 09:52:44,5689.6,461784
2021-05-21 09:52:45,5686.85,461889
2021-05-21 09:52:46,5686.1,461948
2021-05-21 09:52:48,5689.05,462078
2021-05-21 09:52:49,5686.95,462140
2021-05-21 09:52:50,5688.5,462160
2021-05-21 09:52:51,5688.25,462161
2021-05-21 09:52:52,5685.0,462658
2021-05-21 09:52:53,5684.0,462668
2021-05-21 09:52:54,5686.25,462718
2021-05-21 09:52:55,5686.55,462800
2021-05-21 09:52:56,5686.0,462803
2021-05-21 09:52:57,5686.0,462838
2021-05-21 09:52:58,5683.2,462932
2021-05-21 09:52:59,5683.15,462935
2021-05-21 09:53:00,5683.1,463074
2021-05-21 09:53:01,5685.05,463079
2021-05-21 09:53:02,5682.65,463296
2021-05-21 09:53:03,5683.4,463936
2021-05-21 09:53:04,5685.15,464031
2021-05-21 09:53:05,5685.25,464056
2021-05-21 09:53:07,5684.0,464143
2021-05-21 09:53:07,5684.0,464143
2021-05-21 09:53:08,5685.0,464218
2021-05-21 09:53:09,5682.6,464328
2021-05-21 09:53:10,5683.0,464608
2021-05-21 09:53:11,5683.0,464608
2021-05-21 09:53:12,5683.45,464630
2021-05-21 09:53:13,5686.85,465297
2021-05-21 09:53:15,5686.15,465347
2021-05-21 09:53:15,5686.15,465347
2021-05-21 09:53:16,5685.45,465360
2021-05-21 09:53:17,5684.9,465401
2021-05-21 09:53:18,5686.15,465418
2021-05-21 09:53:19,5686.15,465418
2021-05-21 09:53:20,5686.15,465433
2021-05-21 09:53:21,5686.7,465795
2021-05-21 09:53:23,5683.85,465796
2021-05-21 09:53:24,5685.85,465952
2021-05-21 09:53:24,5685.85,465952
2021-05-21 09:53:25,5686.0,465954
2021-05-21 09:53:26,5685.0,465994
2021-05-21 09:53:27,5685.0,465998
2021-05-21 09:53:28,5683.95,466127
2021-05-21 09:53:29,5683.95,466157
2021-05-21 09:53:30,5683.95,466157
2021-05-21 09:53:31,5684.0,466171
2021-05-21 09:53:32,5684.0,466172
2021-05-21 09:53:34,5683.95,466246
2021-05-21 09:53:34,5683.95,466201
2021-05-21 09:53:35,5684.05,466253
2021-05-21 09:53:36,5684.75,466379
2021-05-21 09:53:37,5683.7,466384
2021-05-21 09:53:38,5685.0,466681
2021-05-21 09:53:39,5684.1,466834
2021-05-21 09:53:41,5684.1,466834
2021-05-21 09:53:42,5685.1,466899
2021-05-21 09:53:43,5684.4,466927
2021-05-21 09:53:44,5684.6,467303
2021-05-21 09:53:45,5684.6,467303
2021-05-21 09:53:46,5684.05,467309
2021-05-21 09:53:47,5684.05,467350
2021-05-21 09:53:49,5684.05,467363
2021-05-21 09:53:50,5683.4,467364
2021-05-21 09:53:51,5684.0,467370
2021-05-21 09:53:51,5684.0,467370
2021-05-21 09:53:52,5683.4,467412
2021-05-21 09:53:53,5684.0,467424
2021-05-21 09:53:55,5683.4,467435
2021-05-21 09:53:57,5684.1,467447
2021-05-21 09:53:58,5683.4,467472
2021-05-21 09:53:59,5683.4,467484
2021-05-21 09:54:00,5683.35,467584
2021-05-21 09:54:01,5683.4,467589
2021-05-21 09:54:01,5683.4,467589
2021-05-21 09:54:02,5684.0,467628
2021-05-21 09:54:03,5684.05,467633
2021-05-21 09:54:04,5683.35,467673
2021-05-21 09:54:05,5688.15,469198
2021-05-21 09:54:06,5690.0,469255
2021-05-21 09:54:08,5687.45,469370
2021-05-21 09:54:09,5687.3,469471
2021-05-21 09:54:09,5687.3,469471
2021-05-21 09:54:10,5687.3,469482
2021-05-21 09:54:11,5689.8,469485
2021-05-21 09:54:12,5689.8,469485
2021-05-21 09:54:13,5687.3,469496
2021-05-21 09:54:15,5687.3,469496
2021-05-21 09:54:16,5688.3,469629
2021-05-21 09:54:16,5688.25,469628
2021-05-21 09:54:19,5686.8,469714
2021-05-21 09:54:20,5688.3,469729
2021-05-21 09:54:21,5688.25,469730
2021-05-21 09:54:23,5685.0,469745
2021-05-21 09:54:24,5688.25,470060
2021-05-21 09:54:24,5688.25,470060
2021-05-21 09:54:25,5685.85,470064
2021-05-21 09:54:26,5685.0,470143
2021-05-21 09:54:27,5685.0,470143
2021-05-21 09:54:28,5689.0,471874
2021-05-21 09:54:30,5689.15,472387
2021-05-21 09:54:31,5689.6,472392
2021-05-21 09:54:31,5689.6,472392
2021-05-21 09:54:32,5689.05,472438
2021-05-21 09:54:33,5687.3,472448
2021-05-21 09:54:34,5685.85,472717
2021-05-21 09:54:35,5685.45,472788
2021-05-21 09:54:37,5685.4,472818
2021-05-21 09:54:38,5685.85,472828
2021-05-21 09:54:38,5685.85,472828
2021-05-21 09:54:39,5689.45,475994
2021-05-21 09:54:41,5687.75,476113
2021-05-21 09:54:42,5688.95,476123
2021-05-21 09:54:43,5688.4,476281
2021-05-21 09:54:44,5688.4,476281
2021-05-21 09:54:45,5685.1,476686
2021-05-21 09:54:47,5687.0,476688
2021-05-21 09:54:48,5687.0,476706
2021-05-21 09:54:48,5687.0,476706
2021-05-21 09:54:49,5687.05,476729
2021-05-21 09:54:50,5687.1,476778
2021-05-21 09:54:51,5685.25,477069
2021-05-21 09:54:53,5687.0,477078
2021-05-21 09:54:54,5685.0,477089
2021-05-21 09:54:55,5684.0,478333
2021-05-21 09:54:55,5683.6,478356
2021-05-21 09:54:56,5683.6,478396
2021-05-21 09:54:57,5685.0,478424
2021-05-21 09:54:58,5685.45,478486
2021-05-21 09:54:59,5683.45,478581
2021-05-21 09:55:00,5685.4,478614
2021-05-21 09:55:02,5685.85,478651
2021-05-21 09:55:03,5685.85,478664
2021-05-21 09:55:03,5685.85,478664
2021-05-21 09:55:04,5684.25,478668
2021-05-21 09:55:05,5685.8,478721
2021-05-21 09:55:06,5684.2,478740
2021-05-21 09:55:08,5684.2,478752
2021-05-21 09:55:09,5689.0,479410
2021-05-21 09:55:09,5689.0,479410
2021-05-21 09:55:10,5688.85,479423
2021-05-21 09:55:11,5687.9,479638
2021-05-21 09:55:12,5687.9,479638
2021-05-21 09:55:15,5687.25,479884
2021-05-21 09:55:16,5687.25,479895
2021-05-21 09:55:17,5687.25,479921
2021-05-21 09:55:17,5687.25,479901
2021-05-21 09:55:18,5685.55,480077
2021-05-21 09:55:19,5687.25,480081
2021-05-21 09:55:20,5687.55,480182
2021-05-21 09:55:22,5686.95,480448
2021-05-21 09:55:23,5686.7,480485
2021-05-21 09:55:24,5686.7,480544
2021-05-21 09:55:25,5686.75,480906
2021-05-21 09:55:25,5686.75,480906
2021-05-21 09:55:26,5684.65,480909
2021-05-21 09:55:27,5685.0,480933
2021-05-21 09:55:28,5684.4,482050
2021-05-21 09:55:30,5687.0,482111
2021-05-21 09:55:31,5687.0,482149
2021-05-21 09:55:32,5687.0,482149
2021-05-21 09:55:32,5687.0,482149
2021-05-21 09:55:33,5687.0,482149
2021-05-21 09:55:34,5685.0,482150
2021-05-21 09:55:35,5685.0,482160
2021-05-21 09:55:36,5686.3,482233
2021-05-21 09:55:38,5684.35,482340
2021-05-21 09:55:39,5685.0,482355
2021-05-21 09:55:40,5684.0,482363
2021-05-21 09:55:42,5684.0,482386
2021-05-21 09:55:43,5683.5,482512
2021-05-21 09:55:44,5682.0,483219
2021-05-21 09:55:45,5680.15,483768
2021-05-21 09:55:46,5678.6,488487
2021-05-21 09:55:46,5678.6,488487
2021-05-21 09:55:47,5679.0,488531
2021-05-21 09:55:48,5678.6,488538
2021-05-21 09:55:49,5678.6,488568
2021-05-21 09:55:50,5679.0,488611
2021-05-21 09:55:52,5679.5,488865
2021-05-21 09:55:53,5679.5,488865
2021-05-21 09:55:53,5678.8,488871
2021-05-21 09:55:54,5678.6,489013
2021-05-21 09:55:55,5681.05,489550
2021-05-21 09:55:56,5681.9,489625
2021-05-21 09:55:57,5682.1,489675
2021-05-21 09:55:58,5680.0,489746
2021-05-21 09:55:59,5679.45,489813
2021-05-21 09:56:00,5681.7,490228
2021-05-21 09:56:02,5681.6,490261
2021-05-21 09:56:03,5678.6,490432
2021-05-21 09:56:04,5678.6,490448
2021-05-21 09:56:05,5678.6,490558
2021-05-21 09:56:06,5679.75,490616
2021-05-21 09:56:07,5679.75,490616
2021-05-21 09:56:08,5678.6,490628
2021-05-21 09:56:08,5678.6,490622
2021-05-21 09:56:09,5678.6,490683
2021-05-21 09:56:10,5679.75,490863
2021-05-21 09:56:12,5678.6,490866
2021-05-21 09:56:13,5678.45,490963
2021-05-21 09:56:14,5678.6,490973
2021-05-21 09:56:15,5678.6,490985
2021-05-21 09:56:15,5678.6,490985
2021-05-21 09:56:16,5678.6,491034
2021-05-21 09:56:17,5675.0,494456
2021-05-21 09:56:18,5676.0,494498
2021-05-21 09:56:19,5675.15,494575
2021-05-21 09:56:20,5675.15,494575
2021-05-21 09:56:22,5677.0,494619
2021-05-21 09:56:22,5675.7,494762
2021-05-21 09:56:23,5679.35,495020
2021-05-21 09:56:24,5676.75,495085
2021-05-21 09:56:25,5675.7,495299
2021-05-21 09:56:26,5675.7,495449
2021-05-21 09:56:27,5676.0,495545
2021-05-21 09:56:28,5675.55,495820
2021-05-21 09:56:29,5677.9,495911
2021-05-21 09:56:30,5675.7,496027
2021-05-21 09:56:33,5676.1,496084
2021-05-21 09:56:35,5675.0,496463
2021-05-21 09:56:36,5675.0,496533
2021-05-21 09:56:37,5675.0,496533
2021-05-21 09:56:38,5675.0,497087
2021-05-21 09:56:39,5675.0,497657
2021-05-21 09:56:40,5675.0,498092
2021-05-21 09:56:41,5675.0,498159
2021-05-21 09:56:42,5675.0,498193
2021-05-21 09:56:43,5673.5,498224
2021-05-21 09:56:43,5673.5,498224
2021-05-21 09:56:45,5673.75,499047
2021-05-21 09:56:46,5674.2,499154
2021-05-21 09:56:47,5673.5,499381
2021-05-21 09:56:48,5672.05,499410
2021-05-21 09:56:49,5673.5,499494
2021-05-21 09:56:50,5672.35,499603
2021-05-21 09:56:51,5672.0,499703
2021-05-21 09:56:53,5671.0,499948
2021-05-21 09:56:56,5672.7,500107
2021-05-21 09:56:57,5671.0,500194
2021-05-21 09:56:58,5671.8,501549
2021-05-21 09:56:59,5670.0,501702
2021-05-21 09:57:01,5672.0,502525
2021-05-21 09:57:02,5672.0,502880
2021-05-21 09:57:03,5670.5,504447
2021-05-21 09:57:03,5670.5,504447
2021-05-21 09:57:04,5673.95,505077
2021-05-21 09:57:05,5672.75,505575
2021-05-21 09:57:06,5672.75,505655
2021-05-21 09:57:08,5675.0,506015
2021-05-21 09:57:09,5673.05,506153
2021-05-21 09:57:10,5675.6,506211
2021-05-21 09:57:11,5682.0,509249
2021-05-21 09:57:11,5682.0,509249
2021-05-21 09:57:12,5682.0,509790
2021-05-21 09:57:13,5680.4,509792
2021-05-21 09:57:14,5682.0,509827
2021-05-21 09:57:15,5680.9,509953
2021-05-21 09:57:17,5680.0,510242
2021-05-21 09:57:18,5677.7,510248
2021-05-21 09:57:19,5678.0,510258
2021-05-21 09:57:20,5676.4,510260
2021-05-21 09:57:21,5676.4,510292
2021-05-21 09:57:22,5676.4,510295
2021-05-21 09:57:22,5676.4,510295
2021-05-21 09:57:23,5678.9,510379
2021-05-21 09:57:24,5680.0,510646
2021-05-21 09:57:26,5680.0,510841
2021-05-21 09:57:27,5680.0,510959
2021-05-21 09:57:29,5680.0,510959
2021-05-21 09:57:30,5678.0,510960
2021-05-21 09:57:31,5677.85,510998
2021-05-21 09:57:31,5679.85,510983
2021-05-21 09:57:33,5677.85,510998
2021-05-21 09:57:34,5678.4,511164
2021-05-21 09:57:35,5680.0,511553
2021-05-21 09:57:36,5679.15,511554
2021-05-21 09:57:36,5683.0,514039
2021-05-21 09:57:37,5683.0,514074
2021-05-21 09:57:38,5683.0,514074
2021-05-21 09:57:40,5682.35,514124
2021-05-21 09:57:41,5683.0,514239
2021-05-21 09:57:42,5681.0,514243
2021-05-21 09:57:43,5683.0,514284
2021-05-21 09:57:43,5683.0,514284
2021-05-21 09:57:44,5681.05,514289
2021-05-21 09:57:45,5682.95,514292
2021-05-21 09:57:46,5681.3,514304
2021-05-21 09:57:48,5681.0,514459
2021-05-21 09:57:48,5681.35,514474
2021-05-21 09:57:50,5681.5,514610
2021-05-21 09:57:50,5682.2,514663
2021-05-21 09:57:52,5682.2,514663
2021-05-21 09:57:52,5682.95,514698
2021-05-21 09:57:53,5683.0,514814
2021-05-21 09:57:54,5681.75,514889
2021-05-21 09:57:56,5683.0,515010
2021-05-21 09:57:58,5683.0,515029
2021-05-21 09:57:57,5683.0,515012
2021-05-21 09:57:59,5683.0,515109
2021-05-21 09:58:00,5683.0,515261
2021-05-21 09:58:00,5683.0,515266
2021-05-21 09:58:02,5683.4,515411
2021-05-21 09:58:03,5683.4,515561
2021-05-21 09:58:05,5681.45,515783
2021-05-21 09:58:06,5683.0,515784
2021-05-21 09:58:07,5684.15,517693
2021-05-21 09:58:08,5680.8,517793
2021-05-21 09:58:09,5682.0,517803
2021-05-21 09:58:10,5681.45,517819
2021-05-21 09:58:11,5681.0,518053
2021-05-21 09:58:12,5681.0,518078
2021-05-21 09:58:13,5681.0,518078
2021-05-21 09:58:14,5681.05,518102
2021-05-21 09:58:16,5681.05,518103
2021-05-21 09:58:17,5681.0,518135
2021-05-21 09:58:18,5681.0,518139
2021-05-21 09:58:19,5680.0,518142
2021-05-21 09:58:20,5680.95,518144
2021-05-21 09:58:20,5680.95,518144
2021-05-21 09:58:22,5682.35,518344
2021-05-21 09:58:23,5682.0,518620
2021-05-21 09:58:24,5680.0,518749
2021-05-21 09:58:25,5681.0,518772
2021-05-21 09:58:26,5681.05,518789
2021-05-21 09:58:26,5681.05,518789
2021-05-21 09:58:28,5681.05,518789
2021-05-21 09:58:29,5681.05,518789
2021-05-21 09:58:30,5679.2,519281
2021-05-21 09:58:31,5680.3,519326
2021-05-21 09:58:31,5680.3,519326
2021-05-21 09:58:32,5679.0,519345
2021-05-21 09:58:34,5679.0,519352
2021-05-21 09:58:35,5678.0,519427
2021-05-21 09:58:36,5679.45,519437
2021-05-21 09:58:37,5677.5,519670
2021-05-21 09:58:38,5677.2,519689
2021-05-21 09:58:38,5677.2,519689
2021-05-21 09:58:39,5677.2,519689
2021-05-21 09:58:40,5677.2,519689
2021-05-21 09:58:42,5678.0,519700
2021-05-21 09:58:43,5678.0,519783
2021-05-21 09:58:44,5676.3,519834
2021-05-21 09:58:45,5678.0,519838
2021-05-21 09:58:46,5678.0,519972
2021-05-21 09:58:47,5676.1,520007
2021-05-21 09:58:47,5676.1,520007
2021-05-21 09:58:48,5678.0,520120
2021-05-21 09:58:50,5678.0,520121
2021-05-21 09:58:51,5678.0,520121
2021-05-21 09:58:52,5676.35,520123
2021-05-21 09:58:53,5676.0,520148
2021-05-21 09:58:54,5676.0,520148
2021-05-21 09:58:54,5676.0,520148
2021-05-21 09:58:56,5676.0,520263
2021-05-21 09:58:57,5676.0,520265
2021-05-21 09:58:58,5676.0,520329
2021-05-21 09:58:59,5676.0,520329
2021-05-21 09:58:59,5677.75,520334
2021-05-21 09:59:00,5676.3,520454
2021-05-21 09:59:01,5677.0,520546
2021-05-21 09:59:02,5679.0,520547
2021-05-21 09:59:04,5678.0,520573
2021-05-21 09:59:04,5678.0,520576
2021-05-21 09:59:05,5677.75,520879
2021-05-21 09:59:07,5676.35,520968
2021-05-21 09:59:08,5676.55,520992
2021-05-21 09:59:09,5676.45,521195
2021-05-21 09:59:10,5677.0,521207
2021-05-21 09:59:11,5674.2,521783
2021-05-21 09:59:11,5674.2,521783
2021-05-21 09:59:12,5676.6,521785
2021-05-21 09:59:14,5676.0,521795
2021-05-21 09:59:15,5676.0,521795
2021-05-21 09:59:16,5675.2,521800
2021-05-21 09:59:17,5676.0,521851
2021-05-21 09:59:18,5676.0,521851
2021-05-21 09:59:19,5675.85,521920
2021-05-21 09:59:20,5675.85,521920
2021-05-21 09:59:21,5675.85,521920
2021-05-21 09:59:22,5675.85,521920
2021-05-21 09:59:23,5674.2,522046
2021-05-21 09:59:24,5677.1,522096
2021-05-21 09:59:24,5676.75,522109
2021-05-21 09:59:25,5676.75,522109
2021-05-21 09:59:26,5677.6,522359
2021-05-21 09:59:28,5675.45,522371
2021-05-21 09:59:29,5675.45,522376
2021-05-21 09:59:30,5676.0,522381
2021-05-21 09:59:31,5677.1,522436
2021-05-21 09:59:31,5677.1,522436
2021-05-21 09:59:33,5676.7,522737
2021-05-21 09:59:34,5676.7,522762
2021-05-21 09:59:35,5676.6,522788
2021-05-21 09:59:36,5675.0,522823
2021-05-21 09:59:37,5675.5,522889
2021-05-21 09:59:38,5674.0,522891
2021-05-21 09:59:39,5675.05,522994
2021-05-21 09:59:40,5675.05,522994
2021-05-21 09:59:40,5675.05,522994
2021-05-21 09:59:41,5675.05,523004
2021-05-21 09:59:43,5675.05,523006
2021-05-21 09:59:43,5675.45,523106
2021-05-21 09:59:45,5675.05,523113
2021-05-21 09:59:46,5675.05,523164
2021-05-21 09:59:47,5675.05,523165
2021-05-21 09:59:48,5675.05,523205
2021-05-21 09:59:48,5675.05,523205
2021-05-21 09:59:50,5675.45,523245
2021-05-21 09:59:51,5675.35,523647
2021-05-21 09:59:52,5674.0,523672
2021-05-21 09:59:53,5674.0,523672
2021-05-21 09:59:54,5674.0,523691
2021-05-21 09:59:55,5674.0,523693
2021-05-21 09:59:56,5674.0,523694
2021-05-21 09:59:56,5674.0,523694
2021-05-21 09:59:58,5674.05,523695
2021-05-21 09:59:59,5675.45,523825
2021-05-21 10:00:00,5675.45,523831
2021-05-21 10:00:01,5674.0,523954
2021-05-21 10:00:02,5675.0,523966
2021-05-21 10:00:03,5674.0,523981
2021-05-21 10:00:04,5674.0,524081
2021-05-21 10:00:05,5675.0,524132
2021-05-21 10:00:06,5675.5,524539
2021-05-21 10:00:07,5674.2,524540
2021-05-21 10:00:08,5675.0,524541
2021-05-21 10:00:09,5675.0,524541
2021-05-21 10:00:10,5675.05,524554
2021-05-21 10:00:11,5675.0,524579
2021-05-21 10:00:12,5675.5,524739
2021-05-21 10:00:14,5673.8,524889
2021-05-21 10:00:13,5673.8,524889
2021-05-21 10:00:15,5673.45,524895
2021-05-21 10:00:16,5674.35,524997
2021-05-21 10:00:17,5674.35,525003
2021-05-21 10:00:18,5673.0,525060
2021-05-21 10:00:19,5675.0,525278
2021-05-21 10:00:20,5673.5,525393
2021-05-21 10:00:21,5674.55,525695
2021-05-21 10:00:22,5674.55,525696
2021-05-21 10:00:23,5673.5,526057
2021-05-21 10:00:25,5673.0,526528
2021-05-21 10:00:26,5673.0,526548
2021-05-21 10:00:27,5673.0,526548
2021-05-21 10:00:28,5675.0,526593
2021-05-21 10:00:29,5675.0,526593
2021-05-21 10:00:30,5674.55,526603
2021-05-21 10:00:31,5675.5,526706
2021-05-21 10:00:32,5675.0,526707
2021-05-21 10:00:33,5674.0,526730
2021-05-21 10:00:34,5674.0,526762
2021-05-21 10:00:35,5674.0,526832
2021-05-21 10:00:36,5674.0,526932
2021-05-21 10:00:37,5672.0,527291
2021-05-21 10:00:38,5674.0,527492
2021-05-21 10:00:39,5674.0,527542
2021-05-21 10:00:40,5672.0,527617
2021-05-21 10:00:41,5673.7,527662
2021-05-21 10:00:42,5672.0,527826
2021-05-21 10:00:43,5672.7,527883
2021-05-21 10:00:44,5672.7,527883
2021-05-21 10:00:45,5672.0,527896
2021-05-21 10:00:46,5671.0,528019
2021-05-21 10:00:47,5671.0,528121
2021-05-21 10:00:48,5671.0,528212
2021-05-21 10:00:49,5671.0,528212
2021-05-21 10:00:50,5672.0,528229
2021-05-21 10:00:51,5671.0,528250
2021-05-21 10:00:52,5671.0,528250
2021-05-21 10:00:53,5671.0,528287
2021-05-21 10:00:54,5671.0,529115
2021-05-21 10:00:55,5671.0,529115
2021-05-21 10:00:56,5670.15,529263
2021-05-21 10:00:57,5670.15,529349
2021-05-21 10:00:58,5668.4,533554
2021-05-21 10:01:00,5668.65,534074
2021-05-21 10:01:01,5671.5,534206
2021-05-21 10:01:02,5669.3,534368
2021-05-21 10:01:03,5672.7,534569
2021-05-21 10:01:04,5673.7,534614
2021-05-21 10:01:05,5671.25,534897
2021-05-21 10:01:06,5670.8,534954
2021-05-21 10:01:07,5671.05,534973
2021-05-21 10:01:08,5673.85,535081
2021-05-21 10:01:09,5675.0,535489
2021-05-21 10:01:10,5675.5,536249
2021-05-21 10:01:11,5675.5,536249
2021-05-21 10:01:12,5675.5,536249
2021-05-21 10:01:14,5672.9,536255
2021-05-21 10:01:16,5675.05,536558
2021-05-21 10:01:17,5675.05,536558
2021-05-21 10:01:19,5673.85,536648
2021-05-21 10:01:20,5673.85,536668
2021-05-21 10:01:21,5674.6,536976
2021-05-21 10:01:22,5674.5,536978
2021-05-21 10:01:24,5674.5,536978
2021-05-21 10:01:23,5674.5,536978
2021-05-21 10:01:25,5674.5,536978
2021-05-21 10:01:27,5675.0,537008
2021-05-21 10:01:28,5676.0,537040
2021-05-21 10:01:29,5674.4,537206
2021-05-21 10:01:30,5675.0,537236
2021-05-21 10:01:31,5674.45,537241
2021-05-21 10:01:33,5674.5,537263
2021-05-21 10:01:32,5674.5,537263
2021-05-21 10:01:34,5675.0,537405
2021-05-21 10:01:35,5675.0,537418
2021-05-21 10:01:36,5674.4,537491
2021-05-21 10:01:37,5673.65,537566
2021-05-21 10:01:39,5674.5,537623
2021-05-21 10:01:38,5673.2,537618
2021-05-21 10:01:41,5674.0,537722
2021-05-21 10:01:42,5674.0,538138
2021-05-21 10:01:43,5674.0,538143
2021-05-21 10:01:44,5674.0,538294
2021-05-21 10:01:45,5674.0,538294
2021-05-21 10:01:46,5675.0,538342
2021-05-21 10:01:47,5675.0,538368
2021-05-21 10:01:48,5675.95,538492
2021-05-21 10:01:49,5675.95,538492
2021-05-21 10:01:51,5677.0,539067
2021-05-21 10:01:52,5677.0,539087
2021-05-21 10:01:53,5677.0,539093
2021-05-21 10:01:55,5675.2,539184
2021-05-21 10:01:54,5675.2,539184
2021-05-21 10:01:56,5677.0,539234
2021-05-21 10:01:57,5677.0,539234
2021-05-21 10:01:58,5676.95,539331
2021-05-21 10:01:59,5680.0,539824
2021-05-21 10:02:00,5681.0,540631
2021-05-21 10:02:01,5680.85,540776
2021-05-21 10:02:02,5683.0,540821
2021-05-21 10:02:03,5683.0,540821
2021-05-21 10:02:04,5683.0,540986
2021-05-21 10:02:05,5683.0,541011
2021-05-21 10:02:06,5679.2,541047
2021-05-21 10:02:07,5679.2,541063
2021-05-21 10:02:08,5681.95,541073
2021-05-21 10:02:09,5681.95,541073
2021-05-21 10:02:10,5683.0,541113
2021-05-21 10:02:11,5682.25,541200
2021-05-21 10:02:12,5684.0,541405
2021-05-21 10:02:13,5684.0,541484
2021-05-21 10:02:15,5683.0,541515
2021-05-21 10:02:15,5683.0,541520
2021-05-21 10:02:16,5684.0,541650
2021-05-21 10:02:17,5683.0,541708
2021-05-21 10:02:18,5683.0,541708
2021-05-21 10:02:19,5683.0,541761
2021-05-21 10:02:20,5683.0,541811
2021-05-21 10:02:21,5681.1,541816
2021-05-21 10:02:23,5683.0,541910
2021-05-21 10:02:23,5683.0,541910
2021-05-21 10:02:24,5683.75,541972
2021-05-21 10:02:25,5684.4,542577
2021-05-21 10:02:26,5684.4,542577
2021-05-21 10:02:27,5683.0,542578
2021-05-21 10:02:28,5683.0,542588
2021-05-21 10:02:29,5681.1,542620
2021-05-21 10:02:30,5683.0,542646
2021-05-21 10:02:32,5681.1,542667
2021-05-21 10:02:32,5681.1,542667
2021-05-21 10:02:33,5683.0,542794
2021-05-21 10:02:34,5682.0,542800
2021-05-21 10:02:35,5682.0,542800
2021-05-21 10:02:36,5680.95,542870
2021-05-21 10:02:38,5682.0,542900
2021-05-21 10:02:38,5683.0,542901
2021-05-21 10:02:39,5683.0,542931
2021-05-21 10:02:40,5683.0,542931
2021-05-21 10:02:41,5683.0,543057
2021-05-21 10:02:42,5682.0,543067
2021-05-21 10:02:43,5683.0,543179
2021-05-21 10:02:44,5682.0,543185
2021-05-21 10:02:45,5682.0,543255
2021-05-21 10:02:47,5682.5,543261
2021-05-21 10:02:47,5682.5,543261
2021-05-21 10:02:48,5682.5,543276
2021-05-21 10:02:49,5683.0,543287
2021-05-21 10:02:50,5683.0,543288
2021-05-21 10:02:51,5682.0,543313
2021-05-21 10:02:52,5683.0,543363
2021-05-21 10:02:53,5683.0,543364
2021-05-21 10:02:55,5681.45,543467
2021-05-21 10:02:55,5681.45,543466
2021-05-21 10:02:56,5681.45,543467
2021-05-21 10:02:57,5683.0,543468
2021-05-21 10:02:58,5683.0,544335
2021-05-21 10:02:59,5683.0,544410
2021-05-21 10:03:00,5683.5,544571
2021-05-21 10:03:02,5683.8,544822
2021-05-21 10:03:02,5683.8,544822
2021-05-21 10:03:03,5685.0,544861
2021-05-21 10:03:04,5685.0,544877
2021-05-21 10:03:05,5685.0,545609
2021-05-21 10:03:06,5685.0,545673
2021-05-21 10:03:08,5684.2,545833
2021-05-21 10:03:08,5684.2,545833
2021-05-21 10:03:09,5685.0,545854
2021-05-21 10:03:10,5683.8,546021
2021-05-21 10:03:11,5684.0,546035
2021-05-21 10:03:13,5685.0,546197
2021-05-21 10:03:14,5685.0,546372
2021-05-21 10:03:16,5685.0,546377
2021-05-21 10:03:16,5685.0,546377
2021-05-21 10:03:17,5685.0,546392
2021-05-21 10:03:18,5685.0,546704
2021-05-21 10:03:19,5684.3,546714
2021-05-21 10:03:20,5684.05,546953
2021-05-21 10:03:21,5685.0,546993
2021-05-21 10:03:22,5688.0,549936
2021-05-21 10:03:23,5688.65,550796
2021-05-21 10:03:25,5689.0,550825
2021-05-21 10:03:25,5687.55,550855
2021-05-21 10:03:26,5689.0,550953
2021-05-21 10:03:27,5689.0,551189
2021-05-21 10:03:28,5689.2,552638
2021-05-21 10:03:29,5689.9,553006
2021-05-21 10:03:31,5690.0,553197
2021-05-21 10:03:31,5690.0,553197
2021-05-21 10:03:32,5690.0,553513
2021-05-21 10:03:33,5690.0,553712
2021-05-21 10:03:34,5690.0,554138
2021-05-21 10:03:36,5690.0,554288
2021-05-21 10:03:37,5690.0,554456
2021-05-21 10:03:37,5690.0,554456
2021-05-21 10:03:38,5690.0,554471
2021-05-21 10:03:39,5688.85,554973
2021-05-21 10:03:40,5688.8,555034
2021-05-21 10:03:41,5688.6,555160
2021-05-21 10:03:42,5688.25,555196
2021-05-21 10:03:43,5688.25,555196
2021-05-21 10:03:45,5688.3,555311
2021-05-21 10:03:47,5687.5,555989
2021-05-21 10:03:47,5687.8,555390
2021-05-21 10:03:48,5687.35,556043
2021-05-21 10:03:49,5689.75,556065
2021-05-21 10:03:50,5689.1,556139
2021-05-21 10:03:51,5688.4,556259
2021-05-21 10:03:52,5689.0,556260
2021-05-21 10:03:54,5688.8,556309
2021-05-21 10:03:55,5689.0,556356
2021-05-21 10:03:57,5690.0,556711
2021-05-21 10:03:58,5689.0,556772
2021-05-21 10:03:59,5689.05,556776
2021-05-21 10:04:00,5689.75,557100
2021-05-21 10:04:02,5690.0,557402
2021-05-21 10:04:02,5690.0,557402
2021-05-21 10:04:03,5690.0,557771
2021-05-21 10:04:04,5690.0,558032
2021-05-21 10:04:05,5689.0,558052
2021-05-21 10:04:06,5690.0,558340
2021-05-21 10:04:07,5689.05,558554
2021-05-21 10:04:08,5690.0,558556
2021-05-21 10:04:09,5690.0,558556
2021-05-21 10:04:10,5689.95,558607
2021-05-21 10:04:11,5690.0,558935
2021-05-21 10:04:12,5689.95,558941
2021-05-21 10:04:14,5690.0,559152
2021-05-21 10:04:14,5690.0,559152
2021-05-21 10:04:15,5690.0,559352
2021-05-21 10:04:16,5690.0,559416
2021-05-21 10:04:17,5689.45,559424
2021-05-21 10:04:18,5693.0,561832
2021-05-21 10:04:19,5691.3,561969
2021-05-21 10:04:20,5693.25,562131
2021-05-21 10:04:21,5693.0,562152
2021-05-21 10:04:23,5693.0,562212
2021-05-21 10:04:24,5691.85,562846
2021-05-21 10:04:24,5691.85,562846
2021-05-21 10:04:25,5692.9,563232
2021-05-21 10:04:26,5694.0,563285
2021-05-21 10:04:28,5693.8,563366
2021-05-21 10:04:29,5693.0,563415
2021-05-21 10:04:29,5693.0,563415
2021-05-21 10:04:30,5692.0,563537
2021-05-21 10:04:31,5692.0,563582
2021-05-21 10:04:32,5691.1,564031
2021-05-21 10:04:33,5691.95,564086
2021-05-21 10:04:35,5691.95,564086
2021-05-21 10:04:36,5691.9,564122
2021-05-21 10:04:37,5690.85,564134
2021-05-21 10:04:38,5691.9,564135
2021-05-21 10:04:38,5692.0,564360
2021-05-21 10:04:39,5693.0,564366
2021-05-21 10:04:40,5694.0,564462
2021-05-21 10:04:41,5692.25,564483
2021-05-21 10:04:42,5694.0,564593
2021-05-21 10:04:44,5694.1,564831
2021-05-21 10:04:45,5693.3,564946
2021-05-21 10:04:46,5691.0,565268
2021-05-21 10:04:47,5691.0,565268
2021-05-21 10:04:48,5691.0,565557
2021-05-21 10:04:48,5691.0,565557
2021-05-21 10:04:49,5692.0,565676
2021-05-21 10:04:50,5692.0,565686
2021-05-21 10:04:51,5692.0,565696
2021-05-21 10:04:53,5694.0,565747
2021-05-21 10:04:54,5694.0,565747
2021-05-21 10:04:55,5692.0,565759
2021-05-21 10:04:55,5692.0,565759
2021-05-21 10:04:56,5692.0,565796
2021-05-21 10:04:57,5692.0,566126
2021-05-21 10:04:58,5693.0,566143
2021-05-21 10:05:02,5693.0,566367
2021-05-21 10:05:02,5693.0,566369
2021-05-21 10:05:04,5692.3,566452
2021-05-21 10:05:05,5694.0,566779
2021-05-21 10:05:05,5694.0,566779
2021-05-21 10:05:06,5691.35,566781
2021-05-21 10:05:07,5691.5,567303
2021-05-21 10:05:08,5691.0,567398
2021-05-21 10:05:09,5690.15,567637
2021-05-21 10:05:11,5693.85,567674
2021-05-21 10:05:12,5691.4,567759
2021-05-21 10:05:12,5691.4,567759
2021-05-21 10:05:13,5693.0,567769
2021-05-21 10:05:14,5692.0,567778
2021-05-21 10:05:15,5694.0,567931
2021-05-21 10:05:16,5693.4,568016
2021-05-21 10:05:18,5693.4,568016
2021-05-21 10:05:19,5693.7,568026
2021-05-21 10:05:19,5693.7,568026
2021-05-21 10:05:20,5693.0,568128
2021-05-21 10:05:21,5691.5,568145
2021-05-21 10:05:22,5693.7,568275
2021-05-21 10:05:23,5693.7,568286
2021-05-21 10:05:24,5693.85,568301
2021-05-21 10:05:26,5693.65,568317
2021-05-21 10:05:27,5693.65,568317
2021-05-21 10:05:28,5691.55,568442
2021-05-21 10:05:28,5691.55,568442
2021-05-21 10:05:29,5691.55,568461
2021-05-21 10:05:30,5691.6,568675
2021-05-21 10:05:31,5693.85,568682
2021-05-21 10:05:33,5693.8,568713
2021-05-21 10:05:34,5693.95,568768
2021-05-21 10:05:34,5693.95,568768
2021-05-21 10:05:35,5693.0,568780
2021-05-21 10:05:36,5691.55,568791
2021-05-21 10:05:37,5693.0,568806
2021-05-21 10:05:39,5692.0,568818
2021-05-21 10:05:40,5692.0,568823
2021-05-21 10:05:41,5692.9,568948
2021-05-21 10:05:41,5692.0,568952
2021-05-21 10:05:42,5690.0,569759
2021-05-21 10:05:43,5692.15,570139
2021-05-21 10:05:44,5691.75,570144
2021-05-21 10:05:46,5691.75,570222
2021-05-21 10:05:47,5690.0,570422
2021-05-21 10:05:48,5689.55,570631
2021-05-21 10:05:49,5692.0,570711
2021-05-21 10:05:50,5690.0,570715
2021-05-21 10:05:51,5689.4,570728
2021-05-21 10:05:52,5689.45,570881
2021-05-21 10:05:52,5689.45,570881
2021-05-21 10:05:53,5690.0,570891
2021-05-21 10:05:54,5689.2,570911
2021-05-21 10:05:55,5689.2,570911
2021-05-21 10:05:57,5691.7,570912
2021-05-21 10:05:58,5688.85,571622
2021-05-21 10:05:59,5691.8,571652
2021-05-21 10:06:00,5688.95,571810
2021-05-21 10:06:01,5688.8,571827
2021-05-21 10:06:04,5688.3,571891
2021-05-21 10:06:05,5688.0,572205
2021-05-21 10:06:05,5688.0,572205
2021-05-21 10:06:06,5686.4,572220
2021-05-21 10:06:07,5687.65,572237
2021-05-21 10:06:08,5686.0,572278
2021-05-21 10:06:11,5686.05,572532
2021-05-21 10:06:11,5686.05,572532
2021-05-21 10:06:12,5688.2,572566
2021-05-21 10:06:13,5685.05,573128
2021-05-21 10:06:14,5685.05,573178
2021-05-21 10:06:16,5686.0,573215
2021-05-21 10:06:17,5686.0,573215
2021-05-21 10:06:18,5686.65,573468
2021-05-21 10:06:18,5686.65,573468
2021-05-21 10:06:19,5685.05,573471
2021-05-21 10:06:20,5685.05,573522
2021-05-21 10:06:22,5686.6,573556
2021-05-21 10:06:23,5685.05,573593
2021-05-21 10:06:24,5685.05,573593
2021-05-21 10:06:25,5685.05,573673
2021-05-21 10:06:26,5683.6,573989
2021-05-21 10:06:27,5685.55,574178
2021-05-21 10:06:27,5685.55,574178
2021-05-21 10:06:28,5685.0,574192
2021-05-21 10:06:29,5683.3,574242
2021-05-21 10:06:30,5685.0,574250
2021-05-21 10:06:32,5685.85,574345
2021-05-21 10:06:33,5683.35,574375
2021-05-21 10:06:34,5683.35,574375
2021-05-21 10:06:35,5685.85,574425
2021-05-21 10:06:36,5683.0,574545
2021-05-21 10:06:36,5683.0,574545
2021-05-21 10:06:37,5683.1,574549
2021-05-21 10:06:38,5683.25,574587
2021-05-21 10:06:39,5685.55,574732
2021-05-21 10:06:41,5683.35,574908
2021-05-21 10:06:42,5683.2,574932
2021-05-21 10:06:43,5683.2,574932
2021-05-21 10:06:44,5683.0,574965
2021-05-21 10:06:45,5683.0,574993
2021-05-21 10:06:45,5683.0,574993
2021-05-21 10:06:46,5681.4,575231
2021-05-21 10:06:47,5683.55,575356
2021-05-21 10:06:48,5681.5,575389
2021-05-21 10:06:50,5681.4,575414
2021-05-21 10:06:51,5683.1,575420
2021-05-21 10:06:52,5683.1,575420
2021-05-21 10:06:53,5681.4,575457
2021-05-21 10:06:54,5681.4,575508
2021-05-21 10:06:55,5681.4,575510
2021-05-21 10:06:56,5681.5,575579
2021-05-21 10:06:57,5682.0,575779
2021-05-21 10:06:58,5681.5,575780
2021-05-21 10:07:00,5681.5,575780
2021-05-21 10:07:01,5682.95,575837
2021-05-21 10:07:02,5681.4,575980
2021-05-21 10:07:03,5681.4,575980
2021-05-21 10:07:04,5681.4,576110
2021-05-21 10:07:04,5681.4,576170
2021-05-21 10:07:05,5680.4,576389
2021-05-21 10:07:06,5680.4,576389
2021-05-21 10:07:07,5681.4,576409
2021-05-21 10:07:08,5681.0,576419
2021-05-21 10:07:10,5680.0,576556
2021-05-21 10:07:11,5683.0,576779
2021-05-21 10:07:12,5681.35,576780
2021-05-21 10:07:13,5683.2,576921
2021-05-21 10:07:14,5683.2,576921
2021-05-21 10:07:15,5685.0,577046
2021-05-21 10:07:15,5685.0,577046
2021-05-21 10:07:16,5683.2,577150
2021-05-21 10:07:18,5685.0,577162
2021-05-21 10:07:19,5683.0,577164
2021-05-21 10:07:20,5685.0,577301
2021-05-21 10:07:20,5685.0,577301
2021-05-21 10:07:21,5686.4,577374
2021-05-21 10:07:23,5685.9,577404
2021-05-21 10:07:25,5683.7,577433
2021-05-21 10:07:26,5686.85,577498
2021-05-21 10:07:28,5685.95,577510
2021-05-21 10:07:29,5687.75,577513
2021-05-21 10:07:30,5687.75,577513
2021-05-21 10:07:31,5687.0,577528
2021-05-21 10:07:31,5687.0,577528
2021-05-21 10:07:32,5685.9,577626
2021-05-21 10:07:33,5684.1,577726
2021-05-21 10:07:34,5683.7,577766
2021-05-21 10:07:36,5683.7,577768
2021-05-21 10:07:37,5683.7,577880
2021-05-21 10:07:38,5683.0,578130
2021-05-21 10:07:39,5683.0,578171
2021-05-21 10:07:40,5681.0,578691
2021-05-21 10:07:41,5682.65,578701
2021-05-21 10:07:41,5682.65,578701
2021-05-21 10:07:42,5680.0,578841
2021-05-21 10:07:43,5681.0,578853
2021-05-21 10:07:44,5682.55,578862
2021-05-21 10:07:46,5682.55,578891
2021-05-21 10:07:47,5682.55,578891
2021-05-21 10:07:48,5682.55,578902
2021-05-21 10:07:49,5682.55,578902
2021-05-21 10:07:50,5682.0,578931
2021-05-21 10:07:51,5681.0,578943
2021-05-21 10:07:52,5682.0,579078
2021-05-21 10:07:53,5682.0,579080
2021-05-21 10:07:54,5682.0,579080
2021-05-21 10:07:54,5682.0,579080
2021-05-21 10:07:55,5682.0,579080
2021-05-21 10:07:56,5682.0,579135
2021-05-21 10:08:00,5681.0,579160
2021-05-21 10:08:01,5682.55,579170
2021-05-21 10:08:02,5681.15,579249
2021-05-21 10:08:03,5681.0,579510
2021-05-21 10:08:04,5685.0,579589
2021-05-21 10:08:05,5685.0,579589
2021-05-21 10:08:06,5685.0,579612
2021-05-21 10:08:06,5685.0,579612
2021-05-21 10:08:07,5683.75,579622
2021-05-21 10:08:08,5683.35,579777
2021-05-21 10:08:10,5686.4,579918
2021-05-21 10:08:11,5684.4,579928
2021-05-21 10:08:12,5684.4,579983
2021-05-21 10:08:12,5684.4,579983
2021-05-21 10:08:13,5684.45,579994
2021-05-21 10:08:14,5684.45,579994
2021-05-21 10:08:15,5686.0,579995
2021-05-21 10:08:17,5686.4,580045
2021-05-21 10:08:18,5685.75,580171
2021-05-21 10:08:19,5687.5,580210
2021-05-21 10:08:20,5688.65,580737
2021-05-21 10:08:21,5688.85,580868
2021-05-21 10:08:22,5688.05,580872
2021-05-21 10:08:22,5688.05,580872
2021-05-21 10:08:23,5688.1,580907
2021-05-21 10:08:24,5690.0,580922
2021-05-21 10:08:25,5687.5,580979
2021-05-21 10:08:26,5688.15,581001
2021-05-21 10:08:28,5688.1,581002
2021-05-21 10:08:29,5688.1,581002
2021-05-21 10:08:30,5689.2,581028
2021-05-21 10:08:31,5689.2,581033
2021-05-21 10:08:32,5689.2,581073
2021-05-21 10:08:33,5688.2,581078
2021-05-21 10:08:33,5688.2,581078
2021-05-21 10:08:34,5690.0,581206
2021-05-21 10:08:35,5690.0,581246
2021-05-21 10:08:37,5689.15,581283
2021-05-21 10:08:38,5690.0,581308
2021-05-21 10:08:39,5690.0,581389
2021-05-21 10:08:40,5690.0,581392
2021-05-21 10:08:41,5688.2,581432
2021-05-21 10:08:42,5690.0,581443
2021-05-21 10:08:43,5690.0,581444
2021-05-21 10:08:44,5690.0,581455
2021-05-21 10:08:45,5688.3,581510
2021-05-21 10:08:45,5688.3,581520
2021-05-21 10:08:47,5688.3,581520
2021-05-21 10:08:48,5690.0,581602
2021-05-21 10:08:49,5690.0,581638
2021-05-21 10:08:50,5688.45,581772
2021-05-21 10:08:51,5689.0,581774
2021-05-21 10:08:52,5687.95,581924
2021-05-21 10:08:53,5687.95,581924
2021-05-21 10:08:53,5687.95,581924
2021-05-21 10:08:54,5687.25,581937
2021-05-21 10:08:56,5689.75,581963
2021-05-21 10:08:57,5689.75,581963
2021-05-21 10:08:58,5689.75,581963
2021-05-21 10:08:59,5689.75,581963
2021-05-21 10:09:00,5689.75,581963
2021-05-21 10:09:01,5685.0,582929
2021-05-21 10:09:02,5685.0,582931
2021-05-21 10:09:03,5686.9,582983
2021-05-21 10:09:04,5692.0,585792
2021-05-21 10:09:05,5692.0,585904
2021-05-21 10:09:05,5692.0,585904
2021-05-21 10:09:07,5692.0,585904
2021-05-21 10:09:08,5690.0,586029
2021-05-21 10:09:09,5689.75,586171
2021-05-21 10:09:10,5688.95,586328
2021-05-21 10:09:11,5688.95,586453
2021-05-21 10:09:12,5687.8,586463
2021-05-21 10:09:13,5687.8,586463
2021-05-21 10:09:14,5687.8,586463
2021-05-21 10:09:15,5687.8,586468
2021-05-21 10:09:16,5687.8,586470
2021-05-21 10:09:17,5687.8,586470
2021-05-21 10:09:18,5689.0,586589
2021-05-21 10:09:18,5688.25,586616
2021-05-21 10:09:19,5687.8,586626
2021-05-21 10:09:21,5687.8,586676
2021-05-21 10:09:22,5686.95,586789
2021-05-21 10:09:23,5688.6,586844
2021-05-21 10:09:24,5688.6,586844
2021-05-21 10:09:25,5685.4,587437
2021-05-21 10:09:26,5685.0,587455
2021-05-21 10:09:28,5685.0,587585
2021-05-21 10:09:29,5685.0,587585
2021-05-21 10:09:30,5686.9,587611
2021-05-21 10:09:32,5686.9,587636
2021-05-21 10:09:33,5686.9,587636
2021-05-21 10:09:34,5685.0,587667
2021-05-21 10:09:35,5684.0,589061
2021-05-21 10:09:36,5684.0,589061
2021-05-21 10:09:37,5684.9,589088
2021-05-21 10:09:38,5684.9,589113
2021-05-21 10:09:38,5684.9,589113
2021-05-21 10:09:39,5684.9,589114
2021-05-21 10:09:40,5684.9,589114
2021-05-21 10:09:41,5683.15,589115
2021-05-21 10:09:42,5683.0,589124
2021-05-21 10:09:43,5683.0,589126
2021-05-21 10:09:45,5683.0,589217
2021-05-21 10:09:47,5684.75,589423
2021-05-21 10:09:49,5684.9,589469
2021-05-21 10:09:48,5684.75,589446
2021-05-21 10:09:50,5684.9,589478
2021-05-21 10:09:51,5685.0,589498
2021-05-21 10:09:52,5683.95,589551
2021-05-21 10:09:54,5685.0,589602
2021-05-21 10:09:53,5684.05,589556
2021-05-21 10:09:54,5685.0,589605
2021-05-21 10:09:55,5685.55,589606
2021-05-21 10:09:56,5685.0,589612
2021-05-21 10:09:57,5683.0,589784
2021-05-21 10:09:59,5682.65,589839
2021-05-21 10:10:00,5682.65,589839
2021-05-21 10:10:01,5684.0,589902
2021-05-21 10:10:02,5682.55,589905
2021-05-21 10:10:03,5682.55,589905
2021-05-21 10:10:04,5682.5,590005
2021-05-21 10:10:05,5684.0,590130
2021-05-21 10:10:06,5684.0,590133
2021-05-21 10:10:07,5684.0,590133
2021-05-21 10:10:08,5684.0,590133
2021-05-21 10:10:08,5684.0,590133
2021-05-21 10:10:09,5683.95,590134
2021-05-21 10:10:11,5684.0,590234
2021-05-21 10:10:12,5683.0,590254
2021-05-21 10:10:14,5684.0,590293
2021-05-21 10:10:15,5684.0,590293
2021-05-21 10:10:16,5681.0,590773
2021-05-21 10:10:16,5681.0,590773
2021-05-21 10:10:17,5681.0,590783
2021-05-21 10:10:19,5681.0,590783
2021-05-21 10:10:20,5681.0,590894
2021-05-21 10:10:21,5682.9,590926
2021-05-21 10:10:22,5682.9,590926
2021-05-21 10:10:23,5681.0,590929
2021-05-21 10:10:24,5681.0,590949
2021-05-21 10:10:25,5681.0,591060
2021-05-21 10:10:26,5682.55,591076
2021-05-21 10:10:26,5682.55,591076
2021-05-21 10:10:27,5681.0,591148
2021-05-21 10:10:28,5681.0,591218
2021-05-21 10:10:29,5680.8,591263
2021-05-21 10:10:30,5681.0,591268
2021-05-21 10:10:32,5681.0,591268
2021-05-21 10:10:33,5680.1,591275
2021-05-21 10:10:33,5680.1,591276
2021-05-21 10:10:35,5681.0,591353
2021-05-21 10:10:37,5681.0,591373
2021-05-21 10:10:38,5681.0,591373
2021-05-21 10:10:39,5680.05,591374
2021-05-21 10:10:40,5680.0,591429
2021-05-21 10:10:40,5680.0,591429
2021-05-21 10:10:41,5678.0,592263
2021-05-21 10:10:42,5679.85,592317
2021-05-21 10:10:44,5677.0,592358
2021-05-21 10:10:45,5677.0,592358
2021-05-21 10:10:46,5677.1,592477
2021-05-21 10:10:47,5676.05,593163
2021-05-21 10:10:49,5677.7,593653
2021-05-21 10:10:50,5677.2,594032
2021-05-21 10:10:51,5676.3,594047
2021-05-21 10:10:52,5675.8,594067
2021-05-21 10:10:53,5675.6,594120
2021-05-21 10:10:54,5675.6,594120
2021-05-21 10:10:55,5675.0,594230
2021-05-21 10:10:56,5678.2,594240
2021-05-21 10:10:57,5678.5,594320
2021-05-21 10:10:58,5678.5,594320
2021-05-21 10:10:59,5675.6,594422
2021-05-21 10:11:00,5676.45,594731
2021-05-21 10:11:02,5677.35,594889
2021-05-21 10:11:03,5677.35,594889
2021-05-21 10:11:05,5678.25,594890
2021-05-21 10:11:04,5678.25,594890
2021-05-21 10:11:06,5677.35,594895
2021-05-21 10:11:07,5677.6,594940
2021-05-21 10:11:08,5676.75,594989
2021-05-21 10:11:09,5676.55,595020
2021-05-21 10:11:10,5676.55,595020
2021-05-21 10:11:11,5676.0,595160
2021-05-21 10:11:12,5676.0,595160
2021-05-21 10:11:14,5678.0,595185
2021-05-21 10:11:15,5677.0,595285
2021-05-21 10:11:16,5678.0,595370
2021-05-21 10:11:17,5678.55,595470
2021-05-21 10:11:18,5678.55,595470
2021-05-21 10:11:19,5676.25,595471
2021-05-21 10:11:20,5678.9,595569
2021-05-21 10:11:21,5676.7,595579
2021-05-21 10:11:22,5678.8,595582
2021-05-21 10:11:23,5678.0,595585
2021-05-21 10:11:24,5678.0,595585
2021-05-21 10:11:25,5678.8,595586
2021-05-21 10:11:26,5678.0,595587
2021-05-21 10:11:27,5678.0,595592
2021-05-21 10:11:28,5678.5,595620
2021-05-21 10:11:29,5678.5,595627
2021-05-21 10:11:30,5678.5,595627
2021-05-21 10:11:31,5678.0,595640
2021-05-21 10:11:32,5678.85,595690
2021-05-21 10:11:33,5680.0,595794
2021-05-21 10:11:34,5679.15,596171
2021-05-21 10:11:35,5679.2,596195
2021-05-21 10:11:36,5679.55,596204
2021-05-21 10:11:37,5681.0,596235
2021-05-21 10:11:38,5681.0,596235
2021-05-21 10:11:39,5681.0,596245
2021-05-21 10:11:40,5681.0,596245
2021-05-21 10:11:41,5682.0,596265
2021-05-21 10:11:42,5682.0,596274
2021-05-21 10:11:43,5682.0,596276
2021-05-21 10:11:44,5682.85,596285
2021-05-21 10:11:45,5682.85,596295
2021-05-21 10:11:46,5682.85,596316
2021-05-21 10:11:47,5681.1,596321
2021-05-21 10:11:48,5681.1,596321
2021-05-21 10:11:49,5681.1,596321
2021-05-21 10:11:50,5681.1,596321
2021-05-21 10:11:51,5683.0,596337
2021-05-21 10:11:52,5683.0,596337
2021-05-21 10:11:53,5683.45,596375
2021-05-21 10:11:54,5683.45,596375
2021-05-21 10:11:55,5683.45,596375
2021-05-21 10:11:56,5682.0,596380
2021-05-21 10:11:57,5682.1,596406
2021-05-21 10:11:58,5682.1,596406
2021-05-21 10:11:59,5682.0,596474
2021-05-21 10:12:00,5682.0,596486
2021-05-21 10:12:01,5683.35,596497
2021-05-21 10:12:02,5682.0,596637
2021-05-21 10:12:03,5683.0,596741
2021-05-21 10:12:04,5683.0,596761
2021-05-21 10:12:05,5683.0,596761
2021-05-21 10:12:06,5682.1,596772
2021-05-21 10:12:07,5683.0,596803
2021-05-21 10:12:08,5683.0,596803
2021-05-21 10:12:09,5683.0,596803
2021-05-21 10:12:10,5684.0,596904
2021-05-21 10:12:11,5682.1,596916
2021-05-21 10:12:12,5682.1,596917
2021-05-21 10:12:14,5684.05,596974
2021-05-21 10:12:15,5682.1,596978
2021-05-21 10:12:16,5684.3,597098
2021-05-21 10:12:18,5683.6,597157
2021-05-21 10:12:19,5685.0,597161
2021-05-21 10:12:20,5685.0,597286
2021-05-21 10:12:21,5685.0,597290
2021-05-21 10:12:22,5684.05,597298
2021-05-21 10:12:23,5684.95,597572
2021-05-21 10:12:24,5684.85,597573
2021-05-21 10:12:25,5684.85,597573
2021-05-21 10:12:26,5684.9,597582
2021-05-21 10:12:27,5683.15,597584
2021-05-21 10:12:28,5684.9,597599
2021-05-21 10:12:30,5684.9,597599
2021-05-21 10:12:29,5684.9,597599
2021-05-21 10:12:31,5683.1,597617
2021-05-21 10:12:32,5684.9,597626
2021-05-21 10:12:33,5683.15,597636
2021-05-21 10:12:34,5684.9,597656
2021-05-21 10:12:35,5684.9,597656
2021-05-21 10:12:36,5684.9,597656
2021-05-21 10:12:37,5684.9,597658
2021-05-21 10:12:38,5684.9,597660
2021-05-21 10:12:39,5684.9,597660
2021-05-21 10:12:40,5684.9,597660
2021-05-21 10:12:41,5683.1,597686
2021-05-21 10:12:42,5684.95,597706
2021-05-21 10:12:44,5683.1,597717
2021-05-21 10:12:43,5683.1,597717
2021-05-21 10:12:45,5684.95,597726
2021-05-21 10:12:46,5684.95,597727
2021-05-21 10:12:47,5684.3,597747
2021-05-21 10:12:48,5684.3,597747
2021-05-21 10:12:49,5683.1,597767
2021-05-21 10:12:50,5684.9,597804
2021-05-21 10:12:51,5683.1,597809
2021-05-21 10:12:52,5683.1,597809
2021-05-21 10:12:53,5683.1,597815
2021-05-21 10:12:54,5683.0,597883
2021-05-21 10:12:55,5683.15,597884
2021-05-21 10:12:56,5683.95,597894
2021-05-21 10:12:57,5683.95,597894
2021-05-21 10:12:58,5683.0,597945
2021-05-21 10:12:59,5683.0,597945
2021-05-21 10:13:00,5683.0,597954
2021-05-21 10:13:01,5683.6,597959
2021-05-21 10:13:02,5681.2,598069
2021-05-21 10:13:03,5681.3,598079
2021-05-21 10:13:04,5681.3,598079
2021-05-21 10:13:05,5681.3,598079
2021-05-21 10:13:06,5681.3,598079
2021-05-21 10:13:07,5683.45,598121
2021-05-21 10:13:08,5681.2,598132
2021-05-21 10:13:09,5683.45,598133
2021-05-21 10:13:10,5683.45,598133
2021-05-21 10:13:11,5683.45,598133
2021-05-21 10:13:12,5682.3,598205
2021-05-21 10:13:13,5682.3,598205
2021-05-21 10:13:14,5682.9,598215
2021-05-21 10:13:15,5682.9,598215
2021-05-21 10:13:16,5682.9,598215
2021-05-21 10:13:17,5682.9,598215
2021-05-21 10:13:18,5682.95,598248
2021-05-21 10:13:19,5682.95,598248
2021-05-21 10:13:20,5682.95,598248
2021-05-21 10:13:21,5682.9,598255
2021-05-21 10:13:22,5682.9,598255
2021-05-21 10:13:23,5682.0,598406
2021-05-21 10:13:24,5682.0,598411
2021-05-21 10:13:25,5681.3,598426
2021-05-21 10:13:26,5681.0,598468
2021-05-21 10:13:27,5682.9,598471
2021-05-21 10:13:28,5682.9,598471
2021-05-21 10:13:29,5683.4,598530
2021-05-21 10:13:30,5683.4,598535
2021-05-21 10:13:31,5683.45,598565
2021-05-21 10:13:32,5680.2,598711
2021-05-21 10:13:33,5680.2,598711
2021-05-21 10:13:34,5680.2,598711
2021-05-21 10:13:35,5680.2,598711
2021-05-21 10:13:37,5683.1,598721
2021-05-21 10:13:37,5683.1,598721
2021-05-21 10:13:38,5683.1,598721
2021-05-21 10:13:39,5680.1,598821
2021-05-21 10:13:40,5680.1,598821
2021-05-21 10:13:41,5681.85,598911
2021-05-21 10:13:42,5681.0,598914
2021-05-21 10:13:43,5681.0,598914
2021-05-21 10:13:44,5681.0,598916
2021-05-21 10:13:45,5681.1,599122
2021-05-21 10:13:46,5681.5,599243
2021-05-21 10:13:48,5681.55,599248
2021-05-21 10:13:49,5681.55,599248
2021-05-21 10:13:50,5681.55,599248
2021-05-21 10:13:51,5680.75,599250
2021-05-21 10:13:52,5680.75,599255
2021-05-21 10:13:53,5680.75,599255
2021-05-21 10:13:54,5679.0,599273
2021-05-21 10:13:55,5680.75,599293
2021-05-21 10:13:56,5680.75,599293
2021-05-21 10:13:57,5678.0,599628
2021-05-21 10:13:58,5678.0,599628
2021-05-21 10:13:59,5676.4,599828
2021-05-21 10:14:00,5678.95,599833
2021-05-21 10:14:02,5678.95,599833
2021-05-21 10:14:02,5678.95,599833
2021-05-21 10:14:03,5676.4,599838
2021-05-21 10:14:04,5676.4,599838
2021-05-21 10:14:05,5676.4,599848
2021-05-21 10:14:06,5678.0,599863
2021-05-21 10:14:07,5678.0,599863
2021-05-21 10:14:08,5678.0,599863
2021-05-21 10:14:09,5677.65,599943
2021-05-21 10:14:10,5677.65,599943
2021-05-21 10:14:12,5677.65,599943
2021-05-21 10:14:13,5677.65,599943
2021-05-21 10:14:14,5678.2,599948
2021-05-21 10:14:14,5677.65,599943
2021-05-21 10:14:15,5677.0,599952
2021-05-21 10:14:16,5677.0,599962
2021-05-21 10:14:17,5677.0,599962
2021-05-21 10:14:18,5677.0,599962
2021-05-21 10:14:19,5678.55,600074
2021-05-21 10:14:21,5680.0,600209
2021-05-21 10:14:20,5680.0,600199
2021-05-21 10:14:22,5681.45,600244
2021-05-21 10:14:23,5680.0,600245
2021-05-21 10:14:24,5680.0,600250
2021-05-21 10:14:25,5680.0,600250
2021-05-21 10:14:26,5680.0,600252
2021-05-21 10:14:27,5680.0,600252
2021-05-21 10:14:28,5680.0,600252
2021-05-21 10:14:29,5681.9,600253
2021-05-21 10:14:30,5681.9,600253
2021-05-21 10:14:31,5680.0,600268
2021-05-21 10:14:32,5680.0,600273
2021-05-21 10:14:33,5681.15,600298
2021-05-21 10:14:34,5681.15,600298
2021-05-21 10:14:35,5681.3,600305
2021-05-21 10:14:37,5681.55,600330
2021-05-21 10:14:38,5681.55,600330
2021-05-21 10:14:39,5681.6,600334
2021-05-21 10:14:40,5680.1,600336
2021-05-21 10:14:41,5680.0,600338
2021-05-21 10:14:42,5680.0,600338
2021-05-21 10:14:43,5681.95,600339
2021-05-21 10:14:45,5680.1,600484
2021-05-21 10:14:46,5680.1,600494
2021-05-21 10:14:47,5680.1,600494
2021-05-21 10:14:48,5680.1,600494
2021-05-21 10:14:49,5680.1,600494
2021-05-21 10:14:50,5680.1,600494
2021-05-21 10:14:51,5680.1,600495
2021-05-21 10:14:52,5680.0,600647
2021-05-21 10:14:53,5677.8,600716
2021-05-21 10:14:54,5680.8,600719
2021-05-21 10:14:55,5677.8,600729
2021-05-21 10:14:56,5677.8,600729
2021-05-21 10:14:57,5677.5,600742
2021-05-21 10:14:59,5677.5,600742
2021-05-21 10:15:00,5679.85,600744
2021-05-21 10:15:01,5677.55,600754
2021-05-21 10:15:02,5678.55,600875
2021-05-21 10:15:03,5680.0,600879
2021-05-21 10:15:04,5678.3,601009
2021-05-21 10:15:05,5680.0,601080
2021-05-21 10:15:06,5679.0,601081
2021-05-21 10:15:07,5678.2,601101
2021-05-21 10:15:09,5680.0,601111
2021-05-21 10:15:10,5680.0,601126
2021-05-21 10:15:11,5678.3,601144
2021-05-21 10:15:11,5680.0,601132
2021-05-21 10:15:12,5678.3,601144
2021-05-21 10:15:13,5680.0,601155
2021-05-21 10:15:14,5678.35,601187
2021-05-21 10:15:15,5678.35,601187
2021-05-21 10:15:16,5678.3,601219
2021-05-21 10:15:17,5680.0,601230
2021-05-21 10:15:18,5680.0,601231
2021-05-21 10:15:20,5678.2,601267
2021-05-21 10:15:21,5678.2,601272
2021-05-21 10:15:22,5678.2,601272
2021-05-21 10:15:23,5680.0,601289
2021-05-21 10:15:24,5678.25,601311
2021-05-21 10:15:25,5678.25,601311
2021-05-21 10:15:25,5680.0,601331
2021-05-21 10:15:26,5680.0,601331
2021-05-21 10:15:27,5678.3,601333
2021-05-21 10:15:28,5678.3,601333
2021-05-21 10:15:29,5679.0,601350
2021-05-21 10:15:30,5679.0,601380
2021-05-21 10:15:31,5679.0,601387
2021-05-21 10:15:32,5679.0,601387
2021-05-21 10:15:33,5679.0,601387
2021-05-21 10:15:35,5679.0,601397
2021-05-21 10:15:36,5679.0,601397
2021-05-21 10:15:37,5678.2,601431
2021-05-21 10:15:37,5678.2,601432
2021-05-21 10:15:38,5678.2,601521
2021-05-21 10:15:39,5677.0,601562
2021-05-21 10:15:40,5677.2,601567
2021-05-21 10:15:41,5678.2,601568
2021-05-21 10:15:43,5679.0,601635
2021-05-21 10:15:44,5679.0,601635
2021-05-21 10:15:45,5678.0,601637
2021-05-21 10:15:46,5678.0,601687
2021-05-21 10:15:47,5678.05,601692
2021-05-21 10:15:49,5679.15,601977
2021-05-21 10:15:50,5679.15,601978
2021-05-21 10:15:52,5679.2,602013
2021-05-21 10:15:53,5679.2,602013
2021-05-21 10:15:53,5679.9,602014
2021-05-21 10:15:54,5679.9,602014
2021-05-21 10:15:56,5679.9,602036
2021-05-21 10:15:57,5679.0,602084
2021-05-21 10:15:58,5679.9,602100
2021-05-21 10:15:58,5679.9,602120
2021-05-21 10:15:59,5680.0,602240
2021-05-21 10:16:00,5678.05,602441
2021-05-21 10:16:01,5678.25,602490
2021-05-21 10:16:02,5680.0,602511
2021-05-21 10:16:03,5680.0,602514
2021-05-21 10:16:04,5680.0,602723
2021-05-21 10:16:05,5682.0,604239
2021-05-21 10:16:07,5681.5,604279
2021-05-21 10:16:08,5680.5,604379
2021-05-21 10:16:09,5680.45,604380
2021-05-21 10:16:09,5680.45,604380
2021-05-21 10:16:11,5682.0,604415
2021-05-21 10:16:12,5682.9,604540
2021-05-21 10:16:13,5681.0,604550
2021-05-21 10:16:14,5681.2,604565
2021-05-21 10:16:15,5681.0,604639
2021-05-21 10:16:16,5682.85,604739
2021-05-21 10:16:17,5682.85,604739
2021-05-21 10:16:17,5682.85,604739
2021-05-21 10:16:18,5682.85,604741
2021-05-21 10:16:19,5682.85,604767
2021-05-21 10:16:20,5682.85,604767
2021-05-21 10:16:21,5682.7,604774
2021-05-21 10:16:24,5680.0,605015
2021-05-21 10:16:25,5681.0,605043
2021-05-21 10:16:25,5681.0,605043
2021-05-21 10:16:26,5681.0,605043
2021-05-21 10:16:27,5681.0,605043
2021-05-21 10:16:28,5681.2,605074
2021-05-21 10:16:29,5681.2,605074
2021-05-21 10:16:30,5681.1,605111
2021-05-21 10:16:32,5681.1,605129
2021-05-21 10:16:33,5681.65,605340
2021-05-21 10:16:33,5680.0,605160
2021-05-21 10:16:34,5680.05,605370
2021-05-21 10:16:35,5680.05,605370
2021-05-21 10:16:36,5681.85,605375
2021-05-21 10:16:37,5680.0,605450
2021-05-21 10:16:38,5681.0,605781
2021-05-21 10:16:39,5680.0,605849
2021-05-21 10:16:41,5680.0,605922
2021-05-21 10:16:42,5680.0,606022
2021-05-21 10:16:43,5677.0,607214
2021-05-21 10:16:43,5677.0,607214
2021-05-21 10:16:44,5678.5,607319
2021-05-21 10:16:46,5678.5,607374
2021-05-21 10:16:47,5676.0,607902
2021-05-21 10:16:47,5677.7,607909
2021-05-21 10:16:48,5677.7,607919
2021-05-21 10:16:49,5676.0,608001
2021-05-21 10:16:50,5676.0,608001
2021-05-21 10:16:51,5676.0,608021
2021-05-21 10:16:52,5678.0,608101
2021-05-21 10:16:53,5676.0,608161
2021-05-21 10:16:55,5675.15,608356
2021-05-21 10:16:55,5676.0,608359
2021-05-21 10:16:57,5675.9,608420
2021-05-21 10:16:58,5677.0,608507
2021-05-21 10:16:59,5675.3,608678
2021-05-21 10:17:00,5675.1,608774
2021-05-21 10:17:01,5674.0,611790
2021-05-21 10:17:01,5674.0,611790
2021-05-21 10:17:02,5676.1,611795
2021-05-21 10:17:03,5675.0,611816
2021-05-21 10:17:04,5675.0,611845
2021-05-21 10:17:06,5675.0,611910
2021-05-21 10:17:07,5675.0,612048
2021-05-21 10:17:08,5675.15,612051
2021-05-21 10:17:09,5674.05,612139
2021-05-21 10:17:10,5674.05,612139
2021-05-21 10:17:11,5675.0,612308
2021-05-21 10:17:12,5675.0,612422
2021-05-21 10:17:13,5675.75,612680
2021-05-21 10:17:14,5675.75,612680
2021-05-21 10:17:15,5674.0,612713
2021-05-21 10:17:16,5674.0,612714
2021-05-21 10:17:17,5674.0,612763
2021-05-21 10:17:18,5674.0,613342
2021-05-21 10:17:20,5674.0,613343
2021-05-21 10:17:21,5676.75,613350
2021-05-21 10:17:22,5674.45,613439
2021-05-21 10:17:23,5674.55,613480
2021-05-21 10:17:23,5677.05,613495
2021-05-21 10:17:25,5674.2,613578
2021-05-21 10:17:26,5677.2,613636
2021-05-21 10:17:27,5675.35,613699
2021-05-21 10:17:27,5675.35,613699
2021-05-21 10:17:28,5675.1,613721
2021-05-21 10:17:29,5675.1,613721
2021-05-21 10:17:31,5677.2,613822
2021-05-21 10:17:32,5675.0,613852
2021-05-21 10:17:33,5675.4,613937
2021-05-21 10:17:34,5675.4,613953
2021-05-21 10:17:35,5675.4,613959
2021-05-21 10:17:36,5676.05,613989
2021-05-21 10:17:38,5675.2,614038
2021-05-21 10:17:39,5676.05,614041
2021-05-21 10:17:41,5676.05,614042
2021-05-21 10:17:42,5676.05,614043
2021-05-21 10:17:43,5675.0,614074
2021-05-21 10:17:44,5676.05,614080
2021-05-21 10:17:45,5675.0,614158
2021-05-21 10:17:45,5676.05,614128
2021-05-21 10:17:46,5674.2,614905
2021-05-21 10:17:47,5674.5,614925
2021-05-21 10:17:49,5675.0,614959
2021-05-21 10:17:50,5675.0,615005
2021-05-21 10:17:51,5676.05,615016
2021-05-21 10:17:52,5674.3,615099
2021-05-21 10:17:52,5674.3,615101
2021-05-21 10:17:53,5676.45,615134
2021-05-21 10:17:55,5676.05,615235
2021-05-21 10:17:56,5676.05,615235
2021-05-21 10:17:57,5674.05,615300
2021-05-21 10:17:57,5674.05,615300
2021-05-21 10:17:58,5674.05,615300
2021-05-21 10:17:59,5674.05,615328
2021-05-21 10:18:00,5676.7,615354
2021-05-21 10:18:01,5674.0,615379
2021-05-21 10:18:04,5674.85,615413
2021-05-21 10:18:05,5676.05,615434
2021-05-21 10:18:06,5675.0,615464
2021-05-21 10:18:07,5674.05,615509
2021-05-21 10:18:08,5674.0,615628
2021-05-21 10:18:08,5674.0,615628
2021-05-21 10:18:09,5674.05,615653
2021-05-21 10:18:10,5675.0,615744
2021-05-21 10:18:11,5676.6,615766
2021-05-21 10:18:12,5674.85,615837
2021-05-21 10:18:13,5674.85,615993
2021-05-21 10:18:15,5674.0,616066
2021-05-21 10:18:16,5674.0,616071
2021-05-21 10:18:17,5676.25,616118
2021-05-21 10:18:18,5676.25,616118
2021-05-21 10:18:19,5675.0,616172
2021-05-21 10:18:20,5675.0,616202
2021-05-21 10:18:21,5676.0,616206
2021-05-21 10:18:21,5676.0,616206
2021-05-21 10:18:22,5675.0,616235
2021-05-21 10:18:23,5675.0,616252
2021-05-21 10:18:24,5675.0,616311
2021-05-21 10:18:26,5676.0,616336
2021-05-21 10:18:27,5674.0,616414
2021-05-21 10:18:28,5674.3,616429
2021-05-21 10:18:29,5675.75,616434
2021-05-21 10:18:30,5675.2,616483
2021-05-21 10:18:30,5673.0,616983
2021-05-21 10:18:31,5674.0,617008
2021-05-21 10:18:32,5674.0,617310
2021-05-21 10:18:34,5674.0,617310
2021-05-21 10:18:35,5674.0,617380
2021-05-21 10:18:36,5674.0,617380
2021-05-21 10:18:36,5673.0,617407
2021-05-21 10:18:37,5674.3,617412
2021-05-21 10:18:38,5673.0,617475
2021-05-21 10:18:40,5673.0,617529
2021-05-21 10:18:41,5673.0,617639
2021-05-21 10:18:42,5673.0,617716
2021-05-21 10:18:43,5675.25,617721
2021-05-21 10:18:44,5675.25,617763
2021-05-21 10:18:44,5675.25,617763
2021-05-21 10:18:45,5673.0,617863
2021-05-21 10:18:46,5673.0,617896
2021-05-21 10:18:48,5674.0,617961
2021-05-21 10:18:49,5673.0,618063
2021-05-21 10:18:50,5675.0,618137
2021-05-21 10:18:51,5675.0,618167
2021-05-21 10:18:51,5675.0,618182
2021-05-21 10:18:52,5673.05,618261
2021-05-21 10:18:53,5673.05,618261
2021-05-21 10:18:55,5675.0,618325
2021-05-21 10:18:56,5675.0,618325
2021-05-21 10:18:57,5674.3,618354
2021-05-21 10:18:58,5675.0,618454
2021-05-21 10:18:58,5675.0,618454
2021-05-21 10:18:59,5675.0,618524
2021-05-21 10:19:00,5675.0,618967
2021-05-21 10:19:01,5675.0,618980
2021-05-21 10:19:02,5675.0,618984
2021-05-21 10:19:03,5674.3,619017
2021-05-21 10:19:05,5678.3,619846
2021-05-21 10:19:06,5680.0,619928
2021-05-21 10:19:07,5678.3,620008
2021-05-21 10:19:08,5678.3,620008
2021-05-21 10:19:09,5678.3,620008
2021-05-21 10:19:09,5678.3,620008
2021-05-21 10:19:10,5677.9,620036
2021-05-21 10:19:11,5679.95,620037
2021-05-21 10:19:13,5677.65,620038
2021-05-21 10:19:14,5682.0,620530
2021-05-21 10:19:15,5680.6,620604
2021-05-21 10:19:17,5680.6,620604
2021-05-21 10:19:22,5682.0,620801
2021-05-21 10:19:23,5682.0,620801
2021-05-21 10:19:24,5680.2,620844
2021-05-21 10:19:27,5682.05,620914
2021-05-21 10:19:28,5680.9,620951
2021-05-21 10:19:30,5683.25,621195
2021-05-21 10:19:31,5680.7,621239
2021-05-21 10:19:32,5680.7,621239
2021-05-21 10:19:33,5680.7,621239
2021-05-21 10:19:34,5680.45,621493
2021-05-21 10:19:35,5680.25,621504
2021-05-21 10:19:35,5682.7,621511
2021-05-21 10:19:36,5682.8,621562
2021-05-21 10:19:38,5680.45,621719
2021-05-21 10:19:39,5682.9,621744
2021-05-21 10:19:40,5682.9,621754
2021-05-21 10:19:41,5680.75,621883
2021-05-21 10:19:42,5683.2,621933
2021-05-21 10:19:43,5683.2,621933
2021-05-21 10:19:44,5683.2,621933
2021-05-21 10:19:45,5680.5,621962
2021-05-21 10:19:46,5683.0,622022
2021-05-21 10:19:47,5683.0,622022
2021-05-21 10:19:48,5682.0,622067
2021-05-21 10:19:49,5682.0,622097
2021-05-21 10:19:49,5682.8,622171
2021-05-21 10:19:50,5682.55,622172
2021-05-21 10:19:52,5682.55,622326
2021-05-21 10:19:53,5682.9,622335
2021-05-21 10:19:54,5682.0,622342
2021-05-21 10:19:55,5681.0,622376
2021-05-21 10:19:56,5682.65,622377
2021-05-21 10:19:58,5680.55,622615
2021-05-21 10:19:59,5682.5,622705
2021-05-21 10:20:00,5682.5,622760
2021-05-21 10:20:01,5684.9,623031
2021-05-21 10:20:02,5684.9,623031
2021-05-21 10:20:03,5683.45,623082
2021-05-21 10:20:04,5683.6,623084
2021-05-21 10:20:05,5684.9,623088
2021-05-21 10:20:06,5683.7,623118
2021-05-21 10:20:07,5685.0,623569
2021-05-21 10:20:09,5683.35,623593
2021-05-21 10:20:10,5684.9,623596
2021-05-21 10:20:11,5685.0,623638
2021-05-21 10:20:12,5682.75,623676
2021-05-21 10:20:13,5684.9,623678
2021-05-21 10:20:14,5685.0,623728
2021-05-21 10:20:15,5683.0,623853
2021-05-21 10:20:16,5683.0,623963
2021-05-21 10:20:17,5683.0,623998
2021-05-21 10:20:18,5683.0,624123
2021-05-21 10:20:19,5683.0,624123
2021-05-21 10:20:20,5681.55,624170
2021-05-21 10:20:21,5683.0,624171
2021-05-21 10:20:22,5682.95,624394
2021-05-21 10:20:23,5682.9,624439
2021-05-21 10:20:23,5682.9,624439
2021-05-21 10:20:24,5681.0,624453
2021-05-21 10:20:26,5682.85,624473
2021-05-21 10:20:27,5681.0,624507
2021-05-21 10:20:28,5681.0,624507
2021-05-21 10:20:29,5682.6,624513
2021-05-21 10:20:30,5682.6,624513
2021-05-21 10:20:31,5682.6,624514
2021-05-21 10:20:31,5682.6,624514
2021-05-21 10:20:33,5682.6,624514
2021-05-21 10:20:34,5682.6,624514
2021-05-21 10:20:34,5682.6,624514
2021-05-21 10:20:37,5683.0,624545
2021-05-21 10:20:38,5683.0,624545
2021-05-21 10:20:39,5683.0,624545
2021-05-21 10:20:40,5682.6,624549
2021-05-21 10:20:41,5682.6,624549
2021-05-21 10:20:43,5681.0,624550
2021-05-21 10:20:44,5681.0,624550
2021-05-21 10:20:45,5682.0,624731
2021-05-21 10:20:46,5682.0,624731
2021-05-21 10:20:47,5681.55,624794
2021-05-21 10:20:48,5680.0,624822
2021-05-21 10:20:48,5680.0,624822
2021-05-21 10:20:50,5680.0,624826
2021-05-21 10:20:51,5680.0,624855
2021-05-21 10:20:52,5680.0,624855
2021-05-21 10:20:53,5680.0,624861
2021-05-21 10:20:54,5680.0,624863
2021-05-21 10:20:55,5680.0,624863
2021-05-21 10:20:56,5680.0,624905
2021-05-21 10:20:57,5680.0,624905
2021-05-21 10:20:58,5680.0,624910
2021-05-21 10:20:58,5680.0,624910
2021-05-21 10:21:00,5681.7,624970
2021-05-21 10:21:01,5681.65,625020
2021-05-21 10:21:02,5680.0,625156
2021-05-21 10:21:03,5678.0,625161
2021-05-21 10:21:04,5677.7,625176
2021-05-21 10:21:05,5680.0,625301
2021-05-21 10:21:06,5678.6,625306
2021-05-21 10:21:07,5679.95,625310
2021-05-21 10:21:08,5677.9,625352
2021-05-21 10:21:08,5677.95,625353
2021-05-21 10:21:09,5677.95,625353
2021-05-21 10:21:11,5680.0,625369
2021-05-21 10:21:12,5680.0,625369
2021-05-21 10:21:13,5678.55,625452
2021-05-21 10:21:14,5678.55,625452
2021-05-21 10:21:15,5680.0,625522
2021-05-21 10:21:16,5680.0,625551
2021-05-21 10:21:17,5680.0,625553
2021-05-21 10:21:18,5680.0,625608
2021-05-21 10:21:18,5680.0,625608
2021-05-21 10:21:20,5678.1,625611
2021-05-21 10:21:21,5677.75,625708
2021-05-21 10:21:21,5679.95,625718
2021-05-21 10:21:23,5677.75,625876
2021-05-21 10:21:24,5679.75,625877
2021-05-21 10:21:27,5678.15,625983
2021-05-21 10:21:28,5677.75,626457
2021-05-21 10:21:29,5677.8,626495
2021-05-21 10:21:30,5677.9,626545
2021-05-21 10:21:31,5677.9,626583
2021-05-21 10:21:32,5677.95,626593
2021-05-21 10:21:33,5676.4,626613
2021-05-21 10:21:34,5677.2,626624
2021-05-21 10:21:35,5677.8,626663
2021-05-21 10:21:36,5677.7,626694
2021-05-21 10:21:37,5677.6,626735
2021-05-21 10:21:38,5677.85,626760
2021-05-21 10:21:39,5675.2,626839
2021-05-21 10:21:40,5675.2,626839
2021-05-21 10:21:41,5675.65,626939
2021-05-21 10:21:42,5675.55,626980
2021-05-21 10:21:43,5675.65,627080
2021-05-21 10:21:44,5677.4,627108
2021-05-21 10:21:45,5675.05,627141
2021-05-21 10:21:46,5675.0,627201
2021-05-21 10:21:47,5675.1,627227
2021-05-21 10:21:49,5675.55,627279
2021-05-21 10:21:50,5675.25,627314
2021-05-21 10:21:52,5675.0,628081
2021-05-21 10:21:53,5675.0,628099
2021-05-21 10:21:54,5673.9,628237
2021-05-21 10:21:55,5673.9,628242
2021-05-21 10:21:56,5673.9,628242
2021-05-21 10:21:57,5674.5,628271
2021-05-21 10:21:58,5673.2,628288
2021-05-21 10:21:59,5673.2,628288
2021-05-21 10:22:00,5674.5,628330
2021-05-21 10:22:01,5673.0,629004
2021-05-21 10:22:02,5673.35,629019
2021-05-21 10:22:03,5673.0,629030
2021-05-21 10:22:04,5673.0,629091
2021-05-21 10:22:05,5673.0,629134
2021-05-21 10:22:07,5673.0,629189
2021-05-21 10:22:09,5672.0,629650
2021-05-21 10:22:10,5671.35,629825
2021-05-21 10:22:11,5672.9,629998
2021-05-21 10:22:12,5672.9,629998
2021-05-21 10:22:13,5672.9,629998
2021-05-21 10:22:14,5671.0,630019
2021-05-21 10:22:15,5672.8,630020
2021-05-21 10:22:16,5671.0,630036
2021-05-21 10:22:18,5671.0,630036
2021-05-21 10:22:19,5671.35,630136
2021-05-21 10:22:20,5671.35,630136
2021-05-21 10:22:21,5671.0,630158
2021-05-21 10:22:22,5671.35,630191
2021-05-21 10:22:23,5672.0,630301
2021-05-21 10:22:24,5671.35,630316
2021-05-21 10:22:25,5672.0,630336
2021-05-21 10:22:26,5671.0,630363
2021-05-21 10:22:27,5673.0,630382
2021-05-21 10:22:29,5673.5,630438
2021-05-21 10:22:30,5673.5,630443
2021-05-21 10:22:31,5673.85,630461
2021-05-21 10:22:32,5673.85,630461
2021-05-21 10:22:33,5672.65,630511
2021-05-21 10:22:34,5674.5,630514
2021-05-21 10:22:35,5674.5,630515
2021-05-21 10:22:36,5673.5,630535
2021-05-21 10:22:37,5672.5,630615
2021-05-21 10:22:38,5674.9,630617
2021-05-21 10:22:39,5672.7,630656
2021-05-21 10:22:40,5674.75,630657
2021-05-21 10:22:41,5674.75,630657
2021-05-21 10:22:42,5674.8,630733
2021-05-21 10:22:43,5673.0,630760
2021-05-21 10:22:45,5674.7,630796
2021-05-21 10:22:44,5674.7,630796
2021-05-21 10:22:46,5674.75,630844
2021-05-21 10:22:47,5674.0,630892
2021-05-21 10:22:48,5674.0,630892
2021-05-21 10:22:49,5674.0,630897
2021-05-21 10:22:50,5673.0,630949
2021-05-21 10:22:51,5673.0,630949
2021-05-21 10:22:52,5673.0,630949
2021-05-21 10:22:53,5675.0,631172
2021-05-21 10:22:54,5675.0,631272
2021-05-21 10:22:55,5675.0,631277
2021-05-21 10:22:56,5675.0,631277
2021-05-21 10:22:57,5673.1,631305
2021-05-21 10:22:58,5673.1,631305
2021-05-21 10:22:59,5673.1,631305
2021-05-21 10:23:00,5673.1,631333
2021-05-21 10:23:01,5675.0,631338
2021-05-21 10:23:02,5675.0,631411
2021-05-21 10:23:03,5675.2,631487
2021-05-21 10:23:04,5675.2,631518
2021-05-21 10:23:05,5675.2,631518
2021-05-21 10:23:06,5674.95,631718
2021-05-21 10:23:07,5678.0,633123
2021-05-21 10:23:08,5678.0,633124
2021-05-21 10:23:09,5678.0,633124
2021-05-21 10:23:10,5675.7,633152
2021-05-21 10:23:11,5675.05,633153
2021-05-21 10:23:12,5675.05,633187
2021-05-21 10:23:13,5675.05,633194
2021-05-21 10:23:14,5675.05,633194
2021-05-21 10:23:15,5675.0,633225
2021-05-21 10:23:16,5677.25,633234
2021-05-21 10:23:17,5670.5,636031
2021-05-21 10:23:18,5670.0,639053
2021-05-21 10:23:19,5668.0,640376
2021-05-21 10:23:20,5667.7,640479
2021-05-21 10:23:21,5669.15,640480
2021-05-21 10:23:22,5670.0,641268
2021-05-21 10:23:23,5668.9,641279
2021-05-21 10:23:24,5668.65,641280
2021-05-21 10:23:25,5668.85,641700
2021-05-21 10:23:26,5668.85,641721
2021-05-21 10:23:27,5668.85,641722
2021-05-21 10:23:29,5667.05,641812
2021-05-21 10:23:28,5669.8,641804
2021-05-21 10:23:30,5667.05,641812
2021-05-21 10:23:31,5669.55,641822
2021-05-21 10:23:32,5665.25,643595
2021-05-21 10:23:33,5665.65,643771
2021-05-21 10:23:34,5667.85,643865
2021-05-21 10:23:35,5666.1,644455
2021-05-21 10:23:37,5667.05,644506
2021-05-21 10:23:38,5667.05,644539
2021-05-21 10:23:38,5665.05,644585
2021-05-21 10:23:39,5666.45,644634
2021-05-21 10:23:40,5667.85,644878
2021-05-21 10:23:41,5667.85,644956
2021-05-21 10:23:42,5668.9,645433
2021-05-21 10:23:44,5669.0,645506
2021-05-21 10:23:44,5669.0,645506
2021-05-21 10:23:45,5669.55,645581
2021-05-21 10:23:47,5669.4,646495
2021-05-21 10:23:46,5667.3,645589
2021-05-21 10:23:48,5672.0,646620
2021-05-21 10:23:49,5669.4,646700
2021-05-21 10:23:51,5666.6,646886
2021-05-21 10:23:52,5666.45,646891
2021-05-21 10:23:52,5666.45,646891
2021-05-21 10:23:53,5667.0,646916
2021-05-21 10:23:54,5667.85,646922
2021-05-21 10:23:55,5667.85,647406
2021-05-21 10:23:56,5667.85,647469
2021-05-21 10:23:57,5667.0,647500
2021-05-21 10:23:58,5669.0,648058
2021-05-21 10:23:59,5667.25,648150
2021-05-21 10:24:01,5669.4,648205
2021-05-21 10:24:01,5670.0,648203
2021-05-21 10:24:02,5669.7,648266
2021-05-21 10:24:03,5669.75,648315
2021-05-21 10:24:04,5670.0,648515
2021-05-21 10:24:06,5670.0,648606
2021-05-21 10:24:07,5668.05,648658
2021-05-21 10:24:07,5668.05,648658
2021-05-21 10:24:08,5669.85,648661
2021-05-21 10:24:09,5669.85,648662
2021-05-21 10:24:10,5669.9,648668
2021-05-21 10:24:11,5667.4,648698
2021-05-21 10:24:12,5667.4,648727
2021-05-21 10:24:13,5669.95,648768
2021-05-21 10:24:14,5670.0,648779
2021-05-21 10:24:15,5669.95,648780
2021-05-21 10:24:16,5669.95,648780
2021-05-21 10:24:17,5669.85,648809
2021-05-21 10:24:18,5670.0,648849
2021-05-21 10:24:20,5670.0,650829
2021-05-21 10:24:21,5670.0,650831
2021-05-21 10:24:22,5669.85,650874
2021-05-21 10:24:23,5669.85,651054
2021-05-21 10:24:23,5669.85,651080
2021-05-21 10:24:24,5669.65,651590
2021-05-21 10:24:25,5669.65,651590
2021-05-21 10:24:26,5670.0,651650
2021-05-21 10:24:27,5667.7,651707
2021-05-21 10:24:29,5667.75,651753
2021-05-21 10:24:31,5668.85,651778
2021-05-21 10:24:32,5669.8,651836
2021-05-21 10:24:32,5668.85,651816
2021-05-21 10:24:33,5669.8,651836
2021-05-21 10:24:34,5667.75,651837
2021-05-21 10:24:35,5667.75,651837
2021-05-21 10:24:36,5668.25,651867
2021-05-21 10:24:37,5667.5,651902
2021-05-21 10:24:38,5667.5,651902
2021-05-21 10:24:39,5667.0,652641
2021-05-21 10:24:40,5669.0,652913
2021-05-21 10:24:42,5669.85,653099
2021-05-21 10:24:43,5669.85,653099
2021-05-21 10:24:43,5669.85,653099
2021-05-21 10:24:44,5668.35,653104
2021-05-21 10:24:45,5668.25,653137
2021-05-21 10:24:46,5668.25,653137
2021-05-21 10:24:48,5668.25,653198
2021-05-21 10:24:49,5667.7,653373
2021-05-21 10:24:49,5666.2,653375
2021-05-21 10:24:50,5666.1,653465
2021-05-21 10:24:51,5668.8,653470
2021-05-21 10:24:52,5669.0,653495
2021-05-21 10:24:53,5669.0,653501
2021-05-21 10:24:54,5666.55,653531
2021-05-21 10:24:55,5668.0,653579
2021-05-21 10:24:56,5667.0,653636
2021-05-21 10:24:57,5667.0,653648
2021-05-21 10:24:58,5668.0,653754
2021-05-21 10:24:59,5666.1,653835
2021-05-21 10:25:01,5668.0,655516
2021-05-21 10:25:02,5669.8,655530
2021-05-21 10:25:03,5668.55,655579
2021-05-21 10:25:03,5668.55,655579
2021-05-21 10:25:04,5667.1,655730
2021-05-21 10:25:05,5667.0,655906
2021-05-21 10:25:06,5667.45,655925
2021-05-21 10:25:07,5667.05,655926
2021-05-21 10:25:08,5669.0,655973
2021-05-21 10:25:09,5667.45,655992
2021-05-21 10:25:11,5670.0,656987
2021-05-21 10:25:11,5670.0,656987
2021-05-21 10:25:12,5670.55,657098
2021-05-21 10:25:13,5669.95,657189
2021-05-21 10:25:14,5672.0,657295
2021-05-21 10:25:15,5672.0,657356
2021-05-21 10:25:16,5672.0,657388
2021-05-21 10:25:17,5672.0,657583
2021-05-21 10:25:18,5670.1,657584
2021-05-21 10:25:19,5671.95,657650
2021-05-21 10:25:20,5669.75,657665
2021-05-21 10:25:22,5672.0,657666
2021-05-21 10:25:22,5669.6,657732
2021-05-21 10:25:23,5670.0,657742
2021-05-21 10:25:24,5670.0,657751
2021-05-21 10:25:25,5671.6,657763
2021-05-21 10:25:26,5671.8,658352
2021-05-21 10:25:27,5670.0,658414
2021-05-21 10:25:29,5670.0,658414
2021-05-21 10:25:29,5670.0,658415
2021-05-21 10:25:30,5675.0,661366
2021-05-21 10:25:31,5672.2,661369
2021-05-21 10:25:32,5675.0,661389
2021-05-21 10:25:33,5672.4,661450
2021-05-21 10:25:34,5675.0,661487
2021-05-21 10:25:35,5675.0,661487
2021-05-21 10:25:36,5675.0,661522
2021-05-21 10:25:37,5675.0,661593
2021-05-21 10:25:38,5675.0,661597
2021-05-21 10:25:39,5673.6,661620
2021-05-21 10:25:41,5674.8,661628
2021-05-21 10:25:42,5674.8,661628
2021-05-21 10:25:44,5674.8,661668
2021-05-21 10:25:45,5672.9,661702
2021-05-21 10:25:45,5672.9,661702
2021-05-21 10:25:48,5672.0,661821
2021-05-21 10:25:49,5670.0,661822
2021-05-21 10:25:50,5671.95,661832
2021-05-21 10:25:51,5671.8,661833
2021-05-21 10:25:52,5672.0,661906
2021-05-21 10:25:54,5671.95,661925
2021-05-21 10:25:55,5671.95,661929
2021-05-21 10:25:56,5670.0,661933
2021-05-21 10:25:57,5672.0,662033
2021-05-21 10:25:57,5672.0,662035
2021-05-21 10:25:58,5672.0,662036
2021-05-21 10:25:59,5672.0,662179
2021-05-21 10:26:00,5672.0,662267
2021-05-21 10:26:01,5672.0,662267
2021-05-21 10:26:02,5673.1,663971
2021-05-21 10:26:03,5673.1,663971
2021-05-21 10:26:05,5673.0,664078
2021-05-21 10:26:06,5672.0,664079
2021-05-21 10:26:06,5672.0,664079
2021-05-21 10:26:07,5674.2,664088
2021-05-21 10:26:08,5674.2,664088
2021-05-21 10:26:09,5674.45,664238
2021-05-21 10:26:11,5674.45,664238
2021-05-21 10:26:13,5671.35,664439
2021-05-21 10:26:14,5670.1,664454
2021-05-21 10:26:15,5672.85,664464
2021-05-21 10:26:15,5672.85,664464
2021-05-21 10:26:16,5672.85,664464
2021-05-21 10:26:17,5670.0,664489
2021-05-21 10:26:18,5670.0,664489
2021-05-21 10:26:19,5672.9,664494
2021-05-21 10:26:21,5672.85,664584
2021-05-21 10:26:22,5672.85,664584
2021-05-21 10:26:23,5672.85,664585
2021-05-21 10:26:25,5672.95,664608
2021-05-21 10:26:26,5671.55,664619
2021-05-21 10:26:27,5673.3,664754
2021-05-21 10:26:28,5673.55,664864
2021-05-21 10:26:29,5673.55,664864
2021-05-21 10:26:30,5671.55,664866
2021-05-21 10:26:31,5672.25,664902
2021-05-21 10:26:32,5672.25,664902
2021-05-21 10:26:33,5671.0,664927
2021-05-21 10:26:34,5670.5,664935
2021-05-21 10:26:35,5671.0,664972
2021-05-21 10:26:36,5672.25,664982
2021-05-21 10:26:38,5672.25,664983
2021-05-21 10:26:39,5672.25,665004
2021-05-21 10:26:40,5672.25,665004
2021-05-21 10:26:41,5671.0,665033
2021-05-21 10:26:42,5671.0,665048
2021-05-21 10:26:42,5671.0,665048
2021-05-21 10:26:43,5672.0,665065
2021-05-21 10:26:44,5670.5,665090
2021-05-21 10:26:47,5671.0,665125
2021-05-21 10:26:47,5671.0,665125
2021-05-21 10:26:49,5670.0,665359
2021-05-21 10:26:50,5670.0,665359
2021-05-21 10:26:51,5670.0,665447
2021-05-21 10:26:51,5672.0,665452
2021-05-21 10:26:52,5672.0,665453
2021-05-21 10:26:53,5670.0,665463
2021-05-21 10:26:54,5672.0,665883
2021-05-21 10:26:55,5670.7,665925
2021-05-21 10:26:56,5670.7,665925
2021-05-21 10:26:57,5671.0,665926
2021-05-21 10:26:58,5671.0,665927
2021-05-21 10:26:59,5670.1,665941
2021-05-21 10:27:00,5671.0,665942
2021-05-21 10:27:01,5671.0,665978
2021-05-21 10:27:02,5671.0,665978
2021-05-21 10:27:03,5671.0,665978
2021-05-21 10:27:04,5671.0,665978
2021-05-21 10:27:05,5670.7,666005
2021-05-21 10:27:06,5671.0,666008
2021-05-21 10:27:07,5671.0,666008
2021-05-21 10:27:08,5671.0,666008
2021-05-21 10:27:09,5671.0,666008
2021-05-21 10:27:10,5670.15,666036
2021-05-21 10:27:11,5670.15,666050
2021-05-21 10:27:12,5670.15,666050
2021-05-21 10:27:13,5670.15,666050
2021-05-21 10:27:14,5671.85,666150
2021-05-21 10:27:15,5670.15,666181
2021-05-21 10:27:16,5672.0,666190
2021-05-21 10:27:17,5672.0,666201
2021-05-21 10:27:18,5672.0,666201
2021-05-21 10:27:19,5672.0,666201
2021-05-21 10:27:20,5671.3,666228
2021-05-21 10:27:21,5672.0,666238
2021-05-21 10:27:22,5672.0,666238
2021-05-21 10:27:23,5672.55,666274
2021-05-21 10:27:25,5674.5,666555
2021-05-21 10:27:25,5672.15,666784
2021-05-21 10:27:26,5674.45,666903
2021-05-21 10:27:27,5672.25,666929
2021-05-21 10:27:28,5672.25,666930
2021-05-21 10:27:29,5675.0,667055
2021-05-21 10:27:30,5675.0,667459
2021-05-21 10:27:31,5675.0,667517
2021-05-21 10:27:33,5673.15,667552
2021-05-21 10:27:33,5673.15,667552
