timestamp,ltp,volume
2021-05-21 09:36:42,2546.8,50437
2021-05-21 09:36:43,2546.8,50437
2021-05-21 09:36:44,2546.8,50437
2021-05-21 09:36:44,2546.8,50437
2021-05-21 09:36:45,2546.0,50519
2021-05-21 09:36:46,2546.0,50519
2021-05-21 09:36:48,2546.0,50519
2021-05-21 09:36:49,2546.0,50519
2021-05-21 09:36:49,2546.0,50519
2021-05-21 09:36:50,2545.15,50743
2021-05-21 09:36:51,2545.15,50743
2021-05-21 09:36:52,2545.0,50878
2021-05-21 09:36:53,2545.0,50928
2021-05-21 09:36:54,2545.0,51108
2021-05-21 09:36:55,2545.0,51108
2021-05-21 09:36:56,2544.0,51138
2021-05-21 09:36:57,2544.0,51138
2021-05-21 09:36:58,2544.0,51138
2021-05-21 09:36:59,2544.0,51138
2021-05-21 09:37:00,2544.0,51138
2021-05-21 09:37:01,2544.0,51138
2021-05-21 09:37:02,2544.0,51138
2021-05-21 09:37:03,2544.0,51138
2021-05-21 09:37:05,2544.0,51138
2021-05-21 09:37:06,2544.95,51139
2021-05-21 09:37:07,2544.95,51149
2021-05-21 09:37:08,2544.95,51169
2021-05-21 09:37:08,2544.95,51169
2021-05-21 09:37:09,2544.95,51169
2021-05-21 09:37:10,2544.95,51169
2021-05-21 09:37:11,2544.4,51194
2021-05-21 09:37:12,2544.4,51194
2021-05-21 09:37:13,2544.4,51194
2021-05-21 09:37:14,2544.4,51194
2021-05-21 09:37:16,2544.4,51194
2021-05-21 09:37:17,2544.4,51195
2021-05-21 09:37:18,2544.4,51195
2021-05-21 09:37:19,2544.4,51195
2021-05-21 09:37:20,2544.4,51195
2021-05-21 09:37:21,2544.4,51195
2021-05-21 09:37:22,2544.4,51195
2021-05-21 09:37:23,2545.0,51305
2021-05-21 09:37:24,2545.0,51305
2021-05-21 09:37:25,2545.0,51305
2021-05-21 09:37:26,2545.0,51306
2021-05-21 09:37:27,2546.35,51460
2021-05-21 09:37:28,2545.1,51461
2021-05-21 09:37:29,2546.4,51483
2021-05-21 09:37:30,2546.4,51483
2021-05-21 09:37:31,2546.4,51483
2021-05-21 09:37:32,2546.4,51483
2021-05-21 09:37:33,2545.8,51487
2021-05-21 09:37:34,2545.8,51487
2021-05-21 09:37:35,2546.35,51506
2021-05-21 09:37:36,2546.35,51506
2021-05-21 09:37:39,2546.35,51506
2021-05-21 09:37:40,2546.35,51506
2021-05-21 09:37:43,2546.35,51506
2021-05-21 09:37:43,2546.35,51506
2021-05-21 09:37:45,2546.35,51506
2021-05-21 09:37:46,2546.35,51506
2021-05-21 09:37:48,2546.35,51506
2021-05-21 09:37:49,2546.35,51506
2021-05-21 09:37:50,2546.35,51506
2021-05-21 09:37:51,2546.35,51506
2021-05-21 09:37:52,2546.35,51506
2021-05-21 09:37:53,2546.4,51516
2021-05-21 09:37:54,2545.35,51616
2021-05-21 09:37:55,2546.35,51634
2021-05-21 09:37:56,2546.35,51634
2021-05-21 09:37:56,2546.35,51634
2021-05-21 09:37:57,2546.35,51634
2021-05-21 09:37:58,2546.35,51634
2021-05-21 09:37:59,2546.35,51634
2021-05-21 09:38:00,2546.0,51636
2021-05-21 09:38:01,2546.0,51636
2021-05-21 09:38:02,2546.0,51636
2021-05-21 09:38:03,2546.0,51636
2021-05-21 09:38:05,2546.0,51636
2021-05-21 09:38:06,2545.9,51646
2021-05-21 09:38:06,2545.9,51711
2021-05-21 09:38:07,2546.15,51721
2021-05-21 09:38:09,2545.15,51734
2021-05-21 09:38:08,2545.15,51734
2021-05-21 09:38:11,2545.15,51734
2021-05-21 09:38:13,2545.15,51734
2021-05-21 09:38:14,2545.15,51734
2021-05-21 09:38:15,2546.35,51744
2021-05-21 09:38:15,2546.35,51744
2021-05-21 09:38:16,2546.35,51746
2021-05-21 09:38:18,2546.35,51746
2021-05-21 09:38:19,2546.35,51746
2021-05-21 09:38:21,2546.35,51746
2021-05-21 09:38:22,2546.35,51746
2021-05-21 09:38:22,2546.35,51746
2021-05-21 09:38:23,2546.35,51746
2021-05-21 09:38:26,2546.3,51781
2021-05-21 09:38:27,2546.3,51781
2021-05-21 09:38:28,2546.3,51781
2021-05-21 09:38:29,2546.3,51781
2021-05-21 09:38:30,2546.3,51781
2021-05-21 09:38:31,2546.3,51796
2021-05-21 09:38:32,2546.3,51796
2021-05-21 09:38:33,2546.35,51877
2021-05-21 09:38:35,2546.35,51878
2021-05-21 09:38:35,2546.35,51878
2021-05-21 09:38:36,2547.0,51938
2021-05-21 09:38:37,2546.4,51961
2021-05-21 09:38:39,2546.4,52312
2021-05-21 09:38:40,2546.4,52312
2021-05-21 09:38:41,2546.4,52312
2021-05-21 09:38:42,2546.4,52323
2021-05-21 09:38:43,2546.4,52414
2021-05-21 09:38:43,2546.4,52414
2021-05-21 09:38:44,2546.4,52414
2021-05-21 09:38:46,2546.35,52632
2021-05-21 09:38:47,2546.35,52632
2021-05-21 09:38:48,2546.35,52632
2021-05-21 09:38:49,2546.35,52632
2021-05-21 09:38:50,2546.35,52632
2021-05-21 09:38:51,2546.35,52632
2021-05-21 09:38:52,2546.0,52637
2021-05-21 09:38:52,2546.0,52637
2021-05-21 09:38:53,2546.0,52637
2021-05-21 09:38:54,2546.0,52637
2021-05-21 09:38:56,2546.0,52647
2021-05-21 09:38:56,2546.0,52647
2021-05-21 09:38:58,2546.0,52647
2021-05-21 09:38:59,2546.0,52647
2021-05-21 09:39:00,2546.0,52647
2021-05-21 09:39:01,2546.0,52647
2021-05-21 09:39:01,2546.0,52647
2021-05-21 09:39:02,2546.0,52657
2021-05-21 09:39:03,2546.0,52657
2021-05-21 09:39:05,2545.15,52661
2021-05-21 09:39:07,2545.15,52661
2021-05-21 09:39:08,2546.0,52685
2021-05-21 09:39:08,2546.0,52685
2021-05-21 09:39:09,2546.0,52685
2021-05-21 09:39:10,2546.0,52695
2021-05-21 09:39:12,2546.0,52695
2021-05-21 09:39:13,2546.1,52795
2021-05-21 09:39:15,2545.3,52799
2021-05-21 09:39:15,2545.3,52799
2021-05-21 09:39:16,2545.3,52799
2021-05-21 09:39:17,2545.3,52805
2021-05-21 09:39:19,2546.3,52806
2021-05-21 09:39:20,2546.3,52806
2021-05-21 09:39:21,2545.15,52830
2021-05-21 09:39:23,2545.15,52830
2021-05-21 09:39:23,2545.15,52830
2021-05-21 09:39:25,2545.15,52830
2021-05-21 09:39:26,2545.15,52830
2021-05-21 09:39:27,2545.15,52830
2021-05-21 09:39:28,2545.15,52833
2021-05-21 09:39:28,2545.15,52833
2021-05-21 09:39:29,2545.25,52849
2021-05-21 09:39:31,2545.25,52849
2021-05-21 09:39:32,2545.25,52849
2021-05-21 09:39:32,2545.25,52849
2021-05-21 09:39:33,2546.8,52899
2021-05-21 09:39:34,2546.8,52899
2021-05-21 09:39:36,2546.8,52899
2021-05-21 09:39:37,2546.0,52900
2021-05-21 09:39:38,2545.35,52901
2021-05-21 09:39:39,2545.35,52901
2021-05-21 09:39:40,2545.35,52901
2021-05-21 09:39:41,2545.25,53001
2021-05-21 09:39:42,2546.55,53031
2021-05-21 09:39:43,2546.55,53031
2021-05-21 09:39:45,2546.55,53031
2021-05-21 09:39:45,2546.8,53035
2021-05-21 09:39:47,2545.4,53038
2021-05-21 09:39:47,2546.8,53035
2021-05-21 09:39:48,2545.4,53038
2021-05-21 09:39:49,2545.4,53038
2021-05-21 09:39:50,2545.4,53038
2021-05-21 09:39:52,2547.0,53040
2021-05-21 09:39:52,2547.0,53040
2021-05-21 09:39:53,2547.0,53040
2021-05-21 09:39:54,2547.0,53040
2021-05-21 09:39:55,2547.0,53040
2021-05-21 09:39:57,2547.0,53040
2021-05-21 09:39:57,2547.0,53040
2021-05-21 09:39:59,2547.0,53040
2021-05-21 09:40:00,2547.25,53041
2021-05-21 09:40:00,2547.25,53041
2021-05-21 09:40:01,2547.1,53082
2021-05-21 09:40:03,2547.05,53125
2021-05-21 09:40:04,2547.05,53125
2021-05-21 09:40:05,2545.55,53131
2021-05-21 09:40:05,2545.55,53131
2021-05-21 09:40:08,2545.55,53182
2021-05-21 09:40:07,2545.55,53131
2021-05-21 09:40:09,2545.55,53182
2021-05-21 09:40:10,2546.95,53257
2021-05-21 09:40:10,2546.95,53257
2021-05-21 09:40:11,2546.95,53257
2021-05-21 09:40:13,2546.95,53257
2021-05-21 09:40:14,2546.95,53257
2021-05-21 09:40:15,2545.55,53258
2021-05-21 09:40:16,2546.85,53268
2021-05-21 09:40:18,2546.85,53268
2021-05-21 09:40:19,2546.85,53268
2021-05-21 09:40:21,2546.9,53275
2021-05-21 09:40:23,2546.9,53275
2021-05-21 09:40:24,2546.9,53275
2021-05-21 09:40:25,2546.9,53275
2021-05-21 09:40:26,2545.55,53276
2021-05-21 09:40:28,2545.55,53276
2021-05-21 09:40:29,2545.55,53276
2021-05-21 09:40:30,2545.95,53277
2021-05-21 09:40:31,2545.95,53277
2021-05-21 09:40:32,2545.95,53278
2021-05-21 09:40:33,2545.95,53281
2021-05-21 09:40:34,2545.95,53281
2021-05-21 09:40:35,2547.0,53291
2021-05-21 09:40:36,2547.0,53291
2021-05-21 09:40:37,2547.0,53291
2021-05-21 09:40:39,2547.0,53291
2021-05-21 09:40:38,2547.0,53291
2021-05-21 09:40:40,2547.0,53295
2021-05-21 09:40:41,2547.0,53298
2021-05-21 09:40:42,2547.0,53298
2021-05-21 09:40:43,2547.0,53398
2021-05-21 09:40:44,2547.0,53398
2021-05-21 09:40:45,2547.0,53398
2021-05-21 09:40:46,2546.35,53403
2021-05-21 09:40:47,2547.0,53404
2021-05-21 09:40:48,2546.1,53452
2021-05-21 09:40:49,2546.6,53572
2021-05-21 09:40:50,2546.6,53572
2021-05-21 09:40:51,2546.6,53572
2021-05-21 09:40:53,2545.3,53603
2021-05-21 09:40:54,2545.3,53603
2021-05-21 09:40:56,2545.3,53603
2021-05-21 09:40:57,2545.3,53603
2021-05-21 09:40:58,2545.3,53603
2021-05-21 09:40:59,2546.6,53613
2021-05-21 09:41:00,2546.75,53633
2021-05-21 09:41:01,2546.75,53633
2021-05-21 09:41:02,2546.75,53633
2021-05-21 09:41:03,2546.75,53633
2021-05-21 09:41:04,2546.9,53635
2021-05-21 09:41:05,2546.9,53635
2021-05-21 09:41:07,2546.9,53635
2021-05-21 09:41:08,2546.9,53635
2021-05-21 09:41:09,2545.4,53636
2021-05-21 09:41:11,2545.4,53636
2021-05-21 09:41:12,2545.4,53636
2021-05-21 09:41:13,2545.4,53636
2021-05-21 09:41:14,2546.75,53686
2021-05-21 09:41:15,2546.75,53686
2021-05-21 09:41:16,2546.75,53711
2021-05-21 09:41:17,2546.75,53721
2021-05-21 09:41:18,2546.75,53737
2021-05-21 09:41:19,2546.75,53737
2021-05-21 09:41:20,2545.35,53937
2021-05-21 09:41:22,2545.55,53943
2021-05-21 09:41:25,2546.9,53973
2021-05-21 09:41:28,2546.9,53973
2021-05-21 09:41:31,2546.75,54003
2021-05-21 09:41:33,2546.9,54033
2021-05-21 09:41:39,2547.0,54283
2021-05-21 09:41:42,2545.75,54304
2021-05-21 09:41:44,2545.75,54304
2021-05-21 09:41:47,2545.75,54314
2021-05-21 09:41:50,2545.75,54314
2021-05-21 09:41:53,2546.65,54315
2021-05-21 09:41:56,2546.65,54315
2021-05-21 09:41:59,2547.1,54755
2021-05-21 09:42:02,2547.9,54772
2021-05-21 09:42:04,2547.9,54774
2021-05-21 09:42:07,2547.9,54784
2021-05-21 09:42:10,2547.9,54784
2021-05-21 09:42:13,2546.65,54785
2021-05-21 09:42:16,2547.8,54788
2021-05-21 09:42:19,2547.8,54813
2021-05-21 09:42:22,2547.8,54813
2021-05-21 09:42:25,2547.9,54838
2021-05-21 09:42:28,2547.9,54839
2021-05-21 09:42:31,2547.9,54910
2021-05-21 09:42:34,2548.0,55022
2021-05-21 09:42:37,2548.9,55122
2021-05-21 09:42:40,2549.8,55487
2021-05-21 09:42:43,2549.8,55487
2021-05-21 09:42:46,2553.65,57498
2021-05-21 09:42:49,2553.45,57666
2021-05-21 09:42:52,2553.75,57717
2021-05-21 09:43:00,2553.8,58817
2021-05-21 09:43:04,2555.95,58926
2021-05-21 09:43:10,2556.45,59515
2021-05-21 09:43:12,2554.15,59598
2021-05-21 09:43:15,2552.6,60058
2021-05-21 09:43:18,2552.25,60120
2021-05-21 09:43:21,2552.95,60521
2021-05-21 09:43:23,2553.15,60561
2021-05-21 09:43:26,2553.0,60661
2021-05-21 09:43:29,2553.55,60939
2021-05-21 09:43:31,2553.55,60939
2021-05-21 09:43:34,2554.2,61142
2021-05-21 09:43:37,2554.35,61202
2021-05-21 09:43:40,2553.15,61270
2021-05-21 09:43:43,2554.15,61379
2021-05-21 09:43:47,2554.0,61539
2021-05-21 09:43:49,2553.15,61544
2021-05-21 09:43:52,2554.0,61564
2021-05-21 09:43:55,2554.0,61569
2021-05-21 09:43:58,2554.0,61590
2021-05-21 09:44:01,2554.0,61601
2021-05-21 09:44:04,2554.0,61613
2021-05-21 09:44:07,2554.0,61973
2021-05-21 09:44:10,2554.9,61974
2021-05-21 09:44:13,2554.9,62043
2021-05-21 09:44:17,2555.0,62232
2021-05-21 09:44:20,2555.0,62351
2021-05-21 09:44:23,2556.0,62486
2021-05-21 09:44:25,2556.0,62582
2021-05-21 09:44:28,2556.0,63059
2021-05-21 09:44:31,2556.9,63204
2021-05-21 09:44:33,2556.85,63237
2021-05-21 09:44:36,2556.9,63277
2021-05-21 09:44:41,2557.45,63669
2021-05-21 09:44:43,2557.0,63729
2021-05-21 09:44:46,2556.9,63763
2021-05-21 09:44:49,2556.35,64279
2021-05-21 09:44:52,2557.95,64381
2021-05-21 09:44:55,2556.1,64484
2021-05-21 09:44:57,2556.25,64538
2021-05-21 09:45:00,2557.95,64564
2021-05-21 09:45:03,2558.0,64985
2021-05-21 09:45:05,2558.0,65034
2021-05-21 09:45:08,2557.55,66005
2021-05-21 09:45:11,2557.85,66584
2021-05-21 09:45:14,2556.55,66834
2021-05-21 09:45:17,2558.15,67082
2021-05-21 09:45:20,2559.0,67759
2021-05-21 09:45:22,2558.2,68630
2021-05-21 09:45:28,2557.5,70079
2021-05-21 09:45:30,2558.0,70394
2021-05-21 09:45:33,2557.05,70461
2021-05-21 09:45:35,2556.25,70740
2021-05-21 09:45:38,2557.55,71178
2021-05-21 09:45:41,2557.05,71310
2021-05-21 09:45:44,2555.0,72534
2021-05-21 09:45:47,2554.0,72624
2021-05-21 09:45:50,2555.4,72685
2021-05-21 09:45:53,2555.05,72692
2021-05-21 09:45:56,2555.45,72790
2021-05-21 09:46:02,2555.8,72893
2021-05-21 09:46:05,2555.65,73071
2021-05-21 09:46:07,2555.65,73071
2021-05-21 09:46:10,2557.85,73203
2021-05-21 09:46:13,2555.9,73224
2021-05-21 09:46:16,2557.5,73464
2021-05-21 09:46:18,2557.75,73594
2021-05-21 09:46:21,2558.0,73614
2021-05-21 09:46:22,2558.0,73614
2021-05-21 09:46:23,2556.4,73616
2021-05-21 09:46:24,2557.9,73655
2021-05-21 09:46:26,2555.0,74784
2021-05-21 09:46:27,2554.0,75546
2021-05-21 09:46:28,2555.05,75576
2021-05-21 09:46:28,2555.05,75576
2021-05-21 09:46:29,2555.1,75630
2021-05-21 09:46:30,2555.15,75633
2021-05-21 09:46:32,2555.15,75657
2021-05-21 09:46:33,2555.45,75682
2021-05-21 09:46:34,2555.3,75804
2021-05-21 09:46:35,2554.1,75900
2021-05-21 09:46:36,2554.1,75900
2021-05-21 09:46:37,2554.1,75900
2021-05-21 09:46:38,2555.25,75905
2021-05-21 09:46:39,2555.25,75910
2021-05-21 09:46:40,2555.25,75910
2021-05-21 09:46:41,2555.25,75913
2021-05-21 09:46:42,2554.15,75933
2021-05-21 09:46:43,2555.2,75949
2021-05-21 09:46:44,2555.2,75951
2021-05-21 09:46:45,2555.2,75951
2021-05-21 09:46:46,2555.2,75951
2021-05-21 09:46:47,2555.2,75951
2021-05-21 09:46:48,2555.2,75951
2021-05-21 09:46:49,2555.2,75971
2021-05-21 09:46:50,2555.2,75971
2021-05-21 09:46:51,2555.2,75971
2021-05-21 09:46:52,2555.2,75981
2021-05-21 09:46:53,2555.05,75984
2021-05-21 09:46:54,2555.05,75984
2021-05-21 09:46:55,2555.2,76002
2021-05-21 09:46:56,2555.2,76017
2021-05-21 09:46:58,2555.2,76128
2021-05-21 09:46:57,2555.2,76118
2021-05-21 09:46:59,2555.2,76128
2021-05-21 09:47:00,2555.25,76134
2021-05-21 09:47:01,2555.25,76134
2021-05-21 09:47:02,2555.25,76134
2021-05-21 09:47:03,2555.25,76134
2021-05-21 09:47:04,2555.0,76334
2021-05-21 09:47:05,2554.2,76359
2021-05-21 09:47:06,2554.2,76359
2021-05-21 09:47:07,2553.55,78293
2021-05-21 09:47:08,2554.25,78298
2021-05-21 09:47:09,2554.25,78298
2021-05-21 09:47:10,2554.25,78298
2021-05-21 09:47:11,2554.25,78298
2021-05-21 09:47:13,2554.25,78298
2021-05-21 09:47:13,2554.25,78298
2021-05-21 09:47:14,2554.25,78298
2021-05-21 09:47:15,2550.0,81426
2021-05-21 09:47:16,2550.0,81527
2021-05-21 09:47:17,2550.0,81527
2021-05-21 09:47:18,2551.4,81534
2021-05-21 09:47:19,2550.0,81574
2021-05-21 09:47:20,2550.0,81591
2021-05-21 09:47:21,2551.35,81602
2021-05-21 09:47:22,2551.35,81635
2021-05-21 09:47:23,2552.5,82213
2021-05-21 09:47:24,2550.85,82263
2021-05-21 09:47:25,2550.85,82263
2021-05-21 09:47:26,2552.1,82307
2021-05-21 09:47:27,2552.3,82348
2021-05-21 09:47:28,2552.3,82511
2021-05-21 09:47:29,2552.3,82511
2021-05-21 09:47:30,2552.3,82511
2021-05-21 09:47:31,2552.3,82511
2021-05-21 09:47:34,2552.0,82548
2021-05-21 09:47:35,2552.0,82548
2021-05-21 09:47:36,2552.0,82548
2021-05-21 09:47:37,2552.0,82548
2021-05-21 09:47:38,2552.3,82617
2021-05-21 09:47:40,2552.3,82667
2021-05-21 09:47:41,2552.3,82692
2021-05-21 09:47:43,2552.7,82717
2021-05-21 09:47:44,2552.7,82717
2021-05-21 09:47:45,2552.05,82741
2021-05-21 09:47:47,2553.9,82866
2021-05-21 09:47:48,2551.0,83466
2021-05-21 09:47:49,2551.0,83466
2021-05-21 09:47:50,2552.2,83486
2021-05-21 09:47:51,2552.2,83486
2021-05-21 09:47:52,2551.1,84036
2021-05-21 09:47:53,2551.1,84036
2021-05-21 09:47:54,2552.2,84086
2021-05-21 09:47:54,2552.2,84086
2021-05-21 09:47:55,2552.45,84111
2021-05-21 09:47:56,2552.7,84115
2021-05-21 09:47:57,2552.7,84115
2021-05-21 09:47:58,2552.7,84135
2021-05-21 09:47:59,2552.7,84135
2021-05-21 09:48:00,2552.35,84139
2021-05-21 09:48:01,2552.35,84139
2021-05-21 09:48:02,2552.35,84139
2021-05-21 09:48:04,2552.7,84159
2021-05-21 09:48:04,2552.7,84159
2021-05-21 09:48:05,2552.7,84159
2021-05-21 09:48:06,2552.7,84215
2021-05-21 09:48:07,2554.0,84290
2021-05-21 09:48:09,2554.0,84290
2021-05-21 09:48:09,2554.0,84290
2021-05-21 09:48:11,2554.0,84290
2021-05-21 09:48:12,2554.0,84290
2021-05-21 09:48:13,2554.0,84290
2021-05-21 09:48:14,2554.0,84290
2021-05-21 09:48:14,2554.0,84290
2021-05-21 09:48:15,2554.0,84290
2021-05-21 09:48:16,2554.0,84290
2021-05-21 09:48:17,2554.0,84290
2021-05-21 09:48:19,2553.95,84300
2021-05-21 09:48:20,2553.95,84300
2021-05-21 09:48:21,2553.95,84300
2021-05-21 09:48:22,2553.95,84320
2021-05-21 09:48:24,2553.95,84320
2021-05-21 09:48:25,2553.95,84320
2021-05-21 09:48:26,2554.0,84330
2021-05-21 09:48:28,2554.0,84336
2021-05-21 09:48:29,2554.0,84336
2021-05-21 09:48:30,2554.0,84336
2021-05-21 09:48:31,2554.0,84336
2021-05-21 09:48:32,2554.0,84336
2021-05-21 09:48:33,2554.25,84485
2021-05-21 09:48:34,2554.25,84485
2021-05-21 09:48:35,2554.25,84485
2021-05-21 09:48:36,2554.25,84485
2021-05-21 09:48:37,2555.4,85145
2021-05-21 09:48:38,2555.8,85146
2021-05-21 09:48:40,2555.9,85196
2021-05-21 09:48:41,2555.85,85204
2021-05-21 09:48:42,2556.0,85604
2021-05-21 09:48:43,2556.0,85604
2021-05-21 09:48:44,2555.2,85618
2021-05-21 09:48:45,2555.2,85618
2021-05-21 09:48:46,2555.2,85618
2021-05-21 09:48:47,2555.95,85633
2021-05-21 09:48:48,2555.95,85678
2021-05-21 09:48:49,2556.35,85728
2021-05-21 09:48:50,2556.35,85728
2021-05-21 09:48:51,2555.4,85853
2021-05-21 09:48:52,2555.45,85858
2021-05-21 09:48:53,2556.85,85874
2021-05-21 09:48:54,2555.45,85882
2021-05-21 09:48:54,2555.45,85882
2021-05-21 09:48:55,2555.45,85882
2021-05-21 09:48:56,2555.45,85882
2021-05-21 09:48:57,2555.45,85882
2021-05-21 09:48:58,2555.45,85882
2021-05-21 09:48:59,2556.35,85901
2021-05-21 09:49:00,2556.0,85906
2021-05-21 09:49:02,2556.0,85909
2021-05-21 09:49:04,2555.45,86411
2021-05-21 09:49:05,2556.1,86533
2021-05-21 09:49:06,2556.0,86566
2021-05-21 09:49:07,2556.35,86574
2021-05-21 09:49:08,2556.35,86574
2021-05-21 09:49:09,2556.35,86574
2021-05-21 09:49:09,2556.35,86574
2021-05-21 09:49:10,2556.0,86577
2021-05-21 09:49:11,2554.0,86982
2021-05-21 09:49:12,2554.0,86982
2021-05-21 09:49:13,2554.0,86982
2021-05-21 09:49:14,2554.0,86982
2021-05-21 09:49:15,2554.0,86982
2021-05-21 09:49:16,2555.95,87032
2021-05-21 09:49:17,2555.95,87032
2021-05-21 09:49:18,2556.1,87058
2021-05-21 09:49:20,2556.5,87172
2021-05-21 09:49:21,2556.5,87172
2021-05-21 09:49:22,2556.5,87172
2021-05-21 09:49:23,2555.95,87213
2021-05-21 09:49:24,2555.95,87233
2021-05-21 09:49:26,2555.95,87233
2021-05-21 09:49:27,2555.0,87243
2021-05-21 09:49:27,2556.4,87252
2021-05-21 09:49:28,2556.4,87252
2021-05-21 09:49:30,2556.4,87252
2021-05-21 09:49:30,2556.5,87272
2021-05-21 09:49:31,2556.5,87272
2021-05-21 09:49:33,2556.5,87272
2021-05-21 09:49:34,2556.45,87372
2021-05-21 09:49:35,2556.45,87372
2021-05-21 09:49:36,2556.1,87724
2021-05-21 09:49:38,2556.1,87724
2021-05-21 09:49:39,2556.1,87724
2021-05-21 09:49:40,2556.1,87724
2021-05-21 09:49:41,2556.1,87724
2021-05-21 09:49:42,2556.45,87725
2021-05-21 09:49:43,2556.45,87733
2021-05-21 09:49:44,2556.45,87827
2021-05-21 09:49:45,2556.45,87827
2021-05-21 09:49:46,2556.45,87827
2021-05-21 09:49:47,2556.45,87827
2021-05-21 09:49:48,2556.9,87830
2021-05-21 09:49:51,2556.9,87976
2021-05-21 09:49:53,2556.9,88166
2021-05-21 09:49:54,2556.1,88169
2021-05-21 09:49:55,2556.9,88171
2021-05-21 09:49:56,2556.9,88171
2021-05-21 09:49:57,2556.9,88171
2021-05-21 09:49:58,2557.7,89126
2021-05-21 09:49:58,2557.7,89126
2021-05-21 09:50:00,2557.7,89332
2021-05-21 09:50:01,2557.2,89422
2021-05-21 09:50:01,2557.2,89422
2021-05-21 09:50:02,2556.1,89573
2021-05-21 09:50:04,2557.15,89673
2021-05-21 09:50:04,2557.15,89673
2021-05-21 09:50:06,2557.15,89673
2021-05-21 09:50:07,2556.1,89675
2021-05-21 09:50:08,2556.15,89676
2021-05-21 09:50:10,2556.15,89736
2021-05-21 09:50:11,2557.3,89792
2021-05-21 09:50:12,2557.3,89792
2021-05-21 09:50:13,2557.3,89792
2021-05-21 09:50:14,2557.65,89815
2021-05-21 09:50:15,2557.65,89815
2021-05-21 09:50:16,2557.15,89825
2021-05-21 09:50:17,2557.15,89825
2021-05-21 09:50:18,2557.15,89840
2021-05-21 09:50:19,2557.15,89840
2021-05-21 09:50:20,2556.45,89991
2021-05-21 09:50:20,2556.45,89991
2021-05-21 09:50:22,2557.6,89992
2021-05-21 09:50:23,2557.0,90002
2021-05-21 09:50:23,2557.0,90002
2021-05-21 09:50:25,2557.0,90102
2021-05-21 09:50:27,2557.5,90187
2021-05-21 09:50:28,2557.0,90197
2021-05-21 09:50:28,2557.0,90225
2021-05-21 09:50:30,2557.5,90245
2021-05-21 09:50:31,2557.0,90426
2021-05-21 09:50:33,2557.5,90526
2021-05-21 09:50:34,2557.5,90526
2021-05-21 09:50:35,2557.5,90526
2021-05-21 09:50:36,2557.0,90528
2021-05-21 09:50:37,2557.0,90528
2021-05-21 09:50:38,2557.0,90546
2021-05-21 09:50:39,2557.0,90546
2021-05-21 09:50:40,2558.0,91046
2021-05-21 09:50:41,2558.0,91066
2021-05-21 09:50:41,2558.0,91066
2021-05-21 09:50:42,2558.0,91066
2021-05-21 09:50:43,2558.0,91066
2021-05-21 09:50:44,2558.0,91066
2021-05-21 09:50:46,2558.0,91083
2021-05-21 09:50:46,2558.0,91083
2021-05-21 09:50:47,2558.2,91141
2021-05-21 09:50:48,2557.0,91242
2021-05-21 09:50:49,2558.1,91252
2021-05-21 09:50:51,2558.1,91252
2021-05-21 09:50:51,2558.1,91252
2021-05-21 09:50:52,2558.0,91257
2021-05-21 09:50:54,2558.0,91257
2021-05-21 09:50:54,2558.0,91259
2021-05-21 09:50:55,2558.0,91259
2021-05-21 09:50:56,2558.0,91259
2021-05-21 09:50:57,2557.55,91269
2021-05-21 09:50:58,2557.55,91269
2021-05-21 09:50:59,2557.55,91269
2021-05-21 09:51:00,2558.2,91279
2021-05-21 09:51:01,2558.2,91299
2021-05-21 09:51:02,2558.2,91308
2021-05-21 09:51:05,2558.2,91323
2021-05-21 09:51:05,2558.2,91324
2021-05-21 09:51:06,2558.2,91324
2021-05-21 09:51:08,2558.2,91324
2021-05-21 09:51:09,2558.2,91344
2021-05-21 09:51:10,2558.2,91345
2021-05-21 09:51:11,2558.2,91385
2021-05-21 09:51:12,2558.2,91385
2021-05-21 09:51:13,2558.2,91411
2021-05-21 09:51:14,2558.2,91411
2021-05-21 09:51:15,2558.2,91413
2021-05-21 09:51:16,2558.2,91413
2021-05-21 09:51:17,2558.2,91451
2021-05-21 09:51:18,2558.2,91451
2021-05-21 09:51:19,2558.2,91451
2021-05-21 09:51:20,2558.2,91452
2021-05-21 09:51:21,2559.0,91628
2021-05-21 09:51:22,2559.0,91628
2021-05-21 09:51:23,2559.0,91642
2021-05-21 09:51:24,2558.8,91678
2021-05-21 09:51:25,2558.8,91678
2021-05-21 09:51:26,2558.8,91698
2021-05-21 09:51:27,2558.8,91698
2021-05-21 09:51:28,2559.5,91888
2021-05-21 09:51:29,2559.5,91913
2021-05-21 09:51:30,2559.5,91933
2021-05-21 09:51:31,2559.5,91933
2021-05-21 09:51:32,2559.5,91966
2021-05-21 09:51:33,2559.5,91970
2021-05-21 09:51:34,2558.2,91976
2021-05-21 09:51:35,2559.5,91985
2021-05-21 09:51:36,2559.5,91985
2021-05-21 09:51:37,2559.5,91985
2021-05-21 09:51:38,2559.5,92088
2021-05-21 09:51:39,2559.5,92088
2021-05-21 09:51:40,2559.5,92088
2021-05-21 09:51:41,2559.4,92108
2021-05-21 09:51:42,2559.4,92108
2021-05-21 09:51:43,2559.4,92108
2021-05-21 09:51:44,2559.4,92108
2021-05-21 09:51:45,2558.8,92116
2021-05-21 09:51:46,2559.4,92126
2021-05-21 09:51:47,2559.4,92126
2021-05-21 09:51:48,2559.4,92126
2021-05-21 09:51:49,2559.35,92149
2021-05-21 09:51:50,2559.35,92189
2021-05-21 09:51:51,2559.35,92189
2021-05-21 09:51:52,2559.4,92219
2021-05-21 09:51:53,2559.4,92219
2021-05-21 09:51:54,2559.4,92224
2021-05-21 09:51:56,2557.7,93817
2021-05-21 09:51:57,2556.05,93867
2021-05-21 09:51:59,2556.05,93867
2021-05-21 09:52:00,2557.75,93869
2021-05-21 09:52:02,2557.75,93881
2021-05-21 09:52:04,2556.3,93882
2021-05-21 09:52:05,2556.3,93882
2021-05-21 09:52:06,2556.3,93882
2021-05-21 09:52:07,2556.3,93882
2021-05-21 09:52:08,2556.3,93882
2021-05-21 09:52:10,2556.3,93882
2021-05-21 09:52:12,2556.3,93892
2021-05-21 09:52:14,2556.3,93892
2021-05-21 09:52:15,2556.3,93892
2021-05-21 09:52:16,2557.0,93904
2021-05-21 09:52:17,2555.95,93956
2021-05-21 09:52:18,2555.95,93956
2021-05-21 09:52:19,2555.95,93956
2021-05-21 09:52:20,2555.95,93956
2021-05-21 09:52:21,2557.0,93975
2021-05-21 09:52:22,2557.0,93975
2021-05-21 09:52:23,2557.0,93975
2021-05-21 09:52:24,2556.3,93985
2021-05-21 09:52:25,2555.5,94146
2021-05-21 09:52:26,2555.5,94146
2021-05-21 09:52:29,2555.5,94146
2021-05-21 09:52:30,2555.5,94146
2021-05-21 09:52:31,2556.3,94247
2021-05-21 09:52:32,2556.3,94247
2021-05-21 09:52:33,2556.3,94247
2021-05-21 09:52:34,2555.6,94259
2021-05-21 09:52:35,2556.3,94260
2021-05-21 09:52:36,2556.0,94265
2021-05-21 09:52:37,2556.0,94265
2021-05-21 09:52:38,2556.0,94265
2021-05-21 09:52:39,2556.3,94336
2021-05-21 09:52:40,2556.3,94336
2021-05-21 09:52:41,2555.6,94346
2021-05-21 09:52:42,2555.6,94346
2021-05-21 09:52:43,2556.3,94366
2021-05-21 09:52:44,2555.6,94370
2021-05-21 09:52:45,2555.6,94371
2021-05-21 09:52:46,2556.3,94412
2021-05-21 09:52:47,2556.3,94413
2021-05-21 09:52:48,2555.6,94545
2021-05-21 09:52:49,2556.7,94546
2021-05-21 09:52:50,2556.7,94546
2021-05-21 09:52:51,2555.75,94620
2021-05-21 09:52:52,2556.7,94622
2021-05-21 09:52:53,2556.7,94622
2021-05-21 09:52:54,2554.0,97190
2021-05-21 09:52:55,2554.0,97190
2021-05-21 09:52:56,2555.4,97242
2021-05-21 09:52:57,2555.3,97285
2021-05-21 09:52:58,2555.3,97285
2021-05-21 09:52:59,2555.3,97286
2021-05-21 09:53:00,2554.0,97290
2021-05-21 09:53:01,2554.0,97290
2021-05-21 09:53:02,2554.0,97330
2021-05-21 09:53:03,2554.0,97335
2021-05-21 09:53:04,2554.0,97345
2021-05-21 09:53:05,2554.0,97346
2021-05-21 09:53:06,2554.0,97346
2021-05-21 09:53:07,2554.0,97346
2021-05-21 09:53:08,2554.0,97347
2021-05-21 09:53:09,2554.0,97407
2021-05-21 09:53:10,2553.95,97427
2021-05-21 09:53:12,2553.95,97429
2021-05-21 09:53:11,2553.95,97429
2021-05-21 09:53:13,2553.2,97454
2021-05-21 09:53:14,2554.0,97464
2021-05-21 09:53:15,2553.0,97874
2021-05-21 09:53:16,2553.0,97874
2021-05-21 09:53:18,2553.0,98094
2021-05-21 09:53:18,2553.0,98094
2021-05-21 09:53:20,2553.0,98594
2021-05-21 09:53:20,2553.0,98594
2021-05-21 09:53:21,2553.95,98624
2021-05-21 09:53:22,2553.95,98624
2021-05-21 09:53:23,2553.95,98624
2021-05-21 09:53:24,2553.1,98644
2021-05-21 09:53:25,2553.1,98644
2021-05-21 09:53:26,2554.0,98669
2021-05-21 09:53:27,2554.0,98669
2021-05-21 09:53:28,2554.0,98669
2021-05-21 09:53:29,2553.5,98684
2021-05-21 09:53:30,2553.5,98776
2021-05-21 09:53:31,2553.5,98776
2021-05-21 09:53:32,2553.5,98776
2021-05-21 09:53:33,2553.5,98776
2021-05-21 09:53:34,2553.0,98796
2021-05-21 09:53:35,2553.5,98797
2021-05-21 09:53:36,2553.0,98827
2021-05-21 09:53:38,2553.0,98827
2021-05-21 09:53:38,2553.0,98827
2021-05-21 09:53:39,2553.5,98837
2021-05-21 09:53:40,2553.5,98877
2021-05-21 09:53:41,2553.0,99427
2021-05-21 09:53:42,2553.0,99427
2021-05-21 09:53:43,2553.0,99427
2021-05-21 09:53:44,2553.0,99427
2021-05-21 09:53:45,2553.3,99439
2021-05-21 09:53:46,2555.0,99457
2021-05-21 09:53:47,2555.0,99457
2021-05-21 09:53:48,2556.15,99657
2021-05-21 09:53:49,2556.15,99657
2021-05-21 09:53:50,2556.15,99657
2021-05-21 09:53:51,2556.15,99657
2021-05-21 09:53:52,2555.0,99697
2021-05-21 09:53:54,2555.0,99697
2021-05-21 09:53:54,2555.0,99697
2021-05-21 09:53:55,2555.0,99697
2021-05-21 09:53:56,2555.0,99698
2021-05-21 09:53:57,2555.0,99698
2021-05-21 09:53:59,2555.0,99704
2021-05-21 09:54:02,2553.95,99769
2021-05-21 09:54:03,2553.95,99769
2021-05-21 09:54:04,2553.45,99779
2021-05-21 09:54:05,2554.85,99783
2021-05-21 09:54:06,2554.85,99785
2021-05-21 09:54:07,2554.85,99785
2021-05-21 09:54:08,2554.85,99785
2021-05-21 09:54:09,2554.85,99785
2021-05-21 09:54:11,2553.5,99787
2021-05-21 09:54:12,2554.85,99788
2021-05-21 09:54:13,2554.85,99788
2021-05-21 09:54:14,2553.65,99791
2021-05-21 09:54:16,2553.7,99792
2021-05-21 09:54:16,2553.7,99792
2021-05-21 09:54:17,2553.7,99792
2021-05-21 09:54:18,2553.7,99792
2021-05-21 09:54:19,2553.7,99792
2021-05-21 09:54:20,2553.7,99792
2021-05-21 09:54:21,2553.7,99792
2021-05-21 09:54:22,2553.7,99792
2021-05-21 09:54:23,2554.9,99813
2021-05-21 09:54:24,2554.9,99813
2021-05-21 09:54:25,2554.9,99823
2021-05-21 09:54:26,2554.9,99823
2021-05-21 09:54:27,2554.9,99823
2021-05-21 09:54:29,2554.9,99823
2021-05-21 09:54:29,2554.9,99823
2021-05-21 09:54:30,2554.9,99823
2021-05-21 09:54:31,2554.9,99823
2021-05-21 09:54:32,2554.0,99828
2021-05-21 09:54:33,2554.85,99833
2021-05-21 09:54:34,2554.85,99833
2021-05-21 09:54:35,2554.85,99833
2021-05-21 09:54:36,2554.85,99833
2021-05-21 09:54:38,2554.85,99833
2021-05-21 09:54:38,2554.85,99833
2021-05-21 09:54:39,2554.0,99835
2021-05-21 09:54:40,2554.0,99838
2021-05-21 09:54:41,2554.0,99838
2021-05-21 09:54:42,2554.4,99884
2021-05-21 09:54:43,2554.4,99884
2021-05-21 09:54:44,2554.75,99929
2021-05-21 09:54:46,2554.7,99969
2021-05-21 09:54:47,2553.5,99972
2021-05-21 09:54:49,2554.65,99992
2021-05-21 09:54:50,2554.65,99992
2021-05-21 09:54:52,2553.5,99993
2021-05-21 09:54:53,2553.5,99995
2021-05-21 09:54:54,2553.5,99995
2021-05-21 09:54:55,2553.5,99995
2021-05-21 09:54:56,2554.8,100295
2021-05-21 09:54:57,2554.8,100295
2021-05-21 09:54:59,2554.8,100296
2021-05-21 09:55:01,2554.8,100302
2021-05-21 09:55:02,2554.8,100302
2021-05-21 09:55:03,2555.0,100352
2021-05-21 09:55:03,2555.0,100352
2021-05-21 09:55:04,2553.9,100377
2021-05-21 09:55:05,2553.9,100377
2021-05-21 09:55:06,2553.9,100380
2021-05-21 09:55:08,2553.9,100380
2021-05-21 09:55:09,2553.9,100380
2021-05-21 09:55:10,2553.9,100380
2021-05-21 09:55:10,2553.9,100380
2021-05-21 09:55:11,2554.0,100390
2021-05-21 09:55:12,2554.0,100390
2021-05-21 09:55:13,2554.0,100390
2021-05-21 09:55:14,2554.0,100390
2021-05-21 09:55:15,2554.0,100390
2021-05-21 09:55:16,2554.0,100390
2021-05-21 09:55:18,2554.0,100390
2021-05-21 09:55:19,2554.0,100390
2021-05-21 09:55:20,2554.0,100390
2021-05-21 09:55:22,2554.0,100390
2021-05-21 09:55:25,2554.0,100390
2021-05-21 09:55:26,2554.0,100390
2021-05-21 09:55:27,2554.0,100390
2021-05-21 09:55:28,2554.0,100390
2021-05-21 09:55:29,2554.0,100390
2021-05-21 09:55:29,2554.5,100413
2021-05-21 09:55:30,2554.5,100413
2021-05-21 09:55:31,2555.0,100513
2021-05-21 09:55:32,2554.0,100703
2021-05-21 09:55:33,2554.0,100703
2021-05-21 09:55:34,2555.9,100738
2021-05-21 09:55:35,2554.2,100744
2021-05-21 09:55:36,2554.0,100754
2021-05-21 09:55:37,2554.9,100764
2021-05-21 09:55:38,2554.9,100774
2021-05-21 09:55:40,2554.85,100780
2021-05-21 09:55:41,2554.85,100780
2021-05-21 09:55:42,2554.85,100780
2021-05-21 09:55:42,2554.85,100780
2021-05-21 09:55:43,2554.8,100800
2021-05-21 09:55:44,2554.8,100800
2021-05-21 09:55:45,2554.8,100800
2021-05-21 09:55:46,2554.8,100800
2021-05-21 09:55:48,2554.8,100800
2021-05-21 09:55:49,2554.8,100800
2021-05-21 09:55:50,2554.75,100850
2021-05-21 09:55:51,2554.75,100896
2021-05-21 09:55:51,2554.75,100876
2021-05-21 09:55:52,2554.75,100896
2021-05-21 09:55:53,2554.75,100896
2021-05-21 09:55:54,2554.0,100996
2021-05-21 09:55:55,2554.0,100996
2021-05-21 09:55:56,2554.0,100996
2021-05-21 09:55:57,2554.0,101001
2021-05-21 09:55:58,2554.0,101001
2021-05-21 09:55:59,2554.0,101001
2021-05-21 09:56:00,2554.0,101037
2021-05-21 09:56:01,2554.0,101037
2021-05-21 09:56:02,2554.0,101037
2021-05-21 09:56:03,2554.0,101037
2021-05-21 09:56:05,2553.75,101098
2021-05-21 09:56:07,2553.75,101098
2021-05-21 09:56:07,2553.75,101098
2021-05-21 09:56:08,2553.75,101098
2021-05-21 09:56:09,2553.95,101148
2021-05-21 09:56:11,2553.95,101148
2021-05-21 09:56:13,2553.95,101150
2021-05-21 09:56:14,2553.95,101150
2021-05-21 09:56:14,2553.95,101150
2021-05-21 09:56:16,2553.9,102889
2021-05-21 09:56:17,2553.9,102889
2021-05-21 09:56:18,2553.9,102889
2021-05-21 09:56:18,2553.9,102889
2021-05-21 09:56:19,2553.85,102894
2021-05-21 09:56:20,2553.85,102894
2021-05-21 09:56:21,2553.0,102904
2021-05-21 09:56:23,2552.7,102915
2021-05-21 09:56:27,2552.7,102928
2021-05-21 09:56:29,2552.05,103273
2021-05-21 09:56:32,2552.7,103278
2021-05-21 09:56:34,2551.5,104039
2021-05-21 09:56:37,2551.5,104059
2021-05-21 09:56:39,2551.5,104124
2021-05-21 09:56:42,2551.0,104234
2021-05-21 09:56:47,2551.0,104284
2021-05-21 09:56:49,2550.5,104419
2021-05-21 09:56:52,2550.2,104463
2021-05-21 09:56:55,2550.0,105138
2021-05-21 09:56:58,2550.0,105138
2021-05-21 09:57:00,2550.5,105143
2021-05-21 09:57:03,2550.0,105188
2021-05-21 09:57:06,2550.0,105364
2021-05-21 09:57:08,2550.0,105366
2021-05-21 09:57:10,2550.0,105766
2021-05-21 09:57:15,2550.0,105767
2021-05-21 09:57:18,2550.0,105966
2021-05-21 09:57:20,2550.0,105966
2021-05-21 09:57:23,2550.0,106066
2021-05-21 09:57:26,2550.0,106117
2021-05-21 09:57:28,2550.0,106191
2021-05-21 09:57:33,2551.05,106492
2021-05-21 09:57:36,2551.05,106542
2021-05-21 09:57:38,2551.05,106544
2021-05-21 09:57:41,2550.55,106644
2021-05-21 09:57:44,2551.5,106659
2021-05-21 09:57:47,2551.5,106659
2021-05-21 09:57:49,2551.5,106659
2021-05-21 09:57:52,2551.5,106816
2021-05-21 09:57:54,2551.5,106816
2021-05-21 09:57:56,2551.5,106878
2021-05-21 09:57:59,2552.35,106930
2021-05-21 09:58:01,2552.35,106930
2021-05-21 09:58:04,2551.5,106935
2021-05-21 09:58:06,2551.5,106935
2021-05-21 09:58:09,2552.35,106985
2021-05-21 09:58:11,2551.5,106986
2021-05-21 09:58:14,2552.9,107114
2021-05-21 09:58:16,2554.0,107161
2021-05-21 09:58:19,2553.0,107172
2021-05-21 09:58:21,2553.0,107172
2021-05-21 09:58:23,2553.9,107177
2021-05-21 09:58:26,2553.9,107177
2021-05-21 09:58:28,2553.9,107177
2021-05-21 09:58:30,2553.9,107177
2021-05-21 09:58:35,2553.75,107213
2021-05-21 09:58:39,2554.1,107678
2021-05-21 09:58:42,2553.95,107743
2021-05-21 09:58:44,2553.95,107743
2021-05-21 09:58:47,2551.05,108528
2021-05-21 09:58:49,2551.0,108541
2021-05-21 09:58:52,2552.25,108558
2021-05-21 09:58:54,2551.0,108560
2021-05-21 09:58:56,2552.6,108670
2021-05-21 09:58:59,2551.25,108881
2021-05-21 09:59:01,2551.25,108881
2021-05-21 09:59:04,2552.75,108891
2021-05-21 09:59:06,2552.75,108891
2021-05-21 09:59:09,2552.75,108891
2021-05-21 09:59:11,2552.85,108909
2021-05-21 09:59:14,2552.85,108909
2021-05-21 09:59:17,2552.85,108956
2021-05-21 09:59:19,2552.75,108964
2021-05-21 09:59:22,2552.75,108964
2021-05-21 09:59:24,2552.85,109014
2021-05-21 09:59:26,2553.0,109020
2021-05-21 09:59:29,2553.0,109020
2021-05-21 09:59:31,2552.6,109025
2021-05-21 09:59:34,2552.6,109025
2021-05-21 09:59:36,2552.95,109040
2021-05-21 09:59:38,2552.95,109040
2021-05-21 09:59:40,2552.95,109040
2021-05-21 09:59:42,2552.95,109040
2021-05-21 09:59:45,2552.95,109040
2021-05-21 09:59:47,2552.6,109043
2021-05-21 09:59:49,2552.6,109043
2021-05-21 09:59:52,2552.0,109064
2021-05-21 09:59:54,2552.0,109064
2021-05-21 09:59:59,2552.85,109086
2021-05-21 10:00:02,2552.85,109086
2021-05-21 10:00:05,2552.85,109086
2021-05-21 10:00:07,2552.8,109089
2021-05-21 10:00:12,2552.8,109090
2021-05-21 10:00:14,2552.8,109093
2021-05-21 10:00:17,2552.8,109093
2021-05-21 10:00:19,2552.8,109093
2021-05-21 10:00:21,2552.25,109423
2021-05-21 10:00:23,2552.25,109423
2021-05-21 10:00:26,2552.0,109962
2021-05-21 10:00:28,2552.65,110023
2021-05-21 10:00:31,2552.55,110033
2021-05-21 10:00:33,2552.35,110174
2021-05-21 10:00:36,2551.5,110307
2021-05-21 10:00:39,2551.5,110307
2021-05-21 10:00:41,2551.5,110307
2021-05-21 10:00:44,2552.0,110329
2021-05-21 10:00:47,2551.95,110331
2021-05-21 10:00:49,2551.95,110331
2021-05-21 10:00:52,2551.95,110332
2021-05-21 10:00:54,2551.95,110393
2021-05-21 10:00:56,2551.25,110394
2021-05-21 10:00:58,2551.95,110398
2021-05-21 10:01:01,2551.95,110410
2021-05-21 10:01:04,2551.95,110420
2021-05-21 10:01:06,2551.95,110422
2021-05-21 10:01:09,2551.25,110447
2021-05-21 10:01:11,2551.25,110447
2021-05-21 10:01:13,2551.25,110457
2021-05-21 10:01:16,2551.95,110458
2021-05-21 10:01:18,2551.2,111582
2021-05-21 10:01:20,2551.0,111702
2021-05-21 10:01:22,2551.0,111702
2021-05-21 10:01:25,2551.0,111702
2021-05-21 10:01:27,2550.95,111736
2021-05-21 10:01:32,2551.1,111827
2021-05-21 10:01:35,2551.1,111827
2021-05-21 10:01:37,2550.0,112029
2021-05-21 10:01:42,2550.5,112289
2021-05-21 10:01:45,2550.5,112289
2021-05-21 10:01:48,2551.0,112589
2021-05-21 10:01:50,2550.0,113089
2021-05-21 10:01:52,2550.0,113090
2021-05-21 10:01:55,2550.9,113095
2021-05-21 10:01:57,2550.9,113095
2021-05-21 10:01:59,2550.9,113095
2021-05-21 10:02:02,2550.5,113147
2021-05-21 10:02:05,2550.0,113152
2021-05-21 10:02:07,2550.0,113152
2021-05-21 10:02:10,2550.05,113153
2021-05-21 10:02:12,2550.85,113216
2021-05-21 10:02:15,2550.85,113245
2021-05-21 10:02:17,2550.85,113245
2021-05-21 10:02:20,2550.25,113281
2021-05-21 10:02:22,2550.25,113281
2021-05-21 10:02:25,2551.0,113321
2021-05-21 10:02:27,2551.0,113337
2021-05-21 10:02:29,2551.95,113446
2021-05-21 10:02:32,2551.95,113446
2021-05-21 10:02:34,2550.9,113447
2021-05-21 10:02:37,2551.35,113459
2021-05-21 10:02:39,2550.9,113464
2021-05-21 10:02:42,2551.35,113474
2021-05-21 10:02:44,2551.3,113566
2021-05-21 10:02:47,2550.55,113567
2021-05-21 10:02:50,2551.4,113570
2021-05-21 10:02:52,2550.55,113630
2021-05-21 10:02:55,2550.55,113638
2021-05-21 10:02:57,2551.3,113748
2021-05-21 10:02:59,2551.3,113748
2021-05-21 10:03:02,2551.3,113748
2021-05-21 10:03:04,2551.3,113748
2021-05-21 10:03:07,2551.3,113748
2021-05-21 10:03:09,2550.25,113803
2021-05-21 10:03:12,2550.55,113804
2021-05-21 10:03:14,2550.55,113814
2021-05-21 10:03:16,2550.55,113824
2021-05-21 10:03:19,2550.55,113905
2021-05-21 10:03:21,2550.55,113905
2021-05-21 10:03:24,2550.55,113905
2021-05-21 10:03:27,2550.0,114280
2021-05-21 10:03:29,2550.0,114280
2021-05-21 10:03:32,2550.0,114280
2021-05-21 10:03:34,2550.0,114280
2021-05-21 10:03:37,2550.0,114280
2021-05-21 10:03:39,2550.0,114281
2021-05-21 10:03:42,2550.55,114306
2021-05-21 10:03:44,2550.8,114357
2021-05-21 10:03:47,2551.0,114359
2021-05-21 10:03:50,2551.0,114365
2021-05-21 10:03:53,2550.15,114387
2021-05-21 10:03:57,2551.0,114389
2021-05-21 10:03:59,2551.0,114391
2021-05-21 10:04:02,2551.0,114444
2021-05-21 10:04:05,2550.8,114606
2021-05-21 10:04:08,2550.8,114616
2021-05-21 10:04:10,2550.8,114616
2021-05-21 10:04:12,2550.8,114616
2021-05-21 10:04:15,2550.8,114620
2021-05-21 10:04:17,2550.8,114620
2021-05-21 10:04:20,2550.8,114720
2021-05-21 10:04:22,2551.0,114765
2021-05-21 10:04:25,2551.0,114765
2021-05-21 10:04:28,2550.8,114787
2021-05-21 10:04:30,2552.5,116413
2021-05-21 10:04:33,2552.5,116413
2021-05-21 10:04:35,2551.55,116416
2021-05-21 10:04:37,2551.45,116447
2021-05-21 10:04:40,2552.55,116466
2021-05-21 10:04:42,2552.55,116471
2021-05-21 10:04:48,2552.55,116492
2021-05-21 10:04:51,2551.95,116493
2021-05-21 10:04:53,2551.95,116493
2021-05-21 10:04:56,2553.0,116993
2021-05-21 10:04:58,2552.5,116994
2021-05-21 10:05:00,2552.5,116994
2021-05-21 10:05:03,2552.5,117021
2021-05-21 10:05:05,2552.5,117021
2021-05-21 10:05:08,2553.95,117401
2021-05-21 10:05:10,2554.0,117411
2021-05-21 10:05:13,2554.0,117441
2021-05-21 10:05:15,2554.0,117441
2021-05-21 10:05:17,2554.0,117441
2021-05-21 10:05:20,2553.2,117450
2021-05-21 10:05:22,2553.2,117450
2021-05-21 10:05:25,2553.2,117450
2021-05-21 10:05:27,2553.2,117450
2021-05-21 10:05:30,2554.0,117465
2021-05-21 10:05:32,2554.0,117465
2021-05-21 10:05:35,2553.5,117466
2021-05-21 10:05:37,2553.5,117466
2021-05-21 10:05:39,2554.0,117538
2021-05-21 10:05:41,2554.0,117538
2021-05-21 10:05:43,2554.0,117548
2021-05-21 10:05:45,2554.0,117573
2021-05-21 10:05:50,2554.0,118096
2021-05-21 10:05:53,2554.0,118097
2021-05-21 10:05:56,2554.0,118197
2021-05-21 10:06:03,2553.0,118612
2021-05-21 10:06:05,2553.0,118612
2021-05-21 10:06:08,2552.85,118662
2021-05-21 10:06:10,2552.85,118662
2021-05-21 10:06:13,2553.95,118973
2021-05-21 10:06:15,2553.95,118973
2021-05-21 10:06:18,2553.95,118973
2021-05-21 10:06:23,2553.95,118983
2021-05-21 10:06:25,2552.65,119157
2021-05-21 10:06:27,2553.75,119167
2021-05-21 10:06:30,2553.75,119167
2021-05-21 10:06:32,2553.75,119167
2021-05-21 10:06:35,2553.75,119172
2021-05-21 10:06:37,2553.5,119173
2021-05-21 10:06:40,2553.95,119223
2021-05-21 10:06:42,2553.75,119224
2021-05-21 10:06:44,2553.75,119224
2021-05-21 10:06:47,2553.75,119224
2021-05-21 10:06:52,2553.75,119242
2021-05-21 10:06:54,2553.95,119260
2021-05-21 10:06:57,2554.0,119313
2021-05-21 10:06:59,2553.75,119323
2021-05-21 10:07:02,2553.75,119323
2021-05-21 10:07:04,2553.75,119323
2021-05-21 10:07:06,2553.75,119323
2021-05-21 10:07:09,2553.95,119362
2021-05-21 10:07:11,2553.75,119376
2021-05-21 10:07:14,2553.75,119376
2021-05-21 10:07:16,2553.75,119376
2021-05-21 10:07:19,2553.9,119377
2021-05-21 10:07:21,2553.9,119377
2021-05-21 10:07:23,2553.95,119381
2021-05-21 10:07:26,2553.95,119381
2021-05-21 10:07:28,2555.0,120051
2021-05-21 10:07:31,2554.95,120056
2021-05-21 10:07:33,2554.15,120133
2021-05-21 10:07:36,2554.15,120133
2021-05-21 10:07:38,2554.15,120133
2021-05-21 10:07:41,2553.8,120136
2021-05-21 10:07:43,2553.8,120136
2021-05-21 10:07:45,2553.8,120136
2021-05-21 10:07:48,2553.8,120137
2021-05-21 10:07:50,2552.65,120141
2021-05-21 10:07:53,2552.65,120141
2021-05-21 10:07:55,2552.65,120141
2021-05-21 10:07:58,2552.65,120141
2021-05-21 10:08:00,2553.8,120149
2021-05-21 10:08:03,2553.8,120149
2021-05-21 10:08:06,2554.4,120153
2021-05-21 10:08:08,2554.4,120153
2021-05-21 10:08:11,2554.4,120153
2021-05-21 10:08:13,2554.4,120153
2021-05-21 10:08:15,2554.4,120153
2021-05-21 10:08:17,2554.4,120153
2021-05-21 10:08:20,2554.4,120185
2021-05-21 10:08:22,2554.4,120185
2021-05-21 10:08:24,2554.45,120187
2021-05-21 10:08:26,2554.45,120187
2021-05-21 10:08:28,2554.45,120187
2021-05-21 10:08:31,2555.0,120287
2021-05-21 10:08:33,2555.0,120312
2021-05-21 10:08:35,2554.4,120314
2021-05-21 10:08:37,2555.0,120315
2021-05-21 10:08:40,2554.95,120326
2021-05-21 10:08:42,2554.95,120326
2021-05-21 10:08:44,2554.95,120326
2021-05-21 10:08:46,2554.95,120337
2021-05-21 10:08:49,2555.0,120473
2021-05-21 10:08:51,2555.0,120473
2021-05-21 10:08:54,2555.0,120473
2021-05-21 10:08:56,2553.65,120498
2021-05-21 10:08:58,2553.45,120499
2021-05-21 10:09:02,2554.45,120530
2021-05-21 10:09:08,2554.45,120546
2021-05-21 10:09:10,2554.8,120552
2021-05-21 10:09:13,2554.75,120612
2021-05-21 10:09:16,2554.75,120612
2021-05-21 10:09:18,2553.5,120613
2021-05-21 10:09:21,2553.5,120622
2021-05-21 10:09:23,2554.65,120632
2021-05-21 10:09:25,2553.5,120684
2021-05-21 10:09:29,2553.5,120684
2021-05-21 10:09:32,2553.5,120684
2021-05-21 10:09:34,2553.5,120684
2021-05-21 10:09:36,2553.5,120684
2021-05-21 10:09:39,2553.5,120684
2021-05-21 10:09:41,2553.5,120684
2021-05-21 10:09:43,2553.5,120684
2021-05-21 10:09:46,2553.5,120686
2021-05-21 10:09:48,2553.5,120686
2021-05-21 10:09:51,2554.75,120836
2021-05-21 10:09:53,2554.75,120836
2021-05-21 10:09:55,2554.75,120836
2021-05-21 10:09:58,2554.75,120836
2021-05-21 10:10:00,2554.75,120836
2021-05-21 10:10:02,2554.65,120943
2021-05-21 10:10:05,2554.65,120943
2021-05-21 10:10:07,2553.5,120994
2021-05-21 10:10:10,2553.5,120994
2021-05-21 10:10:12,2553.5,120997
2021-05-21 10:10:14,2553.5,120997
2021-05-21 10:10:17,2554.0,121002
2021-05-21 10:10:19,2554.0,121002
2021-05-21 10:10:22,2554.0,121002
2021-05-21 10:10:24,2554.0,121002
2021-05-21 10:10:26,2554.0,121002
2021-05-21 10:10:29,2554.0,121062
2021-05-21 10:10:31,2554.0,121162
2021-05-21 10:10:34,2552.2,122876
2021-05-21 10:10:36,2552.2,122876
2021-05-21 10:10:38,2552.2,122876
2021-05-21 10:10:40,2552.55,122880
2021-05-21 10:10:42,2552.55,122880
2021-05-21 10:10:45,2552.55,122880
2021-05-21 10:10:47,2552.3,122922
2021-05-21 10:10:50,2552.3,122922
2021-05-21 10:10:53,2552.3,122922
2021-05-21 10:10:55,2552.3,122922
2021-05-21 10:10:57,2551.55,122972
2021-05-21 10:11:00,2550.5,123017
2021-05-21 10:11:02,2550.5,123017
2021-05-21 10:11:05,2550.1,123107
2021-05-21 10:11:07,2550.4,123117
2021-05-21 10:11:10,2550.0,123847
2021-05-21 10:11:12,2550.0,123854
2021-05-21 10:11:15,2550.0,123871
2021-05-21 10:11:17,2550.0,123871
2021-05-21 10:11:19,2550.0,123891
2021-05-21 10:11:21,2550.05,124000
2021-05-21 10:11:24,2550.05,124000
2021-05-21 10:11:26,2550.0,124060
2021-05-21 10:11:29,2550.4,124065
2021-05-21 10:11:31,2551.9,124069
2021-05-21 10:11:34,2551.95,124188
2021-05-21 10:11:37,2551.95,124188
2021-05-21 10:11:39,2551.95,124188
2021-05-21 10:11:42,2551.95,124191
2021-05-21 10:11:44,2551.95,124191
2021-05-21 10:11:46,2551.95,124191
2021-05-21 10:11:49,2551.95,124191
2021-05-21 10:11:51,2550.5,124296
2021-05-21 10:11:54,2551.9,124300
2021-05-21 10:11:56,2550.85,124325
2021-05-21 10:11:59,2550.85,124325
2021-05-21 10:12:01,2551.3,124384
2021-05-21 10:12:04,2551.3,124384
2021-05-21 10:12:06,2551.3,124384
2021-05-21 10:12:09,2550.05,124389
2021-05-21 10:12:11,2550.0,126008
2021-05-21 10:12:13,2550.0,126009
2021-05-21 10:12:16,2547.6,126979
2021-05-21 10:12:18,2548.55,127049
2021-05-21 10:12:21,2547.2,127276
2021-05-21 10:12:24,2547.2,127641
2021-05-21 10:12:26,2547.35,127727
2021-05-21 10:12:29,2548.6,127731
2021-05-21 10:12:32,2548.6,127731
2021-05-21 10:12:34,2547.5,127751
2021-05-21 10:12:36,2547.5,127751
2021-05-21 10:12:39,2547.7,127991
2021-05-21 10:12:41,2548.6,128067
2021-05-21 10:12:44,2548.6,128067
2021-05-21 10:12:46,2547.75,128217
2021-05-21 10:12:48,2549.3,128354
2021-05-21 10:12:51,2549.7,128554
2021-05-21 10:12:53,2549.55,128596
2021-05-21 10:12:55,2549.2,128597
2021-05-21 10:12:58,2548.0,128598
2021-05-21 10:13:00,2548.0,128598
2021-05-21 10:13:03,2548.0,128715
2021-05-21 10:13:05,2547.55,128718
2021-05-21 10:13:10,2547.2,128762
2021-05-21 10:13:12,2547.2,128762
2021-05-21 10:13:15,2547.2,128768
2021-05-21 10:13:17,2547.25,128940
2021-05-21 10:13:20,2547.25,128941
2021-05-21 10:13:22,2547.25,128941
2021-05-21 10:13:25,2547.25,128951
2021-05-21 10:13:27,2547.25,128953
2021-05-21 10:13:30,2547.25,128953
2021-05-21 10:13:32,2547.25,128957
2021-05-21 10:13:34,2547.0,129144
2021-05-21 10:13:37,2547.05,129284
2021-05-21 10:13:39,2547.05,129306
2021-05-21 10:13:41,2548.0,129361
2021-05-21 10:13:44,2547.0,129363
2021-05-21 10:13:47,2547.1,129364
2021-05-21 10:13:49,2547.15,129468
2021-05-21 10:13:51,2547.15,129488
2021-05-21 10:13:54,2547.15,129488
2021-05-21 10:13:56,2547.15,129488
2021-05-21 10:13:59,2548.0,129500
2021-05-21 10:14:01,2548.0,129560
2021-05-21 10:14:04,2547.1,129573
2021-05-21 10:14:06,2545.0,131654
2021-05-21 10:14:08,2544.0,132042
2021-05-21 10:14:11,2544.0,132243
2021-05-21 10:14:14,2541.95,134663
2021-05-21 10:14:16,2541.3,136839
2021-05-21 10:14:18,2540.95,136991
2021-05-21 10:14:21,2543.15,138053
2021-05-21 10:14:23,2542.1,138374
2021-05-21 10:14:26,2543.25,138478
2021-05-21 10:14:31,2542.25,138690
2021-05-21 10:14:39,2542.25,138998
2021-05-21 10:14:42,2543.15,139108
2021-05-21 10:14:44,2542.25,139133
2021-05-21 10:14:47,2543.45,139153
2021-05-21 10:14:49,2543.7,139355
2021-05-21 10:14:51,2543.7,139355
2021-05-21 10:14:53,2544.0,139430
2021-05-21 10:14:56,2544.0,139430
2021-05-21 10:14:58,2543.45,139560
2021-05-21 10:15:00,2543.45,139560
2021-05-21 10:15:03,2544.0,139597
2021-05-21 10:15:06,2544.0,139597
2021-05-21 10:15:08,2544.0,139597
2021-05-21 10:15:10,2544.75,140470
2021-05-21 10:15:12,2544.75,140470
2021-05-21 10:15:15,2543.8,140472
2021-05-21 10:15:17,2543.8,140472
2021-05-21 10:15:20,2544.95,140505
2021-05-21 10:15:22,2545.0,140565
2021-05-21 10:15:25,2544.9,140605
2021-05-21 10:15:27,2544.9,140635
2021-05-21 10:15:29,2545.0,140655
2021-05-21 10:15:32,2544.9,140665
2021-05-21 10:15:35,2544.9,140665
2021-05-21 10:15:37,2544.0,140771
2021-05-21 10:15:40,2545.0,140796
2021-05-21 10:15:43,2544.85,140866
2021-05-21 10:15:45,2544.0,140869
2021-05-21 10:15:48,2544.0,140869
2021-05-21 10:15:50,2544.0,140869
2021-05-21 10:15:52,2544.0,140869
2021-05-21 10:15:55,2544.0,141019
2021-05-21 10:15:57,2544.0,141019
2021-05-21 10:15:59,2544.0,141079
2021-05-21 10:16:02,2544.05,141090
2021-05-21 10:16:05,2544.05,141090
2021-05-21 10:16:07,2545.0,141100
2021-05-21 10:16:10,2544.0,141175
2021-05-21 10:16:12,2544.9,141215
2021-05-21 10:16:14,2544.9,141220
2021-05-21 10:16:16,2544.0,141221
2021-05-21 10:16:18,2544.5,141266
2021-05-21 10:16:21,2544.5,141266
2021-05-21 10:16:22,2544.5,141266
2021-05-21 10:16:23,2544.5,141266
2021-05-21 10:16:24,2544.5,141266
2021-05-21 10:16:25,2544.0,141306
2021-05-21 10:16:26,2544.5,141346
2021-05-21 10:16:27,2544.5,141346
2021-05-21 10:16:29,2545.0,141416
2021-05-21 10:16:28,2545.0,141416
2021-05-21 10:16:30,2545.0,141416
2021-05-21 10:16:31,2545.0,141416
2021-05-21 10:16:32,2545.0,141416
2021-05-21 10:16:33,2545.0,141416
2021-05-21 10:16:36,2545.0,141416
2021-05-21 10:16:37,2545.0,141416
2021-05-21 10:16:38,2545.0,141416
2021-05-21 10:16:39,2545.0,141416
2021-05-21 10:16:39,2544.95,141631
2021-05-21 10:16:41,2545.0,141688
2021-05-21 10:16:42,2545.0,141838
2021-05-21 10:16:43,2545.0,141838
2021-05-21 10:16:45,2545.0,141839
2021-05-21 10:16:46,2545.0,141839
2021-05-21 10:16:48,2545.0,141909
2021-05-21 10:16:50,2545.0,141910
2021-05-21 10:16:51,2545.45,142115
2021-05-21 10:16:52,2545.45,142115
2021-05-21 10:16:53,2545.45,142115
2021-05-21 10:16:54,2545.45,142115
2021-05-21 10:16:55,2545.65,142120
2021-05-21 10:16:58,2545.65,142120
2021-05-21 10:16:59,2545.65,142120
2021-05-21 10:17:00,2545.6,142124
2021-05-21 10:17:01,2545.6,142124
2021-05-21 10:17:02,2545.6,142124
2021-05-21 10:17:03,2545.6,142124
2021-05-21 10:17:04,2545.6,142124
2021-05-21 10:17:05,2545.6,142124
2021-05-21 10:17:06,2546.0,142127
2021-05-21 10:17:08,2546.0,142132
2021-05-21 10:17:07,2546.0,142127
2021-05-21 10:17:09,2545.6,142232
2021-05-21 10:17:10,2545.6,142232
2021-05-21 10:17:11,2546.75,142894
2021-05-21 10:17:12,2546.75,142898
2021-05-21 10:17:13,2546.75,142898
2021-05-21 10:17:13,2545.7,142900
2021-05-21 10:17:14,2545.7,142900
2021-05-21 10:17:15,2545.7,142900
2021-05-21 10:17:16,2547.3,142901
2021-05-21 10:17:17,2547.3,142901
2021-05-21 10:17:19,2547.75,142951
2021-05-21 10:17:20,2547.75,142951
2021-05-21 10:17:21,2547.9,142961
2021-05-21 10:17:22,2547.9,142961
2021-05-21 10:17:23,2546.65,143011
2021-05-21 10:17:24,2548.5,143216
2021-05-21 10:17:25,2548.5,143216
2021-05-21 10:17:25,2548.5,143216
2021-05-21 10:17:27,2548.5,143216
2021-05-21 10:17:28,2548.5,143216
2021-05-21 10:17:28,2548.5,143216
2021-05-21 10:17:29,2548.5,143216
2021-05-21 10:17:30,2548.5,143216
2021-05-21 10:17:32,2548.5,143216
2021-05-21 10:17:33,2548.0,143217
2021-05-21 10:17:34,2548.0,143217
2021-05-21 10:17:35,2547.75,143241
2021-05-21 10:17:35,2547.75,143241
2021-05-21 10:17:36,2547.3,143242
2021-05-21 10:17:37,2546.75,143252
2021-05-21 10:17:38,2546.75,143252
2021-05-21 10:17:39,2546.75,143252
2021-05-21 10:17:40,2547.6,143277
2021-05-21 10:17:41,2546.5,143295
2021-05-21 10:17:43,2546.5,143295
2021-05-21 10:17:44,2546.5,143295
2021-05-21 10:17:45,2546.5,143295
2021-05-21 10:17:46,2546.5,143295
2021-05-21 10:17:47,2546.5,143304
2021-05-21 10:17:48,2546.0,143324
2021-05-21 10:17:49,2547.05,143339
2021-05-21 10:17:52,2547.05,143339
2021-05-21 10:17:53,2547.05,143339
2021-05-21 10:17:54,2547.05,143369
2021-05-21 10:17:54,2547.1,143359
2021-05-21 10:17:55,2547.05,143369
2021-05-21 10:17:56,2547.05,143369
2021-05-21 10:17:57,2547.0,143379
2021-05-21 10:17:58,2546.5,143389
2021-05-21 10:17:59,2546.5,143389
2021-05-21 10:18:00,2547.0,143406
2021-05-21 10:18:01,2547.0,143406
2021-05-21 10:18:02,2546.0,143436
2021-05-21 10:18:03,2546.0,143436
2021-05-21 10:18:04,2546.0,143436
2021-05-21 10:18:05,2547.0,143441
2021-05-21 10:18:06,2547.0,143441
2021-05-21 10:18:09,2547.0,143441
2021-05-21 10:18:08,2547.0,143441
2021-05-21 10:18:11,2547.0,143442
2021-05-21 10:18:12,2547.0,143442
2021-05-21 10:18:13,2547.0,143442
2021-05-21 10:18:14,2547.0,143442
2021-05-21 10:18:16,2547.0,143442
2021-05-21 10:18:17,2546.0,143452
2021-05-21 10:18:18,2546.0,143452
2021-05-21 10:18:19,2546.0,143452
2021-05-21 10:18:20,2547.0,143454
2021-05-21 10:18:22,2547.0,143454
2021-05-21 10:18:23,2547.0,143454
2021-05-21 10:18:24,2547.0,143454
2021-05-21 10:18:26,2547.0,143454
2021-05-21 10:18:28,2547.0,143454
2021-05-21 10:18:29,2547.0,143454
2021-05-21 10:18:30,2547.0,143454
2021-05-21 10:18:31,2547.0,143454
2021-05-21 10:18:32,2547.0,143454
2021-05-21 10:18:33,2546.95,143505
2021-05-21 10:18:34,2546.95,143505
2021-05-21 10:18:34,2547.0,143506
2021-05-21 10:18:36,2547.0,143506
2021-05-21 10:18:37,2546.0,143539
2021-05-21 10:18:37,2546.0,143539
2021-05-21 10:18:39,2546.5,143639
2021-05-21 10:18:40,2546.5,143639
2021-05-21 10:18:41,2546.5,143639
2021-05-21 10:18:41,2546.5,143639
2021-05-21 10:18:42,2546.0,143649
2021-05-21 10:18:44,2546.0,143659
2021-05-21 10:18:45,2546.0,143659
2021-05-21 10:18:46,2546.5,143660
2021-05-21 10:18:47,2546.5,143660
2021-05-21 10:18:47,2546.05,143670
2021-05-21 10:18:48,2546.05,143670
2021-05-21 10:18:49,2546.05,143670
2021-05-21 10:18:50,2546.05,143670
2021-05-21 10:18:52,2546.05,143670
2021-05-21 10:18:53,2546.05,143670
2021-05-21 10:18:54,2547.0,144194
2021-05-21 10:18:55,2546.05,144244
2021-05-21 10:18:56,2546.05,144244
2021-05-21 10:18:57,2546.05,144254
2021-05-21 10:18:58,2546.05,144254
2021-05-21 10:19:00,2546.05,144254
2021-05-21 10:19:01,2546.05,144254
2021-05-21 10:19:02,2546.05,144254
2021-05-21 10:19:03,2546.05,144260
2021-05-21 10:19:05,2547.0,144301
2021-05-21 10:19:06,2547.0,144301
2021-05-21 10:19:07,2547.0,144301
2021-05-21 10:19:08,2547.0,144301
2021-05-21 10:19:09,2546.05,144305
2021-05-21 10:19:10,2546.05,144310
2021-05-21 10:19:11,2547.0,144315
2021-05-21 10:19:12,2547.0,144315
2021-05-21 10:19:13,2547.0,144315
2021-05-21 10:19:15,2547.0,144320
2021-05-21 10:19:18,2547.0,144320
2021-05-21 10:19:27,2547.0,144355
2021-05-21 10:19:28,2547.0,144355
2021-05-21 10:19:29,2547.0,144355
2021-05-21 10:19:31,2546.1,144586
2021-05-21 10:19:32,2546.1,144586
2021-05-21 10:19:35,2546.1,144586
2021-05-21 10:19:36,2546.1,144586
2021-05-21 10:19:39,2547.0,144587
2021-05-21 10:19:40,2547.0,144587
2021-05-21 10:19:41,2547.0,144587
2021-05-21 10:19:42,2547.0,144588
2021-05-21 10:19:42,2547.0,144588
2021-05-21 10:19:44,2547.0,144588
2021-05-21 10:19:45,2547.0,144588
2021-05-21 10:19:46,2547.0,144588
2021-05-21 10:19:47,2547.0,144638
2021-05-21 10:19:48,2547.0,144638
2021-05-21 10:19:49,2547.0,144638
2021-05-21 10:19:50,2547.0,144638
2021-05-21 10:19:50,2547.0,144638
2021-05-21 10:19:51,2547.0,144643
2021-05-21 10:19:53,2547.0,144643
2021-05-21 10:19:54,2547.0,144643
2021-05-21 10:19:55,2547.3,144678
2021-05-21 10:19:56,2547.3,144678
2021-05-21 10:19:57,2547.35,144683
2021-05-21 10:19:58,2547.35,144686
2021-05-21 10:19:59,2547.35,144686
2021-05-21 10:20:00,2547.35,144686
2021-05-21 10:20:01,2547.85,144688
2021-05-21 10:20:02,2547.85,144688
2021-05-21 10:20:03,2547.85,144688
2021-05-21 10:20:04,2547.85,144693
2021-05-21 10:20:05,2547.85,144703
2021-05-21 10:20:10,2547.85,144705
2021-05-21 10:20:11,2547.85,144705
2021-05-21 10:20:12,2547.85,144705
2021-05-21 10:20:13,2547.85,144705
2021-05-21 10:20:14,2547.85,144705
2021-05-21 10:20:15,2547.85,144705
2021-05-21 10:20:16,2547.85,144705
2021-05-21 10:20:17,2546.65,144735
2021-05-21 10:20:18,2546.65,144735
2021-05-21 10:20:19,2546.65,144735
2021-05-21 10:20:21,2547.85,144736
2021-05-21 10:20:22,2546.65,144786
2021-05-21 10:20:23,2546.65,144786
2021-05-21 10:20:24,2546.65,144786
2021-05-21 10:20:25,2547.8,144792
2021-05-21 10:20:26,2547.8,144792
2021-05-21 10:20:27,2547.8,144792
2021-05-21 10:20:28,2547.8,144795
2021-05-21 10:20:29,2547.8,144795
2021-05-21 10:20:30,2547.8,144795
2021-05-21 10:20:31,2547.8,144795
2021-05-21 10:20:32,2547.8,144795
2021-05-21 10:20:33,2547.8,144795
2021-05-21 10:20:34,2547.8,144795
2021-05-21 10:20:35,2547.8,144795
2021-05-21 10:20:36,2547.8,144795
2021-05-21 10:20:36,2547.8,144795
2021-05-21 10:20:38,2547.8,144795
2021-05-21 10:20:39,2547.8,144795
2021-05-21 10:20:41,2547.8,144795
2021-05-21 10:20:40,2547.8,144795
2021-05-21 10:20:42,2547.8,144795
2021-05-21 10:20:43,2547.8,144795
2021-05-21 10:20:44,2547.8,144795
2021-05-21 10:20:45,2547.8,144795
2021-05-21 10:20:46,2547.8,144795
2021-05-21 10:20:46,2547.8,144795
2021-05-21 10:20:47,2547.8,144795
2021-05-21 10:20:49,2547.8,144795
2021-05-21 10:20:50,2547.8,144795
2021-05-21 10:20:52,2547.8,144795
2021-05-21 10:20:53,2547.7,144797
2021-05-21 10:20:54,2546.8,144799
2021-05-21 10:20:56,2546.8,145531
2021-05-21 10:20:57,2547.0,145590
2021-05-21 10:20:58,2546.7,145742
2021-05-21 10:20:59,2546.0,146123
2021-05-21 10:21:00,2545.1,146306
2021-05-21 10:21:02,2545.35,146747
2021-05-21 10:21:03,2545.35,146747
2021-05-21 10:21:04,2545.35,146748
2021-05-21 10:21:05,2545.35,146749
2021-05-21 10:21:06,2545.35,146749
2021-05-21 10:21:07,2545.35,146749
2021-05-21 10:21:08,2545.35,146749
2021-05-21 10:21:09,2545.35,146749
2021-05-21 10:21:10,2545.35,146763
2021-05-21 10:21:10,2545.35,146763
2021-05-21 10:21:11,2545.35,146789
2021-05-21 10:21:13,2545.35,146789
2021-05-21 10:21:14,2545.35,146789
2021-05-21 10:21:15,2544.25,146824
2021-05-21 10:21:16,2544.25,146824
2021-05-21 10:21:17,2544.25,146824
2021-05-21 10:21:18,2544.25,146824
2021-05-21 10:21:19,2544.25,146824
2021-05-21 10:21:20,2544.25,146824
2021-05-21 10:21:21,2544.25,146824
2021-05-21 10:21:22,2544.25,146824
2021-05-21 10:21:23,2544.25,146824
2021-05-21 10:21:24,2544.0,146855
2021-05-21 10:21:25,2544.0,146865
2021-05-21 10:21:26,2544.0,146865
2021-05-21 10:21:27,2544.0,146865
2021-05-21 10:21:27,2544.0,146865
2021-05-21 10:21:28,2544.0,146865
2021-05-21 10:21:29,2544.0,146865
2021-05-21 10:21:30,2544.6,147066
2021-05-21 10:21:31,2544.0,147199
2021-05-21 10:21:32,2543.1,147852
2021-05-21 10:21:34,2542.5,147877
2021-05-21 10:21:35,2542.1,147894
2021-05-21 10:21:35,2542.1,147894
2021-05-21 10:21:37,2542.1,147894
2021-05-21 10:21:38,2542.1,147894
2021-05-21 10:21:39,2542.1,147894
2021-05-21 10:21:40,2542.1,147897
2021-05-21 10:21:41,2542.6,148119
2021-05-21 10:21:43,2542.0,148129
2021-05-21 10:21:44,2542.0,148129
2021-05-21 10:21:45,2542.0,148129
2021-05-21 10:21:46,2542.0,148129
2021-05-21 10:21:47,2542.0,148129
2021-05-21 10:21:48,2541.05,148179
2021-05-21 10:21:49,2540.05,148977
2021-05-21 10:21:49,2541.75,149303
2021-05-21 10:21:52,2540.05,149326
2021-05-21 10:21:53,2540.0,149346
2021-05-21 10:21:54,2541.4,149364
2021-05-21 10:21:55,2540.0,149368
2021-05-21 10:21:56,2539.7,149867
2021-05-21 10:21:56,2538.25,150033
2021-05-21 10:21:57,2538.25,150033
2021-05-21 10:21:59,2539.55,150034
2021-05-21 10:22:00,2539.55,150034
2021-05-21 10:22:01,2539.55,150034
2021-05-21 10:22:02,2538.4,150254
2021-05-21 10:22:03,2538.4,150328
2021-05-21 10:22:04,2538.4,150328
2021-05-21 10:22:05,2539.65,150329
2021-05-21 10:22:05,2539.65,150329
2021-05-21 10:22:06,2538.6,150359
2021-05-21 10:22:07,2538.5,150369
2021-05-21 10:22:09,2538.4,150394
2021-05-21 10:22:10,2538.4,150402
2021-05-21 10:22:11,2538.4,150402
2021-05-21 10:22:12,2539.15,150581
2021-05-21 10:22:13,2538.0,150641
2021-05-21 10:22:14,2538.1,152653
2021-05-21 10:22:15,2539.45,152659
2021-05-21 10:22:16,2538.0,152762
2021-05-21 10:22:17,2539.45,152869
2021-05-21 10:22:17,2539.45,152875
2021-05-21 10:22:18,2538.05,152946
2021-05-21 10:22:19,2538.0,152959
2021-05-21 10:22:21,2538.1,153064
2021-05-21 10:22:23,2538.1,153282
2021-05-21 10:22:22,2538.1,153249
2021-05-21 10:22:24,2538.1,153348
2021-05-21 10:22:25,2538.25,153399
2021-05-21 10:22:26,2538.25,153431
2021-05-21 10:22:27,2538.3,153437
2021-05-21 10:22:29,2538.5,153445
2021-05-21 10:22:30,2538.5,153545
2021-05-21 10:22:31,2538.1,153588
2021-05-21 10:22:32,2538.1,153592
2021-05-21 10:22:33,2538.1,153642
2021-05-21 10:22:34,2538.1,153658
2021-05-21 10:22:35,2540.0,153859
2021-05-21 10:22:36,2540.0,154026
2021-05-21 10:22:37,2539.7,154100
2021-05-21 10:22:38,2539.0,154101
2021-05-21 10:22:39,2538.0,154192
2021-05-21 10:22:40,2538.0,154238
2021-05-21 10:22:41,2538.0,154252
2021-05-21 10:22:42,2538.0,154254
2021-05-21 10:22:43,2539.3,154255
2021-05-21 10:22:43,2539.3,154255
2021-05-21 10:22:44,2538.0,154264
2021-05-21 10:22:45,2538.05,154266
2021-05-21 10:22:47,2538.05,154266
2021-05-21 10:22:48,2538.05,154266
2021-05-21 10:22:49,2539.6,154278
2021-05-21 10:22:50,2538.1,154285
2021-05-21 10:22:51,2538.1,154286
2021-05-21 10:22:52,2538.1,154286
2021-05-21 10:22:53,2539.9,154292
2021-05-21 10:22:54,2540.0,154342
2021-05-21 10:22:55,2539.3,154378
2021-05-21 10:22:56,2539.3,154378
2021-05-21 10:22:57,2539.3,154394
2021-05-21 10:22:58,2539.3,154394
2021-05-21 10:22:59,2539.6,154398
2021-05-21 10:23:00,2538.25,154507
2021-05-21 10:23:01,2538.25,154507
2021-05-21 10:23:02,2538.25,154507
2021-05-21 10:23:03,2538.25,154507
2021-05-21 10:23:04,2538.25,154507
2021-05-21 10:23:07,2539.6,155186
2021-05-21 10:23:08,2539.6,155387
2021-05-21 10:23:09,2539.6,155508
2021-05-21 10:23:10,2538.55,155534
2021-05-21 10:23:11,2538.55,155536
2021-05-21 10:23:12,2538.55,155536
2021-05-21 10:23:13,2539.95,155537
2021-05-21 10:23:14,2538.5,155553
2021-05-21 10:23:15,2538.5,155558
2021-05-21 10:23:16,2538.5,155560
2021-05-21 10:23:17,2538.5,155560
2021-05-21 10:23:18,2538.5,155560
2021-05-21 10:23:19,2538.5,155560
2021-05-21 10:23:20,2539.95,155579
2021-05-21 10:23:21,2538.55,155591
2021-05-21 10:23:22,2538.55,155703
2021-05-21 10:23:23,2538.55,155740
2021-05-21 10:23:24,2538.55,155740
2021-05-21 10:23:25,2538.55,155740
2021-05-21 10:23:26,2538.55,155740
2021-05-21 10:23:27,2538.55,155740
2021-05-21 10:23:28,2538.55,155750
2021-05-21 10:23:29,2538.55,155754
2021-05-21 10:23:30,2538.55,155754
2021-05-21 10:23:31,2538.5,155829
2021-05-21 10:23:32,2538.5,155854
2021-05-21 10:23:33,2538.5,155854
2021-05-21 10:23:34,2538.5,155854
2021-05-21 10:23:35,2538.5,155854
2021-05-21 10:23:36,2538.5,155907
2021-05-21 10:23:37,2539.4,156024
2021-05-21 10:23:38,2538.5,156058
2021-05-21 10:23:39,2538.5,156153
2021-05-21 10:23:40,2538.5,156185
2021-05-21 10:23:41,2538.5,156186
2021-05-21 10:23:42,2539.4,156187
2021-05-21 10:23:43,2539.4,156192
2021-05-21 10:23:44,2538.5,156194
2021-05-21 10:23:46,2539.4,156206
2021-05-21 10:23:45,2538.5,156196
2021-05-21 10:23:47,2538.5,156210
2021-05-21 10:23:48,2538.55,156448
2021-05-21 10:23:49,2538.55,156450
2021-05-21 10:23:50,2538.5,156527
2021-05-21 10:23:51,2538.5,156527
2021-05-21 10:23:53,2538.5,156527
2021-05-21 10:23:54,2538.5,156527
2021-05-21 10:23:55,2538.5,156530
2021-05-21 10:23:56,2539.8,156561
2021-05-21 10:23:57,2538.6,156571
2021-05-21 10:23:58,2538.6,156571
2021-05-21 10:23:59,2538.6,156571
2021-05-21 10:24:00,2538.6,156571
2021-05-21 10:24:01,2538.6,156571
2021-05-21 10:24:03,2539.75,156619
2021-05-21 10:24:04,2538.55,156621
2021-05-21 10:24:06,2538.5,156627
2021-05-21 10:24:05,2538.5,156627
2021-05-21 10:24:07,2538.5,156645
2021-05-21 10:24:08,2538.5,156651
2021-05-21 10:24:09,2539.6,156671
2021-05-21 10:24:10,2539.85,156686
2021-05-21 10:24:11,2538.6,156688
2021-05-21 10:24:12,2539.85,156698
2021-05-21 10:24:13,2539.6,156702
2021-05-21 10:24:14,2538.55,156724
2021-05-21 10:24:15,2538.6,156732
2021-05-21 10:24:16,2539.4,156737
2021-05-21 10:24:17,2538.55,156769
2021-05-21 10:24:18,2538.5,156790
2021-05-21 10:24:19,2538.5,156794
2021-05-21 10:24:20,2539.0,156795
2021-05-21 10:24:21,2539.4,156905
2021-05-21 10:24:22,2538.6,156943
2021-05-21 10:24:23,2539.4,157177
2021-05-21 10:24:24,2538.55,157255
2021-05-21 10:24:25,2539.0,157260
2021-05-21 10:24:26,2538.55,157261
2021-05-21 10:24:27,2538.55,157263
2021-05-21 10:24:28,2538.55,157263
2021-05-21 10:24:29,2538.55,157263
2021-05-21 10:24:30,2539.4,157273
2021-05-21 10:24:31,2538.55,157281
2021-05-21 10:24:34,2538.5,157287
2021-05-21 10:24:35,2538.5,157287
2021-05-21 10:24:36,2538.55,157289
2021-05-21 10:24:37,2538.5,157298
2021-05-21 10:24:38,2537.55,157971
2021-05-21 10:24:39,2538.55,158061
2021-05-21 10:24:40,2538.55,158061
2021-05-21 10:24:41,2538.55,158061
2021-05-21 10:24:42,2538.0,158063
2021-05-21 10:24:43,2537.7,158315
2021-05-21 10:24:44,2537.7,158315
2021-05-21 10:24:45,2537.7,158315
2021-05-21 10:24:46,2539.0,158514
2021-05-21 10:24:47,2537.7,158544
2021-05-21 10:24:48,2537.7,158544
2021-05-21 10:24:49,2539.0,158611
2021-05-21 10:24:50,2539.0,158625
2021-05-21 10:24:51,2538.05,158626
2021-05-21 10:24:52,2539.0,158629
2021-05-21 10:24:53,2538.0,158632
2021-05-21 10:24:54,2538.0,158652
2021-05-21 10:24:55,2538.0,158713
2021-05-21 10:24:56,2538.0,158731
2021-05-21 10:24:57,2538.95,158733
2021-05-21 10:24:58,2538.0,158738
2021-05-21 10:24:59,2538.0,158739
2021-05-21 10:25:00,2538.0,158739
2021-05-21 10:25:01,2537.5,158851
2021-05-21 10:25:02,2537.4,158888
2021-05-21 10:25:03,2537.4,158888
2021-05-21 10:25:04,2537.4,158888
2021-05-21 10:25:05,2537.4,158888
2021-05-21 10:25:06,2538.05,158918
2021-05-21 10:25:07,2538.05,158928
2021-05-21 10:25:08,2538.05,158928
2021-05-21 10:25:09,2539.4,159030
2021-05-21 10:25:10,2538.05,159064
2021-05-21 10:25:11,2538.0,159065
2021-05-21 10:25:13,2538.0,159066
2021-05-21 10:25:14,2539.15,159068
2021-05-21 10:25:15,2537.55,159168
2021-05-21 10:25:16,2537.6,159204
2021-05-21 10:25:17,2537.6,159204
2021-05-21 10:25:18,2538.0,159214
2021-05-21 10:25:19,2538.0,159218
2021-05-21 10:25:20,2539.0,159248
2021-05-21 10:25:21,2539.1,159378
2021-05-21 10:25:23,2538.0,159418
2021-05-21 10:25:24,2538.95,159420
2021-05-21 10:25:25,2538.95,159420
2021-05-21 10:25:26,2539.0,159421
2021-05-21 10:25:27,2538.0,159422
2021-05-21 10:25:28,2538.0,159422
2021-05-21 10:25:29,2538.0,159422
2021-05-21 10:25:31,2539.4,159481
2021-05-21 10:25:33,2538.0,159576
2021-05-21 10:25:32,2539.25,159556
2021-05-21 10:25:34,2538.0,159576
2021-05-21 10:25:35,2537.55,159636
2021-05-21 10:25:36,2539.35,159756
2021-05-21 10:25:37,2537.85,159790
2021-05-21 10:25:38,2537.85,159790
2021-05-21 10:25:39,2539.15,159800
2021-05-21 10:25:40,2538.0,159843
2021-05-21 10:25:41,2538.05,159856
2021-05-21 10:25:42,2539.05,159857
2021-05-21 10:25:43,2538.0,159858
2021-05-21 10:25:44,2538.0,159858
2021-05-21 10:25:46,2539.05,159868
2021-05-21 10:25:47,2538.0,159871
2021-05-21 10:25:49,2538.0,159921
2021-05-21 10:25:50,2538.0,159938
2021-05-21 10:25:51,2538.0,159938
2021-05-21 10:25:51,2538.0,159938
2021-05-21 10:25:52,2539.4,160038
2021-05-21 10:25:53,2538.0,160070
2021-05-21 10:25:54,2537.55,160071
2021-05-21 10:25:58,2538.0,160096
2021-05-21 10:25:59,2538.0,160096
2021-05-21 10:26:00,2538.0,160096
2021-05-21 10:26:01,2538.8,160100
2021-05-21 10:26:02,2538.1,160102
2021-05-21 10:26:03,2538.1,160102
2021-05-21 10:26:04,2538.1,160102
2021-05-21 10:26:05,2538.0,160127
2021-05-21 10:26:06,2538.0,160137
2021-05-21 10:26:07,2538.0,160138
2021-05-21 10:26:08,2538.0,160138
2021-05-21 10:26:09,2538.0,160138
2021-05-21 10:26:10,2538.0,160138
2021-05-21 10:26:11,2538.0,160138
2021-05-21 10:26:12,2538.8,160139
2021-05-21 10:26:13,2538.8,160139
2021-05-21 10:26:14,2538.8,160139
2021-05-21 10:26:15,2538.8,160139
2021-05-21 10:26:16,2538.8,160139
2021-05-21 10:26:17,2538.8,160139
2021-05-21 10:26:18,2538.8,160139
2021-05-21 10:26:19,2538.8,160140
2021-05-21 10:26:20,2538.8,160140
2021-05-21 10:26:21,2538.8,160140
2021-05-21 10:26:22,2538.8,160140
2021-05-21 10:26:23,2538.8,160140
2021-05-21 10:26:24,2538.8,160140
2021-05-21 10:26:25,2538.8,160140
2021-05-21 10:26:26,2538.8,160140
2021-05-21 10:26:28,2538.8,160145
2021-05-21 10:26:29,2538.05,160147
2021-05-21 10:26:30,2538.05,160147
2021-05-21 10:26:32,2538.05,160147
2021-05-21 10:26:32,2538.05,160147
2021-05-21 10:26:33,2538.8,160197
2021-05-21 10:26:34,2538.0,160214
2021-05-21 10:26:35,2538.0,160214
2021-05-21 10:26:36,2538.8,160229
2021-05-21 10:26:38,2538.0,160234
2021-05-21 10:26:39,2538.0,160234
2021-05-21 10:26:40,2538.0,160234
2021-05-21 10:26:41,2537.7,161125
2021-05-21 10:26:42,2537.55,161187
2021-05-21 10:26:46,2538.15,161735
2021-05-21 10:26:47,2537.0,161768
2021-05-21 10:26:48,2537.0,161768
2021-05-21 10:26:50,2537.0,161768
2021-05-21 10:26:51,2537.0,161768
2021-05-21 10:26:52,2537.0,161818
2021-05-21 10:26:53,2537.0,161845
2021-05-21 10:26:54,2537.9,161858
2021-05-21 10:26:55,2537.0,161863
2021-05-21 10:26:56,2537.0,161863
2021-05-21 10:26:57,2537.0,161863
2021-05-21 10:26:57,2537.0,161863
2021-05-21 10:26:58,2537.9,161870
2021-05-21 10:26:59,2537.0,161877
2021-05-21 10:27:00,2537.0,161924
2021-05-21 10:27:01,2537.0,161954
2021-05-21 10:27:03,2537.0,161959
2021-05-21 10:27:04,2537.8,161968
2021-05-21 10:27:05,2537.0,161972
2021-05-21 10:27:07,2537.0,161992
2021-05-21 10:27:08,2537.0,161999
2021-05-21 10:27:08,2537.0,161999
2021-05-21 10:27:09,2537.0,162039
2021-05-21 10:27:11,2537.75,162077
2021-05-21 10:27:12,2537.0,162086
2021-05-21 10:27:13,2537.0,162088
2021-05-21 10:27:14,2537.0,162088
2021-05-21 10:27:15,2537.75,162091
2021-05-21 10:27:17,2537.0,162122
2021-05-21 10:27:18,2537.1,162133
2021-05-21 10:27:19,2537.1,162134
2021-05-21 10:27:20,2537.1,162134
2021-05-21 10:27:20,2537.1,162134
2021-05-21 10:27:21,2537.0,162172
2021-05-21 10:27:22,2537.0,162172
2021-05-21 10:27:23,2537.0,162184
2021-05-21 10:27:24,2537.0,162194
2021-05-21 10:27:25,2537.0,162208
2021-05-21 10:27:26,2537.0,162321
2021-05-21 10:27:28,2537.0,162424
2021-05-21 10:27:27,2537.0,162408
2021-05-21 10:27:31,2537.0,162424
2021-05-21 10:27:32,2537.0,162424
2021-05-21 10:27:33,2537.0,162508
2021-05-21 10:27:34,2537.1,162536
2021-05-21 10:27:35,2537.1,162536
2021-05-21 10:27:36,2537.0,162789
2021-05-21 10:27:37,2537.5,162882
2021-05-21 10:27:38,2537.0,162984
2021-05-21 10:27:39,2537.5,163038
2021-05-21 10:27:40,2537.0,163044
2021-05-21 10:27:42,2537.0,163044
2021-05-21 10:27:43,2537.0,163044
2021-05-21 10:27:44,2537.5,163084
2021-05-21 10:27:44,2537.0,163124
2021-05-21 10:27:45,2537.0,163561
2021-05-21 10:27:46,2537.0,163698
2021-05-21 10:27:47,2537.0,163699
2021-05-21 10:27:48,2537.0,163714
2021-05-21 10:27:49,2537.0,164038
2021-05-21 10:27:50,2536.3,164043
2021-05-21 10:27:52,2536.3,164157
2021-05-21 10:27:52,2536.05,164172
2021-05-21 10:27:54,2537.0,164176
2021-05-21 10:27:55,2536.05,164182
2021-05-21 10:27:56,2536.05,164182
2021-05-21 10:27:57,2536.05,164182
2021-05-21 10:27:58,2537.0,164183
2021-05-21 10:27:58,2537.0,164183
2021-05-21 10:27:59,2536.0,164313
2021-05-21 10:28:00,2536.05,164366
2021-05-21 10:28:01,2536.05,164370
2021-05-21 10:28:03,2535.0,165304
2021-05-21 10:28:04,2535.0,165645
2021-05-21 10:28:05,2535.0,165755
2021-05-21 10:28:06,2535.0,165821
2021-05-21 10:28:07,2535.1,165832
2021-05-21 10:28:08,2535.1,165832
2021-05-21 10:28:09,2535.1,165882
2021-05-21 10:28:10,2535.1,165940
2021-05-21 10:28:11,2535.1,165959
2021-05-21 10:28:11,2535.1,165959
2021-05-21 10:28:12,2535.1,165960
2021-05-21 10:28:13,2535.1,165960
2021-05-21 10:28:14,2535.1,165960
2021-05-21 10:28:15,2535.1,166000
2021-05-21 10:28:16,2535.1,166014
2021-05-21 10:28:17,2535.1,166014
2021-05-21 10:28:19,2535.1,166014
2021-05-21 10:28:20,2536.0,166015
2021-05-21 10:28:21,2536.0,166015
2021-05-21 10:28:23,2535.1,166025
2021-05-21 10:28:24,2535.1,166028
2021-05-21 10:28:25,2535.1,166028
2021-05-21 10:28:26,2535.1,166028
2021-05-21 10:28:27,2535.1,166028
2021-05-21 10:28:28,2535.1,166028
2021-05-21 10:28:29,2535.1,166028
2021-05-21 10:28:30,2535.1,166028
2021-05-21 10:28:32,2535.1,166097
2021-05-21 10:28:33,2536.5,167762
2021-05-21 10:28:34,2536.15,167992
2021-05-21 10:28:35,2536.15,168343
2021-05-21 10:28:36,2536.1,168352
2021-05-21 10:28:37,2536.1,168352
2021-05-21 10:28:39,2536.1,168353
2021-05-21 10:28:39,2536.1,168353
2021-05-21 10:28:41,2536.1,168354
2021-05-21 10:28:42,2537.9,168454
2021-05-21 10:28:43,2536.15,168487
2021-05-21 10:28:44,2536.15,168487
2021-05-21 10:28:45,2536.15,168487
2021-05-21 10:28:46,2536.15,168517
2021-05-21 10:28:47,2536.15,168527
2021-05-21 10:28:48,2537.9,168530
2021-05-21 10:28:49,2536.2,168531
2021-05-21 10:28:50,2537.9,168622
2021-05-21 10:28:51,2536.3,168652
2021-05-21 10:28:52,2536.3,168652
2021-05-21 10:28:53,2536.3,168652
2021-05-21 10:28:53,2536.3,168652
2021-05-21 10:28:54,2536.3,168652
2021-05-21 10:28:56,2536.4,168988
2021-05-21 10:28:56,2536.4,168988
2021-05-21 10:28:57,2536.9,169100
2021-05-21 10:28:58,2537.85,169101
2021-05-21 10:28:59,2537.75,169102
2021-05-21 10:29:00,2537.75,169102
2021-05-21 10:29:01,2537.75,169102
2021-05-21 10:29:02,2537.9,169107
2021-05-21 10:29:03,2537.9,169127
2021-05-21 10:29:04,2536.6,169152
2021-05-21 10:29:06,2536.6,169160
2021-05-21 10:29:07,2536.5,169166
2021-05-21 10:29:08,2536.5,169168
2021-05-21 10:29:09,2536.5,169168
2021-05-21 10:29:10,2536.5,169168
2021-05-21 10:29:11,2537.55,169171
2021-05-21 10:29:11,2537.55,169171
2021-05-21 10:29:12,2536.5,169172
2021-05-21 10:29:13,2536.5,169172
2021-05-21 10:29:14,2536.5,169172
2021-05-21 10:29:15,2536.5,169173
2021-05-21 10:29:16,2536.5,169174
2021-05-21 10:29:18,2536.5,169174
2021-05-21 10:29:20,2536.5,169190
2021-05-21 10:29:21,2536.5,169190
2021-05-21 10:29:21,2536.5,169202
2021-05-21 10:29:22,2536.5,169206
2021-05-21 10:29:23,2536.5,169206
2021-05-21 10:29:25,2536.5,169206
2021-05-21 10:29:27,2537.5,169207
2021-05-21 10:29:28,2537.5,169207
2021-05-21 10:29:29,2537.5,169207
2021-05-21 10:29:30,2537.5,169207
2021-05-21 10:29:32,2537.5,169207
2021-05-21 10:29:33,2537.5,169212
2021-05-21 10:29:34,2536.5,169214
2021-05-21 10:29:34,2536.5,169214
2021-05-21 10:29:35,2536.5,169214
2021-05-21 10:29:36,2536.5,169214
2021-05-21 10:29:38,2538.0,169724
2021-05-21 10:29:38,2538.0,169724
2021-05-21 10:29:39,2537.0,169896
2021-05-21 10:29:41,2537.0,169896
2021-05-21 10:29:41,2537.0,169896
2021-05-21 10:29:42,2537.0,169896
2021-05-21 10:29:43,2537.0,169897
2021-05-21 10:29:44,2537.0,169955
2021-05-21 10:29:45,2537.0,170161
2021-05-21 10:29:47,2536.6,170164
2021-05-21 10:29:47,2536.6,170164
2021-05-21 10:29:48,2536.6,170243
2021-05-21 10:29:49,2536.7,170250
2021-05-21 10:29:51,2536.7,170258
2021-05-21 10:29:51,2536.7,170258
2021-05-21 10:29:52,2536.5,170263
2021-05-21 10:29:54,2536.5,170266
2021-05-21 10:29:55,2536.5,170267
2021-05-21 10:29:56,2536.5,170267
2021-05-21 10:29:56,2536.5,170267
2021-05-21 10:29:57,2536.5,170267
2021-05-21 10:29:59,2536.5,170299
2021-05-21 10:30:00,2536.5,170310
2021-05-21 10:30:01,2536.5,170310
2021-05-21 10:30:02,2538.0,170421
2021-05-21 10:30:02,2538.0,170463
2021-05-21 10:30:03,2537.0,170514
2021-05-21 10:30:04,2538.0,170772
2021-05-21 10:30:05,2537.0,170863
2021-05-21 10:30:06,2536.75,170864
2021-05-21 10:30:07,2536.75,170864
2021-05-21 10:30:08,2536.75,170864
2021-05-21 10:30:09,2536.75,170864
2021-05-21 10:30:10,2536.75,170864
2021-05-21 10:30:11,2536.75,170864
2021-05-21 10:30:12,2538.0,170965
2021-05-21 10:30:13,2536.8,170999
2021-05-21 10:30:14,2536.8,170999
2021-05-21 10:30:16,2536.8,170999
2021-05-21 10:30:16,2536.8,170999
2021-05-21 10:30:17,2536.8,170999
2021-05-21 10:30:18,2536.8,170999
2021-05-21 10:30:19,2536.8,170999
2021-05-21 10:30:20,2536.8,170999
2021-05-21 10:30:21,2536.8,170999
2021-05-21 10:30:23,2536.8,170999
2021-05-21 10:30:23,2536.8,170999
2021-05-21 10:30:24,2536.8,170999
2021-05-21 10:30:26,2538.3,172218
2021-05-21 10:30:27,2537.75,172624
2021-05-21 10:30:28,2542.65,173601
2021-05-21 10:30:34,2537.85,173927
2021-05-21 10:30:35,2537.85,173927
2021-05-21 10:30:37,2537.85,173927
2021-05-21 10:30:38,2539.5,173943
2021-05-21 10:30:40,2539.5,173968
2021-05-21 10:30:41,2538.25,173975
2021-05-21 10:30:42,2539.5,173995
2021-05-21 10:30:43,2539.9,174045
2021-05-21 10:30:44,2539.05,174049
2021-05-21 10:30:45,2539.0,174055
2021-05-21 10:30:46,2538.45,174068
2021-05-21 10:30:47,2538.45,174068
2021-05-21 10:30:48,2538.45,174068
2021-05-21 10:30:50,2539.0,174088
2021-05-21 10:30:51,2539.0,174095
2021-05-21 10:30:52,2539.0,174095
2021-05-21 10:30:53,2539.4,174100
2021-05-21 10:30:54,2539.4,174100
2021-05-21 10:30:54,2539.4,174100
2021-05-21 10:30:55,2539.0,174102
2021-05-21 10:30:56,2539.0,174102
2021-05-21 10:30:57,2539.0,174102
2021-05-21 10:30:58,2539.5,174109
2021-05-21 10:30:59,2539.0,174111
2021-05-21 10:31:00,2539.0,174433
2021-05-21 10:31:01,2538.0,174497
2021-05-21 10:31:02,2537.55,174555
2021-05-21 10:31:03,2537.05,174560
2021-05-21 10:31:04,2537.0,174584
2021-05-21 10:31:05,2537.5,174602
2021-05-21 10:31:06,2537.0,174603
2021-05-21 10:31:07,2537.0,174603
2021-05-21 10:31:08,2537.0,174603
2021-05-21 10:31:09,2537.0,174603
2021-05-21 10:31:11,2537.0,174603
2021-05-21 10:31:13,2537.0,174603
2021-05-21 10:31:14,2537.0,174603
2021-05-21 10:31:15,2535.1,176603
2021-05-21 10:31:16,2535.95,177270
2021-05-21 10:31:17,2535.95,177270
2021-05-21 10:31:18,2535.95,177270
2021-05-21 10:31:19,2535.95,177270
2021-05-21 10:31:20,2535.35,177282
2021-05-21 10:31:20,2535.35,177282
2021-05-21 10:31:21,2536.6,177312
2021-05-21 10:31:23,2535.3,177320
2021-05-21 10:31:24,2536.45,177321
2021-05-21 10:31:25,2535.95,177322
2021-05-21 10:31:26,2535.95,177322
2021-05-21 10:31:27,2535.95,177322
2021-05-21 10:31:29,2535.95,177322
2021-05-21 10:31:30,2535.95,177322
2021-05-21 10:31:31,2536.55,177327
2021-05-21 10:31:32,2535.95,177328
2021-05-21 10:31:33,2535.95,177328
2021-05-21 10:31:34,2536.75,177329
2021-05-21 10:31:35,2536.05,177330
2021-05-21 10:31:36,2536.05,177330
2021-05-21 10:31:37,2536.05,177330
2021-05-21 10:31:38,2536.05,177330
2021-05-21 10:31:39,2536.05,177330
2021-05-21 10:31:40,2536.05,177330
2021-05-21 10:31:41,2536.05,177330
2021-05-21 10:31:42,2536.75,177332
2021-05-21 10:31:43,2536.75,177332
2021-05-21 10:31:44,2536.75,177332
2021-05-21 10:31:45,2536.75,177332
2021-05-21 10:31:47,2536.75,177332
2021-05-21 10:31:48,2536.75,177332
2021-05-21 10:31:49,2536.75,177332
2021-05-21 10:31:50,2536.75,177334
2021-05-21 10:31:51,2536.75,177335
2021-05-21 10:31:52,2538.85,178035
2021-05-21 10:31:53,2536.8,178039
2021-05-21 10:31:54,2536.75,178055
2021-05-21 10:31:55,2536.25,178073
2021-05-21 10:31:56,2536.05,178093
2021-05-21 10:31:58,2536.0,178268
2021-05-21 10:31:59,2537.05,178288
2021-05-21 10:32:00,2536.3,178295
2021-05-21 10:32:01,2536.3,178295
2021-05-21 10:32:02,2536.3,178305
2021-05-21 10:32:02,2536.3,178305
2021-05-21 10:32:03,2536.25,178308
2021-05-21 10:32:05,2536.25,178308
2021-05-21 10:32:06,2536.75,178310
2021-05-21 10:32:07,2536.3,178311
2021-05-21 10:32:07,2536.3,178311
2021-05-21 10:32:08,2537.0,178312
2021-05-21 10:32:09,2536.0,178512
2021-05-21 10:32:10,2536.05,178542
2021-05-21 10:32:12,2536.0,178575
2021-05-21 10:32:13,2536.95,178583
2021-05-21 10:32:14,2535.4,178633
2021-05-21 10:32:15,2535.5,178634
2021-05-21 10:32:16,2535.5,178701
2021-05-21 10:32:17,2535.5,178718
2021-05-21 10:32:20,2535.55,178723
2021-05-21 10:32:21,2535.55,178723
2021-05-21 10:32:23,2535.3,178963
2021-05-21 10:32:24,2535.3,178980
2021-05-21 10:32:25,2535.3,179093
2021-05-21 10:32:25,2535.3,179093
2021-05-21 10:32:27,2535.35,179110
2021-05-21 10:32:28,2535.35,179130
2021-05-21 10:32:29,2535.35,179136
2021-05-21 10:32:30,2535.35,179136
2021-05-21 10:32:31,2535.35,179136
2021-05-21 10:32:32,2535.35,179136
2021-05-21 10:32:33,2535.35,179139
2021-05-21 10:32:34,2535.35,179140
2021-05-21 10:32:35,2535.35,179157
2021-05-21 10:32:36,2535.3,179163
2021-05-21 10:32:36,2535.3,179214
2021-05-21 10:32:38,2536.5,179315
2021-05-21 10:32:39,2535.15,179343
2021-05-21 10:32:39,2535.15,179343
2021-05-21 10:32:40,2536.4,179345
2021-05-21 10:32:42,2535.1,179346
2021-05-21 10:32:43,2535.4,179392
2021-05-21 10:32:44,2535.4,179407
2021-05-21 10:32:45,2535.4,179407
2021-05-21 10:32:46,2535.2,179437
2021-05-21 10:32:47,2535.2,179447
2021-05-21 10:32:48,2535.2,179447
2021-05-21 10:32:49,2535.25,179452
2021-05-21 10:32:50,2535.25,179454
2021-05-21 10:32:51,2535.25,179454
2021-05-21 10:32:51,2535.25,179454
2021-05-21 10:32:53,2535.25,179454
2021-05-21 10:32:54,2536.4,179469
2021-05-21 10:32:55,2535.3,179479
2021-05-21 10:32:56,2535.25,179480
2021-05-21 10:32:57,2535.25,179500
2021-05-21 10:32:58,2535.25,179507
2021-05-21 10:32:59,2535.25,179507
2021-05-21 10:33:00,2535.25,179546
2021-05-21 10:33:01,2535.25,179559
2021-05-21 10:33:02,2535.25,179569
2021-05-21 10:33:03,2535.25,179572
2021-05-21 10:33:04,2535.25,179572
2021-05-21 10:33:05,2535.25,179572
2021-05-21 10:33:06,2535.25,179572
2021-05-21 10:33:08,2535.3,179573
2021-05-21 10:33:09,2535.3,179574
2021-05-21 10:33:10,2535.3,179574
2021-05-21 10:33:11,2535.3,179574
2021-05-21 10:33:12,2535.3,179604
2021-05-21 10:33:13,2535.3,179614
2021-05-21 10:33:14,2535.3,179614
2021-05-21 10:33:15,2535.3,179614
2021-05-21 10:33:17,2535.3,179614
2021-05-21 10:33:18,2536.5,179615
2021-05-21 10:33:19,2536.5,179616
2021-05-21 10:33:20,2536.5,179617
2021-05-21 10:33:20,2536.5,179617
2021-05-21 10:33:21,2535.35,179618
2021-05-21 10:33:22,2535.35,179618
2021-05-21 10:33:24,2536.6,179668
2021-05-21 10:33:25,2535.4,179684
2021-05-21 10:33:26,2535.4,179719
2021-05-21 10:33:27,2536.85,179732
2021-05-21 10:33:28,2536.85,179732
2021-05-21 10:33:29,2536.85,179732
2021-05-21 10:33:30,2536.85,179732
2021-05-21 10:33:31,2536.85,179734
2021-05-21 10:33:32,2536.0,179735
2021-05-21 10:33:33,2537.0,179746
2021-05-21 10:33:34,2536.05,179750
2021-05-21 10:33:35,2536.05,179752
2021-05-21 10:33:36,2536.05,179752
2021-05-21 10:33:37,2536.05,179752
2021-05-21 10:33:38,2536.95,179753
2021-05-21 10:33:39,2536.0,179761
2021-05-21 10:33:40,2536.0,179762
2021-05-21 10:33:41,2536.0,179764
2021-05-21 10:33:42,2536.0,179764
2021-05-21 10:33:43,2536.0,179764
2021-05-21 10:33:44,2536.0,179764
2021-05-21 10:33:45,2536.0,179764
2021-05-21 10:33:46,2536.0,179764
2021-05-21 10:33:47,2537.0,179814
2021-05-21 10:33:48,2536.0,179931
2021-05-21 10:33:50,2536.0,179968
2021-05-21 10:33:49,2536.0,179964
2021-05-21 10:33:51,2536.0,179970
2021-05-21 10:33:52,2536.0,179970
2021-05-21 10:33:53,2536.0,179970
2021-05-21 10:33:54,2536.0,179970
2021-05-21 10:33:55,2536.0,179970
2021-05-21 10:33:56,2537.2,180006
2021-05-21 10:33:57,2536.1,180018
2021-05-21 10:33:58,2536.1,180018
2021-05-21 10:33:59,2536.1,180018
2021-05-21 10:34:00,2536.1,180018
2021-05-21 10:34:01,2536.1,180018
2021-05-21 10:34:02,2537.65,180028
2021-05-21 10:34:03,2536.4,180031
2021-05-21 10:34:04,2536.4,180031
2021-05-21 10:34:05,2536.4,180031
2021-05-21 10:34:06,2536.4,180031
2021-05-21 10:34:07,2536.4,180031
2021-05-21 10:34:08,2537.95,180036
2021-05-21 10:34:09,2536.4,180038
2021-05-21 10:34:11,2536.4,180038
2021-05-21 10:34:12,2536.4,180038
2021-05-21 10:34:14,2536.4,180038
2021-05-21 10:34:15,2536.4,180038
2021-05-21 10:34:16,2536.4,180038
2021-05-21 10:34:17,2537.15,180039
2021-05-21 10:34:18,2537.15,180039
2021-05-21 10:34:19,2537.15,180039
2021-05-21 10:34:21,2536.3,180044
2021-05-21 10:34:20,2537.25,180043
2021-05-21 10:34:22,2536.3,180044
2021-05-21 10:34:23,2536.3,180044
2021-05-21 10:34:24,2536.3,180044
2021-05-21 10:34:25,2536.3,180044
2021-05-21 10:34:27,2536.3,180044
2021-05-21 10:34:28,2536.3,180044
2021-05-21 10:34:29,2537.7,180121
2021-05-21 10:34:30,2536.35,180147
2021-05-21 10:34:31,2536.35,180147
2021-05-21 10:34:32,2536.35,180147
2021-05-21 10:34:33,2536.35,180147
2021-05-21 10:34:34,2536.35,180147
2021-05-21 10:34:35,2536.35,180147
2021-05-21 10:34:36,2536.35,180147
2021-05-21 10:34:37,2536.35,180147
2021-05-21 10:34:38,2537.0,180149
2021-05-21 10:34:39,2536.3,180160
2021-05-21 10:34:40,2536.0,180272
2021-05-21 10:34:41,2536.0,180275
2021-05-21 10:34:42,2536.0,180306
2021-05-21 10:34:43,2535.55,180312
2021-05-21 10:34:44,2535.55,180312
2021-05-21 10:34:45,2535.55,180362
2021-05-21 10:34:46,2535.55,180370
2021-05-21 10:34:48,2535.5,180379
2021-05-21 10:34:49,2535.35,180412
2021-05-21 10:34:50,2535.35,180423
2021-05-21 10:34:51,2535.35,180423
2021-05-21 10:34:52,2535.35,180423
2021-05-21 10:34:53,2536.75,180473
2021-05-21 10:34:54,2536.0,180490
2021-05-21 10:34:55,2536.0,180490
2021-05-21 10:34:56,2536.0,180536
2021-05-21 10:34:57,2536.0,180551
2021-05-21 10:34:58,2536.0,180551
2021-05-21 10:34:59,2536.0,180551
2021-05-21 10:35:00,2536.0,180551
2021-05-21 10:35:02,2536.0,180551
2021-05-21 10:35:03,2535.35,180651
2021-05-21 10:35:04,2535.35,180662
2021-05-21 10:35:05,2535.3,180684
2021-05-21 10:35:06,2535.3,180684
2021-05-21 10:35:07,2535.3,180684
2021-05-21 10:35:08,2535.3,180684
2021-05-21 10:35:09,2532.75,183945
2021-05-21 10:35:10,2532.35,184010
2021-05-21 10:35:11,2532.35,184010
2021-05-21 10:35:12,2532.35,184010
2021-05-21 10:35:13,2532.35,184010
2021-05-21 10:35:14,2532.0,184131
2021-05-21 10:35:15,2532.0,184131
2021-05-21 10:35:16,2532.0,184131
2021-05-21 10:35:17,2532.0,184131
2021-05-21 10:35:18,2532.25,184231
2021-05-21 10:35:19,2532.25,184231
2021-05-21 10:35:21,2533.55,184237
2021-05-21 10:35:22,2532.05,184240
2021-05-21 10:35:23,2532.05,184240
2021-05-21 10:35:25,2533.25,184255
2021-05-21 10:35:26,2533.25,184255
2021-05-21 10:35:27,2532.2,184265
2021-05-21 10:35:29,2532.15,184286
2021-05-21 10:35:28,2532.15,184286
2021-05-21 10:35:30,2533.0,184392
2021-05-21 10:35:31,2533.15,184492
2021-05-21 10:35:32,2532.0,184502
2021-05-21 10:35:33,2533.0,184507
2021-05-21 10:35:34,2533.0,184507
2021-05-21 10:35:36,2533.0,184589
2021-05-21 10:35:37,2533.0,184589
2021-05-21 10:35:37,2532.0,184689
2021-05-21 10:35:38,2532.0,184689
2021-05-21 10:35:39,2532.0,184689
2021-05-21 10:35:40,2533.0,184699
2021-05-21 10:35:41,2532.05,184700
2021-05-21 10:35:42,2532.05,184701
2021-05-21 10:35:43,2532.05,184701
2021-05-21 10:35:44,2532.9,184702
2021-05-21 10:35:45,2532.9,184702
2021-05-21 10:35:46,2532.8,185122
2021-05-21 10:35:47,2532.8,185122
2021-05-21 10:35:48,2531.0,185400
2021-05-21 10:35:49,2531.0,185400
2021-05-21 10:35:51,2528.1,189901
2021-05-21 10:35:50,2529.2,189861
2021-05-21 10:35:52,2529.6,189953
2021-05-21 10:35:54,2527.55,189984
2021-05-21 10:35:54,2527.55,189984
2021-05-21 10:35:56,2530.2,190668
2021-05-21 10:35:56,2530.2,190668
2021-05-21 10:35:57,2529.1,190815
2021-05-21 10:35:58,2532.1,191344
2021-05-21 10:35:59,2534.0,191813
2021-05-21 10:36:01,2532.6,191823
2021-05-21 10:36:01,2532.6,191823
2021-05-21 10:36:02,2532.65,191847
2021-05-21 10:36:03,2532.65,191847
2021-05-21 10:36:04,2532.3,191850
2021-05-21 10:36:05,2532.3,191850
2021-05-21 10:36:06,2533.0,191857
2021-05-21 10:36:07,2533.85,191877
2021-05-21 10:36:08,2533.85,191877
2021-05-21 10:36:09,2533.85,191877
2021-05-21 10:36:10,2533.85,191897
2021-05-21 10:36:11,2533.85,191898
2021-05-21 10:36:12,2533.7,192008
2021-05-21 10:36:13,2533.7,192013
2021-05-21 10:36:15,2533.1,192087
2021-05-21 10:36:15,2533.1,192087
2021-05-21 10:36:16,2533.5,192099
2021-05-21 10:36:17,2533.1,192209
2021-05-21 10:36:18,2533.1,192209
2021-05-21 10:36:19,2533.1,192209
2021-05-21 10:36:20,2533.1,192209
2021-05-21 10:36:21,2533.1,192209
2021-05-21 10:36:22,2533.1,192209
2021-05-21 10:36:23,2533.1,192259
2021-05-21 10:36:24,2533.85,192261
2021-05-21 10:36:25,2532.9,192353
2021-05-21 10:36:26,2533.65,192362
2021-05-21 10:36:27,2533.65,192399
2021-05-21 10:36:28,2532.65,192400
2021-05-21 10:36:29,2533.65,192422
2021-05-21 10:36:30,2532.5,192615
2021-05-21 10:36:31,2532.5,192625
2021-05-21 10:36:32,2532.5,192625
2021-05-21 10:36:33,2532.5,192625
2021-05-21 10:36:34,2532.5,192675
2021-05-21 10:36:35,2532.5,192675
2021-05-21 10:36:36,2533.0,192720
2021-05-21 10:36:37,2533.7,192920
2021-05-21 10:36:39,2533.5,192950
2021-05-21 10:36:40,2532.55,192951
2021-05-21 10:36:41,2532.55,192951
2021-05-21 10:36:44,2532.55,192951
2021-05-21 10:36:44,2532.5,193016
2021-05-21 10:36:45,2532.5,193016
2021-05-21 10:36:47,2532.5,193016
2021-05-21 10:36:47,2532.5,193016
2021-05-21 10:36:48,2532.5,193016
2021-05-21 10:36:49,2532.5,193016
2021-05-21 10:36:50,2533.5,193021
2021-05-21 10:36:51,2533.5,193021
2021-05-21 10:36:52,2533.5,193021
2021-05-21 10:36:54,2533.5,193021
2021-05-21 10:36:54,2532.5,193121
2021-05-21 10:36:55,2532.5,193121
2021-05-21 10:36:56,2533.0,193126
2021-05-21 10:36:58,2532.15,193146
2021-05-21 10:36:58,2532.15,193146
2021-05-21 10:36:59,2532.15,193147
2021-05-21 10:37:00,2532.15,193147
2021-05-21 10:37:01,2532.15,193147
2021-05-21 10:37:02,2533.0,193442
2021-05-21 10:37:03,2533.0,193442
2021-05-21 10:37:04,2533.0,193442
2021-05-21 10:37:05,2533.0,193442
2021-05-21 10:37:06,2533.0,193442
2021-05-21 10:37:08,2532.15,193547
2021-05-21 10:37:08,2532.15,193547
2021-05-21 10:37:09,2533.15,193551
2021-05-21 10:37:10,2532.0,193749
2021-05-21 10:37:12,2532.75,193781
2021-05-21 10:37:13,2532.75,193781
2021-05-21 10:37:15,2532.75,193786
2021-05-21 10:37:16,2532.75,193786
2021-05-21 10:37:17,2532.0,193838
2021-05-21 10:37:18,2532.0,193838
2021-05-21 10:37:19,2532.0,193853
2021-05-21 10:37:20,2531.0,193878
2021-05-21 10:37:22,2532.0,193898
2021-05-21 10:37:22,2532.65,193900
2021-05-21 10:37:23,2530.95,194203
2021-05-21 10:37:24,2532.35,194208
2021-05-21 10:37:25,2532.0,194233
2021-05-21 10:37:26,2532.6,194254
2021-05-21 10:37:28,2532.0,194290
2021-05-21 10:37:28,2532.0,194290
2021-05-21 10:37:30,2532.0,194290
2021-05-21 10:37:30,2532.0,194290
2021-05-21 10:37:31,2532.0,194290
2021-05-21 10:37:32,2531.75,194300
2021-05-21 10:37:34,2531.75,194302
2021-05-21 10:37:36,2531.75,194302
2021-05-21 10:37:35,2531.75,194302
2021-05-21 10:37:37,2531.75,194302
2021-05-21 10:37:38,2532.15,194353
2021-05-21 10:37:39,2532.15,194353
2021-05-21 10:37:40,2532.45,194368
2021-05-21 10:37:41,2532.45,194368
2021-05-21 10:37:42,2532.45,194368
2021-05-21 10:37:43,2531.8,194371
2021-05-21 10:37:44,2531.8,194371
2021-05-21 10:37:45,2532.7,194413
2021-05-21 10:37:46,2532.7,194413
2021-05-21 10:37:47,2532.7,194413
2021-05-21 10:37:48,2533.0,194713
2021-05-21 10:37:49,2533.2,195900
2021-05-21 10:37:50,2533.2,195900
2021-05-21 10:37:51,2533.2,195900
2021-05-21 10:37:52,2533.2,195900
2021-05-21 10:37:53,2531.75,195930
2021-05-21 10:37:54,2532.55,198285
2021-05-21 10:37:55,2532.85,198610
2021-05-21 10:37:56,2535.0,199667
2021-05-21 10:37:57,2533.65,199981
2021-05-21 10:37:58,2533.65,200052
2021-05-21 10:38:00,2533.65,200052
2021-05-21 10:38:01,2533.65,200052
2021-05-21 10:38:02,2533.65,200052
2021-05-21 10:38:03,2533.65,200052
2021-05-21 10:38:04,2533.65,200052
2021-05-21 10:38:04,2533.65,200052
2021-05-21 10:38:05,2534.3,200053
2021-05-21 10:38:06,2532.95,200063
2021-05-21 10:38:07,2532.95,200063
2021-05-21 10:38:08,2531.75,200263
2021-05-21 10:38:09,2531.75,200263
2021-05-21 10:38:10,2531.75,200263
2021-05-21 10:38:11,2533.55,200274
2021-05-21 10:38:12,2533.55,200274
2021-05-21 10:38:13,2531.75,200534
2021-05-21 10:38:14,2531.75,200534
2021-05-21 10:38:15,2532.85,200560
2021-05-21 10:38:16,2531.8,200561
2021-05-21 10:38:18,2531.75,200581
2021-05-21 10:38:19,2531.75,200583
2021-05-21 10:38:20,2532.55,200591
2021-05-21 10:38:21,2533.0,200633
2021-05-21 10:38:22,2533.0,200635
2021-05-21 10:38:23,2533.0,200635
2021-05-21 10:38:23,2533.0,200635
2021-05-21 10:38:24,2532.95,200688
2021-05-21 10:38:25,2532.95,200688
2021-05-21 10:38:26,2532.95,200688
2021-05-21 10:38:27,2532.95,200688
2021-05-21 10:38:28,2532.95,200698
2021-05-21 10:38:30,2532.9,200713
2021-05-21 10:38:31,2532.9,200713
2021-05-21 10:38:33,2532.9,200713
2021-05-21 10:38:33,2533.0,200743
2021-05-21 10:38:34,2533.0,200743
2021-05-21 10:38:35,2533.0,200743
2021-05-21 10:38:37,2533.0,200743
2021-05-21 10:38:38,2533.0,200743
2021-05-21 10:38:39,2533.0,200750
2021-05-21 10:38:40,2533.0,200750
2021-05-21 10:38:42,2535.0,200902
2021-05-21 10:38:43,2535.0,200902
2021-05-21 10:38:43,2535.0,200902
2021-05-21 10:38:45,2534.05,200932
2021-05-21 10:38:46,2533.45,200982
2021-05-21 10:38:47,2535.0,201032
2021-05-21 10:38:47,2535.0,201032
2021-05-21 10:38:48,2535.0,201032
2021-05-21 10:38:49,2535.0,201032
2021-05-21 10:38:50,2533.75,201052
2021-05-21 10:38:51,2534.0,201057
2021-05-21 10:38:52,2534.0,201057
2021-05-21 10:38:53,2534.0,201059
2021-05-21 10:38:54,2533.0,201441
2021-05-21 10:38:55,2533.0,201441
2021-05-21 10:38:57,2533.0,201479
2021-05-21 10:38:58,2533.0,201479
2021-05-21 10:38:59,2533.0,201479
2021-05-21 10:39:00,2533.0,201479
2021-05-21 10:39:01,2533.0,201561
2021-05-21 10:39:01,2533.0,201561
2021-05-21 10:39:02,2533.0,201621
2021-05-21 10:39:03,2533.0,201631
2021-05-21 10:39:04,2533.0,201631
2021-05-21 10:39:05,2533.0,201631
2021-05-21 10:39:06,2533.0,201631
2021-05-21 10:39:07,2533.0,201631
2021-05-21 10:39:08,2533.0,201631
2021-05-21 10:39:09,2533.0,201631
2021-05-21 10:39:11,2533.0,201631
2021-05-21 10:39:12,2533.0,201651
2021-05-21 10:39:13,2533.0,201851
2021-05-21 10:39:14,2533.0,201851
2021-05-21 10:39:14,2533.0,201851
2021-05-21 10:39:15,2533.0,201851
2021-05-21 10:39:16,2533.0,201851
2021-05-21 10:39:17,2533.0,201851
2021-05-21 10:39:18,2533.0,201851
2021-05-21 10:39:20,2533.0,201860
2021-05-21 10:39:21,2533.0,201880
2021-05-21 10:39:22,2533.0,201920
2021-05-21 10:39:23,2533.0,201920
2021-05-21 10:39:23,2533.0,201920
2021-05-21 10:39:24,2533.0,201920
2021-05-21 10:39:25,2533.0,201920
2021-05-21 10:39:26,2533.0,201921
2021-05-21 10:39:29,2533.0,201921
2021-05-21 10:39:29,2533.0,201921
2021-05-21 10:39:31,2532.1,201946
2021-05-21 10:39:32,2532.0,202342
2021-05-21 10:39:33,2532.0,202342
2021-05-21 10:39:35,2533.5,202392
2021-05-21 10:39:35,2533.5,202392
2021-05-21 10:39:36,2532.1,202402
2021-05-21 10:39:38,2532.1,202409
2021-05-21 10:39:41,2532.1,202409
2021-05-21 10:39:42,2532.05,202410
2021-05-21 10:39:43,2532.05,202410
2021-05-21 10:39:44,2532.05,202410
2021-05-21 10:39:45,2532.05,202410
2021-05-21 10:39:45,2532.05,202410
2021-05-21 10:39:46,2532.05,202410
2021-05-21 10:39:48,2532.0,202963
2021-05-21 10:39:48,2532.0,202963
2021-05-21 10:39:49,2532.0,202963
2021-05-21 10:39:50,2532.9,203053
2021-05-21 10:39:52,2532.9,203053
2021-05-21 10:39:53,2531.9,203093
2021-05-21 10:39:55,2532.9,203195
2021-05-21 10:39:56,2533.15,203225
2021-05-21 10:39:58,2533.15,203225
2021-05-21 10:39:59,2532.0,203227
2021-05-21 10:39:59,2532.0,203227
2021-05-21 10:40:01,2532.0,203232
2021-05-21 10:40:01,2532.0,203232
2021-05-21 10:40:02,2532.0,203247
2021-05-21 10:40:03,2532.0,203247
2021-05-21 10:40:04,2532.0,203247
2021-05-21 10:40:06,2532.95,203248
2021-05-21 10:40:07,2532.05,203249
2021-05-21 10:40:08,2532.0,203264
2021-05-21 10:40:09,2532.0,203264
2021-05-21 10:40:10,2532.95,203265
2021-05-21 10:40:11,2532.95,203265
2021-05-21 10:40:12,2532.95,203265
2021-05-21 10:40:13,2532.95,203265
2021-05-21 10:40:13,2532.95,203265
2021-05-21 10:40:14,2533.0,203266
2021-05-21 10:40:15,2532.9,203281
2021-05-21 10:40:16,2532.0,203291
2021-05-21 10:40:17,2533.0,203301
2021-05-21 10:40:18,2532.0,203303
2021-05-21 10:40:20,2532.0,203303
2021-05-21 10:40:20,2532.0,203303
2021-05-21 10:40:21,2532.0,203303
2021-05-21 10:40:24,2532.05,203313
2021-05-21 10:40:24,2532.05,203313
2021-05-21 10:40:25,2532.05,203313
2021-05-21 10:40:26,2532.05,203313
2021-05-21 10:40:28,2533.0,203328
2021-05-21 10:40:29,2533.0,203333
2021-05-21 10:40:30,2533.0,203333
2021-05-21 10:40:31,2533.15,203357
2021-05-21 10:40:33,2533.15,203368
2021-05-21 10:40:33,2533.15,203368
2021-05-21 10:40:34,2532.05,203383
2021-05-21 10:40:35,2532.05,203383
2021-05-21 10:40:37,2532.05,203383
2021-05-21 10:40:39,2532.05,203383
2021-05-21 10:40:40,2532.05,203383
2021-05-21 10:40:41,2532.05,203383
2021-05-21 10:40:42,2533.65,203583
2021-05-21 10:40:43,2533.65,203583
2021-05-21 10:40:44,2534.0,203617
2021-05-21 10:40:44,2534.0,203635
2021-05-21 10:40:45,2534.0,203888
2021-05-21 10:40:46,2534.5,203893
2021-05-21 10:40:48,2534.5,203893
2021-05-21 10:40:49,2534.5,203893
2021-05-21 10:40:50,2534.5,203893
2021-05-21 10:40:51,2534.5,203893
2021-05-21 10:40:52,2534.5,203893
2021-05-21 10:40:53,2535.0,203988
2021-05-21 10:40:54,2534.5,203998
2021-05-21 10:40:55,2534.5,204000
2021-05-21 10:40:56,2534.5,204000
2021-05-21 10:40:57,2534.5,204005
2021-05-21 10:40:58,2533.85,204065
2021-05-21 10:41:00,2533.85,204065
2021-05-21 10:41:01,2534.5,204070
2021-05-21 10:41:03,2535.0,204426
2021-05-21 10:41:04,2534.65,204427
2021-05-21 10:41:05,2534.65,204427
2021-05-21 10:41:06,2534.65,204427
2021-05-21 10:41:07,2535.0,204458
2021-05-21 10:41:08,2535.0,204458
2021-05-21 10:41:08,2535.0,204458
2021-05-21 10:41:09,2535.0,204461
2021-05-21 10:41:10,2535.0,204461
2021-05-21 10:41:12,2535.0,204461
2021-05-21 10:41:13,2536.8,204976
2021-05-21 10:41:14,2536.95,204978
2021-05-21 10:41:14,2535.85,204979
2021-05-21 10:41:15,2535.85,204979
2021-05-21 10:41:16,2535.85,204979
2021-05-21 10:41:17,2535.85,204979
2021-05-21 10:41:19,2536.9,205069
2021-05-21 10:41:20,2535.95,205072
2021-05-21 10:41:21,2536.75,205406
2021-05-21 10:41:22,2536.45,205437
2021-05-21 10:41:23,2535.5,205539
2021-05-21 10:41:24,2535.5,205539
2021-05-21 10:41:25,2536.45,205557
2021-05-21 10:41:26,2535.5,205564
2021-05-21 10:41:27,2535.5,205707
2021-05-21 10:41:28,2535.0,205980
2021-05-21 10:41:28,2535.0,205980
2021-05-21 10:41:29,2535.75,205985
2021-05-21 10:41:31,2534.65,205987
2021-05-21 10:41:32,2535.0,206083
2021-05-21 10:41:33,2535.0,206083
2021-05-21 10:41:33,2535.0,206083
2021-05-21 10:41:34,2535.7,206084
2021-05-21 10:41:37,2535.7,206134
2021-05-21 10:41:38,2534.65,206155
2021-05-21 10:41:39,2534.65,206155
2021-05-21 10:41:41,2535.0,206162
2021-05-21 10:41:41,2535.6,206163
2021-05-21 10:41:43,2535.0,206206
2021-05-21 10:41:44,2535.15,206207
2021-05-21 10:41:45,2535.15,206207
2021-05-21 10:41:46,2535.15,206207
2021-05-21 10:41:47,2535.15,206207
2021-05-21 10:41:48,2535.15,206207
2021-05-21 10:41:50,2535.15,206207
2021-05-21 10:41:51,2534.0,206232
2021-05-21 10:41:52,2535.0,206262
2021-05-21 10:41:53,2535.0,206272
2021-05-21 10:41:54,2535.0,206272
2021-05-21 10:41:55,2534.0,206274
2021-05-21 10:41:56,2534.0,206274
2021-05-21 10:41:57,2534.0,206276
2021-05-21 10:41:59,2535.0,206296
2021-05-21 10:41:58,2535.0,206296
2021-05-21 10:42:00,2535.0,206316
2021-05-21 10:42:01,2535.0,206316
2021-05-21 10:42:02,2535.0,206316
2021-05-21 10:42:03,2535.0,206316
2021-05-21 10:42:04,2535.0,206316
2021-05-21 10:42:05,2535.0,206316
2021-05-21 10:42:06,2535.0,206316
2021-05-21 10:42:07,2535.0,206316
2021-05-21 10:42:08,2535.0,206409
2021-05-21 10:42:09,2535.0,206412
2021-05-21 10:42:10,2535.85,206419
2021-05-21 10:42:11,2535.0,206421
2021-05-21 10:42:12,2535.0,206421
2021-05-21 10:42:13,2535.0,206421
2021-05-21 10:42:14,2535.0,206421
2021-05-21 10:42:15,2536.05,206429
2021-05-21 10:42:16,2535.0,206432
2021-05-21 10:42:17,2536.05,206433
2021-05-21 10:42:18,2535.0,206435
2021-05-21 10:42:19,2535.0,206436
2021-05-21 10:42:19,2535.0,206436
2021-05-21 10:42:20,2535.0,206646
2021-05-21 10:42:22,2535.05,206662
2021-05-21 10:42:23,2535.0,206677
2021-05-21 10:42:25,2535.0,206679
2021-05-21 10:42:24,2535.0,206679
2021-05-21 10:42:26,2535.05,206715
2021-05-21 10:42:27,2535.05,206715
2021-05-21 10:42:28,2535.05,206715
2021-05-21 10:42:29,2535.05,206715
2021-05-21 10:42:30,2536.1,206721
2021-05-21 10:42:31,2535.05,206723
2021-05-21 10:42:32,2535.05,206723
2021-05-21 10:42:33,2535.8,206828
2021-05-21 10:42:34,2535.05,206863
2021-05-21 10:42:36,2535.05,206867
2021-05-21 10:42:38,2535.05,206867
2021-05-21 10:42:39,2535.05,206867
2021-05-21 10:42:40,2535.05,206867
2021-05-21 10:42:41,2535.05,206867
2021-05-21 10:42:42,2535.05,206867
2021-05-21 10:42:43,2535.05,206867
2021-05-21 10:42:44,2535.05,206867
2021-05-21 10:42:45,2535.05,206867
2021-05-21 10:42:46,2535.05,206867
2021-05-21 10:42:47,2535.9,206870
2021-05-21 10:42:48,2535.05,206871
2021-05-21 10:42:49,2535.05,206871
2021-05-21 10:42:50,2535.05,206903
2021-05-21 10:42:51,2535.05,206914
2021-05-21 10:42:52,2535.05,206918
2021-05-21 10:42:53,2535.05,206928
2021-05-21 10:42:54,2535.0,207001
2021-05-21 10:42:54,2535.0,207001
2021-05-21 10:42:55,2535.0,207041
2021-05-21 10:42:58,2535.35,207054
2021-05-21 10:42:57,2535.35,207054
2021-05-21 10:42:59,2535.0,207074
2021-05-21 10:43:00,2535.0,207074
2021-05-21 10:43:01,2535.0,207074
2021-05-21 10:43:02,2535.0,207077
2021-05-21 10:43:04,2534.55,207108
2021-05-21 10:43:06,2534.5,207109
2021-05-21 10:43:08,2534.5,207109
2021-05-21 10:43:09,2535.0,207110
2021-05-21 10:43:10,2535.0,207110
2021-05-21 10:43:11,2535.0,207110
2021-05-21 10:43:13,2535.0,207135
2021-05-21 10:43:15,2535.0,207156
2021-05-21 10:43:16,2535.0,207156
2021-05-21 10:43:17,2535.65,207182
2021-05-21 10:43:18,2535.0,207183
2021-05-21 10:43:19,2535.0,207183
2021-05-21 10:43:20,2535.0,207183
2021-05-21 10:43:21,2535.0,207183
2021-05-21 10:43:22,2535.0,207183
2021-05-21 10:43:23,2535.65,207184
2021-05-21 10:43:25,2535.0,207188
2021-05-21 10:43:26,2535.0,207189
2021-05-21 10:43:27,2535.0,207189
2021-05-21 10:43:28,2535.0,207189
2021-05-21 10:43:29,2535.0,207189
2021-05-21 10:43:30,2535.0,207190
2021-05-21 10:43:33,2535.0,207190
2021-05-21 10:43:32,2535.0,207190
2021-05-21 10:43:34,2535.0,207190
2021-05-21 10:43:35,2535.0,207190
2021-05-21 10:43:37,2535.0,207190
2021-05-21 10:43:38,2535.65,207240
2021-05-21 10:43:39,2535.0,207307
2021-05-21 10:43:41,2534.5,207308
2021-05-21 10:43:41,2534.5,207308
2021-05-21 10:43:42,2534.5,207308
2021-05-21 10:43:44,2534.5,207308
2021-05-21 10:43:46,2535.85,207309
2021-05-21 10:43:45,2535.85,207309
2021-05-21 10:43:47,2535.85,207309
2021-05-21 10:43:47,2535.85,207309
2021-05-21 10:43:48,2535.6,207314
2021-05-21 10:43:49,2535.6,207314
2021-05-21 10:43:51,2536.0,207514
2021-05-21 10:43:52,2536.0,207614
2021-05-21 10:43:53,2535.0,207680
2021-05-21 10:43:54,2535.0,207690
2021-05-21 10:43:55,2534.0,207795
2021-05-21 10:43:55,2535.0,207690
2021-05-21 10:43:56,2534.0,207855
2021-05-21 10:43:57,2533.0,208208
2021-05-21 10:43:59,2533.65,208209
2021-05-21 10:44:00,2533.65,208229
2021-05-21 10:44:01,2533.0,208232
2021-05-21 10:44:03,2533.0,208232
2021-05-21 10:44:05,2534.25,208257
2021-05-21 10:44:06,2534.3,208260
2021-05-21 10:44:08,2534.3,208260
2021-05-21 10:44:09,2534.3,208260
2021-05-21 10:44:10,2534.3,208260
2021-05-21 10:44:11,2534.65,208460
2021-05-21 10:44:12,2534.3,208480
2021-05-21 10:44:13,2534.3,208480
2021-05-21 10:44:14,2533.15,208485
2021-05-21 10:44:16,2533.15,208485
2021-05-21 10:44:15,2533.15,208485
2021-05-21 10:44:17,2534.2,208490
2021-05-21 10:44:18,2534.5,208500
2021-05-21 10:44:19,2534.5,208500
2021-05-21 10:44:20,2533.65,208501
2021-05-21 10:44:21,2533.65,208501
2021-05-21 10:44:23,2533.65,208506
2021-05-21 10:44:24,2533.65,208506
2021-05-21 10:44:25,2533.65,208506
2021-05-21 10:44:27,2533.65,208522
