timestamp,ltp,volume
2021-05-21 09:36:42,628.45,1483580
2021-05-21 09:36:43,628.45,1483898
2021-05-21 09:36:44,628.4,1484023
2021-05-21 09:36:44,628.4,1484023
2021-05-21 09:36:45,628.4,1484228
2021-05-21 09:36:46,628.2,1484817
2021-05-21 09:36:47,628.4,1485198
2021-05-21 09:36:48,628.2,1485277
2021-05-21 09:36:50,628.4,1485349
2021-05-21 09:36:51,628.4,1486671
2021-05-21 09:36:52,628.4,1486834
2021-05-21 09:36:53,628.35,1487032
2021-05-21 09:36:54,628.45,1488065
2021-05-21 09:36:54,628.35,1488005
2021-05-21 09:36:57,628.4,1488879
2021-05-21 09:36:58,628.4,1489061
2021-05-21 09:36:59,628.4,1490452
2021-05-21 09:37:00,628.4,1491658
2021-05-21 09:37:01,628.45,1492168
2021-05-21 09:37:03,628.5,1495251
2021-05-21 09:37:04,628.5,1497624
2021-05-21 09:37:05,628.8,1502264
2021-05-21 09:37:06,628.8,1503247
2021-05-21 09:37:07,628.8,1503822
2021-05-21 09:37:07,628.9,1504049
2021-05-21 09:37:08,628.8,1504477
2021-05-21 09:37:09,628.9,1504691
2021-05-21 09:37:10,628.6,1505051
2021-05-21 09:37:11,628.9,1505125
2021-05-21 09:37:12,628.85,1505457
2021-05-21 09:37:14,628.8,1506059
2021-05-21 09:37:16,628.8,1507005
2021-05-21 09:37:17,628.8,1507520
2021-05-21 09:37:18,628.9,1507928
2021-05-21 09:37:19,628.85,1508355
2021-05-21 09:37:20,628.9,1513239
2021-05-21 09:37:22,628.9,1517435
2021-05-21 09:37:23,628.95,1518192
2021-05-21 09:37:24,628.95,1519582
2021-05-21 09:37:24,629.0,1519861
2021-05-21 09:37:25,629.1,1529871
2021-05-21 09:37:26,629.0,1532023
2021-05-21 09:37:27,629.2,1532715
2021-05-21 09:37:28,629.15,1534353
2021-05-21 09:37:29,629.2,1536678
2021-05-21 09:37:31,628.95,1539910
2021-05-21 09:37:32,628.95,1542488
2021-05-21 09:37:33,628.9,1544067
2021-05-21 09:37:34,629.2,1544449
2021-05-21 09:37:35,629.15,1544959
2021-05-21 09:37:36,629.25,1547487
2021-05-21 09:37:36,629.1,1548018
2021-05-21 09:37:38,629.1,1548874
2021-05-21 09:37:39,629.2,1549143
2021-05-21 09:37:41,629.2,1551444
2021-05-21 09:37:42,629.0,1556041
2021-05-21 09:37:43,629.1,1556668
2021-05-21 09:37:43,629.1,1556692
2021-05-21 09:37:44,629.15,1558356
2021-05-21 09:37:46,629.2,1562127
2021-05-21 09:37:47,628.95,1565287
2021-05-21 09:37:48,629.0,1565549
2021-05-21 09:37:49,629.15,1566469
2021-05-21 09:37:50,629.2,1566828
2021-05-21 09:37:50,629.0,1567102
2021-05-21 09:37:51,628.8,1567362
2021-05-21 09:37:52,629.25,1568784
2021-05-21 09:37:53,629.2,1569292
2021-05-21 09:37:54,629.2,1569874
2021-05-21 09:37:56,629.0,1571072
2021-05-21 09:37:57,629.1,1571598
2021-05-21 09:37:58,629.1,1571999
2021-05-21 09:37:59,629.1,1572798
2021-05-21 09:38:00,629.35,1624648
2021-05-21 09:38:01,629.4,1631568
2021-05-21 09:38:01,629.5,1632938
2021-05-21 09:38:02,629.6,1639898
2021-05-21 09:38:03,629.5,1647087
2021-05-21 09:38:04,629.8,1662129
2021-05-21 09:38:06,629.85,1667565
2021-05-21 09:38:07,629.85,1670091
2021-05-21 09:38:08,629.75,1673257
2021-05-21 09:38:09,629.75,1675257
2021-05-21 09:38:10,629.75,1678497
2021-05-21 09:38:11,629.65,1681615
2021-05-21 09:38:12,629.55,1682862
2021-05-21 09:38:13,629.55,1683956
2021-05-21 09:38:14,629.75,1688636
2021-05-21 09:38:16,629.7,1690269
2021-05-21 09:38:17,629.8,1692359
2021-05-21 09:38:18,629.5,1693323
2021-05-21 09:38:18,629.55,1693348
2021-05-21 09:38:19,629.5,1696861
2021-05-21 09:38:21,629.5,1698150
2021-05-21 09:38:22,629.45,1699685
2021-05-21 09:38:23,629.5,1701426
2021-05-21 09:38:24,629.4,1702316
2021-05-21 09:38:25,629.6,1703141
2021-05-21 09:38:25,629.6,1703169
2021-05-21 09:38:27,629.6,1704804
2021-05-21 09:38:28,629.6,1705352
2021-05-21 09:38:29,629.7,1705909
2021-05-21 09:38:30,629.7,1706604
2021-05-21 09:38:31,629.7,1707126
2021-05-21 09:38:31,629.55,1707251
2021-05-21 09:38:32,629.65,1709096
2021-05-21 09:38:33,629.75,1712501
2021-05-21 09:38:34,629.75,1714864
2021-05-21 09:38:36,629.8,1715960
2021-05-21 09:38:37,629.8,1724230
2021-05-21 09:38:38,629.85,1728543
2021-05-21 09:38:39,629.8,1729338
2021-05-21 09:38:39,629.8,1728788
2021-05-21 09:38:41,629.6,1730591
2021-05-21 09:38:42,629.7,1731357
2021-05-21 09:38:43,629.7,1731683
2021-05-21 09:38:44,629.7,1732628
2021-05-21 09:38:45,629.7,1733859
2021-05-21 09:38:46,629.8,1734709
2021-05-21 09:38:46,629.8,1734939
2021-05-21 09:38:48,629.8,1735735
2021-05-21 09:38:49,629.9,1736724
2021-05-21 09:38:50,629.8,1737540
2021-05-21 09:38:51,629.75,1738198
2021-05-21 09:38:51,629.75,1738852
2021-05-21 09:38:53,629.8,1740276
2021-05-21 09:38:54,629.7,1741004
2021-05-21 09:38:55,629.8,1741432
2021-05-21 09:38:56,629.8,1741664
2021-05-21 09:38:57,629.7,1742777
2021-05-21 09:38:58,629.75,1744048
2021-05-21 09:38:59,629.75,1745307
2021-05-21 09:39:00,629.8,1745898
2021-05-21 09:39:00,629.7,1746720
2021-05-21 09:39:02,629.65,1747730
2021-05-21 09:39:03,629.8,1748699
2021-05-21 09:39:04,629.65,1749686
2021-05-21 09:39:05,629.5,1752997
2021-05-21 09:39:06,629.8,1753977
2021-05-21 09:39:07,629.75,1756693
2021-05-21 09:39:07,629.8,1756727
2021-05-21 09:39:08,629.8,1756994
2021-05-21 09:39:09,629.8,1757315
2021-05-21 09:39:11,629.8,1757614
2021-05-21 09:39:12,629.75,1758217
2021-05-21 09:39:13,629.8,1758572
2021-05-21 09:39:15,629.75,1760315
2021-05-21 09:39:16,629.7,1761239
2021-05-21 09:39:17,629.6,1761715
2021-05-21 09:39:18,629.55,1762067
2021-05-21 09:39:18,629.55,1762285
2021-05-21 09:39:19,629.55,1762920
2021-05-21 09:39:20,629.75,1763134
2021-05-21 09:39:21,629.7,1763388
2021-05-21 09:39:23,629.75,1764276
2021-05-21 09:39:24,629.7,1764797
2021-05-21 09:39:25,629.55,1766530
2021-05-21 09:39:26,629.7,1769114
2021-05-21 09:39:27,629.65,1769153
2021-05-21 09:39:28,629.7,1769517
2021-05-21 09:39:29,629.9,1769642
2021-05-21 09:39:30,629.75,1772158
2021-05-21 09:39:31,629.8,1772913
2021-05-21 09:39:32,629.75,1773601
2021-05-21 09:39:34,629.85,1777663
2021-05-21 09:39:35,629.6,1778872
2021-05-21 09:39:36,629.55,1780883
2021-05-21 09:39:37,629.8,1781554
2021-05-21 09:39:37,629.8,1781554
2021-05-21 09:39:39,629.55,1781824
2021-05-21 09:39:40,629.75,1782068
2021-05-21 09:39:41,629.8,1782444
2021-05-21 09:39:42,629.85,1783512
2021-05-21 09:39:42,629.85,1783632
2021-05-21 09:39:43,629.7,1783644
2021-05-21 09:39:45,629.8,1784368
2021-05-21 09:39:46,629.9,1794834
2021-05-21 09:39:47,629.8,1796668
2021-05-21 09:39:48,629.65,1797112
2021-05-21 09:39:49,629.9,1797727
2021-05-21 09:39:49,629.9,1797729
2021-05-21 09:39:51,629.6,1799235
2021-05-21 09:39:52,629.7,1800036
2021-05-21 09:39:53,629.7,1800754
2021-05-21 09:39:54,629.65,1804622
2021-05-21 09:39:55,629.65,1805070
2021-05-21 09:39:56,629.65,1805114
2021-05-21 09:39:57,629.7,1806537
2021-05-21 09:39:57,629.7,1806537
2021-05-21 09:39:58,629.7,1809140
2021-05-21 09:40:00,629.7,1809344
2021-05-21 09:40:01,629.65,1814334
2021-05-21 09:40:02,629.6,1815225
2021-05-21 09:40:03,629.35,1816533
2021-05-21 09:40:04,629.7,1821860
2021-05-21 09:40:04,629.65,1821720
2021-05-21 09:40:05,629.65,1822548
2021-05-21 09:40:06,629.45,1822771
2021-05-21 09:40:07,629.45,1823011
2021-05-21 09:40:09,629.45,1823489
2021-05-21 09:40:10,629.15,1824632
2021-05-21 09:40:11,629.1,1825233
2021-05-21 09:40:12,629.35,1825430
2021-05-21 09:40:13,629.1,1825838
2021-05-21 09:40:13,629.35,1825825
2021-05-21 09:40:14,629.05,1826121
2021-05-21 09:40:15,629.1,1828722
2021-05-21 09:40:16,629.2,1829397
2021-05-21 09:40:18,629.1,1829583
2021-05-21 09:40:19,629.05,1830456
2021-05-21 09:40:20,629.05,1830572
2021-05-21 09:40:21,629.1,1831775
2021-05-21 09:40:23,629.1,1835691
2021-05-21 09:40:23,629.0,1835791
2021-05-21 09:40:25,629.1,1836914
2021-05-21 09:40:26,629.1,1841214
2021-05-21 09:40:27,629.4,1842645
2021-05-21 09:40:28,629.15,1843884
2021-05-21 09:40:29,629.1,1849911
2021-05-21 09:40:29,629.1,1849911
2021-05-21 09:40:30,629.25,1850040
2021-05-21 09:40:32,629.1,1850552
2021-05-21 09:40:33,629.35,1852994
2021-05-21 09:40:34,629.4,1853189
2021-05-21 09:40:36,629.35,1854181
2021-05-21 09:40:35,629.15,1853310
2021-05-21 09:40:37,629.1,1854415
2021-05-21 09:40:38,629.35,1855389
2021-05-21 09:40:39,629.0,1860213
2021-05-21 09:40:40,629.15,1860490
2021-05-21 09:40:41,629.3,1860991
2021-05-21 09:40:42,629.4,1861920
2021-05-21 09:40:43,629.15,1862282
2021-05-21 09:40:45,629.15,1862768
2021-05-21 09:40:44,629.35,1862763
2021-05-21 09:40:46,629.35,1862890
2021-05-21 09:40:47,629.15,1863517
2021-05-21 09:40:48,629.4,1863606
2021-05-21 09:40:49,629.35,1864718
2021-05-21 09:40:51,629.35,1864973
2021-05-21 09:40:52,629.15,1865195
2021-05-21 09:40:53,629.4,1866093
2021-05-21 09:40:54,629.35,1866157
2021-05-21 09:40:55,629.35,1866419
2021-05-21 09:40:57,629.15,1867178
2021-05-21 09:40:58,629.4,1868727
2021-05-21 09:40:59,629.25,1868772
2021-05-21 09:41:00,629.3,1869491
2021-05-21 09:41:01,629.3,1869584
2021-05-21 09:41:02,629.2,1869690
2021-05-21 09:41:03,629.3,1870673
2021-05-21 09:41:04,629.2,1870934
2021-05-21 09:41:05,629.2,1870960
2021-05-21 09:41:06,629.35,1871014
2021-05-21 09:41:08,629.3,1871897
2021-05-21 09:41:09,629.4,1871948
2021-05-21 09:41:10,629.4,1872481
2021-05-21 09:41:11,629.35,1872613
2021-05-21 09:41:12,629.35,1873045
2021-05-21 09:41:14,629.35,1874380
2021-05-21 09:41:15,629.3,1875247
2021-05-21 09:41:16,629.35,1877989
2021-05-21 09:41:17,629.35,1878081
2021-05-21 09:41:18,629.3,1878352
2021-05-21 09:41:19,629.3,1878352
2021-05-21 09:41:20,629.3,1878432
2021-05-21 09:41:21,629.2,1878657
2021-05-21 09:41:22,629.35,1879180
2021-05-21 09:41:23,629.35,1879820
2021-05-21 09:41:24,629.15,1880066
2021-05-21 09:41:25,629.2,1880339
2021-05-21 09:41:26,629.15,1881040
2021-05-21 09:41:27,629.3,1881455
2021-05-21 09:41:28,629.3,1881599
2021-05-21 09:41:29,629.1,1882969
2021-05-21 09:41:30,629.15,1883188
2021-05-21 09:41:31,629.2,1883501
2021-05-21 09:41:32,629.2,1883739
2021-05-21 09:41:33,629.3,1884398
2021-05-21 09:41:35,629.35,1888410
2021-05-21 09:41:37,629.35,1889990
2021-05-21 09:41:41,629.5,1891521
2021-05-21 09:41:40,629.5,1891261
2021-05-21 09:41:42,629.45,1892664
2021-05-21 09:41:43,629.55,1892904
2021-05-21 09:41:44,629.55,1893105
2021-05-21 09:41:45,629.6,1893481
2021-05-21 09:41:46,629.6,1893653
2021-05-21 09:41:47,629.55,1893741
2021-05-21 09:41:48,629.65,1894409
2021-05-21 09:41:49,629.55,1894528
2021-05-21 09:41:50,629.7,1895147
2021-05-21 09:41:51,629.7,1895293
2021-05-21 09:41:52,629.6,1897072
2021-05-21 09:41:53,629.6,1897078
2021-05-21 09:41:54,629.7,1898068
2021-05-21 09:41:55,629.7,1898271
2021-05-21 09:41:56,629.7,1899585
2021-05-21 09:41:57,629.7,1900076
2021-05-21 09:41:58,629.8,1900307
2021-05-21 09:41:59,629.8,1901949
2021-05-21 09:42:00,629.8,1902028
2021-05-21 09:42:01,629.75,1902311
2021-05-21 09:42:02,629.7,1904979
2021-05-21 09:42:03,629.6,1905883
2021-05-21 09:42:04,629.75,1906561
2021-05-21 09:42:05,629.75,1906800
2021-05-21 09:42:06,629.6,1907328
2021-05-21 09:42:07,629.65,1907517
2021-05-21 09:42:08,629.75,1907825
2021-05-21 09:42:09,629.65,1907884
2021-05-21 09:42:10,629.6,1917437
2021-05-21 09:42:11,629.35,1917467
2021-05-21 09:42:12,629.5,1917777
2021-05-21 09:42:13,629.35,1917803
2021-05-21 09:42:14,629.55,1918854
2021-05-21 09:42:15,629.55,1924032
2021-05-21 09:42:16,629.6,1924084
2021-05-21 09:42:17,629.6,1924250
2021-05-21 09:42:18,629.6,1924250
2021-05-21 09:42:19,629.6,1925596
2021-05-21 09:42:20,629.6,1926669
2021-05-21 09:42:22,629.6,1927324
2021-05-21 09:42:21,629.5,1927155
2021-05-21 09:42:23,629.6,1928896
2021-05-21 09:42:24,629.35,1931373
2021-05-21 09:42:25,629.6,1932452
2021-05-21 09:42:26,629.55,1933340
2021-05-21 09:42:27,629.5,1933525
2021-05-21 09:42:29,629.5,1933666
2021-05-21 09:42:28,629.35,1933626
2021-05-21 09:42:30,629.5,1933714
2021-05-21 09:42:31,629.45,1935406
2021-05-21 09:42:32,629.3,1935514
2021-05-21 09:42:33,629.4,1935850
2021-05-21 09:42:34,629.25,1935865
2021-05-21 09:42:35,629.2,1936522
2021-05-21 09:42:36,629.3,1937238
2021-05-21 09:42:37,629.25,1937929
2021-05-21 09:42:38,629.45,1938135
2021-05-21 09:42:39,629.45,1938210
2021-05-21 09:42:40,629.2,1938848
2021-05-21 09:42:41,629.5,1939081
2021-05-21 09:42:43,629.3,1939190
2021-05-21 09:42:43,629.3,1939190
2021-05-21 09:42:45,629.55,1941457
2021-05-21 09:42:45,629.55,1941457
2021-05-21 09:42:46,629.55,1941614
2021-05-21 09:42:47,629.45,1941722
2021-05-21 09:42:48,629.55,1942617
2021-05-21 09:42:49,629.5,1943028
2021-05-21 09:42:50,629.55,1944014
2021-05-21 09:42:51,629.45,1944197
2021-05-21 09:42:52,629.45,1944706
2021-05-21 09:42:53,629.6,1944814
2021-05-21 09:42:54,629.6,1945036
2021-05-21 09:42:55,629.6,1945074
2021-05-21 09:42:57,629.5,1945120
2021-05-21 09:42:57,629.5,1945120
2021-05-21 09:42:58,629.6,1945232
2021-05-21 09:42:59,629.6,1945414
2021-05-21 09:43:00,629.6,1945686
2021-05-21 09:43:01,629.6,1946252
2021-05-21 09:43:02,629.6,1946927
2021-05-21 09:43:03,629.6,1948810
2021-05-21 09:43:04,629.5,1948986
2021-05-21 09:43:05,629.6,1949011
2021-05-21 09:43:08,629.6,1950664
2021-05-21 09:43:07,629.55,1949019
2021-05-21 09:43:09,629.6,1950931
2021-05-21 09:43:09,629.6,1950931
2021-05-21 09:43:10,629.65,1951597
2021-05-21 09:43:11,629.55,1951854
2021-05-21 09:43:12,629.55,1953278
2021-05-21 09:43:13,629.6,1953456
2021-05-21 09:43:14,629.65,1953716
2021-05-21 09:43:15,629.45,1956083
2021-05-21 09:43:16,629.45,1956283
2021-05-21 09:43:17,629.5,1956515
2021-05-21 09:43:18,629.5,1956966
2021-05-21 09:43:19,629.5,1957295
2021-05-21 09:43:20,629.35,1957498
2021-05-21 09:43:21,629.3,1957619
2021-05-21 09:43:22,629.5,1958474
2021-05-21 09:43:23,629.5,1960417
2021-05-21 09:43:24,629.45,1960910
2021-05-21 09:43:25,629.4,1961462
2021-05-21 09:43:26,629.6,1961557
2021-05-21 09:43:27,629.35,1961872
2021-05-21 09:43:28,629.35,1961879
2021-05-21 09:43:29,629.6,1962173
2021-05-21 09:43:30,629.4,1967278
2021-05-21 09:43:31,629.65,1967584
2021-05-21 09:43:32,629.5,1967609
2021-05-21 09:43:34,629.7,1968507
2021-05-21 09:43:35,629.6,1968735
2021-05-21 09:43:36,629.65,1969356
2021-05-21 09:43:37,629.75,1969576
2021-05-21 09:43:38,629.75,1969596
2021-05-21 09:43:39,629.7,1969841
2021-05-21 09:43:41,629.75,1970850
2021-05-21 09:43:42,629.7,1971154
2021-05-21 09:43:42,629.75,1970953
2021-05-21 09:43:43,629.75,1971260
2021-05-21 09:43:44,629.7,1971447
2021-05-21 09:43:46,629.75,1971858
2021-05-21 09:43:47,629.7,1972206
2021-05-21 09:43:48,629.7,1972454
2021-05-21 09:43:49,629.75,1973129
2021-05-21 09:43:50,629.75,1973161
2021-05-21 09:43:51,629.8,1974173
2021-05-21 09:43:52,629.7,1974381
2021-05-21 09:43:53,629.75,1974458
2021-05-21 09:43:54,629.75,1974476
2021-05-21 09:43:55,629.75,1975031
2021-05-21 09:43:56,629.75,1975746
2021-05-21 09:43:57,629.75,1976242
2021-05-21 09:43:58,629.7,1976377
2021-05-21 09:44:00,629.7,1978020
2021-05-21 09:44:01,629.75,1978117
2021-05-21 09:44:02,629.7,1979433
2021-05-21 09:44:03,629.75,1979550
2021-05-21 09:44:04,629.75,1979976
2021-05-21 09:44:05,629.75,1980135
2021-05-21 09:44:06,629.7,1982571
2021-05-21 09:44:07,629.75,1983503
2021-05-21 09:44:08,629.7,1984173
2021-05-21 09:44:10,629.8,1986549
2021-05-21 09:44:10,629.8,1986559
2021-05-21 09:44:11,629.85,1990373
2021-05-21 09:44:12,629.75,1990819
2021-05-21 09:44:13,629.85,1991568
2021-05-21 09:44:14,629.9,1992769
2021-05-21 09:44:15,629.9,1992917
2021-05-21 09:44:16,629.9,1993154
2021-05-21 09:44:17,629.9,1995302
2021-05-21 09:44:18,629.85,1995512
2021-05-21 09:44:19,629.85,1995955
2021-05-21 09:44:20,629.85,1996451
2021-05-21 09:44:22,629.9,1999815
2021-05-21 09:44:22,629.9,2001173
2021-05-21 09:44:23,629.85,2003710
2021-05-21 09:44:25,629.9,2006259
2021-05-21 09:44:26,629.9,2006705
2021-05-21 09:44:26,629.9,2010153
2021-05-21 09:44:28,629.95,2011840
2021-05-21 09:44:28,629.95,2012055
2021-05-21 09:44:29,630.0,2030035
2021-05-21 09:44:30,629.9,2034039
2021-05-21 09:44:31,630.0,2034261
2021-05-21 09:44:32,629.9,2034910
2021-05-21 09:44:34,630.0,2036642
2021-05-21 09:44:34,630.0,2036647
2021-05-21 09:44:35,629.95,2038077
2021-05-21 09:44:36,630.0,2039721
2021-05-21 09:44:37,630.0,2040427
2021-05-21 09:44:39,629.9,2042839
2021-05-21 09:44:40,630.0,2043648
2021-05-21 09:44:40,630.0,2044183
2021-05-21 09:44:41,630.0,2045370
2021-05-21 09:44:42,629.9,2049421
2021-05-21 09:44:43,630.0,2050726
2021-05-21 09:44:44,630.45,2079887
2021-05-21 09:44:45,630.45,2080118
2021-05-21 09:44:47,630.5,2084339
2021-05-21 09:44:48,630.7,2091502
2021-05-21 09:44:49,630.9,2091718
2021-05-21 09:44:50,630.9,2092422
2021-05-21 09:44:52,630.7,2096529
2021-05-21 09:44:52,630.8,2097230
2021-05-21 09:44:53,630.85,2097980
2021-05-21 09:44:54,630.8,2100712
2021-05-21 09:44:55,630.85,2102175
2021-05-21 09:44:57,630.8,2103606
2021-05-21 09:44:58,630.9,2104662
2021-05-21 09:44:58,630.85,2104732
2021-05-21 09:45:00,630.9,2108363
2021-05-21 09:45:01,630.85,2111575
2021-05-21 09:45:02,630.85,2112466
2021-05-21 09:45:03,630.8,2112827
2021-05-21 09:45:04,630.85,2116005
2021-05-21 09:45:05,630.65,2130715
2021-05-21 09:45:06,630.8,2132317
2021-05-21 09:45:07,630.75,2134669
2021-05-21 09:45:08,631.0,2135567
2021-05-21 09:45:09,630.9,2136576
2021-05-21 09:45:10,630.75,2138699
2021-05-21 09:45:11,630.9,2139306
2021-05-21 09:45:12,630.9,2139604
2021-05-21 09:45:13,630.85,2140065
2021-05-21 09:45:14,630.85,2142468
2021-05-21 09:45:15,631.0,2143373
2021-05-21 09:45:17,630.9,2144197
2021-05-21 09:45:18,631.0,2145571
2021-05-21 09:45:19,631.0,2146032
2021-05-21 09:45:20,630.95,2146670
2021-05-21 09:45:21,630.95,2149513
2021-05-21 09:45:22,630.85,2151444
2021-05-21 09:45:23,630.95,2152180
2021-05-21 09:45:24,630.75,2153723
2021-05-21 09:45:25,630.9,2156334
2021-05-21 09:45:25,630.95,2156754
2021-05-21 09:45:27,630.9,2164420
2021-05-21 09:45:28,630.9,2165332
2021-05-21 09:45:32,630.95,2169275
2021-05-21 09:45:33,631.0,2169609
2021-05-21 09:45:35,631.0,2172441
2021-05-21 09:45:36,631.1,2178999
2021-05-21 09:45:36,631.15,2179006
2021-05-21 09:45:37,631.15,2179228
2021-05-21 09:45:38,631.2,2181099
2021-05-21 09:45:39,631.2,2181515
2021-05-21 09:45:40,631.0,2185266
2021-05-21 09:45:41,631.15,2187682
2021-05-21 09:45:43,631.15,2188110
2021-05-21 09:45:44,630.9,2196985
2021-05-21 09:45:45,630.9,2197832
2021-05-21 09:45:46,630.9,2198262
2021-05-21 09:45:47,630.8,2198774
2021-05-21 09:45:48,630.85,2203834
2021-05-21 09:45:49,630.8,2207075
2021-05-21 09:45:50,630.95,2208885
2021-05-21 09:45:51,630.9,2209059
2021-05-21 09:45:51,630.9,2209059
2021-05-21 09:45:52,630.8,2213409
2021-05-21 09:45:53,630.6,2214918
2021-05-21 09:45:54,630.6,2217004
2021-05-21 09:45:55,630.75,2218941
2021-05-21 09:45:56,630.6,2219471
2021-05-21 09:45:57,630.75,2219914
2021-05-21 09:45:58,630.6,2220957
2021-05-21 09:45:59,630.8,2221353
2021-05-21 09:46:00,630.75,2222233
2021-05-21 09:46:01,630.8,2224687
2021-05-21 09:46:03,630.55,2226313
2021-05-21 09:46:04,630.7,2226633
2021-05-21 09:46:05,630.6,2226832
2021-05-21 09:46:06,630.75,2229943
2021-05-21 09:46:07,630.75,2230287
2021-05-21 09:46:07,630.55,2234742
2021-05-21 09:46:08,630.75,2235751
2021-05-21 09:46:09,630.8,2236491
2021-05-21 09:46:10,630.8,2236827
2021-05-21 09:46:11,630.8,2236980
2021-05-21 09:46:14,630.7,2239874
2021-05-21 09:46:15,630.7,2240157
2021-05-21 09:46:15,630.7,2240157
2021-05-21 09:46:17,630.8,2241046
2021-05-21 09:46:17,630.85,2241047
2021-05-21 09:46:18,630.8,2241939
2021-05-21 09:46:19,630.8,2242623
2021-05-21 09:46:20,630.8,2244118
2021-05-21 09:46:21,630.75,2244398
2021-05-21 09:46:22,630.75,2245011
2021-05-21 09:46:24,630.7,2245296
2021-05-21 09:46:25,630.7,2245565
2021-05-21 09:46:25,630.85,2245768
2021-05-21 09:46:26,630.75,2246670
2021-05-21 09:46:27,630.5,2249205
2021-05-21 09:46:28,630.7,2249415
2021-05-21 09:46:29,630.55,2250000
2021-05-21 09:46:30,630.6,2251237
2021-05-21 09:46:31,630.65,2251749
2021-05-21 09:46:32,630.75,2252012
2021-05-21 09:46:33,630.5,2252446
2021-05-21 09:46:35,631.0,2253712
2021-05-21 09:46:36,631.05,2273892
2021-05-21 09:46:37,631.05,2274375
2021-05-21 09:46:38,631.05,2274915
2021-05-21 09:46:39,631.05,2278642
2021-05-21 09:46:40,631.1,2281634
2021-05-21 09:46:40,631.1,2281804
2021-05-21 09:46:41,631.2,2281859
2021-05-21 09:46:42,631.15,2283160
2021-05-21 09:46:43,631.25,2285178
2021-05-21 09:46:44,631.2,2285806
2021-05-21 09:46:45,631.25,2286611
2021-05-21 09:46:46,631.15,2287106
2021-05-21 09:46:47,631.05,2287840
2021-05-21 09:46:48,631.2,2287848
2021-05-21 09:46:49,631.2,2287895
2021-05-21 09:46:50,631.05,2288470
2021-05-21 09:46:52,631.2,2290587
2021-05-21 09:46:53,631.2,2290872
2021-05-21 09:46:54,631.25,2291202
2021-05-21 09:46:55,631.2,2293002
2021-05-21 09:46:56,631.25,2293208
2021-05-21 09:46:57,631.0,2293812
2021-05-21 09:46:58,631.1,2294691
2021-05-21 09:46:58,631.1,2294388
2021-05-21 09:46:59,631.2,2295206
2021-05-21 09:47:00,631.2,2296880
2021-05-21 09:47:02,631.25,2298197
2021-05-21 09:47:03,631.2,2298478
2021-05-21 09:47:04,631.1,2305078
2021-05-21 09:47:05,631.2,2307450
2021-05-21 09:47:06,631.25,2322203
2021-05-21 09:47:07,631.2,2323326
2021-05-21 09:47:08,631.3,2323347
2021-05-21 09:47:09,631.2,2323565
2021-05-21 09:47:10,631.1,2340369
2021-05-21 09:47:11,631.15,2341138
2021-05-21 09:47:12,631.1,2341157
2021-05-21 09:47:13,631.0,2341262
2021-05-21 09:47:14,631.15,2342471
2021-05-21 09:47:16,631.2,2343328
2021-05-21 09:47:17,631.1,2350574
2021-05-21 09:47:18,631.1,2351115
2021-05-21 09:47:19,631.0,2351285
2021-05-21 09:47:20,631.1,2352401
2021-05-21 09:47:20,631.1,2352076
2021-05-21 09:47:21,631.15,2352587
2021-05-21 09:47:22,631.0,2353186
2021-05-21 09:47:23,631.0,2353433
2021-05-21 09:47:24,631.2,2354396
2021-05-21 09:47:25,631.1,2355529
2021-05-21 09:47:26,631.2,2359529
2021-05-21 09:47:28,631.0,2359967
2021-05-21 09:47:31,631.15,2361487
2021-05-21 09:47:32,631.0,2361553
2021-05-21 09:47:32,631.0,2361553
2021-05-21 09:47:33,631.2,2361831
2021-05-21 09:47:34,631.25,2362513
2021-05-21 09:47:35,631.1,2363081
2021-05-21 09:47:36,631.0,2365774
2021-05-21 09:47:38,631.1,2366355
2021-05-21 09:47:39,631.2,2367669
2021-05-21 09:47:40,631.25,2367971
2021-05-21 09:47:41,631.1,2368299
2021-05-21 09:47:42,631.0,2368528
2021-05-21 09:47:43,631.2,2368928
2021-05-21 09:47:44,631.2,2369107
2021-05-21 09:47:45,631.25,2370995
2021-05-21 09:47:46,631.1,2385477
2021-05-21 09:47:47,631.1,2385521
2021-05-21 09:47:48,631.1,2385783
2021-05-21 09:47:48,631.2,2385891
2021-05-21 09:47:49,631.2,2387623
2021-05-21 09:47:50,631.25,2388049
2021-05-21 09:47:51,631.25,2389580
2021-05-21 09:47:52,631.25,2389798
2021-05-21 09:47:53,631.15,2390274
2021-05-21 09:47:55,631.15,2390435
2021-05-21 09:47:56,631.2,2390597
2021-05-21 09:47:57,631.0,2397031
2021-05-21 09:47:58,630.7,2398670
2021-05-21 09:47:59,630.9,2398777
2021-05-21 09:48:00,631.0,2410928
2021-05-21 09:48:01,630.95,2411052
2021-05-21 09:48:01,630.95,2411226
2021-05-21 09:48:02,630.95,2412082
2021-05-21 09:48:04,630.7,2413436
2021-05-21 09:48:05,630.7,2413579
2021-05-21 09:48:06,630.75,2413889
2021-05-21 09:48:07,630.8,2414681
2021-05-21 09:48:08,630.75,2415806
2021-05-21 09:48:09,631.05,2416495
2021-05-21 09:48:10,630.7,2417077
2021-05-21 09:48:11,630.85,2418317
2021-05-21 09:48:12,630.8,2419526
2021-05-21 09:48:13,630.95,2420138
2021-05-21 09:48:14,630.85,2420723
2021-05-21 09:48:15,631.0,2421370
2021-05-21 09:48:15,631.0,2422431
2021-05-21 09:48:16,631.0,2422622
2021-05-21 09:48:17,630.9,2422976
2021-05-21 09:48:19,631.0,2423115
2021-05-21 09:48:20,630.95,2423212
2021-05-21 09:48:21,631.0,2423240
2021-05-21 09:48:22,631.0,2424547
2021-05-21 09:48:23,630.9,2425017
2021-05-21 09:48:23,631.0,2425412
2021-05-21 09:48:24,631.0,2426714
2021-05-21 09:48:25,631.0,2426991
2021-05-21 09:48:26,630.9,2427479
2021-05-21 09:48:27,630.75,2434761
2021-05-21 09:48:28,630.9,2434803
2021-05-21 09:48:29,630.9,2434942
2021-05-21 09:48:31,630.75,2435378
2021-05-21 09:48:32,630.75,2436607
2021-05-21 09:48:33,630.85,2437659
2021-05-21 09:48:33,630.85,2437670
2021-05-21 09:48:34,630.85,2437821
2021-05-21 09:48:35,630.75,2439721
2021-05-21 09:48:37,630.7,2439744
2021-05-21 09:48:38,630.65,2441086
2021-05-21 09:48:39,630.85,2441297
2021-05-21 09:48:40,630.75,2441419
2021-05-21 09:48:40,630.75,2441419
2021-05-21 09:48:41,630.85,2441661
2021-05-21 09:48:44,630.75,2442004
2021-05-21 09:48:45,630.85,2442166
2021-05-21 09:48:46,630.85,2442250
2021-05-21 09:48:47,630.75,2443687
2021-05-21 09:48:48,630.6,2444998
2021-05-21 09:48:49,630.85,2445323
2021-05-21 09:48:49,630.65,2445188
2021-05-21 09:48:50,630.85,2445524
2021-05-21 09:48:51,630.65,2445746
2021-05-21 09:48:52,630.8,2446810
2021-05-21 09:48:53,630.95,2447153
2021-05-21 09:48:55,630.95,2447546
2021-05-21 09:48:56,630.9,2448091
2021-05-21 09:48:57,630.9,2448650
2021-05-21 09:48:58,630.65,2449694
2021-05-21 09:48:59,630.85,2449857
2021-05-21 09:49:00,630.8,2450261
2021-05-21 09:49:01,630.65,2450539
2021-05-21 09:49:01,630.65,2450539
2021-05-21 09:49:04,630.75,2452471
2021-05-21 09:49:05,630.8,2452755
2021-05-21 09:49:06,630.75,2453623
2021-05-21 09:49:06,630.75,2453623
2021-05-21 09:49:07,630.8,2453979
2021-05-21 09:49:08,630.5,2460241
2021-05-21 09:49:10,630.75,2460362
2021-05-21 09:49:11,630.6,2460465
2021-05-21 09:49:12,630.6,2461096
2021-05-21 09:49:13,630.6,2461150
2021-05-21 09:49:14,630.6,2461255
2021-05-21 09:49:15,630.75,2467250
2021-05-21 09:49:16,630.8,2468638
2021-05-21 09:49:17,630.55,2469338
2021-05-21 09:49:18,630.4,2469544
2021-05-21 09:49:19,630.5,2469570
2021-05-21 09:49:19,630.4,2470200
2021-05-21 09:49:21,630.45,2470569
2021-05-21 09:49:22,630.7,2470708
2021-05-21 09:49:23,630.6,2471320
2021-05-21 09:49:24,630.4,2472001
2021-05-21 09:49:25,630.55,2472455
2021-05-21 09:49:25,630.55,2472455
2021-05-21 09:49:27,630.4,2474070
2021-05-21 09:49:28,630.4,2475676
2021-05-21 09:49:29,630.6,2475709
2021-05-21 09:49:30,630.6,2475890
2021-05-21 09:49:31,630.6,2477212
2021-05-21 09:49:33,630.55,2477893
2021-05-21 09:49:33,630.4,2477987
2021-05-21 09:49:35,630.45,2478865
2021-05-21 09:49:36,630.5,2479897
2021-05-21 09:49:38,630.4,2481547
2021-05-21 09:49:39,630.45,2482563
2021-05-21 09:49:40,630.6,2482936
2021-05-21 09:49:41,630.6,2483149
2021-05-21 09:49:42,630.3,2486269
2021-05-21 09:49:43,630.4,2487155
2021-05-21 09:49:44,630.6,2487305
2021-05-21 09:49:45,630.6,2487502
2021-05-21 09:49:46,630.4,2490195
2021-05-21 09:49:47,630.6,2490903
2021-05-21 09:49:47,630.45,2490413
2021-05-21 09:49:48,630.6,2490948
2021-05-21 09:49:49,630.6,2491679
2021-05-21 09:49:51,630.4,2492418
2021-05-21 09:49:52,630.45,2493436
2021-05-21 09:49:53,630.7,2494018
2021-05-21 09:49:54,630.45,2494138
2021-05-21 09:49:55,630.45,2494579
2021-05-21 09:49:55,630.45,2494506
2021-05-21 09:49:57,630.65,2495773
2021-05-21 09:49:58,630.6,2496425
2021-05-21 09:49:59,630.85,2512709
2021-05-21 09:50:00,630.85,2514118
2021-05-21 09:50:01,630.8,2515969
2021-05-21 09:50:01,630.8,2516419
2021-05-21 09:50:03,631.0,2517385
2021-05-21 09:50:04,631.0,2517472
2021-05-21 09:50:05,631.0,2518444
2021-05-21 09:50:06,631.0,2518661
2021-05-21 09:50:07,631.0,2520326
2021-05-21 09:50:07,631.0,2520326
2021-05-21 09:50:09,631.0,2521177
2021-05-21 09:50:11,631.0,2521371
2021-05-21 09:50:12,630.85,2521821
2021-05-21 09:50:15,631.15,2533623
2021-05-21 09:50:16,631.2,2535328
2021-05-21 09:50:16,631.0,2535338
2021-05-21 09:50:17,631.2,2537419
2021-05-21 09:50:19,631.2,2538315
2021-05-21 09:50:20,631.2,2538551
2021-05-21 09:50:21,631.0,2539812
2021-05-21 09:50:22,631.15,2540217
2021-05-21 09:50:23,631.15,2540548
2021-05-21 09:50:24,631.15,2546531
2021-05-21 09:50:25,631.15,2547676
2021-05-21 09:50:25,631.15,2547676
2021-05-21 09:50:27,631.5,2565492
2021-05-21 09:50:28,631.25,2567265
2021-05-21 09:50:29,631.35,2568404
2021-05-21 09:50:30,631.35,2568488
2021-05-21 09:50:31,631.5,2570133
2021-05-21 09:50:32,631.35,2572329
2021-05-21 09:50:32,631.45,2572400
2021-05-21 09:50:34,631.45,2572814
2021-05-21 09:50:35,631.55,2576249
2021-05-21 09:50:36,631.6,2576981
2021-05-21 09:50:37,631.5,2578327
2021-05-21 09:50:38,631.55,2579179
2021-05-21 09:50:39,631.55,2579274
2021-05-21 09:50:40,631.55,2582128
2021-05-21 09:50:41,631.45,2582618
2021-05-21 09:50:42,631.55,2583044
2021-05-21 09:50:43,631.55,2584791
2021-05-21 09:50:44,631.6,2585212
2021-05-21 09:50:45,631.5,2585354
2021-05-21 09:50:45,631.5,2585759
2021-05-21 09:50:46,631.55,2587392
2021-05-21 09:50:47,631.5,2589160
2021-05-21 09:50:48,631.6,2589466
2021-05-21 09:50:49,631.55,2590078
2021-05-21 09:50:51,631.5,2590756
2021-05-21 09:50:52,631.5,2591079
2021-05-21 09:50:53,631.8,2604575
2021-05-21 09:50:54,631.75,2605394
2021-05-21 09:50:55,631.8,2605805
2021-05-21 09:50:56,631.8,2606701
2021-05-21 09:50:57,631.65,2608113
2021-05-21 09:50:58,631.8,2608144
2021-05-21 09:50:59,631.65,2615428
2021-05-21 09:51:00,631.75,2623835
2021-05-21 09:51:01,631.9,2631857
2021-05-21 09:51:02,631.9,2633483
2021-05-21 09:51:03,632.0,2673290
2021-05-21 09:51:04,632.4,2676609
2021-05-21 09:51:05,632.4,2678090
2021-05-21 09:51:06,632.3,2682395
2021-05-21 09:51:06,632.3,2682390
2021-05-21 09:51:08,632.4,2682615
2021-05-21 09:51:09,632.3,2684499
2021-05-21 09:51:10,632.35,2686492
2021-05-21 09:51:11,632.35,2686582
2021-05-21 09:51:12,632.3,2687241
2021-05-21 09:51:13,632.35,2691567
2021-05-21 09:51:14,632.35,2692590
2021-05-21 09:51:16,632.3,2693382
2021-05-21 09:51:15,632.3,2693036
2021-05-21 09:51:17,632.45,2697555
2021-05-21 09:51:18,632.4,2698444
2021-05-21 09:51:19,632.4,2698856
2021-05-21 09:51:20,632.4,2699510
2021-05-21 09:51:21,632.4,2700583
2021-05-21 09:51:22,632.3,2701683
2021-05-21 09:51:23,632.2,2703547
2021-05-21 09:51:24,632.15,2703928
2021-05-21 09:51:25,632.0,2705678
2021-05-21 09:51:26,632.3,2706718
2021-05-21 09:51:27,632.3,2707711
2021-05-21 09:51:28,632.3,2708122
2021-05-21 09:51:29,632.3,2708961
2021-05-21 09:51:30,632.3,2709516
2021-05-21 09:51:31,632.25,2710789
2021-05-21 09:51:32,632.1,2711960
2021-05-21 09:51:33,632.4,2715692
2021-05-21 09:51:34,632.35,2715858
2021-05-21 09:51:35,632.3,2716131
2021-05-21 09:51:36,632.35,2718151
2021-05-21 09:51:37,632.25,2720145
2021-05-21 09:51:38,632.1,2720522
2021-05-21 09:51:39,632.3,2722202
2021-05-21 09:51:40,632.3,2722202
2021-05-21 09:51:41,632.25,2722780
2021-05-21 09:51:42,632.1,2723163
2021-05-21 09:51:43,632.3,2723450
2021-05-21 09:51:44,632.4,2724470
2021-05-21 09:51:45,632.4,2725568
2021-05-21 09:51:46,632.3,2726578
2021-05-21 09:51:47,632.05,2727248
2021-05-21 09:51:48,632.3,2727466
2021-05-21 09:51:49,632.1,2727529
2021-05-21 09:51:50,632.35,2729198
2021-05-21 09:51:51,632.25,2729273
2021-05-21 09:51:52,632.35,2730746
2021-05-21 09:51:53,632.35,2731632
2021-05-21 09:51:54,632.35,2732452
2021-05-21 09:51:56,632.4,2735629
2021-05-21 09:51:57,632.2,2736725
2021-05-21 09:51:58,632.1,2737268
2021-05-21 09:51:59,632.25,2737884
2021-05-21 09:52:00,632.0,2738305
2021-05-21 09:52:01,632.0,2738305
2021-05-21 09:52:02,632.3,2740151
2021-05-21 09:52:03,632.3,2741305
2021-05-21 09:52:04,632.3,2741784
2021-05-21 09:52:05,632.15,2742144
2021-05-21 09:52:06,632.1,2743812
2021-05-21 09:52:07,632.25,2745336
2021-05-21 09:52:08,632.3,2746838
2021-05-21 09:52:09,632.2,2748547
2021-05-21 09:52:10,632.2,2748847
2021-05-21 09:52:11,632.1,2749663
2021-05-21 09:52:12,632.1,2750247
2021-05-21 09:52:13,632.2,2753292
2021-05-21 09:52:14,632.2,2753543
2021-05-21 09:52:16,632.1,2755177
2021-05-21 09:52:17,632.2,2756518
2021-05-21 09:52:18,632.2,2757407
2021-05-21 09:52:19,632.15,2758434
2021-05-21 09:52:20,632.3,2759319
2021-05-21 09:52:21,632.3,2760473
2021-05-21 09:52:22,632.3,2761619
2021-05-21 09:52:23,632.2,2764049
2021-05-21 09:52:24,632.2,2764863
2021-05-21 09:52:25,632.2,2764920
2021-05-21 09:52:26,632.15,2765949
2021-05-21 09:52:27,632.15,2766190
2021-05-21 09:52:28,632.25,2766936
2021-05-21 09:52:29,632.25,2767368
2021-05-21 09:52:30,632.2,2767370
2021-05-21 09:52:31,632.1,2768333
2021-05-21 09:52:32,632.1,2768595
2021-05-21 09:52:33,632.15,2770850
2021-05-21 09:52:35,632.15,2771558
2021-05-21 09:52:36,632.15,2772318
2021-05-21 09:52:37,632.05,2773192
2021-05-21 09:52:38,632.15,2773290
2021-05-21 09:52:39,632.25,2773570
2021-05-21 09:52:40,632.15,2774309
2021-05-21 09:52:41,632.2,2774720
2021-05-21 09:52:42,632.05,2775977
2021-05-21 09:52:43,632.15,2776157
2021-05-21 09:52:44,632.25,2777088
2021-05-21 09:52:45,632.2,2777403
2021-05-21 09:52:46,632.2,2777403
2021-05-21 09:52:47,632.0,2778210
2021-05-21 09:52:48,632.0,2778450
2021-05-21 09:52:49,632.1,2781531
2021-05-21 09:52:50,632.0,2795805
2021-05-21 09:52:51,631.75,2796829
2021-05-21 09:52:52,631.75,2796837
2021-05-21 09:52:53,631.75,2797046
2021-05-21 09:52:54,631.9,2797221
2021-05-21 09:52:55,631.9,2798133
2021-05-21 09:52:56,631.8,2799023
2021-05-21 09:52:57,631.5,2800041
2021-05-21 09:52:58,631.55,2801111
2021-05-21 09:52:59,631.7,2801857
2021-05-21 09:53:00,631.55,2802981
2021-05-21 09:53:01,631.75,2803085
2021-05-21 09:53:02,631.7,2803117
2021-05-21 09:53:03,631.9,2803903
2021-05-21 09:53:04,631.9,2804811
2021-05-21 09:53:05,631.75,2804918
2021-05-21 09:53:06,631.95,2805405
2021-05-21 09:53:07,631.95,2805620
2021-05-21 09:53:08,631.9,2807129
2021-05-21 09:53:09,631.9,2807710
2021-05-21 09:53:10,631.75,2807819
2021-05-21 09:53:11,631.75,2807819
2021-05-21 09:53:12,631.75,2808266
2021-05-21 09:53:13,632.0,2808353
2021-05-21 09:53:14,632.0,2808579
2021-05-21 09:53:15,631.8,2808657
2021-05-21 09:53:16,631.9,2809058
2021-05-21 09:53:18,631.8,2809887
2021-05-21 09:53:19,631.7,2809982
2021-05-21 09:53:19,631.8,2809988
2021-05-21 09:53:20,631.8,2811374
2021-05-21 09:53:21,631.9,2811813
2021-05-21 09:53:23,632.0,2812154
2021-05-21 09:53:26,631.9,2812738
2021-05-21 09:53:26,631.7,2813238
2021-05-21 09:53:27,631.8,2815834
2021-05-21 09:53:28,631.8,2816591
2021-05-21 09:53:29,632.0,2817006
2021-05-21 09:53:31,631.9,2817435
2021-05-21 09:53:32,632.0,2817687
2021-05-21 09:53:33,631.9,2818482
2021-05-21 09:53:32,631.9,2818215
2021-05-21 09:53:34,632.15,2829683
2021-05-21 09:53:35,632.15,2830014
2021-05-21 09:53:36,632.25,2830498
2021-05-21 09:53:38,632.25,2831397
2021-05-21 09:53:39,632.45,2837285
2021-05-21 09:53:40,632.4,2843921
2021-05-21 09:53:41,632.45,2864754
2021-05-21 09:53:42,632.45,2865804
2021-05-21 09:53:43,632.45,2867921
2021-05-21 09:53:44,632.6,2871204
2021-05-21 09:53:45,632.45,2871546
2021-05-21 09:53:45,632.4,2871401
2021-05-21 09:53:46,632.5,2871718
2021-05-21 09:53:47,632.55,2872462
2021-05-21 09:53:48,632.45,2872536
2021-05-21 09:53:49,632.4,2873049
2021-05-21 09:53:50,632.4,2873423
2021-05-21 09:53:51,632.55,2874505
2021-05-21 09:53:52,632.55,2875031
2021-05-21 09:53:54,632.55,2875867
2021-05-21 09:53:55,632.45,2876212
2021-05-21 09:53:55,632.45,2876212
2021-05-21 09:53:56,632.45,2876544
2021-05-21 09:53:57,632.5,2877774
2021-05-21 09:53:58,632.4,2878412
2021-05-21 09:53:59,632.45,2878660
2021-05-21 09:54:00,632.45,2879068
2021-05-21 09:54:01,632.55,2879939
2021-05-21 09:54:02,632.5,2880643
2021-05-21 09:54:03,632.35,2881636
2021-05-21 09:54:04,632.35,2882516
2021-05-21 09:54:05,632.5,2882879
2021-05-21 09:54:07,632.35,2883276
2021-05-21 09:54:08,632.45,2883340
2021-05-21 09:54:08,632.45,2883340
2021-05-21 09:54:09,632.45,2884781
2021-05-21 09:54:10,632.5,2885004
2021-05-21 09:54:11,632.5,2885234
2021-05-21 09:54:12,632.4,2885439
2021-05-21 09:54:14,632.45,2885933
2021-05-21 09:54:14,632.45,2885933
2021-05-21 09:54:15,632.45,2886002
2021-05-21 09:54:16,632.5,2886567
2021-05-21 09:54:17,632.5,2887431
2021-05-21 09:54:18,632.45,2888250
2021-05-21 09:54:20,632.35,2888353
2021-05-21 09:54:20,632.35,2888513
2021-05-21 09:54:21,632.35,2890685
2021-05-21 09:54:22,632.35,2891314
2021-05-21 09:54:23,632.4,2891874
2021-05-21 09:54:24,632.45,2891968
2021-05-21 09:54:25,632.5,2892166
2021-05-21 09:54:27,632.45,2894322
2021-05-21 09:54:28,632.45,2894635
2021-05-21 09:54:29,632.5,2895453
2021-05-21 09:54:31,632.45,2895611
2021-05-21 09:54:31,632.45,2895612
2021-05-21 09:54:32,632.45,2895922
2021-05-21 09:54:33,632.5,2896677
2021-05-21 09:54:34,632.45,2897123
2021-05-21 09:54:35,632.45,2898850
2021-05-21 09:54:37,632.45,2899530
2021-05-21 09:54:37,632.4,2899650
2021-05-21 09:54:38,632.4,2899948
2021-05-21 09:54:39,632.4,2900524
2021-05-21 09:54:41,632.5,2905179
2021-05-21 09:54:42,632.45,2905522
2021-05-21 09:54:43,632.45,2905895
2021-05-21 09:54:45,632.45,2906323
2021-05-21 09:54:45,632.45,2906424
2021-05-21 09:54:46,632.45,2906488
2021-05-21 09:54:47,632.45,2906930
2021-05-21 09:54:48,632.5,2908803
2021-05-21 09:54:49,632.5,2909259
2021-05-21 09:54:50,632.55,2911914
2021-05-21 09:54:52,632.6,2913737
2021-05-21 09:54:53,632.45,2920482
2021-05-21 09:54:54,632.4,2921671
2021-05-21 09:54:55,632.5,2921803
2021-05-21 09:54:56,632.5,2923123
2021-05-21 09:54:57,632.65,2923852
2021-05-21 09:54:58,632.5,2924741
2021-05-21 09:55:00,632.65,2927033
2021-05-21 09:55:00,632.65,2927113
2021-05-21 09:55:01,632.55,2928643
2021-05-21 09:55:02,632.6,2930382
2021-05-21 09:55:03,632.65,2931065
2021-05-21 09:55:04,632.6,2934109
2021-05-21 09:55:05,632.75,2935357
2021-05-21 09:55:06,632.75,2935804
2021-05-21 09:55:07,632.7,2941833
2021-05-21 09:55:08,632.85,2983271
2021-05-21 09:55:10,632.75,2988342
2021-05-21 09:55:10,632.8,2987642
2021-05-21 09:55:11,633.0,2988787
2021-05-21 09:55:12,633.0,2990385
2021-05-21 09:55:13,633.0,2992393
2021-05-21 09:55:15,633.0,2993248
2021-05-21 09:55:16,633.2,2995014
2021-05-21 09:55:16,633.2,2995054
2021-05-21 09:55:17,633.0,2999081
2021-05-21 09:55:18,632.95,3004281
2021-05-21 09:55:19,633.0,3004719
2021-05-21 09:55:20,632.9,3005614
2021-05-21 09:55:21,632.8,3006966
2021-05-21 09:55:23,632.6,3007543
2021-05-21 09:55:24,632.75,3011298
2021-05-21 09:55:25,632.6,3011826
2021-05-21 09:55:26,632.75,3012457
2021-05-21 09:55:27,632.65,3013006
2021-05-21 09:55:27,632.65,3013027
2021-05-21 09:55:28,632.9,3013370
2021-05-21 09:55:31,632.65,3018226
2021-05-21 09:55:32,632.75,3018598
2021-05-21 09:55:32,632.75,3018649
2021-05-21 09:55:33,632.65,3019393
2021-05-21 09:55:34,632.8,3019581
2021-05-21 09:55:35,632.8,3019613
2021-05-21 09:55:37,632.75,3019813
2021-05-21 09:55:38,632.9,3020082
2021-05-21 09:55:39,632.8,3021041
2021-05-21 09:55:40,632.8,3021324
2021-05-21 09:55:41,632.75,3022602
2021-05-21 09:55:43,632.75,3022809
2021-05-21 09:55:44,632.75,3023708
2021-05-21 09:55:45,632.8,3024034
2021-05-21 09:55:46,632.8,3024176
2021-05-21 09:55:46,632.8,3024356
2021-05-21 09:55:47,632.8,3024963
2021-05-21 09:55:48,632.75,3025618
2021-05-21 09:55:50,632.75,3036084
2021-05-21 09:55:51,632.7,3041604
2021-05-21 09:55:51,632.7,3041654
2021-05-21 09:55:52,632.5,3042246
2021-05-21 09:55:53,632.7,3042591
2021-05-21 09:55:54,632.75,3043250
2021-05-21 09:55:55,632.5,3043430
2021-05-21 09:55:56,632.75,3043887
2021-05-21 09:55:57,632.75,3045090
2021-05-21 09:55:59,632.75,3045877
2021-05-21 09:56:00,632.8,3045951
2021-05-21 09:56:01,632.75,3046530
2021-05-21 09:56:01,632.5,3046671
2021-05-21 09:56:02,632.8,3047272
2021-05-21 09:56:03,632.8,3047707
2021-05-21 09:56:04,632.6,3049238
2021-05-21 09:56:06,632.7,3049344
2021-05-21 09:56:07,632.5,3052797
2021-05-21 09:56:07,632.7,3052496
2021-05-21 09:56:08,632.75,3054447
2021-05-21 09:56:09,632.5,3054920
2021-05-21 09:56:11,632.75,3055030
2021-05-21 09:56:12,632.7,3055849
2021-05-21 09:56:12,632.5,3055861
2021-05-21 09:56:13,632.45,3058531
2021-05-21 09:56:14,632.7,3058831
2021-05-21 09:56:15,632.45,3060001
2021-05-21 09:56:16,632.45,3060264
2021-05-21 09:56:17,632.7,3060806
2021-05-21 09:56:19,632.6,3062134
2021-05-21 09:56:20,632.75,3063152
2021-05-21 09:56:20,632.6,3063192
2021-05-21 09:56:21,632.6,3064743
2021-05-21 09:56:22,632.6,3065240
2021-05-21 09:56:24,632.7,3065417
2021-05-21 09:56:24,632.7,3065417
2021-05-21 09:56:25,632.6,3066086
2021-05-21 09:56:27,632.65,3066881
2021-05-21 09:56:28,632.7,3066944
2021-05-21 09:56:29,632.7,3067576
2021-05-21 09:56:30,632.7,3067752
2021-05-21 09:56:31,632.7,3069120
2021-05-21 09:56:33,632.75,3070443
2021-05-21 09:56:34,632.65,3070666
2021-05-21 09:56:35,632.8,3071758
2021-05-21 09:56:35,632.75,3071768
2021-05-21 09:56:36,632.75,3073164
2021-05-21 09:56:38,632.8,3075482
2021-05-21 09:56:39,632.8,3077608
2021-05-21 09:56:41,632.8,3078781
2021-05-21 09:56:42,632.8,3079457
2021-05-21 09:56:42,633.0,3079772
2021-05-21 09:56:44,633.0,3080188
2021-05-21 09:56:45,632.95,3080561
2021-05-21 09:56:44,632.95,3080313
2021-05-21 09:56:46,632.95,3080709
2021-05-21 09:56:47,632.95,3080866
2021-05-21 09:56:49,632.95,3081244
2021-05-21 09:56:50,633.0,3083534
2021-05-21 09:56:51,633.0,3084165
2021-05-21 09:56:52,632.8,3088857
2021-05-21 09:56:52,632.8,3088857
2021-05-21 09:56:53,632.8,3089621
2021-05-21 09:56:54,632.85,3092644
2021-05-21 09:56:55,632.8,3093120
2021-05-21 09:56:57,632.85,3093708
2021-05-21 09:56:58,632.85,3094504
2021-05-21 09:56:58,632.85,3094504
2021-05-21 09:56:59,632.8,3094743
2021-05-21 09:57:00,633.0,3095345
2021-05-21 09:57:01,632.85,3095507
2021-05-21 09:57:02,632.95,3097065
2021-05-21 09:57:04,633.0,3097562
2021-05-21 09:57:05,633.0,3098052
2021-05-21 09:57:06,633.0,3098479
2021-05-21 09:57:06,632.95,3098498
2021-05-21 09:57:07,632.95,3098655
2021-05-21 09:57:08,632.95,3101470
2021-05-21 09:57:10,632.95,3101926
2021-05-21 09:57:11,633.0,3102551
2021-05-21 09:57:11,633.0,3102551
2021-05-21 09:57:13,633.0,3104349
2021-05-21 09:57:14,632.95,3105503
2021-05-21 09:57:15,632.95,3106771
2021-05-21 09:57:17,632.95,3107000
2021-05-21 09:57:18,633.0,3107107
2021-05-21 09:57:20,632.95,3110889
2021-05-21 09:57:21,632.95,3111605
2021-05-21 09:57:22,632.95,3112049
2021-05-21 09:57:23,632.95,3112870
2021-05-21 09:57:23,632.95,3112820
2021-05-21 09:57:24,633.0,3113066
2021-05-21 09:57:25,632.95,3113960
2021-05-21 09:57:26,633.0,3114207
2021-05-21 09:57:27,632.95,3115287
2021-05-21 09:57:28,633.0,3115764
2021-05-21 09:57:30,633.1,3119869
2021-05-21 09:57:32,633.05,3120094
2021-05-21 09:57:32,633.05,3120597
2021-05-21 09:57:33,633.1,3121318
2021-05-21 09:57:34,633.1,3122143
2021-05-21 09:57:35,633.2,3123824
2021-05-21 09:57:38,633.4,3126334
2021-05-21 09:57:39,633.25,3126524
2021-05-21 09:57:40,633.4,3128144
2021-05-21 09:57:41,633.25,3128462
2021-05-21 09:57:42,633.4,3129409
2021-05-21 09:57:43,633.4,3129499
2021-05-21 09:57:44,633.4,3135033
2021-05-21 09:57:45,633.25,3141258
2021-05-21 09:57:46,633.25,3142577
2021-05-21 09:57:47,633.25,3144580
2021-05-21 09:57:48,633.3,3145582
2021-05-21 09:57:50,633.35,3146794
2021-05-21 09:57:51,633.5,3147896
2021-05-21 09:57:52,633.4,3148216
2021-05-21 09:57:53,633.5,3148484
2021-05-21 09:57:54,633.4,3149094
2021-05-21 09:57:55,633.35,3150885
2021-05-21 09:57:55,633.4,3150910
2021-05-21 09:57:56,633.4,3151821
2021-05-21 09:57:57,633.3,3154043
2021-05-21 09:57:59,633.4,3154829
2021-05-21 09:58:00,633.35,3157852
2021-05-21 09:58:01,633.5,3161015
2021-05-21 09:58:02,633.4,3161988
2021-05-21 09:58:03,633.4,3163982
2021-05-21 09:58:03,633.65,3164150
2021-05-21 09:58:04,633.5,3165802
2021-05-21 09:58:06,633.4,3167078
2021-05-21 09:58:07,633.4,3167455
2021-05-21 09:58:08,633.65,3168636
2021-05-21 09:58:09,633.65,3169076
2021-05-21 09:58:10,633.6,3174417
2021-05-21 09:58:10,633.6,3174617
2021-05-21 09:58:11,633.5,3174928
2021-05-21 09:58:13,633.4,3176108
2021-05-21 09:58:14,633.35,3177396
2021-05-21 09:58:15,633.6,3177822
2021-05-21 09:58:16,633.35,3178577
2021-05-21 09:58:16,633.35,3178582
2021-05-21 09:58:17,633.5,3179213
2021-05-21 09:58:19,633.5,3179655
2021-05-21 09:58:20,633.45,3181299
2021-05-21 09:58:21,633.35,3183588
2021-05-21 09:58:21,633.35,3184088
2021-05-21 09:58:22,633.45,3185443
2021-05-21 09:58:23,633.45,3186352
2021-05-21 09:58:25,633.45,3187410
2021-05-21 09:58:26,633.35,3187762
2021-05-21 09:58:27,633.45,3188033
2021-05-21 09:58:28,633.35,3188242
2021-05-21 09:58:29,633.4,3189552
2021-05-21 09:58:29,633.4,3189420
2021-05-21 09:58:30,633.3,3195767
2021-05-21 09:58:31,633.35,3196921
2021-05-21 09:58:33,633.2,3197968
2021-05-21 09:58:34,633.2,3200174
2021-05-21 09:58:35,633.2,3200478
2021-05-21 09:58:36,633.25,3200753
2021-05-21 09:58:37,633.15,3203198
2021-05-21 09:58:38,633.2,3203363
2021-05-21 09:58:39,633.0,3205985
2021-05-21 09:58:41,633.15,3206193
2021-05-21 09:58:42,633.1,3206691
2021-05-21 09:58:43,633.05,3208033
2021-05-21 09:58:44,633.05,3209393
2021-05-21 09:58:44,633.0,3209298
2021-05-21 09:58:45,633.35,3213262
2021-05-21 09:58:47,633.1,3213423
2021-05-21 09:58:48,633.15,3213562
2021-05-21 09:58:49,633.1,3213812
2021-05-21 09:58:50,633.1,3216336
2021-05-21 09:58:51,633.15,3216579
2021-05-21 09:58:51,633.35,3216379
2021-05-21 09:58:52,633.3,3218868
2021-05-21 09:58:54,633.15,3221048
2021-05-21 09:58:55,633.0,3226006
2021-05-21 09:58:56,632.95,3226956
2021-05-21 09:58:56,632.95,3227015
2021-05-21 09:58:57,632.95,3227154
2021-05-21 09:58:58,633.0,3227431
2021-05-21 09:59:00,633.0,3227639
2021-05-21 09:59:01,633.0,3228112
2021-05-21 09:59:02,633.1,3229812
2021-05-21 09:59:02,633.1,3229812
2021-05-21 09:59:03,633.0,3230295
2021-05-21 09:59:04,633.15,3230527
2021-05-21 09:59:06,633.15,3231335
2021-05-21 09:59:06,633.1,3231292
2021-05-21 09:59:07,633.1,3231528
2021-05-21 09:59:09,633.15,3232090
2021-05-21 09:59:10,633.1,3233004
2021-05-21 09:59:11,633.25,3233770
2021-05-21 09:59:12,633.35,3234232
2021-05-21 09:59:13,633.2,3234494
2021-05-21 09:59:14,633.15,3235113
2021-05-21 09:59:14,633.15,3235113
2021-05-21 09:59:16,633.15,3235865
2021-05-21 09:59:17,633.2,3237712
2021-05-21 09:59:17,633.4,3237741
2021-05-21 09:59:18,633.4,3238301
2021-05-21 09:59:20,633.3,3239305
2021-05-21 09:59:21,633.2,3239771
2021-05-21 09:59:22,633.2,3239861
2021-05-21 09:59:23,633.4,3239872
2021-05-21 09:59:24,633.3,3240276
2021-05-21 09:59:25,633.3,3240338
2021-05-21 09:59:26,633.25,3241624
2021-05-21 09:59:27,633.25,3241955
2021-05-21 09:59:28,633.2,3242961
2021-05-21 09:59:29,633.3,3243212
2021-05-21 09:59:30,633.3,3245450
2021-05-21 09:59:31,633.45,3246000
2021-05-21 09:59:32,633.5,3247164
2021-05-21 09:59:32,633.3,3247174
2021-05-21 09:59:34,633.45,3247778
2021-05-21 09:59:35,633.45,3249443
2021-05-21 09:59:36,633.45,3250927
2021-05-21 09:59:37,633.5,3254168
2021-05-21 09:59:38,633.45,3258622
2021-05-21 09:59:39,633.5,3259217
2021-05-21 09:59:39,633.5,3259225
2021-05-21 09:59:42,633.5,3260897
2021-05-21 09:59:43,633.45,3261653
2021-05-21 09:59:44,633.45,3262335
2021-05-21 09:59:45,633.45,3263865
2021-05-21 09:59:45,633.45,3263865
2021-05-21 09:59:47,633.5,3265056
2021-05-21 09:59:48,633.45,3265330
2021-05-21 09:59:49,633.45,3265420
2021-05-21 09:59:50,633.5,3266040
2021-05-21 09:59:51,633.5,3266631
2021-05-21 09:59:52,633.45,3267648
2021-05-21 09:59:52,633.5,3267708
2021-05-21 09:59:53,633.5,3267855
2021-05-21 09:59:55,633.45,3268107
2021-05-21 09:59:59,633.5,3270398
2021-05-21 09:59:59,633.5,3270398
2021-05-21 10:00:01,633.5,3270739
2021-05-21 10:00:02,633.6,3272195
2021-05-21 10:00:03,633.5,3272760
2021-05-21 10:00:04,633.5,3274411
2021-05-21 10:00:05,633.55,3277453
2021-05-21 10:00:05,633.6,3277555
2021-05-21 10:00:07,633.55,3277913
2021-05-21 10:00:09,633.6,3284361
2021-05-21 10:00:10,633.6,3285240
2021-05-21 10:00:11,633.6,3286266
2021-05-21 10:00:12,633.6,3287782
2021-05-21 10:00:12,633.6,3287762
2021-05-21 10:00:14,633.65,3288709
2021-05-21 10:00:15,633.45,3290242
2021-05-21 10:00:16,633.65,3292635
2021-05-21 10:00:17,633.55,3292946
2021-05-21 10:00:18,633.65,3293633
2021-05-21 10:00:18,633.65,3293693
2021-05-21 10:00:19,633.5,3294418
2021-05-21 10:00:20,633.65,3294575
2021-05-21 10:00:22,633.5,3295704
2021-05-21 10:00:23,633.5,3296212
2021-05-21 10:00:25,633.65,3297796
2021-05-21 10:00:26,633.65,3298588
2021-05-21 10:00:26,633.65,3298190
2021-05-21 10:00:28,633.8,3301238
2021-05-21 10:00:29,633.65,3301868
2021-05-21 10:00:30,633.8,3302454
2021-05-21 10:00:31,633.75,3303464
2021-05-21 10:00:32,633.8,3303771
2021-05-21 10:00:32,633.6,3303922
2021-05-21 10:00:33,633.65,3304000
2021-05-21 10:00:35,633.6,3304808
2021-05-21 10:00:36,633.75,3305735
2021-05-21 10:00:37,633.75,3306478
2021-05-21 10:00:38,633.65,3307352
2021-05-21 10:00:39,633.55,3311927
2021-05-21 10:00:39,633.55,3311927
2021-05-21 10:00:41,633.7,3312976
2021-05-21 10:00:42,633.55,3313146
2021-05-21 10:00:43,633.6,3313307
2021-05-21 10:00:44,633.65,3314280
2021-05-21 10:00:44,633.7,3314255
2021-05-21 10:00:46,633.7,3314409
2021-05-21 10:00:47,633.55,3314917
2021-05-21 10:00:48,633.55,3315705
2021-05-21 10:00:49,633.55,3315791
2021-05-21 10:00:50,633.65,3317203
2021-05-21 10:00:50,633.65,3317203
2021-05-21 10:00:52,633.65,3318262
2021-05-21 10:00:53,633.6,3318377
2021-05-21 10:00:54,633.55,3318967
2021-05-21 10:00:55,633.6,3319484
2021-05-21 10:00:56,633.6,3319525
2021-05-21 10:00:56,633.6,3319525
2021-05-21 10:00:58,633.5,3322690
2021-05-21 10:00:59,633.55,3328985
2021-05-21 10:01:00,633.5,3330401
2021-05-21 10:01:01,633.6,3331224
2021-05-21 10:01:01,633.55,3331219
2021-05-21 10:01:03,633.55,3333518
2021-05-21 10:01:04,633.5,3334162
2021-05-21 10:01:05,633.5,3340376
2021-05-21 10:01:06,633.3,3341211
2021-05-21 10:01:07,633.3,3342403
2021-05-21 10:01:08,633.55,3343124
2021-05-21 10:01:08,633.3,3343229
2021-05-21 10:01:09,633.3,3343278
2021-05-21 10:01:11,633.3,3344570
2021-05-21 10:01:12,633.25,3345288
2021-05-21 10:01:13,633.4,3346297
2021-05-21 10:01:14,633.45,3346647
2021-05-21 10:01:15,633.45,3347013
2021-05-21 10:01:16,633.2,3348199
2021-05-21 10:01:19,633.25,3349330
2021-05-21 10:01:20,633.3,3349545
2021-05-21 10:01:21,633.2,3350958
2021-05-21 10:01:22,633.2,3353373
2021-05-21 10:01:24,633.1,3355366
2021-05-21 10:01:25,633.1,3355538
2021-05-21 10:01:26,632.9,3366989
2021-05-21 10:01:27,632.65,3369012
2021-05-21 10:01:28,632.65,3369897
2021-05-21 10:01:29,632.65,3371281
2021-05-21 10:01:30,632.7,3377087
2021-05-21 10:01:31,632.75,3377614
2021-05-21 10:01:32,632.7,3378416
2021-05-21 10:01:33,632.85,3379229
2021-05-21 10:01:34,632.65,3379513
2021-05-21 10:01:35,632.65,3384674
2021-05-21 10:01:36,632.7,3385699
2021-05-21 10:01:37,632.4,3385832
2021-05-21 10:01:38,632.4,3387242
2021-05-21 10:01:41,632.65,3389649
2021-05-21 10:01:42,632.55,3391848
2021-05-21 10:01:43,632.65,3392163
2021-05-21 10:01:44,632.55,3393295
2021-05-21 10:01:45,632.45,3393907
2021-05-21 10:01:46,632.5,3394808
2021-05-21 10:01:48,632.45,3396286
2021-05-21 10:01:49,632.4,3397509
2021-05-21 10:01:50,632.4,3398199
2021-05-21 10:01:51,632.4,3398571
2021-05-21 10:01:52,632.7,3402046
2021-05-21 10:01:53,632.45,3403026
2021-05-21 10:01:54,632.4,3403333
2021-05-21 10:01:55,632.4,3404239
2021-05-21 10:01:56,632.4,3404816
2021-05-21 10:01:57,632.45,3405299
2021-05-21 10:01:58,632.45,3405581
2021-05-21 10:01:59,632.5,3406015
2021-05-21 10:02:00,632.7,3406355
2021-05-21 10:02:01,632.6,3408239
2021-05-21 10:02:02,632.6,3408858
2021-05-21 10:02:03,632.6,3408858
2021-05-21 10:02:04,632.5,3409568
2021-05-21 10:02:05,632.65,3410802
2021-05-21 10:02:06,632.55,3410991
2021-05-21 10:02:07,632.55,3411076
2021-05-21 10:02:08,632.65,3443292
2021-05-21 10:02:09,632.7,3443760
2021-05-21 10:02:10,632.65,3444137
2021-05-21 10:02:12,632.75,3445678
2021-05-21 10:02:13,632.75,3447624
2021-05-21 10:02:14,633.0,3449167
2021-05-21 10:02:15,633.1,3449985
2021-05-21 10:02:17,632.85,3450376
2021-05-21 10:02:16,633.0,3450298
2021-05-21 10:02:18,633.05,3451336
2021-05-21 10:02:19,632.85,3453373
2021-05-21 10:02:20,632.85,3453992
2021-05-21 10:02:21,632.85,3454588
2021-05-21 10:02:22,632.85,3454895
2021-05-21 10:02:23,633.0,3455064
2021-05-21 10:02:24,632.85,3455439
2021-05-21 10:02:25,632.85,3455502
2021-05-21 10:02:26,632.85,3456250
2021-05-21 10:02:27,632.85,3456668
2021-05-21 10:02:28,633.0,3456961
2021-05-21 10:02:29,632.85,3457561
2021-05-21 10:02:30,633.0,3457643
2021-05-21 10:02:31,633.0,3458250
2021-05-21 10:02:32,633.0,3458881
2021-05-21 10:02:33,633.0,3459017
2021-05-21 10:02:34,633.0,3459678
2021-05-21 10:02:35,632.85,3459710
2021-05-21 10:02:36,632.85,3464766
2021-05-21 10:02:37,632.9,3465087
2021-05-21 10:02:38,632.9,3465442
2021-05-21 10:02:39,633.15,3471943
2021-05-21 10:02:40,633.15,3473015
2021-05-21 10:02:41,633.3,3473506
2021-05-21 10:02:42,633.35,3474753
2021-05-21 10:02:43,633.35,3474790
2021-05-21 10:02:44,633.45,3475458
2021-05-21 10:02:45,633.45,3475483
2021-05-21 10:02:46,633.3,3478068
2021-05-21 10:02:47,633.3,3478713
2021-05-21 10:02:48,633.3,3478778
2021-05-21 10:02:49,633.5,3479107
2021-05-21 10:02:50,633.45,3479846
2021-05-21 10:02:51,633.45,3480056
2021-05-21 10:02:52,633.35,3480203
2021-05-21 10:02:53,633.35,3483316
2021-05-21 10:02:54,633.35,3483532
2021-05-21 10:02:55,633.35,3484085
2021-05-21 10:02:56,633.5,3484268
2021-05-21 10:02:57,633.5,3485248
2021-05-21 10:02:59,633.35,3486434
2021-05-21 10:03:01,633.3,3493117
2021-05-21 10:03:02,633.25,3493175
2021-05-21 10:03:03,633.35,3498722
2021-05-21 10:03:04,633.4,3499128
2021-05-21 10:03:05,633.35,3499475
2021-05-21 10:03:06,633.4,3499575
2021-05-21 10:03:07,633.4,3500029
2021-05-21 10:03:08,633.35,3501513
2021-05-21 10:03:09,633.4,3502463
2021-05-21 10:03:10,633.4,3502468
2021-05-21 10:03:11,633.25,3504658
2021-05-21 10:03:12,633.25,3505665
2021-05-21 10:03:13,633.25,3506719
2021-05-21 10:03:14,633.25,3506764
2021-05-21 10:03:15,633.4,3508671
2021-05-21 10:03:17,633.3,3509340
2021-05-21 10:03:18,633.35,3509421
2021-05-21 10:03:19,633.45,3509863
2021-05-21 10:03:20,633.4,3510095
2021-05-21 10:03:21,633.35,3510588
2021-05-21 10:03:22,633.55,3519680
2021-05-21 10:03:23,633.7,3550719
2021-05-21 10:03:24,633.65,3551294
2021-05-21 10:03:25,633.65,3551437
2021-05-21 10:03:26,633.95,3552336
2021-05-21 10:03:27,633.85,3563573
2021-05-21 10:03:28,634.0,3573714
2021-05-21 10:03:29,634.0,3575517
2021-05-21 10:03:30,634.05,3607046
2021-05-21 10:03:31,634.25,3612428
2021-05-21 10:03:33,634.05,3613233
2021-05-21 10:03:32,634.05,3613122
2021-05-21 10:03:34,634.05,3615613
2021-05-21 10:03:35,634.25,3617475
2021-05-21 10:03:36,634.25,3622077
2021-05-21 10:03:37,634.15,3627515
2021-05-21 10:03:38,634.05,3628557
2021-05-21 10:03:39,634.15,3629358
2021-05-21 10:03:40,634.1,3630343
2021-05-21 10:03:41,634.0,3630351
2021-05-21 10:03:42,633.9,3631283
2021-05-21 10:03:43,634.0,3631442
2021-05-21 10:03:44,633.95,3631977
2021-05-21 10:03:45,634.05,3636967
2021-05-21 10:03:46,634.0,3638538
2021-05-21 10:03:47,634.1,3639492
2021-05-21 10:03:48,634.0,3639953
2021-05-21 10:03:49,634.0,3641077
2021-05-21 10:03:50,634.05,3642704
2021-05-21 10:03:51,634.1,3644706
2021-05-21 10:03:52,634.25,3645471
2021-05-21 10:03:53,634.2,3646235
2021-05-21 10:03:54,634.15,3647893
2021-05-21 10:03:55,634.15,3648676
2021-05-21 10:03:56,634.15,3648942
2021-05-21 10:03:57,634.2,3650210
2021-05-21 10:03:59,634.25,3650575
2021-05-21 10:04:00,634.2,3651816
2021-05-21 10:04:00,634.2,3651876
2021-05-21 10:04:01,634.1,3653019
2021-05-21 10:04:02,634.05,3654213
2021-05-21 10:04:03,634.05,3654241
2021-05-21 10:04:04,634.0,3654806
2021-05-21 10:04:05,634.25,3655322
2021-05-21 10:04:07,634.25,3656440
2021-05-21 10:04:08,634.25,3656929
2021-05-21 10:04:09,634.2,3657141
2021-05-21 10:04:10,634.2,3658202
2021-05-21 10:04:11,634.25,3659695
2021-05-21 10:04:12,634.25,3661076
2021-05-21 10:04:13,634.15,3661393
2021-05-21 10:04:14,634.2,3662033
2021-05-21 10:04:15,634.3,3662955
2021-05-21 10:04:17,634.15,3663818
2021-05-21 10:04:18,634.2,3664525
2021-05-21 10:04:18,634.2,3664524
2021-05-21 10:04:22,634.25,3667324
2021-05-21 10:04:23,634.3,3668381
2021-05-21 10:04:24,634.3,3669070
2021-05-21 10:04:25,634.25,3670173
2021-05-21 10:04:26,634.3,3670438
2021-05-21 10:04:27,634.3,3671069
2021-05-21 10:04:30,634.3,3675616
2021-05-21 10:04:32,634.25,3676467
2021-05-21 10:04:33,634.1,3678008
2021-05-21 10:04:33,634.2,3678047
2021-05-21 10:04:34,634.0,3680849
2021-05-21 10:04:35,634.3,3681374
2021-05-21 10:04:36,634.3,3682159
2021-05-21 10:04:37,634.15,3682645
2021-05-21 10:04:38,634.25,3683813
2021-05-21 10:04:40,634.25,3685764
2021-05-21 10:04:41,634.15,3685990
2021-05-21 10:04:43,634.25,3687863
2021-05-21 10:04:43,634.2,3687908
2021-05-21 10:04:44,634.1,3688588
2021-05-21 10:04:45,634.1,3689748
2021-05-21 10:04:46,634.2,3691962
2021-05-21 10:04:47,634.2,3692624
2021-05-21 10:04:48,634.1,3693044
2021-05-21 10:04:49,634.2,3693230
2021-05-21 10:04:50,634.25,3695541
2021-05-21 10:04:52,634.1,3696673
2021-05-21 10:04:53,634.2,3697266
2021-05-21 10:04:55,634.2,3699705
2021-05-21 10:04:55,634.2,3699905
2021-05-21 10:04:56,634.2,3701672
2021-05-21 10:04:57,634.2,3701884
2021-05-21 10:04:58,634.2,3702462
2021-05-21 10:04:59,634.25,3703538
2021-05-21 10:05:00,634.4,3706180
2021-05-21 10:05:01,634.45,3714022
2021-05-21 10:05:02,634.3,3718768
2021-05-21 10:05:03,634.55,3720161
2021-05-21 10:05:04,634.65,3722748
2021-05-21 10:05:06,634.65,3723946
2021-05-21 10:05:06,634.45,3724530
2021-05-21 10:05:07,634.5,3725987
2021-05-21 10:05:08,634.35,3726770
2021-05-21 10:05:09,634.35,3727164
2021-05-21 10:05:10,634.45,3727661
2021-05-21 10:05:11,634.55,3728122
2021-05-21 10:05:12,634.5,3729806
2021-05-21 10:05:13,634.5,3730183
2021-05-21 10:05:14,634.5,3731269
2021-05-21 10:05:15,634.5,3732045
2021-05-21 10:05:16,634.5,3732146
2021-05-21 10:05:17,634.7,3732947
2021-05-21 10:05:19,634.5,3733401
2021-05-21 10:05:19,634.5,3733401
2021-05-21 10:05:20,634.65,3734596
2021-05-21 10:05:21,634.4,3736579
2021-05-21 10:05:22,634.45,3737260
2021-05-21 10:05:23,634.75,3739144
2021-05-21 10:05:25,634.5,3742701
2021-05-21 10:05:27,634.6,3744093
2021-05-21 10:05:28,634.6,3744689
2021-05-21 10:05:30,634.6,3745323
2021-05-21 10:05:30,634.6,3745323
2021-05-21 10:05:31,634.65,3747992
2021-05-21 10:05:32,634.6,3748505
2021-05-21 10:05:33,634.5,3750369
2021-05-21 10:05:34,634.55,3750699
2021-05-21 10:05:35,634.6,3754538
2021-05-21 10:05:36,634.6,3754930
2021-05-21 10:05:38,634.55,3757882
2021-05-21 10:05:39,634.7,3758228
2021-05-21 10:05:40,634.65,3758795
2021-05-21 10:05:42,634.75,3759239
2021-05-21 10:05:42,634.8,3759553
2021-05-21 10:05:43,634.8,3760090
2021-05-21 10:05:44,634.8,3760723
2021-05-21 10:05:45,634.65,3762570
2021-05-21 10:05:46,634.65,3764218
2021-05-21 10:05:47,634.7,3765047
2021-05-21 10:05:48,634.6,3766313
2021-05-21 10:05:49,634.7,3766768
2021-05-21 10:05:51,634.8,3768313
2021-05-21 10:05:51,634.65,3768413
2021-05-21 10:05:52,634.65,3769464
2021-05-21 10:05:53,634.5,3771098
2021-05-21 10:05:54,634.5,3771517
2021-05-21 10:05:56,634.75,3771947
2021-05-21 10:05:57,634.75,3772992
2021-05-21 10:05:58,634.6,3774224
2021-05-21 10:05:58,634.6,3774224
2021-05-21 10:05:59,634.6,3774559
2021-05-21 10:06:00,634.5,3778778
2021-05-21 10:06:03,634.5,3781026
2021-05-21 10:06:03,634.6,3780819
2021-05-21 10:06:04,634.4,3781871
2021-05-21 10:06:06,634.4,3783189
2021-05-21 10:06:07,634.4,3784264
2021-05-21 10:06:08,634.3,3784702
2021-05-21 10:06:09,634.45,3785453
2021-05-21 10:06:10,634.2,3787998
2021-05-21 10:06:11,634.4,3788673
2021-05-21 10:06:13,634.2,3788861
2021-05-21 10:06:14,634.35,3789925
2021-05-21 10:06:15,634.2,3790732
2021-05-21 10:06:16,634.4,3792255
2021-05-21 10:06:17,634.2,3793064
2021-05-21 10:06:17,634.2,3793063
2021-05-21 10:06:18,634.1,3794132
2021-05-21 10:06:19,634.2,3794335
2021-05-21 10:06:21,634.35,3796340
2021-05-21 10:06:23,634.1,3797704
2021-05-21 10:06:24,634.2,3797928
2021-05-21 10:06:25,634.4,3798440
2021-05-21 10:06:26,634.2,3799485
2021-05-21 10:06:27,634.3,3802667
2021-05-21 10:06:30,634.0,3806888
2021-05-21 10:06:30,634.0,3806888
2021-05-21 10:06:31,634.15,3807017
2021-05-21 10:06:32,634.15,3807402
2021-05-21 10:06:33,634.1,3809187
2021-05-21 10:06:34,634.1,3809354
2021-05-21 10:06:35,634.0,3811135
2021-05-21 10:06:36,634.1,3813206
2021-05-21 10:06:37,634.05,3813776
2021-05-21 10:06:38,634.3,3814984
2021-05-21 10:06:39,634.05,3815523
2021-05-21 10:06:40,634.2,3815689
2021-05-21 10:06:41,634.1,3815970
2021-05-21 10:06:42,634.0,3816480
2021-05-21 10:06:43,634.0,3816881
2021-05-21 10:06:44,633.8,3834762
2021-05-21 10:06:45,633.7,3836603
2021-05-21 10:06:46,633.9,3836888
2021-05-21 10:06:48,633.6,3842383
2021-05-21 10:06:50,633.55,3846733
2021-05-21 10:06:51,633.85,3846988
2021-05-21 10:06:52,633.6,3848021
2021-05-21 10:06:53,633.85,3848328
2021-05-21 10:06:56,633.6,3849479
2021-05-21 10:06:57,633.85,3849969
2021-05-21 10:06:58,633.6,3851081
2021-05-21 10:06:59,634.0,3852316
2021-05-21 10:07:00,633.75,3853647
2021-05-21 10:07:01,634.0,3854701
2021-05-21 10:07:02,633.95,3855286
2021-05-21 10:07:03,634.2,3856246
2021-05-21 10:07:04,634.2,3856856
2021-05-21 10:07:05,634.0,3857146
2021-05-21 10:07:06,634.15,3857576
2021-05-21 10:07:07,634.0,3858500
2021-05-21 10:07:08,633.95,3858892
2021-05-21 10:07:08,634.0,3858896
2021-05-21 10:07:10,634.05,3861097
2021-05-21 10:07:11,634.2,3862161
2021-05-21 10:07:12,634.0,3862672
2021-05-21 10:07:13,634.2,3863033
2021-05-21 10:07:14,634.15,3868330
2021-05-21 10:07:15,633.95,3868520
2021-05-21 10:07:15,634.05,3868485
2021-05-21 10:07:16,633.85,3870655
2021-05-21 10:07:17,634.0,3870943
2021-05-21 10:07:18,634.0,3871006
2021-05-21 10:07:19,634.0,3871267
2021-05-21 10:07:21,634.0,3872682
2021-05-21 10:07:22,633.85,3872824
2021-05-21 10:07:23,634.0,3873147
2021-05-21 10:07:24,634.0,3873289
2021-05-21 10:07:25,633.85,3873369
2021-05-21 10:07:26,633.85,3874132
2021-05-21 10:07:27,634.0,3874988
2021-05-21 10:07:28,634.0,3875108
2021-05-21 10:07:29,634.0,3875747
2021-05-21 10:07:30,633.95,3876118
2021-05-21 10:07:31,634.0,3876764
2021-05-21 10:07:32,633.85,3876871
2021-05-21 10:07:33,633.7,3877681
2021-05-21 10:07:34,633.9,3877686
2021-05-21 10:07:35,633.9,3877686
2021-05-21 10:07:36,633.85,3877876
2021-05-21 10:07:37,633.7,3878240
2021-05-21 10:07:38,633.6,3879979
2021-05-21 10:07:39,633.7,3880309
2021-05-21 10:07:40,633.75,3880578
2021-05-21 10:07:41,633.7,3880802
2021-05-21 10:07:42,633.7,3881026
2021-05-21 10:07:43,633.7,3881034
2021-05-21 10:07:44,633.7,3881651
2021-05-21 10:07:45,633.7,3882207
2021-05-21 10:07:46,633.7,3882629
2021-05-21 10:07:47,633.7,3883604
2021-05-21 10:07:48,633.6,3883668
2021-05-21 10:07:49,633.5,3884581
2021-05-21 10:07:50,633.7,3885805
2021-05-21 10:07:51,633.55,3888878
2021-05-21 10:07:52,633.4,3891327
2021-05-21 10:07:53,633.55,3891596
2021-05-21 10:07:54,633.45,3892951
2021-05-21 10:07:55,633.4,3893524
2021-05-21 10:07:56,633.3,3897673
2021-05-21 10:07:57,633.15,3898828
2021-05-21 10:07:58,633.45,3899645
2021-05-21 10:07:59,633.2,3900786
2021-05-21 10:08:01,633.15,3901976
2021-05-21 10:08:02,633.1,3903634
2021-05-21 10:08:03,633.75,3907047
2021-05-21 10:08:04,633.55,3907689
2021-05-21 10:08:05,633.55,3908405
2021-05-21 10:08:07,633.5,3910998
2021-05-21 10:08:08,633.5,3911619
2021-05-21 10:08:09,633.7,3912181
2021-05-21 10:08:10,633.45,3912383
2021-05-21 10:08:10,633.5,3912422
2021-05-21 10:08:11,633.55,3913645
2021-05-21 10:08:12,633.45,3915679
2021-05-21 10:08:13,633.7,3915805
2021-05-21 10:08:14,633.6,3916144
2021-05-21 10:08:15,633.7,3916365
2021-05-21 10:08:16,633.5,3916614
2021-05-21 10:08:17,633.5,3916633
2021-05-21 10:08:18,633.5,3917134
2021-05-21 10:08:19,633.5,3917409
2021-05-21 10:08:20,633.7,3917556
2021-05-21 10:08:21,633.7,3917820
2021-05-21 10:08:22,633.5,3917863
2021-05-21 10:08:23,633.5,3918005
2021-05-21 10:08:25,633.7,3918063
2021-05-21 10:08:26,633.5,3918093
2021-05-21 10:08:27,633.5,3918268
2021-05-21 10:08:28,633.5,3918737
2021-05-21 10:08:29,633.7,3918998
2021-05-21 10:08:30,633.7,3920548
2021-05-21 10:08:30,633.7,3920543
2021-05-21 10:08:31,633.7,3920697
2021-05-21 10:08:32,633.7,3921135
2021-05-21 10:08:33,633.85,3921485
2021-05-21 10:08:34,633.6,3921865
2021-05-21 10:08:35,633.7,3922374
2021-05-21 10:08:36,633.65,3922437
2021-05-21 10:08:37,633.7,3922663
2021-05-21 10:08:38,633.7,3922853
2021-05-21 10:08:39,633.85,3922906
2021-05-21 10:08:41,633.85,3922906
2021-05-21 10:08:41,633.8,3922945
2021-05-21 10:08:42,633.7,3923148
2021-05-21 10:08:43,633.7,3923259
2021-05-21 10:08:44,633.8,3923410
2021-05-21 10:08:45,633.7,3924851
2021-05-21 10:08:46,633.7,3925005
2021-05-21 10:08:47,633.8,3925453
2021-05-21 10:08:48,633.7,3925489
2021-05-21 10:08:49,633.7,3925872
2021-05-21 10:08:50,633.6,3925922
2021-05-21 10:08:51,633.6,3926025
2021-05-21 10:08:53,633.7,3926093
2021-05-21 10:08:54,633.6,3927096
2021-05-21 10:08:55,633.7,3927439
2021-05-21 10:08:56,633.65,3927639
2021-05-21 10:08:57,633.75,3928433
2021-05-21 10:08:58,633.8,3929003
2021-05-21 10:08:58,633.5,3928573
2021-05-21 10:08:59,633.55,3929633
2021-05-21 10:09:00,633.8,3930146
2021-05-21 10:09:01,633.55,3930234
2021-05-21 10:09:02,633.6,3930952
2021-05-21 10:09:03,633.6,3931242
2021-05-21 10:09:04,633.5,3931409
2021-05-21 10:09:05,633.5,3931737
2021-05-21 10:09:06,633.5,3931803
2021-05-21 10:09:07,633.7,3932037
2021-05-21 10:09:08,633.5,3932055
2021-05-21 10:09:10,633.7,3932135
2021-05-21 10:09:11,633.6,3933964
2021-05-21 10:09:12,633.55,3933997
2021-05-21 10:09:13,633.6,3935071
2021-05-21 10:09:14,633.6,3935208
2021-05-21 10:09:15,633.7,3935605
2021-05-21 10:09:15,633.7,3935606
2021-05-21 10:09:16,633.6,3936381
2021-05-21 10:09:17,633.6,3937134
2021-05-21 10:09:18,633.6,3937227
2021-05-21 10:09:19,633.65,3947890
2021-05-21 10:09:20,633.6,3948830
2021-05-21 10:09:22,633.7,3949218
2021-05-21 10:09:23,633.7,3950207
2021-05-21 10:09:24,633.6,3950785
2021-05-21 10:09:26,633.7,3951097
2021-05-21 10:09:27,633.6,3951305
2021-05-21 10:09:28,633.6,3951409
2021-05-21 10:09:29,633.6,3951474
2021-05-21 10:09:29,633.6,3951799
2021-05-21 10:09:31,633.7,3952043
2021-05-21 10:09:32,633.7,3952079
2021-05-21 10:09:33,633.7,3952177
2021-05-21 10:09:34,633.5,3955458
2021-05-21 10:09:35,633.7,3955585
2021-05-21 10:09:35,633.7,3955915
2021-05-21 10:09:36,633.7,3956429
2021-05-21 10:09:38,633.5,3957112
2021-05-21 10:09:38,633.5,3957473
2021-05-21 10:09:40,633.5,3957912
2021-05-21 10:09:41,633.5,3958115
2021-05-21 10:09:42,633.5,3958175
2021-05-21 10:09:43,633.5,3959121
2021-05-21 10:09:44,633.4,3959341
2021-05-21 10:09:44,633.4,3959347
2021-05-21 10:09:45,633.6,3959538
2021-05-21 10:09:46,633.5,3959581
2021-05-21 10:09:47,633.5,3959801
2021-05-21 10:09:48,633.5,3960301
2021-05-21 10:09:49,633.5,3960592
2021-05-21 10:09:50,633.6,3960786
2021-05-21 10:09:51,633.4,3961670
2021-05-21 10:09:52,633.4,3961752
2021-05-21 10:09:53,633.5,3961813
2021-05-21 10:09:54,633.4,3962410
2021-05-21 10:09:55,633.4,3963229
2021-05-21 10:09:56,633.5,3963474
2021-05-21 10:09:57,633.4,3963692
2021-05-21 10:09:59,633.5,3963926
2021-05-21 10:10:00,633.5,3963963
2021-05-21 10:10:01,633.5,3964190
2021-05-21 10:10:02,633.5,3964273
2021-05-21 10:10:03,633.4,3964626
2021-05-21 10:10:04,633.4,3965755
2021-05-21 10:10:05,633.5,3965865
2021-05-21 10:10:05,633.4,3965867
2021-05-21 10:10:06,633.4,3965938
2021-05-21 10:10:07,633.3,3966030
2021-05-21 10:10:08,633.35,3966113
2021-05-21 10:10:09,633.35,3966653
2021-05-21 10:10:10,633.25,3967015
2021-05-21 10:10:11,633.25,3967070
2021-05-21 10:10:12,633.25,3967560
2021-05-21 10:10:15,633.15,3973744
2021-05-21 10:10:15,633.2,3973871
2021-05-21 10:10:16,633.45,3974299
2021-05-21 10:10:18,633.1,3975754
2021-05-21 10:10:19,633.1,3976413
2021-05-21 10:10:20,633.2,3976750
2021-05-21 10:10:21,633.2,3977232
2021-05-21 10:10:22,633.15,3977603
2021-05-21 10:10:23,633.1,3980677
2021-05-21 10:10:24,633.15,3985130
2021-05-21 10:10:25,633.15,3986382
2021-05-21 10:10:25,633.15,3986285
2021-05-21 10:10:26,633.0,3988672
2021-05-21 10:10:27,632.9,4002792
2021-05-21 10:10:29,632.85,4003774
2021-05-21 10:10:29,632.8,4006242
2021-05-21 10:10:30,632.8,4006493
2021-05-21 10:10:31,632.8,4006937
2021-05-21 10:10:33,632.75,4010138
2021-05-21 10:10:34,632.75,4010699
2021-05-21 10:10:34,632.7,4015094
2021-05-21 10:10:36,632.7,4015299
2021-05-21 10:10:36,632.7,4015809
2021-05-21 10:10:37,632.75,4018926
2021-05-21 10:10:38,632.8,4019718
2021-05-21 10:10:39,632.55,4020171
2021-05-21 10:10:41,632.6,4020942
2021-05-21 10:10:42,632.55,4021607
2021-05-21 10:10:43,632.7,4026757
2021-05-21 10:10:44,632.5,4027920
2021-05-21 10:10:45,632.6,4028194
2021-05-21 10:10:46,632.4,4031848
2021-05-21 10:10:47,632.6,4033240
2021-05-21 10:10:48,632.6,4034382
2021-05-21 10:10:49,632.6,4034393
2021-05-21 10:10:50,632.6,4036714
2021-05-21 10:10:50,632.6,4036892
2021-05-21 10:10:51,632.75,4037439
2021-05-21 10:10:53,632.5,4038840
2021-05-21 10:10:53,632.5,4039020
2021-05-21 10:10:54,632.4,4039506
2021-05-21 10:10:55,632.4,4039980
2021-05-21 10:10:56,632.4,4040563
2021-05-21 10:10:57,632.6,4040781
2021-05-21 10:10:58,632.4,4041974
2021-05-21 10:11:00,632.6,4043372
2021-05-21 10:11:01,632.6,4043723
2021-05-21 10:11:02,632.35,4044556
2021-05-21 10:11:03,632.35,4046169
2021-05-21 10:11:04,632.4,4047669
2021-05-21 10:11:05,632.4,4048385
2021-05-21 10:11:06,632.4,4048933
2021-05-21 10:11:07,632.3,4049205
2021-05-21 10:11:08,632.3,4049428
2021-05-21 10:11:09,632.5,4050564
2021-05-21 10:11:10,632.25,4052165
2021-05-21 10:11:11,632.45,4053232
2021-05-21 10:11:12,632.35,4054005
2021-05-21 10:11:13,632.3,4054529
2021-05-21 10:11:14,632.25,4057132
2021-05-21 10:11:15,632.35,4059164
2021-05-21 10:11:16,632.25,4059552
2021-05-21 10:11:17,632.4,4070219
2021-05-21 10:11:18,632.4,4070924
2021-05-21 10:11:18,632.15,4071379
2021-05-21 10:11:19,632.35,4071694
2021-05-21 10:11:20,632.4,4073075
2021-05-21 10:11:21,632.3,4073205
2021-05-21 10:11:22,632.15,4075236
2021-05-21 10:11:23,632.2,4076589
2021-05-21 10:11:25,632.15,4077930
2021-05-21 10:11:26,632.1,4078590
2021-05-21 10:11:27,632.35,4079142
2021-05-21 10:11:28,632.35,4079871
2021-05-21 10:11:29,632.15,4080093
2021-05-21 10:11:30,632.25,4081035
2021-05-21 10:11:31,632.25,4081477
2021-05-21 10:11:32,632.4,4084363
2021-05-21 10:11:33,632.35,4084817
2021-05-21 10:11:34,632.45,4087132
2021-05-21 10:11:35,632.45,4088805
2021-05-21 10:11:36,632.35,4090314
2021-05-21 10:11:36,632.35,4090315
2021-05-21 10:11:37,632.5,4090522
2021-05-21 10:11:38,632.3,4093302
2021-05-21 10:11:39,632.3,4093526
2021-05-21 10:11:41,632.35,4093916
2021-05-21 10:11:42,632.35,4094441
2021-05-21 10:11:43,632.35,4096046
2021-05-21 10:11:44,632.35,4096205
2021-05-21 10:11:45,632.25,4096626
2021-05-21 10:11:45,632.25,4096661
2021-05-21 10:11:46,632.25,4099036
2021-05-21 10:11:47,632.3,4105802
2021-05-21 10:11:49,632.25,4106006
2021-05-21 10:11:50,632.3,4106140
2021-05-21 10:11:51,632.3,4106731
2021-05-21 10:11:52,632.25,4108235
2021-05-21 10:11:53,632.25,4108626
2021-05-21 10:11:54,632.15,4109148
2021-05-21 10:11:55,632.25,4109815
2021-05-21 10:11:56,632.25,4110107
2021-05-21 10:11:57,632.25,4111025
2021-05-21 10:11:58,632.25,4111081
2021-05-21 10:11:59,632.25,4111612
2021-05-21 10:12:00,632.25,4111751
2021-05-21 10:12:01,632.3,4113152
2021-05-21 10:12:02,632.25,4113464
2021-05-21 10:12:03,632.25,4114189
2021-05-21 10:12:04,632.3,4117440
2021-05-21 10:12:04,632.3,4117441
2021-05-21 10:12:05,632.3,4118771
2021-05-21 10:12:06,632.3,4119026
2021-05-21 10:12:08,632.15,4119109
2021-05-21 10:12:09,632.15,4120088
2021-05-21 10:12:10,632.25,4120576
2021-05-21 10:12:11,632.25,4120712
2021-05-21 10:12:12,632.1,4121878
2021-05-21 10:12:13,632.25,4123110
2021-05-21 10:12:13,632.1,4123104
2021-05-21 10:12:16,632.15,4123405
2021-05-21 10:12:17,632.15,4124045
2021-05-21 10:12:18,632.25,4134630
2021-05-21 10:12:19,632.25,4139516
2021-05-21 10:12:19,632.25,4139516
2021-05-21 10:12:22,632.35,4140013
2021-05-21 10:12:24,632.4,4141031
2021-05-21 10:12:25,632.3,4141493
2021-05-21 10:12:26,632.4,4141564
2021-05-21 10:12:27,632.4,4141730
2021-05-21 10:12:28,632.45,4142693
2021-05-21 10:12:29,632.45,4143189
2021-05-21 10:12:31,632.6,4146775
2021-05-21 10:12:30,632.4,4143689
2021-05-21 10:12:32,632.4,4147342
2021-05-21 10:12:33,632.5,4147544
2021-05-21 10:12:34,632.4,4147735
2021-05-21 10:12:35,632.45,4148411
2021-05-21 10:12:36,632.45,4148510
2021-05-21 10:12:37,632.45,4148603
2021-05-21 10:12:38,632.4,4149157
2021-05-21 10:12:39,632.45,4149281
2021-05-21 10:12:40,632.45,4149441
2021-05-21 10:12:41,632.4,4150758
2021-05-21 10:12:42,632.35,4150827
2021-05-21 10:12:43,632.35,4150832
2021-05-21 10:12:44,632.35,4150842
2021-05-21 10:12:45,632.4,4150931
2021-05-21 10:12:46,632.35,4151609
2021-05-21 10:12:47,632.4,4152450
2021-05-21 10:12:48,632.5,4152906
2021-05-21 10:12:49,632.5,4153485
2021-05-21 10:12:50,632.5,4153884
2021-05-21 10:12:51,632.7,4156548
2021-05-21 10:12:52,632.5,4158830
2021-05-21 10:12:53,632.45,4159132
2021-05-21 10:12:54,632.7,4161441
2021-05-21 10:12:55,632.7,4162145
2021-05-21 10:12:56,632.7,4162354
2021-05-21 10:12:57,632.5,4162379
2021-05-21 10:12:58,632.85,4166334
2021-05-21 10:12:59,632.75,4167041
2021-05-21 10:13:00,632.75,4167211
2021-05-21 10:13:01,632.95,4167925
2021-05-21 10:13:02,632.75,4168096
2021-05-21 10:13:03,632.75,4168288
2021-05-21 10:13:04,632.75,4168713
2021-05-21 10:13:05,632.9,4168841
2021-05-21 10:13:06,632.9,4168981
2021-05-21 10:13:07,632.85,4169089
2021-05-21 10:13:08,632.75,4169308
2021-05-21 10:13:09,632.65,4171078
2021-05-21 10:13:10,632.75,4172078
2021-05-21 10:13:11,632.7,4172288
2021-05-21 10:13:12,632.5,4173282
2021-05-21 10:13:13,632.5,4173392
2021-05-21 10:13:14,632.75,4173692
2021-05-21 10:13:15,632.5,4174622
2021-05-21 10:13:16,632.7,4175813
2021-05-21 10:13:17,632.5,4176175
2021-05-21 10:13:18,632.65,4178012
2021-05-21 10:13:19,632.65,4178012
2021-05-21 10:13:20,632.4,4178212
2021-05-21 10:13:21,632.7,4178245
2021-05-21 10:13:22,632.5,4178383
2021-05-21 10:13:23,632.4,4179566
2021-05-21 10:13:24,632.4,4179959
2021-05-21 10:13:25,632.65,4180006
2021-05-21 10:13:26,632.7,4180287
2021-05-21 10:13:28,632.75,4182671
2021-05-21 10:13:29,632.4,4183324
2021-05-21 10:13:30,632.55,4183340
2021-05-21 10:13:31,632.55,4183348
2021-05-21 10:13:32,632.65,4183361
2021-05-21 10:13:33,632.7,4183475
2021-05-21 10:13:34,632.6,4183782
2021-05-21 10:13:35,632.55,4183932
2021-05-21 10:13:37,632.6,4183964
2021-05-21 10:13:38,632.55,4184723
2021-05-21 10:13:39,632.55,4184723
2021-05-21 10:13:40,632.7,4184945
2021-05-21 10:13:41,632.5,4185201
2021-05-21 10:13:42,632.55,4185629
2021-05-21 10:13:43,632.55,4185729
2021-05-21 10:13:44,632.55,4185966
2021-05-21 10:13:46,632.55,4186170
2021-05-21 10:13:47,632.45,4186201
2021-05-21 10:13:48,632.6,4187228
2021-05-21 10:13:49,632.55,4188207
2021-05-21 10:13:50,632.55,4188231
2021-05-21 10:13:51,632.5,4188502
2021-05-21 10:13:52,632.45,4189017
2021-05-21 10:13:53,632.5,4189111
2021-05-21 10:13:54,632.55,4189162
2021-05-21 10:13:55,632.55,4189668
2021-05-21 10:13:56,632.55,4189709
2021-05-21 10:13:57,632.55,4191031
2021-05-21 10:13:58,632.4,4191799
2021-05-21 10:13:59,632.7,4191892
2021-05-21 10:14:00,632.65,4191903
2021-05-21 10:14:01,632.75,4193081
2021-05-21 10:14:02,632.5,4193570
2021-05-21 10:14:03,632.5,4193732
2021-05-21 10:14:04,632.7,4193756
2021-05-21 10:14:05,632.5,4193943
2021-05-21 10:14:06,632.5,4193948
2021-05-21 10:14:07,632.5,4194082
2021-05-21 10:14:08,632.65,4194193
2021-05-21 10:14:09,632.55,4194281
2021-05-21 10:14:10,632.55,4194303
2021-05-21 10:14:11,632.55,4194308
2021-05-21 10:14:12,632.45,4195041
2021-05-21 10:14:13,632.45,4195248
2021-05-21 10:14:14,632.45,4195248
2021-05-21 10:14:15,632.65,4195348
2021-05-21 10:14:16,632.5,4195405
2021-05-21 10:14:17,632.5,4196652
2021-05-21 10:14:18,632.5,4196892
2021-05-21 10:14:19,632.55,4197037
2021-05-21 10:14:20,632.65,4197947
2021-05-21 10:14:21,632.6,4198462
2021-05-21 10:14:22,632.65,4198648
2021-05-21 10:14:23,632.6,4198690
2021-05-21 10:14:24,632.55,4198797
2021-05-21 10:14:26,632.55,4199277
2021-05-21 10:14:27,632.55,4199438
2021-05-21 10:14:28,632.55,4199844
2021-05-21 10:14:29,632.6,4200078
2021-05-21 10:14:31,632.6,4200289
2021-05-21 10:14:32,632.6,4200384
2021-05-21 10:14:32,632.55,4200391
2021-05-21 10:14:34,632.5,4200951
2021-05-21 10:14:35,632.6,4201158
2021-05-21 10:14:36,632.6,4201539
2021-05-21 10:14:38,632.6,4201604
2021-05-21 10:14:38,632.6,4201604
2021-05-21 10:14:39,632.5,4201964
2021-05-21 10:14:40,632.6,4202219
2021-05-21 10:14:41,632.5,4202279
2021-05-21 10:14:42,632.55,4202326
2021-05-21 10:14:43,632.6,4202402
2021-05-21 10:14:44,632.55,4202417
2021-05-21 10:14:45,632.6,4202681
2021-05-21 10:14:46,632.65,4202684
2021-05-21 10:14:47,632.6,4202867
2021-05-21 10:14:48,632.6,4203009
2021-05-21 10:14:49,632.6,4203099
2021-05-21 10:14:50,632.6,4203404
2021-05-21 10:14:52,632.65,4203586
2021-05-21 10:14:52,632.6,4203554
2021-05-21 10:14:53,632.65,4204092
2021-05-21 10:14:54,632.6,4204220
2021-05-21 10:14:55,632.65,4204664
2021-05-21 10:14:56,632.65,4204697
2021-05-21 10:14:57,632.65,4204864
2021-05-21 10:14:58,632.65,4204887
2021-05-21 10:14:59,632.65,4204889
2021-05-21 10:15:01,632.6,4205131
2021-05-21 10:15:01,632.6,4205262
2021-05-21 10:15:02,632.65,4207087
2021-05-21 10:15:03,632.65,4207460
2021-05-21 10:15:04,632.65,4208933
2021-05-21 10:15:05,632.7,4209252
2021-05-21 10:15:06,632.7,4209813
2021-05-21 10:15:07,632.7,4211347
2021-05-21 10:15:09,632.7,4211375
2021-05-21 10:15:09,632.7,4211634
2021-05-21 10:15:10,632.75,4211849
2021-05-21 10:15:12,632.7,4212016
2021-05-21 10:15:14,632.65,4212160
2021-05-21 10:15:15,632.65,4212226
2021-05-21 10:15:16,632.7,4212490
2021-05-21 10:15:17,632.65,4212866
2021-05-21 10:15:18,632.75,4213169
2021-05-21 10:15:19,632.65,4213352
2021-05-21 10:15:20,632.75,4213415
2021-05-21 10:15:21,632.75,4213587
2021-05-21 10:15:23,632.7,4213729
2021-05-21 10:15:23,632.7,4213729
2021-05-21 10:15:24,632.7,4213740
2021-05-21 10:15:25,632.75,4214083
2021-05-21 10:15:26,632.75,4214119
2021-05-21 10:15:27,632.75,4214233
2021-05-21 10:15:28,632.75,4214350
2021-05-21 10:15:29,632.75,4214463
2021-05-21 10:15:30,632.7,4214588
2021-05-21 10:15:31,632.75,4214653
2021-05-21 10:15:32,632.75,4215627
2021-05-21 10:15:33,632.7,4215907
2021-05-21 10:15:34,632.7,4216182
2021-05-21 10:15:36,632.85,4216952
2021-05-21 10:15:37,633.15,4257050
2021-05-21 10:15:37,633.0,4257300
2021-05-21 10:15:39,633.2,4258289
2021-05-21 10:15:40,633.2,4259255
2021-05-21 10:15:41,633.0,4261951
2021-05-21 10:15:42,633.0,4263158
2021-05-21 10:15:43,633.2,4264380
2021-05-21 10:15:42,633.2,4263208
2021-05-21 10:15:44,633.25,4266127
2021-05-21 10:15:45,633.25,4266801
2021-05-21 10:15:46,633.25,4267062
2021-05-21 10:15:47,633.25,4267365
2021-05-21 10:15:48,633.2,4267413
2021-05-21 10:15:49,633.5,4293918
2021-05-21 10:15:50,633.55,4293964
2021-05-21 10:15:51,633.55,4294158
2021-05-21 10:15:52,633.6,4296042
2021-05-21 10:15:53,633.5,4296852
2021-05-21 10:15:54,633.45,4297318
2021-05-21 10:15:55,633.4,4297428
2021-05-21 10:15:56,633.5,4298188
2021-05-21 10:15:57,633.45,4298913
2021-05-21 10:15:58,633.6,4300145
2021-05-21 10:16:00,633.6,4300860
2021-05-21 10:16:00,633.6,4300860
2021-05-21 10:16:01,633.5,4301207
2021-05-21 10:16:02,633.45,4302010
2021-05-21 10:16:03,633.45,4302168
2021-05-21 10:16:04,633.5,4302504
2021-05-21 10:16:05,633.6,4303635
2021-05-21 10:16:06,633.5,4303698
2021-05-21 10:16:07,633.65,4304164
2021-05-21 10:16:08,633.5,4304912
2021-05-21 10:16:09,633.7,4307563
2021-05-21 10:16:11,633.5,4309713
2021-05-21 10:16:12,633.5,4312240
2021-05-21 10:16:12,633.5,4312241
2021-05-21 10:16:13,633.6,4312508
2021-05-21 10:16:14,633.5,4315121
2021-05-21 10:16:15,633.55,4315959
2021-05-21 10:16:16,633.6,4316131
2021-05-21 10:16:18,633.5,4316292
2021-05-21 10:16:19,633.55,4317407
2021-05-21 10:16:19,633.55,4317407
2021-05-21 10:16:20,633.45,4319084
2021-05-21 10:16:21,633.55,4319131
2021-05-21 10:16:22,633.5,4319516
2021-05-21 10:16:23,633.6,4319713
2021-05-21 10:16:24,633.55,4321027
2021-05-21 10:16:25,633.6,4321206
2021-05-21 10:16:26,633.55,4321467
2021-05-21 10:16:28,633.65,4322478
2021-05-21 10:16:28,633.65,4322478
2021-05-21 10:16:30,633.55,4322920
2021-05-21 10:16:30,633.6,4323106
2021-05-21 10:16:32,633.55,4323307
2021-05-21 10:16:33,633.6,4323782
2021-05-21 10:16:33,633.55,4325194
2021-05-21 10:16:34,633.65,4325402
2021-05-21 10:16:35,633.65,4326567
2021-05-21 10:16:37,633.6,4326967
2021-05-21 10:16:38,633.65,4327189
2021-05-21 10:16:39,633.7,4327668
2021-05-21 10:16:40,633.65,4327734
2021-05-21 10:16:41,633.65,4327801
2021-05-21 10:16:41,633.6,4327777
2021-05-21 10:16:43,633.55,4330721
2021-05-21 10:16:43,633.6,4330821
2021-05-21 10:16:44,633.5,4332063
2021-05-21 10:16:45,633.6,4332549
2021-05-21 10:16:46,633.65,4333176
2021-05-21 10:16:47,633.5,4333840
2021-05-21 10:16:48,633.65,4334251
2021-05-21 10:16:49,633.7,4335184
2021-05-21 10:16:50,633.5,4335372
2021-05-21 10:16:51,633.5,4335465
2021-05-21 10:16:53,633.6,4335817
2021-05-21 10:16:54,633.5,4336264
2021-05-21 10:16:55,633.5,4336514
2021-05-21 10:16:56,633.65,4336577
2021-05-21 10:16:57,633.6,4336804
2021-05-21 10:16:58,633.5,4336892
2021-05-21 10:16:59,633.65,4337243
2021-05-21 10:17:01,633.65,4337276
2021-05-21 10:17:02,633.7,4338369
2021-05-21 10:17:03,633.5,4338642
2021-05-21 10:17:04,633.5,4342526
2021-05-21 10:17:05,633.6,4342966
2021-05-21 10:17:06,633.5,4343222
2021-05-21 10:17:07,633.7,4345030
2021-05-21 10:17:09,633.5,4345290
2021-05-21 10:17:10,633.5,4346041
2021-05-21 10:17:12,633.5,4346678
2021-05-21 10:17:13,633.5,4347172
2021-05-21 10:17:13,633.5,4347222
2021-05-21 10:17:14,633.55,4347539
2021-05-21 10:17:15,633.8,4347990
2021-05-21 10:17:16,633.75,4348303
2021-05-21 10:17:17,633.8,4348495
2021-05-21 10:17:18,633.75,4348765
2021-05-21 10:17:20,633.8,4348958
2021-05-21 10:17:21,633.75,4349056
2021-05-21 10:17:21,633.75,4349058
2021-05-21 10:17:22,633.75,4350128
2021-05-21 10:17:23,633.85,4350179
2021-05-21 10:17:25,633.85,4350444
2021-05-21 10:17:26,633.85,4350659
2021-05-21 10:17:26,633.8,4350812
2021-05-21 10:17:28,633.9,4351752
2021-05-21 10:17:28,633.9,4351752
2021-05-21 10:17:29,633.8,4351858
2021-05-21 10:17:30,633.85,4352019
2021-05-21 10:17:32,633.85,4352986
2021-05-21 10:17:33,633.8,4353333
2021-05-21 10:17:35,633.8,4353501
2021-05-21 10:17:36,633.9,4353824
2021-05-21 10:17:36,633.9,4353934
2021-05-21 10:17:37,633.9,4354569
2021-05-21 10:17:39,633.8,4355229
2021-05-21 10:17:40,633.9,4355386
2021-05-21 10:17:41,633.9,4356306
2021-05-21 10:17:42,633.9,4356486
2021-05-21 10:17:44,633.9,4356572
2021-05-21 10:17:45,633.9,4356669
2021-05-21 10:17:46,633.8,4357243
2021-05-21 10:17:47,633.85,4361172
2021-05-21 10:17:48,633.85,4361302
2021-05-21 10:17:49,633.8,4361741
2021-05-21 10:17:49,633.85,4361313
2021-05-21 10:17:50,633.9,4362432
2021-05-21 10:17:51,633.85,4362689
2021-05-21 10:17:52,633.85,4362827
2021-05-21 10:17:53,633.6,4363162
2021-05-21 10:17:54,633.8,4363293
2021-05-21 10:17:55,633.8,4363736
2021-05-21 10:17:56,633.85,4363945
2021-05-21 10:17:58,633.85,4364028
2021-05-21 10:17:59,633.8,4364060
2021-05-21 10:17:59,633.8,4364060
2021-05-21 10:18:00,633.8,4364090
2021-05-21 10:18:01,633.8,4364095
2021-05-21 10:18:04,633.65,4364829
2021-05-21 10:18:05,633.65,4365030
2021-05-21 10:18:05,633.65,4365025
2021-05-21 10:18:06,633.8,4365037
2021-05-21 10:18:07,633.75,4365156
2021-05-21 10:18:08,633.75,4365662
2021-05-21 10:18:09,633.8,4365958
2021-05-21 10:18:11,633.75,4365993
2021-05-21 10:18:12,633.65,4366298
2021-05-21 10:18:12,633.65,4366273
2021-05-21 10:18:13,633.8,4366903
2021-05-21 10:18:14,633.55,4368025
2021-05-21 10:18:16,633.55,4368601
2021-05-21 10:18:18,633.75,4369051
2021-05-21 10:18:19,633.65,4369253
2021-05-21 10:18:19,633.65,4369317
2021-05-21 10:18:21,633.7,4370514
2021-05-21 10:18:22,633.8,4371983
2021-05-21 10:18:24,633.65,4372021
2021-05-21 10:18:24,633.65,4372046
2021-05-21 10:18:25,633.65,4372343
2021-05-21 10:18:26,633.65,4372755
2021-05-21 10:18:27,633.75,4372809
2021-05-21 10:18:29,633.7,4372850
2021-05-21 10:18:30,633.75,4373278
2021-05-21 10:18:31,633.75,4373311
2021-05-21 10:18:32,633.75,4373534
2021-05-21 10:18:32,633.75,4373544
2021-05-21 10:18:33,633.65,4373803
2021-05-21 10:18:34,633.65,4373808
2021-05-21 10:18:35,633.8,4374233
2021-05-21 10:18:36,633.6,4374445
2021-05-21 10:18:38,633.65,4374555
2021-05-21 10:18:39,633.65,4374572
2021-05-21 10:18:40,633.75,4374604
2021-05-21 10:18:41,633.75,4374608
2021-05-21 10:18:42,633.8,4374863
2021-05-21 10:18:42,633.8,4374863
2021-05-21 10:18:43,633.8,4375120
2021-05-21 10:18:44,633.8,4375341
2021-05-21 10:18:46,633.75,4375349
2021-05-21 10:18:47,633.8,4375394
2021-05-21 10:18:48,633.75,4375454
2021-05-21 10:18:49,633.75,4375925
2021-05-21 10:18:50,633.8,4375938
2021-05-21 10:18:51,633.8,4376223
2021-05-21 10:18:52,633.75,4376340
2021-05-21 10:18:53,633.7,4377734
2021-05-21 10:18:54,633.7,4379138
2021-05-21 10:18:55,633.8,4379289
2021-05-21 10:18:55,633.8,4379289
2021-05-21 10:18:56,633.8,4379345
2021-05-21 10:18:57,633.8,4379418
2021-05-21 10:18:58,633.75,4379798
2021-05-21 10:18:59,633.75,4379908
2021-05-21 10:19:00,633.8,4379958
2021-05-21 10:19:01,633.75,4380187
2021-05-21 10:19:02,633.75,4380383
2021-05-21 10:19:03,633.8,4380660
2021-05-21 10:19:05,634.0,4400050
2021-05-21 10:19:06,634.0,4400371
2021-05-21 10:19:07,633.95,4405429
2021-05-21 10:19:08,633.95,4405780
2021-05-21 10:19:09,634.0,4407553
2021-05-21 10:19:10,634.0,4408994
2021-05-21 10:19:11,633.95,4409100
2021-05-21 10:19:12,633.95,4409435
2021-05-21 10:19:13,634.0,4409987
2021-05-21 10:19:14,634.3,4434376
2021-05-21 10:19:15,634.25,4437676
2021-05-21 10:19:21,634.5,4442618
2021-05-21 10:19:27,634.65,4470795
2021-05-21 10:19:28,634.7,4471598
2021-05-21 10:19:29,634.7,4472012
2021-05-21 10:19:30,634.7,4475808
2021-05-21 10:19:31,634.5,4478919
2021-05-21 10:19:31,634.6,4476678
2021-05-21 10:19:33,634.35,4480541
2021-05-21 10:19:33,634.65,4480421
2021-05-21 10:19:35,634.65,4481210
2021-05-21 10:19:36,634.6,4483310
2021-05-21 10:19:37,634.5,4484010
2021-05-21 10:19:39,634.7,4487392
2021-05-21 10:19:40,634.5,4488111
2021-05-21 10:19:41,634.6,4488259
2021-05-21 10:19:41,634.5,4488284
2021-05-21 10:19:42,634.5,4489743
2021-05-21 10:19:43,634.35,4490009
2021-05-21 10:19:45,634.35,4490476
2021-05-21 10:19:46,634.45,4491061
2021-05-21 10:19:47,634.45,4491694
2021-05-21 10:19:48,634.45,4492020
2021-05-21 10:19:48,634.3,4492523
2021-05-21 10:19:50,634.25,4493210
2021-05-21 10:19:51,634.35,4493258
2021-05-21 10:19:53,634.5,4493367
2021-05-21 10:19:52,634.35,4493270
2021-05-21 10:19:54,634.5,4496731
2021-05-21 10:19:55,634.45,4496876
2021-05-21 10:19:56,634.45,4498243
2021-05-21 10:19:58,634.6,4500397
2021-05-21 10:20:00,634.6,4500528
2021-05-21 10:20:01,634.5,4500746
2021-05-21 10:20:02,634.5,4503218
2021-05-21 10:20:02,634.5,4503294
2021-05-21 10:20:03,634.55,4503472
2021-05-21 10:20:04,634.4,4503680
2021-05-21 10:20:05,634.4,4503829
2021-05-21 10:20:07,634.3,4505883
2021-05-21 10:20:08,634.5,4506362
2021-05-21 10:20:09,634.3,4506768
2021-05-21 10:20:10,634.4,4506839
2021-05-21 10:20:11,634.3,4507317
2021-05-21 10:20:12,634.3,4507646
2021-05-21 10:20:13,634.5,4508004
2021-05-21 10:20:14,634.4,4508230
2021-05-21 10:20:14,634.4,4508230
2021-05-21 10:20:15,634.6,4511130
2021-05-21 10:20:16,634.6,4511905
2021-05-21 10:20:18,634.6,4514074
2021-05-21 10:20:19,634.35,4515327
2021-05-21 10:20:20,634.5,4515344
2021-05-21 10:20:21,634.4,4515485
2021-05-21 10:20:22,634.35,4515982
2021-05-21 10:20:22,634.4,4516992
2021-05-21 10:20:23,634.5,4517863
2021-05-21 10:20:25,634.4,4518363
2021-05-21 10:20:26,634.4,4518532
2021-05-21 10:20:27,634.4,4519565
2021-05-21 10:20:28,634.5,4520809
2021-05-21 10:20:28,634.3,4522809
2021-05-21 10:20:30,634.45,4523440
2021-05-21 10:20:31,634.5,4523684
2021-05-21 10:20:34,634.25,4524928
2021-05-21 10:20:35,634.4,4526766
2021-05-21 10:20:36,634.45,4526981
2021-05-21 10:20:37,634.25,4526990
2021-05-21 10:20:38,634.25,4529020
2021-05-21 10:20:39,634.05,4530693
2021-05-21 10:20:40,634.2,4531250
2021-05-21 10:20:43,633.85,4541918
2021-05-21 10:20:44,633.8,4542039
2021-05-21 10:20:45,634.0,4542166
2021-05-21 10:20:46,634.0,4542761
2021-05-21 10:20:46,633.8,4542861
2021-05-21 10:20:47,633.8,4543184
2021-05-21 10:20:49,633.8,4543496
2021-05-21 10:20:50,633.8,4544298
2021-05-21 10:20:51,633.9,4547237
2021-05-21 10:20:52,633.75,4547615
2021-05-21 10:20:53,633.8,4547644
2021-05-21 10:20:54,633.8,4547771
2021-05-21 10:20:55,633.95,4548142
2021-05-21 10:20:56,633.7,4548222
2021-05-21 10:20:57,633.7,4548683
2021-05-21 10:20:57,633.7,4548683
2021-05-21 10:20:58,633.95,4549683
2021-05-21 10:21:00,633.9,4551012
2021-05-21 10:21:01,633.75,4552392
2021-05-21 10:21:02,633.9,4553959
2021-05-21 10:21:03,633.9,4556135
2021-05-21 10:21:05,633.75,4557239
2021-05-21 10:21:06,633.9,4557669
2021-05-21 10:21:07,633.5,4559446
2021-05-21 10:21:08,633.5,4559572
2021-05-21 10:21:09,633.55,4559619
2021-05-21 10:21:10,633.7,4559656
2021-05-21 10:21:11,633.7,4559909
2021-05-21 10:21:12,633.55,4560070
2021-05-21 10:21:13,633.55,4560450
2021-05-21 10:21:13,633.55,4560550
2021-05-21 10:21:14,633.55,4560588
2021-05-21 10:21:17,633.7,4561038
2021-05-21 10:21:18,633.65,4561362
2021-05-21 10:21:19,633.55,4561955
2021-05-21 10:21:20,633.45,4569991
2021-05-21 10:21:21,633.5,4570232
2021-05-21 10:21:22,633.4,4570247
2021-05-21 10:21:23,633.4,4570920
2021-05-21 10:21:24,633.35,4572551
2021-05-21 10:21:25,633.4,4572612
2021-05-21 10:21:26,633.25,4573309
2021-05-21 10:21:27,633.2,4573469
2021-05-21 10:21:28,633.4,4574312
2021-05-21 10:21:29,633.2,4575450
2021-05-21 10:21:30,633.2,4575454
2021-05-21 10:21:31,633.45,4575558
2021-05-21 10:21:32,633.5,4576527
2021-05-21 10:21:32,633.45,4576376
2021-05-21 10:21:34,633.25,4577479
2021-05-21 10:21:35,633.2,4577592
2021-05-21 10:21:36,633.2,4577693
2021-05-21 10:21:37,633.2,4577887
2021-05-21 10:21:38,633.2,4578189
2021-05-21 10:21:39,633.2,4579042
2021-05-21 10:21:39,633.2,4579041
2021-05-21 10:21:41,633.15,4579358
2021-05-21 10:21:42,633.3,4580008
2021-05-21 10:21:43,633.25,4580158
2021-05-21 10:21:44,633.25,4580809
2021-05-21 10:21:45,633.55,4583193
2021-05-21 10:21:46,633.3,4584025
2021-05-21 10:21:47,633.3,4584201
2021-05-21 10:21:48,633.6,4586677
2021-05-21 10:21:48,633.6,4586677
2021-05-21 10:21:49,633.25,4587907
2021-05-21 10:21:51,633.55,4588011
2021-05-21 10:21:52,633.6,4588254
2021-05-21 10:21:53,633.4,4588577
2021-05-21 10:21:54,633.3,4588978
2021-05-21 10:21:55,633.3,4589200
2021-05-21 10:21:55,633.3,4589266
2021-05-21 10:21:56,633.25,4589521
2021-05-21 10:21:58,633.25,4589582
2021-05-21 10:21:59,633.3,4591329
2021-05-21 10:22:00,633.4,4591555
2021-05-21 10:22:01,633.5,4592284
2021-05-21 10:22:02,633.5,4593258
2021-05-21 10:22:04,633.35,4593765
2021-05-21 10:22:05,633.3,4594127
2021-05-21 10:22:06,633.5,4594706
2021-05-21 10:22:07,633.3,4595070
2021-05-21 10:22:07,633.3,4595350
2021-05-21 10:22:09,633.3,4595378
2021-05-21 10:22:10,633.45,4595454
2021-05-21 10:22:11,633.35,4595561
2021-05-21 10:22:12,633.3,4595637
2021-05-21 10:22:13,633.55,4598099
2021-05-21 10:22:13,633.35,4598427
2021-05-21 10:22:15,633.4,4599060
2021-05-21 10:22:16,633.35,4599421
2021-05-21 10:22:18,633.4,4600051
2021-05-21 10:22:18,633.4,4600101
2021-05-21 10:22:19,633.4,4600254
2021-05-21 10:22:21,633.45,4600592
2021-05-21 10:22:22,633.65,4600865
2021-05-21 10:22:23,633.45,4600915
2021-05-21 10:22:24,633.45,4601403
2021-05-21 10:22:25,633.5,4601634
2021-05-21 10:22:26,633.5,4601634
2021-05-21 10:22:27,633.5,4601649
2021-05-21 10:22:28,633.65,4601802
2021-05-21 10:22:29,633.5,4601853
2021-05-21 10:22:29,633.5,4601893
2021-05-21 10:22:31,633.65,4601965
2021-05-21 10:22:32,633.55,4602356
2021-05-21 10:22:33,633.55,4602649
2021-05-21 10:22:34,633.55,4603034
2021-05-21 10:22:35,633.55,4603093
2021-05-21 10:22:36,633.55,4603165
2021-05-21 10:22:37,633.65,4603205
2021-05-21 10:22:39,633.6,4603340
2021-05-21 10:22:40,633.65,4603449
2021-05-21 10:22:41,633.65,4603452
2021-05-21 10:22:42,633.6,4603466
2021-05-21 10:22:43,633.65,4603593
2021-05-21 10:22:44,633.6,4603808
2021-05-21 10:22:45,633.75,4607696
2021-05-21 10:22:45,633.75,4607698
2021-05-21 10:22:46,633.8,4608113
2021-05-21 10:22:48,633.8,4608294
2021-05-21 10:22:49,633.75,4610108
2021-05-21 10:22:50,633.85,4610245
2021-05-21 10:22:51,633.75,4610552
2021-05-21 10:22:52,633.85,4610711
2021-05-21 10:22:53,633.75,4610731
2021-05-21 10:22:54,633.8,4610766
2021-05-21 10:22:55,633.8,4610786
2021-05-21 10:22:56,633.8,4611158
2021-05-21 10:22:57,633.8,4611158
2021-05-21 10:22:58,633.75,4612170
2021-05-21 10:22:59,633.75,4613300
2021-05-21 10:23:00,633.75,4614877
2021-05-21 10:23:01,633.75,4615081
2021-05-21 10:23:02,633.75,4615157
2021-05-21 10:23:03,633.75,4617621
2021-05-21 10:23:04,633.75,4617957
2021-05-21 10:23:07,633.6,4618670
2021-05-21 10:23:08,633.55,4619280
2021-05-21 10:23:09,633.6,4619552
2021-05-21 10:23:10,633.75,4619557
2021-05-21 10:23:11,633.6,4619657
2021-05-21 10:23:12,633.6,4619794
2021-05-21 10:23:13,633.6,4619881
2021-05-21 10:23:14,633.6,4620068
2021-05-21 10:23:15,633.55,4620598
2021-05-21 10:23:16,633.55,4620613
2021-05-21 10:23:17,633.6,4621333
2021-05-21 10:23:19,633.7,4623085
2021-05-21 10:23:18,633.6,4622981
2021-05-21 10:23:20,633.6,4623189
2021-05-21 10:23:21,633.75,4624967
2021-05-21 10:23:22,633.6,4625141
2021-05-21 10:23:23,633.85,4625579
2021-05-21 10:23:24,633.6,4626461
2021-05-21 10:23:25,633.55,4626953
2021-05-21 10:23:26,633.5,4628471
2021-05-21 10:23:27,633.45,4628879
2021-05-21 10:23:28,633.4,4629144
2021-05-21 10:23:29,633.4,4629144
2021-05-21 10:23:30,633.4,4629230
2021-05-21 10:23:31,633.45,4629254
2021-05-21 10:23:32,633.4,4629567
2021-05-21 10:23:33,633.4,4629638
2021-05-21 10:23:34,633.3,4631514
2021-05-21 10:23:35,633.3,4631514
2021-05-21 10:23:36,633.2,4631918
2021-05-21 10:23:37,633.2,4632128
2021-05-21 10:23:38,633.2,4632394
2021-05-21 10:23:39,633.2,4632455
2021-05-21 10:23:40,633.1,4635493
2021-05-21 10:23:41,633.05,4635739
2021-05-21 10:23:42,633.2,4636577
2021-05-21 10:23:44,633.25,4637975
2021-05-21 10:23:43,633.05,4637940
2021-05-21 10:23:45,633.05,4638501
2021-05-21 10:23:46,633.05,4638768
2021-05-21 10:23:47,633.05,4638908
2021-05-21 10:23:48,633.1,4639157
2021-05-21 10:23:49,633.3,4639367
2021-05-21 10:23:50,633.2,4639802
2021-05-21 10:23:52,633.25,4639822
2021-05-21 10:23:51,633.25,4639815
2021-05-21 10:23:53,633.35,4639958
2021-05-21 10:23:54,633.3,4640860
2021-05-21 10:23:55,633.3,4641260
2021-05-21 10:23:56,633.3,4641490
2021-05-21 10:23:57,633.3,4641546
2021-05-21 10:23:58,633.35,4641900
2021-05-21 10:23:59,633.6,4642501
2021-05-21 10:24:01,633.45,4642901
2021-05-21 10:24:00,633.45,4642901
2021-05-21 10:24:02,633.6,4642937
2021-05-21 10:24:03,633.35,4642997
2021-05-21 10:24:04,633.3,4643291
2021-05-21 10:24:05,633.3,4643309
2021-05-21 10:24:06,633.2,4643431
2021-05-21 10:24:07,633.3,4643462
2021-05-21 10:24:08,633.3,4643640
2021-05-21 10:24:09,633.2,4644198
2021-05-21 10:24:11,633.2,4644377
2021-05-21 10:24:10,633.2,4644377
2021-05-21 10:24:12,633.2,4644386
2021-05-21 10:24:13,633.3,4645302
2021-05-21 10:24:14,633.3,4645801
2021-05-21 10:24:15,633.2,4645865
2021-05-21 10:24:16,633.3,4646114
2021-05-21 10:24:17,633.2,4646203
2021-05-21 10:24:18,633.45,4647283
2021-05-21 10:24:19,633.45,4647286
2021-05-21 10:24:20,633.3,4647314
2021-05-21 10:24:21,633.4,4647559
2021-05-21 10:24:22,633.25,4647619
2021-05-21 10:24:23,633.5,4647739
2021-05-21 10:24:24,633.25,4648255
2021-05-21 10:24:26,633.25,4648260
2021-05-21 10:24:25,633.25,4648260
2021-05-21 10:24:27,633.3,4648376
2021-05-21 10:24:28,633.25,4648430
2021-05-21 10:24:29,633.5,4648607
2021-05-21 10:24:30,633.3,4648634
2021-05-21 10:24:31,633.3,4648634
2021-05-21 10:24:32,633.3,4648695
2021-05-21 10:24:33,633.3,4648844
2021-05-21 10:24:34,633.3,4649030
2021-05-21 10:24:35,633.5,4649052
2021-05-21 10:24:36,633.3,4650060
2021-05-21 10:24:37,633.3,4650168
2021-05-21 10:24:38,633.5,4650621
2021-05-21 10:24:39,633.3,4650774
2021-05-21 10:24:40,633.3,4650951
2021-05-21 10:24:41,633.5,4650998
2021-05-21 10:24:42,633.5,4651241
2021-05-21 10:24:44,633.3,4652425
2021-05-21 10:24:45,633.3,4652445
2021-05-21 10:24:46,633.25,4652671
2021-05-21 10:24:47,633.45,4652682
2021-05-21 10:24:48,633.3,4652685
2021-05-21 10:24:49,633.3,4652754
2021-05-21 10:24:50,633.3,4652766
2021-05-21 10:24:51,633.25,4652833
2021-05-21 10:24:52,633.25,4652963
2021-05-21 10:24:53,633.15,4655448
2021-05-21 10:24:54,633.1,4656081
2021-05-21 10:24:55,633.1,4656081
2021-05-21 10:24:56,633.3,4656350
2021-05-21 10:24:57,633.35,4656575
2021-05-21 10:24:58,633.3,4656675
2021-05-21 10:24:59,633.3,4656675
2021-05-21 10:25:00,633.1,4656920
2021-05-21 10:25:01,633.1,4656920
2021-05-21 10:25:02,633.1,4657313
2021-05-21 10:25:03,633.1,4657628
2021-05-21 10:25:04,633.3,4658528
2021-05-21 10:25:06,633.05,4659164
2021-05-21 10:25:07,633.1,4659227
2021-05-21 10:25:07,633.05,4659209
2021-05-21 10:25:08,633.3,4659657
2021-05-21 10:25:09,633.3,4659795
2021-05-21 10:25:10,633.1,4659800
2021-05-21 10:25:11,633.1,4660001
2021-05-21 10:25:12,633.15,4660967
2021-05-21 10:25:13,633.4,4661279
2021-05-21 10:25:14,633.15,4661699
2021-05-21 10:25:15,633.1,4661891
2021-05-21 10:25:16,633.25,4662472
2021-05-21 10:25:17,633.25,4662601
2021-05-21 10:25:18,633.3,4662904
2021-05-21 10:25:20,633.25,4663090
2021-05-21 10:25:20,633.25,4663095
2021-05-21 10:25:21,633.15,4663245
2021-05-21 10:25:22,633.15,4663782
2021-05-21 10:25:23,633.3,4663992
2021-05-21 10:25:24,633.2,4664090
2021-05-21 10:25:25,633.2,4664192
2021-05-21 10:25:26,633.05,4665412
2021-05-21 10:25:28,633.2,4665648
2021-05-21 10:25:29,633.3,4665791
2021-05-21 10:25:29,633.1,4665811
2021-05-21 10:25:31,633.3,4667441
2021-05-21 10:25:32,633.25,4667487
2021-05-21 10:25:33,633.4,4667792
2021-05-21 10:25:34,633.25,4668062
2021-05-21 10:25:35,633.35,4668109
2021-05-21 10:25:36,633.25,4668121
2021-05-21 10:25:37,633.25,4668168
2021-05-21 10:25:38,633.35,4668182
2021-05-21 10:25:39,633.25,4668782
2021-05-21 10:25:42,633.25,4669418
2021-05-21 10:25:42,633.25,4669474
2021-05-21 10:25:44,633.4,4670000
2021-05-21 10:25:44,633.25,4669988
2021-05-21 10:25:45,633.4,4670320
2021-05-21 10:25:46,633.25,4670377
2021-05-21 10:25:47,633.25,4670453
2021-05-21 10:25:49,633.25,4670598
2021-05-21 10:25:49,633.25,4670589
2021-05-21 10:25:51,633.35,4670993
2021-05-21 10:25:52,633.25,4671020
2021-05-21 10:25:53,633.35,4671030
2021-05-21 10:25:54,633.25,4671274
2021-05-21 10:25:55,633.35,4671309
2021-05-21 10:25:57,633.3,4671421
2021-05-21 10:25:57,633.3,4671421
2021-05-21 10:25:59,633.4,4671625
2021-05-21 10:26:00,633.3,4671631
2021-05-21 10:26:01,633.35,4671912
2021-05-21 10:26:02,633.35,4672032
2021-05-21 10:26:03,633.3,4672063
2021-05-21 10:26:04,633.3,4672223
2021-05-21 10:26:05,633.35,4672355
2021-05-21 10:26:06,633.3,4672381
2021-05-21 10:26:08,633.35,4672485
2021-05-21 10:26:08,633.35,4672485
2021-05-21 10:26:09,633.35,4672592
2021-05-21 10:26:10,633.35,4672701
2021-05-21 10:26:11,633.35,4672710
2021-05-21 10:26:12,633.35,4673144
2021-05-21 10:26:14,633.15,4676012
2021-05-21 10:26:16,633.15,4676027
2021-05-21 10:26:16,633.15,4676031
2021-05-21 10:26:17,633.1,4676229
2021-05-21 10:26:18,633.15,4676247
2021-05-21 10:26:19,633.05,4676524
2021-05-21 10:26:20,633.15,4676859
2021-05-21 10:26:21,633.15,4676859
2021-05-21 10:26:22,633.1,4676901
2021-05-21 10:26:23,633.25,4677164
2021-05-21 10:26:24,633.1,4678106
2021-05-21 10:26:25,633.1,4678363
2021-05-21 10:26:26,633.15,4678600
2021-05-21 10:26:27,633.25,4678833
2021-05-21 10:26:28,633.1,4680638
2021-05-21 10:26:30,633.1,4682267
2021-05-21 10:26:30,633.15,4682268
2021-05-21 10:26:31,633.1,4682377
2021-05-21 10:26:33,633.1,4683867
2021-05-21 10:26:35,633.1,4693060
2021-05-21 10:26:36,633.1,4693063
2021-05-21 10:26:38,633.0,4695213
2021-05-21 10:26:39,633.05,4695628
2021-05-21 10:26:40,632.85,4709521
2021-05-21 10:26:41,632.7,4710564
2021-05-21 10:26:42,632.7,4714714
2021-05-21 10:26:43,632.5,4720046
2021-05-21 10:26:44,632.5,4720071
2021-05-21 10:26:46,632.5,4721378
2021-05-21 10:26:46,632.5,4721391
2021-05-21 10:26:47,632.5,4721938
2021-05-21 10:26:48,632.5,4725361
2021-05-21 10:26:49,632.5,4726069
2021-05-21 10:26:50,632.5,4727748
2021-05-21 10:26:51,632.7,4728090
2021-05-21 10:26:53,632.55,4728160
2021-05-21 10:26:53,632.55,4728505
2021-05-21 10:26:54,632.55,4728620
2021-05-21 10:26:55,632.5,4729819
2021-05-21 10:26:57,632.55,4730554
2021-05-21 10:26:57,632.5,4730556
2021-05-21 10:26:58,632.55,4731249
2021-05-21 10:26:59,632.5,4733839
2021-05-21 10:27:00,632.7,4734519
2021-05-21 10:27:01,632.6,4735638
2021-05-21 10:27:04,632.6,4737136
2021-05-21 10:27:04,632.6,4737136
2021-05-21 10:27:05,632.55,4737377
2021-05-21 10:27:06,632.55,4737779
2021-05-21 10:27:07,632.55,4738278
2021-05-21 10:27:08,632.6,4738371
2021-05-21 10:27:09,632.6,4738598
2021-05-21 10:27:10,632.55,4739151
2021-05-21 10:27:11,632.55,4739626
2021-05-21 10:27:12,632.5,4741894
2021-05-21 10:27:13,632.5,4742815
2021-05-21 10:27:14,632.5,4743534
2021-05-21 10:27:16,632.55,4743676
2021-05-21 10:27:17,632.45,4746160
2021-05-21 10:27:17,632.5,4746143
2021-05-21 10:27:18,632.45,4746195
2021-05-21 10:27:19,632.5,4747286
2021-05-21 10:27:20,632.6,4749516
2021-05-21 10:27:21,632.7,4749693
2021-05-21 10:27:22,632.7,4750446
2021-05-21 10:27:24,632.55,4751745
2021-05-21 10:27:25,632.8,4754392
2021-05-21 10:27:26,632.85,4754993
2021-05-21 10:27:27,632.65,4755227
2021-05-21 10:27:27,632.65,4755228
2021-05-21 10:27:28,632.65,4755398
2021-05-21 10:27:29,632.85,4755545
2021-05-21 10:27:30,632.65,4755682
2021-05-21 10:27:31,632.65,4756050
2021-05-21 10:27:32,632.8,4756351
2021-05-21 10:27:33,632.8,4757431
2021-05-21 10:27:35,632.85,4757456
2021-05-21 10:27:36,633.0,4762582
