timestamp,ltp,volume
2021-05-21 09:36:42,208.0,1744690
2021-05-21 09:36:45,208.0,1748128
2021-05-21 09:36:48,208.0,1748336
2021-05-21 09:36:51,208.0,1749599
2021-05-21 09:36:54,208.0,1750268
2021-05-21 09:36:56,208.0,1750326
2021-05-21 09:37:00,207.9,1750647
2021-05-21 09:37:02,207.9,1751973
2021-05-21 09:37:05,208.0,1754941
2021-05-21 09:37:08,208.0,1755453
2021-05-21 09:37:11,208.0,1756184
2021-05-21 09:37:13,208.0,1758446
2021-05-21 09:37:16,208.0,1759283
2021-05-21 09:37:19,208.1,1763031
2021-05-21 09:37:22,208.1,1763399
2021-05-21 09:37:25,208.1,1764129
2021-05-21 09:37:28,208.0,1768338
2021-05-21 09:37:31,208.1,1768725
2021-05-21 09:37:33,208.1,1769296
2021-05-21 09:37:37,208.1,1770070
2021-05-21 09:37:40,208.05,1771177
2021-05-21 09:37:43,208.1,1771274
2021-05-21 09:37:45,208.1,1771928
2021-05-21 09:37:49,208.0,1774971
2021-05-21 09:37:52,208.1,1779451
2021-05-21 09:37:55,208.05,1779507
2021-05-21 09:37:59,208.0,1788814
2021-05-21 09:38:02,207.95,1791222
2021-05-21 09:38:05,208.0,1791587
2021-05-21 09:38:08,207.95,1796057
2021-05-21 09:38:11,207.95,1796415
2021-05-21 09:38:14,208.05,1796801
2021-05-21 09:38:17,208.0,1798883
2021-05-21 09:38:19,208.05,1799491
2021-05-21 09:38:22,208.05,1799709
2021-05-21 09:38:25,208.05,1800055
2021-05-21 09:38:28,208.05,1800145
2021-05-21 09:38:31,208.05,1800419
2021-05-21 09:38:34,207.95,1803944
2021-05-21 09:38:36,208.05,1806633
2021-05-21 09:38:39,208.05,1806867
2021-05-21 09:38:43,208.1,1807536
2021-05-21 09:38:46,208.1,1807577
2021-05-21 09:38:49,208.1,1807888
2021-05-21 09:38:52,208.05,1809420
2021-05-21 09:38:55,208.05,1810116
2021-05-21 09:38:58,208.05,1810483
2021-05-21 09:39:01,208.1,1812619
2021-05-21 09:39:05,208.1,1813459
2021-05-21 09:39:07,208.1,1815540
2021-05-21 09:39:10,208.1,1817369
2021-05-21 09:39:13,208.05,1817506
2021-05-21 09:39:16,208.05,1817999
2021-05-21 09:39:19,208.1,1819647
2021-05-21 09:39:23,208.1,1819835
2021-05-21 09:39:25,208.1,1820406
2021-05-21 09:39:28,208.1,1821106
2021-05-21 09:39:31,208.1,1822229
2021-05-21 09:39:34,208.1,1823220
2021-05-21 09:39:37,208.1,1823759
2021-05-21 09:39:40,208.1,1826785
2021-05-21 09:39:42,208.1,1827333
2021-05-21 09:39:45,208.1,1827502
2021-05-21 09:39:48,208.1,1828547
2021-05-21 09:39:51,208.05,1829444
2021-05-21 09:39:53,208.05,1830776
2021-05-21 09:39:56,208.05,1831213
2021-05-21 09:39:59,208.05,1832959
2021-05-21 09:40:02,208.1,1833654
2021-05-21 09:40:05,208.05,1833944
2021-05-21 09:40:07,208.1,1835552
2021-05-21 09:40:10,208.1,1835634
2021-05-21 09:40:14,208.1,1836101
2021-05-21 09:40:17,208.0,1836242
2021-05-21 09:40:20,208.1,1836796
2021-05-21 09:40:23,208.05,1849934
2021-05-21 09:40:26,208.1,1849948
2021-05-21 09:40:29,208.05,1855025
2021-05-21 09:40:32,208.1,1857038
2021-05-21 09:40:35,208.1,1858906
2021-05-21 09:40:38,208.1,1859738
2021-05-21 09:40:41,208.1,1863814
2021-05-21 09:40:43,208.1,1864074
2021-05-21 09:40:46,208.05,1865338
2021-05-21 09:40:49,208.1,1866618
2021-05-21 09:40:52,208.1,1867984
2021-05-21 09:40:55,208.05,1868169
2021-05-21 09:40:58,208.05,1868492
2021-05-21 09:41:01,208.05,1869477
2021-05-21 09:41:04,208.05,1869623
2021-05-21 09:41:07,208.05,1871422
2021-05-21 09:41:09,208.05,1871932
2021-05-21 09:41:12,208.0,1871968
2021-05-21 09:41:15,208.1,1872906
2021-05-21 09:41:17,208.05,1873025
2021-05-21 09:41:20,208.05,1873269
2021-05-21 09:41:21,208.0,1873379
2021-05-21 09:41:22,208.0,1873493
2021-05-21 09:41:23,208.05,1873548
2021-05-21 09:41:24,208.05,1873644
2021-05-21 09:41:25,208.05,1873963
2021-05-21 09:41:26,208.05,1873995
2021-05-21 09:41:27,208.0,1874245
2021-05-21 09:41:28,208.05,1874354
2021-05-21 09:41:29,208.0,1876956
2021-05-21 09:41:30,208.0,1876956
2021-05-21 09:41:31,208.1,1877962
2021-05-21 09:41:32,208.0,1877988
2021-05-21 09:41:33,208.05,1878501
2021-05-21 09:41:34,208.05,1878584
2021-05-21 09:41:35,208.05,1878588
2021-05-21 09:41:36,208.05,1878930
2021-05-21 09:41:37,208.05,1878930
2021-05-21 09:41:38,208.05,1879103
2021-05-21 09:41:40,208.05,1879153
2021-05-21 09:41:39,208.05,1879153
2021-05-21 09:41:41,208.0,1879462
2021-05-21 09:41:42,208.05,1879515
2021-05-21 09:41:43,208.05,1879515
2021-05-21 09:41:44,208.05,1880561
2021-05-21 09:41:45,208.05,1880561
2021-05-21 09:41:46,208.05,1880601
2021-05-21 09:41:47,208.05,1880609
2021-05-21 09:41:48,208.0,1880723
2021-05-21 09:41:49,208.05,1880894
2021-05-21 09:41:51,208.05,1882227
2021-05-21 09:41:52,208.0,1882469
2021-05-21 09:41:53,208.0,1883024
2021-05-21 09:41:55,208.0,1883177
2021-05-21 09:41:56,208.0,1883771
2021-05-21 09:41:57,208.0,1883771
2021-05-21 09:41:58,208.1,1883773
2021-05-21 09:41:59,208.1,1883775
2021-05-21 09:42:00,208.05,1884035
2021-05-21 09:42:01,208.1,1884048
2021-05-21 09:42:02,208.1,1884265
2021-05-21 09:42:03,208.1,1884271
2021-05-21 09:42:05,208.1,1884285
2021-05-21 09:42:04,208.1,1884275
2021-05-21 09:42:06,208.1,1884785
2021-05-21 09:42:07,208.05,1884955
2021-05-21 09:42:08,208.05,1885156
2021-05-21 09:42:09,208.1,1885166
2021-05-21 09:42:10,208.1,1885375
2021-05-21 09:42:11,208.05,1885545
2021-05-21 09:42:12,208.05,1886227
2021-05-21 09:42:13,208.05,1886259
2021-05-21 09:42:14,208.05,1886259
2021-05-21 09:42:15,208.1,1887517
2021-05-21 09:42:16,208.1,1887547
2021-05-21 09:42:17,208.1,1887572
2021-05-21 09:42:18,208.1,1888772
2021-05-21 09:42:19,208.1,1889330
2021-05-21 09:42:20,208.1,1889330
2021-05-21 09:42:21,208.05,1891364
2021-05-21 09:42:22,208.1,1891648
2021-05-21 09:42:23,208.05,1894963
2021-05-21 09:42:24,208.0,1906244
2021-05-21 09:42:25,208.05,1906254
2021-05-21 09:42:26,208.05,1906254
2021-05-21 09:42:27,208.1,1911454
2021-05-21 09:42:28,208.1,1911454
2021-05-21 09:42:29,208.0,1912456
2021-05-21 09:42:30,208.05,1912943
2021-05-21 09:42:31,208.05,1912993
2021-05-21 09:42:32,208.0,1913423
2021-05-21 09:42:33,208.05,1913534
2021-05-21 09:42:34,208.1,1914196
2021-05-21 09:42:35,208.0,1915069
2021-05-21 09:42:36,208.0,1915069
2021-05-21 09:42:37,208.0,1915087
2021-05-21 09:42:39,208.1,1915242
2021-05-21 09:42:39,208.0,1916264
2021-05-21 09:42:40,207.85,1953143
2021-05-21 09:42:41,207.95,1953148
2021-05-21 09:42:42,207.95,1953151
2021-05-21 09:42:43,207.95,1953401
2021-05-21 09:42:44,207.95,1953430
2021-05-21 09:42:46,207.95,1953437
2021-05-21 09:42:47,208.0,1954937
2021-05-21 09:42:48,208.0,1954947
2021-05-21 09:42:48,208.0,1955052
2021-05-21 09:42:49,207.85,1955461
2021-05-21 09:42:50,207.95,1955560
2021-05-21 09:42:51,207.95,1955570
2021-05-21 09:42:52,207.85,1955780
2021-05-21 09:42:54,207.85,1955805
2021-05-21 09:42:54,207.95,1956915
2021-05-21 09:42:55,207.95,1957417
2021-05-21 09:42:57,207.95,1957427
2021-05-21 09:42:57,207.95,1957427
2021-05-21 09:42:58,207.85,1958070
2021-05-21 09:42:59,207.95,1958670
2021-05-21 09:43:00,207.95,1959378
2021-05-21 09:43:01,207.95,1959414
2021-05-21 09:43:04,208.0,1960627
2021-05-21 09:43:04,208.0,1960627
2021-05-21 09:43:05,207.95,1960637
2021-05-21 09:43:07,208.0,1960930
2021-05-21 09:43:08,207.9,1963430
2021-05-21 09:43:09,208.0,1963440
2021-05-21 09:43:10,208.0,1963440
2021-05-21 09:43:11,208.0,1963445
2021-05-21 09:43:12,207.9,1963495
2021-05-21 09:43:13,207.9,1963755
2021-05-21 09:43:14,207.9,1964511
2021-05-21 09:43:15,208.0,1964611
2021-05-21 09:43:16,208.0,1964711
2021-05-21 09:43:17,208.0,1964867
2021-05-21 09:43:18,208.0,1966377
2021-05-21 09:43:19,208.0,1966388
2021-05-21 09:43:20,208.0,1966630
2021-05-21 09:43:21,208.0,1966631
2021-05-21 09:43:22,207.95,1966789
2021-05-21 09:43:23,207.95,1967379
2021-05-21 09:43:24,207.95,1967379
2021-05-21 09:43:25,208.0,1967390
2021-05-21 09:43:26,207.95,1967529
2021-05-21 09:43:27,208.0,1967544
2021-05-21 09:43:28,207.95,1967545
2021-05-21 09:43:29,208.0,1967645
2021-05-21 09:43:30,208.0,1967780
2021-05-21 09:43:31,208.0,1968196
2021-05-21 09:43:32,208.0,1968897
2021-05-21 09:43:33,207.95,1968947
2021-05-21 09:43:34,208.0,1969908
2021-05-21 09:43:35,208.0,1970018
2021-05-21 09:43:36,207.95,1970022
2021-05-21 09:43:37,207.9,1970045
2021-05-21 09:43:38,207.95,1970050
2021-05-21 09:43:39,208.0,1970148
2021-05-21 09:43:40,208.0,1970292
2021-05-21 09:43:42,207.9,1973001
2021-05-21 09:43:43,208.0,1973501
2021-05-21 09:43:44,208.0,1974025
2021-05-21 09:43:45,208.0,1974025
2021-05-21 09:43:46,207.9,1974280
2021-05-21 09:43:48,207.95,1974347
2021-05-21 09:43:49,207.95,1974452
2021-05-21 09:43:50,207.95,1974508
2021-05-21 09:43:52,207.9,1974643
2021-05-21 09:43:53,207.9,1974748
2021-05-21 09:43:54,207.9,1974748
2021-05-21 09:43:55,208.0,1974798
2021-05-21 09:43:56,207.95,1974799
2021-05-21 09:43:57,208.0,1974828
2021-05-21 09:43:58,207.95,1974863
2021-05-21 09:43:59,208.0,1974970
2021-05-21 09:44:00,208.0,1974976
2021-05-21 09:44:01,208.0,1974976
2021-05-21 09:44:02,208.0,1975076
2021-05-21 09:44:03,208.0,1975076
2021-05-21 09:44:04,208.0,1975136
2021-05-21 09:44:05,208.0,1975146
2021-05-21 09:44:06,207.95,1975696
2021-05-21 09:44:07,208.0,1975943
2021-05-21 09:44:08,207.95,1976015
2021-05-21 09:44:09,208.0,1976032
2021-05-21 09:44:10,207.95,1976752
2021-05-21 09:44:11,208.0,1977175
2021-05-21 09:44:12,207.95,1977187
2021-05-21 09:44:13,208.0,1977217
2021-05-21 09:44:14,208.0,1977218
2021-05-21 09:44:15,208.0,1985878
2021-05-21 09:44:16,208.0,1986183
2021-05-21 09:44:17,208.05,1986185
2021-05-21 09:44:18,208.05,1986185
2021-05-21 09:44:19,208.05,1986196
2021-05-21 09:44:20,208.0,1988740
2021-05-21 09:44:21,208.0,1988943
2021-05-21 09:44:22,208.0,1989103
2021-05-21 09:44:23,208.0,1989285
2021-05-21 09:44:24,208.0,1989490
2021-05-21 09:44:25,208.05,1990193
2021-05-21 09:44:26,208.05,1990193
2021-05-21 09:44:27,208.05,1990463
2021-05-21 09:44:29,208.05,1991107
2021-05-21 09:44:30,208.05,1991107
2021-05-21 09:44:31,208.05,1991228
2021-05-21 09:44:32,208.05,1991228
2021-05-21 09:44:33,208.0,1993860
2021-05-21 09:44:34,208.0,1993886
2021-05-21 09:44:35,208.05,1993913
2021-05-21 09:44:36,207.95,1994414
2021-05-21 09:44:37,208.05,1995562
2021-05-21 09:44:38,208.05,1996167
2021-05-21 09:44:39,208.05,1996317
2021-05-21 09:44:40,207.95,1997302
2021-05-21 09:44:41,207.95,1997302
2021-05-21 09:44:42,207.95,1997302
2021-05-21 09:44:43,208.05,1997381
2021-05-21 09:44:44,208.0,1998411
2021-05-21 09:44:45,208.0,1998411
2021-05-21 09:44:47,208.0,1998937
2021-05-21 09:44:47,207.95,1999290
2021-05-21 09:44:48,208.0,1999391
2021-05-21 09:44:50,208.0,1999414
2021-05-21 09:44:50,208.05,1999803
2021-05-21 09:44:51,207.95,1999978
2021-05-21 09:44:52,208.05,2000654
2021-05-21 09:44:54,208.0,2000669
2021-05-21 09:44:55,208.0,2000669
2021-05-21 09:44:55,208.0,2000669
2021-05-21 09:44:56,207.9,2007382
2021-05-21 09:44:58,207.95,2007483
2021-05-21 09:44:59,207.95,2007504
2021-05-21 09:45:00,207.9,2008431
2021-05-21 09:45:01,207.95,2008443
2021-05-21 09:45:01,207.9,2008446
2021-05-21 09:45:03,207.95,2008957
2021-05-21 09:45:04,207.9,2008962
2021-05-21 09:45:05,207.95,2009528
2021-05-21 09:45:06,207.95,2009540
2021-05-21 09:45:07,207.95,2010317
2021-05-21 09:45:08,207.9,2010481
2021-05-21 09:45:09,207.95,2011017
2021-05-21 09:45:10,207.9,2011117
2021-05-21 09:45:11,208.0,2013358
2021-05-21 09:45:13,208.0,2013358
2021-05-21 09:45:14,208.0,2013358
2021-05-21 09:45:15,207.9,2013958
2021-05-21 09:45:15,208.0,2013959
2021-05-21 09:45:17,208.0,2014168
2021-05-21 09:45:18,207.95,2014715
2021-05-21 09:45:19,207.9,2019735
2021-05-21 09:45:20,208.0,2020475
2021-05-21 09:45:21,207.9,2020604
2021-05-21 09:45:22,208.0,2022420
2021-05-21 09:45:23,208.0,2022538
2021-05-21 09:45:24,208.0,2022551
2021-05-21 09:45:27,208.05,2023352
2021-05-21 09:45:30,208.0,2024303
2021-05-21 09:45:30,208.0,2024303
2021-05-21 09:45:31,208.05,2024305
2021-05-21 09:45:32,208.0,2024528
2021-05-21 09:45:34,208.1,2030922
2021-05-21 09:45:34,208.0,2031680
2021-05-21 09:45:35,208.1,2033140
2021-05-21 09:45:36,208.1,2035193
2021-05-21 09:45:37,208.0,2035243
2021-05-21 09:45:39,208.25,2116068
2021-05-21 09:45:39,208.2,2122089
2021-05-21 09:45:40,208.25,2123694
2021-05-21 09:45:41,208.3,2140261
2021-05-21 09:45:42,208.25,2140316
2021-05-21 09:45:43,208.35,2187739
2021-05-21 09:45:44,208.3,2197186
2021-05-21 09:45:46,208.3,2207665
2021-05-21 09:45:48,208.3,2208567
2021-05-21 09:45:49,208.25,2209825
2021-05-21 09:45:49,208.15,2214515
2021-05-21 09:45:52,208.15,2215575
2021-05-21 09:45:53,208.35,2468900
2021-05-21 09:45:54,208.35,2538838
2021-05-21 09:45:56,208.3,2542531
2021-05-21 09:45:57,208.2,2543181
2021-05-21 09:45:58,208.3,2543198
2021-05-21 09:45:59,208.3,2543198
2021-05-21 09:46:00,208.3,2545843
2021-05-21 09:46:01,208.35,2545919
2021-05-21 09:46:01,208.25,2546454
2021-05-21 09:46:03,208.5,2651319
2021-05-21 09:46:04,208.5,2682318
2021-05-21 09:46:05,208.55,2693888
2021-05-21 09:46:05,208.5,2697448
2021-05-21 09:46:07,208.6,2697977
2021-05-21 09:46:08,208.5,2699099
2021-05-21 09:46:09,208.5,2701622
2021-05-21 09:46:09,208.5,2705154
2021-05-21 09:46:10,208.5,2707605
2021-05-21 09:46:11,208.55,2707849
2021-05-21 09:46:12,208.5,2709002
2021-05-21 09:46:13,208.6,2710240
2021-05-21 09:46:14,208.6,2711956
2021-05-21 09:46:15,208.5,2711992
2021-05-21 09:46:17,208.6,2713888
2021-05-21 09:46:18,208.7,2732340
2021-05-21 09:46:19,208.6,2737946
2021-05-21 09:46:20,208.6,2738785
2021-05-21 09:46:20,208.5,2739287
2021-05-21 09:46:22,208.55,2739640
2021-05-21 09:46:23,208.55,2740280
2021-05-21 09:46:23,208.55,2740305
2021-05-21 09:46:24,208.6,2744985
2021-05-21 09:46:25,208.65,2745035
2021-05-21 09:46:26,208.7,2749193
2021-05-21 09:46:27,208.6,2749194
2021-05-21 09:46:28,208.7,2749450
2021-05-21 09:46:29,208.7,2751700
2021-05-21 09:46:30,208.65,2756223
2021-05-21 09:46:32,208.55,2759566
2021-05-21 09:46:32,208.6,2761217
2021-05-21 09:46:33,208.6,2762607
2021-05-21 09:46:35,208.6,2762934
2021-05-21 09:46:36,208.6,2762964
2021-05-21 09:46:36,208.6,2762964
2021-05-21 09:46:37,208.6,2763316
2021-05-21 09:46:38,208.65,2763867
2021-05-21 09:46:39,208.6,2764617
2021-05-21 09:46:41,208.65,2764746
2021-05-21 09:46:43,208.7,2769234
2021-05-21 09:46:44,208.65,2769235
2021-05-21 09:46:44,208.7,2770735
2021-05-21 09:46:45,208.6,2771595
2021-05-21 09:46:46,208.65,2774495
2021-05-21 09:46:47,208.6,2777377
2021-05-21 09:46:48,208.55,2777385
2021-05-21 09:46:49,208.55,2777427
2021-05-21 09:46:50,208.6,2782668
2021-05-21 09:46:52,208.6,2787213
2021-05-21 09:46:53,208.55,2787283
2021-05-21 09:46:54,208.5,2791534
2021-05-21 09:46:56,208.65,2799897
2021-05-21 09:46:57,208.6,2802267
2021-05-21 09:46:58,208.5,2802369
2021-05-21 09:46:59,208.6,2802424
2021-05-21 09:47:00,208.6,2802814
2021-05-21 09:47:01,208.6,2806504
2021-05-21 09:47:02,208.6,2806854
2021-05-21 09:47:03,208.6,2807913
2021-05-21 09:47:04,208.6,2808759
2021-05-21 09:47:05,208.6,2810943
2021-05-21 09:47:07,208.5,2811105
2021-05-21 09:47:08,208.6,2811207
2021-05-21 09:47:09,208.55,2812525
2021-05-21 09:47:10,208.55,2816534
2021-05-21 09:47:11,208.55,2816865
2021-05-21 09:47:12,208.55,2818548
2021-05-21 09:47:13,208.6,2818823
2021-05-21 09:47:14,208.6,2818857
2021-05-21 09:47:15,208.55,2820539
2021-05-21 09:47:16,208.55,2820541
2021-05-21 09:47:17,208.6,2820590
2021-05-21 09:47:18,208.55,2820652
2021-05-21 09:47:19,208.5,2820767
2021-05-21 09:47:20,208.6,2820955
2021-05-21 09:47:21,208.55,2821246
2021-05-21 09:47:22,208.55,2821246
2021-05-21 09:47:23,208.6,2821366
2021-05-21 09:47:24,208.55,2821776
2021-05-21 09:47:25,208.55,2826411
2021-05-21 09:47:26,208.5,2828553
2021-05-21 09:47:27,208.6,2828613
2021-05-21 09:47:28,208.6,2829037
2021-05-21 09:47:30,208.6,2832439
2021-05-21 09:47:31,208.6,2832584
2021-05-21 09:47:32,208.55,2832609
2021-05-21 09:47:33,208.5,2833723
2021-05-21 09:47:34,208.5,2833741
2021-05-21 09:47:35,208.55,2833821
2021-05-21 09:47:36,208.5,2836105
2021-05-21 09:47:37,208.5,2842341
2021-05-21 09:47:38,208.5,2842448
2021-05-21 09:47:39,208.55,2842498
2021-05-21 09:47:40,208.55,2870518
2021-05-21 09:47:41,208.55,2870757
2021-05-21 09:47:42,208.5,2879741
2021-05-21 09:47:43,208.5,2880873
2021-05-21 09:47:44,208.55,2883312
2021-05-21 09:47:45,208.5,2883364
2021-05-21 09:47:46,208.5,2883878
2021-05-21 09:47:46,208.55,2883978
2021-05-21 09:47:47,208.5,2884087
2021-05-21 09:47:48,208.55,2884214
2021-05-21 09:47:49,208.5,2884614
2021-05-21 09:47:50,208.55,2884624
2021-05-21 09:47:51,208.5,2888506
2021-05-21 09:47:52,208.55,2891144
2021-05-21 09:47:54,208.5,2891902
2021-05-21 09:47:55,208.55,2893402
2021-05-21 09:47:56,208.5,2894155
2021-05-21 09:47:57,208.55,2894619
2021-05-21 09:47:58,208.5,2898519
2021-05-21 09:47:59,208.55,2901143
2021-05-21 09:48:00,208.55,2901176
2021-05-21 09:48:01,208.55,2901189
2021-05-21 09:48:02,208.55,2902269
2021-05-21 09:48:03,208.55,2904269
2021-05-21 09:48:04,208.5,2904669
2021-05-21 09:48:05,208.5,2905222
2021-05-21 09:48:06,208.5,2905336
2021-05-21 09:48:07,208.5,2906216
2021-05-21 09:48:08,208.55,2906985
2021-05-21 09:48:09,208.5,2908868
2021-05-21 09:48:10,208.5,2909205
2021-05-21 09:48:11,208.55,2925050
2021-05-21 09:48:12,208.5,2929536
2021-05-21 09:48:13,208.5,2929636
2021-05-21 09:48:14,208.55,2929846
2021-05-21 09:48:15,208.6,2930028
2021-05-21 09:48:16,208.55,2931328
2021-05-21 09:48:17,208.6,2932169
2021-05-21 09:48:18,208.55,2932183
2021-05-21 09:48:19,208.55,2932287
2021-05-21 09:48:20,208.6,2932437
2021-05-21 09:48:21,208.55,2932467
2021-05-21 09:48:22,208.6,2932649
2021-05-21 09:48:23,208.55,2932656
2021-05-21 09:48:24,208.55,2932656
2021-05-21 09:48:25,208.6,2932923
2021-05-21 09:48:26,208.6,2933274
2021-05-21 09:48:27,208.55,2933284
2021-05-21 09:48:27,208.55,2933285
2021-05-21 09:48:28,208.6,2933399
2021-05-21 09:48:29,208.6,2936074
2021-05-21 09:48:30,208.5,2938462
2021-05-21 09:48:32,208.6,2938668
2021-05-21 09:48:33,208.6,2938815
2021-05-21 09:48:34,208.55,2938825
2021-05-21 09:48:35,208.55,2938830
2021-05-21 09:48:36,208.55,2939181
2021-05-21 09:48:37,208.5,2939318
2021-05-21 09:48:38,208.5,2943318
2021-05-21 09:48:39,208.5,2943519
2021-05-21 09:48:40,208.5,2943874
2021-05-21 09:48:40,208.5,2943874
2021-05-21 09:48:41,208.5,2943874
2021-05-21 09:48:42,208.5,2946227
2021-05-21 09:48:43,208.55,2948647
2021-05-21 09:48:45,208.55,2949058
2021-05-21 09:48:47,208.55,2949070
2021-05-21 09:48:48,208.5,2950073
2021-05-21 09:48:49,208.55,2955817
2021-05-21 09:48:49,208.55,2957832
2021-05-21 09:48:51,208.55,2958182
2021-05-21 09:48:51,208.5,2958232
2021-05-21 09:48:52,208.5,2958563
2021-05-21 09:48:53,208.55,2958669
2021-05-21 09:48:55,208.5,2959220
2021-05-21 09:48:56,208.5,2959705
2021-05-21 09:48:57,208.55,2960263
2021-05-21 09:48:58,208.55,2960523
2021-05-21 09:48:59,208.5,2960555
2021-05-21 09:49:00,208.55,2960880
2021-05-21 09:49:01,208.5,2962343
2021-05-21 09:49:02,208.5,2967354
2021-05-21 09:49:03,208.5,2970940
2021-05-21 09:49:04,208.5,2990054
2021-05-21 09:49:04,208.55,2990354
2021-05-21 09:49:05,208.45,2996174
2021-05-21 09:49:07,208.55,2996662
2021-05-21 09:49:08,208.5,2997239
2021-05-21 09:49:09,208.45,2997299
2021-05-21 09:49:10,208.45,2997299
2021-05-21 09:49:11,208.5,2997449
2021-05-21 09:49:12,208.5,2997699
2021-05-21 09:49:13,208.5,2998022
2021-05-21 09:49:15,208.45,2998313
2021-05-21 09:49:16,208.55,2999620
2021-05-21 09:49:17,208.55,3001123
2021-05-21 09:49:18,208.5,3001323
2021-05-21 09:49:19,208.5,3001489
2021-05-21 09:49:20,208.5,3001802
2021-05-21 09:49:22,208.55,3003811
2021-05-21 09:49:23,208.55,3003811
2021-05-21 09:49:23,208.55,3003811
2021-05-21 09:49:24,208.55,3003926
2021-05-21 09:49:25,208.5,3004976
2021-05-21 09:49:27,208.55,3005072
2021-05-21 09:49:28,208.5,3005202
2021-05-21 09:49:29,208.5,3005702
2021-05-21 09:49:30,208.5,3005792
2021-05-21 09:49:31,208.5,3005793
2021-05-21 09:49:32,208.55,3005813
2021-05-21 09:49:33,208.55,3005934
2021-05-21 09:49:34,208.55,3005979
2021-05-21 09:49:35,208.5,3005991
2021-05-21 09:49:35,208.5,3006297
2021-05-21 09:49:36,208.55,3011500
2021-05-21 09:49:37,208.55,3012138
2021-05-21 09:49:39,208.55,3012240
2021-05-21 09:49:40,208.5,3012565
2021-05-21 09:49:41,208.55,3013500
2021-05-21 09:49:42,208.5,3014606
2021-05-21 09:49:43,208.55,3015191
2021-05-21 09:49:45,208.55,3017163
2021-05-21 09:49:46,208.5,3021454
2021-05-21 09:49:47,208.55,3021958
2021-05-21 09:49:48,208.55,3022458
2021-05-21 09:49:49,208.55,3023713
2021-05-21 09:49:50,208.55,3023913
2021-05-21 09:49:51,208.55,3024969
2021-05-21 09:49:52,208.5,3025509
2021-05-21 09:49:53,208.55,3025971
2021-05-21 09:49:54,208.55,3026172
2021-05-21 09:49:55,208.5,3026857
2021-05-21 09:49:55,208.55,3026877
2021-05-21 09:49:56,208.5,3027942
2021-05-21 09:49:58,208.55,3029145
2021-05-21 09:49:59,208.6,3045970
2021-05-21 09:50:00,208.65,3046390
2021-05-21 09:50:01,208.65,3049316
2021-05-21 09:50:02,208.7,3052183
2021-05-21 09:50:03,208.7,3052185
2021-05-21 09:50:05,208.65,3052502
2021-05-21 09:50:06,208.65,3053177
2021-05-21 09:50:07,208.7,3053230
2021-05-21 09:50:08,208.65,3054130
2021-05-21 09:50:09,208.7,3054418
2021-05-21 09:50:11,208.7,3055924
2021-05-21 09:50:12,208.7,3056048
2021-05-21 09:50:12,208.7,3056799
2021-05-21 09:50:13,208.7,3059491
2021-05-21 09:50:14,208.7,3078115
2021-05-21 09:50:16,208.7,3078372
2021-05-21 09:50:17,208.75,3078679
2021-05-21 09:50:18,208.75,3079070
2021-05-21 09:50:18,208.7,3079240
2021-05-21 09:50:19,208.7,3079613
2021-05-21 09:50:21,208.75,3081418
2021-05-21 09:50:22,208.75,3090663
2021-05-21 09:50:23,208.75,3091040
2021-05-21 09:50:24,208.8,3091559
2021-05-21 09:50:25,208.8,3091889
2021-05-21 09:50:26,208.8,3093176
2021-05-21 09:50:27,208.8,3093878
2021-05-21 09:50:28,208.8,3096397
2021-05-21 09:50:29,208.75,3096504
2021-05-21 09:50:30,208.8,3097321
2021-05-21 09:50:31,208.8,3098456
2021-05-21 09:50:32,208.8,3099062
2021-05-21 09:50:33,208.8,3099478
2021-05-21 09:50:34,208.8,3099997
2021-05-21 09:50:35,208.8,3100037
2021-05-21 09:50:36,208.8,3104219
2021-05-21 09:50:37,208.8,3106233
2021-05-21 09:50:38,208.85,3107710
2021-05-21 09:50:39,208.8,3107791
2021-05-21 09:50:40,208.85,3107913
2021-05-21 09:50:41,208.9,3108314
2021-05-21 09:50:42,208.85,3108860
2021-05-21 09:50:43,208.85,3110933
2021-05-21 09:50:44,208.85,3110933
2021-05-21 09:50:45,208.85,3111649
2021-05-21 09:50:46,208.8,3114152
2021-05-21 09:50:47,208.8,3114773
2021-05-21 09:50:48,208.85,3114877
2021-05-21 09:50:49,208.9,3115834
2021-05-21 09:50:50,208.9,3115919
2021-05-21 09:50:51,208.85,3116771
2021-05-21 09:50:52,208.85,3118246
2021-05-21 09:50:53,208.9,3118396
2021-05-21 09:50:54,208.9,3120396
2021-05-21 09:50:55,208.85,3120446
2021-05-21 09:50:56,208.9,3121346
2021-05-21 09:50:57,208.9,3121374
2021-05-21 09:50:58,208.85,3123301
2021-05-21 09:50:59,208.9,3123829
2021-05-21 09:51:00,208.9,3123829
2021-05-21 09:51:01,208.9,3124880
2021-05-21 09:51:02,208.9,3126041
2021-05-21 09:51:03,208.9,3142508
2021-05-21 09:51:04,208.9,3142712
2021-05-21 09:51:05,208.95,3144930
2021-05-21 09:51:06,208.9,3146130
2021-05-21 09:51:07,208.9,3146658
2021-05-21 09:51:08,208.9,3146728
2021-05-21 09:51:09,208.9,3147855
2021-05-21 09:51:10,208.9,3151742
2021-05-21 09:51:11,208.9,3152158
2021-05-21 09:51:12,208.9,3152830
2021-05-21 09:51:13,208.9,3153362
2021-05-21 09:51:14,208.9,3153383
2021-05-21 09:51:15,208.85,3153734
2021-05-21 09:51:16,208.85,3156780
2021-05-21 09:51:17,208.85,3156780
2021-05-21 09:51:18,208.9,3156961
2021-05-21 09:51:19,208.95,3159133
2021-05-21 09:51:20,208.95,3159179
2021-05-21 09:51:21,208.95,3160181
2021-05-21 09:51:22,208.85,3160471
2021-05-21 09:51:23,208.9,3160503
2021-05-21 09:51:24,208.9,3161305
2021-05-21 09:51:25,208.9,3172390
2021-05-21 09:51:26,208.9,3172495
2021-05-21 09:51:27,208.95,3172617
2021-05-21 09:51:28,208.95,3174117
2021-05-21 09:51:29,208.9,3174442
2021-05-21 09:51:30,208.9,3175059
2021-05-21 09:51:31,208.95,3175964
2021-05-21 09:51:32,208.9,3177813
2021-05-21 09:51:33,208.9,3178462
2021-05-21 09:51:34,208.9,3198318
2021-05-21 09:51:35,208.9,3199139
2021-05-21 09:51:37,208.8,3200554
2021-05-21 09:51:38,208.9,3201069
2021-05-21 09:51:39,208.85,3203676
2021-05-21 09:51:40,208.9,3209546
2021-05-21 09:51:41,208.9,3209705
2021-05-21 09:51:42,208.9,3209807
2021-05-21 09:51:43,208.9,3209992
2021-05-21 09:51:44,208.85,3210004
2021-05-21 09:51:45,208.85,3211740
2021-05-21 09:51:46,208.8,3212551
2021-05-21 09:51:47,208.9,3213610
2021-05-21 09:51:48,208.9,3213610
2021-05-21 09:51:49,208.8,3213611
2021-05-21 09:51:51,208.85,3213942
2021-05-21 09:51:50,208.85,3213942
2021-05-21 09:51:52,208.9,3216193
2021-05-21 09:51:53,208.75,3219643
2021-05-21 09:51:55,208.9,3223075
2021-05-21 09:51:56,208.8,3223175
2021-05-21 09:51:57,208.75,3223808
2021-05-21 09:51:58,208.9,3228270
2021-05-21 09:51:59,208.75,3228462
2021-05-21 09:52:00,208.75,3228462
2021-05-21 09:52:01,208.9,3228463
2021-05-21 09:52:02,208.85,3239687
2021-05-21 09:52:04,208.75,3239774
2021-05-21 09:52:06,208.8,3239809
2021-05-21 09:52:05,208.8,3239809
2021-05-21 09:52:07,208.75,3240180
2021-05-21 09:52:08,208.8,3240430
2021-05-21 09:52:09,208.8,3240945
2021-05-21 09:52:10,208.75,3241294
2021-05-21 09:52:11,208.75,3241369
2021-05-21 09:52:12,208.75,3241401
2021-05-21 09:52:13,208.7,3242314
2021-05-21 09:52:14,208.8,3242772
2021-05-21 09:52:15,208.7,3244337
2021-05-21 09:52:16,208.8,3244338
2021-05-21 09:52:17,208.8,3244388
2021-05-21 09:52:18,208.75,3244431
2021-05-21 09:52:19,208.75,3244452
2021-05-21 09:52:20,208.75,3244493
2021-05-21 09:52:21,208.75,3245209
2021-05-21 09:52:22,208.7,3246155
2021-05-21 09:52:23,208.7,3246385
2021-05-21 09:52:24,208.8,3246399
2021-05-21 09:52:26,208.75,3246609
2021-05-21 09:52:25,208.8,3246409
2021-05-21 09:52:27,208.75,3246731
2021-05-21 09:52:28,208.7,3246856
2021-05-21 09:52:29,208.75,3246864
2021-05-21 09:52:30,208.75,3247021
2021-05-21 09:52:31,208.7,3247410
2021-05-21 09:52:32,208.75,3247470
2021-05-21 09:52:35,208.7,3252446
2021-05-21 09:52:36,208.7,3253241
2021-05-21 09:52:37,208.65,3254141
2021-05-21 09:52:38,208.8,3254641
2021-05-21 09:52:39,208.7,3254681
2021-05-21 09:52:41,208.65,3255764
2021-05-21 09:52:40,208.65,3255729
2021-05-21 09:52:42,208.6,3258969
2021-05-21 09:52:43,208.6,3260144
2021-05-21 09:52:44,208.7,3260244
2021-05-21 09:52:45,208.7,3260252
2021-05-21 09:52:46,208.6,3260340
2021-05-21 09:52:48,208.65,3260601
2021-05-21 09:52:49,208.65,3260601
2021-05-21 09:52:50,208.65,3260922
2021-05-21 09:52:51,208.7,3261864
2021-05-21 09:52:52,208.7,3262078
2021-05-21 09:52:53,208.6,3264329
2021-05-21 09:52:54,208.7,3264529
2021-05-21 09:52:56,208.7,3264731
2021-05-21 09:52:55,208.7,3264725
2021-05-21 09:52:57,208.7,3264733
2021-05-21 09:52:59,208.7,3264839
2021-05-21 09:53:00,208.7,3264839
2021-05-21 09:53:01,208.65,3264891
2021-05-21 09:53:02,208.65,3266048
2021-05-21 09:53:03,208.7,3268351
2021-05-21 09:53:04,208.65,3268458
2021-05-21 09:53:05,208.7,3268618
2021-05-21 09:53:06,208.65,3268922
2021-05-21 09:53:07,208.7,3269322
2021-05-21 09:53:08,208.7,3270422
2021-05-21 09:53:09,208.6,3271618
2021-05-21 09:53:10,208.6,3271618
2021-05-21 09:53:11,208.7,3273501
2021-05-21 09:53:12,208.65,3273524
2021-05-21 09:53:13,208.7,3274571
2021-05-21 09:53:14,208.7,3274621
2021-05-21 09:53:16,208.65,3274705
2021-05-21 09:53:17,208.7,3275770
2021-05-21 09:53:19,208.7,3277801
2021-05-21 09:53:19,208.7,3275799
2021-05-21 09:53:20,208.7,3278037
2021-05-21 09:53:21,208.75,3283728
2021-05-21 09:53:23,208.75,3284586
2021-05-21 09:53:24,208.75,3284991
2021-05-21 09:53:25,208.75,3285041
2021-05-21 09:53:26,208.7,3285401
2021-05-21 09:53:27,208.85,3295527
2021-05-21 09:53:28,208.7,3295647
2021-05-21 09:53:30,208.7,3295796
2021-05-21 09:53:30,208.7,3295796
2021-05-21 09:53:31,208.75,3296339
2021-05-21 09:53:32,208.85,3302048
2021-05-21 09:53:33,208.75,3302087
2021-05-21 09:53:34,208.85,3302587
2021-05-21 09:53:35,208.8,3302878
2021-05-21 09:53:37,208.75,3302968
2021-05-21 09:53:37,208.8,3302948
2021-05-21 09:53:39,208.9,3303623
2021-05-21 09:53:40,208.8,3303642
2021-05-21 09:53:41,208.9,3304019
2021-05-21 09:53:42,208.75,3304219
2021-05-21 09:53:43,208.85,3305449
2021-05-21 09:53:43,208.85,3305461
2021-05-21 09:53:44,208.85,3305675
2021-05-21 09:53:46,208.85,3305677
2021-05-21 09:53:46,208.75,3306177
2021-05-21 09:53:47,208.75,3307228
2021-05-21 09:53:49,208.85,3308438
2021-05-21 09:53:49,208.85,3308438
2021-05-21 09:53:51,208.85,3309348
2021-05-21 09:53:52,208.75,3309843
2021-05-21 09:53:51,208.8,3309603
2021-05-21 09:53:53,208.75,3309861
2021-05-21 09:53:55,208.8,3310062
2021-05-21 09:53:55,208.8,3310062
2021-05-21 09:53:56,208.8,3310197
2021-05-21 09:53:58,208.75,3311199
2021-05-21 09:53:58,208.8,3310199
2021-05-21 09:53:59,208.8,3311407
2021-05-21 09:54:00,208.8,3311411
2021-05-21 09:54:01,208.8,3313126
2021-05-21 09:54:02,208.75,3313830
2021-05-21 09:54:04,208.75,3314200
2021-05-21 09:54:04,208.8,3314700
2021-05-21 09:54:05,208.75,3314813
2021-05-21 09:54:06,208.75,3314864
2021-05-21 09:54:08,208.8,3315748
2021-05-21 09:54:08,208.8,3315748
2021-05-21 09:54:09,208.75,3322948
2021-05-21 09:54:10,208.75,3323020
2021-05-21 09:54:11,208.85,3323195
2021-05-21 09:54:12,208.75,3325981
2021-05-21 09:54:13,208.8,3326446
2021-05-21 09:54:14,208.75,3326487
2021-05-21 09:54:15,208.85,3326587
2021-05-21 09:54:16,208.75,3326706
2021-05-21 09:54:17,208.75,3326746
2021-05-21 09:54:18,208.8,3326841
2021-05-21 09:54:19,208.8,3326948
2021-05-21 09:54:20,208.8,3326959
2021-05-21 09:54:21,208.8,3327459
2021-05-21 09:54:22,208.85,3328943
2021-05-21 09:54:23,208.75,3328992
2021-05-21 09:54:24,208.75,3331770
2021-05-21 09:54:25,208.8,3332931
2021-05-21 09:54:27,208.8,3333036
2021-05-21 09:54:27,208.8,3333136
2021-05-21 09:54:28,208.8,3333141
2021-05-21 09:54:29,208.75,3333246
2021-05-21 09:54:30,208.75,3333347
2021-05-21 09:54:31,208.8,3334050
2021-05-21 09:54:32,208.8,3334270
2021-05-21 09:54:33,208.8,3335290
2021-05-21 09:54:34,208.75,3335320
2021-05-21 09:54:35,208.8,3335581
2021-05-21 09:54:37,208.8,3335643
2021-05-21 09:54:37,208.75,3335762
2021-05-21 09:54:38,208.75,3335872
2021-05-21 09:54:39,208.75,3335872
2021-05-21 09:54:40,208.75,3336197
2021-05-21 09:54:41,208.8,3336552
2021-05-21 09:54:42,208.8,3336955
2021-05-21 09:54:44,208.75,3336981
2021-05-21 09:54:44,208.75,3336983
2021-05-21 09:54:45,208.75,3336983
2021-05-21 09:54:46,208.8,3338576
2021-05-21 09:54:47,208.8,3338636
2021-05-21 09:54:48,208.75,3339138
2021-05-21 09:54:49,208.8,3339360
2021-05-21 09:54:50,208.75,3339749
2021-05-21 09:54:51,208.8,3340152
2021-05-21 09:54:52,208.8,3340340
2021-05-21 09:54:54,208.8,3340762
2021-05-21 09:54:54,208.75,3340931
2021-05-21 09:54:55,208.8,3340943
2021-05-21 09:54:56,208.8,3341144
2021-05-21 09:54:57,208.75,3341174
2021-05-21 09:54:58,208.8,3341674
2021-05-21 09:55:00,208.8,3341675
2021-05-21 09:55:00,208.8,3341675
2021-05-21 09:55:01,208.8,3342187
2021-05-21 09:55:02,208.75,3342207
2021-05-21 09:55:03,208.75,3343315
2021-05-21 09:55:04,208.8,3343415
2021-05-21 09:55:06,208.8,3343531
2021-05-21 09:55:06,208.8,3343531
2021-05-21 09:55:07,208.75,3343691
2021-05-21 09:55:08,208.8,3343766
2021-05-21 09:55:09,208.75,3344041
2021-05-21 09:55:10,208.75,3344206
2021-05-21 09:55:11,208.8,3344412
2021-05-21 09:55:12,208.75,3344913
2021-05-21 09:55:13,208.75,3344964
2021-05-21 09:55:15,208.75,3345070
2021-05-21 09:55:14,208.75,3344965
2021-05-21 09:55:16,208.8,3348166
2021-05-21 09:55:17,208.75,3349442
2021-05-21 09:55:18,208.75,3349442
2021-05-21 09:55:19,208.75,3350454
2021-05-21 09:55:21,208.8,3350995
2021-05-21 09:55:23,208.8,3351136
2021-05-21 09:55:24,208.75,3351141
2021-05-21 09:55:25,208.75,3351158
2021-05-21 09:55:26,208.8,3352054
2021-05-21 09:55:27,208.8,3352056
2021-05-21 09:55:27,208.8,3352056
2021-05-21 09:55:28,208.75,3352311
2021-05-21 09:55:29,208.8,3352420
2021-05-21 09:55:30,208.8,3352605
2021-05-21 09:55:31,208.8,3352605
2021-05-21 09:55:32,208.8,3352706
2021-05-21 09:55:33,208.8,3353961
2021-05-21 09:55:34,208.75,3369948
2021-05-21 09:55:35,208.75,3370062
2021-05-21 09:55:37,208.75,3370063
2021-05-21 09:55:38,208.7,3370194
2021-05-21 09:55:39,208.7,3370244
2021-05-21 09:55:40,208.75,3370267
2021-05-21 09:55:40,208.7,3371267
2021-05-21 09:55:41,208.75,3371413
2021-05-21 09:55:42,208.75,3371548
2021-05-21 09:55:43,208.75,3371833
2021-05-21 09:55:45,208.7,3372933
2021-05-21 09:55:46,208.85,3406933
2021-05-21 09:55:47,208.85,3416433
2021-05-21 09:55:48,208.9,3419228
2021-05-21 09:55:48,208.8,3418529
2021-05-21 09:55:49,208.9,3419628
2021-05-21 09:55:50,208.9,3427638
2021-05-21 09:55:51,208.9,3430938
2021-05-21 09:55:52,208.95,3444709
2021-05-21 09:55:53,208.9,3444950
2021-05-21 09:55:54,208.9,3445265
2021-05-21 09:55:55,208.95,3445965
2021-05-21 09:55:56,208.95,3456565
2021-05-21 09:55:58,208.9,3457566
2021-05-21 09:55:59,209.0,3460800
2021-05-21 09:56:00,209.0,3461464
2021-05-21 09:56:00,209.0,3467052
2021-05-21 09:56:01,209.0,3468261
2021-05-21 09:56:03,209.1,3532659
2021-05-21 09:56:04,209.1,3535238
2021-05-21 09:56:05,209.1,3537674
2021-05-21 09:56:05,209.1,3537684
2021-05-21 09:56:06,209.0,3545608
2021-05-21 09:56:08,209.15,3551229
2021-05-21 09:56:09,209.15,3552355
2021-05-21 09:56:11,209.05,3557705
2021-05-21 09:56:12,209.1,3560280
2021-05-21 09:56:13,209.1,3561306
2021-05-21 09:56:13,209.05,3561406
2021-05-21 09:56:15,209.15,3564263
2021-05-21 09:56:16,209.2,3568604
2021-05-21 09:56:16,209.2,3568604
2021-05-21 09:56:17,209.2,3570259
2021-05-21 09:56:18,209.2,3573960
2021-05-21 09:56:19,209.2,3575941
2021-05-21 09:56:20,209.2,3583729
2021-05-21 09:56:23,209.05,3587874
2021-05-21 09:56:22,209.2,3583890
2021-05-21 09:56:24,209.1,3591248
2021-05-21 09:56:25,209.1,3592671
2021-05-21 09:56:25,209.1,3592672
2021-05-21 09:56:27,209.15,3593735
2021-05-21 09:56:28,209.1,3596516
2021-05-21 09:56:29,209.1,3599569
2021-05-21 09:56:30,209.1,3603075
2021-05-21 09:56:32,209.1,3608954
2021-05-21 09:56:33,209.15,3612180
2021-05-21 09:56:34,209.1,3617748
2021-05-21 09:56:35,209.1,3617929
2021-05-21 09:56:36,209.05,3624171
2021-05-21 09:56:38,209.15,3626807
2021-05-21 09:56:39,209.15,3629454
2021-05-21 09:56:41,209.1,3631980
2021-05-21 09:56:42,209.1,3633430
2021-05-21 09:56:43,209.05,3636205
2021-05-21 09:56:43,209.05,3637982
2021-05-21 09:56:45,209.1,3639259
2021-05-21 09:56:47,209.1,3641259
2021-05-21 09:56:48,209.1,3642072
2021-05-21 09:56:49,209.1,3642847
2021-05-21 09:56:49,209.1,3642847
2021-05-21 09:56:50,209.1,3645052
2021-05-21 09:56:51,209.1,3646947
2021-05-21 09:56:52,209.05,3648286
2021-05-21 09:56:53,209.1,3649533
2021-05-21 09:56:54,209.1,3649758
2021-05-21 09:56:56,209.0,3651607
2021-05-21 09:56:57,209.05,3652138
2021-05-21 09:56:58,209.1,3652338
2021-05-21 09:56:59,209.0,3652848
2021-05-21 09:57:00,209.1,3653986
2021-05-21 09:57:01,209.0,3656803
2021-05-21 09:57:01,209.1,3656853
2021-05-21 09:57:02,209.1,3657562
2021-05-21 09:57:04,209.15,3659167
2021-05-21 09:57:05,209.1,3660404
2021-05-21 09:57:06,209.1,3661797
2021-05-21 09:57:07,209.1,3662173
2021-05-21 09:57:08,209.1,3662583
2021-05-21 09:57:08,209.1,3662593
2021-05-21 09:57:09,209.1,3664500
2021-05-21 09:57:11,209.1,3672302
2021-05-21 09:57:12,209.1,3673643
2021-05-21 09:57:13,209.0,3673912
2021-05-21 09:57:15,209.1,3674679
2021-05-21 09:57:17,209.0,3691516
2021-05-21 09:57:18,209.05,3693748
2021-05-21 09:57:18,209.05,3693759
2021-05-21 09:57:19,209.05,3693934
2021-05-21 09:57:20,209.05,3694558
2021-05-21 09:57:21,209.1,3695070
2021-05-21 09:57:22,209.1,3696317
2021-05-21 09:57:23,209.0,3696849
2021-05-21 09:57:24,209.05,3697055
2021-05-21 09:57:25,209.05,3697110
2021-05-21 09:57:27,209.05,3697560
2021-05-21 09:57:28,209.05,3698762
2021-05-21 09:57:28,209.05,3698786
2021-05-21 09:57:29,209.0,3699327
2021-05-21 09:57:31,209.05,3699987
2021-05-21 09:57:32,209.05,3700817
2021-05-21 09:57:33,209.1,3702568
2021-05-21 09:57:34,209.1,3704236
2021-05-21 09:57:35,209.05,3704879
2021-05-21 09:57:36,209.1,3705469
2021-05-21 09:57:37,209.05,3706700
2021-05-21 09:57:38,209.1,3707200
2021-05-21 09:57:39,209.1,3711238
2021-05-21 09:57:39,209.1,3711238
2021-05-21 09:57:41,209.1,3714667
2021-05-21 09:57:42,209.1,3715154
2021-05-21 09:57:43,209.1,3715523
2021-05-21 09:57:44,209.1,3717523
2021-05-21 09:57:46,209.1,3718133
2021-05-21 09:57:47,209.1,3718414
2021-05-21 09:57:48,209.1,3719995
2021-05-21 09:57:49,209.0,3720330
2021-05-21 09:57:50,209.0,3723547
2021-05-21 09:57:51,209.1,3724369
2021-05-21 09:57:52,209.05,3725729
2021-05-21 09:57:53,209.1,3727534
2021-05-21 09:57:54,209.0,3730078
2021-05-21 09:57:54,209.1,3730108
2021-05-21 09:57:55,209.1,3730293
2021-05-21 09:57:56,209.1,3731613
2021-05-21 09:57:57,209.1,3731973
2021-05-21 09:57:58,209.1,3732388
2021-05-21 09:57:59,209.1,3733405
2021-05-21 09:58:01,209.0,3733435
2021-05-21 09:58:02,209.0,3759386
2021-05-21 09:58:03,209.05,3759702
2021-05-21 09:58:04,209.1,3760252
2021-05-21 09:58:04,209.1,3760353
2021-05-21 09:58:05,209.1,3773149
2021-05-21 09:58:06,209.0,3773499
2021-05-21 09:58:07,209.0,3776894
2021-05-21 09:58:08,209.1,3778061
2021-05-21 09:58:09,209.1,3779318
2021-05-21 09:58:10,209.0,3780451
2021-05-21 09:58:12,209.05,3781037
2021-05-21 09:58:13,209.05,3781634
2021-05-21 09:58:14,209.1,3782160
2021-05-21 09:58:15,209.1,3782274
2021-05-21 09:58:17,209.1,3783137
2021-05-21 09:58:18,209.05,3783461
2021-05-21 09:58:18,209.05,3783461
2021-05-21 09:58:21,209.1,3786765
2021-05-21 09:58:22,209.1,3787106
2021-05-21 09:58:22,209.1,3787266
2021-05-21 09:58:23,209.1,3788823
2021-05-21 09:58:24,209.1,3790224
2021-05-21 09:58:25,209.1,3791422
2021-05-21 09:58:26,209.05,3792078
2021-05-21 09:58:28,209.05,3793031
2021-05-21 09:58:29,209.1,3795982
2021-05-21 09:58:30,209.05,3802018
2021-05-21 09:58:30,209.05,3802018
2021-05-21 09:58:31,209.05,3803718
2021-05-21 09:58:32,209.1,3805962
2021-05-21 09:58:33,209.1,3807190
2021-05-21 09:58:34,209.1,3809531
2021-05-21 09:58:35,209.05,3810342
2021-05-21 09:58:37,209.05,3810570
2021-05-21 09:58:38,209.05,3811800
2021-05-21 09:58:39,209.05,3812546
2021-05-21 09:58:40,209.0,3813582
2021-05-21 09:58:41,209.05,3813584
2021-05-21 09:58:42,209.05,3814547
2021-05-21 09:58:43,209.05,3815657
2021-05-21 09:58:44,209.0,3829674
2021-05-21 09:58:45,209.0,3829843
2021-05-21 09:58:46,209.1,3830503
2021-05-21 09:58:47,209.0,3831229
2021-05-21 09:58:48,209.05,3831615
2021-05-21 09:58:49,209.1,3832540
2021-05-21 09:58:50,209.1,3836065
2021-05-21 09:58:51,209.1,3836265
2021-05-21 09:58:52,209.1,3838265
2021-05-21 09:58:53,209.05,3852323
2021-05-21 09:58:54,209.0,3852686
2021-05-21 09:58:55,209.05,3852743
2021-05-21 09:58:56,209.05,3853160
2021-05-21 09:58:57,209.05,3853621
2021-05-21 09:58:58,209.0,3855235
2021-05-21 09:58:59,209.05,3855328
2021-05-21 09:59:00,209.0,3857515
2021-05-21 09:59:01,209.05,3857534
2021-05-21 09:59:02,209.05,3857584
2021-05-21 09:59:03,209.1,3877993
2021-05-21 09:59:03,209.1,3877973
2021-05-21 09:59:04,209.1,3879133
2021-05-21 09:59:06,209.1,3880779
2021-05-21 09:59:06,209.1,3880779
2021-05-21 09:59:07,209.1,3880793
2021-05-21 09:59:09,209.05,3885196
2021-05-21 09:59:10,209.05,3886211
2021-05-21 09:59:11,209.05,3886517
2021-05-21 09:59:12,209.1,3887805
2021-05-21 09:59:15,209.0,3890029
2021-05-21 09:59:16,209.1,3890690
2021-05-21 09:59:17,209.1,3891102
2021-05-21 09:59:18,209.0,3892139
2021-05-21 09:59:19,209.1,3892265
2021-05-21 09:59:20,209.1,3892975
2021-05-21 09:59:21,209.1,3893308
2021-05-21 09:59:23,209.1,3897749
2021-05-21 09:59:24,209.1,3897855
2021-05-21 09:59:24,209.1,3897855
2021-05-21 09:59:25,209.0,3897928
2021-05-21 09:59:26,209.0,3899428
2021-05-21 09:59:27,209.1,3899534
2021-05-21 09:59:28,209.1,3900294
2021-05-21 09:59:29,209.1,3900324
2021-05-21 09:59:30,209.1,3900369
2021-05-21 09:59:31,209.1,3902969
2021-05-21 09:59:32,209.0,3903041
2021-05-21 09:59:34,209.1,3904041
2021-05-21 09:59:35,209.0,3904118
2021-05-21 09:59:36,209.05,3909728
2021-05-21 09:59:38,209.05,3909761
2021-05-21 09:59:39,209.05,3910411
2021-05-21 09:59:40,209.1,3911574
2021-05-21 09:59:41,209.05,3911679
2021-05-21 09:59:42,209.05,3911964
2021-05-21 09:59:43,209.05,3912853
2021-05-21 09:59:44,209.0,3915107
2021-05-21 09:59:45,209.1,3915243
2021-05-21 09:59:46,209.0,3915283
2021-05-21 09:59:47,209.0,3917133
2021-05-21 09:59:48,209.05,3918132
2021-05-21 09:59:49,209.05,3918535
2021-05-21 09:59:50,209.05,3918763
2021-05-21 09:59:50,209.05,3918763
2021-05-21 09:59:51,209.1,3918863
2021-05-21 09:59:52,209.1,3919115
2021-05-21 09:59:53,209.05,3919636
2021-05-21 09:59:54,209.0,3919791
2021-05-21 09:59:56,209.1,3919921
2021-05-21 09:59:57,209.1,3920131
2021-05-21 09:59:58,209.1,3921283
2021-05-21 09:59:59,209.0,3921783
2021-05-21 10:00:00,209.05,3921987
2021-05-21 10:00:01,209.05,3922291
2021-05-21 10:00:02,209.05,3922412
2021-05-21 10:00:03,209.1,3922669
2021-05-21 10:00:04,209.0,3922709
2021-05-21 10:00:05,209.1,3923019
2021-05-21 10:00:06,209.1,3923622
2021-05-21 10:00:06,209.1,3923627
2021-05-21 10:00:07,209.1,3923678
2021-05-21 10:00:09,209.1,3926731
2021-05-21 10:00:10,209.1,3928204
2021-05-21 10:00:11,209.05,3931239
2021-05-21 10:00:12,209.05,3931752
2021-05-21 10:00:13,209.05,3932562
2021-05-21 10:00:14,209.05,3933313
2021-05-21 10:00:15,209.05,3933593
2021-05-21 10:00:16,209.05,3934842
2021-05-21 10:00:17,209.0,3934853
2021-05-21 10:00:18,209.05,3935066
2021-05-21 10:00:19,209.05,3935211
2021-05-21 10:00:20,209.05,3935306
2021-05-21 10:00:21,209.05,3935532
2021-05-21 10:00:22,209.0,3937928
2021-05-21 10:00:23,209.05,3937965
2021-05-21 10:00:25,209.05,3939424
2021-05-21 10:00:25,209.0,3939467
2021-05-21 10:00:26,209.0,3940490
2021-05-21 10:00:27,209.05,3941213
2021-05-21 10:00:28,209.05,3941518
2021-05-21 10:00:29,209.05,3941569
2021-05-21 10:00:31,209.05,3943864
2021-05-21 10:00:32,209.05,3943957
2021-05-21 10:00:33,209.05,3944313
2021-05-21 10:00:33,209.0,3986587
2021-05-21 10:00:34,209.05,3986929
2021-05-21 10:00:35,209.05,3987251
2021-05-21 10:00:37,209.0,3996404
2021-05-21 10:00:38,209.0,3996821
2021-05-21 10:00:39,209.05,3997122
2021-05-21 10:00:40,209.0,4009185
2021-05-21 10:00:41,209.05,4009335
2021-05-21 10:00:42,209.05,4011060
2021-05-21 10:00:43,209.0,4011563
2021-05-21 10:00:44,209.05,4015147
2021-05-21 10:00:45,209.05,4015158
2021-05-21 10:00:46,209.05,4015218
2021-05-21 10:00:46,209.05,4015218
2021-05-21 10:00:48,209.05,4015364
2021-05-21 10:00:49,209.05,4016123
2021-05-21 10:00:50,209.05,4017238
2021-05-21 10:00:51,209.05,4017764
2021-05-21 10:00:52,209.05,4021270
2021-05-21 10:00:52,209.05,4021270
2021-05-21 10:00:53,209.05,4021520
2021-05-21 10:00:55,209.05,4022570
2021-05-21 10:00:56,209.05,4023284
2021-05-21 10:00:57,209.05,4025534
2021-05-21 10:00:58,209.05,4026385
2021-05-21 10:00:59,209.0,4042756
2021-05-21 10:01:00,209.0,4047581
2021-05-21 10:01:01,209.1,4048081
2021-05-21 10:01:02,209.1,4048462
2021-05-21 10:01:03,209.1,4048491
2021-05-21 10:01:04,209.05,4049145
2021-05-21 10:01:05,209.05,4049156
2021-05-21 10:01:06,209.05,4050274
2021-05-21 10:01:07,209.1,4051267
2021-05-21 10:01:08,209.1,4051397
2021-05-21 10:01:09,209.1,4051929
2021-05-21 10:01:10,209.05,4052084
2021-05-21 10:01:11,209.0,4052708
2021-05-21 10:01:11,209.0,4052708
2021-05-21 10:01:12,209.05,4052888
2021-05-21 10:01:14,209.05,4053338
2021-05-21 10:01:15,209.05,4054287
2021-05-21 10:01:16,209.05,4054317
2021-05-21 10:01:17,209.1,4055336
2021-05-21 10:01:18,209.1,4055388
2021-05-21 10:01:19,209.05,4055490
2021-05-21 10:01:20,209.1,4056990
2021-05-21 10:01:21,209.0,4057378
2021-05-21 10:01:22,209.1,4058378
2021-05-21 10:01:23,209.1,4059807
2021-05-21 10:01:24,209.1,4060310
2021-05-21 10:01:25,209.0,4060349
2021-05-21 10:01:26,209.0,4060821
2021-05-21 10:01:27,209.0,4061043
2021-05-21 10:01:28,209.1,4063889
2021-05-21 10:01:29,209.1,4065147
2021-05-21 10:01:30,209.0,4066399
2021-05-21 10:01:31,209.0,4066399
2021-05-21 10:01:32,209.0,4067016
2021-05-21 10:01:33,209.0,4067539
2021-05-21 10:01:34,209.1,4068040
2021-05-21 10:01:35,209.1,4068180
2021-05-21 10:01:36,209.1,4068715
2021-05-21 10:01:37,209.0,4069897
2021-05-21 10:01:37,209.0,4070097
2021-05-21 10:01:39,209.1,4074797
2021-05-21 10:01:41,209.1,4076033
2021-05-21 10:01:42,209.1,4076185
2021-05-21 10:01:43,209.0,4076197
2021-05-21 10:01:44,209.05,4076432
2021-05-21 10:01:45,209.1,4076932
2021-05-21 10:01:46,209.1,4077932
2021-05-21 10:01:47,209.1,4078332
2021-05-21 10:01:48,209.1,4088629
2021-05-21 10:01:49,209.0,4088823
2021-05-21 10:01:50,209.0,4089458
2021-05-21 10:01:51,209.1,4089558
2021-05-21 10:01:52,209.1,4089658
2021-05-21 10:01:53,209.0,4090010
2021-05-21 10:01:54,209.1,4093533
2021-05-21 10:01:55,209.1,4093988
2021-05-21 10:01:56,209.05,4099088
2021-05-21 10:01:57,209.1,4102022
2021-05-21 10:01:58,209.1,4102553
2021-05-21 10:01:59,209.1,4102553
2021-05-21 10:02:00,209.0,4103453
2021-05-21 10:02:01,209.1,4103754
2021-05-21 10:02:02,209.1,4109126
2021-05-21 10:02:03,209.0,4110082
2021-05-21 10:02:04,209.0,4111252
2021-05-21 10:02:05,209.1,4111424
2021-05-21 10:02:06,209.1,4112446
2021-05-21 10:02:07,209.1,4112791
2021-05-21 10:02:08,209.05,4113048
2021-05-21 10:02:09,209.1,4113167
2021-05-21 10:02:10,209.0,4113187
2021-05-21 10:02:11,209.1,4113287
2021-05-21 10:02:12,209.1,4113761
2021-05-21 10:02:13,209.1,4114136
2021-05-21 10:02:14,209.1,4114439
2021-05-21 10:02:15,209.0,4115303
2021-05-21 10:02:16,209.05,4116708
2021-05-21 10:02:17,209.1,4117275
2021-05-21 10:02:18,209.0,4118375
2021-05-21 10:02:19,209.1,4118470
2021-05-21 10:02:20,209.05,4118608
2021-05-21 10:02:21,209.1,4119324
2021-05-21 10:02:22,209.05,4125113
2021-05-21 10:02:23,209.05,4125146
2021-05-21 10:02:24,209.1,4128527
2021-05-21 10:02:25,209.1,4128557
2021-05-21 10:02:26,209.05,4128807
2021-05-21 10:02:27,209.05,4129176
2021-05-21 10:02:28,209.1,4131859
2021-05-21 10:02:29,209.1,4135078
2021-05-21 10:02:30,209.05,4135629
2021-05-21 10:02:31,209.05,4135644
2021-05-21 10:02:32,209.1,4135647
2021-05-21 10:02:33,209.1,4136952
2021-05-21 10:02:34,209.05,4138062
2021-05-21 10:02:35,209.0,4138308
2021-05-21 10:02:36,209.1,4138790
2021-05-21 10:02:37,209.05,4138803
2021-05-21 10:02:38,209.0,4139044
2021-05-21 10:02:39,209.1,4139204
2021-05-21 10:02:40,209.1,4139231
2021-05-21 10:02:41,209.1,4139382
2021-05-21 10:02:42,209.05,4140137
2021-05-21 10:02:43,209.05,4140681
2021-05-21 10:02:44,209.1,4141322
2021-05-21 10:02:45,209.05,4141541
2021-05-21 10:02:46,209.05,4141541
2021-05-21 10:02:47,209.0,4143116
2021-05-21 10:02:48,209.05,4143520
2021-05-21 10:02:49,209.0,4143647
2021-05-21 10:02:50,209.0,4143659
2021-05-21 10:02:51,209.0,4143838
2021-05-21 10:02:52,209.05,4143935
2021-05-21 10:02:53,209.0,4146538
2021-05-21 10:02:54,209.0,4147242
2021-05-21 10:02:55,209.1,4147595
2021-05-21 10:02:56,209.1,4147645
2021-05-21 10:02:57,209.1,4148573
2021-05-21 10:02:59,209.05,4149043
2021-05-21 10:03:00,209.1,4149817
2021-05-21 10:03:01,209.1,4153127
2021-05-21 10:03:02,209.05,4153179
2021-05-21 10:03:03,209.0,4153661
2021-05-21 10:03:04,209.1,4154998
2021-05-21 10:03:05,209.1,4155604
2021-05-21 10:03:06,209.05,4155849
2021-05-21 10:03:07,209.0,4162249
2021-05-21 10:03:08,209.0,4162249
2021-05-21 10:03:09,209.05,4163329
2021-05-21 10:03:10,209.05,4166967
2021-05-21 10:03:12,209.0,4167012
2021-05-21 10:03:13,209.05,4167405
2021-05-21 10:03:14,209.05,4168460
2021-05-21 10:03:15,209.0,4168511
2021-05-21 10:03:16,209.05,4169738
2021-05-21 10:03:17,209.0,4170311
2021-05-21 10:03:18,209.0,4174065
2021-05-21 10:03:20,209.0,4174246
2021-05-21 10:03:21,209.0,4192231
2021-05-21 10:03:22,209.0,4196991
2021-05-21 10:03:23,209.0,4197712
2021-05-21 10:03:24,208.95,4199253
2021-05-21 10:03:25,208.95,4199462
2021-05-21 10:03:26,209.0,4199562
2021-05-21 10:03:27,209.0,4200529
2021-05-21 10:03:28,208.95,4201386
2021-05-21 10:03:29,209.0,4203462
2021-05-21 10:03:30,209.0,4215719
2021-05-21 10:03:31,209.0,4220021
2021-05-21 10:03:32,209.0,4220331
2021-05-21 10:03:33,209.0,4220703
2021-05-21 10:03:34,209.0,4220846
2021-05-21 10:03:35,209.05,4222856
2021-05-21 10:03:37,209.05,4224172
2021-05-21 10:03:38,209.05,4225540
2021-05-21 10:03:39,209.0,4228740
2021-05-21 10:03:40,209.0,4230740
2021-05-21 10:03:41,209.05,4230772
2021-05-21 10:03:42,209.05,4231023
2021-05-21 10:03:43,209.0,4233068
2021-05-21 10:03:44,209.0,4233528
2021-05-21 10:03:45,209.05,4233560
2021-05-21 10:03:46,209.05,4256033
2021-05-21 10:03:47,209.05,4256538
2021-05-21 10:03:48,209.05,4257053
2021-05-21 10:03:49,209.05,4257423
2021-05-21 10:03:50,209.05,4258568
2021-05-21 10:03:52,209.0,4259580
2021-05-21 10:03:52,209.05,4260300
2021-05-21 10:03:53,209.0,4272897
2021-05-21 10:03:54,209.0,4273027
2021-05-21 10:03:55,209.0,4273660
2021-05-21 10:03:56,209.05,4274815
2021-05-21 10:03:57,209.05,4275092
2021-05-21 10:03:58,209.0,4275158
2021-05-21 10:03:59,209.0,4275258
2021-05-21 10:04:00,209.05,4276184
2021-05-21 10:04:01,209.1,4277034
2021-05-21 10:04:02,209.05,4277285
2021-05-21 10:04:03,209.0,4279859
2021-05-21 10:04:04,209.1,4280015
2021-05-21 10:04:05,209.0,4281429
2021-05-21 10:04:07,209.0,4283441
2021-05-21 10:04:08,209.0,4283441
2021-05-21 10:04:09,209.1,4283851
2021-05-21 10:04:10,209.0,4283871
2021-05-21 10:04:11,209.05,4283972
2021-05-21 10:04:12,209.0,4283975
2021-05-21 10:04:13,209.05,4284245
2021-05-21 10:04:14,209.05,4284553
2021-05-21 10:04:15,209.05,4285123
2021-05-21 10:04:16,209.05,4285140
2021-05-21 10:04:17,209.0,4285520
2021-05-21 10:04:18,209.05,4286060
2021-05-21 10:04:19,209.05,4286061
2021-05-21 10:04:20,209.0,4286371
2021-05-21 10:04:21,209.05,4289077
2021-05-21 10:04:23,209.0,4289618
2021-05-21 10:04:23,209.0,4290693
2021-05-21 10:04:24,209.0,4295294
2021-05-21 10:04:25,209.05,4295486
2021-05-21 10:04:26,209.05,4295496
2021-05-21 10:04:27,209.05,4295716
2021-05-21 10:04:30,209.0,4298928
2021-05-21 10:04:31,209.0,4299134
2021-05-21 10:04:32,209.05,4299158
2021-05-21 10:04:33,209.05,4299452
2021-05-21 10:04:34,209.0,4299456
2021-05-21 10:04:35,209.05,4299517
2021-05-21 10:04:36,209.05,4300655
2021-05-21 10:04:37,209.0,4310855
2021-05-21 10:04:38,209.05,4311855
2021-05-21 10:04:39,209.05,4311890
2021-05-21 10:04:41,209.0,4311911
2021-05-21 10:04:41,209.0,4311924
2021-05-21 10:04:42,209.05,4311944
2021-05-21 10:04:43,209.05,4312279
2021-05-21 10:04:44,209.05,4313258
2021-05-21 10:04:45,209.05,4314873
2021-05-21 10:04:46,209.05,4316258
2021-05-21 10:04:47,209.0,4321508
2021-05-21 10:04:49,209.05,4321925
2021-05-21 10:04:50,209.0,4321926
2021-05-21 10:04:51,209.05,4323772
2021-05-21 10:04:51,209.05,4323772
2021-05-21 10:04:52,209.0,4324282
2021-05-21 10:04:53,209.0,4324287
2021-05-21 10:04:55,208.95,4341221
2021-05-21 10:04:55,208.95,4341221
2021-05-21 10:04:56,209.0,4342621
2021-05-21 10:04:58,208.95,4343592
2021-05-21 10:04:58,208.95,4343667
2021-05-21 10:04:59,209.0,4368688
2021-05-21 10:05:00,209.0,4370514
2021-05-21 10:05:01,209.0,4370734
2021-05-21 10:05:02,209.0,4386487
2021-05-21 10:05:03,209.05,4386556
2021-05-21 10:05:04,209.05,4386556
2021-05-21 10:05:06,209.0,4390869
2021-05-21 10:05:07,209.05,4391327
2021-05-21 10:05:08,209.05,4391645
2021-05-21 10:05:09,209.0,4395253
2021-05-21 10:05:10,209.0,4395303
2021-05-21 10:05:11,209.0,4397139
2021-05-21 10:05:12,209.0,4399370
2021-05-21 10:05:13,209.0,4399875
2021-05-21 10:05:14,208.95,4399905
2021-05-21 10:05:15,209.0,4400120
2021-05-21 10:05:16,209.0,4400161
2021-05-21 10:05:17,209.0,4400675
2021-05-21 10:05:18,209.0,4400752
2021-05-21 10:05:19,208.9,4402215
2021-05-21 10:05:20,209.0,4410792
2021-05-21 10:05:21,208.95,4410825
2021-05-21 10:05:22,209.0,4411329
2021-05-21 10:05:23,209.0,4411567
2021-05-21 10:05:24,208.95,4411701
2021-05-21 10:05:26,209.0,4412501
2021-05-21 10:05:26,209.0,4412501
2021-05-21 10:05:28,209.0,4414236
2021-05-21 10:05:29,209.0,4414253
2021-05-21 10:05:30,209.0,4416357
2021-05-21 10:05:31,208.9,4416799
2021-05-21 10:05:32,208.95,4417304
2021-05-21 10:05:34,208.95,4418915
2021-05-21 10:05:34,208.95,4419039
2021-05-21 10:05:35,208.95,4419112
2021-05-21 10:05:37,208.95,4420260
2021-05-21 10:05:37,208.9,4420479
2021-05-21 10:05:39,208.9,4421837
2021-05-21 10:05:39,208.9,4421837
2021-05-21 10:05:40,208.95,4421857
2021-05-21 10:05:42,208.9,4423282
2021-05-21 10:05:42,208.9,4423282
2021-05-21 10:05:43,208.9,4424105
2021-05-21 10:05:44,208.9,4425267
2021-05-21 10:05:45,208.9,4435965
2021-05-21 10:05:46,208.9,4438219
2021-05-21 10:05:47,208.8,4439419
2021-05-21 10:05:48,208.85,4447699
2021-05-21 10:05:49,208.75,4448254
2021-05-21 10:05:50,208.7,4458649
2021-05-21 10:05:51,208.8,4458824
2021-05-21 10:05:52,208.75,4469138
2021-05-21 10:05:53,208.7,4470297
2021-05-21 10:05:54,208.75,4474899
2021-05-21 10:05:55,208.85,4477143
2021-05-21 10:05:56,208.75,4478441
2021-05-21 10:05:58,208.65,4481854
2021-05-21 10:06:00,208.65,4483080
2021-05-21 10:06:02,208.75,4483590
2021-05-21 10:06:03,208.6,4488102
2021-05-21 10:06:04,208.6,4489576
2021-05-21 10:06:06,208.65,4490369
2021-05-21 10:06:07,208.6,4490911
2021-05-21 10:06:08,208.6,4492028
2021-05-21 10:06:09,208.7,4494747
2021-05-21 10:06:10,208.65,4496953
2021-05-21 10:06:12,208.65,4497258
2021-05-21 10:06:13,208.7,4497426
2021-05-21 10:06:14,208.6,4505085
2021-05-21 10:06:15,208.65,4505134
2021-05-21 10:06:16,208.5,4515633
2021-05-21 10:06:17,208.55,4520311
2021-05-21 10:06:17,208.55,4520311
2021-05-21 10:06:18,208.6,4521071
2021-05-21 10:06:20,208.55,4521395
2021-05-21 10:06:21,208.55,4521812
2021-05-21 10:06:22,208.6,4522581
2021-05-21 10:06:23,208.5,4522678
2021-05-21 10:06:24,208.6,4524549
2021-05-21 10:06:25,208.6,4526444
2021-05-21 10:06:26,208.55,4527151
2021-05-21 10:06:27,208.55,4530162
2021-05-21 10:06:28,208.55,4531362
2021-05-21 10:06:29,208.65,4532951
2021-05-21 10:06:30,208.6,4533176
2021-05-21 10:06:31,208.65,4538630
2021-05-21 10:06:32,208.55,4539312
2021-05-21 10:06:32,208.55,4539312
2021-05-21 10:06:33,208.6,4539508
2021-05-21 10:06:34,208.55,4539609
2021-05-21 10:06:35,208.55,4540926
2021-05-21 10:06:36,208.6,4541096
2021-05-21 10:06:37,208.55,4541246
2021-05-21 10:06:38,208.55,4541409
2021-05-21 10:06:39,208.55,4541562
2021-05-21 10:06:40,208.55,4542128
2021-05-21 10:06:41,208.55,4542144
2021-05-21 10:06:42,208.6,4543366
2021-05-21 10:06:43,208.6,4543576
2021-05-21 10:06:44,208.6,4544053
2021-05-21 10:06:45,208.55,4544948
2021-05-21 10:06:46,208.55,4545155
2021-05-21 10:06:47,208.6,4554273
2021-05-21 10:06:48,208.5,4555403
2021-05-21 10:06:49,208.6,4557220
2021-05-21 10:06:50,208.5,4557803
2021-05-21 10:06:52,208.5,4557845
2021-05-21 10:06:54,208.6,4558698
2021-05-21 10:06:55,208.5,4559133
2021-05-21 10:06:56,208.55,4560989
2021-05-21 10:06:57,208.5,4561290
2021-05-21 10:06:58,208.55,4561971
2021-05-21 10:06:59,208.55,4562835
2021-05-21 10:07:00,208.5,4563680
2021-05-21 10:07:01,208.55,4563870
2021-05-21 10:07:02,208.6,4564006
2021-05-21 10:07:03,208.55,4564163
2021-05-21 10:07:05,208.45,4579899
2021-05-21 10:07:06,208.5,4583185
2021-05-21 10:07:07,208.6,4600568
2021-05-21 10:07:08,208.55,4612846
2021-05-21 10:07:09,208.5,4620962
2021-05-21 10:07:09,208.5,4622315
2021-05-21 10:07:11,208.6,4623284
2021-05-21 10:07:12,208.55,4623304
2021-05-21 10:07:13,208.55,4624420
2021-05-21 10:07:14,208.55,4624466
2021-05-21 10:07:15,208.55,4624866
2021-05-21 10:07:16,208.55,4625077
2021-05-21 10:07:18,208.55,4627843
2021-05-21 10:07:19,208.55,4628177
2021-05-21 10:07:19,208.55,4628177
2021-05-21 10:07:20,208.55,4628692
2021-05-21 10:07:22,208.5,4628995
2021-05-21 10:07:23,208.55,4629126
2021-05-21 10:07:23,208.55,4629223
2021-05-21 10:07:24,208.5,4629245
2021-05-21 10:07:25,208.5,4629250
2021-05-21 10:07:26,208.55,4629369
2021-05-21 10:07:27,208.55,4629485
2021-05-21 10:07:28,208.55,4631372
2021-05-21 10:07:29,208.5,4632947
2021-05-21 10:07:30,208.5,4633100
2021-05-21 10:07:31,208.5,4633505
2021-05-21 10:07:32,208.5,4633850
2021-05-21 10:07:33,208.5,4633883
2021-05-21 10:07:34,208.5,4639197
2021-05-21 10:07:35,208.5,4640948
2021-05-21 10:07:36,208.5,4641179
2021-05-21 10:07:37,208.55,4641591
2021-05-21 10:07:38,208.5,4642160
2021-05-21 10:07:40,208.5,4643558
2021-05-21 10:07:41,208.3,4652047
2021-05-21 10:07:41,208.3,4652047
2021-05-21 10:07:43,208.4,4654326
2021-05-21 10:07:44,208.5,4655645
2021-05-21 10:07:45,208.4,4655892
2021-05-21 10:07:46,208.5,4656009
2021-05-21 10:07:47,208.5,4656421
2021-05-21 10:07:48,208.5,4656765
2021-05-21 10:07:49,208.5,4657095
2021-05-21 10:07:49,208.4,4657295
2021-05-21 10:07:50,208.45,4657382
2021-05-21 10:07:51,208.4,4657412
2021-05-21 10:07:52,208.4,4657435
2021-05-21 10:07:53,208.4,4657443
2021-05-21 10:07:54,208.5,4657447
2021-05-21 10:07:55,208.45,4657458
2021-05-21 10:07:56,208.5,4657564
2021-05-21 10:07:57,208.4,4657733
2021-05-21 10:07:58,208.5,4658078
2021-05-21 10:07:59,208.5,4658632
2021-05-21 10:08:00,208.5,4659430
2021-05-21 10:08:01,208.4,4660365
2021-05-21 10:08:02,208.5,4660610
2021-05-21 10:08:03,208.5,4660703
2021-05-21 10:08:04,208.45,4660838
2021-05-21 10:08:05,208.45,4660877
2021-05-21 10:08:06,208.45,4661080
2021-05-21 10:08:07,208.5,4661345
2021-05-21 10:08:08,208.4,4661371
2021-05-21 10:08:09,208.4,4661398
2021-05-21 10:08:10,208.45,4661651
2021-05-21 10:08:11,208.4,4662379
2021-05-21 10:08:12,208.4,4662887
2021-05-21 10:08:13,208.4,4663276
2021-05-21 10:08:14,208.4,4663514
2021-05-21 10:08:15,208.5,4664538
2021-05-21 10:08:16,208.5,4665307
2021-05-21 10:08:17,208.4,4665880
2021-05-21 10:08:18,208.5,4666443
2021-05-21 10:08:19,208.4,4666510
2021-05-21 10:08:20,208.4,4667521
2021-05-21 10:08:21,208.5,4667635
2021-05-21 10:08:22,208.5,4667720
2021-05-21 10:08:23,208.4,4667795
2021-05-21 10:08:25,208.4,4667912
2021-05-21 10:08:26,208.4,4668106
2021-05-21 10:08:27,208.4,4668126
2021-05-21 10:08:28,208.5,4669985
2021-05-21 10:08:28,208.45,4669995
2021-05-21 10:08:29,208.5,4670204
2021-05-21 10:08:30,208.45,4671782
2021-05-21 10:08:32,208.5,4672073
2021-05-21 10:08:33,208.45,4672241
2021-05-21 10:08:34,208.5,4672305
2021-05-21 10:08:35,208.45,4672778
2021-05-21 10:08:36,208.5,4674836
2021-05-21 10:08:37,208.45,4675184
2021-05-21 10:08:38,208.45,4675257
2021-05-21 10:08:39,208.5,4675772
2021-05-21 10:08:40,208.5,4675879
2021-05-21 10:08:41,208.5,4677884
2021-05-21 10:08:42,208.45,4678107
2021-05-21 10:08:43,208.55,4679358
2021-05-21 10:08:44,208.55,4679358
2021-05-21 10:08:44,208.45,4679776
2021-05-21 10:08:45,208.45,4679916
2021-05-21 10:08:46,208.45,4680162
2021-05-21 10:08:47,208.45,4680177
2021-05-21 10:08:48,208.5,4680274
2021-05-21 10:08:49,208.5,4680298
2021-05-21 10:08:51,208.5,4680773
2021-05-21 10:08:54,208.45,4681036
2021-05-21 10:08:55,208.45,4681164
2021-05-21 10:08:56,208.45,4681480
2021-05-21 10:08:57,208.5,4681527
2021-05-21 10:08:58,208.5,4681527
2021-05-21 10:08:59,208.45,4681629
2021-05-21 10:09:00,208.5,4682231
2021-05-21 10:09:01,208.45,4682462
2021-05-21 10:09:02,208.5,4682596
2021-05-21 10:09:03,208.45,4683180
2021-05-21 10:09:04,208.45,4683243
2021-05-21 10:09:05,208.5,4683247
2021-05-21 10:09:06,208.45,4683269
2021-05-21 10:09:07,208.5,4683624
2021-05-21 10:09:08,208.45,4683801
2021-05-21 10:09:09,208.45,4683861
2021-05-21 10:09:10,208.45,4683941
2021-05-21 10:09:11,208.45,4683950
2021-05-21 10:09:11,208.5,4683971
2021-05-21 10:09:12,208.5,4684003
2021-05-21 10:09:13,208.45,4692648
2021-05-21 10:09:14,208.5,4693835
2021-05-21 10:09:15,208.5,4693863
2021-05-21 10:09:16,208.5,4694968
2021-05-21 10:09:17,208.4,4695186
2021-05-21 10:09:18,208.55,4707236
2021-05-21 10:09:19,208.5,4709578
2021-05-21 10:09:21,208.5,4710114
2021-05-21 10:09:22,208.5,4710315
2021-05-21 10:09:23,208.5,4715372
2021-05-21 10:09:24,208.4,4718408
2021-05-21 10:09:24,208.5,4721468
2021-05-21 10:09:25,208.4,4722108
2021-05-21 10:09:26,208.4,4722709
2021-05-21 10:09:28,208.4,4722776
2021-05-21 10:09:29,208.4,4725096
2021-05-21 10:09:30,208.4,4725147
2021-05-21 10:09:32,208.5,4725794
2021-05-21 10:09:33,208.5,4726622
2021-05-21 10:09:34,208.4,4726719
2021-05-21 10:09:34,208.5,4727059
2021-05-21 10:09:35,208.5,4727114
2021-05-21 10:09:37,208.4,4727116
2021-05-21 10:09:38,208.5,4727147
2021-05-21 10:09:39,208.5,4727370
2021-05-21 10:09:40,208.4,4727970
2021-05-21 10:09:41,208.5,4728180
2021-05-21 10:09:41,208.5,4729204
2021-05-21 10:09:43,208.5,4729357
2021-05-21 10:09:44,208.5,4731567
2021-05-21 10:09:45,208.4,4731827
2021-05-21 10:09:46,208.4,4733907
2021-05-21 10:09:47,208.5,4736562
2021-05-21 10:09:48,208.45,4736832
2021-05-21 10:09:49,208.4,4736889
2021-05-21 10:09:50,208.45,4737765
2021-05-21 10:09:51,208.5,4738966
2021-05-21 10:09:53,208.5,4739117
2021-05-21 10:09:53,208.45,4739120
2021-05-21 10:09:55,208.45,4744058
2021-05-21 10:09:56,208.35,4747463
2021-05-21 10:09:56,208.5,4748483
2021-05-21 10:09:57,208.4,4749832
2021-05-21 10:09:58,208.5,4749994
2021-05-21 10:09:59,208.5,4750042
2021-05-21 10:10:00,208.5,4750542
2021-05-21 10:10:01,208.4,4750602
2021-05-21 10:10:03,208.5,4751118
2021-05-21 10:10:04,208.4,4751120
2021-05-21 10:10:05,208.45,4751420
2021-05-21 10:10:06,208.4,4751765
2021-05-21 10:10:07,208.4,4751810
2021-05-21 10:10:08,208.4,4752135
2021-05-21 10:10:09,208.5,4752297
2021-05-21 10:10:10,208.4,4752397
2021-05-21 10:10:11,208.5,4755183
2021-05-21 10:10:11,208.5,4760766
2021-05-21 10:10:13,208.4,4762701
2021-05-21 10:10:15,208.5,4763159
2021-05-21 10:10:16,208.5,4763187
2021-05-21 10:10:17,208.5,4764342
2021-05-21 10:10:18,208.4,4764465
2021-05-21 10:10:19,208.4,4764484
2021-05-21 10:10:20,208.45,4764621
2021-05-21 10:10:21,208.5,4764627
2021-05-21 10:10:22,208.5,4767305
2021-05-21 10:10:23,208.5,4767641
2021-05-21 10:10:24,208.45,4767665
2021-05-21 10:10:25,208.45,4767698
2021-05-21 10:10:27,208.4,4767751
2021-05-21 10:10:28,208.45,4767804
2021-05-21 10:10:29,208.4,4767812
2021-05-21 10:10:30,208.45,4768298
2021-05-21 10:10:32,208.5,4768783
2021-05-21 10:10:31,208.5,4768731
2021-05-21 10:10:33,208.4,4768831
2021-05-21 10:10:34,208.4,4771675
2021-05-21 10:10:35,208.5,4775990
2021-05-21 10:10:36,208.5,4776150
2021-05-21 10:10:37,208.4,4776945
2021-05-21 10:10:38,208.4,4776945
2021-05-21 10:10:39,208.4,4777334
2021-05-21 10:10:40,208.4,4779675
2021-05-21 10:10:41,208.5,4780079
2021-05-21 10:10:41,208.5,4780077
2021-05-21 10:10:42,208.4,4780092
2021-05-21 10:10:44,208.4,4780523
2021-05-21 10:10:45,208.45,4780613
2021-05-21 10:10:46,208.45,4780669
2021-05-21 10:10:47,208.45,4780693
2021-05-21 10:10:48,208.4,4782169
2021-05-21 10:10:49,208.5,4782421
2021-05-21 10:10:50,208.45,4782589
2021-05-21 10:10:51,208.4,4782761
2021-05-21 10:10:52,208.4,4783113
2021-05-21 10:10:54,208.4,4786655
2021-05-21 10:10:53,208.5,4786170
2021-05-21 10:10:55,208.5,4787882
2021-05-21 10:10:56,208.45,4787934
2021-05-21 10:10:57,208.45,4788072
2021-05-21 10:11:00,208.35,4794676
2021-05-21 10:10:59,208.35,4794676
2021-05-21 10:11:01,208.45,4794692
2021-05-21 10:11:02,208.4,4794709
2021-05-21 10:11:03,208.4,4794858
2021-05-21 10:11:04,208.4,4794979
2021-05-21 10:11:05,208.4,4794984
2021-05-21 10:11:06,208.35,4795016
2021-05-21 10:11:07,208.4,4795485
2021-05-21 10:11:08,208.4,4795686
2021-05-21 10:11:09,208.4,4795757
2021-05-21 10:11:10,208.4,4796302
2021-05-21 10:11:11,208.35,4796583
2021-05-21 10:11:11,208.35,4796584
2021-05-21 10:11:12,208.4,4796620
2021-05-21 10:11:13,208.45,4796742
2021-05-21 10:11:14,208.4,4796759
2021-05-21 10:11:15,208.5,4806788
2021-05-21 10:11:17,208.4,4808122
2021-05-21 10:11:18,208.4,4808273
2021-05-21 10:11:19,208.45,4808827
2021-05-21 10:11:20,208.4,4809019
2021-05-21 10:11:21,208.35,4809264
2021-05-21 10:11:21,208.35,4809340
2021-05-21 10:11:22,208.45,4809753
2021-05-21 10:11:23,208.4,4810074
2021-05-21 10:11:24,208.45,4810173
2021-05-21 10:11:26,208.45,4810232
2021-05-21 10:11:27,208.45,4810401
2021-05-21 10:11:27,208.4,4818580
2021-05-21 10:11:28,208.5,4819560
2021-05-21 10:11:30,208.4,4820748
2021-05-21 10:11:31,208.4,4821082
2021-05-21 10:11:32,208.4,4821104
2021-05-21 10:11:33,208.4,4822604
2021-05-21 10:11:33,208.45,4822644
2021-05-21 10:11:34,208.4,4822835
2021-05-21 10:11:36,208.45,4822926
2021-05-21 10:11:37,208.45,4822926
2021-05-21 10:11:38,208.45,4823087
2021-05-21 10:11:39,208.4,4823104
2021-05-21 10:11:39,208.4,4825818
2021-05-21 10:11:41,208.4,4829806
2021-05-21 10:11:41,208.4,4829907
2021-05-21 10:11:43,208.45,4830356
2021-05-21 10:11:44,208.45,4830438
2021-05-21 10:11:45,208.4,4830441
2021-05-21 10:11:46,208.45,4830552
2021-05-21 10:11:47,208.35,4830794
2021-05-21 10:11:48,208.35,4830811
2021-05-21 10:11:49,208.35,4830837
2021-05-21 10:11:50,208.35,4830939
2021-05-21 10:11:50,208.4,4830980
2021-05-21 10:11:52,208.35,4831668
2021-05-21 10:11:52,208.4,4831671
2021-05-21 10:11:54,208.4,4831910
2021-05-21 10:11:55,208.45,4832989
2021-05-21 10:11:57,208.35,4833336
2021-05-21 10:11:57,208.4,4833345
2021-05-21 10:11:58,208.35,4833464
2021-05-21 10:11:59,208.4,4834468
2021-05-21 10:12:01,208.35,4835709
2021-05-21 10:12:02,208.4,4836192
2021-05-21 10:12:03,208.4,4836242
2021-05-21 10:12:04,208.4,4836344
2021-05-21 10:12:05,208.45,4836980
2021-05-21 10:12:06,208.4,4837056
2021-05-21 10:12:06,208.45,4837058
2021-05-21 10:12:07,208.4,4837059
2021-05-21 10:12:09,208.45,4837460
2021-05-21 10:12:10,208.4,4837530
2021-05-21 10:12:11,208.4,4838497
2021-05-21 10:12:12,208.35,4839614
2021-05-21 10:12:13,208.35,4839726
2021-05-21 10:12:14,208.4,4839926
2021-05-21 10:12:15,208.4,4841149
2021-05-21 10:12:16,208.45,4841226
2021-05-21 10:12:17,208.4,4841737
2021-05-21 10:12:18,208.4,4842020
2021-05-21 10:12:19,208.4,4842045
2021-05-21 10:12:20,208.45,4842058
2021-05-21 10:12:21,208.4,4842149
2021-05-21 10:12:22,208.4,4843428
2021-05-21 10:12:24,208.35,4847579
2021-05-21 10:12:23,208.4,4843569
2021-05-21 10:12:25,208.5,4848566
2021-05-21 10:12:26,208.4,4853628
2021-05-21 10:12:27,208.5,4854458
2021-05-21 10:12:28,208.45,4862198
2021-05-21 10:12:29,208.35,4863066
2021-05-21 10:12:30,208.45,4865628
2021-05-21 10:12:31,208.35,4866013
2021-05-21 10:12:32,208.45,4866091
2021-05-21 10:12:33,208.45,4866143
2021-05-21 10:12:34,208.35,4866218
2021-05-21 10:12:35,208.45,4866264
2021-05-21 10:12:36,208.4,4866271
2021-05-21 10:12:37,208.4,4866277
2021-05-21 10:12:38,208.4,4866278
2021-05-21 10:12:39,208.4,4866278
2021-05-21 10:12:40,208.45,4866283
2021-05-21 10:12:41,208.45,4866283
2021-05-21 10:12:42,208.45,4866459
2021-05-21 10:12:43,208.4,4866630
2021-05-21 10:12:44,208.4,4866656
2021-05-21 10:12:45,208.4,4866700
2021-05-21 10:12:46,208.4,4866702
2021-05-21 10:12:47,208.45,4866731
2021-05-21 10:12:48,208.4,4867084
2021-05-21 10:12:49,208.45,4867200
2021-05-21 10:12:50,208.35,4867434
2021-05-21 10:12:51,208.4,4867441
2021-05-21 10:12:52,208.35,4867942
2021-05-21 10:12:53,208.35,4867994
2021-05-21 10:12:54,208.4,4867997
2021-05-21 10:12:55,208.35,4868093
2021-05-21 10:12:56,208.4,4868196
2021-05-21 10:12:57,208.4,4868506
2021-05-21 10:12:58,208.4,4868517
2021-05-21 10:12:59,208.4,4868749
2021-05-21 10:13:00,208.4,4868901
2021-05-21 10:13:01,208.4,4869429
2021-05-21 10:13:02,208.4,4870598
2021-05-21 10:13:03,208.35,4871070
2021-05-21 10:13:04,208.35,4871323
2021-05-21 10:13:05,208.4,4872030
2021-05-21 10:13:06,208.4,4872045
2021-05-21 10:13:07,208.35,4872198
2021-05-21 10:13:08,208.35,4872507
2021-05-21 10:13:09,208.4,4872840
2021-05-21 10:13:10,208.4,4872923
2021-05-21 10:13:11,208.35,4873154
2021-05-21 10:13:12,208.4,4875005
2021-05-21 10:13:13,208.45,4875253
2021-05-21 10:13:14,208.4,4875304
2021-05-21 10:13:15,208.4,4875332
2021-05-21 10:13:16,208.4,4875337
2021-05-21 10:13:17,208.4,4875448
2021-05-21 10:13:18,208.45,4875451
2021-05-21 10:13:19,208.45,4875473
2021-05-21 10:13:20,208.45,4875497
2021-05-21 10:13:21,208.45,4876057
2021-05-21 10:13:22,208.5,4886380
2021-05-21 10:13:23,208.4,4887634
2021-05-21 10:13:24,208.5,4887696
2021-05-21 10:13:25,208.5,4894697
2021-05-21 10:13:26,208.35,4895474
2021-05-21 10:13:28,208.4,4896654
2021-05-21 10:13:29,208.5,4896806
2021-05-21 10:13:30,208.5,4896806
2021-05-21 10:13:31,208.5,4897239
2021-05-21 10:13:32,208.45,4897288
2021-05-21 10:13:34,208.45,4902405
2021-05-21 10:13:35,208.5,4904347
2021-05-21 10:13:36,208.45,4904572
2021-05-21 10:13:37,208.45,4904773
2021-05-21 10:13:38,208.5,4904895
2021-05-21 10:13:39,208.4,4904975
2021-05-21 10:13:40,208.4,4905017
2021-05-21 10:13:41,208.4,4906273
2021-05-21 10:13:42,208.5,4906283
2021-05-21 10:13:43,208.5,4906590
2021-05-21 10:13:44,208.4,4907406
2021-05-21 10:13:45,208.4,4907406
2021-05-21 10:13:46,208.4,4907649
2021-05-21 10:13:47,208.5,4907738
2021-05-21 10:13:48,208.4,4908146
2021-05-21 10:13:49,208.45,4908203
2021-05-21 10:13:50,208.45,4908253
2021-05-21 10:13:51,208.5,4908379
2021-05-21 10:13:52,208.4,4908492
2021-05-21 10:13:53,208.4,4908708
2021-05-21 10:13:54,208.45,4908751
2021-05-21 10:13:55,208.45,4908755
2021-05-21 10:13:56,208.5,4908807
2021-05-21 10:13:57,208.4,4913633
2021-05-21 10:13:58,208.45,4914617
2021-05-21 10:13:59,208.45,4917873
2021-05-21 10:14:00,208.45,4918731
2021-05-21 10:14:02,208.45,4919202
2021-05-21 10:14:01,208.45,4919201
2021-05-21 10:14:03,208.4,4919355
2021-05-21 10:14:04,208.45,4920056
2021-05-21 10:14:05,208.35,4920179
2021-05-21 10:14:06,208.45,4920789
2021-05-21 10:14:07,208.35,4920992
2021-05-21 10:14:08,208.35,4921065
2021-05-21 10:14:09,208.4,4925205
2021-05-21 10:14:10,208.45,4925335
2021-05-21 10:14:11,208.45,4925335
2021-05-21 10:14:12,208.45,4925999
2021-05-21 10:14:13,208.45,4926322
2021-05-21 10:14:14,208.4,4926362
2021-05-21 10:14:15,208.45,4926433
2021-05-21 10:14:16,208.45,4926591
2021-05-21 10:14:17,208.35,4926658
2021-05-21 10:14:18,208.4,4926863
2021-05-21 10:14:19,208.45,4926900
2021-05-21 10:14:20,208.45,4926913
2021-05-21 10:14:21,208.4,4926914
2021-05-21 10:14:22,208.45,4927714
2021-05-21 10:14:23,208.45,4930136
2021-05-21 10:14:26,208.5,4931491
2021-05-21 10:14:27,208.4,4932237
2021-05-21 10:14:28,208.4,4932469
2021-05-21 10:14:29,208.4,4934388
2021-05-21 10:14:30,208.4,4934735
2021-05-21 10:14:31,208.4,4934764
2021-05-21 10:14:32,208.4,4934815
2021-05-21 10:14:33,208.45,4934996
2021-05-21 10:14:35,208.4,4935166
2021-05-21 10:14:35,208.4,4935310
2021-05-21 10:14:36,208.4,4935396
2021-05-21 10:14:37,208.4,4935870
2021-05-21 10:14:38,208.4,4936364
2021-05-21 10:14:39,208.35,4936418
2021-05-21 10:14:40,208.35,4936844
2021-05-21 10:14:41,208.5,4937422
2021-05-21 10:14:42,208.45,4937493
2021-05-21 10:14:43,208.45,4938439
2021-05-21 10:14:44,208.4,4938561
2021-05-21 10:14:45,208.4,4938793
2021-05-21 10:14:46,208.35,4939112
2021-05-21 10:14:48,208.35,4939149
2021-05-21 10:14:48,208.45,4939172
2021-05-21 10:14:49,208.4,4939174
2021-05-21 10:14:50,208.45,4939208
2021-05-21 10:14:52,208.4,4939518
2021-05-21 10:14:52,208.4,4939367
2021-05-21 10:14:54,208.45,4939790
2021-05-21 10:14:54,208.45,4939790
2021-05-21 10:14:55,208.4,4940116
2021-05-21 10:14:56,208.4,4940156
2021-05-21 10:14:57,208.45,4940176
2021-05-21 10:14:59,208.45,4940284
2021-05-21 10:14:59,208.45,4940284
2021-05-21 10:15:00,208.45,4940317
2021-05-21 10:15:01,208.5,4940623
2021-05-21 10:15:02,208.45,4940848
2021-05-21 10:15:03,208.45,4940880
2021-05-21 10:15:04,208.35,4947793
2021-05-21 10:15:05,208.35,4947840
2021-05-21 10:15:06,208.5,4948808
2021-05-21 10:15:07,208.4,4949935
2021-05-21 10:15:08,208.4,4950114
2021-05-21 10:15:09,208.5,4950151
2021-05-21 10:15:10,208.45,4950161
2021-05-21 10:15:11,208.45,4950362
2021-05-21 10:15:12,208.45,4950424
2021-05-21 10:15:14,208.4,4950645
2021-05-21 10:15:15,208.4,4950661
2021-05-21 10:15:16,208.5,4950671
2021-05-21 10:15:17,208.4,4951893
2021-05-21 10:15:18,208.4,4951904
2021-05-21 10:15:19,208.4,4952075
2021-05-21 10:15:20,208.45,4952169
2021-05-21 10:15:21,208.5,4953310
2021-05-21 10:15:22,208.4,4953495
2021-05-21 10:15:23,208.5,4953595
2021-05-21 10:15:24,208.5,4953667
2021-05-21 10:15:25,208.5,4953717
2021-05-21 10:15:27,208.4,4953893
2021-05-21 10:15:27,208.4,4953893
2021-05-21 10:15:28,208.5,4954107
2021-05-21 10:15:29,208.5,4955083
2021-05-21 10:15:30,208.4,4955105
2021-05-21 10:15:31,208.45,4955211
2021-05-21 10:15:32,208.4,4955593
2021-05-21 10:15:33,208.45,4955605
2021-05-21 10:15:34,208.45,4956057
2021-05-21 10:15:35,208.45,4956744
2021-05-21 10:15:36,208.4,4956867
2021-05-21 10:15:37,208.5,4956983
2021-05-21 10:15:38,208.5,4957764
2021-05-21 10:15:39,208.4,4958294
2021-05-21 10:15:40,208.4,4958343
2021-05-21 10:15:41,208.45,4958395
2021-05-21 10:15:43,208.4,4958401
2021-05-21 10:15:43,208.4,4958401
2021-05-21 10:15:44,208.45,4958566
2021-05-21 10:15:46,208.4,4958584
2021-05-21 10:15:45,208.4,4958584
2021-05-21 10:15:47,208.4,4958584
2021-05-21 10:15:48,208.45,4958614
2021-05-21 10:15:49,208.4,4958684
2021-05-21 10:15:50,208.45,4958720
2021-05-21 10:15:51,208.4,4958828
2021-05-21 10:15:52,208.45,4960162
2021-05-21 10:15:54,208.4,4973977
2021-05-21 10:15:55,208.4,4973977
2021-05-21 10:15:56,208.35,4977744
2021-05-21 10:15:57,208.35,4979200
2021-05-21 10:15:58,208.4,4979221
2021-05-21 10:16:00,208.35,4979841
2021-05-21 10:16:00,208.35,4979841
2021-05-21 10:16:01,208.4,4981825
2021-05-21 10:16:03,208.4,4982392
2021-05-21 10:16:04,208.4,4983373
2021-05-21 10:16:05,208.4,4983527
2021-05-21 10:16:06,208.4,4992494
2021-05-21 10:16:07,208.5,4992999
2021-05-21 10:16:08,208.4,4994096
2021-05-21 10:16:09,208.4,4994163
2021-05-21 10:16:11,208.5,4994336
2021-05-21 10:16:12,208.5,4994385
2021-05-21 10:16:12,208.4,4994404
2021-05-21 10:16:13,208.4,4994488
2021-05-21 10:16:14,208.5,4994596
2021-05-21 10:16:16,208.5,4994639
2021-05-21 10:16:16,208.5,4994639
2021-05-21 10:16:17,208.4,4994683
2021-05-21 10:16:18,208.45,4994949
2021-05-21 10:16:20,208.45,4996691
2021-05-21 10:16:20,208.35,4996680
2021-05-21 10:16:22,208.45,4996886
2021-05-21 10:16:22,208.45,4997186
2021-05-21 10:16:23,208.45,4997380
2021-05-21 10:16:24,208.45,4997417
2021-05-21 10:16:25,208.4,4997418
2021-05-21 10:16:26,208.45,4997521
2021-05-21 10:16:27,208.5,4997592
2021-05-21 10:16:28,208.4,4997604
2021-05-21 10:16:29,208.4,4997604
2021-05-21 10:16:30,208.45,4997614
2021-05-21 10:16:31,208.45,4997805
2021-05-21 10:16:32,208.45,4997957
2021-05-21 10:16:33,208.4,4998869
2021-05-21 10:16:34,208.4,4998971
2021-05-21 10:16:36,208.45,4999053
2021-05-21 10:16:37,208.5,4999105
2021-05-21 10:16:38,208.35,5005842
2021-05-21 10:16:39,208.5,5005857
2021-05-21 10:16:39,208.45,5005972
2021-05-21 10:16:41,208.45,5007315
2021-05-21 10:16:42,208.5,5007500
2021-05-21 10:16:43,208.5,5007578
2021-05-21 10:16:45,208.5,5007886
2021-05-21 10:16:46,208.45,5008449
2021-05-21 10:16:48,208.45,5008634
2021-05-21 10:16:50,208.45,5008973
2021-05-21 10:16:51,208.4,5008991
2021-05-21 10:16:52,208.35,5009426
2021-05-21 10:16:53,208.35,5009629
2021-05-21 10:16:54,208.35,5009829
2021-05-21 10:16:55,208.35,5009867
2021-05-21 10:16:56,208.35,5010088
2021-05-21 10:16:58,208.35,5010091
2021-05-21 10:16:59,208.35,5010115
2021-05-21 10:16:59,208.45,5012422
2021-05-21 10:17:00,208.35,5012732
2021-05-21 10:17:02,208.4,5014738
2021-05-21 10:17:03,208.45,5014868
2021-05-21 10:17:04,208.4,5015316
2021-05-21 10:17:05,208.4,5015516
2021-05-21 10:17:06,208.45,5015639
2021-05-21 10:17:07,208.4,5015772
2021-05-21 10:17:08,208.45,5016177
2021-05-21 10:17:09,208.4,5016852
2021-05-21 10:17:09,208.4,5016852
2021-05-21 10:17:11,208.4,5017366
2021-05-21 10:17:12,208.5,5017376
2021-05-21 10:17:13,208.4,5017525
2021-05-21 10:17:13,208.4,5017525
2021-05-21 10:17:14,208.5,5019432
2021-05-21 10:17:15,208.4,5019648
2021-05-21 10:17:16,208.4,5019651
2021-05-21 10:17:17,208.5,5020787
2021-05-21 10:17:19,208.4,5020913
2021-05-21 10:17:20,208.4,5020950
2021-05-21 10:17:21,208.5,5021116
2021-05-21 10:17:22,208.5,5021145
2021-05-21 10:17:23,208.5,5021169
2021-05-21 10:17:24,208.45,5021170
2021-05-21 10:17:25,208.45,5021173
2021-05-21 10:17:26,208.5,5022314
2021-05-21 10:17:27,208.45,5022324
2021-05-21 10:17:28,208.5,5022912
2021-05-21 10:17:28,208.5,5022912
2021-05-21 10:17:29,208.4,5023043
2021-05-21 10:17:30,208.5,5023086
2021-05-21 10:17:31,208.5,5023129
2021-05-21 10:17:32,208.4,5023384
2021-05-21 10:17:34,208.5,5023722
2021-05-21 10:17:35,208.4,5023868
2021-05-21 10:17:35,208.4,5023857
2021-05-21 10:17:36,208.4,5023903
2021-05-21 10:17:37,208.4,5023905
2021-05-21 10:17:38,208.5,5023927
2021-05-21 10:17:39,208.5,5024017
2021-05-21 10:17:40,208.4,5024032
2021-05-21 10:17:41,208.5,5024369
2021-05-21 10:17:43,208.45,5026965
2021-05-21 10:17:44,208.5,5027109
2021-05-21 10:17:45,208.5,5027359
2021-05-21 10:17:46,208.4,5027958
2021-05-21 10:17:47,208.4,5028022
2021-05-21 10:17:48,208.45,5028066
2021-05-21 10:17:49,208.45,5028138
2021-05-21 10:17:51,208.4,5028163
2021-05-21 10:17:52,208.5,5028719
2021-05-21 10:17:53,208.4,5028981
2021-05-21 10:17:54,208.45,5029004
2021-05-21 10:17:55,208.5,5029019
2021-05-21 10:17:56,208.4,5029122
2021-05-21 10:17:57,208.5,5029187
2021-05-21 10:17:58,208.45,5029346
2021-05-21 10:17:59,208.45,5029893
2021-05-21 10:18:00,208.45,5030435
2021-05-21 10:18:01,208.4,5030499
2021-05-21 10:18:02,208.45,5030505
2021-05-21 10:18:03,208.5,5030564
2021-05-21 10:18:04,208.5,5030663
2021-05-21 10:18:05,208.5,5030683
2021-05-21 10:18:06,208.45,5030684
2021-05-21 10:18:08,208.4,5030985
2021-05-21 10:18:09,208.4,5031066
2021-05-21 10:18:11,208.5,5031378
2021-05-21 10:18:12,208.45,5031583
2021-05-21 10:18:13,208.45,5031630
2021-05-21 10:18:14,208.5,5031856
2021-05-21 10:18:16,208.5,5033380
2021-05-21 10:18:17,208.45,5033843
2021-05-21 10:18:18,208.5,5034018
2021-05-21 10:18:19,208.45,5034097
2021-05-21 10:18:20,208.5,5036227
2021-05-21 10:18:22,208.5,5038089
2021-05-21 10:18:23,208.5,5038411
2021-05-21 10:18:24,208.5,5038745
2021-05-21 10:18:25,208.45,5038802
2021-05-21 10:18:26,208.5,5040802
2021-05-21 10:18:27,208.45,5041026
2021-05-21 10:18:28,208.5,5041529
2021-05-21 10:18:29,208.45,5041645
2021-05-21 10:18:30,208.45,5044332
2021-05-21 10:18:31,208.45,5044382
2021-05-21 10:18:32,208.55,5044768
2021-05-21 10:18:33,208.55,5045770
2021-05-21 10:18:34,208.5,5045897
2021-05-21 10:18:34,208.5,5045897
2021-05-21 10:18:35,208.6,5047795
2021-05-21 10:18:36,208.6,5048053
2021-05-21 10:18:37,208.5,5048060
2021-05-21 10:18:38,208.6,5048067
2021-05-21 10:18:39,208.6,5048080
2021-05-21 10:18:40,208.5,5048115
2021-05-21 10:18:41,208.55,5048122
2021-05-21 10:18:42,208.55,5048122
2021-05-21 10:18:44,208.65,5058193
2021-05-21 10:18:45,208.5,5060376
2021-05-21 10:18:46,208.65,5060559
2021-05-21 10:18:47,208.55,5060701
2021-05-21 10:18:47,208.65,5060707
2021-05-21 10:18:48,208.6,5060723
2021-05-21 10:18:49,208.55,5060736
2021-05-21 10:18:50,208.65,5060855
2021-05-21 10:18:51,208.65,5060922
2021-05-21 10:18:52,208.65,5061264
2021-05-21 10:18:54,208.65,5061265
2021-05-21 10:18:55,208.65,5061712
2021-05-21 10:18:56,208.65,5061966
2021-05-21 10:18:57,208.55,5063110
2021-05-21 10:18:58,208.55,5063814
2021-05-21 10:18:58,208.65,5063837
2021-05-21 10:19:00,208.65,5064131
2021-05-21 10:19:00,208.65,5064131
2021-05-21 10:19:01,208.5,5064166
2021-05-21 10:19:02,208.6,5064293
2021-05-21 10:19:03,208.6,5065452
2021-05-21 10:19:05,208.55,5065915
2021-05-21 10:19:06,208.65,5065967
2021-05-21 10:19:07,208.55,5065969
2021-05-21 10:19:08,208.65,5065978
2021-05-21 10:19:08,208.65,5065978
2021-05-21 10:19:09,208.55,5066079
2021-05-21 10:19:10,208.65,5066306
2021-05-21 10:19:11,208.65,5066781
2021-05-21 10:19:12,208.65,5066935
2021-05-21 10:19:13,208.65,5067194
2021-05-21 10:19:15,208.7,5068356
2021-05-21 10:19:19,208.75,5069956
2021-05-21 10:19:27,208.6,5072791
2021-05-21 10:19:28,208.75,5073365
2021-05-21 10:19:29,208.7,5073419
2021-05-21 10:19:30,208.75,5073687
2021-05-21 10:19:32,208.65,5073789
2021-05-21 10:19:36,208.7,5074129
2021-05-21 10:19:36,208.7,5074353
2021-05-21 10:19:39,208.7,5075247
2021-05-21 10:19:40,208.6,5075553
2021-05-21 10:19:41,208.6,5075583
2021-05-21 10:19:42,208.7,5075631
2021-05-21 10:19:43,208.7,5075889
2021-05-21 10:19:44,208.7,5076090
2021-05-21 10:19:45,208.7,5076131
2021-05-21 10:19:46,208.6,5077284
2021-05-21 10:19:47,208.65,5077474
2021-05-21 10:19:48,208.65,5077617
2021-05-21 10:19:49,208.65,5077617
2021-05-21 10:19:50,208.65,5077624
2021-05-21 10:19:50,208.65,5077836
2021-05-21 10:19:51,208.7,5078861
2021-05-21 10:19:53,208.65,5079079
2021-05-21 10:19:54,208.7,5079205
2021-05-21 10:19:55,208.7,5079227
2021-05-21 10:19:56,208.7,5080390
2021-05-21 10:19:57,208.7,5080839
2021-05-21 10:19:58,208.65,5081431
2021-05-21 10:19:59,208.7,5081587
2021-05-21 10:20:00,208.65,5081728
2021-05-21 10:20:01,208.65,5081920
2021-05-21 10:20:02,208.65,5082960
2021-05-21 10:20:03,208.7,5083088
2021-05-21 10:20:04,208.65,5083192
2021-05-21 10:20:05,208.7,5083367
2021-05-21 10:20:06,208.65,5083953
2021-05-21 10:20:07,208.65,5084218
2021-05-21 10:20:10,208.65,5084797
2021-05-21 10:20:11,208.65,5085151
2021-05-21 10:20:13,208.65,5086484
2021-05-21 10:20:14,208.65,5086666
2021-05-21 10:20:15,208.75,5086723
2021-05-21 10:20:16,208.65,5086890
2021-05-21 10:20:17,208.75,5087591
2021-05-21 10:20:18,208.7,5087815
2021-05-21 10:20:19,208.65,5088924
2021-05-21 10:20:21,208.75,5089616
2021-05-21 10:20:22,208.65,5089930
2021-05-21 10:20:23,208.65,5090081
2021-05-21 10:20:24,208.65,5090134
2021-05-21 10:20:25,208.75,5090479
2021-05-21 10:20:26,208.65,5090587
2021-05-21 10:20:27,208.65,5090842
2021-05-21 10:20:28,208.65,5091152
2021-05-21 10:20:29,208.7,5091346
2021-05-21 10:20:30,208.65,5091553
2021-05-21 10:20:31,208.75,5091791
2021-05-21 10:20:32,208.7,5091864
2021-05-21 10:20:33,208.7,5094898
2021-05-21 10:20:34,208.7,5097156
2021-05-21 10:20:35,208.7,5097877
2021-05-21 10:20:36,208.65,5098828
2021-05-21 10:20:37,208.7,5099517
2021-05-21 10:20:38,208.75,5099976
2021-05-21 10:20:39,208.7,5100433
2021-05-21 10:20:40,208.75,5100666
2021-05-21 10:20:42,208.75,5101959
2021-05-21 10:20:42,208.65,5102208
2021-05-21 10:20:44,208.65,5102431
2021-05-21 10:20:45,208.65,5102492
2021-05-21 10:20:46,208.65,5102516
2021-05-21 10:20:47,208.65,5102552
2021-05-21 10:20:47,208.7,5102635
2021-05-21 10:20:48,208.7,5102745
2021-05-21 10:20:50,208.65,5108313
2021-05-21 10:20:52,208.65,5112885
2021-05-21 10:20:53,208.65,5113343
2021-05-21 10:20:54,208.6,5123265
2021-05-21 10:20:56,208.5,5131471
2021-05-21 10:20:57,208.45,5134042
2021-05-21 10:20:58,208.45,5134799
2021-05-21 10:20:59,208.55,5135141
2021-05-21 10:21:00,208.45,5136666
2021-05-21 10:21:02,208.5,5137269
2021-05-21 10:21:03,208.45,5137456
2021-05-21 10:21:04,208.45,5137560
2021-05-21 10:21:05,208.45,5137601
2021-05-21 10:21:06,208.45,5137669
2021-05-21 10:21:07,208.6,5138148
2021-05-21 10:21:08,208.5,5139130
2021-05-21 10:21:09,208.6,5139430
2021-05-21 10:21:09,208.5,5139490
2021-05-21 10:21:10,208.6,5139536
2021-05-21 10:21:11,208.6,5139648
2021-05-21 10:21:12,208.6,5140183
2021-05-21 10:21:14,208.6,5140378
2021-05-21 10:21:15,208.6,5140819
2021-05-21 10:21:16,208.5,5141911
2021-05-21 10:21:17,208.5,5142250
2021-05-21 10:21:18,208.55,5142597
2021-05-21 10:21:18,208.5,5142667
2021-05-21 10:21:19,208.6,5142796
2021-05-21 10:21:20,208.6,5142848
2021-05-21 10:21:22,208.55,5145131
2021-05-21 10:21:23,208.5,5145941
2021-05-21 10:21:24,208.45,5146720
2021-05-21 10:21:25,208.4,5150478
2021-05-21 10:21:26,208.5,5152422
2021-05-21 10:21:26,208.5,5152090
2021-05-21 10:21:28,208.5,5153080
2021-05-21 10:21:29,208.4,5153266
2021-05-21 10:21:30,208.4,5153823
2021-05-21 10:21:31,208.4,5154019
2021-05-21 10:21:32,208.4,5156203
2021-05-21 10:21:33,208.4,5158731
2021-05-21 10:21:34,208.4,5159561
2021-05-21 10:21:35,208.4,5159801
2021-05-21 10:21:36,208.35,5159869
2021-05-21 10:21:37,208.35,5160020
2021-05-21 10:21:38,208.35,5160166
2021-05-21 10:21:39,208.4,5160474
2021-05-21 10:21:40,208.4,5161590
2021-05-21 10:21:41,208.35,5161993
2021-05-21 10:21:42,208.35,5162108
2021-05-21 10:21:43,208.35,5162502
2021-05-21 10:21:44,208.35,5173856
2021-05-21 10:21:44,208.2,5206396
2021-05-21 10:21:45,208.2,5218475
2021-05-21 10:21:46,208.15,5222618
2021-05-21 10:21:47,208.3,5224091
2021-05-21 10:21:49,208.3,5224569
2021-05-21 10:21:50,208.35,5225104
2021-05-21 10:21:51,208.35,5225498
2021-05-21 10:21:52,208.3,5225800
2021-05-21 10:21:52,208.2,5225860
2021-05-21 10:21:53,208.3,5226320
2021-05-21 10:21:55,208.2,5228078
2021-05-21 10:21:55,208.3,5227368
2021-05-21 10:21:57,208.3,5228439
2021-05-21 10:21:58,208.2,5229065
2021-05-21 10:21:59,208.2,5229362
2021-05-21 10:22:00,208.3,5229410
2021-05-21 10:22:02,208.3,5229471
2021-05-21 10:22:03,208.25,5229851
2021-05-21 10:22:04,208.3,5231435
2021-05-21 10:22:05,208.3,5231937
2021-05-21 10:22:06,208.2,5233610
2021-05-21 10:22:07,208.2,5234222
2021-05-21 10:22:08,208.3,5237412
2021-05-21 10:22:09,208.3,5238749
2021-05-21 10:22:09,208.3,5239031
2021-05-21 10:22:10,208.2,5239239
2021-05-21 10:22:11,208.2,5239291
2021-05-21 10:22:12,208.2,5239657
2021-05-21 10:22:14,208.2,5239839
2021-05-21 10:22:15,208.2,5240376
2021-05-21 10:22:16,208.2,5240662
2021-05-21 10:22:17,208.2,5240751
2021-05-21 10:22:18,208.2,5240876
2021-05-21 10:22:21,208.2,5241218
2021-05-21 10:22:21,208.3,5241512
2021-05-21 10:22:22,208.3,5241684
2021-05-21 10:22:23,208.25,5242255
2021-05-21 10:22:24,208.3,5242470
2021-05-21 10:22:26,208.3,5242578
2021-05-21 10:22:27,208.3,5243129
2021-05-21 10:22:28,208.25,5244369
2021-05-21 10:22:29,208.3,5245150
2021-05-21 10:22:30,208.3,5245468
2021-05-21 10:22:31,208.3,5265495
2021-05-21 10:22:33,208.15,5271838
2021-05-21 10:22:34,208.15,5273915
2021-05-21 10:22:35,208.15,5274516
2021-05-21 10:22:36,208.15,5275452
2021-05-21 10:22:37,208.15,5275686
2021-05-21 10:22:38,208.3,5276010
2021-05-21 10:22:39,208.2,5276427
2021-05-21 10:22:40,208.15,5282431
2021-05-21 10:22:41,208.3,5285660
2021-05-21 10:22:42,208.15,5296775
2021-05-21 10:22:43,208.15,5299281
2021-05-21 10:22:44,208.15,5301110
2021-05-21 10:22:45,208.1,5301870
2021-05-21 10:22:46,208.15,5305366
2021-05-21 10:22:46,208.15,5306076
2021-05-21 10:22:48,208.1,5312272
2021-05-21 10:22:49,208.15,5316884
2021-05-21 10:22:50,208.15,5318710
2021-05-21 10:22:51,208.3,5319855
2021-05-21 10:22:52,208.15,5320574
2021-05-21 10:22:53,208.15,5320804
2021-05-21 10:22:54,208.2,5321075
2021-05-21 10:22:55,208.2,5321277
2021-05-21 10:22:56,208.2,5321620
2021-05-21 10:22:57,208.3,5321748
2021-05-21 10:22:58,208.2,5323092
2021-05-21 10:22:59,208.15,5323836
2021-05-21 10:23:00,208.15,5324466
2021-05-21 10:23:01,208.2,5325066
2021-05-21 10:23:02,208.2,5325355
2021-05-21 10:23:03,208.2,5325457
2021-05-21 10:23:04,208.2,5326147
2021-05-21 10:23:05,208.15,5326335
2021-05-21 10:23:06,208.2,5326383
2021-05-21 10:23:07,208.2,5326394
2021-05-21 10:23:08,208.2,5327693
2021-05-21 10:23:09,208.2,5327958
2021-05-21 10:23:10,208.2,5328766
2021-05-21 10:23:11,208.15,5328928
2021-05-21 10:23:12,208.2,5329468
2021-05-21 10:23:13,208.2,5331902
2021-05-21 10:23:14,208.15,5332389
2021-05-21 10:23:15,208.2,5332713
2021-05-21 10:23:16,208.2,5333819
2021-05-21 10:23:17,208.15,5334040
2021-05-21 10:23:18,208.2,5334142
2021-05-21 10:23:19,208.2,5334968
2021-05-21 10:23:20,208.2,5335252
2021-05-21 10:23:21,208.2,5335322
2021-05-21 10:23:22,208.2,5335966
2021-05-21 10:23:23,208.2,5336979
2021-05-21 10:23:24,208.2,5338281
2021-05-21 10:23:25,208.2,5338603
2021-05-21 10:23:26,208.2,5339687
2021-05-21 10:23:27,208.15,5340005
2021-05-21 10:23:28,208.2,5340120
2021-05-21 10:23:29,208.2,5341744
2021-05-21 10:23:30,208.15,5342052
2021-05-21 10:23:31,208.15,5343082
2021-05-21 10:23:32,208.2,5343384
2021-05-21 10:23:33,208.2,5343391
2021-05-21 10:23:34,208.2,5343391
2021-05-21 10:23:35,208.2,5343441
2021-05-21 10:23:36,208.2,5343647
2021-05-21 10:23:37,208.15,5343853
2021-05-21 10:23:38,208.2,5343906
2021-05-21 10:23:39,208.2,5344035
2021-05-21 10:23:40,208.2,5344114
2021-05-21 10:23:41,208.2,5344128
2021-05-21 10:23:42,208.15,5347594
2021-05-21 10:23:43,208.15,5347594
2021-05-21 10:23:44,208.15,5347595
2021-05-21 10:23:46,208.25,5356509
2021-05-21 10:23:47,208.25,5357565
2021-05-21 10:23:48,208.2,5357574
2021-05-21 10:23:49,208.25,5357644
2021-05-21 10:23:50,208.25,5357770
2021-05-21 10:23:51,208.25,5357770
2021-05-21 10:23:52,208.25,5357775
2021-05-21 10:23:53,208.25,5358277
2021-05-21 10:23:54,208.2,5358682
2021-05-21 10:23:55,208.25,5359326
2021-05-21 10:23:56,208.25,5359635
2021-05-21 10:23:57,208.25,5359776
2021-05-21 10:23:58,208.25,5359778
2021-05-21 10:23:59,208.25,5359849
2021-05-21 10:24:00,208.25,5359949
2021-05-21 10:24:01,208.25,5359959
2021-05-21 10:24:02,208.2,5360259
2021-05-21 10:24:03,208.25,5360272
2021-05-21 10:24:04,208.25,5360278
2021-05-21 10:24:05,208.25,5360319
2021-05-21 10:24:06,208.25,5360502
2021-05-21 10:24:07,208.2,5361629
2021-05-21 10:24:08,208.25,5361633
2021-05-21 10:24:09,208.25,5361833
2021-05-21 10:24:10,208.25,5362017
2021-05-21 10:24:11,208.25,5362044
2021-05-21 10:24:12,208.25,5362044
2021-05-21 10:24:13,208.25,5363094
2021-05-21 10:24:14,208.25,5363319
2021-05-21 10:24:15,208.25,5366466
2021-05-21 10:24:17,208.3,5366484
2021-05-21 10:24:16,208.3,5366483
2021-05-21 10:24:18,208.3,5366484
2021-05-21 10:24:19,208.3,5366484
2021-05-21 10:24:20,208.3,5366726
2021-05-21 10:24:21,208.3,5367221
2021-05-21 10:24:22,208.25,5367521
2021-05-21 10:24:23,208.25,5367521
2021-05-21 10:24:24,208.35,5367551
2021-05-21 10:24:25,208.3,5367553
2021-05-21 10:24:26,208.3,5368158
2021-05-21 10:24:27,208.25,5369268
2021-05-21 10:24:28,208.25,5369343
2021-05-21 10:24:29,208.35,5369351
2021-05-21 10:24:30,208.3,5369501
2021-05-21 10:24:31,208.35,5370101
2021-05-21 10:24:32,208.35,5370102
2021-05-21 10:24:33,208.3,5370190
2021-05-21 10:24:34,208.3,5370316
2021-05-21 10:24:35,208.3,5370860
2021-05-21 10:24:36,208.3,5371140
2021-05-21 10:24:37,208.3,5371140
2021-05-21 10:24:38,208.3,5371590
2021-05-21 10:24:39,208.4,5371610
2021-05-21 10:24:40,208.25,5372122
2021-05-21 10:24:41,208.25,5372122
2021-05-21 10:24:42,208.4,5372142
2021-05-21 10:24:43,208.4,5372142
2021-05-21 10:24:44,208.4,5372246
2021-05-21 10:24:45,208.4,5372357
2021-05-21 10:24:46,208.4,5372357
2021-05-21 10:24:47,208.4,5372358
2021-05-21 10:24:48,208.4,5372482
2021-05-21 10:24:49,208.4,5373032
2021-05-21 10:24:50,208.4,5373032
2021-05-21 10:24:51,208.4,5373054
2021-05-21 10:24:52,208.35,5373235
2021-05-21 10:24:53,208.4,5373741
2021-05-21 10:24:54,208.4,5374261
2021-05-21 10:24:55,208.4,5374289
2021-05-21 10:24:56,208.4,5374291
2021-05-21 10:24:57,208.4,5374300
2021-05-21 10:24:58,208.45,5377025
2021-05-21 10:24:59,208.4,5387300
2021-05-21 10:25:01,208.5,5387320
2021-05-21 10:25:02,208.4,5387470
2021-05-21 10:25:02,208.5,5387480
2021-05-21 10:25:03,208.5,5387480
2021-05-21 10:25:04,208.45,5387491
2021-05-21 10:25:05,208.5,5388023
2021-05-21 10:25:06,208.5,5388023
2021-05-21 10:25:07,208.45,5388144
2021-05-21 10:25:08,208.4,5388447
2021-05-21 10:25:09,208.4,5388447
2021-05-21 10:25:11,208.5,5389049
2021-05-21 10:25:12,208.5,5389149
2021-05-21 10:25:13,208.4,5389209
2021-05-21 10:25:14,208.55,5389362
2021-05-21 10:25:15,208.5,5389366
2021-05-21 10:25:16,208.5,5389923
2021-05-21 10:25:17,208.55,5390164
2021-05-21 10:25:18,208.5,5390237
2021-05-21 10:25:19,208.4,5390268
2021-05-21 10:25:21,208.4,5390293
2021-05-21 10:25:21,208.4,5390293
2021-05-21 10:25:22,208.4,5390776
2021-05-21 10:25:23,208.5,5391047
2021-05-21 10:25:24,208.5,5391047
2021-05-21 10:25:25,208.55,5391170
2021-05-21 10:25:26,208.55,5391270
2021-05-21 10:25:27,208.55,5391291
2021-05-21 10:25:30,208.5,5391653
2021-05-21 10:25:30,208.5,5391654
2021-05-21 10:25:32,208.55,5393654
2021-05-21 10:25:32,208.55,5393654
2021-05-21 10:25:35,208.5,5394019
2021-05-21 10:25:36,208.5,5395533
2021-05-21 10:25:37,208.5,5395987
2021-05-21 10:25:38,208.5,5396087
2021-05-21 10:25:40,208.5,5396137
2021-05-21 10:25:40,208.5,5398769
2021-05-21 10:25:41,208.5,5398869
2021-05-21 10:25:42,208.5,5398869
2021-05-21 10:25:43,208.55,5399380
2021-05-21 10:25:44,208.55,5400495
2021-05-21 10:25:45,208.55,5400695
2021-05-21 10:25:46,208.55,5400855
2021-05-21 10:25:47,208.5,5401898
2021-05-21 10:25:48,208.55,5401899
2021-05-21 10:25:49,208.55,5402169
2021-05-21 10:25:50,208.5,5402230
2021-05-21 10:25:51,208.55,5402231
2021-05-21 10:25:52,208.5,5402265
2021-05-21 10:25:54,208.55,5403749
2021-05-21 10:25:54,208.55,5403749
2021-05-21 10:25:55,208.55,5403759
2021-05-21 10:25:57,208.5,5403899
2021-05-21 10:25:57,208.5,5403899
2021-05-21 10:25:58,208.55,5403968
2021-05-21 10:25:59,208.55,5403968
2021-05-21 10:26:00,208.5,5404048
2021-05-21 10:26:01,208.55,5404110
2021-05-21 10:26:02,208.5,5405117
2021-05-21 10:26:04,208.55,5405342
2021-05-21 10:26:04,208.55,5405343
2021-05-21 10:26:05,208.55,5405343
2021-05-21 10:26:06,208.5,5406002
2021-05-21 10:26:07,208.5,5406145
2021-05-21 10:26:08,208.55,5406385
2021-05-21 10:26:10,208.5,5406615
2021-05-21 10:26:10,208.5,5406615
2021-05-21 10:26:11,208.5,5406710
2021-05-21 10:26:13,208.55,5407160
2021-05-21 10:26:13,208.55,5407160
2021-05-21 10:26:14,208.5,5411246
2021-05-21 10:26:15,208.5,5412639
2021-05-21 10:26:16,208.5,5412640
2021-05-21 10:26:17,208.4,5412797
2021-05-21 10:26:18,208.5,5412867
2021-05-21 10:26:19,208.5,5413021
2021-05-21 10:26:20,208.5,5413337
2021-05-21 10:26:21,208.5,5413362
2021-05-21 10:26:22,208.5,5413392
2021-05-21 10:26:23,208.4,5413557
2021-05-21 10:26:24,208.5,5413562
2021-05-21 10:26:25,208.5,5413562
2021-05-21 10:26:26,208.5,5413572
2021-05-21 10:26:27,208.5,5413573
2021-05-21 10:26:28,208.5,5413974
2021-05-21 10:26:29,208.5,5414030
2021-05-21 10:26:30,208.45,5414035
2021-05-21 10:26:31,208.45,5414107
2021-05-21 10:26:32,208.4,5414119
2021-05-21 10:26:34,208.4,5414190
2021-05-21 10:26:34,208.45,5415076
2021-05-21 10:26:35,208.5,5415280
2021-05-21 10:26:36,208.4,5415286
2021-05-21 10:26:37,208.4,5415795
2021-05-21 10:26:38,208.5,5415990
2021-05-21 10:26:39,208.5,5416031
2021-05-21 10:26:40,208.4,5416156
2021-05-21 10:26:41,208.4,5416377
2021-05-21 10:26:42,208.45,5416427
2021-05-21 10:26:43,208.4,5416437
2021-05-21 10:26:44,208.4,5416437
2021-05-21 10:26:45,208.45,5417716
2021-05-21 10:26:46,208.45,5417965
2021-05-21 10:26:47,208.4,5418068
2021-05-21 10:26:48,208.4,5418145
2021-05-21 10:26:49,208.4,5418278
2021-05-21 10:26:50,208.4,5418476
2021-05-21 10:26:51,208.4,5419074
2021-05-21 10:26:52,208.45,5419230
2021-05-21 10:26:54,208.45,5419262
2021-05-21 10:26:55,208.45,5419316
2021-05-21 10:26:56,208.45,5419337
2021-05-21 10:26:57,208.4,5419377
2021-05-21 10:26:59,208.5,5419584
2021-05-21 10:26:59,208.5,5419584
2021-05-21 10:27:00,208.45,5419644
2021-05-21 10:27:01,208.45,5419679
2021-05-21 10:27:02,208.45,5419684
2021-05-21 10:27:03,208.4,5419784
2021-05-21 10:27:04,208.45,5420817
2021-05-21 10:27:05,208.45,5423011
2021-05-21 10:27:06,208.4,5425417
2021-05-21 10:27:07,208.35,5426845
2021-05-21 10:27:08,208.35,5427802
2021-05-21 10:27:09,208.4,5428057
2021-05-21 10:27:11,208.4,5428086
2021-05-21 10:27:10,208.4,5428086
2021-05-21 10:27:12,208.45,5428186
2021-05-21 10:27:13,208.35,5428243
2021-05-21 10:27:14,208.45,5428326
2021-05-21 10:27:15,208.35,5428546
2021-05-21 10:27:16,208.3,5428573
2021-05-21 10:27:17,208.3,5428617
2021-05-21 10:27:18,208.4,5428685
2021-05-21 10:27:20,208.3,5429198
2021-05-21 10:27:21,208.4,5429326
2021-05-21 10:27:22,208.3,5429339
2021-05-21 10:27:22,208.4,5429334
2021-05-21 10:27:23,208.4,5429540
2021-05-21 10:27:24,208.4,5429691
2021-05-21 10:27:25,208.3,5429721
2021-05-21 10:27:26,208.4,5429724
2021-05-21 10:27:27,208.4,5429931
2021-05-21 10:27:29,208.4,5429979
2021-05-21 10:27:30,208.4,5430279
2021-05-21 10:27:31,208.35,5430384
2021-05-21 10:27:31,208.35,5430384
2021-05-21 10:27:33,208.4,5430507
2021-05-21 10:27:34,208.35,5430628
2021-05-21 10:27:35,208.4,5430668
2021-05-21 10:27:36,208.35,5431447
2021-05-21 10:27:37,208.35,5431728
2021-05-21 10:27:38,208.3,5431753
2021-05-21 10:27:40,208.35,5431914
2021-05-21 10:27:41,208.3,5432204
2021-05-21 10:27:41,208.3,5432204
2021-05-21 10:27:43,208.3,5432450
2021-05-21 10:27:44,208.3,5432567
2021-05-21 10:27:44,208.3,5432613
2021-05-21 10:27:46,208.3,5432987
2021-05-21 10:27:47,208.3,5432987
2021-05-21 10:27:48,208.3,5433078
2021-05-21 10:27:48,208.3,5433078
2021-05-21 10:27:49,208.3,5433091
2021-05-21 10:27:50,208.35,5433107
2021-05-21 10:27:51,208.3,5433410
2021-05-21 10:27:52,208.35,5434007
2021-05-21 10:27:53,208.3,5434153
2021-05-21 10:27:54,208.35,5434175
2021-05-21 10:27:55,208.3,5434235
2021-05-21 10:27:58,208.3,5434411
2021-05-21 10:27:59,208.3,5434421
2021-05-21 10:28:00,208.3,5436330
2021-05-21 10:28:01,208.35,5441914
2021-05-21 10:28:02,208.35,5444550
2021-05-21 10:28:02,208.35,5445501
2021-05-21 10:28:03,208.35,5445971
2021-05-21 10:28:05,208.35,5445971
2021-05-21 10:28:05,208.35,5446012
2021-05-21 10:28:06,208.5,5451268
2021-05-21 10:28:07,208.4,5452195
2021-05-21 10:28:09,208.4,5454203
2021-05-21 10:28:09,208.4,5452941
2021-05-21 10:28:11,208.45,5454588
2021-05-21 10:28:12,208.45,5454649
2021-05-21 10:28:13,208.45,5454662
2021-05-21 10:28:13,208.5,5454842
2021-05-21 10:28:14,208.45,5455102
2021-05-21 10:28:15,208.35,5458271
2021-05-21 10:28:16,208.45,5458848
2021-05-21 10:28:18,208.45,5458858
2021-05-21 10:28:18,208.4,5458926
2021-05-21 10:28:19,208.4,5459066
2021-05-21 10:28:20,208.4,5459280
2021-05-21 10:28:22,208.45,5459717
2021-05-21 10:28:23,208.5,5459722
2021-05-21 10:28:24,208.45,5459804
2021-05-21 10:28:25,208.35,5461617
2021-05-21 10:28:26,208.35,5462881
2021-05-21 10:28:27,208.35,5463367
2021-05-21 10:28:28,208.35,5463367
2021-05-21 10:28:29,208.45,5463438
2021-05-21 10:28:30,208.45,5463438
2021-05-21 10:28:31,208.45,5463690
2021-05-21 10:28:31,208.45,5463690
2021-05-21 10:28:33,208.45,5463935
2021-05-21 10:28:34,208.4,5464094
2021-05-21 10:28:35,208.4,5464094
2021-05-21 10:28:36,208.4,5464376
2021-05-21 10:28:36,208.4,5464376
2021-05-21 10:28:39,208.4,5465145
2021-05-21 10:28:39,208.4,5465145
2021-05-21 10:28:41,208.45,5465146
2021-05-21 10:28:42,208.45,5465146
2021-05-21 10:28:43,208.35,5466698
2021-05-21 10:28:44,208.4,5466708
2021-05-21 10:28:45,208.45,5468961
2021-05-21 10:28:47,208.35,5469358
2021-05-21 10:28:48,208.35,5469458
2021-05-21 10:28:49,208.45,5469758
2021-05-21 10:28:50,208.45,5471963
2021-05-21 10:28:50,208.45,5472022
2021-05-21 10:28:52,208.35,5472996
2021-05-21 10:28:53,208.45,5473166
2021-05-21 10:28:54,208.35,5473598
2021-05-21 10:28:54,208.35,5473598
2021-05-21 10:28:55,208.45,5473677
2021-05-21 10:28:57,208.4,5473763
2021-05-21 10:28:58,208.4,5473783
2021-05-21 10:28:59,208.4,5473784
2021-05-21 10:28:59,208.4,5473784
2021-05-21 10:29:00,208.4,5473828
2021-05-21 10:29:01,208.35,5473928
2021-05-21 10:29:02,208.35,5473953
2021-05-21 10:29:04,208.45,5474813
2021-05-21 10:29:05,208.45,5474980
2021-05-21 10:29:05,208.45,5475000
2021-05-21 10:29:06,208.35,5475028
2021-05-21 10:29:07,208.45,5475035
2021-05-21 10:29:08,208.45,5476137
2021-05-21 10:29:09,208.45,5476157
2021-05-21 10:29:11,208.35,5476351
2021-05-21 10:29:12,208.35,5476405
2021-05-21 10:29:13,208.45,5476606
2021-05-21 10:29:14,208.45,5476610
2021-05-21 10:29:14,208.45,5477024
2021-05-21 10:29:15,208.45,5477079
2021-05-21 10:29:16,208.45,5477250
2021-05-21 10:29:17,208.35,5477308
2021-05-21 10:29:19,208.45,5477358
2021-05-21 10:29:20,208.45,5477523
2021-05-21 10:29:21,208.45,5477574
2021-05-21 10:29:22,208.45,5477699
2021-05-21 10:29:23,208.4,5477733
2021-05-21 10:29:23,208.4,5477733
2021-05-21 10:29:24,208.4,5477758
2021-05-21 10:29:25,208.35,5478259
2021-05-21 10:29:26,208.35,5478346
2021-05-21 10:29:27,208.45,5478575
2021-05-21 10:29:28,208.35,5478952
2021-05-21 10:29:29,208.4,5479914
2021-05-21 10:29:30,208.5,5480074
2021-05-21 10:29:32,208.4,5484083
2021-05-21 10:29:33,208.4,5484815
2021-05-21 10:29:35,208.5,5485023
2021-05-21 10:29:36,208.45,5485195
2021-05-21 10:29:37,208.45,5485507
2021-05-21 10:29:37,208.45,5485507
2021-05-21 10:29:38,208.45,5485557
2021-05-21 10:29:39,208.5,5485560
2021-05-21 10:29:40,208.4,5486590
2021-05-21 10:29:41,208.4,5486872
2021-05-21 10:29:43,208.4,5486890
2021-05-21 10:29:44,208.5,5486998
2021-05-21 10:29:46,208.4,5487156
2021-05-21 10:29:47,208.4,5487248
2021-05-21 10:29:48,208.4,5487413
2021-05-21 10:29:48,208.4,5487413
2021-05-21 10:29:49,208.4,5487463
2021-05-21 10:29:50,208.4,5487494
2021-05-21 10:29:51,208.5,5488919
2021-05-21 10:29:52,208.4,5489171
2021-05-21 10:29:53,208.4,5489171
2021-05-21 10:29:54,208.5,5489191
2021-05-21 10:29:56,208.5,5489325
2021-05-21 10:29:56,208.5,5489342
2021-05-21 10:29:57,208.45,5490675
2021-05-21 10:29:58,208.5,5492158
2021-05-21 10:29:59,208.5,5492398
2021-05-21 10:30:01,208.5,5492412
2021-05-21 10:30:02,208.7,5504109
2021-05-21 10:30:03,208.55,5507849
2021-05-21 10:30:04,208.5,5509916
2021-05-21 10:30:04,208.55,5509915
2021-05-21 10:30:06,208.5,5510535
2021-05-21 10:30:07,208.5,5510589
2021-05-21 10:30:08,208.5,5511658
2021-05-21 10:30:09,208.7,5518813
2021-05-21 10:30:09,208.7,5518814
2021-05-21 10:30:11,208.55,5522266
2021-05-21 10:30:12,208.55,5522755
2021-05-21 10:30:12,208.55,5522755
2021-05-21 10:30:13,208.65,5522809
2021-05-21 10:30:16,208.55,5526547
2021-05-21 10:30:17,208.55,5526810
2021-05-21 10:30:18,208.55,5527149
2021-05-21 10:30:19,208.55,5527212
2021-05-21 10:30:19,208.55,5527212
2021-05-21 10:30:20,208.55,5530885
2021-05-21 10:30:21,208.5,5532749
2021-05-21 10:30:22,208.5,5533256
2021-05-21 10:30:24,208.6,5533392
2021-05-21 10:30:25,208.5,5533607
2021-05-21 10:30:26,208.5,5533607
