timestamp,ltp,volume
2021-05-21 09:37:16,6625.0,67080
2021-05-21 09:37:17,6625.55,67092
2021-05-21 09:37:18,6626.0,67118
2021-05-21 09:37:20,6627.6,67193
2021-05-21 09:37:21,6628.0,67207
2021-05-21 09:37:22,6629.65,67315
2021-05-21 09:37:23,6629.65,67315
2021-05-21 09:37:24,6628.9,67318
2021-05-21 09:37:25,6626.0,67333
2021-05-21 09:37:26,6626.0,67333
2021-05-21 09:37:27,6626.0,67333
2021-05-21 09:37:28,6626.0,67335
2021-05-21 09:37:29,6626.0,67349
2021-05-21 09:37:30,6626.0,67349
2021-05-21 09:37:32,6626.0,67353
2021-05-21 09:37:31,6626.0,67353
2021-05-21 09:37:33,6626.0,67353
2021-05-21 09:37:34,6626.0,67354
2021-05-21 09:37:35,6626.0,67356
2021-05-21 09:37:36,6626.0,67356
2021-05-21 09:37:37,6626.0,67379
2021-05-21 09:37:38,6625.2,67394
2021-05-21 09:37:39,6625.2,67394
2021-05-21 09:37:40,6625.2,67394
2021-05-21 09:37:41,6626.0,67395
2021-05-21 09:37:42,6626.0,67395
2021-05-21 09:37:43,6626.0,67395
2021-05-21 09:37:45,6626.0,67428
2021-05-21 09:37:44,6626.0,67428
2021-05-21 09:37:46,6626.0,67432
2021-05-21 09:37:47,6623.25,67434
2021-05-21 09:37:48,6623.25,67434
2021-05-21 09:37:49,6623.25,67434
2021-05-21 09:37:50,6629.0,67436
2021-05-21 09:37:51,6629.0,67466
2021-05-21 09:37:52,6629.0,67480
2021-05-21 09:37:53,6629.0,67480
2021-05-21 09:37:54,6626.1,67481
2021-05-21 09:37:55,6629.0,67482
2021-05-21 09:37:56,6629.0,67482
2021-05-21 09:37:57,6629.0,67482
2021-05-21 09:37:58,6629.0,67482
2021-05-21 09:37:59,6629.0,67482
2021-05-21 09:38:00,6629.0,67497
2021-05-21 09:38:01,6629.95,67594
2021-05-21 09:38:02,6629.95,67594
2021-05-21 09:38:03,6626.25,67605
2021-05-21 09:38:04,6629.85,67616
2021-05-21 09:38:05,6629.85,67616
2021-05-21 09:38:06,6626.4,67617
2021-05-21 09:38:07,6626.4,67617
2021-05-21 09:38:08,6626.5,67619
2021-05-21 09:38:09,6629.0,67639
2021-05-21 09:38:10,6629.0,67678
2021-05-21 09:38:11,6630.0,68347
2021-05-21 09:38:12,6628.2,68398
2021-05-21 09:38:13,6633.0,68946
2021-05-21 09:38:14,6631.8,68956
2021-05-21 09:38:15,6633.95,68979
2021-05-21 09:38:16,6634.0,69015
2021-05-21 09:38:17,6634.05,69066
2021-05-21 09:38:18,6634.1,69077
2021-05-21 09:38:19,6634.0,69090
2021-05-21 09:38:20,6634.1,69105
2021-05-21 09:38:21,6634.1,69105
2021-05-21 09:38:22,6634.85,69329
2021-05-21 09:38:23,6630.85,69330
2021-05-21 09:38:24,6635.0,69405
2021-05-21 09:38:25,6634.95,69409
2021-05-21 09:38:26,6635.0,69434
2021-05-21 09:38:27,6635.0,69442
2021-05-21 09:38:28,6634.1,69452
2021-05-21 09:38:29,6634.1,69452
2021-05-21 09:38:30,6634.1,69498
2021-05-21 09:38:32,6634.2,69561
2021-05-21 09:38:34,6634.15,69571
2021-05-21 09:38:35,6634.15,69571
2021-05-21 09:38:37,6634.05,69713
2021-05-21 09:38:36,6630.3,69699
2021-05-21 09:38:38,6634.05,69718
2021-05-21 09:38:39,6630.5,69755
2021-05-21 09:38:40,6630.5,69755
2021-05-21 09:38:41,6634.05,69759
2021-05-21 09:38:42,6634.05,69759
2021-05-21 09:38:43,6634.05,69759
2021-05-21 09:38:44,6634.05,69759
2021-05-21 09:38:45,6634.05,69759
2021-05-21 09:38:46,6633.7,69779
2021-05-21 09:38:47,6633.7,69790
2021-05-21 09:38:48,6634.0,69805
2021-05-21 09:38:49,6634.0,69805
2021-05-21 09:38:50,6634.7,69855
2021-05-21 09:38:51,6634.0,69868
2021-05-21 09:38:52,6634.0,69868
2021-05-21 09:38:53,6634.0,69868
2021-05-21 09:38:54,6634.0,69868
2021-05-21 09:38:55,6630.85,69869
2021-05-21 09:38:56,6630.5,69871
2021-05-21 09:38:57,6623.55,70164
2021-05-21 09:38:58,6627.6,70251
2021-05-21 09:38:59,6628.15,70261
2021-05-21 09:39:00,6627.45,70263
2021-05-21 09:39:01,6627.95,70282
2021-05-21 09:39:02,6627.95,70282
2021-05-21 09:39:03,6628.1,70298
2021-05-21 09:39:04,6630.95,70314
2021-05-21 09:39:05,6630.45,70323
2021-05-21 09:39:07,6630.0,70324
2021-05-21 09:39:08,6630.0,70324
2021-05-21 09:39:10,6630.0,70324
2021-05-21 09:39:09,6630.0,70324
2021-05-21 09:39:11,6630.0,70324
2021-05-21 09:39:12,6628.8,70325
2021-05-21 09:39:13,6628.8,70325
2021-05-21 09:39:14,6630.0,70344
2021-05-21 09:39:15,6630.0,70344
2021-05-21 09:39:16,6630.0,70344
2021-05-21 09:39:17,6630.0,70344
2021-05-21 09:39:19,6630.0,70367
2021-05-21 09:39:20,6630.0,70374
2021-05-21 09:39:21,6630.0,70384
2021-05-21 09:39:22,6630.0,70384
2021-05-21 09:39:23,6630.0,70394
2021-05-21 09:39:24,6627.95,70409
2021-05-21 09:39:25,6627.95,70409
2021-05-21 09:39:26,6627.95,70409
2021-05-21 09:39:27,6627.95,70409
2021-05-21 09:39:28,6627.95,70410
2021-05-21 09:39:29,6630.05,70426
2021-05-21 09:39:30,6630.05,70441
2021-05-21 09:39:31,6630.45,70442
2021-05-21 09:39:32,6632.0,70455
2021-05-21 09:39:33,6632.0,70455
2021-05-21 09:39:34,6632.0,70455
2021-05-21 09:39:35,6632.0,70455
2021-05-21 09:39:36,6632.0,70479
2021-05-21 09:39:37,6632.0,70479
2021-05-21 09:39:38,6632.0,70550
2021-05-21 09:39:39,6632.35,70559
2021-05-21 09:39:40,6632.35,70559
2021-05-21 09:39:41,6632.35,70559
2021-05-21 09:39:42,6628.2,70609
2021-05-21 09:39:43,6631.75,70618
2021-05-21 09:39:45,6631.75,70618
2021-05-21 09:39:45,6631.75,70618
2021-05-21 09:39:46,6631.75,70618
2021-05-21 09:39:47,6631.75,70618
2021-05-21 09:39:48,6631.75,70618
2021-05-21 09:39:49,6631.75,70618
2021-05-21 09:39:50,6631.75,70618
2021-05-21 09:39:51,6631.7,70628
2021-05-21 09:39:52,6631.7,70628
2021-05-21 09:39:53,6631.7,70628
2021-05-21 09:39:54,6629.5,70639
2021-05-21 09:39:55,6629.5,70639
2021-05-21 09:39:56,6628.5,70782
2021-05-21 09:39:57,6628.5,70782
2021-05-21 09:39:58,6628.5,70782
2021-05-21 09:39:59,6625.7,70792
2021-05-21 09:40:00,6629.25,70808
2021-05-21 09:40:01,6629.25,70808
2021-05-21 09:40:02,6629.2,70813
2021-05-21 09:40:04,6629.5,70978
2021-05-21 09:40:06,6629.8,70981
2021-05-21 09:40:07,6629.85,70998
2021-05-21 09:40:09,6629.85,71009
2021-05-21 09:40:09,6629.85,71009
2021-05-21 09:40:10,6629.85,71009
2021-05-21 09:40:11,6629.0,71012
2021-05-21 09:40:12,6629.0,71012
2021-05-21 09:40:13,6629.0,71012
2021-05-21 09:40:14,6629.0,71012
2021-05-21 09:40:15,6629.0,71012
2021-05-21 09:40:16,6629.65,71017
2021-05-21 09:40:17,6629.65,71017
2021-05-21 09:40:18,6629.65,71017
2021-05-21 09:40:19,6629.65,71017
2021-05-21 09:40:20,6629.65,71017
2021-05-21 09:40:21,6629.65,71047
2021-05-21 09:40:22,6629.65,71049
2021-05-21 09:40:23,6629.65,71066
2021-05-21 09:40:24,6631.7,71276
2021-05-21 09:40:25,6631.7,71276
2021-05-21 09:40:26,6632.0,71300
2021-05-21 09:40:27,6632.0,71338
2021-05-21 09:40:28,6633.9,71343
2021-05-21 09:40:29,6634.0,71353
2021-05-21 09:40:30,6634.0,71360
2021-05-21 09:40:31,6634.0,71360
2021-05-21 09:40:32,6634.65,71370
2021-05-21 09:40:34,6634.65,71370
2021-05-21 09:40:34,6634.65,71370
2021-05-21 09:40:35,6634.65,71370
2021-05-21 09:40:36,6633.9,71380
2021-05-21 09:40:38,6633.0,71398
2021-05-21 09:40:37,6633.0,71386
2021-05-21 09:40:39,6633.0,71408
2021-05-21 09:40:40,6633.0,71453
2021-05-21 09:40:41,6633.0,71453
2021-05-21 09:40:42,6632.3,71533
2021-05-21 09:40:43,6632.3,71533
2021-05-21 09:40:44,6634.65,71534
2021-05-21 09:40:45,6634.8,71545
2021-05-21 09:40:46,6634.9,71565
2021-05-21 09:40:48,6635.0,71576
2021-05-21 09:40:48,6635.0,71576
2021-05-21 09:40:49,6635.0,71576
2021-05-21 09:40:50,6632.3,71577
2021-05-21 09:40:51,6632.35,71582
2021-05-21 09:40:52,6633.9,71585
2021-05-21 09:40:54,6630.8,71592
2021-05-21 09:40:55,6632.0,71593
2021-05-21 09:40:57,6632.0,71595
2021-05-21 09:40:56,6632.0,71595
2021-05-21 09:40:58,6634.0,71605
2021-05-21 09:40:59,6634.0,71605
2021-05-21 09:41:01,6633.0,71620
2021-05-21 09:41:01,6634.0,71605
2021-05-21 09:41:03,6633.0,71620
2021-05-21 09:41:02,6633.0,71620
2021-05-21 09:41:04,6634.95,71630
2021-05-21 09:41:05,6634.95,71630
2021-05-21 09:41:06,6632.35,71640
2021-05-21 09:41:07,6632.35,71640
2021-05-21 09:41:08,6632.35,71640
2021-05-21 09:41:09,6632.35,71640
2021-05-21 09:41:10,6632.35,71640
2021-05-21 09:41:11,6632.35,71640
2021-05-21 09:41:12,6632.35,71642
2021-05-21 09:41:13,6634.9,71643
2021-05-21 09:41:14,6632.35,71681
2021-05-21 09:41:15,6630.4,71682
2021-05-21 09:41:16,6634.25,71695
2021-05-21 09:41:17,6634.25,71695
2021-05-21 09:41:18,6634.25,71695
2021-05-21 09:41:19,6634.25,71695
2021-05-21 09:41:20,6634.25,71695
2021-05-21 09:41:21,6630.75,71706
2021-05-21 09:41:22,6630.75,71706
2021-05-21 09:41:23,6632.0,71712
2021-05-21 09:41:24,6632.0,71712
2021-05-21 09:41:25,6632.0,71712
2021-05-21 09:41:26,6632.0,71712
2021-05-21 09:41:27,6632.0,71757
2021-05-21 09:41:28,6632.0,71779
2021-05-21 09:41:29,6632.0,71781
2021-05-21 09:41:30,6632.0,71781
2021-05-21 09:41:31,6632.0,71781
2021-05-21 09:41:32,6632.0,71782
2021-05-21 09:41:33,6632.0,71782
2021-05-21 09:41:34,6632.0,71782
2021-05-21 09:41:35,6632.0,71782
2021-05-21 09:41:36,6632.0,71782
2021-05-21 09:41:37,6632.0,71880
2021-05-21 09:41:38,6634.95,71883
2021-05-21 09:41:39,6634.0,71897
2021-05-21 09:41:40,6633.0,71901
2021-05-21 09:41:41,6631.15,71920
2021-05-21 09:41:42,6631.15,71920
2021-05-21 09:41:43,6631.05,71930
2021-05-21 09:41:44,6631.05,71930
2021-05-21 09:41:45,6630.8,71955
2021-05-21 09:41:47,6630.8,71955
2021-05-21 09:41:50,6631.25,72088
2021-05-21 09:41:51,6630.85,72095
2021-05-21 09:41:52,6633.1,72104
2021-05-21 09:41:53,6633.1,72104
2021-05-21 09:41:53,6633.1,72104
2021-05-21 09:41:55,6630.85,72105
2021-05-21 09:41:56,6630.9,72109
2021-05-21 09:41:56,6633.55,72110
2021-05-21 09:41:57,6633.55,72130
2021-05-21 09:41:58,6633.55,72130
2021-05-21 09:41:59,6633.95,72133
2021-05-21 09:42:00,6634.0,72148
2021-05-21 09:42:01,6630.8,72156
2021-05-21 09:42:02,6633.1,72256
2021-05-21 09:42:03,6633.5,72284
2021-05-21 09:42:04,6633.5,72291
2021-05-21 09:42:05,6633.5,72291
2021-05-21 09:42:06,6633.5,72296
2021-05-21 09:42:08,6630.8,72297
2021-05-21 09:42:09,6630.0,72442
2021-05-21 09:42:10,6630.0,72466
2021-05-21 09:42:11,6630.0,72612
2021-05-21 09:42:12,6630.8,72648
2021-05-21 09:42:12,6630.8,72657
2021-05-21 09:42:14,6630.8,72657
2021-05-21 09:42:14,6630.8,72657
2021-05-21 09:42:15,6630.8,72657
2021-05-21 09:42:17,6630.8,72657
2021-05-21 09:42:18,6632.0,72658
2021-05-21 09:42:19,6632.0,72658
2021-05-21 09:42:20,6632.0,72658
2021-05-21 09:42:21,6632.0,72658
2021-05-21 09:42:22,6632.0,72658
2021-05-21 09:42:23,6632.0,72658
2021-05-21 09:42:23,6632.0,72658
2021-05-21 09:42:24,6630.0,72659
2021-05-21 09:42:26,6630.0,72659
2021-05-21 09:42:27,6630.0,72659
2021-05-21 09:42:29,6630.0,72660
2021-05-21 09:42:30,6630.0,72665
2021-05-21 09:42:30,6630.0,72665
2021-05-21 09:42:31,6630.0,72706
2021-05-21 09:42:33,6630.0,72820
2021-05-21 09:42:34,6629.5,72835
2021-05-21 09:42:35,6629.5,72835
2021-05-21 09:42:36,6630.0,72876
2021-05-21 09:42:37,6630.0,73006
2021-05-21 09:42:38,6631.25,73018
2021-05-21 09:42:39,6628.25,73071
2021-05-21 09:42:39,6628.25,73071
2021-05-21 09:42:40,6631.85,73084
2021-05-21 09:42:41,6631.85,73087
2021-05-21 09:42:42,6628.25,73091
2021-05-21 09:42:43,6628.25,73092
2021-05-21 09:42:44,6631.85,73100
2021-05-21 09:42:45,6631.85,73101
2021-05-21 09:42:46,6628.35,73131
2021-05-21 09:42:47,6631.85,73136
2021-05-21 09:42:48,6631.9,73147
2021-05-21 09:42:50,6628.95,73157
2021-05-21 09:42:51,6628.7,73182
2021-05-21 09:42:52,6628.3,73192
2021-05-21 09:42:52,6628.3,73198
2021-05-21 09:42:54,6628.3,73198
2021-05-21 09:42:55,6628.3,73198
2021-05-21 09:42:56,6628.3,73198
2021-05-21 09:42:57,6628.3,73201
2021-05-21 09:42:57,6631.25,73203
2021-05-21 09:42:58,6631.25,73205
2021-05-21 09:42:59,6631.25,73205
2021-05-21 09:43:01,6631.25,73205
2021-05-21 09:43:02,6631.25,73205
2021-05-21 09:43:03,6628.3,73206
2021-05-21 09:43:04,6628.3,73206
2021-05-21 09:43:05,6628.3,73206
2021-05-21 09:43:06,6628.3,73207
2021-05-21 09:43:07,6628.3,73207
2021-05-21 09:43:08,6631.0,73208
2021-05-21 09:43:09,6631.0,73208
2021-05-21 09:43:10,6631.0,73208
2021-05-21 09:43:11,6631.0,73208
2021-05-21 09:43:14,6631.0,73208
2021-05-21 09:43:15,6628.5,73209
2021-05-21 09:43:16,6625.0,73594
2021-05-21 09:43:17,6626.05,73604
2021-05-21 09:43:18,6629.65,73644
2021-05-21 09:43:19,6630.0,73661
2021-05-21 09:43:20,6629.7,73692
2021-05-21 09:43:21,6630.0,74023
2021-05-21 09:43:22,6630.0,74089
2021-05-21 09:43:23,6630.0,74104
2021-05-21 09:43:24,6630.4,74105
2021-05-21 09:43:25,6630.0,74165
2021-05-21 09:43:26,6630.0,74186
2021-05-21 09:43:27,6630.0,74209
2021-05-21 09:43:28,6630.0,74209
2021-05-21 09:43:29,6631.2,74216
2021-05-21 09:43:30,6631.25,74246
2021-05-21 09:43:31,6631.25,74285
2021-05-21 09:43:32,6632.4,74557
2021-05-21 09:43:33,6637.0,75049
2021-05-21 09:43:34,6638.0,75053
2021-05-21 09:43:35,6637.0,75186
2021-05-21 09:43:36,6638.0,75206
2021-05-21 09:43:37,6638.0,75251
2021-05-21 09:43:38,6639.0,75528
2021-05-21 09:43:39,6640.0,76155
2021-05-21 09:43:40,6646.35,77576
2021-05-21 09:43:41,6648.6,78126
2021-05-21 09:43:42,6650.0,78778
2021-05-21 09:43:43,6651.0,79064
2021-05-21 09:43:44,6651.0,79077
2021-05-21 09:43:46,6652.25,79104
2021-05-21 09:43:47,6651.9,79115
2021-05-21 09:43:48,6652.9,79302
2021-05-21 09:43:49,6654.0,79403
2021-05-21 09:43:51,6652.25,79938
2021-05-21 09:43:52,6655.0,79998
2021-05-21 09:43:53,6654.2,80612
2021-05-21 09:43:53,6654.2,80612
2021-05-21 09:43:55,6656.75,80713
2021-05-21 09:43:56,6657.9,80940
2021-05-21 09:43:57,6657.9,80951
2021-05-21 09:43:58,6658.95,81093
2021-05-21 09:44:00,6655.95,81367
2021-05-21 09:44:01,6656.05,81388
2021-05-21 09:44:02,6659.9,81401
2021-05-21 09:44:03,6660.0,81636
2021-05-21 09:44:04,6660.9,81669
2021-05-21 09:44:05,6662.0,81785
2021-05-21 09:44:06,6660.0,81846
2021-05-21 09:44:07,6656.2,81964
2021-05-21 09:44:07,6656.2,81964
2021-05-21 09:44:08,6661.15,82033
2021-05-21 09:44:09,6661.15,82046
2021-05-21 09:44:10,6660.6,82096
2021-05-21 09:44:11,6656.35,82219
2021-05-21 09:44:12,6660.5,82231
2021-05-21 09:44:14,6660.5,82340
2021-05-21 09:44:15,6661.7,82378
2021-05-21 09:44:16,6662.15,82698
2021-05-21 09:44:17,6662.1,82751
2021-05-21 09:44:17,6662.1,82796
2021-05-21 09:44:18,6660.0,83012
2021-05-21 09:44:19,6661.2,83016
2021-05-21 09:44:20,6660.0,83026
2021-05-21 09:44:22,6660.0,83109
2021-05-21 09:44:23,6660.0,83112
2021-05-21 09:44:25,6660.0,83122
2021-05-21 09:44:25,6660.6,83136
2021-05-21 09:44:26,6654.65,83176
2021-05-21 09:44:28,6656.35,83333
2021-05-21 09:44:29,6656.35,83365
2021-05-21 09:44:30,6657.0,83402
2021-05-21 09:44:31,6652.9,83439
2021-05-21 09:44:31,6652.9,83439
2021-05-21 09:44:33,6655.9,83442
2021-05-21 09:44:34,6654.9,83589
2021-05-21 09:44:35,6654.9,83619
2021-05-21 09:44:36,6651.0,83655
2021-05-21 09:44:37,6651.05,83703
2021-05-21 09:44:38,6654.15,83800
2021-05-21 09:44:39,6650.55,83872
2021-05-21 09:44:40,6650.55,83878
2021-05-21 09:44:41,6652.9,83901
2021-05-21 09:44:42,6653.05,83931
2021-05-21 09:44:43,6650.55,83952
2021-05-21 09:44:43,6653.05,83957
2021-05-21 09:44:44,6653.05,83968
2021-05-21 09:44:45,6653.0,83971
2021-05-21 09:44:46,6653.0,83971
2021-05-21 09:44:47,6653.0,83971
2021-05-21 09:44:48,6652.9,83975
2021-05-21 09:44:49,6650.55,84004
2021-05-21 09:44:50,6652.9,84024
2021-05-21 09:44:51,6652.9,84037
2021-05-21 09:44:53,6653.0,84060
2021-05-21 09:44:54,6653.0,84065
2021-05-21 09:44:55,6650.0,84071
2021-05-21 09:44:56,6650.0,84071
2021-05-21 09:44:57,6652.55,84089
2021-05-21 09:44:57,6652.55,84093
2021-05-21 09:44:59,6650.0,84099
2021-05-21 09:45:00,6652.7,84105
2021-05-21 09:45:01,6652.5,84121
2021-05-21 09:45:02,6652.7,84134
2021-05-21 09:45:02,6652.7,84139
2021-05-21 09:45:03,6650.0,84155
2021-05-21 09:45:04,6652.85,84179
2021-05-21 09:45:05,6650.0,84185
2021-05-21 09:45:07,6652.6,84210
2021-05-21 09:45:06,6652.6,84206
2021-05-21 09:45:09,6652.4,84215
2021-05-21 09:45:11,6652.25,84235
2021-05-21 09:45:12,6652.45,84295
2021-05-21 09:45:13,6652.65,84333
2021-05-21 09:45:14,6652.65,84419
2021-05-21 09:45:15,6652.9,84441
2021-05-21 09:45:16,6652.9,84448
2021-05-21 09:45:16,6652.9,84460
2021-05-21 09:45:18,6652.65,84475
2021-05-21 09:45:18,6652.65,84485
2021-05-21 09:45:20,6652.9,84488
2021-05-21 09:45:21,6652.0,84520
2021-05-21 09:45:22,6652.0,84531
2021-05-21 09:45:23,6652.0,84539
2021-05-21 09:45:24,6652.9,84540
2021-05-21 09:45:25,6653.0,84551
2021-05-21 09:45:27,6652.0,84561
2021-05-21 09:45:28,6650.1,84571
2021-05-21 09:45:29,6652.0,84574
2021-05-21 09:45:30,6652.0,84593
2021-05-21 09:45:31,6652.0,84593
2021-05-21 09:45:32,6652.0,84601
2021-05-21 09:45:33,6650.2,84611
2021-05-21 09:45:34,6650.2,84611
2021-05-21 09:45:35,6652.0,84663
2021-05-21 09:45:35,6652.0,84663
2021-05-21 09:45:36,6650.05,84669
2021-05-21 09:45:37,6650.05,84669
2021-05-21 09:45:38,6650.1,84714
2021-05-21 09:45:39,6651.0,84738
2021-05-21 09:45:41,6651.0,84749
2021-05-21 09:45:42,6652.0,84750
2021-05-21 09:45:43,6652.0,84759
2021-05-21 09:45:44,6652.0,84769
2021-05-21 09:45:45,6652.0,84777
2021-05-21 09:45:45,6652.0,84779
2021-05-21 09:45:46,6641.15,85982
2021-05-21 09:45:47,6642.0,85992
2021-05-21 09:45:48,6645.1,86018
2021-05-21 09:45:49,6646.7,86539
2021-05-21 09:45:50,6649.0,86549
2021-05-21 09:45:51,6650.05,86559
2021-05-21 09:45:53,6651.75,86583
2021-05-21 09:45:54,6652.0,86678
2021-05-21 09:45:55,6652.75,86701
2021-05-21 09:45:56,6652.75,86778
2021-05-21 09:45:57,6654.0,86806
2021-05-21 09:45:58,6654.35,87076
2021-05-21 09:45:59,6655.15,87107
2021-05-21 09:46:00,6657.0,87244
2021-05-21 09:46:01,6657.3,87267
2021-05-21 09:46:02,6658.0,87268
2021-05-21 09:46:03,6659.0,87280
2021-05-21 09:46:04,6660.0,87895
2021-05-21 09:46:05,6662.0,87939
2021-05-21 09:46:07,6664.4,87995
2021-05-21 09:46:07,6662.3,88093
2021-05-21 09:46:08,6662.4,88127
2021-05-21 09:46:10,6665.3,89555
2021-05-21 09:46:11,6666.0,89617
2021-05-21 09:46:12,6663.95,89710
2021-05-21 09:46:13,6663.55,89718
2021-05-21 09:46:14,6666.55,89725
2021-05-21 09:46:15,6666.55,89733
2021-05-21 09:46:16,6666.6,89805
2021-05-21 09:46:17,6663.65,89883
2021-05-21 09:46:18,6666.0,89896
2021-05-21 09:46:19,6666.0,89908
2021-05-21 09:46:20,6666.55,89962
2021-05-21 09:46:21,6666.0,89994
2021-05-21 09:46:21,6666.0,89999
2021-05-21 09:46:23,6663.55,90017
2021-05-21 09:46:24,6663.25,90022
2021-05-21 09:46:25,6663.25,90024
2021-05-21 09:46:26,6663.25,90025
2021-05-21 09:46:27,6664.0,90069
2021-05-21 09:46:28,6662.75,90105
2021-05-21 09:46:29,6666.0,90117
2021-05-21 09:46:30,6663.0,90122
2021-05-21 09:46:30,6663.0,90122
2021-05-21 09:46:31,6666.0,90152
2021-05-21 09:46:33,6666.0,90161
2021-05-21 09:46:34,6663.55,90166
2021-05-21 09:46:35,6666.0,90174
2021-05-21 09:46:36,6663.0,90177
2021-05-21 09:46:37,6665.9,90182
2021-05-21 09:46:38,6663.1,90192
2021-05-21 09:46:39,6665.0,90204
2021-05-21 09:46:39,6663.0,90430
2021-05-21 09:46:40,6662.0,90618
2021-05-21 09:46:42,6660.05,90822
2021-05-21 09:46:42,6660.05,90822
2021-05-21 09:46:43,6663.0,90975
2021-05-21 09:46:45,6660.0,91030
2021-05-21 09:46:46,6662.05,91117
2021-05-21 09:46:47,6662.0,91155
2021-05-21 09:46:48,6662.0,91167
2021-05-21 09:46:48,6662.0,91167
2021-05-21 09:46:50,6660.0,91168
2021-05-21 09:46:51,6660.0,91168
2021-05-21 09:46:52,6660.0,91172
2021-05-21 09:46:53,6660.0,91172
2021-05-21 09:46:54,6660.0,91172
2021-05-21 09:46:55,6662.85,91372
2021-05-21 09:46:55,6662.85,91372
2021-05-21 09:46:57,6660.05,91420
2021-05-21 09:46:58,6663.25,91426
2021-05-21 09:46:59,6660.4,91429
2021-05-21 09:47:00,6660.25,91447
2021-05-21 09:47:01,6663.55,91457
2021-05-21 09:47:02,6663.65,91468
2021-05-21 09:47:02,6663.65,91468
2021-05-21 09:47:04,6663.25,91621
2021-05-21 09:47:04,6663.25,91631
2021-05-21 09:47:05,6663.9,91639
2021-05-21 09:47:06,6663.0,91679
2021-05-21 09:47:08,6663.0,91691
2021-05-21 09:47:09,6665.0,91708
2021-05-21 09:47:10,6663.25,91712
2021-05-21 09:47:11,6663.25,91741
2021-05-21 09:47:11,6663.25,91741
2021-05-21 09:47:12,6662.95,91756
2021-05-21 09:47:14,6662.95,91848
2021-05-21 09:47:15,6662.95,91848
2021-05-21 09:47:16,6660.65,91853
2021-05-21 09:47:17,6660.0,92059
2021-05-21 09:47:18,6663.0,92077
2021-05-21 09:47:19,6663.0,92101
2021-05-21 09:47:19,6663.0,92101
2021-05-21 09:47:21,6656.95,92494
2021-05-21 09:47:22,6656.95,92572
2021-05-21 09:47:23,6656.2,92641
2021-05-21 09:47:24,6656.2,92646
2021-05-21 09:47:25,6656.45,92648
2021-05-21 09:47:26,6656.65,92659
2021-05-21 09:47:26,6656.65,92659
2021-05-21 09:47:27,6657.75,92736
2021-05-21 09:47:28,6657.7,92752
2021-05-21 09:47:30,6657.7,92765
2021-05-21 09:47:31,6658.2,92791
2021-05-21 09:47:32,6653.7,92804
2021-05-21 09:47:33,6658.0,92805
2021-05-21 09:47:34,6658.0,92805
2021-05-21 09:47:34,6658.0,92805
2021-05-21 09:47:35,6653.7,92812
2021-05-21 09:47:37,6653.7,92814
2021-05-21 09:47:38,6653.7,92835
2021-05-21 09:47:40,6657.4,92842
2021-05-21 09:47:41,6654.8,92845
2021-05-21 09:47:42,6654.8,92845
2021-05-21 09:47:42,6654.8,92845
2021-05-21 09:47:43,6657.7,92849
2021-05-21 09:47:45,6654.8,92851
2021-05-21 09:47:46,6654.8,92852
2021-05-21 09:47:47,6654.0,92871
2021-05-21 09:47:48,6657.8,93033
2021-05-21 09:47:49,6657.75,93069
2021-05-21 09:47:51,6654.8,93094
2021-05-21 09:47:52,6655.0,93095
2021-05-21 09:47:53,6657.75,93099
2021-05-21 09:47:54,6657.75,93100
2021-05-21 09:47:55,6653.9,93200
2021-05-21 09:47:56,6653.9,93200
2021-05-21 09:47:56,6656.25,93214
2021-05-21 09:47:58,6656.3,93225
2021-05-21 09:47:58,6656.25,93216
2021-05-21 09:47:59,6656.65,93234
2021-05-21 09:48:01,6656.65,93323
2021-05-21 09:48:01,6655.5,93321
2021-05-21 09:48:02,6657.0,93332
2021-05-21 09:48:04,6658.0,93344
2021-05-21 09:48:05,6655.5,93351
2021-05-21 09:48:06,6655.5,93365
2021-05-21 09:48:07,6657.05,93387
2021-05-21 09:48:08,6657.05,93401
2021-05-21 09:48:09,6655.5,93410
2021-05-21 09:48:10,6657.05,93412
2021-05-21 09:48:11,6658.0,93414
2021-05-21 09:48:12,6658.0,93414
2021-05-21 09:48:13,6655.5,93416
2021-05-21 09:48:13,6655.5,93416
2021-05-21 09:48:14,6655.5,93462
2021-05-21 09:48:15,6655.4,93494
2021-05-21 09:48:16,6655.4,93516
2021-05-21 09:48:18,6655.4,93516
2021-05-21 09:48:19,6655.4,93516
2021-05-21 09:48:20,6655.4,93516
2021-05-21 09:48:21,6657.0,93538
2021-05-21 09:48:22,6657.0,93538
2021-05-21 09:48:23,6658.0,93552
2021-05-21 09:48:24,6658.0,93555
2021-05-21 09:48:25,6657.05,93557
2021-05-21 09:48:26,6657.05,93557
2021-05-21 09:48:27,6658.0,93561
2021-05-21 09:48:29,6657.05,93571
2021-05-21 09:48:28,6657.05,93571
2021-05-21 09:48:30,6657.05,93571
2021-05-21 09:48:31,6657.05,93600
2021-05-21 09:48:32,6657.75,93613
2021-05-21 09:48:33,6657.75,93616
2021-05-21 09:48:34,6655.5,93626
2021-05-21 09:48:35,6655.5,93636
2021-05-21 09:48:36,6657.05,93649
2021-05-21 09:48:37,6657.05,93652
2021-05-21 09:48:38,6657.05,93653
2021-05-21 09:48:39,6657.05,93655
2021-05-21 09:48:40,6657.05,93655
2021-05-21 09:48:41,6657.05,93657
2021-05-21 09:48:42,6657.05,93658
2021-05-21 09:48:43,6657.05,93658
2021-05-21 09:48:44,6655.5,93664
2021-05-21 09:48:46,6655.5,93664
2021-05-21 09:48:47,6655.5,93666
2021-05-21 09:48:48,6658.0,93706
2021-05-21 09:48:49,6655.5,93757
2021-05-21 09:48:50,6655.4,93785
2021-05-21 09:48:51,6655.4,93785
2021-05-21 09:48:52,6655.0,93795
2021-05-21 09:48:53,6655.0,93797
2021-05-21 09:48:54,6655.5,93896
2021-05-21 09:48:55,6657.0,93911
2021-05-21 09:48:56,6657.0,93937
2021-05-21 09:48:57,6655.5,93969
2021-05-21 09:48:58,6655.5,93969
2021-05-21 09:48:59,6658.0,93976
2021-05-21 09:49:00,6655.5,93978
2021-05-21 09:49:01,6655.5,93978
2021-05-21 09:49:02,6658.0,93988
2021-05-21 09:49:03,6658.0,93996
2021-05-21 09:49:05,6654.05,94098
2021-05-21 09:49:04,6654.05,94098
2021-05-21 09:49:06,6657.0,94117
2021-05-21 09:49:07,6657.0,94118
2021-05-21 09:49:08,6657.0,94119
2021-05-21 09:49:09,6654.05,94145
2021-05-21 09:49:10,6657.65,94156
2021-05-21 09:49:11,6654.05,94217
2021-05-21 09:49:12,6657.75,94230
2021-05-21 09:49:13,6657.75,94233
2021-05-21 09:49:14,6657.75,94235
2021-05-21 09:49:15,6657.95,94245
2021-05-21 09:49:16,6658.0,94297
2021-05-21 09:49:18,6658.0,94338
2021-05-21 09:49:19,6658.0,94343
2021-05-21 09:49:20,6658.0,94344
2021-05-21 09:49:21,6656.25,94355
2021-05-21 09:49:22,6656.15,94357
2021-05-21 09:49:23,6656.15,94458
2021-05-21 09:49:24,6656.15,94460
2021-05-21 09:49:25,6657.55,94539
2021-05-21 09:49:26,6657.55,94546
2021-05-21 09:49:27,6657.55,94546
2021-05-21 09:49:28,6657.55,94546
2021-05-21 09:49:30,6658.0,94571
2021-05-21 09:49:31,6658.0,94594
2021-05-21 09:49:32,6658.0,94599
2021-05-21 09:49:33,6658.0,94600
2021-05-21 09:49:34,6658.0,94600
2021-05-21 09:49:35,6657.65,94610
2021-05-21 09:49:36,6654.05,94615
2021-05-21 09:49:37,6654.45,94618
2021-05-21 09:49:38,6657.45,94643
2021-05-21 09:49:39,6657.45,94651
2021-05-21 09:49:40,6657.9,94663
2021-05-21 09:49:41,6654.65,94667
2021-05-21 09:49:42,6657.9,94672
2021-05-21 09:49:43,6654.25,94692
2021-05-21 09:49:44,6654.25,94692
2021-05-21 09:49:46,6654.25,94692
2021-05-21 09:49:45,6654.25,94692
2021-05-21 09:49:47,6657.85,94694
2021-05-21 09:49:50,6657.65,94700
2021-05-21 09:49:51,6657.65,94700
2021-05-21 09:49:52,6653.0,94708
2021-05-21 09:49:53,6653.0,94708
2021-05-21 09:49:54,6653.0,94709
2021-05-21 09:49:55,6653.0,94709
2021-05-21 09:49:56,6653.0,94709
2021-05-21 09:49:57,6653.0,94709
2021-05-21 09:49:58,6657.15,94711
2021-05-21 09:49:59,6657.15,94736
2021-05-21 09:50:00,6657.9,94776
2021-05-21 09:50:01,6657.0,94799
2021-05-21 09:50:02,6653.8,94829
2021-05-21 09:50:03,6657.0,94838
2021-05-21 09:50:04,6653.8,94841
2021-05-21 09:50:05,6653.8,94841
2021-05-21 09:50:06,6653.8,94841
2021-05-21 09:50:07,6653.8,94841
2021-05-21 09:50:09,6654.0,94859
2021-05-21 09:50:10,6656.95,94860
2021-05-21 09:50:11,6656.95,94860
2021-05-21 09:50:12,6656.95,94860
2021-05-21 09:50:14,6656.95,94860
2021-05-21 09:50:13,6656.95,94860
2021-05-21 09:50:15,6656.95,94862
2021-05-21 09:50:16,6656.95,94863
2021-05-21 09:50:17,6656.95,94863
2021-05-21 09:50:18,6656.95,94863
2021-05-21 09:50:20,6654.35,94864
2021-05-21 09:50:19,6654.35,94864
2021-05-21 09:50:21,6654.35,94864
2021-05-21 09:50:22,6654.35,94864
2021-05-21 09:50:23,6654.35,94864
2021-05-21 09:50:24,6657.0,94896
2021-05-21 09:50:25,6657.0,94914
2021-05-21 09:50:26,6654.85,95091
2021-05-21 09:50:27,6657.0,95114
2021-05-21 09:50:28,6657.0,95123
2021-05-21 09:50:29,6654.85,95142
2021-05-21 09:50:30,6655.0,95354
2021-05-21 09:50:31,6655.0,95354
2021-05-21 09:50:32,6657.0,95405
2021-05-21 09:50:33,6657.0,95425
2021-05-21 09:50:35,6657.0,95449
2021-05-21 09:50:35,6657.0,95455
2021-05-21 09:50:36,6657.0,95501
2021-05-21 09:50:37,6656.4,95538
2021-05-21 09:50:38,6657.0,95652
2021-05-21 09:50:40,6657.8,95657
2021-05-21 09:50:40,6657.8,95656
2021-05-21 09:50:41,6657.85,95667
2021-05-21 09:50:42,6658.0,95679
2021-05-21 09:50:45,6658.0,96150
2021-05-21 09:50:45,6660.0,96202
2021-05-21 09:50:46,6660.0,96213
2021-05-21 09:50:47,6660.65,96872
2021-05-21 09:50:48,6660.65,96885
2021-05-21 09:50:50,6664.0,96911
2021-05-21 09:50:52,6664.0,96976
2021-05-21 09:50:52,6664.0,96976
2021-05-21 09:50:53,6664.0,96976
2021-05-21 09:50:54,6664.8,97007
2021-05-21 09:50:55,6664.7,97015
2021-05-21 09:50:56,6664.7,97015
2021-05-21 09:50:57,6660.75,97035
2021-05-21 09:50:58,6664.8,97043
2021-05-21 09:51:00,6664.8,97043
2021-05-21 09:51:00,6664.8,97043
2021-05-21 09:51:01,6663.9,97057
2021-05-21 09:51:02,6660.0,97120
2021-05-21 09:51:03,6664.85,97176
2021-05-21 09:51:04,6664.85,97190
2021-05-21 09:51:05,6664.65,97194
2021-05-21 09:51:07,6660.9,97214
2021-05-21 09:51:07,6660.9,97215
2021-05-21 09:51:08,6664.55,97242
2021-05-21 09:51:09,6664.55,97242
2021-05-21 09:51:10,6664.55,97242
2021-05-21 09:51:11,6664.0,97247
2021-05-21 09:51:12,6660.8,97266
2021-05-21 09:51:14,6664.0,97271
2021-05-21 09:51:15,6664.0,97277
2021-05-21 09:51:16,6660.8,97278
2021-05-21 09:51:16,6660.8,97278
2021-05-21 09:51:17,6660.8,97278
2021-05-21 09:51:18,6660.8,97278
2021-05-21 09:51:19,6660.8,97278
2021-05-21 09:51:20,6660.8,97278
2021-05-21 09:51:22,6660.0,97303
2021-05-21 09:51:23,6660.0,97303
2021-05-21 09:51:24,6660.0,97303
2021-05-21 09:51:24,6660.0,97303
2021-05-21 09:51:25,6660.0,97303
2021-05-21 09:51:26,6660.0,97303
2021-05-21 09:51:27,6662.9,97315
2021-05-21 09:51:28,6661.45,97527
2021-05-21 09:51:30,6661.45,97527
2021-05-21 09:51:30,6664.0,97543
2021-05-21 09:51:31,6664.7,97572
2021-05-21 09:51:32,6660.0,97622
2021-05-21 09:51:33,6660.15,97625
2021-05-21 09:51:34,6664.55,97626
2021-05-21 09:51:35,6664.7,97641
2021-05-21 09:51:36,6664.7,97659
2021-05-21 09:51:37,6664.2,97762
2021-05-21 09:51:39,6664.6,97774
2021-05-21 09:51:39,6664.75,97784
2021-05-21 09:51:42,6660.45,97796
2021-05-21 09:51:43,6665.0,98159
2021-05-21 09:51:44,6665.0,98208
2021-05-21 09:51:45,6661.15,98308
2021-05-21 09:51:47,6663.8,98321
2021-05-21 09:51:48,6663.9,98331
2021-05-21 09:51:49,6664.25,98363
2021-05-21 09:51:50,6664.25,98363
2021-05-21 09:51:51,6664.25,98413
2021-05-21 09:51:53,6664.25,98446
2021-05-21 09:51:53,6664.25,98446
2021-05-21 09:51:55,6664.7,98456
2021-05-21 09:51:55,6664.7,98456
2021-05-21 09:51:56,6661.85,98517
2021-05-21 09:51:57,6661.85,98528
2021-05-21 09:51:58,6661.85,98552
2021-05-21 09:52:00,6665.0,98573
2021-05-21 09:52:00,6665.0,98577
2021-05-21 09:52:01,6665.0,98577
2021-05-21 09:52:02,6660.05,98773
2021-05-21 09:52:03,6663.8,98809
2021-05-21 09:52:04,6663.0,98903
2021-05-21 09:52:05,6663.55,98905
2021-05-21 09:52:06,6663.55,98905
2021-05-21 09:52:08,6658.35,98996
2021-05-21 09:52:08,6660.0,98920
2021-05-21 09:52:09,6661.25,99007
2021-05-21 09:52:10,6661.25,99007
2021-05-21 09:52:11,6660.0,99094
2021-05-21 09:52:12,6657.05,99129
2021-05-21 09:52:13,6658.35,99131
2021-05-21 09:52:14,6660.0,99142
2021-05-21 09:52:15,6660.0,99157
2021-05-21 09:52:17,6660.0,99163
2021-05-21 09:52:17,6660.0,99162
2021-05-21 09:52:20,6658.35,99193
2021-05-21 09:52:21,6658.35,99197
2021-05-21 09:52:22,6658.35,99198
2021-05-21 09:52:23,6658.35,99245
2021-05-21 09:52:25,6658.35,99256
2021-05-21 09:52:25,6658.35,99256
2021-05-21 09:52:26,6660.1,99266
2021-05-21 09:52:27,6656.5,99291
2021-05-21 09:52:28,6656.5,99291
2021-05-21 09:52:31,6658.4,99295
2021-05-21 09:52:31,6658.4,99295
2021-05-21 09:52:32,6660.1,99304
2021-05-21 09:52:33,6660.0,99306
2021-05-21 09:52:34,6660.0,99357
2021-05-21 09:52:35,6661.0,99362
2021-05-21 09:52:36,6663.6,99363
2021-05-21 09:52:37,6663.6,99363
2021-05-21 09:52:38,6658.75,99409
2021-05-21 09:52:40,6661.85,99422
2021-05-21 09:52:41,6661.85,99422
2021-05-21 09:52:42,6661.85,99422
2021-05-21 09:52:43,6658.75,99426
2021-05-21 09:52:44,6658.75,99426
2021-05-21 09:52:45,6658.75,99426
2021-05-21 09:52:47,6663.85,99542
2021-05-21 09:52:48,6661.0,99556
2021-05-21 09:52:49,6661.0,99566
2021-05-21 09:52:50,6660.0,99592
2021-05-21 09:52:50,6660.0,99598
2021-05-21 09:52:51,6660.0,99600
2021-05-21 09:52:52,6660.0,99610
2021-05-21 09:52:53,6660.0,99612
2021-05-21 09:52:55,6658.8,99622
2021-05-21 09:52:57,6655.9,99922
2021-05-21 09:52:58,6657.25,99961
2021-05-21 09:52:58,6657.3,99995
2021-05-21 09:52:59,6656.95,100140
2021-05-21 09:53:00,6656.95,100169
2021-05-21 09:53:01,6656.3,100175
2021-05-21 09:53:03,6656.8,100217
2021-05-21 09:53:04,6657.25,100230
2021-05-21 09:53:05,6653.15,100285
2021-05-21 09:53:06,6657.3,100319
2021-05-21 09:53:08,6656.2,100411
2021-05-21 09:53:09,6659.85,100450
2021-05-21 09:53:10,6656.2,100469
2021-05-21 09:53:11,6659.95,100543
2021-05-21 09:53:11,6659.95,100531
2021-05-21 09:53:12,6659.95,100546
2021-05-21 09:53:13,6657.4,100553
2021-05-21 09:53:14,6657.3,100579
2021-05-21 09:53:15,6659.95,100595
2021-05-21 09:53:17,6659.9,100675
2021-05-21 09:53:18,6659.9,100715
2021-05-21 09:53:18,6657.4,100733
2021-05-21 09:53:19,6657.4,100741
2021-05-21 09:53:20,6659.0,100754
2021-05-21 09:53:21,6656.45,100777
2021-05-21 09:53:22,6656.45,100777
2021-05-21 09:53:25,6658.95,100889
2021-05-21 09:53:25,6658.95,100896
2021-05-21 09:53:26,6658.95,100905
2021-05-21 09:53:27,6657.0,100913
2021-05-21 09:53:28,6659.0,100945
2021-05-21 09:53:29,6658.8,100951
2021-05-21 09:53:30,6658.8,100962
2021-05-21 09:53:31,6658.0,100977
2021-05-21 09:53:33,6658.0,100980
2021-05-21 09:53:34,6658.0,100981
2021-05-21 09:53:35,6658.0,100981
2021-05-21 09:53:36,6657.9,101153
2021-05-21 09:53:37,6658.0,101165
2021-05-21 09:53:37,6658.0,101163
2021-05-21 09:53:38,6658.0,101189
2021-05-21 09:53:39,6658.8,101190
2021-05-21 09:53:40,6654.6,101368
2021-05-21 09:53:41,6658.0,101369
2021-05-21 09:53:43,6655.95,101388
2021-05-21 09:53:44,6659.0,101399
2021-05-21 09:53:45,6659.9,101580
2021-05-21 09:53:45,6659.0,101570
2021-05-21 09:53:46,6655.75,101838
2021-05-21 09:53:47,6655.75,101838
2021-05-21 09:53:48,6660.8,101845
2021-05-21 09:53:49,6655.75,101997
2021-05-21 09:53:50,6659.95,102012
2021-05-21 09:53:52,6659.95,102026
2021-05-21 09:53:53,6659.95,102043
2021-05-21 09:53:54,6660.25,102059
2021-05-21 09:53:55,6659.85,102181
2021-05-21 09:53:56,6659.0,102224
2021-05-21 09:53:57,6655.2,102323
2021-05-21 09:53:58,6655.2,102323
2021-05-21 09:53:59,6659.0,102336
2021-05-21 09:54:01,6655.9,102470
2021-05-21 09:54:02,6659.0,102508
2021-05-21 09:54:02,6659.0,102502
2021-05-21 09:54:03,6659.0,102616
2021-05-21 09:54:04,6658.8,102705
2021-05-21 09:54:05,6659.05,102771
2021-05-21 09:54:06,6659.0,102922
2021-05-21 09:54:08,6659.55,103032
2021-05-21 09:54:09,6659.85,103033
2021-05-21 09:54:10,6660.0,103330
2021-05-21 09:54:10,6659.95,103124
2021-05-21 09:54:11,6660.8,103408
2021-05-21 09:54:12,6661.0,103463
2021-05-21 09:54:13,6661.0,103463
2021-05-21 09:54:14,6661.0,103474
2021-05-21 09:54:15,6661.0,103479
2021-05-21 09:54:17,6657.1,103530
2021-05-21 09:54:18,6660.0,103545
2021-05-21 09:54:18,6660.0,103543
2021-05-21 09:54:19,6656.0,103597
2021-05-21 09:54:21,6660.0,103615
2021-05-21 09:54:22,6660.0,103615
2021-05-21 09:54:24,6657.0,103618
2021-05-21 09:54:25,6659.95,103623
2021-05-21 09:54:25,6659.95,103623
2021-05-21 09:54:27,6659.95,103642
2021-05-21 09:54:28,6659.95,103642
2021-05-21 09:54:29,6660.0,103644
2021-05-21 09:54:31,6660.0,103644
2021-05-21 09:54:32,6660.0,103644
2021-05-21 09:54:33,6660.0,103646
2021-05-21 09:54:33,6660.0,103647
2021-05-21 09:54:34,6660.0,103647
2021-05-21 09:54:35,6660.0,103647
2021-05-21 09:54:36,6660.0,103667
2021-05-21 09:54:37,6659.05,103841
2021-05-21 09:54:39,6661.85,103843
2021-05-21 09:54:41,6660.0,103851
2021-05-21 09:54:42,6662.05,103889
2021-05-21 09:54:43,6662.05,103889
2021-05-21 09:54:43,6662.05,103889
2021-05-21 09:54:44,6662.05,103903
2021-05-21 09:54:45,6662.05,103903
2021-05-21 09:54:46,6662.05,103903
2021-05-21 09:54:47,6662.0,103904
2021-05-21 09:54:49,6660.0,103914
2021-05-21 09:54:51,6660.0,103917
2021-05-21 09:54:52,6660.0,103917
2021-05-21 09:54:52,6660.0,103917
2021-05-21 09:54:53,6660.0,103917
2021-05-21 09:54:54,6660.0,103918
2021-05-21 09:54:56,6661.85,103919
2021-05-21 09:54:57,6661.85,103919
2021-05-21 09:54:58,6661.85,103919
2021-05-21 09:54:58,6661.85,103919
2021-05-21 09:54:59,6661.85,103919
2021-05-21 09:55:00,6661.0,103921
2021-05-21 09:55:01,6661.0,103921
2021-05-21 09:55:02,6661.0,103921
2021-05-21 09:55:04,6661.0,103921
2021-05-21 09:55:05,6661.0,103921
2021-05-21 09:55:06,6660.0,103972
2021-05-21 09:55:07,6660.0,103982
2021-05-21 09:55:08,6661.0,104009
2021-05-21 09:55:09,6661.0,104009
2021-05-21 09:55:10,6661.0,104009
2021-05-21 09:55:11,6661.0,104009
2021-05-21 09:55:11,6661.0,104009
2021-05-21 09:55:12,6661.0,104009
2021-05-21 09:55:13,6661.0,104009
2021-05-21 09:55:14,6661.0,104009
2021-05-21 09:55:16,6661.0,104009
2021-05-21 09:55:17,6657.25,104051
2021-05-21 09:55:17,6660.0,104059
2021-05-21 09:55:19,6657.25,104061
2021-05-21 09:55:20,6661.0,104098
2021-05-21 09:55:21,6660.0,104116
2021-05-21 09:55:21,6660.0,104128
2021-05-21 09:55:22,6656.45,104184
2021-05-21 09:55:23,6660.0,104186
2021-05-21 09:55:24,6660.0,104195
2021-05-21 09:55:25,6660.0,104195
2021-05-21 09:55:27,6660.0,104195
2021-05-21 09:55:28,6660.0,104220
2021-05-21 09:55:29,6661.0,104234
2021-05-21 09:55:30,6656.75,104259
2021-05-21 09:55:31,6656.75,104259
2021-05-21 09:55:33,6656.75,104259
2021-05-21 09:55:34,6657.25,104273
2021-05-21 09:55:35,6657.25,104273
2021-05-21 09:55:35,6657.25,104273
2021-05-21 09:55:36,6657.25,104273
2021-05-21 09:55:38,6659.65,104275
2021-05-21 09:55:39,6659.65,104275
2021-05-21 09:55:40,6660.0,104294
2021-05-21 09:55:41,6656.55,104378
2021-05-21 09:55:42,6660.0,104414
2021-05-21 09:55:43,6660.0,104421
2021-05-21 09:55:44,6660.0,104434
2021-05-21 09:55:44,6660.0,104490
2021-05-21 09:55:45,6660.0,104512
2021-05-21 09:55:46,6660.0,104512
2021-05-21 09:55:47,6660.0,104587
2021-05-21 09:55:49,6660.0,104597
2021-05-21 09:55:50,6661.0,104610
2021-05-21 09:55:51,6661.0,104624
2021-05-21 09:55:52,6661.0,104624
2021-05-21 09:55:52,6661.0,104624
2021-05-21 09:55:53,6660.0,104654
2021-05-21 09:55:54,6660.0,104658
2021-05-21 09:55:55,6660.0,104663
2021-05-21 09:55:57,6660.9,104673
2021-05-21 09:55:58,6660.0,104674
2021-05-21 09:56:00,6660.95,104704
2021-05-21 09:56:00,6660.95,104704
2021-05-21 09:56:01,6660.95,104716
2021-05-21 09:56:02,6660.95,104716
2021-05-21 09:56:03,6660.0,104766
2021-05-21 09:56:05,6660.95,104774
2021-05-21 09:56:06,6660.95,104774
2021-05-21 09:56:08,6661.0,104779
2021-05-21 09:56:09,6661.0,104779
2021-05-21 09:56:10,6661.0,104779
2021-05-21 09:56:11,6661.0,104779
2021-05-21 09:56:11,6661.0,104779
2021-05-21 09:56:12,6661.0,104779
2021-05-21 09:56:14,6661.0,104785
2021-05-21 09:56:15,6660.0,104786
2021-05-21 09:56:17,6661.0,104797
2021-05-21 09:56:18,6661.0,104797
2021-05-21 09:56:18,6660.0,104817
2021-05-21 09:56:19,6661.0,104828
2021-05-21 09:56:21,6660.0,104829
2021-05-21 09:56:22,6660.0,104832
2021-05-21 09:56:22,6660.0,104834
2021-05-21 09:56:23,6660.0,104836
2021-05-21 09:56:24,6660.0,104836
2021-05-21 09:56:25,6660.0,104853
2021-05-21 09:56:26,6660.0,104853
2021-05-21 09:56:27,6660.0,104855
2021-05-21 09:56:28,6660.0,104855
2021-05-21 09:56:29,6660.0,104855
2021-05-21 09:56:30,6660.0,104855
2021-05-21 09:56:31,6660.0,104855
2021-05-21 09:56:32,6660.0,104855
2021-05-21 09:56:33,6660.0,104858
2021-05-21 09:56:34,6660.0,104870
2021-05-21 09:56:35,6660.0,104872
2021-05-21 09:56:36,6660.0,104872
2021-05-21 09:56:37,6660.0,104878
2021-05-21 09:56:38,6660.0,104878
2021-05-21 09:56:39,6660.0,104878
2021-05-21 09:56:40,6660.0,104895
2021-05-21 09:56:41,6660.0,104895
2021-05-21 09:56:42,6660.0,104905
2021-05-21 09:56:44,6660.45,104912
2021-05-21 09:56:44,6660.0,104923
2021-05-21 09:56:47,6660.9,104959
2021-05-21 09:56:49,6660.0,104984
2021-05-21 09:56:50,6660.0,104984
2021-05-21 09:56:51,6660.0,105026
2021-05-21 09:56:52,6660.0,105047
2021-05-21 09:56:53,6660.45,105063
2021-05-21 09:56:54,6657.0,105088
2021-05-21 09:56:55,6658.0,105108
2021-05-21 09:56:56,6658.0,105108
2021-05-21 09:56:56,6658.0,105108
2021-05-21 09:56:57,6658.0,105108
2021-05-21 09:56:59,6660.0,105114
2021-05-21 09:56:58,6658.0,105108
2021-05-21 09:57:00,6660.4,105116
2021-05-21 09:57:01,6660.4,105116
2021-05-21 09:57:02,6660.4,105116
2021-05-21 09:57:05,6659.8,105122
2021-05-21 09:57:06,6659.8,105123
2021-05-21 09:57:07,6659.8,105123
2021-05-21 09:57:08,6659.8,105123
2021-05-21 09:57:09,6659.8,105123
2021-05-21 09:57:10,6659.8,105123
2021-05-21 09:57:11,6659.8,105123
2021-05-21 09:57:12,6659.8,105123
2021-05-21 09:57:13,6659.8,105161
2021-05-21 09:57:14,6659.8,105181
2021-05-21 09:57:15,6659.8,105183
2021-05-21 09:57:16,6659.8,105183
2021-05-21 09:57:17,6659.8,105183
2021-05-21 09:57:18,6659.8,105183
2021-05-21 09:57:19,6660.0,105185
2021-05-21 09:57:20,6660.0,105186
2021-05-21 09:57:21,6657.05,105187
2021-05-21 09:57:22,6657.05,105187
2021-05-21 09:57:23,6657.05,105187
2021-05-21 09:57:24,6657.05,105187
2021-05-21 09:57:25,6657.05,105187
2021-05-21 09:57:26,6657.05,105187
2021-05-21 09:57:26,6657.05,105187
2021-05-21 09:57:27,6657.05,105187
2021-05-21 09:57:28,6660.0,105268
2021-05-21 09:57:29,6660.0,105321
2021-05-21 09:57:30,6660.0,105340
2021-05-21 09:57:31,6659.0,105350
2021-05-21 09:57:32,6660.0,105360
2021-05-21 09:57:33,6660.0,105362
2021-05-21 09:57:34,6660.0,105362
2021-05-21 09:57:35,6660.0,105387
2021-05-21 09:57:37,6659.95,105433
2021-05-21 09:57:38,6659.95,105435
2021-05-21 09:57:38,6659.95,105435
2021-05-21 09:57:39,6660.0,105444
2021-05-21 09:57:40,6660.0,105455
2021-05-21 09:57:41,6660.0,105478
2021-05-21 09:57:44,6662.0,105877
2021-05-21 09:57:45,6660.2,105895
2021-05-21 09:57:46,6660.2,105895
2021-05-21 09:57:49,6660.2,105896
2021-05-21 09:57:50,6660.2,105902
2021-05-21 09:57:51,6660.2,105902
2021-05-21 09:57:52,6660.2,105902
2021-05-21 09:57:53,6660.2,105902
2021-05-21 09:57:54,6660.2,105902
2021-05-21 09:57:56,6660.2,105902
2021-05-21 09:57:57,6660.2,105902
2021-05-21 09:57:58,6662.0,105916
2021-05-21 09:57:59,6662.0,105916
2021-05-21 09:58:00,6662.0,105931
2021-05-21 09:58:01,6662.0,105931
2021-05-21 09:58:02,6662.0,105931
2021-05-21 09:58:03,6660.0,105932
2021-05-21 09:58:04,6660.0,105932
2021-05-21 09:58:05,6660.0,105942
2021-05-21 09:58:06,6660.2,105948
2021-05-21 09:58:07,6660.2,105948
2021-05-21 09:58:08,6660.0,105976
2021-05-21 09:58:09,6661.0,105987
2021-05-21 09:58:10,6661.0,105987
2021-05-21 09:58:11,6661.0,105987
2021-05-21 09:58:12,6661.0,105987
2021-05-21 09:58:13,6661.0,105987
2021-05-21 09:58:15,6660.0,106265
2021-05-21 09:58:16,6660.0,106265
2021-05-21 09:58:17,6660.0,106265
2021-05-21 09:58:18,6660.75,106270
2021-05-21 09:58:19,6660.75,106270
2021-05-21 09:58:21,6660.75,106270
2021-05-21 09:58:22,6660.0,106285
2021-05-21 09:58:23,6660.0,106290
2021-05-21 09:58:24,6660.0,106290
2021-05-21 09:58:25,6660.0,106290
2021-05-21 09:58:26,6660.0,106291
2021-05-21 09:58:27,6660.0,106291
2021-05-21 09:58:28,6660.0,106291
2021-05-21 09:58:29,6660.0,106291
2021-05-21 09:58:30,6660.0,106291
2021-05-21 09:58:31,6660.0,106293
2021-05-21 09:58:32,6660.0,106293
2021-05-21 09:58:33,6660.0,106293
2021-05-21 09:58:34,6660.0,106294
2021-05-21 09:58:35,6660.75,106304
2021-05-21 09:58:36,6661.0,106317
2021-05-21 09:58:37,6661.0,106317
2021-05-21 09:58:38,6661.0,106317
2021-05-21 09:58:39,6661.0,106317
2021-05-21 09:58:40,6661.0,106317
2021-05-21 09:58:41,6661.0,106317
2021-05-21 09:58:42,6661.0,106317
2021-05-21 09:58:43,6660.0,106322
2021-05-21 09:58:44,6660.0,106322
2021-05-21 09:58:45,6660.0,106322
2021-05-21 09:58:46,6661.0,106333
2021-05-21 09:58:46,6661.0,106343
2021-05-21 09:58:47,6661.0,106343
2021-05-21 09:58:48,6661.0,106343
2021-05-21 09:58:49,6661.0,106343
2021-05-21 09:58:51,6661.0,106343
2021-05-21 09:58:52,6661.0,106343
2021-05-21 09:58:53,6661.0,106343
2021-05-21 09:58:54,6661.0,106343
2021-05-21 09:58:55,6661.0,106343
2021-05-21 09:58:56,6661.0,106344
2021-05-21 09:58:57,6661.0,106344
2021-05-21 09:58:58,6661.0,106344
2021-05-21 09:58:58,6661.0,106344
2021-05-21 09:59:00,6661.0,106394
2021-05-21 09:59:01,6661.0,106394
2021-05-21 09:59:02,6660.0,106413
2021-05-21 09:59:03,6660.0,106434
2021-05-21 09:59:04,6661.0,106458
2021-05-21 09:59:05,6661.0,106462
2021-05-21 09:59:07,6661.0,106462
2021-05-21 09:59:07,6661.0,106477
2021-05-21 09:59:08,6661.0,106477
2021-05-21 09:59:10,6661.0,106498
2021-05-21 09:59:11,6661.0,106498
2021-05-21 09:59:12,6661.0,106498
2021-05-21 09:59:13,6661.0,106498
2021-05-21 09:59:15,6662.0,106595
2021-05-21 09:59:17,6661.0,106599
2021-05-21 09:59:18,6661.0,106599
2021-05-21 09:59:19,6661.0,106599
2021-05-21 09:59:20,6661.0,106601
2021-05-21 09:59:21,6662.0,106611
2021-05-21 09:59:22,6661.0,106620
2021-05-21 09:59:23,6661.0,106620
2021-05-21 09:59:24,6661.0,106620
2021-05-21 09:59:25,6661.0,106620
2021-05-21 09:59:26,6661.0,106620
2021-05-21 09:59:27,6661.0,106620
2021-05-21 09:59:28,6661.0,106628
2021-05-21 09:59:29,6661.0,106628
2021-05-21 09:59:30,6661.0,106628
2021-05-21 09:59:31,6661.0,106628
2021-05-21 09:59:33,6661.0,106629
2021-05-21 09:59:34,6661.0,106649
2021-05-21 09:59:35,6661.0,106649
2021-05-21 09:59:36,6661.0,106676
2021-05-21 09:59:37,6662.0,106700
2021-05-21 09:59:39,6662.0,106700
2021-05-21 09:59:40,6662.0,106700
2021-05-21 09:59:41,6662.0,106700
2021-05-21 09:59:42,6660.0,106702
2021-05-21 09:59:44,6660.0,106719
2021-05-21 09:59:45,6662.0,106722
2021-05-21 09:59:46,6660.0,106732
2021-05-21 09:59:47,6660.0,106734
2021-05-21 09:59:48,6650.0,107740
2021-05-21 09:59:49,6652.8,107801
2021-05-21 09:59:50,6652.8,107801
2021-05-21 09:59:51,6654.0,107844
2021-05-21 09:59:52,6654.45,107856
2021-05-21 09:59:53,6654.5,107972
2021-05-21 09:59:54,6654.45,108048
2021-05-21 09:59:55,6654.6,108058
2021-05-21 09:59:56,6654.6,108058
2021-05-21 09:59:57,6655.7,108234
2021-05-21 09:59:58,6658.85,108265
2021-05-21 09:59:59,6659.4,108285
2021-05-21 10:00:00,6659.35,108308
2021-05-21 10:00:01,6655.8,108315
2021-05-21 10:00:02,6655.8,108315
2021-05-21 10:00:03,6657.45,108340
2021-05-21 10:00:04,6657.45,108340
2021-05-21 10:00:06,6657.45,108342
2021-05-21 10:00:07,6657.45,108342
2021-05-21 10:00:08,6660.0,108354
2021-05-21 10:00:09,6660.45,108355
2021-05-21 10:00:10,6660.8,108356
2021-05-21 10:00:11,6660.8,108356
2021-05-21 10:00:12,6661.45,108357
2021-05-21 10:00:13,6661.45,108357
2021-05-21 10:00:14,6661.45,108357
2021-05-21 10:00:15,6657.65,108361
2021-05-21 10:00:16,6657.45,108366
2021-05-21 10:00:17,6657.45,108371
2021-05-21 10:00:18,6657.45,108371
2021-05-21 10:00:19,6657.45,108371
2021-05-21 10:00:20,6655.0,108376
2021-05-21 10:00:21,6655.0,108376
2021-05-21 10:00:22,6655.0,108421
2021-05-21 10:00:23,6655.0,108430
2021-05-21 10:00:24,6655.0,108432
2021-05-21 10:00:25,6655.0,108432
2021-05-21 10:00:26,6655.0,108434
2021-05-21 10:00:27,6650.05,108550
2021-05-21 10:00:28,6650.05,108550
2021-05-21 10:00:29,6653.0,108562
2021-05-21 10:00:30,6653.0,108562
2021-05-21 10:00:32,6650.0,108633
2021-05-21 10:00:33,6650.0,108633
2021-05-21 10:00:34,6650.0,109314
2021-05-21 10:00:35,6646.9,109460
2021-05-21 10:00:36,6646.2,109481
2021-05-21 10:00:37,6646.2,109495
2021-05-21 10:00:38,6643.15,109497
2021-05-21 10:00:39,6643.15,109502
2021-05-21 10:00:40,6643.15,109508
2021-05-21 10:00:41,6642.1,109536
2021-05-21 10:00:42,6640.0,109651
2021-05-21 10:00:43,6644.35,109661
2021-05-21 10:00:44,6640.45,109686
2021-05-21 10:00:45,6640.5,109691
2021-05-21 10:00:46,6645.0,109797
2021-05-21 10:00:47,6645.0,109797
2021-05-21 10:00:48,6646.25,109806
2021-05-21 10:00:49,6646.4,109815
2021-05-21 10:00:50,6645.55,109829
2021-05-21 10:00:51,6645.55,109829
2021-05-21 10:00:52,6645.0,109929
2021-05-21 10:00:53,6643.15,109943
2021-05-21 10:00:54,6643.1,109948
2021-05-21 10:00:55,6643.1,109961
2021-05-21 10:00:56,6640.0,110016
2021-05-21 10:00:57,6643.65,110066
2021-05-21 10:00:58,6642.6,110069
2021-05-21 10:00:59,6643.5,110080
2021-05-21 10:01:00,6640.2,110081
2021-05-21 10:01:01,6640.2,110081
2021-05-21 10:01:02,6643.0,110084
2021-05-21 10:01:03,6643.0,110084
2021-05-21 10:01:04,6643.0,110086
2021-05-21 10:01:05,6643.0,110086
2021-05-21 10:01:06,6641.0,110097
2021-05-21 10:01:07,6641.0,110097
2021-05-21 10:01:08,6643.0,110109
2021-05-21 10:01:09,6641.0,110158
2021-05-21 10:01:10,6642.3,110160
2021-05-21 10:01:11,6642.3,110160
2021-05-21 10:01:12,6642.3,110160
2021-05-21 10:01:13,6642.3,110160
2021-05-21 10:01:14,6642.15,110161
2021-05-21 10:01:15,6642.95,110261
2021-05-21 10:01:17,6643.0,110276
2021-05-21 10:01:16,6642.95,110262
2021-05-21 10:01:18,6643.0,110300
2021-05-21 10:01:19,6643.0,110300
2021-05-21 10:01:20,6642.95,110308
2021-05-21 10:01:21,6642.3,110309
2021-05-21 10:01:22,6642.95,110380
2021-05-21 10:01:23,6642.95,110401
2021-05-21 10:01:24,6643.0,110431
2021-05-21 10:01:25,6642.95,110432
2021-05-21 10:01:26,6642.95,110432
2021-05-21 10:01:27,6642.95,110432
2021-05-21 10:01:28,6641.0,110547
2021-05-21 10:01:29,6642.0,110565
2021-05-21 10:01:30,6642.0,110566
2021-05-21 10:01:31,6642.0,110576
2021-05-21 10:01:32,6642.0,110576
2021-05-21 10:01:33,6642.0,110577
2021-05-21 10:01:34,6642.0,110577
2021-05-21 10:01:35,6642.0,110577
2021-05-21 10:01:36,6639.95,111120
2021-05-21 10:01:37,6639.95,111120
2021-05-21 10:01:38,6640.95,111154
2021-05-21 10:01:39,6640.95,111162
2021-05-21 10:01:41,6640.95,111192
2021-05-21 10:01:41,6640.95,111192
2021-05-21 10:01:42,6641.55,111249
2021-05-21 10:01:43,6640.95,111264
2021-05-21 10:01:44,6641.0,111276
2021-05-21 10:01:45,6638.55,111277
2021-05-21 10:01:46,6640.95,111286
2021-05-21 10:01:47,6641.0,111308
2021-05-21 10:01:48,6640.95,111309
2021-05-21 10:01:49,6640.9,111413
2021-05-21 10:01:50,6639.05,111594
2021-05-21 10:01:52,6642.0,111645
2021-05-21 10:01:53,6642.0,111663
2021-05-21 10:01:54,6640.0,111664
2021-05-21 10:01:55,6640.95,111665
2021-05-21 10:01:56,6640.95,111665
2021-05-21 10:01:57,6640.95,111673
2021-05-21 10:01:58,6640.95,111673
2021-05-21 10:01:59,6640.0,111683
2021-05-21 10:02:00,6640.0,111683
2021-05-21 10:02:01,6640.95,111686
2021-05-21 10:02:02,6640.95,111692
2021-05-21 10:02:03,6640.95,111692
2021-05-21 10:02:04,6640.95,111692
2021-05-21 10:02:05,6640.05,111693
2021-05-21 10:02:06,6642.0,111698
2021-05-21 10:02:07,6642.0,111698
2021-05-21 10:02:08,6642.0,111698
2021-05-21 10:02:09,6642.0,111698
2021-05-21 10:02:11,6642.0,111698
2021-05-21 10:02:12,6646.8,112257
2021-05-21 10:02:13,6650.0,112284
2021-05-21 10:02:14,6652.0,112303
2021-05-21 10:02:15,6652.1,112314
2021-05-21 10:02:16,6652.0,112322
2021-05-21 10:02:17,6652.1,112395
2021-05-21 10:02:18,6652.1,112411
2021-05-21 10:02:19,6652.1,112411
2021-05-21 10:02:20,6652.1,112423
2021-05-21 10:02:21,6652.1,112423
2021-05-21 10:02:22,6652.1,112423
2021-05-21 10:02:23,6652.1,112425
2021-05-21 10:02:25,6652.1,112425
2021-05-21 10:02:25,6649.8,112430
2021-05-21 10:02:26,6649.8,112446
2021-05-21 10:02:27,6649.8,112446
2021-05-21 10:02:28,6649.8,112446
2021-05-21 10:02:29,6649.8,112446
2021-05-21 10:02:31,6649.8,112446
2021-05-21 10:02:32,6649.8,112446
2021-05-21 10:02:32,6649.8,112446
2021-05-21 10:02:33,6649.8,112446
2021-05-21 10:02:34,6649.8,112446
2021-05-21 10:02:35,6650.0,112451
2021-05-21 10:02:37,6650.2,112457
2021-05-21 10:02:38,6650.2,112457
2021-05-21 10:02:39,6650.2,112457
2021-05-21 10:02:41,6650.2,112457
2021-05-21 10:02:42,6650.2,112457
2021-05-21 10:02:43,6650.2,112467
2021-05-21 10:02:44,6650.2,112468
2021-05-21 10:02:45,6650.2,112468
2021-05-21 10:02:46,6650.2,112485
2021-05-21 10:02:47,6650.0,112511
2021-05-21 10:02:49,6650.2,112521
2021-05-21 10:02:50,6650.0,112526
2021-05-21 10:02:51,6650.0,112526
2021-05-21 10:02:52,6650.0,112533
2021-05-21 10:02:54,6650.0,112533
2021-05-21 10:02:55,6650.0,112551
2021-05-21 10:02:56,6653.1,112563
2021-05-21 10:02:57,6653.1,112563
2021-05-21 10:02:58,6653.1,112563
2021-05-21 10:02:59,6653.1,112563
2021-05-21 10:03:00,6653.1,112563
2021-05-21 10:03:01,6653.1,112563
2021-05-21 10:03:02,6653.1,112563
2021-05-21 10:03:04,6653.1,112563
2021-05-21 10:03:05,6653.15,112570
2021-05-21 10:03:06,6652.0,112576
2021-05-21 10:03:07,6652.0,112576
2021-05-21 10:03:08,6652.0,112576
2021-05-21 10:03:09,6652.0,112576
2021-05-21 10:03:10,6652.0,112576
2021-05-21 10:03:11,6652.0,112576
2021-05-21 10:03:12,6652.0,112576
2021-05-21 10:03:13,6652.0,112576
2021-05-21 10:03:14,6650.0,112842
2021-05-21 10:03:15,6648.05,112849
2021-05-21 10:03:16,6648.05,112849
2021-05-21 10:03:17,6648.05,112849
2021-05-21 10:03:18,6648.05,112849
2021-05-21 10:03:19,6648.05,112849
2021-05-21 10:03:20,6648.05,112849
2021-05-21 10:03:21,6650.0,112859
2021-05-21 10:03:22,6650.0,112860
2021-05-21 10:03:23,6645.0,112886
2021-05-21 10:03:24,6646.8,112899
2021-05-21 10:03:25,6646.8,112899
2021-05-21 10:03:26,6646.8,112903
2021-05-21 10:03:27,6646.8,112903
2021-05-21 10:03:28,6646.8,112903
2021-05-21 10:03:29,6646.8,112903
2021-05-21 10:03:30,6646.8,112903
2021-05-21 10:03:31,6646.8,112903
2021-05-21 10:03:32,6646.8,112903
2021-05-21 10:03:33,6646.8,112903
2021-05-21 10:03:34,6646.8,112903
2021-05-21 10:03:35,6646.8,112908
2021-05-21 10:03:36,6646.8,112908
2021-05-21 10:03:38,6644.0,112918
2021-05-21 10:03:40,6644.0,112928
2021-05-21 10:03:41,6644.0,112928
2021-05-21 10:03:42,6644.0,112928
2021-05-21 10:03:43,6644.0,112928
2021-05-21 10:03:44,6642.25,113028
2021-05-21 10:03:45,6645.0,113043
2021-05-21 10:03:46,6645.0,113054
2021-05-21 10:03:46,6645.0,113054
2021-05-21 10:03:47,6645.0,113054
2021-05-21 10:03:48,6645.0,113054
2021-05-21 10:03:49,6644.45,113056
2021-05-21 10:03:50,6644.95,113060
2021-05-21 10:03:51,6644.95,113060
2021-05-21 10:03:54,6644.95,113060
2021-05-21 10:03:55,6644.95,113060
2021-05-21 10:03:56,6644.3,113062
2021-05-21 10:03:57,6640.8,113134
2021-05-21 10:03:58,6640.95,113153
2021-05-21 10:03:59,6640.95,113153
2021-05-21 10:04:00,6640.0,113241
2021-05-21 10:04:01,6640.0,113241
2021-05-21 10:04:02,6641.65,113257
2021-05-21 10:04:03,6641.65,113257
2021-05-21 10:04:04,6646.8,113311
2021-05-21 10:04:05,6652.65,113383
2021-05-21 10:04:06,6649.85,113435
2021-05-21 10:04:07,6650.2,113449
2021-05-21 10:04:08,6650.2,113449
2021-05-21 10:04:09,6650.2,113449
2021-05-21 10:04:10,6650.2,113450
2021-05-21 10:04:11,6650.2,113450
2021-05-21 10:04:13,6650.0,113505
2021-05-21 10:04:14,6653.0,113516
2021-05-21 10:04:15,6653.0,113520
2021-05-21 10:04:15,6653.0,113520
2021-05-21 10:04:16,6653.0,113520
2021-05-21 10:04:17,6653.0,113520
2021-05-21 10:04:18,6653.0,113520
2021-05-21 10:04:19,6653.0,113520
2021-05-21 10:04:20,6653.0,113520
2021-05-21 10:04:22,6653.0,113520
2021-05-21 10:04:22,6653.0,113520
2021-05-21 10:04:23,6653.0,113530
2021-05-21 10:04:24,6653.0,113530
2021-05-21 10:04:25,6653.0,113530
2021-05-21 10:04:26,6653.0,113530
2021-05-21 10:04:27,6650.25,113547
2021-05-21 10:04:28,6650.25,113547
2021-05-21 10:04:29,6653.0,113565
2021-05-21 10:04:30,6653.0,113579
2021-05-21 10:04:31,6650.25,113589
2021-05-21 10:04:33,6650.0,113594
2021-05-21 10:04:33,6650.0,113594
2021-05-21 10:04:34,6650.0,113609
2021-05-21 10:04:35,6650.0,113609
2021-05-21 10:04:37,6650.0,113610
2021-05-21 10:04:38,6650.0,113620
2021-05-21 10:04:40,6650.0,113632
2021-05-21 10:04:41,6645.6,113682
2021-05-21 10:04:42,6645.6,113682
2021-05-21 10:04:43,6648.6,113699
2021-05-21 10:04:44,6648.6,113699
2021-05-21 10:04:45,6648.6,113699
2021-05-21 10:04:46,6648.6,113699
2021-05-21 10:04:47,6648.6,113699
2021-05-21 10:04:48,6648.55,113709
2021-05-21 10:04:50,6648.55,113709
2021-05-21 10:04:51,6648.55,113709
2021-05-21 10:04:52,6648.55,113709
2021-05-21 10:04:53,6648.55,113709
2021-05-21 10:04:54,6648.55,113709
2021-05-21 10:04:55,6648.55,113719
2021-05-21 10:04:56,6645.0,113721
2021-05-21 10:04:57,6645.0,113721
2021-05-21 10:04:58,6645.0,113721
2021-05-21 10:04:59,6645.0,113721
2021-05-21 10:05:00,6645.0,113721
2021-05-21 10:05:01,6647.4,113723
2021-05-21 10:05:02,6647.4,113723
2021-05-21 10:05:03,6647.4,113723
2021-05-21 10:05:05,6645.0,113770
2021-05-21 10:05:06,6645.0,113781
2021-05-21 10:05:07,6645.0,113781
2021-05-21 10:05:08,6645.95,113896
2021-05-21 10:05:08,6645.95,113896
2021-05-21 10:05:09,6641.0,113900
2021-05-21 10:05:10,6645.4,113913
2021-05-21 10:05:11,6645.4,113916
2021-05-21 10:05:13,6645.4,113921
2021-05-21 10:05:13,6645.0,113927
2021-05-21 10:05:14,6645.0,113927
2021-05-21 10:05:15,6641.65,113962
2021-05-21 10:05:16,6641.65,113962
2021-05-21 10:05:18,6645.1,114002
2021-05-21 10:05:19,6644.65,114012
2021-05-21 10:05:20,6645.0,114027
2021-05-21 10:05:21,6645.0,114027
2021-05-21 10:05:22,6641.65,114028
2021-05-21 10:05:23,6641.0,114048
2021-05-21 10:05:25,6645.0,114123
2021-05-21 10:05:25,6645.0,114111
2021-05-21 10:05:26,6645.1,114125
2021-05-21 10:05:28,6645.8,114135
2021-05-21 10:05:29,6645.8,114135
2021-05-21 10:05:29,6645.8,114135
2021-05-21 10:05:30,6645.0,114151
2021-05-21 10:05:31,6645.8,114154
2021-05-21 10:05:32,6645.8,114154
2021-05-21 10:05:33,6645.8,114154
2021-05-21 10:05:34,6645.8,114154
2021-05-21 10:05:35,6645.8,114154
2021-05-21 10:05:36,6645.8,114154
2021-05-21 10:05:38,6645.8,114154
2021-05-21 10:05:39,6645.95,114155
2021-05-21 10:05:40,6646.2,114160
2021-05-21 10:05:41,6646.2,114160
2021-05-21 10:05:42,6646.2,114160
2021-05-21 10:05:43,6646.2,114160
2021-05-21 10:05:44,6646.2,114160
2021-05-21 10:05:45,6646.8,114239
2021-05-21 10:05:46,6646.8,114239
2021-05-21 10:05:47,6646.8,114251
2021-05-21 10:05:48,6646.8,114261
2021-05-21 10:05:50,6646.8,114261
2021-05-21 10:05:51,6645.0,114417
2021-05-21 10:05:52,6646.3,114427
2021-05-21 10:05:53,6646.3,114427
2021-05-21 10:05:55,6646.3,114427
2021-05-21 10:05:56,6646.3,114427
2021-05-21 10:05:57,6646.3,114427
2021-05-21 10:05:57,6642.25,114457
2021-05-21 10:05:58,6644.95,114458
2021-05-21 10:06:00,6644.95,114472
2021-05-21 10:06:00,6644.95,114472
2021-05-21 10:06:01,6644.95,114472
2021-05-21 10:06:05,6644.5,114476
2021-05-21 10:06:07,6644.95,114504
2021-05-21 10:06:08,6644.95,114504
2021-05-21 10:06:09,6644.3,114506
2021-05-21 10:06:10,6644.25,114522
2021-05-21 10:06:11,6641.7,114526
2021-05-21 10:06:12,6641.7,114532
2021-05-21 10:06:13,6641.7,114532
2021-05-21 10:06:15,6641.7,114532
2021-05-21 10:06:16,6644.2,114535
2021-05-21 10:06:18,6644.05,114542
2021-05-21 10:06:19,6644.05,114542
2021-05-21 10:06:20,6644.05,114542
2021-05-21 10:06:20,6644.05,114542
2021-05-21 10:06:21,6644.05,114542
2021-05-21 10:06:22,6641.0,114574
2021-05-21 10:06:24,6643.85,114587
2021-05-21 10:06:25,6643.85,114587
2021-05-21 10:06:26,6643.85,114587
2021-05-21 10:06:26,6643.85,114587
2021-05-21 10:06:27,6643.85,114587
2021-05-21 10:06:28,6643.85,114587
2021-05-21 10:06:29,6643.85,114587
2021-05-21 10:06:30,6643.85,114588
2021-05-21 10:06:31,6643.85,114588
2021-05-21 10:06:32,6643.85,114588
2021-05-21 10:06:34,6643.85,114588
2021-05-21 10:06:35,6643.85,114588
2021-05-21 10:06:36,6643.85,114588
2021-05-21 10:06:37,6641.0,114590
2021-05-21 10:06:38,6641.0,114590
2021-05-21 10:06:39,6641.0,114590
2021-05-21 10:06:40,6641.0,114590
2021-05-21 10:06:41,6641.0,114591
2021-05-21 10:06:42,6641.0,114591
2021-05-21 10:06:43,6641.0,114591
2021-05-21 10:06:44,6641.0,114592
2021-05-21 10:06:45,6641.0,114592
2021-05-21 10:06:46,6641.0,114610
2021-05-21 10:06:47,6641.0,114610
2021-05-21 10:06:48,6641.0,114610
2021-05-21 10:06:49,6641.0,114610
2021-05-21 10:06:51,6639.0,115002
2021-05-21 10:06:52,6640.0,115022
2021-05-21 10:06:53,6640.0,115022
2021-05-21 10:06:54,6640.0,115030
2021-05-21 10:06:55,6640.0,115030
2021-05-21 10:06:55,6640.0,115030
2021-05-21 10:06:56,6638.0,115054
2021-05-21 10:06:57,6638.0,115055
2021-05-21 10:06:58,6640.0,115056
2021-05-21 10:06:59,6640.0,115056
2021-05-21 10:07:00,6638.0,115081
2021-05-21 10:07:02,6638.5,115166
2021-05-21 10:07:03,6638.5,115166
2021-05-21 10:07:04,6638.5,115166
2021-05-21 10:07:04,6636.1,115188
2021-05-21 10:07:05,6638.5,115237
2021-05-21 10:07:07,6638.5,115250
2021-05-21 10:07:08,6638.4,115260
2021-05-21 10:07:09,6637.85,115279
2021-05-21 10:07:10,6637.9,115299
2021-05-21 10:07:11,6636.0,115423
2021-05-21 10:07:11,6635.0,115419
2021-05-21 10:07:12,6636.95,115439
2021-05-21 10:07:13,6636.95,115468
2021-05-21 10:07:14,6636.9,115488
2021-05-21 10:07:15,6632.0,115592
2021-05-21 10:07:17,6634.0,115593
2021-05-21 10:07:18,6635.45,115604
2021-05-21 10:07:19,6635.45,115609
2021-05-21 10:07:19,6635.45,115609
2021-05-21 10:07:20,6632.05,115709
2021-05-21 10:07:21,6632.05,115709
2021-05-21 10:07:22,6635.45,115722
2021-05-21 10:07:23,6635.45,115732
2021-05-21 10:07:24,6636.1,115742
2021-05-21 10:07:26,6632.0,115812
2021-05-21 10:07:27,6632.0,115812
2021-05-21 10:07:28,6636.0,115826
2021-05-21 10:07:29,6632.35,115828
2021-05-21 10:07:30,6636.1,115833
2021-05-21 10:07:31,6636.1,115833
2021-05-21 10:07:31,6636.1,115833
2021-05-21 10:07:32,6636.1,115833
2021-05-21 10:07:33,6636.1,115833
2021-05-21 10:07:34,6635.8,115848
2021-05-21 10:07:35,6635.8,115848
2021-05-21 10:07:36,6635.1,115850
2021-05-21 10:07:38,6635.1,115850
2021-05-21 10:07:39,6632.35,115851
2021-05-21 10:07:40,6632.35,115851
2021-05-21 10:07:41,6636.0,115910
2021-05-21 10:07:42,6634.0,115918
2021-05-21 10:07:42,6636.0,115910
2021-05-21 10:07:43,6634.0,115937
2021-05-21 10:07:45,6636.0,115947
2021-05-21 10:07:46,6636.0,115959
2021-05-21 10:07:47,6636.0,115960
2021-05-21 10:07:48,6636.0,115960
2021-05-21 10:07:48,6636.0,115960
2021-05-21 10:07:49,6636.0,115960
2021-05-21 10:07:50,6636.0,115960
2021-05-21 10:07:52,6638.15,115973
2021-05-21 10:07:53,6638.15,115973
2021-05-21 10:07:54,6638.15,115973
2021-05-21 10:07:55,6638.15,115973
2021-05-21 10:07:56,6634.0,115979
2021-05-21 10:07:56,6634.0,115979
2021-05-21 10:07:58,6634.0,115979
2021-05-21 10:07:59,6634.0,115979
2021-05-21 10:08:00,6634.2,115984
2021-05-21 10:08:01,6634.2,115984
2021-05-21 10:08:02,6634.2,115984
2021-05-21 10:08:03,6634.2,115984
2021-05-21 10:08:04,6634.2,115984
2021-05-21 10:08:05,6634.3,115999
2021-05-21 10:08:06,6634.3,115999
2021-05-21 10:08:06,6634.3,115999
2021-05-21 10:08:08,6636.5,116001
2021-05-21 10:08:09,6636.5,116001
2021-05-21 10:08:10,6636.5,116001
2021-05-21 10:08:11,6636.5,116001
2021-05-21 10:08:12,6636.5,116007
2021-05-21 10:08:13,6634.05,116107
2021-05-21 10:08:13,6634.05,116107
2021-05-21 10:08:15,6637.8,116122
2021-05-21 10:08:16,6637.8,116132
2021-05-21 10:08:17,6637.8,116132
2021-05-21 10:08:18,6634.4,116133
2021-05-21 10:08:19,6637.9,116157
2021-05-21 10:08:20,6637.9,116157
2021-05-21 10:08:20,6637.9,116157
2021-05-21 10:08:21,6637.9,116157
2021-05-21 10:08:23,6637.9,116157
2021-05-21 10:08:24,6637.9,116157
2021-05-21 10:08:25,6637.8,116179
2021-05-21 10:08:26,6637.8,116179
2021-05-21 10:08:27,6637.8,116179
2021-05-21 10:08:28,6635.45,116180
2021-05-21 10:08:28,6635.45,116180
2021-05-21 10:08:29,6637.8,116181
2021-05-21 10:08:31,6637.8,116193
2021-05-21 10:08:32,6637.8,116193
2021-05-21 10:08:33,6635.65,116194
2021-05-21 10:08:34,6635.65,116194
2021-05-21 10:08:35,6635.65,116194
2021-05-21 10:08:36,6635.65,116194
2021-05-21 10:08:36,6635.65,116194
2021-05-21 10:08:37,6637.8,116196
2021-05-21 10:08:39,6637.8,116196
2021-05-21 10:08:40,6637.8,116196
2021-05-21 10:08:41,6635.0,116221
2021-05-21 10:08:42,6635.0,116221
2021-05-21 10:08:43,6635.0,116221
2021-05-21 10:08:43,6635.0,116221
2021-05-21 10:08:45,6635.0,116221
2021-05-21 10:08:46,6635.0,116221
2021-05-21 10:08:47,6635.0,116221
2021-05-21 10:08:48,6637.0,116223
2021-05-21 10:08:49,6637.0,116223
2021-05-21 10:08:50,6637.0,116223
2021-05-21 10:08:50,6637.0,116223
2021-05-21 10:08:52,6636.0,116225
2021-05-21 10:08:53,6636.0,116225
2021-05-21 10:08:54,6636.0,116225
2021-05-21 10:08:55,6636.0,116225
2021-05-21 10:08:56,6636.0,116226
2021-05-21 10:08:57,6636.0,116226
2021-05-21 10:08:58,6636.0,116226
2021-05-21 10:08:59,6636.0,116226
2021-05-21 10:09:00,6636.0,116226
2021-05-21 10:09:01,6636.0,116226
2021-05-21 10:09:02,6636.0,116226
2021-05-21 10:09:03,6637.0,116251
2021-05-21 10:09:04,6637.0,116251
2021-05-21 10:09:05,6637.0,116252
2021-05-21 10:09:06,6636.0,116262
2021-05-21 10:09:07,6636.0,116262
2021-05-21 10:09:08,6637.0,116275
2021-05-21 10:09:09,6637.0,116275
2021-05-21 10:09:11,6637.0,116275
2021-05-21 10:09:12,6637.0,116275
2021-05-21 10:09:13,6637.0,116276
2021-05-21 10:09:13,6637.0,116276
2021-05-21 10:09:14,6637.0,116276
2021-05-21 10:09:15,6637.0,116276
2021-05-21 10:09:17,6637.0,116276
2021-05-21 10:09:18,6637.0,116276
2021-05-21 10:09:19,6637.0,116276
2021-05-21 10:09:20,6637.0,116277
2021-05-21 10:09:21,6637.0,116277
2021-05-21 10:09:22,6637.0,116277
2021-05-21 10:09:23,6637.0,116277
2021-05-21 10:09:24,6637.0,116282
2021-05-21 10:09:26,6637.0,116282
2021-05-21 10:09:27,6637.0,116282
2021-05-21 10:09:28,6637.0,116282
2021-05-21 10:09:29,6637.0,116282
2021-05-21 10:09:30,6637.0,116282
2021-05-21 10:09:31,6637.0,116282
2021-05-21 10:09:32,6637.0,116282
2021-05-21 10:09:33,6637.0,116282
2021-05-21 10:09:35,6637.0,116282
2021-05-21 10:09:36,6637.0,116282
2021-05-21 10:09:37,6637.0,116282
2021-05-21 10:09:38,6637.0,116282
2021-05-21 10:09:39,6637.0,116282
2021-05-21 10:09:40,6637.0,116285
2021-05-21 10:09:41,6637.0,116285
2021-05-21 10:09:44,6636.0,116322
2021-05-21 10:09:43,6636.0,116322
2021-05-21 10:09:45,6639.9,116531
2021-05-21 10:09:46,6640.0,116536
2021-05-21 10:09:47,6642.0,116559
2021-05-21 10:09:48,6642.25,116573
2021-05-21 10:09:49,6642.25,116573
2021-05-21 10:09:50,6642.25,116574
2021-05-21 10:09:51,6642.25,116574
2021-05-21 10:09:52,6642.25,116574
2021-05-21 10:09:53,6640.0,116579
2021-05-21 10:09:54,6640.0,116579
2021-05-21 10:09:54,6640.0,116579
2021-05-21 10:09:55,6640.0,116579
2021-05-21 10:09:57,6640.0,116579
2021-05-21 10:09:58,6642.25,116589
2021-05-21 10:09:59,6642.25,116589
2021-05-21 10:10:00,6642.25,116589
2021-05-21 10:10:01,6642.25,116589
2021-05-21 10:10:02,6642.25,116589
2021-05-21 10:10:03,6640.0,116591
2021-05-21 10:10:04,6640.0,116591
2021-05-21 10:10:05,6640.0,116591
2021-05-21 10:10:06,6642.5,116661
2021-05-21 10:10:07,6638.95,116666
2021-05-21 10:10:08,6642.2,116679
2021-05-21 10:10:09,6642.2,116683
2021-05-21 10:10:10,6642.2,116683
2021-05-21 10:10:11,6642.2,116683
2021-05-21 10:10:12,6642.2,116704
2021-05-21 10:10:13,6642.2,116709
2021-05-21 10:10:15,6642.2,116709
2021-05-21 10:10:16,6642.2,116709
2021-05-21 10:10:17,6642.2,116709
2021-05-21 10:10:18,6642.2,116709
2021-05-21 10:10:20,6642.2,116709
2021-05-21 10:10:19,6642.2,116709
2021-05-21 10:10:21,6642.2,116709
2021-05-21 10:10:22,6642.2,116709
2021-05-21 10:10:23,6642.2,116709
2021-05-21 10:10:24,6642.2,116709
2021-05-21 10:10:25,6642.2,116709
2021-05-21 10:10:26,6642.2,116709
2021-05-21 10:10:27,6642.2,116709
2021-05-21 10:10:28,6641.5,116710
2021-05-21 10:10:29,6640.0,116713
2021-05-21 10:10:30,6640.0,116713
2021-05-21 10:10:31,6640.0,116713
2021-05-21 10:10:32,6640.0,116713
2021-05-21 10:10:33,6640.0,116713
2021-05-21 10:10:34,6640.0,116713
2021-05-21 10:10:35,6640.0,116713
2021-05-21 10:10:36,6640.0,116733
2021-05-21 10:10:37,6640.0,116733
2021-05-21 10:10:38,6641.5,116743
2021-05-21 10:10:39,6641.5,116743
2021-05-21 10:10:40,6640.0,116779
2021-05-21 10:10:41,6640.0,116779
2021-05-21 10:10:42,6640.0,117020
2021-05-21 10:10:43,6640.0,117020
2021-05-21 10:10:44,6640.0,117020
2021-05-21 10:10:45,6638.0,117022
2021-05-21 10:10:46,6640.95,117030
2021-05-21 10:10:47,6640.95,117030
2021-05-21 10:10:49,6640.95,117030
2021-05-21 10:10:51,6638.0,117045
2021-05-21 10:10:52,6638.0,117045
2021-05-21 10:10:53,6637.0,117058
2021-05-21 10:10:54,6637.0,117058
2021-05-21 10:10:56,6636.0,117060
2021-05-21 10:10:55,6636.0,117060
2021-05-21 10:10:57,6635.0,117142
2021-05-21 10:10:58,6635.0,117142
2021-05-21 10:10:59,6636.65,117143
2021-05-21 10:11:00,6636.65,117143
2021-05-21 10:11:01,6637.0,117188
2021-05-21 10:11:02,6637.0,117188
2021-05-21 10:11:03,6637.0,117188
2021-05-21 10:11:04,6637.0,117191
2021-05-21 10:11:05,6637.15,117200
2021-05-21 10:11:06,6634.0,117221
2021-05-21 10:11:07,6634.0,117221
2021-05-21 10:11:08,6632.6,117251
2021-05-21 10:11:09,6634.0,117261
2021-05-21 10:11:10,6634.0,117266
2021-05-21 10:11:11,6634.0,117267
2021-05-21 10:11:13,6634.0,117267
2021-05-21 10:11:12,6634.0,117267
2021-05-21 10:11:14,6634.0,117267
2021-05-21 10:11:15,6632.0,117473
2021-05-21 10:11:16,6634.0,117475
2021-05-21 10:11:17,6634.0,117482
2021-05-21 10:11:18,6636.0,117503
2021-05-21 10:11:19,6634.0,117511
2021-05-21 10:11:20,6634.0,117523
2021-05-21 10:11:21,6632.0,117526
2021-05-21 10:11:22,6632.0,117526
2021-05-21 10:11:23,6632.0,117562
2021-05-21 10:11:25,6632.0,117562
2021-05-21 10:11:24,6632.0,117562
2021-05-21 10:11:26,6632.0,117562
2021-05-21 10:11:27,6632.0,117562
2021-05-21 10:11:28,6632.05,117587
2021-05-21 10:11:29,6634.0,117602
2021-05-21 10:11:30,6634.0,117602
2021-05-21 10:11:31,6634.0,117602
2021-05-21 10:11:32,6637.05,117714
2021-05-21 10:11:33,6640.0,117715
2021-05-21 10:11:34,6640.95,117725
2021-05-21 10:11:35,6640.95,117725
2021-05-21 10:11:36,6640.95,117734
2021-05-21 10:11:37,6640.95,117734
2021-05-21 10:11:38,6640.95,117734
2021-05-21 10:11:39,6640.95,117734
2021-05-21 10:11:41,6640.95,117740
2021-05-21 10:11:42,6639.75,117751
2021-05-21 10:11:43,6639.75,117751
2021-05-21 10:11:44,6640.95,117762
2021-05-21 10:11:45,6640.95,117762
2021-05-21 10:11:46,6640.95,117762
2021-05-21 10:11:47,6640.95,117762
2021-05-21 10:11:48,6643.6,117772
2021-05-21 10:11:49,6643.6,117772
2021-05-21 10:11:50,6643.6,117772
2021-05-21 10:11:51,6640.95,117773
2021-05-21 10:11:52,6640.95,117773
2021-05-21 10:11:53,6640.95,117773
2021-05-21 10:11:56,6644.0,117776
2021-05-21 10:11:57,6644.0,117776
2021-05-21 10:11:58,6640.4,117791
2021-05-21 10:11:59,6640.4,117791
2021-05-21 10:12:00,6643.0,117799
2021-05-21 10:12:01,6643.0,117799
2021-05-21 10:12:02,6639.0,117814
2021-05-21 10:12:03,6643.0,117833
2021-05-21 10:12:04,6643.05,117853
2021-05-21 10:12:05,6643.0,117865
2021-05-21 10:12:06,6643.0,117865
2021-05-21 10:12:07,6643.0,117865
2021-05-21 10:12:08,6643.0,117865
2021-05-21 10:12:09,6643.0,117865
2021-05-21 10:12:10,6643.0,117865
2021-05-21 10:12:11,6643.0,117905
2021-05-21 10:12:12,6640.35,117907
2021-05-21 10:12:13,6640.35,117907
2021-05-21 10:12:16,6639.85,117909
2021-05-21 10:12:16,6639.85,117909
2021-05-21 10:12:17,6643.0,117913
2021-05-21 10:12:18,6643.0,117915
2021-05-21 10:12:19,6640.0,117916
2021-05-21 10:12:20,6643.0,117930
2021-05-21 10:12:22,6643.0,117930
2021-05-21 10:12:22,6643.0,117930
2021-05-21 10:12:25,6643.0,117930
2021-05-21 10:12:26,6643.0,117930
2021-05-21 10:12:27,6640.35,117976
2021-05-21 10:12:28,6640.35,117980
2021-05-21 10:12:29,6640.35,117980
2021-05-21 10:12:30,6640.35,118010
2021-05-21 10:12:31,6640.35,118010
2021-05-21 10:12:32,6643.0,118022
2021-05-21 10:12:33,6643.0,118033
2021-05-21 10:12:34,6643.0,118033
2021-05-21 10:12:35,6643.0,118033
2021-05-21 10:12:36,6643.0,118033
2021-05-21 10:12:37,6641.0,118037
2021-05-21 10:12:38,6641.0,118037
2021-05-21 10:12:39,6641.0,118040
2021-05-21 10:12:41,6641.4,118041
2021-05-21 10:12:41,6641.4,118041
2021-05-21 10:12:42,6641.4,118041
2021-05-21 10:12:43,6641.4,118041
2021-05-21 10:12:44,6641.05,118043
2021-05-21 10:12:46,6641.05,118043
2021-05-21 10:12:46,6641.05,118043
2021-05-21 10:12:47,6641.05,118043
2021-05-21 10:12:48,6641.05,118043
2021-05-21 10:12:50,6641.05,118043
2021-05-21 10:12:50,6641.05,118043
2021-05-21 10:12:51,6641.0,118044
2021-05-21 10:12:52,6641.0,118049
2021-05-21 10:12:53,6641.05,118050
2021-05-21 10:12:55,6641.05,118060
2021-05-21 10:12:56,6641.0,118065
2021-05-21 10:12:57,6641.0,118065
2021-05-21 10:12:58,6641.0,118065
2021-05-21 10:12:59,6641.0,118065
2021-05-21 10:13:00,6641.0,118100
2021-05-21 10:13:01,6641.05,118113
2021-05-21 10:13:02,6641.0,118117
2021-05-21 10:13:04,6641.05,118127
2021-05-21 10:13:05,6641.05,118127
2021-05-21 10:13:06,6641.05,118127
2021-05-21 10:13:06,6641.05,118127
2021-05-21 10:13:07,6641.05,118127
2021-05-21 10:13:08,6641.05,118127
2021-05-21 10:13:09,6641.05,118127
2021-05-21 10:13:11,6641.05,118127
2021-05-21 10:13:12,6641.05,118127
2021-05-21 10:13:13,6641.05,118127
2021-05-21 10:13:14,6641.05,118127
2021-05-21 10:13:15,6643.0,118189
2021-05-21 10:13:16,6643.0,118191
2021-05-21 10:13:17,6643.0,118192
2021-05-21 10:13:18,6643.0,118205
2021-05-21 10:13:20,6643.0,118205
2021-05-21 10:13:20,6643.0,118205
2021-05-21 10:13:21,6643.0,118205
2021-05-21 10:13:23,6643.0,118205
2021-05-21 10:13:23,6643.0,118206
2021-05-21 10:13:24,6643.0,118207
2021-05-21 10:13:25,6643.0,118207
2021-05-21 10:13:27,6643.0,118207
2021-05-21 10:13:27,6643.0,118207
2021-05-21 10:13:28,6643.0,118207
2021-05-21 10:13:29,6643.0,118207
2021-05-21 10:13:30,6643.0,118246
2021-05-21 10:13:32,6643.0,118247
2021-05-21 10:13:33,6643.0,118247
2021-05-21 10:13:34,6643.0,118247
2021-05-21 10:13:35,6643.0,118247
2021-05-21 10:13:36,6643.0,118247
2021-05-21 10:13:37,6643.0,118247
2021-05-21 10:13:38,6643.0,118247
2021-05-21 10:13:39,6643.0,118247
2021-05-21 10:13:40,6642.0,118250
2021-05-21 10:13:41,6642.0,118250
2021-05-21 10:13:42,6642.0,118250
2021-05-21 10:13:44,6642.0,118250
2021-05-21 10:13:44,6642.0,118250
2021-05-21 10:13:46,6642.0,118250
2021-05-21 10:13:47,6642.0,118250
2021-05-21 10:13:48,6642.0,118250
2021-05-21 10:13:49,6643.0,118351
2021-05-21 10:13:50,6643.0,118366
2021-05-21 10:13:51,6643.0,118366
2021-05-21 10:13:52,6641.1,118449
2021-05-21 10:13:53,6641.1,118449
2021-05-21 10:13:54,6641.1,118449
2021-05-21 10:13:55,6642.9,118459
2021-05-21 10:13:56,6642.9,118459
2021-05-21 10:13:57,6640.5,118495
2021-05-21 10:13:58,6640.5,118495
2021-05-21 10:13:59,6640.5,118495
2021-05-21 10:14:00,6640.5,118495
2021-05-21 10:14:01,6640.5,118495
2021-05-21 10:14:03,6640.5,118495
2021-05-21 10:14:04,6640.5,118495
2021-05-21 10:14:05,6640.5,118495
2021-05-21 10:14:06,6640.5,118495
2021-05-21 10:14:06,6640.5,118495
2021-05-21 10:14:07,6640.5,118495
2021-05-21 10:14:08,6640.5,118495
2021-05-21 10:14:10,6640.5,118495
2021-05-21 10:14:10,6640.5,118495
2021-05-21 10:14:11,6640.5,118495
2021-05-21 10:14:12,6640.5,118495
2021-05-21 10:14:13,6640.5,118495
2021-05-21 10:14:14,6641.8,118497
2021-05-21 10:14:16,6641.8,118497
2021-05-21 10:14:16,6641.8,118497
2021-05-21 10:14:17,6641.8,118497
2021-05-21 10:14:19,6641.8,118497
2021-05-21 10:14:19,6641.8,118497
2021-05-21 10:14:20,6640.5,118517
2021-05-21 10:14:21,6640.5,118517
2021-05-21 10:14:22,6640.0,118527
2021-05-21 10:14:23,6640.0,118527
2021-05-21 10:14:25,6640.0,118527
2021-05-21 10:14:26,6640.0,118527
2021-05-21 10:14:27,6640.0,118527
2021-05-21 10:14:27,6640.7,118528
2021-05-21 10:14:28,6640.7,118528
2021-05-21 10:14:29,6640.7,118528
2021-05-21 10:14:31,6640.0,118548
2021-05-21 10:14:31,6640.0,118548
2021-05-21 10:14:34,6639.6,118558
2021-05-21 10:14:34,6639.6,118558
2021-05-21 10:14:35,6639.6,118558
2021-05-21 10:14:36,6639.6,118558
2021-05-21 10:14:37,6639.6,118558
2021-05-21 10:14:39,6639.6,118558
2021-05-21 10:14:41,6633.55,118590
2021-05-21 10:14:41,6633.55,118590
2021-05-21 10:14:42,6633.0,118621
2021-05-21 10:14:44,6635.05,118632
2021-05-21 10:14:46,6635.05,118669
2021-05-21 10:14:47,6635.15,118674
2021-05-21 10:14:48,6635.15,118674
2021-05-21 10:14:49,6635.15,118674
2021-05-21 10:14:50,6635.15,118674
2021-05-21 10:14:51,6632.3,118734
2021-05-21 10:14:51,6632.3,118734
2021-05-21 10:14:52,6632.3,118734
2021-05-21 10:14:53,6635.15,118736
2021-05-21 10:14:54,6636.0,118750
2021-05-21 10:14:56,6636.0,118765
2021-05-21 10:14:57,6636.0,118765
2021-05-21 10:14:58,6636.0,118765
2021-05-21 10:14:59,6636.0,118768
2021-05-21 10:15:00,6636.0,118768
2021-05-21 10:15:01,6636.0,118768
2021-05-21 10:15:01,6636.3,118772
2021-05-21 10:15:02,6636.3,118772
2021-05-21 10:15:04,6636.3,118777
2021-05-21 10:15:05,6636.3,118777
2021-05-21 10:15:06,6636.3,118777
2021-05-21 10:15:07,6636.3,118777
2021-05-21 10:15:08,6636.3,118777
2021-05-21 10:15:09,6636.3,118777
2021-05-21 10:15:10,6636.0,118782
2021-05-21 10:15:11,6636.0,118783
2021-05-21 10:15:12,6636.0,118783
2021-05-21 10:15:12,6636.0,118783
2021-05-21 10:15:13,6636.0,118783
2021-05-21 10:15:15,6636.0,118783
2021-05-21 10:15:16,6636.0,118783
2021-05-21 10:15:17,6636.0,118783
2021-05-21 10:15:19,6636.0,118783
2021-05-21 10:15:20,6636.0,118788
2021-05-21 10:15:21,6634.2,118796
2021-05-21 10:15:21,6634.2,118796
2021-05-21 10:15:22,6634.2,118796
2021-05-21 10:15:23,6634.2,118798
2021-05-21 10:15:25,6637.05,118848
2021-05-21 10:15:26,6637.05,118848
2021-05-21 10:15:27,6637.05,118856
2021-05-21 10:15:28,6637.05,118856
2021-05-21 10:15:29,6637.05,118856
2021-05-21 10:15:29,6637.05,118856
2021-05-21 10:15:30,6637.05,118856
2021-05-21 10:15:31,6637.05,118856
2021-05-21 10:15:33,6643.0,119199
2021-05-21 10:15:34,6643.0,119199
2021-05-21 10:15:35,6643.0,119199
2021-05-21 10:15:36,6644.0,119206
2021-05-21 10:15:36,6644.0,119206
2021-05-21 10:15:37,6644.9,119226
2021-05-21 10:15:39,6643.85,119269
2021-05-21 10:15:40,6643.85,119269
2021-05-21 10:15:41,6645.0,119282
2021-05-21 10:15:42,6645.0,119284
2021-05-21 10:15:43,6643.25,119288
2021-05-21 10:15:44,6643.25,119288
2021-05-21 10:15:46,6643.25,119288
2021-05-21 10:15:47,6643.25,119288
2021-05-21 10:15:48,6643.25,119288
2021-05-21 10:15:49,6643.25,119288
2021-05-21 10:15:51,6643.25,119288
2021-05-21 10:15:51,6643.25,119288
2021-05-21 10:15:52,6643.25,119288
2021-05-21 10:15:53,6645.0,119289
2021-05-21 10:15:54,6645.0,119289
2021-05-21 10:15:55,6645.0,119289
2021-05-21 10:15:56,6643.25,119314
2021-05-21 10:15:57,6644.85,119322
2021-05-21 10:15:58,6644.85,119322
2021-05-21 10:15:59,6644.85,119323
2021-05-21 10:16:01,6644.85,119323
2021-05-21 10:16:02,6644.85,119323
2021-05-21 10:16:03,6644.85,119323
2021-05-21 10:16:04,6642.25,119348
2021-05-21 10:16:05,6642.25,119348
2021-05-21 10:16:07,6642.25,119348
2021-05-21 10:16:08,6642.15,119358
2021-05-21 10:16:08,6642.15,119358
2021-05-21 10:16:10,6642.15,119358
2021-05-21 10:16:11,6642.15,119358
2021-05-21 10:16:12,6644.75,119363
2021-05-21 10:16:13,6644.75,119363
2021-05-21 10:16:14,6642.15,119364
2021-05-21 10:16:14,6642.15,119364
2021-05-21 10:16:15,6642.25,119365
2021-05-21 10:16:17,6642.25,119365
2021-05-21 10:16:18,6639.6,119391
2021-05-21 10:16:19,6638.85,119393
2021-05-21 10:16:20,6642.25,119404
2021-05-21 10:16:21,6642.25,119404
2021-05-21 10:16:22,6642.25,119414
2021-05-21 10:16:23,6643.3,119424
2021-05-21 10:16:24,6643.3,119424
2021-05-21 10:16:24,6643.3,119424
2021-05-21 10:16:25,6643.3,119424
2021-05-21 10:16:26,6640.85,119434
2021-05-21 10:16:27,6640.85,119434
2021-05-21 10:16:28,6640.85,119434
2021-05-21 10:16:29,6640.85,119434
2021-05-21 10:16:31,6640.85,119434
2021-05-21 10:16:32,6640.85,119434
2021-05-21 10:16:33,6640.85,119434
2021-05-21 10:16:33,6640.85,119434
2021-05-21 10:16:34,6640.85,119434
2021-05-21 10:16:35,6640.85,119434
2021-05-21 10:16:36,6640.85,119434
2021-05-21 10:16:37,6640.85,119434
2021-05-21 10:16:38,6640.85,119434
2021-05-21 10:16:39,6640.85,119434
2021-05-21 10:16:40,6640.85,119434
2021-05-21 10:16:42,6640.85,119434
2021-05-21 10:16:42,6640.85,119434
2021-05-21 10:16:43,6640.85,119434
2021-05-21 10:16:44,6640.85,119434
2021-05-21 10:16:45,6640.85,119434
2021-05-21 10:16:47,6640.85,119434
2021-05-21 10:16:48,6640.85,119434
2021-05-21 10:16:49,6640.85,119434
2021-05-21 10:16:50,6640.85,119434
2021-05-21 10:16:51,6640.85,119434
2021-05-21 10:16:52,6640.85,119434
2021-05-21 10:16:54,6640.85,119434
2021-05-21 10:16:56,6641.0,119435
2021-05-21 10:16:56,6640.85,119434
2021-05-21 10:16:57,6641.0,119435
2021-05-21 10:16:59,6641.0,119555
2021-05-21 10:16:59,6641.0,119445
2021-05-21 10:17:00,6643.0,119570
2021-05-21 10:17:01,6643.0,119571
2021-05-21 10:17:02,6643.0,119591
2021-05-21 10:17:04,6643.0,119592
2021-05-21 10:17:04,6643.0,119596
2021-05-21 10:17:05,6643.0,119596
2021-05-21 10:17:06,6643.0,119596
2021-05-21 10:17:08,6643.0,119596
2021-05-21 10:17:08,6642.95,119603
2021-05-21 10:17:09,6642.95,119603
2021-05-21 10:17:11,6644.0,119607
2021-05-21 10:17:12,6644.0,119614
2021-05-21 10:17:13,6645.0,119629
2021-05-21 10:17:13,6645.0,119629
2021-05-21 10:17:14,6645.0,119659
2021-05-21 10:17:15,6645.0,119659
2021-05-21 10:17:16,6645.0,119659
2021-05-21 10:17:18,6645.0,119667
2021-05-21 10:17:19,6645.0,119667
2021-05-21 10:17:20,6645.0,119741
2021-05-21 10:17:21,6645.0,119741
2021-05-21 10:17:21,6645.0,119741
2021-05-21 10:17:22,6645.0,119752
2021-05-21 10:17:23,6645.0,119757
2021-05-21 10:17:24,6645.0,119757
2021-05-21 10:17:25,6645.0,119757
2021-05-21 10:17:27,6645.0,119757
2021-05-21 10:17:28,6645.0,119757
2021-05-21 10:17:29,6645.0,119757
2021-05-21 10:17:30,6645.0,119757
2021-05-21 10:17:31,6645.0,119757
2021-05-21 10:17:32,6645.0,119757
2021-05-21 10:17:33,6644.95,119760
2021-05-21 10:17:34,6644.95,119760
2021-05-21 10:17:35,6645.0,119810
2021-05-21 10:17:36,6645.0,119820
2021-05-21 10:17:36,6645.0,119820
2021-05-21 10:17:37,6642.7,119822
2021-05-21 10:17:38,6642.7,119822
2021-05-21 10:17:39,6642.7,119822
2021-05-21 10:17:40,6642.7,119822
2021-05-21 10:17:41,6642.7,119822
2021-05-21 10:17:42,6642.7,119845
2021-05-21 10:17:44,6642.0,119858
2021-05-21 10:17:44,6645.0,119958
2021-05-21 10:17:45,6644.4,119959
2021-05-21 10:17:46,6644.4,119959
2021-05-21 10:17:47,6644.3,119978
2021-05-21 10:17:48,6644.3,119986
2021-05-21 10:17:49,6644.3,119986
2021-05-21 10:17:50,6644.3,119986
2021-05-21 10:17:52,6644.3,119986
2021-05-21 10:17:53,6644.3,119986
2021-05-21 10:17:54,6644.3,119986
2021-05-21 10:17:54,6644.3,119986
2021-05-21 10:17:55,6644.3,119986
2021-05-21 10:17:56,6644.3,119986
2021-05-21 10:17:57,6644.3,119986
2021-05-21 10:17:58,6642.7,119987
2021-05-21 10:18:00,6642.7,119987
2021-05-21 10:18:01,6644.2,119988
2021-05-21 10:18:02,6644.2,119988
2021-05-21 10:18:03,6644.2,119988
2021-05-21 10:18:04,6644.2,119988
2021-05-21 10:18:04,6644.2,119988
2021-05-21 10:18:05,6644.2,119988
2021-05-21 10:18:06,6644.2,119988
2021-05-21 10:18:07,6644.2,119988
2021-05-21 10:18:08,6640.0,120300
2021-05-21 10:18:09,6640.0,120300
2021-05-21 10:18:11,6640.8,120307
2021-05-21 10:18:12,6642.2,120323
2021-05-21 10:18:13,6642.45,120347
2021-05-21 10:18:14,6642.5,120367
2021-05-21 10:18:15,6642.5,120367
2021-05-21 10:18:16,6642.5,120367
2021-05-21 10:18:17,6642.6,120368
2021-05-21 10:18:18,6643.55,120378
2021-05-21 10:18:19,6643.55,120378
2021-05-21 10:18:20,6643.55,120380
2021-05-21 10:18:21,6643.55,120380
2021-05-21 10:18:22,6643.55,120380
2021-05-21 10:18:23,6643.55,120380
2021-05-21 10:18:24,6643.55,120380
2021-05-21 10:18:26,6643.55,120380
2021-05-21 10:18:27,6643.55,120380
2021-05-21 10:18:28,6643.45,120636
2021-05-21 10:18:29,6643.45,120672
2021-05-21 10:18:31,6643.45,120680
2021-05-21 10:18:32,6640.0,120682
2021-05-21 10:18:33,6643.45,120688
2021-05-21 10:18:34,6643.45,120688
2021-05-21 10:18:35,6643.45,120700
2021-05-21 10:18:35,6643.45,120700
2021-05-21 10:18:36,6643.4,120709
2021-05-21 10:18:37,6643.45,120711
2021-05-21 10:18:38,6641.0,120712
2021-05-21 10:18:39,6641.0,120712
2021-05-21 10:18:40,6641.0,120726
2021-05-21 10:18:42,6641.0,120726
2021-05-21 10:18:43,6641.0,120726
2021-05-21 10:18:44,6641.0,120726
2021-05-21 10:18:45,6641.0,120726
2021-05-21 10:18:46,6641.0,120726
2021-05-21 10:18:47,6641.0,120726
2021-05-21 10:18:47,6641.0,120726
2021-05-21 10:18:48,6643.45,120729
2021-05-21 10:18:50,6643.45,120729
2021-05-21 10:18:51,6641.4,120739
2021-05-21 10:18:52,6641.4,120739
2021-05-21 10:18:53,6641.4,120739
2021-05-21 10:18:54,6641.4,120739
2021-05-21 10:18:55,6641.4,120739
2021-05-21 10:18:56,6641.4,120739
2021-05-21 10:18:57,6641.4,120742
2021-05-21 10:18:58,6641.75,120743
2021-05-21 10:18:59,6641.75,120743
2021-05-21 10:19:00,6641.75,120743
2021-05-21 10:19:01,6641.75,120743
2021-05-21 10:19:02,6641.75,120743
2021-05-21 10:19:03,6641.75,120743
2021-05-21 10:19:04,6641.75,120748
2021-05-21 10:19:05,6644.2,120752
2021-05-21 10:19:06,6644.2,120752
2021-05-21 10:19:07,6644.2,120752
2021-05-21 10:19:09,6644.2,120752
2021-05-21 10:19:09,6644.2,120752
2021-05-21 10:19:10,6644.2,120752
2021-05-21 10:19:11,6644.2,120752
2021-05-21 10:19:12,6644.2,120752
2021-05-21 10:19:14,6644.2,120756
2021-05-21 10:19:15,6644.2,120764
2021-05-21 10:19:19,6645.0,121117
2021-05-21 10:19:27,6645.0,121402
2021-05-21 10:19:29,6645.0,121402
2021-05-21 10:19:30,6645.0,121402
2021-05-21 10:19:31,6645.0,121402
2021-05-21 10:19:32,6645.0,121402
2021-05-21 10:19:34,6645.0,121402
2021-05-21 10:19:35,6645.0,121402
2021-05-21 10:19:36,6643.05,121403
2021-05-21 10:19:37,6643.05,121403
2021-05-21 10:19:39,6645.0,121413
2021-05-21 10:19:40,6645.0,121413
2021-05-21 10:19:41,6646.15,121425
2021-05-21 10:19:42,6646.15,121426
2021-05-21 10:19:44,6646.15,121426
2021-05-21 10:19:46,6646.15,121426
2021-05-21 10:19:47,6643.05,121428
2021-05-21 10:19:48,6643.05,121428
2021-05-21 10:19:49,6643.05,121428
2021-05-21 10:19:49,6647.1,121531
2021-05-21 10:19:51,6647.1,121547
2021-05-21 10:19:52,6647.1,121547
2021-05-21 10:19:53,6647.1,121556
2021-05-21 10:19:54,6647.1,121562
2021-05-21 10:19:55,6647.1,121562
2021-05-21 10:19:56,6647.1,121562
2021-05-21 10:19:57,6647.6,121576
2021-05-21 10:19:58,6647.6,121578
2021-05-21 10:20:00,6647.6,121609
2021-05-21 10:20:00,6647.6,121609
2021-05-21 10:20:01,6647.65,121627
2021-05-21 10:20:02,6647.65,121627
2021-05-21 10:20:04,6650.0,121788
2021-05-21 10:20:05,6646.2,121948
2021-05-21 10:20:06,6646.2,121948
2021-05-21 10:20:08,6649.25,121957
2021-05-21 10:20:09,6650.0,121970
2021-05-21 10:20:10,6650.35,121995
2021-05-21 10:20:11,6650.3,122005
2021-05-21 10:20:12,6650.3,122005
2021-05-21 10:20:13,6650.3,122005
2021-05-21 10:20:14,6650.0,122006
2021-05-21 10:20:15,6650.0,122006
2021-05-21 10:20:15,6650.0,122009
2021-05-21 10:20:16,6650.0,122027
2021-05-21 10:20:18,6650.0,122067
2021-05-21 10:20:19,6650.0,122081
2021-05-21 10:20:20,6650.0,122081
2021-05-21 10:20:21,6649.75,122167
2021-05-21 10:20:22,6649.85,122217
2021-05-21 10:20:23,6649.85,122217
2021-05-21 10:20:24,6649.9,122220
2021-05-21 10:20:26,6649.95,122223
2021-05-21 10:20:27,6650.0,122236
2021-05-21 10:20:28,6645.75,122251
2021-05-21 10:20:29,6645.75,122251
2021-05-21 10:20:30,6645.75,122251
2021-05-21 10:20:31,6645.75,122251
2021-05-21 10:20:32,6645.75,122251
2021-05-21 10:20:33,6650.0,122252
2021-05-21 10:20:34,6650.0,122252
2021-05-21 10:20:35,6650.0,122252
2021-05-21 10:20:36,6650.0,122252
2021-05-21 10:20:37,6649.25,122299
2021-05-21 10:20:38,6646.0,122312
2021-05-21 10:20:40,6649.55,122324
2021-05-21 10:20:39,6649.55,122322
2021-05-21 10:20:41,6646.0,122325
2021-05-21 10:20:42,6646.0,122325
2021-05-21 10:20:43,6646.0,122325
2021-05-21 10:20:44,6646.0,122325
2021-05-21 10:20:45,6646.0,122325
2021-05-21 10:20:47,6646.0,122325
2021-05-21 10:20:46,6646.0,122325
2021-05-21 10:20:48,6646.0,122325
2021-05-21 10:20:49,6646.15,122330
2021-05-21 10:20:50,6646.15,122330
2021-05-21 10:20:51,6646.15,122330
2021-05-21 10:20:52,6646.15,122330
2021-05-21 10:20:53,6646.15,122330
2021-05-21 10:20:54,6643.0,122453
2021-05-21 10:20:56,6646.8,122475
2021-05-21 10:20:57,6646.8,122475
2021-05-21 10:20:58,6646.8,122475
2021-05-21 10:20:59,6646.8,122475
2021-05-21 10:21:00,6646.8,122475
2021-05-21 10:21:01,6646.8,122475
2021-05-21 10:21:02,6646.85,122485
2021-05-21 10:21:03,6646.85,122485
2021-05-21 10:21:04,6646.85,122485
2021-05-21 10:21:05,6646.85,122492
2021-05-21 10:21:06,6647.2,122493
2021-05-21 10:21:07,6647.2,122493
2021-05-21 10:21:09,6647.2,122493
2021-05-21 10:21:10,6647.2,122493
2021-05-21 10:21:11,6647.2,122498
2021-05-21 10:21:12,6647.2,122498
2021-05-21 10:21:13,6647.2,122502
2021-05-21 10:21:14,6647.2,122502
2021-05-21 10:21:16,6647.2,122502
2021-05-21 10:21:18,6647.2,122502
2021-05-21 10:21:17,6647.2,122502
2021-05-21 10:21:19,6647.2,122502
2021-05-21 10:21:20,6648.6,122507
2021-05-21 10:21:22,6648.6,122507
2021-05-21 10:21:23,6648.6,122507
2021-05-21 10:21:24,6648.6,122508
2021-05-21 10:21:25,6648.6,122508
2021-05-21 10:21:26,6648.6,122508
2021-05-21 10:21:27,6648.6,122508
2021-05-21 10:21:28,6648.6,122508
2021-05-21 10:21:29,6648.6,122508
2021-05-21 10:21:30,6648.6,122508
2021-05-21 10:21:31,6645.6,122539
2021-05-21 10:21:32,6645.6,122539
2021-05-21 10:21:33,6645.6,122539
2021-05-21 10:21:34,6648.0,122541
2021-05-21 10:21:35,6648.25,122550
2021-05-21 10:21:36,6648.25,122550
2021-05-21 10:21:37,6648.0,122551
2021-05-21 10:21:38,6648.0,122551
2021-05-21 10:21:39,6648.0,122553
2021-05-21 10:21:40,6648.0,122553
2021-05-21 10:21:41,6645.0,122690
2021-05-21 10:21:42,6647.9,122691
2021-05-21 10:21:43,6647.95,122692
2021-05-21 10:21:44,6643.0,122932
2021-05-21 10:21:45,6645.6,122942
2021-05-21 10:21:46,6645.7,122963
2021-05-21 10:21:47,6645.7,122963
2021-05-21 10:21:48,6645.7,122972
2021-05-21 10:21:49,6645.7,122972
2021-05-21 10:21:50,6643.0,122994
2021-05-21 10:21:51,6641.55,123015
2021-05-21 10:21:52,6641.55,123015
2021-05-21 10:21:53,6643.7,123028
2021-05-21 10:21:54,6644.4,123032
2021-05-21 10:21:55,6641.35,123033
2021-05-21 10:21:56,6641.35,123033
2021-05-21 10:21:57,6641.35,123036
2021-05-21 10:21:58,6641.35,123036
2021-05-21 10:21:59,6641.35,123036
2021-05-21 10:22:00,6641.35,123036
2021-05-21 10:22:01,6641.35,123036
2021-05-21 10:22:02,6641.35,123036
2021-05-21 10:22:03,6641.35,123036
2021-05-21 10:22:04,6641.35,123036
2021-05-21 10:22:05,6641.35,123036
2021-05-21 10:22:06,6641.35,123036
2021-05-21 10:22:07,6641.35,123036
2021-05-21 10:22:08,6641.35,123036
2021-05-21 10:22:09,6641.35,123036
2021-05-21 10:22:10,6642.0,123038
2021-05-21 10:22:11,6642.0,123038
2021-05-21 10:22:12,6642.0,123038
2021-05-21 10:22:14,6641.35,123076
2021-05-21 10:22:15,6641.35,123076
2021-05-21 10:22:16,6641.35,123076
2021-05-21 10:22:18,6641.05,123227
2021-05-21 10:22:20,6644.05,123238
2021-05-21 10:22:21,6641.5,123259
2021-05-21 10:22:22,6643.75,123272
2021-05-21 10:22:23,6643.75,123272
2021-05-21 10:22:24,6643.75,123272
2021-05-21 10:22:25,6643.75,123285
2021-05-21 10:22:26,6643.75,123285
2021-05-21 10:22:27,6643.75,123285
2021-05-21 10:22:29,6643.75,123285
2021-05-21 10:22:30,6643.75,123302
2021-05-21 10:22:31,6643.75,123302
2021-05-21 10:22:32,6643.75,123302
2021-05-21 10:22:33,6643.75,123302
2021-05-21 10:22:34,6643.75,123302
2021-05-21 10:22:35,6643.75,123302
2021-05-21 10:22:37,6643.75,123302
2021-05-21 10:22:36,6643.75,123302
2021-05-21 10:22:38,6643.75,123303
2021-05-21 10:22:39,6643.75,123303
2021-05-21 10:22:40,6644.0,123309
2021-05-21 10:22:41,6644.15,123310
2021-05-21 10:22:42,6644.15,123310
2021-05-21 10:22:43,6644.15,123310
2021-05-21 10:22:44,6644.0,123313
2021-05-21 10:22:45,6645.6,123315
2021-05-21 10:22:46,6645.6,123315
2021-05-21 10:22:47,6645.6,123315
2021-05-21 10:22:48,6645.6,123318
2021-05-21 10:22:49,6645.6,123320
2021-05-21 10:22:50,6645.6,123320
2021-05-21 10:22:51,6645.0,123345
2021-05-21 10:22:52,6645.0,123348
2021-05-21 10:22:53,6645.0,123356
2021-05-21 10:22:54,6645.0,123356
2021-05-21 10:22:55,6645.0,123356
2021-05-21 10:22:56,6645.0,123356
2021-05-21 10:22:57,6645.0,123356
2021-05-21 10:22:58,6645.0,123356
2021-05-21 10:22:59,6645.6,123357
2021-05-21 10:23:00,6645.6,123357
2021-05-21 10:23:01,6645.0,123362
2021-05-21 10:23:02,6645.0,123362
2021-05-21 10:23:04,6645.0,123362
2021-05-21 10:23:05,6645.0,123362
2021-05-21 10:23:06,6645.0,123362
2021-05-21 10:23:07,6645.0,123364
2021-05-21 10:23:08,6645.0,123364
2021-05-21 10:23:08,6645.0,123364
2021-05-21 10:23:09,6645.0,123364
2021-05-21 10:23:10,6645.0,123364
2021-05-21 10:23:11,6645.0,123364
2021-05-21 10:23:12,6645.0,123364
2021-05-21 10:23:14,6645.0,123364
2021-05-21 10:23:15,6645.0,123364
2021-05-21 10:23:18,6645.0,123364
2021-05-21 10:23:18,6645.0,123364
2021-05-21 10:23:19,6645.0,123364
2021-05-21 10:23:20,6645.0,123367
2021-05-21 10:23:21,6645.0,123369
2021-05-21 10:23:22,6645.0,123369
2021-05-21 10:23:23,6645.0,123369
2021-05-21 10:23:24,6645.0,123369
2021-05-21 10:23:25,6643.8,123633
2021-05-21 10:23:26,6643.8,123633
2021-05-21 10:23:27,6645.6,123661
2021-05-21 10:23:28,6646.0,123669
2021-05-21 10:23:29,6646.1,123679
2021-05-21 10:23:30,6646.1,123679
2021-05-21 10:23:31,6646.1,123679
2021-05-21 10:23:33,6646.1,123679
2021-05-21 10:23:34,6646.1,123679
2021-05-21 10:23:35,6646.1,123679
2021-05-21 10:23:36,6646.1,123681
2021-05-21 10:23:37,6646.1,123681
2021-05-21 10:23:38,6646.1,123681
2021-05-21 10:23:39,6644.7,123683
2021-05-21 10:23:40,6641.0,123717
2021-05-21 10:23:41,6640.3,123761
2021-05-21 10:23:42,6640.3,123761
2021-05-21 10:23:43,6643.35,123763
2021-05-21 10:23:44,6643.35,123763
2021-05-21 10:23:45,6643.35,123763
2021-05-21 10:23:46,6643.35,123763
2021-05-21 10:23:47,6643.35,123763
2021-05-21 10:23:48,6643.35,123763
2021-05-21 10:23:49,6643.35,123763
2021-05-21 10:23:50,6643.35,123763
2021-05-21 10:23:51,6643.35,123763
2021-05-21 10:23:52,6643.35,123763
2021-05-21 10:23:53,6643.35,123763
2021-05-21 10:23:54,6643.35,123763
2021-05-21 10:23:55,6643.35,123763
2021-05-21 10:23:56,6643.35,123763
2021-05-21 10:23:57,6643.35,123763
2021-05-21 10:23:58,6643.35,123763
2021-05-21 10:23:59,6643.35,123763
2021-05-21 10:24:00,6643.35,123763
2021-05-21 10:24:02,6643.35,123763
2021-05-21 10:24:04,6643.35,123763
2021-05-21 10:24:05,6643.35,123763
2021-05-21 10:24:05,6643.35,123763
2021-05-21 10:24:06,6643.35,123763
2021-05-21 10:24:07,6643.35,123763
2021-05-21 10:24:08,6641.0,123764
2021-05-21 10:24:09,6641.0,123764
2021-05-21 10:24:10,6641.0,123764
2021-05-21 10:24:11,6641.0,123764
2021-05-21 10:24:14,6641.0,123764
2021-05-21 10:24:15,6641.0,123764
2021-05-21 10:24:16,6641.0,123764
2021-05-21 10:24:17,6641.0,123764
2021-05-21 10:24:18,6641.0,123764
2021-05-21 10:24:19,6642.0,123766
2021-05-21 10:24:21,6641.0,123768
2021-05-21 10:24:22,6642.9,123770
2021-05-21 10:24:23,6642.9,123770
2021-05-21 10:24:26,6642.9,123770
2021-05-21 10:24:27,6642.9,123770
2021-05-21 10:24:28,6642.9,123770
2021-05-21 10:24:32,6642.9,123770
2021-05-21 10:24:33,6642.9,123770
2021-05-21 10:24:34,6642.9,123770
2021-05-21 10:24:36,6642.9,123785
2021-05-21 10:24:37,6644.6,123791
2021-05-21 10:24:38,6644.75,123797
2021-05-21 10:24:39,6644.75,123797
2021-05-21 10:24:40,6644.85,123807
2021-05-21 10:24:41,6644.85,123807
2021-05-21 10:24:42,6644.85,123807
2021-05-21 10:24:43,6644.85,123807
2021-05-21 10:24:46,6644.85,123807
2021-05-21 10:24:46,6644.85,123807
2021-05-21 10:24:47,6644.85,123807
2021-05-21 10:24:48,6644.85,123807
2021-05-21 10:24:49,6644.85,123807
2021-05-21 10:24:51,6644.85,123807
2021-05-21 10:24:53,6644.55,123811
2021-05-21 10:24:53,6644.55,123811
2021-05-21 10:24:54,6646.2,123845
2021-05-21 10:24:55,6646.2,123845
2021-05-21 10:24:56,6646.2,123845
2021-05-21 10:24:57,6646.2,123845
2021-05-21 10:24:58,6646.2,123845
2021-05-21 10:24:59,6646.2,123845
2021-05-21 10:25:00,6645.65,123849
2021-05-21 10:25:01,6647.95,123851
2021-05-21 10:25:02,6647.95,123851
2021-05-21 10:25:03,6650.0,124051
2021-05-21 10:25:04,6650.0,124051
2021-05-21 10:25:05,6650.35,124080
2021-05-21 10:25:06,6650.5,124088
2021-05-21 10:25:07,6650.5,124088
2021-05-21 10:25:08,6650.5,124088
2021-05-21 10:25:09,6650.5,124088
2021-05-21 10:25:10,6650.5,124088
2021-05-21 10:25:11,6650.5,124088
2021-05-21 10:25:12,6650.5,124088
2021-05-21 10:25:13,6650.5,124088
2021-05-21 10:25:14,6650.5,124090
2021-05-21 10:25:15,6650.5,124092
2021-05-21 10:25:16,6650.5,124092
2021-05-21 10:25:18,6650.5,124137
2021-05-21 10:25:19,6650.0,124141
2021-05-21 10:25:20,6650.0,124149
2021-05-21 10:25:21,6650.0,124149
2021-05-21 10:25:22,6650.0,124149
2021-05-21 10:25:22,6650.0,124149
2021-05-21 10:25:23,6650.0,124149
2021-05-21 10:25:24,6650.0,124149
2021-05-21 10:25:25,6650.0,124149
2021-05-21 10:25:26,6650.0,124149
2021-05-21 10:25:27,6650.0,124149
2021-05-21 10:25:29,6650.0,124149
2021-05-21 10:25:30,6650.0,124149
2021-05-21 10:25:30,6650.0,124149
2021-05-21 10:25:31,6646.95,124237
2021-05-21 10:25:32,6648.2,124292
2021-05-21 10:25:33,6649.3,124347
2021-05-21 10:25:34,6648.25,124349
2021-05-21 10:25:35,6649.35,124351
2021-05-21 10:25:36,6649.35,124353
2021-05-21 10:25:37,6649.45,124360
2021-05-21 10:25:38,6646.9,124380
2021-05-21 10:25:39,6650.0,124441
2021-05-21 10:25:40,6650.0,124441
2021-05-21 10:25:41,6650.45,124447
2021-05-21 10:25:42,6650.45,124447
2021-05-21 10:25:43,6650.45,124447
2021-05-21 10:25:45,6650.45,124447
2021-05-21 10:25:46,6650.45,124447
2021-05-21 10:25:47,6650.45,124447
2021-05-21 10:25:48,6650.45,124447
2021-05-21 10:25:49,6650.45,124447
2021-05-21 10:25:50,6650.45,124447
2021-05-21 10:25:51,6650.0,124448
2021-05-21 10:25:52,6650.0,124448
2021-05-21 10:25:53,6650.0,124448
2021-05-21 10:25:54,6650.0,124473
2021-05-21 10:25:56,6650.0,124473
2021-05-21 10:25:57,6650.0,124473
2021-05-21 10:25:58,6650.05,124575
2021-05-21 10:25:58,6650.05,124575
2021-05-21 10:25:59,6650.05,124575
2021-05-21 10:26:00,6650.25,124579
2021-05-21 10:26:01,6650.5,124594
2021-05-21 10:26:02,6650.5,124594
2021-05-21 10:26:03,6650.5,124594
2021-05-21 10:26:04,6650.5,124594
2021-05-21 10:26:05,6650.5,124606
2021-05-21 10:26:06,6650.5,124606
2021-05-21 10:26:07,6650.5,124606
2021-05-21 10:26:08,6650.5,124606
2021-05-21 10:26:09,6650.5,124606
2021-05-21 10:26:10,6650.5,124609
2021-05-21 10:26:11,6650.5,124609
2021-05-21 10:26:12,6650.5,124609
2021-05-21 10:26:14,6650.5,124609
2021-05-21 10:26:15,6650.5,124609
2021-05-21 10:26:15,6650.5,124609
2021-05-21 10:26:16,6650.5,124609
2021-05-21 10:26:17,6650.45,124610
2021-05-21 10:26:18,6650.45,124610
2021-05-21 10:26:19,6650.0,124635
2021-05-21 10:26:20,6650.0,124635
2021-05-21 10:26:21,6650.0,124635
2021-05-21 10:26:22,6650.0,124635
2021-05-21 10:26:24,6650.0,124635
2021-05-21 10:26:25,6650.0,124635
2021-05-21 10:26:25,6650.0,124636
2021-05-21 10:26:26,6650.45,124637
2021-05-21 10:26:27,6650.45,124637
2021-05-21 10:26:29,6650.45,124637
2021-05-21 10:26:30,6650.45,124637
2021-05-21 10:26:31,6650.0,124651
2021-05-21 10:26:32,6650.45,124652
2021-05-21 10:26:33,6650.0,124656
2021-05-21 10:26:34,6650.0,124656
2021-05-21 10:26:35,6650.45,124668
2021-05-21 10:26:36,6650.45,124668
2021-05-21 10:26:36,6650.45,124668
2021-05-21 10:26:37,6650.45,124668
2021-05-21 10:26:38,6650.45,124668
2021-05-21 10:26:40,6650.45,124668
2021-05-21 10:26:41,6650.45,124668
2021-05-21 10:26:42,6650.45,124668
2021-05-21 10:26:43,6650.5,124673
2021-05-21 10:26:44,6650.5,124683
2021-05-21 10:26:46,6650.5,124683
2021-05-21 10:26:47,6650.5,124683
2021-05-21 10:26:48,6650.5,124683
2021-05-21 10:26:48,6650.5,124683
2021-05-21 10:26:49,6650.5,124683
2021-05-21 10:26:50,6650.0,124684
2021-05-21 10:26:51,6650.0,124684
2021-05-21 10:26:52,6650.0,124685
2021-05-21 10:26:54,6650.5,124735
2021-05-21 10:26:55,6650.5,124747
2021-05-21 10:26:56,6650.5,124747
2021-05-21 10:26:57,6650.5,124747
2021-05-21 10:26:59,6650.5,124747
2021-05-21 10:26:59,6650.5,124747
2021-05-21 10:27:02,6650.5,124747
2021-05-21 10:27:03,6651.0,124800
2021-05-21 10:27:04,6651.0,124802
2021-05-21 10:27:05,6651.0,124803
2021-05-21 10:27:06,6651.0,124803
2021-05-21 10:27:06,6651.0,124803
2021-05-21 10:27:08,6651.0,124803
2021-05-21 10:27:10,6651.0,124803
2021-05-21 10:27:11,6651.0,124803
2021-05-21 10:27:12,6654.0,124907
2021-05-21 10:27:12,6654.0,124907
2021-05-21 10:27:13,6654.0,124907
2021-05-21 10:27:14,6653.7,124940
2021-05-21 10:27:15,6653.7,124940
2021-05-21 10:27:16,6653.7,124946
2021-05-21 10:27:17,6654.0,124958
2021-05-21 10:27:18,6651.0,124963
2021-05-21 10:27:19,6654.25,125017
2021-05-21 10:27:20,6654.25,125025
2021-05-21 10:27:21,6654.25,125026
2021-05-21 10:27:22,6654.25,125026
2021-05-21 10:27:23,6654.25,125027
2021-05-21 10:27:25,6654.25,125027
2021-05-21 10:27:26,6654.25,125027
2021-05-21 10:27:27,6654.25,125027
2021-05-21 10:27:28,6654.25,125029
2021-05-21 10:27:30,6654.25,125029
2021-05-21 10:27:31,6654.3,125089
2021-05-21 10:27:32,6654.0,125090
2021-05-21 10:27:33,6654.0,125090
2021-05-21 10:27:34,6651.95,125103
2021-05-21 10:27:34,6651.95,125103
2021-05-21 10:27:35,6651.95,125103
2021-05-21 10:27:36,6651.95,125103
2021-05-21 10:27:37,6651.95,125103
2021-05-21 10:27:38,6651.95,125103
2021-05-21 10:27:39,6654.5,125160
2021-05-21 10:27:40,6654.5,125160
2021-05-21 10:27:41,6654.0,125175
2021-05-21 10:27:42,6654.0,125175
2021-05-21 10:27:43,6654.0,125175
2021-05-21 10:27:44,6654.0,125175
2021-05-21 10:27:45,6654.0,125175
2021-05-21 10:27:46,6654.0,125175
2021-05-21 10:27:47,6654.0,125175
2021-05-21 10:27:49,6654.0,125175
2021-05-21 10:27:49,6654.0,125175
2021-05-21 10:27:50,6654.0,125179
2021-05-21 10:27:51,6654.0,125179
2021-05-21 10:27:52,6654.0,125229
2021-05-21 10:27:53,6654.45,125243
2021-05-21 10:27:55,6654.45,125243
2021-05-21 10:27:56,6654.45,125243
2021-05-21 10:27:57,6654.45,125243
2021-05-21 10:27:58,6654.45,125243
2021-05-21 10:27:59,6654.45,125243
2021-05-21 10:28:00,6654.45,125243
2021-05-21 10:28:01,6654.45,125243
2021-05-21 10:28:02,6654.45,125243
2021-05-21 10:28:03,6654.45,125243
2021-05-21 10:28:04,6654.45,125243
2021-05-21 10:28:05,6654.45,125243
2021-05-21 10:28:06,6654.45,125243
2021-05-21 10:28:07,6654.45,125253
2021-05-21 10:28:08,6654.45,125253
2021-05-21 10:28:09,6654.45,125256
2021-05-21 10:28:11,6654.45,125256
2021-05-21 10:28:12,6654.45,125256
2021-05-21 10:28:13,6654.45,125256
2021-05-21 10:28:14,6654.45,125256
2021-05-21 10:28:15,6654.45,125256
2021-05-21 10:28:16,6654.45,125256
2021-05-21 10:28:18,6654.45,125256
2021-05-21 10:28:18,6654.45,125256
2021-05-21 10:28:19,6653.0,125266
2021-05-21 10:28:20,6653.0,125266
2021-05-21 10:28:21,6653.0,125266
2021-05-21 10:28:22,6653.0,125266
2021-05-21 10:28:23,6653.0,125266
2021-05-21 10:28:24,6653.0,125266
2021-05-21 10:28:25,6647.4,125670
2021-05-21 10:28:27,6649.0,125678
2021-05-21 10:28:28,6651.35,125679
2021-05-21 10:28:29,6651.4,125682
2021-05-21 10:28:30,6651.7,125713
2021-05-21 10:28:31,6651.8,125714
2021-05-21 10:28:31,6652.7,125715
2021-05-21 10:28:33,6653.0,125725
2021-05-21 10:28:34,6653.0,125725
2021-05-21 10:28:35,6653.0,125725
2021-05-21 10:28:35,6653.0,125725
2021-05-21 10:28:36,6649.2,125737
2021-05-21 10:28:38,6653.0,125741
2021-05-21 10:28:38,6653.0,125740
2021-05-21 10:28:39,6653.0,125741
2021-05-21 10:28:40,6653.0,125741
2021-05-21 10:28:41,6653.0,125741
2021-05-21 10:28:42,6653.0,125741
2021-05-21 10:28:43,6653.0,125741
2021-05-21 10:28:45,6653.0,125741
2021-05-21 10:28:46,6653.0,125741
2021-05-21 10:28:47,6653.0,125742
2021-05-21 10:28:48,6653.0,125742
2021-05-21 10:28:49,6653.0,125742
2021-05-21 10:28:52,6653.0,125742
2021-05-21 10:28:53,6653.0,125742
2021-05-21 10:28:53,6653.0,125742
2021-05-21 10:28:55,6653.0,125745
2021-05-21 10:28:56,6653.0,125745
2021-05-21 10:28:57,6653.0,125745
2021-05-21 10:28:58,6653.0,125745
2021-05-21 10:28:59,6653.0,125770
2021-05-21 10:29:00,6653.0,125770
2021-05-21 10:29:01,6653.0,125770
2021-05-21 10:29:02,6653.0,125779
2021-05-21 10:29:04,6653.0,125779
2021-05-21 10:29:05,6653.0,125783
2021-05-21 10:29:06,6653.0,125783
2021-05-21 10:29:07,6650.2,125784
2021-05-21 10:29:08,6650.2,125784
2021-05-21 10:29:09,6650.2,125784
