timestamp,ltp,volume
2021-05-28 09:15:17,759.85,57514
2021-05-28 09:15:17,759.85,57514
2021-05-28 09:15:18,759.5,58351
2021-05-28 09:15:19,758.9,59070
2021-05-28 09:15:20,758.2,60611
2021-05-28 09:15:21,757.35,63701
2021-05-28 09:15:22,757.65,64789
2021-05-28 09:15:24,757.2,66682
2021-05-28 09:15:24,758.25,67008
2021-05-28 09:15:25,757.0,69171
2021-05-28 09:15:26,756.05,71427
2021-05-28 09:15:27,757.85,73287
2021-05-28 09:15:28,757.45,73674
2021-05-28 09:15:29,757.35,74077
2021-05-28 09:15:30,757.9,76723
2021-05-28 09:15:31,758.35,76811
2021-05-28 09:15:32,758.3,78738
2021-05-28 09:15:33,758.55,79035
2021-05-28 09:15:34,758.35,80675
2021-05-28 09:15:35,758.25,97636
2021-05-28 09:15:36,758.8,98149
2021-05-28 09:15:37,758.5,98245
2021-05-28 09:15:38,758.2,101930
2021-05-28 09:15:40,758.5,103041
2021-05-28 09:15:39,758.2,102499
2021-05-28 09:15:41,759.0,104844
2021-05-28 09:15:42,758.85,105748
2021-05-28 09:15:43,758.5,106633
2021-05-28 09:15:44,758.5,106840
2021-05-28 09:15:45,758.2,106938
2021-05-28 09:15:46,758.2,110796
2021-05-28 09:15:47,759.05,111190
2021-05-28 09:15:48,758.65,111920
2021-05-28 09:15:50,758.2,113820
2021-05-28 09:15:50,758.2,113470
2021-05-28 09:15:51,758.05,114003
2021-05-28 09:15:52,758.7,116026
2021-05-28 09:15:53,758.5,118900
2021-05-28 09:15:54,758.05,118963
2021-05-28 09:15:55,758.6,119286
2021-05-28 09:15:56,758.55,119474
2021-05-28 09:15:57,758.2,119657
2021-05-28 09:15:58,758.5,120508
2021-05-28 09:15:59,758.1,122006
2021-05-28 09:16:00,758.5,122961
2021-05-28 09:16:01,758.05,123119
2021-05-28 09:16:02,758.45,123403
2021-05-28 09:16:03,758.0,125608
2021-05-28 09:16:04,757.4,129783
2021-05-28 09:16:06,757.25,135494
2021-05-28 09:16:07,757.75,135823
2021-05-28 09:16:07,757.75,136462
2021-05-28 09:16:08,757.55,138492
2021-05-28 09:16:09,756.75,141402
2021-05-28 09:16:11,756.85,143198
2021-05-28 09:16:12,756.45,149259
2021-05-28 09:16:13,756.75,149733
2021-05-28 09:16:13,756.75,149733
2021-05-28 09:16:14,756.0,150248
2021-05-28 09:16:15,756.25,151475
2021-05-28 09:16:16,756.0,152363
2021-05-28 09:16:17,756.2,152859
2021-05-28 09:16:18,756.55,153452
2021-05-28 09:16:19,755.95,153729
2021-05-28 09:16:20,756.65,154079
2021-05-28 09:16:21,756.25,154639
2021-05-28 09:16:23,757.0,158871
2021-05-28 09:16:23,757.25,158914
2021-05-28 09:16:24,757.0,160086
2021-05-28 09:16:25,757.1,160463
2021-05-28 09:16:26,757.65,160578
2021-05-28 09:16:27,758.0,161813
2021-05-28 09:16:28,758.0,162131
2021-05-28 09:16:29,757.5,162381
2021-05-28 09:16:30,758.0,162510
2021-05-28 09:16:31,757.7,162677
2021-05-28 09:16:32,758.0,162858
2021-05-28 09:16:33,757.9,162903
2021-05-28 09:16:35,757.55,170967
2021-05-28 09:16:36,757.5,171112
2021-05-28 09:16:37,757.8,171507
2021-05-28 09:16:38,758.0,176415
2021-05-28 09:16:40,758.0,176617
2021-05-28 09:16:41,757.75,177253
2021-05-28 09:16:43,757.9,178618
2021-05-28 09:16:44,757.95,179266
2021-05-28 09:16:45,757.35,179985
2021-05-28 09:16:46,757.6,181842
2021-05-28 09:16:48,757.55,182044
2021-05-28 09:16:48,757.9,182547
2021-05-28 09:16:49,757.9,183097
2021-05-28 09:16:50,757.8,183295
2021-05-28 09:16:52,757.85,183451
2021-05-28 09:16:53,757.9,184600
2021-05-28 09:16:54,758.2,187308
2021-05-28 09:16:55,758.0,187513
2021-05-28 09:16:56,758.0,189146
2021-05-28 09:16:57,757.8,189748
2021-05-28 09:16:57,758.0,190683
2021-05-28 09:16:58,758.45,191008
2021-05-28 09:16:59,758.6,191481
2021-05-28 09:17:00,758.45,191932
2021-05-28 09:17:01,757.95,194808
2021-05-28 09:17:02,758.15,195851
2021-05-28 09:17:03,758.0,196223
2021-05-28 09:17:04,758.0,197585
2021-05-28 09:17:06,757.5,199813
2021-05-28 09:17:07,757.25,200245
2021-05-28 09:17:08,757.0,205359
2021-05-28 09:17:09,757.1,205551
2021-05-28 09:17:10,756.5,205951
2021-05-28 09:17:10,757.0,206075
2021-05-28 09:17:11,757.05,207261
2021-05-28 09:17:12,757.0,207401
2021-05-28 09:17:13,757.05,208651
2021-05-28 09:17:15,757.15,209628
2021-05-28 09:17:16,757.15,210037
2021-05-28 09:17:17,757.0,210121
2021-05-28 09:17:18,756.7,210586
2021-05-28 09:17:19,756.5,211873
2021-05-28 09:17:20,756.6,213300
2021-05-28 09:17:22,756.6,213335
2021-05-28 09:17:23,756.65,213494
2021-05-28 09:17:24,756.7,214067
2021-05-28 09:17:24,756.7,214067
2021-05-28 09:17:25,756.85,214387
2021-05-28 09:17:26,756.7,214593
2021-05-28 09:17:27,756.75,214743
2021-05-28 09:17:29,757.0,215292
2021-05-28 09:17:28,756.75,214759
2021-05-28 09:17:30,756.6,216131
2021-05-28 09:17:31,757.15,221766
2021-05-28 09:17:32,757.2,222128
2021-05-28 09:17:33,757.2,222502
2021-05-28 09:17:34,757.65,222523
2021-05-28 09:17:35,757.15,222653
2021-05-28 09:17:36,757.25,222893
2021-05-28 09:17:37,757.55,222951
2021-05-28 09:17:38,757.6,223019
2021-05-28 09:17:39,757.3,223677
2021-05-28 09:17:40,757.8,225021
2021-05-28 09:17:41,757.65,225248
2021-05-28 09:17:43,757.75,229368
2021-05-28 09:17:44,758.0,229474
2021-05-28 09:17:44,757.7,229730
2021-05-28 09:17:45,758.1,229965
2021-05-28 09:17:46,758.1,229988
2021-05-28 09:17:47,758.1,230111
2021-05-28 09:17:48,758.55,230499
2021-05-28 09:17:49,758.5,231309
2021-05-28 09:17:50,758.05,232614
2021-05-28 09:17:51,758.05,232614
2021-05-28 09:17:52,758.5,232798
2021-05-28 09:17:53,758.05,234362
2021-05-28 09:17:54,758.05,234586
2021-05-28 09:17:55,758.05,234586
2021-05-28 09:17:56,758.5,234616
2021-05-28 09:17:57,758.5,235252
2021-05-28 09:17:58,758.1,235539
2021-05-28 09:18:00,758.4,236015
2021-05-28 09:18:01,758.5,236775
2021-05-28 09:18:02,758.7,238800
2021-05-28 09:18:02,758.5,240497
2021-05-28 09:18:03,759.0,252929
2021-05-28 09:18:04,759.1,255653
2021-05-28 09:18:06,759.15,262462
2021-05-28 09:18:07,759.15,262796
2021-05-28 09:18:08,760.0,264708
2021-05-28 09:18:09,759.5,265328
2021-05-28 09:18:10,759.5,265761
2021-05-28 09:18:11,759.35,266577
2021-05-28 09:18:12,759.7,266878
2021-05-28 09:18:13,759.45,266964
2021-05-28 09:18:14,759.4,268645
2021-05-28 09:18:14,759.5,268775
2021-05-28 09:18:15,759.8,269039
2021-05-28 09:18:16,759.5,269759
2021-05-28 09:18:17,759.5,269851
2021-05-28 09:18:18,759.45,269961
2021-05-28 09:18:19,759.35,270602
2021-05-28 09:18:20,759.5,270865
2021-05-28 09:18:21,759.25,272228
2021-05-28 09:18:22,759.4,272878
2021-05-28 09:18:24,759.35,273673
2021-05-28 09:18:25,759.75,274673
2021-05-28 09:18:26,759.7,275523
2021-05-28 09:18:26,759.7,275523
2021-05-28 09:18:27,759.35,275878
2021-05-28 09:18:29,759.85,276875
2021-05-28 09:18:30,759.45,277058
2021-05-28 09:18:31,759.75,277328
2021-05-28 09:18:32,759.75,277464
2021-05-28 09:18:32,759.75,277464
2021-05-28 09:18:33,759.5,277607
2021-05-28 09:18:34,759.7,278182
2021-05-28 09:18:35,759.3,279443
2021-05-28 09:18:36,759.15,280225
2021-05-28 09:18:38,759.0,282936
2021-05-28 09:18:39,758.95,284317
2021-05-28 09:18:40,758.95,284430
2021-05-28 09:18:41,759.0,284488
2021-05-28 09:18:42,758.55,284988
2021-05-28 09:18:42,759.0,285018
2021-05-28 09:18:43,758.5,285506
2021-05-28 09:18:44,758.0,285627
2021-05-28 09:18:46,758.5,285650
2021-05-28 09:18:46,758.75,285658
2021-05-28 09:18:47,758.8,287179
2021-05-28 09:18:48,758.9,287784
2021-05-28 09:18:49,758.95,288039
2021-05-28 09:18:51,759.0,288104
2021-05-28 09:18:51,758.55,288224
2021-05-28 09:18:53,758.65,291249
2021-05-28 09:18:54,758.65,291949
2021-05-28 09:18:54,759.0,291959
2021-05-28 09:18:55,758.65,292384
2021-05-28 09:18:57,758.9,293654
2021-05-28 09:18:58,758.75,293884
2021-05-28 09:18:58,758.75,293994
2021-05-28 09:19:00,758.55,295476
2021-05-28 09:19:01,757.95,298249
2021-05-28 09:19:02,758.4,300280
2021-05-28 09:19:02,758.4,300320
2021-05-28 09:19:03,758.0,300330
2021-05-28 09:19:04,758.4,300571
2021-05-28 09:19:05,758.0,300639
2021-05-28 09:19:06,758.05,300924
2021-05-28 09:19:07,758.1,301981
2021-05-28 09:19:08,758.55,302101
2021-05-28 09:19:10,758.1,302177
2021-05-28 09:19:11,758.05,303541
2021-05-28 09:19:12,758.0,304645
2021-05-28 09:19:13,758.7,305945
2021-05-28 09:19:13,758.15,305956
2021-05-28 09:19:15,758.05,306106
2021-05-28 09:19:16,758.0,306156
2021-05-28 09:19:17,758.15,306330
2021-05-28 09:19:18,758.55,306509
2021-05-28 09:19:19,758.45,307242
2021-05-28 09:19:20,758.0,307697
2021-05-28 09:19:21,758.6,308533
2021-05-28 09:19:22,758.1,309139
2021-05-28 09:19:23,758.4,309819
2021-05-28 09:19:24,758.4,309819
2021-05-28 09:19:26,758.2,309869
2021-05-28 09:19:27,758.0,309896
2021-05-28 09:19:28,758.2,310158
2021-05-28 09:19:28,758.2,310158
2021-05-28 09:19:29,758.0,310213
2021-05-28 09:19:30,758.45,311492
2021-05-28 09:19:32,758.1,311637
2021-05-28 09:19:33,758.5,311638
2021-05-28 09:19:34,758.2,311642
2021-05-28 09:19:35,758.25,311712
2021-05-28 09:19:35,758.25,311732
2021-05-28 09:19:36,758.4,311751
2021-05-28 09:19:37,758.45,312304
2021-05-28 09:19:38,758.45,313005
2021-05-28 09:19:39,758.45,313135
2021-05-28 09:19:40,758.4,313136
2021-05-28 09:19:41,758.3,313686
2021-05-28 09:19:42,758.35,313687
2021-05-28 09:19:43,758.4,313799
2021-05-28 09:19:44,758.15,313875
2021-05-28 09:19:46,758.45,314137
2021-05-28 09:19:46,758.4,313937
2021-05-28 09:19:48,758.4,314336
2021-05-28 09:19:49,758.4,314336
2021-05-28 09:19:50,758.1,314441
2021-05-28 09:19:51,758.1,317595
2021-05-28 09:19:52,758.1,317647
2021-05-28 09:19:53,758.25,317847
2021-05-28 09:19:54,758.0,318204
2021-05-28 09:19:55,757.8,319255
2021-05-28 09:19:57,758.0,321316
2021-05-28 09:19:58,757.65,321767
2021-05-28 09:19:59,758.0,321854
2021-05-28 09:19:59,758.1,321791
2021-05-28 09:20:00,758.1,322937
2021-05-28 09:20:01,758.3,323125
2021-05-28 09:20:02,758.2,323311
2021-05-28 09:20:03,758.2,323323
2021-05-28 09:20:04,758.2,323426
2021-05-28 09:20:06,758.1,323976
2021-05-28 09:20:07,758.85,330855
2021-05-28 09:20:08,758.75,331477
2021-05-28 09:20:09,758.65,331723
2021-05-28 09:20:09,758.65,331722
2021-05-28 09:20:10,758.75,333746
2021-05-28 09:20:11,758.9,333756
2021-05-28 09:20:12,758.7,333799
2021-05-28 09:20:13,759.0,333879
2021-05-28 09:20:15,758.85,334307
2021-05-28 09:20:16,759.0,334665
2021-05-28 09:20:16,759.0,334669
2021-05-28 09:20:17,759.0,335011
2021-05-28 09:20:19,758.8,335279
2021-05-28 09:20:20,759.0,335280
2021-05-28 09:20:22,758.9,335514
2021-05-28 09:20:23,758.9,335623
2021-05-28 09:20:23,758.9,335623
2021-05-28 09:20:24,758.9,336009
2021-05-28 09:20:25,758.9,336036
2021-05-28 09:20:26,758.8,336185
2021-05-28 09:20:27,758.5,336717
2021-05-28 09:20:29,758.65,337074
2021-05-28 09:20:30,758.7,337170
2021-05-28 09:20:31,758.75,337981
2021-05-28 09:20:32,758.8,338452
2021-05-28 09:20:32,758.8,338452
2021-05-28 09:20:33,758.8,338508
2021-05-28 09:20:34,758.4,338518
2021-05-28 09:20:35,758.8,338548
2021-05-28 09:20:36,758.85,338723
2021-05-28 09:20:38,758.45,339740
2021-05-28 09:20:39,758.2,340020
2021-05-28 09:20:40,758.4,340408
2021-05-28 09:20:41,758.45,340660
2021-05-28 09:20:41,758.5,340670
2021-05-28 09:20:42,758.5,340682
2021-05-28 09:20:43,758.6,340791
2021-05-28 09:20:44,758.5,340945
2021-05-28 09:20:45,758.0,346330
2021-05-28 09:20:46,757.95,347849
2021-05-28 09:20:48,758.65,348056
2021-05-28 09:20:49,758.55,348280
2021-05-28 09:20:50,758.25,348368
2021-05-28 09:20:50,758.55,348383
2021-05-28 09:20:51,758.25,348516
2021-05-28 09:20:52,758.55,348781
2021-05-28 09:20:53,758.6,348837
2021-05-28 09:20:54,758.55,349002
2021-05-28 09:20:55,758.55,349204
2021-05-28 09:20:56,758.25,351764
2021-05-28 09:20:57,758.25,351802
2021-05-28 09:20:59,758.45,351980
2021-05-28 09:21:00,758.5,352580
2021-05-28 09:21:00,758.5,352580
2021-05-28 09:21:01,758.5,352605
2021-05-28 09:21:02,758.5,352605
2021-05-28 09:21:03,758.5,352615
2021-05-28 09:21:04,758.25,352623
2021-05-28 09:21:05,758.25,352673
2021-05-28 09:21:06,758.5,352733
2021-05-28 09:21:07,757.7,357671
2021-05-28 09:21:08,757.45,357721
2021-05-28 09:21:09,757.75,357729
2021-05-28 09:21:10,757.85,357779
2021-05-28 09:21:11,757.45,358444
2021-05-28 09:21:12,757.7,358952
2021-05-28 09:21:14,757.0,363975
2021-05-28 09:21:15,757.2,364094
2021-05-28 09:21:15,757.2,364144
2021-05-28 09:21:16,756.85,364164
2021-05-28 09:21:17,756.85,364164
2021-05-28 09:21:18,756.55,364285
2021-05-28 09:21:19,756.55,364285
2021-05-28 09:21:21,756.65,364324
2021-05-28 09:21:22,757.15,364677
2021-05-28 09:21:22,757.15,364677
2021-05-28 09:21:23,757.0,364691
2021-05-28 09:21:24,757.2,364791
2021-05-28 09:21:25,757.15,365007
2021-05-28 09:21:27,757.25,365154
2021-05-28 09:21:28,757.15,365324
2021-05-28 09:21:29,757.1,365424
2021-05-28 09:21:30,756.65,365582
2021-05-28 09:21:30,757.0,365647
2021-05-28 09:21:31,756.85,365717
2021-05-28 09:21:32,756.85,365794
2021-05-28 09:21:33,756.8,365894
2021-05-28 09:21:35,756.85,366090
2021-05-28 09:21:36,756.85,366140
2021-05-28 09:21:37,757.0,366191
2021-05-28 09:21:38,757.0,366366
2021-05-28 09:21:39,756.85,366516
2021-05-28 09:21:40,757.0,366591
2021-05-28 09:21:41,757.0,367468
2021-05-28 09:21:43,757.15,368529
2021-05-28 09:21:44,757.0,368953
2021-05-28 09:21:45,757.0,368993
2021-05-28 09:21:47,757.0,369026
2021-05-28 09:21:48,757.0,369028
2021-05-28 09:21:48,756.7,369128
2021-05-28 09:21:49,757.0,369263
2021-05-28 09:21:50,757.0,369263
2021-05-28 09:21:51,756.8,369543
2021-05-28 09:21:52,756.85,369589
2021-05-28 09:21:53,756.85,369838
2021-05-28 09:21:54,757.0,369948
2021-05-28 09:21:55,756.85,369968
2021-05-28 09:21:56,757.0,370043
2021-05-28 09:21:57,756.85,370059
2021-05-28 09:21:58,756.85,370059
2021-05-28 09:21:59,756.5,372352
2021-05-28 09:22:00,756.5,377750
2021-05-28 09:22:01,756.3,377755
2021-05-28 09:22:02,756.6,377905
2021-05-28 09:22:03,756.6,378035
2021-05-28 09:22:04,756.7,378046
2021-05-28 09:22:05,756.7,378046
2021-05-28 09:22:06,756.45,379311
2021-05-28 09:22:08,756.75,379316
2021-05-28 09:22:09,756.55,379559
2021-05-28 09:22:10,756.5,379991
2021-05-28 09:22:10,756.5,379991
2021-05-28 09:22:11,756.5,379991
2021-05-28 09:22:13,756.75,380884
2021-05-28 09:22:14,756.75,381117
2021-05-28 09:22:15,756.75,381153
2021-05-28 09:22:17,756.75,381191
2021-05-28 09:22:18,756.7,381696
2021-05-28 09:22:19,757.2,387630
2021-05-28 09:22:20,757.45,389165
2021-05-28 09:22:20,757.45,389165
2021-05-28 09:22:21,757.1,391756
2021-05-28 09:22:22,757.1,391756
2021-05-28 09:22:23,757.2,391843
2021-05-28 09:22:24,757.2,391843
2021-05-28 09:22:25,756.75,392569
2021-05-28 09:22:26,757.0,393424
2021-05-28 09:22:27,757.2,395745
2021-05-28 09:22:28,756.85,395890
2021-05-28 09:22:29,757.0,395970
2021-05-28 09:22:31,756.8,396130
2021-05-28 09:22:33,756.8,396737
2021-05-28 09:22:33,757.15,396746
2021-05-28 09:22:34,757.2,397312
2021-05-28 09:22:35,757.1,397512
2021-05-28 09:22:36,757.1,397512
2021-05-28 09:22:37,757.0,397632
2021-05-28 09:22:38,757.2,397732
2021-05-28 09:22:39,756.9,397832
2021-05-28 09:22:40,756.9,397962
2021-05-28 09:22:41,757.3,399001
2021-05-28 09:22:42,757.3,399086
2021-05-28 09:22:43,756.8,400081
2021-05-28 09:22:44,756.8,400081
2021-05-28 09:22:45,757.25,400181
2021-05-28 09:22:46,757.0,402087
2021-05-28 09:22:47,757.05,402232
2021-05-28 09:22:48,756.6,403327
2021-05-28 09:22:49,757.15,404449
2021-05-28 09:22:50,756.75,405073
2021-05-28 09:22:51,756.6,405659
2021-05-28 09:22:52,756.5,407940
2021-05-28 09:22:53,756.75,408488
2021-05-28 09:22:54,756.6,408593
2021-05-28 09:22:55,755.85,426170
2021-05-28 09:22:56,755.85,426190
2021-05-28 09:22:57,755.9,426290
2021-05-28 09:22:58,756.0,426616
2021-05-28 09:22:59,756.0,426665
2021-05-28 09:23:00,755.75,426715
2021-05-28 09:23:01,756.05,426916
2021-05-28 09:23:02,756.0,426964
2021-05-28 09:23:03,756.35,426972
2021-05-28 09:23:04,755.75,427072
2021-05-28 09:23:05,756.15,427322
2021-05-28 09:23:06,756.0,427885
2021-05-28 09:23:08,756.0,428100
2021-05-28 09:23:09,756.0,428315
2021-05-28 09:23:10,756.0,428631
2021-05-28 09:23:11,756.0,428737
2021-05-28 09:23:12,756.4,429142
2021-05-28 09:23:13,756.05,429202
2021-05-28 09:23:15,756.5,429516
2021-05-28 09:23:16,756.6,429671
2021-05-28 09:23:17,756.6,430276
2021-05-28 09:23:18,756.05,430380
2021-05-28 09:23:19,756.1,430485
2021-05-28 09:23:20,756.55,431121
2021-05-28 09:23:21,756.5,431522
2021-05-28 09:23:22,756.5,431824
2021-05-28 09:23:23,756.8,432246
2021-05-28 09:23:24,756.8,432311
2021-05-28 09:23:25,756.6,432630
2021-05-28 09:23:26,756.8,432680
2021-05-28 09:23:27,756.8,432680
2021-05-28 09:23:28,756.6,432880
2021-05-28 09:23:29,756.6,433044
2021-05-28 09:23:30,756.6,433318
2021-05-28 09:23:30,756.6,433319
2021-05-28 09:23:31,756.75,433519
2021-05-28 09:23:32,756.8,433554
2021-05-28 09:23:33,756.8,433554
2021-05-28 09:23:34,756.85,433955
2021-05-28 09:23:35,756.6,434077
2021-05-28 09:23:36,756.85,434111
2021-05-28 09:23:37,756.85,434170
2021-05-28 09:23:38,757.0,435070
2021-05-28 09:23:39,756.8,435081
2021-05-28 09:23:40,756.8,435081
2021-05-28 09:23:41,756.5,435248
2021-05-28 09:23:42,756.9,436754
2021-05-28 09:23:43,757.0,441352
2021-05-28 09:23:44,756.95,441543
2021-05-28 09:23:45,756.95,441543
2021-05-28 09:23:46,757.0,441557
2021-05-28 09:23:48,757.0,441567
2021-05-28 09:23:49,757.1,442337
2021-05-28 09:23:50,757.45,444433
2021-05-28 09:23:51,757.5,444576
2021-05-28 09:23:52,757.1,444826
2021-05-28 09:23:53,757.0,444881
2021-05-28 09:23:54,757.45,445132
2021-05-28 09:23:55,757.45,445222
2021-05-28 09:23:56,757.05,445372
2021-05-28 09:23:57,757.5,445632
2021-05-28 09:23:58,757.1,445952
2021-05-28 09:23:59,757.1,447328
2021-05-28 09:23:59,757.1,447328
2021-05-28 09:24:00,757.6,447654
2021-05-28 09:24:01,757.9,447969
2021-05-28 09:24:02,757.95,448169
2021-05-28 09:24:03,757.95,448180
2021-05-28 09:24:04,757.95,448230
2021-05-28 09:24:05,757.5,448235
2021-05-28 09:24:06,757.75,448272
2021-05-28 09:24:07,757.95,448591
2021-05-28 09:24:08,757.9,448691
2021-05-28 09:24:09,757.6,448953
2021-05-28 09:24:10,758.0,449703
2021-05-28 09:24:11,757.8,449732
2021-05-28 09:24:12,757.9,449782
2021-05-28 09:24:14,758.0,449932
2021-05-28 09:24:15,758.0,449988
2021-05-28 09:24:16,758.5,456826
2021-05-28 09:24:17,758.5,456926
2021-05-28 09:24:18,758.2,457031
2021-05-28 09:24:19,758.15,457132
2021-05-28 09:24:20,758.2,458184
2021-05-28 09:24:21,758.15,458187
2021-05-28 09:24:21,758.15,458187
2021-05-28 09:24:22,758.15,458187
2021-05-28 09:24:23,758.7,460145
2021-05-28 09:24:24,758.75,460164
2021-05-28 09:24:25,758.4,460767
2021-05-28 09:24:26,758.7,462768
2021-05-28 09:24:27,758.45,462788
2021-05-28 09:24:28,758.45,463168
2021-05-28 09:24:29,758.45,463288
2021-05-28 09:24:30,758.75,464661
2021-05-28 09:24:31,758.75,464711
2021-05-28 09:24:32,758.45,464806
2021-05-28 09:24:33,758.95,467459
2021-05-28 09:24:34,758.55,467502
2021-05-28 09:24:35,758.75,467513
2021-05-28 09:24:36,759.0,467666
2021-05-28 09:24:38,759.0,467715
2021-05-28 09:24:39,758.75,467726
2021-05-28 09:24:40,759.0,468075
2021-05-28 09:24:41,759.0,468734
2021-05-28 09:24:43,758.95,468897
2021-05-28 09:24:44,758.95,469532
2021-05-28 09:24:45,758.5,469942
2021-05-28 09:24:46,758.75,471093
2021-05-28 09:24:47,758.85,471788
2021-05-28 09:24:48,758.6,472005
2021-05-28 09:24:49,758.75,472115
2021-05-28 09:24:50,758.9,472546
2021-05-28 09:24:51,758.75,472550
2021-05-28 09:24:52,758.9,472599
2021-05-28 09:24:53,758.9,472699
2021-05-28 09:24:54,758.6,472709
2021-05-28 09:24:55,758.85,472934
2021-05-28 09:24:56,758.6,473054
2021-05-28 09:24:57,758.85,473065
2021-05-28 09:24:58,758.85,473474
2021-05-28 09:24:59,758.9,474274
2021-05-28 09:25:00,758.75,474294
2021-05-28 09:25:01,758.15,476134
2021-05-28 09:25:02,758.4,476249
2021-05-28 09:25:03,758.55,476501
2021-05-28 09:25:04,758.0,476831
2021-05-28 09:25:05,758.0,478916
2021-05-28 09:25:06,757.25,479871
2021-05-28 09:25:07,757.45,480176
2021-05-28 09:25:08,757.4,480416
2021-05-28 09:25:09,757.45,480893
2021-05-28 09:25:10,757.55,480900
2021-05-28 09:25:11,757.7,481104
2021-05-28 09:25:12,757.95,481176
2021-05-28 09:25:13,757.95,481196
2021-05-28 09:25:14,757.95,481196
2021-05-28 09:25:14,758.05,481697
2021-05-28 09:25:15,758.05,482097
2021-05-28 09:25:16,758.0,482158
2021-05-28 09:25:17,757.75,482168
2021-05-28 09:25:18,758.0,482580
2021-05-28 09:25:19,758.0,483152
2021-05-28 09:25:20,757.65,483813
2021-05-28 09:25:21,757.5,483937
2021-05-28 09:25:22,757.5,484069
2021-05-28 09:25:23,757.15,485662
2021-05-28 09:25:24,757.0,486171
2021-05-28 09:25:25,757.0,486178
2021-05-28 09:25:26,757.15,486203
2021-05-28 09:25:27,757.35,486359
2021-05-28 09:25:28,757.35,486564
2021-05-28 09:25:29,757.35,486670
2021-05-28 09:25:30,757.65,488786
2021-05-28 09:25:31,757.35,488804
2021-05-28 09:25:32,757.35,488840
2021-05-28 09:25:33,757.95,488895
2021-05-28 09:25:34,757.45,489001
2021-05-28 09:25:35,757.85,489060
2021-05-28 09:25:36,757.75,489087
2021-05-28 09:25:37,757.25,489197
2021-05-28 09:25:38,757.5,489198
2021-05-28 09:25:39,757.5,489210
2021-05-28 09:25:40,757.2,489229
2021-05-28 09:25:41,756.8,493319
2021-05-28 09:25:42,756.95,493330
2021-05-28 09:25:43,756.95,493330
2021-05-28 09:25:44,756.95,493975
2021-05-28 09:25:45,757.0,495225
2021-05-28 09:25:46,757.1,495345
2021-05-28 09:25:47,757.0,495478
2021-05-28 09:25:48,756.65,495674
2021-05-28 09:25:49,757.0,496015
2021-05-28 09:25:50,756.55,496236
2021-05-28 09:25:51,756.55,496262
2021-05-28 09:25:52,756.55,496308
2021-05-28 09:25:53,756.9,496358
2021-05-28 09:25:54,756.85,496458
2021-05-28 09:25:55,756.55,496549
2021-05-28 09:25:57,756.8,496799
2021-05-28 09:25:58,756.5,496837
2021-05-28 09:25:59,756.85,496887
2021-05-28 09:26:00,756.9,497437
2021-05-28 09:26:01,756.55,497462
2021-05-28 09:26:02,756.55,497569
2021-05-28 09:26:03,756.6,499630
2021-05-28 09:26:04,756.6,499660
2021-05-28 09:26:05,756.95,499760
2021-05-28 09:26:06,756.95,499853
2021-05-28 09:26:07,756.6,499903
2021-05-28 09:26:08,756.95,500013
2021-05-28 09:26:09,756.95,500013
2021-05-28 09:26:10,756.2,504022
2021-05-28 09:26:11,756.6,504624
2021-05-28 09:26:12,756.6,504624
2021-05-28 09:26:13,756.65,506152
2021-05-28 09:26:13,756.65,506152
2021-05-28 09:26:14,756.65,506152
2021-05-28 09:26:15,756.65,506159
2021-05-28 09:26:16,756.6,506170
2021-05-28 09:26:17,756.55,507364
2021-05-28 09:26:18,756.6,507968
2021-05-28 09:26:19,756.65,507978
2021-05-28 09:26:20,756.3,508031
2021-05-28 09:26:21,756.55,508033
2021-05-28 09:26:22,756.55,508209
2021-05-28 09:26:23,756.55,508341
2021-05-28 09:26:24,756.55,508564
2021-05-28 09:26:25,756.85,509592
2021-05-28 09:26:26,756.4,510047
2021-05-28 09:26:27,756.8,510232
2021-05-28 09:26:28,756.8,510233
2021-05-28 09:26:29,756.35,510407
2021-05-28 09:26:30,756.6,510713
2021-05-28 09:26:31,756.25,510789
2021-05-28 09:26:32,756.75,511001
2021-05-28 09:26:33,756.5,511276
2021-05-28 09:26:34,756.8,511295
2021-05-28 09:26:35,756.8,511308
2021-05-28 09:26:36,756.8,511308
2021-05-28 09:26:37,756.9,511657
2021-05-28 09:26:38,756.9,511663
2021-05-28 09:26:40,756.9,511693
2021-05-28 09:26:41,756.9,511693
2021-05-28 09:26:42,756.9,511693
2021-05-28 09:26:43,756.8,511794
2021-05-28 09:26:44,756.7,511804
2021-05-28 09:26:45,756.9,511986
2021-05-28 09:26:46,756.9,511986
2021-05-28 09:26:47,756.95,512165
2021-05-28 09:26:48,756.9,512227
2021-05-28 09:26:49,756.5,512837
2021-05-28 09:26:50,756.3,512942
2021-05-28 09:26:51,756.1,516997
2021-05-28 09:26:52,756.1,516997
2021-05-28 09:26:53,756.1,516997
2021-05-28 09:26:54,756.0,517298
2021-05-28 09:26:55,756.1,517504
2021-05-28 09:26:56,756.5,517713
2021-05-28 09:26:57,756.5,518336
2021-05-28 09:26:58,756.15,518536
2021-05-28 09:26:59,756.5,518541
2021-05-28 09:27:00,756.5,518803
2021-05-28 09:27:01,756.2,518828
2021-05-28 09:27:02,756.2,518843
2021-05-28 09:27:03,756.3,518848
2021-05-28 09:27:04,756.5,519348
2021-05-28 09:27:05,756.5,519453
2021-05-28 09:27:06,756.5,519456
2021-05-28 09:27:07,756.5,519524
2021-05-28 09:27:08,756.5,519524
2021-05-28 09:27:09,756.3,519538
2021-05-28 09:27:10,756.45,520798
2021-05-28 09:27:11,756.4,520890
2021-05-28 09:27:12,756.45,521101
2021-05-28 09:27:13,756.3,521111
2021-05-28 09:27:13,756.3,521111
2021-05-28 09:27:14,756.1,521141
2021-05-28 09:27:15,756.5,521471
2021-05-28 09:27:16,756.5,521471
2021-05-28 09:27:17,756.5,521481
2021-05-28 09:27:18,756.5,521501
2021-05-28 09:27:19,756.25,522301
2021-05-28 09:27:21,756.5,522316
2021-05-28 09:27:22,756.5,522316
2021-05-28 09:27:23,756.5,522390
2021-05-28 09:27:25,756.5,522639
2021-05-28 09:27:26,756.25,522644
2021-05-28 09:27:30,756.5,523129
2021-05-28 09:27:31,756.4,524701
2021-05-28 09:27:32,756.55,524711
2021-05-28 09:27:33,756.5,524722
2021-05-28 09:27:34,756.5,524812
2021-05-28 09:27:35,756.5,524867
2021-05-28 09:27:36,756.5,524892
2021-05-28 09:27:37,756.5,525508
2021-05-28 09:27:38,756.4,525913
2021-05-28 09:27:39,756.5,526138
2021-05-28 09:27:40,756.5,526150
2021-05-28 09:27:41,756.4,526220
2021-05-28 09:27:42,756.4,527071
2021-05-28 09:27:43,756.5,527087
2021-05-28 09:27:44,756.3,527187
2021-05-28 09:27:45,756.5,527212
2021-05-28 09:27:46,756.3,527698
2021-05-28 09:27:47,756.25,527798
2021-05-28 09:27:48,756.25,527798
2021-05-28 09:27:49,756.4,527830
2021-05-28 09:27:50,756.4,528043
2021-05-28 09:27:51,756.4,528074
2021-05-28 09:27:52,756.4,528115
2021-05-28 09:27:53,756.25,528151
2021-05-28 09:27:54,756.15,529231
2021-05-28 09:27:55,756.35,529288
2021-05-28 09:27:56,756.25,529830
2021-05-28 09:27:57,756.45,530040
2021-05-28 09:27:58,756.4,530140
2021-05-28 09:27:59,756.45,530279
2021-05-28 09:28:00,756.5,530700
2021-05-28 09:28:01,756.5,530743
2021-05-28 09:28:02,756.45,532119
2021-05-28 09:28:03,756.5,532175
2021-05-28 09:28:04,756.5,532267
2021-05-28 09:28:05,756.5,532267
2021-05-28 09:28:06,756.5,532272
2021-05-28 09:28:06,756.5,532503
2021-05-28 09:28:07,756.5,532508
2021-05-28 09:28:08,756.5,532508
2021-05-28 09:28:10,756.45,533178
2021-05-28 09:28:11,756.5,533279
2021-05-28 09:28:12,756.45,533347
2021-05-28 09:28:13,756.45,533357
2021-05-28 09:28:14,756.45,533357
2021-05-28 09:28:15,756.45,533357
2021-05-28 09:28:16,756.45,533367
2021-05-28 09:28:17,756.45,533371
2021-05-28 09:28:18,756.45,533531
2021-05-28 09:28:19,756.45,533597
2021-05-28 09:28:20,756.45,533597
2021-05-28 09:28:21,756.3,534079
2021-05-28 09:28:23,756.45,534390
2021-05-28 09:28:24,756.45,534491
2021-05-28 09:28:25,756.5,534634
2021-05-28 09:28:26,756.5,535452
2021-05-28 09:28:28,756.5,535453
2021-05-28 09:28:29,756.5,535633
2021-05-28 09:28:30,756.5,535647
2021-05-28 09:28:31,756.5,535647
2021-05-28 09:28:32,756.5,535654
2021-05-28 09:28:33,756.5,535657
2021-05-28 09:28:33,756.5,535658
2021-05-28 09:28:35,756.5,535677
2021-05-28 09:28:35,756.55,537533
2021-05-28 09:28:36,756.5,537548
2021-05-28 09:28:37,756.5,537548
2021-05-28 09:28:38,756.7,537611
2021-05-28 09:28:39,756.9,538112
2021-05-28 09:28:40,756.5,538172
2021-05-28 09:28:42,756.9,538183
2021-05-28 09:28:43,756.55,538193
2021-05-28 09:28:44,756.55,538193
2021-05-28 09:28:45,756.9,538303
2021-05-28 09:28:46,756.6,538461
2021-05-28 09:28:47,756.8,538504
2021-05-28 09:28:48,756.8,538544
2021-05-28 09:28:49,756.8,539884
2021-05-28 09:28:50,756.9,540285
2021-05-28 09:28:51,757.0,540912
2021-05-28 09:28:52,756.9,540975
2021-05-28 09:28:53,756.6,540978
2021-05-28 09:28:55,756.6,541375
2021-05-28 09:28:56,756.6,541405
2021-05-28 09:28:57,756.95,541821
2021-05-28 09:28:58,756.95,541821
2021-05-28 09:28:59,756.95,541921
2021-05-28 09:29:00,756.95,541921
2021-05-28 09:29:01,756.9,542032
2021-05-28 09:29:02,757.0,542095
2021-05-28 09:29:03,756.95,542171
2021-05-28 09:29:04,757.0,542743
2021-05-28 09:29:05,757.0,542793
2021-05-28 09:29:06,756.9,542894
2021-05-28 09:29:07,756.9,542928
2021-05-28 09:29:08,756.9,542936
2021-05-28 09:29:09,757.0,542983
2021-05-28 09:29:10,757.0,542988
2021-05-28 09:29:11,757.0,542988
2021-05-28 09:29:12,757.0,542988
2021-05-28 09:29:13,757.0,542988
2021-05-28 09:29:14,756.95,543098
2021-05-28 09:29:15,756.95,543191
2021-05-28 09:29:16,756.95,543191
2021-05-28 09:29:17,756.95,543191
2021-05-28 09:29:17,756.95,543191
2021-05-28 09:29:18,756.9,543245
2021-05-28 09:29:19,757.0,543258
2021-05-28 09:29:21,757.0,543486
2021-05-28 09:29:21,757.0,543486
2021-05-28 09:29:22,757.0,543640
2021-05-28 09:29:23,757.0,543640
2021-05-28 09:29:25,756.9,543866
2021-05-28 09:29:26,756.75,544318
2021-05-28 09:29:27,756.75,544318
2021-05-28 09:29:28,756.75,544318
2021-05-28 09:29:29,756.6,551671
2021-05-28 09:29:30,756.3,551876
2021-05-28 09:29:32,756.6,552098
2021-05-28 09:29:33,756.5,552176
2021-05-28 09:29:34,756.6,552832
2021-05-28 09:29:35,756.7,553120
2021-05-28 09:29:36,756.7,553170
2021-05-28 09:29:37,756.65,553172
2021-05-28 09:29:38,756.65,553172
2021-05-28 09:29:39,756.5,553884
2021-05-28 09:29:40,756.65,553984
2021-05-28 09:29:41,756.65,554502
2021-05-28 09:29:42,756.25,554633
2021-05-28 09:29:43,756.25,554633
2021-05-28 09:29:44,756.4,554743
2021-05-28 09:29:45,756.4,554750
2021-05-28 09:29:45,756.4,554900
2021-05-28 09:29:46,756.7,555900
2021-05-28 09:29:48,756.7,556451
2021-05-28 09:29:48,756.7,556451
2021-05-28 09:29:49,756.3,557038
2021-05-28 09:29:50,756.55,558658
2021-05-28 09:29:51,756.55,558658
2021-05-28 09:29:53,756.6,558708
2021-05-28 09:29:54,756.6,558708
2021-05-28 09:29:55,756.5,559959
2021-05-28 09:29:56,756.55,560257
2021-05-28 09:29:57,756.65,560318
2021-05-28 09:29:57,756.55,560262
2021-05-28 09:29:58,756.6,560908
2021-05-28 09:30:00,756.6,561072
2021-05-28 09:30:00,756.6,561072
2021-05-28 09:30:02,756.7,563264
2021-05-28 09:30:03,756.7,563374
2021-05-28 09:30:04,756.7,563398
2021-05-28 09:30:05,756.35,563611
2021-05-28 09:30:06,756.65,563636
2021-05-28 09:30:07,756.7,563660
2021-05-28 09:30:08,756.75,563788
2021-05-28 09:30:09,756.6,563813
2021-05-28 09:30:10,756.0,566220
2021-05-28 09:30:11,756.25,566756
2021-05-28 09:30:12,756.3,566861
2021-05-28 09:30:12,756.3,566861
2021-05-28 09:30:14,756.3,566861
2021-05-28 09:30:15,756.3,566861
2021-05-28 09:30:16,755.45,584327
2021-05-28 09:30:17,755.45,584552
2021-05-28 09:30:18,755.25,587293
2021-05-28 09:30:19,755.25,587623
2021-05-28 09:30:19,755.25,587623
2021-05-28 09:30:20,755.05,588648
2021-05-28 09:30:21,755.25,588678
2021-05-28 09:30:22,755.05,588807
2021-05-28 09:30:23,755.05,588977
2021-05-28 09:30:24,755.05,590931
2021-05-28 09:30:25,754.65,615900
2021-05-28 09:30:26,754.55,618123
2021-05-28 09:30:28,754.1,629975
2021-05-28 09:30:29,754.65,630736
2021-05-28 09:30:30,754.9,631482
2021-05-28 09:30:32,754.75,633476
2021-05-28 09:30:32,754.7,633516
2021-05-28 09:30:34,755.0,633527
2021-05-28 09:30:35,754.65,633728
2021-05-28 09:30:36,755.0,633992
2021-05-28 09:30:37,754.65,634721
2021-05-28 09:30:38,754.5,634921
2021-05-28 09:30:39,755.0,635221
2021-05-28 09:30:40,755.0,635227
2021-05-28 09:30:41,755.25,636918
2021-05-28 09:30:42,755.45,643303
2021-05-28 09:30:42,755.5,643414
2021-05-28 09:30:44,755.85,643516
2021-05-28 09:30:45,755.85,643594
2021-05-28 09:30:46,755.85,643594
2021-05-28 09:30:47,755.95,644514
2021-05-28 09:30:48,755.95,644517
2021-05-28 09:30:49,755.7,644878
2021-05-28 09:30:50,755.95,645859
2021-05-28 09:30:51,755.8,645877
2021-05-28 09:30:52,755.8,645990
2021-05-28 09:30:53,756.0,646853
2021-05-28 09:30:54,755.75,646913
2021-05-28 09:30:55,755.75,646913
2021-05-28 09:30:57,756.0,646983
2021-05-28 09:30:58,756.0,646983
2021-05-28 09:30:59,756.0,647033
2021-05-28 09:31:00,756.0,647299
2021-05-28 09:31:01,756.0,648105
2021-05-28 09:31:03,756.4,649994
2021-05-28 09:31:02,756.4,649305
2021-05-28 09:31:04,756.0,650146
2021-05-28 09:31:05,756.5,650658
2021-05-28 09:31:05,756.5,650819
2021-05-28 09:31:06,756.5,651460
2021-05-28 09:31:08,756.85,651639
2021-05-28 09:31:09,756.9,651669
2021-05-28 09:31:10,756.45,652269
2021-05-28 09:31:11,756.5,652470
2021-05-28 09:31:12,757.9,659406
2021-05-28 09:31:13,758.0,669040
2021-05-28 09:31:14,757.95,669149
2021-05-28 09:31:15,758.3,669151
2021-05-28 09:31:16,758.3,669151
2021-05-28 09:31:17,758.1,669744
2021-05-28 09:31:18,758.6,672364
2021-05-28 09:31:19,758.45,672509
2021-05-28 09:31:20,758.3,673539
2021-05-28 09:31:21,758.25,674544
2021-05-28 09:31:22,758.6,675489
2021-05-28 09:31:24,759.0,686111
2021-05-28 09:31:25,758.8,686283
2021-05-28 09:31:26,758.8,686383
2021-05-28 09:31:27,758.75,686609
2021-05-28 09:31:28,758.75,686921
2021-05-28 09:31:28,758.7,687226
2021-05-28 09:31:29,758.85,688009
2021-05-28 09:31:31,758.85,688064
2021-05-28 09:31:32,759.0,688192
2021-05-28 09:31:33,758.6,689071
2021-05-28 09:31:34,758.85,689231
2021-05-28 09:31:35,759.0,691979
2021-05-28 09:31:36,758.8,692935
2021-05-28 09:31:37,758.85,693247
2021-05-28 09:31:37,758.85,693247
2021-05-28 09:31:38,758.85,693400
2021-05-28 09:31:39,758.85,693406
2021-05-28 09:31:41,758.9,694791
2021-05-28 09:31:42,759.0,694891
2021-05-28 09:31:43,759.0,695672
2021-05-28 09:31:44,758.85,695817
2021-05-28 09:31:45,758.65,696338
2021-05-28 09:31:46,758.3,696776
2021-05-28 09:31:47,758.65,697416
2021-05-28 09:31:48,758.7,697536
2021-05-28 09:31:49,758.7,697536
2021-05-28 09:31:50,758.05,698267
2021-05-28 09:31:50,758.1,698217
2021-05-28 09:31:51,758.1,698477
2021-05-28 09:31:52,758.5,698546
2021-05-28 09:31:54,758.8,699009
2021-05-28 09:31:55,758.8,699172
2021-05-28 09:31:56,758.8,699172
2021-05-28 09:31:57,758.3,700977
2021-05-28 09:31:58,758.5,701078
2021-05-28 09:31:59,758.5,701078
2021-05-28 09:32:00,758.5,701128
2021-05-28 09:32:01,758.5,701268
2021-05-28 09:32:02,758.7,701883
2021-05-28 09:32:03,758.5,701893
2021-05-28 09:32:04,758.7,702139
2021-05-28 09:32:05,759.6,721925
2021-05-28 09:32:06,759.9,749260
2021-05-28 09:32:07,760.0,749332
2021-05-28 09:32:08,760.0,750924
2021-05-28 09:32:09,759.7,751053
2021-05-28 09:32:10,759.55,752485
2021-05-28 09:32:11,759.55,752489
2021-05-28 09:32:11,759.85,752690
2021-05-28 09:32:12,759.1,753450
2021-05-28 09:32:14,759.25,754084
2021-05-28 09:32:15,759.2,754134
2021-05-28 09:32:16,759.5,754144
2021-05-28 09:32:17,758.85,754879
2021-05-28 09:32:18,759.4,755949
2021-05-28 09:32:19,759.45,756232
2021-05-28 09:32:20,759.35,756387
2021-05-28 09:32:21,759.4,756849
2021-05-28 09:32:22,759.4,757070
2021-05-28 09:32:22,759.4,757070
2021-05-28 09:32:23,759.4,757144
2021-05-28 09:32:24,759.0,758684
2021-05-28 09:32:25,759.0,758890
2021-05-28 09:32:26,759.05,758895
2021-05-28 09:32:28,759.4,759432
2021-05-28 09:32:29,759.25,760033
2021-05-28 09:32:29,759.1,760034
2021-05-28 09:32:30,759.75,764713
2021-05-28 09:32:31,760.4,778216
2021-05-28 09:32:32,760.6,778568
2021-05-28 09:32:34,760.35,780593
2021-05-28 09:32:35,760.5,782994
2021-05-28 09:32:36,760.85,783976
2021-05-28 09:32:36,760.4,785178
2021-05-28 09:32:37,760.45,786695
2021-05-28 09:32:38,760.95,786727
2021-05-28 09:32:39,760.95,786773
2021-05-28 09:32:40,761.0,789706
2021-05-28 09:32:42,760.8,790341
2021-05-28 09:32:43,761.0,791267
2021-05-28 09:32:44,761.3,800788
2021-05-28 09:32:45,761.4,801362
2021-05-28 09:32:45,761.4,801462
2021-05-28 09:32:46,761.45,802479
2021-05-28 09:32:47,761.1,802648
2021-05-28 09:32:48,761.45,804008
2021-05-28 09:32:49,761.1,805262
2021-05-28 09:32:50,761.0,806022
2021-05-28 09:32:51,761.45,807083
2021-05-28 09:32:52,761.25,807603
2021-05-28 09:32:53,761.1,807882
2021-05-28 09:32:54,761.3,809543
2021-05-28 09:32:55,761.3,810678
2021-05-28 09:32:57,761.45,811710
2021-05-28 09:32:58,761.45,811767
2021-05-28 09:32:59,761.3,812268
2021-05-28 09:33:00,761.45,824683
2021-05-28 09:33:01,761.1,825591
2021-05-28 09:33:01,761.05,825657
2021-05-28 09:33:02,761.15,825803
2021-05-28 09:33:03,761.0,826304
2021-05-28 09:33:04,760.8,828728
2021-05-28 09:33:05,761.05,829343
2021-05-28 09:33:06,760.5,829906
2021-05-28 09:33:08,760.5,830318
2021-05-28 09:33:09,761.0,830590
2021-05-28 09:33:10,760.55,830814
2021-05-28 09:33:11,761.0,831655
2021-05-28 09:33:11,761.0,831655
2021-05-28 09:33:12,761.15,833066
2021-05-28 09:33:13,761.1,833434
2021-05-28 09:33:14,761.25,833670
2021-05-28 09:33:15,760.9,836155
2021-05-28 09:33:16,760.85,836508
2021-05-28 09:33:17,760.95,837182
2021-05-28 09:33:18,761.0,837540
2021-05-28 09:33:19,761.0,837910
2021-05-28 09:33:21,761.0,838054
2021-05-28 09:33:22,760.7,838680
2021-05-28 09:33:23,760.95,839365
2021-05-28 09:33:24,761.1,840252
2021-05-28 09:33:24,761.0,840397
2021-05-28 09:33:25,761.0,841840
2021-05-28 09:33:26,760.85,842957
2021-05-28 09:33:28,761.2,843236
2021-05-28 09:33:29,761.25,843602
2021-05-28 09:33:30,761.25,843820
2021-05-28 09:33:31,761.0,844756
2021-05-28 09:33:32,761.35,845820
2021-05-28 09:33:33,761.0,846070
2021-05-28 09:33:34,761.3,847244
2021-05-28 09:33:34,761.3,847244
2021-05-28 09:33:35,761.35,848165
2021-05-28 09:33:36,761.2,848531
2021-05-28 09:33:37,761.0,849191
2021-05-28 09:33:38,761.0,849312
2021-05-28 09:33:40,761.15,850427
2021-05-28 09:33:42,761.0,850716
2021-05-28 09:33:42,761.3,850916
2021-05-28 09:33:43,761.35,851025
2021-05-28 09:33:44,761.05,851976
2021-05-28 09:33:45,761.0,852129
2021-05-28 09:33:47,761.1,852266
2021-05-28 09:33:48,761.0,852621
2021-05-28 09:33:49,761.05,853991
2021-05-28 09:33:50,761.05,855044
2021-05-28 09:33:50,761.05,855034
2021-05-28 09:33:51,761.0,855046
2021-05-28 09:33:52,760.85,855519
2021-05-28 09:33:53,760.5,855589
2021-05-28 09:33:54,760.6,855627
2021-05-28 09:33:55,760.6,856310
2021-05-28 09:33:56,760.8,856364
2021-05-28 09:33:57,761.0,856484
2021-05-28 09:33:58,760.6,856920
2021-05-28 09:34:00,760.85,856997
2021-05-28 09:34:01,760.9,857357
2021-05-28 09:34:02,761.0,857693
2021-05-28 09:34:02,761.0,857698
2021-05-28 09:34:03,760.75,860738
2021-05-28 09:34:05,761.35,865880
2021-05-28 09:34:06,761.35,868504
2021-05-28 09:34:07,761.1,869516
2021-05-28 09:34:07,761.1,869516
2021-05-28 09:34:08,761.35,870404
2021-05-28 09:34:10,761.0,871454
2021-05-28 09:34:11,761.35,871761
2021-05-28 09:34:12,761.1,872680
2021-05-28 09:34:13,761.5,876967
2021-05-28 09:34:14,761.55,877579
2021-05-28 09:34:15,761.5,878099
2021-05-28 09:34:16,761.3,878699
2021-05-28 09:34:16,761.3,878699
2021-05-28 09:34:17,761.3,878812
2021-05-28 09:34:18,761.5,879238
2021-05-28 09:34:19,761.25,880919
2021-05-28 09:34:20,761.5,881020
2021-05-28 09:34:21,761.15,881385
2021-05-28 09:34:22,761.1,881417
2021-05-28 09:34:24,761.5,881672
2021-05-28 09:34:25,761.0,882922
2021-05-28 09:34:26,761.4,883049
2021-05-28 09:34:27,761.05,884133
2021-05-28 09:34:27,761.05,884133
2021-05-28 09:34:28,761.35,884393
2021-05-28 09:34:29,761.1,884904
2021-05-28 09:34:30,761.1,885057
2021-05-28 09:34:32,761.15,885069
2021-05-28 09:34:33,761.35,885813
2021-05-28 09:34:34,761.5,887904
2021-05-28 09:34:34,761.15,887905
2021-05-28 09:34:35,761.3,889868
2021-05-28 09:34:37,761.1,889921
2021-05-28 09:34:38,761.3,890146
2021-05-28 09:34:39,761.4,890319
2021-05-28 09:34:40,761.1,890829
2021-05-28 09:34:41,761.35,890851
2021-05-28 09:34:42,761.35,890851
2021-05-28 09:34:42,761.35,890856
2021-05-28 09:34:43,761.1,891335
2021-05-28 09:34:44,761.1,891596
2021-05-28 09:34:46,761.3,891843
2021-05-28 09:34:47,761.1,892181
2021-05-28 09:34:48,761.3,892488
2021-05-28 09:34:48,761.3,892489
2021-05-28 09:34:49,761.3,892851
2021-05-28 09:34:50,761.15,892906
2021-05-28 09:34:52,761.3,893094
2021-05-28 09:34:53,761.3,893104
2021-05-28 09:34:54,761.15,893215
2021-05-28 09:34:54,761.3,893240
2021-05-28 09:34:55,761.15,893439
2021-05-28 09:34:56,761.3,894051
2021-05-28 09:34:57,761.3,894104
2021-05-28 09:34:58,761.25,894270
2021-05-28 09:34:59,761.45,895398
2021-05-28 09:35:02,761.15,896152
2021-05-28 09:35:03,761.3,896353
2021-05-28 09:35:04,761.3,896494
2021-05-28 09:35:05,761.15,896904
2021-05-28 09:35:05,761.4,896910
2021-05-28 09:35:06,761.3,896936
2021-05-28 09:35:07,761.4,897647
2021-05-28 09:35:08,761.4,897649
2021-05-28 09:35:09,761.5,900086
2021-05-28 09:35:11,761.5,903624
2021-05-28 09:35:12,761.1,903629
2021-05-28 09:35:13,761.2,903742
2021-05-28 09:35:14,761.45,904093
2021-05-28 09:35:14,761.35,904094
2021-05-28 09:35:15,761.25,905258
2021-05-28 09:35:16,761.8,913911
2021-05-28 09:35:18,761.8,914157
2021-05-28 09:35:19,761.8,914557
2021-05-28 09:35:20,761.8,915258
2021-05-28 09:35:21,761.35,916431
2021-05-28 09:35:22,761.55,917183
2021-05-28 09:35:23,762.2,932069
2021-05-28 09:35:24,762.2,932982
2021-05-28 09:35:25,762.2,934467
2021-05-28 09:35:26,762.5,936082
2021-05-28 09:35:26,762.5,940545
2021-05-28 09:35:27,763.0,946332
2021-05-28 09:35:29,763.0,948346
2021-05-28 09:35:30,763.1,954897
2021-05-28 09:35:31,763.1,956592
2021-05-28 09:35:32,763.05,958882
2021-05-28 09:35:33,763.35,961317
2021-05-28 09:35:34,763.1,964989
2021-05-28 09:35:35,763.6,966175
2021-05-28 09:35:37,763.95,970667
2021-05-28 09:35:38,763.5,972767
2021-05-28 09:35:38,763.5,972900
2021-05-28 09:35:39,763.85,973929
2021-05-28 09:35:41,763.8,976229
2021-05-28 09:35:42,763.2,977978
2021-05-28 09:35:43,763.75,979117
2021-05-28 09:35:43,763.75,979359
2021-05-28 09:35:44,763.8,983080
2021-05-28 09:35:45,763.35,988254
2021-05-28 09:35:46,762.8,990755
2021-05-28 09:35:47,762.75,994559
2021-05-28 09:35:48,763.15,996173
2021-05-28 09:35:49,763.0,998006
2021-05-28 09:35:50,763.05,1015543
2021-05-28 09:35:51,762.95,1017087
2021-05-28 09:35:52,763.0,1018363
2021-05-28 09:35:53,762.8,1019865
2021-05-28 09:35:54,763.3,1021052
2021-05-28 09:35:55,763.3,1022103
2021-05-28 09:35:56,763.5,1022654
2021-05-28 09:35:57,763.5,1023587
2021-05-28 09:35:58,763.6,1024723
2021-05-28 09:35:59,763.7,1025987
2021-05-28 09:36:01,763.5,1026721
2021-05-28 09:36:02,763.55,1027680
2021-05-28 09:36:03,763.8,1027926
2021-05-28 09:36:04,763.8,1028404
2021-05-28 09:36:05,763.5,1028539
2021-05-28 09:36:06,763.7,1029109
2021-05-28 09:36:07,763.85,1029386
2021-05-28 09:36:08,763.7,1029687
2021-05-28 09:36:09,763.6,1030994
2021-05-28 09:36:10,763.9,1033279
2021-05-28 09:36:11,763.75,1033605
2021-05-28 09:36:12,763.7,1034522
2021-05-28 09:36:14,763.3,1041030
2021-05-28 09:36:15,763.25,1042530
2021-05-28 09:36:16,762.9,1046280
2021-05-28 09:36:17,763.4,1046848
2021-05-28 09:36:18,763.3,1047214
2021-05-28 09:36:19,763.1,1048510
2021-05-28 09:36:20,763.0,1049214
2021-05-28 09:36:20,763.0,1049214
2021-05-28 09:36:21,763.1,1049487
2021-05-28 09:36:22,763.45,1055992
2021-05-28 09:36:23,763.6,1058382
2021-05-28 09:36:24,763.15,1060436
2021-05-28 09:36:25,763.5,1061064
2021-05-28 09:36:26,763.35,1061424
2021-05-28 09:36:27,763.45,1061941
2021-05-28 09:36:28,763.2,1062187
2021-05-28 09:36:29,763.25,1063546
2021-05-28 09:36:31,763.0,1064806
2021-05-28 09:36:32,763.0,1065315
2021-05-28 09:36:33,763.0,1070810
2021-05-28 09:36:34,763.05,1070972
2021-05-28 09:36:36,763.2,1072830
2021-05-28 09:36:37,763.35,1073446
2021-05-28 09:36:38,763.35,1073535
2021-05-28 09:36:39,763.4,1073822
2021-05-28 09:36:40,763.2,1074027
2021-05-28 09:36:42,763.0,1075857
2021-05-28 09:36:43,763.25,1076883
2021-05-28 09:36:43,763.25,1076883
2021-05-28 09:36:44,763.0,1077030
2021-05-28 09:36:45,763.3,1077280
2021-05-28 09:36:46,763.0,1077584
2021-05-28 09:36:47,763.4,1079303
2021-05-28 09:36:48,763.2,1080719
2021-05-28 09:36:49,762.85,1080877
2021-05-28 09:36:50,763.2,1081442
2021-05-28 09:36:51,763.0,1081619
2021-05-28 09:36:52,763.3,1082511
2021-05-28 09:36:53,763.0,1084452
2021-05-28 09:36:54,763.0,1085518
2021-05-28 09:36:55,762.85,1085802
2021-05-28 09:36:57,763.0,1085870
2021-05-28 09:36:58,763.35,1087221
2021-05-28 09:36:59,763.05,1087664
2021-05-28 09:37:00,763.05,1088399
2021-05-28 09:37:01,763.0,1088954
2021-05-28 09:37:02,763.15,1090240
2021-05-28 09:37:03,763.0,1090582
2021-05-28 09:37:03,763.0,1090490
2021-05-28 09:37:04,762.85,1091451
2021-05-28 09:37:05,763.2,1091588
2021-05-28 09:37:06,763.2,1091738
2021-05-28 09:37:07,763.05,1091791
2021-05-28 09:37:08,763.2,1091977
2021-05-28 09:37:09,763.0,1092534
2021-05-28 09:37:10,763.2,1094307
2021-05-28 09:37:11,763.2,1094893
2021-05-28 09:37:13,762.95,1096315
2021-05-28 09:37:14,763.0,1096437
2021-05-28 09:37:15,763.0,1096607
2021-05-28 09:37:16,763.0,1096719
2021-05-28 09:37:17,763.0,1099043
2021-05-28 09:37:18,763.0,1100354
2021-05-28 09:37:19,763.0,1101774
2021-05-28 09:37:20,762.95,1101824
2021-05-28 09:37:22,763.0,1102505
2021-05-28 09:37:23,762.75,1103214
2021-05-28 09:37:24,762.95,1105353
2021-05-28 09:37:25,763.0,1105783
2021-05-28 09:37:26,763.0,1106005
2021-05-28 09:37:27,763.0,1106160
2021-05-28 09:37:28,762.75,1106667
2021-05-28 09:37:29,762.95,1107440
2021-05-28 09:37:30,762.65,1107857
2021-05-28 09:37:31,762.8,1110403
2021-05-28 09:37:32,762.8,1111648
2021-05-28 09:37:32,762.8,1111698
2021-05-28 09:37:33,762.8,1111698
2021-05-28 09:37:34,762.8,1113155
2021-05-28 09:37:35,763.0,1113760
2021-05-28 09:37:36,762.65,1113804
2021-05-28 09:37:37,762.8,1114064
2021-05-28 09:37:38,763.0,1114832
2021-05-28 09:37:40,762.95,1115237
2021-05-28 09:37:41,762.6,1115790
2021-05-28 09:37:42,762.8,1116091
2021-05-28 09:37:43,762.75,1116270
2021-05-28 09:37:44,762.95,1119075
2021-05-28 09:37:45,762.8,1119135
2021-05-28 09:37:45,762.8,1119135
2021-05-28 09:37:46,762.8,1119449
2021-05-28 09:37:47,762.95,1120786
2021-05-28 09:37:48,762.85,1120818
2021-05-28 09:37:49,763.0,1123913
2021-05-28 09:37:50,762.8,1124019
2021-05-28 09:37:51,763.0,1124044
2021-05-28 09:37:53,762.8,1124464
2021-05-28 09:37:54,762.8,1125499
2021-05-28 09:37:55,762.8,1125594
2021-05-28 09:37:56,762.75,1125646
2021-05-28 09:37:56,762.75,1125746
2021-05-28 09:37:57,763.0,1127802
2021-05-28 09:37:58,762.6,1128183
2021-05-28 09:37:59,763.0,1128240
2021-05-28 09:38:00,763.0,1128551
2021-05-28 09:38:01,762.65,1128569
2021-05-28 09:38:02,762.65,1128569
2021-05-28 09:38:03,762.95,1128695
2021-05-28 09:38:04,762.6,1128901
2021-05-28 09:38:05,762.6,1128937
2021-05-28 09:38:06,762.6,1129141
2021-05-28 09:38:08,762.85,1129376
2021-05-28 09:38:09,763.0,1129841
2021-05-28 09:38:10,762.7,1129941
2021-05-28 09:38:11,762.8,1129968
2021-05-28 09:38:12,762.9,1130370
2021-05-28 09:38:13,763.0,1131032
2021-05-28 09:38:13,762.7,1130931
2021-05-28 09:38:14,763.0,1131242
2021-05-28 09:38:15,763.0,1131684
2021-05-28 09:38:16,763.0,1131837
2021-05-28 09:38:17,763.0,1132037
2021-05-28 09:38:18,763.0,1132037
2021-05-28 09:38:19,762.9,1132382
2021-05-28 09:38:20,762.95,1132438
2021-05-28 09:38:21,762.65,1133184
2021-05-28 09:38:22,763.0,1133234
2021-05-28 09:38:24,762.9,1133365
2021-05-28 09:38:25,762.8,1138665
2021-05-28 09:38:26,763.0,1138755
2021-05-28 09:38:27,762.85,1167636
2021-05-28 09:38:28,762.8,1168178
2021-05-28 09:38:29,762.75,1168230
2021-05-28 09:38:30,762.4,1170108
2021-05-28 09:38:31,762.75,1170248
2021-05-28 09:38:32,762.4,1170382
2021-05-28 09:38:33,762.75,1170587
2021-05-28 09:38:34,762.75,1170597
2021-05-28 09:38:35,762.45,1170712
2021-05-28 09:38:36,762.4,1170738
2021-05-28 09:38:37,762.75,1170749
2021-05-28 09:38:38,762.35,1171130
2021-05-28 09:38:38,762.35,1171130
2021-05-28 09:38:40,762.6,1171380
2021-05-28 09:38:41,762.4,1171475
2021-05-28 09:38:42,762.6,1171602
2021-05-28 09:38:44,762.35,1172697
2021-05-28 09:38:45,762.6,1174071
2021-05-28 09:38:46,762.5,1174237
2021-05-28 09:38:47,762.4,1174462
2021-05-28 09:38:48,762.35,1175567
2021-05-28 09:38:48,762.35,1175567
2021-05-28 09:38:50,762.4,1175642
2021-05-28 09:38:51,762.45,1175741
2021-05-28 09:38:52,762.4,1175905
2021-05-28 09:38:53,762.5,1177013
2021-05-28 09:38:54,762.8,1178448
2021-05-28 09:38:55,762.85,1178463
2021-05-28 09:38:56,762.75,1178493
2021-05-28 09:38:57,762.95,1178649
2021-05-28 09:38:58,762.9,1179814
2021-05-28 09:38:59,762.6,1179964
2021-05-28 09:39:00,762.9,1179986
2021-05-28 09:39:01,762.75,1180027
2021-05-28 09:39:02,762.75,1180045
2021-05-28 09:39:03,762.75,1180060
2021-05-28 09:39:04,762.75,1180253
2021-05-28 09:39:05,762.8,1180274
2021-05-28 09:39:05,762.8,1180274
2021-05-28 09:39:06,762.85,1180319
2021-05-28 09:39:07,762.85,1181622
2021-05-28 09:39:09,762.9,1183008
2021-05-28 09:39:10,762.9,1183233
2021-05-28 09:39:11,762.9,1183333
2021-05-28 09:39:12,762.6,1183824
2021-05-28 09:39:13,762.55,1183868
2021-05-28 09:39:14,762.55,1184169
2021-05-28 09:39:15,762.4,1184205
2021-05-28 09:39:16,762.3,1184328
2021-05-28 09:39:17,762.5,1184332
2021-05-28 09:39:18,762.6,1184797
2021-05-28 09:39:19,762.0,1187248
2021-05-28 09:39:20,762.3,1187349
2021-05-28 09:39:21,762.0,1187469
2021-05-28 09:39:22,762.25,1187533
2021-05-28 09:39:23,762.0,1189149
2021-05-28 09:39:24,762.25,1189653
2021-05-28 09:39:25,762.0,1189703
2021-05-28 09:39:26,762.0,1190203
2021-05-28 09:39:27,762.0,1190452
2021-05-28 09:39:28,762.0,1191884
2021-05-28 09:39:29,762.3,1192265
2021-05-28 09:39:29,762.3,1192265
2021-05-28 09:39:30,762.05,1192444
2021-05-28 09:39:32,762.0,1195171
2021-05-28 09:39:33,762.45,1195879
2021-05-28 09:39:34,762.1,1196044
2021-05-28 09:39:35,762.4,1196302
2021-05-28 09:39:36,762.4,1196302
2021-05-28 09:39:37,762.0,1197351
2021-05-28 09:39:38,762.35,1198922
2021-05-28 09:39:39,762.0,1201054
2021-05-28 09:39:40,762.35,1201084
2021-05-28 09:39:41,762.3,1201094
2021-05-28 09:39:42,762.35,1201095
2021-05-28 09:39:43,762.05,1201520
2021-05-28 09:39:44,762.35,1201805
2021-05-28 09:39:45,762.4,1201817
2021-05-28 09:39:46,762.4,1201817
2021-05-28 09:39:47,762.25,1202067
2021-05-28 09:39:48,762.1,1202418
2021-05-28 09:39:48,762.1,1202443
2021-05-28 09:39:49,762.1,1202579
2021-05-28 09:39:50,762.2,1202879
2021-05-28 09:39:51,762.15,1203060
2021-05-28 09:39:53,762.3,1203411
2021-05-28 09:39:54,762.0,1203541
2021-05-28 09:39:55,762.25,1204553
2021-05-28 09:39:56,762.3,1204723
2021-05-28 09:39:57,762.15,1204878
2021-05-28 09:39:58,762.0,1205028
2021-05-28 09:39:59,762.0,1205201
2021-05-28 09:40:00,762.0,1205207
2021-05-28 09:40:01,762.0,1205462
2021-05-28 09:40:02,762.0,1206413
2021-05-28 09:40:02,762.0,1206413
2021-05-28 09:40:03,762.0,1206713
2021-05-28 09:40:04,762.0,1207053
2021-05-28 09:40:05,762.0,1207553
2021-05-28 09:40:06,762.1,1207757
2021-05-28 09:40:07,762.0,1207836
2021-05-28 09:40:08,761.95,1208067
2021-05-28 09:40:10,762.0,1208638
2021-05-28 09:40:12,762.1,1210071
2021-05-28 09:40:13,761.7,1211200
2021-05-28 09:40:14,762.0,1211273
2021-05-28 09:40:15,762.0,1212589
2021-05-28 09:40:16,761.95,1213290
2021-05-28 09:40:16,761.95,1213290
2021-05-28 09:40:17,762.0,1213651
2021-05-28 09:40:19,761.65,1213816
2021-05-28 09:40:20,761.95,1213866
2021-05-28 09:40:21,761.65,1214115
2021-05-28 09:40:22,762.0,1214625
2021-05-28 09:40:23,761.65,1215170
2021-05-28 09:40:24,761.95,1215272
2021-05-28 09:40:25,761.65,1215363
2021-05-28 09:40:26,761.9,1215383
2021-05-28 09:40:27,761.9,1215383
2021-05-28 09:40:28,761.65,1215468
2021-05-28 09:40:29,761.65,1215789
2021-05-28 09:40:30,761.55,1215990
2021-05-28 09:40:31,761.45,1216213
2021-05-28 09:40:32,761.4,1216313
2021-05-28 09:40:33,761.4,1216339
2021-05-28 09:40:34,761.35,1216482
2021-05-28 09:40:34,761.45,1216532
2021-05-28 09:40:35,761.35,1216834
2021-05-28 09:40:36,761.35,1216834
2021-05-28 09:40:37,761.35,1216834
2021-05-28 09:40:39,761.3,1217134
2021-05-28 09:40:40,761.35,1217538
2021-05-28 09:40:41,761.75,1218098
2021-05-28 09:40:42,761.75,1220201
2021-05-28 09:40:43,761.3,1220231
2021-05-28 09:40:44,761.35,1220611
2021-05-28 09:40:45,761.7,1220639
2021-05-28 09:40:46,761.2,1221579
2021-05-28 09:40:47,761.6,1221607
2021-05-28 09:40:48,761.7,1222131
2021-05-28 09:40:48,761.7,1222131
2021-05-28 09:40:49,761.95,1222456
2021-05-28 09:40:50,762.2,1234548
2021-05-28 09:40:51,762.1,1238216
2021-05-28 09:40:53,761.8,1238654
2021-05-28 09:40:54,761.8,1238670
2021-05-28 09:40:55,761.75,1238985
2021-05-28 09:40:56,761.35,1239325
2021-05-28 09:40:57,761.75,1239653
2021-05-28 09:40:58,761.9,1241494
2021-05-28 09:40:58,761.9,1241494
2021-05-28 09:41:00,761.9,1241754
2021-05-28 09:41:01,761.55,1241884
2021-05-28 09:41:02,761.55,1241904
2021-05-28 09:41:03,761.6,1242662
2021-05-28 09:41:04,761.7,1242667
2021-05-28 09:41:05,761.8,1242798
2021-05-28 09:41:06,761.8,1242898
2021-05-28 09:41:07,761.9,1242923
2021-05-28 09:41:07,761.9,1242923
2021-05-28 09:41:08,761.9,1242923
2021-05-28 09:41:09,762.0,1242963
2021-05-28 09:41:10,762.0,1242986
2021-05-28 09:41:12,761.9,1243246
2021-05-28 09:41:13,761.8,1243422
2021-05-28 09:41:14,761.9,1243441
2021-05-28 09:41:15,761.9,1243619
2021-05-28 09:41:16,761.9,1243619
2021-05-28 09:41:17,761.9,1243623
2021-05-28 09:41:18,762.05,1249938
2021-05-28 09:41:19,762.5,1250020
2021-05-28 09:41:20,762.15,1250129
2021-05-28 09:41:21,762.1,1250449
2021-05-28 09:41:22,762.5,1250549
2021-05-28 09:41:23,762.5,1251159
2021-05-28 09:41:23,762.5,1251159
2021-05-28 09:41:24,762.1,1251217
2021-05-28 09:41:25,762.4,1251431
2021-05-28 09:41:26,762.4,1251455
2021-05-28 09:41:28,762.1,1251520
2021-05-28 09:41:29,762.45,1251540
2021-05-28 09:41:30,762.45,1251700
2021-05-28 09:41:31,762.45,1251710
2021-05-28 09:41:32,762.4,1251944
2021-05-28 09:41:33,762.5,1252603
2021-05-28 09:41:34,762.5,1252812
2021-05-28 09:41:35,762.5,1260225
2021-05-28 09:41:36,762.85,1260326
2021-05-28 09:41:37,762.5,1260476
2021-05-28 09:41:38,762.8,1260626
2021-05-28 09:41:39,762.9,1260936
2021-05-28 09:41:39,762.9,1260969
2021-05-28 09:41:41,762.9,1262260
2021-05-28 09:41:42,763.2,1274786
2021-05-28 09:41:43,763.8,1285475
2021-05-28 09:41:44,763.8,1286045
2021-05-28 09:41:45,763.8,1286690
2021-05-28 09:41:46,763.95,1288820
2021-05-28 09:41:47,764.0,1298208
2021-05-28 09:41:48,764.05,1299835
2021-05-28 09:41:49,764.0,1300085
2021-05-28 09:41:50,764.0,1300220
2021-05-28 09:41:51,764.15,1300523
2021-05-28 09:41:53,763.9,1301057
2021-05-28 09:41:54,764.0,1301559
2021-05-28 09:41:55,764.0,1301995
2021-05-28 09:41:56,764.3,1304314
2021-05-28 09:41:57,763.8,1304878
2021-05-28 09:41:58,763.8,1305327
2021-05-28 09:41:58,764.15,1305377
2021-05-28 09:42:00,764.2,1305684
2021-05-28 09:42:01,764.35,1305915
2021-05-28 09:42:02,764.35,1306755
2021-05-28 09:42:03,764.3,1307239
2021-05-28 09:42:04,764.4,1307349
2021-05-28 09:42:05,764.05,1308827
2021-05-28 09:42:06,764.35,1309498
2021-05-28 09:42:07,764.3,1309902
2021-05-28 09:42:08,764.3,1310295
2021-05-28 09:42:09,764.0,1310989
2021-05-28 09:42:10,764.3,1311344
2021-05-28 09:42:11,764.0,1311477
2021-05-28 09:42:12,764.6,1321451
2021-05-28 09:42:13,764.75,1327172
2021-05-28 09:42:14,764.75,1329398
2021-05-28 09:42:15,764.65,1329643
2021-05-28 09:42:16,764.65,1329973
2021-05-28 09:42:16,764.7,1330284
2021-05-28 09:42:17,764.45,1330684
2021-05-28 09:42:18,764.45,1330730
2021-05-28 09:42:20,765.0,1349103
2021-05-28 09:42:21,765.0,1350425
2021-05-28 09:42:22,765.0,1352704
2021-05-28 09:42:23,765.0,1355272
2021-05-28 09:42:24,765.0,1355539
2021-05-28 09:42:25,764.9,1355924
2021-05-28 09:42:26,764.65,1358513
2021-05-28 09:42:27,765.0,1363190
2021-05-28 09:42:28,764.75,1363482
2021-05-28 09:42:29,764.8,1363683
2021-05-28 09:42:31,764.65,1369681
2021-05-28 09:42:32,765.0,1370037
2021-05-28 09:42:33,765.15,1375762
2021-05-28 09:42:34,765.05,1376779
2021-05-28 09:42:35,765.3,1379942
2021-05-28 09:42:36,765.35,1380424
2021-05-28 09:42:37,765.4,1381093
2021-05-28 09:42:38,765.5,1382196
2021-05-28 09:42:39,765.5,1382403
2021-05-28 09:42:40,765.05,1383773
2021-05-28 09:42:41,765.45,1384973
2021-05-28 09:42:42,765.2,1386510
2021-05-28 09:42:43,765.5,1388108
2021-05-28 09:42:43,765.55,1388333
2021-05-28 09:42:44,765.5,1392522
2021-05-28 09:42:45,765.5,1393269
2021-05-28 09:42:46,765.7,1393909
2021-05-28 09:42:47,765.5,1395679
2021-05-28 09:42:48,765.7,1395870
2021-05-28 09:42:49,765.5,1396126
2021-05-28 09:42:50,765.5,1396581
2021-05-28 09:42:51,765.5,1397768
2021-05-28 09:42:52,765.75,1398714
2021-05-28 09:42:53,765.8,1400833
2021-05-28 09:42:54,765.55,1402249
2021-05-28 09:42:55,765.8,1402307
2021-05-28 09:42:56,765.5,1405817
2021-05-28 09:42:57,765.75,1405957
2021-05-28 09:42:59,765.7,1412354
2021-05-28 09:43:00,765.5,1412669
2021-05-28 09:43:01,765.95,1415318
2021-05-28 09:43:02,765.6,1419838
2021-05-28 09:43:03,765.6,1420574
2021-05-28 09:43:04,765.65,1420702
2021-05-28 09:43:05,765.9,1420967
2021-05-28 09:43:06,766.0,1439098
2021-05-28 09:43:07,766.0,1439463
2021-05-28 09:43:08,766.35,1442244
2021-05-28 09:43:09,766.4,1442809
2021-05-28 09:43:10,766.4,1444230
2021-05-28 09:43:11,766.8,1457537
2021-05-28 09:43:12,766.45,1458272
2021-05-28 09:43:13,766.65,1459850
2021-05-28 09:43:14,767.0,1461505
2021-05-28 09:43:15,767.0,1464870
2021-05-28 09:43:16,766.3,1471215
2021-05-28 09:43:17,766.55,1473758
2021-05-28 09:43:18,767.0,1474620
2021-05-28 09:43:19,766.9,1475112
2021-05-28 09:43:20,766.5,1476172
2021-05-28 09:43:21,766.8,1477593
2021-05-28 09:43:21,766.8,1477861
2021-05-28 09:43:23,766.85,1478672
2021-05-28 09:43:25,766.95,1489936
2021-05-28 09:43:26,767.15,1490153
2021-05-28 09:43:27,767.0,1490659
2021-05-28 09:43:28,767.1,1491301
2021-05-28 09:43:29,767.05,1492500
2021-05-28 09:43:30,767.0,1493633
2021-05-28 09:43:31,767.0,1495841
2021-05-28 09:43:32,767.4,1496797
2021-05-28 09:43:33,767.45,1499437
2021-05-28 09:43:34,767.25,1502060
2021-05-28 09:43:34,767.25,1502190
2021-05-28 09:43:35,767.2,1502680
2021-05-28 09:43:36,767.35,1503414
2021-05-28 09:43:37,767.35,1503748
2021-05-28 09:43:38,767.25,1504033
2021-05-28 09:43:39,767.5,1504806
2021-05-28 09:43:40,767.35,1505088
2021-05-28 09:43:41,767.2,1506028
2021-05-28 09:43:43,767.35,1508811
2021-05-28 09:43:44,767.0,1512494
2021-05-28 09:43:45,767.05,1514566
2021-05-28 09:43:46,767.0,1515577
2021-05-28 09:43:47,767.25,1516973
2021-05-28 09:43:48,766.95,1524700
2021-05-28 09:43:49,767.1,1527349
2021-05-28 09:43:50,767.4,1528060
2021-05-28 09:43:50,767.2,1528360
2021-05-28 09:43:51,767.25,1529423
2021-05-28 09:43:53,767.3,1530846
2021-05-28 09:43:54,767.5,1535283
2021-05-28 09:43:55,767.05,1537226
2021-05-28 09:43:56,767.3,1538130
2021-05-28 09:43:57,766.85,1539954
2021-05-28 09:43:58,767.05,1540936
2021-05-28 09:43:58,767.35,1541251
2021-05-28 09:43:59,767.0,1550403
2021-05-28 09:44:00,767.05,1550730
2021-05-28 09:44:02,767.45,1552333
2021-05-28 09:44:03,767.5,1553000
2021-05-28 09:44:04,767.45,1554395
2021-05-28 09:44:05,767.2,1555261
2021-05-28 09:44:06,767.2,1556516
2021-05-28 09:44:07,767.4,1565079
2021-05-28 09:44:08,767.4,1566015
2021-05-28 09:44:08,767.5,1566474
2021-05-28 09:44:09,767.45,1568450
2021-05-28 09:44:10,767.85,1571302
2021-05-28 09:44:12,767.9,1574526
2021-05-28 09:44:12,767.95,1575342
2021-05-28 09:44:13,767.7,1577780
2021-05-28 09:44:15,767.9,1578740
2021-05-28 09:44:16,767.8,1581534
2021-05-28 09:44:17,768.1,1606242
2021-05-28 09:44:18,768.3,1607589
2021-05-28 09:44:20,767.95,1610782
2021-05-28 09:44:22,768.2,1612380
2021-05-28 09:44:23,768.1,1612683
2021-05-28 09:44:24,768.35,1613443
2021-05-28 09:44:25,768.0,1616952
2021-05-28 09:44:26,768.05,1617375
2021-05-28 09:44:27,768.2,1620560
2021-05-28 09:44:29,768.0,1621518
2021-05-28 09:44:30,768.2,1623456
2021-05-28 09:44:31,768.25,1623788
2021-05-28 09:44:32,767.95,1624275
2021-05-28 09:44:33,767.9,1625348
2021-05-28 09:44:34,767.9,1626138
2021-05-28 09:44:35,767.7,1628987
2021-05-28 09:44:36,768.1,1631728
2021-05-28 09:44:37,768.2,1633433
2021-05-28 09:44:38,768.0,1634899
2021-05-28 09:44:39,768.0,1636822
2021-05-28 09:44:40,767.75,1636842
2021-05-28 09:44:41,768.0,1637900
2021-05-28 09:44:42,768.0,1638325
2021-05-28 09:44:43,768.0,1641361
2021-05-28 09:44:43,767.9,1641315
2021-05-28 09:44:45,767.75,1641926
2021-05-28 09:44:46,768.0,1643101
2021-05-28 09:44:47,768.0,1644631
2021-05-28 09:44:48,768.0,1646785
2021-05-28 09:44:49,767.55,1648431
2021-05-28 09:44:50,767.75,1648767
2021-05-28 09:44:51,768.0,1649876
2021-05-28 09:44:52,768.0,1650299
2021-05-28 09:44:53,767.8,1651583
2021-05-28 09:44:54,767.55,1653111
2021-05-28 09:44:55,767.5,1653307
2021-05-28 09:44:56,767.5,1653793
2021-05-28 09:44:56,767.8,1654313
2021-05-28 09:44:57,767.9,1655827
2021-05-28 09:44:59,767.25,1659462
2021-05-28 09:45:01,767.7,1661882
2021-05-28 09:45:02,767.7,1661949
2021-05-28 09:45:03,767.45,1664599
2021-05-28 09:45:04,767.85,1665542
2021-05-28 09:45:05,767.5,1666225
2021-05-28 09:45:06,767.4,1667702
2021-05-28 09:45:06,767.85,1667974
2021-05-28 09:45:07,767.9,1669194
2021-05-28 09:45:09,767.9,1669488
2021-05-28 09:45:09,767.4,1670607
2021-05-28 09:45:10,767.5,1670773
2021-05-28 09:45:11,767.85,1671742
2021-05-28 09:45:13,767.6,1672111
2021-05-28 09:45:14,767.7,1672321
2021-05-28 09:45:15,767.8,1673667
2021-05-28 09:45:17,767.9,1675736
2021-05-28 09:45:18,767.85,1676239
2021-05-28 09:45:19,767.5,1676345
2021-05-28 09:45:20,767.9,1677970
2021-05-28 09:45:21,767.75,1678983
2021-05-28 09:45:22,767.35,1680120
2021-05-28 09:45:22,767.55,1680153
2021-05-28 09:45:23,767.5,1680278
2021-05-28 09:45:25,767.35,1680703
2021-05-28 09:45:28,767.25,1683600
2021-05-28 09:45:29,767.5,1685525
2021-05-28 09:45:29,767.5,1685525
2021-05-28 09:45:31,767.0,1688565
2021-05-28 09:45:32,767.4,1688947
2021-05-28 09:45:33,766.95,1689946
2021-05-28 09:45:34,766.9,1690660
2021-05-28 09:45:35,767.15,1691493
2021-05-28 09:45:35,767.15,1691568
2021-05-28 09:45:36,766.95,1692513
2021-05-28 09:45:37,766.5,1693786
2021-05-28 09:45:39,766.8,1694146
2021-05-28 09:45:40,766.8,1699653
2021-05-28 09:45:41,766.3,1700416
2021-05-28 09:45:42,766.2,1701494
2021-05-28 09:45:43,766.0,1705093
2021-05-28 09:45:43,766.0,1705336
2021-05-28 09:45:44,766.0,1706318
2021-05-28 09:45:46,766.0,1706658
2021-05-28 09:45:47,766.0,1706907
2021-05-28 09:45:48,765.85,1708352
2021-05-28 09:45:49,765.5,1715976
2021-05-28 09:45:50,765.45,1717965
2021-05-28 09:45:51,765.5,1721854
2021-05-28 09:45:52,766.0,1722114
2021-05-28 09:45:53,765.4,1723648
2021-05-28 09:45:53,765.45,1723064
2021-05-28 09:45:54,765.4,1725113
2021-05-28 09:45:55,765.55,1725869
2021-05-28 09:45:57,765.6,1725990
2021-05-28 09:45:58,765.8,1726387
2021-05-28 09:45:59,765.55,1727217
2021-05-28 09:46:00,765.5,1728679
2021-05-28 09:46:01,766.0,1729072
2021-05-28 09:46:02,765.7,1730623
2021-05-28 09:46:03,765.55,1731774
2021-05-28 09:46:04,765.55,1731943
2021-05-28 09:46:05,765.55,1732523
2021-05-28 09:46:06,765.9,1733034
2021-05-28 09:46:07,765.55,1733404
2021-05-28 09:46:08,765.55,1734614
2021-05-28 09:46:09,765.6,1734741
2021-05-28 09:46:10,765.5,1735279
2021-05-28 09:46:10,765.5,1735279
2021-05-28 09:46:12,765.8,1736495
2021-05-28 09:46:13,765.55,1736845
2021-05-28 09:46:14,765.85,1737776
2021-05-28 09:46:15,765.5,1737987
2021-05-28 09:46:16,765.5,1739101
2021-05-28 09:46:17,765.6,1740965
2021-05-28 09:46:18,765.9,1747580
2021-05-28 09:46:19,766.0,1747681
2021-05-28 09:46:20,765.9,1749055
2021-05-28 09:46:21,765.8,1749535
2021-05-28 09:46:22,765.65,1749985
2021-05-28 09:46:23,765.65,1750450
2021-05-28 09:46:23,766.0,1750250
2021-05-28 09:46:24,765.65,1750652
2021-05-28 09:46:25,765.0,1771523
2021-05-28 09:46:27,765.0,1771982
2021-05-28 09:46:28,765.0,1772453
2021-05-28 09:46:29,765.0,1772988
2021-05-28 09:46:30,764.6,1776479
2021-05-28 09:46:31,765.0,1777621
2021-05-28 09:46:31,765.0,1777621
2021-05-28 09:46:33,764.8,1778515
2021-05-28 09:46:34,765.05,1783539
2021-05-28 09:46:35,765.45,1783900
2021-05-28 09:46:36,765.15,1786277
2021-05-28 09:46:37,765.5,1786502
2021-05-28 09:46:38,765.55,1786975
2021-05-28 09:46:39,765.15,1788833
2021-05-28 09:46:40,764.65,1797042
2021-05-28 09:46:41,764.95,1799878
2021-05-28 09:46:41,764.95,1799878
2021-05-28 09:46:42,765.0,1800432
2021-05-28 09:46:43,764.2,1806791
2021-05-28 09:46:45,764.65,1807936
2021-05-28 09:46:46,764.4,1809079
2021-05-28 09:46:47,764.5,1809719
2021-05-28 09:46:48,764.95,1809814
2021-05-28 09:46:49,764.95,1810356
2021-05-28 09:46:50,765.0,1810982
2021-05-28 09:46:51,764.65,1817241
2021-05-28 09:46:52,764.95,1818621
2021-05-28 09:46:53,764.95,1821426
2021-05-28 09:46:54,764.7,1821439
2021-05-28 09:46:55,765.15,1822058
2021-05-28 09:46:56,764.85,1825109
2021-05-28 09:46:57,764.65,1825702
2021-05-28 09:46:58,764.8,1830483
2021-05-28 09:46:59,764.7,1831410
2021-05-28 09:47:00,765.1,1831778
2021-05-28 09:47:01,765.15,1833370
2021-05-28 09:47:02,765.15,1833681
2021-05-28 09:47:03,764.75,1836166
2021-05-28 09:47:04,764.65,1837744
2021-05-28 09:47:05,764.3,1839235
2021-05-28 09:47:06,764.65,1839702
2021-05-28 09:47:07,764.85,1840412
2021-05-28 09:47:08,764.95,1841876
2021-05-28 09:47:09,764.65,1841947
2021-05-28 09:47:10,764.4,1843095
2021-05-28 09:47:11,764.85,1844679
2021-05-28 09:47:12,764.95,1845529
2021-05-28 09:47:13,764.95,1845811
2021-05-28 09:47:14,764.6,1845973
2021-05-28 09:47:15,764.6,1845975
2021-05-28 09:47:16,764.6,1846053
2021-05-28 09:47:17,764.65,1846539
2021-05-28 09:47:17,764.5,1846508
2021-05-28 09:47:18,764.35,1847185
2021-05-28 09:47:19,764.6,1847410
2021-05-28 09:47:20,764.65,1847930
2021-05-28 09:47:23,764.5,1848041
2021-05-28 09:47:24,764.7,1848691
2021-05-28 09:47:25,764.8,1848851
2021-05-28 09:47:26,764.4,1849052
2021-05-28 09:47:27,765.0,1849466
2021-05-28 09:47:28,764.6,1849696
2021-05-28 09:47:29,764.55,1849894
2021-05-28 09:47:30,764.5,1849982
2021-05-28 09:47:31,764.5,1850106
2021-05-28 09:47:32,764.45,1850366
2021-05-28 09:47:32,764.45,1850366
2021-05-28 09:47:34,764.7,1850384
2021-05-28 09:47:35,764.75,1850576
2021-05-28 09:47:36,764.85,1850665
2021-05-28 09:47:37,764.5,1850745
2021-05-28 09:47:38,764.5,1850836
2021-05-28 09:47:39,764.65,1850861
2021-05-28 09:47:40,764.95,1850935
2021-05-28 09:47:40,764.95,1850935
2021-05-28 09:47:42,764.7,1853052
2021-05-28 09:47:43,764.7,1853080
2021-05-28 09:47:44,764.85,1853085
2021-05-28 09:47:45,764.85,1853085
2021-05-28 09:47:45,764.85,1853085
2021-05-28 09:47:48,764.9,1853311
2021-05-28 09:47:50,764.85,1853446
2021-05-28 09:47:51,764.85,1853655
2021-05-28 09:47:52,764.7,1854145
2021-05-28 09:47:53,765.0,1856717
2021-05-28 09:47:54,765.1,1866362
2021-05-28 09:47:55,765.2,1866468
2021-05-28 09:47:56,765.5,1866518
2021-05-28 09:47:56,765.5,1866518
2021-05-28 09:47:58,765.5,1866610
2021-05-28 09:47:59,765.3,1866860
2021-05-28 09:48:00,765.5,1866930
2021-05-28 09:48:01,765.5,1866992
2021-05-28 09:48:02,765.3,1867012
2021-05-28 09:48:02,765.3,1867012
2021-05-28 09:48:03,765.2,1867241
2021-05-28 09:48:05,765.5,1867603
2021-05-28 09:48:06,765.2,1867825
2021-05-28 09:48:07,765.3,1868368
2021-05-28 09:48:08,765.0,1868377
2021-05-28 09:48:09,765.25,1868449
2021-05-28 09:48:10,765.4,1868756
2021-05-28 09:48:11,765.0,1868891
2021-05-28 09:48:12,765.35,1868919
2021-05-28 09:48:13,765.2,1870890
2021-05-28 09:48:14,765.25,1870946
2021-05-28 09:48:14,765.25,1870946
2021-05-28 09:48:16,765.3,1871380
2021-05-28 09:48:17,765.0,1871490
2021-05-28 09:48:18,765.1,1872425
2021-05-28 09:48:19,765.0,1872807
2021-05-28 09:48:20,765.0,1882231
2021-05-28 09:48:21,764.95,1882491
2021-05-28 09:48:22,764.85,1884100
2021-05-28 09:48:23,764.85,1885405
2021-05-28 09:48:23,765.4,1888713
2021-05-28 09:48:24,765.1,1888738
2021-05-28 09:48:26,765.0,1889021
2021-05-28 09:48:27,764.9,1889022
2021-05-28 09:48:28,765.25,1889094
2021-05-28 09:48:29,764.95,1889176
2021-05-28 09:48:30,764.95,1889432
2021-05-28 09:48:30,764.95,1889432
2021-05-28 09:48:31,765.2,1889572
2021-05-28 09:48:33,765.25,1889691
2021-05-28 09:48:34,765.1,1889802
2021-05-28 09:48:35,765.0,1889813
2021-05-28 09:48:36,765.25,1889823
2021-05-28 09:48:37,765.0,1890164
2021-05-28 09:48:38,765.0,1890239
2021-05-28 09:48:38,765.0,1890239
2021-05-28 09:48:40,765.25,1890271
2021-05-28 09:48:41,765.25,1890327
2021-05-28 09:48:42,765.25,1890762
2021-05-28 09:48:43,765.3,1890912
2021-05-28 09:48:44,765.0,1891196
2021-05-28 09:48:44,765.25,1891141
2021-05-28 09:48:46,765.0,1891296
2021-05-28 09:48:47,764.8,1892625
2021-05-28 09:48:48,765.2,1893038
2021-05-28 09:48:49,765.0,1893158
2021-05-28 09:48:50,765.2,1894177
2021-05-28 09:48:51,764.7,1894673
2021-05-28 09:48:51,765.0,1894723
2021-05-28 09:48:53,765.0,1894773
2021-05-28 09:48:54,765.0,1894938
2021-05-28 09:48:55,764.8,1895051
2021-05-28 09:48:56,764.95,1895273
2021-05-28 09:48:57,764.6,1895278
2021-05-28 09:48:57,764.95,1895281
2021-05-28 09:48:58,764.95,1895586
2021-05-28 09:49:00,764.95,1895636
2021-05-28 09:49:01,765.0,1896065
2021-05-28 09:49:02,764.95,1896066
2021-05-28 09:49:03,764.8,1896171
2021-05-28 09:49:03,764.95,1896232
2021-05-28 09:49:05,765.0,1896432
2021-05-28 09:49:06,764.6,1899164
2021-05-28 09:49:07,764.5,1899569
2021-05-28 09:49:08,764.75,1899653
2021-05-28 09:49:09,764.75,1899764
2021-05-28 09:49:10,764.75,1899906
2021-05-28 09:49:11,764.6,1900006
2021-05-28 09:49:12,764.55,1905133
2021-05-28 09:49:13,764.55,1905184
2021-05-28 09:49:13,764.6,1905559
2021-05-28 09:49:15,764.65,1906009
2021-05-28 09:49:16,764.7,1906014
2021-05-28 09:49:17,764.85,1906216
2021-05-28 09:49:18,764.7,1906772
2021-05-28 09:49:19,764.65,1906782
2021-05-28 09:49:20,765.0,1907310
2021-05-28 09:49:20,765.0,1907310
2021-05-28 09:49:22,765.0,1909856
2021-05-28 09:49:23,764.6,1909858
2021-05-28 09:49:24,764.7,1910899
2021-05-28 09:49:25,764.9,1911840
2021-05-28 09:49:26,764.9,1911840
2021-05-28 09:49:27,764.9,1911840
2021-05-28 09:49:28,764.6,1912013
2021-05-28 09:49:29,764.9,1912663
2021-05-28 09:49:31,764.9,1912692
2021-05-28 09:49:30,764.9,1912692
2021-05-28 09:49:32,764.65,1912725
2021-05-28 09:49:33,764.9,1912776
2021-05-28 09:49:34,764.75,1912781
2021-05-28 09:49:35,764.6,1912864
2021-05-28 09:49:36,764.75,1913212
2021-05-28 09:49:37,764.75,1913212
2021-05-28 09:49:38,764.65,1913214
2021-05-28 09:49:39,764.75,1913677
2021-05-28 09:49:40,764.6,1913678
2021-05-28 09:49:41,764.75,1913862
2021-05-28 09:49:42,764.05,1920915
2021-05-28 09:49:43,764.05,1920915
2021-05-28 09:49:44,764.0,1922299
2021-05-28 09:49:45,764.0,1925500
2021-05-28 09:49:46,763.95,1925674
2021-05-28 09:49:47,763.95,1926485
2021-05-28 09:49:49,763.8,1927323
2021-05-28 09:49:48,763.5,1927223
2021-05-28 09:49:50,763.85,1928531
2021-05-28 09:49:51,763.2,1928973
2021-05-28 09:49:52,763.55,1929174
2021-05-28 09:49:53,763.5,1929291
2021-05-28 09:49:54,763.5,1929293
2021-05-28 09:49:55,763.5,1929544
2021-05-28 09:49:56,763.65,1929729
2021-05-28 09:49:57,763.45,1930088
2021-05-28 09:49:58,763.45,1930088
2021-05-28 09:49:59,763.85,1930171
2021-05-28 09:50:01,764.0,1935711
2021-05-28 09:50:00,764.0,1935711
2021-05-28 09:50:02,764.05,1935906
2021-05-28 09:50:03,764.2,1936576
2021-05-28 09:50:04,764.5,1936898
2021-05-28 09:50:05,764.3,1937015
2021-05-28 09:50:06,764.6,1937268
2021-05-28 09:50:07,764.7,1937279
2021-05-28 09:50:08,764.8,1937738
2021-05-28 09:50:09,764.75,1938333
2021-05-28 09:50:10,764.5,1938676
2021-05-28 09:50:12,764.8,1938904
2021-05-28 09:50:13,764.6,1938911
2021-05-28 09:50:14,764.8,1938946
2021-05-28 09:50:15,764.6,1939132
2021-05-28 09:50:16,764.5,1941392
2021-05-28 09:50:17,764.7,1942059
2021-05-28 09:50:18,764.7,1942059
2021-05-28 09:50:19,764.8,1943291
2021-05-28 09:50:20,765.0,1947387
2021-05-28 09:50:21,764.8,1947420
2021-05-28 09:50:22,764.5,1947871
2021-05-28 09:50:23,764.8,1947898
2021-05-28 09:50:24,764.75,1948093
2021-05-28 09:50:25,764.65,1948223
2021-05-28 09:50:26,764.65,1948223
2021-05-28 09:50:27,764.75,1948636
2021-05-28 09:50:28,764.8,1949117
2021-05-28 09:50:29,764.8,1949117
2021-05-28 09:50:30,764.95,1949146
2021-05-28 09:50:31,765.1,1950157
2021-05-28 09:50:32,765.15,1951194
2021-05-28 09:50:33,764.85,1951429
2021-05-28 09:50:34,765.2,1951969
2021-05-28 09:50:35,764.8,1952296
2021-05-28 09:50:37,764.75,1952621
2021-05-28 09:50:38,764.75,1952621
2021-05-28 09:50:39,764.85,1953012
2021-05-28 09:50:40,764.85,1953154
2021-05-28 09:50:41,764.8,1953504
2021-05-28 09:50:42,764.8,1953504
2021-05-28 09:50:43,764.85,1953654
2021-05-28 09:50:44,764.25,1955705
2021-05-28 09:50:45,764.25,1955794
2021-05-28 09:50:46,764.0,1956197
2021-05-28 09:50:47,764.0,1956197
2021-05-28 09:50:48,764.2,1956320
2021-05-28 09:50:49,764.0,1957352
2021-05-28 09:50:50,764.25,1958602
2021-05-28 09:50:51,764.0,1958972
2021-05-28 09:50:52,764.25,1959037
2021-05-28 09:50:53,764.25,1959037
2021-05-28 09:50:54,764.25,1959037
2021-05-28 09:50:55,764.25,1959080
2021-05-28 09:50:56,763.7,1960800
2021-05-28 09:50:57,764.1,1960810
2021-05-28 09:50:58,763.7,1961807
2021-05-28 09:50:59,764.0,1961919
2021-05-28 09:51:00,764.0,1962069
2021-05-28 09:51:01,764.25,1962081
2021-05-28 09:51:02,764.0,1962462
2021-05-28 09:51:03,763.85,1962612
2021-05-28 09:51:04,764.0,1962728
2021-05-28 09:51:05,763.8,1962813
2021-05-28 09:51:06,763.7,1963686
2021-05-28 09:51:07,764.0,1964271
2021-05-28 09:51:08,764.0,1964985
2021-05-28 09:51:09,764.4,1966256
2021-05-28 09:51:10,763.7,1966663
2021-05-28 09:51:11,763.75,1966704
2021-05-28 09:51:13,764.05,1966724
2021-05-28 09:51:12,764.05,1966724
2021-05-28 09:51:14,763.75,1966732
2021-05-28 09:51:15,764.1,1966845
2021-05-28 09:51:16,763.8,1967375
2021-05-28 09:51:17,764.0,1967733
2021-05-28 09:51:18,764.0,1968058
2021-05-28 09:51:19,764.0,1968168
2021-05-28 09:51:20,764.0,1968168
2021-05-28 09:51:21,764.0,1968208
2021-05-28 09:51:22,763.75,1968209
2021-05-28 09:51:23,763.75,1968384
2021-05-28 09:51:24,763.7,1968436
2021-05-28 09:51:25,763.75,1968453
2021-05-28 09:51:26,764.0,1969241
2021-05-28 09:51:27,763.7,1969791
2021-05-28 09:51:28,763.7,1969791
2021-05-28 09:51:29,764.0,1970045
2021-05-28 09:51:30,764.0,1970459
2021-05-28 09:51:31,763.75,1970484
2021-05-28 09:51:32,763.75,1970504
2021-05-28 09:51:33,763.75,1970539
2021-05-28 09:51:34,763.75,1970539
2021-05-28 09:51:35,764.0,1970729
2021-05-28 09:51:36,763.75,1970744
2021-05-28 09:51:37,764.0,1971091
2021-05-28 09:51:38,764.0,1971364
2021-05-28 09:51:39,763.75,1971516
2021-05-28 09:51:40,764.0,1971886
2021-05-28 09:51:41,764.05,1973679
2021-05-28 09:51:42,764.1,1973743
2021-05-28 09:51:43,764.1,1975948
2021-05-28 09:51:44,763.75,1976018
2021-05-28 09:51:45,764.05,1976338
2021-05-28 09:51:46,763.8,1976398
2021-05-28 09:51:47,764.15,1976699
2021-05-28 09:51:48,763.8,1977249
2021-05-28 09:51:49,763.85,1977269
2021-05-28 09:51:50,763.85,1977313
2021-05-28 09:51:52,763.8,1977721
2021-05-28 09:51:53,763.85,1977834
2021-05-28 09:51:54,764.2,1977904
2021-05-28 09:51:55,764.25,1978034
2021-05-28 09:51:56,763.9,1978271
2021-05-28 09:51:57,763.95,1978273
2021-05-28 09:51:58,763.95,1978285
2021-05-28 09:51:59,763.9,1978353
2021-05-28 09:52:00,764.0,1978410
2021-05-28 09:52:01,764.0,1978520
2021-05-28 09:52:02,764.2,1978535
2021-05-28 09:52:03,764.25,1978811
2021-05-28 09:52:04,763.9,1979311
2021-05-28 09:52:05,763.95,1979416
2021-05-28 09:52:06,764.0,1980688
2021-05-28 09:52:07,764.0,1981094
2021-05-28 09:52:08,764.0,1981094
2021-05-28 09:52:09,764.0,1981444
2021-05-28 09:52:10,763.85,1981903
2021-05-28 09:52:11,763.85,1981903
2021-05-28 09:52:12,764.0,1982139
2021-05-28 09:52:13,763.95,1982189
2021-05-28 09:52:14,763.95,1982490
2021-05-28 09:52:15,763.75,1982545
2021-05-28 09:52:16,763.75,1982545
2021-05-28 09:52:17,763.75,1982675
2021-05-28 09:52:18,763.95,1982963
2021-05-28 09:52:19,763.95,1983038
2021-05-28 09:52:20,764.0,1983443
2021-05-28 09:52:22,764.0,1983496
2021-05-28 09:52:21,764.0,1983496
2021-05-28 09:52:23,763.8,1983927
2021-05-28 09:52:24,764.1,1983937
2021-05-28 09:52:25,764.1,1983979
2021-05-28 09:52:26,764.1,1983987
2021-05-28 09:52:27,764.1,1984044
2021-05-28 09:52:28,764.1,1984044
2021-05-28 09:52:29,764.1,1984044
2021-05-28 09:52:30,764.1,1984046
2021-05-28 09:52:31,763.8,1984238
2021-05-28 09:52:32,764.1,1984291
2021-05-28 09:52:33,764.1,1984510
2021-05-28 09:52:34,764.2,1985456
2021-05-28 09:52:35,764.0,1985601
2021-05-28 09:52:36,764.0,1985601
2021-05-28 09:52:37,764.25,1985739
2021-05-28 09:52:38,764.1,1985764
2021-05-28 09:52:39,764.0,1985994
2021-05-28 09:52:40,764.25,1986028
2021-05-28 09:52:41,764.3,1988564
2021-05-28 09:52:42,764.45,1988582
2021-05-28 09:52:43,764.7,1989102
2021-05-28 09:52:44,764.75,1989807
2021-05-28 09:52:45,764.8,1989838
2021-05-28 09:52:46,764.4,1989853
2021-05-28 09:52:47,764.4,1989865
2021-05-28 09:52:48,764.5,1989915
2021-05-28 09:52:49,764.05,1989960
2021-05-28 09:52:50,763.9,1990189
2021-05-28 09:52:51,763.9,1990189
2021-05-28 09:52:52,764.45,1990316
2021-05-28 09:52:53,764.45,1990338
2021-05-28 09:52:54,764.55,1990678
2021-05-28 09:52:55,764.25,1990790
2021-05-28 09:52:56,764.55,1990805
2021-05-28 09:52:57,764.55,1990816
2021-05-28 09:52:58,764.55,1990816
2021-05-28 09:52:59,764.65,1991253
2021-05-28 09:53:00,764.65,1991384
2021-05-28 09:53:01,764.6,1991391
2021-05-28 09:53:02,764.55,1991593
2021-05-28 09:53:03,764.55,1991593
2021-05-28 09:53:04,764.2,1991658
2021-05-28 09:53:05,764.2,1991662
2021-05-28 09:53:06,764.2,1991668
2021-05-28 09:53:07,764.2,1991791
2021-05-28 09:53:08,764.2,1991791
2021-05-28 09:53:09,764.2,1991791
2021-05-28 09:53:10,764.1,1991876
2021-05-28 09:53:11,764.1,1991876
2021-05-28 09:53:13,764.45,1991926
2021-05-28 09:53:12,764.45,1991926
2021-05-28 09:53:14,764.45,1991926
2021-05-28 09:53:15,764.2,1991932
2021-05-28 09:53:16,764.5,1991938
2021-05-28 09:53:17,764.65,1993136
2021-05-28 09:53:18,764.95,1994391
2021-05-28 09:53:19,764.45,1995093
2021-05-28 09:53:21,764.45,1995132
2021-05-28 09:53:22,764.45,1995132
2021-05-28 09:53:23,764.65,1995142
2021-05-28 09:53:24,764.65,1995262
2021-05-28 09:53:25,764.65,1995268
2021-05-28 09:53:26,764.65,1995268
2021-05-28 09:53:27,764.65,1995358
2021-05-28 09:53:28,764.65,1995358
2021-05-28 09:53:29,764.65,1995359
2021-05-28 09:53:30,764.65,1995379
2021-05-28 09:53:31,764.65,1995439
2021-05-28 09:53:32,764.8,1995449
2021-05-28 09:53:33,764.65,1996037
2021-05-28 09:53:34,764.65,1996067
2021-05-28 09:53:35,764.65,1996067
2021-05-28 09:53:37,764.8,1996381
2021-05-28 09:53:36,764.8,1996381
2021-05-28 09:53:38,764.8,1996481
2021-05-28 09:53:39,764.8,1996511
2021-05-28 09:53:40,764.8,1996621
2021-05-28 09:53:41,764.8,1996756
2021-05-28 09:53:42,764.95,1997086
2021-05-28 09:53:43,764.8,1997226
2021-05-28 09:53:44,764.95,1997317
2021-05-28 09:53:45,764.95,1997856
2021-05-28 09:53:46,764.8,1998202
2021-05-28 09:53:47,764.95,1998500
2021-05-28 09:53:48,764.95,1998523
2021-05-28 09:53:49,764.95,1998675
2021-05-28 09:53:50,764.95,1998725
2021-05-28 09:53:51,764.95,1998751
2021-05-28 09:53:52,764.8,1998804
2021-05-28 09:53:53,764.8,1999235
2021-05-28 09:53:54,764.8,1999365
2021-05-28 09:53:55,764.8,1999365
2021-05-28 09:53:56,765.0,2000515
2021-05-28 09:53:57,765.0,2000515
2021-05-28 09:53:58,764.8,2000523
2021-05-28 09:53:59,764.8,2000740
2021-05-28 09:54:00,764.8,2001857
2021-05-28 09:54:01,765.0,2001911
2021-05-28 09:54:02,765.0,2001923
2021-05-28 09:54:03,764.8,2005612
2021-05-28 09:54:04,764.9,2006433
2021-05-28 09:54:05,764.8,2007659
2021-05-28 09:54:06,764.9,2007757
2021-05-28 09:54:07,764.8,2007760
2021-05-28 09:54:08,764.8,2007760
2021-05-28 09:54:09,764.95,2007810
2021-05-28 09:54:10,764.95,2007810
2021-05-28 09:54:11,765.0,2007861
2021-05-28 09:54:12,764.9,2008244
2021-05-28 09:54:13,765.0,2008294
2021-05-28 09:54:14,764.8,2011014
2021-05-28 09:54:15,765.05,2013607
2021-05-28 09:54:16,765.25,2014376
2021-05-28 09:54:17,765.35,2015288
2021-05-28 09:54:19,765.45,2017644
2021-05-28 09:54:20,765.0,2017844
2021-05-28 09:54:21,765.35,2018059
2021-05-28 09:54:22,765.4,2018113
2021-05-28 09:54:23,765.1,2018318
2021-05-28 09:54:24,765.4,2018453
2021-05-28 09:54:25,765.25,2018513
2021-05-28 09:54:26,765.1,2018543
2021-05-28 09:54:27,765.1,2018543
2021-05-28 09:54:28,765.0,2018546
2021-05-28 09:54:29,765.1,2018560
2021-05-28 09:54:30,765.0,2018860
2021-05-28 09:54:31,765.1,2018892
2021-05-28 09:54:32,765.1,2018992
2021-05-28 09:54:33,765.1,2019127
2021-05-28 09:54:34,765.1,2019167
2021-05-28 09:54:35,765.0,2019178
2021-05-28 09:54:36,765.25,2019518
2021-05-28 09:54:37,765.25,2019528
2021-05-28 09:54:38,765.0,2019843
2021-05-28 09:54:39,765.0,2019843
2021-05-28 09:54:40,765.3,2020068
2021-05-28 09:54:41,765.3,2020068
2021-05-28 09:54:43,765.3,2020765
2021-05-28 09:54:42,765.4,2020668
2021-05-28 09:54:44,765.25,2020835
2021-05-28 09:54:45,765.3,2020905
2021-05-28 09:54:46,765.3,2021008
2021-05-28 09:54:47,765.1,2021072
2021-05-28 09:54:48,765.45,2021907
2021-05-28 09:54:49,765.4,2022004
2021-05-28 09:54:51,765.4,2022004
2021-05-28 09:54:50,765.4,2022004
2021-05-28 09:54:52,765.15,2022606
2021-05-28 09:54:53,765.15,2022611
2021-05-28 09:54:54,765.5,2022625
2021-05-28 09:54:55,765.4,2022726
2021-05-28 09:54:56,765.1,2022831
2021-05-28 09:54:57,765.1,2022831
2021-05-28 09:54:58,765.3,2022941
2021-05-28 09:54:59,765.1,2023075
2021-05-28 09:55:00,765.1,2023375
2021-05-28 09:55:01,765.0,2023380
2021-05-28 09:55:02,765.0,2023426
2021-05-28 09:55:03,765.0,2023426
2021-05-28 09:55:04,765.1,2023990
2021-05-28 09:55:05,765.1,2024469
2021-05-28 09:55:06,765.1,2024588
2021-05-28 09:55:07,765.1,2024908
2021-05-28 09:55:08,765.1,2024908
2021-05-28 09:55:09,765.0,2025023
2021-05-28 09:55:10,765.0,2025126
2021-05-28 09:55:11,765.1,2025191
2021-05-28 09:55:12,765.1,2025309
2021-05-28 09:55:13,765.0,2026134
2021-05-28 09:55:14,765.2,2026357
2021-05-28 09:55:15,765.0,2026373
2021-05-28 09:55:16,765.15,2027025
2021-05-28 09:55:17,765.15,2027077
2021-05-28 09:55:18,765.0,2027178
2021-05-28 09:55:19,765.0,2027284
2021-05-28 09:55:20,765.15,2027840
2021-05-28 09:55:22,765.0,2028172
2021-05-28 09:55:21,765.0,2028109
2021-05-28 09:55:23,765.0,2028394
2021-05-28 09:55:25,765.0,2028946
2021-05-28 09:55:26,765.2,2029255
2021-05-28 09:55:27,765.0,2029305
2021-05-28 09:55:28,765.2,2029338
2021-05-28 09:55:29,765.1,2029421
2021-05-28 09:55:30,765.1,2029421
2021-05-28 09:55:31,765.1,2029421
2021-05-28 09:55:32,765.2,2031026
2021-05-28 09:55:33,765.0,2031031
2021-05-28 09:55:34,765.0,2031550
2021-05-28 09:55:35,765.25,2031650
2021-05-28 09:55:36,765.0,2031750
2021-05-28 09:55:37,765.0,2031756
2021-05-28 09:55:38,765.2,2032038
2021-05-28 09:55:39,765.2,2032076
2021-05-28 09:55:40,765.0,2032121
2021-05-28 09:55:41,765.0,2032331
2021-05-28 09:55:42,764.9,2033079
2021-05-28 09:55:43,764.9,2033079
2021-05-28 09:55:44,764.9,2033279
2021-05-28 09:55:45,764.9,2033279
2021-05-28 09:55:46,764.9,2033279
2021-05-28 09:55:47,764.8,2033514
2021-05-28 09:55:48,764.9,2033778
2021-05-28 09:55:49,764.9,2033819
2021-05-28 09:55:50,765.0,2033844
2021-05-28 09:55:51,765.0,2033844
2021-05-28 09:55:52,765.0,2033844
2021-05-28 09:55:53,764.8,2033865
2021-05-28 09:55:54,765.0,2033885
2021-05-28 09:55:55,765.0,2034060
2021-05-28 09:55:56,764.8,2034091
2021-05-28 09:55:57,764.8,2034096
2021-05-28 09:55:58,764.8,2034096
2021-05-28 09:55:59,764.8,2034196
2021-05-28 09:56:00,764.8,2034337
2021-05-28 09:56:01,764.8,2034542
2021-05-28 09:56:02,764.65,2034612
2021-05-28 09:56:03,764.75,2034637
2021-05-28 09:56:04,764.7,2034657
2021-05-28 09:56:05,764.7,2034708
2021-05-28 09:56:06,764.3,2036369
2021-05-28 09:56:07,764.3,2036398
2021-05-28 09:56:08,764.35,2036580
2021-05-28 09:56:09,764.2,2036890
2021-05-28 09:56:10,764.1,2036900
2021-05-28 09:56:11,764.1,2037157
2021-05-28 09:56:12,764.05,2037383
2021-05-28 09:56:13,764.05,2037383
2021-05-28 09:56:14,764.3,2037483
2021-05-28 09:56:15,764.3,2037858
2021-05-28 09:56:16,764.3,2038894
2021-05-28 09:56:17,764.4,2039604
2021-05-28 09:56:18,764.4,2039604
2021-05-28 09:56:19,764.4,2039604
2021-05-28 09:56:20,764.3,2039659
2021-05-28 09:56:21,764.1,2039764
2021-05-28 09:56:23,764.25,2039938
2021-05-28 09:56:22,764.25,2039937
2021-05-28 09:56:24,764.25,2039938
2021-05-28 09:56:25,764.25,2039956
2021-05-28 09:56:26,764.0,2040001
2021-05-28 09:56:27,764.05,2042701
2021-05-28 09:56:28,764.05,2042702
2021-05-28 09:56:29,764.0,2042749
2021-05-28 09:56:30,764.0,2043884
2021-05-28 09:56:31,764.0,2043884
2021-05-28 09:56:32,764.0,2043986
2021-05-28 09:56:33,764.25,2044443
2021-05-28 09:56:34,764.25,2044503
2021-05-28 09:56:35,764.0,2044583
2021-05-28 09:56:36,764.0,2044705
2021-05-28 09:56:37,764.0,2044755
2021-05-28 09:56:38,764.25,2044776
2021-05-28 09:56:39,764.0,2044976
2021-05-28 09:56:40,764.0,2044986
2021-05-28 09:56:41,764.25,2044987
2021-05-28 09:56:42,764.3,2045007
2021-05-28 09:56:43,764.2,2045118
2021-05-28 09:56:44,764.0,2045218
2021-05-28 09:56:45,764.0,2045250
2021-05-28 09:56:46,764.0,2045250
2021-05-28 09:56:47,763.95,2045392
2021-05-28 09:56:48,764.05,2045559
2021-05-28 09:56:49,764.05,2045584
2021-05-28 09:56:50,764.05,2045584
2021-05-28 09:56:51,764.05,2045585
2021-05-28 09:56:52,764.05,2045685
2021-05-28 09:56:54,764.1,2045889
2021-05-28 09:56:53,764.05,2045790
2021-05-28 09:56:55,764.1,2045889
2021-05-28 09:56:56,764.1,2045933
2021-05-28 09:56:57,764.3,2046937
2021-05-28 09:56:58,764.25,2047262
2021-05-28 09:56:59,764.25,2047328
2021-05-28 09:57:00,764.2,2047629
2021-05-28 09:57:01,764.15,2047765
2021-05-28 09:57:03,764.15,2047765
2021-05-28 09:57:02,764.15,2047765
2021-05-28 09:57:04,764.15,2047765
2021-05-28 09:57:05,764.15,2047765
2021-05-28 09:57:06,764.15,2047765
2021-05-28 09:57:08,764.3,2047876
2021-05-28 09:57:09,764.3,2047886
2021-05-28 09:57:10,764.15,2047926
2021-05-28 09:57:11,764.15,2047947
2021-05-28 09:57:12,764.05,2048002
2021-05-28 09:57:13,764.05,2048023
2021-05-28 09:57:14,764.05,2048048
2021-05-28 09:57:15,764.05,2048098
2021-05-28 09:57:16,764.05,2048098
2021-05-28 09:57:18,764.15,2048130
2021-05-28 09:57:19,764.05,2048140
2021-05-28 09:57:21,764.05,2048176
2021-05-28 09:57:22,764.15,2048206
2021-05-28 09:57:23,764.15,2048206
2021-05-28 09:57:24,764.05,2048285
2021-05-28 09:57:25,764.05,2048509
2021-05-28 09:57:26,764.05,2048809
2021-05-28 09:57:27,764.1,2050962
2021-05-28 09:57:28,764.0,2050967
2021-05-28 09:57:30,764.05,2051019
2021-05-28 09:57:29,764.0,2051017
2021-05-28 09:57:31,764.05,2051161
2021-05-28 09:57:32,764.05,2051474
2021-05-28 09:57:33,764.0,2051774
2021-05-28 09:57:34,764.0,2052636
2021-05-28 09:57:35,764.0,2052836
2021-05-28 09:57:36,764.0,2052846
2021-05-28 09:57:37,763.9,2056291
2021-05-28 09:57:38,763.9,2056324
2021-05-28 09:57:39,763.9,2056326
2021-05-28 09:57:40,763.85,2056448
2021-05-28 09:57:41,763.85,2056448
2021-05-28 09:57:42,764.0,2056720
2021-05-28 09:57:43,763.85,2056822
2021-05-28 09:57:44,764.0,2057870
2021-05-28 09:57:45,763.8,2057988
2021-05-28 09:57:46,763.8,2057988
2021-05-28 09:57:47,763.8,2057988
2021-05-28 09:57:48,763.9,2057997
2021-05-28 09:57:49,763.9,2057997
2021-05-28 09:57:50,763.9,2057997
2021-05-28 09:57:51,764.0,2057998
2021-05-28 09:57:52,764.0,2058010
2021-05-28 09:57:53,763.9,2058015
2021-05-28 09:57:54,763.9,2058030
2021-05-28 09:57:55,763.8,2058582
2021-05-28 09:57:56,763.8,2058637
2021-05-28 09:57:57,763.8,2058637
2021-05-28 09:57:58,763.8,2058887
2021-05-28 09:57:59,763.8,2058889
2021-05-28 09:58:00,763.8,2059239
2021-05-28 09:58:01,763.8,2059331
2021-05-28 09:58:02,763.8,2059343
2021-05-28 09:58:03,763.9,2059387
2021-05-28 09:58:04,763.95,2059420
2021-05-28 09:58:05,763.95,2059420
2021-05-28 09:58:06,763.95,2060958
2021-05-28 09:58:07,763.85,2060973
2021-05-28 09:58:08,763.8,2061476
2021-05-28 09:58:09,763.8,2061562
2021-05-28 09:58:10,763.8,2061812
2021-05-28 09:58:11,763.85,2062002
2021-05-28 09:58:13,763.95,2062216
2021-05-28 09:58:14,763.85,2063332
2021-05-28 09:58:15,763.85,2063332
2021-05-28 09:58:16,763.85,2064002
2021-05-28 09:58:17,763.85,2064002
2021-05-28 09:58:18,764.0,2064062
2021-05-28 09:58:19,763.95,2064214
2021-05-28 09:58:20,763.95,2064245
2021-05-28 09:58:21,763.95,2064251
2021-05-28 09:58:22,763.85,2064276
2021-05-28 09:58:23,763.95,2064406
2021-05-28 09:58:24,763.85,2064675
2021-05-28 09:58:25,763.95,2064695
2021-05-28 09:58:26,763.95,2064715
2021-05-28 09:58:27,763.85,2064818
2021-05-28 09:58:28,763.95,2064925
2021-05-28 09:58:29,763.9,2065022
2021-05-28 09:58:30,763.8,2065322
2021-05-28 09:58:31,763.9,2065739
2021-05-28 09:58:32,763.8,2065759
2021-05-28 09:58:33,763.9,2065921
2021-05-28 09:58:34,763.9,2065961
2021-05-28 09:58:35,763.9,2066071
2021-05-28 09:58:36,763.9,2066071
2021-05-28 09:58:37,763.95,2066096
2021-05-28 09:58:38,763.9,2066173
2021-05-28 09:58:39,763.9,2066173
2021-05-28 09:58:40,763.9,2066673
2021-05-28 09:58:41,763.9,2066673
2021-05-28 09:58:42,763.95,2066676
2021-05-28 09:58:43,763.9,2067244
2021-05-28 09:58:44,763.9,2067244
2021-05-28 09:58:45,763.9,2067244
2021-05-28 09:58:46,763.9,2067254
2021-05-28 09:58:47,763.85,2067411
2021-05-28 09:58:48,763.9,2067420
2021-05-28 09:58:49,763.9,2067420
2021-05-28 09:58:50,763.95,2068053
2021-05-28 09:58:51,763.85,2068309
2021-05-28 09:58:52,763.9,2068355
2021-05-28 09:58:53,763.9,2068359
2021-05-28 09:58:54,763.8,2068429
2021-05-28 09:58:55,763.8,2068429
2021-05-28 09:58:56,763.8,2068429
2021-05-28 09:58:57,763.85,2068434
2021-05-28 09:58:58,763.85,2068437
2021-05-28 09:59:00,763.85,2068437
2021-05-28 09:59:01,763.85,2068507
2021-05-28 09:59:02,763.85,2068532
2021-05-28 09:59:03,763.8,2068632
2021-05-28 09:59:04,763.8,2068632
2021-05-28 09:59:05,763.95,2069367
2021-05-28 09:59:06,764.0,2069592
2021-05-28 09:59:07,763.8,2069692
2021-05-28 09:59:08,763.8,2069719
2021-05-28 09:59:09,763.8,2069743
2021-05-28 09:59:10,764.0,2069793
2021-05-28 09:59:11,763.8,2069794
2021-05-28 09:59:12,763.8,2069924
2021-05-28 09:59:13,764.0,2070113
2021-05-28 09:59:14,763.9,2070230
2021-05-28 09:59:15,764.0,2070235
2021-05-28 09:59:16,763.9,2070237
2021-05-28 09:59:17,763.8,2070265
2021-05-28 09:59:18,763.8,2070385
2021-05-28 09:59:19,763.8,2070385
2021-05-28 09:59:20,763.8,2070385
2021-05-28 09:59:21,763.95,2070438
2021-05-28 09:59:22,763.95,2070525
2021-05-28 09:59:23,763.95,2070535
2021-05-28 09:59:24,763.8,2070615
2021-05-28 09:59:25,763.9,2070620
2021-05-28 09:59:26,763.8,2070650
2021-05-28 09:59:27,763.8,2070800
2021-05-28 09:59:28,763.95,2070812
2021-05-28 09:59:29,763.95,2070822
2021-05-28 09:59:30,763.85,2070837
2021-05-28 09:59:31,763.95,2070861
2021-05-28 09:59:32,763.95,2070861
2021-05-28 09:59:33,763.95,2070861
2021-05-28 09:59:34,763.9,2070866
2021-05-28 09:59:35,763.8,2071066
2021-05-28 09:59:36,763.8,2071066
2021-05-28 09:59:37,763.95,2071191
2021-05-28 09:59:38,763.8,2071331
2021-05-28 09:59:39,763.95,2071401
2021-05-28 09:59:40,763.8,2071816
2021-05-28 09:59:41,763.8,2071817
2021-05-28 09:59:42,763.8,2072191
2021-05-28 09:59:43,764.0,2072211
2021-05-28 09:59:44,763.8,2072726
2021-05-28 09:59:45,763.8,2072726
2021-05-28 09:59:46,763.8,2072726
2021-05-28 09:59:47,763.8,2072727
2021-05-28 09:59:48,763.8,2072727
2021-05-28 09:59:49,763.95,2072887
2021-05-28 09:59:50,763.95,2072895
2021-05-28 09:59:51,763.8,2073116
2021-05-28 09:59:52,763.8,2073366
2021-05-28 09:59:53,763.9,2073476
2021-05-28 09:59:54,763.8,2073481
2021-05-28 09:59:55,763.8,2073780
2021-05-28 09:59:56,763.8,2073780
2021-05-28 09:59:57,763.8,2073830
2021-05-28 09:59:58,763.8,2073830
2021-05-28 09:59:59,763.85,2074205
2021-05-28 10:00:00,763.65,2080740
2021-05-28 10:00:01,763.5,2083367
2021-05-28 10:00:02,763.4,2083368
2021-05-28 10:00:03,763.4,2083743
2021-05-28 10:00:04,763.5,2083773
2021-05-28 10:00:05,763.5,2084197
2021-05-28 10:00:06,763.65,2084211
2021-05-28 10:00:07,763.5,2084417
2021-05-28 10:00:08,763.5,2084417
2021-05-28 10:00:09,763.5,2084427
2021-05-28 10:00:10,763.5,2084427
2021-05-28 10:00:11,763.65,2085094
2021-05-28 10:00:12,763.7,2085104
2021-05-28 10:00:14,763.5,2085189
2021-05-28 10:00:13,763.5,2085189
2021-05-28 10:00:15,763.5,2085699
2021-05-28 10:00:16,763.5,2087259
2021-05-28 10:00:17,763.5,2087552
2021-05-28 10:00:18,763.4,2087841
2021-05-28 10:00:19,763.4,2087873
2021-05-28 10:00:20,763.1,2091558
2021-05-28 10:00:21,763.5,2092087
2021-05-28 10:00:22,763.15,2092418
2021-05-28 10:00:23,763.45,2092420
2021-05-28 10:00:24,763.15,2092440
2021-05-28 10:00:25,763.45,2092523
2021-05-28 10:00:26,763.15,2092653
2021-05-28 10:00:27,763.4,2093111
2021-05-28 10:00:28,763.0,2094272
2021-05-28 10:00:29,763.0,2094422
2021-05-28 10:00:30,763.0,2094607
2021-05-28 10:00:31,762.5,2108968
2021-05-28 10:00:32,762.9,2109069
2021-05-28 10:00:33,762.5,2109342
2021-05-28 10:00:34,762.8,2109893
2021-05-28 10:00:35,763.1,2110328
2021-05-28 10:00:36,762.55,2110373
2021-05-28 10:00:37,762.95,2110649
2021-05-28 10:00:38,762.55,2110664
2021-05-28 10:00:39,762.55,2110664
2021-05-28 10:00:40,762.55,2110664
2021-05-28 10:00:41,762.7,2110714
2021-05-28 10:00:42,763.15,2113924
2021-05-28 10:00:44,763.35,2114977
2021-05-28 10:00:45,762.95,2115170
2021-05-28 10:00:45,763.0,2115183
2021-05-28 10:00:46,763.0,2115636
2021-05-28 10:00:47,763.0,2115836
2021-05-28 10:00:48,763.3,2115946
2021-05-28 10:00:49,762.9,2116010
2021-05-28 10:00:50,763.0,2116160
2021-05-28 10:00:51,762.9,2116688
2021-05-28 10:00:52,762.9,2116690
2021-05-28 10:00:54,762.85,2116781
2021-05-28 10:00:55,763.0,2116967
2021-05-28 10:00:56,762.9,2117022
2021-05-28 10:00:57,763.0,2117122
2021-05-28 10:00:58,762.9,2117632
2021-05-28 10:00:59,762.7,2119073
2021-05-28 10:01:00,762.7,2119204
2021-05-28 10:01:03,763.0,2119661
2021-05-28 10:01:04,762.7,2120260
2021-05-28 10:01:05,762.7,2120280
2021-05-28 10:01:06,763.0,2120291
2021-05-28 10:01:07,762.7,2120425
2021-05-28 10:01:08,762.7,2120516
2021-05-28 10:01:09,763.0,2120616
2021-05-28 10:01:10,763.0,2120616
2021-05-28 10:01:12,762.7,2120652
2021-05-28 10:01:12,762.7,2120652
2021-05-28 10:01:13,762.8,2120851
2021-05-28 10:01:14,762.7,2120971
2021-05-28 10:01:15,762.7,2120971
2021-05-28 10:01:16,762.8,2121772
2021-05-28 10:01:17,762.8,2121882
2021-05-28 10:01:18,762.7,2122032
2021-05-28 10:01:19,762.7,2122118
2021-05-28 10:01:20,762.8,2122141
2021-05-28 10:01:21,762.7,2122201
2021-05-28 10:01:22,762.7,2122201
2021-05-28 10:01:23,762.7,2122247
2021-05-28 10:01:24,762.7,2122354
2021-05-28 10:01:25,762.7,2122374
2021-05-28 10:01:26,762.8,2122563
2021-05-28 10:01:27,762.75,2125798
2021-05-28 10:01:28,762.8,2125936
2021-05-28 10:01:29,762.8,2126106
2021-05-28 10:01:30,762.8,2127006
2021-05-28 10:01:31,762.8,2127121
2021-05-28 10:01:33,762.8,2127446
2021-05-28 10:01:34,763.15,2127565
2021-05-28 10:01:35,762.8,2127959
2021-05-28 10:01:36,762.75,2127975
2021-05-28 10:01:37,762.75,2128034
2021-05-28 10:01:38,763.05,2128534
2021-05-28 10:01:39,763.15,2129814
2021-05-28 10:01:40,763.15,2129814
2021-05-28 10:01:41,762.75,2129816
2021-05-28 10:01:42,762.75,2129816
2021-05-28 10:01:43,762.75,2129848
2021-05-28 10:01:44,762.75,2129848
2021-05-28 10:01:45,763.0,2129888
2021-05-28 10:01:46,763.0,2129898
2021-05-28 10:01:47,762.7,2130501
2021-05-28 10:01:48,762.7,2131721
2021-05-28 10:01:49,762.75,2132236
2021-05-28 10:01:50,762.7,2132463
2021-05-28 10:01:51,763.0,2132613
2021-05-28 10:01:52,763.0,2132798
2021-05-28 10:01:53,762.8,2132816
2021-05-28 10:01:55,762.75,2133015
2021-05-28 10:01:55,762.8,2133215
2021-05-28 10:01:57,762.95,2133327
2021-05-28 10:01:57,762.95,2133327
2021-05-28 10:01:58,762.5,2136389
2021-05-28 10:01:59,762.75,2136990
2021-05-28 10:02:00,762.75,2136990
2021-05-28 10:02:01,762.55,2136994
2021-05-28 10:02:02,762.55,2137114
2021-05-28 10:02:04,762.75,2137591
2021-05-28 10:02:03,762.75,2137357
2021-05-28 10:02:05,762.85,2137632
2021-05-28 10:02:06,763.0,2137680
2021-05-28 10:02:07,763.0,2137830
2021-05-28 10:02:08,762.75,2137943
2021-05-28 10:02:09,762.4,2141681
2021-05-28 10:02:10,762.4,2141749
2021-05-28 10:02:12,762.4,2141749
2021-05-28 10:02:12,762.4,2141749
2021-05-28 10:02:13,762.5,2142022
2021-05-28 10:02:14,762.5,2142134
2021-05-28 10:02:15,762.5,2142134
2021-05-28 10:02:16,762.4,2142194
2021-05-28 10:02:17,762.25,2142754
2021-05-28 10:02:18,762.25,2142784
2021-05-28 10:02:19,762.25,2142839
2021-05-28 10:02:20,762.25,2142849
2021-05-28 10:02:21,762.25,2142922
2021-05-28 10:02:22,762.3,2142932
2021-05-28 10:02:23,761.9,2158902
2021-05-28 10:02:24,761.7,2159175
2021-05-28 10:02:25,762.0,2159279
2021-05-28 10:02:26,761.75,2159296
2021-05-28 10:02:27,762.0,2159306
2021-05-28 10:02:29,762.0,2159809
2021-05-28 10:02:29,762.0,2159809
2021-05-28 10:02:30,761.75,2159861
2021-05-28 10:02:31,762.0,2160111
2021-05-28 10:02:32,761.65,2160459
2021-05-28 10:02:33,761.95,2161264
2021-05-28 10:02:34,761.65,2161506
2021-05-28 10:02:35,761.55,2162266
2021-05-28 10:02:36,761.95,2162694
2021-05-28 10:02:37,761.5,2163105
2021-05-28 10:02:38,761.65,2163109
2021-05-28 10:02:39,761.5,2163524
2021-05-28 10:02:40,761.65,2163526
2021-05-28 10:02:41,761.5,2163645
2021-05-28 10:02:42,762.1,2164848
2021-05-28 10:02:43,761.75,2165348
2021-05-28 10:02:44,761.8,2165522
2021-05-28 10:02:45,761.7,2165643
2021-05-28 10:02:46,762.0,2165924
2021-05-28 10:02:47,762.0,2165930
2021-05-28 10:02:48,761.8,2165935
2021-05-28 10:02:49,761.75,2165937
2021-05-28 10:02:50,761.75,2167093
2021-05-28 10:02:52,761.75,2167093
2021-05-28 10:02:52,761.75,2167093
2021-05-28 10:02:53,762.0,2167098
2021-05-28 10:02:54,761.6,2169198
2021-05-28 10:02:55,761.0,2176607
2021-05-28 10:02:56,761.1,2188580
2021-05-28 10:02:57,761.4,2188625
2021-05-28 10:02:58,761.3,2189417
2021-05-28 10:02:59,761.85,2189996
2021-05-28 10:03:00,761.45,2190307
2021-05-28 10:03:01,761.7,2190327
2021-05-28 10:03:02,761.55,2190333
2021-05-28 10:03:03,761.4,2191464
2021-05-28 10:03:04,761.4,2191476
2021-05-28 10:03:05,761.4,2191481
2021-05-28 10:03:06,761.55,2193091
2021-05-28 10:03:07,761.35,2193106
2021-05-28 10:03:08,761.45,2193182
2021-05-28 10:03:09,761.35,2193616
2021-05-28 10:03:10,761.15,2193813
2021-05-28 10:03:11,761.45,2193863
2021-05-28 10:03:12,761.1,2194012
2021-05-28 10:03:14,761.15,2194052
2021-05-28 10:03:14,761.15,2194052
2021-05-28 10:03:15,761.35,2194077
2021-05-28 10:03:16,761.4,2194205
2021-05-28 10:03:17,761.4,2194262
2021-05-28 10:03:18,761.45,2194282
2021-05-28 10:03:19,761.4,2194672
2021-05-28 10:03:20,761.2,2194729
2021-05-28 10:03:21,761.4,2194736
2021-05-28 10:03:22,761.4,2194736
2021-05-28 10:03:23,761.4,2194815
2021-05-28 10:03:24,761.5,2196421
2021-05-28 10:03:25,761.4,2196511
2021-05-28 10:03:26,761.5,2197411
2021-05-28 10:03:27,761.4,2197441
2021-05-28 10:03:28,761.65,2197867
2021-05-28 10:03:29,761.4,2197868
2021-05-28 10:03:30,761.2,2198118
2021-05-28 10:03:31,761.2,2198238
2021-05-28 10:03:32,761.2,2198238
2021-05-28 10:03:33,761.2,2198397
2021-05-28 10:03:34,761.2,2198696
2021-05-28 10:03:35,761.1,2199243
2021-05-28 10:03:36,761.2,2199318
2021-05-28 10:03:37,761.2,2199318
2021-05-28 10:03:38,761.2,2199478
2021-05-28 10:03:39,761.4,2199631
2021-05-28 10:03:40,761.4,2200156
2021-05-28 10:03:41,761.45,2200426
2021-05-28 10:03:42,761.2,2200522
2021-05-28 10:03:43,761.45,2200563
2021-05-28 10:03:44,761.4,2201154
2021-05-28 10:03:45,761.4,2201210
2021-05-28 10:03:46,761.45,2201261
2021-05-28 10:03:47,761.25,2201293
2021-05-28 10:03:48,761.25,2201293
2021-05-28 10:03:49,761.25,2201293
2021-05-28 10:03:50,761.2,2201513
2021-05-28 10:03:51,761.2,2201528
2021-05-28 10:03:52,761.2,2201528
2021-05-28 10:03:53,761.2,2201604
2021-05-28 10:03:54,761.2,2201636
2021-05-28 10:03:55,761.4,2201950
2021-05-28 10:03:56,761.2,2202200
2021-05-28 10:03:57,761.45,2202414
2021-05-28 10:03:58,761.2,2202424
2021-05-28 10:03:59,761.4,2202503
2021-05-28 10:04:00,761.4,2202609
2021-05-28 10:04:01,761.45,2202709
2021-05-28 10:04:02,761.25,2202712
2021-05-28 10:04:03,761.25,2202713
2021-05-28 10:04:04,761.45,2202815
2021-05-28 10:04:05,761.45,2202815
2021-05-28 10:04:07,761.4,2202868
2021-05-28 10:04:06,761.4,2202865
2021-05-28 10:04:08,761.45,2202993
2021-05-28 10:04:09,761.3,2203056
2021-05-28 10:04:10,761.4,2203104
2021-05-28 10:04:11,761.3,2204364
2021-05-28 10:04:12,761.3,2204764
2021-05-28 10:04:13,761.45,2204914
2021-05-28 10:04:14,761.4,2204915
2021-05-28 10:04:15,761.4,2204975
2021-05-28 10:04:16,761.4,2205110
2021-05-28 10:04:17,761.4,2205125
2021-05-28 10:04:19,761.45,2205640
2021-05-28 10:04:18,761.3,2205290
2021-05-28 10:04:20,761.3,2205870
2021-05-28 10:04:21,761.45,2205871
2021-05-28 10:04:22,761.45,2206138
2021-05-28 10:04:24,761.45,2206302
2021-05-28 10:04:24,761.45,2206302
2021-05-28 10:04:25,761.3,2206354
2021-05-28 10:04:27,761.3,2206354
2021-05-28 10:04:28,761.7,2207793
2021-05-28 10:04:29,761.4,2208118
2021-05-28 10:04:30,761.4,2208118
2021-05-28 10:04:31,761.75,2208868
2021-05-28 10:04:32,761.8,2209776
2021-05-28 10:04:33,761.8,2209786
2021-05-28 10:04:34,762.0,2210356
2021-05-28 10:04:35,761.85,2210371
2021-05-28 10:04:36,761.85,2210371
2021-05-28 10:04:37,762.0,2210382
2021-05-28 10:04:38,762.0,2210632
2021-05-28 10:04:39,761.8,2210847
2021-05-28 10:04:40,761.65,2210907
2021-05-28 10:04:41,761.65,2210907
2021-05-28 10:04:42,761.8,2211008
2021-05-28 10:04:43,761.8,2211008
2021-05-28 10:04:44,761.65,2211059
2021-05-28 10:04:45,761.6,2211068
2021-05-28 10:04:46,761.8,2212669
2021-05-28 10:04:47,761.9,2212717
2021-05-28 10:04:48,761.9,2212767
2021-05-28 10:04:49,761.9,2213022
2021-05-28 10:04:50,762.0,2213277
2021-05-28 10:04:51,762.0,2213277
2021-05-28 10:04:52,762.0,2213277
2021-05-28 10:04:53,761.75,2213351
2021-05-28 10:04:54,762.0,2213503
2021-05-28 10:04:56,761.85,2213603
2021-05-28 10:04:56,762.0,2213503
2021-05-28 10:04:57,761.85,2213703
2021-05-28 10:04:59,762.0,2213723
2021-05-28 10:04:59,762.0,2213723
2021-05-28 10:05:00,762.0,2214973
2021-05-28 10:05:01,762.0,2214973
2021-05-28 10:05:02,762.0,2215003
2021-05-28 10:05:03,762.0,2215052
2021-05-28 10:05:04,761.85,2215464
2021-05-28 10:05:05,762.0,2216580
2021-05-28 10:05:06,762.0,2216580
2021-05-28 10:05:07,761.85,2216608
2021-05-28 10:05:08,762.0,2216872
2021-05-28 10:05:09,762.0,2217386
2021-05-28 10:05:10,761.85,2217398
2021-05-28 10:05:11,761.95,2217548
2021-05-28 10:05:12,761.95,2217879
2021-05-28 10:05:13,761.8,2218292
2021-05-28 10:05:14,761.75,2221142
2021-05-28 10:05:15,761.7,2222168
2021-05-28 10:05:16,761.5,2222991
2021-05-28 10:05:17,761.55,2223001
2021-05-28 10:05:18,761.55,2223001
2021-05-28 10:05:19,761.8,2223021
2021-05-28 10:05:20,761.5,2223281
2021-05-28 10:05:21,761.55,2223321
2021-05-28 10:05:22,761.8,2223322
