timestamp,ltp,volume
2021-05-28 09:15:16,1432.75,8286
2021-05-28 09:15:17,1432.45,8621
2021-05-28 09:15:18,1432.45,8682
2021-05-28 09:15:19,1432.2,9583
2021-05-28 09:15:20,1432.1,10031
2021-05-28 09:15:21,1432.95,10258
2021-05-28 09:15:22,1433.0,10388
2021-05-28 09:15:23,1433.35,10846
2021-05-28 09:15:24,1434.6,10913
2021-05-28 09:15:25,1434.4,10945
2021-05-28 09:15:26,1434.25,11263
2021-05-28 09:15:27,1435.05,12668
2021-05-28 09:15:28,1435.1,12920
2021-05-28 09:15:30,1436.35,13044
2021-05-28 09:15:31,1437.15,13331
2021-05-28 09:15:32,1436.1,13696
2021-05-28 09:15:33,1437.5,14017
2021-05-28 09:15:34,1436.15,14089
2021-05-28 09:15:35,1436.2,14752
2021-05-28 09:15:36,1437.8,14846
2021-05-28 09:15:37,1436.65,14955
2021-05-28 09:15:38,1436.85,14988
2021-05-28 09:15:39,1437.95,15067
2021-05-28 09:15:40,1438.0,15200
2021-05-28 09:15:41,1438.6,15551
2021-05-28 09:15:42,1438.05,15679
2021-05-28 09:15:43,1438.1,15911
2021-05-28 09:15:44,1439.65,16056
2021-05-28 09:15:45,1438.3,16295
2021-05-28 09:15:46,1438.6,16457
2021-05-28 09:15:47,1439.9,17535
2021-05-28 09:15:48,1439.9,18192
2021-05-28 09:15:49,1439.9,18655
2021-05-28 09:15:50,1439.05,19225
2021-05-28 09:15:51,1439.85,19300
2021-05-28 09:15:52,1439.85,19356
2021-05-28 09:15:53,1439.85,19416
2021-05-28 09:15:54,1439.1,19609
2021-05-28 09:15:55,1438.05,20661
2021-05-28 09:15:56,1434.05,21819
2021-05-28 09:15:57,1435.55,21913
2021-05-28 09:15:58,1436.7,22132
2021-05-28 09:15:59,1435.05,22147
2021-05-28 09:16:00,1436.55,22428
2021-05-28 09:16:01,1434.9,22839
2021-05-28 09:16:02,1436.3,22939
2021-05-28 09:16:03,1435.1,23163
2021-05-28 09:16:04,1436.15,23204
2021-05-28 09:16:05,1436.35,23347
2021-05-28 09:16:06,1435.25,23461
2021-05-28 09:16:07,1435.25,23473
2021-05-28 09:16:08,1435.25,23489
2021-05-28 09:16:09,1434.4,24309
2021-05-28 09:16:10,1435.7,24377
2021-05-28 09:16:11,1435.25,24658
2021-05-28 09:16:12,1435.25,25095
2021-05-28 09:16:13,1434.0,25770
2021-05-28 09:16:13,1434.1,25780
2021-05-28 09:16:15,1434.1,25780
2021-05-28 09:16:16,1434.1,25780
2021-05-28 09:16:18,1435.5,26269
2021-05-28 09:16:19,1435.05,26313
2021-05-28 09:16:20,1435.05,26313
2021-05-28 09:16:21,1436.8,26970
2021-05-28 09:16:22,1437.95,27126
2021-05-28 09:16:23,1438.0,27462
2021-05-28 09:16:24,1437.1,27747
2021-05-28 09:16:25,1438.1,27831
2021-05-28 09:16:26,1438.95,28304
2021-05-28 09:16:27,1437.35,28710
2021-05-28 09:16:28,1438.2,29094
2021-05-28 09:16:29,1437.3,29453
2021-05-28 09:16:30,1437.35,29644
2021-05-28 09:16:31,1436.75,29780
2021-05-28 09:16:31,1436.75,29780
2021-05-28 09:16:32,1437.65,29785
2021-05-28 09:16:33,1436.75,29838
2021-05-28 09:16:34,1436.75,29838
2021-05-28 09:16:36,1436.35,31016
2021-05-28 09:16:37,1436.7,31033
2021-05-28 09:16:38,1435.45,31055
2021-05-28 09:16:39,1435.45,31062
2021-05-28 09:16:40,1435.45,31082
2021-05-28 09:16:41,1436.95,31228
2021-05-28 09:16:42,1437.05,31238
2021-05-28 09:16:43,1437.05,31238
2021-05-28 09:16:44,1436.6,31287
2021-05-28 09:16:45,1435.45,32271
2021-05-28 09:16:46,1436.0,32281
2021-05-28 09:16:47,1435.45,32576
2021-05-28 09:16:48,1434.8,32599
2021-05-28 09:16:49,1435.4,32619
2021-05-28 09:16:50,1434.5,32799
2021-05-28 09:16:52,1435.45,33216
2021-05-28 09:16:53,1436.15,33310
2021-05-28 09:16:57,1434.5,34983
2021-05-28 09:16:58,1435.45,34988
2021-05-28 09:16:59,1434.5,35020
2021-05-28 09:17:00,1434.4,35038
2021-05-28 09:17:01,1434.5,35082
2021-05-28 09:17:02,1434.0,35638
2021-05-28 09:17:03,1434.5,35737
2021-05-28 09:17:04,1434.3,35741
2021-05-28 09:17:04,1434.3,35741
2021-05-28 09:17:05,1435.0,35804
2021-05-28 09:17:06,1434.75,35900
2021-05-28 09:17:07,1435.0,36182
2021-05-28 09:17:08,1436.3,36380
2021-05-28 09:17:09,1436.4,36580
2021-05-28 09:17:10,1436.4,36580
2021-05-28 09:17:12,1436.4,36580
2021-05-28 09:17:13,1435.45,36605
2021-05-28 09:17:14,1435.45,38415
2021-05-28 09:17:15,1436.1,39073
2021-05-28 09:17:16,1436.1,39111
2021-05-28 09:17:17,1436.45,39331
2021-05-28 09:17:18,1436.15,39631
2021-05-28 09:17:19,1436.15,39631
2021-05-28 09:17:20,1435.45,39649
2021-05-28 09:17:21,1436.0,39784
2021-05-28 09:17:22,1435.05,40068
2021-05-28 09:17:23,1435.65,40117
2021-05-28 09:17:24,1435.0,40130
2021-05-28 09:17:25,1435.0,40170
2021-05-28 09:17:26,1434.45,40183
2021-05-28 09:17:27,1435.3,40708
2021-05-28 09:17:28,1434.2,40719
2021-05-28 09:17:29,1434.2,40719
2021-05-28 09:17:30,1435.45,41518
2021-05-28 09:17:31,1435.65,41673
2021-05-28 09:17:32,1435.65,41807
2021-05-28 09:17:33,1436.35,41817
2021-05-28 09:17:34,1436.65,41871
2021-05-28 09:17:35,1436.0,42462
2021-05-28 09:17:36,1435.8,42562
2021-05-28 09:17:37,1435.8,42562
2021-05-28 09:17:38,1435.65,42962
2021-05-28 09:17:39,1435.65,42962
2021-05-28 09:17:40,1435.65,43082
2021-05-28 09:17:41,1436.45,43115
2021-05-28 09:17:42,1436.8,43634
2021-05-28 09:17:43,1435.8,44345
2021-05-28 09:17:44,1435.8,44345
2021-05-28 09:17:45,1435.8,44345
2021-05-28 09:17:46,1436.8,44378
2021-05-28 09:17:47,1437.05,46233
2021-05-28 09:17:48,1437.0,46363
2021-05-28 09:17:49,1437.75,46434
2021-05-28 09:17:50,1438.0,47090
2021-05-28 09:17:51,1438.0,47090
2021-05-28 09:17:52,1438.0,47319
2021-05-28 09:17:53,1437.05,47399
2021-05-28 09:17:54,1437.35,49009
2021-05-28 09:17:55,1437.2,49124
2021-05-28 09:17:56,1437.35,49175
2021-05-28 09:17:57,1437.1,50044
2021-05-28 09:17:58,1436.7,50087
2021-05-28 09:17:59,1437.9,50137
2021-05-28 09:18:00,1437.75,50190
2021-05-28 09:18:01,1437.05,50690
2021-05-28 09:18:02,1436.5,50716
2021-05-28 09:18:03,1437.5,50721
2021-05-28 09:18:04,1437.0,50731
2021-05-28 09:18:05,1436.85,50747
2021-05-28 09:18:06,1436.0,51065
2021-05-28 09:18:07,1436.4,51101
2021-05-28 09:18:07,1436.4,51101
2021-05-28 09:18:08,1436.35,51112
2021-05-28 09:18:09,1436.35,51112
2021-05-28 09:18:11,1436.35,51112
2021-05-28 09:18:12,1436.4,51327
2021-05-28 09:18:13,1436.25,51342
2021-05-28 09:18:14,1435.05,51382
2021-05-28 09:18:15,1436.15,51452
2021-05-28 09:18:16,1435.0,51600
2021-05-28 09:18:17,1435.0,51758
2021-05-28 09:18:18,1434.85,51777
2021-05-28 09:18:19,1434.9,51837
2021-05-28 09:18:20,1435.9,51898
2021-05-28 09:18:21,1436.0,51947
2021-05-28 09:18:22,1436.7,51967
2021-05-28 09:18:23,1436.9,51969
2021-05-28 09:18:23,1436.7,51967
2021-05-28 09:18:25,1436.7,52033
2021-05-28 09:18:26,1436.95,52034
2021-05-28 09:18:27,1436.95,52034
2021-05-28 09:18:28,1436.0,52129
2021-05-28 09:18:29,1437.0,52263
2021-05-28 09:18:30,1437.0,52296
2021-05-28 09:18:31,1437.1,52316
2021-05-28 09:18:32,1436.35,52366
2021-05-28 09:18:33,1436.35,52366
2021-05-28 09:18:34,1436.45,52372
2021-05-28 09:18:35,1438.5,53364
2021-05-28 09:18:36,1438.0,53474
2021-05-28 09:18:37,1438.0,53474
2021-05-28 09:18:38,1437.65,53487
2021-05-28 09:18:39,1437.65,53517
2021-05-28 09:18:40,1438.65,54190
2021-05-28 09:18:41,1437.85,54210
2021-05-28 09:18:42,1438.65,54335
2021-05-28 09:18:42,1437.85,54210
2021-05-28 09:18:44,1438.65,54337
2021-05-28 09:18:45,1438.65,54385
2021-05-28 09:18:46,1437.7,54410
2021-05-28 09:18:47,1437.7,54410
2021-05-28 09:18:48,1437.65,54920
2021-05-28 09:18:49,1438.65,55622
2021-05-28 09:18:50,1439.15,55930
2021-05-28 09:18:51,1438.5,56279
2021-05-28 09:18:52,1438.45,57195
2021-05-28 09:18:53,1438.5,62700
2021-05-28 09:18:54,1438.65,62790
2021-05-28 09:18:55,1439.3,62827
2021-05-28 09:18:57,1441.0,70378
2021-05-28 09:18:58,1441.0,70378
2021-05-28 09:18:59,1440.25,72201
2021-05-28 09:18:59,1440.25,72201
2021-05-28 09:19:00,1438.8,72301
2021-05-28 09:19:01,1438.65,72471
2021-05-28 09:19:02,1438.95,72476
2021-05-28 09:19:03,1439.6,72486
2021-05-28 09:19:04,1438.5,72637
2021-05-28 09:19:06,1439.95,72656
2021-05-28 09:19:07,1439.95,72669
2021-05-28 09:19:08,1440.2,72680
2021-05-28 09:19:09,1438.85,73292
2021-05-28 09:19:10,1439.95,73337
2021-05-28 09:19:11,1439.25,73452
2021-05-28 09:19:12,1440.2,73602
2021-05-28 09:19:13,1440.35,73762
2021-05-28 09:19:14,1440.35,73762
2021-05-28 09:19:15,1439.35,73787
2021-05-28 09:19:16,1439.35,73787
2021-05-28 09:19:17,1439.35,74122
2021-05-28 09:19:18,1439.45,74517
2021-05-28 09:19:19,1440.0,74691
2021-05-28 09:19:20,1440.0,74870
2021-05-28 09:19:21,1439.45,74871
2021-05-28 09:19:22,1439.45,74871
2021-05-28 09:19:23,1439.65,75185
2021-05-28 09:19:24,1440.8,75246
2021-05-28 09:19:25,1440.85,75289
2021-05-28 09:19:26,1439.9,76039
2021-05-28 09:19:27,1440.45,76513
2021-05-28 09:19:28,1440.45,76513
2021-05-28 09:19:29,1440.45,76513
2021-05-28 09:19:30,1439.45,76568
2021-05-28 09:19:31,1440.15,76619
2021-05-28 09:19:32,1440.15,76754
2021-05-28 09:19:33,1439.45,77184
2021-05-28 09:19:34,1439.4,77246
2021-05-28 09:19:35,1440.0,77291
2021-05-28 09:19:36,1439.35,77341
2021-05-28 09:19:37,1440.0,77422
2021-05-28 09:19:38,1439.1,77925
2021-05-28 09:19:39,1439.0,78136
2021-05-28 09:19:40,1439.0,78136
2021-05-28 09:19:41,1438.9,78140
2021-05-28 09:19:42,1439.4,78141
2021-05-28 09:19:43,1438.7,79542
2021-05-28 09:19:44,1438.85,79547
2021-05-28 09:19:45,1438.8,79597
2021-05-28 09:19:46,1439.0,79647
2021-05-28 09:19:47,1438.8,79717
2021-05-28 09:19:48,1438.8,79717
2021-05-28 09:19:49,1439.6,79738
2021-05-28 09:19:50,1439.8,80257
2021-05-28 09:19:51,1439.0,80377
2021-05-28 09:19:52,1439.0,80377
2021-05-28 09:19:53,1439.0,80377
2021-05-28 09:19:54,1439.0,80377
2021-05-28 09:19:55,1439.65,80382
2021-05-28 09:19:56,1439.65,80705
2021-05-28 09:19:57,1439.95,80806
2021-05-28 09:19:58,1440.0,80855
2021-05-28 09:19:59,1439.15,80930
2021-05-28 09:20:00,1439.15,80930
2021-05-28 09:20:01,1440.0,80941
2021-05-28 09:20:02,1440.0,80951
2021-05-28 09:20:03,1440.0,81076
2021-05-28 09:20:04,1439.15,81077
2021-05-28 09:20:05,1440.0,81094
2021-05-28 09:20:06,1439.5,81344
2021-05-28 09:20:07,1439.65,81347
2021-05-28 09:20:08,1439.65,81364
2021-05-28 09:20:09,1439.9,81384
2021-05-28 09:20:10,1440.0,81392
2021-05-28 09:20:12,1440.0,81789
2021-05-28 09:20:11,1440.0,81789
2021-05-28 09:20:13,1440.0,81789
2021-05-28 09:20:14,1440.0,81789
2021-05-28 09:20:15,1438.65,81861
2021-05-28 09:20:16,1439.65,82161
2021-05-28 09:20:17,1439.85,82222
2021-05-28 09:20:18,1438.75,82312
2021-05-28 09:20:19,1438.75,82361
2021-05-28 09:20:20,1439.7,82421
2021-05-28 09:20:21,1438.75,82506
2021-05-28 09:20:22,1438.5,82510
2021-05-28 09:20:23,1439.0,82585
2021-05-28 09:20:24,1438.65,82588
2021-05-28 09:20:25,1439.0,83137
2021-05-28 09:20:27,1438.75,83337
2021-05-28 09:20:28,1439.8,83402
2021-05-28 09:20:29,1439.75,83577
2021-05-28 09:20:30,1439.35,83590
2021-05-28 09:20:31,1438.85,83601
2021-05-28 09:20:32,1438.85,83650
2021-05-28 09:20:33,1438.85,83650
2021-05-28 09:20:34,1438.25,84106
2021-05-28 09:20:35,1437.0,88521
2021-05-28 09:20:36,1437.4,88600
2021-05-28 09:20:37,1437.4,88600
2021-05-28 09:20:38,1437.4,88600
2021-05-28 09:20:39,1437.3,89263
2021-05-28 09:20:40,1436.95,89328
2021-05-28 09:20:41,1436.95,89328
2021-05-28 09:20:42,1436.9,89445
2021-05-28 09:20:43,1436.9,89459
2021-05-28 09:20:44,1437.0,89484
2021-05-28 09:20:46,1437.75,89548
2021-05-28 09:20:47,1437.5,89573
2021-05-28 09:20:48,1438.8,89703
2021-05-28 09:20:49,1435.2,94177
2021-05-28 09:20:50,1435.85,94222
2021-05-28 09:20:51,1436.05,94575
2021-05-28 09:20:52,1436.05,94575
2021-05-28 09:20:53,1436.05,94795
2021-05-28 09:20:54,1435.15,94815
2021-05-28 09:20:55,1435.75,94874
2021-05-28 09:20:56,1435.7,94883
2021-05-28 09:20:57,1435.7,94883
2021-05-28 09:20:58,1435.85,94984
2021-05-28 09:20:59,1436.3,95930
2021-05-28 09:21:00,1437.45,95988
2021-05-28 09:21:01,1436.2,95990
2021-05-28 09:21:02,1437.05,96502
2021-05-28 09:21:03,1436.2,96550
2021-05-28 09:21:04,1436.2,96550
2021-05-28 09:21:05,1436.8,96551
2021-05-28 09:21:06,1436.8,96551
2021-05-28 09:21:07,1436.15,96583
2021-05-28 09:21:08,1436.15,96583
2021-05-28 09:21:09,1436.15,96583
2021-05-28 09:21:10,1436.3,96902
2021-05-28 09:21:11,1436.2,96954
2021-05-28 09:21:12,1436.25,96956
2021-05-28 09:21:13,1436.25,96956
2021-05-28 09:21:14,1437.0,97296
2021-05-28 09:21:15,1437.0,97296
2021-05-28 09:21:16,1437.0,98859
2021-05-28 09:21:18,1437.05,99074
2021-05-28 09:21:19,1436.5,99179
2021-05-28 09:21:20,1437.15,99187
2021-05-28 09:21:21,1437.4,99210
2021-05-28 09:21:22,1437.0,99240
2021-05-28 09:21:23,1437.4,99400
2021-05-28 09:21:24,1437.4,99400
2021-05-28 09:21:25,1437.4,99430
2021-05-28 09:21:26,1437.5,99516
2021-05-28 09:21:27,1437.55,99521
2021-05-28 09:21:28,1437.55,99541
2021-05-28 09:21:29,1437.55,99541
2021-05-28 09:21:30,1437.6,99572
2021-05-28 09:21:31,1437.6,100983
2021-05-28 09:21:32,1437.6,101100
2021-05-28 09:21:33,1437.6,101100
2021-05-28 09:21:34,1438.35,101159
2021-05-28 09:21:35,1438.35,101159
2021-05-28 09:21:36,1438.35,101159
2021-05-28 09:21:37,1439.0,101505
2021-05-28 09:21:38,1438.15,101507
2021-05-28 09:21:39,1439.3,102058
2021-05-28 09:21:40,1439.4,102108
2021-05-28 09:21:41,1439.4,102109
2021-05-28 09:21:42,1439.4,102109
2021-05-28 09:21:43,1439.4,102209
2021-05-28 09:21:44,1439.4,102211
2021-05-28 09:21:45,1438.6,102532
2021-05-28 09:21:46,1439.6,102639
2021-05-28 09:21:47,1439.0,102718
2021-05-28 09:21:48,1439.05,102824
2021-05-28 09:21:49,1439.0,102959
2021-05-28 09:21:50,1439.75,103163
2021-05-28 09:21:51,1439.1,103249
2021-05-28 09:21:52,1439.85,104103
2021-05-28 09:21:53,1440.0,104160
2021-05-28 09:21:54,1440.8,104991
2021-05-28 09:21:55,1439.5,105191
2021-05-28 09:21:56,1440.55,105761
2021-05-28 09:21:57,1440.5,105781
2021-05-28 09:21:58,1440.5,105781
2021-05-28 09:21:59,1439.0,106086
2021-05-28 09:22:00,1440.0,106153
2021-05-28 09:22:01,1440.0,106215
2021-05-28 09:22:02,1440.0,106356
2021-05-28 09:22:03,1440.0,106542
2021-05-28 09:22:04,1440.0,106544
2021-05-28 09:22:05,1440.0,106555
2021-05-28 09:22:06,1440.0,106659
2021-05-28 09:22:07,1440.0,106666
2021-05-28 09:22:08,1440.65,106667
2021-05-28 09:22:09,1440.0,106854
2021-05-28 09:22:10,1440.0,106941
2021-05-28 09:22:11,1440.8,107061
2021-05-28 09:22:12,1440.0,107181
2021-05-28 09:22:13,1441.2,109662
2021-05-28 09:22:14,1441.55,111344
2021-05-28 09:22:15,1440.8,112519
2021-05-28 09:22:16,1440.95,112549
2021-05-28 09:22:17,1442.8,113261
2021-05-28 09:22:18,1442.8,113280
2021-05-28 09:22:19,1443.0,113603
2021-05-28 09:22:20,1442.2,114193
2021-05-28 09:22:21,1442.2,114383
2021-05-28 09:22:22,1443.2,114489
2021-05-28 09:22:23,1442.2,114530
2021-05-28 09:22:24,1443.45,115915
2021-05-28 09:22:25,1442.2,116504
2021-05-28 09:22:26,1443.0,116917
2021-05-28 09:22:27,1443.4,117638
2021-05-28 09:22:29,1443.0,117875
2021-05-28 09:22:28,1443.0,117875
2021-05-28 09:22:30,1443.0,118135
2021-05-28 09:22:31,1442.5,118137
2021-05-28 09:22:32,1443.0,118196
2021-05-28 09:22:33,1442.95,118456
2021-05-28 09:22:34,1442.95,118456
2021-05-28 09:22:35,1443.4,119056
2021-05-28 09:22:36,1442.55,119256
2021-05-28 09:22:37,1442.55,119256
2021-05-28 09:22:38,1442.6,120296
2021-05-28 09:22:39,1444.25,121525
2021-05-28 09:22:40,1444.05,122501
2021-05-28 09:22:41,1444.3,123214
2021-05-28 09:22:42,1443.3,123281
2021-05-28 09:22:43,1444.3,123327
2021-05-28 09:22:44,1443.35,123399
2021-05-28 09:22:45,1444.0,123405
2021-05-28 09:22:46,1443.35,123408
2021-05-28 09:22:47,1443.35,123413
2021-05-28 09:22:48,1444.35,124015
2021-05-28 09:22:49,1445.0,125530
2021-05-28 09:22:50,1444.35,125630
2021-05-28 09:22:51,1444.4,125669
2021-05-28 09:22:52,1445.0,125908
2021-05-28 09:22:53,1444.4,126358
2021-05-28 09:22:54,1444.35,126441
2021-05-28 09:22:55,1444.35,126703
2021-05-28 09:22:56,1444.45,126710
2021-05-28 09:22:57,1445.0,127444
2021-05-28 09:22:58,1444.1,127994
2021-05-28 09:22:59,1444.0,128066
2021-05-28 09:23:00,1444.95,128426
2021-05-28 09:23:01,1444.55,129834
2021-05-28 09:23:02,1444.95,129869
2021-05-28 09:23:03,1444.6,130786
2021-05-28 09:23:04,1443.7,130875
2021-05-28 09:23:05,1444.0,130975
2021-05-28 09:23:06,1443.65,131325
2021-05-28 09:23:07,1443.8,133001
2021-05-28 09:23:08,1442.35,133166
2021-05-28 09:23:09,1443.8,133366
2021-05-28 09:23:10,1443.35,133642
2021-05-28 09:23:11,1443.85,133814
2021-05-28 09:23:12,1443.85,133861
2021-05-28 09:23:13,1443.85,134021
2021-05-28 09:23:14,1443.0,134334
2021-05-28 09:23:15,1443.6,134339
2021-05-28 09:23:16,1443.6,134339
2021-05-28 09:23:17,1443.65,134639
2021-05-28 09:23:18,1442.75,134778
2021-05-28 09:23:20,1443.5,134942
2021-05-28 09:23:21,1442.65,134993
2021-05-28 09:23:22,1443.6,135231
2021-05-28 09:23:23,1443.6,135231
2021-05-28 09:23:24,1443.45,135411
2021-05-28 09:23:25,1443.0,135564
2021-05-28 09:23:26,1443.0,135640
2021-05-28 09:23:27,1443.6,135835
2021-05-28 09:23:28,1443.7,135945
2021-05-28 09:23:30,1443.75,136139
2021-05-28 09:23:31,1443.5,136662
2021-05-28 09:23:32,1443.5,136875
2021-05-28 09:23:34,1443.0,136906
2021-05-28 09:23:35,1442.8,136931
2021-05-28 09:23:36,1442.65,137021
2021-05-28 09:23:37,1442.65,137405
2021-05-28 09:23:38,1443.4,137507
2021-05-28 09:23:39,1442.45,137639
2021-05-28 09:23:40,1443.4,137739
2021-05-28 09:23:41,1443.0,138051
2021-05-28 09:23:42,1442.2,138108
2021-05-28 09:23:43,1442.15,138311
2021-05-28 09:23:45,1442.15,138416
2021-05-28 09:23:46,1442.05,139085
2021-05-28 09:23:47,1443.1,139525
2021-05-28 09:23:49,1443.15,139622
2021-05-28 09:23:50,1443.35,139681
2021-05-28 09:23:51,1442.3,140489
2021-05-28 09:23:52,1443.0,140554
2021-05-28 09:23:53,1442.2,140625
2021-05-28 09:23:54,1442.05,140791
2021-05-28 09:23:55,1442.0,140935
2021-05-28 09:23:56,1442.0,140935
2021-05-28 09:23:57,1441.4,141077
2021-05-28 09:23:58,1442.05,141229
2021-05-28 09:23:59,1442.05,141229
2021-05-28 09:24:00,1442.2,141339
2021-05-28 09:24:01,1442.35,141340
2021-05-28 09:24:02,1442.0,141565
2021-05-28 09:24:03,1442.0,141565
2021-05-28 09:24:04,1442.0,141565
2021-05-28 09:24:05,1442.0,141565
2021-05-28 09:24:06,1441.55,141758
2021-05-28 09:24:07,1441.55,141758
2021-05-28 09:24:08,1441.55,141779
2021-05-28 09:24:09,1441.55,141832
2021-05-28 09:24:10,1442.0,141992
2021-05-28 09:24:11,1442.0,141993
2021-05-28 09:24:12,1442.05,142128
2021-05-28 09:24:13,1441.15,142278
2021-05-28 09:24:14,1441.05,142280
2021-05-28 09:24:15,1441.05,142352
2021-05-28 09:24:16,1441.05,142352
2021-05-28 09:24:17,1441.05,142424
2021-05-28 09:24:18,1441.05,142435
2021-05-28 09:24:19,1442.0,142437
2021-05-28 09:24:20,1441.1,142501
2021-05-28 09:24:21,1441.05,142669
2021-05-28 09:24:22,1441.05,142680
2021-05-28 09:24:23,1441.05,142680
2021-05-28 09:24:24,1441.55,143086
2021-05-28 09:24:25,1441.55,143086
2021-05-28 09:24:26,1441.0,143191
2021-05-28 09:24:27,1441.1,143209
2021-05-28 09:24:28,1441.05,143381
2021-05-28 09:24:29,1441.05,143481
2021-05-28 09:24:30,1441.0,144169
2021-05-28 09:24:31,1441.0,144210
2021-05-28 09:24:32,1440.95,144394
2021-05-28 09:24:33,1441.0,144994
2021-05-28 09:24:34,1440.2,145010
2021-05-28 09:24:35,1440.2,145020
2021-05-28 09:24:36,1440.2,145020
2021-05-28 09:24:37,1440.05,145145
2021-05-28 09:24:38,1440.05,145765
2021-05-28 09:24:39,1440.05,145765
2021-05-28 09:24:40,1440.8,146295
2021-05-28 09:24:41,1440.9,146301
2021-05-28 09:24:42,1440.75,146316
2021-05-28 09:24:43,1440.75,146316
2021-05-28 09:24:44,1440.75,146316
2021-05-28 09:24:45,1440.2,146363
2021-05-28 09:24:46,1440.0,146864
2021-05-28 09:24:47,1440.0,146865
2021-05-28 09:24:48,1440.0,149528
2021-05-28 09:24:49,1440.0,149562
2021-05-28 09:24:50,1440.0,149577
2021-05-28 09:24:51,1440.85,149593
2021-05-28 09:24:52,1440.9,149694
2021-05-28 09:24:53,1440.9,149694
2021-05-28 09:24:54,1440.9,149763
2021-05-28 09:24:55,1440.05,149773
2021-05-28 09:24:56,1441.0,150092
2021-05-28 09:24:58,1440.0,150270
2021-05-28 09:24:57,1440.0,150270
2021-05-28 09:24:59,1440.9,150494
2021-05-28 09:25:00,1439.8,150844
2021-05-28 09:25:01,1440.5,150953
2021-05-28 09:25:02,1440.1,151252
2021-05-28 09:25:03,1440.1,151527
2021-05-28 09:25:04,1440.65,151567
2021-05-28 09:25:05,1440.1,151630
2021-05-28 09:25:06,1440.1,151630
2021-05-28 09:25:07,1440.1,151698
2021-05-28 09:25:08,1439.25,151699
2021-05-28 09:25:09,1439.25,151699
2021-05-28 09:25:10,1440.0,151711
2021-05-28 09:25:11,1440.0,151711
2021-05-28 09:25:12,1440.0,151711
2021-05-28 09:25:13,1440.05,151722
2021-05-28 09:25:14,1440.05,151722
2021-05-28 09:25:15,1440.0,151827
2021-05-28 09:25:16,1439.0,151887
2021-05-28 09:25:17,1438.95,152337
2021-05-28 09:25:18,1438.75,152338
2021-05-28 09:25:19,1438.75,152338
2021-05-28 09:25:20,1438.75,152338
2021-05-28 09:25:21,1439.95,152393
2021-05-28 09:25:22,1438.8,152404
2021-05-28 09:25:23,1438.8,152429
2021-05-28 09:25:24,1438.8,152429
2021-05-28 09:25:25,1438.8,152519
2021-05-28 09:25:26,1438.8,152529
2021-05-28 09:25:27,1439.0,152536
2021-05-28 09:25:28,1438.75,152638
2021-05-28 09:25:29,1439.0,152692
2021-05-28 09:25:30,1439.0,152692
2021-05-28 09:25:31,1439.0,152692
2021-05-28 09:25:32,1439.0,152692
2021-05-28 09:25:33,1438.55,152892
2021-05-28 09:25:34,1438.55,152892
2021-05-28 09:25:35,1438.8,152927
2021-05-28 09:25:36,1439.0,153175
2021-05-28 09:25:37,1439.0,153275
2021-05-28 09:25:38,1439.0,153275
2021-05-28 09:25:39,1439.0,153327
2021-05-28 09:25:40,1439.65,153329
2021-05-28 09:25:41,1439.0,153376
2021-05-28 09:25:42,1439.0,153376
2021-05-28 09:25:43,1438.6,153415
2021-05-28 09:25:44,1438.8,153440
2021-05-28 09:25:45,1438.75,153947
2021-05-28 09:25:46,1438.75,153947
2021-05-28 09:25:47,1438.1,154045
2021-05-28 09:25:48,1438.1,154045
2021-05-28 09:25:49,1438.0,154201
2021-05-28 09:25:50,1438.0,154207
2021-05-28 09:25:51,1438.0,154407
2021-05-28 09:25:52,1438.0,154407
2021-05-28 09:25:53,1437.95,154942
2021-05-28 09:25:54,1437.95,154942
2021-05-28 09:25:55,1437.05,155049
2021-05-28 09:25:56,1438.05,155059
2021-05-28 09:25:57,1438.05,155079
2021-05-28 09:25:58,1437.9,155879
2021-05-28 09:25:59,1437.05,156637
2021-05-28 09:26:00,1435.5,157423
2021-05-28 09:26:01,1436.2,158296
2021-05-28 09:26:02,1435.15,158408
2021-05-28 09:26:03,1436.25,158518
2021-05-28 09:26:04,1436.25,158532
2021-05-28 09:26:05,1435.2,158548
2021-05-28 09:26:06,1436.6,158748
2021-05-28 09:26:07,1436.25,159149
2021-05-28 09:26:08,1435.5,159155
2021-05-28 09:26:11,1436.65,160334
2021-05-28 09:26:14,1436.0,160748
2021-05-28 09:26:15,1435.25,160896
2021-05-28 09:26:16,1436.4,162045
2021-05-28 09:26:17,1436.15,162050
2021-05-28 09:26:20,1436.35,162350
2021-05-28 09:26:22,1435.65,162351
2021-05-28 09:26:23,1436.4,162507
2021-05-28 09:26:24,1436.4,162515
2021-05-28 09:26:25,1435.7,162558
2021-05-28 09:26:26,1435.25,163897
2021-05-28 09:26:27,1435.25,163897
2021-05-28 09:26:28,1436.0,164108
2021-05-28 09:26:29,1435.15,164208
2021-05-28 09:26:30,1435.15,164208
2021-05-28 09:26:31,1435.0,164784
2021-05-28 09:26:32,1435.8,164789
2021-05-28 09:26:33,1435.8,164789
2021-05-28 09:26:34,1435.0,165039
2021-05-28 09:26:35,1435.0,165039
2021-05-28 09:26:36,1435.05,165058
2021-05-28 09:26:37,1435.8,165061
2021-05-28 09:26:38,1434.05,165950
2021-05-28 09:26:39,1434.05,165950
2021-05-28 09:26:40,1432.7,167264
2021-05-28 09:26:42,1433.3,167694
2021-05-28 09:26:43,1433.0,167846
2021-05-28 09:26:44,1433.0,167983
2021-05-28 09:26:45,1433.0,167983
2021-05-28 09:26:46,1432.05,168083
2021-05-28 09:26:47,1432.9,168283
2021-05-28 09:26:48,1432.05,169033
2021-05-28 09:26:49,1432.05,169268
2021-05-28 09:26:50,1432.3,169524
2021-05-28 09:26:51,1432.3,169762
2021-05-28 09:26:52,1432.3,169762
2021-05-28 09:26:53,1431.35,170519
2021-05-28 09:26:54,1432.05,170593
2021-05-28 09:26:55,1431.5,170647
2021-05-28 09:26:56,1432.3,170886
2021-05-28 09:26:57,1432.65,170925
2021-05-28 09:26:58,1432.1,171125
2021-05-28 09:26:59,1431.3,171181
2021-05-28 09:27:00,1431.5,171183
2021-05-28 09:27:01,1431.3,171253
2021-05-28 09:27:02,1431.5,171426
2021-05-28 09:27:03,1432.5,171533
2021-05-28 09:27:04,1431.55,171538
2021-05-28 09:27:05,1432.35,171558
2021-05-28 09:27:06,1432.7,171773
2021-05-28 09:27:07,1431.55,171910
2021-05-28 09:27:08,1432.3,172111
2021-05-28 09:27:09,1432.2,172126
2021-05-28 09:27:10,1432.4,172226
2021-05-28 09:27:11,1432.0,172256
2021-05-28 09:27:12,1432.0,172416
2021-05-28 09:27:13,1432.0,172439
2021-05-28 09:27:14,1433.0,172721
2021-05-28 09:27:15,1433.0,172721
2021-05-28 09:27:16,1433.0,172721
2021-05-28 09:27:17,1433.0,172721
2021-05-28 09:27:18,1433.0,172768
2021-05-28 09:27:19,1433.0,172768
2021-05-28 09:27:20,1433.0,172784
2021-05-28 09:27:21,1433.0,172784
2021-05-28 09:27:22,1433.8,172835
2021-05-28 09:27:23,1434.0,172981
2021-05-28 09:27:24,1433.0,172991
2021-05-28 09:27:25,1433.0,173333
2021-05-28 09:27:26,1433.0,173333
2021-05-28 09:27:27,1434.75,173433
2021-05-28 09:27:28,1434.0,173435
2021-05-28 09:27:29,1434.85,173540
2021-05-28 09:27:30,1434.85,173540
2021-05-28 09:27:31,1434.85,173540
2021-05-28 09:27:32,1434.0,173574
2021-05-28 09:27:33,1434.0,173574
2021-05-28 09:27:34,1435.0,173749
2021-05-28 09:27:35,1434.3,173760
2021-05-28 09:27:36,1434.05,173796
2021-05-28 09:27:37,1434.05,173858
2021-05-28 09:27:38,1434.85,173868
2021-05-28 09:27:39,1434.85,173868
2021-05-28 09:27:40,1434.85,173868
2021-05-28 09:27:41,1434.8,173901
2021-05-28 09:27:42,1435.0,173907
2021-05-28 09:27:43,1434.3,173948
2021-05-28 09:27:44,1434.3,173951
2021-05-28 09:27:45,1434.9,173963
2021-05-28 09:27:46,1434.9,174045
2021-05-28 09:27:47,1435.55,174535
2021-05-28 09:27:48,1434.75,174585
2021-05-28 09:27:49,1435.65,174591
2021-05-28 09:27:50,1435.65,174610
2021-05-28 09:27:52,1435.9,174637
2021-05-28 09:27:53,1435.95,174660
2021-05-28 09:27:54,1435.0,174661
2021-05-28 09:27:55,1435.0,174661
2021-05-28 09:27:56,1436.0,174761
2021-05-28 09:27:57,1436.0,174761
2021-05-28 09:27:58,1436.0,174778
2021-05-28 09:27:59,1436.0,174798
2021-05-28 09:28:00,1435.35,174931
2021-05-28 09:28:01,1436.75,177167
2021-05-28 09:28:02,1438.0,177180
2021-05-28 09:28:03,1437.05,177303
2021-05-28 09:28:04,1437.05,177351
2021-05-28 09:28:05,1437.05,177391
2021-05-28 09:28:06,1438.0,177431
2021-05-28 09:28:07,1438.0,177431
2021-05-28 09:28:08,1438.0,177431
2021-05-28 09:28:09,1438.0,177452
2021-05-28 09:28:10,1438.0,177652
2021-05-28 09:28:11,1437.75,177891
2021-05-28 09:28:12,1437.75,177937
2021-05-28 09:28:13,1437.75,177937
2021-05-28 09:28:14,1437.75,178077
2021-05-28 09:28:16,1438.0,178242
2021-05-28 09:28:17,1437.95,178262
2021-05-28 09:28:19,1438.0,178302
2021-05-28 09:28:20,1438.2,178377
2021-05-28 09:28:21,1437.0,178777
2021-05-28 09:28:22,1437.0,178777
2021-05-28 09:28:23,1437.15,178858
2021-05-28 09:28:24,1437.05,178908
2021-05-28 09:28:25,1437.3,178929
2021-05-28 09:28:26,1437.3,178929
2021-05-28 09:28:27,1437.3,178939
2021-05-28 09:28:28,1437.3,178939
2021-05-28 09:28:29,1437.95,179949
2021-05-28 09:28:30,1438.0,180006
2021-05-28 09:28:31,1438.0,180320
2021-05-28 09:28:32,1438.0,180588
2021-05-28 09:28:33,1437.3,180688
2021-05-28 09:28:34,1437.3,180688
2021-05-28 09:28:35,1437.3,180688
2021-05-28 09:28:36,1437.95,180692
2021-05-28 09:28:37,1437.3,180752
2021-05-28 09:28:38,1437.9,180785
2021-05-28 09:28:39,1437.75,180797
2021-05-28 09:28:40,1437.75,180797
2021-05-28 09:28:41,1437.75,180797
2021-05-28 09:28:42,1436.95,181216
2021-05-28 09:28:43,1436.95,181216
2021-05-28 09:28:44,1437.15,181328
2021-05-28 09:28:45,1437.15,181328
2021-05-28 09:28:46,1437.8,181330
2021-05-28 09:28:47,1437.95,181425
2021-05-28 09:28:48,1437.95,181430
2021-05-28 09:28:49,1437.95,181430
2021-05-28 09:28:50,1437.95,181474
2021-05-28 09:28:51,1437.95,181474
2021-05-28 09:28:52,1437.95,181474
2021-05-28 09:28:53,1438.0,181574
2021-05-28 09:28:54,1438.0,181574
2021-05-28 09:28:55,1438.0,181681
2021-05-28 09:28:56,1438.0,181681
2021-05-28 09:28:57,1437.2,182041
2021-05-28 09:28:58,1438.1,182077
2021-05-28 09:28:59,1437.3,182117
2021-05-28 09:29:00,1437.9,182361
2021-05-28 09:29:01,1437.9,182361
2021-05-28 09:29:02,1437.9,182361
2021-05-28 09:29:03,1437.25,182661
2021-05-28 09:29:04,1437.3,182681
2021-05-28 09:29:05,1437.3,182681
2021-05-28 09:29:06,1437.3,182681
2021-05-28 09:29:07,1437.9,182701
2021-05-28 09:29:08,1437.3,182763
2021-05-28 09:29:09,1437.3,182763
2021-05-28 09:29:10,1437.3,182763
2021-05-28 09:29:11,1437.3,182817
2021-05-28 09:29:12,1437.3,182832
2021-05-28 09:29:13,1437.3,182882
2021-05-28 09:29:14,1437.3,182902
2021-05-28 09:29:15,1437.3,182902
2021-05-28 09:29:16,1437.3,183102
2021-05-28 09:29:20,1437.85,183172
2021-05-28 09:29:21,1437.85,183172
2021-05-28 09:29:22,1437.3,183283
2021-05-28 09:29:23,1437.3,183284
2021-05-28 09:29:24,1437.3,183289
2021-05-28 09:29:25,1437.3,183336
2021-05-28 09:29:26,1437.8,183436
2021-05-28 09:29:27,1437.3,183461
2021-05-28 09:29:28,1437.3,183461
2021-05-28 09:29:29,1437.85,183486
2021-05-28 09:29:30,1437.8,183488
2021-05-28 09:29:31,1437.8,183488
2021-05-28 09:29:32,1437.8,183488
2021-05-28 09:29:33,1437.35,183515
2021-05-28 09:29:34,1437.8,183643
2021-05-28 09:29:35,1437.8,183678
2021-05-28 09:29:36,1437.8,183691
2021-05-28 09:29:37,1437.3,184080
2021-05-28 09:29:38,1437.85,184082
2021-05-28 09:29:39,1437.85,184082
2021-05-28 09:29:40,1437.85,184082
2021-05-28 09:29:41,1437.85,184082
2021-05-28 09:29:42,1437.3,184129
2021-05-28 09:29:43,1437.35,184136
2021-05-28 09:29:44,1437.35,184136
2021-05-28 09:29:45,1437.35,184136
2021-05-28 09:29:46,1437.35,184136
2021-05-28 09:29:47,1437.35,184147
2021-05-28 09:29:49,1437.35,184157
2021-05-28 09:29:50,1437.8,184178
2021-05-28 09:29:51,1437.85,184203
2021-05-28 09:29:52,1437.35,184207
2021-05-28 09:29:53,1437.35,184211
2021-05-28 09:29:54,1437.35,184211
2021-05-28 09:29:55,1437.35,184389
2021-05-28 09:29:56,1437.35,184389
2021-05-28 09:29:57,1437.35,184389
2021-05-28 09:29:58,1437.35,184422
2021-05-28 09:29:59,1437.35,184422
2021-05-28 09:30:00,1437.8,184477
2021-05-28 09:30:01,1437.45,186855
2021-05-28 09:30:02,1437.85,186856
2021-05-28 09:30:03,1437.85,186856
2021-05-28 09:30:04,1437.35,186868
2021-05-28 09:30:05,1437.8,186966
2021-05-28 09:30:06,1437.8,186976
2021-05-28 09:30:08,1437.8,186977
2021-05-28 09:30:07,1437.8,186977
2021-05-28 09:30:09,1437.8,187077
2021-05-28 09:30:10,1437.8,187077
2021-05-28 09:30:11,1437.85,187427
2021-05-28 09:30:12,1437.8,187457
2021-05-28 09:30:13,1437.8,187468
2021-05-28 09:30:14,1437.8,187598
2021-05-28 09:30:15,1437.8,187610
2021-05-28 09:30:16,1437.8,187668
2021-05-28 09:30:17,1437.8,187716
2021-05-28 09:30:18,1437.85,187722
2021-05-28 09:30:19,1437.9,187906
2021-05-28 09:30:20,1437.8,187911
2021-05-28 09:30:21,1437.75,187964
2021-05-28 09:30:22,1437.9,187975
2021-05-28 09:30:23,1437.0,188489
2021-05-28 09:30:24,1437.0,188489
2021-05-28 09:30:25,1437.2,188509
2021-05-28 09:30:26,1436.6,188532
2021-05-28 09:30:27,1436.0,188745
2021-05-28 09:30:28,1436.0,189036
2021-05-28 09:30:29,1436.0,189040
2021-05-28 09:30:30,1436.15,189664
2021-05-28 09:30:31,1435.3,189690
2021-05-28 09:30:32,1435.25,189700
2021-05-28 09:30:33,1435.85,189986
2021-05-28 09:30:34,1435.0,190037
2021-05-28 09:30:35,1435.5,190429
2021-05-28 09:30:36,1434.45,190436
2021-05-28 09:30:37,1434.5,190547
2021-05-28 09:30:39,1433.2,190962
2021-05-28 09:30:40,1433.0,190963
2021-05-28 09:30:41,1433.0,191003
2021-05-28 09:30:42,1433.0,191081
2021-05-28 09:30:43,1433.0,191165
2021-05-28 09:30:44,1433.0,191230
2021-05-28 09:30:45,1433.0,191238
2021-05-28 09:30:46,1433.7,191307
2021-05-28 09:30:47,1433.75,191474
2021-05-28 09:30:48,1433.75,191871
2021-05-28 09:30:49,1434.1,192570
2021-05-28 09:30:49,1434.1,192620
2021-05-28 09:30:50,1434.1,192627
2021-05-28 09:30:51,1434.1,192633
2021-05-28 09:30:52,1434.5,192829
2021-05-28 09:30:53,1433.3,193202
2021-05-28 09:30:54,1433.3,193202
2021-05-28 09:30:55,1433.3,193265
2021-05-28 09:30:56,1434.0,193595
2021-05-28 09:30:58,1433.2,193615
2021-05-28 09:30:59,1434.0,193635
2021-05-28 09:30:59,1434.0,193635
2021-05-28 09:31:01,1433.15,193707
2021-05-28 09:31:02,1433.95,193725
2021-05-28 09:31:03,1433.0,194235
2021-05-28 09:31:04,1433.0,194236
2021-05-28 09:31:05,1433.0,194241
2021-05-28 09:31:06,1432.4,195788
2021-05-28 09:31:07,1432.9,196058
2021-05-28 09:31:09,1432.15,196259
2021-05-28 09:31:10,1432.15,196586
2021-05-28 09:31:11,1432.15,196704
2021-05-28 09:31:11,1432.15,196704
2021-05-28 09:31:12,1432.15,196725
2021-05-28 09:31:13,1432.0,196834
2021-05-28 09:31:14,1432.0,196863
2021-05-28 09:31:15,1432.6,196947
2021-05-28 09:31:16,1432.6,196972
2021-05-28 09:31:17,1432.0,196977
2021-05-28 09:31:19,1432.0,196994
2021-05-28 09:31:19,1432.0,196994
2021-05-28 09:31:21,1432.6,197137
2021-05-28 09:31:22,1432.05,197139
2021-05-28 09:31:23,1432.05,197139
2021-05-28 09:31:24,1432.05,197170
2021-05-28 09:31:25,1432.35,197484
2021-05-28 09:31:27,1432.0,197844
2021-05-28 09:31:27,1432.0,198044
2021-05-28 09:31:28,1431.6,198057
2021-05-28 09:31:29,1431.6,198126
2021-05-28 09:31:30,1431.15,198289
2021-05-28 09:31:31,1431.1,198292
2021-05-28 09:31:32,1431.5,198307
2021-05-28 09:31:33,1430.6,198749
2021-05-28 09:31:34,1430.4,199376
2021-05-28 09:31:35,1431.0,199396
2021-05-28 09:31:36,1430.55,199650
2021-05-28 09:31:38,1430.55,199663
2021-05-28 09:31:39,1430.5,199841
2021-05-28 09:31:40,1430.55,199902
2021-05-28 09:31:41,1430.2,200340
2021-05-28 09:31:41,1430.2,200317
2021-05-28 09:31:42,1430.2,200412
2021-05-28 09:31:43,1430.2,200434
2021-05-28 09:31:44,1430.0,201308
2021-05-28 09:31:45,1431.0,201733
2021-05-28 09:31:47,1430.25,201917
2021-05-28 09:31:47,1430.25,201917
2021-05-28 09:31:48,1431.0,201992
2021-05-28 09:31:49,1431.0,201992
2021-05-28 09:31:50,1430.15,202217
2021-05-28 09:31:51,1430.1,202232
2021-05-28 09:31:53,1430.8,202287
2021-05-28 09:31:54,1430.05,202362
2021-05-28 09:31:55,1430.25,202363
2021-05-28 09:31:56,1430.3,202364
2021-05-28 09:31:57,1430.3,202364
2021-05-28 09:31:57,1430.25,202379
2021-05-28 09:31:58,1430.45,203624
2021-05-28 09:31:59,1430.2,203724
2021-05-28 09:32:00,1430.4,203774
2021-05-28 09:32:01,1430.3,204095
2021-05-28 09:32:02,1430.3,204135
2021-05-28 09:32:03,1430.25,204185
2021-05-28 09:32:04,1430.25,204327
2021-05-28 09:32:06,1430.3,204431
2021-05-28 09:32:06,1430.3,204431
2021-05-28 09:32:07,1430.3,204441
2021-05-28 09:32:08,1430.8,204515
2021-05-28 09:32:09,1431.2,204540
2021-05-28 09:32:10,1431.0,205511
2021-05-28 09:32:11,1430.4,205681
2021-05-28 09:32:13,1431.1,205720
2021-05-28 09:32:13,1431.1,205720
2021-05-28 09:32:14,1431.1,205830
2021-05-28 09:32:15,1430.45,205852
2021-05-28 09:32:16,1431.65,206042
2021-05-28 09:32:17,1431.0,206123
2021-05-28 09:32:20,1430.9,206288
2021-05-28 09:32:20,1430.9,206288
2021-05-28 09:32:21,1431.8,206658
2021-05-28 09:32:22,1431.8,206658
2021-05-28 09:32:23,1431.8,206726
2021-05-28 09:32:26,1432.05,206849
2021-05-28 09:32:26,1432.05,206849
2021-05-28 09:32:27,1431.35,206855
2021-05-28 09:32:28,1431.35,206855
2021-05-28 09:32:29,1431.15,206875
2021-05-28 09:32:30,1431.15,206920
2021-05-28 09:32:32,1431.2,207134
2021-05-28 09:32:32,1431.2,207134
2021-05-28 09:32:33,1431.2,207174
2021-05-28 09:32:34,1431.2,207174
2021-05-28 09:32:35,1431.15,207238
2021-05-28 09:32:36,1431.15,207238
2021-05-28 09:32:37,1431.2,207246
2021-05-28 09:32:38,1431.8,207371
2021-05-28 09:32:39,1431.2,207479
2021-05-28 09:32:40,1431.2,207479
2021-05-28 09:32:41,1431.2,207539
2021-05-28 09:32:42,1431.2,207561
2021-05-28 09:32:43,1431.2,207561
2021-05-28 09:32:44,1431.2,207561
2021-05-28 09:32:45,1431.25,207573
2021-05-28 09:32:46,1431.5,207679
2021-05-28 09:32:47,1431.25,207680
2021-05-28 09:32:48,1431.25,207680
2021-05-28 09:32:49,1431.25,207703
2021-05-28 09:32:51,1431.25,207703
2021-05-28 09:32:52,1431.5,207778
2021-05-28 09:32:54,1431.5,207782
2021-05-28 09:32:54,1431.5,207782
2021-05-28 09:32:55,1431.5,207797
2021-05-28 09:32:56,1431.5,207808
2021-05-28 09:32:57,1431.5,208430
2021-05-28 09:32:58,1431.5,208430
2021-05-28 09:33:00,1431.5,208432
2021-05-28 09:33:00,1431.5,208977
2021-05-28 09:33:01,1431.5,208977
2021-05-28 09:33:02,1431.5,209102
2021-05-28 09:33:03,1431.95,209107
2021-05-28 09:33:04,1432.0,209266
2021-05-28 09:33:05,1432.0,209266
2021-05-28 09:33:06,1431.95,209298
2021-05-28 09:33:07,1431.7,209299
2021-05-28 09:33:08,1431.7,209343
2021-05-28 09:33:09,1431.7,209343
2021-05-28 09:33:10,1431.9,209374
2021-05-28 09:33:11,1431.95,209948
2021-05-28 09:33:12,1431.95,209948
2021-05-28 09:33:13,1431.95,209948
2021-05-28 09:33:14,1431.95,210000
2021-05-28 09:33:15,1432.05,210220
2021-05-28 09:33:16,1432.05,210220
2021-05-28 09:33:17,1431.8,210245
2021-05-28 09:33:18,1431.9,210289
2021-05-28 09:33:19,1431.9,210289
2021-05-28 09:33:20,1431.9,210294
2021-05-28 09:33:21,1431.9,210294
2021-05-28 09:33:23,1432.5,210342
2021-05-28 09:33:26,1432.95,210517
2021-05-28 09:33:27,1432.05,210637
2021-05-28 09:33:28,1433.0,210836
2021-05-28 09:33:29,1433.0,210836
2021-05-28 09:33:31,1433.65,210997
2021-05-28 09:33:32,1433.65,210997
2021-05-28 09:33:33,1432.95,211037
2021-05-28 09:33:34,1433.95,211412
2021-05-28 09:33:35,1433.05,211458
2021-05-28 09:33:36,1433.05,211458
2021-05-28 09:33:37,1433.05,211458
2021-05-28 09:33:38,1433.1,211542
2021-05-28 09:33:39,1433.1,211542
2021-05-28 09:33:40,1433.85,211642
2021-05-28 09:33:41,1434.25,211742
2021-05-28 09:33:42,1434.25,211742
2021-05-28 09:33:43,1434.25,211742
2021-05-28 09:33:44,1434.5,212052
2021-05-28 09:33:45,1434.5,212052
2021-05-28 09:33:46,1434.5,212072
2021-05-28 09:33:47,1433.85,212175
2021-05-28 09:33:48,1433.85,212175
2021-05-28 09:33:49,1434.0,212179
2021-05-28 09:33:50,1434.0,212179
2021-05-28 09:33:51,1435.25,212622
2021-05-28 09:33:52,1435.25,212622
2021-05-28 09:33:54,1434.25,212722
2021-05-28 09:33:55,1434.25,212810
2021-05-28 09:33:56,1435.25,212820
2021-05-28 09:33:57,1434.25,212828
2021-05-28 09:33:58,1434.5,212843
2021-05-28 09:34:00,1434.4,213538
2021-05-28 09:34:01,1434.4,213548
2021-05-28 09:34:02,1435.15,213576
2021-05-28 09:34:03,1434.4,213714
2021-05-28 09:34:04,1434.4,213720
2021-05-28 09:34:05,1435.15,213933
2021-05-28 09:34:06,1435.15,213933
2021-05-28 09:34:07,1435.05,214078
2021-05-28 09:34:08,1435.8,214130
2021-05-28 09:34:09,1435.1,214176
2021-05-28 09:34:11,1435.1,214225
2021-05-28 09:34:12,1435.1,214236
2021-05-28 09:34:13,1434.85,214357
2021-05-28 09:34:15,1434.7,214382
2021-05-28 09:34:16,1435.0,214384
2021-05-28 09:34:17,1435.0,214402
2021-05-28 09:34:19,1435.55,215027
2021-05-28 09:34:19,1435.55,215027
2021-05-28 09:34:20,1435.55,215027
2021-05-28 09:34:21,1435.6,215154
2021-05-28 09:34:22,1436.0,215472
2021-05-28 09:34:23,1435.95,215492
2021-05-28 09:34:24,1435.05,215497
2021-05-28 09:34:25,1435.05,215502
2021-05-28 09:34:27,1435.75,216149
2021-05-28 09:34:28,1435.75,216159
2021-05-28 09:34:29,1435.4,216271
2021-05-28 09:34:30,1434.7,216399
2021-05-28 09:34:31,1434.5,216401
2021-05-28 09:34:32,1434.5,216431
2021-05-28 09:34:33,1434.7,216463
2021-05-28 09:34:34,1434.5,216477
2021-05-28 09:34:35,1434.5,216713
2021-05-28 09:34:36,1434.5,216713
2021-05-28 09:34:37,1434.5,216713
2021-05-28 09:34:38,1434.5,216713
2021-05-28 09:34:39,1434.5,216761
2021-05-28 09:34:41,1434.5,216823
2021-05-28 09:34:40,1434.5,216823
2021-05-28 09:34:42,1434.5,216911
2021-05-28 09:34:43,1434.5,216921
2021-05-28 09:34:44,1434.5,216961
2021-05-28 09:34:45,1434.85,216971
2021-05-28 09:34:46,1434.5,216987
2021-05-28 09:34:47,1434.5,216990
2021-05-28 09:34:48,1434.5,217003
2021-05-28 09:34:49,1434.5,217018
2021-05-28 09:34:50,1434.5,217019
2021-05-28 09:34:51,1434.5,217357
2021-05-28 09:34:52,1434.35,217780
2021-05-28 09:34:53,1434.35,217780
2021-05-28 09:34:54,1434.1,217785
2021-05-28 09:34:55,1434.1,217852
2021-05-28 09:34:56,1434.1,217942
2021-05-28 09:34:57,1434.1,217943
2021-05-28 09:34:58,1434.1,217950
2021-05-28 09:34:59,1434.1,217963
2021-05-28 09:35:00,1434.5,217985
2021-05-28 09:35:01,1434.1,217986
2021-05-28 09:35:02,1434.1,217987
2021-05-28 09:35:03,1434.1,217990
2021-05-28 09:35:04,1434.0,218063
2021-05-28 09:35:05,1434.0,218163
2021-05-28 09:35:06,1433.95,218235
2021-05-28 09:35:07,1433.05,218375
2021-05-28 09:35:08,1433.1,218395
2021-05-28 09:35:09,1433.9,218424
2021-05-28 09:35:10,1433.1,218457
2021-05-28 09:35:12,1433.0,218461
2021-05-28 09:35:12,1433.0,218464
2021-05-28 09:35:13,1433.25,218639
2021-05-28 09:35:14,1433.0,218651
2021-05-28 09:35:15,1433.0,218665
2021-05-28 09:35:16,1432.5,218675
2021-05-28 09:35:17,1432.5,218685
2021-05-28 09:35:18,1432.95,218728
2021-05-28 09:35:19,1432.1,218731
2021-05-28 09:35:20,1432.1,218733
2021-05-28 09:35:21,1432.1,218733
2021-05-28 09:35:22,1432.1,218742
2021-05-28 09:35:23,1432.75,218749
2021-05-28 09:35:24,1432.1,218750
2021-05-28 09:35:25,1432.1,218750
2021-05-28 09:35:26,1432.1,218753
2021-05-28 09:35:27,1432.1,218763
2021-05-28 09:35:28,1432.75,218863
2021-05-28 09:35:29,1432.8,218873
2021-05-28 09:35:30,1432.05,218903
2021-05-28 09:35:31,1432.1,219203
2021-05-28 09:35:32,1432.8,219225
2021-05-28 09:35:33,1432.05,219226
2021-05-28 09:35:34,1432.1,219234
2021-05-28 09:35:35,1432.1,219295
2021-05-28 09:35:36,1432.1,219300
2021-05-28 09:35:37,1432.1,219300
2021-05-28 09:35:38,1432.1,219301
2021-05-28 09:35:40,1432.1,219322
2021-05-28 09:35:41,1432.1,219322
2021-05-28 09:35:42,1432.1,219322
2021-05-28 09:35:43,1432.7,219325
2021-05-28 09:35:44,1432.5,219569
2021-05-28 09:35:44,1432.5,219569
2021-05-28 09:35:45,1432.5,219569
2021-05-28 09:35:46,1432.7,219672
2021-05-28 09:35:47,1433.0,220319
2021-05-28 09:35:48,1433.0,220319
2021-05-28 09:35:49,1432.2,220349
2021-05-28 09:35:50,1432.2,220349
2021-05-28 09:35:51,1432.15,220373
2021-05-28 09:35:52,1432.1,220379
2021-05-28 09:35:53,1432.8,220494
2021-05-28 09:35:54,1432.8,220494
2021-05-28 09:35:56,1432.8,220494
2021-05-28 09:35:57,1432.1,220530
2021-05-28 09:35:58,1432.1,220540
2021-05-28 09:35:59,1432.1,220550
2021-05-28 09:36:00,1432.1,220634
2021-05-28 09:36:01,1432.1,220638
2021-05-28 09:36:02,1432.1,220661
2021-05-28 09:36:03,1432.05,221170
2021-05-28 09:36:04,1431.5,221187
2021-05-28 09:36:05,1431.5,221240
2021-05-28 09:36:06,1432.05,221251
2021-05-28 09:36:07,1431.2,221630
2021-05-28 09:36:08,1431.2,221679
2021-05-28 09:36:09,1431.2,221731
2021-05-28 09:36:10,1431.2,222076
2021-05-28 09:36:11,1431.2,222076
2021-05-28 09:36:12,1431.0,222085
2021-05-28 09:36:13,1431.0,222161
2021-05-28 09:36:14,1431.15,222169
2021-05-28 09:36:15,1430.6,222319
2021-05-28 09:36:16,1430.6,222319
2021-05-28 09:36:17,1430.6,222352
2021-05-28 09:36:18,1431.15,222385
2021-05-28 09:36:19,1431.15,222385
2021-05-28 09:36:20,1430.55,222683
2021-05-28 09:36:21,1430.55,222687
2021-05-28 09:36:22,1430.55,222693
2021-05-28 09:36:23,1430.55,222693
2021-05-28 09:36:25,1430.55,222978
2021-05-28 09:36:26,1430.55,222978
2021-05-28 09:36:27,1430.5,223124
2021-05-28 09:36:28,1430.5,223166
2021-05-28 09:36:29,1430.5,223166
2021-05-28 09:36:31,1431.0,223233
2021-05-28 09:36:31,1430.5,223223
2021-05-28 09:36:32,1430.5,223291
2021-05-28 09:36:33,1430.3,223541
2021-05-28 09:36:34,1430.25,223560
2021-05-28 09:36:36,1430.25,223623
2021-05-28 09:36:37,1431.0,223773
2021-05-28 09:36:38,1430.55,223777
2021-05-28 09:36:39,1430.5,223778
2021-05-28 09:36:40,1430.5,223834
2021-05-28 09:36:41,1431.0,223894
2021-05-28 09:36:42,1431.15,223900
2021-05-28 09:36:43,1431.15,223900
2021-05-28 09:36:44,1431.0,223903
2021-05-28 09:36:45,1430.6,223917
2021-05-28 09:36:46,1431.0,223948
2021-05-28 09:36:47,1430.6,223973
2021-05-28 09:36:49,1430.6,223976
2021-05-28 09:36:49,1430.6,223976
2021-05-28 09:36:50,1430.65,224060
2021-05-28 09:36:51,1430.6,224235
2021-05-28 09:36:52,1430.6,224245
2021-05-28 09:36:53,1430.6,224249
2021-05-28 09:36:54,1431.0,224322
2021-05-28 09:36:55,1430.6,224590
2021-05-28 09:36:56,1430.6,224590
2021-05-28 09:36:57,1430.6,224590
2021-05-28 09:36:58,1430.6,224650
2021-05-28 09:36:59,1430.6,224650
2021-05-28 09:37:00,1430.6,224650
2021-05-28 09:37:01,1430.65,224660
2021-05-28 09:37:02,1430.65,224672
2021-05-28 09:37:03,1430.65,224672
2021-05-28 09:37:04,1430.65,224672
2021-05-28 09:37:06,1430.9,224676
2021-05-28 09:37:06,1430.9,224676
2021-05-28 09:37:07,1430.5,226888
2021-05-28 09:37:08,1431.0,226988
2021-05-28 09:37:09,1430.65,227209
2021-05-28 09:37:10,1430.65,227209
2021-05-28 09:37:11,1430.6,227471
2021-05-28 09:37:12,1430.5,227491
2021-05-28 09:37:13,1430.5,227536
2021-05-28 09:37:14,1430.5,227831
2021-05-28 09:37:15,1430.5,227831
2021-05-28 09:37:16,1430.5,227844
2021-05-28 09:37:17,1430.5,227844
2021-05-28 09:37:18,1430.5,228103
2021-05-28 09:37:19,1430.5,228113
2021-05-28 09:37:20,1430.5,228116
2021-05-28 09:37:21,1430.5,228167
2021-05-28 09:37:22,1430.5,228169
2021-05-28 09:37:23,1430.6,228179
2021-05-28 09:37:24,1430.5,228283
2021-05-28 09:37:25,1431.05,228288
2021-05-28 09:37:26,1431.3,228803
2021-05-28 09:37:27,1430.2,229185
2021-05-28 09:37:28,1430.5,229194
2021-05-28 09:37:29,1430.5,229194
2021-05-28 09:37:30,1429.4,232742
2021-05-28 09:37:31,1428.95,234525
2021-05-28 09:37:32,1428.65,234865
2021-05-28 09:37:33,1428.7,236002
2021-05-28 09:37:34,1428.7,236002
2021-05-28 09:37:35,1428.4,236060
2021-05-28 09:37:36,1428.4,236060
2021-05-28 09:37:37,1428.7,236453
2021-05-28 09:37:39,1428.4,236553
2021-05-28 09:37:40,1428.25,236634
2021-05-28 09:37:41,1428.25,236634
2021-05-28 09:37:42,1428.25,236693
2021-05-28 09:37:43,1428.25,237043
2021-05-28 09:37:44,1428.25,237045
2021-05-28 09:37:45,1428.25,237050
2021-05-28 09:37:46,1428.25,237050
2021-05-28 09:37:47,1428.95,237123
2021-05-28 09:37:48,1428.95,237123
2021-05-28 09:37:49,1429.0,237283
2021-05-28 09:37:50,1429.0,237318
2021-05-28 09:37:51,1428.25,237819
2021-05-28 09:37:52,1428.25,237819
2021-05-28 09:37:53,1428.55,238019
2021-05-28 09:37:54,1428.25,238956
2021-05-28 09:37:55,1428.25,238956
2021-05-28 09:37:56,1428.25,238956
2021-05-28 09:37:57,1428.95,239056
2021-05-28 09:37:58,1428.5,239144
2021-05-28 09:37:59,1428.5,239144
2021-05-28 09:38:00,1428.5,239199
2021-05-28 09:38:01,1428.5,239253
2021-05-28 09:38:03,1428.5,239491
2021-05-28 09:38:04,1428.5,239502
2021-05-28 09:38:04,1428.5,239502
2021-05-28 09:38:05,1428.95,239568
2021-05-28 09:38:06,1428.5,239610
2021-05-28 09:38:07,1429.0,239805
2021-05-28 09:38:08,1429.15,240782
2021-05-28 09:38:09,1428.55,240786
2021-05-28 09:38:10,1428.55,240825
2021-05-28 09:38:11,1428.55,240842
2021-05-28 09:38:12,1428.55,241038
2021-05-28 09:38:13,1428.5,241148
2021-05-28 09:38:14,1428.5,241166
2021-05-28 09:38:15,1429.0,241369
2021-05-28 09:38:16,1428.5,241408
2021-05-28 09:38:17,1428.55,241418
2021-05-28 09:38:18,1428.55,241423
2021-05-28 09:38:20,1429.0,241571
2021-05-28 09:38:21,1428.6,241572
2021-05-28 09:38:21,1428.55,241640
2021-05-28 09:38:23,1428.5,243590
2021-05-28 09:38:24,1428.0,243901
2021-05-28 09:38:25,1428.0,243915
2021-05-28 09:38:26,1428.0,244390
2021-05-28 09:38:27,1428.0,244791
2021-05-28 09:38:28,1427.7,244869
2021-05-28 09:38:29,1427.55,244967
2021-05-28 09:38:29,1427.55,244872
2021-05-28 09:38:31,1428.1,245167
2021-05-28 09:38:31,1428.1,245167
2021-05-28 09:38:32,1427.55,245217
2021-05-28 09:38:33,1428.0,245237
2021-05-28 09:38:34,1428.0,245272
2021-05-28 09:38:35,1428.0,245304
2021-05-28 09:38:36,1428.0,245394
2021-05-28 09:38:37,1428.5,245568
2021-05-28 09:38:38,1427.75,245668
2021-05-28 09:38:39,1428.0,246018
2021-05-28 09:38:40,1427.55,246053
2021-05-28 09:38:42,1427.55,246078
2021-05-28 09:38:43,1427.0,247239
2021-05-28 09:38:43,1427.5,247264
2021-05-28 09:38:45,1427.05,247271
2021-05-28 09:38:46,1427.05,247344
2021-05-28 09:38:47,1427.95,247675
2021-05-28 09:38:47,1427.95,247675
2021-05-28 09:38:48,1427.05,247725
2021-05-28 09:38:49,1427.05,247725
2021-05-28 09:38:51,1427.05,247795
2021-05-28 09:38:51,1427.0,248025
2021-05-28 09:38:52,1427.0,248025
2021-05-28 09:38:53,1427.75,248075
2021-05-28 09:38:54,1427.15,248089
2021-05-28 09:38:55,1427.15,248116
2021-05-28 09:38:56,1427.8,248518
2021-05-28 09:38:58,1427.8,248518
2021-05-28 09:38:59,1427.8,248518
2021-05-28 09:38:59,1427.7,248611
2021-05-28 09:39:00,1427.45,248612
2021-05-28 09:39:02,1427.45,248650
2021-05-28 09:39:03,1427.05,248699
2021-05-28 09:39:03,1427.05,248699
2021-05-28 09:39:05,1427.7,249002
2021-05-28 09:39:06,1427.0,249260
2021-05-28 09:39:07,1427.0,249295
2021-05-28 09:39:07,1427.0,249295
2021-05-28 09:39:09,1427.0,249456
2021-05-28 09:39:10,1427.0,249603
2021-05-28 09:39:10,1427.0,249610
2021-05-28 09:39:11,1427.0,249634
2021-05-28 09:39:13,1427.0,249801
2021-05-28 09:39:14,1427.0,249811
2021-05-28 09:39:15,1427.0,249847
2021-05-28 09:39:16,1427.0,250227
2021-05-28 09:39:18,1427.05,250248
2021-05-28 09:39:19,1427.5,250298
2021-05-28 09:39:20,1427.0,250884
2021-05-28 09:39:20,1427.0,250884
2021-05-28 09:39:21,1426.65,250988
2021-05-28 09:39:22,1426.65,251198
2021-05-28 09:39:23,1426.65,251287
2021-05-28 09:39:24,1427.7,251516
2021-05-28 09:39:25,1427.7,251516
2021-05-28 09:39:26,1426.75,251621
2021-05-28 09:39:27,1426.75,251662
2021-05-28 09:39:28,1427.7,251912
2021-05-28 09:39:29,1426.8,252012
2021-05-28 09:39:30,1427.6,252019
2021-05-28 09:39:31,1427.6,252019
2021-05-28 09:39:32,1427.6,252069
2021-05-28 09:39:33,1427.55,252076
2021-05-28 09:39:34,1427.1,252077
2021-05-28 09:39:35,1426.75,252097
2021-05-28 09:39:37,1427.0,252117
2021-05-28 09:39:37,1427.0,252117
2021-05-28 09:39:38,1427.0,252117
2021-05-28 09:39:39,1427.0,252121
2021-05-28 09:39:41,1427.0,252125
2021-05-28 09:39:40,1427.0,252125
2021-05-28 09:39:42,1427.0,252299
2021-05-28 09:39:44,1426.8,252667
2021-05-28 09:39:44,1426.95,252677
2021-05-28 09:39:46,1426.75,252811
2021-05-28 09:39:47,1426.95,253016
2021-05-28 09:39:48,1426.75,253079
2021-05-28 09:39:48,1426.75,253079
2021-05-28 09:39:49,1426.8,253106
2021-05-28 09:39:50,1426.95,253193
2021-05-28 09:39:51,1426.95,253262
2021-05-28 09:39:52,1426.95,253385
2021-05-28 09:39:54,1426.95,253392
2021-05-28 09:39:53,1426.95,253385
2021-05-28 09:39:55,1426.9,253393
2021-05-28 09:39:56,1427.0,253498
2021-05-28 09:39:57,1427.0,253513
2021-05-28 09:39:58,1426.95,253613
2021-05-28 09:39:59,1426.9,253647
2021-05-28 09:40:00,1426.9,253656
2021-05-28 09:40:01,1426.8,253669
2021-05-28 09:40:02,1426.9,253698
2021-05-28 09:40:03,1426.9,253698
2021-05-28 09:40:05,1426.8,254900
2021-05-28 09:40:06,1427.0,256400
2021-05-28 09:40:07,1426.5,256500
2021-05-28 09:40:08,1427.0,256605
2021-05-28 09:40:08,1427.0,257142
2021-05-28 09:40:09,1427.6,257146
2021-05-28 09:40:11,1427.6,257146
2021-05-28 09:40:12,1427.0,257256
2021-05-28 09:40:12,1427.0,257256
2021-05-28 09:40:14,1428.05,257431
2021-05-28 09:40:15,1428.05,257431
2021-05-28 09:40:15,1428.05,257431
2021-05-28 09:40:16,1428.1,257432
2021-05-28 09:40:17,1428.1,257467
2021-05-28 09:40:18,1428.1,257472
2021-05-28 09:40:20,1428.1,257472
2021-05-28 09:40:20,1428.1,257472
2021-05-28 09:40:21,1428.0,257579
2021-05-28 09:40:22,1428.05,257580
2021-05-28 09:40:23,1428.05,257615
2021-05-28 09:40:24,1428.05,257641
2021-05-28 09:40:25,1428.05,257652
2021-05-28 09:40:26,1428.05,257661
2021-05-28 09:40:27,1428.05,257666
2021-05-28 09:40:28,1428.05,257668
2021-05-28 09:40:29,1428.05,257680
2021-05-28 09:40:30,1428.05,257681
2021-05-28 09:40:31,1428.05,257727
2021-05-28 09:40:32,1428.05,257752
2021-05-28 09:40:33,1428.05,257761
2021-05-28 09:40:34,1428.05,257761
2021-05-28 09:40:35,1428.05,257771
2021-05-28 09:40:37,1428.05,257877
2021-05-28 09:40:38,1428.45,257887
2021-05-28 09:40:39,1428.45,258022
2021-05-28 09:40:41,1428.1,258041
2021-05-28 09:40:40,1428.1,258041
2021-05-28 09:40:42,1428.45,258051
2021-05-28 09:40:43,1428.05,258076
2021-05-28 09:40:44,1428.95,258091
2021-05-28 09:40:45,1428.25,258241
2021-05-28 09:40:46,1428.25,258241
2021-05-28 09:40:47,1428.25,258241
2021-05-28 09:40:48,1428.25,258241
2021-05-28 09:40:49,1428.25,258439
2021-05-28 09:40:50,1428.95,258462
2021-05-28 09:40:51,1429.25,258489
2021-05-28 09:40:52,1428.95,258523
2021-05-28 09:40:53,1429.25,258532
2021-05-28 09:40:54,1429.5,258606
2021-05-28 09:40:55,1428.95,258626
2021-05-28 09:40:56,1428.95,258652
2021-05-28 09:40:57,1429.45,258766
2021-05-28 09:40:59,1429.25,258872
2021-05-28 09:40:59,1429.25,258872
2021-05-28 09:41:00,1429.45,258902
2021-05-28 09:41:01,1429.25,259513
2021-05-28 09:41:02,1430.0,260513
2021-05-28 09:41:03,1428.95,261001
2021-05-28 09:41:04,1429.35,261047
2021-05-28 09:41:05,1428.8,261461
2021-05-28 09:41:06,1428.8,261461
2021-05-28 09:41:07,1429.0,261921
2021-05-28 09:41:08,1429.0,262763
2021-05-28 09:41:09,1428.35,263792
2021-05-28 09:41:10,1428.8,263795
2021-05-28 09:41:12,1428.3,265010
2021-05-28 09:41:13,1428.0,267585
2021-05-28 09:41:14,1427.25,267586
2021-05-28 09:41:14,1427.95,267588
2021-05-28 09:41:16,1427.95,268079
2021-05-28 09:41:17,1426.95,271552
2021-05-28 09:41:18,1426.95,271552
2021-05-28 09:41:18,1426.9,271557
2021-05-28 09:41:19,1426.05,272115
2021-05-28 09:41:20,1426.05,272336
2021-05-28 09:41:21,1426.0,272434
2021-05-28 09:41:22,1426.0,272434
2021-05-28 09:41:24,1426.05,272682
2021-05-28 09:41:24,1425.95,272912
2021-05-28 09:41:25,1426.0,273019
2021-05-28 09:41:26,1426.0,273019
2021-05-28 09:41:28,1426.0,273035
2021-05-28 09:41:29,1426.0,273200
2021-05-28 09:41:29,1426.0,273200
2021-05-28 09:41:30,1426.0,273200
2021-05-28 09:41:31,1426.0,273207
2021-05-28 09:41:32,1426.0,273355
2021-05-28 09:41:34,1426.0,273769
2021-05-28 09:41:34,1426.05,273749
2021-05-28 09:41:36,1426.05,273849
2021-05-28 09:41:36,1426.0,274011
2021-05-28 09:41:38,1426.0,274056
2021-05-28 09:41:39,1426.05,274088
2021-05-28 09:41:40,1426.6,274089
2021-05-28 09:41:41,1426.1,274191
2021-05-28 09:41:42,1426.1,274221
2021-05-28 09:41:43,1426.1,274271
2021-05-28 09:41:44,1426.1,274272
2021-05-28 09:41:46,1426.15,274298
2021-05-28 09:41:47,1426.15,274308
2021-05-28 09:41:48,1426.15,274308
2021-05-28 09:41:49,1426.2,274382
2021-05-28 09:41:50,1426.2,274387
2021-05-28 09:41:51,1427.0,274586
2021-05-28 09:41:52,1427.0,274637
2021-05-28 09:41:52,1427.0,274637
2021-05-28 09:41:54,1427.3,274659
2021-05-28 09:41:55,1427.6,274799
2021-05-28 09:41:55,1427.6,274799
2021-05-28 09:41:56,1427.6,274799
2021-05-28 09:41:57,1427.0,275019
2021-05-28 09:41:58,1427.0,275019
2021-05-28 09:41:59,1426.85,275169
2021-05-28 09:42:01,1426.85,275243
2021-05-28 09:42:01,1426.85,275243
2021-05-28 09:42:02,1426.85,275243
2021-05-28 09:42:04,1427.4,275301
2021-05-28 09:42:04,1426.85,275283
2021-05-28 09:42:05,1427.4,275301
2021-05-28 09:42:06,1427.4,275301
2021-05-28 09:42:08,1426.85,275312
2021-05-28 09:42:08,1426.85,275312
2021-05-28 09:42:09,1426.85,275312
2021-05-28 09:42:10,1427.35,275362
2021-05-28 09:42:11,1427.0,275386
2021-05-28 09:42:12,1427.0,275386
2021-05-28 09:42:13,1427.45,275387
2021-05-28 09:42:14,1426.85,275396
2021-05-28 09:42:15,1426.85,275401
2021-05-28 09:42:16,1427.45,275751
2021-05-28 09:42:17,1427.45,275751
2021-05-28 09:42:18,1427.0,275801
2021-05-28 09:42:19,1426.9,276171
2021-05-28 09:42:20,1427.85,276251
2021-05-28 09:42:22,1427.1,276730
2021-05-28 09:42:23,1427.1,276740
2021-05-28 09:42:23,1427.1,276740
2021-05-28 09:42:24,1427.1,276756
2021-05-28 09:42:25,1427.1,276854
2021-05-28 09:42:27,1427.15,276855
2021-05-28 09:42:28,1427.15,276857
2021-05-28 09:42:29,1427.15,276877
2021-05-28 09:42:30,1427.15,276877
2021-05-28 09:42:30,1427.15,276877
2021-05-28 09:42:32,1427.2,276898
2021-05-28 09:42:33,1427.2,276902
2021-05-28 09:42:34,1427.2,276902
2021-05-28 09:42:35,1427.2,276902
2021-05-28 09:42:36,1427.3,277072
2021-05-28 09:42:37,1427.3,277082
2021-05-28 09:42:38,1428.35,277083
2021-05-28 09:42:39,1427.8,277093
2021-05-28 09:42:40,1427.45,277095
2021-05-28 09:42:41,1427.45,277102
2021-05-28 09:42:42,1427.45,277128
2021-05-28 09:42:43,1428.7,277604
2021-05-28 09:42:45,1427.5,277614
2021-05-28 09:42:45,1427.5,277614
2021-05-28 09:42:46,1427.5,277614
2021-05-28 09:42:48,1427.45,277709
2021-05-28 09:42:49,1427.45,277711
2021-05-28 09:42:51,1427.3,277735
2021-05-28 09:42:51,1427.3,277735
2021-05-28 09:42:52,1427.3,277735
2021-05-28 09:42:53,1427.45,278825
2021-05-28 09:42:54,1427.45,278825
2021-05-28 09:42:55,1427.7,278948
2021-05-28 09:42:56,1427.45,278951
2021-05-28 09:42:57,1427.45,279094
2021-05-28 09:42:58,1427.45,279118
2021-05-28 09:42:59,1427.5,279119
2021-05-28 09:43:01,1427.5,279147
2021-05-28 09:43:02,1427.5,279152
2021-05-28 09:43:03,1427.5,279152
2021-05-28 09:43:04,1427.5,279158
2021-05-28 09:43:04,1427.5,279158
2021-05-28 09:43:05,1427.5,279186
2021-05-28 09:43:06,1427.7,279466
2021-05-28 09:43:07,1427.7,279466
2021-05-28 09:43:08,1427.7,279466
2021-05-28 09:43:09,1427.7,279522
2021-05-28 09:43:10,1428.3,279537
2021-05-28 09:43:12,1428.3,279537
2021-05-28 09:43:13,1427.7,279548
2021-05-28 09:43:14,1428.45,279648
2021-05-28 09:43:15,1428.45,279648
2021-05-28 09:43:15,1428.45,279648
2021-05-28 09:43:17,1427.75,279678
2021-05-28 09:43:17,1427.75,279678
2021-05-28 09:43:18,1428.0,279729
2021-05-28 09:43:20,1428.35,279734
2021-05-28 09:43:21,1428.35,279734
2021-05-28 09:43:22,1428.1,279740
2021-05-28 09:43:22,1428.1,279740
2021-05-28 09:43:23,1428.0,280416
2021-05-28 09:43:24,1428.0,280416
2021-05-28 09:43:25,1428.1,280418
2021-05-28 09:43:27,1428.1,280520
2021-05-28 09:43:27,1428.1,280520
2021-05-28 09:43:28,1428.1,280520
2021-05-28 09:43:29,1428.1,280520
2021-05-28 09:43:30,1428.0,280574
2021-05-28 09:43:31,1428.0,280574
2021-05-28 09:43:32,1428.6,280576
2021-05-28 09:43:33,1428.0,280676
2021-05-28 09:43:34,1428.8,280922
2021-05-28 09:43:35,1428.8,280922
2021-05-28 09:43:36,1428.8,280922
2021-05-28 09:43:37,1428.35,280974
2021-05-28 09:43:39,1428.35,280974
2021-05-28 09:43:40,1428.35,280974
2021-05-28 09:43:41,1428.45,281002
2021-05-28 09:43:43,1429.1,281052
2021-05-28 09:43:44,1428.4,281068
2021-05-28 09:43:45,1428.4,281070
2021-05-28 09:43:46,1428.4,281080
2021-05-28 09:43:48,1428.75,281085
2021-05-28 09:43:48,1428.75,281085
2021-05-28 09:43:49,1428.35,281114
2021-05-28 09:43:51,1428.4,281199
2021-05-28 09:43:52,1429.45,281448
2021-05-28 09:43:53,1429.45,281449
2021-05-28 09:43:54,1429.45,281449
2021-05-28 09:43:55,1428.75,281499
2021-05-28 09:43:55,1428.75,281499
2021-05-28 09:43:56,1428.75,281499
2021-05-28 09:43:57,1429.45,281539
2021-05-28 09:43:58,1429.45,281539
2021-05-28 09:43:59,1429.45,281539
2021-05-28 09:44:00,1429.4,281648
2021-05-28 09:44:02,1429.45,281664
2021-05-28 09:44:03,1429.4,281719
2021-05-28 09:44:04,1429.4,281741
2021-05-28 09:44:04,1429.4,281741
2021-05-28 09:44:05,1429.45,281769
2021-05-28 09:44:07,1429.4,281831
2021-05-28 09:44:07,1429.4,281836
2021-05-28 09:44:08,1429.4,282015
2021-05-28 09:44:09,1429.4,282015
2021-05-28 09:44:10,1429.4,282017
2021-05-28 09:44:11,1429.4,282064
2021-05-28 09:44:12,1429.0,282076
2021-05-28 09:44:13,1429.0,282077
2021-05-28 09:44:15,1429.0,282222
2021-05-28 09:44:16,1428.75,282225
2021-05-28 09:44:17,1428.75,282226
2021-05-28 09:44:18,1428.75,282262
2021-05-28 09:44:18,1428.75,282262
2021-05-28 09:44:20,1428.75,282304
2021-05-28 09:44:20,1428.75,282304
2021-05-28 09:44:21,1428.6,282312
2021-05-28 09:44:22,1428.75,282323
2021-05-28 09:44:23,1428.55,282336
2021-05-28 09:44:24,1428.55,282610
2021-05-28 09:44:25,1428.5,282655
2021-05-28 09:44:26,1428.45,282794
2021-05-28 09:44:28,1428.35,283004
2021-05-28 09:44:29,1428.25,283032
2021-05-28 09:44:30,1428.25,283077
2021-05-28 09:44:31,1428.2,283083
2021-05-28 09:44:33,1428.2,283128
2021-05-28 09:44:34,1428.15,283137
2021-05-28 09:44:35,1428.95,283167
2021-05-28 09:44:37,1428.95,283167
2021-05-28 09:44:37,1428.15,283267
2021-05-28 09:44:38,1428.35,283303
2021-05-28 09:44:39,1428.35,283303
2021-05-28 09:44:40,1428.5,283305
2021-05-28 09:44:41,1428.5,283312
2021-05-28 09:44:42,1428.5,283312
2021-05-28 09:44:43,1428.5,283313
2021-05-28 09:44:45,1428.5,283314
2021-05-28 09:44:46,1428.2,283401
2021-05-28 09:44:47,1428.2,283401
2021-05-28 09:44:47,1428.2,283401
2021-05-28 09:44:48,1428.9,283441
2021-05-28 09:44:49,1428.9,283441
2021-05-28 09:44:50,1428.15,283461
2021-05-28 09:44:51,1428.15,283470
2021-05-28 09:44:52,1428.15,283470
2021-05-28 09:44:53,1428.15,283474
2021-05-28 09:44:55,1428.15,283487
2021-05-28 09:44:56,1428.9,283494
2021-05-28 09:44:56,1428.9,283494
2021-05-28 09:44:57,1428.15,283495
2021-05-28 09:44:58,1428.2,283497
2021-05-28 09:44:59,1428.85,283502
2021-05-28 09:45:00,1428.85,283563
2021-05-28 09:45:01,1428.85,283563
2021-05-28 09:45:02,1428.95,283637
2021-05-28 09:45:03,1428.95,283648
2021-05-28 09:45:05,1429.1,283713
2021-05-28 09:45:06,1429.4,284184
2021-05-28 09:45:07,1429.4,284184
2021-05-28 09:45:08,1429.45,284194
2021-05-28 09:45:09,1429.65,284504
2021-05-28 09:45:09,1429.65,284604
2021-05-28 09:45:10,1429.65,284604
2021-05-28 09:45:11,1429.65,284604
2021-05-28 09:45:12,1428.85,284665
2021-05-28 09:45:13,1428.8,284674
2021-05-28 09:45:14,1428.75,284717
2021-05-28 09:45:16,1428.7,284750
2021-05-28 09:45:18,1429.6,284800
2021-05-28 09:45:19,1429.6,284801
2021-05-28 09:45:20,1428.9,284811
2021-05-28 09:45:20,1428.9,284811
2021-05-28 09:45:21,1429.55,284841
2021-05-28 09:45:22,1429.6,284941
2021-05-28 09:45:23,1429.5,284951
2021-05-28 09:45:24,1429.5,284951
2021-05-28 09:45:25,1429.65,285001
2021-05-28 09:45:26,1428.9,285200
2021-05-28 09:45:27,1429.4,285260
2021-05-28 09:45:28,1428.75,285312
2021-05-28 09:45:29,1428.75,285398
2021-05-28 09:45:31,1429.4,285413
2021-05-28 09:45:32,1428.9,285433
2021-05-28 09:45:33,1428.9,285441
2021-05-28 09:45:34,1428.9,285441
2021-05-28 09:45:34,1428.9,285441
2021-05-28 09:45:35,1428.9,285445
2021-05-28 09:45:36,1428.9,285446
2021-05-28 09:45:38,1428.9,285448
2021-05-28 09:45:38,1428.9,285449
2021-05-28 09:45:39,1428.9,285449
2021-05-28 09:45:40,1429.45,285454
2021-05-28 09:45:42,1429.45,285454
2021-05-28 09:45:43,1429.45,285454
2021-05-28 09:45:44,1428.9,285455
2021-05-28 09:45:44,1428.9,285455
2021-05-28 09:45:45,1428.9,285457
2021-05-28 09:45:46,1428.9,285457
2021-05-28 09:45:47,1429.0,285458
2021-05-28 09:45:48,1429.0,285468
2021-05-28 09:45:49,1428.9,285497
2021-05-28 09:45:50,1428.9,285498
2021-05-28 09:45:52,1428.85,285814
2021-05-28 09:45:53,1429.6,286014
2021-05-28 09:45:54,1428.9,286016
2021-05-28 09:45:55,1428.9,286016
2021-05-28 09:45:55,1428.9,286016
2021-05-28 09:45:56,1429.0,286056
2021-05-28 09:45:57,1429.0,286056
2021-05-28 09:45:58,1429.0,286056
2021-05-28 09:45:59,1429.0,286074
2021-05-28 09:46:00,1429.0,286084
2021-05-28 09:46:01,1428.5,286455
2021-05-28 09:46:02,1429.0,286509
2021-05-28 09:46:03,1429.45,286531
2021-05-28 09:46:05,1429.0,286573
2021-05-28 09:46:06,1429.0,286580
2021-05-28 09:46:07,1429.0,286871
2021-05-28 09:46:08,1428.55,286884
2021-05-28 09:46:08,1428.55,286884
2021-05-28 09:46:09,1428.5,286885
2021-05-28 09:46:10,1428.4,286976
2021-05-28 09:46:12,1428.45,287073
2021-05-28 09:46:13,1428.85,287188
2021-05-28 09:46:14,1428.85,287188
2021-05-28 09:46:16,1428.5,287211
2021-05-28 09:46:17,1428.5,287211
2021-05-28 09:46:18,1428.5,287211
2021-05-28 09:46:19,1428.5,287216
2021-05-28 09:46:20,1428.5,287217
2021-05-28 09:46:21,1429.0,287227
2021-05-28 09:46:22,1428.5,287247
2021-05-28 09:46:24,1429.0,287263
2021-05-28 09:46:25,1428.1,287407
2021-05-28 09:46:26,1428.75,287626
2021-05-28 09:46:26,1428.75,287626
2021-05-28 09:46:27,1428.4,287629
2021-05-28 09:46:28,1428.4,287629
2021-05-28 09:46:29,1428.4,287673
2021-05-28 09:46:30,1428.4,287673
2021-05-28 09:46:31,1428.4,287674
2021-05-28 09:46:32,1428.45,287734
2021-05-28 09:46:33,1428.45,287734
2021-05-28 09:46:35,1428.4,287744
2021-05-28 09:46:36,1428.4,287756
2021-05-28 09:46:37,1428.4,287761
2021-05-28 09:46:37,1428.4,287761
2021-05-28 09:46:38,1428.4,287763
2021-05-28 09:46:39,1428.4,287770
2021-05-28 09:46:40,1428.4,287821
2021-05-28 09:46:41,1428.4,287822
2021-05-28 09:46:42,1428.4,287823
2021-05-28 09:46:43,1428.4,287833
2021-05-28 09:46:44,1428.0,289084
2021-05-28 09:46:45,1428.0,289084
2021-05-28 09:46:47,1428.65,289091
2021-05-28 09:46:48,1427.6,289829
2021-05-28 09:46:48,1427.6,289829
2021-05-28 09:46:49,1428.15,289869
2021-05-28 09:46:50,1427.6,289870
2021-05-28 09:46:51,1427.6,290016
2021-05-28 09:46:52,1427.3,290136
2021-05-28 09:46:53,1427.3,290136
2021-05-28 09:46:54,1427.0,290430
2021-05-28 09:46:55,1427.0,290461
2021-05-28 09:46:56,1427.0,290561
2021-05-28 09:46:57,1427.0,290610
2021-05-28 09:46:59,1426.5,290681
2021-05-28 09:47:00,1426.5,290702
2021-05-28 09:47:01,1426.5,290738
2021-05-28 09:47:01,1426.5,290738
2021-05-28 09:47:02,1426.8,290799
2021-05-28 09:47:03,1426.55,290899
2021-05-28 09:47:04,1426.55,290899
2021-05-28 09:47:05,1426.6,291005
2021-05-28 09:47:06,1426.6,291006
2021-05-28 09:47:08,1426.6,291007
2021-05-28 09:47:08,1426.55,291031
2021-05-28 09:47:10,1426.55,291031
2021-05-28 09:47:11,1426.55,291031
2021-05-28 09:47:12,1426.55,291037
2021-05-28 09:47:12,1426.55,291037
2021-05-28 09:47:13,1426.55,291037
2021-05-28 09:47:14,1426.55,291037
2021-05-28 09:47:15,1426.6,291048
2021-05-28 09:47:16,1426.6,291048
2021-05-28 09:47:17,1426.6,291048
2021-05-28 09:47:18,1426.6,291051
2021-05-28 09:47:19,1426.55,291151
2021-05-28 09:47:20,1426.55,291166
2021-05-28 09:47:23,1426.55,291226
2021-05-28 09:47:24,1427.55,291361
2021-05-28 09:47:25,1427.55,291361
2021-05-28 09:47:26,1427.55,291361
2021-05-28 09:47:26,1427.55,291361
2021-05-28 09:47:27,1426.7,291388
2021-05-28 09:47:28,1426.7,291388
2021-05-28 09:47:29,1426.7,291388
2021-05-28 09:47:30,1427.2,291438
2021-05-28 09:47:31,1427.2,291495
2021-05-28 09:47:32,1427.5,291570
2021-05-28 09:47:33,1427.2,291586
2021-05-28 09:47:34,1427.5,291589
2021-05-28 09:47:35,1427.2,291604
2021-05-28 09:47:39,1427.2,291611
2021-05-28 09:47:42,1427.45,291665
2021-05-28 09:47:44,1427.2,291667
2021-05-28 09:47:47,1427.3,291677
2021-05-28 09:47:50,1427.2,291678
2021-05-28 09:47:53,1427.2,291684
2021-05-28 09:47:56,1427.5,291748
2021-05-28 09:47:59,1427.5,291753
2021-05-28 09:48:02,1427.25,291794
2021-05-28 09:48:05,1427.25,291805
2021-05-28 09:48:08,1427.25,291811
2021-05-28 09:48:11,1427.25,291823
2021-05-28 09:48:14,1427.4,291844
2021-05-28 09:48:17,1427.25,291847
2021-05-28 09:48:20,1427.2,291944
2021-05-28 09:48:23,1427.2,291944
2021-05-28 09:48:26,1427.5,292256
2021-05-28 09:48:28,1427.1,292260
2021-05-28 09:48:31,1427.1,292322
2021-05-28 09:48:34,1427.1,292324
2021-05-28 09:48:37,1427.8,292499
2021-05-28 09:48:39,1427.8,292499
2021-05-28 09:48:42,1427.3,292534
2021-05-28 09:48:45,1427.95,292554
2021-05-28 09:48:48,1427.4,292573
2021-05-28 09:48:51,1427.4,292581
2021-05-28 09:48:54,1427.95,292596
2021-05-28 09:48:57,1428.6,292812
2021-05-28 09:49:00,1428.0,292825
2021-05-28 09:49:03,1428.05,293029
2021-05-28 09:49:06,1428.05,293029
2021-05-28 09:49:08,1428.05,293094
2021-05-28 09:49:11,1428.7,293175
2021-05-28 09:49:14,1428.7,293175
2021-05-28 09:49:17,1428.1,293191
2021-05-28 09:49:20,1428.1,293191
2021-05-28 09:49:23,1428.1,293194
2021-05-28 09:49:25,1428.1,293242
2021-05-28 09:49:28,1428.1,293244
2021-05-28 09:49:30,1428.05,293253
2021-05-28 09:49:33,1428.6,293255
2021-05-28 09:49:36,1428.1,293258
2021-05-28 09:49:39,1428.05,293459
2021-05-28 09:49:42,1428.6,293474
2021-05-28 09:49:45,1428.6,293516
2021-05-28 09:49:48,1428.2,294311
2021-05-28 09:49:51,1428.15,294519
2021-05-28 09:49:54,1427.55,294588
2021-05-28 09:49:57,1428.0,294690
2021-05-28 09:50:00,1427.45,294704
2021-05-28 09:50:03,1427.45,294725
2021-05-28 09:50:06,1427.9,294938
2021-05-28 09:50:09,1427.4,294991
2021-05-28 09:50:14,1427.95,295105
2021-05-28 09:50:17,1427.95,295113
2021-05-28 09:50:20,1427.9,295115
2021-05-28 09:50:23,1427.5,295123
2021-05-28 09:50:25,1428.0,295158
2021-05-28 09:50:28,1427.4,295660
2021-05-28 09:50:31,1428.0,295714
2021-05-28 09:50:34,1427.5,295814
2021-05-28 09:50:36,1427.4,295827
2021-05-28 09:50:39,1427.4,295851
2021-05-28 09:50:42,1427.4,295853
2021-05-28 09:50:45,1427.4,295864
2021-05-28 09:50:48,1427.5,296044
2021-05-28 09:50:50,1427.4,296051
2021-05-28 09:50:53,1427.15,296087
2021-05-28 09:50:56,1427.4,296193
2021-05-28 09:50:59,1427.2,296351
2021-05-28 09:51:02,1427.2,296351
2021-05-28 09:51:05,1427.15,296387
2021-05-28 09:51:08,1427.0,296413
2021-05-28 09:51:10,1427.0,296420
2021-05-28 09:51:13,1426.95,296749
2021-05-28 09:51:19,1426.35,296963
2021-05-28 09:51:22,1426.35,297037
2021-05-28 09:51:25,1426.35,297065
2021-05-28 09:51:28,1426.3,297139
2021-05-28 09:51:31,1427.0,297485
2021-05-28 09:51:33,1427.0,297529
2021-05-28 09:51:36,1427.0,297710
2021-05-28 09:51:39,1427.0,297721
2021-05-28 09:51:42,1427.15,297767
2021-05-28 09:51:45,1426.95,297888
2021-05-28 09:51:47,1427.0,297931
2021-05-28 09:51:50,1426.5,298245
2021-05-28 09:51:53,1426.5,298245
2021-05-28 09:51:56,1426.5,298357
2021-05-28 09:51:58,1426.3,298657
2021-05-28 09:52:01,1426.25,298659
2021-05-28 09:52:04,1426.25,298990
2021-05-28 09:52:07,1426.05,299046
2021-05-28 09:52:10,1426.65,299158
2021-05-28 09:52:13,1426.65,299158
2021-05-28 09:52:16,1426.25,299180
2021-05-28 09:52:19,1426.25,299180
2021-05-28 09:52:22,1426.25,299308
2021-05-28 09:52:25,1426.25,299312
2021-05-28 09:52:27,1426.3,299538
2021-05-28 09:52:30,1426.3,299538
2021-05-28 09:52:33,1426.25,299583
2021-05-28 09:52:35,1426.25,299584
2021-05-28 09:52:38,1426.25,299693
2021-05-28 09:52:41,1427.15,299894
2021-05-28 09:52:43,1426.25,300094
2021-05-28 09:52:46,1426.3,300157
2021-05-28 09:52:49,1426.3,300197
2021-05-28 09:52:52,1426.35,300217
2021-05-28 09:52:55,1427.45,300355
2021-05-28 09:52:58,1426.6,300455
2021-05-28 09:53:00,1426.65,300483
2021-05-28 09:53:03,1426.7,300503
2021-05-28 09:53:06,1426.65,300513
2021-05-28 09:53:09,1426.65,300513
2021-05-28 09:53:12,1426.65,300517
2021-05-28 09:53:15,1426.65,300517
2021-05-28 09:53:18,1426.65,300647
2021-05-28 09:53:21,1426.75,300771
2021-05-28 09:53:24,1426.7,300822
2021-05-28 09:53:27,1427.0,300832
2021-05-28 09:53:29,1426.75,300842
2021-05-28 09:53:32,1426.75,300844
2021-05-28 09:53:35,1426.75,300851
2021-05-28 09:53:38,1426.75,300852
2021-05-28 09:53:41,1427.0,300863
2021-05-28 09:53:44,1427.0,300916
2021-05-28 09:53:47,1427.0,300917
2021-05-28 09:53:49,1427.0,300996
2021-05-28 09:53:52,1427.0,300996
2021-05-28 09:53:55,1426.75,301013
2021-05-28 09:53:58,1426.75,301013
2021-05-28 09:54:01,1427.0,301583
2021-05-28 09:54:04,1427.05,301707
2021-05-28 09:54:07,1427.75,302071
2021-05-28 09:54:10,1427.15,302101
2021-05-28 09:54:12,1427.45,302151
2021-05-28 09:54:15,1427.0,302173
2021-05-28 09:54:18,1426.9,302244
2021-05-28 09:54:21,1426.9,302273
2021-05-28 09:54:23,1427.15,302296
2021-05-28 09:54:26,1427.55,302319
2021-05-28 09:54:28,1427.55,302330
2021-05-28 09:54:31,1427.0,302334
2021-05-28 09:54:34,1427.0,302336
2021-05-28 09:54:36,1427.5,302572
2021-05-28 09:54:39,1427.5,302572
2021-05-28 09:54:44,1426.45,303621
2021-05-28 09:54:47,1426.8,303843
2021-05-28 09:54:50,1427.0,304043
2021-05-28 09:54:53,1425.5,307827
2021-05-28 09:54:55,1425.5,308342
2021-05-28 09:54:58,1425.9,309195
2021-05-28 09:55:01,1425.0,310860
2021-05-28 09:55:04,1425.0,311036
2021-05-28 09:55:07,1425.0,311720
2021-05-28 09:55:09,1424.85,314809
2021-05-28 09:55:13,1423.35,316010
2021-05-28 09:55:16,1423.45,316418
2021-05-28 09:55:19,1424.2,317045
2021-05-28 09:55:21,1423.15,317525
2021-05-28 09:55:24,1423.1,318859
2021-05-28 09:55:27,1422.3,319071
2021-05-28 09:55:29,1422.0,319609
2021-05-28 09:55:32,1422.0,319820
2021-05-28 09:55:35,1422.0,320104
2021-05-28 09:55:38,1422.0,320269
2021-05-28 09:55:41,1422.0,320299
2021-05-28 09:55:43,1422.1,320602
2021-05-28 09:55:46,1422.45,321093
2021-05-28 09:55:49,1422.0,321315
2021-05-28 09:55:51,1422.15,322202
2021-05-28 09:55:54,1421.45,322741
2021-05-28 09:55:57,1422.55,323324
2021-05-28 09:55:59,1421.55,323535
2021-05-28 09:56:02,1421.6,324859
2021-05-28 09:56:05,1421.6,325225
2021-05-28 09:56:08,1421.95,325547
2021-05-28 09:56:11,1421.8,325840
2021-05-28 09:56:14,1422.65,326307
2021-05-28 09:56:16,1422.8,326565
2021-05-28 09:56:19,1422.85,326867
2021-05-28 09:56:21,1423.45,327059
2021-05-28 09:56:24,1422.75,327079
2021-05-28 09:56:27,1423.0,327224
2021-05-28 09:56:30,1423.4,327260
2021-05-28 09:56:33,1423.0,327287
2021-05-28 09:56:36,1422.75,327340
2021-05-28 09:56:39,1422.75,327340
2021-05-28 09:56:42,1423.0,327358
2021-05-28 09:56:44,1422.5,327380
2021-05-28 09:56:47,1423.0,327435
2021-05-28 09:56:50,1422.65,327465
2021-05-28 09:56:52,1422.65,327471
2021-05-28 09:56:55,1423.0,327493
2021-05-28 09:56:58,1422.75,327528
2021-05-28 09:57:01,1422.75,327552
2021-05-28 09:57:04,1422.75,327584
2021-05-28 09:57:07,1422.75,327657
2021-05-28 09:57:09,1422.75,328307
2021-05-28 09:57:12,1422.5,328343
2021-05-28 09:57:15,1422.5,328875
2021-05-28 09:57:17,1423.0,328876
2021-05-28 09:57:20,1422.75,329007
2021-05-28 09:57:23,1422.75,329168
2021-05-28 09:57:25,1422.6,329196
2021-05-28 09:57:28,1422.55,329348
2021-05-28 09:57:30,1422.85,329486
2021-05-28 09:57:33,1422.9,329546
2021-05-28 09:57:36,1422.9,329924
2021-05-28 09:57:36,1422.5,329674
2021-05-28 09:57:37,1422.9,329924
2021-05-28 09:57:38,1422.9,329924
2021-05-28 09:57:40,1422.45,329999
2021-05-28 09:57:41,1422.6,330008
2021-05-28 09:57:42,1422.5,330010
2021-05-28 09:57:43,1422.5,330010
2021-05-28 09:57:44,1422.5,330074
2021-05-28 09:57:45,1422.9,330146
2021-05-28 09:57:46,1422.9,330146
2021-05-28 09:57:47,1422.9,330146
2021-05-28 09:57:48,1422.85,330196
2021-05-28 09:57:49,1422.85,330196
2021-05-28 09:57:50,1422.85,330196
2021-05-28 09:57:51,1422.85,330196
2021-05-28 09:57:52,1422.5,330206
2021-05-28 09:57:53,1422.5,330206
2021-05-28 09:57:54,1422.85,330226
2021-05-28 09:57:55,1422.85,330226
2021-05-28 09:57:56,1422.5,330228
2021-05-28 09:57:56,1422.5,330228
2021-05-28 09:57:57,1422.5,330232
2021-05-28 09:57:58,1422.5,330435
2021-05-28 09:57:59,1422.5,330435
2021-05-28 09:58:01,1422.85,330521
2021-05-28 09:58:02,1422.5,330530
2021-05-28 09:58:02,1422.5,330530
2021-05-28 09:58:03,1422.85,330538
2021-05-28 09:58:04,1422.5,330561
2021-05-28 09:58:05,1422.5,332355
2021-05-28 09:58:06,1422.3,332380
2021-05-28 09:58:08,1421.8,332386
2021-05-28 09:58:09,1421.8,332605
2021-05-28 09:58:10,1421.6,332620
2021-05-28 09:58:11,1421.6,332620
2021-05-28 09:58:12,1421.55,332709
2021-05-28 09:58:13,1421.5,332753
2021-05-28 09:58:14,1421.5,332756
2021-05-28 09:58:15,1421.45,332785
2021-05-28 09:58:16,1421.5,332868
2021-05-28 09:58:17,1422.3,332876
2021-05-28 09:58:18,1421.5,332886
2021-05-28 09:58:18,1421.5,332886
2021-05-28 09:58:19,1421.5,332902
2021-05-28 09:58:20,1421.5,332909
2021-05-28 09:58:21,1421.5,332911
2021-05-28 09:58:23,1421.55,332914
2021-05-28 09:58:24,1421.5,332941
2021-05-28 09:58:25,1421.5,332951
2021-05-28 09:58:26,1421.5,332951
2021-05-28 09:58:27,1421.35,332952
2021-05-28 09:58:27,1421.5,332999
2021-05-28 09:58:28,1422.2,333154
2021-05-28 09:58:30,1421.6,333174
2021-05-28 09:58:31,1421.55,333179
2021-05-28 09:58:31,1422.45,333274
2021-05-28 09:58:33,1421.8,333275
2021-05-28 09:58:34,1421.85,333295
2021-05-28 09:58:35,1421.85,333314
2021-05-28 09:58:36,1421.85,333314
2021-05-28 09:58:37,1422.65,333464
2021-05-28 09:58:39,1422.8,333465
2021-05-28 09:58:40,1421.9,333495
2021-05-28 09:58:40,1421.9,333495
2021-05-28 09:58:42,1422.75,333499
2021-05-28 09:58:42,1422.75,333499
2021-05-28 09:58:45,1422.1,333505
2021-05-28 09:58:44,1422.1,333505
2021-05-28 09:58:45,1422.1,333506
2021-05-28 09:58:46,1422.6,333556
2021-05-28 09:58:48,1422.15,333557
2021-05-28 09:58:48,1422.15,333557
2021-05-28 09:58:49,1422.15,333557
2021-05-28 09:58:50,1422.6,333560
2021-05-28 09:58:52,1422.5,333590
2021-05-28 09:58:53,1422.5,333590
2021-05-28 09:58:54,1422.5,333591
2021-05-28 09:58:55,1422.5,333591
2021-05-28 09:58:56,1422.5,333597
2021-05-28 09:58:57,1422.6,333598
2021-05-28 09:58:58,1422.6,333603
2021-05-28 09:58:58,1422.6,333603
2021-05-28 09:59:00,1422.6,333608
2021-05-28 09:59:01,1422.85,333641
2021-05-28 09:59:02,1422.85,333641
2021-05-28 09:59:04,1422.85,333641
2021-05-28 09:59:05,1422.5,333648
2021-05-28 09:59:06,1422.5,333658
2021-05-28 09:59:07,1422.85,333683
2021-05-28 09:59:07,1423.0,333833
2021-05-28 09:59:09,1422.6,333939
2021-05-28 09:59:10,1422.6,333939
2021-05-28 09:59:11,1422.6,333940
2021-05-28 09:59:12,1422.6,333962
2021-05-28 09:59:13,1422.6,333962
2021-05-28 09:59:14,1422.6,333962
2021-05-28 09:59:15,1422.6,333962
2021-05-28 09:59:16,1423.0,334085
2021-05-28 09:59:18,1423.0,334085
2021-05-28 09:59:19,1423.0,334086
2021-05-28 09:59:19,1423.2,334111
2021-05-28 09:59:20,1423.65,334217
2021-05-28 09:59:21,1423.2,334219
2021-05-28 09:59:22,1423.2,334219
2021-05-28 09:59:23,1423.2,334219
2021-05-28 09:59:24,1423.2,334241
2021-05-28 09:59:25,1423.65,334247
2021-05-28 09:59:26,1423.65,334247
2021-05-28 09:59:28,1423.65,334247
2021-05-28 09:59:29,1423.2,334248
2021-05-28 09:59:30,1423.65,334258
2021-05-28 09:59:31,1423.65,334353
2021-05-28 09:59:32,1423.75,334357
2021-05-28 09:59:33,1423.75,334357
2021-05-28 09:59:34,1423.65,334372
2021-05-28 09:59:35,1423.75,334375
2021-05-28 09:59:36,1423.75,334375
2021-05-28 09:59:37,1423.75,334377
2021-05-28 09:59:38,1423.65,334378
2021-05-28 09:59:39,1423.65,334378
2021-05-28 09:59:39,1423.65,334378
2021-05-28 09:59:40,1423.65,334378
2021-05-28 09:59:41,1423.65,334379
2021-05-28 09:59:42,1423.65,334379
2021-05-28 09:59:45,1423.65,334380
2021-05-28 09:59:46,1423.65,334380
2021-05-28 09:59:47,1424.3,334455
2021-05-28 09:59:48,1423.85,334465
2021-05-28 09:59:49,1423.85,334465
2021-05-28 09:59:49,1423.85,334489
2021-05-28 09:59:51,1423.85,334504
2021-05-28 09:59:52,1423.85,334506
2021-05-28 09:59:53,1423.85,334514
2021-05-28 09:59:54,1423.85,334514
2021-05-28 09:59:55,1423.65,335467
2021-05-28 09:59:56,1423.65,335467
2021-05-28 09:59:57,1423.65,335469
2021-05-28 09:59:58,1423.65,335469
2021-05-28 09:59:59,1423.65,335659
2021-05-28 10:00:00,1424.0,335693
2021-05-28 10:00:01,1423.6,335728
2021-05-28 10:00:02,1423.65,335772
2021-05-28 10:00:03,1423.65,335793
2021-05-28 10:00:04,1423.65,335860
2021-05-28 10:00:05,1423.95,335877
2021-05-28 10:00:06,1423.65,335885
2021-05-28 10:00:07,1423.65,335890
2021-05-28 10:00:07,1424.05,335923
2021-05-28 10:00:08,1423.65,336128
2021-05-28 10:00:10,1423.65,336128
2021-05-28 10:00:10,1423.65,336128
2021-05-28 10:00:12,1423.95,336169
2021-05-28 10:00:13,1424.55,336173
2021-05-28 10:00:14,1424.55,336173
2021-05-28 10:00:14,1424.55,336173
2021-05-28 10:00:15,1423.95,336181
2021-05-28 10:00:17,1424.35,336282
2021-05-28 10:00:18,1424.35,336314
2021-05-28 10:00:19,1424.35,336314
2021-05-28 10:00:20,1424.35,336314
2021-05-28 10:00:21,1424.0,336332
2021-05-28 10:00:22,1424.0,336338
2021-05-28 10:00:24,1424.3,336358
2021-05-28 10:00:25,1424.1,336364
2021-05-28 10:00:26,1424.1,336364
2021-05-28 10:00:26,1424.1,336764
2021-05-28 10:00:27,1424.1,336768
2021-05-28 10:00:29,1424.3,336819
2021-05-28 10:00:30,1424.1,336859
2021-05-28 10:00:31,1424.1,336862
2021-05-28 10:00:31,1424.1,336862
2021-05-28 10:00:33,1424.6,337592
2021-05-28 10:00:34,1424.6,337592
2021-05-28 10:00:35,1424.6,337592
2021-05-28 10:00:36,1424.6,337592
2021-05-28 10:00:37,1424.1,337738
2021-05-28 10:00:38,1424.1,337739
2021-05-28 10:00:39,1424.3,337749
2021-05-28 10:00:39,1424.3,337749
2021-05-28 10:00:40,1424.1,337878
2021-05-28 10:00:42,1424.3,337884
2021-05-28 10:00:42,1424.3,337884
2021-05-28 10:00:43,1424.3,337884
2021-05-28 10:00:44,1424.15,337966
2021-05-28 10:00:45,1424.8,337987
2021-05-28 10:00:46,1424.9,337988
2021-05-28 10:00:47,1424.9,337992
2021-05-28 10:00:49,1424.75,337994
2021-05-28 10:00:49,1424.75,337994
2021-05-28 10:00:50,1424.95,338014
2021-05-28 10:00:52,1424.95,338025
2021-05-28 10:00:53,1424.95,338033
2021-05-28 10:00:54,1424.95,338033
2021-05-28 10:00:55,1424.95,338033
2021-05-28 10:00:56,1424.95,338033
2021-05-28 10:00:56,1425.0,338054
2021-05-28 10:00:57,1425.0,338054
2021-05-28 10:00:59,1424.85,338204
2021-05-28 10:01:00,1424.85,338204
2021-05-28 10:01:01,1424.85,338204
2021-05-28 10:01:02,1424.85,338204
2021-05-28 10:01:02,1424.85,338204
2021-05-28 10:01:03,1425.0,338274
2021-05-28 10:01:04,1425.0,338284
2021-05-28 10:01:05,1425.0,338284
2021-05-28 10:01:06,1425.0,338284
2021-05-28 10:01:08,1425.0,338284
2021-05-28 10:01:09,1425.0,338284
2021-05-28 10:01:10,1425.0,338352
2021-05-28 10:01:11,1425.0,338455
2021-05-28 10:01:12,1425.05,338702
2021-05-28 10:01:13,1425.75,339054
2021-05-28 10:01:14,1425.75,339054
2021-05-28 10:01:15,1425.05,339055
2021-05-28 10:01:16,1425.75,339085
2021-05-28 10:01:16,1425.75,339090
2021-05-28 10:01:17,1425.75,339109
2021-05-28 10:01:18,1425.75,339115
2021-05-28 10:01:20,1425.75,339115
2021-05-28 10:01:20,1425.75,339115
2021-05-28 10:01:21,1425.75,339115
2021-05-28 10:01:22,1425.75,339115
2021-05-28 10:01:23,1425.75,339122
2021-05-28 10:01:24,1425.8,339302
2021-05-28 10:01:26,1425.8,339303
2021-05-28 10:01:27,1425.8,339303
2021-05-28 10:01:28,1425.8,339303
2021-05-28 10:01:29,1425.8,339408
2021-05-28 10:01:30,1426.0,339468
2021-05-28 10:01:31,1426.0,339468
2021-05-28 10:01:32,1425.8,339943
2021-05-28 10:01:33,1425.8,339943
2021-05-28 10:01:34,1425.8,340075
2021-05-28 10:01:35,1425.8,340275
2021-05-28 10:01:36,1425.8,340275
2021-05-28 10:01:37,1425.8,340375
2021-05-28 10:01:38,1425.75,341646
2021-05-28 10:01:39,1425.75,341646
2021-05-28 10:01:40,1425.75,341646
2021-05-28 10:01:41,1425.75,341646
2021-05-28 10:01:42,1425.75,341746
2021-05-28 10:01:43,1426.0,341846
2021-05-28 10:01:44,1426.0,341846
2021-05-28 10:01:45,1426.0,341846
2021-05-28 10:01:46,1426.0,341946
2021-05-28 10:01:47,1426.0,341948
2021-05-28 10:01:48,1426.0,341948
2021-05-28 10:01:49,1426.0,341948
2021-05-28 10:01:49,1426.0,341948
2021-05-28 10:01:50,1425.9,341949
2021-05-28 10:01:51,1425.9,341970
2021-05-28 10:01:52,1425.9,341970
2021-05-28 10:01:54,1425.9,342030
2021-05-28 10:01:55,1425.9,342030
2021-05-28 10:01:56,1425.8,342130
2021-05-28 10:01:57,1425.8,342130
2021-05-28 10:01:58,1426.0,342273
2021-05-28 10:01:59,1426.0,342273
2021-05-28 10:02:00,1426.0,342273
2021-05-28 10:02:01,1426.0,342273
2021-05-28 10:02:02,1426.0,342273
2021-05-28 10:02:03,1426.0,342273
2021-05-28 10:02:04,1426.0,342273
2021-05-28 10:02:05,1426.0,342273
2021-05-28 10:02:06,1425.75,342748
2021-05-28 10:02:06,1425.9,342948
2021-05-28 10:02:08,1425.9,342948
2021-05-28 10:02:09,1426.0,342973
2021-05-28 10:02:12,1426.0,342973
2021-05-28 10:02:13,1426.0,342973
2021-05-28 10:02:14,1425.9,343324
2021-05-28 10:02:16,1425.9,343324
2021-05-28 10:02:18,1425.85,343524
2021-05-28 10:02:19,1426.0,343533
2021-05-28 10:02:20,1426.0,343633
2021-05-28 10:02:21,1426.0,343658
2021-05-28 10:02:22,1426.0,343659
2021-05-28 10:02:23,1426.0,343666
2021-05-28 10:02:24,1426.0,343666
2021-05-28 10:02:25,1426.0,343666
2021-05-28 10:02:26,1426.4,343773
2021-05-28 10:02:27,1426.4,343773
2021-05-28 10:02:28,1425.9,343798
2021-05-28 10:02:29,1425.9,343798
2021-05-28 10:02:30,1425.9,343798
2021-05-28 10:02:31,1426.95,343805
2021-05-28 10:02:31,1426.95,343805
2021-05-28 10:02:32,1426.95,343810
2021-05-28 10:02:33,1426.95,343810
2021-05-28 10:02:34,1426.95,343857
2021-05-28 10:02:35,1426.95,343877
2021-05-28 10:02:39,1427.0,343998
2021-05-28 10:02:41,1427.0,343998
2021-05-28 10:02:44,1427.35,344699
2021-05-28 10:02:46,1427.35,344699
2021-05-28 10:02:48,1427.65,345456
2021-05-28 10:02:51,1427.7,345567
2021-05-28 10:02:53,1427.0,345569
2021-05-28 10:02:56,1427.4,345774
2021-05-28 10:02:59,1427.5,345809
2021-05-28 10:03:01,1427.5,345957
2021-05-28 10:03:04,1427.5,345967
2021-05-28 10:03:07,1427.5,345971
2021-05-28 10:03:09,1427.5,345971
2021-05-28 10:03:12,1427.0,345982
2021-05-28 10:03:15,1427.5,346007
2021-05-28 10:03:18,1427.45,346032
2021-05-28 10:03:20,1427.45,346032
2021-05-28 10:03:22,1427.1,346143
2021-05-28 10:03:25,1427.45,346163
2021-05-28 10:03:28,1427.4,346296
2021-05-28 10:03:30,1427.4,346376
2021-05-28 10:03:33,1427.4,346376
2021-05-28 10:03:35,1427.4,346376
2021-05-28 10:03:38,1427.45,346627
2021-05-28 10:03:41,1427.45,346627
2021-05-28 10:03:43,1427.15,347116
2021-05-28 10:03:46,1427.45,347136
2021-05-28 10:03:48,1427.45,347137
2021-05-28 10:03:50,1427.15,347139
2021-05-28 10:03:53,1427.5,347162
2021-05-28 10:03:55,1427.45,347257
2021-05-28 10:03:58,1427.15,347258
2021-05-28 10:04:01,1427.0,348329
2021-05-28 10:04:03,1427.0,348329
2021-05-28 10:04:06,1427.35,348338
2021-05-28 10:04:08,1427.35,348338
2021-05-28 10:04:11,1427.35,348338
2021-05-28 10:04:13,1427.35,348338
2021-05-28 10:04:16,1426.95,348399
2021-05-28 10:04:18,1426.95,348528
2021-05-28 10:04:21,1427.0,348538
2021-05-28 10:04:23,1426.95,348588
2021-05-28 10:04:26,1426.95,348588
2021-05-28 10:04:28,1426.95,348588
2021-05-28 10:04:31,1427.0,348589
2021-05-28 10:04:36,1427.0,348692
2021-05-28 10:04:39,1427.0,348792
2021-05-28 10:04:42,1427.4,349796
2021-05-28 10:04:44,1427.4,349796
2021-05-28 10:04:46,1427.0,349806
2021-05-28 10:04:49,1427.0,349963
2021-05-28 10:04:51,1427.0,349963
2021-05-28 10:04:54,1427.0,349968
2021-05-28 10:04:57,1427.0,349968
2021-05-28 10:04:59,1427.0,350016
2021-05-28 10:05:02,1426.95,350017
2021-05-28 10:05:05,1426.95,350099
2021-05-28 10:05:08,1426.95,350179
2021-05-28 10:05:10,1427.0,350180
2021-05-28 10:05:13,1426.95,350204
2021-05-28 10:05:15,1427.0,350224
2021-05-28 10:05:18,1427.0,350224
2021-05-28 10:05:20,1426.95,350235
2021-05-28 10:05:23,1426.9,350264
2021-05-28 10:05:26,1427.0,350314
2021-05-28 10:05:29,1427.0,350315
2021-05-28 10:05:31,1427.0,350315
2021-05-28 10:05:34,1427.0,350315
2021-05-28 10:05:37,1427.0,350315
2021-05-28 10:05:40,1426.75,350675
2021-05-28 10:05:43,1426.95,350677
2021-05-28 10:05:45,1426.7,350700
2021-05-28 10:05:48,1427.0,350810
2021-05-28 10:05:51,1426.7,350834
2021-05-28 10:05:53,1426.7,350834
2021-05-28 10:05:56,1426.9,350860
2021-05-28 10:05:59,1426.9,350890
2021-05-28 10:06:01,1427.0,350997
2021-05-28 10:06:04,1426.55,351006
2021-05-28 10:06:07,1426.55,351006
2021-05-28 10:06:10,1426.55,351019
2021-05-28 10:06:13,1426.55,351019
2021-05-28 10:06:16,1426.55,351019
2021-05-28 10:06:19,1427.0,351269
2021-05-28 10:06:21,1426.55,351308
2021-05-28 10:06:24,1426.55,351335
2021-05-28 10:06:27,1426.55,351365
2021-05-28 10:06:30,1426.55,351365
2021-05-28 10:06:32,1426.55,351365
2021-05-28 10:06:35,1426.55,351420
2021-05-28 10:06:37,1426.55,351420
2021-05-28 10:06:40,1427.1,351770
2021-05-28 10:06:43,1427.25,351774
2021-05-28 10:06:45,1427.25,351779
2021-05-28 10:06:48,1427.25,351779
2021-05-28 10:06:50,1427.4,351889
2021-05-28 10:06:53,1426.65,351894
2021-05-28 10:06:55,1427.3,351915
2021-05-28 10:06:58,1426.55,351929
2021-05-28 10:07:00,1426.6,351954
2021-05-28 10:07:03,1427.3,352054
2021-05-28 10:07:06,1427.25,352179
2021-05-28 10:07:08,1427.25,352179
2021-05-28 10:07:11,1427.25,352179
2021-05-28 10:07:13,1427.0,352192
2021-05-28 10:07:16,1427.0,352192
2021-05-28 10:07:18,1427.0,352192
2021-05-28 10:07:21,1427.0,352192
2021-05-28 10:07:24,1427.4,352317
2021-05-28 10:07:26,1427.4,352317
2021-05-28 10:07:29,1427.0,352321
2021-05-28 10:07:31,1427.0,352334
2021-05-28 10:07:33,1427.0,352334
2021-05-28 10:07:35,1427.0,352809
2021-05-28 10:07:38,1427.35,352834
2021-05-28 10:07:40,1427.3,352935
2021-05-28 10:07:43,1427.3,352935
2021-05-28 10:07:46,1427.15,352940
2021-05-28 10:07:48,1427.0,352985
2021-05-28 10:07:51,1427.4,353216
2021-05-28 10:07:53,1427.5,353488
2021-05-28 10:07:56,1427.5,353488
2021-05-28 10:07:59,1427.0,353492
2021-05-28 10:08:01,1427.0,353492
2021-05-28 10:08:07,1427.05,353534
2021-05-28 10:08:09,1427.05,353534
2021-05-28 10:08:12,1427.05,353608
2021-05-28 10:08:14,1427.05,353729
2021-05-28 10:08:19,1427.05,353729
2021-05-28 10:08:22,1427.05,353729
2021-05-28 10:08:24,1429.5,355802
2021-05-28 10:08:27,1429.65,355807
2021-05-28 10:08:30,1429.65,355847
2021-05-28 10:08:32,1429.65,355934
2021-05-28 10:08:34,1429.65,355984
2021-05-28 10:08:37,1429.65,355984
2021-05-28 10:08:39,1429.0,356023
2021-05-28 10:08:42,1429.45,356035
2021-05-28 10:08:45,1429.45,356498
2021-05-28 10:08:47,1429.8,356653
2021-05-28 10:08:49,1429.85,357066
2021-05-28 10:08:52,1429.65,357695
2021-05-28 10:08:54,1429.9,357894
2021-05-28 10:08:56,1430.0,358178
2021-05-28 10:08:59,1430.45,359681
2021-05-28 10:09:02,1431.05,360011
2021-05-28 10:09:04,1431.25,360480
2021-05-28 10:09:07,1431.25,360509
2021-05-28 10:09:09,1430.5,360613
2021-05-28 10:09:11,1431.5,361084
2021-05-28 10:09:14,1431.0,361298
2021-05-28 10:09:16,1430.55,361897
2021-05-28 10:09:18,1430.8,362196
2021-05-28 10:09:21,1430.55,362350
2021-05-28 10:09:23,1430.55,362411
2021-05-28 10:09:26,1430.6,362560
2021-05-28 10:09:29,1430.8,362572
2021-05-28 10:09:31,1430.6,362612
2021-05-28 10:09:34,1430.6,362614
2021-05-28 10:09:36,1430.6,362738
2021-05-28 10:09:39,1430.8,362877
2021-05-28 10:09:42,1430.65,363022
2021-05-28 10:09:45,1430.8,363180
2021-05-28 10:09:47,1430.6,363291
2021-05-28 10:09:50,1430.8,363432
2021-05-28 10:09:52,1430.6,363458
2021-05-28 10:09:55,1431.45,364230
2021-05-28 10:09:57,1431.05,364443
2021-05-28 10:09:59,1431.7,364481
2021-05-28 10:10:02,1431.75,364663
2021-05-28 10:10:05,1431.75,364663
2021-05-28 10:10:07,1431.85,364857
2021-05-28 10:10:10,1431.9,364958
2021-05-28 10:10:13,1431.75,365000
2021-05-28 10:10:16,1431.8,365273
2021-05-28 10:10:19,1431.85,365373
2021-05-28 10:10:21,1431.25,365394
2021-05-28 10:10:24,1431.1,366141
2021-05-28 10:10:26,1431.5,366379
2021-05-28 10:10:29,1430.9,366571
2021-05-28 10:10:31,1431.05,366855
2021-05-28 10:10:34,1431.0,367049
2021-05-28 10:10:36,1430.95,367140
2021-05-28 10:10:39,1431.1,367392
2021-05-28 10:10:42,1430.35,367501
2021-05-28 10:10:44,1430.95,367557
2021-05-28 10:10:47,1430.95,367580
2021-05-28 10:10:49,1430.2,367704
2021-05-28 10:10:52,1430.2,367708
2021-05-28 10:10:54,1430.2,367741
2021-05-28 10:10:57,1430.2,367758
2021-05-28 10:10:59,1430.75,368081
2021-05-28 10:11:02,1430.0,368231
2021-05-28 10:11:05,1429.85,368688
2021-05-28 10:11:08,1429.95,369221
2021-05-28 10:11:10,1429.95,369221
2021-05-28 10:11:12,1429.25,369431
2021-05-28 10:11:15,1430.0,369940
2021-05-28 10:11:18,1429.05,370218
2021-05-28 10:11:20,1429.05,370389
2021-05-28 10:11:23,1429.1,370579
2021-05-28 10:11:26,1429.95,370629
2021-05-28 10:11:28,1429.15,370641
2021-05-28 10:11:31,1429.15,370703
2021-05-28 10:11:33,1429.15,370703
2021-05-28 10:11:36,1429.95,370713
2021-05-28 10:11:38,1429.2,370717
2021-05-28 10:11:41,1429.9,370718
2021-05-28 10:11:44,1429.9,370718
2021-05-28 10:11:46,1429.3,370804
2021-05-28 10:11:49,1429.3,370804
2021-05-28 10:11:51,1429.3,370804
2021-05-28 10:11:54,1429.85,370839
2021-05-28 10:11:56,1429.85,370839
2021-05-28 10:11:59,1429.85,370839
2021-05-28 10:12:02,1429.3,370864
2021-05-28 10:12:05,1429.5,370879
2021-05-28 10:12:07,1429.5,370879
2021-05-28 10:12:10,1429.5,370879
2021-05-28 10:12:13,1429.5,370950
2021-05-28 10:12:15,1429.5,370950
2021-05-28 10:12:18,1429.5,370950
2021-05-28 10:12:20,1429.5,370952
2021-05-28 10:12:23,1429.5,370952
2021-05-28 10:12:26,1429.8,370992
2021-05-28 10:12:29,1429.5,371116
2021-05-28 10:12:31,1429.5,371116
2021-05-28 10:12:34,1429.8,371142
2021-05-28 10:12:36,1429.8,371142
2021-05-28 10:12:37,1429.85,371355
2021-05-28 10:12:38,1429.6,371376
2021-05-28 10:12:39,1429.6,371376
2021-05-28 10:12:40,1429.6,371376
2021-05-28 10:12:41,1429.6,371376
2021-05-28 10:12:42,1429.6,371376
2021-05-28 10:12:43,1429.6,371376
2021-05-28 10:12:44,1429.6,371376
2021-05-28 10:12:45,1429.6,371376
2021-05-28 10:12:46,1429.6,371376
2021-05-28 10:12:47,1429.6,371376
2021-05-28 10:12:48,1429.6,371476
2021-05-28 10:12:49,1429.6,371476
2021-05-28 10:12:50,1429.9,371526
2021-05-28 10:12:51,1429.9,371526
2021-05-28 10:12:52,1429.9,371526
2021-05-28 10:12:53,1430.0,371773
2021-05-28 10:12:54,1430.0,371773
2021-05-28 10:12:55,1430.0,371773
2021-05-28 10:12:57,1430.0,371873
2021-05-28 10:12:57,1430.0,371873
2021-05-28 10:12:58,1430.0,371880
2021-05-28 10:12:59,1430.0,371880
2021-05-28 10:13:00,1429.6,372080
2021-05-28 10:13:02,1430.0,372251
2021-05-28 10:13:03,1429.8,372271
2021-05-28 10:13:04,1429.8,372271
2021-05-28 10:13:05,1430.25,372666
2021-05-28 10:13:05,1430.3,372681
2021-05-28 10:13:06,1430.3,372681
2021-05-28 10:13:07,1430.3,372681
2021-05-28 10:13:08,1430.25,372767
2021-05-28 10:13:10,1430.15,372840
2021-05-28 10:13:10,1430.15,372840
2021-05-28 10:13:11,1430.15,372840
2021-05-28 10:13:13,1430.15,372864
2021-05-28 10:13:14,1430.15,372864
2021-05-28 10:13:15,1430.15,372864
2021-05-28 10:13:16,1430.2,372869
2021-05-28 10:13:17,1430.2,372869
2021-05-28 10:13:18,1430.85,372870
2021-05-28 10:13:19,1430.15,372970
2021-05-28 10:13:20,1430.2,372971
2021-05-28 10:13:21,1430.2,372971
2021-05-28 10:13:22,1430.05,372991
2021-05-28 10:13:23,1430.05,372991
2021-05-28 10:13:24,1429.9,372997
2021-05-28 10:13:25,1429.9,372997
2021-05-28 10:13:26,1429.9,372997
2021-05-28 10:13:27,1429.9,372997
2021-05-28 10:13:28,1430.45,373012
2021-05-28 10:13:29,1429.9,373062
2021-05-28 10:13:30,1429.9,373062
2021-05-28 10:13:31,1429.9,373063
2021-05-28 10:13:31,1430.45,373111
2021-05-28 10:13:32,1430.6,373161
2021-05-28 10:13:33,1430.6,373161
2021-05-28 10:13:34,1430.8,373661
2021-05-28 10:13:35,1430.8,373661
2021-05-28 10:13:37,1430.75,373674
2021-05-28 10:13:38,1430.0,373704
2021-05-28 10:13:39,1430.0,373704
2021-05-28 10:13:40,1430.0,373709
2021-05-28 10:13:41,1430.0,373709
2021-05-28 10:13:42,1430.0,373709
2021-05-28 10:13:43,1430.0,373709
2021-05-28 10:13:44,1430.0,373709
2021-05-28 10:13:45,1430.0,373709
2021-05-28 10:13:46,1430.0,373709
2021-05-28 10:13:47,1430.0,373709
2021-05-28 10:13:48,1429.9,373719
2021-05-28 10:13:48,1429.9,373719
2021-05-28 10:13:49,1429.9,373719
2021-05-28 10:13:51,1429.9,373719
2021-05-28 10:13:52,1429.5,374253
2021-05-28 10:13:53,1429.5,374253
2021-05-28 10:13:54,1429.5,374253
2021-05-28 10:13:55,1429.5,374253
2021-05-28 10:13:56,1429.9,374303
2021-05-28 10:13:56,1429.5,374308
2021-05-28 10:13:57,1429.5,374372
2021-05-28 10:13:58,1429.5,374372
2021-05-28 10:14:01,1429.5,374408
2021-05-28 10:14:02,1429.5,374408
2021-05-28 10:14:03,1429.5,374408
2021-05-28 10:14:04,1429.5,374408
2021-05-28 10:14:05,1429.5,374455
2021-05-28 10:14:06,1429.5,374455
2021-05-28 10:14:07,1429.5,374460
2021-05-28 10:14:08,1429.5,374460
2021-05-28 10:14:09,1429.5,374460
2021-05-28 10:14:10,1429.0,375508
2021-05-28 10:14:11,1428.5,375518
2021-05-28 10:14:12,1428.5,375518
2021-05-28 10:14:13,1428.5,375518
2021-05-28 10:14:14,1428.5,375518
2021-05-28 10:14:15,1428.5,375518
2021-05-28 10:14:16,1428.5,375518
2021-05-28 10:14:17,1428.5,375518
2021-05-28 10:14:17,1428.5,375518
2021-05-28 10:14:19,1428.6,375531
2021-05-28 10:14:20,1428.6,375531
2021-05-28 10:14:21,1428.6,375531
2021-05-28 10:14:22,1429.0,375551
2021-05-28 10:14:24,1429.0,375562
2021-05-28 10:14:25,1429.0,375562
2021-05-28 10:14:26,1429.0,375562
2021-05-28 10:14:27,1429.0,375562
2021-05-28 10:14:28,1429.0,375562
2021-05-28 10:14:29,1429.0,375663
2021-05-28 10:14:32,1429.0,375663
2021-05-28 10:14:31,1429.0,375663
2021-05-28 10:14:33,1429.0,375663
2021-05-28 10:14:35,1429.0,375663
2021-05-28 10:14:36,1429.0,375679
2021-05-28 10:14:37,1429.0,375679
2021-05-28 10:14:38,1429.0,375679
2021-05-28 10:14:39,1428.5,375789
2021-05-28 10:14:40,1428.5,375789
2021-05-28 10:14:41,1428.5,375789
2021-05-28 10:14:42,1428.5,375789
2021-05-28 10:14:42,1428.5,375789
2021-05-28 10:14:43,1428.5,375789
2021-05-28 10:14:44,1429.3,375819
2021-05-28 10:14:45,1429.3,375819
2021-05-28 10:14:46,1428.7,375824
2021-05-28 10:14:47,1428.7,375824
2021-05-28 10:14:49,1429.55,375834
2021-05-28 10:14:50,1429.55,375834
2021-05-28 10:14:52,1428.7,375840
2021-05-28 10:14:51,1428.7,375840
2021-05-28 10:14:53,1428.7,375840
2021-05-28 10:14:54,1428.7,375840
2021-05-28 10:14:55,1428.7,375840
2021-05-28 10:14:56,1428.7,375840
2021-05-28 10:14:57,1428.7,375840
2021-05-28 10:14:58,1428.5,375845
2021-05-28 10:14:59,1428.5,375845
2021-05-28 10:15:00,1429.0,375849
2021-05-28 10:15:01,1429.0,375849
2021-05-28 10:15:02,1429.0,375849
2021-05-28 10:15:03,1429.0,375849
2021-05-28 10:15:04,1429.0,375849
2021-05-28 10:15:05,1429.0,375849
2021-05-28 10:15:06,1429.0,375849
2021-05-28 10:15:07,1428.5,375859
2021-05-28 10:15:08,1428.5,375859
2021-05-28 10:15:09,1428.5,375859
2021-05-28 10:15:10,1428.5,375859
2021-05-28 10:15:11,1428.5,375859
2021-05-28 10:15:12,1428.5,375859
2021-05-28 10:15:13,1428.5,375859
2021-05-28 10:15:14,1428.5,375859
2021-05-28 10:15:15,1428.5,375859
2021-05-28 10:15:16,1428.5,375859
2021-05-28 10:15:17,1428.5,375864
2021-05-28 10:15:18,1428.5,375864
2021-05-28 10:15:19,1429.0,375865
2021-05-28 10:15:20,1429.0,375916
2021-05-28 10:15:21,1429.0,375916
2021-05-28 10:15:22,1429.0,375916
2021-05-28 10:15:23,1429.0,375916
2021-05-28 10:15:24,1429.0,375916
2021-05-28 10:15:25,1429.0,375916
2021-05-28 10:15:26,1429.0,375916
2021-05-28 10:15:27,1429.0,375916
2021-05-28 10:15:28,1429.0,375916
2021-05-28 10:15:29,1429.0,375916
2021-05-28 10:15:30,1429.0,375916
2021-05-28 10:15:31,1429.0,375916
2021-05-28 10:15:32,1429.0,375916
2021-05-28 10:15:33,1429.0,375916
2021-05-28 10:15:34,1429.0,375941
2021-05-28 10:15:35,1429.0,375941
2021-05-28 10:15:36,1429.0,375941
2021-05-28 10:15:37,1429.0,375941
2021-05-28 10:15:39,1429.0,375941
2021-05-28 10:15:41,1429.0,375941
2021-05-28 10:15:43,1429.0,375941
2021-05-28 10:15:44,1429.0,375961
2021-05-28 10:15:47,1429.0,375961
2021-05-28 10:15:48,1429.0,375961
2021-05-28 10:15:49,1429.0,375971
2021-05-28 10:15:50,1429.0,375971
2021-05-28 10:15:52,1429.0,375971
2021-05-28 10:15:53,1429.0,375971
2021-05-28 10:15:54,1429.0,375971
2021-05-28 10:15:55,1429.0,375971
2021-05-28 10:15:56,1429.0,375971
2021-05-28 10:15:57,1429.0,375971
2021-05-28 10:15:58,1429.0,375971
2021-05-28 10:15:59,1429.0,375971
2021-05-28 10:16:00,1429.0,375971
2021-05-28 10:16:01,1429.0,375971
2021-05-28 10:16:02,1429.0,375971
2021-05-28 10:16:04,1429.0,375971
2021-05-28 10:16:05,1429.0,375971
2021-05-28 10:16:07,1429.0,375971
2021-05-28 10:16:06,1429.0,375971
2021-05-28 10:16:08,1428.6,376031
2021-05-28 10:16:09,1428.6,376031
2021-05-28 10:16:10,1428.6,376031
2021-05-28 10:16:11,1428.6,376031
2021-05-28 10:16:12,1428.6,376031
2021-05-28 10:16:14,1428.6,376031
2021-05-28 10:16:15,1429.0,376037
2021-05-28 10:16:16,1429.0,376044
2021-05-28 10:16:17,1429.0,376044
2021-05-28 10:16:18,1429.0,376044
2021-05-28 10:16:19,1428.6,376045
2021-05-28 10:16:20,1428.6,376045
2021-05-28 10:16:21,1428.95,376079
2021-05-28 10:16:22,1429.0,376102
2021-05-28 10:16:23,1429.0,376102
2021-05-28 10:16:24,1429.0,376102
2021-05-28 10:16:25,1428.6,376103
2021-05-28 10:16:26,1428.6,376113
2021-05-28 10:16:27,1428.6,376119
2021-05-28 10:16:28,1428.6,376119
2021-05-28 10:16:31,1428.6,376119
2021-05-28 10:16:30,1428.6,376119
2021-05-28 10:16:32,1429.0,376162
2021-05-28 10:16:33,1429.0,376169
2021-05-28 10:16:34,1429.0,376169
2021-05-28 10:16:35,1429.0,376169
2021-05-28 10:16:36,1428.6,376170
2021-05-28 10:16:37,1428.6,376170
2021-05-28 10:16:38,1428.6,376170
2021-05-28 10:16:39,1428.6,376195
2021-05-28 10:16:40,1428.6,376195
2021-05-28 10:16:41,1428.6,376195
2021-05-28 10:16:42,1428.6,376195
2021-05-28 10:16:43,1429.0,376201
2021-05-28 10:16:44,1429.0,376208
2021-05-28 10:16:45,1429.0,376220
2021-05-28 10:16:46,1428.6,376229
2021-05-28 10:16:47,1428.6,376231
2021-05-28 10:16:48,1429.0,376234
2021-05-28 10:16:49,1429.0,376234
2021-05-28 10:16:52,1429.0,376234
2021-05-28 10:16:54,1429.0,376234
2021-05-28 10:16:53,1429.0,376234
2021-05-28 10:16:55,1429.0,376234
2021-05-28 10:16:56,1428.6,376284
2021-05-28 10:16:57,1428.6,376292
2021-05-28 10:16:58,1428.6,376334
2021-05-28 10:16:59,1428.6,376341
2021-05-28 10:17:00,1428.6,376342
2021-05-28 10:17:01,1428.6,376345
2021-05-28 10:17:02,1428.6,376345
2021-05-28 10:17:03,1428.6,376345
2021-05-28 10:17:05,1428.6,376374
2021-05-28 10:17:06,1428.6,376375
2021-05-28 10:17:07,1428.6,376375
2021-05-28 10:17:08,1429.25,376575
2021-05-28 10:17:09,1428.6,376605
2021-05-28 10:17:10,1428.6,376609
2021-05-28 10:17:11,1429.15,376611
2021-05-28 10:17:12,1429.15,376611
2021-05-28 10:17:13,1429.15,376611
2021-05-28 10:17:14,1429.15,376611
2021-05-28 10:17:15,1429.25,376661
2021-05-28 10:17:16,1428.6,376669
2021-05-28 10:17:17,1428.6,376670
2021-05-28 10:17:18,1428.6,376670
2021-05-28 10:17:19,1428.6,376670
2021-05-28 10:17:20,1428.6,376670
2021-05-28 10:17:21,1428.6,376670
2021-05-28 10:17:22,1428.6,376670
2021-05-28 10:17:23,1428.6,376670
2021-05-28 10:17:24,1428.6,376675
2021-05-28 10:17:25,1428.6,376676
2021-05-28 10:17:26,1428.6,376676
2021-05-28 10:17:27,1428.6,376676
2021-05-28 10:17:28,1428.6,376676
2021-05-28 10:17:29,1429.3,376732
2021-05-28 10:17:30,1428.6,376740
2021-05-28 10:17:31,1428.6,376742
2021-05-28 10:17:32,1428.6,376742
2021-05-28 10:17:33,1428.6,376742
2021-05-28 10:17:34,1428.6,376742
2021-05-28 10:17:35,1428.6,376742
2021-05-28 10:17:36,1428.6,376742
2021-05-28 10:17:37,1428.65,376842
2021-05-28 10:17:40,1429.25,376863
2021-05-28 10:17:43,1428.65,376896
2021-05-28 10:17:45,1428.65,376944
2021-05-28 10:17:48,1428.6,376951
2021-05-28 10:17:51,1428.6,376952
2021-05-28 10:17:54,1428.6,377009
2021-05-28 10:17:56,1428.6,377034
2021-05-28 10:17:59,1429.0,377088
2021-05-28 10:18:02,1428.6,377096
2021-05-28 10:18:04,1428.6,377097
2021-05-28 10:18:07,1428.6,377099
2021-05-28 10:18:10,1428.6,377099
2021-05-28 10:18:12,1428.6,377099
2021-05-28 10:18:15,1428.55,377276
2021-05-28 10:18:18,1428.6,377374
2021-05-28 10:18:20,1428.5,377389
2021-05-28 10:18:23,1428.6,377391
2021-05-28 10:18:25,1428.6,377391
2021-05-28 10:18:28,1428.6,377414
2021-05-28 10:18:31,1428.6,377417
2021-05-28 10:18:36,1428.9,377972
2021-05-28 10:18:39,1429.2,378419
2021-05-28 10:18:41,1428.75,378486
2021-05-28 10:18:44,1428.75,378496
2021-05-28 10:18:47,1428.7,378518
2021-05-28 10:18:50,1428.6,378544
