timestamp,ltp,volume
2021-05-28 09:15:12,2523.9,33515
2021-05-28 09:15:13,2523.9,34357
2021-05-28 09:15:14,2523.9,34753
2021-05-28 09:15:15,2523.9,35104
2021-05-28 09:15:16,2525.95,37878
2021-05-28 09:15:17,2526.6,41217
2021-05-28 09:15:18,2525.05,43257
2021-05-28 09:15:19,2526.65,43771
2021-05-28 09:15:20,2527.7,45058
2021-05-28 09:15:21,2528.75,46591
2021-05-28 09:15:22,2528.85,48889
2021-05-28 09:15:23,2529.9,51895
2021-05-28 09:15:24,2531.9,52657
2021-05-28 09:15:25,2531.95,53536
2021-05-28 09:15:26,2532.6,54233
2021-05-28 09:15:27,2533.45,55126
2021-05-28 09:15:28,2532.65,56199
2021-05-28 09:15:29,2532.55,57627
2021-05-28 09:15:30,2532.6,60827
2021-05-28 09:15:31,2533.85,61581
2021-05-28 09:15:32,2533.85,64766
2021-05-28 09:15:33,2534.0,65887
2021-05-28 09:15:34,2535.5,67826
2021-05-28 09:15:35,2535.0,68605
2021-05-28 09:15:36,2535.55,71461
2021-05-28 09:15:37,2535.65,73875
2021-05-28 09:15:38,2535.65,75677
2021-05-28 09:15:39,2534.85,77691
2021-05-28 09:15:40,2535.6,80767
2021-05-28 09:15:41,2535.65,81431
2021-05-28 09:15:42,2535.45,82675
2021-05-28 09:15:43,2534.85,83268
2021-05-28 09:15:44,2534.0,84031
2021-05-28 09:15:45,2533.95,84691
2021-05-28 09:15:46,2533.9,85733
2021-05-28 09:15:47,2533.85,97082
2021-05-28 09:15:48,2533.35,102460
2021-05-28 09:15:49,2535.0,103175
2021-05-28 09:15:50,2536.55,106135
2021-05-28 09:15:51,2535.05,108510
2021-05-28 09:15:52,2535.1,109921
2021-05-28 09:15:53,2534.9,111087
2021-05-28 09:15:54,2536.8,112871
2021-05-28 09:15:55,2534.95,114747
2021-05-28 09:15:56,2536.8,115874
2021-05-28 09:15:57,2536.8,117901
2021-05-28 09:15:58,2536.45,119266
2021-05-28 09:15:59,2536.45,119966
2021-05-28 09:15:59,2536.55,120129
2021-05-28 09:16:00,2536.7,121396
2021-05-28 09:16:01,2535.45,123913
2021-05-28 09:16:02,2533.1,125503
2021-05-28 09:16:03,2533.1,125834
2021-05-28 09:16:05,2534.05,126713
2021-05-28 09:16:06,2533.0,127545
2021-05-28 09:16:07,2531.75,127958
2021-05-28 09:16:08,2531.3,128451
2021-05-28 09:16:09,2532.25,129517
2021-05-28 09:16:10,2530.05,130045
2021-05-28 09:16:11,2531.75,130526
2021-05-28 09:16:12,2531.4,131262
2021-05-28 09:16:13,2528.0,132006
2021-05-28 09:16:14,2530.0,132318
2021-05-28 09:16:15,2529.6,132865
2021-05-28 09:16:16,2529.1,133347
2021-05-28 09:16:17,2529.1,133822
2021-05-28 09:16:18,2529.3,133930
2021-05-28 09:16:19,2526.65,135141
2021-05-28 09:16:20,2527.0,135681
2021-05-28 09:16:21,2526.2,136746
2021-05-28 09:16:23,2526.2,137372
2021-05-28 09:16:23,2526.2,137876
2021-05-28 09:16:24,2526.2,138514
2021-05-28 09:16:25,2525.0,142947
2021-05-28 09:16:26,2526.2,144259
2021-05-28 09:16:27,2526.2,145483
2021-05-28 09:16:29,2525.25,146558
2021-05-28 09:16:30,2526.55,149419
2021-05-28 09:16:31,2526.1,151062
2021-05-28 09:16:32,2526.55,151951
2021-05-28 09:16:33,2527.0,154779
2021-05-28 09:16:35,2528.35,155942
2021-05-28 09:16:36,2527.75,157049
2021-05-28 09:16:37,2528.0,157400
2021-05-28 09:16:38,2527.75,157443
2021-05-28 09:16:39,2527.9,157585
2021-05-28 09:16:40,2527.75,157638
2021-05-28 09:16:41,2528.0,160924
2021-05-28 09:16:42,2528.1,161192
2021-05-28 09:16:42,2529.3,161175
2021-05-28 09:16:43,2528.8,161907
2021-05-28 09:16:44,2531.3,162920
2021-05-28 09:16:45,2531.0,163028
2021-05-28 09:16:46,2529.45,164871
2021-05-28 09:16:47,2531.2,164971
2021-05-28 09:16:48,2531.0,165514
2021-05-28 09:16:49,2530.9,165663
2021-05-28 09:16:50,2530.9,165753
2021-05-28 09:16:52,2531.0,171240
2021-05-28 09:16:53,2531.5,171545
2021-05-28 09:16:54,2530.75,175940
2021-05-28 09:16:55,2532.15,176229
2021-05-28 09:16:57,2533.35,179053
2021-05-28 09:16:58,2532.15,179687
2021-05-28 09:16:59,2532.45,179889
2021-05-28 09:17:00,2533.0,180338
2021-05-28 09:17:01,2532.2,180783
2021-05-28 09:17:02,2532.2,180783
2021-05-28 09:17:03,2533.0,182373
2021-05-28 09:17:04,2534.0,183553
2021-05-28 09:17:05,2534.0,186378
2021-05-28 09:17:06,2533.6,186645
2021-05-28 09:17:07,2534.65,187060
2021-05-28 09:17:08,2534.65,187998
2021-05-28 09:17:09,2534.8,189007
2021-05-28 09:17:10,2535.9,189173
2021-05-28 09:17:11,2535.9,189173
2021-05-28 09:17:12,2534.8,189381
2021-05-28 09:17:13,2536.0,189513
2021-05-28 09:17:14,2535.0,191067
2021-05-28 09:17:15,2536.0,191675
2021-05-28 09:17:16,2536.2,191851
2021-05-28 09:17:17,2538.0,193401
2021-05-28 09:17:18,2538.3,193796
2021-05-28 09:17:19,2536.2,195372
2021-05-28 09:17:20,2538.55,195916
2021-05-28 09:17:21,2537.45,196203
2021-05-28 09:17:22,2538.4,196397
2021-05-28 09:17:23,2538.75,197111
2021-05-28 09:17:24,2538.0,197789
2021-05-28 09:17:25,2539.0,198259
2021-05-28 09:17:28,2537.85,199291
2021-05-28 09:17:29,2537.1,200665
2021-05-28 09:17:30,2537.85,201935
2021-05-28 09:17:32,2537.8,203573
2021-05-28 09:17:33,2537.8,203813
2021-05-28 09:17:34,2537.85,204679
2021-05-28 09:17:35,2538.0,204814
2021-05-28 09:17:36,2537.65,204844
2021-05-28 09:17:37,2535.9,207806
2021-05-28 09:17:38,2535.95,208468
2021-05-28 09:17:38,2535.95,208468
2021-05-28 09:17:39,2536.9,208777
2021-05-28 09:17:40,2537.0,209002
2021-05-28 09:17:41,2537.0,209306
2021-05-28 09:17:42,2537.0,209332
2021-05-28 09:17:43,2535.85,209602
2021-05-28 09:17:44,2535.85,209635
2021-05-28 09:17:45,2535.75,210755
2021-05-28 09:17:47,2535.75,210763
2021-05-28 09:17:48,2535.9,211607
2021-05-28 09:17:49,2535.8,211621
2021-05-28 09:17:50,2535.9,211646
2021-05-28 09:17:51,2535.65,214044
2021-05-28 09:17:52,2535.0,215045
2021-05-28 09:17:53,2535.75,215143
2021-05-28 09:17:54,2535.8,215194
2021-05-28 09:17:55,2535.05,215539
2021-05-28 09:17:56,2535.05,215616
2021-05-28 09:17:57,2534.85,216168
2021-05-28 09:17:58,2534.95,216296
2021-05-28 09:17:59,2534.0,216473
2021-05-28 09:18:00,2534.85,216715
2021-05-28 09:18:01,2534.0,217007
2021-05-28 09:18:02,2534.95,219881
2021-05-28 09:18:03,2534.85,220673
2021-05-28 09:18:04,2533.55,222001
2021-05-28 09:18:05,2533.15,222363
2021-05-28 09:18:06,2532.15,222417
2021-05-28 09:18:07,2533.15,222462
2021-05-28 09:18:08,2531.75,223072
2021-05-28 09:18:09,2532.3,223310
2021-05-28 09:18:10,2533.1,224422
2021-05-28 09:18:11,2532.3,224588
2021-05-28 09:18:12,2532.3,224779
2021-05-28 09:18:13,2532.8,224800
2021-05-28 09:18:14,2532.3,225040
2021-05-28 09:18:15,2531.2,225131
2021-05-28 09:18:16,2532.55,225188
2021-05-28 09:18:17,2531.7,225351
2021-05-28 09:18:18,2531.0,225452
2021-05-28 09:18:19,2530.0,225789
2021-05-28 09:18:19,2530.0,225789
2021-05-28 09:18:20,2531.25,226408
2021-05-28 09:18:21,2531.0,226490
2021-05-28 09:18:23,2530.9,226539
2021-05-28 09:18:24,2530.9,226679
2021-05-28 09:18:25,2531.2,228009
2021-05-28 09:18:26,2531.2,228407
2021-05-28 09:18:27,2531.0,228953
2021-05-28 09:18:27,2531.0,228953
2021-05-28 09:18:29,2531.2,228957
2021-05-28 09:18:31,2531.2,229114
2021-05-28 09:18:33,2531.2,229171
2021-05-28 09:18:34,2531.05,229252
2021-05-28 09:18:36,2531.1,229474
2021-05-28 09:18:38,2532.9,231763
2021-05-28 09:18:39,2532.9,232664
2021-05-28 09:18:40,2532.05,232960
2021-05-28 09:18:41,2534.65,233467
2021-05-28 09:18:42,2535.0,234167
2021-05-28 09:18:43,2533.8,234168
2021-05-28 09:18:44,2534.35,234394
2021-05-28 09:18:45,2535.0,236469
2021-05-28 09:18:46,2536.0,237042
2021-05-28 09:18:47,2536.0,237137
2021-05-28 09:18:48,2536.1,237241
2021-05-28 09:18:49,2536.1,237254
2021-05-28 09:18:50,2536.1,237254
2021-05-28 09:18:51,2536.0,237476
2021-05-28 09:18:52,2536.0,237503
2021-05-28 09:18:53,2535.65,237562
2021-05-28 09:18:54,2535.95,237911
2021-05-28 09:18:55,2535.8,237980
2021-05-28 09:18:56,2535.35,238122
2021-05-28 09:18:56,2535.35,238152
2021-05-28 09:18:57,2534.55,238734
2021-05-28 09:18:59,2535.65,239501
2021-05-28 09:19:02,2534.45,241971
2021-05-28 09:19:03,2535.65,242130
2021-05-28 09:19:04,2534.75,242141
2021-05-28 09:19:05,2534.75,242182
2021-05-28 09:19:06,2535.5,243161
2021-05-28 09:19:07,2535.0,243532
2021-05-28 09:19:08,2534.85,243639
2021-05-28 09:19:09,2534.95,243861
2021-05-28 09:19:10,2534.85,244136
2021-05-28 09:19:11,2534.85,244153
2021-05-28 09:19:12,2532.2,248123
2021-05-28 09:19:13,2534.85,248872
2021-05-28 09:19:14,2534.35,248877
2021-05-28 09:19:15,2534.85,249475
2021-05-28 09:19:16,2534.85,249719
2021-05-28 09:19:17,2534.8,249733
2021-05-28 09:19:18,2534.8,249963
2021-05-28 09:19:19,2534.4,249983
2021-05-28 09:19:20,2534.8,250064
2021-05-28 09:19:21,2533.75,251044
2021-05-28 09:19:22,2533.75,251044
2021-05-28 09:19:23,2533.8,251514
2021-05-28 09:19:24,2534.75,251558
2021-05-28 09:19:25,2534.4,251663
2021-05-28 09:19:26,2534.6,253202
2021-05-28 09:19:27,2535.3,253542
2021-05-28 09:19:28,2535.65,254100
2021-05-28 09:19:29,2535.3,254163
2021-05-28 09:19:30,2535.3,254296
2021-05-28 09:19:31,2535.3,254578
2021-05-28 09:19:32,2535.3,254616
2021-05-28 09:19:33,2535.05,254641
2021-05-28 09:19:34,2534.7,254841
2021-05-28 09:19:35,2534.7,255021
2021-05-28 09:19:36,2533.7,255060
2021-05-28 09:19:37,2533.7,255060
2021-05-28 09:19:38,2534.6,255692
2021-05-28 09:19:39,2532.9,255822
2021-05-28 09:19:40,2532.85,256225
2021-05-28 09:19:41,2532.85,257601
2021-05-28 09:19:42,2532.85,258041
2021-05-28 09:19:43,2533.4,258063
2021-05-28 09:19:44,2533.4,258117
2021-05-28 09:19:45,2532.85,258970
2021-05-28 09:19:46,2533.0,259853
2021-05-28 09:19:47,2532.85,260066
2021-05-28 09:19:48,2533.0,260179
2021-05-28 09:19:49,2533.0,260198
2021-05-28 09:19:50,2531.95,260248
2021-05-28 09:19:51,2533.9,263673
2021-05-28 09:19:52,2532.2,264392
2021-05-28 09:19:53,2531.7,264489
2021-05-28 09:19:54,2531.7,264489
2021-05-28 09:19:55,2530.9,265187
2021-05-28 09:19:56,2532.2,265262
2021-05-28 09:19:57,2532.2,265731
2021-05-28 09:19:58,2531.7,265752
2021-05-28 09:19:59,2531.7,265810
2021-05-28 09:20:00,2533.0,266490
2021-05-28 09:20:01,2534.6,267308
2021-05-28 09:20:02,2533.75,267437
2021-05-28 09:20:03,2534.0,268028
2021-05-28 09:20:04,2533.75,268214
2021-05-28 09:20:05,2533.75,268214
2021-05-28 09:20:06,2534.0,268697
2021-05-28 09:20:07,2533.85,268701
2021-05-28 09:20:08,2534.0,268941
2021-05-28 09:20:09,2534.0,268960
2021-05-28 09:20:10,2534.9,269352
2021-05-28 09:20:11,2534.9,269375
2021-05-28 09:20:12,2534.1,269535
2021-05-28 09:20:13,2535.0,269551
2021-05-28 09:20:14,2535.0,269551
2021-05-28 09:20:15,2535.0,270004
2021-05-28 09:20:16,2534.3,270556
2021-05-28 09:20:17,2537.45,273003
2021-05-28 09:20:18,2538.0,273816
2021-05-28 09:20:19,2538.75,276754
2021-05-28 09:20:20,2538.9,277210
2021-05-28 09:20:21,2538.95,277513
2021-05-28 09:20:22,2539.0,277886
2021-05-28 09:20:23,2539.0,277985
2021-05-28 09:20:24,2539.0,279044
2021-05-28 09:20:25,2538.75,279519
2021-05-28 09:20:26,2538.75,279540
2021-05-28 09:20:27,2538.8,280122
2021-05-28 09:20:28,2537.55,280137
2021-05-28 09:20:29,2538.6,280147
2021-05-28 09:20:30,2538.85,280467
2021-05-28 09:20:31,2537.6,280839
2021-05-28 09:20:32,2538.85,280947
2021-05-28 09:20:33,2538.85,281089
2021-05-28 09:20:34,2538.85,281371
2021-05-28 09:20:35,2538.85,281576
2021-05-28 09:20:36,2539.45,282183
2021-05-28 09:20:38,2539.0,282272
2021-05-28 09:20:37,2539.0,282272
2021-05-28 09:20:39,2538.95,283008
2021-05-28 09:20:40,2539.0,283377
2021-05-28 09:20:42,2539.8,283646
2021-05-28 09:20:43,2539.0,283709
2021-05-28 09:20:44,2539.95,283980
2021-05-28 09:20:45,2539.8,284100
2021-05-28 09:20:46,2539.05,284645
2021-05-28 09:20:47,2540.0,284829
2021-05-28 09:20:48,2539.9,284992
2021-05-28 09:20:49,2541.1,289293
2021-05-28 09:20:50,2542.35,290022
2021-05-28 09:20:51,2542.7,290354
2021-05-28 09:20:52,2543.2,291544
2021-05-28 09:20:53,2542.75,291770
2021-05-28 09:20:54,2541.95,292482
2021-05-28 09:20:55,2542.75,293730
2021-05-28 09:20:56,2542.1,293924
2021-05-28 09:20:57,2542.15,294267
2021-05-28 09:20:58,2543.3,294479
2021-05-28 09:20:59,2543.3,294479
2021-05-28 09:21:00,2542.3,294670
2021-05-28 09:21:01,2542.35,295013
2021-05-28 09:21:02,2542.35,295231
2021-05-28 09:21:03,2542.4,296115
2021-05-28 09:21:04,2542.35,296853
2021-05-28 09:21:06,2543.85,297224
2021-05-28 09:21:07,2542.95,297299
2021-05-28 09:21:08,2543.85,297506
2021-05-28 09:21:09,2543.8,297629
2021-05-28 09:21:10,2543.8,298184
2021-05-28 09:21:11,2543.3,298748
2021-05-28 09:21:12,2542.4,302261
2021-05-28 09:21:13,2542.9,302536
2021-05-28 09:21:14,2542.6,302541
2021-05-28 09:21:15,2542.0,303170
2021-05-28 09:21:16,2542.05,303589
2021-05-28 09:21:17,2542.6,303901
2021-05-28 09:21:18,2543.0,304139
2021-05-28 09:21:20,2541.7,304204
2021-05-28 09:21:19,2541.7,304204
2021-05-28 09:21:21,2541.55,304590
2021-05-28 09:21:22,2540.45,305884
2021-05-28 09:21:23,2540.25,306189
2021-05-28 09:21:24,2541.55,306525
2021-05-28 09:21:25,2541.85,306753
2021-05-28 09:21:26,2540.75,306794
2021-05-28 09:21:27,2540.2,307011
2021-05-28 09:21:28,2540.25,307616
2021-05-28 09:21:29,2541.55,307817
2021-05-28 09:21:30,2540.0,309749
2021-05-28 09:21:31,2539.05,310199
2021-05-28 09:21:32,2540.0,310419
2021-05-28 09:21:33,2540.55,310489
2021-05-28 09:21:34,2540.2,310718
2021-05-28 09:21:35,2539.1,310759
2021-05-28 09:21:36,2540.0,310760
2021-05-28 09:21:37,2539.95,310772
2021-05-28 09:21:38,2539.15,310839
2021-05-28 09:21:39,2539.15,310839
2021-05-28 09:21:40,2539.9,310948
2021-05-28 09:21:41,2539.9,310948
2021-05-28 09:21:42,2539.95,311236
2021-05-28 09:21:43,2539.55,311278
2021-05-28 09:21:44,2539.4,311346
2021-05-28 09:21:45,2539.1,311357
2021-05-28 09:21:46,2539.1,311674
2021-05-28 09:21:47,2539.0,311675
2021-05-28 09:21:48,2539.0,311760
2021-05-28 09:21:49,2538.65,311811
2021-05-28 09:21:50,2538.65,311811
2021-05-28 09:21:51,2538.65,311811
2021-05-28 09:21:52,2538.6,311872
2021-05-28 09:21:53,2538.65,311875
2021-05-28 09:21:54,2539.0,312225
2021-05-28 09:21:55,2539.0,312699
2021-05-28 09:21:56,2538.4,312817
2021-05-28 09:21:57,2538.65,312942
2021-05-28 09:21:58,2538.65,312992
2021-05-28 09:21:59,2538.35,313532
2021-05-28 09:22:00,2538.55,316055
2021-05-28 09:22:01,2539.55,316161
2021-05-28 09:22:02,2539.45,316657
2021-05-28 09:22:03,2540.0,316743
2021-05-28 09:22:04,2541.4,317270
2021-05-28 09:22:05,2539.7,318040
2021-05-28 09:22:06,2539.65,318089
2021-05-28 09:22:07,2540.2,318352
2021-05-28 09:22:08,2539.65,318507
2021-05-28 09:22:09,2539.25,318692
2021-05-28 09:22:10,2539.25,320382
2021-05-28 09:22:11,2539.25,320639
2021-05-28 09:22:12,2540.2,320909
2021-05-28 09:22:13,2539.25,320933
2021-05-28 09:22:14,2539.65,320942
2021-05-28 09:22:15,2538.55,321122
2021-05-28 09:22:16,2538.3,321367
2021-05-28 09:22:17,2538.4,321489
2021-05-28 09:22:18,2538.7,321613
2021-05-28 09:22:19,2538.55,321824
2021-05-28 09:22:20,2538.55,321836
2021-05-28 09:22:21,2538.05,322054
2021-05-28 09:22:22,2539.55,322098
2021-05-28 09:22:23,2538.55,322138
2021-05-28 09:22:24,2538.75,322435
2021-05-28 09:22:26,2540.2,323026
2021-05-28 09:22:25,2540.2,323026
2021-05-28 09:22:27,2540.2,323472
2021-05-28 09:22:28,2539.7,323574
2021-05-28 09:22:29,2538.75,323989
2021-05-28 09:22:30,2539.7,324013
2021-05-28 09:22:31,2540.0,324095
2021-05-28 09:22:32,2540.0,324195
2021-05-28 09:22:33,2539.7,325240
2021-05-28 09:22:34,2539.7,325268
2021-05-28 09:22:35,2539.9,326542
2021-05-28 09:22:36,2540.95,326559
2021-05-28 09:22:37,2539.95,327152
2021-05-28 09:22:38,2541.0,327280
2021-05-28 09:22:39,2540.7,327750
2021-05-28 09:22:43,2542.0,328568
2021-05-28 09:22:44,2541.0,328658
2021-05-28 09:22:45,2541.9,328659
2021-05-28 09:22:46,2541.9,328680
2021-05-28 09:22:47,2540.95,328730
2021-05-28 09:22:48,2541.9,328790
2021-05-28 09:22:49,2541.85,328813
2021-05-28 09:22:50,2541.75,329207
2021-05-28 09:22:51,2542.0,329566
2021-05-28 09:22:52,2542.0,330126
2021-05-28 09:22:53,2542.0,330170
2021-05-28 09:22:54,2541.9,330188
2021-05-28 09:22:55,2541.95,330251
2021-05-28 09:22:56,2541.95,330283
2021-05-28 09:22:57,2542.0,330344
2021-05-28 09:22:58,2542.0,330483
2021-05-28 09:22:59,2542.0,330766
2021-05-28 09:23:00,2541.95,331786
2021-05-28 09:23:01,2541.95,331916
2021-05-28 09:23:02,2541.95,332050
2021-05-28 09:23:03,2540.2,332830
2021-05-28 09:23:04,2541.8,332843
2021-05-28 09:23:05,2540.65,333171
2021-05-28 09:23:06,2540.65,333171
2021-05-28 09:23:07,2540.65,333333
2021-05-28 09:23:08,2540.05,333441
2021-05-28 09:23:09,2540.6,333485
2021-05-28 09:23:11,2540.95,333726
2021-05-28 09:23:10,2540.05,333505
2021-05-28 09:23:12,2540.55,333727
2021-05-28 09:23:13,2540.55,333739
2021-05-28 09:23:14,2540.55,333789
2021-05-28 09:23:15,2540.1,333791
2021-05-28 09:23:16,2540.1,333938
2021-05-28 09:23:17,2539.2,338384
2021-05-28 09:23:18,2539.95,339210
2021-05-28 09:23:20,2539.2,339233
2021-05-28 09:23:21,2539.2,339325
2021-05-28 09:23:22,2539.2,339407
2021-05-28 09:23:23,2539.2,339476
2021-05-28 09:23:24,2539.2,339597
2021-05-28 09:23:25,2539.0,339607
2021-05-28 09:23:26,2538.2,339708
2021-05-28 09:23:27,2539.0,339738
2021-05-28 09:23:28,2538.2,339743
2021-05-28 09:23:30,2539.0,340052
2021-05-28 09:23:31,2537.8,340168
2021-05-28 09:23:32,2538.2,340191
2021-05-28 09:23:34,2538.0,340221
2021-05-28 09:23:35,2538.0,340256
2021-05-28 09:23:36,2537.45,340270
2021-05-28 09:23:37,2537.45,340334
2021-05-28 09:23:38,2537.35,340417
2021-05-28 09:23:39,2537.35,340437
2021-05-28 09:23:40,2537.35,340497
2021-05-28 09:23:41,2537.35,340497
2021-05-28 09:23:42,2537.25,340621
2021-05-28 09:23:43,2537.1,340633
2021-05-28 09:23:44,2536.3,340812
2021-05-28 09:23:45,2536.0,341146
2021-05-28 09:23:46,2535.35,341150
2021-05-28 09:23:47,2535.95,341201
2021-05-28 09:23:48,2535.9,341386
2021-05-28 09:23:49,2535.9,342351
2021-05-28 09:23:50,2535.9,342351
2021-05-28 09:23:51,2537.15,342354
2021-05-28 09:23:52,2537.15,342488
2021-05-28 09:23:53,2536.15,342539
2021-05-28 09:23:54,2536.15,342575
2021-05-28 09:23:55,2536.15,342678
2021-05-28 09:23:56,2537.15,342879
2021-05-28 09:23:57,2536.6,342956
2021-05-28 09:23:58,2536.6,342956
2021-05-28 09:23:59,2536.15,343465
2021-05-28 09:24:00,2536.15,343575
2021-05-28 09:24:01,2537.0,343610
2021-05-28 09:24:02,2536.0,343832
2021-05-28 09:24:03,2535.9,343930
2021-05-28 09:24:04,2535.9,344166
2021-05-28 09:24:05,2535.9,344183
2021-05-28 09:24:06,2535.9,344403
2021-05-28 09:24:07,2535.6,344426
2021-05-28 09:24:08,2535.6,344463
2021-05-28 09:24:09,2535.5,344757
2021-05-28 09:24:10,2535.5,344778
2021-05-28 09:24:11,2535.5,344778
2021-05-28 09:24:12,2535.5,344857
2021-05-28 09:24:13,2533.05,346867
2021-05-28 09:24:14,2534.65,347732
2021-05-28 09:24:15,2534.1,347879
2021-05-28 09:24:16,2534.6,347912
2021-05-28 09:24:17,2534.1,347920
2021-05-28 09:24:18,2534.45,347955
2021-05-28 09:24:19,2534.45,347955
2021-05-28 09:24:20,2534.1,348013
2021-05-28 09:24:21,2534.1,348095
2021-05-28 09:24:22,2534.3,348192
2021-05-28 09:24:23,2534.0,348272
2021-05-28 09:24:24,2534.0,348308
2021-05-28 09:24:25,2532.7,348318
2021-05-28 09:24:26,2532.7,348318
2021-05-28 09:24:27,2534.0,348476
2021-05-28 09:24:28,2534.25,348789
2021-05-28 09:24:29,2534.0,348805
2021-05-28 09:24:30,2533.9,348860
2021-05-28 09:24:31,2533.0,348861
2021-05-28 09:24:32,2533.9,348938
2021-05-28 09:24:33,2534.1,349221
2021-05-28 09:24:34,2534.25,349479
2021-05-28 09:24:35,2534.25,349479
2021-05-28 09:24:36,2534.6,349501
2021-05-28 09:24:37,2533.85,349752
2021-05-28 09:24:38,2533.85,349752
2021-05-28 09:24:39,2534.0,349794
2021-05-28 09:24:40,2534.0,349874
2021-05-28 09:24:41,2533.8,349954
2021-05-28 09:24:42,2534.0,350050
2021-05-28 09:24:43,2533.8,350373
2021-05-28 09:24:44,2534.0,350780
2021-05-28 09:24:45,2534.05,350910
2021-05-28 09:24:46,2534.05,350986
2021-05-28 09:24:47,2534.05,351262
2021-05-28 09:24:48,2534.05,351262
2021-05-28 09:24:49,2534.6,351289
2021-05-28 09:24:50,2534.6,351289
2021-05-28 09:24:51,2534.6,351289
2021-05-28 09:24:52,2534.5,351339
2021-05-28 09:24:53,2534.5,351356
2021-05-28 09:24:54,2534.5,351491
2021-05-28 09:24:55,2534.55,351766
2021-05-28 09:24:56,2534.55,351791
2021-05-28 09:24:57,2534.2,351835
2021-05-28 09:24:58,2534.3,352214
2021-05-28 09:24:59,2534.55,352222
2021-05-28 09:25:00,2534.6,352452
2021-05-28 09:25:01,2534.45,352545
2021-05-28 09:25:02,2534.55,352621
2021-05-28 09:25:03,2534.55,352642
2021-05-28 09:25:04,2534.5,352692
2021-05-28 09:25:05,2534.5,352959
2021-05-28 09:25:06,2534.5,352970
2021-05-28 09:25:07,2534.55,353005
2021-05-28 09:25:08,2534.5,353045
2021-05-28 09:25:09,2534.5,353055
2021-05-28 09:25:10,2534.55,353155
2021-05-28 09:25:11,2534.55,353162
2021-05-28 09:25:12,2534.55,353166
2021-05-28 09:25:13,2534.55,353166
2021-05-28 09:25:14,2534.55,353241
2021-05-28 09:25:15,2534.5,353306
2021-05-28 09:25:16,2534.5,353375
2021-05-28 09:25:17,2534.5,353466
2021-05-28 09:25:18,2534.55,353538
2021-05-28 09:25:19,2534.6,353741
2021-05-28 09:25:20,2534.6,353779
2021-05-28 09:25:21,2534.6,353814
2021-05-28 09:25:22,2535.0,353819
2021-05-28 09:25:23,2535.0,353819
2021-05-28 09:25:24,2534.6,353820
2021-05-28 09:25:25,2534.6,353820
2021-05-28 09:25:26,2534.95,353839
2021-05-28 09:25:27,2534.85,354307
2021-05-28 09:25:28,2535.0,354419
2021-05-28 09:25:29,2535.55,354530
2021-05-28 09:25:30,2535.25,354681
2021-05-28 09:25:31,2535.9,354937
2021-05-28 09:25:32,2535.9,354968
2021-05-28 09:25:33,2536.15,355100
2021-05-28 09:25:34,2535.9,355264
2021-05-28 09:25:35,2536.0,355293
2021-05-28 09:25:36,2535.05,355406
2021-05-28 09:25:37,2535.4,355427
2021-05-28 09:25:38,2535.4,355427
2021-05-28 09:25:39,2535.0,355606
2021-05-28 09:25:40,2535.05,355667
2021-05-28 09:25:41,2535.0,355882
2021-05-28 09:25:42,2535.0,355941
2021-05-28 09:25:43,2536.15,355972
2021-05-28 09:25:45,2536.15,355978
2021-05-28 09:25:46,2535.9,356080
2021-05-28 09:25:47,2536.0,356092
2021-05-28 09:25:48,2536.95,356235
2021-05-28 09:25:49,2536.4,356242
2021-05-28 09:25:50,2536.75,356243
2021-05-28 09:25:52,2536.95,356422
2021-05-28 09:25:53,2536.95,356422
2021-05-28 09:25:54,2536.7,356423
2021-05-28 09:25:55,2536.7,356437
2021-05-28 09:25:56,2537.3,356719
2021-05-28 09:25:57,2537.1,356720
2021-05-28 09:25:58,2536.85,356740
2021-05-28 09:25:59,2536.65,356870
2021-05-28 09:26:00,2536.65,356948
2021-05-28 09:26:01,2537.1,356985
2021-05-28 09:26:02,2537.25,357379
2021-05-28 09:26:03,2537.05,357426
2021-05-28 09:26:04,2537.1,357506
2021-05-28 09:26:05,2537.1,357622
2021-05-28 09:26:06,2537.2,357698
2021-05-28 09:26:07,2537.0,358326
2021-05-28 09:26:08,2537.1,358503
2021-05-28 09:26:09,2537.1,358514
2021-05-28 09:26:10,2537.1,358866
2021-05-28 09:26:11,2537.1,359064
2021-05-28 09:26:12,2537.1,359085
2021-05-28 09:26:13,2537.05,359087
2021-05-28 09:26:14,2537.1,359164
2021-05-28 09:26:15,2537.05,359382
2021-05-28 09:26:16,2537.05,359617
2021-05-28 09:26:17,2537.1,359758
2021-05-28 09:26:18,2537.05,359844
2021-05-28 09:26:19,2537.05,360008
2021-05-28 09:26:20,2537.0,360137
2021-05-28 09:26:21,2537.05,360321
2021-05-28 09:26:22,2537.05,360375
2021-05-28 09:26:23,2537.5,360868
2021-05-28 09:26:24,2537.25,361122
2021-05-28 09:26:25,2537.5,361263
2021-05-28 09:26:26,2537.35,361524
2021-05-28 09:26:27,2537.4,361565
2021-05-28 09:26:28,2537.2,361617
2021-05-28 09:26:29,2537.2,361847
2021-05-28 09:26:30,2537.35,361857
2021-05-28 09:26:31,2537.25,362002
2021-05-28 09:26:32,2537.25,362002
2021-05-28 09:26:33,2537.35,362121
2021-05-28 09:26:34,2537.2,362218
2021-05-28 09:26:35,2537.25,362234
2021-05-28 09:26:36,2537.15,362366
2021-05-28 09:26:37,2537.5,362436
2021-05-28 09:26:38,2537.2,362642
2021-05-28 09:26:39,2537.15,362907
2021-05-28 09:26:40,2537.15,363116
2021-05-28 09:26:41,2537.15,363126
2021-05-28 09:26:42,2537.15,363191
2021-05-28 09:26:43,2537.15,363359
2021-05-28 09:26:44,2537.15,363634
2021-05-28 09:26:45,2537.15,363713
2021-05-28 09:26:46,2537.5,364686
2021-05-28 09:26:47,2537.95,364794
2021-05-28 09:26:48,2537.85,364911
2021-05-28 09:26:49,2537.85,365286
2021-05-28 09:26:50,2537.85,365609
2021-05-28 09:26:51,2537.85,365803
2021-05-28 09:26:52,2537.55,365814
2021-05-28 09:26:53,2538.0,365988
2021-05-28 09:26:54,2537.55,366209
2021-05-28 09:26:55,2537.55,366449
2021-05-28 09:26:56,2537.55,366773
2021-05-28 09:26:57,2537.9,367027
2021-05-28 09:26:58,2537.9,367160
2021-05-28 09:26:59,2537.55,367390
2021-05-28 09:27:00,2537.55,367390
2021-05-28 09:27:01,2537.5,367391
2021-05-28 09:27:02,2538.35,368490
2021-05-28 09:27:03,2537.5,368599
2021-05-28 09:27:04,2537.5,368919
2021-05-28 09:27:05,2537.4,369050
2021-05-28 09:27:06,2537.4,369461
2021-05-28 09:27:07,2537.4,369913
2021-05-28 09:27:08,2537.55,370038
2021-05-28 09:27:09,2537.55,370623
2021-05-28 09:27:10,2537.55,370623
2021-05-28 09:27:11,2538.0,370633
2021-05-28 09:27:12,2537.55,370654
2021-05-28 09:27:13,2537.95,372229
2021-05-28 09:27:14,2537.95,372468
2021-05-28 09:27:15,2538.4,372658
2021-05-28 09:27:16,2538.4,372719
2021-05-28 09:27:17,2538.4,372800
2021-05-28 09:27:18,2537.95,373026
2021-05-28 09:27:19,2537.95,373190
2021-05-28 09:27:20,2537.95,373216
2021-05-28 09:27:21,2537.85,373512
2021-05-28 09:27:22,2537.85,373574
2021-05-28 09:27:23,2538.0,374059
2021-05-28 09:27:24,2537.85,374655
2021-05-28 09:27:25,2537.85,375202
2021-05-28 09:27:26,2537.7,375365
2021-05-28 09:27:27,2537.55,375408
2021-05-28 09:27:28,2537.55,375519
2021-05-28 09:27:29,2537.2,375783
2021-05-28 09:27:30,2537.15,375927
2021-05-28 09:27:31,2537.05,376003
2021-05-28 09:27:32,2537.15,376113
2021-05-28 09:27:33,2537.05,376128
2021-05-28 09:27:34,2537.0,376228
2021-05-28 09:27:35,2537.05,376233
2021-05-28 09:27:36,2537.05,376305
2021-05-28 09:27:37,2537.05,376324
2021-05-28 09:27:38,2537.0,376368
2021-05-28 09:27:39,2536.95,376445
2021-05-28 09:27:40,2536.95,376460
2021-05-28 09:27:41,2536.95,376533
2021-05-28 09:27:42,2537.0,376653
2021-05-28 09:27:43,2537.0,376653
2021-05-28 09:27:44,2536.9,376662
2021-05-28 09:27:45,2537.0,376776
2021-05-28 09:27:46,2536.25,376789
2021-05-28 09:27:47,2536.1,377043
2021-05-28 09:27:48,2536.25,377077
2021-05-28 09:27:49,2536.25,377149
2021-05-28 09:27:50,2537.0,377243
2021-05-28 09:27:51,2536.95,377280
2021-05-28 09:27:52,2536.15,377360
2021-05-28 09:27:53,2536.15,377360
2021-05-28 09:27:54,2536.95,377435
2021-05-28 09:27:55,2536.15,377488
2021-05-28 09:27:56,2536.15,377704
2021-05-28 09:27:57,2536.2,377771
2021-05-28 09:27:58,2536.2,377783
2021-05-28 09:27:59,2536.95,377835
2021-05-28 09:28:00,2536.2,377840
2021-05-28 09:28:01,2536.2,377867
2021-05-28 09:28:02,2536.5,378014
2021-05-28 09:28:03,2536.85,378249
2021-05-28 09:28:04,2536.85,378406
2021-05-28 09:28:05,2536.9,378666
2021-05-28 09:28:06,2536.95,378896
2021-05-28 09:28:07,2536.3,378897
2021-05-28 09:28:08,2536.3,378913
2021-05-28 09:28:09,2536.3,378913
2021-05-28 09:28:10,2536.8,378914
2021-05-28 09:28:11,2536.8,379029
2021-05-28 09:28:12,2536.7,379032
2021-05-28 09:28:13,2536.7,379091
2021-05-28 09:28:14,2536.7,379091
2021-05-28 09:28:15,2536.75,380290
2021-05-28 09:28:16,2536.95,380629
2021-05-28 09:28:17,2536.85,380631
2021-05-28 09:28:18,2536.95,380784
2021-05-28 09:28:19,2536.85,380895
2021-05-28 09:28:20,2536.9,380896
2021-05-28 09:28:22,2536.9,381199
2021-05-28 09:28:23,2536.9,381488
2021-05-28 09:28:24,2537.2,382681
2021-05-28 09:28:25,2537.45,382845
2021-05-28 09:28:26,2537.65,383120
2021-05-28 09:28:27,2538.4,383503
2021-05-28 09:28:28,2538.95,384058
2021-05-28 09:28:29,2538.15,384193
2021-05-28 09:28:30,2539.0,384589
2021-05-28 09:28:31,2539.0,384623
2021-05-28 09:28:32,2539.0,384696
2021-05-28 09:28:33,2539.0,384698
2021-05-28 09:28:34,2539.0,384867
2021-05-28 09:28:35,2538.85,384995
2021-05-28 09:28:36,2538.85,384995
2021-05-28 09:28:37,2538.85,384995
2021-05-28 09:28:38,2538.95,385055
2021-05-28 09:28:39,2538.95,385212
2021-05-28 09:28:40,2538.95,385214
2021-05-28 09:28:41,2538.9,385217
2021-05-28 09:28:42,2538.8,385764
2021-05-28 09:28:43,2538.95,385773
2021-05-28 09:28:44,2538.95,385790
2021-05-28 09:28:45,2538.95,385795
2021-05-28 09:28:46,2538.95,385854
2021-05-28 09:28:47,2538.9,385906
2021-05-28 09:28:48,2538.9,385927
2021-05-28 09:28:49,2538.9,386095
2021-05-28 09:28:50,2538.9,386134
2021-05-28 09:28:51,2538.85,386196
2021-05-28 09:28:52,2538.9,386227
2021-05-28 09:28:53,2538.85,386377
2021-05-28 09:28:54,2538.85,386377
2021-05-28 09:28:55,2538.9,386411
2021-05-28 09:28:56,2538.9,386411
2021-05-28 09:28:57,2538.9,386632
2021-05-28 09:28:58,2538.9,386632
2021-05-28 09:28:59,2539.0,386684
2021-05-28 09:29:00,2538.8,387593
2021-05-28 09:29:01,2538.9,387694
2021-05-28 09:29:03,2538.85,387696
2021-05-28 09:29:02,2538.85,387696
2021-05-28 09:29:04,2538.85,387770
2021-05-28 09:29:05,2538.85,388057
2021-05-28 09:29:06,2538.95,388536
2021-05-28 09:29:07,2538.85,388554
2021-05-28 09:29:08,2538.95,388655
2021-05-28 09:29:09,2538.9,388657
2021-05-28 09:29:10,2538.9,388657
2021-05-28 09:29:11,2538.9,388657
2021-05-28 09:29:12,2538.9,388728
2021-05-28 09:29:13,2538.9,388749
2021-05-28 09:29:14,2538.95,388760
2021-05-28 09:29:15,2538.95,388771
2021-05-28 09:29:16,2538.95,388920
2021-05-28 09:29:17,2538.95,389022
2021-05-28 09:29:18,2538.9,389052
2021-05-28 09:29:19,2538.95,389057
2021-05-28 09:29:20,2538.95,389058
2021-05-28 09:29:21,2538.95,389090
2021-05-28 09:29:22,2539.0,389831
2021-05-28 09:29:24,2539.45,390180
2021-05-28 09:29:25,2539.45,390360
2021-05-28 09:29:26,2539.7,390362
2021-05-28 09:29:27,2539.45,390499
2021-05-28 09:29:28,2539.95,390554
2021-05-28 09:29:29,2539.95,390711
2021-05-28 09:29:30,2539.95,390936
2021-05-28 09:29:31,2540.0,391026
2021-05-28 09:29:32,2541.0,393391
2021-05-28 09:29:33,2540.5,393834
2021-05-28 09:29:34,2540.5,393958
2021-05-28 09:29:35,2540.95,393978
2021-05-28 09:29:36,2540.5,394278
2021-05-28 09:29:37,2541.45,394362
2021-05-28 09:29:38,2541.2,394381
2021-05-28 09:29:39,2541.2,394381
2021-05-28 09:29:40,2540.5,394706
2021-05-28 09:29:41,2541.2,394851
2021-05-28 09:29:42,2541.45,394981
2021-05-28 09:29:43,2541.2,395116
2021-05-28 09:29:44,2541.0,395190
2021-05-28 09:29:45,2541.0,395252
2021-05-28 09:29:46,2541.0,395934
2021-05-28 09:29:47,2540.9,396106
2021-05-28 09:29:48,2541.0,396116
2021-05-28 09:29:49,2540.95,396128
2021-05-28 09:29:50,2540.95,396235
2021-05-28 09:29:51,2540.95,396291
2021-05-28 09:29:52,2540.8,396595
2021-05-28 09:29:54,2541.0,396953
2021-05-28 09:29:55,2541.0,397451
2021-05-28 09:29:56,2540.95,397561
2021-05-28 09:29:57,2540.95,397606
2021-05-28 09:29:58,2541.0,397706
2021-05-28 09:29:59,2540.95,397833
2021-05-28 09:30:00,2540.95,398033
2021-05-28 09:30:01,2541.2,398172
2021-05-28 09:30:02,2541.85,398353
2021-05-28 09:30:03,2541.85,398459
2021-05-28 09:30:04,2542.0,398758
2021-05-28 09:30:05,2542.25,400633
2021-05-28 09:30:07,2542.05,401303
2021-05-28 09:30:06,2542.5,400982
2021-05-28 09:30:08,2542.4,403493
2021-05-28 09:30:09,2542.75,404480
2021-05-28 09:30:10,2542.55,404756
2021-05-28 09:30:11,2542.7,404883
2021-05-28 09:30:12,2542.9,405117
2021-05-28 09:30:13,2542.55,405123
2021-05-28 09:30:14,2542.9,405279
2021-05-28 09:30:15,2542.0,406714
2021-05-28 09:30:16,2542.2,407369
2021-05-28 09:30:18,2542.0,407926
2021-05-28 09:30:19,2542.55,408126
2021-05-28 09:30:20,2542.8,408194
2021-05-28 09:30:21,2542.6,408251
2021-05-28 09:30:22,2542.6,408268
2021-05-28 09:30:23,2542.55,408314
2021-05-28 09:30:24,2542.0,409335
2021-05-28 09:30:25,2542.7,409729
2021-05-28 09:30:26,2542.6,409843
2021-05-28 09:30:27,2542.6,409998
2021-05-28 09:30:28,2542.05,411116
2021-05-28 09:30:29,2542.05,411344
2021-05-28 09:30:30,2541.0,411489
2021-05-28 09:30:31,2539.2,412314
2021-05-28 09:30:32,2539.15,412711
2021-05-28 09:30:33,2540.7,412799
2021-05-28 09:30:34,2540.7,412824
2021-05-28 09:30:35,2539.4,413181
2021-05-28 09:30:36,2540.65,413344
2021-05-28 09:30:37,2539.8,415736
2021-05-28 09:30:38,2538.05,416280
2021-05-28 09:30:39,2539.8,416539
2021-05-28 09:30:40,2539.8,416645
2021-05-28 09:30:41,2540.0,416654
2021-05-28 09:30:42,2539.8,416679
2021-05-28 09:30:43,2539.8,416739
2021-05-28 09:30:44,2540.0,416744
2021-05-28 09:30:45,2539.8,416761
2021-05-28 09:30:46,2539.8,416761
2021-05-28 09:30:47,2540.0,416771
2021-05-28 09:30:48,2540.0,416871
2021-05-28 09:30:50,2540.0,416871
2021-05-28 09:30:50,2540.0,416871
2021-05-28 09:30:53,2539.8,416979
2021-05-28 09:30:54,2539.05,417332
2021-05-28 09:30:55,2539.05,417338
2021-05-28 09:30:56,2538.75,417473
2021-05-28 09:30:57,2538.8,417519
2021-05-28 09:30:58,2539.9,417547
2021-05-28 09:31:00,2539.8,417562
2021-05-28 09:31:01,2539.9,417582
2021-05-28 09:31:02,2539.9,417582
2021-05-28 09:31:02,2538.8,417717
2021-05-28 09:31:03,2539.9,417783
2021-05-28 09:31:04,2539.05,418023
2021-05-28 09:31:05,2538.75,418084
2021-05-28 09:31:06,2538.9,418199
2021-05-28 09:31:07,2538.9,418203
2021-05-28 09:31:08,2539.05,421588
2021-05-28 09:31:09,2539.65,422202
2021-05-28 09:31:10,2539.5,422292
2021-05-28 09:31:12,2539.5,422297
2021-05-28 09:31:12,2538.9,422498
2021-05-28 09:31:13,2539.2,422511
2021-05-28 09:31:14,2540.15,422658
2021-05-28 09:31:15,2540.45,422661
2021-05-28 09:31:16,2539.4,422673
2021-05-28 09:31:17,2539.4,422673
2021-05-28 09:31:18,2539.9,422773
2021-05-28 09:31:20,2539.9,422863
2021-05-28 09:31:20,2539.9,422863
2021-05-28 09:31:21,2540.0,423114
2021-05-28 09:31:22,2541.5,423179
2021-05-28 09:31:23,2542.0,423314
2021-05-28 09:31:24,2540.6,423321
2021-05-28 09:31:25,2540.65,423326
2021-05-28 09:31:26,2540.65,423343
2021-05-28 09:31:28,2540.85,423427
2021-05-28 09:31:29,2540.65,423510
2021-05-28 09:31:29,2540.7,423470
2021-05-28 09:31:30,2541.75,423533
2021-05-28 09:31:31,2540.65,423553
2021-05-28 09:31:32,2541.8,423861
2021-05-28 09:31:33,2541.75,423916
2021-05-28 09:31:35,2540.7,424215
2021-05-28 09:31:36,2540.6,424270
2021-05-28 09:31:37,2540.7,424276
2021-05-28 09:31:38,2540.7,424276
2021-05-28 09:31:39,2541.4,424332
2021-05-28 09:31:40,2541.4,424332
2021-05-28 09:31:42,2540.65,424349
2021-05-28 09:31:42,2540.65,424371
2021-05-28 09:31:43,2541.4,424398
2021-05-28 09:31:45,2539.4,425588
2021-05-28 09:31:46,2539.1,426054
2021-05-28 09:31:48,2539.2,426776
2021-05-28 09:31:48,2538.15,426832
2021-05-28 09:31:49,2539.1,427027
2021-05-28 09:31:50,2539.85,427377
2021-05-28 09:31:51,2539.2,427378
2021-05-28 09:31:52,2539.2,427392
2021-05-28 09:31:53,2539.15,427413
2021-05-28 09:31:54,2539.2,427418
2021-05-28 09:31:55,2539.2,427443
2021-05-28 09:31:56,2539.2,427443
2021-05-28 09:31:58,2539.2,427472
2021-05-28 09:31:59,2539.15,427573
2021-05-28 09:32:00,2539.15,427573
2021-05-28 09:32:00,2539.2,427583
2021-05-28 09:32:01,2539.15,427633
2021-05-28 09:32:02,2539.15,427691
2021-05-28 09:32:03,2539.2,427706
2021-05-28 09:32:04,2539.2,427710
2021-05-28 09:32:05,2539.2,427725
2021-05-28 09:32:07,2539.05,429285
2021-05-28 09:32:07,2539.05,429551
2021-05-28 09:32:08,2539.2,429575
2021-05-28 09:32:09,2539.05,429596
2021-05-28 09:32:10,2539.2,429702
2021-05-28 09:32:11,2539.15,429723
2021-05-28 09:32:12,2539.15,429938
2021-05-28 09:32:14,2539.05,429978
2021-05-28 09:32:15,2539.15,430010
2021-05-28 09:32:16,2539.05,430085
2021-05-28 09:32:16,2539.05,430085
2021-05-28 09:32:17,2539.05,430122
2021-05-28 09:32:18,2539.15,430223
2021-05-28 09:32:19,2539.05,430398
2021-05-28 09:32:21,2538.5,431797
2021-05-28 09:32:21,2538.55,431895
2021-05-28 09:32:22,2538.15,432237
2021-05-28 09:32:23,2538.15,432280
2021-05-28 09:32:24,2538.15,432293
2021-05-28 09:32:25,2538.2,432299
2021-05-28 09:32:27,2538.15,432368
2021-05-28 09:32:27,2538.4,432375
2021-05-28 09:32:28,2538.15,432377
2021-05-28 09:32:29,2538.15,432388
2021-05-28 09:32:30,2538.1,432435
2021-05-28 09:32:31,2537.85,433343
2021-05-28 09:32:33,2537.5,433495
2021-05-28 09:32:33,2537.5,433495
2021-05-28 09:32:34,2536.95,433680
2021-05-28 09:32:36,2537.55,433699
2021-05-28 09:32:35,2536.8,433683
2021-05-28 09:32:37,2537.55,433699
2021-05-28 09:32:39,2537.55,433761
2021-05-28 09:32:38,2537.55,433700
2021-05-28 09:32:40,2537.0,433771
2021-05-28 09:32:41,2536.8,433774
2021-05-28 09:32:42,2537.0,433775
2021-05-28 09:32:43,2536.8,433790
2021-05-28 09:32:44,2536.4,433873
2021-05-28 09:32:45,2536.8,433893
2021-05-28 09:32:46,2536.8,433938
2021-05-28 09:32:47,2537.0,434110
2021-05-28 09:32:48,2536.8,434213
2021-05-28 09:32:49,2536.85,434337
2021-05-28 09:32:51,2536.85,434345
2021-05-28 09:32:52,2537.55,434445
2021-05-28 09:32:54,2537.55,434480
2021-05-28 09:32:54,2537.55,434480
2021-05-28 09:32:55,2537.0,434510
2021-05-28 09:32:56,2537.55,435060
2021-05-28 09:32:57,2537.0,435153
2021-05-28 09:32:58,2536.8,435581
2021-05-28 09:32:59,2537.0,435785
2021-05-28 09:33:00,2537.2,435835
2021-05-28 09:33:01,2537.2,435835
2021-05-28 09:33:02,2536.8,435852
2021-05-28 09:33:03,2536.15,435902
2021-05-28 09:33:04,2537.0,435911
2021-05-28 09:33:05,2536.4,435980
2021-05-28 09:33:06,2536.15,436051
2021-05-28 09:33:07,2536.05,436072
2021-05-28 09:33:08,2536.0,436723
2021-05-28 09:33:09,2536.0,436723
2021-05-28 09:33:10,2536.25,436735
2021-05-28 09:33:11,2535.15,436858
2021-05-28 09:33:12,2535.15,436951
2021-05-28 09:33:13,2535.0,437991
2021-05-28 09:33:14,2535.4,438253
2021-05-28 09:33:15,2534.5,438484
2021-05-28 09:33:16,2534.9,438517
2021-05-28 09:33:17,2534.5,438579
2021-05-28 09:33:18,2534.5,438579
2021-05-28 09:33:19,2534.9,438642
2021-05-28 09:33:20,2534.0,438926
2021-05-28 09:33:21,2534.6,438947
2021-05-28 09:33:23,2534.5,439094
2021-05-28 09:33:26,2534.5,439861
2021-05-28 09:33:27,2533.55,439867
2021-05-28 09:33:28,2533.45,440021
2021-05-28 09:33:29,2533.55,440173
2021-05-28 09:33:32,2531.5,441220
2021-05-28 09:33:33,2532.6,441354
2021-05-28 09:33:34,2531.25,441517
2021-05-28 09:33:35,2531.35,441566
2021-05-28 09:33:36,2532.4,442288
2021-05-28 09:33:37,2531.15,442522
2021-05-28 09:33:38,2531.15,442571
2021-05-28 09:33:39,2531.15,442624
2021-05-28 09:33:40,2532.1,442633
2021-05-28 09:33:41,2531.25,442758
2021-05-28 09:33:42,2531.15,442996
2021-05-28 09:33:43,2532.05,443056
2021-05-28 09:33:44,2531.15,443090
2021-05-28 09:33:45,2532.05,443123
2021-05-28 09:33:46,2531.15,443138
2021-05-28 09:33:47,2531.15,443144
2021-05-28 09:33:48,2531.5,443206
2021-05-28 09:33:49,2531.5,443240
2021-05-28 09:33:50,2531.5,443240
2021-05-28 09:33:51,2531.5,443756
2021-05-28 09:33:52,2531.5,443791
2021-05-28 09:33:54,2531.2,444353
2021-05-28 09:33:55,2531.2,444431
2021-05-28 09:33:56,2531.0,445059
2021-05-28 09:33:57,2531.2,445120
2021-05-28 09:33:58,2530.05,445399
2021-05-28 09:34:00,2531.15,446405
2021-05-28 09:34:01,2530.0,446474
2021-05-28 09:34:02,2531.05,446496
2021-05-28 09:34:03,2530.0,446571
2021-05-28 09:34:04,2530.0,446640
2021-05-28 09:34:05,2530.0,446716
2021-05-28 09:34:06,2530.0,446716
2021-05-28 09:34:07,2530.0,446831
2021-05-28 09:34:08,2530.0,446932
2021-05-28 09:34:09,2529.2,447075
2021-05-28 09:34:11,2529.0,447477
2021-05-28 09:34:12,2529.0,447691
2021-05-28 09:34:13,2528.9,447818
2021-05-28 09:34:15,2528.05,447862
2021-05-28 09:34:16,2528.75,448112
2021-05-28 09:34:17,2528.75,448131
2021-05-28 09:34:18,2528.75,448241
2021-05-28 09:34:19,2528.05,448251
2021-05-28 09:34:20,2528.05,448251
2021-05-28 09:34:21,2528.7,448253
2021-05-28 09:34:22,2528.7,448253
2021-05-28 09:34:23,2528.35,448278
2021-05-28 09:34:24,2528.1,448324
2021-05-28 09:34:25,2528.1,448474
2021-05-28 09:34:26,2528.1,448489
2021-05-28 09:34:27,2528.1,448489
2021-05-28 09:34:28,2528.1,448519
2021-05-28 09:34:29,2528.2,448694
2021-05-28 09:34:30,2528.1,448835
2021-05-28 09:34:31,2528.2,451207
2021-05-28 09:34:32,2528.0,451552
2021-05-28 09:34:33,2528.0,452305
2021-05-28 09:34:34,2528.0,452305
2021-05-28 09:34:35,2527.75,452479
2021-05-28 09:34:36,2527.0,454612
2021-05-28 09:34:37,2527.3,455422
2021-05-28 09:34:38,2527.0,458053
2021-05-28 09:34:39,2525.05,458427
2021-05-28 09:34:40,2525.35,458429
2021-05-28 09:34:41,2525.25,458493
2021-05-28 09:34:42,2526.4,458566
2021-05-28 09:34:43,2525.15,458722
2021-05-28 09:34:44,2526.0,458788
2021-05-28 09:34:45,2526.2,459105
2021-05-28 09:34:46,2527.25,459149
2021-05-28 09:34:47,2527.25,459199
2021-05-28 09:34:48,2526.5,459218
2021-05-28 09:34:49,2526.5,459419
2021-05-28 09:34:50,2526.95,459447
2021-05-28 09:34:51,2526.45,459502
2021-05-28 09:34:52,2526.45,459522
2021-05-28 09:34:53,2526.45,459522
2021-05-28 09:34:54,2526.4,459712
2021-05-28 09:34:55,2527.25,459816
2021-05-28 09:34:56,2527.25,460081
2021-05-28 09:34:57,2528.05,460143
2021-05-28 09:34:58,2527.0,460160
2021-05-28 09:34:59,2527.25,460217
2021-05-28 09:35:00,2526.8,460318
2021-05-28 09:35:01,2527.35,460383
2021-05-28 09:35:02,2527.95,460458
2021-05-28 09:35:03,2527.25,460563
2021-05-28 09:35:04,2527.95,460583
2021-05-28 09:35:05,2527.95,460683
2021-05-28 09:35:06,2527.95,460745
2021-05-28 09:35:07,2527.95,460766
2021-05-28 09:35:08,2527.3,460945
2021-05-28 09:35:09,2527.95,460957
2021-05-28 09:35:10,2527.95,460974
2021-05-28 09:35:12,2527.95,460998
2021-05-28 09:35:12,2527.95,460998
2021-05-28 09:35:13,2527.6,461144
2021-05-28 09:35:14,2527.95,461295
2021-05-28 09:35:15,2527.95,461298
2021-05-28 09:35:16,2527.95,461301
2021-05-28 09:35:17,2527.55,461302
2021-05-28 09:35:18,2527.55,461327
2021-05-28 09:35:19,2527.95,461471
2021-05-28 09:35:20,2527.65,461484
2021-05-28 09:35:21,2527.65,461484
2021-05-28 09:35:22,2527.95,461485
2021-05-28 09:35:23,2527.95,461485
2021-05-28 09:35:24,2527.65,461486
2021-05-28 09:35:25,2527.9,461561
2021-05-28 09:35:26,2527.9,461571
2021-05-28 09:35:27,2527.9,461867
2021-05-28 09:35:28,2527.9,461899
2021-05-28 09:35:29,2528.0,462275
2021-05-28 09:35:30,2527.65,462296
2021-05-28 09:35:31,2527.65,462296
2021-05-28 09:35:32,2527.65,462329
2021-05-28 09:35:33,2527.9,462344
2021-05-28 09:35:34,2527.95,462363
2021-05-28 09:35:35,2527.95,462385
2021-05-28 09:35:36,2529.0,463236
2021-05-28 09:35:37,2529.95,463650
2021-05-28 09:35:38,2529.0,463960
2021-05-28 09:35:40,2529.95,463976
2021-05-28 09:35:41,2529.95,464067
2021-05-28 09:35:42,2528.8,464087
2021-05-28 09:35:43,2529.95,464102
2021-05-28 09:35:43,2528.8,464118
2021-05-28 09:35:44,2528.8,464118
2021-05-28 09:35:45,2530.0,464418
2021-05-28 09:35:46,2529.95,464419
2021-05-28 09:35:47,2529.95,464435
2021-05-28 09:35:48,2529.1,464442
2021-05-28 09:35:49,2529.8,464458
2021-05-28 09:35:50,2529.05,464872
2021-05-28 09:35:51,2529.35,464906
2021-05-28 09:35:52,2529.75,465113
2021-05-28 09:35:53,2529.9,465323
2021-05-28 09:35:54,2529.7,465346
2021-05-28 09:35:55,2529.7,465346
2021-05-28 09:35:56,2529.0,465354
2021-05-28 09:35:57,2529.65,465535
2021-05-28 09:35:58,2529.65,465742
2021-05-28 09:35:59,2529.1,465767
2021-05-28 09:36:00,2529.0,465893
2021-05-28 09:36:01,2529.0,465893
2021-05-28 09:36:02,2529.65,465943
2021-05-28 09:36:03,2529.65,465943
2021-05-28 09:36:04,2529.65,465963
2021-05-28 09:36:05,2529.65,465963
2021-05-28 09:36:06,2529.6,466022
2021-05-28 09:36:07,2529.6,466022
2021-05-28 09:36:08,2528.8,466195
2021-05-28 09:36:09,2529.3,466251
2021-05-28 09:36:10,2529.0,466311
2021-05-28 09:36:11,2528.65,466366
2021-05-28 09:36:12,2528.6,466465
2021-05-28 09:36:13,2528.6,466561
2021-05-28 09:36:14,2528.6,466561
2021-05-28 09:36:15,2528.6,466561
2021-05-28 09:36:16,2528.6,466561
2021-05-28 09:36:17,2528.6,466646
2021-05-28 09:36:18,2528.6,466667
2021-05-28 09:36:19,2528.6,466667
2021-05-28 09:36:20,2528.6,466667
2021-05-28 09:36:21,2528.6,466667
2021-05-28 09:36:22,2528.6,466717
2021-05-28 09:36:23,2528.6,466717
2021-05-28 09:36:25,2528.2,466724
2021-05-28 09:36:26,2528.6,466844
2021-05-28 09:36:27,2528.6,466883
2021-05-28 09:36:28,2528.6,467023
2021-05-28 09:36:29,2528.6,467023
2021-05-28 09:36:31,2527.25,467310
2021-05-28 09:36:31,2527.5,467141
2021-05-28 09:36:32,2527.25,467310
2021-05-28 09:36:33,2527.05,467600
2021-05-28 09:36:34,2528.45,467672
2021-05-28 09:36:36,2528.45,467690
2021-05-28 09:36:37,2527.5,468908
2021-05-28 09:36:38,2528.6,469545
2021-05-28 09:36:39,2529.55,470053
2021-05-28 09:36:40,2529.55,470063
2021-05-28 09:36:41,2529.95,470073
2021-05-28 09:36:42,2529.9,470080
2021-05-28 09:36:43,2530.0,470503
2021-05-28 09:36:44,2529.8,470633
2021-05-28 09:36:45,2530.0,470681
2021-05-28 09:36:46,2530.0,470681
2021-05-28 09:36:47,2529.6,471039
2021-05-28 09:36:48,2529.6,471039
2021-05-28 09:36:49,2529.6,471039
2021-05-28 09:36:50,2529.9,471044
2021-05-28 09:36:51,2529.9,471054
2021-05-28 09:36:52,2529.9,471054
2021-05-28 09:36:53,2529.6,471066
2021-05-28 09:36:54,2529.9,471246
2021-05-28 09:36:55,2529.9,471250
2021-05-28 09:36:56,2529.9,471251
2021-05-28 09:36:57,2529.9,471253
2021-05-28 09:36:58,2530.0,471269
2021-05-28 09:36:59,2529.6,471369
2021-05-28 09:37:00,2529.6,471382
2021-05-28 09:37:01,2529.9,471507
2021-05-28 09:37:02,2529.9,471507
2021-05-28 09:37:03,2529.9,471507
2021-05-28 09:37:04,2529.9,471612
2021-05-28 09:37:06,2529.6,471614
2021-05-28 09:37:06,2529.5,471713
2021-05-28 09:37:07,2529.6,471914
2021-05-28 09:37:08,2529.6,471917
2021-05-28 09:37:09,2529.6,471929
2021-05-28 09:37:10,2530.9,472429
2021-05-28 09:37:11,2529.6,472434
2021-05-28 09:37:12,2529.6,472434
2021-05-28 09:37:13,2529.6,472434
2021-05-28 09:37:14,2529.6,472434
2021-05-28 09:37:15,2529.5,472777
2021-05-28 09:37:16,2529.5,472777
2021-05-28 09:37:17,2529.5,473177
2021-05-28 09:37:18,2529.5,473266
2021-05-28 09:37:19,2530.35,473276
2021-05-28 09:37:20,2530.0,474159
2021-05-28 09:37:21,2530.0,474159
2021-05-28 09:37:22,2530.0,474174
2021-05-28 09:37:23,2530.0,474174
2021-05-28 09:37:24,2530.0,474174
2021-05-28 09:37:25,2530.0,474174
2021-05-28 09:37:26,2530.0,474174
2021-05-28 09:37:27,2530.0,474174
2021-05-28 09:37:28,2530.3,474303
2021-05-28 09:37:29,2530.3,474314
2021-05-28 09:37:30,2530.0,474352
2021-05-28 09:37:31,2530.3,474361
2021-05-28 09:37:32,2530.3,474361
2021-05-28 09:37:33,2530.3,474362
2021-05-28 09:37:34,2530.3,474375
2021-05-28 09:37:35,2530.0,474483
2021-05-28 09:37:37,2530.0,474993
2021-05-28 09:37:38,2530.0,475018
2021-05-28 09:37:39,2530.3,475068
2021-05-28 09:37:40,2530.3,475414
2021-05-28 09:37:41,2530.3,475524
2021-05-28 09:37:42,2530.3,475524
2021-05-28 09:37:43,2530.85,475785
2021-05-28 09:37:44,2530.0,475901
2021-05-28 09:37:45,2529.9,476411
2021-05-28 09:37:47,2530.3,476441
2021-05-28 09:37:46,2530.3,476441
2021-05-28 09:37:48,2530.3,476448
2021-05-28 09:37:49,2530.0,476453
2021-05-28 09:37:50,2530.0,476561
2021-05-28 09:37:51,2530.0,476573
2021-05-28 09:37:52,2530.0,476686
2021-05-28 09:37:53,2530.0,476686
2021-05-28 09:37:54,2530.0,476703
2021-05-28 09:37:55,2530.0,476704
2021-05-28 09:37:56,2530.0,476704
2021-05-28 09:37:57,2530.0,476704
2021-05-28 09:37:58,2530.0,476704
2021-05-28 09:37:59,2530.0,476720
2021-05-28 09:38:00,2529.9,476744
2021-05-28 09:38:02,2529.95,476894
2021-05-28 09:38:02,2529.95,476894
2021-05-28 09:38:03,2530.0,476897
2021-05-28 09:38:04,2529.9,477232
2021-05-28 09:38:05,2530.0,477265
2021-05-28 09:38:06,2530.0,477530
2021-05-28 09:38:07,2530.0,477540
2021-05-28 09:38:08,2530.0,477540
2021-05-28 09:38:09,2530.0,477541
2021-05-28 09:38:10,2529.9,477858
2021-05-28 09:38:11,2530.0,477872
2021-05-28 09:38:12,2530.0,477872
2021-05-28 09:38:13,2529.9,477882
2021-05-28 09:38:14,2529.6,478241
2021-05-28 09:38:15,2529.6,478241
2021-05-28 09:38:16,2529.5,478446
2021-05-28 09:38:18,2528.7,478588
2021-05-28 09:38:17,2529.95,478451
2021-05-28 09:38:19,2528.7,478588
2021-05-28 09:38:20,2528.35,478631
2021-05-28 09:38:21,2528.35,478631
2021-05-28 09:38:22,2527.85,479120
2021-05-28 09:38:23,2528.65,479135
2021-05-28 09:38:24,2527.15,479300
2021-05-28 09:38:25,2528.45,479301
2021-05-28 09:38:26,2528.45,479301
2021-05-28 09:38:27,2528.5,479562
2021-05-28 09:38:28,2527.0,479762
2021-05-28 09:38:29,2526.8,479899
2021-05-28 09:38:30,2527.9,479900
2021-05-28 09:38:31,2526.5,480210
2021-05-28 09:38:32,2527.3,480420
2021-05-28 09:38:33,2525.25,480587
2021-05-28 09:38:34,2525.25,480651
2021-05-28 09:38:35,2525.25,480651
2021-05-28 09:38:36,2525.25,480651
2021-05-28 09:38:37,2525.1,480951
2021-05-28 09:38:39,2525.1,481207
2021-05-28 09:38:39,2525.1,481207
2021-05-28 09:38:40,2525.1,481332
2021-05-28 09:38:41,2525.1,481395
2021-05-28 09:38:42,2525.1,481395
2021-05-28 09:38:43,2526.0,481507
2021-05-28 09:38:44,2525.1,481569
2021-05-28 09:38:45,2525.1,481569
2021-05-28 09:38:46,2525.1,482133
2021-05-28 09:38:47,2525.1,482233
2021-05-28 09:38:48,2525.1,482288
2021-05-28 09:38:49,2525.1,482288
2021-05-28 09:38:50,2526.0,482329
2021-05-28 09:38:51,2526.0,482329
2021-05-28 09:38:52,2525.1,482783
2021-05-28 09:38:53,2525.85,482833
2021-05-28 09:38:54,2525.85,482843
2021-05-28 09:38:55,2525.85,482851
2021-05-28 09:38:56,2525.05,482902
2021-05-28 09:38:57,2525.85,483027
2021-05-28 09:38:58,2525.85,483062
2021-05-28 09:38:59,2525.05,483079
2021-05-28 09:39:00,2525.8,485256
2021-05-28 09:39:01,2525.3,485266
2021-05-28 09:39:02,2525.3,485271
2021-05-28 09:39:03,2525.75,485472
2021-05-28 09:39:04,2525.75,485481
2021-05-28 09:39:05,2525.75,485591
2021-05-28 09:39:06,2525.3,485601
2021-05-28 09:39:09,2525.75,485647
2021-05-28 09:39:10,2525.3,485673
2021-05-28 09:39:11,2525.55,485688
2021-05-28 09:39:12,2525.75,485932
2021-05-28 09:39:13,2525.75,485932
2021-05-28 09:39:14,2525.75,485975
2021-05-28 09:39:15,2525.75,485975
2021-05-28 09:39:16,2525.75,485987
2021-05-28 09:39:17,2525.75,485988
2021-05-28 09:39:18,2525.8,485998
2021-05-28 09:39:19,2525.8,486036
2021-05-28 09:39:20,2525.75,486087
2021-05-28 09:39:21,2525.75,486087
2021-05-28 09:39:22,2525.8,486223
2021-05-28 09:39:23,2525.75,486469
2021-05-28 09:39:24,2525.75,486469
2021-05-28 09:39:25,2526.0,486474
2021-05-28 09:39:27,2525.8,486766
2021-05-28 09:39:27,2525.8,486766
2021-05-28 09:39:28,2525.8,486766
2021-05-28 09:39:29,2526.0,486803
2021-05-28 09:39:30,2526.0,486850
2021-05-28 09:39:31,2525.8,486851
2021-05-28 09:39:32,2526.0,486888
2021-05-28 09:39:33,2526.0,489491
2021-05-28 09:39:34,2526.0,489599
2021-05-28 09:39:35,2526.0,489649
2021-05-28 09:39:36,2526.75,489651
2021-05-28 09:39:37,2526.75,489651
2021-05-28 09:39:38,2526.75,489660
2021-05-28 09:39:39,2526.0,489665
2021-05-28 09:39:40,2526.0,489665
2021-05-28 09:39:41,2526.75,489690
2021-05-28 09:39:42,2526.75,489691
2021-05-28 09:39:43,2526.75,489842
2021-05-28 09:39:44,2526.8,489843
2021-05-28 09:39:45,2526.8,489911
2021-05-28 09:39:46,2526.8,490470
2021-05-28 09:39:47,2526.8,490470
2021-05-28 09:39:48,2526.8,490545
2021-05-28 09:39:50,2526.75,491247
2021-05-28 09:39:49,2526.75,491247
2021-05-28 09:39:51,2526.8,491355
2021-05-28 09:39:52,2526.8,491370
2021-05-28 09:39:54,2526.8,491370
2021-05-28 09:39:54,2527.0,491402
2021-05-28 09:39:55,2526.65,492330
2021-05-28 09:39:56,2526.65,492330
2021-05-28 09:39:57,2526.65,492330
2021-05-28 09:39:58,2526.8,492340
2021-05-28 09:40:00,2526.65,492418
2021-05-28 09:40:00,2526.65,492510
2021-05-28 09:40:02,2527.35,492681
2021-05-28 09:40:02,2527.35,492681
2021-05-28 09:40:03,2527.0,492709
2021-05-28 09:40:04,2527.0,492709
2021-05-28 09:40:05,2526.55,492737
2021-05-28 09:40:06,2526.55,492737
2021-05-28 09:40:07,2526.25,492749
2021-05-28 09:40:08,2527.0,492756
2021-05-28 09:40:09,2526.15,492956
2021-05-28 09:40:10,2526.15,492956
2021-05-28 09:40:11,2526.0,492997
2021-05-28 09:40:12,2526.0,492997
2021-05-28 09:40:13,2527.0,492998
2021-05-28 09:40:14,2527.0,492998
2021-05-28 09:40:15,2527.0,492998
2021-05-28 09:40:16,2527.0,493040
2021-05-28 09:40:17,2527.0,493046
2021-05-28 09:40:18,2526.0,493052
2021-05-28 09:40:19,2527.0,493152
2021-05-28 09:40:20,2527.0,493153
2021-05-28 09:40:21,2527.0,493376
2021-05-28 09:40:22,2527.0,493377
2021-05-28 09:40:23,2526.0,493398
2021-05-28 09:40:24,2527.0,493405
2021-05-28 09:40:25,2526.8,493411
2021-05-28 09:40:27,2526.8,493411
2021-05-28 09:40:28,2527.0,493412
2021-05-28 09:40:28,2528.05,493912
2021-05-28 09:40:29,2528.05,493912
2021-05-28 09:40:30,2526.5,493932
2021-05-28 09:40:31,2527.0,493933
2021-05-28 09:40:32,2526.5,494043
2021-05-28 09:40:33,2527.0,494077
2021-05-28 09:40:34,2527.0,494077
2021-05-28 09:40:35,2526.35,494503
2021-05-28 09:40:36,2526.35,494503
2021-05-28 09:40:37,2526.0,495083
2021-05-28 09:40:38,2526.0,495083
2021-05-28 09:40:39,2526.7,495103
2021-05-28 09:40:40,2526.65,495233
2021-05-28 09:40:41,2526.75,495603
2021-05-28 09:40:42,2525.65,495606
2021-05-28 09:40:44,2526.1,495618
2021-05-28 09:40:44,2526.0,495621
2021-05-28 09:40:46,2527.95,495772
2021-05-28 09:40:46,2527.95,495772
2021-05-28 09:40:47,2527.95,495772
2021-05-28 09:40:48,2527.0,495803
2021-05-28 09:40:49,2527.0,495817
2021-05-28 09:40:50,2527.0,495880
2021-05-28 09:40:51,2527.0,495911
2021-05-28 09:40:52,2527.5,496263
2021-05-28 09:40:54,2527.0,496335
2021-05-28 09:40:54,2527.0,496486
2021-05-28 09:40:55,2526.85,497517
2021-05-28 09:40:56,2526.05,497548
2021-05-28 09:40:57,2526.05,497720
2021-05-28 09:40:58,2526.05,497720
2021-05-28 09:40:59,2527.3,497896
2021-05-28 09:41:00,2526.85,497935
2021-05-28 09:41:01,2526.85,497968
2021-05-28 09:41:02,2526.2,498059
2021-05-28 09:41:03,2527.0,498259
2021-05-28 09:41:04,2526.25,498818
2021-05-28 09:41:05,2527.0,498920
2021-05-28 09:41:06,2527.0,498920
2021-05-28 09:41:07,2526.2,498931
2021-05-28 09:41:08,2526.5,498933
2021-05-28 09:41:09,2527.4,498961
2021-05-28 09:41:10,2527.4,498961
2021-05-28 09:41:11,2527.4,498961
2021-05-28 09:41:12,2527.4,498961
2021-05-28 09:41:13,2527.4,498961
2021-05-28 09:41:14,2527.2,498963
2021-05-28 09:41:15,2526.5,498988
2021-05-28 09:41:16,2526.5,498993
2021-05-28 09:41:17,2527.2,498999
2021-05-28 09:41:18,2527.2,499035
2021-05-28 09:41:19,2527.2,499045
2021-05-28 09:41:20,2527.2,499045
2021-05-28 09:41:21,2527.2,499045
2021-05-28 09:41:22,2527.2,499045
2021-05-28 09:41:23,2527.2,499047
2021-05-28 09:41:24,2526.5,499185
2021-05-28 09:41:25,2526.5,499215
2021-05-28 09:41:26,2527.2,499313
2021-05-28 09:41:27,2527.2,499313
2021-05-28 09:41:28,2527.2,499313
2021-05-28 09:41:29,2527.5,499813
2021-05-28 09:41:30,2527.8,499966
2021-05-28 09:41:31,2527.8,499966
2021-05-28 09:41:32,2527.8,499966
2021-05-28 09:41:33,2527.8,500066
2021-05-28 09:41:34,2527.85,500091
2021-05-28 09:41:35,2527.9,500241
2021-05-28 09:41:36,2527.8,500246
2021-05-28 09:41:38,2528.45,500319
2021-05-28 09:41:39,2528.6,500359
2021-05-28 09:41:40,2528.6,500359
2021-05-28 09:41:41,2528.7,500364
2021-05-28 09:41:42,2528.7,500369
2021-05-28 09:41:43,2528.7,500369
2021-05-28 09:41:44,2528.0,500389
2021-05-28 09:41:45,2528.0,500489
2021-05-28 09:41:45,2528.0,500489
2021-05-28 09:41:46,2528.55,500499
2021-05-28 09:41:47,2527.8,500610
2021-05-28 09:41:48,2528.5,500663
2021-05-28 09:41:49,2527.8,500734
2021-05-28 09:41:50,2528.4,500755
2021-05-28 09:41:51,2527.8,500837
2021-05-28 09:41:52,2528.55,501037
2021-05-28 09:41:53,2528.55,501037
2021-05-28 09:41:54,2528.55,501037
2021-05-28 09:41:55,2527.7,501608
2021-05-28 09:41:56,2528.4,501613
2021-05-28 09:41:57,2528.5,501646
2021-05-28 09:41:58,2527.9,501652
2021-05-28 09:41:59,2527.9,501653
2021-05-28 09:42:00,2527.8,501747
2021-05-28 09:42:01,2528.0,501757
2021-05-28 09:42:02,2527.8,502745
2021-05-28 09:42:03,2527.8,502745
2021-05-28 09:42:04,2527.8,503032
2021-05-28 09:42:05,2527.8,503384
2021-05-28 09:42:06,2527.8,503384
2021-05-28 09:42:07,2527.8,503384
2021-05-28 09:42:09,2527.0,504281
2021-05-28 09:42:09,2526.8,504286
2021-05-28 09:42:11,2526.5,504417
2021-05-28 09:42:12,2527.35,504446
2021-05-28 09:42:13,2527.35,504446
2021-05-28 09:42:14,2527.05,504447
2021-05-28 09:42:14,2527.35,504446
2021-05-28 09:42:17,2527.45,504879
2021-05-28 09:42:18,2527.45,504879
2021-05-28 09:42:19,2526.9,504881
2021-05-28 09:42:20,2527.5,504886
2021-05-28 09:42:20,2527.5,504886
2021-05-28 09:42:21,2527.8,505113
2021-05-28 09:42:22,2527.35,505126
2021-05-28 09:42:23,2527.35,505126
2021-05-28 09:42:25,2527.35,505192
2021-05-28 09:42:26,2527.8,505202
2021-05-28 09:42:26,2527.8,505202
2021-05-28 09:42:27,2528.55,505555
2021-05-28 09:42:28,2527.7,505828
2021-05-28 09:42:29,2527.7,505828
2021-05-28 09:42:30,2527.7,505828
2021-05-28 09:42:31,2527.7,505828
2021-05-28 09:42:32,2528.5,505833
2021-05-28 09:42:33,2528.6,505836
2021-05-28 09:42:34,2528.0,505840
2021-05-28 09:42:35,2528.4,505900
2021-05-28 09:42:36,2528.4,505910
2021-05-28 09:42:37,2528.05,505925
2021-05-28 09:42:38,2528.05,505925
2021-05-28 09:42:39,2528.4,505926
2021-05-28 09:42:40,2528.4,505926
2021-05-28 09:42:41,2528.4,505926
2021-05-28 09:42:43,2528.4,505926
2021-05-28 09:42:45,2528.55,505993
2021-05-28 09:42:46,2529.0,506124
2021-05-28 09:42:48,2529.0,506124
2021-05-28 09:42:49,2528.75,506191
2021-05-28 09:42:49,2528.75,506191
2021-05-28 09:42:50,2529.0,506192
2021-05-28 09:42:51,2529.25,506195
2021-05-28 09:42:52,2529.25,506224
2021-05-28 09:42:53,2529.25,506228
2021-05-28 09:42:54,2529.25,506253
2021-05-28 09:42:55,2529.25,506253
2021-05-28 09:42:56,2529.0,506263
2021-05-28 09:42:57,2529.25,506264
2021-05-28 09:42:58,2529.0,506322
2021-05-28 09:42:59,2529.0,506322
2021-05-28 09:43:01,2529.25,506324
2021-05-28 09:43:02,2529.25,506474
2021-05-28 09:43:02,2529.25,506474
2021-05-28 09:43:03,2529.0,506544
2021-05-28 09:43:04,2529.0,506544
2021-05-28 09:43:05,2529.0,506665
2021-05-28 09:43:06,2529.85,506730
2021-05-28 09:43:07,2529.85,506730
2021-05-28 09:43:08,2529.75,506732
2021-05-28 09:43:10,2529.75,506732
2021-05-28 09:43:11,2529.75,506732
2021-05-28 09:43:12,2529.75,506732
2021-05-28 09:43:13,2529.75,506732
2021-05-28 09:43:14,2529.0,506786
2021-05-28 09:43:14,2529.0,506786
2021-05-28 09:43:15,2529.65,506787
2021-05-28 09:43:16,2529.65,506797
2021-05-28 09:43:17,2529.65,506842
2021-05-28 09:43:18,2529.7,506854
2021-05-28 09:43:20,2529.65,506856
2021-05-28 09:43:21,2529.65,506856
2021-05-28 09:43:21,2529.65,506856
2021-05-28 09:43:22,2529.65,506876
2021-05-28 09:43:24,2529.75,507021
2021-05-28 09:43:24,2529.75,507021
2021-05-28 09:43:25,2529.75,507150
2021-05-28 09:43:27,2529.2,507249
2021-05-28 09:43:27,2529.2,507249
2021-05-28 09:43:28,2529.2,507249
2021-05-28 09:43:29,2529.2,507251
2021-05-28 09:43:30,2529.2,507251
2021-05-28 09:43:31,2531.25,508387
2021-05-28 09:43:32,2531.25,508390
2021-05-28 09:43:33,2530.45,508393
2021-05-28 09:43:34,2531.8,508423
2021-05-28 09:43:35,2531.8,508424
2021-05-28 09:43:36,2531.8,508535
2021-05-28 09:43:37,2530.85,508548
2021-05-28 09:43:39,2531.35,508566
2021-05-28 09:43:40,2530.85,508577
2021-05-28 09:43:40,2531.3,508567
2021-05-28 09:43:42,2531.3,508592
2021-05-28 09:43:43,2531.3,508594
2021-05-28 09:43:44,2532.0,508843
2021-05-28 09:43:45,2532.0,508843
2021-05-28 09:43:47,2532.0,508843
2021-05-28 09:43:48,2531.35,508855
2021-05-28 09:43:48,2531.35,508865
2021-05-28 09:43:50,2531.05,508867
2021-05-28 09:43:51,2531.35,508868
2021-05-28 09:43:52,2531.35,508932
2021-05-28 09:43:52,2531.35,508932
2021-05-28 09:43:53,2531.35,508932
2021-05-28 09:43:54,2531.35,508935
2021-05-28 09:43:55,2532.0,509098
2021-05-28 09:43:56,2531.35,509099
2021-05-28 09:43:57,2531.35,509099
2021-05-28 09:43:58,2531.35,509099
2021-05-28 09:43:59,2531.35,509099
2021-05-28 09:44:01,2531.75,509120
2021-05-28 09:44:02,2531.75,509136
2021-05-28 09:44:03,2531.75,509137
2021-05-28 09:44:03,2531.75,509142
2021-05-28 09:44:04,2531.75,509147
2021-05-28 09:44:05,2532.0,509212
2021-05-28 09:44:06,2532.35,509262
2021-05-28 09:44:07,2532.65,509387
2021-05-28 09:44:08,2532.0,509397
2021-05-28 09:44:09,2532.0,509397
2021-05-28 09:44:10,2531.75,509412
2021-05-28 09:44:11,2531.9,509507
2021-05-28 09:44:12,2531.9,509507
2021-05-28 09:44:14,2531.8,509544
2021-05-28 09:44:15,2531.8,509555
2021-05-28 09:44:16,2531.9,509580
2021-05-28 09:44:17,2531.85,509643
2021-05-28 09:44:18,2531.9,509648
2021-05-28 09:44:18,2531.9,509648
2021-05-28 09:44:19,2531.9,509649
2021-05-28 09:44:20,2532.0,509731
2021-05-28 09:44:21,2532.0,509736
2021-05-28 09:44:22,2531.95,509754
2021-05-28 09:44:23,2532.0,509850
2021-05-28 09:44:24,2533.0,509923
2021-05-28 09:44:25,2533.0,509925
2021-05-28 09:44:26,2533.0,509931
2021-05-28 09:44:27,2532.6,510127
2021-05-28 09:44:28,2532.95,510235
2021-05-28 09:44:30,2532.95,510236
2021-05-28 09:44:30,2533.35,510366
2021-05-28 09:44:32,2533.0,510397
2021-05-28 09:44:33,2533.0,510406
2021-05-28 09:44:34,2533.0,510409
2021-05-28 09:44:35,2533.0,510410
2021-05-28 09:44:35,2533.0,510410
2021-05-28 09:44:36,2532.35,510510
2021-05-28 09:44:37,2533.0,510562
2021-05-28 09:44:38,2533.0,510562
2021-05-28 09:44:39,2533.0,510562
2021-05-28 09:44:40,2532.95,510567
2021-05-28 09:44:41,2532.35,510596
2021-05-28 09:44:42,2532.35,510596
2021-05-28 09:44:44,2532.95,510604
2021-05-28 09:44:45,2532.5,510656
2021-05-28 09:44:46,2532.95,510657
2021-05-28 09:44:46,2532.95,510657
2021-05-28 09:44:47,2532.95,510672
2021-05-28 09:44:48,2532.5,510787
2021-05-28 09:44:49,2532.5,510790
2021-05-28 09:44:50,2533.0,510810
2021-05-28 09:44:51,2533.0,511015
2021-05-28 09:44:53,2533.0,511032
2021-05-28 09:44:54,2533.0,511040
2021-05-28 09:44:55,2533.0,511388
2021-05-28 09:44:56,2533.0,511416
2021-05-28 09:44:56,2533.0,511436
2021-05-28 09:44:57,2532.95,511699
2021-05-28 09:44:58,2533.3,511713
2021-05-28 09:44:59,2532.95,511714
2021-05-28 09:45:00,2533.5,511770
2021-05-28 09:45:01,2533.8,511776
2021-05-28 09:45:03,2533.0,511788
2021-05-28 09:45:04,2534.0,511798
2021-05-28 09:45:05,2534.0,511798
2021-05-28 09:45:06,2533.9,511812
2021-05-28 09:45:06,2533.9,511812
2021-05-28 09:45:07,2532.95,511917
2021-05-28 09:45:08,2534.0,511929
2021-05-28 09:45:09,2533.0,511953
2021-05-28 09:45:10,2533.0,511953
2021-05-28 09:45:11,2533.95,511958
2021-05-28 09:45:12,2533.0,511983
2021-05-28 09:45:13,2533.95,512008
2021-05-28 09:45:14,2533.05,512028
2021-05-28 09:45:16,2533.05,512053
2021-05-28 09:45:17,2533.95,512079
2021-05-28 09:45:17,2533.95,512079
2021-05-28 09:45:18,2533.05,512185
2021-05-28 09:45:19,2533.05,512185
2021-05-28 09:45:20,2533.05,512195
2021-05-28 09:45:21,2533.9,512270
2021-05-28 09:45:22,2533.05,512315
2021-05-28 09:45:23,2533.95,512340
2021-05-28 09:45:24,2533.95,512345
2021-05-28 09:45:25,2533.95,512345
2021-05-28 09:45:26,2533.9,512395
2021-05-28 09:45:27,2533.9,512395
2021-05-28 09:45:29,2533.9,512495
2021-05-28 09:45:30,2533.05,512500
2021-05-28 09:45:31,2533.9,512552
2021-05-28 09:45:32,2533.9,512553
2021-05-28 09:45:33,2533.9,512553
2021-05-28 09:45:33,2533.9,512553
2021-05-28 09:45:34,2533.9,512554
2021-05-28 09:45:35,2533.9,512554
2021-05-28 09:45:36,2533.2,512555
2021-05-28 09:45:37,2533.2,512555
2021-05-28 09:45:38,2533.2,512596
2021-05-28 09:45:40,2533.2,512606
2021-05-28 09:45:41,2533.2,512609
2021-05-28 09:45:42,2533.9,512804
2021-05-28 09:45:43,2533.9,512905
2021-05-28 09:45:43,2533.9,512905
2021-05-28 09:45:44,2534.25,513125
2021-05-28 09:45:45,2534.65,513245
2021-05-28 09:45:46,2534.0,513430
2021-05-28 09:45:47,2534.6,513461
2021-05-28 09:45:48,2534.0,513469
2021-05-28 09:45:50,2534.0,513522
2021-05-28 09:45:51,2534.7,513830
2021-05-28 09:45:52,2534.7,513840
2021-05-28 09:45:53,2534.35,513849
2021-05-28 09:45:54,2534.7,513851
2021-05-28 09:45:55,2534.7,513951
2021-05-28 09:45:56,2534.7,513961
2021-05-28 09:45:57,2534.7,514015
2021-05-28 09:45:58,2534.6,514041
2021-05-28 09:45:59,2534.6,514041
2021-05-28 09:46:00,2535.0,514411
2021-05-28 09:46:01,2534.7,514412
2021-05-28 09:46:03,2534.7,514416
2021-05-28 09:46:04,2535.0,514432
2021-05-28 09:46:05,2535.0,514432
2021-05-28 09:46:06,2535.0,514451
2021-05-28 09:46:07,2535.0,514451
2021-05-28 09:46:07,2535.0,514451
2021-05-28 09:46:08,2534.5,515845
2021-05-28 09:46:09,2534.9,515954
2021-05-28 09:46:10,2534.75,516076
2021-05-28 09:46:11,2534.9,516091
2021-05-28 09:46:12,2534.9,516091
2021-05-28 09:46:13,2534.9,516169
2021-05-28 09:46:14,2534.9,516169
2021-05-28 09:46:16,2534.9,516294
2021-05-28 09:46:17,2534.6,516315
2021-05-28 09:46:18,2534.6,516318
2021-05-28 09:46:19,2535.0,516427
2021-05-28 09:46:22,2534.6,516465
2021-05-28 09:46:23,2535.0,516472
2021-05-28 09:46:24,2534.9,516523
2021-05-28 09:46:25,2534.9,516523
2021-05-28 09:46:25,2535.0,516823
2021-05-28 09:46:26,2535.0,516823
2021-05-28 09:46:27,2535.0,516965
2021-05-28 09:46:28,2535.0,516965
2021-05-28 09:46:29,2534.9,516990
2021-05-28 09:46:30,2535.0,517135
2021-05-28 09:46:31,2534.9,517335
2021-05-28 09:46:32,2534.9,517361
2021-05-28 09:46:34,2535.0,517366
2021-05-28 09:46:35,2534.9,517477
2021-05-28 09:46:36,2535.0,517552
2021-05-28 09:46:36,2535.0,517552
2021-05-28 09:46:37,2535.0,517615
2021-05-28 09:46:38,2534.8,517818
2021-05-28 09:46:39,2535.0,517898
2021-05-28 09:46:40,2535.0,517899
2021-05-28 09:46:41,2535.0,517929
2021-05-28 09:46:42,2535.2,518118
2021-05-28 09:46:43,2535.2,518145
2021-05-28 09:46:44,2535.0,518197
2021-05-28 09:46:46,2535.0,518263
2021-05-28 09:46:47,2535.2,518274
2021-05-28 09:46:48,2535.2,518275
2021-05-28 09:46:49,2535.0,518285
2021-05-28 09:46:49,2535.0,518285
2021-05-28 09:46:50,2535.3,518415
2021-05-28 09:46:51,2535.3,518791
2021-05-28 09:46:52,2535.0,518828
2021-05-28 09:46:53,2535.0,518828
2021-05-28 09:46:54,2535.3,518844
2021-05-28 09:46:55,2535.0,518846
2021-05-28 09:46:57,2535.0,518948
2021-05-28 09:46:58,2535.0,518948
2021-05-28 09:46:59,2535.2,518965
2021-05-28 09:47:00,2535.2,518965
2021-05-28 09:47:00,2535.2,518965
2021-05-28 09:47:01,2535.2,519175
2021-05-28 09:47:02,2535.2,519273
2021-05-28 09:47:03,2535.6,519275
2021-05-28 09:47:04,2535.2,519296
2021-05-28 09:47:05,2535.65,519308
2021-05-28 09:47:06,2535.2,519323
2021-05-28 09:47:07,2535.2,519323
2021-05-28 09:47:09,2535.8,519636
2021-05-28 09:47:10,2535.8,519681
2021-05-28 09:47:11,2535.25,519707
2021-05-28 09:47:11,2535.25,519707
2021-05-28 09:47:12,2535.6,519713
2021-05-28 09:47:13,2536.45,520013
2021-05-28 09:47:14,2535.8,520034
2021-05-28 09:47:15,2535.8,520054
2021-05-28 09:47:16,2535.8,520059
2021-05-28 09:47:17,2535.15,520109
2021-05-28 09:47:18,2535.8,520125
2021-05-28 09:47:19,2535.15,520130
2021-05-28 09:47:20,2535.8,520140
2021-05-28 09:47:22,2535.65,520141
2021-05-28 09:47:23,2535.15,520164
2021-05-28 09:47:24,2535.65,520184
2021-05-28 09:47:24,2535.65,520184
2021-05-28 09:47:25,2535.65,520184
2021-05-28 09:47:26,2535.65,520184
2021-05-28 09:47:27,2535.8,520219
2021-05-28 09:47:28,2535.8,520220
2021-05-28 09:47:29,2535.8,520220
2021-05-28 09:47:30,2535.15,520251
2021-05-28 09:47:31,2535.65,524205
2021-05-28 09:47:32,2534.75,525364
2021-05-28 09:47:33,2534.75,525390
2021-05-28 09:47:34,2534.75,525390
2021-05-28 09:47:35,2534.75,525390
2021-05-28 09:47:36,2534.75,525390
2021-05-28 09:47:37,2534.9,525399
2021-05-28 09:47:38,2534.5,525509
2021-05-28 09:47:40,2535.0,525609
2021-05-28 09:47:40,2534.5,525742
2021-05-28 09:47:42,2534.5,525742
2021-05-28 09:47:43,2534.5,525742
2021-05-28 09:47:44,2534.5,525742
2021-05-28 09:47:45,2535.0,525752
2021-05-28 09:47:45,2535.0,525752
2021-05-28 09:47:46,2535.0,525767
2021-05-28 09:47:47,2535.0,525767
2021-05-28 09:47:48,2535.0,525777
2021-05-28 09:47:49,2535.85,527702
2021-05-28 09:47:51,2535.05,528107
2021-05-28 09:47:52,2536.0,528117
2021-05-28 09:47:53,2536.8,528425
2021-05-28 09:47:54,2536.8,528583
2021-05-28 09:47:55,2536.8,528583
2021-05-28 09:47:56,2536.8,528583
2021-05-28 09:47:57,2535.7,528609
2021-05-28 09:47:58,2535.7,528609
2021-05-28 09:48:00,2535.7,528609
2021-05-28 09:48:01,2536.8,528644
2021-05-28 09:48:02,2537.0,528711
2021-05-28 09:48:03,2537.0,528952
2021-05-28 09:48:03,2537.0,529018
2021-05-28 09:48:04,2537.0,529111
2021-05-28 09:48:05,2536.3,529319
2021-05-28 09:48:07,2536.25,529392
2021-05-28 09:48:08,2536.2,529398
2021-05-28 09:48:09,2537.0,529399
2021-05-28 09:48:11,2537.0,529412
2021-05-28 09:48:11,2537.0,529412
2021-05-28 09:48:12,2536.9,529417
2021-05-28 09:48:13,2537.0,529502
2021-05-28 09:48:14,2536.4,529506
2021-05-28 09:48:15,2537.0,529572
2021-05-28 09:48:16,2536.25,529578
2021-05-28 09:48:17,2537.0,529820
2021-05-28 09:48:18,2536.3,529866
2021-05-28 09:48:19,2536.3,529880
2021-05-28 09:48:20,2536.3,529880
2021-05-28 09:48:21,2537.0,529890
2021-05-28 09:48:22,2537.0,529890
2021-05-28 09:48:23,2537.0,529890
2021-05-28 09:48:24,2537.0,529892
2021-05-28 09:48:26,2536.95,530102
2021-05-28 09:48:27,2537.1,530168
2021-05-28 09:48:28,2538.55,530861
2021-05-28 09:48:28,2538.15,530936
2021-05-28 09:48:29,2539.5,531709
2021-05-28 09:48:30,2538.15,531929
2021-05-28 09:48:31,2538.1,532036
2021-05-28 09:48:32,2538.1,532086
2021-05-28 09:48:33,2540.0,533018
2021-05-28 09:48:35,2540.0,533256
2021-05-28 09:48:36,2540.0,533277
2021-05-28 09:48:37,2539.1,533422
2021-05-28 09:48:38,2538.95,533539
2021-05-28 09:48:38,2538.95,533539
2021-05-28 09:48:39,2538.9,533601
2021-05-28 09:48:40,2539.95,534204
2021-05-28 09:48:41,2540.0,534311
2021-05-28 09:48:42,2539.95,534783
2021-05-28 09:48:44,2539.95,535181
2021-05-28 09:48:44,2539.7,535278
2021-05-28 09:48:46,2539.95,535458
2021-05-28 09:48:47,2539.95,535632
2021-05-28 09:48:47,2539.95,535642
2021-05-28 09:48:48,2539.65,535803
2021-05-28 09:48:49,2539.9,535888
2021-05-28 09:48:50,2539.3,535889
2021-05-28 09:48:51,2540.0,536011
2021-05-28 09:48:53,2540.0,536090
2021-05-28 09:48:54,2540.0,536242
2021-05-28 09:48:55,2540.0,536608
2021-05-28 09:48:55,2539.6,536652
2021-05-28 09:48:56,2540.0,536752
2021-05-28 09:48:58,2539.0,537339
2021-05-28 09:48:59,2539.0,537346
2021-05-28 09:48:59,2539.0,537358
2021-05-28 09:49:00,2539.95,537408
2021-05-28 09:49:01,2540.0,537434
2021-05-28 09:49:03,2540.0,537804
2021-05-28 09:49:04,2540.0,537835
2021-05-28 09:49:05,2540.0,537841
2021-05-28 09:49:06,2539.1,537956
2021-05-28 09:49:06,2539.1,537956
2021-05-28 09:49:07,2540.0,537960
2021-05-28 09:49:08,2539.95,537964
2021-05-28 09:49:09,2539.9,538191
2021-05-28 09:49:10,2539.95,538216
2021-05-28 09:49:11,2539.95,538241
2021-05-28 09:49:12,2539.5,538244
2021-05-28 09:49:13,2539.0,538393
2021-05-28 09:49:15,2539.0,538403
2021-05-28 09:49:16,2539.5,538513
2021-05-28 09:49:17,2539.0,538540
2021-05-28 09:49:18,2540.0,538787
2021-05-28 09:49:18,2539.85,538814
2021-05-28 09:49:19,2539.0,538940
2021-05-28 09:49:20,2539.95,539040
2021-05-28 09:49:21,2539.95,539040
2021-05-28 09:49:22,2539.5,539065
2021-05-28 09:49:23,2539.5,539115
2021-05-28 09:49:24,2539.5,539215
2021-05-28 09:49:26,2539.85,539364
2021-05-28 09:49:27,2539.5,539504
2021-05-28 09:49:27,2539.3,539559
2021-05-28 09:49:29,2539.0,539714
2021-05-28 09:49:30,2539.0,539714
2021-05-28 09:49:31,2539.0,539854
2021-05-28 09:49:31,2539.0,539854
2021-05-28 09:49:32,2539.3,539855
2021-05-28 09:49:33,2539.5,539987
2021-05-28 09:49:34,2539.5,539987
2021-05-28 09:49:35,2539.5,539987
2021-05-28 09:49:36,2539.0,540092
2021-05-28 09:49:37,2539.0,540105
2021-05-28 09:49:39,2539.0,540106
2021-05-28 09:49:40,2539.5,540132
2021-05-28 09:49:41,2539.35,542229
2021-05-28 09:49:41,2538.9,542438
2021-05-28 09:49:42,2539.25,542468
2021-05-28 09:49:43,2538.9,542484
2021-05-28 09:49:44,2538.9,542484
2021-05-28 09:49:45,2538.9,542546
2021-05-28 09:49:46,2539.0,542778
2021-05-28 09:49:47,2539.25,543101
2021-05-28 09:49:48,2539.0,543315
2021-05-28 09:49:49,2538.9,543450
2021-05-28 09:49:50,2538.55,543972
2021-05-28 09:49:51,2537.3,544339
2021-05-28 09:49:52,2535.85,544460
2021-05-28 09:49:54,2536.1,544804
2021-05-28 09:49:56,2536.25,544827
2021-05-28 09:49:57,2536.1,544872
2021-05-28 09:49:59,2535.9,545033
2021-05-28 09:50:00,2535.9,545033
2021-05-28 09:50:01,2536.9,545042
2021-05-28 09:50:02,2536.05,545043
2021-05-28 09:50:02,2536.05,545043
2021-05-28 09:50:03,2536.9,545278
2021-05-28 09:50:05,2536.45,545456
2021-05-28 09:50:06,2537.25,545469
2021-05-28 09:50:07,2537.25,545469
2021-05-28 09:50:07,2537.25,545469
2021-05-28 09:50:08,2537.25,545469
2021-05-28 09:50:09,2537.8,545509
2021-05-28 09:50:10,2537.65,545539
2021-05-28 09:50:11,2538.85,545540
2021-05-28 09:50:13,2537.65,545615
2021-05-28 09:50:14,2537.55,545620
2021-05-28 09:50:15,2537.55,545620
2021-05-28 09:50:16,2538.55,545622
2021-05-28 09:50:16,2538.55,545622
2021-05-28 09:50:17,2538.4,545623
2021-05-28 09:50:18,2538.4,545650
2021-05-28 09:50:19,2538.4,545670
2021-05-28 09:50:20,2538.4,545670
2021-05-28 09:50:21,2537.5,545688
2021-05-28 09:50:22,2537.5,545696
2021-05-28 09:50:24,2538.0,545777
2021-05-28 09:50:25,2538.0,545799
2021-05-28 09:50:26,2538.4,545854
2021-05-28 09:50:27,2538.0,546004
2021-05-28 09:50:28,2538.0,546004
2021-05-28 09:50:29,2538.4,546105
2021-05-28 09:50:29,2538.4,546105
2021-05-28 09:50:30,2539.0,546505
2021-05-28 09:50:31,2538.4,546510
2021-05-28 09:50:32,2538.7,546544
2021-05-28 09:50:33,2537.5,546546
2021-05-28 09:50:34,2538.55,546566
2021-05-28 09:50:35,2538.55,546566
2021-05-28 09:50:36,2538.55,546666
2021-05-28 09:50:38,2538.55,546666
2021-05-28 09:50:39,2537.95,547671
2021-05-28 09:50:40,2538.0,547794
2021-05-28 09:50:40,2538.0,547794
2021-05-28 09:50:41,2538.0,547894
2021-05-28 09:50:43,2537.0,547925
2021-05-28 09:50:44,2537.5,547930
2021-05-28 09:50:45,2537.0,547935
2021-05-28 09:50:45,2537.0,547935
2021-05-28 09:50:46,2537.0,547936
2021-05-28 09:50:47,2537.0,547936
2021-05-28 09:50:48,2537.0,547936
2021-05-28 09:50:49,2537.0,547947
2021-05-28 09:50:50,2537.0,547955
2021-05-28 09:50:51,2537.0,548015
2021-05-28 09:50:52,2537.0,548039
2021-05-28 09:50:53,2537.5,548064
2021-05-28 09:50:55,2537.0,548065
2021-05-28 09:50:56,2537.5,548066
2021-05-28 09:50:57,2537.5,548066
2021-05-28 09:50:59,2537.0,548134
2021-05-28 09:50:59,2537.5,548104
2021-05-28 09:51:01,2538.75,548449
2021-05-28 09:51:02,2537.5,548492
2021-05-28 09:51:03,2537.5,548502
2021-05-28 09:51:04,2537.0,548530
2021-05-28 09:51:04,2537.0,548530
2021-05-28 09:51:05,2537.0,548530
2021-05-28 09:51:06,2537.0,548530
2021-05-28 09:51:08,2536.75,548730
2021-05-28 09:51:09,2536.55,548758
2021-05-28 09:51:10,2536.55,548758
2021-05-28 09:51:10,2536.55,548758
2021-05-28 09:51:11,2537.45,548759
2021-05-28 09:51:12,2537.45,548759
2021-05-28 09:51:13,2536.4,548860
2021-05-28 09:51:14,2537.45,548870
2021-05-28 09:51:15,2537.45,548892
2021-05-28 09:51:16,2536.8,548941
2021-05-28 09:51:17,2536.8,548941
2021-05-28 09:51:19,2536.8,548941
2021-05-28 09:51:20,2537.45,548966
2021-05-28 09:51:20,2537.45,548966
2021-05-28 09:51:21,2536.5,549151
2021-05-28 09:51:22,2536.5,549242
2021-05-28 09:51:25,2536.5,549257
2021-05-28 09:51:25,2536.5,549257
2021-05-28 09:51:26,2536.25,549259
2021-05-28 09:51:28,2536.5,549465
2021-05-28 09:51:29,2535.75,549506
2021-05-28 09:51:30,2536.5,549962
2021-05-28 09:51:31,2536.5,550026
2021-05-28 09:51:32,2536.5,550026
2021-05-28 09:51:33,2536.9,550143
2021-05-28 09:51:34,2536.9,550239
2021-05-28 09:51:35,2536.9,550239
2021-05-28 09:51:36,2535.75,550275
2021-05-28 09:51:37,2535.75,550275
2021-05-28 09:51:37,2535.75,550275
2021-05-28 09:51:38,2535.75,550275
2021-05-28 09:51:39,2535.65,550290
2021-05-28 09:51:40,2535.7,550291
2021-05-28 09:51:41,2535.7,550291
2021-05-28 09:51:42,2535.8,550299
2021-05-28 09:51:43,2535.75,550339
2021-05-28 09:51:45,2535.75,550339
2021-05-28 09:51:45,2535.75,550454
2021-05-28 09:51:46,2535.75,550454
2021-05-28 09:51:47,2535.65,550504
2021-05-28 09:51:48,2535.65,550519
2021-05-28 09:51:50,2535.65,550696
2021-05-28 09:51:51,2535.65,550696
2021-05-28 09:51:52,2535.65,550696
2021-05-28 09:51:53,2535.65,550709
2021-05-28 09:51:54,2535.65,550709
2021-05-28 09:51:54,2535.65,550709
2021-05-28 09:51:55,2535.75,550715
2021-05-28 09:51:56,2535.65,550766
2021-05-28 09:51:57,2535.65,550766
2021-05-28 09:51:59,2535.65,550878
2021-05-28 09:52:00,2535.65,550887
2021-05-28 09:52:01,2535.75,550907
2021-05-28 09:52:01,2535.75,550907
2021-05-28 09:52:03,2535.75,550921
2021-05-28 09:52:04,2535.75,550936
2021-05-28 09:52:05,2535.65,551037
2021-05-28 09:52:06,2535.65,551037
2021-05-28 09:52:06,2535.65,551037
2021-05-28 09:52:07,2535.75,551047
2021-05-28 09:52:08,2535.65,551058
2021-05-28 09:52:09,2535.75,551069
2021-05-28 09:52:10,2536.0,551546
2021-05-28 09:52:12,2536.1,551573
2021-05-28 09:52:13,2536.1,551573
2021-05-28 09:52:14,2537.0,551606
2021-05-28 09:52:14,2537.0,551606
2021-05-28 09:52:15,2537.0,551606
2021-05-28 09:52:17,2537.0,551606
2021-05-28 09:52:18,2536.8,551676
2021-05-28 09:52:19,2536.8,551679
2021-05-28 09:52:20,2536.8,551679
2021-05-28 09:52:20,2536.8,551679
2021-05-28 09:52:21,2536.85,551726
2021-05-28 09:52:22,2537.9,551786
2021-05-28 09:52:23,2537.9,551786
2021-05-28 09:52:24,2537.9,551790
2021-05-28 09:52:25,2537.9,551790
2021-05-28 09:52:26,2537.9,551791
2021-05-28 09:52:27,2537.0,551861
2021-05-28 09:52:28,2537.55,551890
2021-05-28 09:52:29,2536.85,552082
2021-05-28 09:52:30,2536.75,552104
2021-05-28 09:52:31,2536.9,552406
2021-05-28 09:52:32,2536.9,552436
2021-05-28 09:52:33,2536.9,552436
2021-05-28 09:52:34,2536.9,552457
2021-05-28 09:52:35,2537.0,552458
2021-05-28 09:52:36,2536.95,552459
2021-05-28 09:52:37,2536.95,552459
2021-05-28 09:52:38,2536.95,552467
2021-05-28 09:52:39,2536.95,552467
2021-05-28 09:52:41,2536.9,552577
2021-05-28 09:52:40,2536.9,552477
2021-05-28 09:52:42,2536.9,552627
2021-05-28 09:52:43,2536.9,552627
2021-05-28 09:52:45,2536.9,552627
2021-05-28 09:52:46,2536.9,552627
2021-05-28 09:52:46,2536.9,552627
2021-05-28 09:52:48,2536.9,552628
2021-05-28 09:52:49,2536.9,552628
2021-05-28 09:52:50,2536.95,552733
2021-05-28 09:52:51,2536.9,553321
2021-05-28 09:52:52,2536.95,553461
2021-05-28 09:52:53,2536.9,553527
2021-05-28 09:52:54,2536.9,553527
2021-05-28 09:52:55,2536.9,553527
2021-05-28 09:52:56,2536.9,553913
2021-05-28 09:52:56,2536.9,553959
2021-05-28 09:52:57,2536.6,554213
2021-05-28 09:52:58,2536.95,554313
2021-05-28 09:52:59,2536.95,554313
2021-05-28 09:53:00,2536.1,554315
2021-05-28 09:53:02,2535.7,554459
2021-05-28 09:53:03,2535.7,554459
2021-05-28 09:53:04,2535.7,554459
2021-05-28 09:53:05,2535.7,554459
2021-05-28 09:53:06,2535.7,554460
2021-05-28 09:53:06,2535.7,554503
2021-05-28 09:53:07,2535.65,554728
2021-05-28 09:53:08,2535.65,554747
2021-05-28 09:53:09,2535.95,554907
2021-05-28 09:53:10,2535.95,554907
2021-05-28 09:53:11,2535.95,554919
2021-05-28 09:53:12,2535.95,554919
2021-05-28 09:53:13,2535.65,555450
2021-05-28 09:53:15,2535.5,555505
2021-05-28 09:53:15,2535.5,555505
2021-05-28 09:53:17,2535.5,555606
2021-05-28 09:53:17,2535.5,555631
2021-05-28 09:53:18,2535.5,555631
2021-05-28 09:53:20,2535.3,555854
2021-05-28 09:53:21,2535.5,555880
2021-05-28 09:53:21,2535.5,555933
2021-05-28 09:53:23,2535.5,555933
2021-05-28 09:53:23,2535.5,555933
2021-05-28 09:53:25,2535.5,555953
2021-05-28 09:53:25,2535.3,555974
2021-05-28 09:53:27,2535.5,555994
2021-05-28 09:53:28,2535.3,556000
2021-05-28 09:53:29,2535.3,556058
2021-05-28 09:53:30,2535.3,556058
2021-05-28 09:53:31,2536.15,556258
2021-05-28 09:53:32,2535.3,556282
2021-05-28 09:53:33,2535.0,556390
2021-05-28 09:53:34,2535.0,556392
2021-05-28 09:53:35,2535.65,556413
2021-05-28 09:53:35,2534.65,556516
2021-05-28 09:53:36,2534.65,557273
2021-05-28 09:53:38,2534.65,557273
2021-05-28 09:53:39,2535.0,557377
2021-05-28 09:53:40,2535.6,557399
2021-05-28 09:53:41,2535.9,557405
2021-05-28 09:53:42,2535.9,557405
2021-05-28 09:53:43,2535.9,557405
2021-05-28 09:53:44,2535.9,557411
2021-05-28 09:53:45,2535.9,557411
2021-05-28 09:53:45,2535.9,557411
2021-05-28 09:53:47,2535.9,557411
2021-05-28 09:53:48,2534.6,557422
2021-05-28 09:53:48,2535.8,557559
2021-05-28 09:53:49,2535.5,557569
2021-05-28 09:53:51,2535.8,557580
2021-05-28 09:53:51,2535.8,557585
2021-05-28 09:53:52,2535.8,557595
2021-05-28 09:53:54,2535.5,557646
2021-05-28 09:53:54,2535.5,557646
2021-05-28 09:53:56,2535.8,557648
2021-05-28 09:53:56,2535.8,557648
2021-05-28 09:53:57,2535.6,557674
2021-05-28 09:53:58,2535.6,557683
2021-05-28 09:53:59,2535.6,557683
2021-05-28 09:54:00,2535.6,557683
2021-05-28 09:54:02,2535.6,557706
2021-05-28 09:54:03,2535.6,557706
2021-05-28 09:54:04,2535.7,557716
2021-05-28 09:54:04,2535.6,557706
2021-05-28 09:54:05,2535.5,558213
2021-05-28 09:54:06,2535.5,558557
2021-05-28 09:54:07,2535.5,558657
2021-05-28 09:54:09,2535.55,558717
2021-05-28 09:54:09,2535.55,558717
2021-05-28 09:54:10,2535.55,558717
2021-05-28 09:54:11,2535.5,558742
2021-05-28 09:54:12,2535.55,558773
2021-05-28 09:54:13,2535.5,558833
2021-05-28 09:54:14,2535.6,559077
2021-05-28 09:54:15,2535.7,559078
2021-05-28 09:54:16,2535.7,559183
2021-05-28 09:54:17,2535.7,559246
2021-05-28 09:54:18,2535.65,559269
2021-05-28 09:54:20,2535.8,559685
2021-05-28 09:54:21,2536.0,559935
2021-05-28 09:54:22,2536.0,560022
2021-05-28 09:54:23,2536.0,560022
2021-05-28 09:54:24,2537.0,560105
2021-05-28 09:54:25,2537.0,560125
2021-05-28 09:54:25,2537.0,560125
2021-05-28 09:54:26,2536.2,560142
2021-05-28 09:54:27,2536.2,560142
2021-05-28 09:54:28,2536.2,560148
2021-05-28 09:54:29,2536.2,560148
2021-05-28 09:54:31,2536.5,560199
2021-05-28 09:54:33,2536.5,560199
2021-05-28 09:54:32,2536.5,560199
2021-05-28 09:54:34,2536.5,560210
2021-05-28 09:54:35,2536.5,560375
2021-05-28 09:54:36,2536.5,560375
2021-05-28 09:54:37,2537.0,560380
2021-05-28 09:54:38,2537.0,560380
2021-05-28 09:54:39,2537.0,560428
2021-05-28 09:54:39,2537.0,560428
2021-05-28 09:54:40,2537.0,560428
2021-05-28 09:54:41,2537.0,560428
2021-05-28 09:54:42,2537.0,560428
2021-05-28 09:54:43,2537.0,560428
2021-05-28 09:54:44,2537.0,560543
2021-05-28 09:54:45,2537.0,560544
2021-05-28 09:54:46,2537.0,560559
2021-05-28 09:54:47,2537.0,560610
2021-05-28 09:54:49,2537.0,560611
2021-05-28 09:54:50,2537.0,560614
2021-05-28 09:54:51,2537.0,560614
2021-05-28 09:54:51,2537.0,560841
2021-05-28 09:54:52,2537.0,560843
2021-05-28 09:54:53,2537.0,560843
2021-05-28 09:54:54,2537.0,560843
2021-05-28 09:54:55,2537.0,560844
2021-05-28 09:54:56,2537.0,560844
2021-05-28 09:54:57,2537.0,560844
2021-05-28 09:54:58,2537.0,560853
2021-05-28 09:54:59,2537.0,560858
2021-05-28 09:55:00,2537.55,560868
2021-05-28 09:55:02,2537.55,560868
2021-05-28 09:55:04,2537.55,560888
2021-05-28 09:55:05,2537.55,560888
2021-05-28 09:55:06,2537.0,560938
2021-05-28 09:55:07,2537.05,560988
2021-05-28 09:55:08,2538.0,561271
2021-05-28 09:55:09,2538.0,561271
2021-05-28 09:55:10,2537.0,561492
2021-05-28 09:55:11,2537.75,561495
2021-05-28 09:55:12,2537.75,561496
2021-05-28 09:55:13,2538.0,561667
2021-05-28 09:55:14,2538.0,561667
2021-05-28 09:55:14,2538.0,561667
2021-05-28 09:55:15,2537.15,561674
2021-05-28 09:55:16,2537.15,561683
2021-05-28 09:55:17,2537.95,561685
2021-05-28 09:55:18,2537.95,561685
2021-05-28 09:55:19,2537.95,561686
2021-05-28 09:55:20,2537.25,561763
2021-05-28 09:55:21,2537.25,561763
2021-05-28 09:55:22,2537.15,561813
2021-05-28 09:55:23,2537.15,561823
2021-05-28 09:55:24,2537.05,562048
2021-05-28 09:55:25,2537.05,562048
2021-05-28 09:55:26,2537.05,562054
2021-05-28 09:55:27,2537.05,562055
2021-05-28 09:55:28,2537.05,562055
2021-05-28 09:55:29,2537.05,562155
2021-05-28 09:55:30,2537.05,562384
2021-05-28 09:55:31,2537.6,562390
2021-05-28 09:55:32,2537.6,562390
2021-05-28 09:55:33,2537.6,562390
2021-05-28 09:55:34,2537.05,562468
2021-05-28 09:55:36,2537.05,562468
2021-05-28 09:55:37,2537.4,562606
2021-05-28 09:55:38,2537.4,562606
2021-05-28 09:55:39,2537.4,562656
2021-05-28 09:55:40,2537.4,562656
2021-05-28 09:55:41,2537.4,562656
2021-05-28 09:55:41,2537.2,562666
2021-05-28 09:55:42,2537.2,562666
2021-05-28 09:55:44,2537.05,563098
2021-05-28 09:55:44,2537.05,563098
2021-05-28 09:55:45,2537.05,563098
2021-05-28 09:55:46,2537.05,563098
2021-05-28 09:55:47,2537.05,563148
2021-05-28 09:55:49,2537.05,563343
2021-05-28 09:55:49,2537.05,563343
2021-05-28 09:55:50,2537.05,563344
2021-05-28 09:55:51,2537.05,563444
2021-05-28 09:55:52,2537.05,563444
2021-05-28 09:55:54,2537.05,563444
2021-05-28 09:55:55,2537.4,563450
2021-05-28 09:55:56,2537.4,563452
2021-05-28 09:55:58,2537.1,563455
2021-05-28 09:56:00,2537.2,565428
2021-05-28 09:56:01,2536.0,565651
2021-05-28 09:56:02,2536.25,565712
2021-05-28 09:56:03,2535.5,565810
2021-05-28 09:56:04,2535.5,565810
2021-05-28 09:56:05,2535.5,565810
2021-05-28 09:56:05,2535.5,565810
2021-05-28 09:56:07,2535.55,565912
2021-05-28 09:56:07,2535.5,566001
2021-05-28 09:56:09,2535.5,566011
2021-05-28 09:56:09,2535.55,566031
2021-05-28 09:56:10,2536.2,566033
2021-05-28 09:56:11,2535.55,566035
2021-05-28 09:56:12,2535.5,566256
2021-05-28 09:56:13,2535.5,566256
2021-05-28 09:56:14,2536.2,566257
2021-05-28 09:56:15,2536.2,566257
2021-05-28 09:56:16,2536.2,566257
2021-05-28 09:56:18,2535.5,566267
2021-05-28 09:56:19,2535.5,566292
2021-05-28 09:56:19,2535.5,566292
2021-05-28 09:56:21,2535.5,566302
2021-05-28 09:56:22,2535.5,566321
2021-05-28 09:56:22,2535.5,566364
2021-05-28 09:56:24,2535.25,566380
2021-05-28 09:56:25,2535.5,566382
2021-05-28 09:56:26,2535.5,566382
2021-05-28 09:56:27,2535.1,566428
2021-05-28 09:56:27,2535.1,566428
2021-05-28 09:56:29,2534.5,567246
2021-05-28 09:56:30,2534.65,567253
2021-05-28 09:56:31,2534.2,567307
2021-05-28 09:56:32,2534.2,567307
2021-05-28 09:56:33,2534.6,567317
2021-05-28 09:56:34,2534.0,567581
2021-05-28 09:56:35,2534.35,567631
2021-05-28 09:56:35,2532.95,567712
2021-05-28 09:56:36,2532.5,567831
2021-05-28 09:56:38,2532.6,567834
2021-05-28 09:56:38,2534.05,568139
2021-05-28 09:56:40,2534.0,568158
2021-05-28 09:56:41,2534.0,568158
2021-05-28 09:56:42,2534.0,568225
2021-05-28 09:56:43,2532.45,568250
2021-05-28 09:56:44,2532.25,568455
2021-05-28 09:56:45,2533.4,568466
2021-05-28 09:56:45,2533.45,568566
2021-05-28 09:56:46,2533.45,568566
2021-05-28 09:56:47,2532.45,568812
2021-05-28 09:56:48,2532.4,568852
2021-05-28 09:56:49,2533.6,569184
2021-05-28 09:56:50,2533.6,569184
2021-05-28 09:56:51,2533.1,569185
2021-05-28 09:56:53,2533.1,569188
2021-05-28 09:56:54,2533.1,569188
2021-05-28 09:56:54,2533.0,569189
2021-05-28 09:56:55,2533.0,569189
2021-05-28 09:56:56,2533.0,569194
2021-05-28 09:56:57,2533.0,569194
2021-05-28 09:56:58,2533.0,569194
2021-05-28 09:57:00,2533.05,569244
2021-05-28 09:57:01,2533.05,569319
2021-05-28 09:57:02,2533.05,569326
2021-05-28 09:57:03,2533.0,569346
2021-05-28 09:57:04,2533.1,569655
2021-05-28 09:57:05,2533.1,569655
2021-05-28 09:57:06,2534.0,569851
2021-05-28 09:57:08,2533.15,569871
2021-05-28 09:57:09,2533.15,569896
2021-05-28 09:57:10,2533.1,569964
2021-05-28 09:57:11,2532.9,570114
2021-05-28 09:57:11,2532.9,570114
2021-05-28 09:57:12,2532.9,570114
2021-05-28 09:57:14,2533.0,570414
2021-05-28 09:57:15,2533.15,570438
2021-05-28 09:57:16,2533.0,570442
2021-05-28 09:57:17,2533.0,570626
2021-05-28 09:57:18,2533.15,570627
2021-05-28 09:57:19,2533.15,570627
2021-05-28 09:57:20,2533.1,570657
2021-05-28 09:57:20,2533.1,570657
2021-05-28 09:57:21,2533.0,570808
2021-05-28 09:57:22,2533.0,570883
2021-05-28 09:57:23,2533.0,570893
2021-05-28 09:57:25,2533.0,570893
2021-05-28 09:57:26,2533.1,570908
2021-05-28 09:57:26,2533.0,570918
2021-05-28 09:57:28,2533.1,570951
2021-05-28 09:57:30,2533.1,571015
2021-05-28 09:57:31,2533.1,571035
2021-05-28 09:57:31,2533.1,571035
2021-05-28 09:57:32,2533.0,571154
2021-05-28 09:57:33,2533.0,571159
2021-05-28 09:57:35,2533.0,571180
2021-05-28 09:57:35,2533.0,571180
2021-05-28 09:57:37,2533.0,571213
2021-05-28 09:57:37,2533.1,571188
2021-05-28 09:57:38,2533.1,571214
2021-05-28 09:57:39,2533.1,571251
2021-05-28 09:57:40,2533.1,571251
2021-05-28 09:57:41,2533.0,571351
2021-05-28 09:57:42,2533.0,571451
2021-05-28 09:57:43,2533.0,571682
2021-05-28 09:57:44,2533.0,571682
2021-05-28 09:57:45,2533.0,571682
2021-05-28 09:57:47,2533.0,571794
2021-05-28 09:57:48,2533.0,571816
2021-05-28 09:57:49,2533.0,571816
2021-05-28 09:57:50,2533.0,571816
2021-05-28 09:57:51,2533.0,571830
2021-05-28 09:57:52,2533.0,572046
2021-05-28 09:57:53,2532.0,573222
2021-05-28 09:57:54,2532.0,573222
2021-05-28 09:57:55,2532.0,573222
2021-05-28 09:57:56,2531.95,573232
2021-05-28 09:57:57,2531.95,573232
2021-05-28 09:57:57,2531.95,573232
2021-05-28 09:57:58,2531.95,573232
2021-05-28 09:57:59,2531.9,573258
2021-05-28 09:58:01,2531.0,573556
2021-05-28 09:58:02,2531.0,573556
2021-05-28 09:58:02,2531.0,573556
2021-05-28 09:58:03,2531.95,573845
2021-05-28 09:58:04,2531.95,573870
2021-05-28 09:58:05,2531.9,573876
2021-05-28 09:58:06,2531.9,573876
2021-05-28 09:58:08,2531.2,573882
2021-05-28 09:58:08,2531.9,573876
2021-05-28 09:58:09,2531.25,573886
2021-05-28 09:58:10,2531.25,573899
2021-05-28 09:58:11,2531.25,573899
2021-05-28 09:58:12,2531.25,573899
2021-05-28 09:58:13,2531.25,573899
2021-05-28 09:58:14,2531.25,573899
2021-05-28 09:58:15,2531.25,573903
2021-05-28 09:58:16,2531.25,573903
2021-05-28 09:58:18,2531.25,573903
2021-05-28 09:58:18,2531.25,573903
2021-05-28 09:58:19,2531.75,573917
2021-05-28 09:58:20,2531.75,573917
2021-05-28 09:58:21,2531.25,573922
2021-05-28 09:58:22,2531.25,573932
2021-05-28 09:58:24,2531.25,573982
2021-05-28 09:58:25,2531.25,573982
2021-05-28 09:58:25,2531.25,573982
2021-05-28 09:58:26,2531.25,573982
2021-05-28 09:58:27,2531.25,573992
2021-05-28 09:58:28,2531.25,574002
2021-05-28 09:58:29,2531.2,574022
2021-05-28 09:58:30,2531.5,574032
2021-05-28 09:58:31,2531.25,574045
2021-05-28 09:58:32,2531.2,574066
2021-05-28 09:58:33,2531.15,574071
2021-05-28 09:58:35,2531.15,574091
2021-05-28 09:58:36,2531.15,574091
2021-05-28 09:58:37,2531.15,574091
2021-05-28 09:58:39,2531.2,574206
2021-05-28 09:58:38,2531.2,574093
2021-05-28 09:58:40,2531.1,574267
2021-05-28 09:58:41,2531.1,574267
2021-05-28 09:58:42,2531.1,574267
2021-05-28 09:58:43,2531.2,574270
2021-05-28 09:58:44,2531.2,574281
2021-05-28 09:58:44,2531.0,574410
2021-05-28 09:58:45,2531.0,574410
2021-05-28 09:58:46,2531.0,574420
2021-05-28 09:58:47,2530.95,574978
2021-05-28 09:58:48,2530.95,574978
2021-05-28 09:58:49,2530.45,575138
2021-05-28 09:58:51,2530.95,575200
2021-05-28 09:58:51,2530.95,575200
2021-05-28 09:58:52,2530.95,575200
2021-05-28 09:58:53,2530.95,575200
2021-05-28 09:58:54,2530.95,575200
2021-05-28 09:58:55,2531.0,575250
2021-05-28 09:58:57,2530.0,575962
2021-05-28 09:58:58,2530.0,575963
2021-05-28 09:58:59,2530.0,575963
2021-05-28 09:59:00,2530.8,575965
2021-05-28 09:59:01,2530.7,576029
2021-05-28 09:59:02,2530.85,576279
2021-05-28 09:59:03,2530.3,576289
2021-05-28 09:59:05,2530.75,576299
2021-05-28 09:59:05,2530.75,576299
2021-05-28 09:59:06,2530.65,576332
2021-05-28 09:59:07,2530.5,576357
2021-05-28 09:59:08,2530.0,576417
2021-05-28 09:59:10,2530.0,576517
2021-05-28 09:59:11,2530.65,576601
2021-05-28 09:59:12,2530.45,576693
2021-05-28 09:59:12,2530.45,576693
2021-05-28 09:59:14,2530.0,576801
2021-05-28 09:59:15,2530.45,576811
2021-05-28 09:59:16,2530.45,576811
2021-05-28 09:59:16,2530.0,576812
2021-05-28 09:59:17,2530.45,577078
2021-05-28 09:59:18,2530.45,577078
2021-05-28 09:59:20,2530.65,577128
2021-05-28 09:59:21,2530.65,577273
2021-05-28 09:59:23,2530.45,577293
2021-05-28 09:59:24,2530.65,577295
2021-05-28 09:59:25,2530.1,577322
2021-05-28 09:59:26,2530.1,577322
2021-05-28 09:59:27,2530.1,577337
2021-05-28 09:59:27,2530.1,577337
2021-05-28 09:59:29,2530.1,577346
2021-05-28 09:59:29,2530.35,577356
2021-05-28 09:59:30,2530.35,577356
2021-05-28 09:59:31,2530.15,577365
2021-05-28 09:59:32,2530.15,577372
2021-05-28 09:59:33,2530.35,577432
2021-05-28 09:59:35,2530.35,577432
2021-05-28 09:59:38,2530.05,577520
2021-05-28 09:59:39,2530.7,577685
2021-05-28 09:59:40,2530.7,577695
2021-05-28 09:59:40,2530.05,577895
2021-05-28 09:59:41,2530.7,577906
2021-05-28 09:59:42,2530.7,578106
2021-05-28 09:59:43,2530.7,578145
2021-05-28 09:59:44,2530.45,578196
2021-05-28 09:59:45,2530.45,578526
2021-05-28 09:59:46,2530.45,578526
2021-05-28 09:59:48,2530.35,578557
2021-05-28 09:59:49,2530.35,578557
2021-05-28 09:59:50,2530.7,578558
2021-05-28 09:59:51,2530.7,578558
2021-05-28 09:59:52,2530.7,578559
2021-05-28 09:59:53,2530.7,578559
2021-05-28 09:59:54,2530.65,578674
2021-05-28 09:59:55,2530.35,578784
2021-05-28 09:59:55,2530.7,578807
2021-05-28 09:59:56,2530.7,578807
2021-05-28 09:59:57,2530.7,578812
2021-05-28 09:59:58,2530.55,579120
2021-05-28 09:59:59,2530.55,579127
2021-05-28 10:00:00,2531.05,579128
2021-05-28 10:00:01,2531.05,579128
2021-05-28 10:00:02,2531.05,579128
2021-05-28 10:00:03,2531.05,579128
2021-05-28 10:00:04,2531.05,579128
2021-05-28 10:00:05,2531.0,579148
2021-05-28 10:00:06,2531.0,579149
2021-05-28 10:00:08,2531.0,579150
2021-05-28 10:00:09,2531.35,579337
2021-05-28 10:00:10,2531.0,579719
2021-05-28 10:00:11,2531.1,579812
2021-05-28 10:00:13,2530.7,580073
2021-05-28 10:00:13,2531.0,580074
2021-05-28 10:00:14,2531.0,580074
2021-05-28 10:00:15,2531.0,580074
2021-05-28 10:00:16,2531.0,580074
2021-05-28 10:00:17,2531.0,580120
2021-05-28 10:00:18,2531.0,580120
2021-05-28 10:00:19,2531.0,580120
2021-05-28 10:00:21,2530.9,580308
2021-05-28 10:00:22,2530.9,580308
2021-05-28 10:00:23,2531.65,580313
2021-05-28 10:00:25,2531.65,580326
2021-05-28 10:00:25,2531.65,580326
2021-05-28 10:00:26,2531.0,580353
2021-05-28 10:00:29,2531.0,580469
2021-05-28 10:00:28,2531.95,580459
2021-05-28 10:00:30,2531.95,580670
2021-05-28 10:00:31,2532.0,580689
2021-05-28 10:00:32,2532.0,580689
2021-05-28 10:00:33,2531.0,580725
2021-05-28 10:00:34,2531.0,580725
2021-05-28 10:00:35,2531.0,580789
2021-05-28 10:00:36,2531.0,580789
2021-05-28 10:00:37,2531.6,580791
2021-05-28 10:00:38,2531.0,580792
2021-05-28 10:00:39,2531.0,580792
2021-05-28 10:00:39,2531.6,580802
2021-05-28 10:00:41,2531.6,580866
2021-05-28 10:00:42,2531.6,580866
2021-05-28 10:00:43,2531.7,580897
2021-05-28 10:00:44,2531.7,580897
2021-05-28 10:00:44,2531.7,580897
2021-05-28 10:00:46,2531.2,580908
2021-05-28 10:00:46,2531.2,580908
2021-05-28 10:00:47,2531.65,580984
2021-05-28 10:00:48,2531.7,581049
2021-05-28 10:00:49,2531.65,581053
2021-05-28 10:00:50,2531.7,581075
2021-05-28 10:00:51,2531.65,581080
2021-05-28 10:00:52,2531.65,581080
2021-05-28 10:00:54,2531.65,581080
2021-05-28 10:00:55,2531.7,581090
2021-05-28 10:00:55,2531.65,581112
2021-05-28 10:00:57,2531.65,581153
2021-05-28 10:00:58,2531.6,581453
2021-05-28 10:00:59,2531.6,581453
2021-05-28 10:01:00,2531.35,581499
2021-05-28 10:01:01,2531.6,581821
2021-05-28 10:01:02,2531.6,581936
2021-05-28 10:01:03,2531.6,581936
2021-05-28 10:01:04,2531.6,581936
2021-05-28 10:01:05,2531.6,582035
2021-05-28 10:01:05,2531.6,582035
2021-05-28 10:01:06,2531.6,582035
2021-05-28 10:01:07,2531.65,582235
2021-05-28 10:01:08,2531.65,582235
2021-05-28 10:01:09,2531.6,582237
2021-05-28 10:01:10,2531.6,582286
2021-05-28 10:01:11,2531.65,582317
2021-05-28 10:01:12,2532.0,582368
2021-05-28 10:01:13,2532.0,582375
2021-05-28 10:01:14,2531.6,582380
2021-05-28 10:01:15,2531.6,582380
2021-05-28 10:01:17,2531.6,582380
2021-05-28 10:01:17,2531.6,582380
2021-05-28 10:01:19,2532.0,582382
2021-05-28 10:01:20,2532.0,582414
2021-05-28 10:01:21,2532.0,582414
2021-05-28 10:01:23,2531.7,582469
2021-05-28 10:01:23,2531.7,582477
2021-05-28 10:01:24,2532.0,582646
2021-05-28 10:01:25,2532.0,582648
2021-05-28 10:01:26,2532.0,583192
2021-05-28 10:01:28,2532.4,583252
2021-05-28 10:01:29,2532.4,583252
2021-05-28 10:01:30,2533.0,583262
2021-05-28 10:01:31,2533.0,583340
2021-05-28 10:01:32,2534.0,583350
2021-05-28 10:01:33,2534.0,583350
2021-05-28 10:01:34,2533.0,583460
2021-05-28 10:01:34,2533.0,583460
2021-05-28 10:01:35,2533.95,583466
2021-05-28 10:01:36,2533.95,583466
2021-05-28 10:01:37,2533.95,583466
2021-05-28 10:01:39,2533.95,583466
2021-05-28 10:01:40,2533.95,583466
2021-05-28 10:01:41,2533.95,583466
2021-05-28 10:01:41,2533.95,583466
2021-05-28 10:01:42,2533.95,583466
2021-05-28 10:01:44,2533.6,583497
2021-05-28 10:01:45,2533.6,583497
2021-05-28 10:01:45,2533.75,583585
2021-05-28 10:01:46,2533.65,583589
2021-05-28 10:01:48,2533.65,583589
2021-05-28 10:01:49,2533.65,583589
2021-05-28 10:01:50,2533.0,583707
2021-05-28 10:01:51,2533.0,583739
2021-05-28 10:01:51,2533.0,583739
2021-05-28 10:01:52,2533.65,583789
2021-05-28 10:01:53,2533.05,583796
2021-05-28 10:01:54,2533.6,584026
2021-05-28 10:01:55,2533.6,584026
2021-05-28 10:01:56,2533.0,584036
2021-05-28 10:01:58,2533.0,584039
2021-05-28 10:01:58,2533.0,584098
2021-05-28 10:01:59,2533.6,584120
2021-05-28 10:02:00,2533.6,584120
2021-05-28 10:02:02,2533.6,584120
2021-05-28 10:02:02,2533.6,584131
2021-05-28 10:02:03,2533.6,584150
2021-05-28 10:02:04,2533.6,584299
2021-05-28 10:02:05,2533.3,584349
2021-05-28 10:02:07,2533.0,584355
2021-05-28 10:02:08,2533.0,584355
2021-05-28 10:02:08,2533.0,584355
2021-05-28 10:02:09,2533.0,584355
2021-05-28 10:02:10,2533.0,584355
2021-05-28 10:02:11,2533.0,584355
2021-05-28 10:02:13,2533.3,584362
2021-05-28 10:02:13,2533.65,584462
2021-05-28 10:02:15,2533.65,584467
2021-05-28 10:02:15,2533.65,584467
2021-05-28 10:02:16,2533.65,584467
2021-05-28 10:02:17,2533.65,584467
2021-05-28 10:02:19,2533.65,584467
2021-05-28 10:02:20,2533.65,584490
2021-05-28 10:02:21,2533.65,584515
2021-05-28 10:02:22,2533.65,584573
2021-05-28 10:02:23,2533.65,584573
2021-05-28 10:02:24,2533.7,584574
2021-05-28 10:02:25,2533.65,584580
2021-05-28 10:02:26,2533.65,584580
2021-05-28 10:02:27,2533.65,584580
2021-05-28 10:02:28,2533.65,584580
2021-05-28 10:02:29,2534.45,585085
2021-05-28 10:02:30,2534.45,585085
2021-05-28 10:02:31,2534.45,585085
2021-05-28 10:02:32,2534.45,585085
2021-05-28 10:02:33,2533.65,585185
2021-05-28 10:02:34,2533.65,585209
2021-05-28 10:02:35,2533.65,585211
2021-05-28 10:02:36,2533.7,585212
2021-05-28 10:02:37,2534.6,585312
2021-05-28 10:02:38,2534.6,585312
2021-05-28 10:02:39,2534.4,585322
2021-05-28 10:02:40,2534.4,585322
2021-05-28 10:02:41,2533.9,585323
2021-05-28 10:02:42,2533.9,585323
2021-05-28 10:02:43,2533.65,585326
2021-05-28 10:02:43,2533.65,585326
2021-05-28 10:02:44,2533.65,585326
2021-05-28 10:02:45,2533.65,585326
2021-05-28 10:02:46,2533.8,585328
2021-05-28 10:02:47,2533.8,585328
2021-05-28 10:02:49,2533.8,585343
2021-05-28 10:02:50,2533.8,585343
2021-05-28 10:02:51,2533.8,585363
2021-05-28 10:02:52,2533.8,585363
2021-05-28 10:02:53,2533.55,585484
2021-05-28 10:02:54,2533.55,586213
2021-05-28 10:02:55,2533.55,587086
2021-05-28 10:02:56,2533.55,587825
2021-05-28 10:02:57,2533.55,587825
2021-05-28 10:02:57,2533.55,587825
2021-05-28 10:02:58,2533.6,587941
2021-05-28 10:02:59,2533.6,587941
2021-05-28 10:03:00,2533.5,588084
2021-05-28 10:03:01,2533.5,589081
2021-05-28 10:03:02,2533.5,589081
2021-05-28 10:03:03,2533.6,589206
2021-05-28 10:03:05,2533.6,590086
2021-05-28 10:03:06,2533.5,590156
2021-05-28 10:03:06,2533.5,590156
2021-05-28 10:03:07,2533.65,590385
2021-05-28 10:03:09,2533.5,591882
2021-05-28 10:03:10,2533.6,592036
2021-05-28 10:03:11,2533.6,592036
2021-05-28 10:03:12,2533.3,592081
2021-05-28 10:03:12,2533.3,592081
2021-05-28 10:03:13,2533.55,592097
2021-05-28 10:03:15,2533.25,592133
2021-05-28 10:03:16,2533.5,592134
2021-05-28 10:03:17,2533.5,592145
2021-05-28 10:03:18,2533.5,592145
2021-05-28 10:03:19,2533.0,592155
2021-05-28 10:03:20,2533.0,592335
2021-05-28 10:03:21,2533.0,592335
2021-05-28 10:03:22,2533.0,592335
2021-05-28 10:03:23,2533.0,592457
2021-05-28 10:03:23,2533.5,592435
2021-05-28 10:03:24,2533.0,592466
2021-05-28 10:03:25,2532.6,592611
2021-05-28 10:03:26,2533.4,592612
2021-05-28 10:03:27,2533.4,592612
2021-05-28 10:03:29,2533.4,592612
2021-05-28 10:03:30,2533.0,592668
2021-05-28 10:03:31,2533.0,592668
2021-05-28 10:03:32,2533.0,592668
2021-05-28 10:03:33,2533.0,592668
2021-05-28 10:03:34,2533.0,592668
2021-05-28 10:03:35,2533.0,592668
2021-05-28 10:03:37,2532.95,592770
2021-05-28 10:03:36,2532.2,592768
2021-05-28 10:03:38,2532.95,592770
2021-05-28 10:03:39,2532.95,592770
2021-05-28 10:03:39,2532.95,592770
2021-05-28 10:03:40,2532.8,592771
2021-05-28 10:03:41,2532.2,592783
2021-05-28 10:03:43,2532.2,592783
2021-05-28 10:03:44,2532.2,592833
2021-05-28 10:03:45,2532.2,592833
2021-05-28 10:03:46,2532.15,592839
2021-05-28 10:03:47,2532.75,592840
2021-05-28 10:03:48,2532.75,592840
2021-05-28 10:03:48,2532.75,592840
2021-05-28 10:03:50,2532.75,592840
2021-05-28 10:03:51,2532.5,592842
2021-05-28 10:03:52,2532.5,592842
2021-05-28 10:03:53,2532.5,592842
2021-05-28 10:03:55,2532.5,593042
2021-05-28 10:03:54,2532.5,592942
2021-05-28 10:03:55,2532.5,593067
2021-05-28 10:03:56,2532.5,593096
2021-05-28 10:03:58,2532.1,593138
2021-05-28 10:04:00,2532.1,593139
2021-05-28 10:04:01,2532.0,593399
2021-05-28 10:04:02,2532.0,593455
2021-05-28 10:04:03,2532.0,593455
2021-05-28 10:04:04,2532.0,593460
2021-05-28 10:04:05,2532.0,593460
2021-05-28 10:04:06,2532.0,593461
2021-05-28 10:04:07,2532.0,593761
2021-05-28 10:04:08,2532.0,593761
2021-05-28 10:04:09,2532.0,593782
2021-05-28 10:04:10,2532.0,593782
2021-05-28 10:04:11,2532.0,593782
2021-05-28 10:04:12,2532.0,593802
2021-05-28 10:04:13,2532.0,593807
2021-05-28 10:04:14,2532.0,593808
2021-05-28 10:04:15,2532.0,593809
2021-05-28 10:04:16,2532.0,593809
2021-05-28 10:04:16,2532.0,593809
2021-05-28 10:04:18,2532.0,593866
2021-05-28 10:04:19,2532.0,593866
2021-05-28 10:04:20,2532.0,593866
2021-05-28 10:04:21,2532.1,593907
2021-05-28 10:04:22,2532.5,594192
2021-05-28 10:04:23,2532.5,594201
2021-05-28 10:04:24,2532.5,594201
2021-05-28 10:04:25,2532.5,594201
2021-05-28 10:04:25,2532.0,594212
2021-05-28 10:04:26,2532.5,594214
2021-05-28 10:04:27,2532.5,594214
2021-05-28 10:04:29,2532.15,594221
2021-05-28 10:04:30,2532.15,594277
2021-05-28 10:04:31,2532.15,594277
2021-05-28 10:04:32,2532.15,594277
2021-05-28 10:04:33,2532.15,594277
2021-05-28 10:04:34,2532.15,594284
2021-05-28 10:04:34,2532.15,594285
2021-05-28 10:04:35,2532.15,594324
2021-05-28 10:04:36,2532.15,594324
2021-05-28 10:04:38,2532.15,594325
2021-05-28 10:04:39,2532.5,594448
2021-05-28 10:04:40,2532.65,594452
2021-05-28 10:04:41,2532.5,594554
2021-05-28 10:04:42,2532.5,594554
2021-05-28 10:04:42,2532.5,594554
2021-05-28 10:04:44,2532.65,594557
2021-05-28 10:04:44,2532.65,594557
2021-05-28 10:04:46,2532.5,594562
2021-05-28 10:04:47,2532.5,594562
2021-05-28 10:04:48,2532.5,594562
2021-05-28 10:04:49,2532.5,594568
2021-05-28 10:04:50,2532.5,594608
2021-05-28 10:04:50,2532.5,594618
2021-05-28 10:04:52,2532.5,594621
