timestamp,ltp,volume
2021-05-28 09:15:12,2342.95,14598
2021-05-28 09:15:13,2343.0,15420
2021-05-28 09:15:14,2344.25,15805
2021-05-28 09:15:15,2344.25,15960
2021-05-28 09:15:16,2343.35,17076
2021-05-28 09:15:17,2345.2,17317
2021-05-28 09:15:18,2346.25,17478
2021-05-28 09:15:19,2346.65,18222
2021-05-28 09:15:20,2346.65,18679
2021-05-28 09:15:21,2346.6,18914
2021-05-28 09:15:22,2347.9,19210
2021-05-28 09:15:23,2347.25,19558
2021-05-28 09:15:24,2346.45,19701
2021-05-28 09:15:25,2347.75,19840
2021-05-28 09:15:26,2346.7,19974
2021-05-28 09:15:27,2346.65,20966
2021-05-28 09:15:28,2346.65,21690
2021-05-28 09:15:29,2347.15,22210
2021-05-28 09:15:30,2346.8,22509
2021-05-28 09:15:31,2347.0,22711
2021-05-28 09:15:32,2346.75,23200
2021-05-28 09:15:33,2346.8,23473
2021-05-28 09:15:34,2346.7,23727
2021-05-28 09:15:35,2347.7,24022
2021-05-28 09:15:36,2346.7,24201
2021-05-28 09:15:37,2346.65,24468
2021-05-28 09:15:38,2346.65,25211
2021-05-28 09:15:39,2346.6,26530
2021-05-28 09:15:40,2347.5,26835
2021-05-28 09:15:41,2346.6,26931
2021-05-28 09:15:42,2346.55,27172
2021-05-28 09:15:43,2346.8,27346
2021-05-28 09:15:44,2347.95,27533
2021-05-28 09:15:45,2347.95,28308
2021-05-28 09:15:46,2348.1,28495
2021-05-28 09:15:47,2349.0,28703
2021-05-28 09:15:48,2349.15,29215
2021-05-28 09:15:49,2349.0,29316
2021-05-28 09:15:50,2349.0,29461
2021-05-28 09:15:51,2347.95,29549
2021-05-28 09:15:52,2348.0,29692
2021-05-28 09:15:53,2348.0,29733
2021-05-28 09:15:54,2348.0,29793
2021-05-28 09:15:55,2348.0,30385
2021-05-28 09:15:56,2347.5,30741
2021-05-28 09:15:57,2347.45,31521
2021-05-28 09:15:58,2347.35,31933
2021-05-28 09:15:59,2347.95,32362
2021-05-28 09:16:00,2347.1,32722
2021-05-28 09:16:01,2347.1,33005
2021-05-28 09:16:02,2346.65,33231
2021-05-28 09:16:03,2347.15,33461
2021-05-28 09:16:04,2347.35,33719
2021-05-28 09:16:04,2347.35,33648
2021-05-28 09:16:05,2346.35,34029
2021-05-28 09:16:06,2346.45,34804
2021-05-28 09:16:07,2345.75,35149
2021-05-28 09:16:08,2345.25,35367
2021-05-28 09:16:09,2345.0,36747
2021-05-28 09:16:10,2345.65,37104
2021-05-28 09:16:11,2345.7,37510
2021-05-28 09:16:12,2345.65,37784
2021-05-28 09:16:14,2345.6,38336
2021-05-28 09:16:15,2343.65,38939
2021-05-28 09:16:16,2343.65,39086
2021-05-28 09:16:17,2344.4,39123
2021-05-28 09:16:18,2343.65,39160
2021-05-28 09:16:19,2344.7,39169
2021-05-28 09:16:20,2343.65,39287
2021-05-28 09:16:21,2343.95,39450
2021-05-28 09:16:23,2343.7,39568
2021-05-28 09:16:24,2345.8,39792
2021-05-28 09:16:25,2345.75,40011
2021-05-28 09:16:26,2345.4,40283
2021-05-28 09:16:27,2345.35,40507
2021-05-28 09:16:28,2346.7,40643
2021-05-28 09:16:28,2346.6,40699
2021-05-28 09:16:29,2346.25,40791
2021-05-28 09:16:30,2346.95,41669
2021-05-28 09:16:32,2347.15,42050
2021-05-28 09:16:33,2345.95,42267
2021-05-28 09:16:34,2347.4,42377
2021-05-28 09:16:35,2346.15,42420
2021-05-28 09:16:36,2346.95,42645
2021-05-28 09:16:37,2345.4,43103
2021-05-28 09:16:38,2343.9,43738
2021-05-28 09:16:39,2347.0,44087
2021-05-28 09:16:40,2347.0,44512
2021-05-28 09:16:41,2346.9,44665
2021-05-28 09:16:42,2347.1,45173
2021-05-28 09:16:43,2348.0,45479
2021-05-28 09:16:44,2346.75,46577
2021-05-28 09:16:45,2346.85,47041
2021-05-28 09:16:46,2347.85,47122
2021-05-28 09:16:47,2348.0,47400
2021-05-28 09:16:48,2349.55,48258
2021-05-28 09:16:49,2349.55,48554
2021-05-28 09:16:50,2348.65,49212
2021-05-28 09:16:52,2350.0,50523
2021-05-28 09:16:53,2348.7,50917
2021-05-28 09:16:54,2348.8,51162
2021-05-28 09:16:55,2349.7,51377
2021-05-28 09:16:56,2348.5,51541
2021-05-28 09:16:56,2348.2,51580
2021-05-28 09:16:57,2348.0,51650
2021-05-28 09:16:58,2347.4,51888
2021-05-28 09:16:59,2347.4,52072
2021-05-28 09:17:00,2348.2,52370
2021-05-28 09:17:01,2348.2,52603
2021-05-28 09:17:02,2348.2,52853
2021-05-28 09:17:03,2348.2,53260
2021-05-28 09:17:05,2348.2,53480
2021-05-28 09:17:06,2347.7,53794
2021-05-28 09:17:07,2347.45,53958
2021-05-28 09:17:08,2348.1,54053
2021-05-28 09:17:09,2348.95,54085
2021-05-28 09:17:10,2348.95,54234
2021-05-28 09:17:11,2348.1,54329
2021-05-28 09:17:12,2349.1,54369
2021-05-28 09:17:13,2349.15,54474
2021-05-28 09:17:14,2348.95,54500
2021-05-28 09:17:15,2348.95,54626
2021-05-28 09:17:16,2349.05,54734
2021-05-28 09:17:17,2349.1,54778
2021-05-28 09:17:18,2348.95,55337
2021-05-28 09:17:19,2349.2,55565
2021-05-28 09:17:20,2348.45,56220
2021-05-28 09:17:21,2349.25,56744
2021-05-28 09:17:22,2348.45,57012
2021-05-28 09:17:23,2348.45,57389
2021-05-28 09:17:24,2348.45,57480
2021-05-28 09:17:25,2348.45,57493
2021-05-28 09:17:26,2347.5,57587
2021-05-28 09:17:27,2348.45,57646
2021-05-28 09:17:28,2347.7,57682
2021-05-28 09:17:29,2348.65,57710
2021-05-28 09:17:30,2347.65,57750
2021-05-28 09:17:31,2347.7,57891
2021-05-28 09:17:32,2348.45,57965
2021-05-28 09:17:33,2348.45,58130
2021-05-28 09:17:34,2348.45,58251
2021-05-28 09:17:35,2347.75,58305
2021-05-28 09:17:36,2348.4,58335
2021-05-28 09:17:37,2348.2,58468
2021-05-28 09:17:38,2347.35,58659
2021-05-28 09:17:39,2347.85,58801
2021-05-28 09:17:40,2347.35,59292
2021-05-28 09:17:41,2347.7,59478
2021-05-28 09:17:43,2347.4,60013
2021-05-28 09:17:44,2347.4,60051
2021-05-28 09:17:45,2347.4,60072
2021-05-28 09:17:46,2347.35,60213
2021-05-28 09:17:46,2347.4,60186
2021-05-28 09:17:47,2347.4,60327
2021-05-28 09:17:48,2347.4,60385
2021-05-28 09:17:49,2347.4,60398
2021-05-28 09:17:50,2347.4,60440
2021-05-28 09:17:51,2347.4,61015
2021-05-28 09:17:52,2346.15,62205
2021-05-28 09:17:53,2346.15,63640
2021-05-28 09:17:54,2346.15,64080
2021-05-28 09:17:55,2346.15,64430
2021-05-28 09:17:56,2347.15,64478
2021-05-28 09:17:57,2347.3,64762
2021-05-28 09:17:59,2347.5,64881
2021-05-28 09:18:01,2347.0,65407
2021-05-28 09:18:04,2347.0,65719
2021-05-28 09:18:05,2347.0,65752
2021-05-28 09:18:06,2347.0,65761
2021-05-28 09:18:08,2347.3,65799
2021-05-28 09:18:09,2347.3,65799
2021-05-28 09:18:10,2346.0,66642
2021-05-28 09:18:11,2346.0,66653
2021-05-28 09:18:12,2346.0,66688
2021-05-28 09:18:13,2346.0,66908
2021-05-28 09:18:14,2345.65,67231
2021-05-28 09:18:15,2345.65,67345
2021-05-28 09:18:16,2346.55,67411
2021-05-28 09:18:17,2346.55,67715
2021-05-28 09:18:18,2345.3,67730
2021-05-28 09:18:19,2345.3,67730
2021-05-28 09:18:20,2346.2,68245
2021-05-28 09:18:21,2346.35,68459
2021-05-28 09:18:22,2345.4,68485
2021-05-28 09:18:22,2345.4,68485
2021-05-28 09:18:24,2346.35,68797
2021-05-28 09:18:25,2347.0,68982
2021-05-28 09:18:26,2347.15,69087
2021-05-28 09:18:27,2346.0,69287
2021-05-28 09:18:28,2345.9,69492
2021-05-28 09:18:28,2347.15,69499
2021-05-28 09:18:29,2344.95,70945
2021-05-28 09:18:30,2346.3,71281
2021-05-28 09:18:31,2346.3,71361
2021-05-28 09:18:32,2345.55,71375
2021-05-28 09:18:33,2345.55,71453
2021-05-28 09:18:34,2345.55,71453
2021-05-28 09:18:35,2346.25,71486
2021-05-28 09:18:36,2346.3,71526
2021-05-28 09:18:37,2345.5,71560
2021-05-28 09:18:38,2345.9,71568
2021-05-28 09:18:39,2345.9,71583
2021-05-28 09:18:40,2345.9,71697
2021-05-28 09:18:41,2345.9,71723
2021-05-28 09:18:43,2345.9,71734
2021-05-28 09:18:44,2345.1,72084
2021-05-28 09:18:45,2345.5,72123
2021-05-28 09:18:46,2344.75,73428
2021-05-28 09:18:47,2344.8,73435
2021-05-28 09:18:48,2344.85,73512
2021-05-28 09:18:49,2345.4,73690
2021-05-28 09:18:50,2344.85,73844
2021-05-28 09:18:51,2344.25,74015
2021-05-28 09:18:52,2343.6,74058
2021-05-28 09:18:53,2344.15,74070
2021-05-28 09:18:54,2344.15,74130
2021-05-28 09:18:55,2344.15,74220
2021-05-28 09:18:57,2344.45,74298
2021-05-28 09:18:58,2344.45,74298
2021-05-28 09:18:59,2346.2,74516
2021-05-28 09:18:59,2346.0,74558
2021-05-28 09:19:00,2346.0,75011
2021-05-28 09:19:01,2346.0,75382
2021-05-28 09:19:02,2346.85,75384
2021-05-28 09:19:03,2347.3,75431
2021-05-28 09:19:04,2347.0,75441
2021-05-28 09:19:06,2347.3,75447
2021-05-28 09:19:07,2347.0,75713
2021-05-28 09:19:08,2347.0,75820
2021-05-28 09:19:09,2347.4,75850
2021-05-28 09:19:10,2347.4,75868
2021-05-28 09:19:11,2347.3,75888
2021-05-28 09:19:12,2347.0,75909
2021-05-28 09:19:13,2348.0,76046
2021-05-28 09:19:14,2347.4,76145
2021-05-28 09:19:15,2348.0,76274
2021-05-28 09:19:16,2348.55,77009
2021-05-28 09:19:17,2347.8,77358
2021-05-28 09:19:18,2348.65,77360
2021-05-28 09:19:19,2348.7,77660
2021-05-28 09:19:21,2349.0,78093
2021-05-28 09:19:20,2348.9,77894
2021-05-28 09:19:22,2348.6,78552
2021-05-28 09:19:23,2348.65,78590
2021-05-28 09:19:24,2347.8,78731
2021-05-28 09:19:25,2348.25,79049
2021-05-28 09:19:26,2347.4,79150
2021-05-28 09:19:27,2348.25,79160
2021-05-28 09:19:28,2348.25,79182
2021-05-28 09:19:29,2348.45,79470
2021-05-28 09:19:30,2348.45,79609
2021-05-28 09:19:31,2347.8,79735
2021-05-28 09:19:32,2348.45,79757
2021-05-28 09:19:33,2348.45,79778
2021-05-28 09:19:34,2348.25,79879
2021-05-28 09:19:35,2348.3,79885
2021-05-28 09:19:36,2348.45,79900
2021-05-28 09:19:37,2348.45,80001
2021-05-28 09:19:38,2348.45,80002
2021-05-28 09:19:39,2348.35,80145
2021-05-28 09:19:40,2348.25,80175
2021-05-28 09:19:41,2348.25,80401
2021-05-28 09:19:42,2348.35,80453
2021-05-28 09:19:43,2348.25,80588
2021-05-28 09:19:44,2348.4,80668
2021-05-28 09:19:45,2347.8,81944
2021-05-28 09:19:46,2348.15,82188
2021-05-28 09:19:47,2348.15,82188
2021-05-28 09:19:48,2348.8,83058
2021-05-28 09:19:49,2348.75,83060
2021-05-28 09:19:50,2349.0,83322
2021-05-28 09:19:51,2349.0,84446
2021-05-28 09:19:52,2349.55,84771
2021-05-28 09:19:53,2349.45,85106
2021-05-28 09:19:54,2349.0,85183
2021-05-28 09:19:55,2349.65,85190
2021-05-28 09:19:56,2349.45,85284
2021-05-28 09:19:57,2349.65,85305
2021-05-28 09:19:58,2349.2,85533
2021-05-28 09:19:59,2349.2,85638
2021-05-28 09:20:00,2348.75,85881
2021-05-28 09:20:01,2349.0,85916
2021-05-28 09:20:02,2348.8,86169
2021-05-28 09:20:03,2348.8,86316
2021-05-28 09:20:04,2348.8,86316
2021-05-28 09:20:05,2349.25,86412
2021-05-28 09:20:06,2349.2,86436
2021-05-28 09:20:07,2349.0,86492
2021-05-28 09:20:08,2349.2,86497
2021-05-28 09:20:09,2349.2,86497
2021-05-28 09:20:10,2348.7,86797
2021-05-28 09:20:11,2349.0,86901
2021-05-28 09:20:12,2348.7,86914
2021-05-28 09:20:13,2349.0,86945
2021-05-28 09:20:14,2348.7,86994
2021-05-28 09:20:15,2348.7,87233
2021-05-28 09:20:16,2348.7,87233
2021-05-28 09:20:17,2348.7,87366
2021-05-28 09:20:18,2348.65,87607
2021-05-28 09:20:19,2348.65,87746
2021-05-28 09:20:20,2348.4,88053
2021-05-28 09:20:21,2346.7,88445
2021-05-28 09:20:22,2347.45,88606
2021-05-28 09:20:23,2347.6,88615
2021-05-28 09:20:24,2347.95,88616
2021-05-28 09:20:25,2347.9,88797
2021-05-28 09:20:27,2347.9,88837
2021-05-28 09:20:28,2346.85,89029
2021-05-28 09:20:29,2346.9,89045
2021-05-28 09:20:30,2346.9,89045
2021-05-28 09:20:31,2347.95,89191
2021-05-28 09:20:32,2347.95,89191
2021-05-28 09:20:33,2347.85,89221
2021-05-28 09:20:34,2347.9,89301
2021-05-28 09:20:35,2347.9,89301
2021-05-28 09:20:36,2347.95,89410
2021-05-28 09:20:37,2347.35,89437
2021-05-28 09:20:38,2346.95,89466
2021-05-28 09:20:39,2346.95,89466
2021-05-28 09:20:40,2346.9,89516
2021-05-28 09:20:41,2347.35,89517
2021-05-28 09:20:42,2347.35,89517
2021-05-28 09:20:43,2347.35,89517
2021-05-28 09:20:44,2346.95,89789
2021-05-28 09:20:46,2343.5,93009
2021-05-28 09:20:47,2342.25,93362
2021-05-28 09:20:48,2342.1,94342
2021-05-28 09:20:49,2341.2,95951
2021-05-28 09:20:50,2341.0,96113
2021-05-28 09:20:51,2341.6,96456
2021-05-28 09:20:52,2341.2,96482
2021-05-28 09:20:53,2341.35,96512
2021-05-28 09:20:54,2341.1,96565
2021-05-28 09:20:55,2341.35,96674
2021-05-28 09:20:56,2341.0,96679
2021-05-28 09:20:57,2341.2,96687
2021-05-28 09:20:58,2341.2,96687
2021-05-28 09:20:59,2341.35,96799
2021-05-28 09:21:00,2340.7,96824
2021-05-28 09:21:01,2340.7,96964
2021-05-28 09:21:02,2341.35,97083
2021-05-28 09:21:03,2341.0,97223
2021-05-28 09:21:04,2341.0,97294
2021-05-28 09:21:05,2341.35,97954
2021-05-28 09:21:06,2341.35,97960
2021-05-28 09:21:07,2340.85,98098
2021-05-28 09:21:08,2341.35,98100
2021-05-28 09:21:09,2340.7,98152
2021-05-28 09:21:10,2341.1,98267
2021-05-28 09:21:11,2340.85,98317
2021-05-28 09:21:12,2340.85,98317
2021-05-28 09:21:13,2338.6,99703
2021-05-28 09:21:14,2339.6,99900
2021-05-28 09:21:15,2339.8,99925
2021-05-28 09:21:16,2339.85,99933
2021-05-28 09:21:18,2339.6,99954
2021-05-28 09:21:19,2339.5,99959
2021-05-28 09:21:20,2339.5,99982
2021-05-28 09:21:21,2338.65,100000
2021-05-28 09:21:22,2338.65,100177
2021-05-28 09:21:23,2338.55,100191
2021-05-28 09:21:24,2339.55,100353
2021-05-28 09:21:25,2338.55,100365
2021-05-28 09:21:26,2338.55,100445
2021-05-28 09:21:27,2339.8,100676
2021-05-28 09:21:28,2339.9,100980
2021-05-28 09:21:29,2339.7,101157
2021-05-28 09:21:30,2339.0,101162
2021-05-28 09:21:31,2339.65,101314
2021-05-28 09:21:32,2339.7,101347
2021-05-28 09:21:33,2339.7,101369
2021-05-28 09:21:34,2339.15,101479
2021-05-28 09:21:35,2339.15,101479
2021-05-28 09:21:36,2339.7,101741
2021-05-28 09:21:37,2339.7,101741
2021-05-28 09:21:38,2339.7,101989
2021-05-28 09:21:39,2339.6,102036
2021-05-28 09:21:40,2339.6,102044
2021-05-28 09:21:41,2339.65,102061
2021-05-28 09:21:42,2339.6,102191
2021-05-28 09:21:43,2339.65,102211
2021-05-28 09:21:44,2339.6,102331
2021-05-28 09:21:45,2339.4,102590
2021-05-28 09:21:46,2340.75,103107
2021-05-28 09:21:47,2339.6,103357
2021-05-28 09:21:48,2340.3,103359
2021-05-28 09:21:49,2339.45,103413
2021-05-28 09:21:50,2339.6,103424
2021-05-28 09:21:51,2340.3,103427
2021-05-28 09:21:52,2339.5,103528
2021-05-28 09:21:53,2340.75,103786
2021-05-28 09:21:54,2339.6,103837
2021-05-28 09:21:55,2340.75,103845
2021-05-28 09:21:56,2339.55,103846
2021-05-28 09:21:57,2340.75,103848
2021-05-28 09:21:58,2340.75,103878
2021-05-28 09:21:59,2340.75,103878
2021-05-28 09:22:00,2340.75,103888
2021-05-28 09:22:01,2340.75,103898
2021-05-28 09:22:02,2340.75,103900
2021-05-28 09:22:03,2340.75,103900
2021-05-28 09:22:04,2340.75,103938
2021-05-28 09:22:05,2340.75,103966
2021-05-28 09:22:06,2340.75,103967
2021-05-28 09:22:07,2340.75,103979
2021-05-28 09:22:08,2340.75,103989
2021-05-28 09:22:09,2340.4,103991
2021-05-28 09:22:10,2340.4,103991
2021-05-28 09:22:11,2340.4,104117
2021-05-28 09:22:12,2340.4,104117
2021-05-28 09:22:13,2340.05,104402
2021-05-28 09:22:14,2341.2,105524
2021-05-28 09:22:15,2341.2,105524
2021-05-28 09:22:16,2341.2,105524
2021-05-28 09:22:17,2341.8,105589
2021-05-28 09:22:18,2341.8,105589
2021-05-28 09:22:19,2341.8,105589
2021-05-28 09:22:20,2341.85,105591
2021-05-28 09:22:21,2341.65,105865
2021-05-28 09:22:22,2341.85,105867
2021-05-28 09:22:23,2341.8,105881
2021-05-28 09:22:24,2341.7,106097
2021-05-28 09:22:25,2342.45,106163
2021-05-28 09:22:26,2342.45,106165
2021-05-28 09:22:27,2342.45,106178
2021-05-28 09:22:28,2342.45,106178
2021-05-28 09:22:29,2342.35,106180
2021-05-28 09:22:30,2342.4,106182
2021-05-28 09:22:31,2342.4,106202
2021-05-28 09:22:32,2342.4,106324
2021-05-28 09:22:33,2342.4,106324
2021-05-28 09:22:35,2342.4,106324
2021-05-28 09:22:34,2342.4,106324
2021-05-28 09:22:36,2342.4,106324
2021-05-28 09:22:37,2342.4,106326
2021-05-28 09:22:38,2342.4,106326
2021-05-28 09:22:39,2342.25,106339
2021-05-28 09:22:40,2342.25,106354
2021-05-28 09:22:41,2342.25,106356
2021-05-28 09:22:42,2342.25,106356
2021-05-28 09:22:43,2342.25,106356
2021-05-28 09:22:44,2341.75,107174
2021-05-28 09:22:45,2342.05,107176
2021-05-28 09:22:46,2342.0,107177
2021-05-28 09:22:47,2342.0,107177
2021-05-28 09:22:48,2342.05,107227
2021-05-28 09:22:49,2342.0,107238
2021-05-28 09:22:50,2342.05,107344
2021-05-28 09:22:51,2342.0,107585
2021-05-28 09:22:52,2342.8,107830
2021-05-28 09:22:53,2342.05,107833
2021-05-28 09:22:54,2342.05,107852
2021-05-28 09:22:55,2342.05,107852
2021-05-28 09:22:56,2342.05,107852
2021-05-28 09:22:57,2342.05,107853
2021-05-28 09:22:58,2341.85,108049
2021-05-28 09:22:59,2341.85,108081
2021-05-28 09:23:00,2342.05,108207
2021-05-28 09:23:01,2342.0,108755
2021-05-28 09:23:02,2341.95,108786
2021-05-28 09:23:03,2341.95,108786
2021-05-28 09:23:04,2342.05,108886
2021-05-28 09:23:05,2342.05,108893
2021-05-28 09:23:06,2342.05,108893
2021-05-28 09:23:11,2341.95,109209
2021-05-28 09:23:12,2341.6,109261
2021-05-28 09:23:13,2341.95,109272
2021-05-28 09:23:14,2341.85,109287
2021-05-28 09:23:15,2341.85,109326
2021-05-28 09:23:16,2341.6,109336
2021-05-28 09:23:17,2341.8,110079
2021-05-28 09:23:18,2341.0,110422
2021-05-28 09:23:19,2341.05,110554
2021-05-28 09:23:20,2341.0,110826
2021-05-28 09:23:21,2340.85,110950
2021-05-28 09:23:22,2340.85,111143
2021-05-28 09:23:23,2341.2,111389
2021-05-28 09:23:24,2341.25,111390
2021-05-28 09:23:25,2341.25,111394
2021-05-28 09:23:26,2341.25,111394
2021-05-28 09:23:27,2341.25,111394
2021-05-28 09:23:28,2341.25,111394
2021-05-28 09:23:29,2341.75,111414
2021-05-28 09:23:30,2341.25,111415
2021-05-28 09:23:31,2341.25,111528
2021-05-28 09:23:32,2341.25,111528
2021-05-28 09:23:33,2341.75,111542
2021-05-28 09:23:34,2341.25,111548
2021-05-28 09:23:35,2341.75,111557
2021-05-28 09:23:36,2341.75,111557
2021-05-28 09:23:37,2341.75,111564
2021-05-28 09:23:38,2341.6,111570
2021-05-28 09:23:39,2341.6,111570
2021-05-28 09:23:40,2341.6,111570
2021-05-28 09:23:41,2341.5,111572
2021-05-28 09:23:42,2341.5,111627
2021-05-28 09:23:43,2341.25,111661
2021-05-28 09:23:44,2341.25,111661
2021-05-28 09:23:45,2341.25,111716
2021-05-28 09:23:46,2341.25,111716
2021-05-28 09:23:47,2341.25,111718
2021-05-28 09:23:49,2341.25,111721
2021-05-28 09:23:50,2341.2,111842
2021-05-28 09:23:51,2341.2,112015
2021-05-28 09:23:52,2341.05,112228
2021-05-28 09:23:53,2341.0,112472
2021-05-28 09:23:54,2340.5,112759
2021-05-28 09:23:55,2340.2,112871
2021-05-28 09:23:56,2339.5,113701
2021-05-28 09:23:58,2340.05,113986
2021-05-28 09:23:59,2339.0,114116
2021-05-28 09:24:00,2338.75,114117
2021-05-28 09:24:01,2338.75,114119
2021-05-28 09:24:02,2339.0,114142
2021-05-28 09:24:03,2339.0,114149
2021-05-28 09:24:04,2339.0,114180
2021-05-28 09:24:05,2339.0,114192
2021-05-28 09:24:06,2339.0,114199
2021-05-28 09:24:07,2339.0,114209
2021-05-28 09:24:08,2339.0,114333
2021-05-28 09:24:09,2338.9,114443
2021-05-28 09:24:10,2338.9,114445
2021-05-28 09:24:11,2338.9,114455
2021-05-28 09:24:12,2338.9,114458
2021-05-28 09:24:13,2338.8,114649
2021-05-28 09:24:14,2338.75,114846
2021-05-28 09:24:15,2338.7,114866
2021-05-28 09:24:16,2338.75,114925
2021-05-28 09:24:17,2338.75,114994
2021-05-28 09:24:18,2338.75,114994
2021-05-28 09:24:19,2338.75,115044
2021-05-28 09:24:20,2338.7,115206
2021-05-28 09:24:21,2338.75,115234
2021-05-28 09:24:22,2338.7,115236
2021-05-28 09:24:23,2338.8,115376
2021-05-28 09:24:24,2338.8,115391
2021-05-28 09:24:25,2338.7,115402
2021-05-28 09:24:26,2338.7,115402
2021-05-28 09:24:27,2339.6,116244
2021-05-28 09:24:28,2339.95,116249
2021-05-28 09:24:29,2340.0,116360
2021-05-28 09:24:30,2340.35,116402
2021-05-28 09:24:31,2340.3,116403
2021-05-28 09:24:32,2340.3,116432
2021-05-28 09:24:33,2340.0,116452
2021-05-28 09:24:34,2340.0,116456
2021-05-28 09:24:35,2340.0,116456
2021-05-28 09:24:36,2340.0,116463
2021-05-28 09:24:37,2340.3,116466
2021-05-28 09:24:38,2340.0,116501
2021-05-28 09:24:39,2340.15,116559
2021-05-28 09:24:40,2340.15,116563
2021-05-28 09:24:41,2340.15,116568
2021-05-28 09:24:42,2340.15,116583
2021-05-28 09:24:43,2339.95,116998
2021-05-28 09:24:44,2340.0,117063
2021-05-28 09:24:46,2340.0,117722
2021-05-28 09:24:47,2340.8,118355
2021-05-28 09:24:48,2340.9,118466
2021-05-28 09:24:49,2340.9,118466
2021-05-28 09:24:50,2340.95,118467
2021-05-28 09:24:51,2341.0,118468
2021-05-28 09:24:52,2340.85,118494
2021-05-28 09:24:53,2340.85,118494
2021-05-28 09:24:54,2341.0,118495
2021-05-28 09:24:55,2340.8,118518
2021-05-28 09:24:56,2340.15,118519
2021-05-28 09:24:57,2340.15,118519
2021-05-28 09:24:58,2340.95,118521
2021-05-28 09:24:59,2341.0,118596
2021-05-28 09:25:00,2340.75,118723
2021-05-28 09:25:01,2340.15,118724
2021-05-28 09:25:02,2340.15,118724
2021-05-28 09:25:03,2340.7,118736
2021-05-28 09:25:04,2340.65,118757
2021-05-28 09:25:05,2340.2,118817
2021-05-28 09:25:06,2340.75,118948
2021-05-28 09:25:07,2340.75,118964
2021-05-28 09:25:08,2340.75,119024
2021-05-28 09:25:09,2340.75,119034
2021-05-28 09:25:10,2340.5,119039
2021-05-28 09:25:11,2340.5,119539
2021-05-28 09:25:12,2340.5,119539
2021-05-28 09:25:13,2340.5,119591
2021-05-28 09:25:14,2339.85,120520
2021-05-28 09:25:15,2339.95,120565
2021-05-28 09:25:16,2339.95,120591
2021-05-28 09:25:17,2339.95,120675
2021-05-28 09:25:18,2339.95,120677
2021-05-28 09:25:19,2338.9,120894
2021-05-28 09:25:20,2340.1,120944
2021-05-28 09:25:21,2340.75,120978
2021-05-28 09:25:22,2340.0,121081
2021-05-28 09:25:23,2339.0,121095
2021-05-28 09:25:24,2339.95,121104
2021-05-28 09:25:25,2339.0,121105
2021-05-28 09:25:26,2339.95,121125
2021-05-28 09:25:27,2339.95,121147
2021-05-28 09:25:28,2339.95,121147
2021-05-28 09:25:29,2339.0,121152
2021-05-28 09:25:30,2339.95,121161
2021-05-28 09:25:31,2339.95,121165
2021-05-28 09:25:32,2339.0,121187
2021-05-28 09:25:33,2339.0,121195
2021-05-28 09:25:34,2339.0,121195
2021-05-28 09:25:35,2339.95,121196
2021-05-28 09:25:36,2339.95,121196
2021-05-28 09:25:37,2339.95,121200
2021-05-28 09:25:38,2339.0,121220
2021-05-28 09:25:39,2339.5,121276
2021-05-28 09:25:40,2339.5,121286
2021-05-28 09:25:41,2339.0,121291
2021-05-28 09:25:42,2339.0,121291
2021-05-28 09:25:43,2339.5,121295
2021-05-28 09:25:44,2339.0,121915
2021-05-28 09:25:46,2339.5,121942
2021-05-28 09:25:45,2339.0,121937
2021-05-28 09:25:47,2339.0,121965
2021-05-28 09:25:48,2339.0,121981
2021-05-28 09:25:49,2339.0,122004
2021-05-28 09:25:50,2339.0,122004
2021-05-28 09:25:51,2339.0,122014
2021-05-28 09:25:52,2338.95,122042
2021-05-28 09:25:53,2338.95,122143
2021-05-28 09:25:54,2339.5,122247
2021-05-28 09:25:55,2339.5,122252
2021-05-28 09:25:56,2339.5,122552
2021-05-28 09:25:57,2339.5,122612
2021-05-28 09:25:58,2339.9,122613
2021-05-28 09:25:59,2339.9,122613
2021-05-28 09:26:00,2340.1,122641
2021-05-28 09:26:01,2339.1,122660
2021-05-28 09:26:02,2339.9,122665
2021-05-28 09:26:03,2339.95,122675
2021-05-28 09:26:04,2339.1,122676
2021-05-28 09:26:05,2339.1,122676
2021-05-28 09:26:06,2339.1,122676
2021-05-28 09:26:07,2339.15,122677
2021-05-28 09:26:08,2339.25,122678
2021-05-28 09:26:09,2339.1,122932
2021-05-28 09:26:10,2339.1,123227
2021-05-28 09:26:11,2339.1,123233
2021-05-28 09:26:12,2339.5,123260
2021-05-28 09:26:13,2339.1,123261
2021-05-28 09:26:14,2339.1,123394
2021-05-28 09:26:15,2339.1,123920
2021-05-28 09:26:16,2339.5,124018
2021-05-28 09:26:17,2339.5,124051
2021-05-28 09:26:18,2339.5,124051
2021-05-28 09:26:19,2339.5,124056
2021-05-28 09:26:20,2339.3,124071
2021-05-28 09:26:21,2339.5,124076
2021-05-28 09:26:22,2339.5,124076
2021-05-28 09:26:23,2339.5,124107
2021-05-28 09:26:24,2339.5,124109
2021-05-28 09:26:25,2339.5,124121
2021-05-28 09:26:26,2339.5,124121
2021-05-28 09:26:27,2339.5,124170
2021-05-28 09:26:28,2339.55,124176
2021-05-28 09:26:29,2339.55,124176
2021-05-28 09:26:30,2339.55,124176
2021-05-28 09:26:31,2340.0,124194
2021-05-28 09:26:32,2340.0,124194
2021-05-28 09:26:33,2340.0,124251
2021-05-28 09:26:34,2340.0,124251
2021-05-28 09:26:35,2340.0,124251
2021-05-28 09:26:36,2340.0,124292
2021-05-28 09:26:37,2340.0,124292
2021-05-28 09:26:38,2340.0,124292
2021-05-28 09:26:39,2339.8,124357
2021-05-28 09:26:40,2339.8,124359
2021-05-28 09:26:41,2339.8,124359
2021-05-28 09:26:42,2339.8,124361
2021-05-28 09:26:43,2339.8,124429
2021-05-28 09:26:44,2339.55,124604
2021-05-28 09:26:45,2339.5,124646
2021-05-28 09:26:46,2339.5,124711
2021-05-28 09:26:47,2339.55,124848
2021-05-28 09:26:48,2339.5,124866
2021-05-28 09:26:49,2339.5,124866
2021-05-28 09:26:50,2340.75,125914
2021-05-28 09:26:51,2340.05,125930
2021-05-28 09:26:52,2341.05,125977
2021-05-28 09:26:53,2339.85,125994
2021-05-28 09:26:54,2340.7,126000
2021-05-28 09:26:55,2339.75,126001
2021-05-28 09:26:56,2340.7,126006
2021-05-28 09:26:57,2340.7,126006
2021-05-28 09:26:58,2340.7,126007
2021-05-28 09:26:59,2341.2,126177
2021-05-28 09:27:00,2341.2,126177
2021-05-28 09:27:01,2340.25,126182
2021-05-28 09:27:02,2341.2,126194
2021-05-28 09:27:03,2342.0,127206
2021-05-28 09:27:04,2342.0,127290
2021-05-28 09:27:05,2340.9,127403
2021-05-28 09:27:06,2341.95,127446
2021-05-28 09:27:07,2341.95,127446
2021-05-28 09:27:08,2341.85,127656
2021-05-28 09:27:09,2340.9,127690
2021-05-28 09:27:10,2340.9,127754
2021-05-28 09:27:11,2341.0,127809
2021-05-28 09:27:12,2341.6,127855
2021-05-28 09:27:13,2340.9,127863
2021-05-28 09:27:14,2340.9,127875
2021-05-28 09:27:15,2341.55,128044
2021-05-28 09:27:16,2341.65,128045
2021-05-28 09:27:17,2341.65,128045
2021-05-28 09:27:18,2341.65,128045
2021-05-28 09:27:19,2341.65,128045
2021-05-28 09:27:20,2341.0,128072
2021-05-28 09:27:21,2341.0,128072
2021-05-28 09:27:22,2340.9,128267
2021-05-28 09:27:23,2340.85,128537
2021-05-28 09:27:24,2339.0,129567
2021-05-28 09:27:25,2338.3,129705
2021-05-28 09:27:26,2339.25,130064
2021-05-28 09:27:27,2338.95,130156
2021-05-28 09:27:28,2337.1,130512
2021-05-28 09:27:29,2338.6,130662
2021-05-28 09:27:30,2338.3,130704
2021-05-28 09:27:31,2338.05,130831
2021-05-28 09:27:32,2338.3,130832
2021-05-28 09:27:33,2338.1,130834
2021-05-28 09:27:34,2338.1,130865
2021-05-28 09:27:35,2338.55,130866
2021-05-28 09:27:36,2338.2,130884
2021-05-28 09:27:37,2338.6,131174
2021-05-28 09:27:38,2338.15,131190
2021-05-28 09:27:39,2338.5,131200
2021-05-28 09:27:40,2338.5,131212
2021-05-28 09:27:41,2338.05,131246
2021-05-28 09:27:42,2338.5,131273
2021-05-28 09:27:43,2338.15,131448
2021-05-28 09:27:44,2338.05,131496
2021-05-28 09:27:46,2338.15,131603
2021-05-28 09:27:47,2338.15,131603
2021-05-28 09:27:48,2338.15,131620
2021-05-28 09:27:49,2338.15,131620
2021-05-28 09:27:50,2338.0,131754
2021-05-28 09:27:51,2337.85,131814
2021-05-28 09:27:52,2337.8,131827
2021-05-28 09:27:53,2337.85,131830
2021-05-28 09:27:54,2337.85,131830
2021-05-28 09:27:55,2337.8,131889
2021-05-28 09:27:56,2337.6,131894
2021-05-28 09:27:57,2337.85,131904
2021-05-28 09:27:58,2337.85,132004
2021-05-28 09:27:59,2337.85,132004
2021-05-28 09:28:00,2337.85,132004
2021-05-28 09:28:01,2337.85,132015
2021-05-28 09:28:02,2337.0,132030
2021-05-28 09:28:03,2337.85,132065
2021-05-28 09:28:04,2337.85,132184
2021-05-28 09:28:05,2337.85,132185
2021-05-28 09:28:06,2337.1,132220
2021-05-28 09:28:07,2337.85,132313
2021-05-28 09:28:08,2336.85,132330
2021-05-28 09:28:09,2337.45,132337
2021-05-28 09:28:10,2337.45,132337
2021-05-28 09:28:11,2337.45,132337
2021-05-28 09:28:12,2337.0,132345
2021-05-28 09:28:13,2337.1,132380
2021-05-28 09:28:14,2337.0,132395
2021-05-28 09:28:15,2337.0,132705
2021-05-28 09:28:16,2337.0,132949
2021-05-28 09:28:17,2337.0,132949
2021-05-28 09:28:18,2337.1,132951
2021-05-28 09:28:19,2338.0,132979
2021-05-28 09:28:20,2338.0,132979
2021-05-28 09:28:21,2338.0,132981
2021-05-28 09:28:22,2338.0,132982
2021-05-28 09:28:23,2338.0,133007
2021-05-28 09:28:24,2338.0,133057
2021-05-28 09:28:25,2338.0,133058
2021-05-28 09:28:26,2338.0,133064
2021-05-28 09:28:27,2337.95,133070
2021-05-28 09:28:28,2337.95,133070
2021-05-28 09:28:29,2337.95,133121
2021-05-28 09:28:30,2337.95,133156
2021-05-28 09:28:31,2337.95,133156
2021-05-28 09:28:32,2337.95,133166
2021-05-28 09:28:33,2337.95,133229
2021-05-28 09:28:34,2337.15,133284
2021-05-28 09:28:35,2337.95,133338
2021-05-28 09:28:36,2337.95,133354
2021-05-28 09:28:37,2337.95,133354
2021-05-28 09:28:38,2337.55,133447
2021-05-28 09:28:39,2337.55,133447
2021-05-28 09:28:42,2338.0,133901
2021-05-28 09:28:43,2338.0,133901
2021-05-28 09:28:44,2338.0,133901
2021-05-28 09:28:45,2338.0,133923
2021-05-28 09:28:46,2338.0,134000
2021-05-28 09:28:47,2337.45,134013
2021-05-28 09:28:48,2338.0,134114
2021-05-28 09:28:49,2338.0,134115
2021-05-28 09:28:50,2338.0,134115
2021-05-28 09:28:51,2338.0,134115
2021-05-28 09:28:52,2338.6,134617
2021-05-28 09:28:53,2339.0,134618
2021-05-28 09:28:54,2339.0,134619
2021-05-28 09:28:55,2339.0,134619
2021-05-28 09:28:56,2337.8,135171
2021-05-28 09:28:57,2338.0,135192
2021-05-28 09:28:58,2338.0,135193
2021-05-28 09:28:59,2339.0,135217
2021-05-28 09:29:00,2338.0,135272
2021-05-28 09:29:01,2339.0,135284
2021-05-28 09:29:02,2339.0,135284
2021-05-28 09:29:03,2339.0,135288
2021-05-28 09:29:04,2338.1,135369
2021-05-28 09:29:05,2338.1,135382
2021-05-28 09:29:06,2339.0,135527
2021-05-28 09:29:07,2339.0,135564
2021-05-28 09:29:08,2338.15,135607
2021-05-28 09:29:09,2338.15,135612
2021-05-28 09:29:10,2338.6,135637
2021-05-28 09:29:11,2338.6,135656
2021-05-28 09:29:13,2338.6,135730
2021-05-28 09:29:14,2338.25,135844
2021-05-28 09:29:15,2338.25,135844
2021-05-28 09:29:16,2338.2,135867
2021-05-28 09:29:17,2338.2,135867
2021-05-28 09:29:18,2338.25,135944
2021-05-28 09:29:19,2338.25,136144
2021-05-28 09:29:20,2338.25,136250
2021-05-28 09:29:21,2338.2,136492
2021-05-28 09:29:22,2339.0,137653
2021-05-28 09:29:24,2338.6,137839
2021-05-28 09:29:25,2339.0,137892
2021-05-28 09:29:26,2338.35,137940
2021-05-28 09:29:27,2339.0,137941
2021-05-28 09:29:28,2339.0,137941
2021-05-28 09:29:29,2339.0,137988
2021-05-28 09:29:30,2338.35,137997
2021-05-28 09:29:31,2338.35,138177
2021-05-28 09:29:32,2338.35,138215
2021-05-28 09:29:33,2339.0,138227
2021-05-28 09:29:34,2339.0,138248
2021-05-28 09:29:35,2338.35,138252
2021-05-28 09:29:36,2338.35,138252
2021-05-28 09:29:37,2338.35,138252
2021-05-28 09:29:38,2339.0,138284
2021-05-28 09:29:39,2338.7,138353
2021-05-28 09:29:40,2338.4,138466
2021-05-28 09:29:41,2338.4,138485
2021-05-28 09:29:42,2338.4,138485
2021-05-28 09:29:43,2338.7,138572
2021-05-28 09:29:44,2338.4,138863
2021-05-28 09:29:45,2338.35,138870
2021-05-28 09:29:46,2338.4,138920
2021-05-28 09:29:47,2338.4,138920
2021-05-28 09:29:48,2338.4,138935
2021-05-28 09:29:49,2338.4,138935
2021-05-28 09:29:50,2338.4,138943
2021-05-28 09:29:51,2338.4,139166
2021-05-28 09:29:52,2339.0,139274
2021-05-28 09:29:53,2339.0,139274
2021-05-28 09:29:54,2339.0,139274
2021-05-28 09:29:55,2339.0,139274
2021-05-28 09:29:56,2339.0,139274
2021-05-28 09:29:57,2339.0,139284
2021-05-28 09:29:58,2338.4,139287
2021-05-28 09:30:00,2339.0,139312
2021-05-28 09:29:59,2339.0,139312
2021-05-28 09:30:01,2339.0,139322
2021-05-28 09:30:02,2338.4,139342
2021-05-28 09:30:03,2338.4,139442
2021-05-28 09:30:04,2339.0,139495
2021-05-28 09:30:05,2339.0,139495
2021-05-28 09:30:06,2339.0,139500
2021-05-28 09:30:07,2338.45,139530
2021-05-28 09:30:08,2339.0,139540
2021-05-28 09:30:09,2338.75,139550
2021-05-28 09:30:10,2338.75,139570
2021-05-28 09:30:11,2338.75,139612
2021-05-28 09:30:12,2338.75,139612
2021-05-28 09:30:13,2338.5,139637
2021-05-28 09:30:14,2338.5,139688
2021-05-28 09:30:15,2338.5,139699
2021-05-28 09:30:16,2338.5,139704
2021-05-28 09:30:20,2338.45,140089
2021-05-28 09:30:21,2338.45,140089
2021-05-28 09:30:23,2338.5,140293
2021-05-28 09:30:24,2338.5,140293
2021-05-28 09:30:25,2338.5,140294
2021-05-28 09:30:26,2338.5,140424
2021-05-28 09:30:27,2338.5,140429
2021-05-28 09:30:28,2338.5,140450
2021-05-28 09:30:29,2338.5,140450
2021-05-28 09:30:30,2338.5,140450
2021-05-28 09:30:31,2338.3,140607
2021-05-28 09:30:32,2338.3,140607
2021-05-28 09:30:33,2338.5,140608
2021-05-28 09:30:34,2338.5,140611
2021-05-28 09:30:35,2338.5,140611
2021-05-28 09:30:36,2338.3,140799
2021-05-28 09:30:37,2338.5,140819
2021-05-28 09:30:38,2338.3,140835
2021-05-28 09:30:39,2338.4,141006
2021-05-28 09:30:40,2338.4,141009
2021-05-28 09:30:41,2338.4,141009
2021-05-28 09:30:42,2338.4,141009
2021-05-28 09:30:43,2338.4,141093
2021-05-28 09:30:44,2338.05,141314
2021-05-28 09:30:45,2338.05,141314
2021-05-28 09:30:46,2338.0,141792
2021-05-28 09:30:47,2338.1,141900
2021-05-28 09:30:48,2338.1,141900
2021-05-28 09:30:49,2338.1,142105
2021-05-28 09:30:50,2337.15,142142
2021-05-28 09:30:51,2337.1,142157
2021-05-28 09:30:52,2337.05,142172
2021-05-28 09:30:53,2338.1,142197
2021-05-28 09:30:54,2338.1,142198
2021-05-28 09:30:55,2338.0,142248
2021-05-28 09:30:56,2338.0,142248
2021-05-28 09:30:58,2338.0,142248
2021-05-28 09:30:57,2338.0,142248
2021-05-28 09:30:59,2338.1,142349
2021-05-28 09:31:01,2338.1,142378
2021-05-28 09:31:02,2337.25,142388
2021-05-28 09:31:03,2338.0,142425
2021-05-28 09:31:04,2338.0,142425
2021-05-28 09:31:05,2338.0,142425
2021-05-28 09:31:06,2338.0,142425
2021-05-28 09:31:07,2338.0,142430
2021-05-28 09:31:08,2338.0,142430
2021-05-28 09:31:09,2337.75,142436
2021-05-28 09:31:10,2337.5,142445
2021-05-28 09:31:11,2337.75,142446
2021-05-28 09:31:13,2337.75,142717
2021-05-28 09:31:12,2337.75,142691
2021-05-28 09:31:14,2337.2,143479
2021-05-28 09:31:15,2337.75,143485
2021-05-28 09:31:16,2337.75,143485
2021-05-28 09:31:17,2338.35,143817
2021-05-28 09:31:18,2338.35,143818
2021-05-28 09:31:19,2338.35,143818
2021-05-28 09:31:20,2338.35,143818
2021-05-28 09:31:21,2338.35,143818
2021-05-28 09:31:22,2338.35,143818
2021-05-28 09:31:23,2338.0,143833
2021-05-28 09:31:24,2338.0,143833
2021-05-28 09:31:25,2337.2,143883
2021-05-28 09:31:26,2337.2,143883
2021-05-28 09:31:28,2338.0,143911
2021-05-28 09:31:27,2337.1,143899
2021-05-28 09:31:29,2337.0,143931
2021-05-28 09:31:30,2337.0,143931
2021-05-28 09:31:31,2338.0,144181
2021-05-28 09:31:32,2336.8,145142
2021-05-28 09:31:33,2336.8,145276
2021-05-28 09:31:35,2336.8,145412
2021-05-28 09:31:36,2336.75,145475
2021-05-28 09:31:37,2336.6,145541
2021-05-28 09:31:38,2337.1,145597
2021-05-28 09:31:39,2336.4,145598
2021-05-28 09:31:40,2336.8,145603
2021-05-28 09:31:41,2336.8,145609
2021-05-28 09:31:42,2336.15,145615
2021-05-28 09:31:43,2335.9,145942
2021-05-28 09:31:44,2335.5,146003
2021-05-28 09:31:45,2335.45,146004
2021-05-28 09:31:46,2335.35,146571
2021-05-28 09:31:47,2335.25,146630
2021-05-28 09:31:49,2335.3,146765
2021-05-28 09:31:49,2335.3,146765
2021-05-28 09:31:50,2335.25,146767
2021-05-28 09:31:51,2336.35,146847
2021-05-28 09:31:52,2336.35,146849
2021-05-28 09:31:53,2335.05,146851
2021-05-28 09:31:54,2336.0,146864
2021-05-28 09:31:55,2336.3,146868
2021-05-28 09:31:56,2335.2,147036
2021-05-28 09:31:57,2335.1,147046
2021-05-28 09:31:58,2335.05,147055
2021-05-28 09:31:59,2335.05,147064
2021-05-28 09:32:00,2336.0,147255
2021-05-28 09:32:01,2336.0,147255
2021-05-28 09:32:02,2335.5,147362
2021-05-28 09:32:03,2335.05,147397
2021-05-28 09:32:04,2335.95,147398
2021-05-28 09:32:05,2335.95,147712
2021-05-28 09:32:06,2335.95,147722
2021-05-28 09:32:07,2335.95,147755
2021-05-28 09:32:08,2335.5,147758
2021-05-28 09:32:09,2335.5,147758
2021-05-28 09:32:10,2335.5,147791
2021-05-28 09:32:11,2335.5,147816
2021-05-28 09:32:12,2335.5,147816
2021-05-28 09:32:13,2335.5,147816
2021-05-28 09:32:14,2335.1,147841
2021-05-28 09:32:15,2335.25,147857
2021-05-28 09:32:16,2335.25,147860
2021-05-28 09:32:17,2335.05,147974
2021-05-28 09:32:19,2334.7,152272
2021-05-28 09:32:21,2334.7,152478
2021-05-28 09:32:21,2334.6,152504
2021-05-28 09:32:22,2334.5,152562
2021-05-28 09:32:23,2334.4,152632
2021-05-28 09:32:24,2334.5,152666
2021-05-28 09:32:25,2334.5,152666
2021-05-28 09:32:27,2334.1,152787
2021-05-28 09:32:27,2334.1,152787
2021-05-28 09:32:28,2334.3,152792
2021-05-28 09:32:29,2334.3,152792
2021-05-28 09:32:30,2334.3,152792
2021-05-28 09:32:31,2334.3,152794
2021-05-28 09:32:32,2333.85,153160
2021-05-28 09:32:33,2334.3,153172
2021-05-28 09:32:34,2333.8,153173
2021-05-28 09:32:35,2333.75,153206
2021-05-28 09:32:37,2333.6,153225
2021-05-28 09:32:38,2334.25,153266
2021-05-28 09:32:38,2334.25,153266
2021-05-28 09:32:40,2334.0,153272
2021-05-28 09:32:40,2334.0,153272
2021-05-28 09:32:42,2334.15,153744
2021-05-28 09:32:43,2334.15,153748
2021-05-28 09:32:44,2334.0,153787
2021-05-28 09:32:45,2334.15,153797
2021-05-28 09:32:46,2334.95,153986
2021-05-28 09:32:47,2335.1,153990
2021-05-28 09:32:48,2335.1,153992
2021-05-28 09:32:49,2335.1,153993
2021-05-28 09:32:50,2335.1,153993
2021-05-28 09:32:51,2335.1,154015
2021-05-28 09:32:52,2335.1,154017
2021-05-28 09:32:53,2335.1,154042
2021-05-28 09:32:54,2335.1,154042
2021-05-28 09:32:55,2335.1,154042
2021-05-28 09:32:56,2335.0,154059
2021-05-28 09:32:57,2335.1,154080
2021-05-28 09:32:58,2335.1,154090
2021-05-28 09:32:59,2335.25,154182
2021-05-28 09:33:00,2335.25,154193
2021-05-28 09:33:03,2335.25,154195
2021-05-28 09:33:03,2335.25,154381
2021-05-28 09:33:05,2335.25,154503
2021-05-28 09:33:06,2335.25,154553
2021-05-28 09:33:06,2335.25,154553
2021-05-28 09:33:08,2335.25,154555
2021-05-28 09:33:08,2335.25,154555
2021-05-28 09:33:10,2335.2,154602
2021-05-28 09:33:11,2336.0,154604
2021-05-28 09:33:11,2336.0,154614
2021-05-28 09:33:12,2336.0,154614
2021-05-28 09:33:14,2336.0,154619
2021-05-28 09:33:15,2336.0,154619
2021-05-28 09:33:16,2336.0,154639
2021-05-28 09:33:16,2336.0,154639
2021-05-28 09:33:17,2336.0,154639
2021-05-28 09:33:18,2336.0,154640
2021-05-28 09:33:19,2336.0,154641
2021-05-28 09:33:20,2335.5,154645
2021-05-28 09:33:22,2336.0,154710
2021-05-28 09:33:22,2336.0,154710
2021-05-28 09:33:24,2336.0,154715
2021-05-28 09:33:25,2336.0,154720
2021-05-28 09:33:25,2336.0,154720
2021-05-28 09:33:27,2336.0,154751
2021-05-28 09:33:28,2336.0,154751
2021-05-28 09:33:29,2336.4,154763
2021-05-28 09:33:30,2336.4,154948
2021-05-28 09:33:30,2336.0,154788
2021-05-28 09:33:32,2336.4,154949
2021-05-28 09:33:33,2336.0,154974
2021-05-28 09:33:34,2336.4,154980
2021-05-28 09:33:34,2336.4,154980
2021-05-28 09:33:36,2335.8,155311
2021-05-28 09:33:36,2335.8,155311
2021-05-28 09:33:38,2335.8,155311
2021-05-28 09:33:38,2335.8,155311
2021-05-28 09:33:40,2336.15,155337
2021-05-28 09:33:41,2336.15,155337
2021-05-28 09:33:42,2336.15,155337
2021-05-28 09:33:43,2336.0,155463
2021-05-28 09:33:44,2335.8,155775
2021-05-28 09:33:45,2335.8,155775
2021-05-28 09:33:45,2335.85,155777
2021-05-28 09:33:46,2335.85,155883
2021-05-28 09:33:47,2335.85,155883
2021-05-28 09:33:48,2335.85,155903
2021-05-28 09:33:51,2335.85,155914
2021-05-28 09:33:53,2335.85,155914
2021-05-28 09:33:53,2335.85,155914
2021-05-28 09:33:54,2335.65,155953
2021-05-28 09:33:56,2335.7,155965
2021-05-28 09:33:57,2335.65,155971
2021-05-28 09:33:58,2335.7,156017
2021-05-28 09:33:59,2335.7,156023
2021-05-28 09:33:59,2335.65,156055
2021-05-28 09:34:00,2335.25,156765
2021-05-28 09:34:02,2335.1,156881
2021-05-28 09:34:02,2335.05,156882
2021-05-28 09:34:03,2335.0,156883
2021-05-28 09:34:05,2335.45,156888
2021-05-28 09:34:05,2335.45,156888
2021-05-28 09:34:07,2335.45,156888
2021-05-28 09:34:08,2335.05,156902
2021-05-28 09:34:09,2335.0,157510
2021-05-28 09:34:10,2335.15,157511
2021-05-28 09:34:11,2335.25,157613
2021-05-28 09:34:12,2335.25,157613
2021-05-28 09:34:12,2335.1,157620
2021-05-28 09:34:13,2335.25,157910
2021-05-28 09:34:14,2335.4,157916
2021-05-28 09:34:15,2334.7,158119
2021-05-28 09:34:16,2335.0,158121
2021-05-28 09:34:17,2335.35,158154
2021-05-28 09:34:18,2335.35,158154
2021-05-28 09:34:19,2335.35,158166
2021-05-28 09:34:21,2335.35,158178
2021-05-28 09:34:22,2335.25,158186
2021-05-28 09:34:23,2335.25,158186
2021-05-28 09:34:23,2335.25,158186
2021-05-28 09:34:24,2335.0,158235
2021-05-28 09:34:25,2335.35,158305
2021-05-28 09:34:26,2335.35,158305
2021-05-28 09:34:27,2334.75,158318
2021-05-28 09:34:28,2334.75,158341
2021-05-28 09:34:29,2334.75,158341
2021-05-28 09:34:30,2335.0,158344
2021-05-28 09:34:31,2335.0,158353
2021-05-28 09:34:32,2335.0,158355
2021-05-28 09:34:33,2334.5,158406
2021-05-28 09:34:35,2334.75,158426
2021-05-28 09:34:36,2334.5,158436
2021-05-28 09:34:37,2334.75,158437
2021-05-28 09:34:38,2334.65,158530
2021-05-28 09:34:38,2334.75,158517
2021-05-28 09:34:39,2334.65,158562
2021-05-28 09:34:40,2334.65,158609
2021-05-28 09:34:42,2334.65,158912
2021-05-28 09:34:42,2334.65,158912
2021-05-28 09:34:44,2334.1,159649
2021-05-28 09:34:45,2334.5,159826
2021-05-28 09:34:46,2334.5,159826
2021-05-28 09:34:47,2334.5,159849
2021-05-28 09:34:48,2334.5,159851
2021-05-28 09:34:49,2334.0,159853
2021-05-28 09:34:49,2334.0,159853
2021-05-28 09:34:50,2334.5,159855
2021-05-28 09:34:51,2334.5,159992
2021-05-28 09:34:52,2334.5,159993
2021-05-28 09:34:54,2334.5,160024
2021-05-28 09:34:55,2334.5,160024
2021-05-28 09:34:56,2334.5,160034
2021-05-28 09:34:56,2334.5,160034
2021-05-28 09:34:57,2334.5,160044
2021-05-28 09:34:59,2334.9,160254
2021-05-28 09:35:00,2334.5,160255
2021-05-28 09:35:00,2334.5,160255
2021-05-28 09:35:02,2334.5,160370
2021-05-28 09:35:03,2334.5,160448
2021-05-28 09:35:03,2334.5,160448
2021-05-28 09:35:05,2334.5,160483
2021-05-28 09:35:05,2334.5,160483
2021-05-28 09:35:06,2334.5,160524
2021-05-28 09:35:07,2334.5,160524
2021-05-28 09:35:08,2334.5,160525
2021-05-28 09:35:09,2334.15,160535
2021-05-28 09:35:10,2334.35,160570
2021-05-28 09:35:11,2334.35,160580
2021-05-28 09:35:13,2334.35,160580
2021-05-28 09:35:12,2334.35,160580
2021-05-28 09:35:15,2334.2,160613
2021-05-28 09:35:16,2334.2,160653
2021-05-28 09:35:17,2334.2,160753
2021-05-28 09:35:17,2334.2,160753
2021-05-28 09:35:18,2334.5,160836
2021-05-28 09:35:19,2335.1,160854
2021-05-28 09:35:20,2335.1,160854
2021-05-28 09:35:21,2335.1,160854
2021-05-28 09:35:23,2335.1,160904
2021-05-28 09:35:24,2335.1,160904
2021-05-28 09:35:25,2334.5,160943
2021-05-28 09:35:26,2334.5,160943
2021-05-28 09:35:27,2334.5,160943
2021-05-28 09:35:28,2334.5,160943
2021-05-28 09:35:29,2334.5,160943
2021-05-28 09:35:30,2335.45,160993
2021-05-28 09:35:31,2335.1,161010
2021-05-28 09:35:32,2335.1,161027
2021-05-28 09:35:33,2335.1,161043
2021-05-28 09:35:34,2335.1,161043
2021-05-28 09:35:35,2335.1,161068
2021-05-28 09:35:36,2335.0,161128
2021-05-28 09:35:37,2335.1,161130
2021-05-28 09:35:38,2335.1,161208
2021-05-28 09:35:39,2335.05,161223
2021-05-28 09:35:40,2335.05,161224
2021-05-28 09:35:41,2335.05,161226
2021-05-28 09:35:42,2335.1,161428
2021-05-28 09:35:43,2335.45,161435
2021-05-28 09:35:45,2335.45,161441
2021-05-28 09:35:46,2335.45,161506
2021-05-28 09:35:46,2335.45,161515
2021-05-28 09:35:48,2336.0,161525
2021-05-28 09:35:49,2336.0,161614
2021-05-28 09:35:50,2335.5,161631
2021-05-28 09:35:51,2336.0,161633
2021-05-28 09:35:52,2335.5,161694
2021-05-28 09:35:53,2336.0,161696
2021-05-28 09:35:54,2336.4,161750
2021-05-28 09:35:55,2336.4,161750
2021-05-28 09:35:56,2336.4,161750
2021-05-28 09:35:57,2336.4,161753
2021-05-28 09:35:57,2336.4,161750
2021-05-28 09:35:58,2336.4,161754
2021-05-28 09:35:59,2336.4,161807
2021-05-28 09:36:00,2336.0,162047
2021-05-28 09:36:02,2336.0,162047
2021-05-28 09:36:02,2336.0,162047
2021-05-28 09:36:03,2336.0,162047
2021-05-28 09:36:05,2336.0,162047
2021-05-28 09:36:06,2336.4,162154
2021-05-28 09:36:06,2336.0,162047
2021-05-28 09:36:08,2336.4,162214
2021-05-28 09:36:09,2336.0,162321
2021-05-28 09:36:10,2336.0,162321
2021-05-28 09:36:12,2336.2,162330
2021-05-28 09:36:13,2336.2,162330
2021-05-28 09:36:13,2336.0,162525
2021-05-28 09:36:15,2336.0,162554
2021-05-28 09:36:16,2336.0,162554
2021-05-28 09:36:16,2336.0,162554
2021-05-28 09:36:17,2336.0,162555
2021-05-28 09:36:18,2335.95,162669
2021-05-28 09:36:19,2336.0,162683
2021-05-28 09:36:21,2335.85,162686
2021-05-28 09:36:22,2335.85,162686
2021-05-28 09:36:22,2335.85,162686
2021-05-28 09:36:24,2335.85,162686
2021-05-28 09:36:24,2336.0,162706
2021-05-28 09:36:25,2336.0,162706
2021-05-28 09:36:26,2335.85,162712
2021-05-28 09:36:27,2336.0,162734
2021-05-28 09:36:28,2336.0,162796
2021-05-28 09:36:29,2336.8,162801
2021-05-28 09:36:30,2336.75,162802
2021-05-28 09:36:31,2336.75,162802
2021-05-28 09:36:33,2336.0,162857
2021-05-28 09:36:34,2336.0,162857
2021-05-28 09:36:35,2336.7,162860
2021-05-28 09:36:36,2336.7,162860
2021-05-28 09:36:37,2336.7,162861
2021-05-28 09:36:37,2336.7,162861
2021-05-28 09:36:39,2336.7,162862
2021-05-28 09:36:39,2336.0,162874
2021-05-28 09:36:40,2336.0,162874
2021-05-28 09:36:41,2336.35,162896
2021-05-28 09:36:42,2336.35,162896
2021-05-28 09:36:43,2336.35,162942
2021-05-28 09:36:44,2336.0,163242
2021-05-28 09:36:45,2336.35,163245
2021-05-28 09:36:46,2336.3,163247
2021-05-28 09:36:47,2336.35,163267
2021-05-28 09:36:48,2336.35,163267
2021-05-28 09:36:49,2336.35,163267
2021-05-28 09:36:50,2336.95,163467
2021-05-28 09:36:51,2336.95,163467
2021-05-28 09:36:52,2336.95,163467
2021-05-28 09:36:53,2336.95,163484
2021-05-28 09:36:54,2336.95,163496
2021-05-28 09:36:56,2336.95,163497
2021-05-28 09:36:57,2336.95,163497
2021-05-28 09:36:58,2336.95,163537
2021-05-28 09:36:59,2336.95,163541
2021-05-28 09:37:00,2336.95,163541
2021-05-28 09:37:01,2336.95,163672
2021-05-28 09:37:02,2336.95,163672
2021-05-28 09:37:03,2336.95,163683
2021-05-28 09:37:04,2336.95,163683
2021-05-28 09:37:05,2336.95,163683
2021-05-28 09:37:06,2336.95,163733
2021-05-28 09:37:08,2336.95,163877
2021-05-28 09:37:08,2336.8,163997
2021-05-28 09:37:09,2337.6,164114
2021-05-28 09:37:11,2337.65,164523
2021-05-28 09:37:12,2337.65,164523
2021-05-28 09:37:12,2337.65,164523
2021-05-28 09:37:13,2338.0,164562
2021-05-28 09:37:14,2338.0,164573
2021-05-28 09:37:15,2338.0,164576
2021-05-28 09:37:16,2338.0,164596
2021-05-28 09:37:17,2338.0,164598
2021-05-28 09:37:18,2338.0,164599
2021-05-28 09:37:19,2338.0,164619
2021-05-28 09:37:20,2338.0,164619
2021-05-28 09:37:21,2338.0,164619
2021-05-28 09:37:22,2338.0,164629
2021-05-28 09:37:23,2338.0,164629
2021-05-28 09:37:24,2338.0,164630
2021-05-28 09:37:25,2338.0,164710
2021-05-28 09:37:26,2338.0,164726
2021-05-28 09:37:27,2338.0,164731
2021-05-28 09:37:28,2338.0,164736
2021-05-28 09:37:29,2337.65,164740
2021-05-28 09:37:30,2337.65,164740
2021-05-28 09:37:31,2337.65,164740
2021-05-28 09:37:32,2337.65,164740
2021-05-28 09:37:33,2338.0,164771
2021-05-28 09:37:34,2338.0,164774
2021-05-28 09:37:35,2338.0,164775
2021-05-28 09:37:36,2337.65,164780
2021-05-28 09:37:40,2337.85,164855
2021-05-28 09:37:43,2337.65,165004
2021-05-28 09:37:46,2337.85,165227
2021-05-28 09:37:49,2337.85,165245
2021-05-28 09:37:52,2337.85,165638
2021-05-28 09:37:55,2338.0,165755
2021-05-28 09:37:58,2338.65,165764
2021-05-28 09:38:01,2338.6,165809
2021-05-28 09:38:04,2338.6,165835
2021-05-28 09:38:07,2338.6,165855
2021-05-28 09:38:11,2338.3,166067
2021-05-28 09:38:14,2338.0,166276
2021-05-28 09:38:17,2338.0,166341
2021-05-28 09:38:21,2337.75,166389
2021-05-28 09:38:24,2337.7,166502
2021-05-28 09:38:27,2337.75,166687
2021-05-28 09:38:31,2337.75,166837
2021-05-28 09:38:34,2337.75,166845
2021-05-28 09:38:37,2337.75,167011
2021-05-28 09:38:40,2337.7,167089
2021-05-28 09:38:43,2337.7,167103
2021-05-28 09:38:47,2337.65,167138
2021-05-28 09:38:50,2337.65,167178
2021-05-28 09:38:53,2337.65,167340
2021-05-28 09:38:57,2338.55,167517
2021-05-28 09:39:00,2338.55,167578
2021-05-28 09:39:03,2337.6,167675
2021-05-28 09:39:07,2338.45,167696
2021-05-28 09:39:10,2338.35,167697
2021-05-28 09:39:13,2337.75,167947
2021-05-28 09:39:17,2337.75,168038
2021-05-28 09:39:20,2338.05,168086
2021-05-28 09:39:23,2338.0,168099
2021-05-28 09:39:26,2338.0,168139
2021-05-28 09:39:29,2338.75,168239
2021-05-28 09:39:32,2338.8,168249
2021-05-28 09:39:35,2338.8,168277
2021-05-28 09:39:38,2338.55,168340
2021-05-28 09:39:41,2338.55,168354
2021-05-28 09:39:44,2338.45,168583
2021-05-28 09:39:47,2338.55,168638
2021-05-28 09:39:51,2338.5,168871
2021-05-28 09:39:54,2338.45,168946
2021-05-28 09:39:58,2339.5,169232
2021-05-28 09:40:01,2339.5,169499
2021-05-28 09:40:04,2339.5,169499
2021-05-28 09:40:07,2339.5,169501
2021-05-28 09:40:11,2339.45,169502
2021-05-28 09:40:14,2339.4,169643
2021-05-28 09:40:18,2339.35,169704
2021-05-28 09:40:21,2339.4,169827
2021-05-28 09:40:24,2339.3,169883
2021-05-28 09:40:27,2339.5,169963
2021-05-28 09:40:30,2339.5,169963
2021-05-28 09:40:33,2339.5,170192
2021-05-28 09:40:37,2339.35,170272
2021-05-28 09:40:40,2339.4,170287
2021-05-28 09:40:43,2339.4,170318
2021-05-28 09:40:46,2339.4,170573
2021-05-28 09:40:49,2339.3,170595
2021-05-28 09:40:52,2339.4,170655
2021-05-28 09:40:56,2339.2,170964
2021-05-28 09:41:00,2339.25,171094
2021-05-28 09:41:03,2339.3,171139
2021-05-28 09:41:07,2339.2,171154
2021-05-28 09:41:10,2339.2,171256
2021-05-28 09:41:13,2339.2,171256
2021-05-28 09:41:16,2339.15,171309
2021-05-28 09:41:20,2339.15,171368
2021-05-28 09:41:23,2339.0,171472
2021-05-28 09:41:26,2339.1,171586
2021-05-28 09:41:29,2339.1,171586
2021-05-28 09:41:32,2339.1,171623
2021-05-28 09:41:35,2339.0,171626
2021-05-28 09:41:39,2339.1,171642
2021-05-28 09:41:42,2339.05,171646
2021-05-28 09:41:45,2339.0,172190
2021-05-28 09:41:48,2339.0,172340
2021-05-28 09:41:51,2339.0,172340
2021-05-28 09:41:54,2338.9,172413
2021-05-28 09:41:57,2338.9,172434
2021-05-28 09:42:00,2339.0,172438
2021-05-28 09:42:03,2339.0,172449
2021-05-28 09:42:06,2339.0,172463
2021-05-28 09:42:09,2339.0,172473
2021-05-28 09:42:12,2338.95,172511
2021-05-28 09:42:15,2338.9,172728
2021-05-28 09:42:18,2338.9,172742
2021-05-28 09:42:21,2338.8,172870
2021-05-28 09:42:24,2338.9,172871
2021-05-28 09:42:28,2338.9,172888
2021-05-28 09:42:31,2338.9,172890
2021-05-28 09:42:34,2338.9,173002
2021-05-28 09:42:37,2338.8,173112
2021-05-28 09:42:40,2338.75,173159
2021-05-28 09:42:43,2338.75,173247
2021-05-28 09:42:46,2338.7,173259
2021-05-28 09:42:53,2338.75,173496
2021-05-28 09:42:56,2338.75,173700
2021-05-28 09:43:00,2338.75,173704
2021-05-28 09:43:03,2338.75,173714
2021-05-28 09:43:06,2338.75,173794
2021-05-28 09:43:09,2338.6,174047
2021-05-28 09:43:12,2338.7,174051
2021-05-28 09:43:15,2338.55,174059
2021-05-28 09:43:19,2338.5,174062
2021-05-28 09:43:22,2338.4,174182
2021-05-28 09:43:25,2338.35,174413
2021-05-28 09:43:28,2338.3,174449
2021-05-28 09:43:32,2338.35,174486
2021-05-28 09:43:35,2338.35,174486
2021-05-28 09:43:38,2338.35,174541
2021-05-28 09:43:41,2338.35,174600
2021-05-28 09:43:44,2338.35,174749
2021-05-28 09:43:48,2338.3,174756
2021-05-28 09:43:50,2338.3,174956
2021-05-28 09:43:53,2338.3,174960
2021-05-28 09:43:56,2338.3,174962
2021-05-28 09:43:59,2338.3,174985
2021-05-28 09:44:02,2338.3,175516
2021-05-28 09:44:05,2338.3,175516
2021-05-28 09:44:08,2338.35,175521
2021-05-28 09:44:11,2338.35,175548
2021-05-28 09:44:15,2338.35,175549
2021-05-28 09:44:18,2338.35,175553
2021-05-28 09:44:21,2338.35,175574
2021-05-28 09:44:24,2338.2,176087
2021-05-28 09:44:26,2338.4,176091
2021-05-28 09:44:29,2338.4,176097
2021-05-28 09:44:33,2338.4,176097
2021-05-28 09:44:36,2338.4,176104
2021-05-28 09:44:38,2338.4,176105
2021-05-28 09:44:41,2338.4,176283
2021-05-28 09:44:44,2338.4,176572
2021-05-28 09:44:47,2338.4,176572
2021-05-28 09:44:50,2338.4,176636
2021-05-28 09:44:53,2338.4,176678
2021-05-28 09:44:56,2338.4,176691
2021-05-28 09:44:58,2338.4,176769
2021-05-28 09:45:01,2338.4,176774
2021-05-28 09:45:04,2338.4,176779
2021-05-28 09:45:07,2338.4,176824
2021-05-28 09:45:10,2338.3,176862
2021-05-28 09:45:13,2338.35,176882
2021-05-28 09:45:15,2338.15,176980
2021-05-28 09:45:18,2338.15,176980
2021-05-28 09:45:21,2338.3,177106
2021-05-28 09:45:24,2338.3,177106
2021-05-28 09:45:27,2338.3,177132
2021-05-28 09:45:30,2338.3,177138
2021-05-28 09:45:33,2338.3,177237
2021-05-28 09:45:36,2338.3,177278
2021-05-28 09:45:39,2338.3,177278
2021-05-28 09:45:42,2338.25,177307
2021-05-28 09:45:45,2338.15,177454
2021-05-28 09:45:48,2338.9,177770
2021-05-28 09:45:51,2338.5,177778
2021-05-28 09:45:54,2338.9,177867
2021-05-28 09:45:57,2338.9,177907
2021-05-28 09:46:01,2338.9,177919
2021-05-28 09:46:04,2338.9,177919
2021-05-28 09:46:06,2338.9,177955
2021-05-28 09:46:09,2338.75,177959
2021-05-28 09:46:13,2338.6,178302
2021-05-28 09:46:16,2338.6,178388
2021-05-28 09:46:19,2338.55,178393
2021-05-28 09:46:22,2338.55,178425
2021-05-28 09:46:25,2338.55,178428
2021-05-28 09:46:28,2338.6,178479
2021-05-28 09:46:31,2338.5,178481
2021-05-28 09:46:35,2338.6,178524
2021-05-28 09:46:38,2338.6,178583
2021-05-28 09:46:41,2338.6,178799
2021-05-28 09:46:44,2338.6,179051
2021-05-28 09:46:47,2338.55,179060
2021-05-28 09:46:50,2338.6,179076
2021-05-28 09:46:53,2338.55,179078
2021-05-28 09:46:56,2338.6,179080
2021-05-28 09:46:58,2338.6,179339
2021-05-28 09:47:01,2338.6,179358
2021-05-28 09:47:04,2338.6,179433
2021-05-28 09:47:07,2338.6,179514
2021-05-28 09:47:09,2338.6,179514
2021-05-28 09:47:12,2338.6,179514
2021-05-28 09:47:15,2338.6,179859
2021-05-28 09:47:18,2338.6,179864
2021-05-28 09:47:21,2338.6,179903
2021-05-28 09:47:23,2338.6,179903
2021-05-28 09:47:26,2338.5,179908
2021-05-28 09:47:29,2338.6,179917
2021-05-28 09:47:33,2338.4,180256
2021-05-28 09:47:36,2338.6,180409
2021-05-28 09:47:39,2338.55,180450
2021-05-28 09:47:42,2338.4,180470
2021-05-28 09:47:44,2338.3,180628
2021-05-28 09:47:48,2338.4,180635
2021-05-28 09:47:50,2338.4,180675
2021-05-28 09:47:53,2338.4,180677
2021-05-28 09:47:56,2338.3,180678
2021-05-28 09:48:02,2338.4,180891
2021-05-28 09:48:05,2338.3,180897
2021-05-28 09:48:08,2338.3,180997
2021-05-28 09:48:11,2338.35,181037
2021-05-28 09:48:14,2338.3,181230
2021-05-28 09:48:17,2338.3,181230
2021-05-28 09:48:20,2338.35,181268
2021-05-28 09:48:23,2338.35,181276
2021-05-28 09:48:26,2338.2,181293
2021-05-28 09:48:28,2338.2,181403
2021-05-28 09:48:31,2338.2,181403
2021-05-28 09:48:34,2338.35,181404
2021-05-28 09:48:37,2338.35,181705
2021-05-28 09:48:40,2338.35,181705
2021-05-28 09:48:42,2338.3,181707
2021-05-28 09:48:45,2338.25,181789
2021-05-28 09:48:48,2338.25,181821
2021-05-28 09:48:51,2338.2,181938
2021-05-28 09:48:54,2338.1,182007
2021-05-28 09:48:57,2338.2,182016
2021-05-28 09:49:00,2338.1,182242
2021-05-28 09:49:03,2338.2,182258
2021-05-28 09:49:06,2338.15,182267
2021-05-28 09:49:09,2338.15,182416
2021-05-28 09:49:11,2338.0,182622
2021-05-28 09:49:14,2337.9,182690
2021-05-28 09:49:17,2338.0,182716
2021-05-28 09:49:20,2338.0,182716
2021-05-28 09:49:23,2337.95,182936
2021-05-28 09:49:26,2337.95,182939
2021-05-28 09:49:28,2337.95,182945
2021-05-28 09:49:31,2337.85,182946
2021-05-28 09:49:33,2337.95,183200
2021-05-28 09:49:36,2337.85,183221
2021-05-28 09:49:39,2337.85,183292
2021-05-28 09:49:42,2337.85,183419
2021-05-28 09:49:45,2337.9,183770
2021-05-28 09:49:48,2337.85,183857
2021-05-28 09:49:51,2337.9,184061
2021-05-28 09:49:54,2337.85,184153
2021-05-28 09:49:57,2337.7,186320
2021-05-28 09:50:00,2337.55,187051
2021-05-28 09:50:03,2337.15,187088
2021-05-28 09:50:06,2337.1,187137
2021-05-28 09:50:09,2336.95,187186
2021-05-28 09:50:14,2336.4,187252
2021-05-28 09:50:17,2336.4,187406
2021-05-28 09:50:20,2336.5,187531
2021-05-28 09:50:23,2336.5,187630
2021-05-28 09:50:26,2336.5,188176
2021-05-28 09:50:29,2337.0,188230
2021-05-28 09:50:31,2337.0,188711
2021-05-28 09:50:34,2337.0,188712
2021-05-28 09:50:36,2337.55,188813
2021-05-28 09:50:39,2337.0,188815
2021-05-28 09:50:42,2336.6,188896
2021-05-28 09:50:45,2337.0,188957
2021-05-28 09:50:48,2337.0,188979
2021-05-28 09:50:51,2337.7,189059
2021-05-28 09:50:53,2337.9,189081
2021-05-28 09:50:56,2337.9,189185
2021-05-28 09:50:59,2337.9,189185
2021-05-28 09:51:02,2337.05,189235
2021-05-28 09:51:05,2337.9,189300
2021-05-28 09:51:08,2337.1,189412
2021-05-28 09:51:11,2337.5,189660
2021-05-28 09:51:13,2337.0,189706
2021-05-28 09:51:16,2337.25,189817
2021-05-28 09:51:19,2337.1,189818
2021-05-28 09:51:22,2337.0,189870
2021-05-28 09:51:25,2337.0,189890
2021-05-28 09:51:28,2337.1,189913
2021-05-28 09:51:31,2337.0,189967
2021-05-28 09:51:34,2337.0,189967
2021-05-28 09:51:37,2337.1,189968
2021-05-28 09:51:39,2337.1,189968
2021-05-28 09:51:42,2337.1,189968
2021-05-28 09:51:45,2337.0,190189
2021-05-28 09:51:47,2336.95,190227
2021-05-28 09:51:50,2336.95,190316
2021-05-28 09:51:53,2337.0,190338
2021-05-28 09:51:56,2337.0,190350
2021-05-28 09:51:58,2337.0,190391
2021-05-28 09:52:01,2337.0,190871
2021-05-28 09:52:04,2336.95,190946
2021-05-28 09:52:07,2337.0,190975
2021-05-28 09:52:10,2336.95,191033
2021-05-28 09:52:13,2336.85,191104
2021-05-28 09:52:16,2336.85,191128
2021-05-28 09:52:19,2336.8,191129
2021-05-28 09:52:22,2336.85,191250
2021-05-28 09:52:25,2336.85,191250
2021-05-28 09:52:28,2336.85,191262
2021-05-28 09:52:30,2336.85,191279
2021-05-28 09:52:33,2336.85,191300
2021-05-28 09:52:35,2336.85,191307
2021-05-28 09:52:38,2336.85,191644
2021-05-28 09:52:41,2336.65,191898
2021-05-28 09:52:43,2336.6,192092
2021-05-28 09:52:46,2336.6,192236
2021-05-28 09:52:49,2336.6,192239
2021-05-28 09:52:52,2336.25,192884
2021-05-28 09:52:55,2336.2,193020
2021-05-28 09:52:58,2336.25,193168
2021-05-28 09:53:01,2336.1,193204
2021-05-28 09:53:03,2336.1,193270
2021-05-28 09:53:06,2335.7,196605
2021-05-28 09:53:10,2335.7,196774
2021-05-28 09:53:12,2335.0,197495
2021-05-28 09:53:15,2334.3,197746
2021-05-28 09:53:18,2334.25,197904
2021-05-28 09:53:21,2334.25,198094
2021-05-28 09:53:24,2334.0,198252
2021-05-28 09:53:27,2334.0,198334
2021-05-28 09:53:30,2334.0,198521
2021-05-28 09:53:32,2334.1,198832
2021-05-28 09:53:35,2334.1,198832
2021-05-28 09:53:38,2334.1,198832
2021-05-28 09:53:41,2334.05,198860
2021-05-28 09:53:44,2334.05,199135
2021-05-28 09:53:47,2334.05,199161
2021-05-28 09:53:49,2334.05,199256
2021-05-28 09:53:52,2334.05,199432
2021-05-28 09:53:55,2335.5,200179
2021-05-28 09:53:58,2334.65,200232
2021-05-28 09:54:01,2335.9,200239
2021-05-28 09:54:04,2335.9,200239
2021-05-28 09:54:07,2335.6,200458
2021-05-28 09:54:10,2335.55,200459
2021-05-28 09:54:12,2335.3,200481
2021-05-28 09:54:15,2335.0,200484
2021-05-28 09:54:18,2335.0,200499
2021-05-28 09:54:21,2334.8,200534
2021-05-28 09:54:23,2334.75,200595
2021-05-28 09:54:26,2334.75,200776
2021-05-28 09:54:28,2334.75,200866
2021-05-28 09:54:31,2334.75,200967
2021-05-28 09:54:34,2334.75,200975
2021-05-28 09:54:37,2334.75,201005
2021-05-28 09:54:39,2334.55,201009
2021-05-28 09:54:42,2334.35,201345
2021-05-28 09:54:45,2334.3,201409
2021-05-28 09:54:47,2334.3,201410
2021-05-28 09:54:50,2334.25,201431
2021-05-28 09:54:53,2334.35,201611
2021-05-28 09:54:55,2334.35,201649
2021-05-28 09:54:58,2334.35,201655
2021-05-28 09:55:01,2334.35,201832
2021-05-28 09:55:04,2334.35,201832
2021-05-28 09:55:07,2334.35,201903
2021-05-28 09:55:10,2334.1,202062
2021-05-28 09:55:13,2334.25,202186
2021-05-28 09:55:16,2334.25,202565
2021-05-28 09:55:19,2334.25,202565
2021-05-28 09:55:24,2334.8,203060
2021-05-28 09:55:27,2335.9,203101
2021-05-28 09:55:30,2335.9,203101
2021-05-28 09:55:32,2335.9,203102
2021-05-28 09:55:35,2335.9,203112
2021-05-28 09:55:38,2335.9,203149
2021-05-28 09:55:41,2335.9,203149
2021-05-28 09:55:44,2335.0,203436
2021-05-28 09:55:46,2335.35,203479
2021-05-28 09:55:49,2335.9,203742
2021-05-28 09:55:51,2335.9,203752
2021-05-28 09:55:54,2335.9,203752
2021-05-28 09:55:57,2335.35,203803
2021-05-28 09:56:00,2336.35,203814
2021-05-28 09:56:02,2336.3,203911
2021-05-28 09:56:06,2336.35,204082
2021-05-28 09:56:09,2336.0,204131
2021-05-28 09:56:12,2336.0,204244
2021-05-28 09:56:14,2336.0,204419
2021-05-28 09:56:17,2336.0,204511
2021-05-28 09:56:19,2336.0,204521
2021-05-28 09:56:22,2336.0,204543
2021-05-28 09:56:24,2336.0,204560
2021-05-28 09:56:27,2336.0,204582
2021-05-28 09:56:30,2336.0,204585
2021-05-28 09:56:33,2336.0,204747
2021-05-28 09:56:37,2336.0,204762
2021-05-28 09:56:39,2335.95,204827
2021-05-28 09:56:42,2335.95,204832
2021-05-28 09:56:45,2335.95,205046
2021-05-28 09:56:47,2335.9,205204
2021-05-28 09:56:50,2335.9,205207
2021-05-28 09:56:53,2335.9,205207
2021-05-28 09:56:55,2335.95,205280
2021-05-28 09:56:58,2335.95,205281
2021-05-28 09:57:01,2335.95,205370
2021-05-28 09:57:04,2335.95,205371
2021-05-28 09:57:07,2335.95,205423
2021-05-28 09:57:09,2335.95,205426
2021-05-28 09:57:12,2335.95,205485
2021-05-28 09:57:15,2335.9,205748
2021-05-28 09:57:18,2335.95,205783
2021-05-28 09:57:20,2335.95,205794
2021-05-28 09:57:23,2335.95,205796
2021-05-28 09:57:25,2335.95,205838
2021-05-28 09:57:28,2335.95,205920
2021-05-28 09:57:30,2335.9,206106
2021-05-28 09:57:33,2335.95,206116
2021-05-28 09:57:36,2335.95,206163
2021-05-28 09:57:39,2335.9,206168
2021-05-28 09:57:41,2335.95,206173
2021-05-28 09:57:44,2335.9,206602
2021-05-28 09:57:47,2335.75,206657
2021-05-28 09:57:49,2335.9,206860
2021-05-28 09:57:52,2335.9,206886
2021-05-28 09:57:55,2335.9,206907
2021-05-28 09:57:57,2335.75,206932
2021-05-28 09:58:00,2335.65,207042
2021-05-28 09:58:03,2335.65,207042
2021-05-28 09:58:05,2335.9,207046
2021-05-28 09:58:08,2335.9,207051
2021-05-28 09:58:11,2335.9,207051
2021-05-28 09:58:13,2335.8,207236
2021-05-28 09:58:16,2335.65,207337
2021-05-28 09:58:19,2335.55,207379
2021-05-28 09:58:22,2335.65,207575
2021-05-28 09:58:24,2335.65,207587
2021-05-28 09:58:27,2335.65,207587
2021-05-28 09:58:30,2335.65,207587
2021-05-28 09:58:33,2335.65,207587
2021-05-28 09:58:36,2335.65,207598
2021-05-28 09:58:39,2335.65,208657
2021-05-28 09:58:42,2335.75,208682
2021-05-28 09:58:45,2336.1,208698
2021-05-28 09:58:48,2335.95,208715
2021-05-28 09:58:50,2335.95,208741
2021-05-28 09:58:53,2336.1,209018
2021-05-28 09:58:56,2335.95,209039
2021-05-28 09:58:59,2337.0,209083
2021-05-28 09:59:02,2337.0,209130
2021-05-28 09:59:04,2337.0,209132
2021-05-28 09:59:07,2336.95,209172
2021-05-28 09:59:10,2336.5,209228
2021-05-28 09:59:12,2336.5,209284
2021-05-28 09:59:15,2336.5,209472
2021-05-28 09:59:18,2336.5,209472
2021-05-28 09:59:21,2336.5,209532
2021-05-28 09:59:24,2337.0,209630
2021-05-28 09:59:26,2337.0,209631
2021-05-28 09:59:29,2337.0,209674
2021-05-28 09:59:31,2337.0,209705
2021-05-28 09:59:34,2337.0,209821
2021-05-28 09:59:37,2337.0,209952
2021-05-28 09:59:40,2337.0,209953
2021-05-28 09:59:42,2336.55,210030
2021-05-28 09:59:45,2336.55,210057
2021-05-28 09:59:47,2336.55,210135
2021-05-28 09:59:50,2336.55,210184
2021-05-28 09:59:52,2336.55,210259
2021-05-28 09:59:55,2336.55,210330
2021-05-28 09:59:58,2336.8,210558
2021-05-28 10:00:01,2336.8,210594
2021-05-28 10:00:04,2336.8,210594
2021-05-28 10:00:07,2336.6,210684
2021-05-28 10:00:10,2336.7,210690
2021-05-28 10:00:13,2336.7,210692
2021-05-28 10:00:16,2336.6,210883
2021-05-28 10:00:18,2336.7,210923
2021-05-28 10:00:21,2336.7,210993
2021-05-28 10:00:24,2336.7,210993
2021-05-28 10:00:26,2336.7,210995
2021-05-28 10:00:29,2336.65,211015
2021-05-28 10:00:32,2336.8,211025
2021-05-28 10:00:34,2336.8,211027
2021-05-28 10:00:37,2336.8,211185
2021-05-28 10:00:40,2336.8,211285
2021-05-28 10:00:43,2336.7,211501
2021-05-28 10:00:46,2336.7,211828
2021-05-28 10:00:49,2336.7,211841
2021-05-28 10:00:52,2337.7,212341
2021-05-28 10:00:55,2337.0,212615
2021-05-28 10:00:57,2337.7,212621
2021-05-28 10:01:00,2337.7,212636
2021-05-28 10:01:03,2337.7,212690
2021-05-28 10:01:06,2337.7,212718
2021-05-28 10:01:09,2337.55,212782
2021-05-28 10:01:11,2337.55,212855
2021-05-28 10:01:14,2337.35,212975
2021-05-28 10:01:17,2337.35,213001
2021-05-28 10:01:19,2337.35,213009
2021-05-28 10:01:22,2337.35,213078
2021-05-28 10:01:25,2337.35,213089
2021-05-28 10:01:27,2337.35,213173
2021-05-28 10:01:30,2337.35,213174
2021-05-28 10:01:35,2337.35,213327
2021-05-28 10:01:38,2337.35,213477
2021-05-28 10:01:40,2337.35,213502
2021-05-28 10:01:42,2337.35,213543
2021-05-28 10:01:45,2337.35,213557
2021-05-28 10:01:47,2337.55,213680
2021-05-28 10:01:50,2337.7,213727
2021-05-28 10:01:52,2337.7,213775
2021-05-28 10:01:55,2337.35,213784
2021-05-28 10:01:58,2337.35,213811
2021-05-28 10:02:00,2337.7,213928
2021-05-28 10:02:03,2337.7,213928
2021-05-28 10:02:06,2337.7,213933
2021-05-28 10:02:09,2337.5,214007
2021-05-28 10:02:12,2337.6,214017
2021-05-28 10:02:15,2337.5,214176
2021-05-28 10:02:18,2337.5,214187
2021-05-28 10:02:21,2337.7,214336
2021-05-28 10:02:24,2337.8,214337
2021-05-28 10:02:26,2337.8,214339
2021-05-28 10:02:29,2337.8,214339
2021-05-28 10:02:31,2337.8,214391
2021-05-28 10:02:34,2337.8,214391
2021-05-28 10:02:36,2338.15,214883
2021-05-28 10:02:39,2338.15,214934
2021-05-28 10:02:41,2338.15,214943
2021-05-28 10:02:44,2338.15,214993
2021-05-28 10:02:46,2338.15,214993
2021-05-28 10:02:49,2338.15,215056
2021-05-28 10:02:51,2338.15,215059
2021-05-28 10:02:53,2338.15,215113
2021-05-28 10:02:56,2338.1,215421
2021-05-28 10:02:59,2338.1,215476
2021-05-28 10:03:02,2338.65,216211
2021-05-28 10:03:04,2338.95,216767
2021-05-28 10:03:07,2338.9,216787
2021-05-28 10:03:09,2338.9,217007
2021-05-28 10:03:12,2338.9,217298
2021-05-28 10:03:15,2339.0,217350
2021-05-28 10:03:18,2338.9,217440
2021-05-28 10:03:20,2338.9,217441
2021-05-28 10:03:22,2339.0,217642
2021-05-28 10:03:25,2339.0,217642
2021-05-28 10:03:28,2339.0,217644
2021-05-28 10:03:30,2339.0,217646
2021-05-28 10:03:33,2339.0,217656
2021-05-28 10:03:36,2339.0,217656
2021-05-28 10:03:38,2339.0,217656
2021-05-28 10:03:41,2338.95,217661
2021-05-28 10:03:43,2338.9,217891
2021-05-28 10:03:46,2338.95,217901
2021-05-28 10:03:48,2338.95,217901
2021-05-28 10:03:51,2338.95,217911
2021-05-28 10:03:53,2338.95,217961
2021-05-28 10:03:55,2338.95,217984
2021-05-28 10:03:58,2338.95,218203
2021-05-28 10:04:01,2339.0,218254
2021-05-28 10:04:03,2339.0,218255
2021-05-28 10:04:06,2339.0,218282
2021-05-28 10:04:08,2338.95,218317
2021-05-28 10:04:11,2338.95,218369
2021-05-28 10:04:14,2338.95,218469
2021-05-28 10:04:16,2338.95,218629
2021-05-28 10:04:18,2338.95,218634
2021-05-28 10:04:21,2338.9,218741
2021-05-28 10:04:24,2338.95,218749
2021-05-28 10:04:26,2338.95,218775
2021-05-28 10:04:28,2338.95,218795
2021-05-28 10:04:31,2338.95,218800
2021-05-28 10:04:34,2338.95,218805
2021-05-28 10:04:36,2338.95,218855
2021-05-28 10:04:39,2338.95,218862
2021-05-28 10:04:42,2338.95,218913
2021-05-28 10:04:44,2338.9,219046
2021-05-28 10:04:47,2338.9,219046
2021-05-28 10:04:49,2338.9,219198
2021-05-28 10:04:52,2338.85,219204
2021-05-28 10:04:54,2338.8,219291
2021-05-28 10:04:57,2338.75,219378
2021-05-28 10:04:59,2338.55,219836
2021-05-28 10:05:02,2338.1,220341
2021-05-28 10:05:05,2338.4,220386
2021-05-28 10:05:08,2338.25,220441
2021-05-28 10:05:10,2338.2,220456
2021-05-28 10:05:13,2338.2,220469
2021-05-28 10:05:15,2338.15,220722
2021-05-28 10:05:18,2338.15,220722
2021-05-28 10:05:20,2338.15,220738
2021-05-28 10:05:23,2338.15,220738
2021-05-28 10:05:26,2338.15,220788
2021-05-28 10:05:29,2338.15,220790
2021-05-28 10:05:32,2338.15,220792
2021-05-28 10:05:34,2338.15,220792
2021-05-28 10:05:37,2338.15,220806
2021-05-28 10:05:40,2338.1,221006
2021-05-28 10:05:43,2337.85,221700
2021-05-28 10:05:46,2337.85,221924
2021-05-28 10:05:48,2337.85,221930
2021-05-28 10:05:51,2337.8,221935
2021-05-28 10:05:53,2337.85,222120
2021-05-28 10:05:56,2337.75,222122
2021-05-28 10:05:59,2337.75,222134
2021-05-28 10:06:01,2337.75,222160
2021-05-28 10:06:04,2337.75,222180
2021-05-28 10:06:07,2337.75,222227
2021-05-28 10:06:10,2337.75,222263
2021-05-28 10:06:13,2337.7,222505
2021-05-28 10:06:16,2337.7,222508
2021-05-28 10:06:19,2337.7,222508
2021-05-28 10:06:22,2337.7,222612
2021-05-28 10:06:24,2337.7,222741
2021-05-28 10:06:27,2337.75,222798
2021-05-28 10:06:30,2337.75,222824
2021-05-28 10:06:32,2337.75,223041
2021-05-28 10:06:35,2337.75,223044
2021-05-28 10:06:38,2337.75,223048
2021-05-28 10:06:40,2337.75,223051
2021-05-28 10:06:43,2337.75,223054
2021-05-28 10:06:45,2337.45,224913
2021-05-28 10:06:48,2336.75,225288
2021-05-28 10:06:50,2337.05,225295
2021-05-28 10:06:53,2336.8,225310
2021-05-28 10:06:55,2336.8,225315
2021-05-28 10:06:58,2336.55,225346
2021-05-28 10:07:01,2336.55,225449
2021-05-28 10:07:03,2336.55,225455
2021-05-28 10:07:06,2336.55,225463
2021-05-28 10:07:09,2336.55,225463
2021-05-28 10:07:11,2336.6,225493
2021-05-28 10:07:13,2336.5,225629
2021-05-28 10:07:16,2336.5,225679
2021-05-28 10:07:18,2336.5,225679
2021-05-28 10:07:21,2336.4,225725
2021-05-28 10:07:24,2336.3,225737
2021-05-28 10:07:26,2336.2,225829
2021-05-28 10:07:29,2336.1,225837
2021-05-28 10:07:31,2336.0,226082
2021-05-28 10:07:33,2336.0,226082
2021-05-28 10:07:35,2336.0,226083
2021-05-28 10:07:38,2336.0,226085
2021-05-28 10:07:40,2336.0,226135
2021-05-28 10:07:43,2335.95,226155
2021-05-28 10:07:46,2335.9,226292
2021-05-28 10:07:48,2335.9,226301
2021-05-28 10:07:51,2335.85,226435
2021-05-28 10:07:54,2335.9,226555
2021-05-28 10:07:56,2335.85,226655
2021-05-28 10:07:59,2335.9,227138
2021-05-28 10:08:02,2335.9,227138
2021-05-28 10:08:04,2335.9,227168
2021-05-28 10:08:07,2335.9,227221
2021-05-28 10:08:09,2335.8,227283
2021-05-28 10:08:12,2335.8,227300
2021-05-28 10:08:14,2335.7,227403
2021-05-28 10:08:17,2335.7,227414
2021-05-28 10:08:19,2335.7,227419
2021-05-28 10:08:22,2335.65,227522
2021-05-28 10:08:24,2335.65,227553
2021-05-28 10:08:27,2335.65,227553
2021-05-28 10:08:30,2335.6,227573
2021-05-28 10:08:32,2335.65,227684
2021-05-28 10:08:35,2335.5,227685
2021-05-28 10:08:37,2336.4,228291
2021-05-28 10:08:40,2337.1,228292
2021-05-28 10:08:45,2337.1,228298
2021-05-28 10:08:49,2337.1,228328
2021-05-28 10:08:52,2337.1,228328
2021-05-28 10:08:54,2336.45,228333
2021-05-28 10:08:57,2336.45,228347
2021-05-28 10:08:59,2336.45,228377
2021-05-28 10:09:02,2336.45,228388
2021-05-28 10:09:04,2336.45,228400
2021-05-28 10:09:07,2336.45,228401
2021-05-28 10:09:09,2336.45,228401
2021-05-28 10:09:12,2336.45,228401
2021-05-28 10:09:14,2336.45,228409
2021-05-28 10:09:16,2336.45,228465
2021-05-28 10:09:18,2336.45,228471
2021-05-28 10:09:21,2336.4,228545
2021-05-28 10:09:23,2336.25,228639
2021-05-28 10:09:26,2336.4,228673
2021-05-28 10:09:29,2336.4,228686
2021-05-28 10:09:31,2336.4,228694
2021-05-28 10:09:34,2336.4,228695
2021-05-28 10:09:37,2336.4,228720
2021-05-28 10:09:39,2336.35,228733
2021-05-28 10:09:42,2336.35,228734
2021-05-28 10:09:45,2336.3,228738
2021-05-28 10:09:47,2336.3,228762
2021-05-28 10:09:50,2336.3,228765
2021-05-28 10:09:52,2336.25,228971
2021-05-28 10:09:55,2336.15,229002
2021-05-28 10:09:57,2336.15,229038
2021-05-28 10:10:00,2336.3,229043
2021-05-28 10:10:02,2336.3,229047
2021-05-28 10:10:05,2336.3,229456
2021-05-28 10:10:07,2336.3,229459
2021-05-28 10:10:10,2336.2,229526
2021-05-28 10:10:13,2336.4,229652
2021-05-28 10:10:16,2336.4,229682
2021-05-28 10:10:19,2337.1,229799
2021-05-28 10:10:21,2337.35,229800
2021-05-28 10:10:24,2337.4,229853
2021-05-28 10:10:26,2337.05,229923
2021-05-28 10:10:29,2337.9,230074
2021-05-28 10:10:32,2337.95,230077
2021-05-28 10:10:34,2337.95,230083
2021-05-28 10:10:36,2337.95,230083
2021-05-28 10:10:39,2337.3,230090
2021-05-28 10:10:42,2337.65,230161
2021-05-28 10:10:44,2337.35,230203
2021-05-28 10:10:47,2337.35,230265
2021-05-28 10:10:49,2337.35,230302
2021-05-28 10:10:52,2337.3,230350
2021-05-28 10:10:55,2338.1,230403
2021-05-28 10:10:57,2338.1,230403
2021-05-28 10:10:59,2338.3,230479
2021-05-28 10:11:02,2338.4,230495
2021-05-28 10:11:05,2338.4,230565
2021-05-28 10:11:08,2338.4,230575
2021-05-28 10:11:10,2338.2,230576
2021-05-28 10:11:13,2338.2,230621
2021-05-28 10:11:18,2338.55,230693
2021-05-28 10:11:21,2338.75,230834
2021-05-28 10:11:23,2338.8,230873
2021-05-28 10:11:28,2338.95,231231
2021-05-28 10:11:31,2338.95,231231
2021-05-28 10:11:33,2338.95,231278
2021-05-28 10:11:36,2338.8,231303
2021-05-28 10:11:39,2338.8,231355
2021-05-28 10:11:41,2338.8,231361
2021-05-28 10:11:44,2338.9,231590
2021-05-28 10:11:46,2338.9,231590
2021-05-28 10:11:49,2338.8,231693
2021-05-28 10:11:51,2338.9,231695
2021-05-28 10:11:54,2338.9,231735
2021-05-28 10:11:57,2338.9,231780
2021-05-28 10:11:59,2338.9,231922
2021-05-28 10:12:02,2338.9,232122
2021-05-28 10:12:05,2338.8,232232
2021-05-28 10:12:08,2338.9,232238
2021-05-28 10:12:10,2338.85,232263
2021-05-28 10:12:13,2338.85,232297
2021-05-28 10:12:15,2338.8,232311
2021-05-28 10:12:18,2338.8,232313
2021-05-28 10:12:20,2338.7,232426
2021-05-28 10:12:23,2338.65,232438
2021-05-28 10:12:26,2338.7,232455
2021-05-28 10:12:29,2338.55,233095
2021-05-28 10:12:31,2337.0,233679
2021-05-28 10:12:34,2337.7,233737
2021-05-28 10:12:36,2337.7,233737
2021-05-28 10:12:39,2337.2,233757
2021-05-28 10:12:42,2337.2,233760
2021-05-28 10:12:45,2337.0,233821
2021-05-28 10:12:47,2337.0,233821
2021-05-28 10:12:50,2336.8,233822
2021-05-28 10:12:53,2336.75,233855
2021-05-28 10:12:56,2336.7,233993
2021-05-28 10:12:59,2336.7,234015
2021-05-28 10:13:01,2336.7,234184
2021-05-28 10:13:05,2336.7,234190
2021-05-28 10:13:08,2336.7,234391
2021-05-28 10:13:10,2336.65,234435
2021-05-28 10:13:13,2336.5,234440
2021-05-28 10:13:16,2336.5,234440
2021-05-28 10:13:18,2336.5,234477
2021-05-28 10:13:21,2336.4,234888
2021-05-28 10:13:24,2336.4,235133
2021-05-28 10:13:27,2336.4,235133
2021-05-28 10:13:30,2336.4,235139
2021-05-28 10:13:32,2336.4,235142
2021-05-28 10:13:34,2336.4,235172
2021-05-28 10:13:37,2336.0,235308
2021-05-28 10:13:40,2336.4,235310
2021-05-28 10:13:42,2336.4,235310
2021-05-28 10:13:45,2336.0,235332
2021-05-28 10:13:48,2336.0,235538
2021-05-28 10:13:51,2335.95,235587
2021-05-28 10:13:53,2336.0,235910
2021-05-28 10:13:56,2336.4,235949
2021-05-28 10:13:58,2336.4,235998
2021-05-28 10:14:00,2336.4,235998
2021-05-28 10:14:03,2336.0,236107
2021-05-28 10:14:05,2336.35,236121
2021-05-28 10:14:08,2336.35,236140
2021-05-28 10:14:10,2335.6,236440
2021-05-28 10:14:13,2335.6,236440
2021-05-28 10:14:15,2336.05,236629
2021-05-28 10:14:18,2336.05,236645
2021-05-28 10:14:20,2335.65,236677
2021-05-28 10:14:22,2335.65,236733
2021-05-28 10:14:25,2335.65,236754
2021-05-28 10:14:27,2335.65,236754
2021-05-28 10:14:30,2335.65,236754
2021-05-28 10:14:32,2336.05,236759
2021-05-28 10:14:35,2336.05,236760
2021-05-28 10:14:37,2335.7,236761
2021-05-28 10:14:40,2335.8,236786
2021-05-28 10:14:42,2335.8,236791
2021-05-28 10:14:45,2335.6,236892
2021-05-28 10:14:47,2335.6,236902
2021-05-28 10:14:50,2335.6,236907
2021-05-28 10:14:53,2335.5,236940
2021-05-28 10:14:56,2335.4,236952
2021-05-28 10:14:58,2335.4,237028
2021-05-28 10:15:00,2335.4,237029
2021-05-28 10:15:03,2335.4,237406
2021-05-28 10:15:06,2335.4,237451
2021-05-28 10:15:09,2335.35,237459
2021-05-28 10:15:12,2335.3,237512
2021-05-28 10:15:15,2335.35,237650
2021-05-28 10:15:17,2335.3,237651
2021-05-28 10:15:20,2335.35,237656
2021-05-28 10:15:23,2335.3,237675
2021-05-28 10:15:26,2335.35,237756
2021-05-28 10:15:29,2335.4,237757
2021-05-28 10:15:31,2335.4,237794
2021-05-28 10:15:34,2335.35,237997
2021-05-28 10:15:37,2335.35,238002
2021-05-28 10:15:39,2335.35,238042
2021-05-28 10:15:42,2335.35,238042
2021-05-28 10:15:47,2335.3,238099
2021-05-28 10:15:49,2335.2,238174
2021-05-28 10:15:51,2335.5,238194
2021-05-28 10:15:54,2335.5,238233
2021-05-28 10:15:56,2335.5,238234
2021-05-28 10:15:59,2335.5,238240
2021-05-28 10:16:01,2335.5,238347
2021-05-28 10:16:04,2335.5,238353
2021-05-28 10:16:06,2335.2,238375
2021-05-28 10:16:09,2335.35,238385
2021-05-28 10:16:11,2335.35,238410
2021-05-28 10:16:14,2335.2,238548
2021-05-28 10:16:16,2335.2,238579
2021-05-28 10:16:19,2335.2,238607
2021-05-28 10:16:22,2335.2,238615
2021-05-28 10:16:25,2335.2,238645
2021-05-28 10:16:27,2335.2,238663
2021-05-28 10:16:30,2335.2,238663
2021-05-28 10:16:32,2335.85,238735
2021-05-28 10:16:35,2335.85,238740
2021-05-28 10:16:38,2336.5,239241
2021-05-28 10:16:40,2336.5,239241
2021-05-28 10:16:43,2336.5,239272
2021-05-28 10:16:45,2336.5,239320
2021-05-28 10:16:48,2336.5,239321
2021-05-28 10:16:51,2335.7,239345
2021-05-28 10:16:53,2336.6,239360
2021-05-28 10:16:56,2336.6,239360
2021-05-28 10:16:58,2336.6,239365
2021-05-28 10:17:00,2336.6,239371
2021-05-28 10:17:02,2335.9,239430
2021-05-28 10:17:05,2336.6,239472
2021-05-28 10:17:07,2336.6,239507
2021-05-28 10:17:09,2336.6,239508
2021-05-28 10:17:11,2336.35,239561
2021-05-28 10:17:14,2336.05,239678
2021-05-28 10:17:16,2336.05,239678
2021-05-28 10:17:19,2336.05,239685
2021-05-28 10:17:22,2336.05,239695
2021-05-28 10:17:25,2336.05,239700
2021-05-28 10:17:27,2336.05,239753
2021-05-28 10:17:30,2336.05,239753
2021-05-28 10:17:33,2336.35,239790
2021-05-28 10:17:35,2336.05,239857
2021-05-28 10:17:38,2336.05,239857
2021-05-28 10:17:40,2336.2,239900
2021-05-28 10:17:43,2336.2,239903
2021-05-28 10:17:45,2336.2,240085
2021-05-28 10:17:48,2336.05,240198
2021-05-28 10:17:51,2336.1,240254
2021-05-28 10:17:54,2336.05,240374
2021-05-28 10:17:57,2336.1,240376
2021-05-28 10:17:59,2336.1,240381
2021-05-28 10:18:02,2336.1,240559
2021-05-28 10:18:04,2336.1,240572
2021-05-28 10:18:07,2336.1,240572
2021-05-28 10:18:10,2336.05,240588
2021-05-28 10:18:13,2336.05,240589
2021-05-28 10:18:15,2336.05,240927
2021-05-28 10:18:18,2336.05,240927
2021-05-28 10:18:20,2336.05,240937
2021-05-28 10:18:23,2336.05,241108
2021-05-28 10:18:26,2336.2,241648
2021-05-28 10:18:28,2337.0,241700
2021-05-28 10:18:31,2337.0,241700
2021-05-28 10:18:36,2337.0,241718
2021-05-28 10:18:39,2337.0,242245
2021-05-28 10:18:42,2337.0,242245
2021-05-28 10:18:44,2337.25,242332
2021-05-28 10:18:47,2337.25,242511
2021-05-28 10:18:50,2338.3,242561
2021-05-28 10:18:52,2338.5,242563
2021-05-28 10:18:55,2338.5,242563
2021-05-28 10:18:57,2338.5,242563
2021-05-28 10:19:00,2338.5,242621
2021-05-28 10:19:03,2338.4,242622
2021-05-28 10:19:06,2338.4,242640
2021-05-28 10:19:09,2338.0,242725
2021-05-28 10:19:11,2338.0,242740
2021-05-28 10:19:14,2337.65,242872
2021-05-28 10:19:16,2338.0,242979
2021-05-28 10:19:19,2337.6,243059
2021-05-28 10:19:22,2338.4,243084
2021-05-28 10:19:24,2337.6,243142
2021-05-28 10:19:27,2338.7,243234
2021-05-28 10:19:29,2338.4,243257
2021-05-28 10:19:32,2337.6,243374
2021-05-28 10:19:34,2338.4,243458
2021-05-28 10:19:37,2338.45,243500
2021-05-28 10:19:40,2338.05,243555
2021-05-28 10:19:42,2338.05,243559
2021-05-28 10:19:45,2337.6,243795
2021-05-28 10:19:48,2337.6,243796
2021-05-28 10:19:50,2337.6,243796
2021-05-28 10:19:56,2338.05,243799
2021-05-28 10:19:59,2338.0,243924
2021-05-28 10:20:02,2338.05,243929
2021-05-28 10:20:05,2338.05,243929
2021-05-28 10:20:08,2338.05,244333
2021-05-28 10:20:10,2338.05,244333
2021-05-28 10:20:13,2338.0,244334
2021-05-28 10:20:16,2338.0,244371
2021-05-28 10:20:18,2338.0,244372
2021-05-28 10:20:21,2338.0,244452
2021-05-28 10:20:23,2338.0,244505
2021-05-28 10:20:26,2338.0,244513
2021-05-28 10:20:29,2338.05,244561
2021-05-28 10:20:32,2338.0,244572
2021-05-28 10:20:35,2338.05,244606
2021-05-28 10:20:37,2338.05,244609
2021-05-28 10:20:39,2338.0,244647
2021-05-28 10:20:42,2337.8,244936
2021-05-28 10:20:45,2337.8,245012
2021-05-28 10:20:47,2337.8,245013
2021-05-28 10:20:50,2337.7,245015
2021-05-28 10:20:52,2337.7,245147
2021-05-28 10:20:55,2337.7,245166
2021-05-28 10:21:00,2337.65,245169
2021-05-28 10:21:03,2337.7,245178
2021-05-28 10:21:05,2337.4,245546
2021-05-28 10:21:08,2337.4,245614
2021-05-28 10:21:10,2337.4,245614
2021-05-28 10:21:12,2337.4,245615
2021-05-28 10:21:14,2337.55,245884
2021-05-28 10:21:17,2337.55,245894
2021-05-28 10:21:19,2337.5,245897
2021-05-28 10:21:22,2337.5,245897
2021-05-28 10:21:24,2337.5,245897
2021-05-28 10:21:27,2337.5,245897
2021-05-28 10:21:29,2337.5,245921
2021-05-28 10:21:31,2337.5,245921
2021-05-28 10:21:33,2337.5,245922
2021-05-28 10:21:36,2336.95,245955
2021-05-28 10:21:38,2336.7,246055
2021-05-28 10:21:41,2336.9,246056
2021-05-28 10:21:43,2336.75,246101
2021-05-28 10:21:45,2336.7,246282
2021-05-28 10:21:48,2338.45,247009
2021-05-28 10:21:51,2338.45,247009
2021-05-28 10:21:53,2338.45,247009
2021-05-28 10:21:55,2337.85,247014
2021-05-28 10:21:58,2338.05,247016
2021-05-28 10:22:00,2338.05,247021
2021-05-28 10:22:03,2338.05,247034
2021-05-28 10:22:05,2337.0,247039
2021-05-28 10:22:08,2337.0,247039
2021-05-28 10:22:10,2336.9,247385
2021-05-28 10:22:13,2336.85,247386
2021-05-28 10:22:15,2337.5,247470
2021-05-28 10:22:18,2337.5,247473
2021-05-28 10:22:20,2337.5,247474
2021-05-28 10:22:22,2337.5,247474
2021-05-28 10:22:25,2337.5,247495
2021-05-28 10:22:27,2337.85,247560
2021-05-28 10:22:30,2337.85,247560
2021-05-28 10:22:32,2337.85,247560
2021-05-28 10:22:35,2337.85,247565
2021-05-28 10:22:38,2337.6,247567
2021-05-28 10:22:40,2337.55,248313
2021-05-28 10:22:43,2337.55,248338
2021-05-28 10:22:46,2337.5,248370
2021-05-28 10:22:48,2337.5,248427
2021-05-28 10:22:51,2337.25,248476
2021-05-28 10:22:54,2337.2,248526
2021-05-28 10:22:56,2337.2,248526
2021-05-28 10:22:59,2337.25,248529
2021-05-28 10:23:01,2337.2,248532
2021-05-28 10:23:03,2337.25,248536
2021-05-28 10:23:06,2337.25,248536
2021-05-28 10:23:08,2337.25,248540
2021-05-28 10:23:11,2337.25,248543
2021-05-28 10:23:13,2337.2,248570
2021-05-28 10:23:16,2337.2,248570
2021-05-28 10:23:21,2336.95,248797
2021-05-28 10:23:23,2336.9,248986
2021-05-28 10:23:26,2336.9,249134
2021-05-28 10:23:29,2336.9,249217
2021-05-28 10:23:31,2336.65,249255
2021-05-28 10:23:34,2336.3,249264
2021-05-28 10:23:37,2336.3,249278
2021-05-28 10:23:40,2336.2,249351
2021-05-28 10:23:45,2335.8,249462
2021-05-28 10:23:48,2335.75,249467
2021-05-28 10:23:51,2335.5,249480
2021-05-28 10:23:53,2335.5,249549
2021-05-28 10:23:56,2335.3,249627
2021-05-28 10:23:58,2335.15,249680
2021-05-28 10:24:01,2335.25,249760
2021-05-28 10:24:04,2335.25,249761
2021-05-28 10:24:06,2335.25,249813
2021-05-28 10:24:08,2335.25,249915
2021-05-28 10:24:11,2335.45,251425
2021-05-28 10:24:14,2335.45,251432
2021-05-28 10:24:16,2335.45,251432
2021-05-28 10:24:19,2335.45,251432
2021-05-28 10:24:21,2335.15,251474
2021-05-28 10:24:24,2335.15,251496
2021-05-28 10:24:27,2335.35,251497
2021-05-28 10:24:29,2335.35,251497
2021-05-28 10:24:32,2335.35,251497
2021-05-28 10:24:35,2335.35,251518
2021-05-28 10:24:37,2335.35,251518
2021-05-28 10:24:39,2335.25,251537
2021-05-28 10:24:42,2335.25,251579
2021-05-28 10:24:44,2336.15,252037
2021-05-28 10:24:47,2336.15,252037
2021-05-28 10:24:49,2336.45,252137
2021-05-28 10:24:51,2336.75,252147
2021-05-28 10:24:53,2335.65,252156
2021-05-28 10:24:56,2335.65,252156
2021-05-28 10:24:58,2335.45,252406
2021-05-28 10:25:00,2335.45,252406
2021-05-28 10:25:03,2335.7,252408
2021-05-28 10:25:05,2335.7,252408
2021-05-28 10:25:08,2335.7,252408
2021-05-28 10:25:10,2336.0,252672
2021-05-28 10:25:12,2335.85,252676
2021-05-28 10:25:15,2336.55,252729
2021-05-28 10:25:17,2336.8,252731
2021-05-28 10:25:20,2336.8,252732
2021-05-28 10:25:22,2336.8,252796
2021-05-28 10:25:25,2336.8,252796
2021-05-28 10:25:27,2336.8,252811
2021-05-28 10:25:30,2336.8,252814
2021-05-28 10:25:32,2336.05,252872
2021-05-28 10:25:35,2336.8,252873
2021-05-28 10:25:37,2336.8,252873
2021-05-28 10:25:39,2336.8,252873
2021-05-28 10:25:42,2336.8,252873
2021-05-28 10:25:44,2336.05,252912
2021-05-28 10:25:47,2336.05,252964
2021-05-28 10:25:49,2336.05,252964
2021-05-28 10:25:52,2336.0,253022
2021-05-28 10:25:54,2335.9,253029
2021-05-28 10:25:57,2336.7,253120
2021-05-28 10:26:00,2336.95,253128
2021-05-28 10:26:02,2336.75,253142
2021-05-28 10:26:04,2336.75,253192
2021-05-28 10:26:06,2336.75,253193
2021-05-28 10:26:09,2336.75,253193
2021-05-28 10:26:11,2336.75,253193
2021-05-28 10:26:13,2336.35,253194
2021-05-28 10:26:15,2336.35,253374
2021-05-28 10:26:17,2337.4,253777
2021-05-28 10:26:19,2337.4,253777
2021-05-28 10:26:22,2337.15,253794
2021-05-28 10:26:25,2337.15,253795
2021-05-28 10:26:27,2337.3,253825
2021-05-28 10:26:30,2337.3,253825
2021-05-28 10:26:32,2337.3,253825
2021-05-28 10:26:36,2337.3,253868
2021-05-28 10:26:38,2336.85,253929
2021-05-28 10:26:42,2336.85,253962
2021-05-28 10:26:45,2336.85,254051
2021-05-28 10:26:47,2336.4,254060
2021-05-28 10:26:50,2336.85,254065
2021-05-28 10:26:52,2337.25,254072
2021-05-28 10:26:54,2337.25,254072
2021-05-28 10:26:57,2337.2,254117
2021-05-28 10:26:59,2337.2,254161
2021-05-28 10:27:02,2337.2,254211
2021-05-28 10:27:05,2337.0,254238
2021-05-28 10:27:07,2337.2,254301
2021-05-28 10:27:10,2337.2,254317
2021-05-28 10:27:12,2337.2,254317
2021-05-28 10:27:14,2337.2,254509
2021-05-28 10:27:17,2337.75,254609
2021-05-28 10:27:19,2337.75,254610
2021-05-28 10:27:22,2337.0,254635
2021-05-28 10:27:24,2337.0,254635
2021-05-28 10:27:26,2337.0,254635
2021-05-28 10:27:29,2335.45,257267
2021-05-28 10:27:31,2335.45,257267
2021-05-28 10:27:33,2336.0,257287
2021-05-28 10:27:36,2336.0,257287
2021-05-28 10:27:38,2336.0,257287
2021-05-28 10:27:40,2336.0,257287
2021-05-28 10:27:43,2335.45,257302
2021-05-28 10:27:45,2335.45,257478
2021-05-28 10:27:48,2335.45,257478
2021-05-28 10:27:50,2335.25,257903
2021-05-28 10:27:53,2335.2,257959
2021-05-28 10:27:56,2335.05,258190
2021-05-28 10:27:58,2335.05,258226
2021-05-28 10:28:01,2335.2,258238
2021-05-28 10:28:03,2335.2,258238
2021-05-28 10:28:05,2334.55,260114
2021-05-28 10:28:08,2335.0,260115
2021-05-28 10:28:10,2334.8,260117
2021-05-28 10:28:12,2334.8,260120
2021-05-28 10:28:15,2334.55,260261
2021-05-28 10:28:17,2334.55,260323
2021-05-28 10:28:19,2334.35,260434
2021-05-28 10:28:22,2334.35,260459
2021-05-28 10:28:25,2334.55,260464
2021-05-28 10:28:27,2334.55,260497
2021-05-28 10:28:30,2334.55,260549
2021-05-28 10:28:32,2334.3,260569
2021-05-28 10:28:35,2334.55,260619
2021-05-28 10:28:37,2334.55,260619
2021-05-28 10:28:40,2334.55,260619
2021-05-28 10:28:42,2334.45,260625
2021-05-28 10:28:44,2335.0,260858
2021-05-28 10:28:47,2334.55,260860
2021-05-28 10:28:49,2334.55,260860
2021-05-28 10:28:51,2334.55,260863
2021-05-28 10:28:53,2334.55,260867
2021-05-28 10:28:55,2335.25,260869
2021-05-28 10:28:58,2335.25,260869
2021-05-28 10:29:01,2335.35,260872
2021-05-28 10:29:04,2335.35,260872
2021-05-28 10:29:06,2335.0,260877
2021-05-28 10:29:08,2335.0,260882
2021-05-28 10:29:10,2334.8,260910
2021-05-28 10:29:13,2334.8,260913
2021-05-28 10:29:16,2334.7,260919
2021-05-28 10:29:18,2335.0,261118
2021-05-28 10:29:21,2335.75,261123
2021-05-28 10:29:23,2335.85,261133
2021-05-28 10:29:25,2335.85,261133
2021-05-28 10:29:28,2335.0,264776
2021-05-28 10:29:30,2335.8,264879
2021-05-28 10:29:32,2335.8,264879
2021-05-28 10:29:35,2335.0,264894
2021-05-28 10:29:37,2335.0,264895
2021-05-28 10:29:40,2334.85,264920
2021-05-28 10:29:42,2334.95,264922
2021-05-28 10:29:44,2334.85,264996
2021-05-28 10:29:46,2334.85,264996
2021-05-28 10:29:49,2335.8,265520
2021-05-28 10:29:52,2335.0,265530
2021-05-28 10:29:55,2335.9,265537
2021-05-28 10:29:58,2335.9,265542
2021-05-28 10:30:00,2335.9,265544
2021-05-28 10:30:02,2335.9,265608
2021-05-28 10:30:05,2335.9,265608
2021-05-28 10:30:07,2335.1,265621
2021-05-28 10:30:10,2335.5,265689
2021-05-28 10:30:12,2335.1,265691
2021-05-28 10:30:14,2335.5,265746
2021-05-28 10:30:16,2335.5,265746
2021-05-28 10:30:19,2335.8,265797
2021-05-28 10:30:21,2335.8,265797
2021-05-28 10:30:23,2335.8,265797
2021-05-28 10:30:26,2336.0,265833
2021-05-28 10:30:28,2336.0,265952
2021-05-28 10:30:31,2336.0,266025
2021-05-28 10:30:33,2336.0,266025
2021-05-28 10:30:36,2336.0,266046
2021-05-28 10:30:38,2335.8,266099
2021-05-28 10:30:41,2335.8,266099
2021-05-28 10:30:43,2335.75,266105
2021-05-28 10:30:46,2335.5,266268
2021-05-28 10:30:48,2335.0,267685
2021-05-28 10:30:51,2335.0,267695
2021-05-28 10:30:53,2335.0,267951
2021-05-28 10:30:55,2335.0,268580
2021-05-28 10:30:57,2335.0,268728
2021-05-28 10:31:00,2335.0,269045
2021-05-28 10:31:02,2335.0,269055
2021-05-28 10:31:05,2335.0,269219
2021-05-28 10:31:07,2335.0,269834
2021-05-28 10:31:09,2335.0,270002
2021-05-28 10:31:12,2335.0,270152
2021-05-28 10:31:14,2335.0,271524
2021-05-28 10:31:17,2334.9,272774
2021-05-28 10:31:20,2334.9,272774
2021-05-28 10:31:22,2335.0,272874
2021-05-28 10:31:25,2335.0,272874
2021-05-28 10:31:27,2335.0,272887
2021-05-28 10:31:30,2335.0,272887
2021-05-28 10:31:32,2335.0,273387
2021-05-28 10:31:34,2335.0,273434
2021-05-28 10:31:37,2335.0,273650
2021-05-28 10:31:39,2334.95,273652
2021-05-28 10:31:42,2334.95,273660
2021-05-28 10:31:45,2334.9,273720
2021-05-28 10:31:47,2334.95,273942
2021-05-28 10:31:49,2334.7,274042
2021-05-28 10:31:51,2334.95,274052
2021-05-28 10:31:53,2334.7,274067
2021-05-28 10:31:56,2334.95,274076
2021-05-28 10:31:58,2334.95,274148
2021-05-28 10:32:01,2334.95,274184
2021-05-28 10:32:03,2334.95,274185
2021-05-28 10:32:06,2334.95,274189
2021-05-28 10:32:08,2334.95,274224
2021-05-28 10:32:11,2334.9,274328
2021-05-28 10:32:13,2335.0,274574
2021-05-28 10:32:15,2334.9,274588
2021-05-28 10:32:18,2335.0,274756
2021-05-28 10:32:20,2334.7,274936
2021-05-28 10:32:22,2335.0,275086
2021-05-28 10:32:24,2335.0,275086
2021-05-28 10:32:27,2335.0,275086
2021-05-28 10:32:29,2335.0,275086
2021-05-28 10:32:31,2334.9,275087
2021-05-28 10:32:33,2335.0,275088
2021-05-28 10:32:35,2335.0,275088
2021-05-28 10:32:37,2334.9,275266
2021-05-28 10:32:39,2334.9,275266
2021-05-28 10:32:42,2334.95,275365
2021-05-28 10:32:44,2334.95,275483
2021-05-28 10:32:46,2335.0,275651
2021-05-28 10:32:49,2335.0,275651
2021-05-28 10:32:51,2335.0,275801
2021-05-28 10:32:54,2335.0,275961
2021-05-28 10:32:56,2335.0,276111
2021-05-28 10:32:58,2335.0,276111
2021-05-28 10:33:01,2335.0,276111
2021-05-28 10:33:03,2335.0,276116
2021-05-28 10:33:06,2335.0,276116
2021-05-28 10:33:08,2335.0,276163
2021-05-28 10:33:10,2334.95,276177
2021-05-28 10:33:13,2334.95,276180
2021-05-28 10:33:15,2334.9,276399
2021-05-28 10:33:17,2334.95,276442
2021-05-28 10:33:19,2334.95,276442
2021-05-28 10:33:21,2334.95,276449
2021-05-28 10:33:24,2334.95,276474
2021-05-28 10:33:25,2334.9,276584
2021-05-28 10:33:28,2334.95,276587
2021-05-28 10:33:30,2334.95,276587
2021-05-28 10:33:32,2334.95,276587
2021-05-28 10:33:34,2334.95,276589
2021-05-28 10:33:36,2334.9,277090
2021-05-28 10:33:39,2334.9,277090
2021-05-28 10:33:41,2334.95,277105
2021-05-28 10:33:43,2334.95,277105
2021-05-28 10:33:45,2335.0,277600
2021-05-28 10:33:47,2334.8,277615
2021-05-28 10:33:49,2334.8,277615
2021-05-28 10:33:51,2334.8,277615
2021-05-28 10:33:53,2334.8,277615
2021-05-28 10:33:55,2334.9,277622
2021-05-28 10:33:57,2334.9,277625
2021-05-28 10:33:59,2335.0,277660
2021-05-28 10:34:01,2334.9,277664
2021-05-28 10:34:03,2334.9,277676
2021-05-28 10:34:05,2334.9,277679
2021-05-28 10:34:08,2334.9,277698
2021-05-28 10:34:10,2334.85,277719
2021-05-28 10:34:12,2334.85,277719
2021-05-28 10:34:14,2334.8,277829
2021-05-28 10:34:16,2334.8,277829
2021-05-28 10:34:18,2334.85,277834
2021-05-28 10:34:20,2335.0,278067
2021-05-28 10:34:22,2335.0,278068
2021-05-28 10:34:24,2334.8,278416
2021-05-28 10:34:26,2335.0,278826
2021-05-28 10:34:28,2334.8,278841
2021-05-28 10:34:30,2334.8,278929
2021-05-28 10:34:32,2334.75,278931
2021-05-28 10:34:34,2335.0,278937
2021-05-28 10:34:36,2335.0,278938
2021-05-28 10:34:38,2335.0,279107
2021-05-28 10:34:40,2335.0,279107
2021-05-28 10:34:43,2335.0,279107
2021-05-28 10:34:46,2334.75,279330
2021-05-28 10:34:48,2335.0,279385
2021-05-28 10:34:51,2335.0,279415
2021-05-28 10:34:53,2335.0,279415
2021-05-28 10:34:55,2335.0,279420
2021-05-28 10:34:57,2335.0,279498
2021-05-28 10:35:00,2335.0,279661
2021-05-28 10:35:02,2335.0,280265
2021-05-28 10:35:05,2335.0,280265
2021-05-28 10:35:07,2335.0,280784
2021-05-28 10:35:09,2335.0,281049
2021-05-28 10:35:11,2335.0,281590
2021-05-28 10:35:13,2335.0,281591
2021-05-28 10:35:15,2335.0,281591
2021-05-28 10:35:17,2335.0,281906
2021-05-28 10:35:20,2335.0,282066
2021-05-28 10:35:22,2335.0,282549
2021-05-28 10:35:24,2335.0,282873
2021-05-28 10:35:27,2335.0,283027
2021-05-28 10:35:29,2335.0,283184
2021-05-28 10:35:31,2335.0,283832
2021-05-28 10:35:33,2335.0,284022
2021-05-28 10:35:37,2335.0,284210
2021-05-28 10:35:40,2335.0,284471
2021-05-28 10:35:42,2334.95,284473
2021-05-28 10:35:44,2335.0,284649
2021-05-28 10:35:46,2335.0,284649
2021-05-28 10:35:48,2335.0,284803
2021-05-28 10:35:50,2335.0,284803
2021-05-28 10:35:52,2335.0,284876
2021-05-28 10:35:54,2335.0,284916
2021-05-28 10:35:56,2335.0,284916
2021-05-28 10:35:59,2335.0,284921
2021-05-28 10:36:01,2335.0,285006
2021-05-28 10:36:03,2335.0,285026
2021-05-28 10:36:05,2334.95,285028
2021-05-28 10:36:07,2335.0,285077
2021-05-28 10:36:09,2335.0,285092
2021-05-28 10:36:12,2335.0,285276
2021-05-28 10:36:15,2334.9,285411
2021-05-28 10:36:18,2334.95,285412
2021-05-28 10:36:20,2334.9,285477
2021-05-28 10:36:23,2334.95,285498
2021-05-28 10:36:25,2334.95,285499
2021-05-28 10:36:27,2334.95,285506
2021-05-28 10:36:30,2334.95,285675
2021-05-28 10:36:32,2334.95,285679
2021-05-28 10:36:34,2334.95,285680
2021-05-28 10:36:36,2334.95,285680
2021-05-28 10:36:38,2334.95,285680
2021-05-28 10:36:40,2334.9,285691
2021-05-28 10:36:42,2334.9,285707
2021-05-28 10:36:45,2334.8,285842
2021-05-28 10:36:47,2334.9,285847
2021-05-28 10:36:50,2334.9,285847
2021-05-28 10:36:52,2334.9,285847
2021-05-28 10:36:54,2334.8,285910
2021-05-28 10:36:56,2334.8,285910
2021-05-28 10:36:58,2334.9,285950
2021-05-28 10:37:00,2335.0,285987
2021-05-28 10:37:02,2335.0,285987
2021-05-28 10:37:04,2335.0,286038
2021-05-28 10:37:07,2335.0,286043
2021-05-28 10:37:09,2334.95,286090
2021-05-28 10:37:11,2334.95,286140
2021-05-28 10:37:13,2334.9,286408
2021-05-28 10:37:17,2334.9,286408
2021-05-28 10:37:19,2334.95,286410
2021-05-28 10:37:22,2334.95,286428
2021-05-28 10:37:24,2334.95,286428
2021-05-28 10:37:26,2334.95,286428
2021-05-28 10:37:28,2334.95,286428
2021-05-28 10:37:30,2334.95,286428
2021-05-28 10:37:32,2334.95,286429
2021-05-28 10:37:34,2334.95,286430
2021-05-28 10:37:36,2334.95,286430
2021-05-28 10:37:38,2334.95,286440
2021-05-28 10:37:40,2334.95,286440
2021-05-28 10:37:42,2334.95,286440
2021-05-28 10:37:44,2334.9,286649
2021-05-28 10:37:47,2334.9,286649
2021-05-28 10:37:49,2334.9,286649
2021-05-28 10:37:51,2334.95,286684
2021-05-28 10:37:53,2334.95,286684
2021-05-28 10:37:55,2334.95,286684
2021-05-28 10:37:58,2334.95,286709
2021-05-28 10:38:00,2334.95,286717
2021-05-28 10:38:02,2334.95,286727
2021-05-28 10:38:05,2334.95,286727
2021-05-28 10:38:07,2334.95,286737
2021-05-28 10:38:09,2334.95,286785
2021-05-28 10:38:11,2334.9,286792
2021-05-28 10:38:14,2334.9,287014
2021-05-28 10:38:15,2334.9,287017
2021-05-28 10:38:17,2334.9,287032
2021-05-28 10:38:20,2334.9,287033
2021-05-28 10:38:22,2334.8,287065
2021-05-28 10:38:24,2334.75,287180
2021-05-28 10:38:26,2334.9,287188
2021-05-28 10:38:27,2334.9,287189
2021-05-28 10:38:30,2334.9,287191
2021-05-28 10:38:32,2334.9,287278
2021-05-28 10:38:34,2334.9,287380
2021-05-28 10:38:36,2334.9,287380
2021-05-28 10:38:38,2334.9,287405
2021-05-28 10:38:40,2334.9,287417
2021-05-28 10:38:43,2334.9,287418
2021-05-28 10:38:45,2334.9,287510
2021-05-28 10:38:47,2334.9,287510
2021-05-28 10:38:49,2334.9,287533
2021-05-28 10:38:51,2334.7,287584
2021-05-28 10:38:53,2334.9,287626
2021-05-28 10:38:55,2334.9,287649
2021-05-28 10:38:57,2334.9,287649
2021-05-28 10:38:59,2334.9,287650
2021-05-28 10:39:02,2334.9,287665
2021-05-28 10:39:04,2334.9,287665
2021-05-28 10:39:06,2334.85,287666
2021-05-28 10:39:08,2334.85,287666
2021-05-28 10:39:10,2334.85,287666
2021-05-28 10:39:12,2334.8,287717
2021-05-28 10:39:14,2334.7,287784
2021-05-28 10:39:16,2334.7,287794
2021-05-28 10:39:19,2334.7,287794
2021-05-28 10:39:21,2334.7,287835
2021-05-28 10:39:23,2334.7,287891
2021-05-28 10:39:25,2334.7,287897
2021-05-28 10:39:26,2334.7,287897
2021-05-28 10:39:28,2334.7,287900
2021-05-28 10:39:30,2334.7,287905
2021-05-28 10:39:33,2334.7,287905
2021-05-28 10:39:35,2334.7,287907
2021-05-28 10:39:36,2334.7,287907
2021-05-28 10:39:38,2334.7,287950
2021-05-28 10:39:40,2334.7,288025
2021-05-28 10:39:42,2334.7,288036
2021-05-28 10:39:44,2334.65,288174
2021-05-28 10:39:46,2334.65,288174
2021-05-28 10:39:49,2334.6,288180
2021-05-28 10:39:50,2334.6,288239
2021-05-28 10:39:52,2334.6,288239
2021-05-28 10:39:54,2334.65,288246
2021-05-28 10:39:56,2334.65,288247
2021-05-28 10:39:58,2334.65,288255
2021-05-28 10:40:00,2334.65,288256
2021-05-28 10:40:03,2334.65,288287
2021-05-28 10:40:05,2334.65,288359
2021-05-28 10:40:06,2334.65,288414
2021-05-28 10:40:10,2334.65,288502
2021-05-28 10:40:12,2334.95,288556
2021-05-28 10:40:15,2334.95,288557
2021-05-28 10:40:17,2334.95,288647
2021-05-28 10:40:19,2334.95,289148
2021-05-28 10:40:22,2334.95,289189
2021-05-28 10:40:24,2334.95,289189
2021-05-28 10:40:26,2334.95,289189
2021-05-28 10:40:28,2334.95,289194
2021-05-28 10:40:30,2334.95,289235
2021-05-28 10:40:32,2334.9,289246
2021-05-28 10:40:34,2334.95,289252
2021-05-28 10:40:36,2334.95,289253
2021-05-28 10:40:38,2334.95,289253
2021-05-28 10:40:40,2334.95,289350
2021-05-28 10:40:42,2334.95,289350
2021-05-28 10:40:44,2334.95,289350
2021-05-28 10:40:46,2334.95,289524
2021-05-28 10:40:48,2334.95,289564
2021-05-28 10:40:50,2334.95,289564
2021-05-28 10:40:52,2334.8,289566
2021-05-28 10:40:54,2334.8,289566
2021-05-28 10:40:56,2334.95,289622
2021-05-28 10:40:58,2334.95,289652
2021-05-28 10:41:01,2334.95,289652
2021-05-28 10:41:03,2334.95,289652
2021-05-28 10:41:06,2334.95,289652
2021-05-28 10:41:08,2334.95,289698
2021-05-28 10:41:10,2334.9,289699
2021-05-28 10:41:12,2335.05,294312
2021-05-28 10:41:14,2335.0,294317
2021-05-28 10:41:16,2335.0,294327
2021-05-28 10:41:18,2335.0,294416
2021-05-28 10:41:23,2335.0,294517
2021-05-28 10:41:25,2335.0,294517
2021-05-28 10:41:27,2334.95,294861
2021-05-28 10:41:29,2334.95,294866
2021-05-28 10:41:31,2335.0,295604
2021-05-28 10:41:33,2334.95,295671
2021-05-28 10:41:35,2334.95,295672
2021-05-28 10:41:37,2334.85,297034
2021-05-28 10:41:39,2335.0,297036
2021-05-28 10:41:41,2334.85,297052
2021-05-28 10:41:43,2334.85,297052
2021-05-28 10:41:45,2334.85,297151
2021-05-28 10:41:47,2334.95,297188
2021-05-28 10:41:49,2334.95,297188
2021-05-28 10:41:51,2334.95,297189
2021-05-28 10:41:52,2334.95,297189
2021-05-28 10:41:54,2334.95,297794
2021-05-28 10:41:56,2334.95,297802
2021-05-28 10:41:58,2334.95,297807
2021-05-28 10:42:00,2334.95,297827
2021-05-28 10:42:02,2334.95,297901
2021-05-28 10:42:05,2334.95,297901
2021-05-28 10:42:07,2334.95,297901
2021-05-28 10:42:09,2334.9,297937
2021-05-28 10:42:11,2334.9,297937
2021-05-28 10:42:13,2334.85,297947
2021-05-28 10:42:15,2334.85,298061
2021-05-28 10:42:17,2334.85,298061
2021-05-28 10:42:19,2334.85,298061
2021-05-28 10:42:21,2334.8,298092
2021-05-28 10:42:23,2334.8,298117
2021-05-28 10:42:26,2334.85,298124
2021-05-28 10:42:28,2334.85,298124
2021-05-28 10:42:30,2334.8,298126
2021-05-28 10:42:32,2334.8,298126
2021-05-28 10:42:34,2334.85,298129
2021-05-28 10:42:37,2334.85,298215
2021-05-28 10:42:39,2334.85,298220
2021-05-28 10:42:41,2334.85,298220
2021-05-28 10:42:43,2334.85,298220
2021-05-28 10:42:45,2334.8,298343
2021-05-28 10:42:47,2334.85,298363
2021-05-28 10:42:49,2334.85,298383
2021-05-28 10:42:51,2334.85,298393
2021-05-28 10:42:54,2334.85,298393
2021-05-28 10:42:56,2334.85,298393
2021-05-28 10:42:59,2334.85,298394
2021-05-28 10:43:01,2334.85,298453
2021-05-28 10:43:03,2334.85,298510
2021-05-28 10:43:05,2334.85,298610
2021-05-28 10:43:07,2334.85,298629
2021-05-28 10:43:09,2334.95,298683
2021-05-28 10:43:11,2334.95,298688
2021-05-28 10:43:14,2334.95,298689
2021-05-28 10:43:16,2334.95,298695
2021-05-28 10:43:18,2334.95,298695
2021-05-28 10:43:20,2334.95,298733
2021-05-28 10:43:22,2334.95,298772
2021-05-28 10:43:24,2334.85,298780
2021-05-28 10:43:26,2334.95,298841
2021-05-28 10:43:28,2334.95,298843
2021-05-28 10:43:31,2334.95,298844
2021-05-28 10:43:33,2334.85,299036
2021-05-28 10:43:35,2334.85,299121
2021-05-28 10:43:37,2334.95,299238
2021-05-28 10:43:39,2334.9,299253
2021-05-28 10:43:41,2334.9,299253
2021-05-28 10:43:44,2334.85,299399
2021-05-28 10:43:46,2334.85,299399
2021-05-28 10:43:48,2335.0,299414
2021-05-28 10:43:50,2335.0,299414
2021-05-28 10:43:52,2335.0,299417
2021-05-28 10:43:54,2334.85,299437
2021-05-28 10:43:56,2334.85,299437
2021-05-28 10:43:58,2335.0,299599
2021-05-28 10:44:01,2335.0,299602
2021-05-28 10:44:03,2335.0,299602
2021-05-28 10:44:06,2335.0,299656
2021-05-28 10:44:08,2335.0,299710
2021-05-28 10:44:10,2334.95,299886
2021-05-28 10:44:13,2335.0,300204
2021-05-28 10:44:15,2335.0,301167
2021-05-28 10:44:18,2335.0,301169
2021-05-28 10:44:20,2335.0,301221
2021-05-28 10:44:23,2335.0,302567
2021-05-28 10:44:25,2335.0,302578
2021-05-28 10:44:27,2335.0,302626
2021-05-28 10:44:29,2335.0,302659
2021-05-28 10:44:32,2335.0,302722
2021-05-28 10:44:34,2335.0,303358
2021-05-28 10:44:36,2335.0,303358
2021-05-28 10:44:38,2335.0,303399
2021-05-28 10:44:41,2335.0,303399
2021-05-28 10:44:43,2334.95,303403
2021-05-28 10:44:46,2334.85,303549
2021-05-28 10:44:48,2334.95,303569
2021-05-28 10:44:50,2334.95,303569
2021-05-28 10:44:52,2334.95,303580
2021-05-28 10:44:55,2334.85,303659
2021-05-28 10:44:57,2335.0,303671
2021-05-28 10:44:59,2335.0,303671
2021-05-28 10:45:01,2335.0,303671
2021-05-28 10:45:03,2335.0,303714
2021-05-28 10:45:06,2335.0,303718
2021-05-28 10:45:08,2335.0,303730
2021-05-28 10:45:10,2334.95,303830
2021-05-28 10:45:12,2335.0,304999
2021-05-28 10:45:14,2334.95,305112
2021-05-28 10:45:16,2335.0,305114
2021-05-28 10:45:18,2335.0,305114
2021-05-28 10:45:20,2335.0,305114
2021-05-28 10:45:23,2335.0,305114
2021-05-28 10:45:25,2334.95,305119
2021-05-28 10:45:27,2335.0,305123
2021-05-28 10:45:29,2335.0,305153
2021-05-28 10:45:31,2335.0,305154
2021-05-28 10:45:34,2335.0,305195
2021-05-28 10:45:36,2334.95,305219
2021-05-28 10:45:38,2335.0,305269
2021-05-28 10:45:40,2335.0,305269
2021-05-28 10:45:42,2334.95,305700
2021-05-28 10:45:44,2335.0,306564
2021-05-28 10:45:47,2335.0,306576
2021-05-28 10:45:49,2335.0,306577
2021-05-28 10:45:51,2334.7,306602
2021-05-28 10:45:53,2334.7,306602
2021-05-28 10:45:55,2334.95,306603
2021-05-28 10:45:57,2334.65,306702
2021-05-28 10:46:00,2334.95,306731
2021-05-28 10:46:02,2334.95,306741
2021-05-28 10:46:04,2334.95,306741
2021-05-28 10:46:06,2334.95,306793
2021-05-28 10:46:09,2334.95,306912
2021-05-28 10:46:12,2334.95,308019
2021-05-28 10:46:14,2334.95,308019
2021-05-28 10:46:16,2334.95,308030
2021-05-28 10:46:19,2334.95,308185
2021-05-28 10:46:21,2334.95,308186
2021-05-28 10:46:23,2334.95,308186
2021-05-28 10:46:26,2334.95,308190
2021-05-28 10:46:29,2334.95,308291
2021-05-28 10:46:31,2334.95,308306
2021-05-28 10:46:33,2334.95,308306
2021-05-28 10:46:35,2334.95,308312
2021-05-28 10:46:37,2334.95,308412
2021-05-28 10:46:39,2334.75,308448
2021-05-28 10:46:41,2334.75,308451
2021-05-28 10:46:44,2334.5,308499
2021-05-28 10:46:46,2334.75,308599
2021-05-28 10:46:48,2334.75,308601
2021-05-28 10:46:50,2334.5,308605
2021-05-28 10:46:52,2334.95,308606
2021-05-28 10:46:54,2334.95,308607
2021-05-28 10:46:57,2334.95,308613
2021-05-28 10:46:59,2334.95,308642
2021-05-28 10:47:01,2334.95,308703
2021-05-28 10:47:03,2334.95,308739
2021-05-28 10:47:08,2334.95,308743
2021-05-28 10:47:10,2334.85,308850
