timestamp,ltp,volume
2021-05-28 09:15:11,1017.7,21985
2021-05-28 09:15:12,1018.65,22636
2021-05-28 09:15:13,1018.05,22921
2021-05-28 09:15:14,1019.05,24132
2021-05-28 09:15:15,1018.0,24961
2021-05-28 09:15:16,1018.85,25026
2021-05-28 09:15:17,1018.9,25150
2021-05-28 09:15:18,1019.1,25547
2021-05-28 09:15:19,1018.65,26533
2021-05-28 09:15:20,1019.0,28058
2021-05-28 09:15:21,1019.45,29933
2021-05-28 09:15:22,1019.4,30458
2021-05-28 09:15:23,1019.3,31090
2021-05-28 09:15:24,1018.95,32736
2021-05-28 09:15:25,1018.95,34627
2021-05-28 09:15:26,1019.1,38337
2021-05-28 09:15:27,1019.1,41262
2021-05-28 09:15:28,1019.5,42825
2021-05-28 09:15:29,1019.05,44820
2021-05-28 09:15:30,1019.5,46702
2021-05-28 09:15:31,1019.4,47963
2021-05-28 09:15:32,1019.5,49645
2021-05-28 09:15:33,1018.95,50521
2021-05-28 09:15:34,1018.95,52132
2021-05-28 09:15:35,1019.25,52350
2021-05-28 09:15:36,1018.65,52850
2021-05-28 09:15:37,1019.55,60003
2021-05-28 09:15:38,1019.35,60713
2021-05-28 09:15:39,1019.0,63076
2021-05-28 09:15:40,1019.2,63715
2021-05-28 09:15:41,1018.95,64634
2021-05-28 09:15:42,1019.1,65579
2021-05-28 09:15:44,1019.0,69439
2021-05-28 09:15:46,1019.2,71057
2021-05-28 09:15:49,1019.0,71988
2021-05-28 09:15:50,1019.2,77394
2021-05-28 09:15:51,1020.0,77812
2021-05-28 09:15:52,1020.0,79687
2021-05-28 09:15:53,1019.9,80606
2021-05-28 09:15:54,1019.9,81876
2021-05-28 09:15:55,1019.25,82016
2021-05-28 09:15:56,1019.5,82028
2021-05-28 09:15:57,1019.3,82278
2021-05-28 09:15:58,1019.5,82776
2021-05-28 09:15:59,1019.05,83880
2021-05-28 09:16:00,1019.1,85666
2021-05-28 09:16:01,1019.1,88176
2021-05-28 09:16:02,1019.6,88598
2021-05-28 09:16:03,1019.25,91345
2021-05-28 09:16:04,1019.2,91548
2021-05-28 09:16:05,1019.25,92167
2021-05-28 09:16:06,1019.15,92589
2021-05-28 09:16:07,1019.8,92883
2021-05-28 09:16:08,1019.9,93848
2021-05-28 09:16:09,1019.35,94045
2021-05-28 09:16:10,1019.85,94214
2021-05-28 09:16:11,1018.85,98968
2021-05-28 09:16:12,1018.9,99526
2021-05-28 09:16:13,1018.3,100712
2021-05-28 09:16:15,1017.95,103618
2021-05-28 09:16:15,1017.85,103598
2021-05-28 09:16:16,1018.7,103704
2021-05-28 09:16:17,1018.0,105092
2021-05-28 09:16:18,1017.7,105771
2021-05-28 09:16:19,1018.25,106784
2021-05-28 09:16:20,1018.1,107212
2021-05-28 09:16:21,1017.45,107950
2021-05-28 09:16:22,1018.0,108086
2021-05-28 09:16:23,1018.0,108317
2021-05-28 09:16:24,1017.3,109074
2021-05-28 09:16:25,1017.6,110185
2021-05-28 09:16:26,1017.35,110724
2021-05-28 09:16:27,1017.5,111494
2021-05-28 09:16:28,1017.1,115637
2021-05-28 09:16:29,1017.0,116277
2021-05-28 09:16:30,1017.3,116869
2021-05-28 09:16:31,1016.7,117625
2021-05-28 09:16:32,1017.4,117800
2021-05-28 09:16:33,1017.15,118456
2021-05-28 09:16:34,1016.5,118468
2021-05-28 09:16:35,1016.65,119441
2021-05-28 09:16:36,1017.0,120609
2021-05-28 09:16:38,1016.2,121735
2021-05-28 09:16:39,1017.0,121838
2021-05-28 09:16:40,1016.5,121847
2021-05-28 09:16:41,1016.4,122187
2021-05-28 09:16:42,1016.4,122337
2021-05-28 09:16:42,1016.4,122337
2021-05-28 09:16:43,1016.55,122428
2021-05-28 09:16:44,1016.0,123206
2021-05-28 09:16:45,1016.45,123842
2021-05-28 09:16:46,1016.0,124728
2021-05-28 09:16:47,1016.1,125655
2021-05-28 09:16:48,1016.25,126214
2021-05-28 09:16:49,1016.8,126257
2021-05-28 09:16:50,1016.35,127020
2021-05-28 09:16:52,1016.85,127567
2021-05-28 09:16:53,1016.2,127906
2021-05-28 09:16:54,1016.6,128421
2021-05-28 09:16:55,1016.4,129413
2021-05-28 09:16:57,1016.25,129478
2021-05-28 09:16:57,1016.25,129507
2021-05-28 09:16:58,1016.5,129623
2021-05-28 09:16:59,1016.0,129802
2021-05-28 09:17:00,1015.8,130157
2021-05-28 09:17:01,1016.5,131667
2021-05-28 09:17:02,1016.0,131818
2021-05-28 09:17:03,1016.3,132823
2021-05-28 09:17:05,1015.55,133076
2021-05-28 09:17:05,1016.0,133107
2021-05-28 09:17:06,1016.25,133237
2021-05-28 09:17:07,1016.0,134641
2021-05-28 09:17:08,1015.95,134729
2021-05-28 09:17:09,1015.95,134729
2021-05-28 09:17:10,1015.7,135740
2021-05-28 09:17:12,1016.0,136567
2021-05-28 09:17:12,1015.8,136786
2021-05-28 09:17:14,1015.75,137242
2021-05-28 09:17:15,1016.35,137456
2021-05-28 09:17:16,1015.85,137726
2021-05-28 09:17:17,1015.8,138086
2021-05-28 09:17:18,1015.7,138538
2021-05-28 09:17:19,1016.0,138778
2021-05-28 09:17:20,1015.7,139232
2021-05-28 09:17:21,1016.0,139488
2021-05-28 09:17:22,1016.0,139538
2021-05-28 09:17:24,1016.4,142082
2021-05-28 09:17:23,1016.25,140082
2021-05-28 09:17:24,1016.35,142291
2021-05-28 09:17:26,1015.7,142431
2021-05-28 09:17:26,1016.0,142596
2021-05-28 09:17:27,1016.0,142996
2021-05-28 09:17:28,1016.0,143425
2021-05-28 09:17:29,1015.75,144557
2021-05-28 09:17:30,1015.55,144698
2021-05-28 09:17:31,1015.55,144698
2021-05-28 09:17:32,1016.0,145327
2021-05-28 09:17:33,1015.5,145957
2021-05-28 09:17:34,1016.05,146087
2021-05-28 09:17:35,1015.5,146098
2021-05-28 09:17:36,1015.95,146698
2021-05-28 09:17:37,1015.5,146910
2021-05-28 09:17:38,1015.5,147765
2021-05-28 09:17:39,1015.85,148301
2021-05-28 09:17:40,1015.5,148407
2021-05-28 09:17:41,1015.8,148843
2021-05-28 09:17:42,1015.4,149170
2021-05-28 09:17:43,1015.2,149550
2021-05-28 09:17:44,1015.7,149683
2021-05-28 09:17:45,1015.1,149842
2021-05-28 09:17:46,1015.5,149896
2021-05-28 09:17:47,1015.5,150101
2021-05-28 09:17:48,1015.45,151407
2021-05-28 09:17:49,1014.95,154909
2021-05-28 09:17:50,1014.85,156305
2021-05-28 09:17:51,1015.2,156747
2021-05-28 09:17:52,1014.55,156962
2021-05-28 09:17:53,1014.6,157233
2021-05-28 09:17:54,1014.55,157260
2021-05-28 09:17:55,1014.5,157628
2021-05-28 09:17:56,1015.0,157706
2021-05-28 09:17:57,1014.4,158077
2021-05-28 09:17:59,1015.0,158693
2021-05-28 09:18:01,1014.6,158868
2021-05-28 09:18:04,1015.0,159690
2021-05-28 09:18:05,1014.55,159710
2021-05-28 09:18:06,1014.95,159712
2021-05-28 09:18:07,1014.85,160363
2021-05-28 09:18:08,1014.6,160660
2021-05-28 09:18:09,1014.55,160922
2021-05-28 09:18:10,1014.8,160984
2021-05-28 09:18:11,1014.8,161110
2021-05-28 09:18:12,1014.55,161115
2021-05-28 09:18:13,1014.55,161116
2021-05-28 09:18:14,1014.85,161268
2021-05-28 09:18:15,1014.85,161560
2021-05-28 09:18:16,1014.8,163886
2021-05-28 09:18:17,1014.8,163977
2021-05-28 09:18:18,1015.0,164067
2021-05-28 09:18:19,1014.55,164110
2021-05-28 09:18:20,1014.7,164232
2021-05-28 09:18:21,1014.55,164282
2021-05-28 09:18:22,1014.55,164366
2021-05-28 09:18:23,1014.9,166767
2021-05-28 09:18:25,1015.0,167228
2021-05-28 09:18:25,1014.8,167246
2021-05-28 09:18:26,1015.0,167498
2021-05-28 09:18:29,1014.7,169389
2021-05-28 09:18:30,1014.55,169429
2021-05-28 09:18:31,1014.9,169659
2021-05-28 09:18:32,1014.45,171010
2021-05-28 09:18:33,1014.0,171845
2021-05-28 09:18:34,1014.6,171991
2021-05-28 09:18:35,1014.1,172262
2021-05-28 09:18:36,1014.1,172427
2021-05-28 09:18:37,1014.15,172627
2021-05-28 09:18:38,1014.25,172985
2021-05-28 09:18:40,1014.05,173552
2021-05-28 09:18:40,1013.5,173797
2021-05-28 09:18:41,1013.95,174114
2021-05-28 09:18:42,1013.4,174203
2021-05-28 09:18:44,1014.05,174813
2021-05-28 09:18:44,1014.0,175009
2021-05-28 09:18:45,1013.6,175110
2021-05-28 09:18:46,1014.0,175228
2021-05-28 09:18:47,1013.65,175280
2021-05-28 09:18:48,1014.0,176480
2021-05-28 09:18:49,1013.5,177150
2021-05-28 09:18:50,1013.5,177150
2021-05-28 09:18:51,1013.55,177528
2021-05-28 09:18:52,1013.95,178044
2021-05-28 09:18:53,1014.05,178194
2021-05-28 09:18:54,1014.0,178408
2021-05-28 09:18:55,1013.4,179175
2021-05-28 09:18:56,1013.75,179200
2021-05-28 09:18:57,1013.75,179200
2021-05-28 09:18:58,1013.65,179373
2021-05-28 09:18:59,1013.5,179531
2021-05-28 09:19:00,1013.65,179532
2021-05-28 09:19:01,1013.7,179539
2021-05-28 09:19:02,1013.75,179799
2021-05-28 09:19:03,1013.65,179983
2021-05-28 09:19:04,1013.85,180033
2021-05-28 09:19:05,1013.65,180443
2021-05-28 09:19:06,1013.8,180608
2021-05-28 09:19:08,1013.1,180773
2021-05-28 09:19:09,1013.1,181005
2021-05-28 09:19:10,1013.0,183081
2021-05-28 09:19:10,1013.25,183381
2021-05-28 09:19:11,1012.9,184123
2021-05-28 09:19:12,1013.45,184492
2021-05-28 09:19:13,1013.5,184602
2021-05-28 09:19:15,1013.9,185647
2021-05-28 09:19:16,1013.35,185984
2021-05-28 09:19:17,1013.6,187490
2021-05-28 09:19:18,1013.65,187657
2021-05-28 09:19:19,1013.65,187850
2021-05-28 09:19:20,1013.5,187905
2021-05-28 09:19:21,1013.2,188106
2021-05-28 09:19:22,1013.65,188187
2021-05-28 09:19:23,1013.5,188370
2021-05-28 09:19:24,1013.6,188505
2021-05-28 09:19:25,1013.05,188561
2021-05-28 09:19:26,1013.6,188591
2021-05-28 09:19:27,1013.5,188592
2021-05-28 09:19:28,1013.1,188612
2021-05-28 09:19:31,1013.15,189023
2021-05-28 09:19:32,1013.65,189133
2021-05-28 09:19:33,1013.65,189137
2021-05-28 09:19:34,1013.1,189490
2021-05-28 09:19:35,1013.1,189650
2021-05-28 09:19:36,1013.1,189700
2021-05-28 09:19:37,1013.35,189715
2021-05-28 09:19:38,1013.0,190262
2021-05-28 09:19:39,1013.0,190469
2021-05-28 09:19:40,1013.0,190899
2021-05-28 09:19:41,1013.2,191124
2021-05-28 09:19:42,1012.2,192067
2021-05-28 09:19:43,1012.75,192451
2021-05-28 09:19:44,1012.75,192556
2021-05-28 09:19:45,1012.15,192654
2021-05-28 09:19:46,1012.15,192654
2021-05-28 09:19:47,1011.6,196158
2021-05-28 09:19:48,1012.7,196456
2021-05-28 09:19:49,1012.2,196499
2021-05-28 09:19:50,1012.2,196534
2021-05-28 09:19:51,1012.2,196544
2021-05-28 09:19:52,1012.2,196683
2021-05-28 09:19:53,1012.6,199690
2021-05-28 09:19:54,1012.65,201031
2021-05-28 09:19:55,1012.15,202223
2021-05-28 09:19:56,1012.7,202318
2021-05-28 09:19:57,1013.0,202698
2021-05-28 09:19:58,1013.0,202698
2021-05-28 09:19:59,1013.0,204410
2021-05-28 09:20:00,1012.9,204638
2021-05-28 09:20:01,1013.0,205046
2021-05-28 09:20:02,1013.45,207637
2021-05-28 09:20:03,1013.25,207807
2021-05-28 09:20:04,1013.3,208238
2021-05-28 09:20:05,1013.75,209803
2021-05-28 09:20:06,1013.25,210024
2021-05-28 09:20:07,1013.75,210276
2021-05-28 09:20:08,1013.35,210445
2021-05-28 09:20:09,1013.8,210705
2021-05-28 09:20:10,1013.65,210761
2021-05-28 09:20:11,1013.8,210986
2021-05-28 09:20:12,1013.9,211341
2021-05-28 09:20:13,1013.35,211501
2021-05-28 09:20:14,1013.75,211663
2021-05-28 09:20:15,1013.8,212021
2021-05-28 09:20:16,1013.95,212152
2021-05-28 09:20:17,1014.0,212228
2021-05-28 09:20:18,1013.7,212354
2021-05-28 09:20:19,1014.6,217661
2021-05-28 09:20:20,1014.0,217939
2021-05-28 09:20:21,1014.45,218497
2021-05-28 09:20:22,1014.45,218662
2021-05-28 09:20:23,1014.6,218726
2021-05-28 09:20:24,1014.25,218971
2021-05-28 09:20:25,1014.8,219677
2021-05-28 09:20:26,1014.85,220046
2021-05-28 09:20:27,1014.35,220399
2021-05-28 09:20:28,1014.05,221650
2021-05-28 09:20:29,1014.65,221725
2021-05-28 09:20:30,1014.65,221760
2021-05-28 09:20:35,1015.2,225084
2021-05-28 09:20:36,1015.15,225392
2021-05-28 09:20:37,1015.25,225777
2021-05-28 09:20:39,1014.9,226953
2021-05-28 09:20:38,1015.25,226115
2021-05-28 09:20:42,1015.9,227912
2021-05-28 09:20:43,1016.0,228440
2021-05-28 09:20:46,1014.65,231074
2021-05-28 09:20:47,1014.85,231148
2021-05-28 09:20:48,1014.6,231485
2021-05-28 09:20:49,1014.95,231667
2021-05-28 09:20:50,1015.3,231947
2021-05-28 09:20:51,1015.0,231997
2021-05-28 09:20:52,1015.6,232009
2021-05-28 09:20:53,1015.95,233732
2021-05-28 09:20:54,1014.45,244894
2021-05-28 09:20:55,1014.85,249940
2021-05-28 09:20:56,1015.05,251566
2021-05-28 09:20:57,1014.0,261103
2021-05-28 09:20:58,1014.0,265212
2021-05-28 09:20:59,1014.45,265554
2021-05-28 09:21:00,1014.85,267108
2021-05-28 09:21:01,1014.75,267112
2021-05-28 09:21:02,1014.2,269969
2021-05-28 09:21:03,1014.45,270171
2021-05-28 09:21:04,1015.1,271392
2021-05-28 09:21:05,1015.45,271645
2021-05-28 09:21:06,1015.45,271645
2021-05-28 09:21:07,1015.3,271769
2021-05-28 09:21:08,1015.45,271809
2021-05-28 09:21:09,1015.65,271927
2021-05-28 09:21:10,1013.5,281745
2021-05-28 09:21:11,1013.85,282700
2021-05-28 09:21:12,1014.0,284996
2021-05-28 09:21:13,1013.75,286184
2021-05-28 09:21:14,1013.65,286457
2021-05-28 09:21:15,1013.7,287058
2021-05-28 09:21:16,1014.35,287271
2021-05-28 09:21:17,1013.2,288306
2021-05-28 09:21:18,1013.2,288510
2021-05-28 09:21:19,1012.4,294069
2021-05-28 09:21:20,1012.1,294144
2021-05-28 09:21:21,1012.65,294697
2021-05-28 09:21:22,1012.7,294847
2021-05-28 09:21:23,1012.05,295542
2021-05-28 09:21:24,1012.6,295630
2021-05-28 09:21:25,1012.65,296204
2021-05-28 09:21:26,1012.8,296740
2021-05-28 09:21:27,1012.2,297135
2021-05-28 09:21:28,1012.7,297171
2021-05-28 09:21:29,1012.2,297429
2021-05-28 09:21:30,1011.55,299627
2021-05-28 09:21:31,1011.85,299652
2021-05-28 09:21:32,1010.6,302255
2021-05-28 09:21:33,1011.05,304759
2021-05-28 09:21:34,1011.0,305150
2021-05-28 09:21:35,1011.1,305673
2021-05-28 09:21:36,1011.45,306390
2021-05-28 09:21:37,1011.6,307419
2021-05-28 09:21:38,1011.75,307674
2021-05-28 09:21:39,1010.85,308523
2021-05-28 09:21:40,1010.85,308948
2021-05-28 09:21:41,1010.95,309235
2021-05-28 09:21:42,1010.95,310673
2021-05-28 09:21:43,1010.25,317269
2021-05-28 09:21:44,1010.5,317884
2021-05-28 09:21:45,1012.0,318289
2021-05-28 09:21:46,1012.0,318772
2021-05-28 09:21:47,1011.6,318782
2021-05-28 09:21:48,1011.5,319831
2021-05-28 09:21:49,1011.4,319914
2021-05-28 09:21:50,1011.4,320014
2021-05-28 09:21:51,1012.0,321695
2021-05-28 09:21:52,1011.5,321939
2021-05-28 09:21:53,1012.0,322741
2021-05-28 09:21:54,1012.0,322792
2021-05-28 09:21:55,1012.0,322892
2021-05-28 09:21:56,1011.7,323298
2021-05-28 09:21:58,1011.65,323561
2021-05-28 09:21:57,1011.65,323561
2021-05-28 09:21:59,1012.15,323566
2021-05-28 09:22:00,1011.5,323802
2021-05-28 09:22:01,1011.9,323932
2021-05-28 09:22:02,1012.0,324133
2021-05-28 09:22:03,1011.55,324445
2021-05-28 09:22:04,1011.95,324720
2021-05-28 09:22:05,1011.9,325355
2021-05-28 09:22:06,1011.4,325506
2021-05-28 09:22:07,1011.15,326289
2021-05-28 09:22:08,1011.65,326323
2021-05-28 09:22:09,1011.75,326363
2021-05-28 09:22:10,1011.8,326370
2021-05-28 09:22:11,1011.5,327320
2021-05-28 09:22:12,1011.6,328328
2021-05-28 09:22:13,1011.65,328586
2021-05-28 09:22:14,1011.65,328586
2021-05-28 09:22:15,1011.7,328658
2021-05-28 09:22:16,1011.55,330691
2021-05-28 09:22:17,1011.15,331490
2021-05-28 09:22:18,1011.65,331799
2021-05-28 09:22:19,1011.0,332789
2021-05-28 09:22:20,1011.05,332883
2021-05-28 09:22:21,1011.75,333775
2021-05-28 09:22:22,1011.65,333825
2021-05-28 09:22:23,1011.7,333925
2021-05-28 09:22:24,1011.5,334098
2021-05-28 09:22:25,1011.15,334128
2021-05-28 09:22:26,1011.05,334511
2021-05-28 09:22:27,1011.5,334671
2021-05-28 09:22:28,1011.5,334830
2021-05-28 09:22:29,1011.5,335006
2021-05-28 09:22:30,1011.1,335037
2021-05-28 09:22:31,1011.5,335113
2021-05-28 09:22:32,1011.15,335258
2021-05-28 09:22:33,1011.7,335809
2021-05-28 09:22:34,1011.65,336374
2021-05-28 09:22:35,1011.4,336803
2021-05-28 09:22:36,1011.3,336873
2021-05-28 09:22:39,1011.75,337731
2021-05-28 09:22:38,1011.15,337577
2021-05-28 09:22:40,1011.2,338192
2021-05-28 09:22:41,1011.4,338247
2021-05-28 09:22:42,1011.4,338497
2021-05-28 09:22:43,1011.6,339402
2021-05-28 09:22:44,1011.15,339548
2021-05-28 09:22:45,1011.7,340060
2021-05-28 09:22:46,1011.3,340560
2021-05-28 09:22:47,1011.3,340595
2021-05-28 09:22:48,1011.4,341734
2021-05-28 09:22:49,1011.75,342038
2021-05-28 09:22:50,1011.8,342095
2021-05-28 09:22:51,1011.6,342198
2021-05-28 09:22:52,1011.5,342361
2021-05-28 09:22:53,1011.9,342565
2021-05-28 09:22:54,1011.5,342665
2021-05-28 09:22:55,1011.5,342665
2021-05-28 09:22:56,1011.9,342790
2021-05-28 09:22:57,1011.9,342810
2021-05-28 09:22:58,1011.55,342860
2021-05-28 09:22:59,1011.9,342881
2021-05-28 09:23:00,1011.65,342956
2021-05-28 09:23:01,1012.0,342980
2021-05-28 09:23:03,1011.75,343662
2021-05-28 09:23:04,1011.7,344855
2021-05-28 09:23:06,1011.9,344999
2021-05-28 09:23:11,1011.75,346304
2021-05-28 09:23:12,1011.75,346445
2021-05-28 09:23:13,1011.7,346529
2021-05-28 09:23:14,1012.2,347589
2021-05-28 09:23:15,1011.65,347987
2021-05-28 09:23:16,1011.7,348947
2021-05-28 09:23:17,1011.75,349297
2021-05-28 09:23:18,1012.0,349451
2021-05-28 09:23:19,1011.55,349617
2021-05-28 09:23:20,1011.65,349621
2021-05-28 09:23:21,1011.65,349641
2021-05-28 09:23:22,1012.0,349652
2021-05-28 09:23:23,1011.95,349811
2021-05-28 09:23:24,1011.95,349811
2021-05-28 09:23:25,1011.7,349841
2021-05-28 09:23:26,1011.7,349841
2021-05-28 09:23:27,1011.95,349866
2021-05-28 09:23:28,1011.75,350118
2021-05-28 09:23:29,1011.7,350168
2021-05-28 09:23:30,1012.1,350294
2021-05-28 09:23:31,1012.1,350555
2021-05-28 09:23:32,1012.25,350605
2021-05-28 09:23:33,1012.3,350608
2021-05-28 09:23:34,1012.3,350708
2021-05-28 09:23:35,1012.3,350708
2021-05-28 09:23:36,1012.45,351154
2021-05-28 09:23:37,1012.2,351159
2021-05-28 09:23:38,1011.95,351164
2021-05-28 09:23:39,1011.8,351424
2021-05-28 09:23:40,1011.85,351534
2021-05-28 09:23:41,1011.95,351538
2021-05-28 09:23:42,1011.9,351839
2021-05-28 09:23:43,1011.95,351889
2021-05-28 09:23:44,1012.0,352098
2021-05-28 09:23:45,1012.05,352175
2021-05-28 09:23:46,1012.15,352203
2021-05-28 09:23:47,1011.95,352209
2021-05-28 09:23:48,1011.95,352209
2021-05-28 09:23:49,1012.3,352340
2021-05-28 09:23:50,1012.0,352476
2021-05-28 09:23:51,1012.0,352526
2021-05-28 09:23:52,1012.25,352732
2021-05-28 09:23:53,1012.4,352787
2021-05-28 09:23:54,1012.5,353180
2021-05-28 09:23:55,1012.1,353450
2021-05-28 09:23:56,1012.15,353531
2021-05-28 09:23:58,1012.25,353613
2021-05-28 09:23:59,1012.15,353616
2021-05-28 09:24:00,1012.15,353617
2021-05-28 09:24:01,1012.2,353635
2021-05-28 09:24:02,1012.2,353635
2021-05-28 09:24:03,1012.1,353791
2021-05-28 09:24:04,1012.15,353941
2021-05-28 09:24:05,1012.0,355867
2021-05-28 09:24:06,1011.95,355915
2021-05-28 09:24:07,1012.0,356073
2021-05-28 09:24:08,1011.8,357303
2021-05-28 09:24:09,1012.1,357543
2021-05-28 09:24:10,1012.15,357643
2021-05-28 09:24:11,1012.5,358245
2021-05-28 09:24:12,1012.0,358655
2021-05-28 09:24:13,1012.05,358711
2021-05-28 09:24:14,1011.95,358968
2021-05-28 09:24:15,1011.95,358968
2021-05-28 09:24:16,1012.1,359562
2021-05-28 09:24:17,1011.8,359691
2021-05-28 09:24:18,1012.2,359731
2021-05-28 09:24:19,1012.15,359952
2021-05-28 09:24:20,1011.85,360002
2021-05-28 09:24:21,1011.8,360461
2021-05-28 09:24:22,1012.0,360471
2021-05-28 09:24:23,1011.85,360568
2021-05-28 09:24:24,1012.1,360921
2021-05-28 09:24:25,1011.8,361089
2021-05-28 09:24:26,1011.8,361349
2021-05-28 09:24:27,1011.8,361349
2021-05-28 09:24:28,1011.95,361499
2021-05-28 09:24:29,1012.0,361573
2021-05-28 09:24:30,1011.9,362171
2021-05-28 09:24:31,1011.9,362171
2021-05-28 09:24:32,1011.85,362176
2021-05-28 09:24:33,1011.85,362176
2021-05-28 09:24:34,1011.5,363411
2021-05-28 09:24:35,1011.3,366007
2021-05-28 09:24:37,1011.6,366710
2021-05-28 09:24:38,1011.6,366901
2021-05-28 09:24:39,1011.6,366901
2021-05-28 09:24:40,1011.6,366951
2021-05-28 09:24:41,1011.7,367451
2021-05-28 09:24:42,1011.65,367505
2021-05-28 09:24:43,1011.2,367533
2021-05-28 09:24:44,1011.65,367635
2021-05-28 09:24:45,1011.2,367709
2021-05-28 09:24:46,1011.25,367759
2021-05-28 09:24:47,1011.2,367814
2021-05-28 09:24:48,1011.7,367885
2021-05-28 09:24:49,1011.7,367885
2021-05-28 09:24:50,1011.25,367985
2021-05-28 09:24:51,1011.45,368092
2021-05-28 09:24:52,1011.5,368192
2021-05-28 09:24:53,1011.7,368198
2021-05-28 09:24:54,1011.7,368198
2021-05-28 09:24:55,1011.5,368208
2021-05-28 09:24:56,1011.6,368239
2021-05-28 09:24:57,1011.8,368309
2021-05-28 09:24:58,1011.8,368354
2021-05-28 09:24:59,1011.6,368718
2021-05-28 09:25:00,1011.6,368718
2021-05-28 09:25:01,1011.6,368789
2021-05-28 09:25:02,1011.6,369035
2021-05-28 09:25:03,1011.95,369130
2021-05-28 09:25:04,1012.0,369430
2021-05-28 09:25:05,1012.0,369485
2021-05-28 09:25:06,1011.6,369735
2021-05-28 09:25:07,1011.6,369735
2021-05-28 09:25:08,1011.6,369735
2021-05-28 09:25:09,1011.65,369956
2021-05-28 09:25:10,1012.0,369961
2021-05-28 09:25:11,1012.0,369961
2021-05-28 09:25:12,1011.65,370097
2021-05-28 09:25:13,1011.95,370147
2021-05-28 09:25:14,1011.65,370171
2021-05-28 09:25:15,1011.85,370263
2021-05-28 09:25:16,1011.95,370347
2021-05-28 09:25:17,1011.95,370347
2021-05-28 09:25:18,1011.4,370847
2021-05-28 09:25:19,1011.9,370883
2021-05-28 09:25:20,1011.85,370903
2021-05-28 09:25:21,1011.7,371283
2021-05-28 09:25:22,1011.7,371633
2021-05-28 09:25:23,1011.7,371633
2021-05-28 09:25:24,1011.6,371777
2021-05-28 09:25:25,1010.95,379205
2021-05-28 09:25:26,1010.95,379374
2021-05-28 09:25:27,1010.95,380073
2021-05-28 09:25:28,1010.95,380107
2021-05-28 09:25:29,1010.8,380108
2021-05-28 09:25:30,1010.6,380218
2021-05-28 09:25:31,1010.6,380318
2021-05-28 09:25:32,1010.7,380378
2021-05-28 09:25:33,1010.9,380384
2021-05-28 09:25:34,1010.65,380514
2021-05-28 09:25:35,1010.7,380526
2021-05-28 09:25:37,1010.65,380811
2021-05-28 09:25:36,1010.65,380811
2021-05-28 09:25:38,1010.6,382040
2021-05-28 09:25:40,1010.65,382305
2021-05-28 09:25:41,1010.5,382843
2021-05-28 09:25:42,1010.6,383063
2021-05-28 09:25:43,1010.6,383063
2021-05-28 09:25:44,1010.7,383096
2021-05-28 09:25:45,1010.7,383176
2021-05-28 09:25:46,1010.7,383276
2021-05-28 09:25:47,1010.9,383277
2021-05-28 09:25:48,1010.7,383283
2021-05-28 09:25:49,1010.85,383380
2021-05-28 09:25:50,1010.6,383387
2021-05-28 09:25:51,1010.6,383417
2021-05-28 09:25:52,1010.6,383417
2021-05-28 09:25:53,1011.0,383482
2021-05-28 09:25:54,1011.2,385082
2021-05-28 09:25:55,1010.7,385443
2021-05-28 09:25:56,1011.15,385468
2021-05-28 09:25:57,1011.2,385568
2021-05-28 09:25:58,1011.25,385668
2021-05-28 09:25:59,1010.9,385713
2021-05-28 09:26:00,1010.7,386213
2021-05-28 09:26:01,1011.0,386413
2021-05-28 09:26:02,1011.0,386661
2021-05-28 09:26:03,1010.65,386664
2021-05-28 09:26:04,1011.0,386699
2021-05-28 09:26:05,1011.15,386900
2021-05-28 09:26:06,1011.0,386925
2021-05-28 09:26:07,1010.65,386968
2021-05-28 09:26:08,1010.65,387038
2021-05-28 09:26:09,1010.6,387238
2021-05-28 09:26:10,1010.5,387501
2021-05-28 09:26:11,1011.0,387952
2021-05-28 09:26:12,1011.0,387972
2021-05-28 09:26:13,1011.0,388222
2021-05-28 09:26:14,1011.1,388732
2021-05-28 09:26:15,1011.0,388752
2021-05-28 09:26:16,1010.65,388782
2021-05-28 09:26:17,1010.9,389117
2021-05-28 09:26:18,1010.95,389128
2021-05-28 09:26:19,1010.6,389198
2021-05-28 09:26:20,1011.0,389333
2021-05-28 09:26:21,1010.55,389344
2021-05-28 09:26:22,1010.7,389394
2021-05-28 09:26:23,1010.7,389423
2021-05-28 09:26:24,1010.7,389456
2021-05-28 09:26:25,1010.7,389461
2021-05-28 09:26:26,1011.0,390166
2021-05-28 09:26:27,1010.95,390302
2021-05-28 09:26:28,1010.5,390306
2021-05-28 09:26:29,1010.95,390728
2021-05-28 09:26:30,1010.95,390728
2021-05-28 09:26:31,1010.95,390873
2021-05-28 09:26:32,1010.95,390877
2021-05-28 09:26:33,1011.0,390889
2021-05-28 09:26:34,1010.75,391039
2021-05-28 09:26:35,1010.75,391039
2021-05-28 09:26:36,1010.9,391149
2021-05-28 09:26:37,1010.9,391149
2021-05-28 09:26:38,1011.0,391518
2021-05-28 09:26:39,1011.1,393213
2021-05-28 09:26:40,1011.3,393367
2021-05-28 09:26:41,1011.05,393387
2021-05-28 09:26:42,1011.0,393418
2021-05-28 09:26:43,1011.0,393488
2021-05-28 09:26:44,1011.5,393663
2021-05-28 09:26:45,1011.45,393664
2021-05-28 09:26:46,1011.45,393664
2021-05-28 09:26:47,1011.0,393669
2021-05-28 09:26:48,1011.45,393687
2021-05-28 09:26:49,1010.95,393770
2021-05-28 09:26:50,1010.9,393853
2021-05-28 09:26:51,1010.95,393878
2021-05-28 09:26:52,1010.9,394128
2021-05-28 09:26:53,1011.0,394489
2021-05-28 09:26:54,1010.7,394639
2021-05-28 09:26:55,1011.0,394749
2021-05-28 09:26:56,1010.7,395472
2021-05-28 09:26:57,1010.75,395614
2021-05-28 09:26:58,1010.75,395784
2021-05-28 09:26:59,1010.75,395784
2021-05-28 09:27:00,1010.75,395833
2021-05-28 09:27:01,1010.6,395891
2021-05-28 09:27:02,1010.5,396441
2021-05-28 09:27:03,1010.4,396485
2021-05-28 09:27:04,1010.7,396643
2021-05-28 09:27:05,1010.45,397064
2021-05-28 09:27:06,1010.85,397090
2021-05-28 09:27:07,1010.85,397095
2021-05-28 09:27:08,1010.5,397603
2021-05-28 09:27:09,1010.5,397603
2021-05-28 09:27:10,1010.4,397643
2021-05-28 09:27:11,1010.75,397693
2021-05-28 09:27:12,1010.5,397717
2021-05-28 09:27:13,1010.4,398067
2021-05-28 09:27:14,1010.9,398185
2021-05-28 09:27:15,1010.6,398186
2021-05-28 09:27:16,1010.3,398703
2021-05-28 09:27:17,1010.5,398901
2021-05-28 09:27:18,1010.4,398909
2021-05-28 09:27:19,1010.85,399079
2021-05-28 09:27:20,1010.75,399230
2021-05-28 09:27:21,1010.25,399283
2021-05-28 09:27:22,1010.75,399293
2021-05-28 09:27:23,1010.4,399370
2021-05-28 09:27:24,1010.75,399371
2021-05-28 09:27:25,1010.75,399371
2021-05-28 09:27:26,1010.75,399371
2021-05-28 09:27:27,1010.9,399422
2021-05-28 09:27:28,1010.9,399422
2021-05-28 09:27:29,1010.95,399429
2021-05-28 09:27:30,1010.75,399434
2021-05-28 09:27:31,1010.75,400039
2021-05-28 09:27:32,1010.75,400089
2021-05-28 09:27:33,1010.75,400089
2021-05-28 09:27:34,1010.75,400089
2021-05-28 09:27:35,1010.55,400100
2021-05-28 09:27:36,1010.75,400109
2021-05-28 09:27:37,1010.65,400149
2021-05-28 09:27:38,1010.65,400219
2021-05-28 09:27:39,1010.65,400246
2021-05-28 09:27:40,1010.75,400364
2021-05-28 09:27:41,1010.75,400474
2021-05-28 09:27:42,1010.65,400476
2021-05-28 09:27:43,1010.65,400633
2021-05-28 09:27:44,1010.65,400896
2021-05-28 09:27:45,1010.65,400907
2021-05-28 09:27:46,1010.65,401087
2021-05-28 09:27:47,1010.4,401153
2021-05-28 09:27:48,1010.65,401168
2021-05-28 09:27:49,1010.45,401218
2021-05-28 09:27:50,1010.65,401424
2021-05-28 09:27:51,1010.75,401444
2021-05-28 09:27:52,1010.65,401445
2021-05-28 09:27:53,1010.65,401571
2021-05-28 09:27:54,1010.5,401584
2021-05-28 09:27:55,1010.5,401671
2021-05-28 09:27:56,1010.0,403750
2021-05-28 09:27:57,1010.45,403917
2021-05-28 09:27:58,1010.45,403917
2021-05-28 09:27:59,1010.7,403965
2021-05-28 09:28:00,1010.45,404021
2021-05-28 09:28:01,1010.65,404022
2021-05-28 09:28:02,1010.65,404022
2021-05-28 09:28:03,1010.65,404521
2021-05-28 09:28:04,1010.65,404540
2021-05-28 09:28:05,1010.25,404938
2021-05-28 09:28:06,1010.5,404949
2021-05-28 09:28:07,1010.55,405007
2021-05-28 09:28:08,1010.55,405007
2021-05-28 09:28:09,1010.5,405022
2021-05-28 09:28:10,1010.4,405167
2021-05-28 09:28:11,1010.3,405267
2021-05-28 09:28:12,1010.45,405368
2021-05-28 09:28:13,1010.45,405502
2021-05-28 09:28:14,1010.7,405978
2021-05-28 09:28:15,1011.0,407032
2021-05-28 09:28:16,1010.7,407045
2021-05-28 09:28:17,1011.0,407080
2021-05-28 09:28:19,1011.0,407122
2021-05-28 09:28:20,1011.0,408160
2021-05-28 09:28:21,1011.2,408201
2021-05-28 09:28:22,1011.25,408656
2021-05-28 09:28:23,1011.4,408669
2021-05-28 09:28:24,1011.65,409519
2021-05-28 09:28:25,1011.9,409553
2021-05-28 09:28:26,1011.9,409853
2021-05-28 09:28:27,1012.1,410779
2021-05-28 09:28:28,1012.5,410934
2021-05-28 09:28:29,1012.5,410934
2021-05-28 09:28:30,1012.0,411684
2021-05-28 09:28:31,1012.5,411694
2021-05-28 09:28:32,1012.5,411719
2021-05-28 09:28:33,1012.65,412293
2021-05-28 09:28:34,1012.9,412649
2021-05-28 09:28:35,1012.9,412649
2021-05-28 09:28:36,1011.95,413715
2021-05-28 09:28:37,1012.0,413850
2021-05-28 09:28:38,1012.0,414000
2021-05-28 09:28:40,1012.0,414138
2021-05-28 09:28:41,1011.75,414169
2021-05-28 09:28:42,1012.0,414289
2021-05-28 09:28:43,1011.7,414399
2021-05-28 09:28:44,1011.75,414519
2021-05-28 09:28:45,1012.0,414545
2021-05-28 09:28:46,1012.15,416323
2021-05-28 09:28:47,1012.15,416323
2021-05-28 09:28:48,1012.55,416494
2021-05-28 09:28:49,1012.6,416694
2021-05-28 09:28:50,1012.65,417804
2021-05-28 09:28:51,1012.65,417804
2021-05-28 09:28:52,1012.6,417905
2021-05-28 09:28:53,1012.95,418176
2021-05-28 09:28:54,1012.65,418197
2021-05-28 09:28:55,1012.65,418197
2021-05-28 09:28:56,1012.65,418297
2021-05-28 09:28:57,1012.95,418655
2021-05-28 09:28:58,1012.95,418655
2021-05-28 09:28:59,1012.95,418789
2021-05-28 09:29:00,1012.8,418899
2021-05-28 09:29:01,1012.9,418914
2021-05-28 09:29:02,1012.95,419160
2021-05-28 09:29:03,1012.95,419264
2021-05-28 09:29:04,1012.95,419269
2021-05-28 09:29:05,1012.7,419699
2021-05-28 09:29:06,1012.7,419704
2021-05-28 09:29:07,1012.7,419814
2021-05-28 09:29:08,1012.7,419865
2021-05-28 09:29:09,1012.95,420750
2021-05-28 09:29:10,1012.95,420750
2021-05-28 09:29:11,1012.6,420782
2021-05-28 09:29:12,1012.55,420808
2021-05-28 09:29:13,1012.7,420911
2021-05-28 09:29:14,1012.9,420928
2021-05-28 09:29:15,1012.7,421138
2021-05-28 09:29:16,1012.35,421638
2021-05-28 09:29:17,1012.45,421653
2021-05-28 09:29:18,1012.5,421753
2021-05-28 09:29:19,1012.7,422270
2021-05-28 09:29:20,1012.7,422314
2021-05-28 09:29:21,1012.7,422314
2021-05-28 09:29:22,1012.9,422895
2021-05-28 09:29:23,1012.95,422925
2021-05-28 09:29:24,1013.5,425017
2021-05-28 09:29:25,1013.3,425415
2021-05-28 09:29:26,1013.55,425570
2021-05-28 09:29:27,1013.2,425593
2021-05-28 09:29:28,1013.9,425860
2021-05-28 09:29:29,1013.9,425860
2021-05-28 09:29:30,1013.85,426099
2021-05-28 09:29:31,1013.85,426149
2021-05-28 09:29:32,1013.9,426219
2021-05-28 09:29:33,1013.85,426323
2021-05-28 09:29:34,1014.0,426680
2021-05-28 09:29:35,1014.0,426891
2021-05-28 09:29:37,1014.2,427054
2021-05-28 09:29:36,1014.0,426914
2021-05-28 09:29:38,1014.0,427160
2021-05-28 09:29:39,1014.0,427323
2021-05-28 09:29:40,1013.6,427349
2021-05-28 09:29:41,1014.15,427611
2021-05-28 09:29:42,1014.0,427731
2021-05-28 09:29:43,1014.3,428893
2021-05-28 09:29:44,1013.8,429344
2021-05-28 09:29:45,1014.3,430691
2021-05-28 09:29:46,1013.8,430751
2021-05-28 09:29:47,1014.3,430880
2021-05-28 09:29:48,1014.4,431586
2021-05-28 09:29:49,1014.4,431769
2021-05-28 09:29:50,1014.4,431869
2021-05-28 09:29:51,1014.0,431889
2021-05-28 09:29:52,1014.35,432594
2021-05-28 09:29:53,1014.4,433427
2021-05-28 09:29:54,1014.5,433747
2021-05-28 09:29:55,1014.0,433749
2021-05-28 09:29:56,1014.4,433751
2021-05-28 09:29:57,1014.4,433781
2021-05-28 09:29:58,1014.45,433953
2021-05-28 09:29:59,1014.45,433953
2021-05-28 09:30:00,1014.7,434516
2021-05-28 09:30:01,1014.7,434517
2021-05-28 09:30:02,1014.75,434736
2021-05-28 09:30:03,1014.4,434789
2021-05-28 09:30:04,1014.7,434820
2021-05-28 09:30:05,1014.9,435295
2021-05-28 09:30:06,1014.65,435303
2021-05-28 09:30:07,1014.65,435304
2021-05-28 09:30:08,1014.7,435818
2021-05-28 09:30:09,1014.3,436252
2021-05-28 09:30:10,1014.25,436453
2021-05-28 09:30:11,1014.6,436483
2021-05-28 09:30:12,1014.6,436511
2021-05-28 09:30:13,1014.7,436633
2021-05-28 09:30:14,1014.7,437023
2021-05-28 09:30:15,1014.7,437236
2021-05-28 09:30:16,1014.9,438236
2021-05-28 09:30:17,1014.5,438356
2021-05-28 09:30:18,1014.6,438456
2021-05-28 09:30:19,1014.6,438576
2021-05-28 09:30:20,1014.6,438732
2021-05-28 09:30:21,1014.7,439035
2021-05-28 09:30:22,1014.7,439065
2021-05-28 09:30:23,1014.7,439098
2021-05-28 09:30:24,1014.8,439099
2021-05-28 09:30:25,1014.75,439121
2021-05-28 09:30:26,1014.8,439224
2021-05-28 09:30:27,1014.7,439516
2021-05-28 09:30:28,1014.55,439586
2021-05-28 09:30:29,1015.0,440625
2021-05-28 09:30:30,1015.0,440850
2021-05-28 09:30:31,1015.0,440941
2021-05-28 09:30:32,1015.25,448492
2021-05-28 09:30:34,1015.5,449759
2021-05-28 09:30:35,1015.5,449929
2021-05-28 09:30:36,1015.5,449944
2021-05-28 09:30:37,1015.8,450789
2021-05-28 09:30:38,1015.7,450897
2021-05-28 09:30:38,1015.7,450947
2021-05-28 09:30:39,1015.8,451269
2021-05-28 09:30:40,1015.95,452316
2021-05-28 09:30:41,1015.95,452316
2021-05-28 09:30:42,1015.95,452957
2021-05-28 09:30:43,1015.95,453120
2021-05-28 09:30:44,1016.0,453355
2021-05-28 09:30:45,1016.0,453431
2021-05-28 09:30:46,1016.4,458616
2021-05-28 09:30:47,1016.5,458845
2021-05-28 09:30:48,1017.0,461542
2021-05-28 09:30:49,1017.0,461932
2021-05-28 09:30:50,1016.95,462146
2021-05-28 09:30:53,1017.1,464064
2021-05-28 09:30:54,1017.45,464425
2021-05-28 09:30:55,1017.1,464914
2021-05-28 09:30:56,1017.05,467600
2021-05-28 09:30:57,1017.4,468386
2021-05-28 09:30:59,1017.15,469812
2021-05-28 09:30:59,1017.15,469812
2021-05-28 09:31:01,1017.3,470456
2021-05-28 09:31:02,1017.3,470869
2021-05-28 09:31:02,1017.3,470869
2021-05-28 09:31:03,1017.35,470875
2021-05-28 09:31:04,1017.4,470942
2021-05-28 09:31:05,1017.7,471372
2021-05-28 09:31:06,1017.55,471585
2021-05-28 09:31:07,1018.05,477351
2021-05-28 09:31:08,1018.5,478133
2021-05-28 09:31:09,1018.05,478256
2021-05-28 09:31:10,1018.2,478631
2021-05-28 09:31:11,1018.6,482230
2021-05-28 09:31:12,1018.45,483009
2021-05-28 09:31:13,1018.8,483072
2021-05-28 09:31:14,1018.45,483298
2021-05-28 09:31:15,1018.45,483507
2021-05-28 09:31:17,1018.8,493040
2021-05-28 09:31:18,1019.4,494292
2021-05-28 09:31:19,1019.2,494507
2021-05-28 09:31:20,1019.35,495760
2021-05-28 09:31:21,1019.35,495800
2021-05-28 09:31:22,1019.35,495950
2021-05-28 09:31:23,1019.7,496370
2021-05-28 09:31:24,1019.05,497355
2021-05-28 09:31:25,1019.0,497731
2021-05-28 09:31:26,1019.3,498211
2021-05-28 09:31:27,1019.1,498278
2021-05-28 09:31:28,1019.6,499158
2021-05-28 09:31:29,1019.05,499584
2021-05-28 09:31:30,1018.95,500200
2021-05-28 09:31:31,1018.95,501068
2021-05-28 09:31:32,1019.0,501598
2021-05-28 09:31:33,1019.0,501906
2021-05-28 09:31:34,1018.7,502336
2021-05-28 09:31:35,1018.9,502890
2021-05-28 09:31:36,1018.8,502905
2021-05-28 09:31:37,1018.8,504146
2021-05-28 09:31:38,1018.05,505161
2021-05-28 09:31:39,1018.65,505183
2021-05-28 09:31:40,1018.15,506293
2021-05-28 09:31:41,1018.4,506403
2021-05-28 09:31:42,1018.25,507463
2021-05-28 09:31:43,1018.65,507515
2021-05-28 09:31:45,1018.4,507576
2021-05-28 09:31:46,1018.5,508573
2021-05-28 09:31:47,1018.4,508655
2021-05-28 09:31:48,1018.35,508681
2021-05-28 09:31:50,1018.3,511081
2021-05-28 09:31:50,1017.8,511176
2021-05-28 09:31:52,1017.75,511314
2021-05-28 09:31:52,1018.5,511622
2021-05-28 09:31:53,1019.0,515093
2021-05-28 09:31:54,1018.95,515526
2021-05-28 09:31:55,1018.8,516397
2021-05-28 09:31:56,1018.85,517915
2021-05-28 09:31:57,1018.85,518332
2021-05-28 09:31:58,1019.25,523377
2021-05-28 09:31:59,1019.6,523565
2021-05-28 09:32:00,1019.15,524007
2021-05-28 09:32:01,1019.25,524023
2021-05-28 09:32:02,1019.3,524184
2021-05-28 09:32:03,1019.1,524304
2021-05-28 09:32:04,1019.05,524700
2021-05-28 09:32:05,1019.25,524715
2021-05-28 09:32:06,1018.8,525447
2021-05-28 09:32:07,1019.05,525548
2021-05-28 09:32:08,1019.0,525663
2021-05-28 09:32:09,1019.0,525684
2021-05-28 09:32:10,1018.9,525746
2021-05-28 09:32:11,1019.15,525796
2021-05-28 09:32:12,1018.85,526207
2021-05-28 09:32:13,1018.5,526348
2021-05-28 09:32:14,1018.85,526548
2021-05-28 09:32:15,1018.8,526660
2021-05-28 09:32:16,1018.9,526910
2021-05-28 09:32:17,1018.5,527007
2021-05-28 09:32:18,1018.5,527129
2021-05-28 09:32:19,1018.4,527284
2021-05-28 09:32:20,1018.55,527407
2021-05-28 09:32:22,1018.4,527700
2021-05-28 09:32:22,1018.4,527700
2021-05-28 09:32:23,1018.55,527870
2021-05-28 09:32:24,1018.55,528270
2021-05-28 09:32:25,1018.5,528290
2021-05-28 09:32:26,1018.4,528464
2021-05-28 09:32:27,1018.4,528640
2021-05-28 09:32:29,1018.4,528668
2021-05-28 09:32:29,1018.4,528668
2021-05-28 09:32:30,1018.2,529371
2021-05-28 09:32:31,1018.4,529458
2021-05-28 09:32:32,1018.4,529578
2021-05-28 09:32:33,1018.75,530282
2021-05-28 09:32:34,1018.5,530919
2021-05-28 09:32:35,1018.75,531049
2021-05-28 09:32:36,1018.2,532269
2021-05-28 09:32:37,1018.4,532305
2021-05-28 09:32:38,1018.2,532406
2021-05-28 09:32:39,1018.9,533239
2021-05-28 09:32:41,1018.55,533264
2021-05-28 09:32:41,1018.7,533349
2021-05-28 09:32:42,1019.15,536583
2021-05-28 09:32:43,1018.75,537542
2021-05-28 09:32:44,1018.75,537768
2021-05-28 09:32:45,1018.75,537768
2021-05-28 09:32:46,1018.55,537967
2021-05-28 09:32:47,1018.5,538037
2021-05-28 09:32:48,1018.75,538073
2021-05-28 09:32:49,1019.0,539232
2021-05-28 09:32:51,1018.5,539572
2021-05-28 09:32:52,1018.75,539592
2021-05-28 09:32:54,1018.9,540027
2021-05-28 09:32:54,1018.55,540067
2021-05-28 09:32:55,1018.7,540535
2021-05-28 09:32:56,1018.05,541920
2021-05-28 09:32:57,1018.4,541948
2021-05-28 09:32:58,1018.05,542259
2021-05-28 09:32:59,1018.0,542545
2021-05-28 09:33:00,1018.0,542566
2021-05-28 09:33:01,1018.0,542696
2021-05-28 09:33:03,1018.0,542709
2021-05-28 09:33:03,1018.3,542726
2021-05-28 09:33:04,1018.3,542736
2021-05-28 09:33:05,1018.1,542780
2021-05-28 09:33:06,1018.0,542955
2021-05-28 09:33:07,1018.05,543011
2021-05-28 09:33:08,1018.3,543232
2021-05-28 09:33:09,1018.0,543254
2021-05-28 09:33:10,1018.0,543652
2021-05-28 09:33:11,1018.1,543744
2021-05-28 09:33:13,1018.0,544025
2021-05-28 09:33:14,1018.0,544125
2021-05-28 09:33:15,1018.0,544524
2021-05-28 09:33:16,1018.0,544545
2021-05-28 09:33:16,1018.0,544545
2021-05-28 09:33:17,1018.0,544621
2021-05-28 09:33:18,1018.0,544886
2021-05-28 09:33:19,1018.0,545071
2021-05-28 09:33:20,1018.0,545571
2021-05-28 09:33:21,1018.0,545786
2021-05-28 09:33:22,1018.0,546206
2021-05-28 09:33:23,1018.0,546400
2021-05-28 09:33:24,1017.95,546702
2021-05-28 09:33:25,1017.7,546924
2021-05-28 09:33:26,1017.5,548932
2021-05-28 09:33:27,1017.35,549181
2021-05-28 09:33:28,1016.75,549297
2021-05-28 09:33:29,1016.55,549753
2021-05-28 09:33:30,1016.2,549829
2021-05-28 09:33:31,1016.35,549984
2021-05-28 09:33:32,1016.3,550197
2021-05-28 09:33:33,1016.25,550504
2021-05-28 09:33:35,1016.2,550895
2021-05-28 09:33:36,1016.65,551669
2021-05-28 09:33:36,1016.6,551492
2021-05-28 09:33:37,1016.2,552443
2021-05-28 09:33:38,1016.6,552522
2021-05-28 09:33:39,1016.25,552577
2021-05-28 09:33:40,1015.95,553535
2021-05-28 09:33:41,1016.25,553972
2021-05-28 09:33:42,1016.0,553975
2021-05-28 09:33:43,1015.6,554023
2021-05-28 09:33:44,1015.5,554623
2021-05-28 09:33:45,1015.85,554983
2021-05-28 09:33:46,1016.0,555301
2021-05-28 09:33:48,1016.0,555490
2021-05-28 09:33:48,1015.7,555515
2021-05-28 09:33:49,1015.7,555635
2021-05-28 09:33:50,1015.7,555739
2021-05-28 09:33:51,1015.3,556039
2021-05-28 09:33:52,1015.3,556068
2021-05-28 09:33:53,1015.4,556544
2021-05-28 09:33:54,1015.0,556783
2021-05-28 09:33:55,1015.05,556998
2021-05-28 09:33:57,1015.3,557548
2021-05-28 09:33:58,1015.55,557555
2021-05-28 09:33:59,1015.85,557566
2021-05-28 09:33:59,1015.85,557566
2021-05-28 09:34:00,1015.35,557674
2021-05-28 09:34:01,1015.5,557974
2021-05-28 09:34:02,1015.7,558476
2021-05-28 09:34:03,1015.7,558731
2021-05-28 09:34:04,1015.7,558731
2021-05-28 09:34:05,1015.75,558733
2021-05-28 09:34:06,1015.55,558764
2021-05-28 09:34:07,1015.8,559114
2021-05-28 09:34:08,1016.0,560442
2021-05-28 09:34:09,1016.3,560557
2021-05-28 09:34:11,1015.9,560669
2021-05-28 09:34:12,1016.2,560863
2021-05-28 09:34:14,1016.0,560873
2021-05-28 09:34:15,1016.85,561271
2021-05-28 09:34:16,1016.85,561271
2021-05-28 09:34:17,1016.65,561650
2021-05-28 09:34:17,1016.7,561750
2021-05-28 09:34:18,1016.85,561891
2021-05-28 09:34:19,1016.5,561896
2021-05-28 09:34:20,1016.8,561936
2021-05-28 09:34:21,1016.8,561938
2021-05-28 09:34:22,1016.2,561953
2021-05-28 09:34:23,1016.2,562022
2021-05-28 09:34:24,1016.7,562033
2021-05-28 09:34:25,1016.35,562038
2021-05-28 09:34:26,1016.85,562148
2021-05-28 09:34:27,1016.9,562218
2021-05-28 09:34:29,1016.75,562220
2021-05-28 09:34:29,1016.75,562220
2021-05-28 09:34:30,1016.0,562727
2021-05-28 09:34:31,1016.25,563532
2021-05-28 09:34:32,1016.0,563919
2021-05-28 09:34:33,1016.25,564041
2021-05-28 09:34:34,1016.05,564172
2021-05-28 09:34:35,1016.0,564652
2021-05-28 09:34:36,1016.0,564937
2021-05-28 09:34:37,1016.0,568114
2021-05-28 09:34:38,1016.0,568653
2021-05-28 09:34:40,1016.0,571401
2021-05-28 09:34:40,1016.0,571468
2021-05-28 09:34:41,1016.05,571647
2021-05-28 09:34:42,1016.0,571955
2021-05-28 09:34:43,1015.9,572302
2021-05-28 09:34:44,1016.0,572403
2021-05-28 09:34:45,1016.0,572463
2021-05-28 09:34:46,1016.0,572563
2021-05-28 09:34:47,1016.0,572653
2021-05-28 09:34:48,1015.85,572692
2021-05-28 09:34:49,1015.95,572730
2021-05-28 09:34:50,1015.7,572731
2021-05-28 09:34:52,1016.0,572941
2021-05-28 09:34:52,1016.0,572941
2021-05-28 09:34:53,1015.7,573003
2021-05-28 09:34:54,1015.7,573929
2021-05-28 09:34:55,1016.0,573979
2021-05-28 09:34:56,1016.0,573979
2021-05-28 09:34:57,1016.0,574059
2021-05-28 09:34:58,1016.75,575018
2021-05-28 09:34:59,1016.7,575088
2021-05-28 09:35:00,1016.7,575138
2021-05-28 09:35:01,1016.85,575280
2021-05-28 09:35:02,1016.85,575282
2021-05-28 09:35:03,1016.75,575316
2021-05-28 09:35:04,1016.75,575417
2021-05-28 09:35:05,1016.7,575431
2021-05-28 09:35:07,1016.55,575432
2021-05-28 09:35:07,1016.55,575432
2021-05-28 09:35:08,1016.6,575441
2021-05-28 09:35:09,1016.75,575461
2021-05-28 09:35:10,1017.15,576782
2021-05-28 09:35:12,1017.35,576829
2021-05-28 09:35:13,1017.0,577030
2021-05-28 09:35:14,1017.0,577130
2021-05-28 09:35:15,1017.55,577205
2021-05-28 09:35:16,1017.55,577334
2021-05-28 09:35:17,1017.5,577702
2021-05-28 09:35:17,1017.5,577702
2021-05-28 09:35:18,1017.4,577723
2021-05-28 09:35:19,1017.15,577753
2021-05-28 09:35:20,1017.2,577831
2021-05-28 09:35:21,1017.0,578048
2021-05-28 09:35:22,1016.9,578108
2021-05-28 09:35:23,1017.8,582108
2021-05-28 09:35:25,1017.35,582368
2021-05-28 09:35:26,1017.0,582624
2021-05-28 09:35:27,1017.05,582685
2021-05-28 09:35:28,1017.0,582710
2021-05-28 09:35:29,1017.25,582715
2021-05-28 09:35:30,1017.15,583250
2021-05-28 09:35:31,1017.45,583252
2021-05-28 09:35:32,1017.0,583453
2021-05-28 09:35:33,1017.45,583473
2021-05-28 09:35:34,1017.0,583527
2021-05-28 09:35:35,1017.15,583608
2021-05-28 09:35:36,1017.6,584410
2021-05-28 09:35:37,1017.85,585086
2021-05-28 09:35:38,1017.6,585186
2021-05-28 09:35:40,1017.3,585190
2021-05-28 09:35:41,1017.45,585215
2021-05-28 09:35:42,1017.3,585256
2021-05-28 09:35:43,1017.25,585934
2021-05-28 09:35:44,1017.8,585957
2021-05-28 09:35:45,1017.3,586257
2021-05-28 09:35:46,1017.2,586274
2021-05-28 09:35:47,1017.5,586345
2021-05-28 09:35:47,1017.2,586346
2021-05-28 09:35:48,1017.5,586417
2021-05-28 09:35:49,1017.0,587034
2021-05-28 09:35:50,1017.0,587585
2021-05-28 09:35:51,1016.75,590378
2021-05-28 09:35:52,1016.85,590518
2021-05-28 09:35:53,1016.8,590520
2021-05-28 09:35:54,1016.8,590540
2021-05-28 09:35:55,1016.75,590542
2021-05-28 09:35:56,1016.75,590562
2021-05-28 09:35:57,1016.8,590817
2021-05-28 09:35:58,1017.0,590883
2021-05-28 09:35:59,1016.8,590887
2021-05-28 09:36:01,1016.15,591147
2021-05-28 09:36:02,1016.05,591436
2021-05-28 09:36:02,1016.0,591421
2021-05-28 09:36:03,1016.45,591511
2021-05-28 09:36:04,1016.6,592014
2021-05-28 09:36:05,1016.5,592035
2021-05-28 09:36:06,1016.5,592035
2021-05-28 09:36:07,1016.5,592576
2021-05-28 09:36:08,1016.2,592577
2021-05-28 09:36:10,1016.45,592898
2021-05-28 09:36:10,1016.15,592904
2021-05-28 09:36:11,1016.2,593106
2021-05-28 09:36:12,1016.15,593241
2021-05-28 09:36:13,1016.25,593303
2021-05-28 09:36:14,1016.2,593507
2021-05-28 09:36:15,1016.75,594208
2021-05-28 09:36:16,1016.6,594401
2021-05-28 09:36:18,1016.6,594429
2021-05-28 09:36:17,1016.6,594407
2021-05-28 09:36:19,1017.0,594441
2021-05-28 09:36:20,1016.95,595256
2021-05-28 09:36:21,1017.2,595276
2021-05-28 09:36:22,1016.9,595426
2021-05-28 09:36:23,1016.9,595438
2021-05-28 09:36:24,1016.8,595540
2021-05-28 09:36:26,1016.95,595583
2021-05-28 09:36:26,1016.95,595583
2021-05-28 09:36:27,1016.5,595610
2021-05-28 09:36:28,1017.05,596248
2021-05-28 09:36:29,1016.25,597403
2021-05-28 09:36:31,1016.3,597449
2021-05-28 09:36:31,1016.15,598197
2021-05-28 09:36:32,1016.0,598322
2021-05-28 09:36:33,1016.0,598332
2021-05-28 09:36:34,1016.0,598832
2021-05-28 09:36:35,1016.0,598832
2021-05-28 09:36:36,1015.8,599801
2021-05-28 09:36:38,1015.7,599902
2021-05-28 09:36:39,1015.7,599912
2021-05-28 09:36:40,1015.5,600812
2021-05-28 09:36:41,1015.5,600812
2021-05-28 09:36:42,1015.6,600838
2021-05-28 09:36:43,1015.5,601024
2021-05-28 09:36:43,1015.5,601024
2021-05-28 09:36:44,1015.5,601054
2021-05-28 09:36:45,1015.5,601054
2021-05-28 09:36:46,1015.55,601076
2021-05-28 09:36:47,1015.5,601116
2021-05-28 09:36:48,1015.5,601126
2021-05-28 09:36:49,1015.55,601181
2021-05-28 09:36:50,1015.95,601300
2021-05-28 09:36:52,1015.95,601339
2021-05-28 09:36:53,1015.85,601439
2021-05-28 09:36:53,1015.85,601439
2021-05-28 09:36:54,1016.25,601464
2021-05-28 09:36:55,1015.85,601466
2021-05-28 09:36:56,1015.75,601511
2021-05-28 09:36:57,1015.7,601544
2021-05-28 09:36:59,1015.55,601589
2021-05-28 09:37:00,1015.55,601641
2021-05-28 09:37:01,1015.6,602702
2021-05-28 09:37:01,1015.7,602697
2021-05-28 09:37:02,1015.6,602702
2021-05-28 09:37:03,1015.6,603203
2021-05-28 09:37:04,1015.6,603344
2021-05-28 09:37:05,1015.9,603498
2021-05-28 09:37:07,1015.7,604140
2021-05-28 09:37:07,1015.55,604035
2021-05-28 09:37:08,1015.7,604642
2021-05-28 09:37:09,1015.8,604893
2021-05-28 09:37:10,1015.55,604926
2021-05-28 09:37:11,1015.5,605086
2021-05-28 09:37:12,1015.5,605288
2021-05-28 09:37:13,1015.5,605576
2021-05-28 09:37:14,1015.35,606663
2021-05-28 09:37:15,1015.55,607863
2021-05-28 09:37:16,1015.2,608179
2021-05-28 09:37:17,1015.25,609038
2021-05-28 09:37:18,1015.05,609388
2021-05-28 09:37:20,1015.05,609474
2021-05-28 09:37:20,1015.05,609474
2021-05-28 09:37:21,1015.25,609506
2021-05-28 09:37:22,1015.25,609514
2021-05-28 09:37:23,1015.25,609514
2021-05-28 09:37:24,1015.25,609532
2021-05-28 09:37:25,1015.7,609732
2021-05-28 09:37:26,1015.5,609835
2021-05-28 09:37:27,1015.45,609940
2021-05-28 09:37:28,1015.45,609946
2021-05-28 09:37:29,1015.85,610446
2021-05-28 09:37:30,1015.25,610562
2021-05-28 09:37:32,1015.15,610812
2021-05-28 09:37:32,1015.7,610817
2021-05-28 09:37:33,1015.15,610967
2021-05-28 09:37:34,1015.55,611032
2021-05-28 09:37:35,1015.2,611056
2021-05-28 09:37:36,1015.05,611156
2021-05-28 09:37:37,1015.05,611206
2021-05-28 09:37:38,1015.45,611231
2021-05-28 09:37:39,1015.45,611375
2021-05-28 09:37:40,1015.6,611505
2021-05-28 09:37:41,1015.6,611506
2021-05-28 09:37:42,1015.7,611546
2021-05-28 09:37:43,1015.6,611647
2021-05-28 09:37:45,1015.6,611647
2021-05-28 09:37:46,1015.45,611713
2021-05-28 09:37:46,1015.6,611673
2021-05-28 09:37:47,1015.9,611785
2021-05-28 09:37:48,1015.45,611839
2021-05-28 09:37:49,1015.6,611845
2021-05-28 09:37:50,1015.6,611882
2021-05-28 09:37:51,1015.6,611903
2021-05-28 09:37:52,1015.6,611903
2021-05-28 09:37:53,1015.55,611989
2021-05-28 09:37:54,1015.6,612019
2021-05-28 09:37:55,1015.25,612210
2021-05-28 09:37:56,1015.25,612210
2021-05-28 09:37:57,1015.4,612213
2021-05-28 09:37:58,1015.2,612554
2021-05-28 09:37:59,1015.2,612655
2021-05-28 09:38:00,1015.2,612665
2021-05-28 09:38:01,1015.25,612675
2021-05-28 09:38:02,1015.25,612675
2021-05-28 09:38:03,1015.0,615066
2021-05-28 09:38:05,1015.0,615148
2021-05-28 09:38:06,1015.15,615158
2021-05-28 09:38:08,1015.15,615198
2021-05-28 09:38:08,1015.0,615288
2021-05-28 09:38:09,1015.15,615318
2021-05-28 09:38:10,1015.0,615348
2021-05-28 09:38:11,1015.0,615673
2021-05-28 09:38:12,1015.35,615939
2021-05-28 09:38:13,1015.15,616010
2021-05-28 09:38:14,1015.35,616065
2021-05-28 09:38:15,1015.35,616065
2021-05-28 09:38:16,1014.8,617859
2021-05-28 09:38:17,1015.0,617973
2021-05-28 09:38:18,1015.15,618023
2021-05-28 09:38:19,1015.0,618068
2021-05-28 09:38:20,1015.2,618353
2021-05-28 09:38:21,1015.2,618353
2021-05-28 09:38:22,1015.0,618547
2021-05-28 09:38:23,1014.95,618651
2021-05-28 09:38:24,1015.0,618660
2021-05-28 09:38:25,1014.75,618941
2021-05-28 09:38:26,1014.75,619201
2021-05-28 09:38:27,1015.0,619205
2021-05-28 09:38:28,1015.3,619308
2021-05-28 09:38:30,1014.75,619537
2021-05-28 09:38:31,1014.75,619714
2021-05-28 09:38:31,1014.75,619795
2021-05-28 09:38:32,1014.65,619812
2021-05-28 09:38:33,1014.75,619822
2021-05-28 09:38:34,1014.55,619922
2021-05-28 09:38:35,1014.55,619922
2021-05-28 09:38:36,1014.5,620242
2021-05-28 09:38:37,1014.55,620467
2021-05-28 09:38:38,1014.6,620477
2021-05-28 09:38:40,1014.2,620500
2021-05-28 09:38:40,1014.6,620499
2021-05-28 09:38:41,1014.5,620525
2021-05-28 09:38:42,1014.5,620525
2021-05-28 09:38:43,1014.1,621180
2021-05-28 09:38:44,1014.75,621215
2021-05-28 09:38:45,1014.3,621429
2021-05-28 09:38:46,1014.5,621539
2021-05-28 09:38:47,1014.75,621579
2021-05-28 09:38:48,1014.45,621604
2021-05-28 09:38:49,1014.75,621639
2021-05-28 09:38:50,1014.7,621663
2021-05-28 09:38:51,1014.2,622109
2021-05-28 09:38:52,1014.6,622194
2021-05-28 09:38:53,1014.6,622194
2021-05-28 09:38:54,1014.75,622711
2021-05-28 09:38:55,1014.6,622763
2021-05-28 09:38:56,1014.6,622763
2021-05-28 09:38:57,1014.6,622763
2021-05-28 09:38:58,1014.75,622815
2021-05-28 09:38:59,1014.4,622855
2021-05-28 09:39:00,1014.55,622950
2021-05-28 09:39:01,1014.55,622950
2021-05-28 09:39:02,1014.55,622950
2021-05-28 09:39:03,1014.6,623002
2021-05-28 09:39:04,1014.55,623003
2021-05-28 09:39:05,1014.5,623410
2021-05-28 09:39:06,1014.25,623619
2021-05-28 09:39:08,1014.25,623821
2021-05-28 09:39:09,1014.15,624098
2021-05-28 09:39:10,1014.3,624200
2021-05-28 09:39:11,1014.25,624345
2021-05-28 09:39:12,1014.25,624420
2021-05-28 09:39:13,1014.0,625374
2021-05-28 09:39:14,1014.35,625744
2021-05-28 09:39:15,1014.35,626200
2021-05-28 09:39:16,1014.05,626366
2021-05-28 09:39:17,1014.05,626366
2021-05-28 09:39:18,1014.25,627129
2021-05-28 09:39:19,1014.1,627279
2021-05-28 09:39:20,1014.3,627285
2021-05-28 09:39:20,1014.3,627285
2021-05-28 09:39:21,1014.35,627340
2021-05-28 09:39:22,1014.35,627355
2021-05-28 09:39:23,1014.1,627519
2021-05-28 09:39:25,1014.25,628024
2021-05-28 09:39:25,1014.25,628024
2021-05-28 09:39:26,1014.1,628133
2021-05-28 09:39:27,1014.1,628143
2021-05-28 09:39:28,1014.1,628143
2021-05-28 09:39:29,1014.5,628148
2021-05-28 09:39:30,1014.45,628173
2021-05-28 09:39:31,1014.45,628223
2021-05-28 09:39:32,1014.5,628268
2021-05-28 09:39:33,1014.45,628393
2021-05-28 09:39:34,1014.5,628395
2021-05-28 09:39:36,1014.45,628405
2021-05-28 09:39:36,1014.45,628405
2021-05-28 09:39:37,1014.45,628405
2021-05-28 09:39:38,1014.45,628405
2021-05-28 09:39:39,1014.6,628744
2021-05-28 09:39:40,1014.9,629291
2021-05-28 09:39:41,1014.7,629304
2021-05-28 09:39:42,1014.7,629306
2021-05-28 09:39:43,1014.35,631311
2021-05-28 09:39:44,1014.65,631987
2021-05-28 09:39:46,1014.65,631987
2021-05-28 09:39:47,1015.0,632002
2021-05-28 09:39:48,1015.0,632027
2021-05-28 09:39:48,1015.0,632002
2021-05-28 09:39:49,1015.0,632192
2021-05-28 09:39:50,1014.9,632342
2021-05-28 09:39:51,1015.0,632512
2021-05-28 09:39:52,1015.0,632562
2021-05-28 09:39:53,1015.0,632562
2021-05-28 09:39:54,1014.95,632574
2021-05-28 09:39:55,1015.0,632895
2021-05-28 09:39:56,1015.0,632895
2021-05-28 09:39:57,1015.0,632897
2021-05-28 09:39:59,1014.75,632962
2021-05-28 09:39:59,1015.0,632947
2021-05-28 09:40:00,1014.75,632962
2021-05-28 09:40:01,1015.0,634656
2021-05-28 09:40:02,1015.05,634759
2021-05-28 09:40:03,1015.05,634774
2021-05-28 09:40:05,1014.8,635288
2021-05-28 09:40:06,1014.6,635336
2021-05-28 09:40:07,1015.0,635359
2021-05-28 09:40:08,1014.7,635369
2021-05-28 09:40:09,1014.7,635369
2021-05-28 09:40:10,1014.7,635369
2021-05-28 09:40:11,1014.7,635369
2021-05-28 09:40:12,1014.9,635504
2021-05-28 09:40:12,1014.9,635504
2021-05-28 09:40:13,1014.9,635504
2021-05-28 09:40:14,1014.95,635558
2021-05-28 09:40:15,1014.9,635568
2021-05-28 09:40:16,1014.55,635730
2021-05-28 09:40:17,1014.55,635730
2021-05-28 09:40:18,1014.95,635830
2021-05-28 09:40:19,1015.0,635840
2021-05-28 09:40:21,1014.9,636167
2021-05-28 09:40:21,1014.9,636167
2021-05-28 09:40:22,1014.8,636177
2021-05-28 09:40:23,1014.9,636248
2021-05-28 09:40:24,1014.9,636248
2021-05-28 09:40:25,1015.0,636257
2021-05-28 09:40:26,1014.8,637058
2021-05-28 09:40:27,1015.0,637173
2021-05-28 09:40:28,1015.05,637225
2021-05-28 09:40:30,1015.0,637277
2021-05-28 09:40:31,1015.0,637277
2021-05-28 09:40:32,1014.9,637280
2021-05-28 09:40:33,1014.9,637339
2021-05-28 09:40:34,1014.9,637339
2021-05-28 09:40:36,1015.0,637464
2021-05-28 09:40:36,1015.0,637464
2021-05-28 09:40:37,1015.0,637464
2021-05-28 09:40:38,1015.0,637465
2021-05-28 09:40:39,1014.75,637540
2021-05-28 09:40:40,1015.0,637579
2021-05-28 09:40:41,1014.8,637580
2021-05-28 09:40:42,1015.05,637690
2021-05-28 09:40:43,1014.5,637840
2021-05-28 09:40:44,1015.0,637942
2021-05-28 09:40:46,1015.0,637957
2021-05-28 09:40:46,1015.0,637957
2021-05-28 09:40:47,1015.2,638210
2021-05-28 09:40:48,1014.85,638320
2021-05-28 09:40:49,1015.25,638370
2021-05-28 09:40:50,1015.15,638389
2021-05-28 09:40:51,1014.95,638409
2021-05-28 09:40:52,1015.5,638519
2021-05-28 09:40:54,1015.3,638667
2021-05-28 09:40:55,1015.0,638715
2021-05-28 09:40:56,1015.0,638757
2021-05-28 09:40:56,1015.0,638828
2021-05-28 09:40:57,1014.8,638992
2021-05-28 09:40:58,1015.0,639012
2021-05-28 09:40:59,1015.0,639013
2021-05-28 09:41:00,1014.8,639038
2021-05-28 09:41:01,1015.0,639088
2021-05-28 09:41:02,1015.2,639204
2021-05-28 09:41:03,1014.75,639244
2021-05-28 09:41:04,1015.0,639254
2021-05-28 09:41:05,1014.5,640148
2021-05-28 09:41:06,1014.45,640351
2021-05-28 09:41:07,1014.65,640401
2021-05-28 09:41:08,1014.75,640421
2021-05-28 09:41:09,1014.8,640581
2021-05-28 09:41:10,1014.75,640634
2021-05-28 09:41:11,1014.75,640634
2021-05-28 09:41:12,1014.6,640649
2021-05-28 09:41:13,1015.15,641107
2021-05-28 09:41:15,1015.2,641397
2021-05-28 09:41:16,1015.2,641397
2021-05-28 09:41:17,1015.15,641407
2021-05-28 09:41:18,1015.0,641794
2021-05-28 09:41:18,1015.0,641794
2021-05-28 09:41:19,1015.0,641795
2021-05-28 09:41:20,1015.0,641795
2021-05-28 09:41:21,1014.7,641945
2021-05-28 09:41:22,1014.7,641945
2021-05-28 09:41:23,1014.7,641945
2021-05-28 09:41:24,1015.0,641994
2021-05-28 09:41:25,1014.85,642028
2021-05-28 09:41:27,1015.0,642034
2021-05-28 09:41:27,1015.0,642040
2021-05-28 09:41:28,1015.2,642794
2021-05-28 09:41:29,1015.2,642794
2021-05-28 09:41:30,1015.5,642814
2021-05-28 09:41:32,1015.15,642818
2021-05-28 09:41:33,1015.15,642878
2021-05-28 09:41:34,1015.15,642878
2021-05-28 09:41:34,1015.15,642878
2021-05-28 09:41:35,1015.2,642880
2021-05-28 09:41:36,1015.1,643015
2021-05-28 09:41:37,1015.1,643015
2021-05-28 09:41:38,1015.1,643025
2021-05-28 09:41:40,1015.0,643678
2021-05-28 09:41:41,1015.25,643878
2021-05-28 09:41:42,1015.25,643878
2021-05-28 09:41:43,1015.2,643888
2021-05-28 09:41:44,1015.15,644039
2021-05-28 09:41:46,1015.1,644079
2021-05-28 09:41:47,1014.95,644135
2021-05-28 09:41:48,1015.0,644225
2021-05-28 09:41:49,1015.0,644225
2021-05-28 09:41:50,1014.85,644233
2021-05-28 09:41:51,1014.85,644233
2021-05-28 09:41:51,1014.85,644233
2021-05-28 09:41:52,1014.75,644381
2021-05-28 09:41:53,1014.75,644381
2021-05-28 09:41:54,1014.7,644471
2021-05-28 09:41:56,1014.8,644521
2021-05-28 09:41:57,1014.7,644531
2021-05-28 09:41:58,1014.95,644652
2021-05-28 09:41:58,1014.7,644552
2021-05-28 09:41:59,1015.0,644843
2021-05-28 09:42:00,1015.0,644843
2021-05-28 09:42:01,1015.0,645379
2021-05-28 09:42:02,1015.0,645459
2021-05-28 09:42:03,1014.9,645564
2021-05-28 09:42:05,1014.85,645902
2021-05-28 09:42:06,1014.95,645933
2021-05-28 09:42:07,1014.95,645933
2021-05-28 09:42:08,1014.9,646001
2021-05-28 09:42:09,1015.0,646751
2021-05-28 09:42:10,1014.5,647338
2021-05-28 09:42:11,1014.1,648071
2021-05-28 09:42:12,1013.9,651156
2021-05-28 09:42:12,1013.95,651383
2021-05-28 09:42:13,1013.5,651447
2021-05-28 09:42:14,1013.5,651447
2021-05-28 09:42:15,1013.5,651592
2021-05-28 09:42:16,1013.4,652020
2021-05-28 09:42:17,1013.3,652025
2021-05-28 09:42:19,1013.3,652025
2021-05-28 09:42:20,1013.8,652163
2021-05-28 09:42:20,1013.7,652063
2021-05-28 09:42:21,1013.8,652213
2021-05-28 09:42:22,1013.55,652219
2021-05-28 09:42:23,1014.0,652269
2021-05-28 09:42:25,1014.0,652319
2021-05-28 09:42:26,1014.05,652581
2021-05-28 09:42:27,1014.05,652581
2021-05-28 09:42:28,1014.25,652631
2021-05-28 09:42:29,1014.3,652683
2021-05-28 09:42:30,1014.25,652684
2021-05-28 09:42:30,1014.25,652696
2021-05-28 09:42:31,1014.55,653325
2021-05-28 09:42:32,1014.35,653329
2021-05-28 09:42:33,1014.3,653536
2021-05-28 09:42:34,1014.3,653536
2021-05-28 09:42:35,1013.95,653636
2021-05-28 09:42:36,1013.95,653656
2021-05-28 09:42:37,1013.9,653682
2021-05-28 09:42:38,1014.2,653683
2021-05-28 09:42:40,1013.85,653688
2021-05-28 09:42:41,1013.85,653688
2021-05-28 09:42:41,1013.85,653688
2021-05-28 09:42:42,1013.7,653748
2021-05-28 09:42:43,1013.75,653802
2021-05-28 09:42:45,1014.0,653845
2021-05-28 09:42:48,1014.55,654120
2021-05-28 09:42:48,1014.55,654120
2021-05-28 09:42:49,1014.55,654120
2021-05-28 09:42:50,1013.8,654239
2021-05-28 09:42:51,1014.0,654241
2021-05-28 09:42:53,1014.25,655025
2021-05-28 09:42:54,1014.25,655085
2021-05-28 09:42:55,1014.1,655185
2021-05-28 09:42:56,1014.05,655191
2021-05-28 09:42:57,1014.4,655284
2021-05-28 09:42:58,1013.9,655909
2021-05-28 09:42:58,1014.45,655964
2021-05-28 09:42:59,1014.45,655964
2021-05-28 09:43:01,1014.15,655990
2021-05-28 09:43:02,1014.15,655990
2021-05-28 09:43:03,1014.1,656066
2021-05-28 09:43:03,1014.15,656035
2021-05-28 09:43:04,1014.15,656091
2021-05-28 09:43:05,1014.45,656144
2021-05-28 09:43:07,1014.45,656144
2021-05-28 09:43:08,1013.8,656764
2021-05-28 09:43:09,1014.0,656774
2021-05-28 09:43:10,1014.0,656774
2021-05-28 09:43:12,1014.2,656826
2021-05-28 09:43:13,1014.25,657161
2021-05-28 09:43:13,1014.25,657260
2021-05-28 09:43:14,1013.85,657380
2021-05-28 09:43:15,1013.85,657380
2021-05-28 09:43:16,1013.85,657380
2021-05-28 09:43:18,1013.85,657392
2021-05-28 09:43:19,1013.85,657392
2021-05-28 09:43:19,1013.85,657392
2021-05-28 09:43:20,1013.85,657398
2021-05-28 09:43:21,1013.85,657518
2021-05-28 09:43:23,1014.0,657984
2021-05-28 09:43:24,1014.0,657984
2021-05-28 09:43:25,1014.0,658221
2021-05-28 09:43:26,1014.0,658221
2021-05-28 09:43:27,1013.85,658344
2021-05-28 09:43:28,1013.85,658344
2021-05-28 09:43:29,1014.0,658350
2021-05-28 09:43:30,1014.5,661485
2021-05-28 09:43:31,1015.0,661707
2021-05-28 09:43:31,1014.35,662707
2021-05-28 09:43:32,1014.4,662807
2021-05-28 09:43:33,1014.4,662807
2021-05-28 09:43:34,1014.75,662887
2021-05-28 09:43:36,1014.75,662887
2021-05-28 09:43:37,1014.35,662912
2021-05-28 09:43:37,1014.35,662912
2021-05-28 09:43:38,1014.3,663032
2021-05-28 09:43:39,1014.3,663032
2021-05-28 09:43:40,1014.8,663036
2021-05-28 09:43:42,1014.45,663096
2021-05-28 09:43:43,1014.45,663096
2021-05-28 09:43:43,1014.45,663121
2021-05-28 09:43:44,1014.4,663231
2021-05-28 09:43:45,1014.85,663412
2021-05-28 09:43:47,1014.85,663412
2021-05-28 09:43:48,1014.85,663412
2021-05-28 09:43:49,1014.75,663417
2021-05-28 09:43:49,1014.75,663417
2021-05-28 09:43:50,1014.6,663422
2021-05-28 09:43:51,1014.35,664193
2021-05-28 09:43:53,1014.35,664218
2021-05-28 09:43:54,1014.35,664218
2021-05-28 09:43:54,1014.35,664218
2021-05-28 09:43:55,1014.8,664243
2021-05-28 09:43:56,1014.85,664848
2021-05-28 09:43:58,1014.85,664848
2021-05-28 09:43:59,1014.85,664848
2021-05-28 09:43:59,1014.85,664848
2021-05-28 09:44:00,1014.85,664848
2021-05-28 09:44:01,1015.1,667102
2021-05-28 09:44:03,1015.0,667461
2021-05-28 09:44:04,1014.85,667668
2021-05-28 09:44:05,1014.85,667668
2021-05-28 09:44:05,1015.2,667868
2021-05-28 09:44:06,1015.2,667868
2021-05-28 09:44:07,1015.2,667868
2021-05-28 09:44:08,1014.65,668048
2021-05-28 09:44:10,1014.65,668048
2021-05-28 09:44:11,1014.55,668061
2021-05-28 09:44:11,1014.55,668061
2021-05-28 09:44:12,1014.55,668071
2021-05-28 09:44:13,1014.55,668126
2021-05-28 09:44:14,1014.9,668146
2021-05-28 09:44:16,1014.55,668174
2021-05-28 09:44:17,1015.5,669016
2021-05-28 09:44:17,1015.5,669016
2021-05-28 09:44:18,1015.35,669017
2021-05-28 09:44:19,1015.35,669017
2021-05-28 09:44:20,1015.35,669017
2021-05-28 09:44:22,1015.0,669038
2021-05-28 09:44:23,1015.15,669049
2021-05-28 09:44:24,1014.55,669153
2021-05-28 09:44:25,1014.85,669233
2021-05-28 09:44:25,1014.85,669233
2021-05-28 09:44:27,1014.55,669288
2021-05-28 09:44:27,1014.55,669299
2021-05-28 09:44:28,1014.55,669299
2021-05-28 09:44:29,1014.55,669299
2021-05-28 09:44:30,1014.85,669655
2021-05-28 09:44:32,1015.0,669755
2021-05-28 09:44:33,1015.0,669755
2021-05-28 09:44:33,1015.0,669755
2021-05-28 09:44:34,1015.0,669755
2021-05-28 09:44:35,1014.55,669955
2021-05-28 09:44:37,1014.95,670030
2021-05-28 09:44:38,1014.85,670047
2021-05-28 09:44:38,1014.85,670047
2021-05-28 09:44:39,1014.85,670047
2021-05-28 09:44:40,1014.7,670097
2021-05-28 09:44:41,1015.0,670281
2021-05-28 09:44:43,1015.0,670292
2021-05-28 09:44:44,1015.25,670392
2021-05-28 09:44:44,1015.25,670392
2021-05-28 09:44:45,1015.35,670635
2021-05-28 09:44:46,1015.1,670640
2021-05-28 09:44:48,1015.0,670670
2021-05-28 09:44:49,1015.0,670670
2021-05-28 09:44:49,1015.0,670920
2021-05-28 09:44:50,1015.0,670920
2021-05-28 09:44:51,1015.0,670924
2021-05-28 09:44:53,1015.0,670942
2021-05-28 09:44:54,1015.25,670982
2021-05-28 09:44:55,1015.25,670982
2021-05-28 09:44:55,1015.0,671007
2021-05-28 09:44:56,1015.15,671365
2021-05-28 09:44:57,1015.0,671425
2021-05-28 09:44:59,1015.0,671612
2021-05-28 09:45:00,1014.65,671637
2021-05-28 09:45:00,1014.65,671637
2021-05-28 09:45:01,1015.0,671702
2021-05-28 09:45:02,1015.0,671702
2021-05-28 09:45:04,1015.0,671702
2021-05-28 09:45:05,1015.0,671722
2021-05-28 09:45:05,1015.0,671722
2021-05-28 09:45:06,1015.0,671808
2021-05-28 09:45:07,1015.0,671808
2021-05-28 09:45:08,1015.0,671808
2021-05-28 09:45:10,1015.0,671911
2021-05-28 09:45:11,1014.95,671921
2021-05-28 09:45:11,1014.95,671921
2021-05-28 09:45:12,1014.95,671982
2021-05-28 09:45:13,1015.2,672082
2021-05-28 09:45:15,1015.2,672082
2021-05-28 09:45:16,1014.9,672133
2021-05-28 09:45:16,1014.9,672133
2021-05-28 09:45:17,1014.9,672134
2021-05-28 09:45:18,1014.95,672152
2021-05-28 09:45:20,1014.95,672172
2021-05-28 09:45:21,1014.7,672372
2021-05-28 09:45:21,1014.7,672372
2021-05-28 09:45:22,1015.0,673035
2021-05-28 09:45:23,1015.0,673035
2021-05-28 09:45:25,1015.05,673057
2021-05-28 09:45:26,1015.0,673092
2021-05-28 09:45:26,1015.0,673092
2021-05-28 09:45:27,1015.05,673116
2021-05-28 09:45:28,1015.05,673116
2021-05-28 09:45:30,1015.0,673336
2021-05-28 09:45:31,1015.05,673351
2021-05-28 09:45:32,1015.0,673361
2021-05-28 09:45:32,1015.0,673361
2021-05-28 09:45:33,1015.0,673361
2021-05-28 09:45:34,1015.0,673886
2021-05-28 09:45:36,1015.0,673898
2021-05-28 09:45:37,1015.0,673903
2021-05-28 09:45:37,1015.0,673903
2021-05-28 09:45:38,1015.0,673904
2021-05-28 09:45:39,1015.0,673918
2021-05-28 09:45:41,1015.25,674019
2021-05-28 09:45:42,1015.05,674029
2021-05-28 09:45:42,1015.05,674029
2021-05-28 09:45:43,1015.25,674039
2021-05-28 09:45:44,1015.0,674049
2021-05-28 09:45:45,1015.0,674149
2021-05-28 09:45:47,1015.0,674362
2021-05-28 09:45:48,1015.2,674372
2021-05-28 09:45:49,1015.2,674372
2021-05-28 09:45:50,1015.05,674373
2021-05-28 09:45:52,1015.0,674408
2021-05-28 09:45:53,1015.1,674528
2021-05-28 09:45:54,1015.0,674728
2021-05-28 09:45:55,1015.0,674728
2021-05-28 09:45:57,1015.0,674833
2021-05-28 09:45:58,1015.2,674838
2021-05-28 09:45:59,1015.1,674848
2021-05-28 09:45:59,1015.1,674848
2021-05-28 09:46:00,1015.0,674873
2021-05-28 09:46:01,1015.0,675634
2021-05-28 09:46:03,1015.0,675714
2021-05-28 09:46:04,1014.5,676219
2021-05-28 09:46:04,1014.5,676219
2021-05-28 09:46:05,1014.5,676219
2021-05-28 09:46:06,1014.5,676220
2021-05-28 09:46:08,1013.9,678537
2021-05-28 09:46:09,1013.9,678692
2021-05-28 09:46:09,1013.9,678692
2021-05-28 09:46:10,1014.0,678752
2021-05-28 09:46:11,1013.5,679072
2021-05-28 09:46:13,1014.0,679243
2021-05-28 09:46:14,1014.0,679243
2021-05-28 09:46:15,1014.0,679253
2021-05-28 09:46:15,1014.0,679253
2021-05-28 09:46:16,1014.05,679303
2021-05-28 09:46:17,1014.05,679303
2021-05-28 09:46:18,1013.5,679363
2021-05-28 09:46:20,1013.5,679418
2021-05-28 09:46:21,1014.0,679458
2021-05-28 09:46:21,1013.95,679459
2021-05-28 09:46:22,1013.5,679504
2021-05-28 09:46:23,1013.5,679504
2021-05-28 09:46:24,1013.5,679639
2021-05-28 09:46:26,1013.5,680350
2021-05-28 09:46:27,1013.5,680351
2021-05-28 09:46:27,1013.5,680351
2021-05-28 09:46:28,1013.55,680366
2021-05-28 09:46:29,1013.5,680391
2021-05-28 09:46:31,1013.55,680501
2021-05-28 09:46:32,1013.55,680595
2021-05-28 09:46:33,1014.2,681182
2021-05-28 09:46:33,1014.2,681182
2021-05-28 09:46:34,1013.7,681343
2021-05-28 09:46:35,1013.5,681575
2021-05-28 09:46:37,1013.5,681594
2021-05-28 09:46:38,1013.5,681610
2021-05-28 09:46:38,1013.5,681610
2021-05-28 09:46:39,1014.0,681613
2021-05-28 09:46:40,1013.65,682023
2021-05-28 09:46:41,1014.0,682024
2021-05-28 09:46:43,1014.0,682024
2021-05-28 09:46:44,1013.65,682064
2021-05-28 09:46:44,1013.65,682064
2021-05-28 09:46:45,1013.5,683284
2021-05-28 09:46:46,1013.5,683723
2021-05-28 09:46:48,1013.75,683803
2021-05-28 09:46:49,1013.75,683813
2021-05-28 09:46:49,1013.75,683813
2021-05-28 09:46:50,1013.5,684059
2021-05-28 09:46:51,1013.75,684075
2021-05-28 09:46:53,1013.7,684077
2021-05-28 09:46:54,1013.7,684097
2021-05-28 09:46:55,1013.7,684097
2021-05-28 09:46:55,1013.7,684575
2021-05-28 09:46:56,1013.65,684604
2021-05-28 09:46:58,1013.75,684638
2021-05-28 09:46:59,1013.75,684642
2021-05-28 09:46:59,1013.75,684638
2021-05-28 09:47:00,1013.75,684644
2021-05-28 09:47:01,1013.7,684688
2021-05-28 09:47:03,1013.75,684703
2021-05-28 09:47:04,1013.7,684705
2021-05-28 09:47:04,1013.7,684705
2021-05-28 09:47:05,1013.7,684705
2021-05-28 09:47:06,1013.6,684745
2021-05-28 09:47:07,1013.7,684770
2021-05-28 09:47:09,1013.7,684790
2021-05-28 09:47:10,1013.9,685614
2021-05-28 09:47:10,1014.0,685729
2021-05-28 09:47:11,1014.0,685729
2021-05-28 09:47:12,1014.0,685729
2021-05-28 09:47:13,1013.7,685735
2021-05-28 09:47:15,1013.75,685743
2021-05-28 09:47:16,1013.6,685843
2021-05-28 09:47:16,1013.6,685843
2021-05-28 09:47:17,1013.6,685868
2021-05-28 09:47:18,1014.0,686368
2021-05-28 09:47:20,1013.95,686375
2021-05-28 09:47:21,1013.95,686375
2021-05-28 09:47:22,1013.6,686376
2021-05-28 09:47:22,1013.6,686376
2021-05-28 09:47:23,1013.6,686380
2021-05-28 09:47:24,1013.6,686520
2021-05-28 09:47:26,1013.9,686871
2021-05-28 09:47:27,1013.9,686921
2021-05-28 09:47:27,1013.9,686931
2021-05-28 09:47:28,1013.95,686941
2021-05-28 09:47:29,1013.85,687039
2021-05-28 09:47:31,1013.6,687097
2021-05-28 09:47:32,1013.6,687245
2021-05-28 09:47:32,1013.6,687136
2021-05-28 09:47:33,1013.6,687265
2021-05-28 09:47:34,1013.6,687265
2021-05-28 09:47:35,1013.6,687339
2021-05-28 09:47:36,1013.6,687364
2021-05-28 09:47:37,1013.85,687400
2021-05-28 09:47:38,1013.6,687423
2021-05-28 09:47:39,1013.6,687423
2021-05-28 09:47:40,1014.35,688424
2021-05-28 09:47:42,1014.35,688456
2021-05-28 09:47:43,1014.35,688600
2021-05-28 09:47:44,1014.15,688609
2021-05-28 09:47:44,1014.15,688609
2021-05-28 09:47:45,1014.15,688685
2021-05-28 09:47:46,1014.15,688685
2021-05-28 09:47:47,1014.5,688717
2021-05-28 09:47:48,1014.5,688717
2021-05-28 09:47:49,1014.5,688717
2021-05-28 09:47:50,1014.15,688922
2021-05-28 09:47:52,1014.15,688955
2021-05-28 09:47:53,1014.4,689075
2021-05-28 09:47:54,1014.25,689086
2021-05-28 09:47:55,1014.25,689086
2021-05-28 09:47:56,1014.25,689086
2021-05-28 09:47:56,1014.25,689086
2021-05-28 09:47:57,1014.8,689118
2021-05-28 09:47:58,1014.5,689223
2021-05-28 09:47:59,1014.5,689224
2021-05-28 09:48:00,1014.5,689224
2021-05-28 09:48:01,1014.5,689224
2021-05-28 09:48:03,1014.5,689224
2021-05-28 09:48:04,1015.0,689250
2021-05-28 09:48:04,1015.0,689250
2021-05-28 09:48:05,1015.0,689250
2021-05-28 09:48:06,1014.65,689260
2021-05-28 09:48:08,1015.0,689324
2021-05-28 09:48:09,1015.0,689324
2021-05-28 09:48:09,1015.0,689324
2021-05-28 09:48:10,1015.05,691205
2021-05-28 09:48:11,1014.85,691486
2021-05-28 09:48:13,1015.0,691496
2021-05-28 09:48:14,1015.0,691643
2021-05-28 09:48:15,1015.0,691643
2021-05-28 09:48:15,1015.0,691643
2021-05-28 09:48:16,1015.0,691643
2021-05-28 09:48:17,1015.25,691663
2021-05-28 09:48:18,1015.25,691663
2021-05-28 09:48:19,1015.0,691815
2021-05-28 09:48:20,1015.0,691817
2021-05-28 09:48:21,1015.0,691817
2021-05-28 09:48:22,1015.0,691817
2021-05-28 09:48:23,1015.0,691817
2021-05-28 09:48:24,1015.0,691817
2021-05-28 09:48:25,1015.25,691877
2021-05-28 09:48:26,1015.25,691917
2021-05-28 09:48:27,1015.0,692028
2021-05-28 09:48:28,1015.0,692918
2021-05-28 09:48:29,1015.0,693030
2021-05-28 09:48:31,1015.0,693080
2021-05-28 09:48:32,1015.0,693080
2021-05-28 09:48:32,1015.0,693080
2021-05-28 09:48:33,1015.0,693115
2021-05-28 09:48:34,1015.0,693115
2021-05-28 09:48:35,1015.0,693115
2021-05-28 09:48:37,1015.0,693115
2021-05-28 09:48:37,1015.0,693160
2021-05-28 09:48:39,1015.0,693201
2021-05-28 09:48:40,1015.0,693401
2021-05-28 09:48:40,1015.0,693401
2021-05-28 09:48:41,1015.0,693412
2021-05-28 09:48:42,1015.0,693481
2021-05-28 09:48:43,1015.45,693647
2021-05-28 09:48:44,1015.15,693667
2021-05-28 09:48:45,1015.15,693667
2021-05-28 09:48:47,1015.05,693692
2021-05-28 09:48:48,1015.0,693722
2021-05-28 09:48:48,1015.0,693722
2021-05-28 09:48:49,1015.45,694226
2021-05-28 09:48:50,1015.0,694227
2021-05-28 09:48:51,1015.3,694297
2021-05-28 09:48:53,1015.3,694297
2021-05-28 09:48:54,1015.0,694300
2021-05-28 09:48:54,1015.0,694300
2021-05-28 09:48:55,1015.0,694720
2021-05-28 09:48:56,1015.0,694730
2021-05-28 09:48:57,1015.0,694730
2021-05-28 09:48:58,1015.0,694777
2021-05-28 09:48:59,1015.3,694839
2021-05-28 09:49:01,1015.3,694839
2021-05-28 09:49:02,1015.3,694852
2021-05-28 09:49:03,1015.3,694852
2021-05-28 09:49:04,1015.4,694952
2021-05-28 09:49:04,1015.4,694952
2021-05-28 09:49:05,1015.1,694956
2021-05-28 09:49:07,1015.3,695006
2021-05-28 09:49:08,1015.3,695021
2021-05-28 09:49:08,1015.3,695021
2021-05-28 09:49:09,1015.15,695075
2021-05-28 09:49:10,1015.05,695275
2021-05-28 09:49:11,1015.1,695305
2021-05-28 09:49:12,1015.1,695305
2021-05-28 09:49:13,1015.1,695305
2021-05-28 09:49:14,1015.05,695315
2021-05-28 09:49:16,1015.05,695402
2021-05-28 09:49:17,1015.05,695402
2021-05-28 09:49:18,1015.0,695502
2021-05-28 09:49:19,1015.0,695548
2021-05-28 09:49:20,1015.0,695548
2021-05-28 09:49:21,1015.0,695582
2021-05-28 09:49:21,1015.0,695582
2021-05-28 09:49:22,1015.0,695582
2021-05-28 09:49:23,1015.1,695594
2021-05-28 09:49:24,1015.0,695690
2021-05-28 09:49:26,1015.0,695889
2021-05-28 09:49:27,1015.15,695908
2021-05-28 09:49:28,1015.1,695909
2021-05-28 09:49:28,1015.1,695909
2021-05-28 09:49:29,1015.1,695909
2021-05-28 09:49:30,1015.0,696909
2021-05-28 09:49:32,1015.1,696946
2021-05-28 09:49:33,1015.2,698089
2021-05-28 09:49:33,1015.2,698089
2021-05-28 09:49:34,1015.2,698172
2021-05-28 09:49:35,1015.05,698302
2021-05-28 09:49:36,1015.05,698352
2021-05-28 09:49:37,1015.1,698407
2021-05-28 09:49:39,1015.1,698407
2021-05-28 09:49:40,1015.1,698407
2021-05-28 09:49:40,1015.1,698407
2021-05-28 09:49:41,1015.0,698514
2021-05-28 09:49:42,1015.2,698714
2021-05-28 09:49:44,1015.0,698814
2021-05-28 09:49:45,1015.0,698814
2021-05-28 09:49:46,1015.15,698824
2021-05-28 09:49:47,1015.15,698824
2021-05-28 09:49:47,1015.0,698924
2021-05-28 09:49:48,1015.0,698929
2021-05-28 09:49:49,1015.0,698929
2021-05-28 09:49:51,1015.05,699566
2021-05-28 09:49:52,1015.0,699572
2021-05-28 09:49:53,1015.0,699622
2021-05-28 09:49:54,1015.1,699644
2021-05-28 09:49:55,1015.0,699694
2021-05-28 09:49:56,1015.1,699698
2021-05-28 09:49:56,1015.0,699703
2021-05-28 09:49:57,1015.0,699704
2021-05-28 09:49:58,1015.1,699772
2021-05-28 09:50:00,1015.05,699852
2021-05-28 09:50:01,1015.3,699982
2021-05-28 09:50:01,1015.3,699982
2021-05-28 09:50:02,1015.3,700055
2021-05-28 09:50:03,1015.3,700085
2021-05-28 09:50:04,1015.6,701496
2021-05-28 09:50:06,1015.9,701915
2021-05-28 09:50:07,1015.9,701931
2021-05-28 09:50:08,1016.0,702247
2021-05-28 09:50:08,1016.0,702278
2021-05-28 09:50:09,1015.9,702421
2021-05-28 09:50:10,1015.9,702453
2021-05-28 09:50:12,1015.9,702453
2021-05-28 09:50:13,1015.9,702453
2021-05-28 09:50:13,1015.9,702453
2021-05-28 09:50:14,1015.9,702453
2021-05-28 09:50:15,1015.8,702511
2021-05-28 09:50:17,1016.0,702515
2021-05-28 09:50:18,1016.0,702515
2021-05-28 09:50:18,1016.0,702515
2021-05-28 09:50:19,1015.8,702740
2021-05-28 09:50:20,1015.8,702761
2021-05-28 09:50:22,1015.9,702766
2021-05-28 09:50:23,1016.0,702808
2021-05-28 09:50:23,1016.0,702808
2021-05-28 09:50:24,1016.0,703008
2021-05-28 09:50:25,1016.0,703018
2021-05-28 09:50:26,1015.9,703038
2021-05-28 09:50:27,1015.9,703183
2021-05-28 09:50:29,1015.9,703594
2021-05-28 09:50:30,1016.0,704095
2021-05-28 09:50:31,1015.9,704196
2021-05-28 09:50:31,1016.2,704724
2021-05-28 09:50:32,1016.4,704734
2021-05-28 09:50:34,1016.25,704744
2021-05-28 09:50:35,1016.25,704745
2021-05-28 09:50:35,1016.25,704745
2021-05-28 09:50:36,1016.45,704831
2021-05-28 09:50:37,1016.45,704831
2021-05-28 09:50:38,1016.0,705031
2021-05-28 09:50:40,1016.5,705251
2021-05-28 09:50:40,1016.5,705306
2021-05-28 09:50:42,1016.5,705459
2021-05-28 09:50:43,1016.5,705719
2021-05-28 09:50:43,1016.5,705719
2021-05-28 09:50:44,1016.4,705829
2021-05-28 09:50:45,1016.4,705829
2021-05-28 09:50:46,1016.4,705938
2021-05-28 09:50:48,1016.5,706048
2021-05-28 09:50:49,1016.5,706048
2021-05-28 09:50:50,1016.0,706199
2021-05-28 09:50:50,1016.0,706199
2021-05-28 09:50:51,1016.0,706504
2021-05-28 09:50:52,1016.5,706513
2021-05-28 09:50:54,1016.5,706620
2021-05-28 09:50:55,1016.5,706620
2021-05-28 09:50:56,1016.95,712989
2021-05-28 09:50:56,1017.0,713044
2021-05-28 09:50:57,1017.25,713050
2021-05-28 09:50:58,1017.4,714050
2021-05-28 09:51:01,1017.1,714475
2021-05-28 09:51:02,1017.1,714481
2021-05-28 09:51:02,1017.1,714481
2021-05-28 09:51:03,1017.4,714491
2021-05-28 09:51:04,1017.2,714574
2021-05-28 09:51:06,1017.7,715341
2021-05-28 09:51:07,1017.65,715383
2021-05-28 09:51:08,1017.5,715448
2021-05-28 09:51:08,1017.5,715448
2021-05-28 09:51:09,1017.5,715448
2021-05-28 09:51:10,1017.5,715703
2021-05-28 09:51:11,1017.35,715828
2021-05-28 09:51:13,1017.5,715853
2021-05-28 09:51:14,1017.7,716056
2021-05-28 09:51:14,1017.3,716066
2021-05-28 09:51:15,1017.35,717072
2021-05-28 09:51:16,1017.35,717077
2021-05-28 09:51:18,1017.6,717228
2021-05-28 09:51:19,1017.55,717258
2021-05-28 09:51:19,1017.55,717258
2021-05-28 09:51:20,1017.35,717266
2021-05-28 09:51:21,1017.3,717317
2021-05-28 09:51:22,1017.3,717894
2021-05-28 09:51:24,1017.45,718094
2021-05-28 09:51:25,1017.45,718094
2021-05-28 09:51:26,1017.15,718194
2021-05-28 09:51:27,1017.15,718290
2021-05-28 09:51:28,1017.15,718296
2021-05-28 09:51:28,1017.15,718390
2021-05-28 09:51:29,1017.15,718390
2021-05-28 09:51:30,1016.8,720724
2021-05-28 09:51:31,1016.75,720966
2021-05-28 09:51:33,1016.8,721182
2021-05-28 09:51:34,1016.9,721187
2021-05-28 09:51:35,1016.4,721504
2021-05-28 09:51:36,1016.4,721539
2021-05-28 09:51:37,1016.4,721539
2021-05-28 09:51:37,1016.4,721539
2021-05-28 09:51:38,1016.6,721589
2021-05-28 09:51:39,1016.6,721599
2021-05-28 09:51:41,1016.75,721679
2021-05-28 09:51:42,1016.7,721695
2021-05-28 09:51:43,1016.55,722200
2021-05-28 09:51:43,1016.55,722200
2021-05-28 09:51:44,1016.65,722204
2021-05-28 09:51:45,1016.65,722204
2021-05-28 09:51:46,1016.55,722379
2021-05-28 09:51:47,1016.45,722399
2021-05-28 09:51:49,1016.45,722399
2021-05-28 09:51:50,1016.65,722409
2021-05-28 09:51:50,1016.45,722532
2021-05-28 09:51:51,1016.45,722532
2021-05-28 09:51:54,1016.45,722682
2021-05-28 09:51:55,1016.05,722841
2021-05-28 09:51:56,1016.4,722941
2021-05-28 09:51:56,1016.4,722941
2021-05-28 09:51:57,1016.4,722941
2021-05-28 09:51:58,1016.05,723191
2021-05-28 09:51:59,1016.4,723291
2021-05-28 09:52:00,1016.4,723744
2021-05-28 09:52:02,1016.05,723972
2021-05-28 09:52:03,1016.0,724089
2021-05-28 09:52:04,1016.0,724154
2021-05-28 09:52:05,1016.0,724154
2021-05-28 09:52:05,1016.0,724154
2021-05-28 09:52:06,1016.05,724310
2021-05-28 09:52:07,1016.15,724320
2021-05-28 09:52:08,1016.15,724323
2021-05-28 09:52:10,1016.3,724524
2021-05-28 09:52:11,1016.05,724669
2021-05-28 09:52:12,1016.1,724727
2021-05-28 09:52:12,1016.1,724727
2021-05-28 09:52:13,1016.6,725827
2021-05-28 09:52:15,1016.6,725909
2021-05-28 09:52:16,1016.6,725909
2021-05-28 09:52:18,1016.6,725909
2021-05-28 09:52:19,1016.6,726011
2021-05-28 09:52:19,1016.6,726011
2021-05-28 09:52:20,1016.85,726266
2021-05-28 09:52:21,1016.8,726506
2021-05-28 09:52:22,1016.8,726506
2021-05-28 09:52:23,1016.8,726508
2021-05-28 09:52:24,1016.75,726612
2021-05-28 09:52:26,1016.75,726634
2021-05-28 09:52:28,1016.8,726645
2021-05-28 09:52:29,1016.8,726800
2021-05-28 09:52:30,1016.75,726801
2021-05-28 09:52:31,1017.0,727261
2021-05-28 09:52:32,1017.0,727262
2021-05-28 09:52:33,1017.4,728717
2021-05-28 09:52:34,1016.95,728732
2021-05-28 09:52:35,1016.95,728732
2021-05-28 09:52:36,1016.95,728732
2021-05-28 09:52:38,1017.35,729017
2021-05-28 09:52:38,1017.05,729087
2021-05-28 09:52:39,1017.4,729107
2021-05-28 09:52:40,1017.45,730143
2021-05-28 09:52:42,1017.35,730163
2021-05-28 09:52:42,1017.35,730163
2021-05-28 09:52:44,1017.35,730316
2021-05-28 09:52:45,1017.55,731746
2021-05-28 09:52:46,1017.5,731770
2021-05-28 09:52:47,1018.0,737635
2021-05-28 09:52:47,1017.9,737935
2021-05-28 09:52:48,1017.9,738342
2021-05-28 09:52:49,1018.0,738357
2021-05-28 09:52:50,1018.0,738407
2021-05-28 09:52:51,1017.8,738720
2021-05-28 09:52:52,1017.7,738930
2021-05-28 09:52:53,1017.75,738980
2021-05-28 09:52:54,1017.95,739980
2021-05-28 09:52:55,1017.8,739981
2021-05-28 09:52:56,1017.8,740031
2021-05-28 09:52:57,1017.85,740036
2021-05-28 09:52:58,1017.85,740036
2021-05-28 09:52:59,1017.45,740286
2021-05-28 09:53:00,1017.45,740337
2021-05-28 09:53:01,1017.45,740467
2021-05-28 09:53:02,1017.4,740487
2021-05-28 09:53:03,1017.4,740502
2021-05-28 09:53:04,1017.35,740550
2021-05-28 09:53:05,1017.0,740570
2021-05-28 09:53:07,1017.3,740920
2021-05-28 09:53:08,1017.35,740922
2021-05-28 09:53:09,1017.35,740952
2021-05-28 09:53:10,1017.05,741002
2021-05-28 09:53:11,1017.05,741002
2021-05-28 09:53:12,1017.3,741057
2021-05-28 09:53:13,1017.0,741097
2021-05-28 09:53:14,1017.0,741097
2021-05-28 09:53:15,1017.0,741097
2021-05-28 09:53:16,1017.0,741238
2021-05-28 09:53:17,1017.05,741361
2021-05-28 09:53:18,1017.25,741362
2021-05-28 09:53:19,1017.25,741362
2021-05-28 09:53:19,1017.0,741433
2021-05-28 09:53:20,1016.7,742331
2021-05-28 09:53:22,1016.6,742430
2021-05-28 09:53:22,1016.5,742530
2021-05-28 09:53:24,1016.5,742583
2021-05-28 09:53:25,1016.75,742587
2021-05-28 09:53:26,1016.75,742587
2021-05-28 09:53:27,1016.3,742735
2021-05-28 09:53:28,1016.3,742735
2021-05-28 09:53:29,1016.15,743740
2021-05-28 09:53:30,1016.45,743852
2021-05-28 09:53:31,1016.45,743852
2021-05-28 09:53:32,1016.3,743900
2021-05-28 09:53:33,1016.45,743924
2021-05-28 09:53:34,1016.5,743959
2021-05-28 09:53:35,1016.95,743961
2021-05-28 09:53:36,1016.95,743961
2021-05-28 09:53:37,1016.8,743963
2021-05-28 09:53:38,1017.05,744463
2021-05-28 09:53:39,1016.85,744564
2021-05-28 09:53:40,1017.25,747596
2021-05-28 09:53:41,1017.35,747637
2021-05-28 09:53:42,1017.35,747762
2021-05-28 09:53:43,1017.35,747812
2021-05-28 09:53:44,1017.25,748312
2021-05-28 09:53:45,1017.3,748320
2021-05-28 09:53:46,1017.25,748328
2021-05-28 09:53:47,1017.2,748474
2021-05-28 09:53:48,1017.2,748474
2021-05-28 09:53:49,1017.45,748475
2021-05-28 09:53:51,1017.25,748537
2021-05-28 09:53:52,1017.55,748628
2021-05-28 09:53:53,1017.55,748648
2021-05-28 09:53:54,1017.55,748682
2021-05-28 09:53:55,1017.8,748933
2021-05-28 09:53:56,1017.9,748994
2021-05-28 09:53:57,1017.75,749144
2021-05-28 09:53:58,1017.75,749159
2021-05-28 09:53:59,1017.55,749189
2021-05-28 09:54:00,1018.0,749289
2021-05-28 09:54:01,1017.8,749292
2021-05-28 09:54:02,1017.9,749299
2021-05-28 09:54:02,1017.8,749294
2021-05-28 09:54:04,1017.5,749505
2021-05-28 09:54:04,1017.5,749505
2021-05-28 09:54:05,1017.5,749578
2021-05-28 09:54:06,1017.5,749588
2021-05-28 09:54:08,1017.7,749700
2021-05-28 09:54:09,1017.75,750000
2021-05-28 09:54:10,1017.75,750000
2021-05-28 09:54:11,1017.2,750345
2021-05-28 09:54:12,1017.5,750369
2021-05-28 09:54:13,1017.5,750459
2021-05-28 09:54:14,1017.5,750466
2021-05-28 09:54:15,1017.5,750466
2021-05-28 09:54:16,1017.5,750466
2021-05-28 09:54:17,1017.5,750467
2021-05-28 09:54:19,1017.5,750647
2021-05-28 09:54:20,1017.5,750648
2021-05-28 09:54:21,1017.2,751106
2021-05-28 09:54:22,1017.5,751117
2021-05-28 09:54:23,1017.5,751118
2021-05-28 09:54:24,1017.45,751331
2021-05-28 09:54:24,1017.2,751431
2021-05-28 09:54:25,1017.2,751431
2021-05-28 09:54:26,1017.5,752451
2021-05-28 09:54:27,1017.5,752451
2021-05-28 09:54:29,1017.5,752451
2021-05-28 09:54:30,1017.5,752621
2021-05-28 09:54:30,1017.5,752621
2021-05-28 09:54:31,1017.5,752621
2021-05-28 09:54:33,1017.15,752753
2021-05-28 09:54:34,1017.4,753017
2021-05-28 09:54:35,1017.2,753042
2021-05-28 09:54:36,1017.2,753042
2021-05-28 09:54:37,1017.2,753042
2021-05-28 09:54:38,1017.2,753052
2021-05-28 09:54:38,1017.2,753052
2021-05-28 09:54:39,1017.2,753052
2021-05-28 09:54:40,1017.2,753052
2021-05-28 09:54:41,1017.2,753052
2021-05-28 09:54:42,1016.95,753082
2021-05-28 09:54:43,1017.3,753189
2021-05-28 09:54:44,1017.3,753349
2021-05-28 09:54:45,1017.3,753454
2021-05-28 09:54:47,1017.3,753457
2021-05-28 09:54:48,1016.7,753481
2021-05-28 09:54:49,1017.15,753697
2021-05-28 09:54:49,1016.65,753707
2021-05-28 09:54:50,1016.65,753707
2021-05-28 09:54:51,1017.15,753757
2021-05-28 09:54:52,1016.7,753817
2021-05-28 09:54:53,1016.65,753837
2021-05-28 09:54:54,1016.65,753837
2021-05-28 09:54:56,1016.65,753837
2021-05-28 09:54:57,1016.65,753837
2021-05-28 09:54:58,1016.65,753837
2021-05-28 09:54:59,1016.65,753955
2021-05-28 09:55:00,1016.65,753955
2021-05-28 09:55:01,1016.65,753955
2021-05-28 09:55:03,1016.7,753975
2021-05-28 09:55:04,1016.7,753975
2021-05-28 09:55:05,1016.55,753996
2021-05-28 09:55:06,1016.7,754509
2021-05-28 09:55:07,1016.7,754509
2021-05-28 09:55:08,1016.7,754509
2021-05-28 09:55:09,1016.7,754523
2021-05-28 09:55:10,1016.65,755215
2021-05-28 09:55:11,1016.65,755225
2021-05-28 09:55:12,1016.65,755370
2021-05-28 09:55:12,1016.65,755370
2021-05-28 09:55:13,1016.6,755372
2021-05-28 09:55:14,1016.3,755382
2021-05-28 09:55:15,1016.6,755472
2021-05-28 09:55:16,1016.3,755667
2021-05-28 09:55:17,1016.3,755667
2021-05-28 09:55:18,1016.3,755667
2021-05-28 09:55:19,1016.3,755906
2021-05-28 09:55:20,1016.35,755907
2021-05-28 09:55:21,1016.35,756066
2021-05-28 09:55:22,1016.35,756485
2021-05-28 09:55:23,1016.35,756485
2021-05-28 09:55:25,1016.05,756511
2021-05-28 09:55:27,1016.05,756511
2021-05-28 09:55:27,1016.05,756626
2021-05-28 09:55:28,1016.05,756672
2021-05-28 09:55:30,1016.0,756772
2021-05-28 09:55:31,1016.0,756887
2021-05-28 09:55:32,1016.0,756887
2021-05-28 09:55:33,1016.0,756887
2021-05-28 09:55:34,1016.05,756948
2021-05-28 09:55:35,1016.0,756999
2021-05-28 09:55:36,1015.9,760290
2021-05-28 09:55:37,1016.0,760316
2021-05-28 09:55:38,1015.9,760538
2021-05-28 09:55:39,1015.9,760553
2021-05-28 09:55:40,1016.0,760704
2021-05-28 09:55:41,1016.0,760704
2021-05-28 09:55:42,1016.0,760704
2021-05-28 09:55:42,1016.0,760757
2021-05-28 09:55:43,1015.9,760780
2021-05-28 09:55:44,1015.9,760860
2021-05-28 09:55:45,1015.9,760936
2021-05-28 09:55:46,1015.9,760936
2021-05-28 09:55:48,1015.9,761067
2021-05-28 09:55:49,1015.4,761567
2021-05-28 09:55:50,1015.4,761567
2021-05-28 09:55:51,1015.9,761571
2021-05-28 09:55:52,1015.55,761621
2021-05-28 09:55:52,1015.6,761641
2021-05-28 09:55:53,1015.9,761711
2021-05-28 09:55:54,1015.9,761796
2021-05-28 09:55:55,1015.6,761798
2021-05-28 09:55:56,1015.55,761857
2021-05-28 09:55:57,1015.9,761919
2021-05-28 09:55:58,1015.9,761919
2021-05-28 09:55:59,1015.8,761932
2021-05-28 09:56:00,1015.8,761987
2021-05-28 09:56:01,1015.4,762740
2021-05-28 09:56:02,1015.05,762990
2021-05-28 09:56:03,1015.05,762990
2021-05-28 09:56:04,1014.95,766588
2021-05-28 09:56:06,1014.55,766781
2021-05-28 09:56:07,1014.5,766936
2021-05-28 09:56:08,1014.7,766941
2021-05-28 09:56:09,1014.65,766944
2021-05-28 09:56:10,1014.65,766944
2021-05-28 09:56:11,1014.5,767065
2021-05-28 09:56:12,1014.5,767376
2021-05-28 09:56:13,1014.7,767477
2021-05-28 09:56:14,1014.7,767477
2021-05-28 09:56:15,1014.5,767836
2021-05-28 09:56:15,1014.5,767836
2021-05-28 09:56:16,1014.5,767836
2021-05-28 09:56:17,1014.5,767956
2021-05-28 09:56:18,1014.5,767957
2021-05-28 09:56:19,1014.5,768284
2021-05-28 09:56:21,1014.5,768339
2021-05-28 09:56:22,1014.7,768757
2021-05-28 09:56:23,1014.5,768764
2021-05-28 09:56:24,1014.5,768839
2021-05-28 09:56:25,1014.65,768949
2021-05-28 09:56:26,1014.5,769109
2021-05-28 09:56:27,1014.5,769109
2021-05-28 09:56:28,1014.5,769450
2021-05-28 09:56:29,1014.1,769776
2021-05-28 09:56:30,1014.1,769876
2021-05-28 09:56:31,1013.8,771921
2021-05-28 09:56:32,1013.85,772076
2021-05-28 09:56:34,1013.5,772446
2021-05-28 09:56:33,1014.0,772256
2021-05-28 09:56:35,1013.5,772521
2021-05-28 09:56:36,1013.5,772525
2021-05-28 09:56:37,1013.15,773498
2021-05-28 09:56:38,1013.15,773519
2021-05-28 09:56:39,1013.3,773920
2021-05-28 09:56:40,1013.0,776358
2021-05-28 09:56:41,1013.75,776585
2021-05-28 09:56:42,1013.35,776635
2021-05-28 09:56:42,1013.35,776739
2021-05-28 09:56:43,1013.35,776741
2021-05-28 09:56:44,1013.3,776856
2021-05-28 09:56:45,1013.5,776915
2021-05-28 09:56:46,1013.15,777040
2021-05-28 09:56:47,1013.5,777312
2021-05-28 09:56:48,1013.15,777338
2021-05-28 09:56:49,1013.0,778269
2021-05-28 09:56:50,1013.1,778280
2021-05-28 09:56:51,1013.1,778404
2021-05-28 09:56:53,1013.35,778510
2021-05-28 09:56:53,1013.35,778510
2021-05-28 09:56:54,1013.25,779520
2021-05-28 09:56:56,1014.0,780184
2021-05-28 09:56:57,1014.1,782267
2021-05-28 09:56:58,1014.0,782273
2021-05-28 09:56:59,1014.1,782418
2021-05-28 09:57:00,1014.0,782518
2021-05-28 09:57:01,1014.05,782521
2021-05-28 09:57:02,1014.0,782546
2021-05-28 09:57:03,1014.55,783085
2021-05-28 09:57:04,1014.45,783135
2021-05-28 09:57:05,1014.45,783165
2021-05-28 09:57:06,1014.6,783437
2021-05-28 09:57:08,1014.1,783457
2021-05-28 09:57:09,1014.1,783457
2021-05-28 09:57:10,1014.05,783758
2021-05-28 09:57:10,1014.05,783758
2021-05-28 09:57:11,1014.0,783773
2021-05-28 09:57:12,1014.0,783773
2021-05-28 09:57:14,1014.0,783813
2021-05-28 09:57:15,1014.0,783813
2021-05-28 09:57:16,1014.0,783946
2021-05-28 09:57:16,1014.0,783946
2021-05-28 09:57:17,1014.0,783951
2021-05-28 09:57:18,1014.05,783981
2021-05-28 09:57:19,1014.0,784082
2021-05-28 09:57:20,1013.95,785001
2021-05-28 09:57:21,1013.95,785001
2021-05-28 09:57:23,1013.95,785001
2021-05-28 09:57:24,1013.75,785374
2021-05-28 09:57:25,1013.5,785431
2021-05-28 09:57:26,1013.9,786516
2021-05-28 09:57:27,1013.9,786516
2021-05-28 09:57:28,1013.25,786616
2021-05-28 09:57:29,1013.2,786646
2021-05-28 09:57:29,1013.2,786646
2021-05-28 09:57:30,1013.0,786934
2021-05-28 09:57:31,1013.0,786984
2021-05-28 09:57:32,1013.0,786984
2021-05-28 09:57:34,1013.4,787608
2021-05-28 09:57:33,1013.4,787484
2021-05-28 09:57:35,1013.4,787658
2021-05-28 09:57:37,1013.0,787688
2021-05-28 09:57:38,1013.1,787769
2021-05-28 09:57:39,1013.1,788073
2021-05-28 09:57:40,1013.1,788287
2021-05-28 09:57:40,1013.1,788287
2021-05-28 09:57:41,1012.8,795136
2021-05-28 09:57:43,1012.5,795550
2021-05-28 09:57:44,1012.85,796575
2021-05-28 09:57:44,1012.85,796575
2021-05-28 09:57:45,1012.85,796575
2021-05-28 09:57:46,1012.5,796625
2021-05-28 09:57:47,1012.75,796769
2021-05-28 09:57:48,1012.75,796769
2021-05-28 09:57:49,1012.5,796921
2021-05-28 09:57:51,1012.5,797121
2021-05-28 09:57:52,1012.5,797169
2021-05-28 09:57:52,1012.5,797169
2021-05-28 09:57:53,1012.6,797239
2021-05-28 09:57:54,1012.5,797324
2021-05-28 09:57:55,1012.7,797346
2021-05-28 09:57:56,1012.6,797450
2021-05-28 09:57:57,1012.0,798863
2021-05-28 09:57:58,1012.15,798888
2021-05-28 09:58:00,1012.2,799311
2021-05-28 09:58:01,1012.6,800364
2021-05-28 09:58:02,1012.55,800444
2021-05-28 09:58:03,1012.55,800646
2021-05-28 09:58:04,1012.6,801325
2021-05-28 09:58:05,1013.35,802083
2021-05-28 09:58:06,1012.65,802513
2021-05-28 09:58:07,1012.85,802567
2021-05-28 09:58:08,1012.85,802667
2021-05-28 09:58:09,1012.6,802693
2021-05-28 09:58:10,1012.6,802698
2021-05-28 09:58:11,1012.5,802699
2021-05-28 09:58:13,1012.5,802890
2021-05-28 09:58:13,1012.75,802830
2021-05-28 09:58:14,1012.5,803010
2021-05-28 09:58:15,1012.85,803210
2021-05-28 09:58:16,1012.85,803210
2021-05-28 09:58:17,1012.5,803215
2021-05-28 09:58:18,1012.9,803330
2021-05-28 09:58:19,1012.55,803380
2021-05-28 09:58:20,1012.95,803385
2021-05-28 09:58:21,1012.8,803535
2021-05-28 09:58:23,1013.1,803550
2021-05-28 09:58:24,1013.35,804565
2021-05-28 09:58:25,1013.0,804725
2021-05-28 09:58:26,1013.35,804850
2021-05-28 09:58:27,1013.35,804850
2021-05-28 09:58:28,1013.4,804885
2021-05-28 09:58:29,1013.0,806735
2021-05-28 09:58:30,1013.45,806988
2021-05-28 09:58:31,1013.2,807157
2021-05-28 09:58:32,1013.2,807157
2021-05-28 09:58:32,1013.2,807157
2021-05-28 09:58:33,1013.5,807217
2021-05-28 09:58:35,1013.45,807290
2021-05-28 09:58:36,1013.4,807310
2021-05-28 09:58:37,1013.95,807710
2021-05-28 09:58:38,1013.95,807710
2021-05-28 09:58:39,1013.95,807710
2021-05-28 09:58:40,1013.9,808553
2021-05-28 09:58:41,1013.75,809248
2021-05-28 09:58:42,1013.75,809329
2021-05-28 09:58:43,1014.05,809645
2021-05-28 09:58:44,1013.75,809655
2021-05-28 09:58:45,1013.95,809659
2021-05-28 09:58:46,1013.8,809759
2021-05-28 09:58:48,1013.8,809763
2021-05-28 09:58:49,1014.05,810030
2021-05-28 09:58:50,1013.9,810215
2021-05-28 09:58:51,1014.4,810719
2021-05-28 09:58:52,1014.1,810724
2021-05-28 09:58:53,1014.1,810724
2021-05-28 09:58:54,1013.65,810769
2021-05-28 09:58:55,1013.6,810793
2021-05-28 09:58:56,1014.05,811193
2021-05-28 09:58:56,1013.6,811198
2021-05-28 09:58:57,1013.6,811328
2021-05-28 09:58:58,1013.6,811328
2021-05-28 09:59:00,1013.6,811328
2021-05-28 09:59:01,1013.6,811328
2021-05-28 09:59:02,1013.65,811353
2021-05-28 09:59:04,1013.65,811353
2021-05-28 09:59:05,1013.95,811428
2021-05-28 09:59:06,1013.8,812458
2021-05-28 09:59:07,1013.9,812702
2021-05-28 09:59:08,1013.6,812707
2021-05-28 09:59:09,1013.85,813707
2021-05-28 09:59:09,1013.85,813707
2021-05-28 09:59:10,1013.85,813707
2021-05-28 09:59:11,1013.85,813707
2021-05-28 09:59:12,1013.65,813907
2021-05-28 09:59:13,1013.65,813967
2021-05-28 09:59:15,1013.95,814467
2021-05-28 09:59:16,1013.95,814467
2021-05-28 09:59:17,1013.6,814515
2021-05-28 09:59:18,1013.65,814704
2021-05-28 09:59:19,1013.6,814711
2021-05-28 09:59:20,1013.6,814712
2021-05-28 09:59:20,1013.6,815840
2021-05-28 09:59:21,1013.6,815944
2021-05-28 09:59:22,1013.3,816000
2021-05-28 09:59:23,1013.3,816000
2021-05-28 09:59:24,1013.3,816000
2021-05-28 09:59:25,1013.5,816689
2021-05-28 09:59:26,1013.45,816694
2021-05-28 09:59:27,1013.45,816694
2021-05-28 09:59:29,1013.25,817794
2021-05-28 09:59:30,1013.6,817926
2021-05-28 09:59:31,1013.45,817931
2021-05-28 09:59:32,1013.0,817981
2021-05-28 09:59:33,1013.5,818081
2021-05-28 09:59:34,1013.5,818081
2021-05-28 09:59:35,1013.5,818081
2021-05-28 09:59:36,1013.5,818081
2021-05-28 09:59:37,1013.5,818081
2021-05-28 09:59:38,1013.5,818081
2021-05-28 09:59:38,1013.5,818081
2021-05-28 09:59:39,1013.25,818181
2021-05-28 09:59:40,1013.25,818236
2021-05-28 09:59:42,1013.25,818986
2021-05-28 09:59:43,1013.0,819036
2021-05-28 09:59:44,1013.0,819111
2021-05-28 09:59:44,1013.0,819131
2021-05-28 09:59:45,1013.0,819136
2021-05-28 09:59:46,1013.3,819236
2021-05-28 09:59:48,1013.2,819346
2021-05-28 09:59:49,1013.2,819346
2021-05-28 09:59:50,1013.0,819446
2021-05-28 09:59:51,1013.0,820802
2021-05-28 09:59:52,1012.5,821532
2021-05-28 09:59:53,1012.3,824032
2021-05-28 09:59:54,1012.55,824040
2021-05-28 09:59:55,1012.55,824040
2021-05-28 09:59:56,1012.35,824221
2021-05-28 09:59:57,1012.8,824231
2021-05-28 09:59:58,1012.8,824231
2021-05-28 09:59:59,1012.3,824233
2021-05-28 10:00:00,1012.45,824406
2021-05-28 10:00:01,1012.45,824656
2021-05-28 10:00:02,1012.35,824729
2021-05-28 10:00:03,1012.2,824732
2021-05-28 10:00:04,1012.2,824744
2021-05-28 10:00:04,1012.4,824749
2021-05-28 10:00:06,1012.4,831625
2021-05-28 10:00:07,1012.5,832195
2021-05-28 10:00:07,1012.5,832195
2021-05-28 10:00:08,1012.75,832270
2021-05-28 10:00:09,1012.4,832347
2021-05-28 10:00:10,1012.7,832352
2021-05-28 10:00:11,1012.25,832420
2021-05-28 10:00:12,1012.5,832540
2021-05-28 10:00:13,1012.25,832655
2021-05-28 10:00:15,1012.45,832960
2021-05-28 10:00:16,1012.5,833433
2021-05-28 10:00:16,1012.5,833433
2021-05-28 10:00:18,1012.7,833793
2021-05-28 10:00:19,1012.6,833893
2021-05-28 10:00:20,1012.55,833907
2021-05-28 10:00:21,1012.25,835343
2021-05-28 10:00:23,1012.25,835343
2021-05-28 10:00:24,1012.5,835892
2021-05-28 10:00:25,1012.5,835893
2021-05-28 10:00:26,1012.5,836003
2021-05-28 10:00:27,1012.55,836163
2021-05-28 10:00:28,1012.55,836163
2021-05-28 10:00:29,1012.5,836369
2021-05-28 10:00:30,1012.5,836369
2021-05-28 10:00:31,1012.5,836369
2021-05-28 10:00:31,1012.5,836369
2021-05-28 10:00:33,1012.55,836970
2021-05-28 10:00:34,1012.25,837114
2021-05-28 10:00:35,1012.5,837126
2021-05-28 10:00:36,1012.25,837143
2021-05-28 10:00:36,1012.25,837143
2021-05-28 10:00:37,1012.25,837332
2021-05-28 10:00:38,1012.0,837497
2021-05-28 10:00:39,1012.0,837497
2021-05-28 10:00:41,1012.45,837598
2021-05-28 10:00:42,1012.45,837617
2021-05-28 10:00:43,1012.45,837617
2021-05-28 10:00:44,1012.15,837647
2021-05-28 10:00:44,1012.45,837617
2021-05-28 10:00:46,1012.15,837952
2021-05-28 10:00:46,1012.2,837932
2021-05-28 10:00:48,1012.1,838292
2021-05-28 10:00:49,1012.1,838292
2021-05-28 10:00:50,1012.1,838312
2021-05-28 10:00:51,1012.1,838337
2021-05-28 10:00:51,1012.1,838312
2021-05-28 10:00:52,1012.35,838362
2021-05-28 10:00:53,1012.25,838472
2021-05-28 10:00:54,1012.25,838482
2021-05-28 10:00:55,1012.25,838512
2021-05-28 10:00:56,1012.25,838512
2021-05-28 10:00:57,1012.25,838612
2021-05-28 10:00:58,1012.25,838612
2021-05-28 10:00:59,1012.5,838662
2021-05-28 10:01:01,1012.3,838702
2021-05-28 10:01:02,1012.5,838744
2021-05-28 10:01:02,1012.5,838744
2021-05-28 10:01:04,1012.25,838957
2021-05-28 10:01:05,1012.25,839025
2021-05-28 10:01:05,1012.25,838988
2021-05-28 10:01:06,1012.25,839025
2021-05-28 10:01:07,1012.25,839030
2021-05-28 10:01:08,1012.25,839055
2021-05-28 10:01:10,1012.25,839139
2021-05-28 10:01:11,1012.25,839139
2021-05-28 10:01:12,1012.4,839149
2021-05-28 10:01:12,1012.5,839159
2021-05-28 10:01:14,1012.45,839365
2021-05-28 10:01:15,1012.45,839365
2021-05-28 10:01:16,1012.45,839365
2021-05-28 10:01:17,1012.45,839368
2021-05-28 10:01:17,1012.45,839368
2021-05-28 10:01:19,1012.95,840404
2021-05-28 10:01:20,1012.5,840444
2021-05-28 10:01:22,1012.5,840574
2021-05-28 10:01:23,1012.8,840654
2021-05-28 10:01:23,1012.8,840654
2021-05-28 10:01:24,1012.8,840703
2021-05-28 10:01:26,1012.8,840817
2021-05-28 10:01:27,1012.85,840918
2021-05-28 10:01:28,1013.05,841928
2021-05-28 10:01:28,1012.9,840928
2021-05-28 10:01:29,1013.05,841928
2021-05-28 10:01:31,1012.5,841938
2021-05-28 10:01:32,1012.5,841938
2021-05-28 10:01:33,1012.5,841938
2021-05-28 10:01:34,1012.9,842079
2021-05-28 10:01:36,1012.6,842091
2021-05-28 10:01:37,1012.6,842091
2021-05-28 10:01:38,1012.6,842091
2021-05-28 10:01:38,1012.6,842091
2021-05-28 10:01:39,1012.6,842097
2021-05-28 10:01:41,1012.45,843289
2021-05-28 10:01:42,1012.5,843549
2021-05-28 10:01:44,1012.5,843549
2021-05-28 10:01:45,1012.5,843549
2021-05-28 10:01:46,1012.55,843550
2021-05-28 10:01:46,1012.55,843550
2021-05-28 10:01:47,1013.1,843600
2021-05-28 10:01:48,1013.1,843600
2021-05-28 10:01:49,1013.1,843600
2021-05-28 10:01:50,1013.1,843645
2021-05-28 10:01:52,1013.4,843853
2021-05-28 10:01:53,1013.5,843954
2021-05-28 10:01:54,1013.5,843954
2021-05-28 10:01:55,1013.1,843984
2021-05-28 10:01:55,1013.1,843984
2021-05-28 10:01:56,1013.1,843984
2021-05-28 10:01:57,1013.5,844009
2021-05-28 10:01:59,1013.6,844044
2021-05-28 10:01:59,1013.6,844044
2021-05-28 10:02:00,1013.6,844044
2021-05-28 10:02:01,1013.25,844594
2021-05-28 10:02:02,1013.25,844594
2021-05-28 10:02:04,1013.7,844607
2021-05-28 10:02:05,1013.8,844675
2021-05-28 10:02:06,1013.9,844726
2021-05-28 10:02:07,1014.0,845201
2021-05-28 10:02:08,1013.7,845241
2021-05-28 10:02:09,1013.9,845272
2021-05-28 10:02:09,1014.0,845282
2021-05-28 10:02:10,1014.0,845282
2021-05-28 10:02:11,1013.9,845333
2021-05-28 10:02:13,1013.05,850442
2021-05-28 10:02:14,1012.75,850712
2021-05-28 10:02:15,1012.75,850712
2021-05-28 10:02:16,1012.75,850712
2021-05-28 10:02:17,1012.75,850712
2021-05-28 10:02:18,1012.55,850787
2021-05-28 10:02:19,1012.55,850787
2021-05-28 10:02:20,1012.3,851142
2021-05-28 10:02:21,1012.3,851142
2021-05-28 10:02:21,1012.65,851177
2021-05-28 10:02:22,1012.65,851177
2021-05-28 10:02:24,1012.35,851231
2021-05-28 10:02:25,1012.35,851231
2021-05-28 10:02:25,1012.35,851231
2021-05-28 10:02:26,1012.35,851241
2021-05-28 10:02:27,1012.35,851241
2021-05-28 10:02:28,1012.4,851262
2021-05-28 10:02:29,1012.55,851304
2021-05-28 10:02:31,1012.55,851304
2021-05-28 10:02:32,1012.55,851304
2021-05-28 10:02:33,1012.55,851304
2021-05-28 10:02:34,1012.55,851314
2021-05-28 10:02:35,1012.55,851314
2021-05-28 10:02:36,1012.55,851346
2021-05-28 10:02:37,1012.35,851373
2021-05-28 10:02:37,1012.35,851373
2021-05-28 10:02:38,1012.6,851485
2021-05-28 10:02:40,1012.6,851485
2021-05-28 10:02:41,1012.5,851555
2021-05-28 10:02:42,1012.55,851633
2021-05-28 10:02:43,1012.55,851633
2021-05-28 10:02:43,1012.55,851633
2021-05-28 10:02:44,1012.6,851733
2021-05-28 10:02:46,1012.55,852593
2021-05-28 10:02:47,1012.7,852893
2021-05-28 10:02:48,1012.5,852923
2021-05-28 10:02:49,1012.5,853045
2021-05-28 10:02:49,1012.5,853048
2021-05-28 10:02:50,1012.5,853061
2021-05-28 10:02:52,1012.45,853310
2021-05-28 10:02:53,1012.35,853489
2021-05-28 10:02:54,1012.45,853509
2021-05-28 10:02:54,1012.25,854184
2021-05-28 10:02:55,1012.1,857884
2021-05-28 10:02:57,1012.1,857904
2021-05-28 10:02:58,1012.2,858277
2021-05-28 10:02:59,1012.25,858409
2021-05-28 10:03:00,1012.25,858542
2021-05-28 10:03:01,1012.05,860038
2021-05-28 10:03:01,1012.05,860038
2021-05-28 10:03:02,1012.05,861048
2021-05-28 10:03:04,1012.0,863649
2021-05-28 10:03:05,1012.0,863801
2021-05-28 10:03:06,1012.2,863851
2021-05-28 10:03:07,1012.2,863851
2021-05-28 10:03:08,1011.4,869883
2021-05-28 10:03:08,1011.35,869888
2021-05-28 10:03:09,1011.3,869927
2021-05-28 10:03:11,1011.3,869927
2021-05-28 10:03:12,1011.5,869996
2021-05-28 10:03:13,1011.45,870065
2021-05-28 10:03:13,1011.45,870065
2021-05-28 10:03:14,1011.4,870081
2021-05-28 10:03:15,1011.3,870101
2021-05-28 10:03:17,1011.5,870201
2021-05-28 10:03:18,1011.3,870462
2021-05-28 10:03:19,1011.7,871322
2021-05-28 10:03:19,1011.7,871322
2021-05-28 10:03:21,1011.0,872704
2021-05-28 10:03:21,1011.5,872724
2021-05-28 10:03:22,1011.35,872832
2021-05-28 10:03:24,1011.3,872862
2021-05-28 10:03:25,1011.3,872897
2021-05-28 10:03:26,1011.4,872898
2021-05-28 10:03:27,1011.3,873048
2021-05-28 10:03:27,1011.3,873048
2021-05-28 10:03:28,1011.0,874048
2021-05-28 10:03:29,1011.3,874258
2021-05-28 10:03:31,1011.35,874297
2021-05-28 10:03:32,1011.35,874297
2021-05-28 10:03:33,1011.3,874314
2021-05-28 10:03:34,1011.5,874788
2021-05-28 10:03:35,1011.5,874788
2021-05-28 10:03:36,1011.5,875156
2021-05-28 10:03:37,1011.55,875792
2021-05-28 10:03:38,1011.85,877052
2021-05-28 10:03:39,1011.85,877052
2021-05-28 10:03:41,1011.85,877052
2021-05-28 10:03:42,1011.6,877067
2021-05-28 10:03:43,1011.6,877067
2021-05-28 10:03:44,1011.85,877178
2021-05-28 10:03:44,1011.6,877198
2021-05-28 10:03:46,1011.9,877749
2021-05-28 10:03:47,1011.55,878375
2021-05-28 10:03:48,1012.0,878921
2021-05-28 10:03:49,1012.0,878947
2021-05-28 10:03:50,1012.0,879047
2021-05-28 10:03:51,1011.9,879117
2021-05-28 10:03:51,1011.9,879117
2021-05-28 10:03:53,1011.95,879247
2021-05-28 10:03:54,1012.0,879347
2021-05-28 10:03:55,1011.9,879413
2021-05-28 10:03:56,1011.9,879413
2021-05-28 10:03:57,1011.4,879828
2021-05-28 10:03:58,1012.2,880711
2021-05-28 10:03:59,1012.2,881041
2021-05-28 10:03:59,1011.8,880941
2021-05-28 10:04:01,1012.0,881146
2021-05-28 10:04:02,1012.0,881146
2021-05-28 10:04:03,1011.85,881277
2021-05-28 10:04:04,1011.65,881312
2021-05-28 10:04:04,1011.65,881312
2021-05-28 10:04:06,1011.2,881463
2021-05-28 10:04:07,1011.2,881463
2021-05-28 10:04:08,1011.2,881523
2021-05-28 10:04:09,1011.65,881565
2021-05-28 10:04:10,1011.65,881565
2021-05-28 10:04:10,1011.65,881565
2021-05-28 10:04:12,1011.6,881630
2021-05-28 10:04:13,1011.15,881734
2021-05-28 10:04:14,1011.55,881744
2021-05-28 10:04:15,1011.2,881764
2021-05-28 10:04:16,1011.65,881964
2021-05-28 10:04:17,1011.1,882604
2021-05-28 10:04:17,1011.1,882604
2021-05-28 10:04:19,1011.2,882669
2021-05-28 10:04:20,1011.65,882816
2021-05-28 10:04:21,1011.0,883750
2021-05-28 10:04:22,1011.05,883815
2021-05-28 10:04:23,1011.05,883970
2021-05-28 10:04:23,1011.05,883970
2021-05-28 10:04:25,1011.05,883970
2021-05-28 10:04:26,1011.5,884157
2021-05-28 10:04:27,1011.25,884303
2021-05-28 10:04:28,1011.25,884303
2021-05-28 10:04:29,1011.25,884325
2021-05-28 10:04:30,1011.5,884327
2021-05-28 10:04:31,1011.5,884327
2021-05-28 10:04:32,1011.6,885040
2021-05-28 10:04:33,1011.45,885049
2021-05-28 10:04:35,1011.15,885169
2021-05-28 10:04:36,1011.5,885293
2021-05-28 10:04:37,1011.05,885448
2021-05-28 10:04:38,1011.35,885449
2021-05-28 10:04:39,1011.25,885559
2021-05-28 10:04:39,1011.25,885559
2021-05-28 10:04:41,1011.25,885559
2021-05-28 10:04:42,1011.25,885559
2021-05-28 10:04:43,1011.35,885959
2021-05-28 10:04:44,1011.05,886259
2021-05-28 10:04:45,1011.05,886259
2021-05-28 10:04:46,1011.25,886759
2021-05-28 10:04:46,1011.25,886760
