timestamp,ltp,volume
2021-05-28 09:15:17,229.6,46450
2021-05-28 09:15:17,229.6,46450
2021-05-28 09:15:18,229.6,46599
2021-05-28 09:15:19,229.85,46729
2021-05-28 09:15:20,229.6,46917
2021-05-28 09:15:21,229.4,49928
2021-05-28 09:15:22,229.2,50181
2021-05-28 09:15:23,229.35,50592
2021-05-28 09:15:24,229.2,51572
2021-05-28 09:15:25,229.3,51702
2021-05-28 09:15:26,229.2,51858
2021-05-28 09:15:27,229.15,52981
2021-05-28 09:15:28,229.2,53257
2021-05-28 09:15:29,229.2,58416
2021-05-28 09:15:30,229.25,61643
2021-05-28 09:15:31,229.2,62183
2021-05-28 09:15:32,229.2,62888
2021-05-28 09:15:33,229.3,67640
2021-05-28 09:15:34,229.15,67949
2021-05-28 09:15:35,229.35,69688
2021-05-28 09:15:36,229.1,70785
2021-05-28 09:15:37,229.2,71893
2021-05-28 09:15:38,229.15,72539
2021-05-28 09:15:39,229.2,72850
2021-05-28 09:15:40,229.2,73573
2021-05-28 09:15:41,229.25,73903
2021-05-28 09:15:42,229.25,74046
2021-05-28 09:15:44,229.25,74556
2021-05-28 09:15:46,229.25,75775
2021-05-28 09:15:47,229.3,75871
2021-05-28 09:15:48,229.15,76671
2021-05-28 09:15:49,229.1,78017
2021-05-28 09:15:51,229.0,79735
2021-05-28 09:15:52,229.05,80477
2021-05-28 09:15:53,228.95,81181
2021-05-28 09:15:54,229.0,83833
2021-05-28 09:15:55,229.0,88976
2021-05-28 09:15:56,229.15,89633
2021-05-28 09:15:57,229.15,89840
2021-05-28 09:15:58,229.15,89879
2021-05-28 09:15:59,229.05,90039
2021-05-28 09:16:01,229.0,93126
2021-05-28 09:16:02,229.15,93202
2021-05-28 09:16:05,229.25,95245
2021-05-28 09:16:06,229.25,96223
2021-05-28 09:16:07,229.05,96936
2021-05-28 09:16:08,229.15,99107
2021-05-28 09:16:08,229.15,99107
2021-05-28 09:16:10,229.2,99572
2021-05-28 09:16:11,229.2,99589
2021-05-28 09:16:12,229.1,99743
2021-05-28 09:16:13,229.15,99841
2021-05-28 09:16:14,229.15,100219
2021-05-28 09:16:15,229.15,100219
2021-05-28 09:16:16,229.2,100255
2021-05-28 09:16:16,229.1,100256
2021-05-28 09:16:17,229.2,100456
2021-05-28 09:16:18,229.25,101729
2021-05-28 09:16:19,229.15,106041
2021-05-28 09:16:21,229.25,106906
2021-05-28 09:16:22,229.4,110733
2021-05-28 09:16:23,229.6,114104
2021-05-28 09:16:23,229.45,114148
2021-05-28 09:16:24,229.75,114248
2021-05-28 09:16:25,229.8,116231
2021-05-28 09:16:26,229.55,116611
2021-05-28 09:16:27,229.7,117951
2021-05-28 09:16:29,229.65,118092
2021-05-28 09:16:30,229.75,120092
2021-05-28 09:16:31,229.65,121926
2021-05-28 09:16:32,229.75,122013
2021-05-28 09:16:33,229.75,122519
2021-05-28 09:16:33,229.75,122532
2021-05-28 09:16:34,229.75,122620
2021-05-28 09:16:35,229.75,124403
2021-05-28 09:16:37,229.8,124587
2021-05-28 09:16:38,229.8,124587
2021-05-28 09:16:39,229.8,124634
2021-05-28 09:16:40,229.8,124663
2021-05-28 09:16:41,229.8,124685
2021-05-28 09:16:42,229.7,125085
2021-05-28 09:16:43,229.8,125200
2021-05-28 09:16:44,229.8,125563
2021-05-28 09:16:45,229.8,125934
2021-05-28 09:16:46,229.65,126399
2021-05-28 09:16:46,229.65,126399
2021-05-28 09:16:47,229.45,130601
2021-05-28 09:16:48,229.6,131106
2021-05-28 09:16:49,229.4,131687
2021-05-28 09:16:51,229.55,132097
2021-05-28 09:16:52,229.55,132115
2021-05-28 09:16:53,229.35,132503
2021-05-28 09:16:54,229.5,132586
2021-05-28 09:16:55,229.5,132874
2021-05-28 09:16:56,229.3,132945
2021-05-28 09:16:57,229.5,133235
2021-05-28 09:16:58,229.5,134117
2021-05-28 09:16:58,229.5,134117
2021-05-28 09:17:00,229.3,134500
2021-05-28 09:17:01,229.45,135557
2021-05-28 09:17:02,229.25,136102
2021-05-28 09:17:03,229.45,136586
2021-05-28 09:17:04,229.45,136657
2021-05-28 09:17:05,229.3,136736
2021-05-28 09:17:06,229.5,136738
2021-05-28 09:17:07,229.5,137342
2021-05-28 09:17:08,229.5,138442
2021-05-28 09:17:09,229.5,138544
2021-05-28 09:17:10,229.3,138685
2021-05-28 09:17:10,229.3,138685
2021-05-28 09:17:12,229.3,138685
2021-05-28 09:17:13,229.3,138685
2021-05-28 09:17:14,229.5,138709
2021-05-28 09:17:15,229.5,138709
2021-05-28 09:17:16,229.5,138786
2021-05-28 09:17:17,229.3,140296
2021-05-28 09:17:18,229.3,140296
2021-05-28 09:17:19,229.3,140296
2021-05-28 09:17:20,229.5,141415
2021-05-28 09:17:21,229.5,141415
2021-05-28 09:17:21,229.5,141415
2021-05-28 09:17:23,229.35,142028
2021-05-28 09:17:24,229.5,142357
2021-05-28 09:17:24,229.5,142357
2021-05-28 09:17:25,229.5,142357
2021-05-28 09:17:26,229.5,142775
2021-05-28 09:17:27,229.5,142883
2021-05-28 09:17:28,229.5,142885
2021-05-28 09:17:29,229.5,142920
2021-05-28 09:17:31,229.3,143409
2021-05-28 09:17:32,229.3,143409
2021-05-28 09:17:33,229.5,143457
2021-05-28 09:17:34,229.5,143577
2021-05-28 09:17:35,229.5,144079
2021-05-28 09:17:36,229.5,144490
2021-05-28 09:17:37,229.5,144558
2021-05-28 09:17:37,229.5,144558
2021-05-28 09:17:38,229.5,144662
2021-05-28 09:17:39,229.5,144677
2021-05-28 09:17:40,229.5,144939
2021-05-28 09:17:41,229.5,145181
2021-05-28 09:17:42,229.4,145998
2021-05-28 09:17:44,229.5,147068
2021-05-28 09:17:45,229.5,147358
2021-05-28 09:17:46,229.5,147364
2021-05-28 09:17:47,229.5,147382
2021-05-28 09:17:48,229.5,147382
2021-05-28 09:17:49,229.5,147383
2021-05-28 09:17:50,229.5,147936
2021-05-28 09:17:52,229.5,147984
2021-05-28 09:17:53,229.4,147997
2021-05-28 09:17:54,229.5,148197
2021-05-28 09:17:55,229.4,148315
2021-05-28 09:17:56,229.5,148468
2021-05-28 09:17:57,229.5,148485
2021-05-28 09:17:57,229.5,148485
2021-05-28 09:17:59,229.4,148590
2021-05-28 09:17:59,229.4,148590
2021-05-28 09:18:00,229.5,149519
2021-05-28 09:18:01,229.5,152921
2021-05-28 09:18:02,229.5,152921
2021-05-28 09:18:03,229.4,152922
2021-05-28 09:18:04,229.5,153212
2021-05-28 09:18:05,229.35,159667
2021-05-28 09:18:06,229.45,159739
2021-05-28 09:18:08,229.45,159938
2021-05-28 09:18:09,229.45,159938
2021-05-28 09:18:10,229.45,159938
2021-05-28 09:18:11,229.45,159938
2021-05-28 09:18:12,229.4,159991
2021-05-28 09:18:13,229.3,160161
2021-05-28 09:18:14,229.3,160161
2021-05-28 09:18:15,229.3,160324
2021-05-28 09:18:16,229.45,162429
2021-05-28 09:18:17,229.45,162523
2021-05-28 09:18:18,229.3,162572
2021-05-28 09:18:20,229.5,164772
2021-05-28 09:18:20,229.3,165172
2021-05-28 09:18:21,229.45,165490
2021-05-28 09:18:23,229.45,165491
2021-05-28 09:18:24,229.3,165691
2021-05-28 09:18:25,229.3,165702
2021-05-28 09:18:26,229.3,165818
2021-05-28 09:18:27,229.3,165918
2021-05-28 09:18:29,229.3,169928
2021-05-28 09:18:30,229.25,170866
2021-05-28 09:18:31,229.3,171886
2021-05-28 09:18:32,229.3,171886
2021-05-28 09:18:33,229.25,171966
2021-05-28 09:18:34,229.2,172086
2021-05-28 09:18:35,229.2,172086
2021-05-28 09:18:36,229.2,172086
2021-05-28 09:18:37,229.3,173786
2021-05-28 09:18:38,229.2,173936
2021-05-28 09:18:39,229.2,173936
2021-05-28 09:18:40,229.4,174253
2021-05-28 09:18:42,229.4,176158
2021-05-28 09:18:43,229.4,176158
2021-05-28 09:18:44,229.4,176158
2021-05-28 09:18:44,229.45,177867
2021-05-28 09:18:45,229.45,178917
2021-05-28 09:18:46,229.45,178917
2021-05-28 09:18:47,229.45,180618
2021-05-28 09:18:48,229.4,180818
2021-05-28 09:18:49,229.4,180818
2021-05-28 09:18:51,229.4,180853
2021-05-28 09:18:52,229.4,180853
2021-05-28 09:18:53,229.4,180853
2021-05-28 09:18:54,229.3,181078
2021-05-28 09:18:55,229.4,181238
2021-05-28 09:18:56,229.4,181242
2021-05-28 09:18:56,229.4,181242
2021-05-28 09:18:58,229.4,181292
2021-05-28 09:18:59,229.4,181337
2021-05-28 09:19:00,229.3,181744
2021-05-28 09:19:01,229.4,182954
2021-05-28 09:19:01,229.4,182954
2021-05-28 09:19:02,229.4,183104
2021-05-28 09:19:03,229.4,183104
2021-05-28 09:19:04,229.3,183167
2021-05-28 09:19:05,229.3,183242
2021-05-28 09:19:06,229.3,183278
2021-05-28 09:19:08,229.4,184472
2021-05-28 09:19:09,229.4,184472
2021-05-28 09:19:10,229.4,184472
2021-05-28 09:19:11,229.4,184472
2021-05-28 09:19:12,229.3,184474
2021-05-28 09:19:13,229.3,184474
2021-05-28 09:19:14,229.4,185503
2021-05-28 09:19:15,229.45,185923
2021-05-28 09:19:16,229.45,185923
2021-05-28 09:19:17,229.3,186024
2021-05-28 09:19:18,229.4,186034
2021-05-28 09:19:19,229.45,186361
2021-05-28 09:19:20,229.4,187377
2021-05-28 09:19:21,229.4,187377
2021-05-28 09:19:21,229.4,187377
2021-05-28 09:19:22,229.4,187377
2021-05-28 09:19:24,229.4,187377
2021-05-28 09:19:25,229.4,187377
2021-05-28 09:19:25,229.4,187377
2021-05-28 09:19:26,229.4,187377
2021-05-28 09:19:27,229.4,187377
2021-05-28 09:19:28,229.4,187797
2021-05-28 09:19:29,229.4,187797
2021-05-28 09:19:31,229.35,187821
2021-05-28 09:19:31,229.35,187821
2021-05-28 09:19:32,229.35,187831
2021-05-28 09:19:33,229.45,188251
2021-05-28 09:19:34,229.3,189251
2021-05-28 09:19:35,229.45,189503
2021-05-28 09:19:36,229.45,189503
2021-05-28 09:19:37,229.45,189503
2021-05-28 09:19:38,229.45,190069
2021-05-28 09:19:39,229.45,190069
2021-05-28 09:19:40,229.4,190279
2021-05-28 09:19:42,229.4,190281
2021-05-28 09:19:42,229.4,190331
2021-05-28 09:19:44,229.4,190541
2021-05-28 09:19:45,229.3,190742
2021-05-28 09:19:46,229.45,190942
2021-05-28 09:19:47,229.45,190942
2021-05-28 09:19:48,229.45,191142
2021-05-28 09:19:49,229.35,193538
2021-05-28 09:19:50,229.35,193579
2021-05-28 09:19:51,229.55,201174
2021-05-28 09:19:52,229.7,212872
2021-05-28 09:19:52,229.65,213192
2021-05-28 09:19:53,229.65,213197
2021-05-28 09:19:54,229.6,213720
2021-05-28 09:19:56,229.5,213722
2021-05-28 09:19:57,229.6,214072
2021-05-28 09:19:58,229.65,220597
2021-05-28 09:19:58,229.65,220597
2021-05-28 09:19:59,229.7,220737
2021-05-28 09:20:00,229.8,223136
2021-05-28 09:20:01,229.75,223216
2021-05-28 09:20:02,229.75,223216
2021-05-28 09:20:03,229.9,223346
2021-05-28 09:20:04,229.75,223380
2021-05-28 09:20:05,229.9,223400
2021-05-28 09:20:07,229.75,223863
2021-05-28 09:20:08,229.75,223881
2021-05-28 09:20:09,229.75,223884
2021-05-28 09:20:10,229.6,225204
2021-05-28 09:20:10,229.6,225204
2021-05-28 09:20:12,229.5,239172
2021-05-28 09:20:13,229.5,239172
2021-05-28 09:20:14,229.5,239192
2021-05-28 09:20:15,229.3,242335
2021-05-28 09:20:16,229.45,242488
2021-05-28 09:20:17,229.45,242488
2021-05-28 09:20:18,229.3,243341
2021-05-28 09:20:18,229.3,243341
2021-05-28 09:20:19,229.05,252575
2021-05-28 09:20:20,229.0,262569
2021-05-28 09:20:21,228.95,262886
2021-05-28 09:20:22,229.05,262959
2021-05-28 09:20:23,229.05,262959
2021-05-28 09:20:24,228.85,264707
2021-05-28 09:20:25,229.05,265757
2021-05-28 09:20:26,229.05,265777
2021-05-28 09:20:28,228.8,268958
2021-05-28 09:20:29,228.85,271268
2021-05-28 09:20:30,228.7,272627
2021-05-28 09:20:31,228.7,272627
2021-05-28 09:20:32,228.7,272627
2021-05-28 09:20:33,228.7,272628
2021-05-28 09:20:34,228.7,273138
2021-05-28 09:20:35,228.7,273988
2021-05-28 09:20:36,228.9,274305
2021-05-28 09:20:37,228.9,274305
2021-05-28 09:20:38,228.7,274321
2021-05-28 09:20:39,228.7,274321
2021-05-28 09:20:40,228.9,275221
2021-05-28 09:20:40,228.9,275221
2021-05-28 09:20:41,228.85,275456
2021-05-28 09:20:42,228.95,277525
2021-05-28 09:20:44,228.95,277775
2021-05-28 09:20:45,228.95,277775
2021-05-28 09:20:45,229.1,277863
2021-05-28 09:20:46,229.1,277863
2021-05-28 09:20:48,228.9,279411
2021-05-28 09:20:49,229.1,281936
2021-05-28 09:20:50,228.95,281937
2021-05-28 09:20:51,229.1,282137
2021-05-28 09:20:51,228.95,281937
2021-05-28 09:20:52,229.1,282137
2021-05-28 09:20:53,229.0,282147
2021-05-28 09:20:54,228.9,284637
2021-05-28 09:20:55,229.1,284954
2021-05-28 09:20:57,229.1,284954
2021-05-28 09:20:58,229.0,285459
2021-05-28 09:20:59,229.0,285459
2021-05-28 09:21:00,229.0,285547
2021-05-28 09:21:01,229.0,287881
2021-05-28 09:21:02,229.0,287881
2021-05-28 09:21:02,229.0,287881
2021-05-28 09:21:03,228.85,292129
2021-05-28 09:21:04,228.7,292401
2021-05-28 09:21:05,228.5,296619
2021-05-28 09:21:06,228.75,297669
2021-05-28 09:21:07,228.75,297694
2021-05-28 09:21:08,228.55,297735
2021-05-28 09:21:09,228.75,297890
2021-05-28 09:21:10,228.75,297890
2021-05-28 09:21:12,228.55,298162
2021-05-28 09:21:13,228.75,298572
2021-05-28 09:21:14,228.8,299623
2021-05-28 09:21:14,228.8,299623
2021-05-28 09:21:16,228.7,300990
2021-05-28 09:21:16,228.7,301090
2021-05-28 09:21:18,228.75,301131
2021-05-28 09:21:19,228.75,301486
2021-05-28 09:21:20,228.75,301486
2021-05-28 09:21:21,228.6,303681
2021-05-28 09:21:22,228.7,303739
2021-05-28 09:21:23,228.6,305117
2021-05-28 09:21:24,228.55,306434
2021-05-28 09:21:25,228.4,320641
2021-05-28 09:21:25,228.4,319954
2021-05-28 09:21:26,228.3,321480
2021-05-28 09:21:27,228.05,325382
2021-05-28 09:21:28,228.1,326636
2021-05-28 09:21:30,228.3,328412
2021-05-28 09:21:30,228.15,328262
2021-05-28 09:21:31,228.3,328412
2021-05-28 09:21:32,228.1,328851
2021-05-28 09:21:33,228.15,330376
2021-05-28 09:21:34,228.35,332193
2021-05-28 09:21:35,228.5,332406
2021-05-28 09:21:36,228.5,332407
2021-05-28 09:21:38,228.3,336414
2021-05-28 09:21:39,228.3,336414
2021-05-28 09:21:40,228.3,340430
2021-05-28 09:21:41,228.3,340444
2021-05-28 09:21:42,228.05,344675
2021-05-28 09:21:43,228.25,344775
2021-05-28 09:21:45,228.3,345963
2021-05-28 09:21:46,228.3,345963
2021-05-28 09:21:46,228.3,345963
2021-05-28 09:21:47,228.3,346015
2021-05-28 09:21:48,228.3,346015
2021-05-28 09:21:49,228.25,346016
2021-05-28 09:21:50,228.35,346698
2021-05-28 09:21:51,228.5,352118
2021-05-28 09:21:52,228.5,352118
2021-05-28 09:21:54,228.4,353445
2021-05-28 09:21:55,228.4,353455
2021-05-28 09:21:56,228.4,353455
2021-05-28 09:21:57,228.55,353940
2021-05-28 09:21:57,228.55,353940
2021-05-28 09:21:58,228.55,353940
2021-05-28 09:22:00,228.35,354442
2021-05-28 09:22:01,228.3,354542
2021-05-28 09:22:02,228.3,354542
2021-05-28 09:22:03,228.3,354543
2021-05-28 09:22:04,228.4,354669
2021-05-28 09:22:05,228.5,354947
2021-05-28 09:22:06,228.35,354997
2021-05-28 09:22:07,228.65,356106
2021-05-28 09:22:07,228.65,356106
2021-05-28 09:22:08,228.65,357107
2021-05-28 09:22:09,228.65,357107
2021-05-28 09:22:10,228.65,357107
2021-05-28 09:22:11,228.65,357307
2021-05-28 09:22:13,228.5,359181
2021-05-28 09:22:14,228.5,359181
2021-05-28 09:22:16,228.5,359181
2021-05-28 09:22:17,228.5,359981
2021-05-28 09:22:18,228.4,362031
2021-05-28 09:22:19,228.5,362160
2021-05-28 09:22:20,228.5,362160
2021-05-28 09:22:21,228.45,363604
2021-05-28 09:22:22,228.4,363624
2021-05-28 09:22:22,228.4,363624
2021-05-28 09:22:23,228.4,363624
2021-05-28 09:22:24,228.45,363644
2021-05-28 09:22:25,228.45,363644
2021-05-28 09:22:27,228.4,363827
2021-05-28 09:22:28,228.3,364827
2021-05-28 09:22:29,228.5,364927
2021-05-28 09:22:30,228.4,365016
2021-05-28 09:22:31,228.5,365316
2021-05-28 09:22:32,228.5,365633
2021-05-28 09:22:32,228.5,365633
2021-05-28 09:22:33,228.5,365633
2021-05-28 09:22:34,228.5,365633
2021-05-28 09:22:35,228.5,365653
2021-05-28 09:22:41,228.5,366032
2021-05-28 09:22:47,228.5,366061
2021-05-28 09:22:52,228.5,367383
2021-05-28 09:22:58,228.4,367688
2021-05-28 09:23:03,228.5,368073
2021-05-28 09:23:09,228.5,368310
2021-05-28 09:23:14,228.4,368753
2021-05-28 09:23:20,228.5,368908
2021-05-28 09:23:25,228.5,369408
2021-05-28 09:23:31,228.5,369818
2021-05-28 09:23:36,228.5,370091
2021-05-28 09:23:42,228.5,370520
2021-05-28 09:23:47,228.5,370920
2021-05-28 09:23:53,228.25,375834
2021-05-28 09:23:58,228.45,376834
2021-05-28 09:24:04,228.25,378464
2021-05-28 09:24:09,228.35,379188
2021-05-28 09:24:15,228.3,379884
2021-05-28 09:24:20,228.15,380676
2021-05-28 09:24:25,228.3,380972
2021-05-28 09:24:30,228.2,381798
2021-05-28 09:24:36,228.25,382069
2021-05-28 09:24:41,228.3,382546
2021-05-28 09:24:52,228.25,383760
2021-05-28 09:24:57,228.1,414633
2021-05-28 09:25:03,227.95,415912
2021-05-28 09:25:08,227.8,416285
2021-05-28 09:25:13,227.6,420513
2021-05-28 09:25:19,227.8,421293
2021-05-28 09:25:24,227.65,422531
2021-05-28 09:25:29,227.65,424472
2021-05-28 09:25:35,227.65,424971
2021-05-28 09:25:40,227.95,427916
2021-05-28 09:25:46,227.85,430396
2021-05-28 09:25:51,227.95,430556
2021-05-28 09:25:57,228.0,432430
2021-05-28 09:26:02,227.95,432720
2021-05-28 09:26:07,227.95,448479
2021-05-28 09:26:12,227.95,450222
2021-05-28 09:26:23,227.85,450603
2021-05-28 09:26:29,227.85,450717
2021-05-28 09:26:34,227.8,450829
2021-05-28 09:26:39,227.9,451077
2021-05-28 09:26:44,227.9,451320
2021-05-28 09:26:50,227.9,451330
2021-05-28 09:26:55,227.9,451665
2021-05-28 09:27:00,227.9,451665
2021-05-28 09:27:05,227.8,453598
2021-05-28 09:27:10,227.9,453757
2021-05-28 09:27:15,227.85,453765
2021-05-28 09:27:21,227.85,453867
2021-05-28 09:27:26,227.85,454015
2021-05-28 09:27:31,227.9,454325
2021-05-28 09:27:36,227.95,454369
2021-05-28 09:27:41,227.95,454480
2021-05-28 09:27:46,227.95,465806
2021-05-28 09:27:51,228.0,489255
2021-05-28 09:27:56,228.0,489307
2021-05-28 09:28:01,228.0,489830
2021-05-28 09:28:06,227.85,496624
2021-05-28 09:28:11,227.85,498327
2021-05-28 09:28:16,227.95,499713
2021-05-28 09:28:21,228.0,499902
2021-05-28 09:28:26,227.95,499952
2021-05-28 09:28:31,227.9,500483
2021-05-28 09:28:36,227.9,500584
2021-05-28 09:28:41,227.85,501386
2021-05-28 09:28:47,227.8,502509
2021-05-28 09:28:51,227.85,503197
2021-05-28 09:28:56,228.0,504025
2021-05-28 09:29:01,227.9,504315
2021-05-28 09:29:06,228.0,504415
2021-05-28 09:29:12,227.85,504975
2021-05-28 09:29:17,228.0,505556
2021-05-28 09:29:22,228.0,505556
2021-05-28 09:29:27,227.85,506305
2021-05-28 09:29:32,227.9,506648
2021-05-28 09:29:37,227.9,506691
2021-05-28 09:29:42,227.9,507222
2021-05-28 09:29:47,227.95,507242
2021-05-28 09:29:52,228.0,508542
2021-05-28 09:29:57,227.9,515678
2021-05-28 09:30:02,227.9,515783
2021-05-28 09:30:07,227.9,515903
2021-05-28 09:30:12,227.9,516550
2021-05-28 09:30:17,227.8,524243
2021-05-28 09:30:22,227.8,524373
2021-05-28 09:30:27,227.75,526754
2021-05-28 09:30:32,227.75,527242
2021-05-28 09:30:37,227.6,527649
2021-05-28 09:30:42,227.7,527890
2021-05-28 09:30:47,227.6,528280
2021-05-28 09:30:52,227.65,530028
2021-05-28 09:30:57,227.6,530378
2021-05-28 09:31:02,227.65,531067
2021-05-28 09:31:07,227.7,532320
2021-05-28 09:31:12,227.65,532439
2021-05-28 09:31:16,227.8,535485
2021-05-28 09:31:22,227.8,535602
2021-05-28 09:31:27,227.95,535915
2021-05-28 09:31:32,227.95,539324
2021-05-28 09:31:37,227.8,539941
2021-05-28 09:31:42,227.8,540941
2021-05-28 09:31:47,227.85,541471
2021-05-28 09:31:52,227.9,542246
2021-05-28 09:31:57,227.8,542756
2021-05-28 09:32:02,227.8,542847
2021-05-28 09:32:07,227.8,543149
2021-05-28 09:32:12,227.9,543339
2021-05-28 09:32:17,227.85,543409
2021-05-28 09:32:22,227.85,543474
2021-05-28 09:32:27,227.85,544228
2021-05-28 09:32:32,227.8,545675
2021-05-28 09:32:37,227.85,546795
2021-05-28 09:32:42,227.85,548343
2021-05-28 09:32:46,227.7,550153
2021-05-28 09:32:51,227.7,551867
2021-05-28 09:32:56,227.8,553095
2021-05-28 09:33:01,227.8,553203
2021-05-28 09:33:10,227.9,555671
2021-05-28 09:33:15,227.7,556551
2021-05-28 09:33:20,227.7,556551
2021-05-28 09:33:24,227.9,557351
2021-05-28 09:33:29,227.7,560271
2021-05-28 09:33:34,227.85,560996
2021-05-28 09:33:39,227.85,560996
2021-05-28 09:33:44,227.75,561767
2021-05-28 09:33:49,227.75,564587
2021-05-28 09:33:53,227.65,570038
2021-05-28 09:33:58,227.6,578168
2021-05-28 09:34:03,227.55,583358
2021-05-28 09:34:08,227.55,583857
2021-05-28 09:34:13,227.4,590627
2021-05-28 09:34:17,227.3,591074
2021-05-28 09:34:22,227.4,591125
2021-05-28 09:34:27,227.3,602859
2021-05-28 09:34:32,227.35,602879
2021-05-28 09:34:36,227.3,603210
2021-05-28 09:34:41,227.35,604365
2021-05-28 09:34:46,227.35,605970
2021-05-28 09:34:50,227.3,606060
2021-05-28 09:34:55,227.2,606111
2021-05-28 09:35:00,227.4,606549
2021-05-28 09:35:05,227.25,606999
2021-05-28 09:35:09,227.4,607672
2021-05-28 09:35:14,227.3,608122
2021-05-28 09:35:19,227.4,608747
2021-05-28 09:35:24,227.3,608759
2021-05-28 09:35:29,227.3,609475
2021-05-28 09:35:34,227.3,609713
2021-05-28 09:35:39,227.45,611034
2021-05-28 09:35:44,227.35,611234
2021-05-28 09:35:49,227.5,611741
2021-05-28 09:35:54,227.45,611963
2021-05-28 09:35:58,227.55,612093
2021-05-28 09:36:03,227.4,612182
2021-05-28 09:36:08,227.45,612212
2021-05-28 09:36:13,227.5,612986
2021-05-28 09:36:18,227.5,612991
2021-05-28 09:36:22,227.5,613641
2021-05-28 09:36:27,227.5,613768
2021-05-28 09:36:32,227.65,614061
2021-05-28 09:36:37,227.55,614062
2021-05-28 09:36:42,227.65,614067
2021-05-28 09:36:47,227.5,614564
2021-05-28 09:36:51,227.6,614734
2021-05-28 09:36:56,227.55,614754
2021-05-28 09:37:01,227.55,615603
2021-05-28 09:37:06,227.6,615878
2021-05-28 09:37:10,227.6,615939
2021-05-28 09:37:15,227.6,616152
2021-05-28 09:37:20,227.5,616410
2021-05-28 09:37:25,227.6,616610
2021-05-28 09:37:29,227.6,616610
2021-05-28 09:37:34,227.5,620783
2021-05-28 09:37:39,227.5,620963
2021-05-28 09:37:43,227.5,620988
2021-05-28 09:37:48,227.55,623219
2021-05-28 09:37:52,227.5,623296
2021-05-28 09:37:56,227.45,623320
2021-05-28 09:38:00,227.5,623433
2021-05-28 09:38:05,227.5,623600
2021-05-28 09:38:10,227.55,623670
2021-05-28 09:38:14,227.55,623670
2021-05-28 09:38:19,227.5,623720
2021-05-28 09:38:24,227.55,623885
2021-05-28 09:38:28,227.5,624856
2021-05-28 09:38:33,227.4,640119
2021-05-28 09:38:38,227.35,640548
2021-05-28 09:38:43,227.4,640643
2021-05-28 09:38:48,227.4,640773
2021-05-28 09:38:53,227.4,640893
2021-05-28 09:38:58,227.35,641618
2021-05-28 09:39:03,227.35,642262
2021-05-28 09:39:12,227.4,642593
2021-05-28 09:39:17,227.35,642674
2021-05-28 09:39:21,227.35,642674
2021-05-28 09:39:26,227.35,642817
2021-05-28 09:39:30,227.4,642929
2021-05-28 09:39:34,227.35,643167
2021-05-28 09:39:39,227.35,644266
2021-05-28 09:39:43,227.4,644416
2021-05-28 09:39:48,227.5,644517
2021-05-28 09:39:52,227.4,644640
2021-05-28 09:39:57,227.5,644886
2021-05-28 09:40:01,227.5,645827
2021-05-28 09:40:06,227.45,646056
2021-05-28 09:40:11,227.5,646084
2021-05-28 09:40:16,227.5,646267
2021-05-28 09:40:20,227.5,646333
2021-05-28 09:40:25,227.45,646553
2021-05-28 09:40:30,227.45,646553
2021-05-28 09:40:34,227.45,646766
2021-05-28 09:40:39,227.45,646766
2021-05-28 09:40:43,227.45,646860
2021-05-28 09:40:47,227.5,648817
2021-05-28 09:40:51,227.4,655041
2021-05-28 09:40:56,227.35,656069
2021-05-28 09:41:01,227.35,656406
2021-05-28 09:41:06,227.35,658265
2021-05-28 09:41:11,227.35,658265
2021-05-28 09:41:15,227.3,665333
2021-05-28 09:41:20,227.3,670361
2021-05-28 09:41:24,227.3,670570
2021-05-28 09:41:29,227.3,670881
2021-05-28 09:41:33,227.1,683283
2021-05-28 09:41:38,227.0,686748
2021-05-28 09:41:43,226.9,701796
2021-05-28 09:41:48,226.95,703628
2021-05-28 09:41:53,227.1,704520
2021-05-28 09:41:57,227.1,704636
2021-05-28 09:42:02,227.05,705202
2021-05-28 09:42:07,227.0,706048
2021-05-28 09:42:11,227.0,706098
2021-05-28 09:42:15,227.0,706578
2021-05-28 09:42:19,226.95,707162
2021-05-28 09:42:24,227.05,707174
2021-05-28 09:42:29,227.0,707379
2021-05-28 09:42:34,227.0,708694
2021-05-28 09:42:38,227.0,720616
2021-05-28 09:42:43,227.05,721413
2021-05-28 09:42:47,227.0,721494
2021-05-28 09:42:51,227.0,724574
2021-05-28 09:42:56,227.0,727605
2021-05-28 09:43:00,226.9,729340
2021-05-28 09:43:05,226.75,731843
2021-05-28 09:43:09,226.8,732403
2021-05-28 09:43:14,226.8,732412
2021-05-28 09:43:18,226.8,735929
2021-05-28 09:43:23,226.95,736408
2021-05-28 09:43:27,226.9,736979
2021-05-28 09:43:32,227.0,737263
2021-05-28 09:43:36,226.9,737320
2021-05-28 09:43:41,227.0,737875
2021-05-28 09:43:45,227.0,738375
2021-05-28 09:43:50,226.9,739298
2021-05-28 09:43:54,226.9,739332
2021-05-28 09:43:59,226.9,739332
2021-05-28 09:44:03,227.0,740000
2021-05-28 09:44:07,226.9,740113
2021-05-28 09:44:12,226.9,740215
2021-05-28 09:44:16,227.0,740218
2021-05-28 09:44:20,226.95,740419
2021-05-28 09:44:24,226.95,740479
2021-05-28 09:44:29,226.9,742069
2021-05-28 09:44:33,226.9,742311
2021-05-28 09:44:37,227.0,742411
2021-05-28 09:44:42,226.95,742461
2021-05-28 09:44:46,227.0,742613
2021-05-28 09:44:50,227.0,743550
2021-05-28 09:44:55,227.0,743595
2021-05-28 09:44:59,227.0,743598
2021-05-28 09:45:03,226.95,744039
2021-05-28 09:45:07,226.95,744380
2021-05-28 09:45:11,227.0,744580
2021-05-28 09:45:16,227.0,744737
2021-05-28 09:45:20,226.95,744978
2021-05-28 09:45:24,226.95,745336
2021-05-28 09:45:29,226.95,745489
2021-05-28 09:45:33,226.95,746101
2021-05-28 09:45:37,227.0,746951
2021-05-28 09:45:42,227.0,747112
2021-05-28 09:45:46,227.0,747262
2021-05-28 09:45:50,226.9,747562
2021-05-28 09:45:55,227.0,748162
2021-05-28 09:45:59,227.0,748487
2021-05-28 09:46:04,226.95,761608
2021-05-28 09:46:08,226.9,768386
2021-05-28 09:46:13,227.0,768521
2021-05-28 09:46:18,227.0,768836
2021-05-28 09:46:22,226.9,769396
2021-05-28 09:46:27,226.9,769646
2021-05-28 09:46:31,226.9,769906
2021-05-28 09:46:36,227.0,769952
2021-05-28 09:46:41,227.0,771360
2021-05-28 09:46:46,226.9,771367
2021-05-28 09:46:50,226.9,771567
2021-05-28 09:46:54,227.0,772197
2021-05-28 09:46:58,226.9,772198
2021-05-28 09:47:03,226.9,773615
2021-05-28 09:47:07,227.0,773635
2021-05-28 09:47:11,227.0,773855
2021-05-28 09:47:15,227.0,774208
2021-05-28 09:47:19,227.0,774256
2021-05-28 09:47:24,226.9,774361
2021-05-28 09:47:28,227.0,775218
2021-05-28 09:47:32,226.9,776284
2021-05-28 09:47:37,226.9,776328
2021-05-28 09:47:42,226.95,776340
2021-05-28 09:47:46,226.95,776340
2021-05-28 09:47:54,226.95,776985
2021-05-28 09:47:59,227.0,779010
2021-05-28 09:48:02,226.95,779118
2021-05-28 09:48:07,226.9,785852
2021-05-28 09:48:11,226.85,786517
2021-05-28 09:48:15,226.85,786804
2021-05-28 09:48:19,226.8,787244
2021-05-28 09:48:23,226.8,787247
2021-05-28 09:48:26,226.8,787278
2021-05-28 09:48:31,226.8,787667
2021-05-28 09:48:35,226.8,788668
2021-05-28 09:48:39,226.9,788922
2021-05-28 09:48:42,226.9,788922
2021-05-28 09:48:46,226.85,789011
2021-05-28 09:48:50,226.85,789011
2021-05-28 09:48:54,226.8,789521
2021-05-28 09:48:59,226.8,790611
2021-05-28 09:49:03,226.85,790615
2021-05-28 09:49:07,226.8,790794
2021-05-28 09:49:11,226.8,790958
2021-05-28 09:49:16,226.85,791029
2021-05-28 09:49:20,226.85,791884
2021-05-28 09:49:24,226.85,792584
2021-05-28 09:49:28,226.85,793139
2021-05-28 09:49:31,226.8,793301
2021-05-28 09:49:36,226.8,793346
2021-05-28 09:49:40,226.8,793370
2021-05-28 09:49:44,226.8,793511
2021-05-28 09:49:48,226.85,793519
2021-05-28 09:49:52,226.8,793520
2021-05-28 09:49:56,226.9,793920
2021-05-28 09:50:00,226.85,794120
2021-05-28 09:50:05,226.9,794352
2021-05-28 09:50:10,226.85,794622
2021-05-28 09:50:14,226.85,794782
2021-05-28 09:50:18,226.95,794786
2021-05-28 09:50:22,226.9,794816
2021-05-28 09:50:26,226.9,794918
2021-05-28 09:50:30,227.0,794985
2021-05-28 09:50:34,226.95,795012
2021-05-28 09:50:37,227.0,795412
2021-05-28 09:50:41,226.95,795432
2021-05-28 09:50:45,226.95,797068
2021-05-28 09:50:49,227.0,801916
2021-05-28 09:50:53,227.0,802027
2021-05-28 09:50:57,226.95,802030
2021-05-28 09:51:01,227.0,803480
2021-05-28 09:51:05,226.9,804530
2021-05-28 09:51:09,227.0,804800
2021-05-28 09:51:13,226.9,807582
2021-05-28 09:51:17,226.9,809626
2021-05-28 09:51:21,226.9,810427
2021-05-28 09:51:25,226.9,810529
2021-05-28 09:51:29,226.9,811279
2021-05-28 09:51:33,226.9,812761
2021-05-28 09:51:38,226.85,812763
2021-05-28 09:51:42,226.9,813463
2021-05-28 09:51:46,226.9,813463
2021-05-28 09:51:49,226.9,813779
2021-05-28 09:51:53,226.85,814579
2021-05-28 09:51:57,226.9,818159
2021-05-28 09:52:01,226.9,818720
2021-05-28 09:52:06,226.9,818730
2021-05-28 09:52:10,226.9,818755
2021-05-28 09:52:14,226.9,818755
2021-05-28 09:52:18,226.85,818986
2021-05-28 09:52:22,226.9,818993
2021-05-28 09:52:26,226.9,818999
2021-05-28 09:52:30,226.8,819092
2021-05-28 09:52:34,226.8,819348
2021-05-28 09:52:37,226.8,819357
2021-05-28 09:52:41,226.9,819358
2021-05-28 09:52:45,226.95,820058
2021-05-28 09:52:49,226.8,821058
2021-05-28 09:52:53,226.8,821058
2021-05-28 09:52:57,226.8,823103
2021-05-28 09:53:01,226.8,823702
2021-05-28 09:53:06,226.9,823734
2021-05-28 09:53:10,226.8,826385
2021-05-28 09:53:14,226.8,827386
2021-05-28 09:53:18,226.85,827450
2021-05-28 09:53:22,226.95,828278
2021-05-28 09:53:26,226.95,828305
2021-05-28 09:53:30,226.85,828458
2021-05-28 09:53:34,226.8,829458
2021-05-28 09:53:38,226.9,829508
2021-05-28 09:53:42,226.9,829615
2021-05-28 09:53:46,226.9,829715
2021-05-28 09:53:50,226.8,831295
2021-05-28 09:53:54,227.0,845305
2021-05-28 09:53:58,227.0,849910
2021-05-28 09:54:02,227.15,850669
2021-05-28 09:54:06,227.2,852809
2021-05-28 09:54:10,227.2,852909
2021-05-28 09:54:14,227.2,853111
2021-05-28 09:54:18,227.2,853195
2021-05-28 09:54:22,227.15,853198
2021-05-28 09:54:26,227.2,853888
2021-05-28 09:54:29,227.15,853998
2021-05-28 09:54:33,227.2,854462
2021-05-28 09:54:37,227.2,854565
2021-05-28 09:54:41,227.2,854715
2021-05-28 09:54:45,227.2,855010
2021-05-28 09:54:49,227.15,855322
2021-05-28 09:54:53,227.2,855522
2021-05-28 09:55:01,227.2,855927
2021-05-28 09:55:04,227.2,856387
2021-05-28 09:55:08,227.2,856470
2021-05-28 09:55:13,227.2,857037
2021-05-28 09:55:17,227.2,858040
2021-05-28 09:55:21,227.2,858101
2021-05-28 09:55:25,227.2,858102
2021-05-28 09:55:29,227.2,858102
2021-05-28 09:55:32,227.0,864999
2021-05-28 09:55:40,227.0,868971
2021-05-28 09:55:44,227.1,868973
2021-05-28 09:55:48,227.0,869218
2021-05-28 09:55:52,227.1,871491
2021-05-28 09:55:56,227.0,871983
2021-05-28 09:56:00,227.0,872505
2021-05-28 09:56:04,227.05,872555
2021-05-28 09:56:09,227.0,874945
2021-05-28 09:56:13,227.15,877301
2021-05-28 09:56:17,227.0,877717
2021-05-28 09:56:21,227.0,877717
2021-05-28 09:56:25,227.0,877717
2021-05-28 09:56:30,227.1,877817
2021-05-28 09:56:34,227.15,877955
2021-05-28 09:56:39,227.2,879994
2021-05-28 09:56:43,227.15,880094
2021-05-28 09:56:47,227.1,881061
2021-05-28 09:56:50,227.1,881319
2021-05-28 09:56:54,227.25,883358
2021-05-28 09:56:58,227.2,883679
2021-05-28 09:57:02,227.35,885862
2021-05-28 09:57:06,227.3,886153
2021-05-28 09:57:10,227.3,886357
2021-05-28 09:57:14,227.3,888722
2021-05-28 09:57:18,227.35,890021
2021-05-28 09:57:22,227.3,890024
2021-05-28 09:57:25,227.25,892373
2021-05-28 09:57:29,227.2,892375
2021-05-28 09:57:33,227.35,892719
2021-05-28 09:57:37,227.55,895073
2021-05-28 09:57:40,227.6,895378
2021-05-28 09:57:44,227.75,903027
2021-05-28 09:57:48,227.7,903157
2021-05-28 09:57:52,227.6,903538
2021-05-28 09:57:56,227.55,903690
2021-05-28 09:58:00,227.65,907020
2021-05-28 09:58:04,227.75,907394
2021-05-28 09:58:07,227.75,907394
2021-05-28 09:58:11,227.6,909844
2021-05-28 09:58:15,227.75,910159
2021-05-28 09:58:19,227.65,910682
2021-05-28 09:58:22,227.8,913021
2021-05-28 09:58:26,227.85,913525
2021-05-28 09:58:30,227.6,926773
2021-05-28 09:58:38,227.85,931215
2021-05-28 09:58:42,227.75,931635
2021-05-28 09:58:46,227.85,936396
2021-05-28 09:58:50,227.9,938688
2021-05-28 09:58:54,228.0,985219
2021-05-28 09:58:58,228.0,1003300
2021-05-28 09:59:01,228.1,1006796
2021-05-28 09:59:05,228.0,1007521
2021-05-28 09:59:09,228.1,1007551
2021-05-28 09:59:12,228.0,1021718
2021-05-28 09:59:16,228.1,1022938
2021-05-28 09:59:20,228.0,1025399
2021-05-28 09:59:23,228.1,1027509
2021-05-28 09:59:27,228.05,1027619
2021-05-28 09:59:31,228.0,1027708
2021-05-28 09:59:35,228.0,1029846
2021-05-28 09:59:38,228.05,1030446
2021-05-28 09:59:42,228.0,1030706
2021-05-28 09:59:46,228.05,1031243
2021-05-28 09:59:53,227.9,1036636
2021-05-28 09:59:57,227.9,1036636
2021-05-28 10:00:01,227.85,1038940
2021-05-28 10:00:05,227.75,1038990
2021-05-28 10:00:08,227.85,1042371
2021-05-28 10:00:13,227.85,1042441
2021-05-28 10:00:16,227.95,1042701
2021-05-28 10:00:20,227.85,1042960
2021-05-28 10:00:24,227.75,1043061
2021-05-28 10:00:28,227.75,1043161
2021-05-28 10:00:31,227.75,1043294
2021-05-28 10:00:35,227.75,1043688
2021-05-28 10:00:39,227.75,1043757
2021-05-28 10:00:43,227.8,1043982
2021-05-28 10:00:47,227.75,1044512
2021-05-28 10:00:51,227.8,1044625
2021-05-28 10:00:55,227.75,1045439
2021-05-28 10:00:59,227.75,1045710
2021-05-28 10:01:03,227.75,1046638
2021-05-28 10:01:06,227.75,1047201
2021-05-28 10:01:10,227.75,1047824
2021-05-28 10:01:14,227.8,1048127
2021-05-28 10:01:22,227.7,1049215
2021-05-28 10:01:26,227.75,1052656
2021-05-28 10:01:30,227.6,1052850
2021-05-28 10:01:33,227.55,1053397
2021-05-28 10:01:37,227.5,1053597
2021-05-28 10:01:41,227.5,1053836
2021-05-28 10:01:44,227.5,1055150
2021-05-28 10:01:48,227.65,1055600
2021-05-28 10:01:52,227.65,1055600
2021-05-28 10:01:56,227.65,1056143
2021-05-28 10:02:00,227.65,1056173
2021-05-28 10:02:03,227.5,1059705
2021-05-28 10:02:07,227.4,1061514
2021-05-28 10:02:11,227.55,1061518
2021-05-28 10:02:15,227.55,1061528
2021-05-28 10:02:19,227.5,1061658
2021-05-28 10:02:23,227.45,1061881
2021-05-28 10:02:27,227.5,1062082
2021-05-28 10:02:30,227.35,1063182
2021-05-28 10:02:34,227.35,1063182
2021-05-28 10:02:36,227.45,1063487
2021-05-28 10:02:37,227.45,1063491
2021-05-28 10:02:38,227.45,1063691
2021-05-28 10:02:39,227.45,1063691
2021-05-28 10:02:40,227.45,1063691
2021-05-28 10:02:41,227.45,1063691
2021-05-28 10:02:41,227.45,1063691
2021-05-28 10:02:42,227.3,1064242
2021-05-28 10:02:43,227.3,1064242
2021-05-28 10:02:44,227.3,1064242
2021-05-28 10:02:45,227.3,1064242
2021-05-28 10:02:46,227.3,1064242
2021-05-28 10:02:47,227.3,1064242
2021-05-28 10:02:48,227.35,1064267
2021-05-28 10:02:49,227.35,1064267
2021-05-28 10:02:51,227.3,1064272
2021-05-28 10:02:51,227.3,1064272
2021-05-28 10:02:52,227.3,1064287
2021-05-28 10:02:54,227.3,1065017
2021-05-28 10:02:55,227.3,1065317
2021-05-28 10:02:56,227.2,1066924
2021-05-28 10:02:56,227.2,1066924
2021-05-28 10:02:58,227.2,1066924
2021-05-28 10:02:59,227.1,1067076
2021-05-28 10:02:59,227.1,1067076
2021-05-28 10:03:00,227.1,1067076
2021-05-28 10:03:02,227.25,1067220
2021-05-28 10:03:03,227.2,1067320
2021-05-28 10:03:03,227.25,1067412
2021-05-28 10:03:05,227.25,1067412
2021-05-28 10:03:06,227.3,1067413
2021-05-28 10:03:06,227.3,1067413
2021-05-28 10:03:07,227.35,1067436
2021-05-28 10:03:08,227.3,1067487
2021-05-28 10:03:09,227.3,1067558
2021-05-28 10:03:10,227.35,1067808
2021-05-28 10:03:11,227.35,1067808
2021-05-28 10:03:12,227.35,1067808
2021-05-28 10:03:14,227.35,1067808
2021-05-28 10:03:15,227.35,1067808
2021-05-28 10:03:16,227.35,1067808
2021-05-28 10:03:17,227.35,1067808
2021-05-28 10:03:17,227.35,1067808
2021-05-28 10:03:18,227.35,1067808
2021-05-28 10:03:19,227.35,1067808
2021-05-28 10:03:20,227.35,1067808
2021-05-28 10:03:21,227.4,1067908
2021-05-28 10:03:23,227.45,1068908
2021-05-28 10:03:24,227.45,1068908
2021-05-28 10:03:24,227.45,1068908
2021-05-28 10:03:25,227.45,1068908
2021-05-28 10:03:26,227.45,1068908
2021-05-28 10:03:27,227.45,1068908
2021-05-28 10:03:28,227.45,1068908
2021-05-28 10:03:29,227.45,1068908
2021-05-28 10:03:30,227.4,1068958
2021-05-28 10:03:31,227.4,1068958
2021-05-28 10:03:33,227.35,1068959
2021-05-28 10:03:33,227.35,1068959
2021-05-28 10:03:34,227.35,1068959
2021-05-28 10:03:36,227.35,1068959
2021-05-28 10:03:38,227.35,1068959
2021-05-28 10:03:39,227.35,1068959
2021-05-28 10:03:40,227.35,1068960
2021-05-28 10:03:40,227.35,1068960
2021-05-28 10:03:42,227.4,1068982
2021-05-28 10:03:43,227.4,1068982
2021-05-28 10:03:43,227.4,1068982
2021-05-28 10:03:44,227.4,1068982
2021-05-28 10:03:45,227.4,1068982
2021-05-28 10:03:46,227.4,1068985
2021-05-28 10:03:47,227.4,1068998
2021-05-28 10:03:48,227.4,1068999
2021-05-28 10:03:49,227.5,1069049
2021-05-28 10:03:50,227.5,1069049
2021-05-28 10:03:51,227.5,1069049
2021-05-28 10:03:52,227.4,1069550
2021-05-28 10:03:53,227.4,1069550
2021-05-28 10:03:54,227.4,1069550
2021-05-28 10:03:55,227.5,1069580
2021-05-28 10:03:56,227.5,1069580
2021-05-28 10:03:57,227.5,1069580
2021-05-28 10:03:58,227.5,1069580
2021-05-28 10:03:59,227.5,1069580
2021-05-28 10:04:00,227.4,1069819
2021-05-28 10:04:01,227.5,1069824
2021-05-28 10:04:02,227.4,1070025
2021-05-28 10:04:03,227.5,1070125
2021-05-28 10:04:04,227.5,1070625
2021-05-28 10:04:05,227.5,1070625
2021-05-28 10:04:07,227.5,1070676
2021-05-28 10:04:08,227.5,1070676
2021-05-28 10:04:09,227.5,1070679
2021-05-28 10:04:10,227.5,1070679
2021-05-28 10:04:11,227.5,1070679
2021-05-28 10:04:12,227.3,1072679
2021-05-28 10:04:13,227.3,1072679
2021-05-28 10:04:14,227.3,1072679
2021-05-28 10:04:15,227.4,1072779
2021-05-28 10:04:16,227.3,1072780
2021-05-28 10:04:18,227.35,1074546
2021-05-28 10:04:17,227.3,1074392
2021-05-28 10:04:19,227.35,1074652
2021-05-28 10:04:20,227.35,1074652
2021-05-28 10:04:21,227.35,1074652
2021-05-28 10:04:22,227.25,1074812
2021-05-28 10:04:23,227.25,1074812
2021-05-28 10:04:24,227.25,1074812
2021-05-28 10:04:25,227.25,1074812
2021-05-28 10:04:26,227.25,1074812
2021-05-28 10:04:27,227.3,1074819
2021-05-28 10:04:28,227.25,1074820
2021-05-28 10:04:29,227.25,1074820
2021-05-28 10:04:30,227.25,1074909
2021-05-28 10:04:32,227.25,1074909
2021-05-28 10:04:33,227.25,1074909
2021-05-28 10:04:33,227.25,1074909
2021-05-28 10:04:35,227.3,1075009
2021-05-28 10:04:34,227.25,1074909
2021-05-28 10:04:36,227.3,1075009
2021-05-28 10:04:37,227.4,1078109
2021-05-28 10:04:38,227.4,1078109
2021-05-28 10:04:39,227.4,1078109
2021-05-28 10:04:40,227.3,1078159
2021-05-28 10:04:41,227.3,1078208
2021-05-28 10:04:42,227.3,1078208
2021-05-28 10:04:44,227.3,1078208
2021-05-28 10:04:46,227.3,1078311
2021-05-28 10:04:47,227.4,1078469
2021-05-28 10:04:48,227.4,1078470
2021-05-28 10:04:48,227.4,1078470
2021-05-28 10:04:49,227.4,1078470
2021-05-28 10:04:50,227.4,1078470
2021-05-28 10:04:51,227.4,1078470
2021-05-28 10:04:52,227.4,1078499
2021-05-28 10:04:53,227.4,1078499
2021-05-28 10:04:54,227.4,1078499
2021-05-28 10:04:55,227.4,1078499
2021-05-28 10:04:58,227.4,1078499
2021-05-28 10:04:59,227.4,1078499
2021-05-28 10:05:00,227.5,1079601
2021-05-28 10:05:01,227.4,1079682
2021-05-28 10:05:02,227.35,1079722
2021-05-28 10:05:03,227.35,1079722
2021-05-28 10:05:04,227.35,1079722
2021-05-28 10:05:04,227.35,1079722
2021-05-28 10:05:05,227.35,1079722
2021-05-28 10:05:06,227.35,1079722
2021-05-28 10:05:07,227.35,1079722
2021-05-28 10:05:08,227.3,1079732
2021-05-28 10:05:09,227.4,1079782
2021-05-28 10:05:10,227.3,1079882
2021-05-28 10:05:12,227.3,1079882
2021-05-28 10:05:12,227.3,1079882
2021-05-28 10:05:14,227.3,1079932
2021-05-28 10:05:15,227.3,1079950
2021-05-28 10:05:17,227.4,1080200
2021-05-28 10:05:16,227.3,1079950
2021-05-28 10:05:18,227.4,1080200
2021-05-28 10:05:19,227.35,1080304
2021-05-28 10:05:20,227.35,1080304
2021-05-28 10:05:21,227.35,1080304
2021-05-28 10:05:21,227.35,1080304
2021-05-28 10:05:23,227.35,1080305
2021-05-28 10:05:24,227.35,1080305
2021-05-28 10:05:25,227.35,1080305
2021-05-28 10:05:25,227.35,1080305
2021-05-28 10:05:27,227.4,1080327
2021-05-28 10:05:29,227.4,1080327
2021-05-28 10:05:30,227.5,1080332
2021-05-28 10:05:31,227.4,1080426
2021-05-28 10:05:31,227.4,1080426
2021-05-28 10:05:32,227.4,1080426
2021-05-28 10:05:33,227.5,1080432
2021-05-28 10:05:34,227.4,1080532
2021-05-28 10:05:35,227.4,1080532
2021-05-28 10:05:36,227.4,1080532
2021-05-28 10:05:37,227.4,1080532
2021-05-28 10:05:38,227.5,1080533
2021-05-28 10:05:40,227.5,1080533
2021-05-28 10:05:41,227.5,1081033
2021-05-28 10:05:42,227.5,1081033
2021-05-28 10:05:43,227.5,1081083
2021-05-28 10:05:44,227.5,1081083
2021-05-28 10:05:44,227.5,1081083
2021-05-28 10:05:45,227.5,1081083
2021-05-28 10:05:46,227.5,1081233
2021-05-28 10:05:47,227.5,1081258
2021-05-28 10:05:48,227.5,1081258
2021-05-28 10:05:49,227.4,1081286
2021-05-28 10:05:50,227.4,1081296
2021-05-28 10:05:51,227.4,1081296
2021-05-28 10:05:52,227.4,1081296
2021-05-28 10:05:53,227.4,1081296
2021-05-28 10:05:55,227.5,1081396
2021-05-28 10:05:56,227.5,1081396
2021-05-28 10:05:57,227.5,1081396
2021-05-28 10:05:58,227.5,1081396
2021-05-28 10:05:58,227.5,1081396
2021-05-28 10:05:59,227.5,1081396
2021-05-28 10:06:00,227.4,1081559
2021-05-28 10:06:01,227.4,1081559
2021-05-28 10:06:03,227.4,1081559
2021-05-28 10:06:04,227.35,1081659
2021-05-28 10:06:05,227.35,1081659
2021-05-28 10:06:05,227.35,1081659
2021-05-28 10:06:06,227.35,1081659
2021-05-28 10:06:07,227.35,1082047
2021-05-28 10:06:09,227.35,1082052
2021-05-28 10:06:09,227.35,1082052
2021-05-28 10:06:10,227.5,1082054
2021-05-28 10:06:11,227.5,1082054
2021-05-28 10:06:12,227.45,1082057
2021-05-28 10:06:14,227.45,1082057
2021-05-28 10:06:14,227.45,1082057
2021-05-28 10:06:16,227.45,1082057
2021-05-28 10:06:17,227.4,1082357
2021-05-28 10:06:18,227.4,1082357
2021-05-28 10:06:19,227.45,1082407
2021-05-28 10:06:20,227.5,1082596
2021-05-28 10:06:20,227.5,1082868
2021-05-28 10:06:21,227.45,1082957
2021-05-28 10:06:22,227.45,1083179
2021-05-28 10:06:23,227.45,1083269
2021-05-28 10:06:24,227.45,1083358
2021-05-28 10:06:25,227.5,1083457
2021-05-28 10:06:26,227.45,1083546
2021-05-28 10:06:27,227.45,1083546
2021-05-28 10:06:28,227.45,1083546
2021-05-28 10:06:29,227.45,1083546
2021-05-28 10:06:30,227.45,1083635
2021-05-28 10:06:31,227.45,1083635
2021-05-28 10:06:33,227.4,1083885
2021-05-28 10:06:34,227.4,1083885
2021-05-28 10:06:35,227.4,1084135
2021-05-28 10:06:36,227.4,1084135
2021-05-28 10:06:37,227.4,1084135
2021-05-28 10:06:38,227.45,1096061
2021-05-28 10:06:39,227.35,1584438
2021-05-28 10:06:40,227.35,1584438
2021-05-28 10:06:41,227.3,1584439
2021-05-28 10:06:42,227.35,1584639
2021-05-28 10:06:43,227.35,1584641
2021-05-28 10:06:44,227.35,1584641
2021-05-28 10:06:44,227.35,1584641
2021-05-28 10:06:46,227.35,1584641
2021-05-28 10:06:46,227.35,1584641
2021-05-28 10:06:48,227.35,1584641
2021-05-28 10:06:49,227.3,1584661
2021-05-28 10:06:50,227.3,1584661
2021-05-28 10:06:51,227.3,1584661
2021-05-28 10:06:52,227.35,1584671
2021-05-28 10:06:52,227.35,1584671
2021-05-28 10:06:54,227.35,1584677
2021-05-28 10:06:55,227.35,1584677
2021-05-28 10:06:56,227.35,1584677
2021-05-28 10:06:57,227.35,1584677
2021-05-28 10:06:57,227.25,1585110
2021-05-28 10:06:58,227.3,1585111
2021-05-28 10:06:59,227.3,1585111
2021-05-28 10:07:00,227.25,1585288
2021-05-28 10:07:01,227.25,1585288
2021-05-28 10:07:02,227.25,1585288
2021-05-28 10:07:04,227.25,1585288
2021-05-28 10:07:05,227.25,1585288
2021-05-28 10:07:06,227.25,1585288
2021-05-28 10:07:07,227.25,1585293
2021-05-28 10:07:08,227.25,1585293
2021-05-28 10:07:09,227.25,1585293
2021-05-28 10:07:10,227.25,1585293
2021-05-28 10:07:11,227.25,1585293
2021-05-28 10:07:11,227.25,1585293
2021-05-28 10:07:13,227.2,1585382
2021-05-28 10:07:13,227.15,1585713
2021-05-28 10:07:14,227.25,1586238
2021-05-28 10:07:15,227.25,1586348
2021-05-28 10:07:16,227.25,1586348
2021-05-28 10:07:17,227.25,1586348
2021-05-28 10:07:18,227.25,1586348
2021-05-28 10:07:19,227.25,1586348
2021-05-28 10:07:20,227.25,1586348
2021-05-28 10:07:21,227.25,1586348
2021-05-28 10:07:22,227.25,1586548
2021-05-28 10:07:23,227.25,1586548
2021-05-28 10:07:24,227.25,1586548
2021-05-28 10:07:25,227.15,1589298
2021-05-28 10:07:26,227.15,1589298
2021-05-28 10:07:27,227.2,1589318
2021-05-28 10:07:28,227.2,1589318
2021-05-28 10:07:30,227.2,1589318
2021-05-28 10:07:31,227.15,1589499
2021-05-28 10:07:32,227.15,1589499
2021-05-28 10:07:33,227.15,1589499
2021-05-28 10:07:34,227.15,1589499
2021-05-28 10:07:35,227.15,1589581
2021-05-28 10:07:36,227.15,1589581
2021-05-28 10:07:37,227.15,1589581
2021-05-28 10:07:38,227.15,1589581
2021-05-28 10:07:39,227.2,1589595
2021-05-28 10:07:40,227.15,1589635
2021-05-28 10:07:41,227.15,1589635
2021-05-28 10:07:42,227.2,1589660
2021-05-28 10:07:43,227.2,1589660
2021-05-28 10:07:44,227.2,1589660
2021-05-28 10:07:45,227.15,1589749
2021-05-28 10:07:45,227.15,1589749
2021-05-28 10:07:46,227.15,1589749
2021-05-28 10:07:47,227.15,1589786
2021-05-28 10:07:48,227.15,1589791
2021-05-28 10:07:49,227.15,1589791
2021-05-28 10:07:50,227.15,1589791
2021-05-28 10:07:51,227.15,1589794
2021-05-28 10:07:52,227.15,1589794
2021-05-28 10:07:54,227.15,1589799
2021-05-28 10:07:54,227.15,1589834
2021-05-28 10:07:55,227.15,1589851
2021-05-28 10:07:56,227.15,1589851
2021-05-28 10:07:57,227.15,1589901
2021-05-28 10:07:58,227.15,1589901
2021-05-28 10:07:59,227.15,1589960
2021-05-28 10:08:00,227.1,1590599
2021-05-28 10:08:02,227.1,1590599
2021-05-28 10:08:03,227.1,1590599
2021-05-28 10:08:03,227.1,1590599
2021-05-28 10:08:04,227.1,1590599
2021-05-28 10:08:05,227.1,1590688
2021-05-28 10:08:06,227.1,1590718
2021-05-28 10:08:07,227.15,1590818
2021-05-28 10:08:09,227.15,1590821
2021-05-28 10:08:10,227.15,1590821
2021-05-28 10:08:11,227.1,1591166
2021-05-28 10:08:12,227.1,1591166
2021-05-28 10:08:12,227.1,1591166
2021-05-28 10:08:13,227.1,1591166
2021-05-28 10:08:15,227.1,1591316
2021-05-28 10:08:16,227.15,1591754
2021-05-28 10:08:17,227.15,1591754
2021-05-28 10:08:18,227.15,1591754
2021-05-28 10:08:19,227.15,1591755
2021-05-28 10:08:20,227.15,1591785
2021-05-28 10:08:20,227.15,1591785
2021-05-28 10:08:21,227.2,1591912
2021-05-28 10:08:22,227.2,1591912
2021-05-28 10:08:23,227.1,1592001
2021-05-28 10:08:24,227.1,1592001
2021-05-28 10:08:25,227.1,1592001
2021-05-28 10:08:27,227.1,1592001
2021-05-28 10:08:28,227.1,1592001
2021-05-28 10:08:28,227.1,1592001
2021-05-28 10:08:30,227.1,1592001
2021-05-28 10:08:31,227.1,1592089
2021-05-28 10:08:32,227.1,1592089
2021-05-28 10:08:34,227.1,1592853
2021-05-28 10:08:35,227.1,1592853
2021-05-28 10:08:36,227.1,1592853
2021-05-28 10:08:36,227.1,1592853
2021-05-28 10:08:37,227.1,1592853
2021-05-28 10:08:38,227.05,1592873
2021-05-28 10:08:39,227.05,1592873
2021-05-28 10:08:40,227.05,1593013
2021-05-28 10:08:41,227.05,1593013
2021-05-28 10:08:43,227.05,1593028
2021-05-28 10:08:44,227.1,1593135
2021-05-28 10:08:45,227.05,1593136
2021-05-28 10:08:46,227.05,1593276
2021-05-28 10:08:48,227.05,1593276
2021-05-28 10:08:49,227.05,1593276
2021-05-28 10:08:50,227.1,1594090
2021-05-28 10:08:52,227.05,1594120
2021-05-28 10:08:53,227.05,1594120
2021-05-28 10:08:54,227.05,1594121
2021-05-28 10:08:55,227.1,1594123
2021-05-28 10:08:56,227.1,1594123
2021-05-28 10:08:57,227.1,1594158
2021-05-28 10:08:58,227.1,1594158
2021-05-28 10:08:59,227.1,1594163
2021-05-28 10:09:00,227.05,1594312
2021-05-28 10:09:02,227.05,1595012
2021-05-28 10:09:03,227.05,1595012
2021-05-28 10:09:04,227.05,1595012
2021-05-28 10:09:04,227.05,1595012
2021-05-28 10:09:05,227.1,1595017
2021-05-28 10:09:06,227.1,1595017
2021-05-28 10:09:07,227.1,1595017
2021-05-28 10:09:08,227.1,1595017
2021-05-28 10:09:09,227.1,1595017
2021-05-28 10:09:10,227.1,1595017
2021-05-28 10:09:11,227.1,1595017
2021-05-28 10:09:12,227.1,1595017
2021-05-28 10:09:13,227.1,1595017
2021-05-28 10:09:15,227.05,1595018
2021-05-28 10:09:16,227.1,1595152
2021-05-28 10:09:17,227.1,1595152
2021-05-28 10:09:18,227.1,1595152
2021-05-28 10:09:19,227.1,1595152
2021-05-28 10:09:20,227.1,1595152
2021-05-28 10:09:21,227.1,1595152
2021-05-28 10:09:22,227.1,1595152
2021-05-28 10:09:24,227.05,1595203
2021-05-28 10:09:25,227.05,1595203
2021-05-28 10:09:26,227.05,1595292
2021-05-28 10:09:27,227.1,1595299
2021-05-28 10:09:28,227.1,1595299
2021-05-28 10:09:29,227.1,1595299
2021-05-28 10:09:29,227.1,1595299
2021-05-28 10:09:30,227.05,1595395
2021-05-28 10:09:32,227.1,1596013
2021-05-28 10:09:33,227.1,1596014
2021-05-28 10:09:34,227.1,1596014
2021-05-28 10:09:34,227.1,1596014
2021-05-28 10:09:35,227.1,1596014
2021-05-28 10:09:36,227.1,1596014
2021-05-28 10:09:37,227.1,1596014
2021-05-28 10:09:38,227.1,1596014
2021-05-28 10:09:39,227.1,1596014
2021-05-28 10:09:40,227.1,1596064
2021-05-28 10:09:41,227.1,1596926
2021-05-28 10:09:42,227.1,1596926
2021-05-28 10:09:43,227.1,1597126
2021-05-28 10:09:44,227.1,1597126
2021-05-28 10:09:45,227.1,1597126
2021-05-28 10:09:46,227.05,1597226
2021-05-28 10:09:48,227.05,1597226
2021-05-28 10:09:49,227.1,1597303
2021-05-28 10:09:50,227.1,1597303
2021-05-28 10:09:51,227.1,1597303
2021-05-28 10:09:52,227.1,1597354
2021-05-28 10:09:53,227.1,1597443
2021-05-28 10:09:53,227.1,1597443
2021-05-28 10:09:54,227.1,1597443
2021-05-28 10:09:55,227.1,1597933
2021-05-28 10:09:56,227.15,1597983
2021-05-28 10:09:57,227.25,1598872
2021-05-28 10:10:01,227.25,1598887
2021-05-28 10:10:02,227.1,1598904
2021-05-28 10:10:02,227.1,1598904
2021-05-28 10:10:03,227.1,1598904
2021-05-28 10:10:04,227.3,1599492
2021-05-28 10:10:05,227.3,1599492
2021-05-28 10:10:06,227.1,1599992
2021-05-28 10:10:07,227.1,1599992
2021-05-28 10:10:08,227.1,1600012
2021-05-28 10:10:09,227.25,1600112
2021-05-28 10:10:10,227.25,1600112
2021-05-28 10:10:11,227.25,1600112
2021-05-28 10:10:12,227.25,1600112
2021-05-28 10:10:13,227.25,1600112
2021-05-28 10:10:14,227.25,1600112
2021-05-28 10:10:15,227.25,1600112
2021-05-28 10:10:17,227.3,1600352
2021-05-28 10:10:17,227.3,1600352
2021-05-28 10:10:19,227.3,1600352
2021-05-28 10:10:20,227.3,1600352
2021-05-28 10:10:21,227.3,1600352
2021-05-28 10:10:22,227.3,1600352
2021-05-28 10:10:23,227.3,1600352
2021-05-28 10:10:24,227.3,1600352
2021-05-28 10:10:25,227.3,1600352
2021-05-28 10:10:26,227.3,1600352
2021-05-28 10:10:27,227.25,1600640
2021-05-28 10:10:28,227.25,1600640
2021-05-28 10:10:29,227.25,1600640
2021-05-28 10:10:31,227.2,1600754
2021-05-28 10:10:31,227.2,1600754
2021-05-28 10:10:32,227.2,1600754
2021-05-28 10:10:34,227.2,1600754
2021-05-28 10:10:35,227.2,1600754
2021-05-28 10:10:36,227.3,1600755
2021-05-28 10:10:36,227.15,1601255
2021-05-28 10:10:37,227.15,1601255
2021-05-28 10:10:38,227.15,1601255
2021-05-28 10:10:39,227.3,1601362
2021-05-28 10:10:40,227.3,1601362
2021-05-28 10:10:41,227.3,1601362
2021-05-28 10:10:42,227.3,1601362
2021-05-28 10:10:43,227.2,1601408
2021-05-28 10:10:44,227.2,1601408
2021-05-28 10:10:45,227.2,1601408
2021-05-28 10:10:46,227.2,1601408
2021-05-28 10:10:47,227.2,1601408
2021-05-28 10:10:48,227.2,1601408
2021-05-28 10:10:49,227.2,1601408
2021-05-28 10:10:50,227.2,1601408
2021-05-28 10:10:51,227.2,1601448
2021-05-28 10:10:53,227.2,1601448
2021-05-28 10:10:54,227.2,1601448
2021-05-28 10:10:55,227.2,1601448
2021-05-28 10:10:55,227.2,1601448
2021-05-28 10:10:56,227.2,1601448
2021-05-28 10:10:57,227.35,1603448
2021-05-28 10:10:58,227.35,1603448
2021-05-28 10:10:59,227.35,1603448
2021-05-28 10:11:00,227.25,1603536
2021-05-28 10:11:01,227.25,1603536
2021-05-28 10:11:02,227.3,1604226
2021-05-28 10:11:03,227.3,1604241
2021-05-28 10:11:04,227.3,1604836
2021-05-28 10:11:05,227.3,1604836
2021-05-28 10:11:06,227.3,1604836
2021-05-28 10:11:08,227.3,1604836
2021-05-28 10:11:09,227.3,1604836
2021-05-28 10:11:10,227.3,1604836
2021-05-28 10:11:11,227.3,1604866
2021-05-28 10:11:12,227.3,1604866
2021-05-28 10:11:12,227.3,1604866
2021-05-28 10:11:13,227.3,1604866
2021-05-28 10:11:14,227.3,1604866
2021-05-28 10:11:15,227.3,1604866
2021-05-28 10:11:16,227.3,1604866
2021-05-28 10:11:17,227.3,1604888
2021-05-28 10:11:18,227.3,1604988
2021-05-28 10:11:20,227.3,1604988
2021-05-28 10:11:20,227.3,1604988
2021-05-28 10:11:21,227.3,1604988
2021-05-28 10:11:22,227.3,1604988
2021-05-28 10:11:23,227.3,1604988
2021-05-28 10:11:25,227.35,1605387
2021-05-28 10:11:26,227.35,1605387
2021-05-28 10:11:26,227.35,1605387
2021-05-28 10:11:27,227.35,1605397
2021-05-28 10:11:28,227.3,1605398
2021-05-28 10:11:29,227.3,1605398
2021-05-28 10:11:30,227.3,1605487
2021-05-28 10:11:31,227.3,1605497
2021-05-28 10:11:33,227.4,1605597
2021-05-28 10:11:34,227.4,1605597
2021-05-28 10:11:35,227.4,1605597
2021-05-28 10:11:36,227.4,1605597
2021-05-28 10:11:36,227.35,1605599
2021-05-28 10:11:38,227.4,1605699
2021-05-28 10:11:40,227.3,1605709
2021-05-28 10:11:40,227.3,1605723
2021-05-28 10:11:42,227.3,1605723
2021-05-28 10:11:42,227.3,1605723
2021-05-28 10:11:44,227.4,1605762
2021-05-28 10:11:44,227.3,1605862
2021-05-28 10:11:45,227.3,1605862
2021-05-28 10:11:46,227.3,1605862
2021-05-28 10:11:47,227.3,1605862
2021-05-28 10:11:48,227.2,1607901
2021-05-28 10:11:49,227.2,1607901
2021-05-28 10:11:51,227.3,1608184
2021-05-28 10:11:51,227.3,1608184
2021-05-28 10:11:53,227.2,1610223
2021-05-28 10:11:54,227.3,1610224
2021-05-28 10:11:55,227.3,1610224
2021-05-28 10:11:56,227.3,1610224
2021-05-28 10:11:57,227.3,1610224
2021-05-28 10:11:58,227.3,1610224
2021-05-28 10:11:59,227.3,1610224
2021-05-28 10:12:00,227.2,1610312
2021-05-28 10:12:01,227.2,1610312
2021-05-28 10:12:03,227.3,1610313
2021-05-28 10:12:04,227.3,1610313
2021-05-28 10:12:04,227.3,1610313
2021-05-28 10:12:05,227.2,1610413
2021-05-28 10:12:06,227.2,1610413
2021-05-28 10:12:07,227.2,1610413
2021-05-28 10:12:08,227.2,1610413
2021-05-28 10:12:09,227.3,1610414
2021-05-28 10:12:10,227.3,1610414
2021-05-28 10:12:11,227.3,1610414
2021-05-28 10:12:12,227.3,1610414
2021-05-28 10:12:13,227.2,1610415
2021-05-28 10:12:14,227.2,1610415
2021-05-28 10:12:16,227.2,1610415
2021-05-28 10:12:16,227.2,1610436
2021-05-28 10:12:17,227.35,1610636
2021-05-28 10:12:19,227.35,1610636
2021-05-28 10:12:20,227.35,1610666
2021-05-28 10:12:21,227.35,1610666
2021-05-28 10:12:21,227.35,1610666
2021-05-28 10:12:22,227.35,1610666
2021-05-28 10:12:23,227.35,1610666
2021-05-28 10:12:24,227.35,1610666
2021-05-28 10:12:25,227.35,1610666
2021-05-28 10:12:27,227.35,1610666
2021-05-28 10:12:28,227.3,1610674
2021-05-28 10:12:29,227.4,1611074
2021-05-28 10:12:30,227.4,1611074
2021-05-28 10:12:31,227.3,1611165
2021-05-28 10:12:32,227.3,1611165
2021-05-28 10:12:33,227.3,1611165
2021-05-28 10:12:33,227.3,1611165
2021-05-28 10:12:34,227.3,1611165
2021-05-28 10:12:36,227.25,1611465
2021-05-28 10:12:38,227.3,1611487
2021-05-28 10:12:42,227.3,1611487
2021-05-28 10:12:46,227.3,1611487
2021-05-28 10:12:51,227.3,1611487
2021-05-28 10:12:55,227.3,1611487
2021-05-28 10:12:58,227.35,1612319
2021-05-28 10:13:02,227.5,1623049
2021-05-28 10:13:06,227.5,1623356
2021-05-28 10:13:10,227.4,1623851
2021-05-28 10:13:14,227.4,1623917
2021-05-28 10:13:18,227.4,1623917
2021-05-28 10:13:22,227.5,1623918
2021-05-28 10:13:26,227.5,1623975
2021-05-28 10:13:30,227.4,1624088
2021-05-28 10:13:34,227.4,1624088
2021-05-28 10:13:38,227.45,1624188
2021-05-28 10:13:41,227.45,1624363
2021-05-28 10:13:45,227.45,1624378
2021-05-28 10:13:49,227.45,1624388
2021-05-28 10:13:53,227.5,1624393
2021-05-28 10:13:56,227.5,1624393
2021-05-28 10:14:00,227.45,1624483
2021-05-28 10:14:04,227.45,1624483
2021-05-28 10:14:07,227.5,1624484
2021-05-28 10:14:11,227.5,1624484
2021-05-28 10:14:14,227.5,1625379
2021-05-28 10:14:18,227.5,1625444
2021-05-28 10:14:21,227.5,1625534
2021-05-28 10:14:25,227.5,1625668
2021-05-28 10:14:28,227.5,1625668
2021-05-28 10:14:32,227.5,1625756
2021-05-28 10:14:35,227.5,1626848
2021-05-28 10:14:39,227.5,1627073
2021-05-28 10:14:43,227.5,1627073
2021-05-28 10:14:46,227.5,1627123
2021-05-28 10:14:50,227.5,1627123
2021-05-28 10:14:54,227.5,1627123
2021-05-28 10:14:58,227.5,1627148
2021-05-28 10:15:01,227.5,1627338
2021-05-28 10:15:05,227.6,1629340
2021-05-28 10:15:09,227.5,1629999
2021-05-28 10:15:13,227.5,1630000
2021-05-28 10:15:17,227.5,1630000
2021-05-28 10:15:21,227.6,1630600
2021-05-28 10:15:25,227.6,1630600
2021-05-28 10:15:29,227.6,1630600
2021-05-28 10:15:33,227.55,1630746
2021-05-28 10:15:37,227.6,1630836
2021-05-28 10:15:41,227.6,1630837
2021-05-28 10:15:48,227.6,1630940
2021-05-28 10:15:51,227.6,1631140
2021-05-28 10:15:55,227.55,1635576
2021-05-28 10:15:59,227.6,1635701
2021-05-28 10:16:02,227.6,1637289
2021-05-28 10:16:06,227.55,1637389
2021-05-28 10:16:09,227.55,1637389
2021-05-28 10:16:12,227.55,1637414
2021-05-28 10:16:16,227.6,1637602
2021-05-28 10:16:20,227.6,1638002
2021-05-28 10:16:24,227.6,1638002
2021-05-28 10:16:28,227.6,1638012
2021-05-28 10:16:31,227.55,1638101
2021-05-28 10:16:35,227.6,1638235
2021-05-28 10:16:39,227.6,1638240
2021-05-28 10:16:42,227.6,1638742
2021-05-28 10:16:46,227.6,1638831
2021-05-28 10:16:50,227.55,1638841
2021-05-28 10:16:54,227.55,1638844
2021-05-28 10:16:57,227.55,1638844
2021-05-28 10:17:01,227.55,1642751
2021-05-28 10:17:05,227.55,1643032
2021-05-28 10:17:08,227.6,1643047
2021-05-28 10:17:12,227.55,1643060
2021-05-28 10:17:15,227.55,1643125
2021-05-28 10:17:19,227.6,1643925
2021-05-28 10:17:23,227.6,1643925
2021-05-28 10:17:26,227.6,1643925
2021-05-28 10:17:30,227.6,1643925
2021-05-28 10:17:34,227.55,1644014
2021-05-28 10:17:38,227.6,1644020
2021-05-28 10:17:42,227.6,1644119
2021-05-28 10:17:45,227.6,1644120
2021-05-28 10:17:49,227.55,1644197
2021-05-28 10:17:53,227.55,1644197
2021-05-28 10:17:57,227.6,1644262
2021-05-28 10:18:01,227.55,1644407
2021-05-28 10:18:05,227.6,1644438
2021-05-28 10:18:08,227.6,1644438
2021-05-28 10:18:12,227.5,1657788
2021-05-28 10:18:16,227.55,1658090
2021-05-28 10:18:19,227.55,1658090
2021-05-28 10:18:23,227.55,1658150
2021-05-28 10:18:26,227.55,1658150
2021-05-28 10:18:30,227.45,1658551
2021-05-28 10:18:39,227.55,1658554
2021-05-28 10:18:43,227.55,1658554
2021-05-28 10:18:47,227.55,1658554
2021-05-28 10:18:51,227.55,1658554
2021-05-28 10:18:55,227.55,1658584
2021-05-28 10:18:58,227.5,1658644
2021-05-28 10:19:02,227.5,1672743
2021-05-28 10:19:06,227.45,1673191
2021-05-28 10:19:11,227.5,1673393
2021-05-28 10:19:15,227.5,1673393
2021-05-28 10:19:18,227.5,1673393
2021-05-28 10:19:22,227.5,1673437
2021-05-28 10:19:26,227.55,1673481
2021-05-28 10:19:30,227.55,1673481
2021-05-28 10:19:34,227.4,1673482
2021-05-28 10:19:37,227.55,1673571
2021-05-28 10:19:41,227.55,1673571
2021-05-28 10:19:45,227.6,1674434
2021-05-28 10:19:52,227.6,1676625
2021-05-28 10:19:55,227.55,1676755
2021-05-28 10:20:03,227.5,1679998
2021-05-28 10:20:08,227.6,1681262
2021-05-28 10:20:11,227.6,1681262
2021-05-28 10:20:15,227.55,1681320
2021-05-28 10:20:19,227.55,1681320
2021-05-28 10:20:22,227.55,1681914
2021-05-28 10:20:26,227.55,1682239
2021-05-28 10:20:30,227.55,1682337
2021-05-28 10:20:34,227.6,1682341
2021-05-28 10:20:38,227.6,1682341
2021-05-28 10:20:42,227.6,1682715
2021-05-28 10:20:46,227.6,1682725
2021-05-28 10:20:50,227.6,1682725
2021-05-28 10:20:53,227.6,1682725
2021-05-28 10:21:01,227.5,1682824
2021-05-28 10:21:04,227.55,1682828
2021-05-28 10:21:07,227.55,1682889
2021-05-28 10:21:11,227.6,1682899
2021-05-28 10:21:14,227.45,1683299
2021-05-28 10:21:18,227.45,1683299
2021-05-28 10:21:22,227.65,1687488
2021-05-28 10:21:26,227.65,1688466
2021-05-28 10:21:30,227.75,1688511
2021-05-28 10:21:33,227.65,1688905
2021-05-28 10:21:37,227.65,1688905
2021-05-28 10:21:40,227.75,1688906
2021-05-28 10:21:44,227.75,1688995
2021-05-28 10:21:48,227.7,1689563
2021-05-28 10:21:51,227.7,1689585
2021-05-28 10:21:55,227.7,1689586
2021-05-28 10:21:59,227.65,1689602
2021-05-28 10:22:04,227.65,1689636
2021-05-28 10:22:11,227.55,1689871
2021-05-28 10:22:15,227.55,1689871
2021-05-28 10:22:18,227.65,1689971
2021-05-28 10:22:22,227.55,1690021
2021-05-28 10:22:25,227.65,1690066
2021-05-28 10:22:29,227.65,1690111
2021-05-28 10:22:33,227.55,1690208
2021-05-28 10:22:36,227.5,1690708
2021-05-28 10:22:40,227.65,1690844
2021-05-28 10:22:44,227.65,1690889
2021-05-28 10:22:48,227.65,1690889
2021-05-28 10:22:52,227.65,1690889
2021-05-28 10:22:55,227.65,1690889
2021-05-28 10:22:59,227.65,1690889
2021-05-28 10:23:02,227.55,1690978
2021-05-28 10:23:06,227.6,1692147
2021-05-28 10:23:09,227.6,1692147
2021-05-28 10:23:13,227.6,1692147
2021-05-28 10:23:16,227.6,1692147
2021-05-28 10:23:19,227.55,1692157
2021-05-28 10:23:23,227.55,1692257
2021-05-28 10:23:26,227.55,1692257
2021-05-28 10:23:29,227.5,1692657
2021-05-28 10:23:33,227.55,1692765
2021-05-28 10:23:36,227.55,1692767
2021-05-28 10:23:39,227.6,1692938
2021-05-28 10:23:42,227.5,1693059
2021-05-28 10:23:46,227.6,1693061
2021-05-28 10:23:49,227.65,1693370
2021-05-28 10:23:53,227.65,1693370
2021-05-28 10:23:56,227.65,1693370
2021-05-28 10:23:59,227.7,1693390
2021-05-28 10:24:03,227.7,1693592
2021-05-28 10:24:07,227.7,1693627
2021-05-28 10:24:10,227.55,1693729
2021-05-28 10:24:13,227.55,1693832
2021-05-28 10:24:17,227.55,1693832
2021-05-28 10:24:20,227.55,1693832
2021-05-28 10:24:23,227.65,1695332
2021-05-28 10:24:26,227.65,1695357
2021-05-28 10:24:29,227.65,1695357
2021-05-28 10:24:32,227.55,1695894
2021-05-28 10:24:35,227.65,1695922
2021-05-28 10:24:38,227.65,1695922
2021-05-28 10:24:41,227.65,1695922
2021-05-28 10:24:44,227.65,1695922
2021-05-28 10:24:48,227.55,1695924
2021-05-28 10:24:51,227.55,1695924
2021-05-28 10:24:54,227.65,1695974
2021-05-28 10:24:57,227.65,1695975
2021-05-28 10:25:00,227.7,1695985
2021-05-28 10:25:03,227.65,1696029
2021-05-28 10:25:07,227.65,1696029
2021-05-28 10:25:10,227.55,1696674
2021-05-28 10:25:14,227.7,1697904
2021-05-28 10:25:17,227.65,1698004
2021-05-28 10:25:20,227.65,1698009
2021-05-28 10:25:24,227.65,1698009
2021-05-28 10:25:27,227.65,1698045
2021-05-28 10:25:30,227.6,1698177
2021-05-28 10:25:34,227.65,2200672
2021-05-28 10:25:38,227.65,2200672
2021-05-28 10:25:41,227.65,2200672
2021-05-28 10:25:44,227.65,2200724
2021-05-28 10:25:48,227.65,2200727
2021-05-28 10:25:51,227.65,2200727
2021-05-28 10:25:54,227.65,2200727
2021-05-28 10:25:58,227.65,2200741
2021-05-28 10:26:02,227.65,2200791
2021-05-28 10:26:05,227.65,2201002
2021-05-28 10:26:08,227.65,2201002
2021-05-28 10:26:12,227.55,2201032
2021-05-28 10:26:15,227.55,2201032
2021-05-28 10:26:18,227.6,2201074
2021-05-28 10:26:21,227.7,2201119
2021-05-28 10:26:25,227.75,2202619
2021-05-28 10:26:28,227.75,2202715
2021-05-28 10:26:31,227.75,2202715
2021-05-28 10:26:35,227.75,2202715
2021-05-28 10:26:39,227.7,2203146
2021-05-28 10:26:43,227.7,2203190
2021-05-28 10:26:47,227.7,2203190
2021-05-28 10:26:50,227.65,2203192
2021-05-28 10:26:54,227.7,2203193
2021-05-28 10:26:57,227.7,2203193
2021-05-28 10:27:00,227.7,2203193
2021-05-28 10:27:03,227.65,2203291
2021-05-28 10:27:07,227.65,2203431
2021-05-28 10:27:10,227.65,2203431
2021-05-28 10:27:13,227.65,2203431
2021-05-28 10:27:17,227.65,2203431
2021-05-28 10:27:20,227.65,2203431
2021-05-28 10:27:23,227.65,2203431
2021-05-28 10:27:26,227.65,2203431
2021-05-28 10:27:29,227.65,2203431
2021-05-28 10:27:32,227.65,2203520
2021-05-28 10:27:35,227.7,2203563
2021-05-28 10:27:38,227.7,2203563
2021-05-28 10:27:42,227.7,2204680
2021-05-28 10:27:46,227.7,2204680
2021-05-28 10:27:49,227.85,2204860
2021-05-28 10:27:53,227.7,2204883
2021-05-28 10:27:56,227.7,2204883
2021-05-28 10:27:59,227.7,2204883
2021-05-28 10:28:02,227.7,2204885
2021-05-28 10:28:05,227.7,2204885
2021-05-28 10:28:08,227.75,2204888
2021-05-28 10:28:11,227.75,2204888
2021-05-28 10:28:14,227.75,2204888
2021-05-28 10:28:17,227.75,2205428
2021-05-28 10:28:21,227.7,2205674
2021-05-28 10:28:24,227.7,2205684
2021-05-28 10:28:27,227.7,2205684
2021-05-28 10:28:30,227.7,2205776
2021-05-28 10:28:34,227.8,2205779
2021-05-28 10:28:37,227.7,2205784
2021-05-28 10:28:40,227.7,2205784
2021-05-28 10:28:43,227.7,2205887
2021-05-28 10:28:46,227.7,2205887
2021-05-28 10:28:49,227.7,2205887
2021-05-28 10:28:52,227.7,2205890
2021-05-28 10:28:55,227.7,2205890
2021-05-28 10:28:58,227.8,2205892
2021-05-28 10:29:02,227.7,2205981
2021-05-28 10:29:05,227.85,2206981
2021-05-28 10:29:08,227.75,2207277
2021-05-28 10:29:12,227.75,2207277
2021-05-28 10:29:15,227.75,2207277
2021-05-28 10:29:18,227.75,2207277
2021-05-28 10:29:21,227.85,2207377
2021-05-28 10:29:24,227.85,2207588
2021-05-28 10:29:27,227.85,2207588
2021-05-28 10:29:29,227.85,2207708
2021-05-28 10:29:32,227.75,2207796
2021-05-28 10:29:35,227.75,2207796
2021-05-28 10:29:38,227.75,2207796
2021-05-28 10:29:41,227.75,2207796
2021-05-28 10:29:44,227.75,2207796
2021-05-28 10:29:47,227.75,2211012
2021-05-28 10:29:51,227.8,2211242
2021-05-28 10:29:55,227.7,2211359
2021-05-28 10:29:58,227.7,2211359
2021-05-28 10:30:02,227.7,2211454
2021-05-28 10:30:05,227.7,2211456
2021-05-28 10:30:08,227.7,2211456
2021-05-28 10:30:11,227.7,2211456
2021-05-28 10:30:14,227.8,2211476
2021-05-28 10:30:17,227.8,2211476
2021-05-28 10:30:20,227.7,2211486
2021-05-28 10:30:23,227.7,2211508
2021-05-28 10:30:27,227.8,2212508
2021-05-28 10:30:30,227.75,2212509
2021-05-28 10:30:32,227.7,2212558
2021-05-28 10:30:35,227.7,2212563
2021-05-28 10:30:38,227.75,2213614
2021-05-28 10:30:41,227.7,2214527
2021-05-28 10:30:44,227.7,2214629
2021-05-28 10:30:47,227.7,2214949
2021-05-28 10:30:50,227.65,2215035
2021-05-28 10:30:54,227.7,2215203
2021-05-28 10:30:57,227.7,2215203
2021-05-28 10:31:00,227.65,2215292
2021-05-28 10:31:04,227.65,2215292
2021-05-28 10:31:07,227.65,2215408
2021-05-28 10:31:10,227.65,2215408
2021-05-28 10:31:17,227.6,2215666
2021-05-28 10:31:21,227.6,2216966
2021-05-28 10:31:24,227.65,2217016
2021-05-28 10:31:27,227.5,2222254
2021-05-28 10:31:30,227.45,2222602
2021-05-28 10:31:33,227.4,2222727
2021-05-28 10:31:36,227.4,2222777
2021-05-28 10:31:40,227.4,2223115
2021-05-28 10:31:44,227.4,2223121
2021-05-28 10:31:47,227.4,2223121
2021-05-28 10:31:50,227.45,2223171
2021-05-28 10:31:52,227.4,2223241
2021-05-28 10:31:55,227.4,2223251
2021-05-28 10:32:02,227.5,2224934
2021-05-28 10:32:05,227.5,2224965
2021-05-28 10:32:08,227.5,2224965
2021-05-28 10:32:11,227.6,2225192
2021-05-28 10:32:14,227.6,2225192
2021-05-28 10:32:17,227.5,2225263
2021-05-28 10:32:20,227.55,2225307
2021-05-28 10:32:23,227.5,2225351
2021-05-28 10:32:26,227.6,2225361
2021-05-28 10:32:29,227.6,2225421
2021-05-28 10:32:32,227.5,2225530
2021-05-28 10:32:35,227.5,2225530
2021-05-28 10:32:39,227.5,2225630
2021-05-28 10:32:42,227.5,2225670
2021-05-28 10:32:46,227.4,2226049
2021-05-28 10:32:50,227.4,2226049
2021-05-28 10:32:53,227.55,2226050
2021-05-28 10:32:57,227.55,2226090
2021-05-28 10:33:00,227.55,2226090
2021-05-28 10:33:03,227.55,2226090
2021-05-28 10:33:07,227.4,2226590
2021-05-28 10:33:10,227.55,2226690
2021-05-28 10:33:14,227.55,2226690
2021-05-28 10:33:17,227.55,2226791
2021-05-28 10:33:20,227.55,2226791
2021-05-28 10:33:24,227.55,2226791
2021-05-28 10:33:27,227.4,2226951
2021-05-28 10:33:30,227.4,2227044
2021-05-28 10:33:33,227.25,2231269
2021-05-28 10:33:36,227.25,2231269
2021-05-28 10:33:39,227.45,2231451
2021-05-28 10:33:43,227.25,2231951
2021-05-28 10:33:46,227.25,2231951
2021-05-28 10:33:49,227.45,2232031
2021-05-28 10:33:52,227.45,2232341
2021-05-28 10:33:56,227.3,2232394
2021-05-28 10:33:59,227.3,2232399
2021-05-28 10:34:03,227.2,2232684
2021-05-28 10:34:06,227.2,2232794
2021-05-28 10:34:09,227.2,2232794
2021-05-28 10:34:12,227.2,2233058
2021-05-28 10:34:15,227.2,2233058
2021-05-28 10:34:19,227.25,2233062
2021-05-28 10:34:22,227.45,2238048
2021-05-28 10:34:25,227.3,2238548
2021-05-28 10:34:28,227.45,2238683
2021-05-28 10:34:31,227.35,2238896
2021-05-28 10:34:35,227.3,2239202
2021-05-28 10:34:38,227.35,2239224
2021-05-28 10:34:41,227.45,2239424
2021-05-28 10:34:45,227.3,2239624
2021-05-28 10:34:49,227.35,2239626
2021-05-28 10:34:52,227.45,2239631
2021-05-28 10:34:55,227.35,2239923
2021-05-28 10:34:58,227.4,2240023
2021-05-28 10:35:02,227.35,2240172
2021-05-28 10:35:06,227.45,2240217
2021-05-28 10:35:09,227.45,2240221
2021-05-28 10:35:12,227.35,2240231
2021-05-28 10:35:16,227.45,2240241
2021-05-28 10:35:19,227.3,2240251
2021-05-28 10:35:23,227.35,2240332
2021-05-28 10:35:27,227.35,2240332
2021-05-28 10:35:30,227.35,2240332
2021-05-28 10:35:33,227.3,2240480
2021-05-28 10:35:36,227.35,2240500
2021-05-28 10:35:39,227.35,2240500
2021-05-28 10:35:42,227.35,2240500
2021-05-28 10:35:45,227.35,2240500
2021-05-28 10:35:48,227.3,2240501
2021-05-28 10:35:51,227.3,2240501
2021-05-28 10:35:54,227.3,2240501
2021-05-28 10:35:57,227.3,2240611
2021-05-28 10:36:00,227.35,2240614
2021-05-28 10:36:03,227.3,2240748
2021-05-28 10:36:06,227.3,2240748
2021-05-28 10:36:09,227.3,2240777
2021-05-28 10:36:12,227.3,2240793
2021-05-28 10:36:16,227.35,2240799
2021-05-28 10:36:20,227.3,2240804
2021-05-28 10:36:23,227.3,2241034
2021-05-28 10:36:27,227.3,2241034
2021-05-28 10:36:30,227.3,2241034
2021-05-28 10:36:33,227.35,2241123
2021-05-28 10:36:36,227.3,2241924
2021-05-28 10:36:39,227.2,2241954
2021-05-28 10:36:42,227.3,2241957
2021-05-28 10:36:45,227.2,2242136
2021-05-28 10:36:49,227.2,2242386
2021-05-28 10:36:52,227.2,2242403
2021-05-28 10:36:55,227.2,2242408
2021-05-28 10:36:59,227.3,2242508
2021-05-28 10:37:02,227.2,2242540
2021-05-28 10:37:05,227.15,2242948
2021-05-28 10:37:08,227.15,2242948
2021-05-28 10:37:11,227.15,2242980
2021-05-28 10:37:14,227.15,2242980
2021-05-28 10:37:17,227.15,2243466
2021-05-28 10:37:20,227.15,2243466
2021-05-28 10:37:23,227.2,2243585
2021-05-28 10:37:26,227.3,2243685
2021-05-28 10:37:29,227.3,2243685
2021-05-28 10:37:32,227.2,2243774
2021-05-28 10:37:35,227.15,2243791
2021-05-28 10:37:37,227.15,2243811
2021-05-28 10:37:40,227.15,2243811
2021-05-28 10:37:43,227.15,2243881
2021-05-28 10:37:46,227.15,2243881
2021-05-28 10:37:49,227.15,2243884
2021-05-28 10:37:52,227.15,2243884
2021-05-28 10:37:56,227.2,2243984
2021-05-28 10:37:59,227.3,2244110
2021-05-28 10:38:02,227.3,2244222
2021-05-28 10:38:05,227.2,2244236
2021-05-28 10:38:08,227.3,2244251
2021-05-28 10:38:11,227.3,2244251
2021-05-28 10:38:14,227.2,2244256
2021-05-28 10:38:17,227.2,2244257
2021-05-28 10:38:20,227.3,2244267
2021-05-28 10:38:22,227.3,2244267
2021-05-28 10:38:25,227.3,2244267
2021-05-28 10:38:28,227.2,2244268
2021-05-28 10:38:31,227.2,2244358
2021-05-28 10:38:34,227.2,2244418
2021-05-28 10:38:37,227.2,2244421
2021-05-28 10:38:39,227.3,2244429
2021-05-28 10:38:42,227.3,2244439
2021-05-28 10:38:45,227.3,2244439
2021-05-28 10:38:48,227.2,2244444
2021-05-28 10:38:51,227.2,2244465
2021-05-28 10:38:54,227.3,2244466
2021-05-28 10:38:56,227.2,2245466
2021-05-28 10:38:59,227.2,2245469
2021-05-28 10:39:02,227.3,2245569
2021-05-28 10:39:06,227.3,2245569
2021-05-28 10:39:09,227.2,2245589
2021-05-28 10:39:11,227.2,2245589
2021-05-28 10:39:14,227.2,2245599
2021-05-28 10:39:17,227.2,2245599
2021-05-28 10:39:20,227.2,2245599
2021-05-28 10:39:23,227.2,2245599
2021-05-28 10:39:25,227.3,2245609
2021-05-28 10:39:28,227.3,2245609
2021-05-28 10:39:31,227.2,2245698
2021-05-28 10:39:34,227.15,2248138
2021-05-28 10:39:36,227.1,2248155
2021-05-28 10:39:39,227.1,2248156
2021-05-28 10:39:42,227.25,2248456
2021-05-28 10:39:45,227.25,2248557
2021-05-28 10:39:48,227.1,2249075
2021-05-28 10:39:51,227.25,2249185
2021-05-28 10:39:54,227.2,2249286
2021-05-28 10:39:57,227.2,2249305
2021-05-28 10:40:00,227.25,2249307
2021-05-28 10:40:03,227.2,2249388
2021-05-28 10:40:06,227.2,2249388
2021-05-28 10:40:09,227.25,2249398
2021-05-28 10:40:12,227.25,2249498
2021-05-28 10:40:15,227.25,2249498
2021-05-28 10:40:18,227.15,2249508
2021-05-28 10:40:21,227.3,2249608
2021-05-28 10:40:24,227.3,2249608
2021-05-28 10:40:26,227.3,2249608
2021-05-28 10:40:29,227.3,2249608
2021-05-28 10:40:32,227.15,2249696
2021-05-28 10:40:35,227.15,2249699
2021-05-28 10:40:38,227.25,2249719
2021-05-28 10:40:40,227.25,2249727
2021-05-28 10:40:43,227.25,2249727
2021-05-28 10:40:46,227.25,2249727
2021-05-28 10:40:50,227.15,2249740
2021-05-28 10:40:53,227.15,2249740
2021-05-28 10:40:56,227.15,2249740
2021-05-28 10:40:59,227.2,2249748
2021-05-28 10:41:03,227.2,2250842
2021-05-28 10:41:06,227.15,2250843
2021-05-28 10:41:09,227.15,2250843
2021-05-28 10:41:12,227.15,2250851
2021-05-28 10:41:15,227.2,2250911
2021-05-28 10:41:18,227.15,2251761
2021-05-28 10:41:21,227.2,2251769
2021-05-28 10:41:24,227.15,2251804
2021-05-28 10:41:27,227.15,2251804
2021-05-28 10:41:30,227.15,2251904
2021-05-28 10:41:32,227.2,2252242
2021-05-28 10:41:35,227.2,2252243
2021-05-28 10:41:38,227.15,2252395
2021-05-28 10:41:41,227.15,2252545
2021-05-28 10:41:44,227.15,2252545
2021-05-28 10:41:47,227.15,2252545
2021-05-28 10:41:50,227.15,2252545
2021-05-28 10:41:53,227.15,2252555
2021-05-28 10:41:56,227.2,2252575
2021-05-28 10:41:58,227.2,2252575
2021-05-28 10:42:01,227.1,2253575
2021-05-28 10:42:04,227.1,2253583
2021-05-28 10:42:07,227.1,2253633
2021-05-28 10:42:10,227.15,2253638
2021-05-28 10:42:12,227.1,2253678
2021-05-28 10:42:15,227.1,2253678
2021-05-28 10:42:18,227.1,2253952
2021-05-28 10:42:21,227.1,2253952
2021-05-28 10:42:24,227.1,2255102
2021-05-28 10:42:27,227.15,2255220
2021-05-28 10:42:30,227.05,2262355
2021-05-28 10:42:34,227.0,2265596
2021-05-28 10:42:37,227.05,2265705
2021-05-28 10:42:40,227.0,2265804
2021-05-28 10:42:43,227.0,2265953
2021-05-28 10:42:46,227.05,2266058
2021-05-28 10:42:50,227.0,2266068
2021-05-28 10:42:53,227.0,2266533
2021-05-28 10:42:57,227.0,2267247
2021-05-28 10:43:00,227.0,2267261
2021-05-28 10:43:03,227.05,2267449
2021-05-28 10:43:06,227.0,2267450
2021-05-28 10:43:09,227.05,2267505
2021-05-28 10:43:12,227.05,2267505
2021-05-28 10:43:17,227.05,2267812
2021-05-28 10:43:20,227.05,2267817
2021-05-28 10:43:23,227.0,2267877
2021-05-28 10:43:26,227.0,2267877
2021-05-28 10:43:29,227.05,2267977
2021-05-28 10:43:32,226.9,2273823
2021-05-28 10:43:35,226.95,2274031
2021-05-28 10:43:37,226.95,2274206
2021-05-28 10:43:40,226.9,2274742
2021-05-28 10:43:43,226.9,2274742
2021-05-28 10:43:46,226.9,2274978
2021-05-28 10:43:49,226.9,2275067
2021-05-28 10:43:51,226.95,2276073
2021-05-28 10:43:54,226.8,2278863
2021-05-28 10:43:57,226.8,2278863
2021-05-28 10:44:00,226.8,2279163
2021-05-28 10:44:03,226.8,2280269
2021-05-28 10:44:06,226.85,2280532
2021-05-28 10:44:09,226.85,2280532
2021-05-28 10:44:12,226.8,2280534
2021-05-28 10:44:16,226.8,2280542
2021-05-28 10:44:19,226.9,2280942
2021-05-28 10:44:22,226.8,2280958
2021-05-28 10:44:26,226.85,2280960
2021-05-28 10:44:29,226.9,2281322
2021-05-28 10:44:32,226.85,2281772
2021-05-28 10:44:35,226.85,2281772
2021-05-28 10:44:38,226.9,2282158
2021-05-28 10:44:41,226.85,2282208
2021-05-28 10:44:47,226.95,2282271
2021-05-28 10:44:50,226.8,2282366
2021-05-28 10:44:53,226.9,2282966
2021-05-28 10:44:56,226.8,2283972
2021-05-28 10:44:59,226.8,2284233
2021-05-28 10:45:02,226.9,2284542
2021-05-28 10:45:05,226.8,2285260
2021-05-28 10:45:09,226.8,2285266
2021-05-28 10:45:11,226.8,2285397
2021-05-28 10:45:14,226.8,2285802
2021-05-28 10:45:17,226.8,2285802
2021-05-28 10:45:20,226.8,2285802
2021-05-28 10:45:23,226.8,2285802
2021-05-28 10:45:26,226.8,2285851
2021-05-28 10:45:30,226.8,2285899
2021-05-28 10:45:33,226.9,2286600
2021-05-28 10:45:35,226.85,2286601
2021-05-28 10:45:38,226.8,2287101
2021-05-28 10:45:41,226.8,2287151
2021-05-28 10:45:44,226.8,2287246
2021-05-28 10:45:47,226.85,2287251
2021-05-28 10:45:50,226.85,2287266
2021-05-28 10:45:53,226.85,2287266
2021-05-28 10:45:56,226.8,2287273
2021-05-28 10:45:59,226.85,2287303
2021-05-28 10:46:02,226.8,2287492
2021-05-28 10:46:05,226.85,2287499
2021-05-28 10:46:08,226.8,2287604
2021-05-28 10:46:11,226.7,2305484
2021-05-28 10:46:14,226.75,2305974
2021-05-28 10:46:18,226.6,2309344
2021-05-28 10:46:21,226.65,2311784
2021-05-28 10:46:25,226.65,2311954
2021-05-28 10:46:28,226.65,2312058
2021-05-28 10:46:32,226.65,2312550
2021-05-28 10:46:35,226.75,2312560
2021-05-28 10:46:38,226.55,2313095
2021-05-28 10:46:41,226.55,2313440
2021-05-28 10:46:44,226.55,2313621
2021-05-28 10:46:47,226.55,2314424
2021-05-28 10:46:50,226.55,2314593
2021-05-28 10:46:54,226.55,2314593
2021-05-28 10:46:57,226.55,2316093
2021-05-28 10:47:00,226.6,2316834
2021-05-28 10:47:03,226.65,2317221
2021-05-28 10:47:06,226.55,2317421
2021-05-28 10:47:09,226.55,2317621
2021-05-28 10:47:16,226.6,2318407
2021-05-28 10:47:19,226.6,2318412
2021-05-28 10:47:22,226.55,2318965
2021-05-28 10:47:25,226.55,2318965
2021-05-28 10:47:28,226.55,2318965
2021-05-28 10:47:31,226.6,2319606
2021-05-28 10:47:34,226.55,2319858
2021-05-28 10:47:36,226.55,2320108
2021-05-28 10:47:39,226.55,2321108
2021-05-28 10:47:42,226.55,2321179
2021-05-28 10:47:45,226.55,2321179
2021-05-28 10:47:48,226.55,2323494
2021-05-28 10:47:51,226.65,2323741
2021-05-28 10:47:54,226.6,2327766
2021-05-28 10:47:57,226.65,2328211
2021-05-28 10:48:00,226.6,2328311
2021-05-28 10:48:03,226.55,2328602
2021-05-28 10:48:06,226.5,2334506
2021-05-28 10:48:09,226.5,2334676
2021-05-28 10:48:11,226.5,2335092
2021-05-28 10:48:14,226.5,2335092
2021-05-28 10:48:17,226.5,2335200
2021-05-28 10:48:20,226.5,2335200
2021-05-28 10:48:23,226.5,2338250
2021-05-28 10:48:26,226.55,2338350
2021-05-28 10:48:29,226.5,2338728
2021-05-28 10:48:33,226.5,2339071
2021-05-28 10:48:36,226.45,2341143
2021-05-28 10:48:39,226.45,2341464
2021-05-28 10:48:42,226.45,2341664
2021-05-28 10:48:46,226.45,2345681
2021-05-28 10:48:49,226.45,2345701
2021-05-28 10:48:52,226.6,2345902
2021-05-28 10:48:55,226.45,2345965
2021-05-28 10:48:58,226.45,2345965
2021-05-28 10:49:01,226.5,2346916
2021-05-28 10:49:04,226.45,2347539
2021-05-28 10:49:08,226.6,2352929
2021-05-28 10:49:11,226.6,2353044
2021-05-28 10:49:14,226.55,2353394
2021-05-28 10:49:17,226.65,2353494
2021-05-28 10:49:20,226.6,2353614
2021-05-28 10:49:23,226.6,2353714
2021-05-28 10:49:26,226.55,2354486
2021-05-28 10:49:29,226.5,2355099
2021-05-28 10:49:32,226.65,2355234
2021-05-28 10:49:35,226.65,2355234
2021-05-28 10:49:38,226.65,2355234
2021-05-28 10:49:41,226.65,2355234
2021-05-28 10:49:44,226.55,2355385
2021-05-28 10:49:46,226.55,2355385
2021-05-28 10:49:49,226.55,2355385
2021-05-28 10:49:52,226.65,2355405
2021-05-28 10:49:54,226.65,2355405
2021-05-28 10:49:57,226.65,2355724
2021-05-28 10:50:00,226.55,2356011
2021-05-28 10:50:03,226.55,2356099
2021-05-28 10:50:06,226.65,2356109
2021-05-28 10:50:08,226.65,2356198
2021-05-28 10:50:11,226.55,2356543
2021-05-28 10:50:14,226.55,2356543
2021-05-28 10:50:17,226.6,2361668
2021-05-28 10:50:19,226.75,2361844
2021-05-28 10:50:22,226.6,2361914
2021-05-28 10:50:25,226.6,2362061
2021-05-28 10:50:28,226.75,2362206
2021-05-28 10:50:30,226.75,2365550
2021-05-28 10:50:33,226.75,2365550
2021-05-28 10:50:36,226.7,2366742
2021-05-28 10:50:39,226.7,2368026
2021-05-28 10:50:42,226.7,2368252
2021-05-28 10:50:45,226.7,2368539
2021-05-28 10:50:48,226.7,2368692
2021-05-28 10:50:51,226.7,2368792
2021-05-28 10:50:53,226.7,2368794
2021-05-28 10:50:56,226.75,2368838
2021-05-28 10:50:59,226.75,2368910
2021-05-28 10:51:02,226.7,2372607
2021-05-28 10:51:05,226.7,2372607
2021-05-28 10:51:08,226.85,2374842
2021-05-28 10:51:10,226.85,2374978
2021-05-28 10:51:13,226.9,2375336
2021-05-28 10:51:17,226.9,2375402
2021-05-28 10:51:19,226.85,2375690
2021-05-28 10:51:22,226.9,2375894
2021-05-28 10:51:25,226.9,2375899
2021-05-28 10:51:28,226.9,2376365
2021-05-28 10:51:31,226.9,2376553
2021-05-28 10:51:34,226.95,2377613
2021-05-28 10:51:36,226.95,2377613
2021-05-28 10:51:39,226.95,2377613
2021-05-28 10:51:42,227.0,2377618
2021-05-28 10:51:44,226.95,2377758
2021-05-28 10:51:47,227.15,2379214
2021-05-28 10:51:50,227.15,2380384
2021-05-28 10:51:53,227.15,2380404
2021-05-28 10:51:55,227.05,2380520
2021-05-28 10:51:58,227.05,2380520
2021-05-28 10:52:01,227.05,2380609
2021-05-28 10:52:04,227.15,2380873
2021-05-28 10:52:07,227.1,2381299
2021-05-28 10:52:12,227.05,2381479
2021-05-28 10:52:15,227.05,2381479
2021-05-28 10:52:18,227.05,2381479
2021-05-28 10:52:21,227.15,2381524
2021-05-28 10:52:24,227.2,2381625
2021-05-28 10:52:27,227.1,2382625
2021-05-28 10:52:30,227.1,2383179
2021-05-28 10:52:34,227.1,2383180
2021-05-28 10:52:36,227.15,2383321
2021-05-28 10:52:40,227.1,2383380
2021-05-28 10:52:43,227.1,2383380
2021-05-28 10:52:46,227.1,2383488
2021-05-28 10:52:50,227.1,2383548
2021-05-28 10:52:53,227.1,2383549
2021-05-28 10:52:56,227.1,2383749
2021-05-28 10:52:59,227.1,2383750
2021-05-28 10:53:02,227.05,2383924
2021-05-28 10:53:05,227.0,2392206
2021-05-28 10:53:07,227.0,2392388
2021-05-28 10:53:10,227.0,2392442
2021-05-28 10:53:13,227.0,2392476
2021-05-28 10:53:17,227.0,2392593
2021-05-28 10:53:20,227.1,2393093
2021-05-28 10:53:23,227.05,2393094
2021-05-28 10:53:26,227.05,2393094
2021-05-28 10:53:29,227.05,2393094
2021-05-28 10:53:31,227.05,2393398
2021-05-28 10:53:34,227.05,2393398
2021-05-28 10:53:36,227.05,2393438
2021-05-28 10:53:39,227.0,2393523
2021-05-28 10:53:42,226.95,2393563
2021-05-28 10:53:45,227.15,2397955
2021-05-28 10:53:48,227.2,2398135
2021-05-28 10:53:50,227.15,2398136
2021-05-28 10:53:53,227.15,2398136
2021-05-28 10:53:56,227.15,2398136
2021-05-28 10:53:58,227.1,2398360
2021-05-28 10:54:01,227.05,2399287
2021-05-28 10:54:04,227.1,2399304
2021-05-28 10:54:07,227.1,2399305
2021-05-28 10:54:09,227.1,2399335
2021-05-28 10:54:13,227.0,2399536
2021-05-28 10:54:15,227.0,2399536
2021-05-28 10:54:19,227.0,2399536
2021-05-28 10:54:22,227.0,2399588
2021-05-28 10:54:24,227.0,2399588
2021-05-28 10:54:27,227.0,2399588
2021-05-28 10:54:30,227.0,2399694
2021-05-28 10:54:32,227.0,2399783
2021-05-28 10:54:38,227.0,2399783
2021-05-28 10:54:41,227.1,2399785
2021-05-28 10:54:44,227.15,2400295
2021-05-28 10:54:47,227.15,2400295
2021-05-28 10:54:50,227.15,2400317
2021-05-28 10:54:52,227.15,2400317
2021-05-28 10:54:55,227.3,2404432
2021-05-28 10:54:57,227.25,2404553
2021-05-28 10:55:00,227.1,2404845
2021-05-28 10:55:03,227.25,2405346
2021-05-28 10:55:06,227.1,2405847
2021-05-28 10:55:09,227.25,2405883
2021-05-28 10:55:12,227.25,2405956
2021-05-28 10:55:15,227.25,2405956
2021-05-28 10:55:18,227.25,2406056
2021-05-28 10:55:21,227.25,2406056
2021-05-28 10:55:24,227.15,2406156
2021-05-28 10:55:27,227.15,2406156
2021-05-28 10:55:30,227.1,2406265
2021-05-28 10:55:33,227.1,2406315
2021-05-28 10:55:36,227.1,2406317
2021-05-28 10:55:38,227.1,2406317
2021-05-28 10:55:41,227.05,2406354
2021-05-28 10:55:43,227.05,2406354
2021-05-28 10:55:46,227.05,2406354
2021-05-28 10:55:49,227.2,2406765
2021-05-28 10:55:51,227.2,2406765
2021-05-28 10:55:54,227.2,2406904
2021-05-28 10:55:56,227.2,2406904
2021-05-28 10:55:59,227.2,2406904
2021-05-28 10:56:02,227.05,2406993
2021-05-28 10:56:05,227.15,2407093
2021-05-28 10:56:08,227.15,2407093
2021-05-28 10:56:11,227.15,2407595
2021-05-28 10:56:14,227.15,2407595
2021-05-28 10:56:16,227.15,2407595
2021-05-28 10:56:18,227.15,2407595
2021-05-28 10:56:21,227.15,2407595
2021-05-28 10:56:24,227.15,2407595
2021-05-28 10:56:26,227.15,2407596
2021-05-28 10:56:29,227.15,2407596
2021-05-28 10:56:32,227.05,2407684
2021-05-28 10:56:34,227.05,2407684
2021-05-28 10:56:37,227.05,2407729
2021-05-28 10:56:39,227.05,2407729
2021-05-28 10:56:42,227.15,2407749
2021-05-28 10:56:44,227.15,2407749
2021-05-28 10:56:47,227.05,2407774
2021-05-28 10:56:50,227.05,2407774
2021-05-28 10:56:52,227.15,2407775
2021-05-28 10:56:55,227.15,2407775
2021-05-28 10:56:57,227.15,2407775
2021-05-28 10:57:00,227.05,2407875
2021-05-28 10:57:03,227.05,2407966
2021-05-28 10:57:05,227.15,2409252
2021-05-28 10:57:08,227.15,2409252
2021-05-28 10:57:11,227.05,2409449
2021-05-28 10:57:14,227.15,2409549
2021-05-28 10:57:17,227.0,2410042
2021-05-28 10:57:20,227.0,2410043
2021-05-28 10:57:22,227.0,2410043
2021-05-28 10:57:25,227.1,2410113
2021-05-28 10:57:28,227.1,2410432
2021-05-28 10:57:30,227.1,2410432
2021-05-28 10:57:33,227.1,2410540
2021-05-28 10:57:36,227.1,2410540
2021-05-28 10:57:36,227.1,2410540
2021-05-28 10:57:37,227.1,2410540
2021-05-28 10:57:38,227.1,2410540
2021-05-28 10:57:39,227.1,2410540
2021-05-28 10:57:40,226.95,2412540
2021-05-28 10:57:41,226.95,2412540
2021-05-28 10:57:42,226.95,2412540
2021-05-28 10:57:43,226.95,2412540
2021-05-28 10:57:44,226.95,2412540
2021-05-28 10:57:45,227.1,2412640
2021-05-28 10:57:47,227.1,2412640
2021-05-28 10:57:48,227.1,2412640
2021-05-28 10:57:49,227.1,2412640
2021-05-28 10:57:49,227.1,2412640
2021-05-28 10:57:50,227.1,2412640
2021-05-28 10:57:51,227.1,2412640
2021-05-28 10:57:52,227.1,2412640
2021-05-28 10:57:53,227.1,2412640
2021-05-28 10:57:54,227.05,2412641
2021-05-28 10:57:55,227.0,2412730
2021-05-28 10:57:56,227.0,2412730
2021-05-28 10:57:57,227.0,2412730
2021-05-28 10:57:58,227.0,2412730
2021-05-28 10:57:59,227.0,2412730
2021-05-28 10:58:00,227.0,2412730
2021-05-28 10:58:01,227.0,2412795
2021-05-28 10:58:02,227.0,2412795
2021-05-28 10:58:04,227.0,2412813
2021-05-28 10:58:05,227.0,2412819
2021-05-28 10:58:06,227.0,2412819
2021-05-28 10:58:06,227.0,2412819
2021-05-28 10:58:07,227.0,2412819
2021-05-28 10:58:08,227.0,2412819
2021-05-28 10:58:09,227.0,2412819
2021-05-28 10:58:10,227.0,2413019
2021-05-28 10:58:11,226.95,2413279
2021-05-28 10:58:12,226.95,2413279
2021-05-28 10:58:13,226.95,2413461
2021-05-28 10:58:14,227.0,2413466
2021-05-28 10:58:15,227.0,2413466
2021-05-28 10:58:16,227.0,2413466
2021-05-28 10:58:17,227.0,2413466
2021-05-28 10:58:18,227.0,2413466
2021-05-28 10:58:19,226.95,2413692
2021-05-28 10:58:20,226.95,2413692
2021-05-28 10:58:21,227.05,2413751
2021-05-28 10:58:23,227.05,2413751
2021-05-28 10:58:24,226.95,2413821
2021-05-28 10:58:25,226.95,2413821
2021-05-28 10:58:26,226.95,2413821
2021-05-28 10:58:27,226.95,2413821
2021-05-28 10:58:28,226.95,2413821
2021-05-28 10:58:29,227.0,2414821
2021-05-28 10:58:30,227.05,2414822
2021-05-28 10:58:31,227.05,2415018
2021-05-28 10:58:32,227.05,2415018
2021-05-28 10:58:33,227.05,2415018
2021-05-28 10:58:34,227.05,2415018
2021-05-28 10:58:35,227.05,2415018
2021-05-28 10:58:36,227.05,2415018
2021-05-28 10:58:37,227.05,2415018
2021-05-28 10:58:38,227.05,2415018
2021-05-28 10:58:39,227.05,2415148
2021-05-28 10:58:41,227.05,2415229
2021-05-28 10:58:41,227.05,2415229
2021-05-28 10:58:42,227.05,2415229
2021-05-28 10:58:43,227.0,2415318
2021-05-28 10:58:44,227.0,2415318
2021-05-28 10:58:45,227.0,2415322
2021-05-28 10:58:46,226.95,2415411
2021-05-28 10:58:47,226.95,2415411
2021-05-28 10:58:48,226.95,2415411
2021-05-28 10:58:49,226.95,2415414
2021-05-28 10:58:50,226.95,2415414
2021-05-28 10:58:52,226.95,2415414
2021-05-28 10:58:52,226.95,2415414
2021-05-28 10:58:53,227.05,2415418
2021-05-28 10:58:54,227.05,2415418
2021-05-28 10:58:55,227.05,2415418
2021-05-28 10:58:56,227.0,2415428
2021-05-28 10:58:57,227.0,2415428
2021-05-28 10:58:59,227.0,2415429
2021-05-28 10:59:01,226.95,2415606
2021-05-28 10:59:02,227.05,2415608
2021-05-28 10:59:03,227.05,2415608
2021-05-28 10:59:05,227.05,2415608
2021-05-28 10:59:06,227.05,2415608
2021-05-28 10:59:07,227.05,2415608
2021-05-28 10:59:08,227.05,2415608
2021-05-28 10:59:10,227.05,2415608
2021-05-28 10:59:11,227.05,2415608
2021-05-28 10:59:12,227.05,2415608
2021-05-28 10:59:13,227.05,2415608
2021-05-28 10:59:14,227.05,2415608
2021-05-28 10:59:14,227.05,2415608
2021-05-28 10:59:15,227.05,2415608
2021-05-28 10:59:16,227.05,2415608
2021-05-28 10:59:17,227.05,2415608
2021-05-28 10:59:18,227.05,2415658
2021-05-28 10:59:19,227.05,2415658
2021-05-28 10:59:20,227.05,2415658
2021-05-28 10:59:21,227.05,2415658
2021-05-28 10:59:22,227.05,2415663
2021-05-28 10:59:23,227.05,2415663
2021-05-28 10:59:24,227.05,2415668
2021-05-28 10:59:25,227.05,2415668
2021-05-28 10:59:26,227.05,2415668
2021-05-28 10:59:27,227.0,2415782
2021-05-28 10:59:29,227.05,2415798
2021-05-28 10:59:30,227.05,2415798
2021-05-28 10:59:31,227.0,2415814
2021-05-28 10:59:32,226.85,2417862
2021-05-28 10:59:33,227.0,2417890
2021-05-28 10:59:34,227.0,2417899
2021-05-28 10:59:34,227.0,2417899
2021-05-28 10:59:35,227.0,2417908
2021-05-28 10:59:36,227.0,2417917
2021-05-28 10:59:37,227.0,2417926
2021-05-28 10:59:38,227.0,2417926
2021-05-28 10:59:39,227.0,2417926
2021-05-28 10:59:40,227.0,2417926
2021-05-28 10:59:41,227.0,2417926
2021-05-28 10:59:42,227.0,2417926
2021-05-28 10:59:43,227.0,2417926
2021-05-28 10:59:44,227.05,2417927
2021-05-28 10:59:45,227.05,2417927
2021-05-28 10:59:46,227.05,2417927
2021-05-28 10:59:47,227.05,2417927
2021-05-28 10:59:48,227.05,2417927
2021-05-28 10:59:49,226.95,2418237
2021-05-28 10:59:50,227.05,2418337
2021-05-28 10:59:51,227.05,2418337
2021-05-28 10:59:52,226.95,2418466
2021-05-28 10:59:53,226.9,2418689
2021-05-28 10:59:54,226.9,2418689
2021-05-28 10:59:55,226.9,2418689
2021-05-28 10:59:56,226.9,2418989
2021-05-28 10:59:57,226.9,2418989
2021-05-28 10:59:58,226.9,2418989
2021-05-28 11:00:00,226.9,2418989
2021-05-28 11:00:01,227.0,2419008
2021-05-28 11:00:01,227.0,2419008
2021-05-28 11:00:02,227.0,2419050
2021-05-28 11:00:03,227.0,2419082
2021-05-28 11:00:04,227.0,2419114
2021-05-28 11:00:05,227.0,2419146
2021-05-28 11:00:06,226.95,2419346
2021-05-28 11:00:07,226.95,2419446
2021-05-28 11:00:08,226.95,2419559
2021-05-28 11:00:09,226.95,2419672
2021-05-28 11:00:10,226.95,2419785
2021-05-28 11:00:11,227.05,2421659
2021-05-28 11:00:12,226.95,2421825
2021-05-28 11:00:13,227.0,2421831
2021-05-28 11:00:14,227.1,2421921
2021-05-28 11:00:15,227.1,2421921
2021-05-28 11:00:16,227.1,2421921
2021-05-28 11:00:17,227.1,2421921
2021-05-28 11:00:18,227.1,2421921
2021-05-28 11:00:19,227.1,2421921
2021-05-28 11:00:20,227.1,2421936
2021-05-28 11:00:21,226.9,2423376
2021-05-28 11:00:23,226.95,2423377
2021-05-28 11:00:23,226.95,2423377
2021-05-28 11:00:24,227.05,2423392
2021-05-28 11:00:25,227.05,2423392
2021-05-28 11:00:26,226.9,2423892
2021-05-28 11:00:29,227.05,2423910
2021-05-28 11:00:29,227.05,2423910
2021-05-28 11:00:30,226.95,2423999
2021-05-28 11:00:31,226.9,2424099
2021-05-28 11:00:32,227.0,2424224
2021-05-28 11:00:34,227.0,2424224
2021-05-28 11:00:34,227.0,2424224
2021-05-28 11:00:35,227.0,2424224
2021-05-28 11:00:36,227.0,2424224
2021-05-28 11:00:37,227.0,2424224
2021-05-28 11:00:38,227.0,2424224
2021-05-28 11:00:39,227.0,2424224
2021-05-28 11:00:40,227.0,2424224
2021-05-28 11:00:41,227.0,2424224
2021-05-28 11:00:42,227.0,2424224
2021-05-28 11:00:43,226.9,2424225
2021-05-28 11:00:44,226.9,2424232
2021-05-28 11:00:45,226.9,2424232
2021-05-28 11:00:46,226.9,2424232
2021-05-28 11:00:47,226.9,2424482
2021-05-28 11:00:49,226.9,2424482
2021-05-28 11:00:50,226.9,2424482
2021-05-28 11:00:50,226.9,2424482
2021-05-28 11:00:51,226.9,2424482
2021-05-28 11:00:52,226.9,2424482
2021-05-28 11:00:53,226.9,2424482
2021-05-28 11:00:54,227.05,2424485
2021-05-28 11:00:55,227.05,2424485
2021-05-28 11:00:56,227.05,2424485
2021-05-28 11:00:57,227.05,2424486
2021-05-28 11:00:58,227.05,2424486
2021-05-28 11:00:59,227.05,2424486
2021-05-28 11:01:00,227.0,2424574
2021-05-28 11:01:01,226.9,2424751
2021-05-28 11:01:02,227.0,2424795
2021-05-28 11:01:03,227.0,2424795
2021-05-28 11:01:04,227.0,2424795
2021-05-28 11:01:06,227.0,2424795
2021-05-28 11:01:07,227.05,2424995
2021-05-28 11:01:08,226.95,2425015
2021-05-28 11:01:08,226.95,2425015
2021-05-28 11:01:09,226.95,2425015
2021-05-28 11:01:10,226.95,2425015
2021-05-28 11:01:11,227.0,2425535
2021-05-28 11:01:12,227.0,2425535
2021-05-28 11:01:13,227.05,2425639
2021-05-28 11:01:15,226.9,2426247
2021-05-28 11:01:16,226.9,2426247
2021-05-28 11:01:17,226.9,2426247
2021-05-28 11:01:18,226.9,2426247
2021-05-28 11:01:19,226.9,2426247
2021-05-28 11:01:20,226.9,2426247
2021-05-28 11:01:21,226.9,2426247
2021-05-28 11:01:22,226.9,2426247
2021-05-28 11:01:23,227.0,2426267
2021-05-28 11:01:24,227.0,2426267
2021-05-28 11:01:25,227.0,2426267
2021-05-28 11:01:26,227.0,2426267
2021-05-28 11:01:27,227.0,2426267
2021-05-28 11:01:28,227.0,2426267
2021-05-28 11:01:29,227.0,2426267
2021-05-28 11:01:30,227.0,2426267
2021-05-28 11:01:31,227.0,2426356
2021-05-28 11:01:32,227.0,2426356
2021-05-28 11:01:33,227.0,2426356
2021-05-28 11:01:34,227.0,2426456
2021-05-28 11:01:35,227.05,2426457
2021-05-28 11:01:36,227.05,2426457
2021-05-28 11:01:37,227.05,2426457
2021-05-28 11:01:38,227.05,2426457
2021-05-28 11:01:39,227.05,2426457
2021-05-28 11:01:40,227.05,2426457
2021-05-28 11:01:41,227.05,2426458
2021-05-28 11:01:42,227.0,2426558
2021-05-28 11:01:43,227.0,2426608
2021-05-28 11:01:44,227.0,2426608
2021-05-28 11:01:45,227.0,2426608
2021-05-28 11:01:47,227.0,2426608
2021-05-28 11:01:46,227.0,2426608
2021-05-28 11:01:48,227.0,2426608
2021-05-28 11:01:49,227.0,2426608
2021-05-28 11:01:50,227.0,2426608
2021-05-28 11:01:51,227.0,2426608
2021-05-28 11:01:52,227.0,2426608
2021-05-28 11:01:53,227.0,2426608
2021-05-28 11:01:54,227.0,2426609
2021-05-28 11:01:55,227.0,2426609
2021-05-28 11:01:56,227.0,2426713
2021-05-28 11:01:58,227.0,2426713
2021-05-28 11:01:57,227.0,2426713
2021-05-28 11:01:59,227.0,2426713
2021-05-28 11:02:00,227.0,2426713
2021-05-28 11:02:01,227.0,2426802
2021-05-28 11:02:02,227.0,2426802
2021-05-28 11:02:03,227.0,2426802
2021-05-28 11:02:04,227.0,2426802
2021-05-28 11:02:05,227.0,2426802
2021-05-28 11:02:06,227.0,2426802
2021-05-28 11:02:07,227.0,2426802
2021-05-28 11:02:08,227.0,2426802
2021-05-28 11:02:09,227.0,2426802
2021-05-28 11:02:10,227.0,2426802
2021-05-28 11:02:11,227.0,2426802
2021-05-28 11:02:12,227.0,2426802
2021-05-28 11:02:14,227.0,2426802
2021-05-28 11:02:14,227.0,2426802
2021-05-28 11:02:15,227.05,2426803
2021-05-28 11:02:16,227.05,2426803
2021-05-28 11:02:17,227.05,2426803
2021-05-28 11:02:19,227.05,2426804
2021-05-28 11:02:19,227.05,2426804
2021-05-28 11:02:20,227.05,2426804
2021-05-28 11:02:21,227.05,2426804
2021-05-28 11:02:22,227.05,2426804
2021-05-28 11:02:23,227.05,2426804
2021-05-28 11:02:24,227.05,2426804
2021-05-28 11:02:25,227.05,2426804
2021-05-28 11:02:26,227.05,2426804
2021-05-28 11:02:27,227.05,2426804
2021-05-28 11:02:29,227.05,2426804
2021-05-28 11:02:28,227.05,2426804
2021-05-28 11:02:30,227.0,2426892
2021-05-28 11:02:31,227.0,2426892
2021-05-28 11:02:32,227.0,2426892
2021-05-28 11:02:33,227.0,2426892
2021-05-28 11:02:34,227.0,2426892
2021-05-28 11:02:35,227.0,2426893
2021-05-28 11:02:40,227.0,2426893
2021-05-28 11:02:43,227.0,2426894
2021-05-28 11:02:46,227.0,2426914
2021-05-28 11:02:49,227.0,2426914
2021-05-28 11:02:53,227.0,2426999
2021-05-28 11:02:55,226.95,2427620
2021-05-28 11:02:58,226.95,2427620
2021-05-28 11:03:01,226.95,2427709
2021-05-28 11:03:05,226.95,2427709
2021-05-28 11:03:08,226.95,2427709
2021-05-28 11:03:11,226.9,2428253
2021-05-28 11:03:14,227.05,2428387
2021-05-28 11:03:17,227.05,2428608
2021-05-28 11:03:25,227.05,2428918
2021-05-28 11:03:29,227.05,2428969
2021-05-28 11:03:32,227.05,2429147
2021-05-28 11:03:35,227.05,2429236
2021-05-28 11:03:39,227.05,2429280
2021-05-28 11:03:42,227.05,2429975
2021-05-28 11:03:45,227.0,2430883
2021-05-28 11:03:49,227.05,2431131
2021-05-28 11:03:52,227.05,2431222
2021-05-28 11:03:55,227.05,2431222
2021-05-28 11:03:58,227.05,2431222
2021-05-28 11:04:02,227.0,2431311
2021-05-28 11:04:05,227.05,2431457
2021-05-28 11:04:09,227.05,2431502
2021-05-28 11:04:12,227.05,2431502
2021-05-28 11:04:16,227.05,2432007
2021-05-28 11:04:18,227.05,2432007
2021-05-28 11:04:22,226.9,2434207
2021-05-28 11:04:25,226.95,2434393
2021-05-28 11:04:28,227.05,2434395
2021-05-28 11:04:31,227.0,2434651
2021-05-28 11:04:35,227.05,2434652
2021-05-28 11:04:38,227.05,2434652
2021-05-28 11:04:41,227.05,2434652
2021-05-28 11:04:44,227.0,2434672
2021-05-28 11:04:47,227.05,2434716
2021-05-28 11:04:51,227.0,2434781
2021-05-28 11:04:54,227.0,2434781
2021-05-28 11:04:57,227.05,2434826
2021-05-28 11:05:00,227.0,2435022
2021-05-28 11:05:03,227.05,2439603
2021-05-28 11:05:06,227.2,2439776
2021-05-28 11:05:09,227.1,2440891
2021-05-28 11:05:11,227.1,2440960
2021-05-28 11:05:14,227.2,2441125
2021-05-28 11:05:18,227.2,2442603
2021-05-28 11:05:21,227.2,2442603
2021-05-28 11:05:24,227.2,2442603
2021-05-28 11:05:26,227.2,2443103
2021-05-28 11:05:29,227.2,2443103
2021-05-28 11:05:32,227.05,2443192
2021-05-28 11:05:35,227.15,2444392
2021-05-28 11:05:37,227.15,2444418
2021-05-28 11:05:41,227.15,2444418
2021-05-28 11:05:43,227.2,2444608
2021-05-28 11:05:46,227.2,2444608
2021-05-28 11:05:49,227.05,2444753
2021-05-28 11:05:51,227.15,2444855
2021-05-28 11:05:54,227.05,2444880
2021-05-28 11:05:56,227.05,2444880
2021-05-28 11:05:59,227.05,2444880
2021-05-28 11:06:02,227.05,2444880
2021-05-28 11:06:06,227.05,2444968
2021-05-28 11:06:09,227.05,2444980
2021-05-28 11:06:13,227.05,2444980
2021-05-28 11:06:16,227.1,2444993
2021-05-28 11:06:19,227.1,2444994
2021-05-28 11:06:22,227.1,2444994
2021-05-28 11:06:25,227.1,2444994
2021-05-28 11:06:29,227.05,2445016
2021-05-28 11:06:32,227.05,2445346
2021-05-28 11:06:35,227.05,2445346
2021-05-28 11:06:38,227.1,2445356
2021-05-28 11:06:41,227.1,2445356
2021-05-28 11:06:44,227.1,2445356
2021-05-28 11:06:47,227.15,2445363
2021-05-28 11:06:54,227.05,2446068
2021-05-28 11:06:57,227.15,2446073
2021-05-28 11:07:00,227.15,2446073
2021-05-28 11:07:03,227.1,2446273
2021-05-28 11:07:06,227.05,2446383
2021-05-28 11:07:09,227.2,2447133
2021-05-28 11:07:13,227.2,2447133
2021-05-28 11:07:16,227.05,2447153
2021-05-28 11:07:19,227.05,2447153
2021-05-28 11:07:21,227.15,2447163
2021-05-28 11:07:24,227.15,2447163
2021-05-28 11:07:27,227.15,2447163
2021-05-28 11:07:30,227.05,2447251
2021-05-28 11:07:34,227.05,2447251
2021-05-28 11:07:37,227.05,2447411
2021-05-28 11:07:40,227.05,2447411
2021-05-28 11:07:43,227.05,2447412
2021-05-28 11:07:46,227.05,2447412
2021-05-28 11:07:49,227.05,2447412
2021-05-28 11:07:52,227.05,2447412
2021-05-28 11:07:55,227.1,2447413
2021-05-28 11:07:58,227.1,2447413
2021-05-28 11:08:01,227.05,2447459
2021-05-28 11:08:04,227.05,2447459
2021-05-28 11:08:06,227.05,2447459
2021-05-28 11:08:09,227.05,2447459
2021-05-28 11:08:12,227.15,2448002
2021-05-28 11:08:15,227.15,2448002
2021-05-28 11:08:17,227.15,2448002
2021-05-28 11:08:20,227.1,2448046
2021-05-28 11:08:23,227.1,2448046
2021-05-28 11:08:26,227.1,2448046
2021-05-28 11:08:30,227.1,2448046
2021-05-28 11:08:33,227.0,2448134
2021-05-28 11:08:36,227.0,2448134
2021-05-28 11:08:39,227.05,2448178
2021-05-28 11:08:42,227.0,2448323
2021-05-28 11:08:45,227.0,2448413
2021-05-28 11:08:49,227.0,2448413
2021-05-28 11:08:53,227.1,2448473
2021-05-28 11:08:56,227.1,2448473
2021-05-28 11:08:59,227.1,2448475
2021-05-28 11:09:02,227.05,2448564
2021-05-28 11:09:05,227.1,2448624
2021-05-28 11:09:12,227.05,2448653
2021-05-28 11:09:15,227.05,2448653
2021-05-28 11:09:20,227.05,2448653
2021-05-28 11:09:24,227.05,2448653
2021-05-28 11:09:27,227.05,2448653
2021-05-28 11:09:30,227.05,2448653
2021-05-28 11:09:33,227.1,2448793
2021-05-28 11:09:36,227.1,2448793
2021-05-28 11:09:39,227.1,2448850
2021-05-28 11:09:43,227.05,2449380
2021-05-28 11:09:46,227.05,2449380
2021-05-28 11:09:49,227.0,2449401
2021-05-28 11:09:52,227.0,2449401
2021-05-28 11:09:54,227.0,2449421
2021-05-28 11:09:57,227.05,2449441
2021-05-28 11:10:00,227.05,2449441
2021-05-28 11:10:03,227.0,2449625
2021-05-28 11:10:05,227.0,2450125
2021-05-28 11:10:08,227.0,2450125
2021-05-28 11:10:12,227.0,2450125
2021-05-28 11:10:15,227.0,2450225
2021-05-28 11:10:18,227.0,2450225
2021-05-28 11:10:21,227.0,2450225
2021-05-28 11:10:24,227.0,2450225
2021-05-28 11:10:27,227.0,2450269
2021-05-28 11:10:31,227.0,2450458
2021-05-28 11:10:34,227.0,2450459
2021-05-28 11:10:37,227.0,2450504
2021-05-28 11:10:40,227.0,2450504
2021-05-28 11:10:43,227.0,2450504
2021-05-28 11:10:46,227.0,2450504
2021-05-28 11:10:49,227.05,2450507
2021-05-28 11:10:52,227.05,2450507
2021-05-28 11:10:55,227.0,2450660
2021-05-28 11:10:58,227.05,2450662
2021-05-28 11:11:01,227.0,2450750
2021-05-28 11:11:04,227.0,2450750
2021-05-28 11:11:07,227.0,2450794
2021-05-28 11:11:10,227.0,2450794
2021-05-28 11:11:13,227.0,2450794
2021-05-28 11:11:16,227.05,2450825
2021-05-28 11:11:19,227.0,2450925
2021-05-28 11:11:22,227.1,2451125
2021-05-28 11:11:25,227.1,2451125
2021-05-28 11:11:28,227.1,2451125
2021-05-28 11:11:34,227.0,2451216
2021-05-28 11:11:37,227.0,2451216
2021-05-28 11:11:40,227.05,2451218
2021-05-28 11:11:43,227.05,2451218
2021-05-28 11:11:46,226.9,2460898
2021-05-28 11:11:49,226.9,2461454
2021-05-28 11:11:52,226.9,2461953
2021-05-28 11:11:56,226.95,2463000
2021-05-28 11:12:00,227.0,2464303
2021-05-28 11:12:03,226.95,2464312
2021-05-28 11:12:06,226.95,2464321
2021-05-28 11:12:10,226.9,2464363
2021-05-28 11:12:14,226.95,2465131
2021-05-28 11:12:17,227.0,2466147
2021-05-28 11:12:21,226.8,2469998
2021-05-28 11:12:24,227.0,2471273
2021-05-28 11:12:27,227.0,2472812
2021-05-28 11:12:30,226.8,2475274
2021-05-28 11:12:33,227.0,2477276
2021-05-28 11:12:36,226.95,2478014
2021-05-28 11:12:39,226.9,2479889
2021-05-28 11:12:42,226.7,2481469
2021-05-28 11:12:46,227.0,2482243
2021-05-28 11:12:49,226.9,2484900
2021-05-28 11:12:53,227.0,2485439
2021-05-28 11:12:56,227.0,2485513
2021-05-28 11:12:59,226.75,2486365
2021-05-28 11:13:02,226.9,2486499
2021-05-28 11:13:05,226.9,2486680
2021-05-28 11:13:08,226.9,2487680
2021-05-28 11:13:12,227.0,2488619
2021-05-28 11:13:15,226.85,2488773
2021-05-28 11:13:19,227.05,2491411
2021-05-28 11:13:23,226.85,2491919
2021-05-28 11:13:26,226.9,2493061
2021-05-28 11:13:29,226.95,2494176
2021-05-28 11:13:33,227.0,2494554
2021-05-28 11:13:36,227.0,2494554
2021-05-28 11:13:39,227.05,2494555
2021-05-28 11:13:43,227.0,2495911
2021-05-28 11:13:46,226.85,2497314
2021-05-28 11:13:50,227.0,2498082
2021-05-28 11:13:53,227.05,2498616
2021-05-28 11:13:57,227.05,2499378
2021-05-28 11:14:00,227.1,2499817
2021-05-28 11:14:04,226.9,2500920
2021-05-28 11:14:07,227.05,2502728
2021-05-28 11:14:11,227.05,2504168
2021-05-28 11:14:14,227.0,2505901
2021-05-28 11:14:18,227.05,2506029
2021-05-28 11:14:21,226.85,2506733
2021-05-28 11:14:24,226.95,2507492
2021-05-28 11:14:28,226.95,2507633
2021-05-28 11:14:31,226.85,2507765
2021-05-28 11:14:34,226.95,2507854
2021-05-28 11:14:37,226.95,2508583
2021-05-28 11:14:41,226.95,2508583
2021-05-28 11:14:44,226.95,2508583
2021-05-28 11:14:48,226.85,2509053
2021-05-28 11:14:52,226.95,2509731
2021-05-28 11:14:56,226.95,2510931
2021-05-28 11:14:59,226.75,2511863
2021-05-28 11:15:02,226.85,2511990
2021-05-28 11:15:06,226.85,2512410
2021-05-28 11:15:10,226.75,2513374
2021-05-28 11:15:14,226.8,2513544
2021-05-28 11:15:18,226.7,2514001
2021-05-28 11:15:22,226.85,2514237
2021-05-28 11:15:25,226.85,2514429
2021-05-28 11:15:29,226.85,2514621
2021-05-28 11:15:33,226.8,2514802
2021-05-28 11:15:37,226.8,2514969
2021-05-28 11:15:40,226.7,2516588
2021-05-28 11:15:43,226.8,2517378
2021-05-28 11:15:47,226.8,2517885
2021-05-28 11:15:51,226.8,2518634
2021-05-28 11:15:54,226.8,2519962
2021-05-28 11:15:58,226.8,2520062
2021-05-28 11:16:01,226.75,2520986
2021-05-28 11:16:04,226.85,2521259
2021-05-28 11:16:07,226.8,2521271
2021-05-28 11:16:11,226.9,2528378
2021-05-28 11:16:15,227.05,2529327
2021-05-28 11:16:18,226.95,2529771
2021-05-28 11:16:22,226.95,2529771
2021-05-28 11:16:28,226.9,3037138
2021-05-28 11:16:32,227.0,3037227
2021-05-28 11:16:35,227.1,3037228
2021-05-28 11:16:39,227.0,3037230
2021-05-28 11:16:42,227.0,3037230
2021-05-28 11:16:45,227.0,3037230
2021-05-28 11:16:52,227.1,3037779
