timestamp,ltp,volume
2021-05-28 09:15:11,323.55,259699
2021-05-28 09:15:12,323.65,272280
2021-05-28 09:15:13,323.95,280838
2021-05-28 09:15:14,324.05,313555
2021-05-28 09:15:15,324.05,325296
2021-05-28 09:15:16,324.15,343003
2021-05-28 09:15:17,323.85,365188
2021-05-28 09:15:18,324.35,378985
2021-05-28 09:15:19,324.4,400322
2021-05-28 09:15:20,324.45,410037
2021-05-28 09:15:21,324.5,413247
2021-05-28 09:15:22,324.35,425306
2021-05-28 09:15:23,324.1,450654
2021-05-28 09:15:25,324.1,472175
2021-05-28 09:15:26,324.0,480026
2021-05-28 09:15:27,323.9,484867
2021-05-28 09:15:28,324.05,488261
2021-05-28 09:15:29,324.3,495600
2021-05-28 09:15:30,324.1,497916
2021-05-28 09:15:31,324.2,509335
2021-05-28 09:15:32,324.3,517010
2021-05-28 09:15:33,324.2,523862
2021-05-28 09:15:34,324.15,528975
2021-05-28 09:15:34,324.15,528985
2021-05-28 09:15:35,324.2,534060
2021-05-28 09:15:36,324.25,539526
2021-05-28 09:15:37,324.4,589889
2021-05-28 09:15:38,324.35,600627
2021-05-28 09:15:39,324.2,628811
2021-05-28 09:15:40,324.05,636320
2021-05-28 09:15:41,324.3,641909
2021-05-28 09:15:42,324.3,649631
2021-05-28 09:15:44,324.2,667058
2021-05-28 09:15:45,324.0,675028
2021-05-28 09:15:46,324.2,678500
2021-05-28 09:15:47,324.2,682311
2021-05-28 09:15:48,324.15,685621
2021-05-28 09:15:49,324.0,695144
2021-05-28 09:15:50,324.15,705090
2021-05-28 09:15:51,324.0,711480
2021-05-28 09:15:52,324.15,722373
2021-05-28 09:15:53,323.9,727548
2021-05-28 09:15:54,324.0,731555
2021-05-28 09:15:55,323.85,740874
2021-05-28 09:15:56,323.8,743394
2021-05-28 09:15:57,323.8,745332
2021-05-28 09:15:57,323.8,746406
2021-05-28 09:16:01,324.0,758169
2021-05-28 09:16:05,323.8,780423
2021-05-28 09:16:06,323.8,792563
2021-05-28 09:16:07,323.6,796256
2021-05-28 09:16:08,323.8,801702
2021-05-28 09:16:10,323.8,807576
2021-05-28 09:16:11,323.7,818944
2021-05-28 09:16:11,323.5,818939
2021-05-28 09:16:12,323.4,833372
2021-05-28 09:16:13,323.55,834307
2021-05-28 09:16:14,323.4,868651
2021-05-28 09:16:15,323.45,872987
2021-05-28 09:16:16,323.2,887521
2021-05-28 09:16:17,323.2,891798
2021-05-28 09:16:19,323.4,902582
2021-05-28 09:16:20,323.4,910082
2021-05-28 09:16:21,323.15,915525
2021-05-28 09:16:21,323.15,920762
2021-05-28 09:16:23,323.15,926334
2021-05-28 09:16:24,323.2,934250
2021-05-28 09:16:25,323.2,935387
2021-05-28 09:16:26,323.3,978518
2021-05-28 09:16:27,323.05,987864
2021-05-28 09:16:28,323.3,998197
2021-05-28 09:16:29,323.4,1001712
2021-05-28 09:16:30,323.3,1004266
2021-05-28 09:16:31,323.3,1005402
2021-05-28 09:16:32,323.4,1007786
2021-05-28 09:16:32,323.2,1043641
2021-05-28 09:16:34,323.3,1047203
2021-05-28 09:16:35,323.35,1049684
2021-05-28 09:16:35,323.25,1053952
2021-05-28 09:16:36,323.3,1056269
2021-05-28 09:16:38,323.0,1131502
2021-05-28 09:16:39,323.1,1169071
2021-05-28 09:16:40,323.2,1171343
2021-05-28 09:16:40,323.2,1172297
2021-05-28 09:16:42,323.2,1178141
2021-05-28 09:16:43,323.1,1189796
2021-05-28 09:16:44,323.1,1191099
2021-05-28 09:16:44,323.15,1194057
2021-05-28 09:16:45,322.85,1210058
2021-05-28 09:16:46,323.1,1215627
2021-05-28 09:16:47,323.1,1216867
2021-05-28 09:16:48,323.0,1219078
2021-05-28 09:16:49,323.1,1220799
2021-05-28 09:16:51,323.05,1229769
2021-05-28 09:16:53,323.0,1261203
2021-05-28 09:16:53,322.8,1264041
2021-05-28 09:16:55,322.8,1266991
2021-05-28 09:16:56,322.8,1324569
2021-05-28 09:16:57,322.6,1326367
2021-05-28 09:16:58,322.65,1333650
2021-05-28 09:16:59,322.6,1338796
2021-05-28 09:17:00,322.75,1340202
2021-05-28 09:17:01,322.75,1343301
2021-05-28 09:17:02,322.65,1347115
2021-05-28 09:17:03,322.7,1349373
2021-05-28 09:17:04,322.65,1350519
2021-05-28 09:17:04,322.45,1370625
2021-05-28 09:17:06,322.3,1376926
2021-05-28 09:17:06,322.5,1378624
2021-05-28 09:17:07,322.5,1382324
2021-05-28 09:17:08,322.5,1384577
2021-05-28 09:17:09,322.45,1392661
2021-05-28 09:17:10,322.5,1395063
2021-05-28 09:17:12,322.6,1399148
2021-05-28 09:17:13,322.65,1402362
2021-05-28 09:17:14,322.8,1407504
2021-05-28 09:17:15,322.8,1413607
2021-05-28 09:17:16,322.65,1415154
2021-05-28 09:17:18,322.65,1437648
2021-05-28 09:17:20,322.45,1448667
2021-05-28 09:17:22,322.5,1453803
2021-05-28 09:17:22,322.65,1455498
2021-05-28 09:17:24,322.7,1457454
2021-05-28 09:17:25,322.6,1461440
2021-05-28 09:17:26,322.65,1463610
2021-05-28 09:17:27,322.7,1467486
2021-05-28 09:17:28,322.75,1471199
2021-05-28 09:17:28,322.75,1471282
2021-05-28 09:17:30,322.75,1476067
2021-05-28 09:17:31,322.65,1477900
2021-05-28 09:17:32,322.65,1479119
2021-05-28 09:17:33,322.6,1480079
2021-05-28 09:17:33,322.6,1480303
2021-05-28 09:17:34,322.55,1482561
2021-05-28 09:17:35,322.65,1495036
2021-05-28 09:17:36,322.6,1501115
2021-05-28 09:17:37,322.65,1503361
2021-05-28 09:17:38,322.65,1504140
2021-05-28 09:17:39,322.7,1507127
2021-05-28 09:17:41,322.85,1523158
2021-05-28 09:17:42,322.85,1526161
2021-05-28 09:17:43,322.9,1534296
2021-05-28 09:17:44,322.9,1536267
2021-05-28 09:17:45,322.75,1539067
2021-05-28 09:17:46,323.0,1544434
2021-05-28 09:17:47,322.85,1547660
2021-05-28 09:17:48,322.9,1550417
2021-05-28 09:17:48,322.95,1551022
2021-05-28 09:17:50,323.0,1556010
2021-05-28 09:17:51,322.9,1561968
2021-05-28 09:17:52,322.8,1566985
2021-05-28 09:17:53,322.9,1568124
2021-05-28 09:17:54,322.8,1568598
2021-05-28 09:17:55,322.9,1570345
2021-05-28 09:17:56,323.0,1574476
2021-05-28 09:17:57,322.8,1575859
2021-05-28 09:17:58,322.8,1576150
2021-05-28 09:17:58,322.8,1580000
2021-05-28 09:17:59,322.9,1593714
2021-05-28 09:18:01,323.0,1599990
2021-05-28 09:18:02,322.95,1636871
2021-05-28 09:18:03,322.95,1638687
2021-05-28 09:18:03,322.95,1639412
2021-05-28 09:18:04,322.85,1642291
2021-05-28 09:18:05,322.95,1643673
2021-05-28 09:18:06,322.75,1649767
2021-05-28 09:18:08,323.0,1655839
2021-05-28 09:18:09,322.85,1658795
2021-05-28 09:18:09,322.8,1658955
2021-05-28 09:18:11,322.95,1662809
2021-05-28 09:18:12,322.95,1667239
2021-05-28 09:18:13,322.9,1668087
2021-05-28 09:18:14,323.0,1684076
2021-05-28 09:18:15,323.0,1692163
2021-05-28 09:18:16,323.1,1694781
2021-05-28 09:18:17,323.15,1697644
2021-05-28 09:18:18,323.0,1699498
2021-05-28 09:18:18,322.95,1699483
2021-05-28 09:18:19,322.95,1704393
2021-05-28 09:18:20,323.0,1708102
2021-05-28 09:18:21,322.95,1708910
2021-05-28 09:18:22,323.0,1713344
2021-05-28 09:18:23,323.2,1715931
2021-05-28 09:18:24,323.1,1720609
2021-05-28 09:18:26,323.25,1741267
2021-05-28 09:18:27,323.15,1744207
2021-05-28 09:18:27,323.25,1746259
2021-05-28 09:18:28,323.3,1766778
2021-05-28 09:18:29,323.35,1771674
2021-05-28 09:18:30,323.5,1795365
2021-05-28 09:18:31,323.5,1796999
2021-05-28 09:18:33,323.8,1799752
2021-05-28 09:18:34,323.8,1804650
2021-05-28 09:18:34,323.6,1805716
2021-05-28 09:18:36,323.6,1834328
2021-05-28 09:18:37,323.6,1836480
2021-05-28 09:18:37,323.6,1836490
2021-05-28 09:18:38,323.75,1839129
2021-05-28 09:18:39,323.6,1850575
2021-05-28 09:18:40,323.45,1859395
2021-05-28 09:18:42,323.45,1862792
2021-05-28 09:18:43,323.45,1864792
2021-05-28 09:18:43,323.3,1865727
2021-05-28 09:18:44,323.4,1866627
2021-05-28 09:18:46,323.55,1873231
2021-05-28 09:18:47,323.4,1875329
2021-05-28 09:18:48,323.4,1926025
2021-05-28 09:18:48,323.4,1926025
2021-05-28 09:18:49,323.35,1944233
2021-05-28 09:18:50,323.45,1955902
2021-05-28 09:18:51,323.65,1965551
2021-05-28 09:18:52,323.55,1974978
2021-05-28 09:18:53,323.55,1976676
2021-05-28 09:18:54,323.95,2015676
2021-05-28 09:18:56,323.5,2133174
2021-05-28 09:18:56,323.5,2140603
2021-05-28 09:18:58,323.1,2153369
2021-05-28 09:18:59,323.15,2154313
2021-05-28 09:18:59,323.25,2155869
2021-05-28 09:19:01,323.2,2163322
2021-05-28 09:19:02,323.25,2163512
2021-05-28 09:19:03,323.35,2163815
2021-05-28 09:19:04,323.35,2164511
2021-05-28 09:19:05,323.05,2177726
2021-05-28 09:19:06,323.2,2180822
2021-05-28 09:19:07,323.15,2184161
2021-05-28 09:19:08,323.05,2184694
2021-05-28 09:19:09,323.2,2189885
2021-05-28 09:19:09,323.2,2189945
2021-05-28 09:19:10,323.35,2200652
2021-05-28 09:19:11,323.2,2208280
2021-05-28 09:19:12,323.2,2209315
2021-05-28 09:19:13,323.25,2211330
2021-05-28 09:19:14,323.3,2213890
2021-05-28 09:19:16,323.3,2217852
2021-05-28 09:19:16,323.3,2219705
2021-05-28 09:19:17,323.25,2220916
2021-05-28 09:19:18,323.3,2222017
2021-05-28 09:19:19,323.45,2223771
2021-05-28 09:19:20,323.25,2230178
2021-05-28 09:19:21,323.35,2234846
2021-05-28 09:19:22,323.2,2236104
2021-05-28 09:19:23,323.25,2240791
2021-05-28 09:19:24,323.0,2286184
2021-05-28 09:19:25,322.9,2288313
2021-05-28 09:19:26,323.1,2292426
2021-05-28 09:19:27,322.9,2295840
2021-05-28 09:19:28,323.1,2297768
2021-05-28 09:19:30,323.2,2312010
2021-05-28 09:19:31,323.1,2313658
2021-05-28 09:19:31,323.2,2314614
2021-05-28 09:19:33,322.95,2321259
2021-05-28 09:19:33,323.0,2329613
2021-05-28 09:19:34,323.1,2330608
2021-05-28 09:19:36,322.9,2332205
2021-05-28 09:19:37,322.7,2359548
2021-05-28 09:19:37,322.7,2359718
2021-05-28 09:19:38,322.65,2362240
2021-05-28 09:19:40,322.4,2419128
2021-05-28 09:19:41,322.35,2423845
2021-05-28 09:19:41,322.35,2423705
2021-05-28 09:19:43,322.4,2426394
2021-05-28 09:19:43,322.2,2426472
2021-05-28 09:19:44,322.2,2426868
2021-05-28 09:19:45,322.4,2427890
2021-05-28 09:19:47,322.25,2434285
2021-05-28 09:19:48,322.25,2436424
2021-05-28 09:19:49,322.2,2446604
2021-05-28 09:19:51,322.25,2452404
2021-05-28 09:19:52,322.2,2456165
2021-05-28 09:19:53,322.2,2456777
2021-05-28 09:19:54,322.25,2460001
2021-05-28 09:19:55,322.2,2467605
2021-05-28 09:19:56,322.2,2472899
2021-05-28 09:19:57,322.25,2475284
2021-05-28 09:19:59,322.2,2512117
2021-05-28 09:19:59,322.25,2513881
2021-05-28 09:20:01,322.3,2522132
2021-05-28 09:20:02,322.0,2539391
2021-05-28 09:20:02,322.0,2560817
2021-05-28 09:20:04,322.05,2590920
2021-05-28 09:20:04,322.05,2595418
2021-05-28 09:20:05,321.95,2598080
2021-05-28 09:20:06,321.85,2604293
2021-05-28 09:20:08,321.95,2615694
2021-05-28 09:20:09,322.0,2616276
2021-05-28 09:20:10,322.0,2618855
2021-05-28 09:20:11,322.0,2623061
2021-05-28 09:20:12,322.0,2626659
2021-05-28 09:20:13,321.9,2629764
2021-05-28 09:20:14,322.0,2631349
2021-05-28 09:20:14,322.0,2631859
2021-05-28 09:20:15,321.9,2634935
2021-05-28 09:20:16,321.85,2637366
2021-05-28 09:20:17,322.0,2638364
2021-05-28 09:20:18,322.0,2639701
2021-05-28 09:20:19,321.85,2642921
2021-05-28 09:20:21,321.9,2648623
2021-05-28 09:20:22,321.9,2649523
2021-05-28 09:20:23,322.0,2655138
2021-05-28 09:20:24,322.1,2658870
2021-05-28 09:20:24,322.15,2665118
2021-05-28 09:20:26,322.15,2669249
2021-05-28 09:20:27,322.15,2673974
2021-05-28 09:20:27,322.15,2673874
2021-05-28 09:20:28,322.15,2675129
2021-05-28 09:20:29,322.35,2677620
2021-05-28 09:20:31,322.4,2680675
2021-05-28 09:20:32,322.4,2681941
2021-05-28 09:20:33,322.5,2685010
2021-05-28 09:20:35,322.6,2689742
2021-05-28 09:20:35,322.6,2690280
2021-05-28 09:20:36,322.55,2694604
2021-05-28 09:20:37,322.45,2696912
2021-05-28 09:20:38,322.45,2697532
2021-05-28 09:20:40,322.55,2702800
2021-05-28 09:20:41,322.4,2704664
2021-05-28 09:20:42,322.6,2707655
2021-05-28 09:20:43,322.5,2711543
2021-05-28 09:20:43,322.6,2711686
2021-05-28 09:20:45,322.45,2718526
2021-05-28 09:20:46,322.35,2722627
2021-05-28 09:20:46,322.35,2722637
2021-05-28 09:20:47,322.4,2733517
2021-05-28 09:20:48,322.3,2736008
2021-05-28 09:20:50,322.3,2737195
2021-05-28 09:20:51,322.4,2737810
2021-05-28 09:20:51,322.4,2737885
2021-05-28 09:20:52,322.3,2739691
2021-05-28 09:20:54,322.5,2742066
2021-05-28 09:20:55,322.5,2742775
2021-05-28 09:20:56,322.4,2744101
2021-05-28 09:20:57,322.35,2745506
2021-05-28 09:20:58,322.3,2748963
2021-05-28 09:20:59,322.35,2753013
2021-05-28 09:21:00,322.2,2754313
2021-05-28 09:21:01,322.4,2759299
2021-05-28 09:21:01,322.4,2759719
2021-05-28 09:21:03,322.1,2795593
2021-05-28 09:21:04,322.1,2796275
2021-05-28 09:21:04,322.1,2796280
2021-05-28 09:21:05,322.1,2798343
2021-05-28 09:21:06,322.25,2800912
2021-05-28 09:21:07,322.25,2801928
2021-05-28 09:21:09,321.95,2819949
2021-05-28 09:21:10,321.9,2822314
2021-05-28 09:21:10,321.95,2829458
2021-05-28 09:21:12,322.05,2831248
2021-05-28 09:21:12,322.05,2831751
2021-05-28 09:21:14,321.85,2869001
2021-05-28 09:21:15,321.85,2882293
2021-05-28 09:21:16,321.7,2900541
2021-05-28 09:21:17,321.55,2916198
2021-05-28 09:21:18,321.8,2927591
2021-05-28 09:21:19,321.65,2928986
2021-05-28 09:21:20,321.8,2930361
2021-05-28 09:21:21,321.8,2930946
2021-05-28 09:21:22,321.75,2937238
2021-05-28 09:21:23,321.6,2937668
2021-05-28 09:21:24,321.55,2939240
2021-05-28 09:21:24,321.7,2939335
2021-05-28 09:21:25,321.8,2940618
2021-05-28 09:21:26,321.75,2942387
2021-05-28 09:21:27,321.85,2950319
2021-05-28 09:21:28,321.55,2954123
2021-05-28 09:21:29,321.55,2956099
2021-05-28 09:21:31,321.65,2964913
2021-05-28 09:21:31,321.65,2964488
2021-05-28 09:21:33,321.7,2972052
2021-05-28 09:21:34,321.85,2977462
2021-05-28 09:21:35,321.9,2979613
2021-05-28 09:21:36,321.85,2981886
2021-05-28 09:21:37,321.8,2982583
2021-05-28 09:21:38,321.75,2984548
2021-05-28 09:21:38,321.9,2984648
2021-05-28 09:21:39,321.85,2985519
2021-05-28 09:21:41,321.8,2991645
2021-05-28 09:21:42,321.75,2992778
2021-05-28 09:21:43,321.65,2996911
2021-05-28 09:21:44,321.8,2999417
2021-05-28 09:21:44,321.85,2999717
2021-05-28 09:21:45,321.9,3001398
2021-05-28 09:21:46,321.8,3005605
2021-05-28 09:21:47,321.85,3008274
2021-05-28 09:21:48,321.7,3008394
2021-05-28 09:21:50,321.85,3009589
2021-05-28 09:21:51,321.75,3017578
2021-05-28 09:21:51,321.9,3018448
2021-05-28 09:21:53,321.7,3026287
2021-05-28 09:21:54,321.75,3027342
2021-05-28 09:21:55,321.75,3028459
2021-05-28 09:21:56,321.9,3031505
2021-05-28 09:21:57,321.85,3033152
2021-05-28 09:21:58,321.7,3035207
2021-05-28 09:21:59,321.85,3036852
2021-05-28 09:22:00,321.7,3043256
2021-05-28 09:22:01,321.8,3043743
2021-05-28 09:22:02,321.9,3045310
2021-05-28 09:22:02,321.8,3045726
2021-05-28 09:22:03,321.85,3046257
2021-05-28 09:22:05,321.9,3048454
2021-05-28 09:22:06,321.8,3049562
2021-05-28 09:22:07,321.9,3049868
2021-05-28 09:22:08,321.95,3061534
2021-05-28 09:22:08,321.9,3062301
2021-05-28 09:22:09,321.95,3062671
2021-05-28 09:22:10,321.95,3064641
2021-05-28 09:22:12,322.0,3075804
2021-05-28 09:22:13,321.8,3086019
2021-05-28 09:22:14,321.9,3086599
2021-05-28 09:22:15,322.05,3106964
2021-05-28 09:22:16,321.95,3120060
2021-05-28 09:22:17,321.85,3120865
2021-05-28 09:22:19,321.85,3131499
2021-05-28 09:22:18,321.9,3121215
2021-05-28 09:22:20,321.8,3133694
2021-05-28 09:22:20,321.9,3134976
2021-05-28 09:22:21,322.0,3138046
2021-05-28 09:22:22,321.95,3140690
2021-05-28 09:22:23,321.85,3141481
2021-05-28 09:22:25,321.95,3168029
2021-05-28 09:22:26,321.85,3168066
2021-05-28 09:22:27,321.95,3173421
2021-05-28 09:22:28,322.0,3186865
2021-05-28 09:22:29,322.05,3188954
2021-05-28 09:22:30,322.0,3190647
2021-05-28 09:22:31,322.0,3191675
2021-05-28 09:22:32,322.1,3192814
2021-05-28 09:22:33,322.1,3193457
2021-05-28 09:22:33,322.0,3193678
2021-05-28 09:22:34,322.0,3214856
2021-05-28 09:22:36,322.0,3216684
2021-05-28 09:22:36,322.0,3216744
2021-05-28 09:22:37,322.0,3220457
2021-05-28 09:22:38,322.05,3222162
2021-05-28 09:22:39,322.1,3226821
2021-05-28 09:22:41,322.1,3228199
2021-05-28 09:22:42,322.05,3229427
2021-05-28 09:22:43,322.15,3230827
2021-05-28 09:22:44,322.05,3231667
2021-05-28 09:22:45,322.1,3234983
2021-05-28 09:22:46,322.05,3235952
2021-05-28 09:22:47,322.2,3241097
2021-05-28 09:22:48,322.2,3244416
2021-05-28 09:22:49,322.35,3248219
2021-05-28 09:22:50,322.4,3250285
2021-05-28 09:22:51,322.4,3251069
2021-05-28 09:22:52,322.2,3271046
2021-05-28 09:22:53,322.2,3272925
2021-05-28 09:22:54,322.0,3273786
2021-05-28 09:22:55,322.2,3274250
2021-05-28 09:22:56,322.2,3274647
2021-05-28 09:22:57,322.25,3279727
2021-05-28 09:22:58,322.2,3280614
2021-05-28 09:22:59,322.2,3281497
2021-05-28 09:23:00,322.2,3281913
2021-05-28 09:23:01,322.35,3283340
2021-05-28 09:23:02,322.25,3296524
2021-05-28 09:23:03,322.45,3297907
2021-05-28 09:23:04,322.4,3298297
2021-05-28 09:23:05,322.35,3308823
2021-05-28 09:23:06,322.3,3309079
2021-05-28 09:23:07,322.3,3309746
2021-05-28 09:23:08,322.35,3309803
2021-05-28 09:23:08,322.3,3310074
2021-05-28 09:23:09,322.45,3311106
2021-05-28 09:23:10,322.45,3311603
2021-05-28 09:23:12,322.35,3311935
2021-05-28 09:23:13,322.35,3312382
2021-05-28 09:23:14,322.35,3312493
2021-05-28 09:23:15,322.35,3312738
2021-05-28 09:23:16,322.35,3313690
2021-05-28 09:23:17,322.35,3315190
2021-05-28 09:23:18,322.35,3316443
2021-05-28 09:23:20,322.35,3325927
2021-05-28 09:23:21,322.5,3326657
2021-05-28 09:23:22,322.4,3328113
2021-05-28 09:23:23,322.45,3328600
2021-05-28 09:23:24,322.35,3328722
2021-05-28 09:23:25,322.4,3330537
2021-05-28 09:23:26,322.45,3331231
2021-05-28 09:23:27,322.4,3332096
2021-05-28 09:23:28,322.5,3333132
2021-05-28 09:23:29,322.35,3335598
2021-05-28 09:23:30,322.35,3335778
2021-05-28 09:23:31,322.45,3341331
2021-05-28 09:23:33,322.3,3342596
2021-05-28 09:23:34,322.45,3344638
2021-05-28 09:23:35,322.4,3344874
2021-05-28 09:23:36,322.3,3347507
2021-05-28 09:23:37,322.35,3347597
2021-05-28 09:23:38,322.4,3348383
2021-05-28 09:23:39,322.35,3348575
2021-05-28 09:23:40,322.2,3350422
2021-05-28 09:23:41,322.35,3352498
2021-05-28 09:23:42,322.4,3354323
2021-05-28 09:23:43,322.3,3354327
2021-05-28 09:23:44,322.25,3355063
2021-05-28 09:23:45,322.2,3355748
2021-05-28 09:23:46,322.3,3356703
2021-05-28 09:23:47,322.3,3361641
2021-05-28 09:23:48,322.2,3362900
2021-05-28 09:23:49,322.2,3364888
2021-05-28 09:23:49,322.3,3365211
2021-05-28 09:23:50,322.35,3367275
2021-05-28 09:23:51,322.35,3372978
2021-05-28 09:23:52,322.2,3373440
2021-05-28 09:23:53,322.4,3384407
2021-05-28 09:23:55,322.45,3392223
2021-05-28 09:23:56,322.35,3393125
2021-05-28 09:23:57,322.3,3395372
2021-05-28 09:23:58,322.3,3398762
2021-05-28 09:23:59,322.3,3399040
2021-05-28 09:24:00,322.4,3399228
2021-05-28 09:24:01,322.3,3400803
2021-05-28 09:24:02,322.4,3401144
2021-05-28 09:24:03,322.25,3403359
2021-05-28 09:24:04,322.3,3406336
2021-05-28 09:24:05,322.3,3407944
2021-05-28 09:24:06,322.35,3422898
2021-05-28 09:24:07,322.4,3423039
2021-05-28 09:24:08,322.35,3423610
2021-05-28 09:24:09,322.45,3457052
2021-05-28 09:24:10,322.65,3463516
2021-05-28 09:24:11,322.75,3472519
2021-05-28 09:24:12,322.6,3477375
2021-05-28 09:24:13,322.75,3478149
2021-05-28 09:24:14,322.65,3478789
2021-05-28 09:24:15,322.6,3480337
2021-05-28 09:24:16,322.9,3490048
2021-05-28 09:24:17,322.95,3536403
2021-05-28 09:24:18,322.85,3541685
2021-05-28 09:24:19,323.0,3607194
2021-05-28 09:24:20,322.95,3610896
2021-05-28 09:24:21,323.1,3612927
2021-05-28 09:24:22,323.05,3616037
2021-05-28 09:24:23,323.0,3622218
2021-05-28 09:24:24,323.1,3627260
2021-05-28 09:24:25,323.2,3631276
2021-05-28 09:24:26,323.0,3634298
2021-05-28 09:24:27,323.2,3636925
2021-05-28 09:24:27,323.15,3636695
2021-05-28 09:24:28,323.1,3639940
2021-05-28 09:24:29,323.2,3642490
2021-05-28 09:24:30,323.2,3645826
2021-05-28 09:24:31,323.25,3647073
2021-05-28 09:24:32,323.25,3651523
2021-05-28 09:24:33,323.15,3651935
2021-05-28 09:24:34,323.1,3654975
2021-05-28 09:24:35,323.2,3657713
2021-05-28 09:24:36,323.1,3661490
2021-05-28 09:24:37,323.05,3662900
2021-05-28 09:24:39,323.1,3664825
2021-05-28 09:24:40,323.2,3666797
2021-05-28 09:24:41,323.15,3670607
2021-05-28 09:24:42,323.0,3671246
2021-05-28 09:24:43,323.0,3672890
2021-05-28 09:24:44,323.1,3674765
2021-05-28 09:24:45,323.0,3678167
2021-05-28 09:24:46,323.0,3680264
2021-05-28 09:24:47,323.2,3681616
2021-05-28 09:24:48,323.0,3685018
2021-05-28 09:24:49,323.05,3685648
2021-05-28 09:24:50,323.1,3687327
2021-05-28 09:24:51,323.1,3708800
2021-05-28 09:24:52,323.1,3712622
2021-05-28 09:24:53,323.1,3713181
2021-05-28 09:24:54,323.05,3714878
2021-05-28 09:24:55,323.0,3718274
2021-05-28 09:24:56,323.05,3721452
2021-05-28 09:24:57,323.05,3722272
2021-05-28 09:24:58,323.0,3723676
2021-05-28 09:24:59,323.0,3726883
2021-05-28 09:25:00,323.0,3739482
2021-05-28 09:25:01,323.0,3740146
2021-05-28 09:25:02,323.0,3741304
2021-05-28 09:25:03,322.9,3746754
2021-05-28 09:25:04,322.8,3747599
2021-05-28 09:25:05,322.8,3748203
2021-05-28 09:25:06,322.75,3748895
2021-05-28 09:25:07,322.6,3750178
2021-05-28 09:25:08,322.6,3752315
2021-05-28 09:25:09,322.8,3754188
2021-05-28 09:25:10,322.65,3755702
2021-05-28 09:25:11,322.65,3757906
2021-05-28 09:25:12,322.55,3760876
2021-05-28 09:25:13,322.65,3761854
2021-05-28 09:25:14,322.8,3762094
2021-05-28 09:25:14,322.85,3762344
2021-05-28 09:25:15,322.8,3764451
2021-05-28 09:25:16,322.75,3765174
2021-05-28 09:25:17,322.8,3772583
2021-05-28 09:25:18,322.75,3773225
2021-05-28 09:25:19,322.75,3774084
2021-05-28 09:25:20,322.75,3774960
2021-05-28 09:25:21,322.8,3776504
2021-05-28 09:25:22,322.8,3777704
2021-05-28 09:25:24,322.55,3782845
2021-05-28 09:25:25,322.6,3784722
2021-05-28 09:25:26,322.6,3785789
2021-05-28 09:25:27,322.55,3785945
2021-05-28 09:25:28,322.55,3786661
2021-05-28 09:25:29,322.4,3806490
2021-05-28 09:25:30,322.4,3814222
2021-05-28 09:25:31,322.4,3814734
2021-05-28 09:25:32,322.4,3815066
2021-05-28 09:25:33,322.15,3817754
2021-05-28 09:25:34,322.25,3827763
2021-05-28 09:25:35,322.3,3828448
2021-05-28 09:25:36,322.35,3828607
2021-05-28 09:25:37,322.4,3829737
2021-05-28 09:25:38,322.4,3830345
2021-05-28 09:25:39,322.3,3831788
2021-05-28 09:25:40,322.3,3833929
2021-05-28 09:25:41,322.3,3834709
2021-05-28 09:25:42,322.4,3835049
2021-05-28 09:25:43,322.45,3837033
2021-05-28 09:25:44,322.4,3838474
2021-05-28 09:25:45,322.3,3842087
2021-05-28 09:25:46,322.4,3844218
2021-05-28 09:25:47,322.4,3844909
2021-05-28 09:25:48,322.45,3845302
2021-05-28 09:25:49,322.5,3846324
2021-05-28 09:25:50,322.5,3847389
2021-05-28 09:25:51,322.35,3848386
2021-05-28 09:25:52,322.55,3850492
2021-05-28 09:25:53,322.4,3851012
2021-05-28 09:25:53,322.4,3851012
2021-05-28 09:25:54,322.5,3852447
2021-05-28 09:25:55,322.5,3852598
2021-05-28 09:25:56,322.45,3852972
2021-05-28 09:25:57,322.3,3854251
2021-05-28 09:25:58,322.45,3855821
2021-05-28 09:25:59,322.3,3856590
2021-05-28 09:26:00,322.25,3857005
2021-05-28 09:26:01,322.4,3857175
2021-05-28 09:26:02,322.4,3857224
2021-05-28 09:26:03,322.45,3858390
2021-05-28 09:26:04,322.4,3859676
2021-05-28 09:26:05,322.25,3860908
2021-05-28 09:26:06,322.3,3861560
2021-05-28 09:26:07,322.4,3865462
2021-05-28 09:26:08,322.25,3865846
2021-05-28 09:26:09,322.4,3866350
2021-05-28 09:26:10,322.2,3872913
2021-05-28 09:26:12,322.15,3874516
2021-05-28 09:26:13,322.15,3875166
2021-05-28 09:26:14,322.1,3885128
2021-05-28 09:26:15,322.1,3885295
2021-05-28 09:26:16,322.0,3925565
2021-05-28 09:26:17,322.0,3930903
2021-05-28 09:26:18,322.1,3932618
2021-05-28 09:26:19,322.0,3936408
2021-05-28 09:26:20,321.85,3938944
2021-05-28 09:26:21,321.85,3943840
2021-05-28 09:26:22,321.9,3944975
2021-05-28 09:26:23,322.15,3945570
2021-05-28 09:26:24,322.3,3948581
2021-05-28 09:26:25,322.2,3948683
2021-05-28 09:26:26,322.15,3949453
2021-05-28 09:26:27,322.2,3950564
2021-05-28 09:26:28,322.3,3951476
2021-05-28 09:26:29,322.2,3951730
2021-05-28 09:26:30,322.15,3951775
2021-05-28 09:26:31,322.15,3952822
2021-05-28 09:26:32,322.25,3954838
2021-05-28 09:26:33,322.2,3954921
2021-05-28 09:26:34,322.2,3954971
2021-05-28 09:26:35,322.2,3955111
2021-05-28 09:26:36,322.25,3956338
2021-05-28 09:26:37,322.2,3956558
2021-05-28 09:26:38,322.2,3956811
2021-05-28 09:26:39,322.15,3959004
2021-05-28 09:26:40,322.2,3959558
2021-05-28 09:26:41,322.05,3964516
2021-05-28 09:26:41,322.1,3964526
2021-05-28 09:26:42,322.15,3964899
2021-05-28 09:26:43,322.1,3966110
2021-05-28 09:26:44,322.2,3966991
2021-05-28 09:26:45,322.2,3967347
2021-05-28 09:26:46,322.15,3968701
2021-05-28 09:26:47,322.15,3970099
2021-05-28 09:26:48,322.25,3972220
2021-05-28 09:26:49,322.25,3973954
2021-05-28 09:26:50,322.25,3974614
2021-05-28 09:26:51,322.25,3974653
2021-05-28 09:26:52,322.25,3975000
2021-05-28 09:26:53,322.25,3975847
2021-05-28 09:26:54,322.2,3978629
2021-05-28 09:26:55,322.2,3980644
2021-05-28 09:26:56,322.2,3981170
2021-05-28 09:26:57,322.15,3981360
2021-05-28 09:26:58,322.15,3982086
2021-05-28 09:26:59,322.2,3983055
2021-05-28 09:27:01,322.2,3984562
2021-05-28 09:27:02,322.1,3990221
2021-05-28 09:27:03,322.2,3990472
2021-05-28 09:27:04,322.25,3991399
2021-05-28 09:27:05,322.05,3991607
2021-05-28 09:27:06,322.05,3992238
2021-05-28 09:27:07,322.0,4007730
2021-05-28 09:27:09,322.0,4012720
2021-05-28 09:27:10,321.9,4013465
2021-05-28 09:27:11,322.0,4013689
2021-05-28 09:27:12,321.9,4014427
2021-05-28 09:27:13,322.05,4015875
2021-05-28 09:27:14,321.95,4017037
2021-05-28 09:27:15,321.95,4018964
2021-05-28 09:27:16,322.0,4025303
2021-05-28 09:27:17,321.95,4026337
2021-05-28 09:27:18,322.0,4029324
2021-05-28 09:27:19,321.95,4030154
2021-05-28 09:27:20,321.9,4030472
2021-05-28 09:27:21,322.0,4030759
2021-05-28 09:27:22,321.9,4031257
2021-05-28 09:27:23,321.9,4031354
2021-05-28 09:27:24,321.9,4031895
2021-05-28 09:27:25,322.0,4032787
2021-05-28 09:27:26,321.85,4075452
2021-05-28 09:27:27,321.85,4079074
2021-05-28 09:27:28,322.0,4084122
2021-05-28 09:27:28,321.95,4084127
2021-05-28 09:27:29,321.9,4085513
2021-05-28 09:27:30,322.15,4091290
2021-05-28 09:27:31,322.0,4091716
2021-05-28 09:27:32,322.0,4092264
2021-05-28 09:27:33,322.0,4093828
2021-05-28 09:27:34,321.95,4094434
2021-05-28 09:27:35,322.0,4095334
2021-05-28 09:27:37,322.1,4095652
2021-05-28 09:27:38,322.0,4095788
2021-05-28 09:27:39,322.0,4097333
2021-05-28 09:27:40,322.05,4097786
2021-05-28 09:27:41,322.15,4099651
2021-05-28 09:27:42,322.0,4103387
2021-05-28 09:27:43,322.05,4104717
2021-05-28 09:27:43,322.05,4104717
2021-05-28 09:27:45,322.0,4106052
2021-05-28 09:27:46,322.0,4111118
2021-05-28 09:27:47,322.1,4111691
2021-05-28 09:27:48,322.05,4112440
2021-05-28 09:27:48,322.0,4115222
2021-05-28 09:27:50,322.1,4116346
2021-05-28 09:27:51,322.1,4117075
2021-05-28 09:27:52,322.1,4117604
2021-05-28 09:27:53,321.95,4117938
2021-05-28 09:27:54,322.0,4118268
2021-05-28 09:27:55,321.95,4120229
2021-05-28 09:27:55,322.1,4120235
2021-05-28 09:27:57,322.0,4120451
2021-05-28 09:27:58,322.05,4122023
2021-05-28 09:27:59,322.0,4123307
2021-05-28 09:28:00,321.95,4124857
2021-05-28 09:28:01,321.95,4126429
2021-05-28 09:28:02,322.05,4130905
2021-05-28 09:28:03,322.1,4136737
2021-05-28 09:28:04,322.05,4137597
2021-05-28 09:28:04,321.95,4138097
2021-05-28 09:28:05,322.0,4138654
2021-05-28 09:28:07,322.0,4139015
2021-05-28 09:28:08,322.0,4142064
2021-05-28 09:28:09,322.0,4147888
2021-05-28 09:28:10,322.0,4148472
2021-05-28 09:28:11,322.0,4149162
2021-05-28 09:28:11,322.0,4149172
2021-05-28 09:28:12,322.05,4149272
2021-05-28 09:28:14,322.1,4151135
2021-05-28 09:28:15,322.0,4151635
2021-05-28 09:28:16,322.05,4153987
2021-05-28 09:28:17,322.0,4155196
2021-05-28 09:28:17,322.0,4156060
2021-05-28 09:28:18,322.1,4157100
2021-05-28 09:28:20,322.0,4158542
2021-05-28 09:28:21,322.0,4158738
2021-05-28 09:28:22,322.1,4159185
2021-05-28 09:28:23,322.0,4159744
2021-05-28 09:28:23,322.0,4160750
2021-05-28 09:28:25,322.05,4160770
2021-05-28 09:28:26,322.0,4164125
2021-05-28 09:28:27,322.1,4165545
2021-05-28 09:28:28,322.0,4168490
2021-05-28 09:28:28,322.0,4168490
2021-05-28 09:28:30,322.2,4177404
2021-05-28 09:28:31,322.15,4177727
2021-05-28 09:28:32,322.15,4177785
2021-05-28 09:28:33,322.15,4177898
2021-05-28 09:28:34,322.15,4178355
2021-05-28 09:28:34,322.15,4178385
2021-05-28 09:28:36,322.2,4178697
2021-05-28 09:28:37,322.2,4179887
2021-05-28 09:28:38,322.25,4218893
2021-05-28 09:28:39,322.25,4229458
2021-05-28 09:28:40,322.25,4231818
2021-05-28 09:28:41,322.3,4232536
2021-05-28 09:28:42,322.2,4238088
2021-05-28 09:28:42,322.2,4238088
2021-05-28 09:28:44,322.2,4238970
2021-05-28 09:28:45,322.25,4239546
2021-05-28 09:28:46,322.15,4244150
2021-05-28 09:28:47,322.2,4244340
2021-05-28 09:28:48,322.2,4244529
2021-05-28 09:28:49,322.3,4246134
2021-05-28 09:28:50,322.0,4256435
2021-05-28 09:28:51,322.0,4257255
2021-05-28 09:28:52,322.15,4258320
2021-05-28 09:28:53,322.1,4263834
2021-05-28 09:28:54,322.1,4264039
2021-05-28 09:28:54,322.1,4264039
2021-05-28 09:28:56,322.15,4264615
2021-05-28 09:28:57,322.0,4266335
2021-05-28 09:28:58,322.1,4266888
2021-05-28 09:28:59,322.35,4286659
2021-05-28 09:29:00,322.35,4292449
2021-05-28 09:29:01,322.45,4311382
2021-05-28 09:29:01,322.45,4311353
2021-05-28 09:29:02,322.5,4311792
2021-05-28 09:29:04,322.5,4314868
2021-05-28 09:29:05,322.4,4315544
2021-05-28 09:29:06,322.45,4315965
2021-05-28 09:29:07,322.5,4318613
2021-05-28 09:29:07,322.5,4318612
2021-05-28 09:29:08,322.5,4319421
2021-05-28 09:29:09,322.45,4319864
2021-05-28 09:29:10,322.3,4321346
2021-05-28 09:29:12,322.35,4321583
2021-05-28 09:29:13,322.4,4324095
2021-05-28 09:29:14,322.35,4324336
2021-05-28 09:29:15,322.3,4326508
2021-05-28 09:29:16,322.4,4326590
2021-05-28 09:29:16,322.25,4326600
2021-05-28 09:29:18,322.4,4327292
2021-05-28 09:29:19,322.4,4327649
2021-05-28 09:29:20,322.2,4328584
2021-05-28 09:29:20,322.2,4328947
2021-05-28 09:29:22,322.25,4329327
2021-05-28 09:29:23,322.25,4329793
2021-05-28 09:29:24,322.4,4329938
2021-05-28 09:29:25,322.25,4330649
2021-05-28 09:29:26,322.25,4332431
2021-05-28 09:29:27,322.4,4332434
2021-05-28 09:29:29,322.4,4332576
2021-05-28 09:29:30,322.25,4334536
2021-05-28 09:29:31,322.25,4335339
2021-05-28 09:29:32,322.4,4338365
2021-05-28 09:29:33,322.35,4338477
2021-05-28 09:29:33,322.3,4338852
2021-05-28 09:29:34,322.4,4339809
2021-05-28 09:29:35,322.3,4339831
2021-05-28 09:29:36,322.35,4340046
2021-05-28 09:29:37,322.3,4340321
2021-05-28 09:29:39,322.3,4340979
2021-05-28 09:29:40,322.3,4341547
2021-05-28 09:29:41,322.3,4343250
2021-05-28 09:29:42,322.3,4344198
2021-05-28 09:29:43,322.3,4345304
2021-05-28 09:29:43,322.3,4345329
2021-05-28 09:29:44,322.3,4345724
2021-05-28 09:29:45,322.3,4346340
2021-05-28 09:29:46,322.3,4347176
2021-05-28 09:29:48,322.35,4347992
2021-05-28 09:29:49,322.4,4348944
2021-05-28 09:29:50,322.4,4351024
2021-05-28 09:29:51,322.4,4351244
2021-05-28 09:29:52,322.4,4352129
2021-05-28 09:29:53,322.4,4352753
2021-05-28 09:29:54,322.3,4354562
2021-05-28 09:29:55,322.4,4354839
2021-05-28 09:29:56,322.3,4355874
2021-05-28 09:29:56,322.3,4355874
2021-05-28 09:29:58,322.4,4356126
2021-05-28 09:29:59,322.35,4356289
2021-05-28 09:30:00,322.3,4357428
2021-05-28 09:30:01,322.35,4358710
2021-05-28 09:30:02,322.3,4359370
2021-05-28 09:30:03,322.4,4359700
2021-05-28 09:30:03,322.4,4359700
2021-05-28 09:30:04,322.4,4361378
2021-05-28 09:30:06,322.5,4378721
2021-05-28 09:30:07,322.5,4380226
2021-05-28 09:30:08,322.45,4383210
2021-05-28 09:30:09,322.5,4384252
2021-05-28 09:30:10,322.45,4384887
2021-05-28 09:30:11,322.45,4386229
2021-05-28 09:30:12,322.5,4386792
2021-05-28 09:30:13,322.45,4400194
2021-05-28 09:30:14,322.45,4400658
2021-05-28 09:30:15,322.5,4415217
2021-05-28 09:30:17,322.5,4416610
2021-05-28 09:30:18,322.5,4419921
2021-05-28 09:30:19,322.5,4422049
2021-05-28 09:30:20,322.55,4424138
2021-05-28 09:30:21,322.5,4428415
2021-05-28 09:30:22,322.35,4431638
2021-05-28 09:30:23,322.3,4431878
2021-05-28 09:30:24,322.55,4434270
2021-05-28 09:30:25,322.5,4434546
2021-05-28 09:30:26,322.5,4436426
2021-05-28 09:30:27,322.5,4437515
2021-05-28 09:30:27,322.5,4437515
2021-05-28 09:30:29,322.3,4451035
2021-05-28 09:30:30,322.5,4451050
2021-05-28 09:30:31,322.35,4451911
2021-05-28 09:30:32,322.35,4452893
2021-05-28 09:30:33,322.4,4453249
2021-05-28 09:30:34,322.5,4453451
2021-05-28 09:30:35,322.5,4453741
2021-05-28 09:30:36,322.5,4455804
2021-05-28 09:30:37,322.35,4456186
2021-05-28 09:30:38,322.5,4457128
2021-05-28 09:30:39,322.5,4457189
2021-05-28 09:30:40,322.35,4457671
2021-05-28 09:30:40,322.35,4457691
2021-05-28 09:30:41,322.5,4457805
2021-05-28 09:30:43,322.5,4458286
2021-05-28 09:30:44,322.5,4460210
2021-05-28 09:30:45,322.5,4461192
2021-05-28 09:30:46,322.5,4462615
2021-05-28 09:30:47,322.5,4463153
2021-05-28 09:30:47,322.35,4463158
2021-05-28 09:30:48,322.35,4463985
2021-05-28 09:30:49,322.5,4464162
2021-05-28 09:30:50,322.5,4466803
2021-05-28 09:30:52,322.5,4468169
2021-05-28 09:30:53,322.3,4469785
2021-05-28 09:30:54,322.35,4470130
2021-05-28 09:30:55,322.3,4470458
2021-05-28 09:30:56,322.5,4472995
2021-05-28 09:30:57,322.35,4473228
2021-05-28 09:30:57,322.5,4473478
2021-05-28 09:30:58,322.35,4473776
2021-05-28 09:30:59,322.35,4475418
2021-05-28 09:31:00,322.5,4476346
2021-05-28 09:31:02,322.5,4477556
2021-05-28 09:31:03,322.35,4477698
2021-05-28 09:31:04,322.35,4479803
2021-05-28 09:31:05,322.35,4480378
2021-05-28 09:31:06,322.5,4480509
2021-05-28 09:31:06,322.5,4480509
2021-05-28 09:31:07,322.35,4481448
2021-05-28 09:31:09,322.35,4481947
2021-05-28 09:31:10,322.3,4482913
2021-05-28 09:31:11,322.45,4484926
2021-05-28 09:31:12,322.35,4484957
2021-05-28 09:31:13,322.5,4486537
2021-05-28 09:31:14,322.4,4486971
2021-05-28 09:31:15,322.5,4498687
2021-05-28 09:31:16,322.6,4503625
2021-05-28 09:31:17,322.6,4510595
2021-05-28 09:31:18,322.7,4513243
2021-05-28 09:31:19,322.7,4519527
2021-05-28 09:31:20,322.7,4519827
2021-05-28 09:31:21,322.7,4520753
2021-05-28 09:31:21,322.85,4520553
2021-05-28 09:31:22,322.85,4522479
2021-05-28 09:31:23,322.95,4536223
2021-05-28 09:31:25,323.0,4556651
2021-05-28 09:31:26,323.2,4645756
2021-05-28 09:31:27,323.2,4660223
2021-05-28 09:31:28,323.25,4662520
2021-05-28 09:31:29,323.3,4667406
2021-05-28 09:31:30,323.4,4677117
2021-05-28 09:31:30,323.5,4690771
2021-05-28 09:31:32,323.4,4711195
2021-05-28 09:31:33,323.3,4711815
2021-05-28 09:31:34,323.45,4716862
2021-05-28 09:31:35,323.4,4718057
2021-05-28 09:31:36,323.25,4726683
2021-05-28 09:31:37,323.25,4728382
2021-05-28 09:31:38,323.3,4729703
2021-05-28 09:31:39,323.15,4730425
2021-05-28 09:31:40,323.0,4731926
2021-05-28 09:31:41,323.2,4733154
2021-05-28 09:31:42,323.2,4733415
2021-05-28 09:31:43,323.2,4734757
2021-05-28 09:31:44,323.0,4735426
2021-05-28 09:31:45,323.05,4735598
2021-05-28 09:31:46,323.0,4736799
2021-05-28 09:31:47,323.0,4737016
2021-05-28 09:31:48,323.0,4738540
2021-05-28 09:31:48,323.0,4738540
2021-05-28 09:31:50,323.05,4739512
2021-05-28 09:31:51,323.05,4740743
2021-05-28 09:31:52,323.0,4740950
2021-05-28 09:31:53,323.0,4743476
2021-05-28 09:31:54,323.05,4744348
2021-05-28 09:31:55,323.15,4749267
2021-05-28 09:31:56,323.05,4749486
2021-05-28 09:31:57,323.15,4750312
2021-05-28 09:31:58,323.15,4751243
2021-05-28 09:31:59,323.15,4753918
2021-05-28 09:32:00,323.1,4759942
2021-05-28 09:32:01,323.05,4761570
2021-05-28 09:32:02,323.05,4762951
2021-05-28 09:32:03,323.0,4766321
2021-05-28 09:32:03,323.0,4766343
2021-05-28 09:32:04,322.9,4772265
2021-05-28 09:32:05,323.0,4773043
2021-05-28 09:32:06,323.0,4774009
2021-05-28 09:32:07,323.0,4774515
2021-05-28 09:32:09,322.85,4777463
2021-05-28 09:32:10,323.0,4778683
2021-05-28 09:32:11,322.9,4780469
2021-05-28 09:32:12,322.85,4782750
2021-05-28 09:32:13,323.0,4783233
2021-05-28 09:32:14,322.85,4783600
2021-05-28 09:32:15,322.9,4784188
2021-05-28 09:32:16,322.85,4786564
2021-05-28 09:32:17,322.95,4787618
2021-05-28 09:32:18,322.9,4787814
2021-05-28 09:32:19,322.9,4788369
2021-05-28 09:32:19,322.9,4788369
2021-05-28 09:32:20,322.9,4788862
2021-05-28 09:32:21,322.9,4789166
2021-05-28 09:32:22,322.85,4792748
2021-05-28 09:32:23,322.9,4793298
2021-05-28 09:32:24,322.8,4795055
2021-05-28 09:32:26,323.0,4795743
2021-05-28 09:32:27,322.8,4796369
2021-05-28 09:32:28,322.9,4797241
2021-05-28 09:32:29,322.95,4798201
2021-05-28 09:32:30,322.9,4799342
2021-05-28 09:32:31,322.9,4799455
2021-05-28 09:32:32,322.8,4799863
2021-05-28 09:32:33,322.85,4809000
2021-05-28 09:32:33,322.85,4809000
2021-05-28 09:32:35,322.9,4810969
2021-05-28 09:32:36,322.9,4811083
2021-05-28 09:32:37,322.85,4812748
2021-05-28 09:32:38,322.95,4812881
2021-05-28 09:32:39,322.9,4813632
2021-05-28 09:32:40,322.85,4814745
2021-05-28 09:32:41,322.85,4815392
2021-05-28 09:32:42,322.85,4819017
2021-05-28 09:32:43,322.85,4819744
2021-05-28 09:32:44,322.9,4823359
2021-05-28 09:32:45,322.8,4824384
2021-05-28 09:32:46,322.85,4824772
2021-05-28 09:32:47,322.9,4825115
2021-05-28 09:32:49,322.95,4827105
2021-05-28 09:32:50,323.0,4828553
2021-05-28 09:32:51,322.9,4828602
2021-05-28 09:32:52,322.95,4828944
2021-05-28 09:32:53,322.85,4829708
2021-05-28 09:32:54,322.85,4830013
2021-05-28 09:32:55,323.0,4831198
2021-05-28 09:32:56,322.95,4832539
2021-05-28 09:32:57,322.9,4832620
2021-05-28 09:32:58,323.0,4834621
2021-05-28 09:32:59,323.0,4834621
2021-05-28 09:33:00,322.9,4835051
2021-05-28 09:33:01,322.8,4851702
2021-05-28 09:33:02,322.95,4854447
2021-05-28 09:33:03,322.95,4855563
2021-05-28 09:33:04,322.9,4855641
2021-05-28 09:33:05,322.9,4856774
2021-05-28 09:33:06,322.95,4857037
2021-05-28 09:33:07,322.95,4857863
2021-05-28 09:33:08,322.9,4858982
2021-05-28 09:33:09,322.85,4860632
2021-05-28 09:33:10,322.9,4861791
2021-05-28 09:33:11,322.9,4861912
2021-05-28 09:33:12,322.9,4862570
2021-05-28 09:33:14,322.8,4864751
2021-05-28 09:33:15,322.9,4865478
2021-05-28 09:33:18,322.7,4873873
2021-05-28 09:33:19,322.75,4874073
2021-05-28 09:33:20,322.7,4876101
2021-05-28 09:33:21,322.55,4877714
2021-05-28 09:33:22,322.6,4879240
2021-05-28 09:33:23,322.7,4879650
2021-05-28 09:33:24,322.55,4879671
2021-05-28 09:33:25,322.65,4884956
2021-05-28 09:33:26,322.5,4885108
2021-05-28 09:33:27,322.6,4885360
2021-05-28 09:33:28,322.5,4885611
2021-05-28 09:33:29,322.5,4887233
2021-05-28 09:33:30,322.45,4906165
2021-05-28 09:33:31,322.4,4906537
2021-05-28 09:33:32,322.45,4906763
2021-05-28 09:33:33,322.4,4907380
2021-05-28 09:33:34,322.4,4910885
2021-05-28 09:33:35,322.45,4911075
2021-05-28 09:33:36,322.5,4912372
2021-05-28 09:33:37,322.45,4912397
2021-05-28 09:33:38,322.45,4915447
2021-05-28 09:33:39,322.55,4915811
2021-05-28 09:33:40,322.75,4916956
2021-05-28 09:33:41,322.75,4917179
2021-05-28 09:33:42,322.65,4917324
2021-05-28 09:33:43,322.65,4917344
2021-05-28 09:33:44,322.65,4917666
2021-05-28 09:33:45,322.55,4917798
2021-05-28 09:33:46,322.55,4917900
2021-05-28 09:33:46,322.55,4917900
2021-05-28 09:33:47,322.55,4918347
2021-05-28 09:33:48,322.75,4919446
2021-05-28 09:33:49,322.7,4919482
2021-05-28 09:33:51,322.7,4920513
2021-05-28 09:33:52,322.5,4925531
2021-05-28 09:33:53,322.5,4925662
2021-05-28 09:33:54,322.65,4926362
2021-05-28 09:33:55,322.6,4926383
2021-05-28 09:33:56,322.55,4926728
2021-05-28 09:33:57,322.55,4926811
2021-05-28 09:33:58,322.5,4927519
2021-05-28 09:33:59,322.5,4928429
2021-05-28 09:34:00,322.5,4928705
2021-05-28 09:34:01,322.45,4930238
2021-05-28 09:34:02,322.55,4933469
2021-05-28 09:34:03,322.5,4933771
2021-05-28 09:34:04,322.55,4934067
2021-05-28 09:34:05,322.5,4936544
2021-05-28 09:34:06,322.5,4936766
2021-05-28 09:34:07,322.5,4937796
2021-05-28 09:34:08,322.5,4938416
2021-05-28 09:34:09,322.55,4938870
2021-05-28 09:34:11,322.5,4940335
2021-05-28 09:34:12,322.55,4941592
2021-05-28 09:34:13,322.55,4941788
2021-05-28 09:34:14,322.5,4941937
2021-05-28 09:34:15,322.5,4942606
2021-05-28 09:34:16,322.5,4942834
2021-05-28 09:34:17,322.5,4943174
2021-05-28 09:34:18,322.5,4943795
2021-05-28 09:34:19,322.55,4945308
2021-05-28 09:34:20,322.55,4945899
2021-05-28 09:34:21,322.7,4949515
2021-05-28 09:34:22,322.7,4950189
2021-05-28 09:34:23,322.8,4952846
2021-05-28 09:34:24,322.7,4952957
2021-05-28 09:34:25,322.9,4997803
2021-05-28 09:34:26,322.9,4998504
2021-05-28 09:34:27,323.05,5073517
2021-05-28 09:34:28,323.0,5078015
2021-05-28 09:34:29,322.95,5079634
2021-05-28 09:34:30,322.9,5082043
2021-05-28 09:34:31,322.95,5084755
2021-05-28 09:34:32,322.9,5085044
2021-05-28 09:34:33,322.9,5085832
2021-05-28 09:34:34,322.9,5086573
2021-05-28 09:34:35,322.7,5088077
2021-05-28 09:34:36,322.7,5088259
2021-05-28 09:34:37,322.7,5088699
2021-05-28 09:34:38,322.7,5088699
2021-05-28 09:34:39,322.85,5088740
2021-05-28 09:34:40,322.7,5089002
2021-05-28 09:34:41,322.9,5089228
2021-05-28 09:34:42,322.7,5089574
2021-05-28 09:34:43,322.7,5089574
2021-05-28 09:34:44,322.7,5089824
2021-05-28 09:34:45,322.9,5091234
2021-05-28 09:34:46,322.8,5091566
2021-05-28 09:34:47,322.85,5092106
2021-05-28 09:34:48,322.85,5092106
2021-05-28 09:34:49,322.85,5092136
2021-05-28 09:34:50,322.85,5092301
2021-05-28 09:34:51,322.75,5092423
2021-05-28 09:34:52,322.75,5093540
2021-05-28 09:34:53,322.8,5093599
2021-05-28 09:34:54,322.85,5094384
2021-05-28 09:34:55,322.85,5094594
2021-05-28 09:34:56,322.85,5097871
2021-05-28 09:34:57,322.9,5099389
2021-05-28 09:34:58,322.85,5100189
2021-05-28 09:34:59,322.9,5101902
2021-05-28 09:35:00,322.8,5104530
2021-05-28 09:35:01,322.8,5107305
2021-05-28 09:35:02,322.85,5107421
2021-05-28 09:35:03,322.85,5107705
2021-05-28 09:35:05,322.85,5112544
2021-05-28 09:35:06,322.85,5112618
2021-05-28 09:35:07,322.85,5112755
2021-05-28 09:35:08,322.85,5112916
2021-05-28 09:35:09,322.85,5123083
2021-05-28 09:35:10,323.0,5123714
2021-05-28 09:35:11,323.0,5135820
2021-05-28 09:35:12,322.95,5136573
2021-05-28 09:35:14,323.05,5138855
2021-05-28 09:35:15,322.9,5139367
2021-05-28 09:35:16,323.0,5139382
2021-05-28 09:35:17,322.9,5141216
2021-05-28 09:35:18,322.9,5142387
2021-05-28 09:35:19,322.95,5142746
2021-05-28 09:35:20,323.0,5143847
2021-05-28 09:35:21,322.9,5144048
2021-05-28 09:35:22,323.0,5145512
2021-05-28 09:35:23,323.0,5145512
2021-05-28 09:35:24,322.95,5146198
2021-05-28 09:35:25,322.95,5147099
2021-05-28 09:35:26,322.9,5151101
2021-05-28 09:35:27,323.0,5151121
2021-05-28 09:35:28,322.95,5151223
2021-05-28 09:35:29,322.95,5151227
2021-05-28 09:35:30,322.9,5152391
2021-05-28 09:35:31,323.0,5154332
2021-05-28 09:35:32,322.85,5154381
2021-05-28 09:35:33,322.95,5154946
2021-05-28 09:35:34,322.9,5155576
2021-05-28 09:35:35,322.95,5155670
2021-05-28 09:35:36,322.95,5155970
2021-05-28 09:35:37,322.95,5155975
2021-05-28 09:35:38,322.9,5156122
2021-05-28 09:35:39,322.95,5156462
2021-05-28 09:35:40,322.95,5157972
2021-05-28 09:35:41,322.9,5158182
2021-05-28 09:35:42,322.9,5158252
2021-05-28 09:35:43,322.95,5158473
2021-05-28 09:35:44,323.0,5159758
2021-05-28 09:35:45,322.9,5159978
2021-05-28 09:35:46,323.0,5160297
2021-05-28 09:35:47,323.0,5161073
2021-05-28 09:35:48,322.9,5161113
2021-05-28 09:35:49,322.9,5168534
2021-05-28 09:35:50,322.9,5168866
2021-05-28 09:35:51,322.9,5169718
2021-05-28 09:35:52,323.0,5174756
2021-05-28 09:35:53,322.9,5174776
2021-05-28 09:35:54,323.0,5176539
2021-05-28 09:35:55,322.9,5178171
2021-05-28 09:35:56,322.95,5178641
2021-05-28 09:35:57,322.95,5179563
2021-05-28 09:35:58,322.95,5180266
2021-05-28 09:35:59,322.9,5181298
2021-05-28 09:36:00,322.9,5181298
2021-05-28 09:36:01,322.85,5188655
2021-05-28 09:36:02,322.9,5188986
2021-05-28 09:36:03,322.9,5189773
2021-05-28 09:36:04,322.8,5190293
2021-05-28 09:36:06,322.85,5190419
2021-05-28 09:36:05,322.85,5190419
2021-05-28 09:36:07,322.8,5190544
2021-05-28 09:36:08,322.85,5191162
2021-05-28 09:36:09,322.85,5191497
2021-05-28 09:36:10,322.85,5191955
2021-05-28 09:36:11,322.85,5191960
2021-05-28 09:36:12,322.8,5192049
2021-05-28 09:36:13,322.85,5193890
2021-05-28 09:36:14,322.85,5197185
2021-05-28 09:36:15,322.8,5197753
2021-05-28 09:36:17,322.85,5197905
2021-05-28 09:36:16,322.8,5197904
2021-05-28 09:36:18,322.8,5198685
2021-05-28 09:36:19,322.8,5201661
2021-05-28 09:36:20,322.8,5202246
2021-05-28 09:36:21,322.8,5202322
2021-05-28 09:36:22,322.8,5202592
2021-05-28 09:36:23,322.8,5203111
2021-05-28 09:36:24,322.85,5204296
2021-05-28 09:36:25,322.8,5205057
2021-05-28 09:36:26,322.7,5206157
2021-05-28 09:36:27,322.7,5206162
2021-05-28 09:36:28,322.8,5206271
2021-05-28 09:36:29,322.7,5206694
2021-05-28 09:36:30,322.7,5206806
2021-05-28 09:36:31,322.7,5207333
2021-05-28 09:36:33,322.7,5207585
2021-05-28 09:36:32,322.7,5207585
2021-05-28 09:36:34,322.8,5208144
2021-05-28 09:36:35,322.8,5208363
2021-05-28 09:36:36,322.7,5208640
2021-05-28 09:36:37,322.8,5211641
2021-05-28 09:36:39,322.7,5211682
2021-05-28 09:36:38,322.65,5211680
2021-05-28 09:36:40,322.65,5211696
2021-05-28 09:36:41,322.7,5214364
2021-05-28 09:36:42,322.7,5214675
2021-05-28 09:36:43,322.7,5215711
2021-05-28 09:36:44,322.7,5215971
2021-05-28 09:36:45,322.7,5216061
2021-05-28 09:36:46,322.7,5216442
2021-05-28 09:36:47,322.65,5216655
2021-05-28 09:36:48,322.6,5226619
2021-05-28 09:36:49,322.6,5227082
2021-05-28 09:36:50,322.6,5227082
2021-05-28 09:36:51,322.7,5227425
2021-05-28 09:36:52,322.65,5228704
2021-05-28 09:36:54,322.65,5235385
2021-05-28 09:36:55,322.6,5235479
2021-05-28 09:36:56,322.6,5238456
2021-05-28 09:36:57,322.55,5239939
2021-05-28 09:36:58,322.55,5240036
2021-05-28 09:36:59,322.5,5274028
2021-05-28 09:37:00,322.5,5274028
2021-05-28 09:37:01,322.45,5274921
2021-05-28 09:37:02,322.4,5280732
2021-05-28 09:37:03,322.45,5280784
2021-05-28 09:37:04,322.4,5280900
2021-05-28 09:37:05,322.4,5282416
2021-05-28 09:37:06,322.4,5282416
2021-05-28 09:37:07,322.3,5285772
2021-05-28 09:37:08,322.4,5286531
2021-05-28 09:37:09,322.35,5290540
2021-05-28 09:37:10,322.35,5291096
2021-05-28 09:37:11,322.25,5295923
2021-05-28 09:37:12,322.25,5295923
2021-05-28 09:37:13,322.25,5302600
2021-05-28 09:37:14,322.25,5304777
2021-05-28 09:37:15,322.25,5304804
2021-05-28 09:37:16,322.2,5306046
2021-05-28 09:37:17,322.15,5321384
2021-05-28 09:37:18,322.1,5321954
2021-05-28 09:37:19,322.15,5327441
2021-05-28 09:37:20,322.05,5333751
2021-05-28 09:37:21,322.1,5333813
2021-05-28 09:37:23,322.15,5336825
2021-05-28 09:37:24,322.1,5337095
2021-05-28 09:37:25,322.35,5339213
2021-05-28 09:37:26,322.2,5341024
2021-05-28 09:37:27,322.15,5341418
2021-05-28 09:37:28,322.3,5341899
2021-05-28 09:37:29,322.2,5342801
2021-05-28 09:37:30,322.25,5344065
2021-05-28 09:37:31,322.15,5344283
2021-05-28 09:37:32,322.2,5344584
2021-05-28 09:37:33,322.2,5344584
2021-05-28 09:37:34,322.15,5346271
2021-05-28 09:37:35,322.2,5355724
2021-05-28 09:37:36,322.35,5355812
2021-05-28 09:37:37,322.2,5356094
2021-05-28 09:37:39,322.2,5357472
2021-05-28 09:37:40,322.2,5368425
2021-05-28 09:37:41,322.3,5368438
2021-05-28 09:37:42,322.25,5371827
2021-05-28 09:37:43,322.25,5373385
2021-05-28 09:37:44,322.25,5373587
2021-05-28 09:37:45,322.25,5374337
2021-05-28 09:37:46,322.4,5374397
2021-05-28 09:37:47,322.2,5374679
2021-05-28 09:37:48,322.2,5374871
2021-05-28 09:37:50,322.2,5374987
2021-05-28 09:37:49,322.2,5374987
2021-05-28 09:37:51,322.2,5374987
2021-05-28 09:37:52,322.2,5376522
2021-05-28 09:37:53,322.4,5377683
2021-05-28 09:37:54,322.2,5378127
2021-05-28 09:37:55,322.2,5378412
2021-05-28 09:37:56,322.2,5378699
2021-05-28 09:37:57,322.2,5383338
2021-05-28 09:37:58,322.3,5383351
2021-05-28 09:37:59,322.3,5383521
2021-05-28 09:38:00,322.2,5403433
2021-05-28 09:38:01,322.25,5404300
2021-05-28 09:38:02,322.25,5404400
2021-05-28 09:38:03,322.2,5405222
2021-05-28 09:38:04,322.2,5405707
2021-05-28 09:38:05,322.25,5411908
2021-05-28 09:38:06,322.2,5412458
2021-05-28 09:38:07,322.2,5412845
2021-05-28 09:38:08,322.1,5415819
2021-05-28 09:38:09,322.2,5417002
2021-05-28 09:38:10,322.2,5417316
2021-05-28 09:38:11,322.1,5418792
2021-05-28 09:38:12,322.1,5418792
2021-05-28 09:38:13,322.2,5419066
2021-05-28 09:38:14,322.1,5419313
2021-05-28 09:38:15,322.2,5420213
2021-05-28 09:38:16,322.1,5423422
2021-05-28 09:38:17,322.1,5425199
2021-05-28 09:38:18,322.1,5425309
2021-05-28 09:38:19,322.15,5425512
2021-05-28 09:38:20,322.1,5425778
2021-05-28 09:38:21,322.1,5425778
2021-05-28 09:38:22,322.15,5426604
2021-05-28 09:38:23,322.15,5429195
2021-05-28 09:38:24,322.1,5431870
2021-05-28 09:38:25,322.1,5431935
2021-05-28 09:38:26,322.1,5441304
2021-05-28 09:38:28,322.0,5541102
2021-05-28 09:38:29,322.0,5541678
2021-05-28 09:38:30,321.9,5541824
2021-05-28 09:38:31,322.0,5542049
2021-05-28 09:38:32,322.0,5543742
2021-05-28 09:38:33,322.0,5549304
2021-05-28 09:38:34,321.85,5550772
2021-05-28 09:38:35,321.95,5550915
2021-05-28 09:38:36,321.9,5552001
2021-05-28 09:38:37,321.9,5552001
2021-05-28 09:38:38,321.85,5552754
2021-05-28 09:38:39,321.9,5552970
2021-05-28 09:38:40,321.95,5557774
2021-05-28 09:38:41,321.9,5558421
2021-05-28 09:38:42,321.95,5564012
2021-05-28 09:38:43,322.0,5567818
2021-05-28 09:38:44,322.0,5568375
2021-05-28 09:38:45,321.95,5569037
2021-05-28 09:38:46,322.0,5570087
2021-05-28 09:38:47,322.0,5570928
2021-05-28 09:38:48,322.1,5579873
2021-05-28 09:38:49,322.05,5583842
2021-05-28 09:38:50,322.1,5584410
2021-05-28 09:38:51,322.1,5585530
2021-05-28 09:38:52,322.05,5586115
2021-05-28 09:38:53,322.1,5586263
2021-05-28 09:38:54,322.05,5586586
2021-05-28 09:38:55,322.05,5586586
2021-05-28 09:38:56,322.1,5587188
2021-05-28 09:38:57,322.1,5587781
2021-05-28 09:38:59,322.05,5590284
2021-05-28 09:39:00,322.05,5591327
2021-05-28 09:39:01,322.0,5592919
2021-05-28 09:39:02,322.0,5593574
2021-05-28 09:39:03,322.0,5594814
2021-05-28 09:39:04,322.0,5594970
2021-05-28 09:39:05,322.0,5595158
2021-05-28 09:39:06,322.05,5595300
2021-05-28 09:39:07,322.05,5596669
2021-05-28 09:39:08,322.05,5599295
2021-05-28 09:39:09,322.0,5600247
2021-05-28 09:39:10,322.05,5602013
2021-05-28 09:39:11,322.1,5605152
2021-05-28 09:39:12,322.1,5605707
2021-05-28 09:39:13,322.05,5606803
2021-05-28 09:39:14,322.0,5607820
2021-05-28 09:39:15,322.05,5608368
2021-05-28 09:39:16,322.0,5609536
2021-05-28 09:39:17,322.0,5628295
2021-05-28 09:39:18,322.05,5628999
2021-05-28 09:39:19,322.05,5629297
2021-05-28 09:39:20,322.05,5629509
2021-05-28 09:39:21,322.0,5635494
2021-05-28 09:39:22,321.95,5636576
2021-05-28 09:39:23,322.0,5636977
2021-05-28 09:39:24,321.95,5644599
2021-05-28 09:39:25,321.9,5645255
2021-05-28 09:39:26,321.9,5648029
2021-05-28 09:39:27,321.9,5648884
2021-05-28 09:39:28,321.9,5649589
2021-05-28 09:39:29,321.9,5650052
2021-05-28 09:39:30,321.95,5653227
2021-05-28 09:39:31,321.95,5658549
2021-05-28 09:39:32,321.85,5658589
2021-05-28 09:39:33,321.9,5659395
2021-05-28 09:39:34,321.9,5660363
2021-05-28 09:39:35,321.85,5660705
2021-05-28 09:39:36,321.9,5661792
2021-05-28 09:39:37,321.9,5665301
2021-05-28 09:39:38,321.85,5672097
2021-05-28 09:39:39,321.8,5679751
2021-05-28 09:39:40,321.8,5680260
2021-05-28 09:39:41,321.9,5681920
2021-05-28 09:39:42,321.9,5682371
2021-05-28 09:39:43,321.85,5682381
2021-05-28 09:39:44,321.8,5684358
2021-05-28 09:39:46,322.0,5689103
2021-05-28 09:39:45,322.0,5689102
2021-05-28 09:39:47,322.05,5699177
2021-05-28 09:39:48,321.9,5701227
2021-05-28 09:39:50,321.9,5703839
2021-05-28 09:39:51,321.95,5704037
2021-05-28 09:39:52,322.0,5704062
2021-05-28 09:39:53,321.95,5704357
2021-05-28 09:39:54,321.95,5704666
2021-05-28 09:39:55,322.0,5704946
2021-05-28 09:39:56,321.95,5705247
2021-05-28 09:39:57,321.95,5705759
2021-05-28 09:39:58,321.95,5707796
2021-05-28 09:39:59,321.95,5708068
2021-05-28 09:40:00,321.95,5708434
2021-05-28 09:40:01,321.9,5710663
2021-05-28 09:40:02,321.9,5710663
2021-05-28 09:40:05,321.9,5714332
2021-05-28 09:40:04,321.95,5713522
2021-05-28 09:40:06,321.95,5715418
2021-05-28 09:40:07,321.9,5718456
2021-05-28 09:40:08,321.9,5725983
2021-05-28 09:40:09,321.8,5735644
2021-05-28 09:40:10,321.9,5738027
2021-05-28 09:40:11,321.8,5767494
2021-05-28 09:40:12,321.8,5768568
2021-05-28 09:40:13,321.8,5769659
2021-05-28 09:40:14,321.8,5769659
2021-05-28 09:40:15,321.8,5770269
2021-05-28 09:40:16,321.9,5770524
2021-05-28 09:40:17,321.8,5772125
2021-05-28 09:40:18,321.8,5773631
2021-05-28 09:40:19,321.8,5774887
2021-05-28 09:40:20,321.8,5775205
2021-05-28 09:40:21,321.9,5775705
2021-05-28 09:40:22,321.8,5775772
2021-05-28 09:40:23,321.8,5776125
2021-05-28 09:40:24,321.9,5796134
2021-05-28 09:40:25,321.85,5796294
2021-05-28 09:40:26,321.8,5796789
2021-05-28 09:40:27,321.8,5796789
2021-05-28 09:40:28,321.9,5797289
2021-05-28 09:40:29,321.8,5797365
2021-05-28 09:40:30,321.8,5797560
2021-05-28 09:40:31,321.8,5798360
2021-05-28 09:40:32,321.9,5800090
2021-05-28 09:40:33,321.85,5800463
2021-05-28 09:40:34,321.95,5801451
2021-05-28 09:40:35,322.0,5809369
2021-05-28 09:40:36,321.9,5810014
2021-05-28 09:40:37,321.85,5810266
2021-05-28 09:40:38,321.9,5810326
2021-05-28 09:40:39,321.95,5811027
2021-05-28 09:40:40,322.2,5827278
2021-05-28 09:40:41,322.2,5827848
2021-05-28 09:40:42,322.2,5828080
2021-05-28 09:40:43,322.1,5828357
2021-05-28 09:40:44,322.1,5828738
2021-05-28 09:40:45,322.1,5829529
2021-05-28 09:40:46,322.1,5829902
2021-05-28 09:40:47,322.15,5831323
2021-05-28 09:40:48,322.2,5831614
2021-05-28 09:40:49,322.35,5834044
2021-05-28 09:40:50,322.3,5835270
2021-05-28 09:40:51,322.4,5841941
2021-05-28 09:40:52,322.5,5842075
2021-05-28 09:40:53,322.5,5842176
2021-05-28 09:40:54,322.45,5842625
2021-05-28 09:40:55,322.5,5852688
2021-05-28 09:40:56,322.6,5853052
2021-05-28 09:40:57,322.5,5853084
2021-05-28 09:40:58,322.6,5857684
2021-05-28 09:40:59,322.6,5858227
2021-05-28 09:41:00,322.6,5859445
2021-05-28 09:41:01,322.45,5864865
2021-05-28 09:41:02,322.5,5865577
2021-05-28 09:41:03,322.5,5866259
2021-05-28 09:41:05,322.5,5867303
2021-05-28 09:41:04,322.5,5867282
2021-05-28 09:41:06,322.5,5867673
2021-05-28 09:41:08,322.5,5868908
2021-05-28 09:41:07,322.35,5868354
2021-05-28 09:41:09,322.5,5868909
2021-05-28 09:41:10,322.5,5868967
2021-05-28 09:41:11,322.5,5869200
2021-05-28 09:41:12,322.4,5869661
2021-05-28 09:41:13,322.5,5870016
2021-05-28 09:41:14,322.35,5871120
2021-05-28 09:41:15,322.4,5871693
2021-05-28 09:41:16,322.35,5872052
2021-05-28 09:41:17,322.25,5873004
2021-05-28 09:41:18,322.3,5873354
2021-05-28 09:41:19,322.25,5874018
2021-05-28 09:41:20,322.35,5874243
2021-05-28 09:41:21,322.25,5874413
2021-05-28 09:41:22,322.25,5874423
2021-05-28 09:41:23,322.25,5875944
2021-05-28 09:41:24,322.25,5876060
2021-05-28 09:41:25,322.2,5878977
2021-05-28 09:41:26,322.2,5878977
2021-05-28 09:41:27,322.2,5882291
2021-05-28 09:41:28,322.2,5883652
2021-05-28 09:41:30,322.2,5885304
2021-05-28 09:41:29,322.15,5884804
2021-05-28 09:41:31,322.15,5885992
2021-05-28 09:41:32,322.2,5888746
2021-05-28 09:41:33,322.1,5890453
2021-05-28 09:41:34,322.1,5890555
2021-05-28 09:41:35,322.1,5890996
2021-05-28 09:41:36,322.2,5892171
2021-05-28 09:41:37,322.1,5892172
2021-05-28 09:41:38,322.15,5893177
2021-05-28 09:41:39,322.15,5893866
2021-05-28 09:41:40,322.15,5894240
2021-05-28 09:41:41,322.15,5894435
2021-05-28 09:41:42,322.1,5895415
2021-05-28 09:41:43,322.15,5896169
2021-05-28 09:41:44,322.2,5896224
2021-05-28 09:41:45,322.15,5896249
2021-05-28 09:41:46,322.15,5896314
2021-05-28 09:41:47,322.1,5896364
2021-05-28 09:41:48,322.15,5896479
2021-05-28 09:41:49,322.15,5896484
2021-05-28 09:41:50,322.15,5896574
2021-05-28 09:41:51,322.2,5896982
2021-05-28 09:41:52,322.2,5897069
2021-05-28 09:41:53,322.2,5897069
2021-05-28 09:41:54,322.15,5897309
2021-05-28 09:41:56,322.2,5897346
2021-05-28 09:41:55,322.2,5897346
2021-05-28 09:41:57,322.2,5898646
2021-05-28 09:41:58,322.15,5899809
2021-05-28 09:41:59,322.15,5900422
2021-05-28 09:42:00,322.2,5900802
2021-05-28 09:42:01,322.1,5901147
2021-05-28 09:42:02,322.15,5901218
2021-05-28 09:42:03,322.15,5901866
2021-05-28 09:42:04,322.1,5902203
2021-05-28 09:42:06,322.2,5903550
2021-05-28 09:42:07,322.15,5903603
2021-05-28 09:42:08,322.1,5903689
2021-05-28 09:42:09,322.15,5903900
2021-05-28 09:42:10,322.15,5903925
2021-05-28 09:42:11,322.15,5904114
2021-05-28 09:42:12,322.2,5905572
2021-05-28 09:42:13,322.1,5905823
2021-05-28 09:42:14,322.05,5906746
2021-05-28 09:42:15,322.0,5907475
2021-05-28 09:42:16,322.15,5908122
2021-05-28 09:42:17,322.0,5908171
2021-05-28 09:42:18,322.2,5919242
2021-05-28 09:42:19,322.05,5919943
2021-05-28 09:42:21,322.05,5920029
2021-05-28 09:42:20,322.1,5919979
2021-05-28 09:42:22,322.05,5920182
2021-05-28 09:42:23,322.0,5920861
2021-05-28 09:42:24,322.1,5922161
2021-05-28 09:42:25,322.1,5923186
2021-05-28 09:42:26,322.1,5923345
2021-05-28 09:42:27,322.1,5923576
2021-05-28 09:42:28,322.1,5924284
2021-05-28 09:42:29,322.05,5925942
2021-05-28 09:42:30,322.1,5926255
2021-05-28 09:42:32,322.1,5926951
2021-05-28 09:42:33,322.15,5926972
2021-05-28 09:42:34,322.1,5927565
2021-05-28 09:42:35,322.2,5941342
2021-05-28 09:42:36,322.2,5941462
2021-05-28 09:42:37,322.3,5941483
2021-05-28 09:42:38,322.35,5941940
2021-05-28 09:42:39,322.35,5941956
2021-05-28 09:42:40,322.2,5942168
2021-05-28 09:42:41,322.2,5942557
2021-05-28 09:42:42,322.35,5943207
2021-05-28 09:42:43,322.2,5943473
2021-05-28 09:42:44,322.2,5943748
2021-05-28 09:42:45,322.35,5946400
2021-05-28 09:42:46,322.5,5946881
2021-05-28 09:42:47,322.4,5947802
2021-05-28 09:42:48,322.5,5947907
2021-05-28 09:42:49,322.4,5948505
2021-05-28 09:42:50,322.5,5949226
2021-05-28 09:42:51,322.45,5949891
2021-05-28 09:42:52,322.35,5950561
2021-05-28 09:42:53,322.45,5950691
2021-05-28 09:42:54,322.3,5952504
2021-05-28 09:42:55,322.3,5952540
2021-05-28 09:42:56,322.2,5952591
2021-05-28 09:42:57,322.15,5953291
2021-05-28 09:42:58,322.3,5953558
2021-05-28 09:42:59,322.3,5953623
2021-05-28 09:43:00,322.3,5953754
2021-05-28 09:43:01,322.25,5954744
2021-05-28 09:43:02,322.2,5954897
2021-05-28 09:43:03,322.25,5955325
2021-05-28 09:43:05,322.15,5956743
2021-05-28 09:43:04,322.15,5956743
2021-05-28 09:43:06,322.15,5957099
2021-05-28 09:43:07,322.15,5957859
2021-05-28 09:43:08,322.15,5958505
2021-05-28 09:43:09,322.15,5958811
2021-05-28 09:43:10,322.15,5958879
2021-05-28 09:43:11,322.25,5959398
2021-05-28 09:43:12,322.15,5959767
2021-05-28 09:43:13,322.15,5960400
2021-05-28 09:43:14,322.25,5961507
2021-05-28 09:43:15,322.15,5962335
2021-05-28 09:43:16,322.2,5962904
2021-05-28 09:43:17,322.2,5962904
2021-05-28 09:43:18,322.15,5963607
2021-05-28 09:43:19,322.15,5963640
2021-05-28 09:43:20,322.15,5963800
2021-05-28 09:43:21,322.15,5964350
2021-05-28 09:43:22,322.1,5964889
2021-05-28 09:43:23,322.2,5965423
2021-05-28 09:43:24,322.15,5965441
2021-05-28 09:43:25,322.1,5966207
2021-05-28 09:43:26,322.1,5966732
2021-05-28 09:43:27,322.15,5966844
2021-05-28 09:43:28,322.25,5972184
2021-05-28 09:43:29,322.25,5972188
2021-05-28 09:43:30,322.3,5972220
2021-05-28 09:43:31,322.2,5972907
2021-05-28 09:43:32,322.25,5972996
2021-05-28 09:43:33,322.3,5974096
2021-05-28 09:43:34,322.3,5974211
2021-05-28 09:43:35,322.25,5974246
2021-05-28 09:43:36,322.25,5974836
2021-05-28 09:43:37,322.25,5974836
2021-05-28 09:43:38,322.2,5975387
2021-05-28 09:43:39,322.2,5976225
2021-05-28 09:43:40,322.3,5976252
2021-05-28 09:43:41,322.15,5976523
2021-05-28 09:43:42,322.15,5976552
2021-05-28 09:43:43,322.15,5976733
2021-05-28 09:43:44,322.15,5976844
2021-05-28 09:43:45,322.2,5976888
2021-05-28 09:43:46,322.2,5977203
2021-05-28 09:43:47,322.2,5977272
2021-05-28 09:43:48,322.2,5977375
2021-05-28 09:43:49,322.2,5977375
2021-05-28 09:43:50,322.15,5980569
2021-05-28 09:43:51,322.2,5980669
2021-05-28 09:43:52,322.2,5980997
2021-05-28 09:43:53,322.25,5981630
2021-05-28 09:43:54,322.2,5981643
2021-05-28 09:43:55,322.25,5981823
2021-05-28 09:43:56,322.25,5981848
2021-05-28 09:43:57,322.25,5982169
2021-05-28 09:43:58,322.2,5982219
2021-05-28 09:43:59,322.2,5982452
2021-05-28 09:44:00,322.2,5985559
2021-05-28 09:44:01,322.25,5985681
2021-05-28 09:44:02,322.25,5985822
2021-05-28 09:44:04,322.25,5987365
2021-05-28 09:44:05,322.15,5987635
2021-05-28 09:44:06,322.25,5987823
2021-05-28 09:44:07,322.25,5987849
2021-05-28 09:44:08,322.2,5988403
2021-05-28 09:44:09,322.25,5988923
2021-05-28 09:44:10,322.2,5989123
2021-05-28 09:44:11,322.15,5989144
2021-05-28 09:44:12,322.15,5991463
2021-05-28 09:44:13,322.2,5991510
2021-05-28 09:44:14,322.15,5992090
2021-05-28 09:44:15,322.2,5992107
2021-05-28 09:44:16,322.2,5992160
2021-05-28 09:44:17,322.2,5992919
2021-05-28 09:44:18,322.15,5993411
2021-05-28 09:44:19,322.2,5993762
2021-05-28 09:44:20,322.2,5994320
2021-05-28 09:44:21,322.2,5994526
2021-05-28 09:44:22,322.1,5995192
2021-05-28 09:44:23,322.2,5995660
2021-05-28 09:44:24,322.25,6000381
2021-05-28 09:44:25,322.25,6000422
2021-05-28 09:44:26,322.2,6000973
2021-05-28 09:44:27,322.05,6001096
2021-05-28 09:44:28,322.05,6001186
2021-05-28 09:44:29,322.05,6001348
2021-05-28 09:44:30,322.2,6001472
2021-05-28 09:44:31,322.1,6001593
2021-05-28 09:44:32,322.2,6001668
2021-05-28 09:44:33,322.15,6002127
2021-05-28 09:44:35,322.15,6003528
2021-05-28 09:44:36,322.05,6005130
2021-05-28 09:44:37,322.2,6005705
2021-05-28 09:44:38,322.2,6005799
2021-05-28 09:44:39,322.05,6007012
2021-05-28 09:44:40,322.2,6007816
2021-05-28 09:44:41,322.2,6008550
2021-05-28 09:44:42,322.05,6008769
2021-05-28 09:44:43,322.05,6008803
2021-05-28 09:44:44,322.05,6009303
2021-05-28 09:44:45,322.15,6009835
2021-05-28 09:44:46,322.1,6010159
2021-05-28 09:44:47,322.15,6011482
2021-05-28 09:44:48,322.05,6011805
2021-05-28 09:44:49,322.15,6013121
2021-05-28 09:44:50,322.1,6013137
2021-05-28 09:44:51,322.1,6013163
2021-05-28 09:44:52,322.0,6014288
2021-05-28 09:44:53,322.15,6014648
2021-05-28 09:44:54,322.1,6014753
2021-05-28 09:44:55,322.15,6014763
2021-05-28 09:44:56,322.1,6015858
2021-05-28 09:44:57,322.0,6016878
2021-05-28 09:44:58,322.05,6017058
2021-05-28 09:44:59,322.0,6017252
2021-05-28 09:45:00,322.1,6018196
2021-05-28 09:45:01,322.1,6018270
2021-05-28 09:45:02,322.0,6020321
2021-05-28 09:45:03,322.15,6020687
2021-05-28 09:45:04,322.0,6020924
2021-05-28 09:45:05,322.1,6022772
2021-05-28 09:45:06,322.05,6023203
2021-05-28 09:45:07,322.05,6023987
2021-05-28 09:45:08,322.05,6024420
2021-05-28 09:45:09,322.0,6027640
2021-05-28 09:45:10,322.0,6027942
2021-05-28 09:45:11,322.1,6028446
2021-05-28 09:45:12,322.0,6030505
2021-05-28 09:45:13,322.0,6031743
2021-05-28 09:45:14,322.0,6031816
2021-05-28 09:45:15,322.15,6031828
2021-05-28 09:45:16,322.1,6032048
2021-05-28 09:45:17,322.1,6033227
2021-05-28 09:45:18,322.05,6033727
2021-05-28 09:45:20,322.05,6034006
2021-05-28 09:45:20,322.15,6034106
2021-05-28 09:45:21,322.05,6035667
2021-05-28 09:45:22,322.15,6035888
2021-05-28 09:45:23,322.15,6036467
2021-05-28 09:45:25,322.05,6036518
2021-05-28 09:45:25,322.05,6036518
2021-05-28 09:45:26,322.1,6037382
2021-05-28 09:45:27,322.15,6037702
2021-05-28 09:45:28,322.1,6038697
2021-05-28 09:45:29,322.0,6038827
2021-05-28 09:45:30,322.0,6038947
2021-05-28 09:45:31,322.05,6039063
2021-05-28 09:45:32,322.05,6039129
2021-05-28 09:45:33,322.05,6039194
2021-05-28 09:45:35,322.0,6039228
2021-05-28 09:45:37,322.05,6040283
2021-05-28 09:45:38,322.0,6041169
2021-05-28 09:45:39,322.1,6041470
2021-05-28 09:45:40,322.1,6042630
2021-05-28 09:45:41,322.0,6043290
2021-05-28 09:45:42,322.0,6043319
2021-05-28 09:45:43,322.0,6043771
2021-05-28 09:45:44,322.0,6046689
2021-05-28 09:45:46,322.0,6051613
2021-05-28 09:45:46,322.0,6051613
2021-05-28 09:45:47,322.1,6051943
2021-05-28 09:45:48,322.15,6052064
2021-05-28 09:45:49,322.1,6052158
2021-05-28 09:45:50,322.1,6052248
2021-05-28 09:45:51,322.1,6053486
2021-05-28 09:45:52,322.1,6053616
2021-05-28 09:45:54,322.05,6053958
2021-05-28 09:45:54,322.05,6054458
2021-05-28 09:45:55,322.05,6054813
2021-05-28 09:45:56,322.0,6055792
2021-05-28 09:45:57,322.1,6056373
2021-05-28 09:45:58,322.1,6057190
2021-05-28 09:45:59,322.15,6058104
2021-05-28 09:46:00,322.15,6058939
2021-05-28 09:46:01,322.1,6060413
2021-05-28 09:46:02,322.1,6061578
2021-05-28 09:46:03,322.0,6061597
2021-05-28 09:46:04,322.0,6069678
2021-05-28 09:46:05,322.1,6070238
2021-05-28 09:46:06,322.0,6070697
2021-05-28 09:46:07,322.1,6071278
2021-05-28 09:46:08,322.0,6071395
2021-05-28 09:46:10,321.95,6107658
2021-05-28 09:46:11,321.95,6107798
2021-05-28 09:46:11,322.05,6107882
2021-05-28 09:46:12,322.1,6108064
2021-05-28 09:46:13,322.0,6108184
2021-05-28 09:46:14,321.95,6110292
2021-05-28 09:46:15,322.1,6112934
2021-05-28 09:46:16,322.15,6114361
2021-05-28 09:46:17,322.0,6114583
2021-05-28 09:46:18,322.1,6115600
2021-05-28 09:46:19,322.05,6116120
2021-05-28 09:46:20,322.1,6116170
2021-05-28 09:46:21,322.0,6117391
2021-05-28 09:46:23,322.1,6118605
2021-05-28 09:46:23,322.25,6146931
2021-05-28 09:46:24,322.3,6147073
2021-05-28 09:46:25,322.2,6147886
2021-05-28 09:46:26,322.15,6148407
2021-05-28 09:46:27,322.1,6149792
2021-05-28 09:46:28,322.1,6150877
2021-05-28 09:46:29,322.1,6151019
2021-05-28 09:46:30,322.05,6152174
2021-05-28 09:46:35,322.2,6153103
2021-05-28 09:46:36,322.15,6153278
2021-05-28 09:46:37,322.35,6159658
2021-05-28 09:46:38,322.4,6170256
2021-05-28 09:46:40,322.4,6174234
2021-05-28 09:46:41,322.55,6214583
2021-05-28 09:46:42,322.7,6218314
2021-05-28 09:46:43,322.7,6218324
2021-05-28 09:46:44,322.6,6218499
2021-05-28 09:46:45,322.6,6220735
2021-05-28 09:46:46,322.6,6220985
2021-05-28 09:46:47,322.7,6221793
2021-05-28 09:46:48,322.75,6229626
2021-05-28 09:46:49,322.75,6243976
2021-05-28 09:46:50,322.75,6244688
2021-05-28 09:46:51,322.75,6244876
2021-05-28 09:46:52,322.75,6249612
2021-05-28 09:46:53,322.7,6249734
2021-05-28 09:46:54,322.7,6252034
2021-05-28 09:46:55,322.7,6252164
2021-05-28 09:46:56,322.7,6252287
2021-05-28 09:46:57,322.75,6252592
2021-05-28 09:46:58,322.7,6253238
2021-05-28 09:46:59,322.7,6253411
2021-05-28 09:47:00,322.7,6253887
2021-05-28 09:47:01,322.75,6254275
2021-05-28 09:47:02,322.6,6256235
2021-05-28 09:47:03,322.7,6256677
2021-05-28 09:47:04,322.65,6257589
2021-05-28 09:47:05,322.6,6257721
2021-05-28 09:47:06,322.65,6258061
2021-05-28 09:47:07,322.6,6258228
2021-05-28 09:47:08,322.6,6259161
2021-05-28 09:47:09,322.65,6259291
2021-05-28 09:47:11,322.65,6260092
2021-05-28 09:47:10,322.6,6260081
2021-05-28 09:47:12,322.6,6261579
2021-05-28 09:47:13,322.6,6261600
2021-05-28 09:47:14,322.6,6261750
2021-05-28 09:47:15,322.6,6262314
2021-05-28 09:47:16,322.55,6262585
2021-05-28 09:47:17,322.5,6262904
2021-05-28 09:47:18,322.5,6262914
2021-05-28 09:47:19,322.5,6263057
2021-05-28 09:47:20,322.6,6263190
2021-05-28 09:47:21,322.5,6265818
2021-05-28 09:47:22,322.5,6266126
2021-05-28 09:47:23,322.6,6266737
2021-05-28 09:47:24,322.6,6266863
2021-05-28 09:47:25,322.5,6268015
2021-05-28 09:47:26,322.55,6268137
2021-05-28 09:47:27,322.5,6268436
2021-05-28 09:47:28,322.5,6268614
2021-05-28 09:47:29,322.5,6269365
2021-05-28 09:47:30,322.6,6269857
2021-05-28 09:47:31,322.45,6270092
2021-05-28 09:47:32,322.5,6270295
2021-05-28 09:47:34,322.6,6271714
2021-05-28 09:47:35,322.6,6272321
2021-05-28 09:47:36,322.6,6272321
2021-05-28 09:47:37,322.5,6272337
2021-05-28 09:47:38,322.5,6272817
2021-05-28 09:47:39,322.55,6272837
2021-05-28 09:47:40,322.55,6273106
2021-05-28 09:47:41,322.55,6273132
2021-05-28 09:47:42,322.55,6273282
2021-05-28 09:47:43,322.55,6273384
2021-05-28 09:47:44,322.55,6273400
2021-05-28 09:47:45,322.55,6275134
2021-05-28 09:47:46,322.7,6290104
2021-05-28 09:47:47,322.65,6290105
2021-05-28 09:47:48,322.65,6290725
2021-05-28 09:47:49,322.6,6291241
2021-05-28 09:47:50,322.7,6293141
2021-05-28 09:47:51,322.6,6293283
2021-05-28 09:47:52,322.6,6293787
2021-05-28 09:47:54,322.7,6295387
2021-05-28 09:47:54,322.65,6296557
2021-05-28 09:47:55,322.65,6297204
2021-05-28 09:47:57,322.7,6297497
2021-05-28 09:47:57,322.65,6297597
2021-05-28 09:47:58,322.7,6298066
2021-05-28 09:47:59,322.7,6298481
2021-05-28 09:48:00,322.65,6298507
2021-05-28 09:48:01,322.65,6298517
2021-05-28 09:48:02,322.65,6298832
2021-05-28 09:48:04,322.65,6301899
2021-05-28 09:48:04,322.65,6301899
2021-05-28 09:48:05,322.65,6302986
2021-05-28 09:48:06,322.7,6303211
2021-05-28 09:48:07,322.7,6317547
2021-05-28 09:48:08,322.7,6317560
2021-05-28 09:48:09,322.65,6318077
2021-05-28 09:48:10,322.7,6318237
2021-05-28 09:48:12,322.7,6318887
2021-05-28 09:48:12,322.6,6320740
2021-05-28 09:48:13,322.65,6323484
2021-05-28 09:48:14,322.6,6333584
2021-05-28 09:48:16,322.6,6333634
2021-05-28 09:48:16,322.7,6333640
2021-05-28 09:48:17,322.7,6334291
2021-05-28 09:48:18,322.65,6334499
2021-05-28 09:48:19,322.65,6335736
2021-05-28 09:48:20,322.7,6335871
2021-05-28 09:48:21,322.65,6336643
2021-05-28 09:48:22,322.65,6336898
2021-05-28 09:48:24,322.65,6345502
2021-05-28 09:48:24,322.65,6345502
2021-05-28 09:48:25,322.6,6346052
2021-05-28 09:48:26,322.7,6346061
2021-05-28 09:48:27,322.6,6347691
2021-05-28 09:48:28,322.7,6347706
2021-05-28 09:48:29,322.6,6347756
2021-05-28 09:48:30,322.6,6347979
2021-05-28 09:48:31,322.7,6356575
2021-05-28 09:48:32,322.7,6357736
2021-05-28 09:48:33,322.6,6357816
2021-05-28 09:48:34,322.65,6357868
2021-05-28 09:48:35,322.7,6360931
2021-05-28 09:48:36,322.7,6360933
2021-05-28 09:48:37,322.7,6361547
2021-05-28 09:48:38,322.65,6361744
2021-05-28 09:48:39,322.7,6361777
2021-05-28 09:48:40,322.7,6361944
2021-05-28 09:48:41,322.7,6362446
2021-05-28 09:48:42,322.65,6362870
2021-05-28 09:48:43,322.65,6363626
2021-05-28 09:48:44,322.7,6363662
2021-05-28 09:48:45,322.7,6363665
2021-05-28 09:48:46,322.65,6363741
2021-05-28 09:48:47,322.55,6365776
2021-05-28 09:48:49,322.6,6365859
2021-05-28 09:48:50,322.65,6365876
2021-05-28 09:48:50,322.6,6365894
2021-05-28 09:48:51,322.65,6366009
2021-05-28 09:48:52,322.5,6371576
2021-05-28 09:48:53,322.65,6371831
2021-05-28 09:48:54,322.65,6371831
2021-05-28 09:48:55,322.65,6373273
2021-05-28 09:48:56,322.55,6373294
2021-05-28 09:48:57,322.55,6373397
2021-05-28 09:48:58,322.55,6373489
2021-05-28 09:48:59,322.55,6373569
2021-05-28 09:49:00,322.6,6373583
2021-05-28 09:49:01,322.5,6373596
2021-05-28 09:49:02,322.6,6373628
2021-05-28 09:49:03,322.6,6374692
2021-05-28 09:49:04,322.5,6375692
2021-05-28 09:49:05,322.55,6378878
2021-05-28 09:49:06,322.5,6381174
2021-05-28 09:49:07,322.65,6381317
2021-05-28 09:49:08,322.5,6381478
2021-05-28 09:49:09,322.6,6381576
2021-05-28 09:49:11,322.55,6382157
2021-05-28 09:49:12,322.6,6382309
2021-05-28 09:49:13,322.5,6383716
2021-05-28 09:49:14,322.4,6384978
2021-05-28 09:49:15,322.4,6388080
2021-05-28 09:49:16,322.55,6388104
2021-05-28 09:49:17,322.6,6388204
2021-05-28 09:49:18,322.5,6388276
2021-05-28 09:49:19,322.4,6388522
2021-05-28 09:49:20,322.5,6388748
2021-05-28 09:49:21,322.5,6388805
2021-05-28 09:49:22,322.4,6388875
2021-05-28 09:49:23,322.5,6388963
2021-05-28 09:49:24,322.5,6389079
2021-05-28 09:49:26,322.4,6389154
2021-05-28 09:49:26,322.5,6389204
2021-05-28 09:49:27,322.4,6389559
2021-05-28 09:49:29,322.5,6389704
2021-05-28 09:49:29,322.5,6390204
2021-05-28 09:49:30,322.4,6390233
2021-05-28 09:49:31,322.4,6390575
2021-05-28 09:49:33,322.45,6390697
2021-05-28 09:49:33,322.45,6390697
2021-05-28 09:49:34,322.4,6390897
2021-05-28 09:49:35,322.45,6391555
2021-05-28 09:49:36,322.4,6391658
2021-05-28 09:49:37,322.4,6391832
2021-05-28 09:49:38,322.4,6392683
2021-05-28 09:49:39,322.4,6393287
2021-05-28 09:49:40,322.4,6393890
2021-05-28 09:49:41,322.4,6395066
2021-05-28 09:49:43,322.45,6396692
2021-05-28 09:49:44,322.45,6396821
2021-05-28 09:49:46,322.5,6399101
2021-05-28 09:49:46,322.4,6402268
2021-05-28 09:49:48,322.5,6402318
2021-05-28 09:49:48,322.5,6402318
2021-05-28 09:49:49,322.3,6408513
2021-05-28 09:49:50,322.4,6408822
2021-05-28 09:49:51,322.45,6409050
2021-05-28 09:49:53,322.4,6409298
2021-05-28 09:49:53,322.4,6409298
2021-05-28 09:49:54,322.4,6409346
2021-05-28 09:49:56,322.3,6410231
2021-05-28 09:49:55,322.4,6409664
2021-05-28 09:49:57,322.4,6410281
2021-05-28 09:49:58,322.4,6410347
2021-05-28 09:49:59,322.4,6410462
2021-05-28 09:50:00,322.4,6410718
2021-05-28 09:50:01,322.4,6410970
2021-05-28 09:50:02,322.4,6411238
2021-05-28 09:50:03,322.3,6411313
2021-05-28 09:50:04,322.3,6411392
2021-05-28 09:50:05,322.3,6411468
2021-05-28 09:50:06,322.3,6411608
2021-05-28 09:50:08,322.4,6411753
2021-05-28 09:50:08,322.3,6412028
2021-05-28 09:50:09,322.25,6413035
2021-05-28 09:50:11,322.4,6415886
2021-05-28 09:50:11,322.4,6415886
2021-05-28 09:50:14,322.4,6417517
2021-05-28 09:50:14,322.4,6417467
2021-05-28 09:50:15,322.4,6417524
2021-05-28 09:50:16,322.35,6417525
2021-05-28 09:50:17,322.35,6417525
2021-05-28 09:50:18,322.4,6417539
2021-05-28 09:50:19,322.4,6417621
2021-05-28 09:50:20,322.3,6418113
2021-05-28 09:50:22,322.4,6418865
2021-05-28 09:50:22,322.35,6418965
2021-05-28 09:50:23,322.35,6420628
2021-05-28 09:50:24,322.3,6421358
2021-05-28 09:50:25,322.3,6421949
2021-05-28 09:50:26,322.25,6422174
2021-05-28 09:50:27,322.3,6422728
2021-05-28 09:50:28,322.3,6422857
2021-05-28 09:50:29,322.3,6423540
2021-05-28 09:50:30,322.35,6424708
2021-05-28 09:50:31,322.25,6424742
2021-05-28 09:50:32,322.35,6425243
2021-05-28 09:50:33,322.35,6425932
2021-05-28 09:50:34,322.35,6426172
2021-05-28 09:50:35,322.25,6426526
2021-05-28 09:50:36,322.3,6426530
2021-05-28 09:50:38,322.3,6426566
2021-05-28 09:50:38,322.3,6426566
2021-05-28 09:50:39,322.3,6426671
2021-05-28 09:50:40,322.25,6427041
2021-05-28 09:50:41,322.35,6427092
2021-05-28 09:50:42,322.3,6427192
2021-05-28 09:50:43,322.3,6427352
2021-05-28 09:50:44,322.25,6427644
2021-05-28 09:50:45,322.25,6431425
2021-05-28 09:50:47,322.3,6431454
2021-05-28 09:50:47,322.3,6431454
2021-05-28 09:50:48,322.3,6432017
2021-05-28 09:50:50,322.25,6432083
2021-05-28 09:50:50,322.25,6432105
2021-05-28 09:50:51,322.3,6432474
2021-05-28 09:50:52,322.25,6432827
2021-05-28 09:50:53,322.25,6432860
2021-05-28 09:50:54,322.3,6433562
2021-05-28 09:50:55,322.25,6434572
2021-05-28 09:50:56,322.2,6446714
2021-05-28 09:50:58,322.25,6446840
2021-05-28 09:50:58,322.25,6446840
2021-05-28 09:50:59,322.15,6446850
2021-05-28 09:51:00,322.2,6447002
2021-05-28 09:51:01,322.1,6450571
2021-05-28 09:51:02,322.3,6451087
2021-05-28 09:51:03,322.3,6476809
2021-05-28 09:51:04,322.2,6477430
2021-05-28 09:51:06,322.25,6487390
2021-05-28 09:51:06,322.25,6487390
2021-05-28 09:51:07,322.25,6487403
2021-05-28 09:51:08,322.35,6488215
2021-05-28 09:51:09,322.25,6489638
2021-05-28 09:51:10,322.25,6493284
2021-05-28 09:51:11,322.3,6493334
2021-05-28 09:51:12,322.35,6493654
2021-05-28 09:51:13,322.45,6496509
2021-05-28 09:51:14,322.45,6496559
2021-05-28 09:51:16,322.35,6497259
2021-05-28 09:51:17,322.5,6497424
2021-05-28 09:51:18,322.3,6497636
2021-05-28 09:51:19,322.35,6498239
2021-05-28 09:51:20,322.5,6498344
2021-05-28 09:51:21,322.4,6503015
2021-05-28 09:51:22,322.45,6505083
2021-05-28 09:51:23,322.5,6510002
2021-05-28 09:51:24,322.45,6510062
2021-05-28 09:51:25,322.5,6514579
2021-05-28 09:51:27,322.4,6515724
2021-05-28 09:51:27,322.5,6515624
2021-05-28 09:51:28,322.6,6515762
2021-05-28 09:51:29,322.6,6515800
2021-05-28 09:51:30,322.4,6516536
2021-05-28 09:51:31,322.35,6516609
2021-05-28 09:51:32,322.4,6518459
2021-05-28 09:51:33,322.4,6518516
2021-05-28 09:51:34,322.5,6518597
2021-05-28 09:51:35,322.45,6518902
2021-05-28 09:51:36,322.5,6519138
2021-05-28 09:51:37,322.5,6522870
2021-05-28 09:51:39,322.5,6522932
2021-05-28 09:51:39,322.4,6522963
2021-05-28 09:51:40,322.35,6524719
2021-05-28 09:51:41,322.35,6524933
2021-05-28 09:51:42,322.4,6524954
2021-05-28 09:51:43,322.45,6525379
2021-05-28 09:51:45,322.35,6525651
2021-05-28 09:51:45,322.45,6525655
2021-05-28 09:51:46,322.45,6525678
2021-05-28 09:51:47,322.45,6525678
2021-05-28 09:51:48,322.35,6525695
2021-05-28 09:51:49,322.35,6525828
2021-05-28 09:51:50,322.4,6525852
2021-05-28 09:51:51,322.35,6526747
2021-05-28 09:51:52,322.45,6526867
2021-05-28 09:51:53,322.35,6527278
2021-05-28 09:51:54,322.35,6527387
2021-05-28 09:51:55,322.4,6527577
2021-05-28 09:51:56,322.35,6527846
2021-05-28 09:51:58,322.35,6528067
2021-05-28 09:51:58,322.35,6528067
2021-05-28 09:51:59,322.35,6528207
2021-05-28 09:52:00,322.35,6528770
2021-05-28 09:52:01,322.35,6528771
2021-05-28 09:52:02,322.4,6533510
2021-05-28 09:52:03,322.35,6534211
2021-05-28 09:52:05,322.4,6534276
2021-05-28 09:52:05,322.4,6534459
2021-05-28 09:52:06,322.45,6534655
2021-05-28 09:52:08,322.5,6534697
2021-05-28 09:52:08,322.5,6534697
2021-05-28 09:52:09,322.5,6534707
2021-05-28 09:52:10,322.4,6534773
2021-05-28 09:52:11,322.5,6537305
2021-05-28 09:52:12,322.35,6538369
2021-05-28 09:52:13,322.35,6538922
2021-05-28 09:52:14,322.5,6538982
2021-05-28 09:52:16,322.4,6539153
2021-05-28 09:52:16,322.4,6539153
2021-05-28 09:52:17,322.45,6539176
2021-05-28 09:52:18,322.35,6539613
2021-05-28 09:52:19,322.45,6539818
2021-05-28 09:52:20,322.45,6541792
2021-05-28 09:52:21,322.4,6541937
2021-05-28 09:52:22,322.45,6542009
2021-05-28 09:52:23,322.35,6542111
2021-05-28 09:52:24,322.35,6542111
2021-05-28 09:52:25,322.4,6546502
2021-05-28 09:52:27,322.4,6546659
2021-05-28 09:52:27,322.4,6546859
2021-05-28 09:52:29,322.4,6546862
2021-05-28 09:52:29,322.5,6546865
2021-05-28 09:52:30,322.4,6546949
2021-05-28 09:52:31,322.4,6547145
2021-05-28 09:52:32,322.4,6547351
2021-05-28 09:52:33,322.4,6547699
2021-05-28 09:52:34,322.45,6547802
2021-05-28 09:52:35,322.45,6547802
2021-05-28 09:52:36,322.35,6547804
2021-05-28 09:52:37,322.35,6547804
2021-05-28 09:52:38,322.35,6548125
2021-05-28 09:52:39,322.45,6548275
2021-05-28 09:52:40,322.45,6548470
2021-05-28 09:52:41,322.35,6548863
2021-05-28 09:52:42,322.45,6549103
2021-05-28 09:52:43,322.35,6553273
2021-05-28 09:52:44,322.5,6555556
2021-05-28 09:52:45,322.35,6558738
2021-05-28 09:52:46,322.5,6558771
2021-05-28 09:52:47,322.4,6558906
2021-05-28 09:52:49,322.35,6560168
2021-05-28 09:52:49,322.35,6560168
2021-05-28 09:52:50,322.35,6561029
2021-05-28 09:52:51,322.45,6561032
2021-05-28 09:52:52,322.35,6562073
2021-05-28 09:52:53,322.4,6562194
2021-05-28 09:52:56,322.35,6562438
2021-05-28 09:52:55,322.4,6562378
2021-05-28 09:52:57,322.45,6563547
2021-05-28 09:52:57,322.35,6563577
2021-05-28 09:52:58,322.45,6565423
2021-05-28 09:52:59,322.35,6566188
2021-05-28 09:53:00,322.35,6566250
2021-05-28 09:53:01,322.35,6566820
2021-05-28 09:53:02,322.4,6566980
2021-05-28 09:53:03,322.4,6567141
2021-05-28 09:53:04,322.45,6570836
2021-05-28 09:53:05,322.4,6572234
2021-05-28 09:53:06,322.35,6572704
2021-05-28 09:53:07,322.4,6572804
2021-05-28 09:53:08,322.4,6572815
2021-05-28 09:53:09,322.35,6573233
2021-05-28 09:53:10,322.35,6576095
2021-05-28 09:53:11,322.35,6576095
2021-05-28 09:53:13,322.3,6576455
2021-05-28 09:53:14,322.35,6576655
2021-05-28 09:53:14,322.35,6576655
2021-05-28 09:53:15,322.3,6576698
2021-05-28 09:53:16,322.35,6576848
2021-05-28 09:53:17,322.3,6577348
2021-05-28 09:53:18,322.3,6577557
2021-05-28 09:53:19,322.35,6579338
2021-05-28 09:53:20,322.3,6579583
2021-05-28 09:53:22,322.3,6579659
2021-05-28 09:53:22,322.25,6579759
2021-05-28 09:53:23,322.25,6580313
2021-05-28 09:53:24,322.3,6580871
2021-05-28 09:53:25,322.25,6581039
2021-05-28 09:53:26,322.35,6582190
2021-05-28 09:53:27,322.3,6582275
2021-05-28 09:53:28,322.25,6582545
2021-05-28 09:53:29,322.25,6582545
2021-05-28 09:53:30,322.2,6587310
2021-05-28 09:53:32,322.2,6587830
2021-05-28 09:53:32,322.2,6587830
2021-05-28 09:53:33,322.1,6588494
2021-05-28 09:53:34,322.05,6590636
2021-05-28 09:53:35,322.05,6590987
2021-05-28 09:53:36,322.05,6592959
2021-05-28 09:53:37,322.15,6593755
2021-05-28 09:53:38,322.1,6594693
2021-05-28 09:53:39,322.1,6596871
2021-05-28 09:53:41,322.0,6597181
2021-05-28 09:53:41,322.1,6597029
2021-05-28 09:53:42,322.0,6597681
2021-05-28 09:53:43,322.2,6608159
2021-05-28 09:53:44,322.2,6611578
2021-05-28 09:53:45,322.4,6614782
2021-05-28 09:53:46,322.4,6614903
2021-05-28 09:53:47,322.3,6615541
2021-05-28 09:53:48,322.3,6617292
2021-05-28 09:53:50,322.4,6617920
2021-05-28 09:53:52,322.4,6617921
2021-05-28 09:53:53,322.25,6618591
2021-05-28 09:53:55,322.3,6618713
2021-05-28 09:53:56,322.3,6618958
2021-05-28 09:53:56,322.4,6618825
2021-05-28 09:53:57,322.25,6619328
2021-05-28 09:53:58,322.25,6619470
2021-05-28 09:53:59,322.25,6619480
2021-05-28 09:54:00,322.2,6620846
2021-05-28 09:54:01,322.2,6622056
2021-05-28 09:54:02,322.35,6622107
2021-05-28 09:54:03,322.3,6622305
2021-05-28 09:54:04,322.3,6622489
2021-05-28 09:54:05,322.3,6622752
2021-05-28 09:54:06,322.2,6623187
2021-05-28 09:54:07,322.2,6623234
2021-05-28 09:54:09,322.25,6625730
2021-05-28 09:54:09,322.25,6625699
2021-05-28 09:54:10,322.25,6626100
2021-05-28 09:54:11,322.15,6627628
2021-05-28 09:54:12,322.3,6628017
2021-05-28 09:54:13,322.3,6629877
2021-05-28 09:54:14,322.2,6629880
2021-05-28 09:54:15,322.15,6629920
2021-05-28 09:54:16,322.15,6630107
2021-05-28 09:54:17,322.25,6630615
2021-05-28 09:54:18,322.25,6630790
2021-05-28 09:54:19,322.25,6632147
2021-05-28 09:54:20,322.1,6632266
2021-05-28 09:54:21,322.0,6651268
2021-05-28 09:54:22,322.15,6651269
2021-05-28 09:54:23,322.05,6652325
2021-05-28 09:54:24,322.0,6653575
2021-05-28 09:54:25,322.0,6653613
2021-05-28 09:54:26,322.0,6654182
2021-05-28 09:54:27,322.15,6657352
2021-05-28 09:54:28,322.15,6657373
2021-05-28 09:54:29,322.05,6657526
2021-05-28 09:54:30,322.15,6657678
2021-05-28 09:54:31,322.05,6657788
2021-05-28 09:54:32,322.05,6658505
2021-05-28 09:54:33,322.0,6658520
2021-05-28 09:54:34,322.1,6659970
2021-05-28 09:54:35,322.15,6662352
2021-05-28 09:54:36,322.15,6664552
2021-05-28 09:54:38,322.0,6714864
2021-05-28 09:54:38,322.0,6714864
2021-05-28 09:54:39,322.05,6715025
2021-05-28 09:54:40,322.1,6715700
2021-05-28 09:54:41,322.05,6720602
2021-05-28 09:54:42,321.95,6725751
2021-05-28 09:54:43,322.0,6725969
2021-05-28 09:54:44,322.0,6727490
2021-05-28 09:54:45,322.0,6729598
2021-05-28 09:54:46,322.0,6730468
2021-05-28 09:54:47,321.8,6749990
2021-05-28 09:54:48,321.8,6751720
2021-05-28 09:54:50,321.9,6751912
2021-05-28 09:54:50,321.9,6751912
2021-05-28 09:54:51,321.95,6753533
2021-05-28 09:54:52,321.8,6753837
2021-05-28 09:54:53,321.8,6754291
2021-05-28 09:54:54,321.8,6755368
2021-05-28 09:54:55,321.8,6757509
2021-05-28 09:54:56,321.8,6757720
2021-05-28 09:54:57,321.8,6758844
2021-05-28 09:54:58,321.9,6760834
2021-05-28 09:54:59,321.8,6762537
2021-05-28 09:55:00,321.9,6763313
2021-05-28 09:55:01,321.8,6763665
2021-05-28 09:55:02,321.85,6764561
2021-05-28 09:55:03,321.8,6765686
2021-05-28 09:55:05,321.9,6766502
2021-05-28 09:55:05,321.8,6766503
2021-05-28 09:55:06,321.8,6767704
2021-05-28 09:55:07,321.8,6772729
2021-05-28 09:55:08,321.8,6773759
2021-05-28 09:55:09,321.8,6775806
2021-05-28 09:55:10,321.8,6782398
2021-05-28 09:55:11,321.9,6782610
2021-05-28 09:55:12,321.8,6792695
2021-05-28 09:55:13,321.7,6837090
2021-05-28 09:55:14,321.7,6839197
2021-05-28 09:55:16,321.7,6840002
2021-05-28 09:55:16,321.8,6860002
2021-05-28 09:55:17,321.75,6862243
2021-05-28 09:55:18,321.75,6864404
2021-05-28 09:55:19,321.75,6864409
2021-05-28 09:55:20,321.75,6868632
2021-05-28 09:55:21,321.75,6869154
2021-05-28 09:55:22,321.7,6869890
2021-05-28 09:55:23,321.7,6871469
2021-05-28 09:55:25,321.75,6873943
2021-05-28 09:55:26,321.7,6874774
2021-05-28 09:55:27,321.8,6875700
2021-05-28 09:55:28,321.7,6876170
2021-05-28 09:55:29,321.75,6876599
2021-05-28 09:55:30,321.7,6883858
2021-05-28 09:55:31,321.7,6887011
2021-05-28 09:55:32,321.75,6889358
2021-05-28 09:55:33,321.75,6889539
2021-05-28 09:55:34,321.7,6889816
2021-05-28 09:55:35,321.6,6889842
2021-05-28 09:55:36,321.7,6890890
2021-05-28 09:55:37,321.75,6897946
2021-05-28 09:55:38,321.7,6898865
2021-05-28 09:55:39,321.7,6898908
2021-05-28 09:55:40,321.7,6900496
2021-05-28 09:55:41,321.65,6901795
2021-05-28 09:55:42,321.7,6906141
2021-05-28 09:55:43,321.65,6907025
2021-05-28 09:55:45,321.85,6909470
2021-05-28 09:55:46,321.8,6910562
2021-05-28 09:55:47,321.75,6911160
2021-05-28 09:55:48,321.8,6911495
2021-05-28 09:55:49,321.75,6911946
2021-05-28 09:55:50,321.7,6912254
2021-05-28 09:55:51,321.8,6916781
2021-05-28 09:55:52,321.7,6918387
2021-05-28 09:55:53,321.7,6918968
2021-05-28 09:55:54,321.7,6919102
2021-05-28 09:55:55,321.7,6919728
2021-05-28 09:55:56,321.75,6919820
2021-05-28 09:55:58,321.7,6925137
2021-05-28 09:55:58,321.7,6925144
2021-05-28 09:55:59,321.75,6925365
2021-05-28 09:56:00,321.75,6925559
2021-05-28 09:56:01,321.8,6925759
2021-05-28 09:56:02,321.7,6927409
2021-05-28 09:56:03,321.75,6927666
2021-05-28 09:56:04,321.7,6930865
2021-05-28 09:56:05,321.75,6937457
2021-05-28 09:56:06,321.7,6942014
2021-05-28 09:56:07,321.8,6947118
2021-05-28 09:56:08,321.75,6947360
2021-05-28 09:56:09,321.75,6947872
2021-05-28 09:56:10,321.75,6948732
2021-05-28 09:56:11,321.7,6948920
2021-05-28 09:56:12,321.75,6949297
2021-05-28 09:56:13,321.75,6949903
2021-05-28 09:56:14,321.7,6949918
2021-05-28 09:56:15,321.85,6950901
2021-05-28 09:56:16,321.85,6951450
2021-05-28 09:56:17,321.7,6951865
2021-05-28 09:56:18,321.7,6952316
2021-05-28 09:56:19,321.7,6952412
2021-05-28 09:56:20,321.85,6953629
2021-05-28 09:56:21,321.85,6953771
2021-05-28 09:56:22,321.75,6955508
2021-05-28 09:56:23,321.85,6956625
2021-05-28 09:56:24,321.85,6956993
2021-05-28 09:56:25,321.75,6957185
2021-05-28 09:56:26,321.75,6957235
2021-05-28 09:56:27,321.85,6957318
2021-05-28 09:56:28,321.75,6957500
2021-05-28 09:56:29,321.75,6958821
2021-05-28 09:56:30,321.75,6959122
2021-05-28 09:56:31,321.75,6959174
2021-05-28 09:56:32,321.75,6961244
2021-05-28 09:56:33,321.8,6961873
2021-05-28 09:56:34,321.8,6962993
2021-05-28 09:56:35,321.8,6963744
2021-05-28 09:56:36,321.8,6965169
2021-05-28 09:56:37,321.85,6966156
2021-05-28 09:56:38,321.85,6966307
2021-05-28 09:56:39,321.75,6966843
2021-05-28 09:56:40,321.75,6973833
2021-05-28 09:56:41,321.75,6976469
2021-05-28 09:56:42,321.8,6979369
2021-05-28 09:56:43,321.8,6980758
2021-05-28 09:56:44,321.75,6981730
2021-05-28 09:56:46,321.75,6982696
2021-05-28 09:56:46,321.85,6982796
2021-05-28 09:56:47,321.75,6983184
2021-05-28 09:56:48,321.75,6985790
2021-05-28 09:56:49,321.75,6986437
2021-05-28 09:56:50,321.8,6986609
2021-05-28 09:56:51,321.75,6989141
2021-05-28 09:56:52,321.8,6989306
2021-05-28 09:56:53,321.75,6990542
2021-05-28 09:56:54,321.75,6991201
2021-05-28 09:56:55,321.8,6991413
2021-05-28 09:56:56,321.8,6992763
2021-05-28 09:56:58,321.75,6993111
2021-05-28 09:56:59,321.75,6993561
2021-05-28 09:57:00,321.8,6995267
2021-05-28 09:57:01,321.75,6996341
2021-05-28 09:57:02,321.75,6996498
2021-05-28 09:57:03,321.85,6998608
2021-05-28 09:57:03,321.85,6998608
2021-05-28 09:57:04,321.75,6998995
2021-05-28 09:57:05,321.8,6999197
2021-05-28 09:57:06,321.8,6999304
2021-05-28 09:57:07,321.75,6999680
2021-05-28 09:57:08,321.85,7000810
2021-05-28 09:57:09,321.75,7001112
2021-05-28 09:57:10,321.75,7003305
2021-05-28 09:57:11,321.75,7003310
2021-05-28 09:57:12,321.75,7003530
2021-05-28 09:57:13,321.85,7003598
2021-05-28 09:57:15,321.75,7003798
2021-05-28 09:57:16,321.75,7004098
2021-05-28 09:57:17,321.75,7007102
2021-05-28 09:57:18,321.75,7007229
2021-05-28 09:57:19,321.75,7007323
2021-05-28 09:57:21,321.85,7009313
2021-05-28 09:57:21,321.85,7009413
2021-05-28 09:57:22,321.8,7009932
2021-05-28 09:57:23,321.75,7010165
2021-05-28 09:57:24,321.8,7012675
2021-05-28 09:57:25,321.8,7014675
2021-05-28 09:57:26,321.8,7015032
2021-05-28 09:57:27,321.8,7015185
2021-05-28 09:57:28,321.8,7015310
2021-05-28 09:57:29,321.75,7017784
2021-05-28 09:57:30,321.75,7018041
2021-05-28 09:57:32,321.85,7022386
2021-05-28 09:57:31,321.85,7019436
2021-05-28 09:57:33,321.8,7022511
2021-05-28 09:57:34,321.8,7024988
2021-05-28 09:57:35,321.9,7028968
2021-05-28 09:57:36,321.8,7029399
2021-05-28 09:57:37,321.9,7029454
2021-05-28 09:57:38,321.8,7030926
2021-05-28 09:57:39,321.8,7031237
2021-05-28 09:57:40,321.8,7031258
2021-05-28 09:57:41,321.8,7031408
2021-05-28 09:57:43,321.85,7031459
2021-05-28 09:57:44,321.8,7033697
2021-05-28 09:57:45,321.8,7034007
2021-05-28 09:57:45,321.8,7034007
2021-05-28 09:57:46,321.8,7034109
2021-05-28 09:57:47,321.8,7034415
2021-05-28 09:57:48,321.8,7035265
2021-05-28 09:57:50,321.8,7035933
2021-05-28 09:57:51,321.85,7038818
2021-05-28 09:57:51,321.8,7157545
2021-05-28 09:57:53,321.9,7164023
2021-05-28 09:57:53,321.95,7163989
2021-05-28 09:57:55,321.95,7167414
2021-05-28 09:57:56,321.9,7167875
2021-05-28 09:57:56,321.9,7168201
2021-05-28 09:57:57,321.9,7168328
2021-05-28 09:57:59,321.9,7174191
2021-05-28 09:58:00,322.0,7201380
2021-05-28 09:58:00,322.0,7201380
2021-05-28 09:58:01,322.0,7207264
2021-05-28 09:58:02,322.2,7216289
2021-05-28 09:58:03,322.3,7220796
2021-05-28 09:58:04,322.4,7222457
2021-05-28 09:58:05,322.5,7238032
2021-05-28 09:58:06,322.45,7238037
2021-05-28 09:58:07,322.85,7356110
2021-05-28 09:58:08,322.85,7359118
2021-05-28 09:58:09,323.0,7453716
2021-05-28 09:58:10,323.0,7543933
2021-05-28 09:58:11,323.05,7548299
2021-05-28 09:58:12,323.0,7548301
2021-05-28 09:58:13,323.0,7549709
2021-05-28 09:58:14,323.05,7563429
2021-05-28 09:58:15,323.0,7564715
2021-05-28 09:58:16,323.0,7565207
2021-05-28 09:58:17,322.95,7588944
2021-05-28 09:58:18,323.0,7589254
2021-05-28 09:58:19,323.0,7589995
2021-05-28 09:58:20,322.85,7598522
2021-05-28 09:58:21,322.95,7662148
2021-05-28 09:58:22,323.05,7662276
2021-05-28 09:58:23,322.95,7663514
2021-05-28 09:58:25,322.9,7667400
2021-05-28 09:58:26,323.0,7667673
2021-05-28 09:58:26,322.9,7669880
2021-05-28 09:58:27,322.95,7670621
2021-05-28 09:58:28,322.9,7671458
2021-05-28 09:58:29,323.0,7689092
2021-05-28 09:58:30,322.95,7689148
2021-05-28 09:58:31,323.0,7710426
2021-05-28 09:58:32,323.0,7716746
2021-05-28 09:58:33,323.0,7722171
2021-05-28 09:58:35,323.05,7732126
2021-05-28 09:58:36,323.0,7735872
2021-05-28 09:58:37,323.0,7737293
2021-05-28 09:58:39,322.8,7739908
2021-05-28 09:58:41,322.75,7741927
2021-05-28 09:58:42,322.7,7742308
2021-05-28 09:58:43,322.7,7743565
2021-05-28 09:58:43,322.65,7749590
2021-05-28 09:58:44,322.55,7753330
2021-05-28 09:58:45,322.7,7753382
2021-05-28 09:58:46,322.5,7753425
2021-05-28 09:58:47,322.6,7753879
2021-05-28 09:58:48,322.5,7755006
2021-05-28 09:58:50,322.55,7755256
2021-05-28 09:58:52,322.7,7755631
2021-05-28 09:58:52,322.55,7755715
2021-05-28 09:58:53,322.7,7755725
2021-05-28 09:58:54,322.6,7757237
2021-05-28 09:58:55,322.55,7759284
2021-05-28 09:58:56,322.5,7760025
2021-05-28 09:58:57,322.6,7760265
2021-05-28 09:58:58,322.6,7760669
2021-05-28 09:58:59,322.65,7760699
2021-05-28 09:59:00,322.6,7760914
2021-05-28 09:59:01,322.6,7761514
2021-05-28 09:59:02,322.6,7763348
2021-05-28 09:59:04,322.5,7763745
2021-05-28 09:59:04,322.6,7763795
2021-05-28 09:59:05,322.5,7763846
2021-05-28 09:59:06,322.6,7764085
2021-05-28 09:59:08,322.5,7764951
2021-05-28 09:59:09,322.6,7764992
2021-05-28 09:59:10,322.5,7765166
2021-05-28 09:59:11,322.6,7766527
2021-05-28 09:59:12,322.6,7767228
2021-05-28 09:59:13,322.6,7768794
2021-05-28 09:59:14,322.5,7769929
2021-05-28 09:59:15,322.6,7770299
2021-05-28 09:59:16,322.5,7771402
2021-05-28 09:59:18,322.45,7782183
2021-05-28 09:59:19,322.4,7784770
2021-05-28 09:59:19,322.4,7784820
2021-05-28 09:59:20,322.4,7785621
2021-05-28 09:59:21,322.4,7786087
2021-05-28 09:59:22,322.4,7786087
2021-05-28 09:59:23,322.45,7786569
2021-05-28 09:59:24,322.4,7786994
2021-05-28 09:59:26,322.4,7788220
2021-05-28 09:59:26,322.4,7788650
2021-05-28 09:59:27,322.4,7788981
2021-05-28 09:59:28,322.45,7789031
2021-05-28 09:59:29,322.3,7792784
2021-05-28 09:59:30,322.4,7793222
2021-05-28 09:59:31,322.4,7800811
2021-05-28 09:59:32,322.45,7802182
2021-05-28 09:59:33,322.35,7802307
2021-05-28 09:59:34,322.4,7802516
2021-05-28 09:59:36,322.45,7802739
2021-05-28 09:59:35,322.45,7802739
2021-05-28 09:59:37,322.4,7803054
2021-05-28 09:59:39,322.3,7804594
2021-05-28 09:59:40,322.4,7804893
2021-05-28 09:59:40,322.4,7804893
2021-05-28 09:59:41,322.35,7805499
2021-05-28 09:59:42,322.4,7805580
2021-05-28 09:59:43,322.35,7805591
2021-05-28 09:59:44,322.4,7808699
2021-05-28 09:59:45,322.3,7808769
2021-05-28 09:59:46,322.3,7808843
2021-05-28 09:59:47,322.3,7809090
2021-05-28 09:59:48,322.3,7809144
2021-05-28 09:59:50,322.3,7809431
2021-05-28 09:59:51,322.3,7809849
2021-05-28 09:59:51,322.3,7809904
2021-05-28 09:59:52,322.3,7810041
2021-05-28 09:59:53,322.3,7810069
2021-05-28 09:59:54,322.3,7810954
2021-05-28 09:59:55,322.3,7811592
2021-05-28 09:59:58,322.3,7812349
2021-05-28 09:59:58,322.35,7812369
2021-05-28 09:59:59,322.3,7812567
2021-05-28 10:00:00,322.3,7813028
2021-05-28 10:00:01,322.25,7814775
2021-05-28 10:00:02,322.25,7815047
2021-05-28 10:00:04,322.2,7817616
2021-05-28 10:00:05,322.3,7819702
2021-05-28 10:00:06,322.3,7819715
2021-05-28 10:00:07,322.3,7820100
2021-05-28 10:00:08,322.2,7824125
2021-05-28 10:00:09,322.2,7824326
2021-05-28 10:00:10,322.15,7824452
2021-05-28 10:00:11,322.2,7824463
2021-05-28 10:00:11,322.2,7824463
2021-05-28 10:00:13,322.1,7826609
2021-05-28 10:00:13,322.15,7826616
2021-05-28 10:00:14,322.15,7827330
2021-05-28 10:00:15,322.1,7827970
2021-05-28 10:00:16,322.15,7829995
2021-05-28 10:00:17,322.1,7840616
2021-05-28 10:00:19,322.1,7842381
2021-05-28 10:00:19,322.2,7842383
2021-05-28 10:00:20,322.1,7843037
2021-05-28 10:00:21,322.1,7843367
2021-05-28 10:00:22,322.15,7843382
2021-05-28 10:00:23,322.2,7844732
2021-05-28 10:00:24,322.2,7844908
2021-05-28 10:00:25,322.1,7845680
2021-05-28 10:00:26,322.1,7845898
2021-05-28 10:00:27,322.15,7846159
2021-05-28 10:00:28,322.1,7847396
2021-05-28 10:00:29,322.1,7850024
2021-05-28 10:00:30,322.1,7850126
2021-05-28 10:00:31,322.2,7851246
2021-05-28 10:00:33,322.2,7851357
2021-05-28 10:00:34,322.15,7851389
2021-05-28 10:00:35,322.2,7852324
2021-05-28 10:00:35,322.2,7852324
2021-05-28 10:00:36,322.1,7852584
2021-05-28 10:00:37,322.15,7853422
2021-05-28 10:00:38,322.15,7853458
2021-05-28 10:00:39,322.2,7853681
2021-05-28 10:00:40,322.2,7854390
2021-05-28 10:00:41,322.15,7859379
2021-05-28 10:00:42,322.15,7859413
2021-05-28 10:00:43,322.05,7859574
2021-05-28 10:00:44,322.1,7859599
2021-05-28 10:00:45,322.05,7860378
2021-05-28 10:00:46,322.1,7864984
2021-05-28 10:00:47,322.05,7865104
2021-05-28 10:00:48,322.1,7865267
2021-05-28 10:00:49,322.05,7865343
2021-05-28 10:00:50,322.0,7866418
2021-05-28 10:00:51,322.1,7866578
2021-05-28 10:00:52,322.1,7866687
2021-05-28 10:00:53,322.0,7867398
2021-05-28 10:00:54,322.0,7868439
2021-05-28 10:00:55,322.0,7868560
2021-05-28 10:00:56,322.05,7868722
2021-05-28 10:00:57,322.05,7869305
2021-05-28 10:00:58,322.0,7869990
2021-05-28 10:00:59,322.0,7871152
2021-05-28 10:01:00,322.0,7871466
2021-05-28 10:01:02,322.0,7872063
2021-05-28 10:01:02,322.0,7872315
2021-05-28 10:01:03,322.05,7874605
2021-05-28 10:01:04,322.0,7876147
2021-05-28 10:01:05,322.1,7876595
2021-05-28 10:01:07,322.1,7877031
2021-05-28 10:01:08,322.0,7877216
2021-05-28 10:01:09,322.0,7877882
2021-05-28 10:01:10,322.1,7877917
2021-05-28 10:01:11,322.1,7878627
2021-05-28 10:01:11,322.1,7879310
2021-05-28 10:01:12,322.0,7880117
2021-05-28 10:01:13,322.1,7883147
2021-05-28 10:01:15,322.05,7883398
2021-05-28 10:01:15,322.05,7883402
2021-05-28 10:01:16,322.05,7883404
2021-05-28 10:01:17,322.05,7883404
2021-05-28 10:01:18,322.1,7884380
2021-05-28 10:01:19,322.0,7884893
2021-05-28 10:01:20,322.1,7885844
2021-05-28 10:01:21,322.0,7885880
2021-05-28 10:01:22,322.0,7887910
2021-05-28 10:01:23,322.05,7888667
2021-05-28 10:01:25,322.0,7888815
2021-05-28 10:01:26,322.0,7889870
2021-05-28 10:01:27,322.0,7890162
2021-05-28 10:01:27,322.0,7890237
2021-05-28 10:01:28,322.0,7890519
2021-05-28 10:01:29,322.0,7891291
2021-05-28 10:01:30,322.0,7891300
2021-05-28 10:01:31,322.05,7891360
2021-05-28 10:01:34,322.0,7921763
2021-05-28 10:01:34,322.0,7921763
2021-05-28 10:01:35,322.0,7921995
2021-05-28 10:01:36,321.95,7922315
2021-05-28 10:01:37,321.95,7922322
2021-05-28 10:01:38,321.95,7922524
2021-05-28 10:01:39,321.95,7922686
2021-05-28 10:01:40,322.0,7922738
2021-05-28 10:01:41,322.0,7922789
2021-05-28 10:01:43,321.95,7922793
2021-05-28 10:01:44,322.0,7923004
2021-05-28 10:01:45,321.95,7924134
2021-05-28 10:01:46,321.95,7924445
2021-05-28 10:01:47,321.95,7924731
2021-05-28 10:01:48,321.95,7924756
2021-05-28 10:01:50,322.0,7925037
2021-05-28 10:01:50,321.95,7925157
2021-05-28 10:01:51,322.0,7925177
2021-05-28 10:01:52,322.0,7925179
2021-05-28 10:01:54,322.0,7926498
2021-05-28 10:01:55,322.0,7926997
2021-05-28 10:01:55,321.95,7927000
2021-05-28 10:01:56,322.0,7927600
2021-05-28 10:01:58,322.0,7929309
2021-05-28 10:01:59,321.95,7929443
2021-05-28 10:02:00,321.95,7929713
2021-05-28 10:02:00,321.95,7929727
2021-05-28 10:02:01,321.95,7929969
2021-05-28 10:02:02,321.95,7929969
2021-05-28 10:02:03,321.95,7934801
2021-05-28 10:02:04,322.0,7935408
2021-05-28 10:02:05,322.05,7935951
2021-05-28 10:02:06,322.0,7936211
2021-05-28 10:02:07,322.1,7937008
2021-05-28 10:02:08,322.1,7937105
2021-05-28 10:02:09,322.0,7937477
2021-05-28 10:02:10,322.0,7937757
2021-05-28 10:02:11,321.95,7937857
2021-05-28 10:02:13,322.0,7938034
2021-05-28 10:02:14,322.0,7938064
2021-05-28 10:02:15,322.05,7938624
2021-05-28 10:02:16,322.0,7939859
2021-05-28 10:02:16,322.0,7939909
2021-05-28 10:02:17,321.95,7940237
2021-05-28 10:02:18,322.0,7940978
2021-05-28 10:02:19,322.0,7951387
2021-05-28 10:02:20,321.95,7952201
2021-05-28 10:02:21,322.0,7952221
2021-05-28 10:02:22,321.9,7952425
2021-05-28 10:02:23,321.95,7953045
2021-05-28 10:02:24,322.0,7953159
2021-05-28 10:02:25,321.95,7955216
2021-05-28 10:02:26,322.0,7955372
2021-05-28 10:02:27,321.95,7955412
2021-05-28 10:02:28,321.95,7956488
2021-05-28 10:02:29,322.0,7956551
2021-05-28 10:02:30,321.95,7957691
2021-05-28 10:02:31,321.95,7959842
2021-05-28 10:02:32,321.95,7959842
2021-05-28 10:02:34,321.95,7960483
2021-05-28 10:02:35,321.95,7960567
2021-05-28 10:02:35,321.95,7961018
2021-05-28 10:02:36,321.95,7964080
2021-05-28 10:02:37,321.85,7986070
2021-05-28 10:02:38,321.95,7987354
2021-05-28 10:02:39,321.85,7990117
2021-05-28 10:02:40,321.85,7991287
2021-05-28 10:02:41,321.85,7991547
2021-05-28 10:02:42,321.95,7991579
2021-05-28 10:02:43,321.95,7991661
2021-05-28 10:02:44,321.85,7992084
2021-05-28 10:02:45,321.8,8000705
2021-05-28 10:02:46,321.9,8001370
2021-05-28 10:02:47,321.75,8018424
2021-05-28 10:02:48,321.85,8023424
2021-05-28 10:02:49,321.8,8023432
2021-05-28 10:02:50,321.8,8023869
2021-05-28 10:02:51,321.75,8024377
2021-05-28 10:02:52,321.75,8024407
2021-05-28 10:02:53,321.8,8024599
2021-05-28 10:02:54,321.75,8024808
2021-05-28 10:02:56,321.75,8029904
2021-05-28 10:02:57,321.75,8030057
2021-05-28 10:02:58,321.8,8030165
2021-05-28 10:02:59,321.85,8030990
2021-05-28 10:03:00,321.8,8031643
2021-05-28 10:03:00,321.8,8031643
2021-05-28 10:03:01,321.8,8034167
2021-05-28 10:03:02,321.8,8034558
2021-05-28 10:03:04,321.8,8035943
2021-05-28 10:03:04,321.75,8036475
2021-05-28 10:03:06,321.8,8036767
2021-05-28 10:03:06,321.8,8036917
2021-05-28 10:03:07,321.75,8037362
2021-05-28 10:03:08,321.7,8100993
2021-05-28 10:03:09,321.7,8110528
2021-05-28 10:03:10,321.65,8110654
2021-05-28 10:03:11,321.55,8217440
2021-05-28 10:03:12,321.6,8224159
2021-05-28 10:03:13,321.5,8226259
2021-05-28 10:03:14,321.5,8226937
2021-05-28 10:03:15,321.55,8229039
2021-05-28 10:03:16,321.4,8247168
2021-05-28 10:03:17,321.5,8248209
2021-05-28 10:03:18,321.5,8248361
2021-05-28 10:03:19,321.5,8248669
2021-05-28 10:03:21,321.5,8260414
2021-05-28 10:03:22,321.5,8260709
2021-05-28 10:03:23,321.45,8263335
2021-05-28 10:03:24,321.45,8263651
2021-05-28 10:03:25,321.5,8275267
2021-05-28 10:03:27,321.45,8279270
2021-05-28 10:03:26,321.5,8278820
2021-05-28 10:03:27,321.5,8280812
2021-05-28 10:03:28,321.4,8283209
2021-05-28 10:03:29,321.4,8283404
2021-05-28 10:03:30,321.5,8283834
2021-05-28 10:03:31,321.5,8284899
2021-05-28 10:03:32,321.4,8285400
2021-05-28 10:03:33,321.35,8311976
2021-05-28 10:03:34,321.35,8316592
2021-05-28 10:03:35,321.45,8317012
2021-05-28 10:03:36,321.35,8318861
2021-05-28 10:03:37,321.4,8319296
2021-05-28 10:03:38,321.3,8323775
2021-05-28 10:03:39,321.35,8324925
2021-05-28 10:03:41,321.35,8326035
2021-05-28 10:03:42,321.4,8333760
2021-05-28 10:03:43,321.3,8334420
2021-05-28 10:03:43,321.3,8334855
2021-05-28 10:03:44,321.3,8337773
2021-05-28 10:03:46,321.4,8343330
2021-05-28 10:03:47,321.4,8346804
2021-05-28 10:03:48,321.45,8346890
2021-05-28 10:03:49,321.4,8350659
2021-05-28 10:03:50,321.4,8353940
2021-05-28 10:03:51,321.4,8357277
2021-05-28 10:03:52,321.4,8358712
2021-05-28 10:03:53,321.5,8365243
2021-05-28 10:03:54,321.5,8367070
2021-05-28 10:03:54,321.4,8367102
2021-05-28 10:03:55,321.5,8371264
2021-05-28 10:03:56,321.5,8371356
2021-05-28 10:03:58,321.45,8371556
2021-05-28 10:03:59,321.45,8371857
2021-05-28 10:04:00,321.5,8378067
2021-05-28 10:04:01,321.5,8378329
2021-05-28 10:04:02,321.5,8380838
2021-05-28 10:04:04,321.5,8381110
2021-05-28 10:04:04,321.4,8381867
2021-05-28 10:04:05,321.4,8383707
2021-05-28 10:04:07,321.4,8384399
2021-05-28 10:04:07,321.45,8384919
2021-05-28 10:04:08,321.5,8385658
2021-05-28 10:04:09,321.4,8386723
2021-05-28 10:04:10,321.4,8387088
2021-05-28 10:04:11,321.5,8388693
2021-05-28 10:04:13,321.4,8388996
2021-05-28 10:04:13,321.5,8389011
2021-05-28 10:04:14,321.5,8389685
2021-05-28 10:04:15,321.5,8390318
2021-05-28 10:04:16,321.5,8391029
2021-05-28 10:04:17,321.5,8392266
2021-05-28 10:04:18,321.45,8392792
2021-05-28 10:04:19,321.5,8393712
2021-05-28 10:04:20,321.5,8394251
2021-05-28 10:04:21,321.5,8394356
2021-05-28 10:04:22,321.55,8395805
2021-05-28 10:04:23,321.55,8399393
2021-05-28 10:04:24,321.45,8399831
2021-05-28 10:04:26,321.45,8400957
2021-05-28 10:04:26,321.55,8401050
2021-05-28 10:04:28,321.45,8401097
2021-05-28 10:04:29,321.45,8401771
2021-05-28 10:04:30,321.5,8403143
2021-05-28 10:04:31,321.55,8403413
2021-05-28 10:04:32,321.5,8405563
2021-05-28 10:04:33,321.5,8405689
2021-05-28 10:04:34,321.6,8406769
2021-05-28 10:04:34,321.6,8406769
2021-05-28 10:04:35,321.6,8407615
2021-05-28 10:04:36,321.5,8409084
2021-05-28 10:04:37,321.55,8409677
2021-05-28 10:04:38,321.55,8409709
2021-05-28 10:04:39,321.5,8411005
2021-05-28 10:04:40,321.5,8411025
