timestamp,ltp,volume
2021-05-28 09:15:12,1598.45,11027
2021-05-28 09:15:13,1599.2,11289
2021-05-28 09:15:14,1599.0,11383
2021-05-28 09:15:15,1599.0,11598
2021-05-28 09:15:16,1599.0,11787
2021-05-28 09:15:17,1599.75,11905
2021-05-28 09:15:18,1599.1,11984
2021-05-28 09:15:19,1599.05,11991
2021-05-28 09:15:20,1599.0,13701
2021-05-28 09:15:21,1599.7,14132
2021-05-28 09:15:22,1601.65,14708
2021-05-28 09:15:23,1602.0,15576
2021-05-28 09:15:23,1602.0,16289
2021-05-28 09:15:24,1602.0,16788
2021-05-28 09:15:25,1602.2,17645
2021-05-28 09:15:26,1603.4,18029
2021-05-28 09:15:27,1602.8,18255
2021-05-28 09:15:28,1603.95,18571
2021-05-28 09:15:29,1603.9,18979
2021-05-28 09:15:30,1601.85,20730
2021-05-28 09:15:31,1602.35,22130
2021-05-28 09:15:32,1604.95,22731
2021-05-28 09:15:33,1603.8,23000
2021-05-28 09:15:35,1605.6,25195
2021-05-28 09:15:37,1608.35,26641
2021-05-28 09:15:38,1608.85,27031
2021-05-28 09:15:39,1609.0,27656
2021-05-28 09:15:40,1609.0,28669
2021-05-28 09:15:41,1610.0,28898
2021-05-28 09:15:43,1610.0,30147
2021-05-28 09:15:42,1609.05,30085
2021-05-28 09:15:44,1609.95,30238
2021-05-28 09:15:45,1610.0,30403
2021-05-28 09:15:46,1611.0,30510
2021-05-28 09:15:47,1611.45,30805
2021-05-28 09:15:48,1611.7,30857
2021-05-28 09:15:49,1611.55,30915
2021-05-28 09:15:50,1611.75,31446
2021-05-28 09:15:51,1611.35,32358
2021-05-28 09:15:52,1611.65,33000
2021-05-28 09:15:53,1611.55,33132
2021-05-28 09:15:54,1611.55,33799
2021-05-28 09:15:55,1610.4,34701
2021-05-28 09:15:56,1611.0,35219
2021-05-28 09:15:58,1611.7,35807
2021-05-28 09:15:59,1612.0,35940
2021-05-28 09:16:00,1612.05,36132
2021-05-28 09:16:01,1612.0,36365
2021-05-28 09:16:02,1612.0,36744
2021-05-28 09:16:03,1612.0,37107
2021-05-28 09:16:04,1612.0,37137
2021-05-28 09:16:05,1611.8,37788
2021-05-28 09:16:06,1612.25,38732
2021-05-28 09:16:07,1607.2,42075
2021-05-28 09:16:07,1606.2,42193
2021-05-28 09:16:08,1607.55,43454
2021-05-28 09:16:09,1607.95,43600
2021-05-28 09:16:10,1607.85,46550
2021-05-28 09:16:11,1609.05,47598
2021-05-28 09:16:12,1608.65,47883
2021-05-28 09:16:13,1609.4,48596
2021-05-28 09:16:15,1609.4,49030
2021-05-28 09:16:16,1609.0,49479
2021-05-28 09:16:17,1609.6,49515
2021-05-28 09:16:18,1609.45,50724
2021-05-28 09:16:19,1609.9,51220
2021-05-28 09:16:20,1609.35,51394
2021-05-28 09:16:21,1609.85,51748
2021-05-28 09:16:22,1609.95,51751
2021-05-28 09:16:23,1609.85,51850
2021-05-28 09:16:24,1608.65,54361
2021-05-28 09:16:25,1608.4,54471
2021-05-28 09:16:26,1608.45,54635
2021-05-28 09:16:27,1609.15,54990
2021-05-28 09:16:27,1609.15,54990
2021-05-28 09:16:29,1609.3,55222
2021-05-28 09:16:30,1609.55,55742
2021-05-28 09:16:31,1608.15,55766
2021-05-28 09:16:33,1609.15,55854
2021-05-28 09:16:33,1608.55,55941
2021-05-28 09:16:34,1609.4,56119
2021-05-28 09:16:36,1610.6,56608
2021-05-28 09:16:37,1610.45,56633
2021-05-28 09:16:38,1607.0,59119
2021-05-28 09:16:39,1607.9,59343
2021-05-28 09:16:40,1608.15,59466
2021-05-28 09:16:40,1608.15,59466
2021-05-28 09:16:41,1608.1,59929
2021-05-28 09:16:42,1608.15,60296
2021-05-28 09:16:43,1608.5,60580
2021-05-28 09:16:45,1610.5,62779
2021-05-28 09:16:45,1611.2,63181
2021-05-28 09:16:46,1611.3,63382
2021-05-28 09:16:48,1610.55,63706
2021-05-28 09:16:49,1608.75,65102
2021-05-28 09:16:50,1610.45,65885
2021-05-28 09:16:50,1609.85,65994
2021-05-28 09:16:52,1610.6,66752
2021-05-28 09:16:54,1609.9,66909
2021-05-28 09:16:55,1611.3,67649
2021-05-28 09:16:56,1611.0,68137
2021-05-28 09:16:57,1609.6,68468
2021-05-28 09:16:58,1610.0,68521
2021-05-28 09:16:58,1610.0,68522
2021-05-28 09:16:59,1610.0,68610
2021-05-28 09:17:00,1610.55,69290
2021-05-28 09:17:01,1608.6,69407
2021-05-28 09:17:02,1609.55,69608
2021-05-28 09:17:03,1610.0,69808
2021-05-28 09:17:05,1608.4,70535
2021-05-28 09:17:05,1608.4,70676
2021-05-28 09:17:07,1609.25,70892
2021-05-28 09:17:08,1609.3,71004
2021-05-28 09:17:09,1609.3,71191
2021-05-28 09:17:10,1609.0,71415
2021-05-28 09:17:11,1609.0,71524
2021-05-28 09:17:11,1609.2,71537
2021-05-28 09:17:12,1608.2,71734
2021-05-28 09:17:13,1609.2,71915
2021-05-28 09:17:14,1609.3,71948
2021-05-28 09:17:16,1608.0,73046
2021-05-28 09:17:17,1608.85,73356
2021-05-28 09:17:18,1608.95,73388
2021-05-28 09:17:20,1608.0,73454
2021-05-28 09:17:21,1608.95,73508
2021-05-28 09:17:22,1607.95,73791
2021-05-28 09:17:23,1607.8,73978
2021-05-28 09:17:24,1607.2,74241
2021-05-28 09:17:25,1607.2,74269
2021-05-28 09:17:26,1607.25,74398
2021-05-28 09:17:27,1607.25,74406
2021-05-28 09:17:28,1607.25,74904
2021-05-28 09:17:29,1607.25,74904
2021-05-28 09:17:30,1607.0,75076
2021-05-28 09:17:31,1607.0,75103
2021-05-28 09:17:32,1607.0,75103
2021-05-28 09:17:33,1607.25,75174
2021-05-28 09:17:34,1607.2,75324
2021-05-28 09:17:35,1607.2,75324
2021-05-28 09:17:36,1607.6,75454
2021-05-28 09:17:37,1606.8,75484
2021-05-28 09:17:38,1606.55,75525
2021-05-28 09:17:40,1607.0,75526
2021-05-28 09:17:41,1607.05,75643
2021-05-28 09:17:42,1607.65,75696
2021-05-28 09:17:42,1607.65,75696
2021-05-28 09:17:43,1607.7,76291
2021-05-28 09:17:44,1607.7,76291
2021-05-28 09:17:45,1607.05,76338
2021-05-28 09:17:46,1607.35,77204
2021-05-28 09:17:47,1608.5,77421
2021-05-28 09:17:48,1608.6,77444
2021-05-28 09:17:49,1608.6,77445
2021-05-28 09:17:50,1608.05,77455
2021-05-28 09:17:51,1608.75,77548
2021-05-28 09:17:52,1608.9,77655
2021-05-28 09:17:53,1608.95,77656
2021-05-28 09:17:54,1608.05,77711
2021-05-28 09:17:55,1608.8,77793
2021-05-28 09:17:56,1608.1,77801
2021-05-28 09:17:57,1608.15,78014
2021-05-28 09:17:58,1608.8,78068
2021-05-28 09:18:00,1609.3,78170
2021-05-28 09:17:59,1609.15,78154
2021-05-28 09:18:01,1608.2,79939
2021-05-28 09:18:02,1608.5,80097
2021-05-28 09:18:03,1608.15,80306
2021-05-28 09:18:05,1608.45,80399
2021-05-28 09:18:06,1608.55,80518
2021-05-28 09:18:07,1607.75,80616
2021-05-28 09:18:07,1607.8,80561
2021-05-28 09:18:08,1608.05,80967
2021-05-28 09:18:09,1608.65,81014
2021-05-28 09:18:10,1608.8,81019
2021-05-28 09:18:11,1608.6,81121
2021-05-28 09:18:12,1607.7,81394
2021-05-28 09:18:13,1608.4,81695
2021-05-28 09:18:14,1608.2,81748
2021-05-28 09:18:15,1606.85,82601
2021-05-28 09:18:16,1606.1,82612
2021-05-28 09:18:17,1606.95,82658
2021-05-28 09:18:18,1606.15,82808
2021-05-28 09:18:19,1606.95,82861
2021-05-28 09:18:20,1607.0,82930
2021-05-28 09:18:21,1607.0,82931
2021-05-28 09:18:22,1606.6,83066
2021-05-28 09:18:23,1606.95,83103
2021-05-28 09:18:24,1606.55,83135
2021-05-28 09:18:25,1607.0,83164
2021-05-28 09:18:26,1607.7,83778
2021-05-28 09:18:27,1606.4,83826
2021-05-28 09:18:28,1607.0,84294
2021-05-28 09:18:30,1607.25,85030
2021-05-28 09:18:30,1607.0,84912
2021-05-28 09:18:32,1606.2,85132
2021-05-28 09:18:33,1606.2,85140
2021-05-28 09:18:34,1606.55,86221
2021-05-28 09:18:35,1607.0,88392
2021-05-28 09:18:35,1607.0,88397
2021-05-28 09:18:36,1607.7,91813
2021-05-28 09:18:37,1607.95,92360
2021-05-28 09:18:38,1608.1,92397
2021-05-28 09:18:40,1608.1,93312
2021-05-28 09:18:41,1608.2,93352
2021-05-28 09:18:42,1608.25,93363
2021-05-28 09:18:43,1608.25,93363
2021-05-28 09:18:44,1608.25,93363
2021-05-28 09:18:45,1607.35,93390
2021-05-28 09:18:46,1608.0,93449
2021-05-28 09:18:46,1608.0,93449
2021-05-28 09:18:47,1607.85,93499
2021-05-28 09:18:48,1607.75,93984
2021-05-28 09:18:49,1607.2,94346
2021-05-28 09:18:51,1606.6,94353
2021-05-28 09:18:51,1606.6,94359
2021-05-28 09:18:53,1607.5,94498
2021-05-28 09:18:54,1607.7,94504
2021-05-28 09:18:55,1606.75,94674
2021-05-28 09:18:56,1606.65,94701
2021-05-28 09:18:57,1606.65,94702
2021-05-28 09:19:00,1606.7,94953
2021-05-28 09:18:59,1607.6,94926
2021-05-28 09:19:00,1606.7,94959
2021-05-28 09:19:01,1607.55,94961
2021-05-28 09:19:02,1607.0,94966
2021-05-28 09:19:03,1606.6,94970
2021-05-28 09:19:04,1606.7,94998
2021-05-28 09:19:05,1607.0,96149
2021-05-28 09:19:06,1607.7,96781
2021-05-28 09:19:07,1606.65,96803
2021-05-28 09:19:08,1606.55,96922
2021-05-28 09:19:09,1607.5,96935
2021-05-28 09:19:10,1607.5,96947
2021-05-28 09:19:12,1607.5,96947
2021-05-28 09:19:13,1607.5,96947
2021-05-28 09:19:14,1606.75,97047
2021-05-28 09:19:14,1607.0,97127
2021-05-28 09:19:15,1607.4,97189
2021-05-28 09:19:17,1607.5,97643
2021-05-28 09:19:18,1608.0,98121
2021-05-28 09:19:19,1608.55,98256
2021-05-28 09:19:20,1607.85,98288
2021-05-28 09:19:20,1607.85,98290
2021-05-28 09:19:22,1607.9,98360
2021-05-28 09:19:22,1607.9,98390
2021-05-28 09:19:23,1607.9,98536
2021-05-28 09:19:25,1608.45,98540
2021-05-28 09:19:25,1607.5,98541
2021-05-28 09:19:26,1608.45,98548
2021-05-28 09:19:28,1608.45,98548
2021-05-28 09:19:29,1607.1,99074
2021-05-28 09:19:30,1607.9,99080
2021-05-28 09:19:31,1607.95,99090
2021-05-28 09:19:32,1607.95,99140
2021-05-28 09:19:33,1607.95,99144
2021-05-28 09:19:34,1608.0,99170
2021-05-28 09:19:35,1607.05,99324
2021-05-28 09:19:35,1608.35,100324
2021-05-28 09:19:36,1607.1,100325
2021-05-28 09:19:37,1607.1,100425
2021-05-28 09:19:38,1606.85,100583
2021-05-28 09:19:39,1607.55,101022
2021-05-28 09:19:40,1607.45,101635
2021-05-28 09:19:41,1607.1,101924
2021-05-28 09:19:42,1607.1,101924
2021-05-28 09:19:44,1607.15,101944
2021-05-28 09:19:44,1607.1,101967
2021-05-28 09:19:45,1607.1,101967
2021-05-28 09:19:46,1607.9,101974
2021-05-28 09:19:47,1607.1,102079
2021-05-28 09:19:49,1607.85,102084
2021-05-28 09:19:50,1607.85,102084
2021-05-28 09:19:51,1607.85,102084
2021-05-28 09:19:51,1607.85,102084
2021-05-28 09:19:52,1607.85,102084
2021-05-28 09:19:53,1607.0,102350
2021-05-28 09:19:54,1606.7,102475
2021-05-28 09:19:55,1607.1,102564
2021-05-28 09:19:57,1607.7,102568
2021-05-28 09:19:58,1607.7,102631
2021-05-28 09:19:59,1607.7,102631
2021-05-28 09:20:00,1607.0,102648
2021-05-28 09:20:01,1607.1,102650
2021-05-28 09:20:02,1607.1,102650
2021-05-28 09:20:03,1607.1,102650
2021-05-28 09:20:04,1607.65,102765
2021-05-28 09:20:05,1607.65,102767
2021-05-28 09:20:05,1607.8,102867
2021-05-28 09:20:06,1607.15,102922
2021-05-28 09:20:07,1607.15,102922
2021-05-28 09:20:08,1607.15,103023
2021-05-28 09:20:09,1607.1,103929
2021-05-28 09:20:10,1607.1,103929
2021-05-28 09:20:11,1607.1,103940
2021-05-28 09:20:12,1607.1,103978
2021-05-28 09:20:13,1607.0,103997
2021-05-28 09:20:14,1607.55,104097
2021-05-28 09:20:15,1607.55,104538
2021-05-28 09:20:17,1607.0,104648
2021-05-28 09:20:18,1607.6,104805
2021-05-28 09:20:19,1607.6,104805
2021-05-28 09:20:20,1607.5,104858
2021-05-28 09:20:21,1606.55,106131
2021-05-28 09:20:22,1607.05,106183
2021-05-28 09:20:23,1607.05,106183
2021-05-28 09:20:24,1607.05,106236
2021-05-28 09:20:25,1607.55,106621
2021-05-28 09:20:26,1607.5,106815
2021-05-28 09:20:29,1607.75,106951
2021-05-28 09:20:29,1607.25,106957
2021-05-28 09:20:31,1607.25,106957
2021-05-28 09:20:32,1607.75,106978
2021-05-28 09:20:33,1607.75,106993
2021-05-28 09:20:34,1607.75,107141
2021-05-28 09:20:37,1607.65,109166
2021-05-28 09:20:37,1607.65,109166
2021-05-28 09:20:38,1607.65,109166
2021-05-28 09:20:39,1607.15,109181
2021-05-28 09:20:40,1607.1,109184
2021-05-28 09:20:41,1607.15,109185
2021-05-28 09:20:42,1607.15,109185
2021-05-28 09:20:43,1607.15,109190
2021-05-28 09:20:44,1607.7,109253
2021-05-28 09:20:45,1606.65,109910
2021-05-28 09:20:46,1606.65,109910
2021-05-28 09:20:47,1607.3,109925
2021-05-28 09:20:48,1607.3,109925
2021-05-28 09:20:49,1607.0,109929
2021-05-28 09:20:50,1606.4,109989
2021-05-28 09:20:52,1606.4,110016
2021-05-28 09:20:53,1606.8,110793
2021-05-28 09:20:54,1606.8,110893
2021-05-28 09:20:55,1606.85,110946
2021-05-28 09:20:55,1606.85,110947
2021-05-28 09:20:56,1606.15,111047
2021-05-28 09:20:57,1606.15,111098
2021-05-28 09:20:58,1606.25,111108
2021-05-28 09:20:59,1606.9,111149
2021-05-28 09:21:00,1606.15,111209
2021-05-28 09:21:01,1606.75,111494
2021-05-28 09:21:02,1606.75,111494
2021-05-28 09:21:03,1606.8,111869
2021-05-28 09:21:04,1606.9,111889
2021-05-28 09:21:06,1606.2,111896
2021-05-28 09:21:07,1606.2,111896
2021-05-28 09:21:08,1605.5,113021
2021-05-28 09:21:09,1604.8,118396
2021-05-28 09:21:10,1604.85,118431
2021-05-28 09:21:11,1604.1,118479
2021-05-28 09:21:12,1604.1,119644
2021-05-28 09:21:13,1604.1,119644
2021-05-28 09:21:13,1603.0,119934
2021-05-28 09:21:14,1603.1,120165
2021-05-28 09:21:15,1602.8,120595
2021-05-28 09:21:16,1602.8,120612
2021-05-28 09:21:17,1603.3,120614
2021-05-28 09:21:18,1603.55,120651
2021-05-28 09:21:19,1603.55,120651
2021-05-28 09:21:20,1602.8,121314
2021-05-28 09:21:21,1603.35,121578
2021-05-28 09:21:22,1603.5,121678
2021-05-28 09:21:23,1603.5,121828
2021-05-28 09:21:24,1603.45,121830
2021-05-28 09:21:25,1603.45,122284
2021-05-28 09:21:26,1603.35,122341
2021-05-28 09:21:27,1603.35,122341
2021-05-28 09:21:28,1602.8,122616
2021-05-28 09:21:29,1602.8,123097
2021-05-28 09:21:30,1601.0,123950
2021-05-28 09:21:32,1602.05,124010
2021-05-28 09:21:33,1601.8,124390
2021-05-28 09:21:34,1601.85,124453
2021-05-28 09:21:35,1603.25,124903
2021-05-28 09:21:35,1602.15,125653
2021-05-28 09:21:36,1602.3,125843
2021-05-28 09:21:37,1601.9,125946
2021-05-28 09:21:38,1601.9,125946
2021-05-28 09:21:39,1601.5,126126
2021-05-28 09:21:40,1601.55,126585
2021-05-28 09:21:41,1600.65,126814
2021-05-28 09:21:42,1601.4,126823
2021-05-28 09:21:43,1601.95,127617
2021-05-28 09:21:44,1601.25,127727
2021-05-28 09:21:45,1601.15,127976
2021-05-28 09:21:46,1601.1,127977
2021-05-28 09:21:48,1601.7,128254
2021-05-28 09:21:49,1601.75,128256
2021-05-28 09:21:50,1601.8,128296
2021-05-28 09:21:51,1602.05,129179
2021-05-28 09:21:51,1601.3,129379
2021-05-28 09:21:52,1601.3,129379
2021-05-28 09:21:53,1602.45,129438
2021-05-28 09:21:54,1602.3,129444
2021-05-28 09:21:55,1602.55,129489
2021-05-28 09:21:56,1602.55,129489
2021-05-28 09:21:58,1602.55,130386
2021-05-28 09:21:59,1602.55,130416
2021-05-28 09:22:00,1602.0,131096
2021-05-28 09:22:01,1602.0,131096
2021-05-28 09:22:02,1602.6,132521
2021-05-28 09:22:03,1602.6,132521
2021-05-28 09:22:04,1602.6,132521
2021-05-28 09:22:05,1603.85,132525
2021-05-28 09:22:06,1603.9,132542
2021-05-28 09:22:07,1603.1,132554
2021-05-28 09:22:08,1603.15,132560
2021-05-28 09:22:09,1603.15,132560
2021-05-28 09:22:10,1603.1,132660
2021-05-28 09:22:11,1603.1,132660
2021-05-28 09:22:11,1603.1,132660
2021-05-28 09:22:12,1604.0,132786
2021-05-28 09:22:13,1603.5,132939
2021-05-28 09:22:14,1603.5,132939
2021-05-28 09:22:15,1603.5,132939
2021-05-28 09:22:16,1603.5,132939
2021-05-28 09:22:17,1604.3,132995
2021-05-28 09:22:18,1604.3,132995
2021-05-28 09:22:19,1604.3,133015
2021-05-28 09:22:20,1604.2,133043
2021-05-28 09:22:21,1604.2,133043
2021-05-28 09:22:23,1604.55,133353
2021-05-28 09:22:24,1604.55,133363
2021-05-28 09:22:25,1604.1,133393
2021-05-28 09:22:26,1605.0,133493
2021-05-28 09:22:27,1605.0,133493
2021-05-28 09:22:28,1605.0,133503
2021-05-28 09:22:28,1605.0,133503
2021-05-28 09:22:29,1605.0,133523
2021-05-28 09:22:31,1604.15,133688
2021-05-28 09:22:32,1603.35,134018
2021-05-28 09:22:33,1603.55,134118
2021-05-28 09:22:34,1603.35,134295
2021-05-28 09:22:35,1604.35,134386
2021-05-28 09:22:36,1604.3,134403
2021-05-28 09:22:37,1604.55,134803
2021-05-28 09:22:38,1604.45,134907
2021-05-28 09:22:39,1604.45,134907
2021-05-28 09:22:40,1604.7,134917
2021-05-28 09:22:41,1604.05,134952
2021-05-28 09:22:43,1604.8,134962
2021-05-28 09:22:44,1603.9,134987
2021-05-28 09:22:45,1604.7,135009
2021-05-28 09:22:46,1604.9,135515
2021-05-28 09:22:47,1604.9,135515
2021-05-28 09:22:48,1604.9,135515
2021-05-28 09:22:49,1604.8,135516
2021-05-28 09:22:50,1604.7,135524
2021-05-28 09:22:51,1604.15,135604
2021-05-28 09:22:52,1605.0,135661
2021-05-28 09:22:53,1605.0,135664
2021-05-28 09:22:54,1604.15,135696
2021-05-28 09:22:55,1604.15,135696
2021-05-28 09:22:56,1604.1,136742
2021-05-28 09:22:58,1603.95,136933
2021-05-28 09:23:00,1603.45,137074
2021-05-28 09:23:01,1603.95,137340
2021-05-28 09:23:03,1603.0,137403
2021-05-28 09:23:04,1603.0,137403
2021-05-28 09:23:05,1603.95,137463
2021-05-28 09:23:06,1604.0,137471
2021-05-28 09:23:07,1604.0,137481
2021-05-28 09:23:08,1603.9,137482
2021-05-28 09:23:09,1603.9,137484
2021-05-28 09:23:10,1603.9,137484
2021-05-28 09:23:11,1603.9,137484
2021-05-28 09:23:12,1604.0,138353
2021-05-28 09:23:13,1603.65,138378
2021-05-28 09:23:14,1603.75,138478
2021-05-28 09:23:15,1604.7,138563
2021-05-28 09:23:16,1604.8,138568
2021-05-28 09:23:17,1604.85,138570
2021-05-28 09:23:18,1605.0,138740
2021-05-28 09:23:19,1604.15,138869
2021-05-28 09:23:20,1605.0,138871
2021-05-28 09:23:21,1605.0,138881
2021-05-28 09:23:22,1604.35,138892
2021-05-28 09:23:23,1604.35,138892
2021-05-28 09:23:24,1604.35,138892
2021-05-28 09:23:25,1605.0,138904
2021-05-28 09:23:26,1605.0,138904
2021-05-28 09:23:27,1604.95,138914
2021-05-28 09:23:28,1604.95,138914
2021-05-28 09:23:29,1604.05,139812
2021-05-28 09:23:30,1603.1,139813
2021-05-28 09:23:31,1603.0,139869
2021-05-28 09:23:33,1603.95,139977
2021-05-28 09:23:34,1603.95,139977
2021-05-28 09:23:35,1603.1,140032
2021-05-28 09:23:36,1603.1,140032
2021-05-28 09:23:37,1603.9,140037
2021-05-28 09:23:38,1603.1,140041
2021-05-28 09:23:39,1603.1,140042
2021-05-28 09:23:41,1603.9,140045
2021-05-28 09:23:40,1603.1,140042
2021-05-28 09:23:42,1602.7,140457
2021-05-28 09:23:43,1603.45,140459
2021-05-28 09:23:44,1603.45,140459
2021-05-28 09:23:45,1603.55,140463
2021-05-28 09:23:46,1603.6,140523
2021-05-28 09:23:47,1603.65,140529
2021-05-28 09:23:48,1603.65,140534
2021-05-28 09:23:49,1603.65,140540
2021-05-28 09:23:50,1603.8,140627
2021-05-28 09:23:51,1603.2,140654
2021-05-28 09:23:52,1603.2,140654
2021-05-28 09:23:53,1602.95,140699
2021-05-28 09:23:54,1602.95,140699
2021-05-28 09:23:55,1603.95,140750
2021-05-28 09:23:56,1603.5,140870
2021-05-28 09:23:57,1603.2,140874
2021-05-28 09:23:58,1603.2,140874
2021-05-28 09:23:59,1603.2,140879
2021-05-28 09:23:59,1603.8,140881
2021-05-28 09:24:00,1603.8,140889
2021-05-28 09:24:01,1603.25,140903
2021-05-28 09:24:02,1603.25,140903
2021-05-28 09:24:03,1603.8,140904
2021-05-28 09:24:04,1603.8,140904
2021-05-28 09:24:05,1603.8,140937
2021-05-28 09:24:06,1603.8,140938
2021-05-28 09:24:07,1603.8,140938
2021-05-28 09:24:08,1603.8,140942
2021-05-28 09:24:09,1603.95,140995
2021-05-28 09:24:10,1603.95,140995
2021-05-28 09:24:12,1603.85,141044
2021-05-28 09:24:12,1603.95,141445
2021-05-28 09:24:13,1604.0,142814
2021-05-28 09:24:14,1604.0,142814
2021-05-28 09:24:15,1604.3,142840
2021-05-28 09:24:16,1604.3,142840
2021-05-28 09:24:17,1604.95,142850
2021-05-28 09:24:19,1604.95,142860
2021-05-28 09:24:20,1603.4,144776
2021-05-28 09:24:20,1603.45,144815
2021-05-28 09:24:21,1603.55,144915
2021-05-28 09:24:22,1603.55,144915
2021-05-28 09:24:23,1604.05,144949
2021-05-28 09:24:24,1604.0,144976
2021-05-28 09:24:25,1604.1,145650
2021-05-28 09:24:26,1603.95,145794
2021-05-28 09:24:28,1603.6,145855
2021-05-28 09:24:29,1603.4,145913
2021-05-28 09:24:30,1604.3,145933
2021-05-28 09:24:31,1604.6,145934
2021-05-28 09:24:32,1603.5,145987
2021-05-28 09:24:33,1604.25,146000
2021-05-28 09:24:34,1604.25,146000
2021-05-28 09:24:35,1604.25,146000
2021-05-28 09:24:36,1604.25,146000
2021-05-28 09:24:37,1604.25,146002
2021-05-28 09:24:38,1604.25,146002
2021-05-28 09:24:39,1604.25,146002
2021-05-28 09:24:40,1604.25,146002
2021-05-28 09:24:41,1604.25,146002
2021-05-28 09:24:42,1604.2,146110
2021-05-28 09:24:43,1604.2,146137
2021-05-28 09:24:44,1604.2,146137
2021-05-28 09:24:45,1604.15,146201
2021-05-28 09:24:46,1604.15,146217
2021-05-28 09:24:47,1603.45,146574
2021-05-28 09:24:48,1603.75,146645
2021-05-28 09:24:49,1602.75,147009
2021-05-28 09:24:50,1602.55,147113
2021-05-28 09:24:51,1603.0,147123
2021-05-28 09:24:52,1603.0,147123
2021-05-28 09:24:53,1602.55,147523
2021-05-28 09:24:54,1603.15,147623
2021-05-28 09:24:54,1603.15,147623
2021-05-28 09:24:55,1603.3,147706
2021-05-28 09:24:56,1603.3,147727
2021-05-28 09:24:57,1603.3,147727
2021-05-28 09:24:58,1603.3,147727
2021-05-28 09:24:59,1603.3,147727
2021-05-28 09:25:00,1602.35,147780
2021-05-28 09:25:01,1603.2,147793
2021-05-28 09:25:03,1602.9,147803
2021-05-28 09:25:04,1602.95,147804
2021-05-28 09:25:05,1602.95,147804
2021-05-28 09:25:06,1603.25,147864
2021-05-28 09:25:08,1603.25,147989
2021-05-28 09:25:10,1602.45,148115
2021-05-28 09:25:11,1602.25,148189
2021-05-28 09:25:12,1603.1,148203
2021-05-28 09:25:13,1602.35,148341
2021-05-28 09:25:14,1602.35,148341
2021-05-28 09:25:15,1602.5,148393
2021-05-28 09:25:16,1602.55,148439
2021-05-28 09:25:17,1602.5,148466
2021-05-28 09:25:18,1602.6,148511
2021-05-28 09:25:19,1602.6,148530
2021-05-28 09:25:20,1602.55,148546
2021-05-28 09:25:21,1603.3,148549
2021-05-28 09:25:22,1603.3,148614
2021-05-28 09:25:23,1602.6,148671
2021-05-28 09:25:24,1602.6,148671
2021-05-28 09:25:25,1602.6,148671
2021-05-28 09:25:26,1602.6,148671
2021-05-28 09:25:27,1603.1,148699
2021-05-28 09:25:28,1603.1,148702
2021-05-28 09:25:29,1602.6,148717
2021-05-28 09:25:30,1602.6,148719
2021-05-28 09:25:31,1603.3,148744
2021-05-28 09:25:32,1603.3,148744
2021-05-28 09:25:33,1603.3,148744
2021-05-28 09:25:34,1602.55,148764
2021-05-28 09:25:36,1603.0,148789
2021-05-28 09:25:38,1602.55,148858
2021-05-28 09:25:39,1603.0,148867
2021-05-28 09:25:41,1603.3,149152
2021-05-28 09:25:42,1603.3,149152
2021-05-28 09:25:43,1603.3,149152
2021-05-28 09:25:44,1603.3,149152
2021-05-28 09:25:45,1603.0,149182
2021-05-28 09:25:46,1603.0,149182
2021-05-28 09:25:47,1603.0,149292
2021-05-28 09:25:48,1602.65,149345
2021-05-28 09:25:49,1602.65,149395
2021-05-28 09:25:50,1603.0,149412
2021-05-28 09:25:51,1603.0,149432
2021-05-28 09:25:52,1603.0,149432
2021-05-28 09:25:53,1603.0,149522
2021-05-28 09:25:54,1603.0,149568
2021-05-28 09:25:55,1602.65,149598
2021-05-28 09:25:56,1602.65,149648
2021-05-28 09:25:57,1602.65,149738
2021-05-28 09:25:58,1602.95,149769
2021-05-28 09:25:59,1602.95,149814
2021-05-28 09:26:01,1602.95,149848
2021-05-28 09:26:03,1602.95,149903
2021-05-28 09:26:05,1602.95,149922
2021-05-28 09:26:06,1602.95,149922
2021-05-28 09:26:07,1602.95,149922
2021-05-28 09:26:08,1602.65,149932
2021-05-28 09:26:09,1602.65,149932
2021-05-28 09:26:10,1602.65,149932
2021-05-28 09:26:11,1602.9,150163
2021-05-28 09:26:12,1602.5,150248
2021-05-28 09:26:13,1602.5,150248
2021-05-28 09:26:14,1602.95,150273
2021-05-28 09:26:15,1602.95,150274
2021-05-28 09:26:16,1602.65,150374
2021-05-28 09:26:17,1602.5,150404
2021-05-28 09:26:18,1602.5,150404
2021-05-28 09:26:19,1602.5,150404
2021-05-28 09:26:20,1602.95,150409
2021-05-28 09:26:21,1602.95,150412
2021-05-28 09:26:22,1602.55,150442
2021-05-28 09:26:23,1602.95,150465
2021-05-28 09:26:24,1602.95,150497
2021-05-28 09:26:25,1602.95,150510
2021-05-28 09:26:27,1602.95,150547
2021-05-28 09:26:28,1602.95,150772
2021-05-28 09:26:29,1602.95,150829
2021-05-28 09:26:30,1602.95,150829
2021-05-28 09:26:31,1602.95,150829
2021-05-28 09:26:32,1602.7,150830
2021-05-28 09:26:33,1602.95,150882
2021-05-28 09:26:34,1602.7,150937
2021-05-28 09:26:35,1602.7,151014
2021-05-28 09:26:36,1602.95,151036
2021-05-28 09:26:37,1602.95,151036
2021-05-28 09:26:38,1602.7,151100
2021-05-28 09:26:39,1602.7,151120
2021-05-28 09:26:40,1602.95,151128
2021-05-28 09:26:41,1602.5,151228
2021-05-28 09:26:42,1602.95,151256
2021-05-28 09:26:43,1602.95,151256
2021-05-28 09:26:44,1602.75,151259
2021-05-28 09:26:45,1602.95,151563
2021-05-28 09:26:46,1602.95,151640
2021-05-28 09:26:47,1602.95,151675
2021-05-28 09:26:48,1602.95,151675
2021-05-28 09:26:49,1602.8,151984
2021-05-28 09:26:50,1602.9,152130
2021-05-28 09:26:51,1602.9,152145
2021-05-28 09:26:52,1602.9,152148
2021-05-28 09:26:53,1602.05,152399
2021-05-28 09:26:54,1602.95,152504
2021-05-28 09:26:55,1602.95,152517
2021-05-28 09:26:55,1602.95,152517
2021-05-28 09:26:56,1602.5,152633
2021-05-28 09:26:57,1602.95,152788
2021-05-28 09:26:58,1602.9,152897
2021-05-28 09:26:59,1602.95,152917
2021-05-28 09:27:01,1602.5,153444
2021-05-28 09:27:02,1602.95,153644
2021-05-28 09:27:03,1602.95,153695
2021-05-28 09:27:04,1602.95,153695
2021-05-28 09:27:05,1602.5,153711
2021-05-28 09:27:06,1602.5,153756
2021-05-28 09:27:07,1602.5,153882
2021-05-28 09:27:09,1602.5,154009
2021-05-28 09:27:10,1602.95,154046
2021-05-28 09:27:11,1602.5,154106
2021-05-28 09:27:12,1602.95,154134
2021-05-28 09:27:13,1602.5,154152
2021-05-28 09:27:14,1602.5,154152
2021-05-28 09:27:15,1602.5,154152
2021-05-28 09:27:16,1602.95,154256
2021-05-28 09:27:17,1602.5,154667
2021-05-28 09:27:18,1602.5,154768
2021-05-28 09:27:19,1602.5,154772
2021-05-28 09:27:20,1602.5,154772
2021-05-28 09:27:21,1602.5,154772
2021-05-28 09:27:21,1602.3,155011
2021-05-28 09:27:23,1602.8,155073
2021-05-28 09:27:24,1602.9,155084
2021-05-28 09:27:25,1602.9,155084
2021-05-28 09:27:26,1602.9,155084
2021-05-28 09:27:26,1602.9,155084
2021-05-28 09:27:28,1602.15,155186
2021-05-28 09:27:29,1602.15,155215
2021-05-28 09:27:30,1602.5,155232
2021-05-28 09:27:31,1602.5,155237
2021-05-28 09:27:31,1602.5,155237
2021-05-28 09:27:32,1602.25,155242
2021-05-28 09:27:33,1602.25,155249
2021-05-28 09:27:34,1602.25,155251
2021-05-28 09:27:35,1602.9,155260
2021-05-28 09:27:37,1602.9,155267
2021-05-28 09:27:38,1602.9,155270
2021-05-28 09:27:39,1602.5,155277
2021-05-28 09:27:40,1602.9,155278
2021-05-28 09:27:40,1602.9,155278
2021-05-28 09:27:41,1602.9,155285
2021-05-28 09:27:43,1602.3,155391
2021-05-28 09:27:44,1602.3,155391
2021-05-28 09:27:45,1602.9,155505
2021-05-28 09:27:46,1602.9,155532
2021-05-28 09:27:47,1602.3,155542
2021-05-28 09:27:48,1602.2,155543
2021-05-28 09:27:49,1602.85,155550
2021-05-28 09:27:50,1602.85,155557
2021-05-28 09:27:50,1602.2,155558
2021-05-28 09:27:52,1602.85,155589
2021-05-28 09:27:53,1602.85,155589
2021-05-28 09:27:54,1602.85,155589
2021-05-28 09:27:55,1602.15,155591
2021-05-28 09:27:56,1602.15,155591
2021-05-28 09:27:57,1602.25,155592
2021-05-28 09:27:58,1602.25,155592
2021-05-28 09:27:59,1602.5,155607
2021-05-28 09:27:59,1602.15,155617
2021-05-28 09:28:01,1602.15,155617
2021-05-28 09:28:01,1602.15,155617
2021-05-28 09:28:02,1602.5,155636
2021-05-28 09:28:04,1602.95,155900
2021-05-28 09:28:05,1603.0,155936
2021-05-28 09:28:06,1603.0,156340
2021-05-28 09:28:07,1603.7,156383
2021-05-28 09:28:08,1603.7,156383
2021-05-28 09:28:09,1603.05,156498
2021-05-28 09:28:10,1603.8,156505
2021-05-28 09:28:11,1603.8,156515
2021-05-28 09:28:12,1603.05,156520
2021-05-28 09:28:12,1603.05,156520
2021-05-28 09:28:13,1603.05,156520
2021-05-28 09:28:15,1603.05,156520
2021-05-28 09:28:16,1603.0,156529
2021-05-28 09:28:17,1603.0,156529
2021-05-28 09:28:18,1603.05,156534
2021-05-28 09:28:19,1603.85,156554
2021-05-28 09:28:20,1603.7,156555
2021-05-28 09:28:21,1603.7,156555
2021-05-28 09:28:22,1603.7,156555
2021-05-28 09:28:23,1603.7,156555
2021-05-28 09:28:24,1603.7,156556
2021-05-28 09:28:25,1603.8,156566
2021-05-28 09:28:25,1603.8,156566
2021-05-28 09:28:26,1603.8,156584
2021-05-28 09:28:28,1603.25,156703
2021-05-28 09:28:29,1603.25,156713
2021-05-28 09:28:30,1603.7,156724
2021-05-28 09:28:31,1603.8,156849
2021-05-28 09:28:33,1603.8,156867
2021-05-28 09:28:36,1603.8,156885
2021-05-28 09:28:37,1603.8,156885
2021-05-28 09:28:37,1603.8,156885
2021-05-28 09:28:39,1603.8,156921
2021-05-28 09:28:40,1603.2,157060
2021-05-28 09:28:41,1603.2,157436
2021-05-28 09:28:42,1603.2,157436
2021-05-28 09:28:43,1603.2,157436
2021-05-28 09:28:44,1603.2,157446
2021-05-28 09:28:45,1603.2,157701
2021-05-28 09:28:46,1603.2,157701
2021-05-28 09:28:47,1603.2,157701
2021-05-28 09:28:48,1604.1,158501
2021-05-28 09:28:49,1604.1,158501
2021-05-28 09:28:50,1604.2,158506
2021-05-28 09:28:51,1604.2,158506
2021-05-28 09:28:52,1603.4,158516
2021-05-28 09:28:53,1603.4,158516
2021-05-28 09:28:54,1603.9,158526
2021-05-28 09:28:55,1603.9,158541
2021-05-28 09:28:55,1603.9,158541
2021-05-28 09:28:56,1603.9,158541
2021-05-28 09:28:57,1603.9,158591
2021-05-28 09:28:58,1603.9,158601
2021-05-28 09:29:00,1603.9,158601
2021-05-28 09:29:01,1603.9,158602
2021-05-28 09:29:02,1603.35,158612
2021-05-28 09:29:03,1603.9,158712
2021-05-28 09:29:04,1603.9,158762
2021-05-28 09:29:05,1603.9,158847
2021-05-28 09:29:05,1603.9,158847
2021-05-28 09:29:06,1604.95,158955
2021-05-28 09:29:07,1605.0,159106
2021-05-28 09:29:08,1604.45,159110
2021-05-28 09:29:09,1605.0,159130
2021-05-28 09:29:10,1605.0,159802
2021-05-28 09:29:11,1605.3,159853
2021-05-28 09:29:12,1605.0,159864
2021-05-28 09:29:14,1604.5,160422
2021-05-28 09:29:15,1605.3,160585
2021-05-28 09:29:16,1605.3,160585
2021-05-28 09:29:19,1605.2,160735
2021-05-28 09:29:18,1604.45,160586
2021-05-28 09:29:20,1605.0,160765
2021-05-28 09:29:21,1604.45,160767
2021-05-28 09:29:22,1604.45,160769
2021-05-28 09:29:23,1604.45,160769
2021-05-28 09:29:24,1604.95,160794
2021-05-28 09:29:25,1604.9,160916
2021-05-28 09:29:25,1604.9,160916
2021-05-28 09:29:27,1604.9,160916
2021-05-28 09:29:28,1604.95,160928
2021-05-28 09:29:30,1604.4,161115
2021-05-28 09:29:31,1604.4,161115
2021-05-28 09:29:32,1604.95,161165
2021-05-28 09:29:33,1604.95,161207
2021-05-28 09:29:33,1604.95,161208
2021-05-28 09:29:35,1604.95,161208
2021-05-28 09:29:35,1604.95,161208
2021-05-28 09:29:38,1604.95,161298
2021-05-28 09:29:37,1604.45,161283
2021-05-28 09:29:39,1604.95,161298
2021-05-28 09:29:40,1604.95,161298
2021-05-28 09:29:41,1604.4,161530
2021-05-28 09:29:42,1604.45,161725
2021-05-28 09:29:43,1604.95,161750
2021-05-28 09:29:43,1604.95,161740
2021-05-28 09:29:45,1604.95,161826
2021-05-28 09:29:46,1604.6,162023
2021-05-28 09:29:47,1604.4,162398
2021-05-28 09:29:48,1604.5,162498
2021-05-28 09:29:49,1604.4,162561
2021-05-28 09:29:50,1604.55,162611
2021-05-28 09:29:50,1604.55,162611
2021-05-28 09:29:51,1604.95,162631
2021-05-28 09:29:53,1604.45,162936
2021-05-28 09:29:54,1604.45,163022
2021-05-28 09:29:55,1604.45,163022
2021-05-28 09:29:56,1604.4,163039
2021-05-28 09:29:57,1604.45,163051
2021-05-28 09:29:58,1604.45,163051
2021-05-28 09:29:59,1604.45,163051
2021-05-28 09:30:00,1604.45,163051
2021-05-28 09:30:01,1604.45,163069
2021-05-28 09:30:02,1604.4,163074
2021-05-28 09:30:03,1604.0,163087
2021-05-28 09:30:04,1604.0,163117
2021-05-28 09:30:04,1604.0,163117
2021-05-28 09:30:05,1604.45,163122
2021-05-28 09:30:08,1604.0,163196
2021-05-28 09:30:08,1604.0,163196
2021-05-28 09:30:10,1605.0,163587
2021-05-28 09:30:12,1604.9,163672
2021-05-28 09:30:11,1605.0,163587
2021-05-28 09:30:12,1604.9,163672
2021-05-28 09:30:14,1604.8,164116
2021-05-28 09:30:15,1604.85,164288
2021-05-28 09:30:16,1604.85,164288
2021-05-28 09:30:18,1604.85,164288
2021-05-28 09:30:18,1604.85,164288
2021-05-28 09:30:19,1604.4,164290
2021-05-28 09:30:20,1604.4,164296
2021-05-28 09:30:21,1604.4,164296
2021-05-28 09:30:22,1604.75,164299
2021-05-28 09:30:24,1604.75,164310
2021-05-28 09:30:25,1604.75,164310
2021-05-28 09:30:26,1604.75,164310
2021-05-28 09:30:27,1603.55,165910
2021-05-28 09:30:28,1603.5,165915
2021-05-28 09:30:29,1603.2,166285
2021-05-28 09:30:30,1603.25,166435
2021-05-28 09:30:31,1602.5,166915
2021-05-28 09:30:32,1603.3,166934
2021-05-28 09:30:33,1603.3,166964
2021-05-28 09:30:34,1603.3,166964
2021-05-28 09:30:34,1603.3,166964
2021-05-28 09:30:36,1602.5,167023
2021-05-28 09:30:37,1602.5,167024
2021-05-28 09:30:38,1602.55,167088
2021-05-28 09:30:39,1602.05,167288
2021-05-28 09:30:40,1603.0,167829
2021-05-28 09:30:41,1602.8,168060
2021-05-28 09:30:42,1602.15,169267
2021-05-28 09:30:43,1602.15,169282
2021-05-28 09:30:44,1603.45,169402
2021-05-28 09:30:44,1603.45,169402
2021-05-28 09:30:45,1603.05,169422
2021-05-28 09:30:47,1603.0,169632
2021-05-28 09:30:48,1602.2,169652
2021-05-28 09:30:49,1603.1,169757
2021-05-28 09:30:50,1602.2,169766
2021-05-28 09:30:51,1602.2,169773
2021-05-28 09:30:52,1602.2,169773
2021-05-28 09:30:53,1603.05,169800
2021-05-28 09:30:53,1603.05,169800
2021-05-28 09:30:54,1603.05,169800
2021-05-28 09:30:55,1602.1,171778
2021-05-28 09:30:56,1602.8,171781
2021-05-28 09:30:58,1602.9,171801
2021-05-28 09:30:58,1602.0,172199
2021-05-28 09:31:00,1602.0,172199
2021-05-28 09:31:01,1602.0,172234
2021-05-28 09:31:02,1602.6,172336
2021-05-28 09:31:03,1602.8,172361
2021-05-28 09:31:04,1602.8,172361
2021-05-28 09:31:05,1602.75,172423
2021-05-28 09:31:05,1602.75,172423
2021-05-28 09:31:06,1602.8,172443
2021-05-28 09:31:08,1603.0,172484
2021-05-28 09:31:08,1603.0,172484
2021-05-28 09:31:10,1603.0,172484
2021-05-28 09:31:11,1603.0,172545
2021-05-28 09:31:12,1603.0,172545
2021-05-28 09:31:13,1602.15,172553
2021-05-28 09:31:14,1602.15,172553
2021-05-28 09:31:15,1602.15,172953
2021-05-28 09:31:16,1602.15,172953
2021-05-28 09:31:17,1602.05,173244
2021-05-28 09:31:18,1602.2,173356
2021-05-28 09:31:19,1603.0,173606
2021-05-28 09:31:20,1603.0,173608
2021-05-28 09:31:21,1603.15,173853
2021-05-28 09:31:22,1603.15,173853
2021-05-28 09:31:23,1603.15,173853
2021-05-28 09:31:24,1603.15,173853
2021-05-28 09:31:25,1603.0,173858
2021-05-28 09:31:26,1603.0,173903
2021-05-28 09:31:27,1602.3,173912
2021-05-28 09:31:27,1602.3,173912
2021-05-28 09:31:28,1602.3,173924
2021-05-28 09:31:29,1602.8,174124
2021-05-28 09:31:30,1602.95,174161
2021-05-28 09:31:32,1602.95,174163
2021-05-28 09:31:32,1602.95,174163
2021-05-28 09:31:33,1602.35,174221
2021-05-28 09:31:34,1603.0,174271
2021-05-28 09:31:35,1603.0,174271
2021-05-28 09:31:37,1603.0,174271
2021-05-28 09:31:38,1602.8,174304
2021-05-28 09:31:39,1602.35,174403
2021-05-28 09:31:41,1601.4,176082
2021-05-28 09:31:41,1601.4,176082
2021-05-28 09:31:42,1601.2,176179
2021-05-28 09:31:43,1601.15,176191
2021-05-28 09:31:44,1602.0,176193
2021-05-28 09:31:45,1601.85,176198
2021-05-28 09:31:47,1601.95,176367
2021-05-28 09:31:48,1601.15,176368
2021-05-28 09:31:49,1601.95,176383
2021-05-28 09:31:50,1601.95,176383
2021-05-28 09:31:51,1601.95,176383
2021-05-28 09:31:51,1601.95,176383
2021-05-28 09:31:53,1601.1,176403
2021-05-28 09:31:54,1601.1,176403
2021-05-28 09:31:55,1602.05,176503
2021-05-28 09:31:56,1602.05,176503
2021-05-28 09:31:57,1602.2,176572
2021-05-28 09:31:58,1602.0,176678
2021-05-28 09:31:59,1602.0,176678
2021-05-28 09:32:00,1602.25,176791
2021-05-28 09:32:01,1602.3,178628
2021-05-28 09:32:02,1602.2,178653
2021-05-28 09:32:02,1602.2,178653
2021-05-28 09:32:03,1602.2,178653
2021-05-28 09:32:04,1602.2,178653
2021-05-28 09:32:05,1602.2,178653
2021-05-28 09:32:06,1602.0,178703
2021-05-28 09:32:07,1602.0,178703
2021-05-28 09:32:09,1602.85,178804
2021-05-28 09:32:10,1602.0,178819
2021-05-28 09:32:11,1602.0,178824
2021-05-28 09:32:12,1602.0,178824
2021-05-28 09:32:13,1602.0,178824
2021-05-28 09:32:14,1602.0,178874
2021-05-28 09:32:15,1602.2,178878
2021-05-28 09:32:15,1602.2,178878
2021-05-28 09:32:17,1602.2,178979
2021-05-28 09:32:17,1602.2,178979
2021-05-28 09:32:19,1602.0,179368
2021-05-28 09:32:20,1601.45,179495
2021-05-28 09:32:21,1601.45,179495
2021-05-28 09:32:22,1601.45,179495
2021-05-28 09:32:23,1601.45,179495
2021-05-28 09:32:24,1602.25,179496
2021-05-28 09:32:25,1602.25,179496
2021-05-28 09:32:26,1602.25,179496
2021-05-28 09:32:27,1602.25,179497
2021-05-28 09:32:28,1602.0,179513
2021-05-28 09:32:29,1602.0,179527
2021-05-28 09:32:30,1601.6,179617
2021-05-28 09:32:31,1602.25,179801
2021-05-28 09:32:31,1601.5,179815
2021-05-28 09:32:33,1601.5,179818
2021-05-28 09:32:34,1601.5,179843
2021-05-28 09:32:35,1601.5,179843
2021-05-28 09:32:36,1601.75,179848
2021-05-28 09:32:37,1601.75,179848
2021-05-28 09:32:38,1602.95,179863
2021-05-28 09:32:39,1602.95,179863
2021-05-28 09:32:40,1602.3,179864
2021-05-28 09:32:41,1602.2,180039
2021-05-28 09:32:42,1602.2,180039
2021-05-28 09:32:43,1602.2,180039
2021-05-28 09:32:44,1601.65,180053
2021-05-28 09:32:45,1601.75,180092
2021-05-28 09:32:46,1601.8,180157
2021-05-28 09:32:47,1602.2,180182
2021-05-28 09:32:49,1602.65,180184
2021-05-28 09:32:50,1602.0,180185
2021-05-28 09:32:51,1602.5,180195
2021-05-28 09:32:52,1602.5,180195
2021-05-28 09:32:53,1602.5,180195
2021-05-28 09:32:54,1602.6,180318
2021-05-28 09:32:55,1602.6,180318
2021-05-28 09:32:56,1602.6,180318
2021-05-28 09:32:57,1602.6,180420
2021-05-28 09:32:58,1602.6,180470
2021-05-28 09:32:59,1602.7,180522
2021-05-28 09:33:00,1602.7,180522
2021-05-28 09:33:01,1602.1,180572
2021-05-28 09:33:02,1602.1,180572
2021-05-28 09:33:03,1602.1,180572
2021-05-28 09:33:04,1602.05,180652
2021-05-28 09:33:05,1602.05,180652
2021-05-28 09:33:06,1602.05,180652
2021-05-28 09:33:07,1602.95,180865
2021-05-28 09:33:08,1602.05,180890
2021-05-28 09:33:09,1602.05,180890
2021-05-28 09:33:09,1602.65,181636
2021-05-28 09:33:10,1602.65,181636
2021-05-28 09:33:11,1602.65,181646
2021-05-28 09:33:12,1602.65,181646
2021-05-28 09:33:13,1602.95,181769
2021-05-28 09:33:14,1602.95,181770
2021-05-28 09:33:15,1602.95,181770
2021-05-28 09:33:16,1602.95,181770
2021-05-28 09:33:17,1602.95,181770
2021-05-28 09:33:18,1602.65,182145
2021-05-28 09:33:19,1602.95,182155
2021-05-28 09:33:20,1601.85,182457
2021-05-28 09:33:21,1601.85,182457
2021-05-28 09:33:22,1601.85,182457
2021-05-28 09:33:23,1601.85,182457
2021-05-28 09:33:24,1601.85,182457
2021-05-28 09:33:26,1601.85,182457
2021-05-28 09:33:27,1601.85,182457
2021-05-28 09:33:28,1601.85,182457
2021-05-28 09:33:29,1602.6,182547
2021-05-28 09:33:30,1602.6,182547
2021-05-28 09:33:31,1601.9,182549
2021-05-28 09:33:32,1601.9,182550
2021-05-28 09:33:33,1601.9,182550
2021-05-28 09:33:35,1602.0,182562
2021-05-28 09:33:36,1602.0,182562
2021-05-28 09:33:37,1602.0,182562
2021-05-28 09:33:38,1602.0,182562
2021-05-28 09:33:39,1602.0,182562
2021-05-28 09:33:40,1602.0,182563
2021-05-28 09:33:43,1601.9,182564
2021-05-28 09:33:44,1602.0,182576
2021-05-28 09:33:45,1601.9,182620
2021-05-28 09:33:46,1601.9,182620
2021-05-28 09:33:47,1601.9,182620
2021-05-28 09:33:48,1601.9,182620
2021-05-28 09:33:49,1601.9,182630
2021-05-28 09:33:50,1601.9,182730
2021-05-28 09:33:51,1601.85,184057
2021-05-28 09:33:52,1601.85,184057
2021-05-28 09:33:53,1601.3,184071
2021-05-28 09:33:54,1601.3,184071
2021-05-28 09:33:55,1601.3,184071
2021-05-28 09:33:56,1602.0,184082
2021-05-28 09:33:57,1601.3,184085
2021-05-28 09:33:58,1601.3,184135
2021-05-28 09:33:59,1601.95,184167
2021-05-28 09:34:00,1601.95,184167
2021-05-28 09:34:01,1601.95,184167
2021-05-28 09:34:02,1601.95,184167
2021-05-28 09:34:03,1601.95,184169
2021-05-28 09:34:04,1601.95,184169
2021-05-28 09:34:05,1601.95,184169
2021-05-28 09:34:06,1601.3,184172
2021-05-28 09:34:07,1601.3,184172
2021-05-28 09:34:09,1601.3,184208
2021-05-28 09:34:11,1602.0,184293
2021-05-28 09:34:12,1601.3,184433
2021-05-28 09:34:13,1601.5,184462
2021-05-28 09:34:14,1601.5,184462
2021-05-28 09:34:15,1601.5,184463
2021-05-28 09:34:16,1601.5,184463
2021-05-28 09:34:17,1601.0,184612
2021-05-28 09:34:18,1601.0,184612
2021-05-28 09:34:19,1601.5,184614
2021-05-28 09:34:20,1601.5,184624
2021-05-28 09:34:21,1601.5,184624
2021-05-28 09:34:22,1601.3,184629
2021-05-28 09:34:23,1601.3,184629
2021-05-28 09:34:24,1601.3,184638
2021-05-28 09:34:25,1601.5,184652
2021-05-28 09:34:26,1601.5,184702
2021-05-28 09:34:27,1601.5,184702
2021-05-28 09:34:28,1601.5,184752
2021-05-28 09:34:29,1601.5,184752
2021-05-28 09:34:30,1601.5,184752
2021-05-28 09:34:31,1601.5,184752
2021-05-28 09:34:32,1601.3,184762
2021-05-28 09:34:33,1601.3,184766
2021-05-28 09:34:34,1601.3,184766
2021-05-28 09:34:35,1601.3,184766
2021-05-28 09:34:36,1601.3,184766
2021-05-28 09:34:37,1601.5,184781
2021-05-28 09:34:38,1601.5,184781
2021-05-28 09:34:39,1601.5,184781
2021-05-28 09:34:40,1601.5,184788
2021-05-28 09:34:41,1600.15,187197
2021-05-28 09:34:42,1601.05,187230
2021-05-28 09:34:43,1601.05,187230
2021-05-28 09:34:44,1601.05,187230
2021-05-28 09:34:45,1600.15,187340
2021-05-28 09:34:46,1600.15,187340
2021-05-28 09:34:47,1600.25,187342
2021-05-28 09:34:48,1600.35,187344
2021-05-28 09:34:49,1601.25,187354
2021-05-28 09:34:50,1601.25,187354
2021-05-28 09:34:51,1601.25,187354
2021-05-28 09:34:52,1601.25,187354
2021-05-28 09:34:53,1601.25,187354
2021-05-28 09:34:54,1601.25,187354
2021-05-28 09:34:55,1601.25,187354
2021-05-28 09:34:56,1600.3,187434
2021-05-28 09:34:57,1601.15,187535
2021-05-28 09:34:58,1600.8,187638
2021-05-28 09:34:59,1600.55,187691
2021-05-28 09:35:00,1601.0,187716
2021-05-28 09:35:01,1601.0,187716
2021-05-28 09:35:02,1601.0,187716
2021-05-28 09:35:03,1601.0,187716
2021-05-28 09:35:05,1600.85,187720
2021-05-28 09:35:06,1600.85,187720
2021-05-28 09:35:07,1600.8,187725
2021-05-28 09:35:08,1601.0,187784
2021-05-28 09:35:09,1600.55,187794
2021-05-28 09:35:10,1600.55,187794
2021-05-28 09:35:11,1600.55,187794
2021-05-28 09:35:14,1600.55,187815
2021-05-28 09:35:15,1600.55,187815
2021-05-28 09:35:16,1600.55,187815
2021-05-28 09:35:17,1600.55,187815
2021-05-28 09:35:18,1600.55,187815
2021-05-28 09:35:19,1601.0,187870
2021-05-28 09:35:20,1601.0,187870
2021-05-28 09:35:21,1601.0,187870
2021-05-28 09:35:22,1601.0,187870
2021-05-28 09:35:23,1601.0,187870
2021-05-28 09:35:24,1601.0,187870
2021-05-28 09:35:25,1601.0,187877
2021-05-28 09:35:26,1600.9,187882
2021-05-28 09:35:27,1601.0,188034
2021-05-28 09:35:28,1601.0,188085
2021-05-28 09:35:29,1600.9,188095
2021-05-28 09:35:30,1601.0,188137
2021-05-28 09:35:31,1600.9,188152
2021-05-28 09:35:32,1601.0,188155
2021-05-28 09:35:33,1601.0,188155
2021-05-28 09:35:34,1601.0,188155
2021-05-28 09:35:35,1601.0,188160
2021-05-28 09:35:36,1600.9,188261
2021-05-28 09:35:37,1600.9,188461
2021-05-28 09:35:38,1600.9,188505
2021-05-28 09:35:39,1600.55,188533
2021-05-28 09:35:40,1601.0,188537
2021-05-28 09:35:41,1601.0,188537
2021-05-28 09:35:42,1601.0,188787
2021-05-28 09:35:43,1601.0,188887
2021-05-28 09:35:44,1601.0,188987
2021-05-28 09:35:45,1601.0,188987
2021-05-28 09:35:47,1601.0,188987
2021-05-28 09:35:48,1601.0,189074
2021-05-28 09:35:49,1600.55,189076
2021-05-28 09:35:50,1600.55,189126
2021-05-28 09:35:51,1601.0,189132
2021-05-28 09:35:52,1601.0,189132
2021-05-28 09:35:53,1600.6,189142
2021-05-28 09:35:54,1600.6,189142
2021-05-28 09:35:55,1600.6,189142
2021-05-28 09:35:56,1600.6,189142
2021-05-28 09:35:57,1600.2,189649
2021-05-28 09:35:58,1600.2,189649
2021-05-28 09:35:59,1600.6,189650
2021-05-28 09:36:00,1600.2,189775
2021-05-28 09:36:01,1600.1,189788
2021-05-28 09:36:02,1600.1,189788
2021-05-28 09:36:03,1599.8,192607
2021-05-28 09:36:04,1599.8,192607
2021-05-28 09:36:05,1599.8,192607
2021-05-28 09:36:06,1599.8,192607
2021-05-28 09:36:07,1599.8,192607
2021-05-28 09:36:08,1599.8,192607
2021-05-28 09:36:09,1600.4,192710
2021-05-28 09:36:10,1600.25,192716
2021-05-28 09:36:11,1601.0,192718
2021-05-28 09:36:12,1601.0,192718
2021-05-28 09:36:13,1601.1,192723
2021-05-28 09:36:14,1601.1,192763
2021-05-28 09:36:15,1601.1,192763
2021-05-28 09:36:16,1601.3,193425
2021-05-28 09:36:18,1601.7,193436
2021-05-28 09:36:19,1601.7,193436
2021-05-28 09:36:20,1601.7,193436
2021-05-28 09:36:21,1600.7,193451
2021-05-28 09:36:22,1600.7,193451
2021-05-28 09:36:23,1601.0,193454
2021-05-28 09:36:24,1601.0,193457
2021-05-28 09:36:25,1601.4,193541
2021-05-28 09:36:26,1601.4,193541
2021-05-28 09:36:27,1601.4,193549
2021-05-28 09:36:28,1601.4,193549
2021-05-28 09:36:29,1600.7,193554
2021-05-28 09:36:30,1600.85,193619
2021-05-28 09:36:31,1600.85,193619
2021-05-28 09:36:32,1600.5,193819
2021-05-28 09:36:33,1600.5,193819
2021-05-28 09:36:34,1600.5,193819
2021-05-28 09:36:35,1601.0,194064
2021-05-28 09:36:36,1601.45,194065
2021-05-28 09:36:37,1601.0,194070
2021-05-28 09:36:38,1601.0,194070
2021-05-28 09:36:39,1601.0,194070
2021-05-28 09:36:40,1601.4,194772
2021-05-28 09:36:41,1601.6,194775
2021-05-28 09:36:42,1601.65,194903
2021-05-28 09:36:43,1601.65,194903
2021-05-28 09:36:44,1601.5,194908
2021-05-28 09:36:45,1601.5,194917
2021-05-28 09:36:46,1601.7,194919
2021-05-28 09:36:47,1601.7,194932
2021-05-28 09:36:49,1601.45,194965
2021-05-28 09:36:50,1601.0,195067
2021-05-28 09:36:51,1600.7,195100
2021-05-28 09:36:52,1601.0,195172
2021-05-28 09:36:53,1601.7,195243
2021-05-28 09:36:54,1601.7,195244
2021-05-28 09:36:55,1601.7,195244
2021-05-28 09:36:56,1601.7,195244
2021-05-28 09:36:57,1601.7,195406
2021-05-28 09:36:58,1601.7,195406
2021-05-28 09:36:59,1601.0,195407
2021-05-28 09:37:00,1601.0,195407
2021-05-28 09:37:01,1601.0,195407
2021-05-28 09:37:02,1601.0,195426
2021-05-28 09:37:03,1601.0,195426
2021-05-28 09:37:04,1601.65,195435
2021-05-28 09:37:05,1601.65,195435
2021-05-28 09:37:06,1601.65,195435
2021-05-28 09:37:07,1600.9,195445
2021-05-28 09:37:09,1600.9,195475
2021-05-28 09:37:08,1600.9,195475
2021-05-28 09:37:10,1600.9,195475
2021-05-28 09:37:11,1600.9,195475
2021-05-28 09:37:12,1600.65,195476
2021-05-28 09:37:13,1601.0,195514
2021-05-28 09:37:14,1601.0,195527
2021-05-28 09:37:15,1601.0,195566
2021-05-28 09:37:16,1601.0,195566
2021-05-28 09:37:17,1601.0,195577
2021-05-28 09:37:18,1601.0,195577
2021-05-28 09:37:19,1601.0,195577
2021-05-28 09:37:20,1601.0,195577
2021-05-28 09:37:21,1601.0,195577
2021-05-28 09:37:22,1600.55,195579
2021-05-28 09:37:23,1600.55,195579
2021-05-28 09:37:24,1601.0,195581
2021-05-28 09:37:25,1600.8,195591
2021-05-28 09:37:26,1601.0,195592
2021-05-28 09:37:27,1601.0,195593
2021-05-28 09:37:28,1601.5,195604
2021-05-28 09:37:29,1601.5,195677
2021-05-28 09:37:30,1601.0,195692
2021-05-28 09:37:31,1601.0,195692
2021-05-28 09:37:32,1601.0,195692
2021-05-28 09:37:33,1601.0,195696
2021-05-28 09:37:34,1601.0,195696
2021-05-28 09:37:35,1601.0,195696
2021-05-28 09:37:36,1601.5,195706
2021-05-28 09:37:37,1601.0,195707
2021-05-28 09:37:39,1601.5,195834
2021-05-28 09:37:40,1601.5,195834
2021-05-28 09:37:41,1601.0,195835
2021-05-28 09:37:42,1601.0,195835
2021-05-28 09:37:43,1600.85,195840
2021-05-28 09:37:44,1600.85,195850
2021-05-28 09:37:45,1601.5,195860
2021-05-28 09:37:46,1601.5,195860
2021-05-28 09:37:47,1601.5,195860
2021-05-28 09:37:48,1601.5,195860
2021-05-28 09:37:49,1601.5,195860
2021-05-28 09:37:50,1601.0,195885
2021-05-28 09:37:51,1601.45,195985
2021-05-28 09:37:52,1601.45,195985
2021-05-28 09:37:53,1601.45,196089
2021-05-28 09:37:54,1601.45,196089
2021-05-28 09:37:55,1601.0,196122
2021-05-28 09:37:56,1600.85,196139
2021-05-28 09:37:57,1600.85,196139
2021-05-28 09:37:59,1600.85,196139
2021-05-28 09:38:00,1601.05,196141
2021-05-28 09:38:01,1601.45,196157
2021-05-28 09:38:02,1601.45,196157
2021-05-28 09:38:03,1601.05,196158
2021-05-28 09:38:04,1601.05,196176
2021-05-28 09:38:05,1601.05,196176
2021-05-28 09:38:06,1601.05,196176
2021-05-28 09:38:07,1601.05,196189
2021-05-28 09:38:08,1601.45,196219
2021-05-28 09:38:09,1601.45,196219
2021-05-28 09:38:10,1601.45,196219
2021-05-28 09:38:11,1600.8,196253
2021-05-28 09:38:12,1600.8,196254
2021-05-28 09:38:13,1600.8,196254
2021-05-28 09:38:14,1600.8,196254
2021-05-28 09:38:15,1600.8,196254
2021-05-28 09:38:16,1600.8,196304
2021-05-28 09:38:17,1601.05,196319
2021-05-28 09:38:18,1601.05,196319
2021-05-28 09:38:19,1601.05,196319
2021-05-28 09:38:20,1601.05,196319
2021-05-28 09:38:21,1600.85,196329
2021-05-28 09:38:22,1600.85,196329
2021-05-28 09:38:23,1600.85,196329
2021-05-28 09:38:24,1601.4,196331
2021-05-28 09:38:25,1601.4,196331
2021-05-28 09:38:26,1601.4,196331
2021-05-28 09:38:28,1601.4,196331
2021-05-28 09:38:29,1601.4,196331
2021-05-28 09:38:30,1601.4,196331
2021-05-28 09:38:31,1601.4,196331
2021-05-28 09:38:32,1601.4,196331
2021-05-28 09:38:33,1601.4,196331
2021-05-28 09:38:35,1601.4,196331
2021-05-28 09:38:36,1601.4,196376
2021-05-28 09:38:37,1601.4,196376
2021-05-28 09:38:38,1601.4,196376
2021-05-28 09:38:39,1601.4,196376
2021-05-28 09:38:40,1601.4,196376
2021-05-28 09:38:41,1601.4,196422
2021-05-28 09:38:42,1601.35,196739
2021-05-28 09:38:43,1601.35,196739
2021-05-28 09:38:44,1601.35,196739
2021-05-28 09:38:45,1600.8,196789
2021-05-28 09:38:46,1601.0,196803
2021-05-28 09:38:47,1601.45,196903
2021-05-28 09:38:48,1601.45,196903
2021-05-28 09:38:49,1601.45,196903
2021-05-28 09:38:50,1601.4,197003
2021-05-28 09:38:51,1601.4,197003
2021-05-28 09:38:52,1601.4,197003
2021-05-28 09:38:53,1601.45,197010
2021-05-28 09:38:54,1601.45,197016
2021-05-28 09:38:55,1601.45,197017
2021-05-28 09:38:56,1601.45,197053
2021-05-28 09:38:57,1600.85,197153
2021-05-28 09:38:58,1600.85,197153
2021-05-28 09:39:00,1600.85,197153
2021-05-28 09:39:01,1600.85,197153
2021-05-28 09:39:02,1601.05,197163
2021-05-28 09:39:03,1601.4,197164
2021-05-28 09:39:04,1601.4,197164
2021-05-28 09:39:05,1601.4,197164
2021-05-28 09:39:06,1600.65,197189
2021-05-28 09:39:07,1601.4,197289
2021-05-28 09:39:08,1601.4,197289
2021-05-28 09:39:09,1601.4,197289
2021-05-28 09:39:10,1601.4,197289
2021-05-28 09:39:11,1601.4,197300
2021-05-28 09:39:12,1601.05,197360
2021-05-28 09:39:13,1601.05,197362
2021-05-28 09:39:14,1601.05,197362
2021-05-28 09:39:15,1601.4,197412
2021-05-28 09:39:16,1601.4,197448
2021-05-28 09:39:17,1601.4,197448
2021-05-28 09:39:18,1601.4,197448
2021-05-28 09:39:19,1601.4,197448
2021-05-28 09:39:20,1601.05,197458
2021-05-28 09:39:21,1601.05,197458
2021-05-28 09:39:22,1601.05,197471
2021-05-28 09:39:23,1601.05,197471
2021-05-28 09:39:24,1601.05,197471
2021-05-28 09:39:25,1601.05,197471
2021-05-28 09:39:26,1601.05,197471
2021-05-28 09:39:27,1601.45,197680
2021-05-28 09:39:28,1601.15,197684
2021-05-28 09:39:29,1601.15,197684
2021-05-28 09:39:30,1601.45,197780
2021-05-28 09:39:32,1601.15,197880
2021-05-28 09:39:33,1601.2,197892
2021-05-28 09:39:34,1601.2,197892
2021-05-28 09:39:35,1601.45,197917
2021-05-28 09:39:36,1601.5,198744
2021-05-28 09:39:37,1601.5,198750
2021-05-28 09:39:38,1601.5,198750
2021-05-28 09:39:39,1601.7,198866
2021-05-28 09:39:40,1601.7,199016
2021-05-28 09:39:41,1601.7,199016
2021-05-28 09:39:42,1601.7,199016
2021-05-28 09:39:43,1601.85,199126
2021-05-28 09:39:44,1601.85,199126
2021-05-28 09:39:45,1601.85,199135
2021-05-28 09:39:46,1601.85,199135
2021-05-28 09:39:47,1601.7,199152
2021-05-28 09:39:48,1601.7,199163
2021-05-28 09:39:50,1601.5,199273
2021-05-28 09:39:51,1601.5,199273
2021-05-28 09:39:52,1601.85,199286
2021-05-28 09:39:53,1601.85,199286
2021-05-28 09:39:54,1601.85,199286
2021-05-28 09:39:55,1601.5,199311
2021-05-28 09:39:56,1601.55,199321
2021-05-28 09:39:57,1601.85,199325
2021-05-28 09:39:58,1601.85,199329
2021-05-28 09:39:59,1601.85,199329
2021-05-28 09:40:00,1601.85,199329
2021-05-28 09:40:01,1601.85,199354
2021-05-28 09:40:03,1601.85,199371
2021-05-28 09:40:02,1601.85,199371
2021-05-28 09:40:04,1601.85,199371
2021-05-28 09:40:05,1601.85,199465
2021-05-28 09:40:06,1601.85,199465
2021-05-28 09:40:07,1601.85,199465
2021-05-28 09:40:08,1601.85,199465
2021-05-28 09:40:09,1601.55,199470
2021-05-28 09:40:10,1601.95,199480
2021-05-28 09:40:11,1601.95,199480
2021-05-28 09:40:12,1601.85,199530
2021-05-28 09:40:13,1601.85,199530
2021-05-28 09:40:14,1602.0,199583
2021-05-28 09:40:15,1602.0,199594
2021-05-28 09:40:16,1601.85,199635
2021-05-28 09:40:17,1602.0,199637
2021-05-28 09:40:18,1602.0,199637
2021-05-28 09:40:20,1601.85,199663
2021-05-28 09:40:21,1602.0,199776
2021-05-28 09:40:22,1602.0,199776
2021-05-28 09:40:23,1603.0,200695
2021-05-28 09:40:25,1603.0,200852
2021-05-28 09:40:26,1602.75,200854
2021-05-28 09:40:27,1602.95,200965
2021-05-28 09:40:28,1602.95,200965
2021-05-28 09:40:29,1603.55,200977
2021-05-28 09:40:30,1603.3,200993
2021-05-28 09:40:31,1603.3,200998
2021-05-28 09:40:32,1603.3,200998
2021-05-28 09:40:33,1603.3,201006
2021-05-28 09:40:34,1603.3,201006
2021-05-28 09:40:35,1603.55,201013
2021-05-28 09:40:36,1603.55,201039
2021-05-28 09:40:37,1603.3,201064
2021-05-28 09:40:38,1603.55,201113
2021-05-28 09:40:39,1603.55,201116
2021-05-28 09:40:40,1603.55,201116
2021-05-28 09:40:41,1603.55,201116
2021-05-28 09:40:42,1603.55,201123
2021-05-28 09:40:43,1603.55,201123
2021-05-28 09:40:44,1603.55,201168
2021-05-28 09:40:45,1603.55,201168
2021-05-28 09:40:46,1603.55,201168
2021-05-28 09:40:47,1604.0,201212
2021-05-28 09:40:48,1604.4,201782
2021-05-28 09:40:49,1604.4,201789
2021-05-28 09:40:50,1604.4,201803
2021-05-28 09:40:51,1604.95,201953
2021-05-28 09:40:52,1604.95,201970
2021-05-28 09:40:54,1605.0,202037
2021-05-28 09:40:55,1604.8,202076
2021-05-28 09:40:56,1604.85,202105
2021-05-28 09:40:57,1604.95,202206
2021-05-28 09:40:58,1604.85,202239
2021-05-28 09:40:59,1605.0,202651
2021-05-28 09:41:00,1605.0,202868
2021-05-28 09:41:01,1605.0,202868
2021-05-28 09:41:02,1605.0,202868
2021-05-28 09:41:03,1604.85,202883
2021-05-28 09:41:04,1604.4,203363
2021-05-28 09:41:05,1605.0,203364
2021-05-28 09:41:06,1605.0,203364
2021-05-28 09:41:07,1605.0,203364
2021-05-28 09:41:08,1605.7,204944
2021-05-28 09:41:09,1606.4,205500
2021-05-28 09:41:10,1606.3,205550
2021-05-28 09:41:11,1606.3,205550
2021-05-28 09:41:12,1606.45,205620
2021-05-28 09:41:13,1606.5,205684
2021-05-28 09:41:14,1605.8,205749
2021-05-28 09:41:15,1606.3,205788
2021-05-28 09:41:16,1606.35,205801
2021-05-28 09:41:17,1606.35,206164
2021-05-28 09:41:18,1606.25,206264
2021-05-28 09:41:19,1606.25,206264
2021-05-28 09:41:20,1606.0,206366
2021-05-28 09:41:21,1606.0,206368
2021-05-28 09:41:22,1606.0,206388
2021-05-28 09:41:23,1606.0,206489
2021-05-28 09:41:24,1605.45,206559
2021-05-28 09:41:25,1605.45,206559
2021-05-28 09:41:26,1605.45,206559
2021-05-28 09:41:27,1605.45,206675
2021-05-28 09:41:28,1605.45,206682
2021-05-28 09:41:29,1605.45,206682
2021-05-28 09:41:30,1605.45,206682
2021-05-28 09:41:31,1605.45,206682
2021-05-28 09:41:32,1606.0,206697
2021-05-28 09:41:33,1606.0,206697
2021-05-28 09:41:34,1605.55,206717
2021-05-28 09:41:36,1606.0,206757
2021-05-28 09:41:35,1606.0,206757
2021-05-28 09:41:37,1605.6,206767
2021-05-28 09:41:38,1605.6,206767
2021-05-28 09:41:40,1605.6,206974
2021-05-28 09:41:41,1606.0,207092
2021-05-28 09:41:42,1606.35,207242
2021-05-28 09:41:43,1606.35,207362
2021-05-28 09:41:44,1606.0,207387
2021-05-28 09:41:45,1606.0,207387
2021-05-28 09:41:46,1606.35,207470
2021-05-28 09:41:47,1606.5,207920
2021-05-28 09:41:48,1606.0,207971
2021-05-28 09:41:49,1606.0,207971
2021-05-28 09:41:50,1606.0,208493
2021-05-28 09:41:51,1606.0,208493
2021-05-28 09:41:52,1605.6,208500
2021-05-28 09:41:53,1605.95,208515
2021-05-28 09:41:54,1606.0,208531
2021-05-28 09:41:55,1606.0,208538
2021-05-28 09:41:56,1606.0,208573
2021-05-28 09:41:57,1606.0,208573
2021-05-28 09:41:58,1606.0,208573
2021-05-28 09:41:59,1605.6,208574
2021-05-28 09:42:00,1605.6,208574
2021-05-28 09:42:01,1606.0,208724
2021-05-28 09:42:02,1605.6,208729
2021-05-28 09:42:03,1606.0,208769
2021-05-28 09:42:04,1606.0,209001
2021-05-28 09:42:05,1606.0,209001
2021-05-28 09:42:06,1605.6,209056
2021-05-28 09:42:08,1606.45,209319
2021-05-28 09:42:09,1606.45,209320
2021-05-28 09:42:10,1605.55,209520
2021-05-28 09:42:11,1605.55,209520
2021-05-28 09:42:12,1605.55,209520
2021-05-28 09:42:13,1606.5,209546
2021-05-28 09:42:14,1606.5,209551
2021-05-28 09:42:15,1606.5,209551
2021-05-28 09:42:16,1606.5,209587
2021-05-28 09:42:17,1605.65,210087
2021-05-28 09:42:18,1605.55,210171
2021-05-28 09:42:19,1605.55,210171
2021-05-28 09:42:20,1605.7,210186
2021-05-28 09:42:21,1605.7,210186
2021-05-28 09:42:22,1606.05,210189
2021-05-28 09:42:23,1605.85,210397
2021-05-28 09:42:24,1605.6,210398
2021-05-28 09:42:25,1605.55,210403
2021-05-28 09:42:26,1605.55,210403
2021-05-28 09:42:27,1606.05,210404
2021-05-28 09:42:28,1606.0,210436
2021-05-28 09:42:29,1606.0,210436
2021-05-28 09:42:30,1606.0,210436
2021-05-28 09:42:31,1606.0,210436
2021-05-28 09:42:32,1606.0,210436
2021-05-28 09:42:33,1606.0,210536
2021-05-28 09:42:34,1605.95,210550
2021-05-28 09:42:35,1605.95,210550
2021-05-28 09:42:38,1605.95,210986
2021-05-28 09:42:43,1605.6,211428
2021-05-28 09:42:47,1605.95,211431
2021-05-28 09:42:52,1605.6,211468
2021-05-28 09:42:57,1604.55,212329
2021-05-28 09:43:08,1603.0,213140
2021-05-28 09:43:13,1603.2,213660
2021-05-28 09:43:18,1602.45,214291
2021-05-28 09:43:23,1601.5,216114
2021-05-28 09:43:28,1602.0,216540
2021-05-28 09:43:33,1602.1,216901
2021-05-28 09:43:38,1603.2,216907
2021-05-28 09:43:43,1602.15,216996
2021-05-28 09:43:48,1602.15,217016
2021-05-28 09:43:52,1601.6,217411
2021-05-28 09:43:57,1601.9,217661
2021-05-28 09:44:01,1600.6,219632
2021-05-28 09:44:06,1600.9,220131
2021-05-28 09:44:11,1600.3,220643
2021-05-28 09:44:16,1600.9,220955
2021-05-28 09:44:21,1601.15,221057
2021-05-28 09:44:25,1600.7,221410
2021-05-28 09:44:30,1600.7,221660
2021-05-28 09:44:35,1601.45,221879
2021-05-28 09:44:39,1600.3,221918
2021-05-28 09:44:44,1597.95,228341
2021-05-28 09:44:49,1589.1,241475
2021-05-28 09:44:54,1592.6,244704
2021-05-28 09:44:59,1593.85,246283
2021-05-28 09:45:03,1594.85,246971
2021-05-28 09:45:08,1595.25,248153
2021-05-28 09:45:12,1595.4,248695
2021-05-28 09:45:17,1595.05,249116
2021-05-28 09:45:21,1595.8,249570
2021-05-28 09:45:26,1595.8,249720
2021-05-28 09:45:30,1595.75,250368
2021-05-28 09:45:39,1596.05,250996
2021-05-28 09:45:44,1596.0,251079
2021-05-28 09:45:49,1596.0,251521
2021-05-28 09:45:54,1595.15,252215
2021-05-28 09:45:59,1594.0,253608
2021-05-28 09:46:04,1593.05,253889
2021-05-28 09:46:09,1592.35,254524
2021-05-28 09:46:14,1592.8,255425
2021-05-28 09:46:20,1589.85,260206
2021-05-28 09:46:24,1588.6,261012
2021-05-28 09:46:29,1589.05,262202
2021-05-28 09:46:35,1590.7,262832
2021-05-28 09:46:40,1591.75,263594
2021-05-28 09:46:45,1590.45,265239
2021-05-28 09:46:49,1590.15,266788
2021-05-28 09:46:54,1591.8,266962
2021-05-28 09:46:59,1590.45,267864
2021-05-28 09:47:08,1588.45,273533
2021-05-28 09:47:13,1587.7,274668
2021-05-28 09:47:17,1588.35,275314
2021-05-28 09:47:22,1588.45,276299
2021-05-28 09:47:27,1588.45,276727
2021-05-28 09:47:31,1588.4,277816
2021-05-28 09:47:36,1589.75,278400
2021-05-28 09:47:38,1588.75,278405
2021-05-28 09:47:39,1589.5,278536
2021-05-28 09:47:39,1589.5,278536
2021-05-28 09:47:40,1588.55,278636
2021-05-28 09:47:41,1589.5,278765
2021-05-28 09:47:43,1589.5,278869
2021-05-28 09:47:44,1589.9,278994
2021-05-28 09:47:45,1590.0,279065
2021-05-28 09:47:47,1590.2,279156
2021-05-28 09:47:48,1589.5,279441
2021-05-28 09:47:49,1589.85,279458
2021-05-28 09:47:50,1589.8,279644
2021-05-28 09:47:52,1589.0,279653
2021-05-28 09:47:52,1589.0,279653
2021-05-28 09:47:53,1589.7,279778
2021-05-28 09:47:54,1589.05,279805
2021-05-28 09:47:55,1590.0,281386
2021-05-28 09:47:56,1589.15,281440
2021-05-28 09:47:57,1589.8,281443
2021-05-28 09:47:58,1590.2,282293
2021-05-28 09:48:00,1589.8,282404
2021-05-28 09:48:01,1590.85,282444
2021-05-28 09:48:02,1590.85,282506
2021-05-28 09:48:03,1590.95,282608
2021-05-28 09:48:04,1591.05,282630
2021-05-28 09:48:05,1590.95,283055
2021-05-28 09:48:06,1591.4,283478
2021-05-28 09:48:07,1591.4,283478
2021-05-28 09:48:08,1589.0,287666
2021-05-28 09:48:09,1589.65,289275
2021-05-28 09:48:10,1589.95,289395
2021-05-28 09:48:12,1590.4,289396
2021-05-28 09:48:13,1589.9,289421
2021-05-28 09:48:13,1589.9,289421
2021-05-28 09:48:14,1588.9,289477
2021-05-28 09:48:15,1588.9,289477
2021-05-28 09:48:16,1589.6,289495
2021-05-28 09:48:17,1589.15,289869
2021-05-28 09:48:18,1588.95,289888
2021-05-28 09:48:20,1588.45,289891
2021-05-28 09:48:20,1588.65,290266
2021-05-28 09:48:21,1588.45,290276
2021-05-28 09:48:22,1588.7,290820
2021-05-28 09:48:23,1588.25,290825
2021-05-28 09:48:24,1589.1,290890
2021-05-28 09:48:25,1588.3,290900
2021-05-28 09:48:26,1589.25,291118
2021-05-28 09:48:28,1588.45,291262
2021-05-28 09:48:27,1589.25,291118
2021-05-28 09:48:29,1588.45,291262
2021-05-28 09:48:30,1588.1,291393
2021-05-28 09:48:31,1588.75,291444
2021-05-28 09:48:33,1588.75,291444
2021-05-28 09:48:33,1588.75,291444
2021-05-28 09:48:34,1588.75,291444
2021-05-28 09:48:35,1588.1,291551
2021-05-28 09:48:36,1588.0,291801
2021-05-28 09:48:37,1587.35,293435
2021-05-28 09:48:38,1587.45,293436
2021-05-28 09:48:39,1587.7,293912
2021-05-28 09:48:40,1587.75,293938
2021-05-28 09:48:41,1587.75,293938
2021-05-28 09:48:42,1586.85,294808
2021-05-28 09:48:43,1586.75,295213
2021-05-28 09:48:44,1586.5,295318
2021-05-28 09:48:45,1586.5,295352
2021-05-28 09:48:46,1586.0,296263
2021-05-28 09:48:47,1586.5,296380
2021-05-28 09:48:49,1584.6,298038
2021-05-28 09:48:48,1584.6,298029
2021-05-28 09:48:50,1585.4,298080
2021-05-28 09:48:51,1583.8,298540
2021-05-28 09:48:52,1584.0,298575
2021-05-28 09:48:53,1584.6,298675
2021-05-28 09:48:54,1585.0,299096
2021-05-28 09:48:56,1584.55,299244
2021-05-28 09:48:56,1584.5,299254
2021-05-28 09:48:57,1584.55,299277
2021-05-28 09:48:58,1584.55,300516
2021-05-28 09:48:59,1584.0,300626
2021-05-28 09:49:00,1584.85,300761
2021-05-28 09:49:01,1584.0,301471
2021-05-28 09:49:03,1584.6,302012
2021-05-28 09:49:03,1584.6,302012
2021-05-28 09:49:04,1584.6,302012
2021-05-28 09:49:05,1584.0,302156
2021-05-28 09:49:06,1584.55,302165
2021-05-28 09:49:07,1584.1,302175
2021-05-28 09:49:09,1584.1,302190
2021-05-28 09:49:10,1584.6,302390
2021-05-28 09:49:10,1584.6,302395
2021-05-28 09:49:11,1584.85,302415
2021-05-28 09:49:12,1584.85,302471
2021-05-28 09:49:13,1584.85,302471
2021-05-28 09:49:14,1585.0,302551
2021-05-28 09:49:15,1585.05,302601
2021-05-28 09:49:16,1584.35,302918
2021-05-28 09:49:18,1585.5,302978
2021-05-28 09:49:18,1585.5,302978
2021-05-28 09:49:19,1584.5,302981
2021-05-28 09:49:20,1585.55,303528
2021-05-28 09:49:21,1586.2,303535
2021-05-28 09:49:22,1585.1,303765
2021-05-28 09:49:23,1586.2,303915
2021-05-28 09:49:24,1585.25,303975
2021-05-28 09:49:25,1586.05,303979
2021-05-28 09:49:27,1586.05,303999
2021-05-28 09:49:27,1586.05,303999
2021-05-28 09:49:28,1585.15,304200
2021-05-28 09:49:29,1585.05,304230
2021-05-28 09:49:30,1586.25,304293
2021-05-28 09:49:31,1586.25,304293
2021-05-28 09:49:32,1586.0,304324
2021-05-28 09:49:33,1586.0,304324
2021-05-28 09:49:34,1586.0,304324
2021-05-28 09:49:35,1586.0,304324
2021-05-28 09:49:36,1585.75,304647
2021-05-28 09:49:37,1585.35,304849
2021-05-28 09:49:38,1585.95,305083
2021-05-28 09:49:39,1585.3,305104
2021-05-28 09:49:41,1585.35,305194
2021-05-28 09:49:42,1585.95,305227
2021-05-28 09:49:42,1585.35,305194
2021-05-28 09:49:43,1585.25,305333
2021-05-28 09:49:44,1586.6,305334
2021-05-28 09:49:45,1586.0,305350
2021-05-28 09:49:46,1586.0,305380
2021-05-28 09:49:47,1585.3,305446
2021-05-28 09:49:48,1585.25,305617
2021-05-28 09:49:49,1586.0,305667
2021-05-28 09:49:50,1585.25,305788
2021-05-28 09:49:51,1585.35,305828
2021-05-28 09:49:52,1586.4,305955
2021-05-28 09:49:54,1585.95,305981
2021-05-28 09:49:55,1585.95,305989
2021-05-28 09:49:57,1585.95,306188
2021-05-28 09:49:57,1585.95,306188
2021-05-28 09:49:58,1585.95,306233
2021-05-28 09:49:59,1585.95,306233
2021-05-28 09:50:00,1585.95,306234
2021-05-28 09:50:01,1585.95,306334
2021-05-28 09:50:02,1585.95,306518
2021-05-28 09:50:03,1586.5,306608
2021-05-28 09:50:04,1586.1,306614
2021-05-28 09:50:05,1586.1,306614
2021-05-28 09:50:06,1585.95,306664
2021-05-28 09:50:07,1586.5,306677
2021-05-28 09:50:10,1586.9,306772
2021-05-28 09:50:10,1586.9,306772
2021-05-28 09:50:11,1587.2,307523
2021-05-28 09:50:13,1587.25,307586
2021-05-28 09:50:14,1587.3,308206
2021-05-28 09:50:15,1586.4,308306
2021-05-28 09:50:16,1587.45,308315
2021-05-28 09:50:17,1587.7,308632
2021-05-28 09:50:18,1587.9,308652
2021-05-28 09:50:19,1587.1,308677
2021-05-28 09:50:20,1587.9,308771
2021-05-28 09:50:22,1588.5,309450
2021-05-28 09:50:22,1588.5,309450
2021-05-28 09:50:23,1587.9,309452
2021-05-28 09:50:24,1587.9,309452
2021-05-28 09:50:25,1587.9,309458
2021-05-28 09:50:26,1588.3,309462
2021-05-28 09:50:28,1588.75,309525
2021-05-28 09:50:27,1588.75,309472
2021-05-28 09:50:29,1588.35,309534
2021-05-28 09:50:30,1588.75,309535
2021-05-28 09:50:31,1588.15,309735
2021-05-28 09:50:32,1588.15,309751
2021-05-28 09:50:33,1589.05,309951
2021-05-28 09:50:35,1588.9,310037
2021-05-28 09:50:35,1588.9,309987
2021-05-28 09:50:36,1588.85,310072
2021-05-28 09:50:37,1588.9,310077
2021-05-28 09:50:38,1588.9,310094
2021-05-28 09:50:39,1589.0,310144
2021-05-28 09:50:41,1589.0,310144
2021-05-28 09:50:41,1589.0,310144
2021-05-28 09:50:42,1588.95,310174
2021-05-28 09:50:43,1589.0,310186
2021-05-28 09:50:45,1588.75,310207
2021-05-28 09:50:45,1588.75,310207
2021-05-28 09:50:46,1589.15,310244
2021-05-28 09:50:47,1589.5,310319
2021-05-28 09:50:48,1589.5,310379
2021-05-28 09:50:49,1589.0,310385
2021-05-28 09:50:50,1589.25,311785
2021-05-28 09:50:51,1588.2,311885
2021-05-28 09:50:53,1588.2,311885
2021-05-28 09:50:53,1588.2,311885
2021-05-28 09:50:54,1589.05,312692
2021-05-28 09:50:55,1589.05,312707
2021-05-28 09:50:56,1589.3,312726
2021-05-28 09:50:57,1588.2,312777
2021-05-28 09:50:58,1589.2,312787
2021-05-28 09:50:59,1589.2,312793
2021-05-28 09:51:00,1588.35,312804
2021-05-28 09:51:01,1588.35,312947
2021-05-28 09:51:02,1589.3,313060
2021-05-28 09:51:03,1589.2,313110
2021-05-28 09:51:04,1589.2,313110
2021-05-28 09:51:05,1589.2,313162
2021-05-28 09:51:06,1589.3,313354
2021-05-28 09:51:07,1589.3,313354
2021-05-28 09:51:09,1588.55,313387
2021-05-28 09:51:09,1589.2,313388
2021-05-28 09:51:10,1589.2,313388
2021-05-28 09:51:11,1589.5,313389
2021-05-28 09:51:12,1588.65,313486
2021-05-28 09:51:13,1589.5,313646
2021-05-28 09:51:15,1588.75,314107
2021-05-28 09:51:15,1588.75,314107
2021-05-28 09:51:16,1588.8,314121
2021-05-28 09:51:17,1588.8,314121
2021-05-28 09:51:19,1589.0,314263
2021-05-28 09:51:20,1589.25,314306
2021-05-28 09:51:21,1589.3,314331
2021-05-28 09:51:22,1589.3,314331
2021-05-28 09:51:23,1589.4,314395
2021-05-28 09:51:24,1589.4,314395
2021-05-28 09:51:26,1589.5,314445
2021-05-28 09:51:27,1589.5,314445
2021-05-28 09:51:27,1589.5,314495
2021-05-28 09:51:28,1589.5,314495
2021-05-28 09:51:29,1589.5,314495
2021-05-28 09:51:30,1589.5,314667
2021-05-28 09:51:31,1589.4,314696
2021-05-28 09:51:32,1589.4,314802
2021-05-28 09:51:33,1590.0,314815
2021-05-28 09:51:34,1590.0,314816
2021-05-28 09:51:36,1589.4,314923
2021-05-28 09:51:37,1589.4,314933
2021-05-28 09:51:38,1589.4,314933
2021-05-28 09:51:39,1589.4,314933
2021-05-28 09:51:40,1589.35,314947
2021-05-28 09:51:41,1589.4,314974
2021-05-28 09:51:43,1589.4,315026
2021-05-28 09:51:43,1589.4,315026
2021-05-28 09:51:45,1589.3,315093
2021-05-28 09:51:45,1589.4,315086
2021-05-28 09:51:46,1589.4,315243
2021-05-28 09:51:47,1589.4,315243
2021-05-28 09:51:48,1589.4,315252
2021-05-28 09:51:49,1589.4,315252
2021-05-28 09:51:50,1589.45,315271
2021-05-28 09:51:51,1589.8,315313
2021-05-28 09:51:52,1590.0,315367
2021-05-28 09:51:53,1589.35,315392
2021-05-28 09:51:55,1589.35,315392
2021-05-28 09:51:55,1589.35,315392
2021-05-28 09:51:56,1590.0,315393
2021-05-28 09:51:57,1589.4,315398
2021-05-28 09:51:58,1589.4,315398
2021-05-28 09:51:59,1590.0,315408
2021-05-28 09:52:00,1589.4,315438
2021-05-28 09:52:01,1589.8,315451
2021-05-28 09:52:02,1589.3,315783
2021-05-28 09:52:03,1589.0,315796
2021-05-28 09:52:04,1589.0,315796
2021-05-28 09:52:05,1589.0,315796
2021-05-28 09:52:07,1589.4,315813
2021-05-28 09:52:08,1589.6,315815
2021-05-28 09:52:09,1588.65,315821
2021-05-28 09:52:09,1588.65,315821
2021-05-28 09:52:10,1589.0,315822
2021-05-28 09:52:11,1589.0,315827
2021-05-28 09:52:13,1588.75,315856
2021-05-28 09:52:14,1588.75,315866
2021-05-28 09:52:14,1588.75,315866
2021-05-28 09:52:15,1588.75,315866
2021-05-28 09:52:16,1588.75,315866
2021-05-28 09:52:17,1588.75,315866
2021-05-28 09:52:18,1588.6,315922
2021-05-28 09:52:19,1589.45,316023
2021-05-28 09:52:20,1589.45,316033
2021-05-28 09:52:21,1589.45,316033
2021-05-28 09:52:22,1588.75,316039
2021-05-28 09:52:23,1588.75,316039
2021-05-28 09:52:24,1588.75,316083
2021-05-28 09:52:25,1588.75,316083
2021-05-28 09:52:26,1589.2,316129
2021-05-28 09:52:27,1589.2,316139
2021-05-28 09:52:28,1588.6,316159
2021-05-28 09:52:29,1588.6,316159
2021-05-28 09:52:30,1588.6,316179
2021-05-28 09:52:32,1588.6,316206
2021-05-28 09:52:32,1588.6,316206
2021-05-28 09:52:33,1588.65,316742
2021-05-28 09:52:34,1588.75,316747
2021-05-28 09:52:35,1588.95,316761
2021-05-28 09:52:36,1589.3,317474
2021-05-28 09:52:37,1589.35,317491
2021-05-28 09:52:38,1589.35,317499
2021-05-28 09:52:39,1589.4,317506
2021-05-28 09:52:40,1589.4,317512
2021-05-28 09:52:41,1590.0,317564
2021-05-28 09:52:43,1589.4,317583
2021-05-28 09:52:44,1589.4,317590
2021-05-28 09:52:45,1589.4,317596
2021-05-28 09:52:45,1589.4,317608
2021-05-28 09:52:46,1589.4,317615
2021-05-28 09:52:47,1589.3,317829
2021-05-28 09:52:48,1588.55,317887
2021-05-28 09:52:50,1588.75,317904
2021-05-28 09:52:50,1588.75,317936
2021-05-28 09:52:51,1588.65,317985
2021-05-28 09:52:52,1589.7,318115
2021-05-28 09:52:53,1589.1,318140
2021-05-28 09:52:55,1589.1,318208
2021-05-28 09:52:56,1589.15,318231
2021-05-28 09:52:57,1590.0,318437
2021-05-28 09:52:57,1589.15,318449
2021-05-28 09:52:58,1589.15,318469
2021-05-28 09:52:59,1589.05,318723
2021-05-28 09:53:00,1589.9,318933
2021-05-28 09:53:02,1589.35,319838
2021-05-28 09:53:02,1588.7,319851
2021-05-28 09:53:03,1589.65,319852
2021-05-28 09:53:04,1589.0,319894
2021-05-28 09:53:05,1589.0,320286
2021-05-28 09:53:06,1589.0,320305
2021-05-28 09:53:07,1589.0,320737
2021-05-28 09:53:08,1589.75,320812
2021-05-28 09:53:10,1589.0,320828
2021-05-28 09:53:11,1589.0,320834
2021-05-28 09:53:12,1589.0,320834
2021-05-28 09:53:13,1589.0,320912
2021-05-28 09:53:13,1589.0,320942
2021-05-28 09:53:14,1589.0,320998
2021-05-28 09:53:15,1589.0,321018
2021-05-28 09:53:17,1589.0,321018
2021-05-28 09:53:18,1589.0,321018
2021-05-28 09:53:19,1589.05,321029
2021-05-28 09:53:19,1589.05,321029
2021-05-28 09:53:20,1589.0,321082
2021-05-28 09:53:21,1589.0,321082
2021-05-28 09:53:22,1589.0,321094
2021-05-28 09:53:23,1589.0,321108
2021-05-28 09:53:24,1589.0,321155
2021-05-28 09:53:26,1589.55,321166
2021-05-28 09:53:26,1589.55,321166
2021-05-28 09:53:27,1589.0,321250
2021-05-28 09:53:28,1589.6,321377
2021-05-28 09:53:29,1589.6,321377
2021-05-28 09:53:30,1589.0,321393
2021-05-28 09:53:32,1588.6,321498
2021-05-28 09:53:32,1588.6,321498
2021-05-28 09:53:33,1588.65,321510
2021-05-28 09:53:34,1588.65,321526
2021-05-28 09:53:35,1588.5,321551
2021-05-28 09:53:36,1588.55,321570
2021-05-28 09:53:37,1588.55,321588
2021-05-28 09:53:39,1588.5,321635
2021-05-28 09:53:39,1588.5,321648
2021-05-28 09:53:40,1588.4,321666
2021-05-28 09:53:41,1588.85,321686
2021-05-28 09:53:42,1588.05,321716
2021-05-28 09:53:43,1588.05,321732
2021-05-28 09:53:45,1588.0,321759
2021-05-28 09:53:45,1588.0,321759
2021-05-28 09:53:46,1588.0,321759
2021-05-28 09:53:47,1588.0,321773
2021-05-28 09:53:48,1587.5,322309
2021-05-28 09:53:50,1587.5,322309
2021-05-28 09:53:51,1587.5,322309
2021-05-28 09:53:52,1587.1,322315
2021-05-28 09:53:52,1587.1,322315
2021-05-28 09:53:53,1587.1,322368
2021-05-28 09:53:54,1587.35,322447
2021-05-28 09:53:55,1587.35,322447
2021-05-28 09:53:56,1587.35,322447
2021-05-28 09:53:57,1587.4,322448
2021-05-28 09:53:58,1587.4,322449
2021-05-28 09:53:59,1587.4,322508
2021-05-28 09:54:01,1587.35,322544
2021-05-28 09:54:01,1587.5,322552
2021-05-28 09:54:02,1587.35,322621
2021-05-28 09:54:03,1587.35,322847
2021-05-28 09:54:04,1587.35,322847
2021-05-28 09:54:05,1588.0,322907
2021-05-28 09:54:06,1588.0,322908
2021-05-28 09:54:08,1587.5,322918
2021-05-28 09:54:08,1587.5,322918
2021-05-28 09:54:09,1587.5,322918
2021-05-28 09:54:10,1588.0,323003
2021-05-28 09:54:11,1588.0,323036
2021-05-28 09:54:12,1587.55,323046
2021-05-28 09:54:14,1587.5,323056
2021-05-28 09:54:15,1587.4,323156
2021-05-28 09:54:15,1587.5,323056
2021-05-28 09:54:16,1588.0,323213
2021-05-28 09:54:17,1588.0,323213
2021-05-28 09:54:18,1588.0,323272
2021-05-28 09:54:19,1587.4,323372
2021-05-28 09:54:20,1587.4,323388
2021-05-28 09:54:21,1587.95,323416
2021-05-28 09:54:22,1587.95,323417
2021-05-28 09:54:24,1587.4,323419
2021-05-28 09:54:25,1588.0,323520
2021-05-28 09:54:25,1588.0,323520
2021-05-28 09:54:26,1587.4,323532
2021-05-28 09:54:27,1587.4,323532
2021-05-28 09:54:28,1587.4,323532
2021-05-28 09:54:29,1587.4,323532
2021-05-28 09:54:30,1588.0,323782
2021-05-28 09:54:32,1588.0,323794
2021-05-28 09:54:32,1588.0,323794
2021-05-28 09:54:33,1588.0,323794
2021-05-28 09:54:34,1588.0,323794
2021-05-28 09:54:35,1588.0,323829
2021-05-28 09:54:36,1588.45,324049
2021-05-28 09:54:38,1588.45,324049
2021-05-28 09:54:39,1588.45,324049
2021-05-28 09:54:39,1588.45,324049
2021-05-28 09:54:40,1588.65,324079
2021-05-28 09:54:41,1588.0,324088
2021-05-28 09:54:42,1588.0,324120
2021-05-28 09:54:44,1588.0,324120
2021-05-28 09:54:44,1588.0,324120
2021-05-28 09:54:45,1588.55,324122
2021-05-28 09:54:46,1588.55,324122
2021-05-28 09:54:47,1588.55,324122
2021-05-28 09:54:49,1588.0,324177
2021-05-28 09:54:50,1588.6,324181
2021-05-28 09:54:50,1588.6,324181
2021-05-28 09:54:51,1588.6,324181
2021-05-28 09:54:52,1588.6,324204
2021-05-28 09:54:53,1588.6,324214
2021-05-28 09:54:54,1588.6,324214
2021-05-28 09:54:56,1588.6,324255
2021-05-28 09:54:57,1588.6,324255
2021-05-28 09:54:57,1588.6,324255
2021-05-28 09:54:58,1588.6,324255
2021-05-28 09:54:59,1588.25,324260
2021-05-28 09:55:00,1588.25,324360
2021-05-28 09:55:01,1588.7,324361
2021-05-28 09:55:03,1588.8,324376
2021-05-28 09:55:03,1588.8,324376
2021-05-28 09:55:04,1588.8,324376
2021-05-28 09:55:05,1588.8,324376
2021-05-28 09:55:06,1588.85,324431
2021-05-28 09:55:08,1588.85,324431
2021-05-28 09:55:08,1588.85,324431
2021-05-28 09:55:09,1588.5,324436
2021-05-28 09:55:10,1588.0,324489
2021-05-28 09:55:11,1588.0,324498
2021-05-28 09:55:12,1588.0,324498
2021-05-28 09:55:14,1588.1,324552
2021-05-28 09:55:14,1588.1,324546
2021-05-28 09:55:15,1588.95,324555
2021-05-28 09:55:16,1589.0,324858
2021-05-28 09:55:17,1589.0,324858
2021-05-28 09:55:18,1589.0,324858
2021-05-28 09:55:20,1589.0,324858
2021-05-28 09:55:21,1589.0,324988
2021-05-28 09:55:21,1588.9,324958
2021-05-28 09:55:22,1589.0,324988
2021-05-28 09:55:23,1589.0,324988
2021-05-28 09:55:24,1588.5,325021
2021-05-28 09:55:25,1589.0,325035
2021-05-28 09:55:27,1588.1,325269
2021-05-28 09:55:27,1588.35,325236
2021-05-28 09:55:28,1588.15,325273
2021-05-28 09:55:29,1588.25,325279
2021-05-28 09:55:30,1588.5,325284
2021-05-28 09:55:31,1588.0,325345
2021-05-28 09:55:33,1588.0,325435
2021-05-28 09:55:34,1588.0,325484
2021-05-28 09:55:35,1588.0,325484
2021-05-28 09:55:36,1588.35,325497
2021-05-28 09:55:37,1588.35,325497
2021-05-28 09:55:38,1588.05,325506
2021-05-28 09:55:39,1588.05,325506
2021-05-28 09:55:41,1588.8,325538
2021-05-28 09:55:42,1588.8,325538
2021-05-28 09:55:43,1588.0,325554
2021-05-28 09:55:44,1588.8,325564
2021-05-28 09:55:45,1588.05,325879
2021-05-28 09:55:46,1588.2,325884
2021-05-28 09:55:47,1588.2,325884
2021-05-28 09:55:49,1588.2,326003
2021-05-28 09:55:49,1588.95,325996
2021-05-28 09:55:50,1588.2,326009
2021-05-28 09:55:51,1588.2,326009
2021-05-28 09:55:52,1588.2,326010
2021-05-28 09:55:53,1588.2,326010
2021-05-28 09:55:55,1588.2,326010
2021-05-28 09:55:55,1588.95,326011
2021-05-28 09:55:56,1588.2,326057
2021-05-28 09:55:57,1588.3,326064
2021-05-28 09:55:58,1588.3,326064
2021-05-28 09:56:00,1588.95,326074
2021-05-28 09:56:00,1588.3,326064
2021-05-28 09:56:01,1588.95,326074
2021-05-28 09:56:02,1588.0,326207
2021-05-28 09:56:04,1588.0,326207
2021-05-28 09:56:05,1588.0,326213
2021-05-28 09:56:05,1588.0,326220
2021-05-28 09:56:06,1588.0,326226
2021-05-28 09:56:07,1588.75,326227
2021-05-28 09:56:09,1588.2,326351
2021-05-28 09:56:10,1588.95,326356
2021-05-28 09:56:11,1588.15,326364
2021-05-28 09:56:12,1588.1,326417
2021-05-28 09:56:12,1588.1,326417
2021-05-28 09:56:13,1588.05,326517
2021-05-28 09:56:14,1588.0,326528
2021-05-28 09:56:15,1588.85,326624
2021-05-28 09:56:17,1588.95,326745
2021-05-28 09:56:18,1588.15,327095
2021-05-28 09:56:18,1588.15,327095
2021-05-28 09:56:19,1588.95,327098
2021-05-28 09:56:20,1588.15,327104
2021-05-28 09:56:22,1588.1,327200
2021-05-28 09:56:23,1588.05,327300
2021-05-28 09:56:23,1588.05,327300
2021-05-28 09:56:24,1588.9,327310
2021-05-28 09:56:26,1588.95,327335
2021-05-28 09:56:27,1589.2,327435
2021-05-28 09:56:27,1588.15,327441
2021-05-28 09:56:28,1588.15,327441
2021-05-28 09:56:29,1588.25,327459
2021-05-28 09:56:30,1588.25,327466
2021-05-28 09:56:32,1589.45,327543
2021-05-28 09:56:33,1589.45,327543
2021-05-28 09:56:34,1588.25,327546
2021-05-28 09:56:34,1589.4,327556
2021-05-28 09:56:35,1589.4,327606
2021-05-28 09:56:36,1589.45,327629
2021-05-28 09:56:37,1589.05,327717
2021-05-28 09:56:38,1589.05,327717
2021-05-28 09:56:40,1588.75,327733
2021-05-28 09:56:41,1588.75,327733
2021-05-28 09:56:41,1588.75,327733
2021-05-28 09:56:42,1589.65,327734
2021-05-28 09:56:43,1588.8,327751
2021-05-28 09:56:45,1588.45,327826
2021-05-28 09:56:46,1588.45,327826
2021-05-28 09:56:47,1589.0,327929
2021-05-28 09:56:47,1589.0,327929
2021-05-28 09:56:48,1589.25,328029
2021-05-28 09:56:49,1588.4,328061
2021-05-28 09:56:51,1588.4,328061
2021-05-28 09:56:52,1588.45,328068
2021-05-28 09:56:53,1588.45,328100
2021-05-28 09:56:53,1589.35,328125
2021-05-28 09:56:54,1589.35,328125
2021-05-28 09:56:55,1588.5,328135
2021-05-28 09:56:57,1588.5,328135
2021-05-28 09:56:58,1589.35,328170
2021-05-28 09:56:58,1589.35,328170
2021-05-28 09:56:59,1588.75,328175
2021-05-28 09:57:00,1588.75,328181
2021-05-28 09:57:01,1589.35,328222
2021-05-28 09:57:03,1588.65,328228
2021-05-28 09:57:04,1588.85,328234
2021-05-28 09:57:04,1588.6,328243
2021-05-28 09:57:05,1589.35,328244
2021-05-28 09:57:06,1588.65,328300
2021-05-28 09:57:07,1589.5,328409
2021-05-28 09:57:09,1589.5,328409
2021-05-28 09:57:10,1588.65,328426
2021-05-28 09:57:11,1588.65,328463
2021-05-28 09:57:12,1588.65,328463
2021-05-28 09:57:13,1588.65,328463
2021-05-28 09:57:14,1588.65,328463
2021-05-28 09:57:16,1588.65,328469
2021-05-28 09:57:17,1588.65,328469
2021-05-28 09:57:18,1588.7,328476
2021-05-28 09:57:18,1588.7,328476
2021-05-28 09:57:19,1589.35,328578
2021-05-28 09:57:20,1589.35,328606
2021-05-28 09:57:21,1588.4,328615
2021-05-28 09:57:23,1588.35,328640
2021-05-28 09:57:24,1588.2,328690
2021-05-28 09:57:24,1588.2,328697
2021-05-28 09:57:25,1588.2,328703
2021-05-28 09:57:26,1589.1,328711
2021-05-28 09:57:28,1589.1,328711
2021-05-28 09:57:29,1589.1,328711
2021-05-28 09:57:29,1589.1,328711
2021-05-28 09:57:30,1589.1,328711
2021-05-28 09:57:31,1588.2,328722
2021-05-28 09:57:33,1588.2,328722
2021-05-28 09:57:34,1587.7,331351
2021-05-28 09:57:35,1587.7,331351
2021-05-28 09:57:37,1587.35,331393
2021-05-28 09:57:38,1587.35,331412
2021-05-28 09:57:38,1587.35,331422
2021-05-28 09:57:39,1587.35,331422
2021-05-28 09:57:41,1587.35,331429
2021-05-28 09:57:41,1587.7,331441
2021-05-28 09:57:42,1587.7,331441
2021-05-28 09:57:43,1587.1,331501
2021-05-28 09:57:44,1587.35,331506
2021-05-28 09:57:45,1587.35,331506
2021-05-28 09:57:46,1587.1,331543
2021-05-28 09:57:48,1587.1,331543
2021-05-28 09:57:49,1587.1,331543
2021-05-28 09:57:49,1587.1,331558
2021-05-28 09:57:50,1587.95,331808
2021-05-28 09:57:51,1587.7,331809
2021-05-28 09:57:52,1587.45,331876
2021-05-28 09:57:54,1587.4,331886
2021-05-28 09:57:54,1587.4,331886
2021-05-28 09:57:55,1587.4,331913
2021-05-28 09:57:57,1588.65,332136
2021-05-28 09:57:57,1588.65,332136
2021-05-28 09:57:58,1587.55,332150
2021-05-28 09:57:59,1587.6,332155
2021-05-28 09:58:00,1587.6,332215
2021-05-28 09:58:01,1587.6,332281
2021-05-28 09:58:02,1587.65,332399
2021-05-28 09:58:03,1587.65,332399
2021-05-28 09:58:04,1587.65,332399
2021-05-28 09:58:05,1587.65,332430
2021-05-28 09:58:06,1587.65,332445
2021-05-28 09:58:08,1587.65,332445
2021-05-28 09:58:09,1587.65,332445
2021-05-28 09:58:10,1587.65,332445
2021-05-28 09:58:11,1587.6,332472
2021-05-28 09:58:12,1587.6,332481
2021-05-28 09:58:14,1588.0,332482
2021-05-28 09:58:15,1587.6,332491
2021-05-28 09:58:16,1587.65,332499
2021-05-28 09:58:17,1587.65,332499
2021-05-28 09:58:18,1587.7,333109
2021-05-28 09:58:19,1587.7,333119
2021-05-28 09:58:20,1587.7,333132
2021-05-28 09:58:21,1588.0,333161
2021-05-28 09:58:22,1587.65,333171
2021-05-28 09:58:23,1587.65,333210
2021-05-28 09:58:23,1587.65,333221
2021-05-28 09:58:24,1587.65,333221
2021-05-28 09:58:25,1587.65,333230
2021-05-28 09:58:27,1587.65,333230
2021-05-28 09:58:27,1587.65,333230
2021-05-28 09:58:28,1587.25,333251
2021-05-28 09:58:30,1587.95,333307
2021-05-28 09:58:30,1587.3,333314
2021-05-28 09:58:32,1587.3,333314
2021-05-28 09:58:33,1587.3,333314
2021-05-28 09:58:34,1587.3,333315
2021-05-28 09:58:35,1587.7,333330
2021-05-28 09:58:36,1587.45,333341
2021-05-28 09:58:37,1587.5,333348
2021-05-28 09:58:38,1587.5,333348
2021-05-28 09:58:39,1587.5,333348
2021-05-28 09:58:40,1587.7,333349
2021-05-28 09:58:40,1587.7,333352
2021-05-28 09:58:41,1587.7,333380
2021-05-28 09:58:42,1587.45,333642
2021-05-28 09:58:43,1587.15,333896
2021-05-28 09:58:44,1587.15,333896
2021-05-28 09:58:45,1587.1,333910
2021-05-28 09:58:46,1587.7,334001
2021-05-28 09:58:47,1587.7,334001
2021-05-28 09:58:49,1587.7,334001
2021-05-28 09:58:50,1587.25,334028
2021-05-28 09:58:51,1586.85,335231
2021-05-28 09:58:51,1586.85,335231
2021-05-28 09:58:53,1586.85,335231
2021-05-28 09:58:54,1586.85,335231
2021-05-28 09:58:55,1586.85,335231
2021-05-28 09:58:55,1587.5,335242
2021-05-28 09:58:56,1586.6,335244
2021-05-28 09:58:57,1586.6,335244
2021-05-28 09:58:58,1587.3,335261
2021-05-28 09:59:00,1587.3,335282
2021-05-28 09:59:01,1587.3,335306
2021-05-28 09:59:02,1586.85,335309
2021-05-28 09:59:03,1586.55,335314
2021-05-28 09:59:05,1586.55,335314
2021-05-28 09:59:06,1586.45,335333
2021-05-28 09:59:07,1586.45,335333
2021-05-28 09:59:08,1586.45,335333
2021-05-28 09:59:09,1586.45,335347
2021-05-28 09:59:11,1586.45,335347
2021-05-28 09:59:12,1586.45,335347
2021-05-28 09:59:13,1586.85,335454
2021-05-28 09:59:13,1586.35,335462
2021-05-28 09:59:14,1586.35,335476
2021-05-28 09:59:16,1586.4,335493
2021-05-28 09:59:17,1586.4,335493
2021-05-28 09:59:17,1586.4,335493
2021-05-28 09:59:18,1586.4,335502
2021-05-28 09:59:19,1586.3,335527
2021-05-28 09:59:21,1586.3,335537
2021-05-28 09:59:21,1586.1,335542
2021-05-28 09:59:22,1587.0,335632
2021-05-28 09:59:23,1587.0,335632
2021-05-28 09:59:24,1587.0,335632
2021-05-28 09:59:25,1587.0,335632
2021-05-28 09:59:27,1586.5,335672
2021-05-28 09:59:28,1586.5,335672
2021-05-28 09:59:29,1586.5,335679
2021-05-28 09:59:30,1586.5,335679
2021-05-28 09:59:31,1586.55,335685
2021-05-28 09:59:32,1586.55,335685
2021-05-28 09:59:33,1586.5,335745
2021-05-28 09:59:34,1586.5,335745
2021-05-28 09:59:35,1586.4,335840
2021-05-28 09:59:36,1586.45,335844
2021-05-28 09:59:36,1586.45,335883
2021-05-28 09:59:38,1586.45,335902
2021-05-28 09:59:39,1586.0,336017
2021-05-28 09:59:39,1586.0,336017
2021-05-28 09:59:40,1586.0,336022
2021-05-28 09:59:41,1586.5,336030
2021-05-28 09:59:42,1586.5,336030
2021-05-28 09:59:43,1586.0,336064
2021-05-28 09:59:45,1586.0,336064
2021-05-28 09:59:46,1585.65,336565
2021-05-28 09:59:47,1585.5,337110
2021-05-28 09:59:48,1585.5,337110
2021-05-28 09:59:49,1585.8,337165
2021-05-28 09:59:49,1585.55,337120
2021-05-28 09:59:50,1585.55,337178
2021-05-28 09:59:51,1585.55,337195
2021-05-28 09:59:52,1585.55,337195
2021-05-28 09:59:53,1585.5,337236
2021-05-28 09:59:55,1585.5,337241
2021-05-28 09:59:55,1585.5,337250
2021-05-28 09:59:56,1585.5,337250
2021-05-28 09:59:57,1586.0,337257
2021-05-28 09:59:59,1585.55,337267
2021-05-28 10:00:00,1585.55,337278
2021-05-28 10:00:00,1586.0,337297
2021-05-28 10:00:01,1586.0,337297
2021-05-28 10:00:02,1585.95,337361
2021-05-28 10:00:03,1585.5,337367
2021-05-28 10:00:04,1585.0,338768
2021-05-28 10:00:05,1585.55,338779
2021-05-28 10:00:06,1585.0,339063
2021-05-28 10:00:07,1585.0,339063
2021-05-28 10:00:08,1585.0,339063
2021-05-28 10:00:09,1586.0,339283
2021-05-28 10:00:10,1586.2,339391
2021-05-28 10:00:11,1585.1,339396
2021-05-28 10:00:12,1585.55,339497
2021-05-28 10:00:13,1585.0,339498
2021-05-28 10:00:15,1585.0,339498
2021-05-28 10:00:15,1585.0,339498
2021-05-28 10:00:16,1585.9,339516
2021-05-28 10:00:17,1585.9,339516
2021-05-28 10:00:18,1585.05,339531
2021-05-28 10:00:19,1585.0,339733
2021-05-28 10:00:20,1585.9,339805
2021-05-28 10:00:21,1585.9,339805
2021-05-28 10:00:22,1585.55,339806
2021-05-28 10:00:23,1585.0,339819
2021-05-28 10:00:25,1585.0,339829
2021-05-28 10:00:26,1586.1,340209
2021-05-28 10:00:27,1585.6,340218
2021-05-28 10:00:28,1586.3,340227
2021-05-28 10:00:29,1585.75,340237
2021-05-28 10:00:30,1586.3,340238
2021-05-28 10:00:31,1586.3,340238
2021-05-28 10:00:32,1586.6,340348
2021-05-28 10:00:32,1586.6,340348
2021-05-28 10:00:33,1585.95,340354
2021-05-28 10:00:34,1586.0,340361
2021-05-28 10:00:35,1585.9,340371
2021-05-28 10:00:36,1585.8,340571
2021-05-28 10:00:37,1585.8,340587
2021-05-28 10:00:38,1585.8,340587
2021-05-28 10:00:39,1585.8,340614
2021-05-28 10:00:41,1586.45,340627
2021-05-28 10:00:42,1586.45,340657
2021-05-28 10:00:43,1586.45,340664
2021-05-28 10:00:44,1585.8,340684
2021-05-28 10:00:45,1585.8,340694
2021-05-28 10:00:46,1585.55,340715
2021-05-28 10:00:47,1585.5,340728
2021-05-28 10:00:47,1585.5,340762
2021-05-28 10:00:48,1585.5,340796
2021-05-28 10:00:49,1585.8,340865
2021-05-28 10:00:50,1585.5,340888
2021-05-28 10:00:51,1585.5,340899
2021-05-28 10:00:53,1585.8,340929
2021-05-28 10:00:54,1585.5,341009
2021-05-28 10:00:54,1585.5,341417
2021-05-28 10:00:55,1585.5,341436
2021-05-28 10:00:57,1585.6,341675
2021-05-28 10:00:57,1585.6,341689
2021-05-28 10:00:58,1585.6,341714
2021-05-28 10:00:59,1585.6,341720
2021-05-28 10:01:00,1585.1,341774
2021-05-28 10:01:01,1585.1,341786
2021-05-28 10:01:03,1585.6,341847
2021-05-28 10:01:04,1585.6,341847
2021-05-28 10:01:05,1585.0,341888
2021-05-28 10:01:06,1585.0,341901
2021-05-28 10:01:06,1585.0,341901
2021-05-28 10:01:07,1585.5,341915
2021-05-28 10:01:08,1585.0,341946
2021-05-28 10:01:09,1585.0,341984
2021-05-28 10:01:10,1585.0,342095
2021-05-28 10:01:12,1585.0,342141
2021-05-28 10:01:13,1585.85,342260
2021-05-28 10:01:13,1585.85,342260
2021-05-28 10:01:14,1585.05,342273
2021-05-28 10:01:16,1585.1,342332
2021-05-28 10:01:17,1585.1,342332
2021-05-28 10:01:18,1585.85,342342
2021-05-28 10:01:18,1585.1,342346
2021-05-28 10:01:20,1585.05,342398
2021-05-28 10:01:21,1585.0,342436
2021-05-28 10:01:22,1585.0,342584
2021-05-28 10:01:22,1585.0,342584
2021-05-28 10:01:23,1585.9,342595
2021-05-28 10:01:24,1585.0,342628
2021-05-28 10:01:25,1585.0,342640
2021-05-28 10:01:26,1585.0,342646
2021-05-28 10:01:27,1585.05,342659
2021-05-28 10:01:28,1585.8,342669
2021-05-28 10:01:29,1585.05,342698
2021-05-28 10:01:33,1585.8,342743
2021-05-28 10:01:33,1585.05,342807
2021-05-28 10:01:34,1585.05,342807
2021-05-28 10:01:35,1585.05,342816
2021-05-28 10:01:37,1585.1,342820
2021-05-28 10:01:38,1585.1,342834
2021-05-28 10:01:39,1585.05,342916
2021-05-28 10:01:40,1585.05,343433
2021-05-28 10:01:41,1585.05,343439
2021-05-28 10:01:42,1585.05,343619
2021-05-28 10:01:43,1585.05,343619
2021-05-28 10:01:44,1585.85,343634
2021-05-28 10:01:45,1585.05,343694
2021-05-28 10:01:47,1585.1,343783
2021-05-28 10:01:48,1585.45,344520
2021-05-28 10:01:49,1585.45,344520
2021-05-28 10:01:49,1585.45,344527
2021-05-28 10:01:51,1585.45,344527
2021-05-28 10:01:52,1585.5,344732
2021-05-28 10:01:52,1585.5,344732
2021-05-28 10:01:53,1586.45,344939
2021-05-28 10:01:54,1586.45,344939
2021-05-28 10:01:55,1585.55,344976
2021-05-28 10:01:56,1586.45,344978
2021-05-28 10:01:57,1586.45,344978
2021-05-28 10:01:59,1585.65,344985
2021-05-28 10:01:59,1585.65,344985
2021-05-28 10:02:00,1585.05,346022
2021-05-28 10:02:01,1585.05,347241
2021-05-28 10:02:02,1584.15,349440
2021-05-28 10:02:03,1584.8,349888
2021-05-28 10:02:04,1584.55,350062
2021-05-28 10:02:07,1585.45,350230
2021-05-28 10:02:08,1585.05,350233
2021-05-28 10:02:09,1584.55,350287
2021-05-28 10:02:10,1584.65,350299
2021-05-28 10:02:11,1585.0,350399
2021-05-28 10:02:11,1585.0,350399
2021-05-28 10:02:12,1584.65,350407
2021-05-28 10:02:13,1584.55,350532
2021-05-28 10:02:14,1585.85,350968
2021-05-28 10:02:15,1585.05,350979
2021-05-28 10:02:17,1585.1,351015
2021-05-28 10:02:19,1585.1,351015
2021-05-28 10:02:19,1585.05,351080
2021-05-28 10:02:20,1585.05,351180
2021-05-28 10:02:21,1585.05,351198
2021-05-28 10:02:22,1585.05,351213
2021-05-28 10:02:23,1585.5,351221
2021-05-28 10:02:24,1585.0,351235
2021-05-28 10:02:26,1584.65,351387
2021-05-28 10:02:26,1585.45,351418
2021-05-28 10:02:27,1585.0,351430
2021-05-28 10:02:28,1585.0,351430
2021-05-28 10:02:29,1585.0,351430
2021-05-28 10:02:31,1585.0,351444
2021-05-28 10:02:32,1585.3,351569
2021-05-28 10:02:33,1585.0,351742
2021-05-28 10:02:33,1585.5,351724
2021-05-28 10:02:34,1585.0,351748
2021-05-28 10:02:35,1585.0,351765
2021-05-28 10:02:39,1585.05,351771
2021-05-28 10:02:43,1585.0,351877
2021-05-28 10:02:47,1585.35,352229
2021-05-28 10:02:51,1585.35,352229
2021-05-28 10:02:56,1585.45,352483
2021-05-28 10:03:00,1585.1,352540
2021-05-28 10:03:05,1585.35,352545
2021-05-28 10:03:10,1585.4,352546
2021-05-28 10:03:14,1585.4,352703
2021-05-28 10:03:27,1585.1,352951
2021-05-28 10:03:31,1585.0,353021
2021-05-28 10:03:36,1585.05,353062
2021-05-28 10:03:44,1585.0,353580
2021-05-28 10:03:49,1584.3,353588
2021-05-28 10:03:53,1584.3,353764
2021-05-28 10:03:57,1584.25,354165
2021-05-28 10:04:01,1584.7,354394
2021-05-28 10:04:06,1584.5,354908
2021-05-28 10:04:09,1584.0,355036
2021-05-28 10:04:13,1584.85,355616
2021-05-28 10:04:18,1584.75,355722
2021-05-28 10:04:22,1584.7,355731
2021-05-28 10:04:25,1584.0,355828
2021-05-28 10:04:30,1584.7,356424
2021-05-28 10:04:34,1584.7,356442
2021-05-28 10:04:38,1584.15,356472
2021-05-28 10:04:43,1584.2,356571
2021-05-28 10:04:47,1584.2,356639
2021-05-28 10:04:51,1584.2,356791
2021-05-28 10:04:55,1584.15,357057
2021-05-28 10:04:59,1584.7,357445
2021-05-28 10:05:03,1584.2,357529
2021-05-28 10:05:08,1584.0,358094
2021-05-28 10:05:12,1583.75,360607
2021-05-28 10:05:16,1583.05,360954
2021-05-28 10:05:20,1583.0,361191
2021-05-28 10:05:25,1583.5,362761
2021-05-28 10:05:29,1583.55,363936
2021-05-28 10:05:34,1583.55,364342
2021-05-28 10:05:39,1584.1,365402
2021-05-28 10:05:43,1583.0,365561
2021-05-28 10:05:47,1583.0,365774
2021-05-28 10:05:51,1583.0,365862
2021-05-28 10:05:55,1583.0,365882
2021-05-28 10:06:00,1583.45,366369
2021-05-28 10:06:04,1583.0,368395
2021-05-28 10:06:08,1583.0,369878
2021-05-28 10:06:13,1582.55,371086
2021-05-28 10:06:17,1582.45,371584
2021-05-28 10:06:22,1582.85,371774
2021-05-28 10:06:26,1582.3,372195
2021-05-28 10:06:31,1582.75,372748
2021-05-28 10:06:35,1582.45,374464
2021-05-28 10:06:39,1581.15,375244
2021-05-28 10:06:43,1581.0,376486
2021-05-28 10:06:47,1581.3,377012
2021-05-28 10:06:52,1581.1,377149
2021-05-28 10:06:56,1581.0,377529
2021-05-28 10:07:01,1581.05,377942
2021-05-28 10:07:05,1581.5,379160
2021-05-28 10:07:09,1580.7,379331
2021-05-28 10:07:13,1580.5,379759
2021-05-28 10:07:17,1581.5,381479
2021-05-28 10:07:21,1580.8,382504
2021-05-28 10:07:25,1580.75,382745
2021-05-28 10:07:29,1580.65,383335
2021-05-28 10:07:33,1580.8,384875
2021-05-28 10:07:36,1580.8,385156
2021-05-28 10:07:37,1580.65,385316
2021-05-28 10:07:37,1580.65,385319
2021-05-28 10:07:38,1580.4,385325
2021-05-28 10:07:39,1580.75,386425
2021-05-28 10:07:40,1580.45,386925
2021-05-28 10:07:42,1580.45,386925
2021-05-28 10:07:43,1580.4,387274
2021-05-28 10:07:44,1581.2,387299
2021-05-28 10:07:45,1580.65,387313
2021-05-28 10:07:46,1580.65,387496
2021-05-28 10:07:47,1580.4,387503
2021-05-28 10:07:48,1580.4,387627
2021-05-28 10:07:49,1580.4,387633
2021-05-28 10:07:49,1580.4,387633
2021-05-28 10:07:50,1580.6,387653
2021-05-28 10:07:51,1580.65,387738
2021-05-28 10:07:52,1580.05,387789
2021-05-28 10:07:53,1580.6,387816
2021-05-28 10:07:54,1580.6,387816
2021-05-28 10:07:55,1580.05,387863
2021-05-28 10:07:57,1580.0,387906
2021-05-28 10:07:58,1580.0,387931
2021-05-28 10:07:59,1580.55,387984
2021-05-28 10:08:00,1580.0,388066
2021-05-28 10:08:00,1580.0,388066
2021-05-28 10:08:01,1580.0,388095
2021-05-28 10:08:02,1580.0,388103
2021-05-28 10:08:03,1580.0,388169
2021-05-28 10:08:05,1580.0,388179
2021-05-28 10:08:06,1580.0,388982
2021-05-28 10:08:07,1579.8,389164
2021-05-28 10:08:08,1579.25,389791
2021-05-28 10:08:09,1579.05,390090
2021-05-28 10:08:09,1579.1,390128
2021-05-28 10:08:10,1579.05,390236
2021-05-28 10:08:11,1578.45,390806
2021-05-28 10:08:12,1577.8,391510
2021-05-28 10:08:14,1577.5,391671
2021-05-28 10:08:15,1577.7,392702
2021-05-28 10:08:16,1577.7,392702
2021-05-28 10:08:17,1577.65,392796
2021-05-28 10:08:18,1577.7,392811
2021-05-28 10:08:19,1578.3,392859
2021-05-28 10:08:20,1578.3,392870
2021-05-28 10:08:20,1577.7,392879
2021-05-28 10:08:21,1578.5,393322
2021-05-28 10:08:22,1577.9,393545
2021-05-28 10:08:24,1578.0,393565
2021-05-28 10:08:25,1578.9,393705
2021-05-28 10:08:26,1577.95,393946
2021-05-28 10:08:27,1578.85,394134
2021-05-28 10:08:28,1578.85,394134
2021-05-28 10:08:29,1577.7,394545
2021-05-28 10:08:29,1577.85,394370
2021-05-28 10:08:30,1577.05,394571
2021-05-28 10:08:31,1577.05,394571
2021-05-28 10:08:32,1577.15,394598
2021-05-28 10:08:33,1578.1,394698
2021-05-28 10:08:35,1578.1,394698
2021-05-28 10:08:36,1577.5,394718
2021-05-28 10:08:37,1577.1,395027
2021-05-28 10:08:38,1577.1,395027
2021-05-28 10:08:39,1577.0,395158
2021-05-28 10:08:39,1577.0,395158
2021-05-28 10:08:41,1577.0,395372
2021-05-28 10:08:42,1577.0,395384
2021-05-28 10:08:43,1577.95,395530
2021-05-28 10:08:44,1577.0,395549
2021-05-28 10:08:45,1577.1,395635
2021-05-28 10:08:46,1576.4,397308
2021-05-28 10:08:47,1575.8,397334
2021-05-28 10:08:48,1575.5,397471
2021-05-28 10:08:49,1575.7,397667
2021-05-28 10:08:49,1576.55,397977
2021-05-28 10:08:50,1575.6,398082
2021-05-28 10:08:52,1575.65,398814
2021-05-28 10:08:54,1576.0,399061
2021-05-28 10:08:55,1576.2,399104
2021-05-28 10:08:56,1576.15,399120
2021-05-28 10:08:57,1576.7,399122
2021-05-28 10:08:58,1576.7,399132
2021-05-28 10:08:59,1577.15,399249
2021-05-28 10:09:00,1576.25,399483
2021-05-28 10:09:01,1576.95,399510
2021-05-28 10:09:02,1576.35,399560
2021-05-28 10:09:03,1576.35,399577
2021-05-28 10:09:03,1576.3,399583
2021-05-28 10:09:04,1576.45,399589
2021-05-28 10:09:05,1576.45,399612
2021-05-28 10:09:06,1576.45,399622
2021-05-28 10:09:08,1576.1,399937
2021-05-28 10:09:09,1576.85,400039
2021-05-28 10:09:10,1576.85,400039
2021-05-28 10:09:11,1576.65,400050
2021-05-28 10:09:12,1576.0,400069
2021-05-28 10:09:13,1576.05,400075
2021-05-28 10:09:14,1576.85,400080
2021-05-28 10:09:14,1576.0,400360
2021-05-28 10:09:15,1576.85,400410
2021-05-28 10:09:16,1576.85,400477
2021-05-28 10:09:17,1575.85,400880
2021-05-28 10:09:18,1575.85,400934
2021-05-28 10:09:19,1575.85,400934
2021-05-28 10:09:20,1575.8,400967
2021-05-28 10:09:21,1576.0,400972
2021-05-28 10:09:23,1575.8,401000
2021-05-28 10:09:24,1576.05,401020
2021-05-28 10:09:25,1576.75,401027
2021-05-28 10:09:26,1576.0,401113
2021-05-28 10:09:27,1576.0,401163
2021-05-28 10:09:27,1576.0,401170
2021-05-28 10:09:28,1576.0,401511
2021-05-28 10:09:29,1576.0,401913
2021-05-28 10:09:30,1576.75,402895
2021-05-28 10:09:31,1576.75,402940
2021-05-28 10:09:32,1576.75,402940
2021-05-28 10:09:34,1577.35,403526
2021-05-28 10:09:35,1577.35,403526
2021-05-28 10:09:36,1577.35,403577
2021-05-28 10:09:37,1577.0,403737
2021-05-28 10:09:38,1577.85,404049
2021-05-28 10:09:39,1577.35,404546
2021-05-28 10:09:39,1578.0,404866
2021-05-28 10:09:41,1576.85,404956
2021-05-28 10:09:42,1576.75,405763
2021-05-28 10:09:43,1577.35,406073
2021-05-28 10:09:44,1576.3,406245
2021-05-28 10:09:45,1576.05,406251
2021-05-28 10:09:46,1577.15,406522
2021-05-28 10:09:47,1577.15,406522
2021-05-28 10:09:48,1577.15,406532
2021-05-28 10:09:49,1576.6,406538
2021-05-28 10:09:50,1578.0,406576
2021-05-28 10:09:50,1578.0,406580
2021-05-28 10:09:51,1577.15,406600
2021-05-28 10:09:52,1577.1,406661
2021-05-28 10:09:53,1578.25,406881
2021-05-28 10:09:54,1578.25,406881
2021-05-28 10:09:55,1578.2,406887
2021-05-28 10:09:56,1578.2,406947
2021-05-28 10:09:58,1577.65,407019
2021-05-28 10:09:58,1577.7,407024
2021-05-28 10:10:00,1578.5,407029
2021-05-28 10:10:01,1577.75,407047
2021-05-28 10:10:02,1579.1,407511
2021-05-28 10:10:03,1578.2,407515
2021-05-28 10:10:04,1577.4,407533
2021-05-28 10:10:05,1577.35,408040
2021-05-28 10:10:06,1577.4,408055
2021-05-28 10:10:07,1577.35,408183
2021-05-28 10:10:08,1577.15,408242
2021-05-28 10:10:09,1577.15,408243
2021-05-28 10:10:10,1577.0,408673
2021-05-28 10:10:11,1577.0,408673
2021-05-28 10:10:12,1577.0,408694
2021-05-28 10:10:13,1577.8,408699
2021-05-28 10:10:14,1577.0,408779
2021-05-28 10:10:14,1577.0,408779
2021-05-28 10:10:15,1577.05,409103
2021-05-28 10:10:16,1578.15,409266
2021-05-28 10:10:17,1577.1,409369
2021-05-28 10:10:18,1577.2,409624
2021-05-28 10:10:19,1578.3,409654
2021-05-28 10:10:20,1578.35,409692
2021-05-28 10:10:21,1578.35,409692
2021-05-28 10:10:22,1578.35,409692
2021-05-28 10:10:24,1578.35,409692
2021-05-28 10:10:25,1578.45,409732
2021-05-28 10:10:26,1578.2,409834
2021-05-28 10:10:27,1578.8,410034
2021-05-28 10:10:28,1578.8,410034
2021-05-28 10:10:29,1578.9,410309
2021-05-28 10:10:30,1578.2,410407
2021-05-28 10:10:31,1578.15,410476
2021-05-28 10:10:32,1578.15,410651
2021-05-28 10:10:33,1578.5,410997
2021-05-28 10:10:34,1578.5,410997
2021-05-28 10:10:35,1577.6,411046
2021-05-28 10:10:36,1578.45,411048
2021-05-28 10:10:37,1578.45,411048
2021-05-28 10:10:38,1578.5,411158
2021-05-28 10:10:39,1578.0,411189
2021-05-28 10:10:40,1578.5,411413
2021-05-28 10:10:41,1578.5,411796
2021-05-28 10:10:42,1578.5,411796
2021-05-28 10:10:43,1578.0,411876
2021-05-28 10:10:44,1578.65,412112
2021-05-28 10:10:45,1578.0,412143
2021-05-28 10:10:46,1578.0,412143
2021-05-28 10:10:47,1578.0,412143
2021-05-28 10:10:48,1578.0,412143
2021-05-28 10:10:49,1578.5,412263
2021-05-28 10:10:50,1577.5,412419
2021-05-28 10:10:51,1577.5,412419
2021-05-28 10:10:52,1577.5,412431
2021-05-28 10:10:53,1577.5,412585
2021-05-28 10:10:54,1577.25,412591
2021-05-28 10:10:55,1578.05,412864
2021-05-28 10:10:55,1578.05,412864
2021-05-28 10:10:56,1578.0,412901
2021-05-28 10:10:57,1578.15,412941
2021-05-28 10:10:58,1577.5,412970
2021-05-28 10:10:59,1578.3,412985
2021-05-28 10:11:00,1578.3,412999
2021-05-28 10:11:01,1578.55,413512
2021-05-28 10:11:03,1577.5,413632
2021-05-28 10:11:04,1577.25,413895
2021-05-28 10:11:05,1577.2,413916
2021-05-28 10:11:06,1577.2,413966
2021-05-28 10:11:07,1578.05,413968
2021-05-28 10:11:08,1577.25,413969
2021-05-28 10:11:09,1577.25,413974
2021-05-28 10:11:10,1577.2,413980
2021-05-28 10:11:11,1577.8,414045
2021-05-28 10:11:12,1577.2,414095
2021-05-28 10:11:13,1577.1,414101
2021-05-28 10:11:13,1577.1,414101
2021-05-28 10:11:14,1577.0,414168
2021-05-28 10:11:15,1577.8,414193
2021-05-28 10:11:16,1577.0,414234
2021-05-28 10:11:17,1577.0,414234
2021-05-28 10:11:18,1577.8,414244
2021-05-28 10:11:19,1577.9,414344
2021-05-28 10:11:20,1577.0,414441
2021-05-28 10:11:22,1577.1,414460
2021-05-28 10:11:22,1577.1,414470
2021-05-28 10:11:23,1577.1,414470
2021-05-28 10:11:24,1577.85,414576
2021-05-28 10:11:25,1577.1,414670
2021-05-28 10:11:26,1577.0,414951
2021-05-28 10:11:28,1577.85,414953
2021-05-28 10:11:29,1577.0,414970
2021-05-28 10:11:30,1577.0,414970
2021-05-28 10:11:31,1577.75,414971
2021-05-28 10:11:32,1577.0,414978
2021-05-28 10:11:32,1577.75,414988
2021-05-28 10:11:33,1577.0,414992
2021-05-28 10:11:34,1577.75,415007
2021-05-28 10:11:35,1577.0,415017
2021-05-28 10:11:36,1577.05,415023
2021-05-28 10:11:37,1577.05,415030
2021-05-28 10:11:39,1577.05,415035
2021-05-28 10:11:40,1577.0,415058
2021-05-28 10:11:41,1577.85,415080
2021-05-28 10:11:42,1577.45,415081
2021-05-28 10:11:43,1577.15,415171
2021-05-28 10:11:44,1577.05,415182
2021-05-28 10:11:45,1577.95,415288
2021-05-28 10:11:47,1577.15,415313
2021-05-28 10:11:48,1577.95,415460
2021-05-28 10:11:49,1576.7,415885
2021-05-28 10:11:50,1577.0,415894
2021-05-28 10:11:51,1576.5,415976
2021-05-28 10:11:51,1576.1,416076
2021-05-28 10:11:53,1577.0,416763
2021-05-28 10:11:54,1576.25,416818
2021-05-28 10:11:55,1576.1,416853
2021-05-28 10:11:56,1576.0,417271
2021-05-28 10:11:57,1576.0,417271
2021-05-28 10:11:58,1576.1,417867
2021-05-28 10:11:58,1575.85,417922
2021-05-28 10:11:59,1575.8,417937
2021-05-28 10:12:00,1575.5,418212
2021-05-28 10:12:02,1575.5,418303
2021-05-28 10:12:03,1575.5,418659
2021-05-28 10:12:04,1575.0,419350
2021-05-28 10:12:05,1575.05,419473
2021-05-28 10:12:06,1575.0,419486
2021-05-28 10:12:07,1575.0,419816
2021-05-28 10:12:08,1575.0,420257
2021-05-28 10:12:09,1575.0,420351
2021-05-28 10:12:10,1575.05,420353
2021-05-28 10:12:11,1575.95,421204
2021-05-28 10:12:12,1574.35,425476
2021-05-28 10:12:12,1574.35,425302
2021-05-28 10:12:13,1574.05,425570
2021-05-28 10:12:14,1574.05,425956
2021-05-28 10:12:15,1574.0,426761
2021-05-28 10:12:17,1573.55,427017
2021-05-28 10:12:18,1573.5,427528
2021-05-28 10:12:19,1573.1,427883
2021-05-28 10:12:20,1573.1,428137
2021-05-28 10:12:21,1573.1,428353
2021-05-28 10:12:22,1574.7,429478
2021-05-28 10:12:23,1573.8,429565
2021-05-28 10:12:24,1573.8,429595
2021-05-28 10:12:24,1573.8,429595
2021-05-28 10:12:25,1573.8,429614
2021-05-28 10:12:26,1574.0,429621
2021-05-28 10:12:27,1575.0,429671
2021-05-28 10:12:28,1575.0,429675
2021-05-28 10:12:29,1574.4,430230
2021-05-28 10:12:31,1574.4,430287
2021-05-28 10:12:32,1574.4,430305
2021-05-28 10:12:33,1575.25,430370
2021-05-28 10:12:34,1575.25,430370
2021-05-28 10:12:35,1575.15,430385
2021-05-28 10:12:35,1575.15,430385
2021-05-28 10:12:37,1574.65,430498
2021-05-28 10:12:37,1575.5,430567
2021-05-28 10:12:38,1575.5,430567
2021-05-28 10:12:40,1574.65,430604
2021-05-28 10:12:41,1574.5,430661
2021-05-28 10:12:42,1574.95,430694
2021-05-28 10:12:43,1575.25,430910
2021-05-28 10:12:44,1575.0,431165
2021-05-28 10:12:45,1575.35,431463
2021-05-28 10:12:46,1575.45,431513
2021-05-28 10:12:46,1575.45,431513
2021-05-28 10:12:47,1574.65,431698
2021-05-28 10:12:49,1576.0,432996
2021-05-28 10:12:50,1575.7,433002
2021-05-28 10:12:51,1575.7,433002
2021-05-28 10:12:51,1575.7,433002
2021-05-28 10:12:52,1576.05,433059
2021-05-28 10:12:54,1576.05,433089
2021-05-28 10:12:55,1576.05,433095
2021-05-28 10:12:56,1575.8,433395
2021-05-28 10:12:57,1575.8,433395
