timestamp,ltp,volume
2021-04-29 09:29:43,2514.4,148268
2021-04-29 09:29:43,2514.4,148268
2021-04-29 09:29:45,2514.4,148296
2021-04-29 09:29:46,2514.7,148410
2021-04-29 09:29:47,2514.7,148420
2021-04-29 09:29:48,2514.7,148440
2021-04-29 09:29:49,2514.9,148495
2021-04-29 09:29:50,2514.7,148602
2021-04-29 09:29:51,2514.4,148748
2021-04-29 09:29:52,2516.8,149754
2021-04-29 09:29:53,2514.85,149760
2021-04-29 09:29:54,2516.7,149872
2021-04-29 09:29:55,2516.0,149873
2021-04-29 09:29:56,2515.15,149913
2021-04-29 09:29:57,2515.3,150064
2021-04-29 09:29:58,2518.8,151333
2021-04-29 09:29:59,2519.0,151406
2021-04-29 09:30:00,2519.0,151493
2021-04-29 09:30:01,2518.8,151793
2021-04-29 09:30:02,2518.8,151793
2021-04-29 09:30:04,2518.5,151913
2021-04-29 09:30:05,2518.0,152516
2021-04-29 09:30:06,2518.05,152532
2021-04-29 09:30:07,2518.8,152605
2021-04-29 09:30:08,2518.8,152623
2021-04-29 09:30:09,2518.05,152950
2021-04-29 09:30:10,2518.8,153012
2021-04-29 09:30:11,2519.0,153033
2021-04-29 09:30:12,2518.0,153114
2021-04-29 09:30:14,2517.9,153300
2021-04-29 09:30:15,2517.8,153438
2021-04-29 09:30:16,2518.8,153541
2021-04-29 09:30:17,2520.0,154514
2021-04-29 09:30:18,2520.0,154525
2021-04-29 09:30:19,2520.0,154537
2021-04-29 09:30:20,2520.0,154555
2021-04-29 09:30:21,2520.0,155306
2021-04-29 09:30:22,2521.1,155411
2021-04-29 09:30:22,2520.9,155431
2021-04-29 09:30:23,2520.0,155614
2021-04-29 09:30:24,2520.0,155635
2021-04-29 09:30:27,2518.2,155990
2021-04-29 09:30:28,2518.3,156134
2021-04-29 09:30:29,2518.25,156156
2021-04-29 09:30:29,2517.0,156444
2021-04-29 09:30:30,2515.65,156481
2021-04-29 09:30:31,2515.35,156775
2021-04-29 09:30:32,2515.75,157101
2021-04-29 09:30:33,2515.1,157239
2021-04-29 09:30:35,2515.1,157440
2021-04-29 09:30:36,2515.15,157485
2021-04-29 09:30:37,2515.9,157613
2021-04-29 09:30:38,2515.85,157634
2021-04-29 09:30:39,2516.15,157782
2021-04-29 09:30:40,2516.1,157806
2021-04-29 09:30:41,2516.35,157817
2021-04-29 09:30:42,2516.35,158561
2021-04-29 09:30:43,2516.35,158568
2021-04-29 09:30:44,2516.8,158731
2021-04-29 09:30:45,2519.0,158953
2021-04-29 09:30:46,2518.85,158973
2021-04-29 09:30:47,2518.65,159071
2021-04-29 09:30:47,2518.65,159071
2021-04-29 09:30:48,2518.65,159094
2021-04-29 09:30:49,2518.35,159152
2021-04-29 09:30:50,2520.35,160616
2021-04-29 09:30:51,2519.25,160713
2021-04-29 09:30:52,2520.0,160751
2021-04-29 09:30:53,2520.0,160768
2021-04-29 09:30:55,2520.3,160846
2021-04-29 09:30:56,2520.35,160887
2021-04-29 09:30:57,2519.75,161216
2021-04-29 09:30:58,2519.75,161246
2021-04-29 09:30:59,2519.75,161257
2021-04-29 09:31:00,2519.25,161532
2021-04-29 09:31:01,2519.25,161540
2021-04-29 09:31:02,2519.25,161560
2021-04-29 09:31:03,2519.0,162300
2021-04-29 09:31:03,2519.0,162299
2021-04-29 09:31:05,2519.0,162396
2021-04-29 09:31:06,2519.0,162555
2021-04-29 09:31:07,2519.7,162721
2021-04-29 09:31:08,2518.6,163044
2021-04-29 09:31:08,2518.6,163047
2021-04-29 09:31:09,2518.8,163081
2021-04-29 09:31:11,2518.75,163100
2021-04-29 09:31:12,2518.75,163120
2021-04-29 09:31:13,2518.65,163130
2021-04-29 09:31:14,2518.7,163198
2021-04-29 09:31:14,2518.7,163201
2021-04-29 09:31:17,2518.6,163244
2021-04-29 09:31:18,2518.0,163275
2021-04-29 09:31:20,2518.7,163320
2021-04-29 09:31:21,2518.7,163331
2021-04-29 09:31:22,2518.7,163337
2021-04-29 09:31:23,2517.25,163601
2021-04-29 09:31:24,2515.9,163907
2021-04-29 09:31:25,2517.2,164073
2021-04-29 09:31:26,2517.25,164083
2021-04-29 09:31:27,2517.6,164124
2021-04-29 09:31:29,2518.1,164176
2021-04-29 09:31:30,2515.0,166223
2021-04-29 09:31:31,2515.7,166407
2021-04-29 09:31:32,2515.6,166417
2021-04-29 09:31:33,2516.2,166486
2021-04-29 09:31:33,2516.2,166486
2021-04-29 09:31:35,2514.45,166488
2021-04-29 09:31:36,2515.55,166552
2021-04-29 09:31:37,2516.15,166574
2021-04-29 09:31:38,2515.0,166809
2021-04-29 09:31:39,2514.95,166816
2021-04-29 09:31:40,2514.95,166816
2021-04-29 09:31:41,2514.95,166986
2021-04-29 09:31:42,2513.8,167098
2021-04-29 09:31:43,2514.45,167117
2021-04-29 09:31:44,2512.2,167897
2021-04-29 09:31:45,2512.2,167905
2021-04-29 09:31:46,2512.25,167933
2021-04-29 09:31:47,2512.25,167933
2021-04-29 09:31:48,2514.0,167985
2021-04-29 09:31:49,2514.0,167985
2021-04-29 09:31:50,2513.9,168161
2021-04-29 09:31:51,2513.9,168161
2021-04-29 09:31:51,2513.9,168161
2021-04-29 09:31:52,2513.9,168317
2021-04-29 09:31:53,2513.85,168321
2021-04-29 09:31:54,2513.85,168321
2021-04-29 09:31:56,2513.8,168325
2021-04-29 09:31:57,2512.0,169024
2021-04-29 09:31:58,2512.15,169067
2021-04-29 09:31:59,2512.15,169209
2021-04-29 09:32:00,2513.3,169215
2021-04-29 09:32:01,2512.0,169596
2021-04-29 09:32:02,2513.35,169614
2021-04-29 09:32:03,2513.35,169614
2021-04-29 09:32:04,2513.35,169614
2021-04-29 09:32:05,2513.35,169614
2021-04-29 09:32:05,2513.4,169615
2021-04-29 09:32:07,2510.05,171249
2021-04-29 09:32:08,2511.6,171366
2021-04-29 09:32:09,2511.65,171375
2021-04-29 09:32:10,2511.65,171375
2021-04-29 09:32:11,2512.0,171377
2021-04-29 09:32:12,2512.0,171380
2021-04-29 09:32:13,2512.2,171396
2021-04-29 09:32:14,2512.2,171396
2021-04-29 09:32:15,2511.9,171397
2021-04-29 09:32:16,2511.9,171399
2021-04-29 09:32:17,2512.1,171474
2021-04-29 09:32:18,2512.2,171487
2021-04-29 09:32:19,2512.2,171487
2021-04-29 09:32:20,2513.0,171530
2021-04-29 09:32:21,2513.0,171530
2021-04-29 09:32:23,2512.6,171634
2021-04-29 09:32:24,2512.75,171636
2021-04-29 09:32:25,2513.7,171716
2021-04-29 09:32:26,2512.8,171723
2021-04-29 09:32:27,2512.75,171988
2021-04-29 09:32:28,2512.75,171988
2021-04-29 09:32:29,2512.2,172084
2021-04-29 09:32:30,2512.2,172087
2021-04-29 09:32:31,2512.2,172087
2021-04-29 09:32:32,2512.2,172094
2021-04-29 09:32:33,2512.2,172094
2021-04-29 09:32:34,2512.9,172170
2021-04-29 09:32:35,2512.1,172180
2021-04-29 09:32:36,2513.05,172182
2021-04-29 09:32:37,2512.45,172192
2021-04-29 09:32:38,2512.45,172192
2021-04-29 09:32:39,2512.45,172195
2021-04-29 09:32:40,2512.45,172195
2021-04-29 09:32:41,2512.45,172195
2021-04-29 09:32:42,2513.5,172197
2021-04-29 09:32:43,2513.45,172247
2021-04-29 09:32:44,2510.8,172797
2021-04-29 09:32:45,2512.0,172861
2021-04-29 09:32:46,2512.0,172865
2021-04-29 09:32:47,2510.8,172965
2021-04-29 09:32:48,2511.0,173222
2021-04-29 09:32:49,2512.0,173233
2021-04-29 09:32:50,2511.95,173377
2021-04-29 09:32:51,2511.0,173387
2021-04-29 09:32:54,2512.0,173494
2021-04-29 09:32:55,2511.2,173499
2021-04-29 09:32:57,2511.1,173744
2021-04-29 09:32:58,2510.35,174277
2021-04-29 09:33:00,2511.15,174378
2021-04-29 09:32:59,2510.4,174347
2021-04-29 09:33:01,2511.8,174483
2021-04-29 09:33:02,2511.15,174491
2021-04-29 09:33:03,2511.0,174535
2021-04-29 09:33:04,2511.1,174547
2021-04-29 09:33:05,2511.15,175032
2021-04-29 09:33:07,2510.2,175134
2021-04-29 09:33:06,2510.0,175133
2021-04-29 09:33:08,2510.0,175674
2021-04-29 09:33:09,2511.0,175723
2021-04-29 09:33:10,2510.0,175824
2021-04-29 09:33:11,2510.0,176178
2021-04-29 09:33:12,2510.35,176360
2021-04-29 09:33:13,2510.0,176505
2021-04-29 09:33:14,2510.0,176513
2021-04-29 09:33:15,2510.0,176563
2021-04-29 09:33:16,2511.0,176646
2021-04-29 09:33:17,2511.0,176646
2021-04-29 09:33:18,2511.55,176957
2021-04-29 09:33:20,2511.0,176989
2021-04-29 09:33:19,2511.0,176983
2021-04-29 09:33:21,2510.0,177089
2021-04-29 09:33:22,2508.1,177663
2021-04-29 09:33:23,2509.1,177725
2021-04-29 09:33:24,2509.15,177770
2021-04-29 09:33:25,2508.85,177899
2021-04-29 09:33:26,2508.65,178031
2021-04-29 09:33:27,2508.3,178233
2021-04-29 09:33:28,2509.05,178236
2021-04-29 09:33:29,2508.15,178316
2021-04-29 09:33:30,2508.1,178346
2021-04-29 09:33:31,2508.0,178457
2021-04-29 09:33:32,2508.0,178691
2021-04-29 09:33:33,2508.0,178693
2021-04-29 09:33:34,2508.0,178747
2021-04-29 09:33:35,2508.0,178748
2021-04-29 09:33:36,2507.4,178873
2021-04-29 09:33:37,2508.0,178925
2021-04-29 09:33:38,2507.4,178928
2021-04-29 09:33:39,2508.4,178976
2021-04-29 09:33:40,2507.35,179110
2021-04-29 09:33:41,2509.25,179670
2021-04-29 09:33:42,2508.0,179721
2021-04-29 09:33:43,2508.0,179737
2021-04-29 09:33:44,2509.0,179794
2021-04-29 09:33:45,2508.1,179932
2021-04-29 09:33:46,2508.1,179942
2021-04-29 09:33:47,2508.1,180126
2021-04-29 09:33:48,2509.15,180435
2021-04-29 09:33:49,2509.3,180455
2021-04-29 09:33:50,2509.4,180622
2021-04-29 09:33:51,2508.35,180849
2021-04-29 09:33:52,2508.2,180881
2021-04-29 09:33:53,2508.2,180899
2021-04-29 09:33:54,2508.2,180959
2021-04-29 09:33:55,2508.1,180964
2021-04-29 09:33:56,2508.1,180964
2021-04-29 09:33:57,2509.65,181015
2021-04-29 09:33:58,2509.45,181027
2021-04-29 09:33:59,2509.45,181033
2021-04-29 09:34:00,2508.15,181043
2021-04-29 09:34:01,2508.1,181054
2021-04-29 09:34:02,2508.8,181064
2021-04-29 09:34:03,2508.1,181070
2021-04-29 09:34:04,2507.35,181273
2021-04-29 09:34:05,2508.85,181317
2021-04-29 09:34:06,2508.9,181335
2021-04-29 09:34:07,2508.9,181509
2021-04-29 09:34:09,2509.65,182451
2021-04-29 09:34:10,2509.65,182451
2021-04-29 09:34:11,2509.1,182452
2021-04-29 09:34:12,2508.0,182463
2021-04-29 09:34:13,2509.2,182466
2021-04-29 09:34:14,2508.5,182486
2021-04-29 09:34:15,2509.25,182680
2021-04-29 09:34:16,2509.35,182870
2021-04-29 09:34:17,2509.0,182921
2021-04-29 09:34:18,2509.25,182951
2021-04-29 09:34:19,2509.25,182952
2021-04-29 09:34:20,2509.25,182952
2021-04-29 09:34:21,2507.2,183551
2021-04-29 09:34:22,2507.25,183557
2021-04-29 09:34:23,2508.25,183639
2021-04-29 09:34:25,2508.0,183668
2021-04-29 09:34:25,2508.9,183663
2021-04-29 09:34:26,2508.15,183694
2021-04-29 09:34:27,2507.55,183714
2021-04-29 09:34:28,2508.85,183745
2021-04-29 09:34:29,2509.2,184107
2021-04-29 09:34:30,2508.15,184133
2021-04-29 09:34:31,2507.95,184145
2021-04-29 09:34:32,2507.95,184145
2021-04-29 09:34:33,2509.2,184148
2021-04-29 09:34:36,2507.95,184439
2021-04-29 09:34:38,2508.15,184506
2021-04-29 09:34:39,2509.0,184563
2021-04-29 09:34:40,2507.2,184813
2021-04-29 09:34:40,2508.15,184821
2021-04-29 09:34:41,2508.15,184826
2021-04-29 09:34:42,2507.25,184926
2021-04-29 09:34:43,2508.15,184962
2021-04-29 09:34:44,2508.85,184969
2021-04-29 09:34:45,2508.85,184969
2021-04-29 09:34:46,2507.75,184982
2021-04-29 09:34:47,2507.2,185666
2021-04-29 09:34:48,2507.8,185726
2021-04-29 09:34:49,2508.85,185727
2021-04-29 09:34:51,2507.8,185735
2021-04-29 09:34:51,2507.8,185757
2021-04-29 09:34:52,2508.8,185788
2021-04-29 09:34:53,2508.8,185790
2021-04-29 09:34:54,2508.0,185791
2021-04-29 09:34:55,2508.15,185958
2021-04-29 09:34:56,2509.0,186072
2021-04-29 09:34:57,2509.0,186305
2021-04-29 09:34:58,2508.8,186315
2021-04-29 09:34:59,2507.8,186325
2021-04-29 09:35:00,2507.85,186334
2021-04-29 09:35:01,2507.85,186337
2021-04-29 09:35:02,2507.85,186339
2021-04-29 09:35:03,2507.25,186639
2021-04-29 09:35:04,2507.85,186643
2021-04-29 09:35:05,2507.8,186675
2021-04-29 09:35:06,2507.85,186696
2021-04-29 09:35:08,2508.8,186801
2021-04-29 09:35:08,2508.8,186801
2021-04-29 09:35:09,2508.15,186817
2021-04-29 09:35:11,2507.8,186917
2021-04-29 09:35:13,2507.8,186933
2021-04-29 09:35:16,2508.95,186954
2021-04-29 09:35:17,2508.95,186955
2021-04-29 09:35:18,2508.95,186980
2021-04-29 09:35:18,2508.0,186986
2021-04-29 09:35:19,2508.05,187006
2021-04-29 09:35:20,2508.0,187106
2021-04-29 09:35:21,2507.85,187157
2021-04-29 09:35:22,2509.2,187542
2021-04-29 09:35:23,2508.3,187552
2021-04-29 09:35:24,2508.3,187569
2021-04-29 09:35:25,2509.2,187591
2021-04-29 09:35:26,2509.2,187591
2021-04-29 09:35:27,2509.2,187648
2021-04-29 09:35:29,2508.0,187827
2021-04-29 09:35:29,2508.3,187829
2021-04-29 09:35:30,2509.15,187929
2021-04-29 09:35:31,2509.15,187939
2021-04-29 09:35:32,2509.15,187949
2021-04-29 09:35:33,2508.3,187963
2021-04-29 09:35:34,2508.3,187968
2021-04-29 09:35:35,2509.0,188468
2021-04-29 09:35:37,2509.0,188594
2021-04-29 09:35:38,2509.0,188594
2021-04-29 09:35:39,2508.2,188604
2021-04-29 09:35:40,2509.2,188704
2021-04-29 09:35:41,2508.3,188814
2021-04-29 09:35:42,2509.2,188833
2021-04-29 09:35:43,2509.2,188833
2021-04-29 09:35:44,2509.8,188856
2021-04-29 09:35:45,2510.0,189055
2021-04-29 09:35:47,2511.0,189863
2021-04-29 09:35:47,2509.4,189883
2021-04-29 09:35:48,2509.4,189883
2021-04-29 09:35:49,2509.4,189883
2021-04-29 09:35:50,2509.4,189883
2021-04-29 09:35:51,2509.7,189893
2021-04-29 09:35:52,2509.7,189904
2021-04-29 09:35:53,2510.75,190006
2021-04-29 09:35:54,2510.75,190010
2021-04-29 09:35:56,2510.75,190010
2021-04-29 09:35:56,2510.75,190010
2021-04-29 09:35:57,2511.2,190313
2021-04-29 09:35:58,2510.45,190688
2021-04-29 09:35:59,2509.0,191027
2021-04-29 09:36:00,2509.0,191051
2021-04-29 09:36:01,2509.05,191072
2021-04-29 09:36:02,2509.05,191101
2021-04-29 09:36:03,2509.05,191105
2021-04-29 09:36:04,2509.8,191132
2021-04-29 09:36:06,2510.55,191135
2021-04-29 09:36:07,2510.65,191215
2021-04-29 09:36:08,2509.4,191225
2021-04-29 09:36:08,2509.4,191226
2021-04-29 09:36:09,2509.2,191251
2021-04-29 09:36:10,2509.1,191252
2021-04-29 09:36:11,2509.1,191252
2021-04-29 09:36:12,2510.4,191263
2021-04-29 09:36:13,2510.65,191265
2021-04-29 09:36:14,2510.65,191275
2021-04-29 09:36:15,2510.65,191275
2021-04-29 09:36:17,2510.65,191276
2021-04-29 09:36:17,2510.65,191276
2021-04-29 09:36:18,2510.65,191276
2021-04-29 09:36:19,2510.65,191276
2021-04-29 09:36:20,2510.65,191276
2021-04-29 09:36:22,2510.7,191287
2021-04-29 09:36:21,2510.7,191287
2021-04-29 09:36:23,2511.0,191327
2021-04-29 09:36:24,2511.0,191327
2021-04-29 09:36:25,2511.0,191328
2021-04-29 09:36:26,2510.4,191330
2021-04-29 09:36:27,2510.95,191559
2021-04-29 09:36:28,2510.9,191709
2021-04-29 09:36:29,2510.9,191713
2021-04-29 09:36:30,2510.9,191713
2021-04-29 09:36:31,2510.7,191729
2021-04-29 09:36:32,2512.0,192242
2021-04-29 09:36:33,2512.8,192252
2021-04-29 09:36:34,2512.8,192252
2021-04-29 09:36:35,2512.85,192262
2021-04-29 09:36:36,2512.85,192262
2021-04-29 09:36:37,2512.7,192280
2021-04-29 09:36:38,2512.7,192280
2021-04-29 09:36:39,2513.5,192764
2021-04-29 09:36:40,2513.5,192824
2021-04-29 09:36:41,2513.9,192846
2021-04-29 09:36:42,2511.05,193397
2021-04-29 09:36:43,2512.5,193457
2021-04-29 09:36:44,2511.55,193459
2021-04-29 09:36:45,2511.55,193459
2021-04-29 09:36:47,2513.0,193465
2021-04-29 09:36:48,2513.0,193465
2021-04-29 09:36:49,2514.4,193525
2021-04-29 09:36:50,2514.4,193525
2021-04-29 09:36:52,2514.15,193625
2021-04-29 09:36:53,2513.25,193647
2021-04-29 09:36:53,2513.0,193997
2021-04-29 09:36:54,2513.9,194016
2021-04-29 09:36:55,2514.05,194080
2021-04-29 09:36:56,2513.1,194169
2021-04-29 09:36:57,2513.1,194172
2021-04-29 09:36:58,2513.55,194444
2021-04-29 09:36:59,2514.4,194504
2021-04-29 09:37:00,2515.0,194834
2021-04-29 09:37:01,2514.5,194905
2021-04-29 09:37:02,2514.5,194905
2021-04-29 09:37:03,2513.3,194927
2021-04-29 09:37:04,2514.5,194935
2021-04-29 09:37:05,2514.5,194935
2021-04-29 09:37:06,2514.2,194950
2021-04-29 09:37:07,2514.2,194955
2021-04-29 09:37:08,2514.1,195075
2021-04-29 09:37:09,2514.0,195093
2021-04-29 09:37:10,2514.2,195120
2021-04-29 09:37:11,2514.2,195120
2021-04-29 09:37:12,2514.55,195364
2021-04-29 09:37:13,2514.55,195364
2021-04-29 09:37:14,2514.0,195416
2021-04-29 09:37:15,2513.4,195446
2021-04-29 09:37:16,2512.8,195926
2021-04-29 09:37:17,2512.5,195970
2021-04-29 09:37:18,2511.85,196124
2021-04-29 09:37:19,2512.5,196478
2021-04-29 09:37:20,2512.0,196580
2021-04-29 09:37:21,2510.1,196939
2021-04-29 09:37:22,2511.45,196973
2021-04-29 09:37:23,2509.1,197426
2021-04-29 09:37:25,2510.45,197810
2021-04-29 09:37:26,2510.85,197841
2021-04-29 09:37:27,2510.85,197841
2021-04-29 09:37:28,2509.6,197848
2021-04-29 09:37:29,2510.85,197881
2021-04-29 09:37:29,2510.0,197931
2021-04-29 09:37:30,2509.55,197992
2021-04-29 09:37:31,2510.0,198007
2021-04-29 09:37:32,2510.9,198035
2021-04-29 09:37:33,2510.0,198044
2021-04-29 09:37:34,2509.6,198094
2021-04-29 09:37:35,2510.95,198099
2021-04-29 09:37:36,2507.25,199341
2021-04-29 09:37:37,2507.55,199711
2021-04-29 09:37:39,2508.5,199931
2021-04-29 09:37:40,2508.5,199949
2021-04-29 09:37:41,2510.05,199953
2021-04-29 09:37:42,2509.9,200028
2021-04-29 09:37:42,2509.9,200028
2021-04-29 09:37:43,2509.45,200069
2021-04-29 09:37:44,2509.1,200172
2021-04-29 09:37:45,2509.0,200255
2021-04-29 09:37:46,2509.0,200255
2021-04-29 09:37:47,2510.15,200288
2021-04-29 09:37:48,2508.85,200298
2021-04-29 09:37:49,2508.85,200298
2021-04-29 09:37:50,2510.6,200301
2021-04-29 09:37:51,2510.0,200361
2021-04-29 09:37:53,2510.0,200384
2021-04-29 09:37:54,2510.6,200391
2021-04-29 09:37:55,2510.6,200394
2021-04-29 09:37:55,2510.6,200394
2021-04-29 09:37:56,2510.6,200414
2021-04-29 09:37:57,2510.05,200448
2021-04-29 09:37:58,2510.0,200577
2021-04-29 09:37:59,2510.0,200586
2021-04-29 09:38:00,2510.0,200586
2021-04-29 09:38:01,2510.0,200586
2021-04-29 09:38:02,2510.6,200588
2021-04-29 09:38:03,2510.6,200627
2021-04-29 09:38:04,2510.9,200653
2021-04-29 09:38:05,2510.0,200753
2021-04-29 09:38:07,2510.0,200782
2021-04-29 09:38:07,2511.0,200792
2021-04-29 09:38:08,2510.05,200802
2021-04-29 09:38:09,2510.05,200802
2021-04-29 09:38:10,2511.0,200973
2021-04-29 09:38:11,2511.25,201010
2021-04-29 09:38:12,2510.0,201105
2021-04-29 09:38:13,2510.0,201108
2021-04-29 09:38:15,2511.2,201115
2021-04-29 09:38:16,2510.95,201116
2021-04-29 09:38:17,2511.0,201118
2021-04-29 09:38:18,2510.95,201193
2021-04-29 09:38:21,2512.55,203422
2021-04-29 09:38:22,2512.6,203784
2021-04-29 09:38:23,2512.6,203788
2021-04-29 09:38:24,2513.0,203794
2021-04-29 09:38:25,2513.0,203795
2021-04-29 09:38:26,2513.2,203963
2021-04-29 09:38:27,2513.3,204014
2021-04-29 09:38:28,2514.6,204065
2021-04-29 09:38:29,2514.6,204066
2021-04-29 09:38:31,2514.8,204372
2021-04-29 09:38:31,2515.0,204382
2021-04-29 09:38:32,2514.2,205281
2021-04-29 09:38:33,2513.55,205430
2021-04-29 09:38:34,2513.55,205431
2021-04-29 09:38:35,2513.55,205433
2021-04-29 09:38:36,2514.35,205479
2021-04-29 09:38:38,2514.35,205506
2021-04-29 09:38:38,2514.0,205556
2021-04-29 09:38:39,2514.0,205582
2021-04-29 09:38:41,2513.1,205584
2021-04-29 09:38:41,2513.1,205584
2021-04-29 09:38:43,2514.0,205637
2021-04-29 09:38:44,2513.95,205660
2021-04-29 09:38:45,2513.0,205661
2021-04-29 09:38:46,2513.0,205662
2021-04-29 09:38:47,2513.75,205706
2021-04-29 09:38:48,2513.75,205706
2021-04-29 09:38:49,2513.75,205707
2021-04-29 09:38:50,2514.0,205825
2021-04-29 09:38:50,2513.95,205757
2021-04-29 09:38:51,2514.0,205825
2021-04-29 09:38:52,2513.0,205864
2021-04-29 09:38:53,2513.0,205874
2021-04-29 09:38:54,2511.5,208474
2021-04-29 09:38:55,2510.55,208566
2021-04-29 09:38:56,2512.2,208829
2021-04-29 09:38:57,2511.95,208965
2021-04-29 09:38:58,2513.55,208979
2021-04-29 09:38:59,2513.5,209069
2021-04-29 09:39:00,2513.5,209093
2021-04-29 09:39:01,2514.0,209324
2021-04-29 09:39:02,2513.95,209389
2021-04-29 09:39:04,2513.4,209402
2021-04-29 09:39:04,2513.05,209576
2021-04-29 09:39:05,2513.05,209576
2021-04-29 09:39:06,2511.85,209752
2021-04-29 09:39:07,2512.5,209821
2021-04-29 09:39:08,2510.85,209854
2021-04-29 09:39:09,2511.05,209856
2021-04-29 09:39:10,2512.25,209860
2021-04-29 09:39:11,2512.5,209864
2021-04-29 09:39:12,2512.5,209864
2021-04-29 09:39:13,2511.85,209865
2021-04-29 09:39:14,2511.85,209865
2021-04-29 09:39:18,2512.3,209869
2021-04-29 09:39:18,2512.3,209869
2021-04-29 09:39:20,2512.0,209879
2021-04-29 09:39:21,2512.25,209890
2021-04-29 09:39:22,2512.8,209896
2021-04-29 09:39:23,2512.0,209924
2021-04-29 09:39:24,2512.0,209924
2021-04-29 09:39:25,2512.0,209974
2021-04-29 09:39:26,2512.0,209975
2021-04-29 09:39:27,2513.35,209979
2021-04-29 09:39:28,2513.35,209979
2021-04-29 09:39:29,2513.35,209979
2021-04-29 09:39:30,2512.25,209994
2021-04-29 09:39:31,2512.35,210204
2021-04-29 09:39:32,2512.35,210206
2021-04-29 09:39:33,2512.35,210206
2021-04-29 09:39:34,2512.25,210211
2021-04-29 09:39:35,2512.25,210211
2021-04-29 09:39:36,2512.25,210221
2021-04-29 09:39:37,2512.25,210221
2021-04-29 09:39:38,2513.1,210521
2021-04-29 09:39:39,2513.1,210524
2021-04-29 09:39:40,2513.1,210524
2021-04-29 09:39:41,2513.1,210524
2021-04-29 09:39:42,2513.1,210524
2021-04-29 09:39:43,2513.0,210800
2021-04-29 09:39:44,2513.0,210898
2021-04-29 09:39:45,2513.0,211071
2021-04-29 09:39:46,2513.0,211071
2021-04-29 09:39:47,2513.0,211108
2021-04-29 09:39:48,2513.0,211108
2021-04-29 09:39:49,2513.35,212088
2021-04-29 09:39:50,2513.35,212088
2021-04-29 09:39:51,2513.8,212099
2021-04-29 09:39:52,2514.0,212175
2021-04-29 09:39:53,2514.0,212175
2021-04-29 09:39:54,2513.05,212344
2021-04-29 09:39:56,2514.15,212513
2021-04-29 09:39:57,2513.05,212518
2021-04-29 09:39:58,2513.05,212523
2021-04-29 09:39:58,2514.1,212589
2021-04-29 09:39:59,2513.1,212599
2021-04-29 09:40:00,2514.15,212601
2021-04-29 09:40:02,2514.75,212708
2021-04-29 09:40:03,2514.75,212709
2021-04-29 09:40:04,2514.75,212709
2021-04-29 09:40:04,2514.75,212789
2021-04-29 09:40:05,2514.7,212920
2021-04-29 09:40:06,2514.6,212932
2021-04-29 09:40:07,2514.1,213311
2021-04-29 09:40:09,2514.6,213318
2021-04-29 09:40:10,2514.1,213366
2021-04-29 09:40:11,2514.8,213534
2021-04-29 09:40:12,2514.1,213539
2021-04-29 09:40:13,2515.05,214281
2021-04-29 09:40:14,2514.95,214354
2021-04-29 09:40:15,2515.05,214357
2021-04-29 09:40:16,2515.05,214357
2021-04-29 09:40:17,2515.05,214357
2021-04-29 09:40:18,2515.5,214367
2021-04-29 09:40:19,2515.2,214495
2021-04-29 09:40:20,2516.0,214501
2021-04-29 09:40:21,2515.5,214506
2021-04-29 09:40:22,2516.0,214531
2021-04-29 09:40:23,2515.2,214882
2021-04-29 09:40:26,2517.3,215243
2021-04-29 09:40:27,2517.3,215244
2021-04-29 09:40:28,2517.45,215249
2021-04-29 09:40:29,2517.45,215249
2021-04-29 09:40:30,2517.35,215348
2021-04-29 09:40:31,2517.35,215348
2021-04-29 09:40:32,2517.35,215348
2021-04-29 09:40:33,2517.35,215515
2021-04-29 09:40:34,2517.25,215529
2021-04-29 09:40:35,2517.0,215588
2021-04-29 09:40:36,2517.25,215589
2021-04-29 09:40:38,2517.3,215600
2021-04-29 09:40:38,2517.35,215602
2021-04-29 09:40:40,2517.0,215627
2021-04-29 09:40:41,2517.0,215653
2021-04-29 09:40:44,2517.0,215879
2021-04-29 09:40:45,2517.1,215910
2021-04-29 09:40:46,2517.35,216590
2021-04-29 09:40:48,2518.0,216705
2021-04-29 09:40:49,2518.0,216740
2021-04-29 09:40:50,2518.0,216783
2021-04-29 09:40:51,2518.0,216858
2021-04-29 09:40:51,2518.0,216859
2021-04-29 09:40:52,2518.0,216949
2021-04-29 09:40:55,2518.0,217125
2021-04-29 09:40:56,2518.5,217137
2021-04-29 09:40:57,2517.1,217348
2021-04-29 09:40:59,2517.1,217365
2021-04-29 09:41:00,2517.1,217365
2021-04-29 09:41:00,2517.1,217365
2021-04-29 09:41:01,2517.1,217380
2021-04-29 09:41:02,2517.1,217414
2021-04-29 09:41:03,2517.1,217414
2021-04-29 09:41:05,2517.1,217521
2021-04-29 09:41:06,2517.1,217522
2021-04-29 09:41:07,2517.75,217531
2021-04-29 09:41:08,2517.75,217531
2021-04-29 09:41:09,2518.5,217918
2021-04-29 09:41:11,2518.5,217988
2021-04-29 09:41:12,2518.5,217996
2021-04-29 09:41:13,2518.5,218039
2021-04-29 09:41:14,2518.1,218382
2021-04-29 09:41:14,2518.1,218385
2021-04-29 09:41:15,2518.5,218387
2021-04-29 09:41:16,2518.5,218387
2021-04-29 09:41:17,2519.0,218452
2021-04-29 09:41:18,2518.5,218490
2021-04-29 09:41:19,2518.5,218501
2021-04-29 09:41:20,2519.0,218505
2021-04-29 09:41:21,2519.0,218545
2021-04-29 09:41:23,2519.0,218651
2021-04-29 09:41:24,2519.25,218905
2021-04-29 09:41:25,2518.65,218909
2021-04-29 09:41:26,2519.3,218960
2021-04-29 09:41:27,2519.3,218960
2021-04-29 09:41:28,2519.3,218960
2021-04-29 09:41:29,2519.3,218960
2021-04-29 09:41:29,2519.3,218960
2021-04-29 09:41:31,2519.0,219092
2021-04-29 09:41:32,2518.9,220410
2021-04-29 09:41:34,2520.9,220658
2021-04-29 09:41:35,2520.9,220699
2021-04-29 09:41:35,2520.9,220699
2021-04-29 09:41:37,2520.85,220798
2021-04-29 09:41:38,2519.55,220834
2021-04-29 09:41:39,2520.05,221086
2021-04-29 09:41:40,2520.05,221089
2021-04-29 09:41:41,2521.1,221100
2021-04-29 09:41:41,2521.1,221100
2021-04-29 09:41:42,2520.55,221145
2021-04-29 09:41:44,2520.55,221149
2021-04-29 09:41:45,2521.35,221152
2021-04-29 09:41:46,2521.35,221152
2021-04-29 09:41:47,2521.45,221167
2021-04-29 09:41:48,2521.0,221356
2021-04-29 09:41:49,2519.35,221591
2021-04-29 09:41:49,2520.5,221694
2021-04-29 09:41:51,2520.5,221750
2021-04-29 09:41:52,2521.05,221852
2021-04-29 09:41:54,2520.9,221966
2021-04-29 09:41:55,2522.0,222255
2021-04-29 09:41:56,2522.15,222455
2021-04-29 09:41:57,2521.1,222514
2021-04-29 09:41:58,2524.5,224923
2021-04-29 09:42:00,2523.95,225035
2021-04-29 09:42:01,2523.05,225085
2021-04-29 09:42:02,2525.0,225676
2021-04-29 09:42:04,2524.0,226318
2021-04-29 09:42:05,2523.95,226457
2021-04-29 09:42:05,2525.0,226559
2021-04-29 09:42:06,2525.25,226874
2021-04-29 09:42:08,2525.0,226884
2021-04-29 09:42:09,2525.0,226936
2021-04-29 09:42:10,2525.0,227060
2021-04-29 09:42:11,2524.9,227149
2021-04-29 09:42:12,2525.0,227188
2021-04-29 09:42:13,2525.25,227238
2021-04-29 09:42:15,2527.0,227735
2021-04-29 09:42:16,2525.35,228585
2021-04-29 09:42:17,2526.95,228652
2021-04-29 09:42:18,2528.0,228761
2021-04-29 09:42:18,2528.0,228761
2021-04-29 09:42:20,2527.85,228835
2021-04-29 09:42:21,2526.95,229225
2021-04-29 09:42:22,2528.0,229310
2021-04-29 09:42:23,2527.6,229476
2021-04-29 09:42:24,2528.25,229557
2021-04-29 09:42:25,2528.3,229634
2021-04-29 09:42:27,2527.6,229720
2021-04-29 09:42:28,2527.9,229745
2021-04-29 09:42:29,2528.3,230550
2021-04-29 09:42:30,2528.8,230815
2021-04-29 09:42:32,2528.8,231006
2021-04-29 09:42:32,2528.8,231006
2021-04-29 09:42:34,2528.8,231698
2021-04-29 09:42:35,2526.8,232058
2021-04-29 09:42:36,2528.0,232064
2021-04-29 09:42:37,2529.0,232130
2021-04-29 09:42:38,2528.15,232479
2021-04-29 09:42:38,2528.1,232475
2021-04-29 09:42:39,2529.6,232589
2021-04-29 09:42:41,2528.35,232594
2021-04-29 09:42:42,2528.5,232619
2021-04-29 09:42:43,2528.5,232638
2021-04-29 09:42:44,2530.0,233155
2021-04-29 09:42:45,2528.85,233157
2021-04-29 09:42:46,2530.0,233251
2021-04-29 09:42:47,2528.9,233324
2021-04-29 09:42:48,2529.0,233387
2021-04-29 09:42:48,2529.0,233387
2021-04-29 09:42:50,2530.0,233447
2021-04-29 09:42:51,2530.0,233707
2021-04-29 09:42:52,2530.0,233760
2021-04-29 09:42:53,2529.4,233922
2021-04-29 09:42:54,2530.0,234261
2021-04-29 09:42:55,2530.0,234261
2021-04-29 09:42:57,2529.0,234727
2021-04-29 09:42:58,2529.0,234812
2021-04-29 09:42:59,2530.0,234843
2021-04-29 09:43:00,2529.0,234960
2021-04-29 09:43:01,2529.0,235004
2021-04-29 09:43:02,2529.0,235063
2021-04-29 09:43:03,2529.0,235136
2021-04-29 09:43:04,2529.0,235145
2021-04-29 09:43:05,2529.0,235307
2021-04-29 09:43:06,2529.0,235362
2021-04-29 09:43:07,2529.0,235372
2021-04-29 09:43:08,2529.4,235473
2021-04-29 09:43:09,2529.4,235473
2021-04-29 09:43:10,2529.0,235509
2021-04-29 09:43:11,2529.0,235548
2021-04-29 09:43:12,2528.35,235642
2021-04-29 09:43:13,2529.9,235718
2021-04-29 09:43:14,2530.0,235719
2021-04-29 09:43:15,2529.0,235731
2021-04-29 09:43:16,2529.0,235731
2021-04-29 09:43:17,2528.0,235846
2021-04-29 09:43:18,2530.0,235961
2021-04-29 09:43:19,2530.0,236001
2021-04-29 09:43:20,2529.0,236003
2021-04-29 09:43:21,2528.65,236113
2021-04-29 09:43:22,2528.65,236114
2021-04-29 09:43:23,2529.5,236139
2021-04-29 09:43:25,2528.65,236395
2021-04-29 09:43:26,2528.2,236515
2021-04-29 09:43:27,2528.4,236657
2021-04-29 09:43:28,2528.35,237010
2021-04-29 09:43:29,2528.35,237010
2021-04-29 09:43:30,2528.35,237141
2021-04-29 09:43:31,2529.85,237170
2021-04-29 09:43:32,2529.7,237201
2021-04-29 09:43:33,2529.0,237292
2021-04-29 09:43:34,2529.0,237366
2021-04-29 09:43:35,2529.0,237374
2021-04-29 09:43:36,2528.0,237469
2021-04-29 09:43:37,2527.75,237497
2021-04-29 09:43:38,2528.95,237508
2021-04-29 09:43:39,2528.95,237508
2021-04-29 09:43:40,2529.9,237856
2021-04-29 09:43:41,2529.0,237981
2021-04-29 09:43:42,2530.0,237992
2021-04-29 09:43:43,2530.0,238454
2021-04-29 09:43:44,2529.9,238479
2021-04-29 09:43:45,2529.85,238647
2021-04-29 09:43:46,2529.9,238657
2021-04-29 09:43:47,2528.55,238712
2021-04-29 09:43:49,2528.3,238783
2021-04-29 09:43:51,2527.7,238847
2021-04-29 09:43:50,2527.7,238846
2021-04-29 09:43:52,2529.3,238893
2021-04-29 09:43:53,2529.75,239043
2021-04-29 09:43:54,2529.7,239058
2021-04-29 09:43:55,2529.7,239058
2021-04-29 09:43:56,2529.7,239058
2021-04-29 09:43:57,2529.7,239125
2021-04-29 09:43:58,2529.0,239140
2021-04-29 09:43:59,2529.0,239155
2021-04-29 09:44:00,2529.0,239250
2021-04-29 09:44:01,2529.0,239257
2021-04-29 09:44:02,2528.6,239703
2021-04-29 09:44:04,2530.0,239791
2021-04-29 09:44:05,2530.0,239791
2021-04-29 09:44:06,2528.75,239838
2021-04-29 09:44:07,2528.75,239865
2021-04-29 09:44:08,2528.75,239865
2021-04-29 09:44:09,2529.7,239872
2021-04-29 09:44:10,2530.0,239885
2021-04-29 09:44:12,2530.0,239885
2021-04-29 09:44:11,2530.0,239885
2021-04-29 09:44:13,2529.0,239935
2021-04-29 09:44:14,2529.9,239940
2021-04-29 09:44:15,2529.9,239959
2021-04-29 09:44:17,2529.0,240043
2021-04-29 09:44:16,2529.0,240042
2021-04-29 09:44:18,2529.3,240115
2021-04-29 09:44:19,2529.3,240220
2021-04-29 09:44:20,2529.3,240345
2021-04-29 09:44:21,2528.5,240507
2021-04-29 09:44:22,2529.05,240513
2021-04-29 09:44:23,2529.05,240513
2021-04-29 09:44:24,2529.3,240517
2021-04-29 09:44:25,2530.0,240547
2021-04-29 09:44:26,2530.0,240547
2021-04-29 09:44:28,2529.9,240658
2021-04-29 09:44:27,2529.9,240658
2021-04-29 09:44:29,2529.05,240669
2021-04-29 09:44:30,2528.4,241211
2021-04-29 09:44:31,2527.75,241943
2021-04-29 09:44:32,2529.55,242159
2021-04-29 09:44:33,2529.0,242161
2021-04-29 09:44:34,2529.0,242161
2021-04-29 09:44:35,2529.65,242261
2021-04-29 09:44:36,2529.65,242261
2021-04-29 09:44:37,2529.25,242263
2021-04-29 09:44:38,2529.25,242263
2021-04-29 09:44:39,2529.65,242281
2021-04-29 09:44:40,2529.65,242282
2021-04-29 09:44:41,2529.3,242342
2021-04-29 09:44:42,2529.25,242397
2021-04-29 09:44:43,2529.05,242466
2021-04-29 09:44:44,2529.25,242521
2021-04-29 09:44:45,2529.05,242542
2021-04-29 09:44:46,2529.75,242546
2021-04-29 09:44:47,2529.1,242578
2021-04-29 09:44:49,2529.1,242624
2021-04-29 09:44:50,2529.1,242624
2021-04-29 09:44:51,2529.1,242624
2021-04-29 09:44:52,2530.0,242674
2021-04-29 09:44:53,2530.0,242675
2021-04-29 09:44:54,2529.8,242705
2021-04-29 09:44:55,2530.0,242708
2021-04-29 09:44:56,2530.0,242723
2021-04-29 09:44:57,2529.1,242813
2021-04-29 09:44:58,2529.1,242863
2021-04-29 09:44:59,2529.1,242863
2021-04-29 09:45:01,2529.1,242873
2021-04-29 09:45:02,2529.0,242890
2021-04-29 09:45:03,2529.3,243214
2021-04-29 09:45:03,2529.05,243224
2021-04-29 09:45:04,2529.05,243307
2021-04-29 09:45:05,2528.0,243418
2021-04-29 09:45:06,2529.0,243485
2021-04-29 09:45:08,2529.0,243502
2021-04-29 09:45:08,2529.0,243505
2021-04-29 09:45:09,2529.0,243507
2021-04-29 09:45:10,2529.0,243528
2021-04-29 09:45:11,2527.9,243574
2021-04-29 09:45:12,2527.8,243578
2021-04-29 09:45:14,2527.8,243578
2021-04-29 09:45:15,2527.75,243603
2021-04-29 09:45:16,2527.75,243603
2021-04-29 09:45:16,2527.75,243603
2021-04-29 09:45:17,2527.75,243603
2021-04-29 09:45:18,2527.75,243614
2021-04-29 09:45:19,2527.75,243614
2021-04-29 09:45:20,2529.0,243739
2021-04-29 09:45:22,2529.0,243759
2021-04-29 09:45:23,2529.0,243759
2021-04-29 09:45:24,2529.0,243759
2021-04-29 09:45:24,2528.9,243809
2021-04-29 09:45:25,2529.0,244013
2021-04-29 09:45:26,2528.9,244015
2021-04-29 09:45:27,2529.0,244027
2021-04-29 09:45:29,2529.0,244032
2021-04-29 09:45:29,2529.0,244032
2021-04-29 09:45:30,2529.0,244032
2021-04-29 09:45:31,2528.9,244034
2021-04-29 09:45:32,2529.0,244057
2021-04-29 09:45:33,2529.0,244068
2021-04-29 09:45:35,2528.9,244069
2021-04-29 09:45:36,2529.0,244339
2021-04-29 09:45:36,2528.9,244349
2021-04-29 09:45:37,2528.9,244405
2021-04-29 09:45:38,2528.9,244430
2021-04-29 09:45:39,2528.9,244431
2021-04-29 09:45:41,2528.9,244431
2021-04-29 09:45:42,2528.9,244434
2021-04-29 09:45:42,2528.9,244444
2021-04-29 09:45:43,2528.9,244544
2021-04-29 09:45:44,2528.9,244545
2021-04-29 09:45:45,2528.9,244600
2021-04-29 09:45:46,2528.9,244785
2021-04-29 09:45:47,2529.0,244789
2021-04-29 09:45:48,2528.9,244792
2021-04-29 09:45:49,2528.9,244792
2021-04-29 09:45:50,2529.0,244802
2021-04-29 09:45:52,2528.9,245223
2021-04-29 09:45:52,2528.9,245225
2021-04-29 09:45:53,2528.45,245370
2021-04-29 09:45:54,2528.45,245371
2021-04-29 09:45:55,2529.0,245874
2021-04-29 09:45:56,2528.0,245974
2021-04-29 09:45:58,2528.0,245975
2021-04-29 09:45:59,2528.9,245990
2021-04-29 09:45:59,2528.9,245979
2021-04-29 09:46:00,2528.9,245990
2021-04-29 09:46:01,2528.0,246050
2021-04-29 09:46:02,2528.0,246064
2021-04-29 09:46:04,2528.0,246064
2021-04-29 09:46:04,2528.0,246064
2021-04-29 09:46:05,2528.0,246064
2021-04-29 09:46:06,2528.25,246455
2021-04-29 09:46:07,2528.25,246459
2021-04-29 09:46:09,2527.7,246859
2021-04-29 09:46:09,2527.7,246863
2021-04-29 09:46:10,2527.5,246892
2021-04-29 09:46:12,2527.5,246892
2021-04-29 09:46:13,2527.5,246892
2021-04-29 09:46:13,2527.5,246892
2021-04-29 09:46:14,2527.05,246985
2021-04-29 09:46:15,2527.05,246985
2021-04-29 09:46:16,2527.0,247448
2021-04-29 09:46:18,2527.0,247453
2021-04-29 09:46:19,2527.0,247453
2021-04-29 09:46:20,2527.0,247454
2021-04-29 09:46:21,2527.0,247454
2021-04-29 09:46:21,2527.0,247454
2021-04-29 09:46:23,2527.05,247458
2021-04-29 09:46:24,2527.05,247460
2021-04-29 09:46:25,2527.05,247460
2021-04-29 09:46:26,2527.05,247480
2021-04-29 09:46:28,2527.05,247480
2021-04-29 09:46:28,2527.05,247480
2021-04-29 09:46:29,2527.05,247481
2021-04-29 09:46:31,2527.05,247516
2021-04-29 09:46:31,2527.05,247517
2021-04-29 09:46:32,2527.95,247536
2021-04-29 09:46:34,2527.95,247536
2021-04-29 09:46:34,2527.95,247536
2021-04-29 09:46:35,2528.0,247537
2021-04-29 09:46:36,2528.0,247537
2021-04-29 09:46:37,2527.05,247562
2021-04-29 09:46:38,2527.05,247581
2021-04-29 09:46:39,2527.05,247581
2021-04-29 09:46:40,2527.05,247641
2021-04-29 09:46:41,2527.05,247643
2021-04-29 09:46:42,2527.05,247668
2021-04-29 09:46:43,2527.05,247690
2021-04-29 09:46:44,2527.05,247690
2021-04-29 09:46:45,2527.3,247706
2021-04-29 09:46:46,2527.3,247706
2021-04-29 09:46:47,2527.3,247706
2021-04-29 09:46:48,2527.3,247716
2021-04-29 09:46:51,2528.0,247766
2021-04-29 09:46:52,2527.3,247821
2021-04-29 09:46:53,2527.3,247822
2021-04-29 09:46:54,2528.0,247862
2021-04-29 09:46:55,2528.0,247862
2021-04-29 09:46:56,2528.0,247862
2021-04-29 09:46:56,2528.0,247862
2021-04-29 09:46:57,2528.0,247912
2021-04-29 09:46:58,2528.0,247931
2021-04-29 09:46:59,2527.3,247937
2021-04-29 09:47:00,2527.0,248457
2021-04-29 09:47:01,2526.55,248467
2021-04-29 09:47:02,2525.55,248670
2021-04-29 09:47:03,2525.75,249185
2021-04-29 09:47:04,2524.4,249193
2021-04-29 09:47:05,2524.4,249220
2021-04-29 09:47:06,2524.7,250051
2021-04-29 09:47:07,2522.95,250252
2021-04-29 09:47:08,2523.15,250372
2021-04-29 09:47:09,2523.55,250396
2021-04-29 09:47:10,2523.55,250396
2021-04-29 09:47:11,2522.35,250454
2021-04-29 09:47:13,2523.3,250570
2021-04-29 09:47:14,2524.55,250680
2021-04-29 09:47:14,2524.55,250680
2021-04-29 09:47:15,2522.9,250695
2021-04-29 09:47:16,2522.55,250786
2021-04-29 09:47:17,2522.55,250786
2021-04-29 09:47:18,2522.55,250787
2021-04-29 09:47:19,2522.35,250797
2021-04-29 09:47:20,2523.6,250872
2021-04-29 09:47:21,2522.35,250885
2021-04-29 09:47:23,2522.1,251020
2021-04-29 09:47:23,2522.25,251021
2021-04-29 09:47:25,2522.25,251167
2021-04-29 09:47:26,2522.6,251169
2021-04-29 09:47:27,2522.55,251340
2021-04-29 09:47:27,2522.55,251340
2021-04-29 09:47:29,2521.6,251571
2021-04-29 09:47:30,2522.35,251694
2021-04-29 09:47:31,2521.95,251785
2021-04-29 09:47:31,2521.95,251785
2021-04-29 09:47:32,2521.4,251787
2021-04-29 09:47:33,2521.35,251789
2021-04-29 09:47:34,2521.5,251890
2021-04-29 09:47:36,2521.4,251950
2021-04-29 09:47:38,2521.5,252000
2021-04-29 09:47:39,2520.4,252310
2021-04-29 09:47:40,2520.4,252323
2021-04-29 09:47:41,2521.0,252397
2021-04-29 09:47:42,2519.1,254016
2021-04-29 09:47:43,2520.35,254050
2021-04-29 09:47:44,2520.35,254055
2021-04-29 09:47:45,2521.0,254069
2021-04-29 09:47:45,2521.0,254074
2021-04-29 09:47:47,2520.4,254191
2021-04-29 09:47:48,2520.4,254191
2021-04-29 09:47:49,2520.35,254386
2021-04-29 09:47:52,2519.45,254879
2021-04-29 09:47:53,2519.25,254983
2021-04-29 09:47:54,2519.5,254999
2021-04-29 09:47:56,2520.35,255009
2021-04-29 09:47:57,2519.4,255029
2021-04-29 09:47:58,2519.2,255075
2021-04-29 09:47:59,2519.2,255251
2021-04-29 09:48:00,2517.1,255306
2021-04-29 09:48:00,2519.0,255304
2021-04-29 09:48:02,2517.0,255418
2021-04-29 09:48:03,2518.2,255769
2021-04-29 09:48:04,2517.0,255804
2021-04-29 09:48:04,2517.0,255804
2021-04-29 09:48:06,2517.9,255827
2021-04-29 09:48:06,2517.9,255827
2021-04-29 09:48:07,2516.0,256067
2021-04-29 09:48:08,2516.0,256155
2021-04-29 09:48:09,2515.05,256578
2021-04-29 09:48:11,2516.65,256633
2021-04-29 09:48:11,2516.65,256633
2021-04-29 09:48:13,2515.15,257439
2021-04-29 09:48:14,2515.15,258579
2021-04-29 09:48:14,2515.15,258579
2021-04-29 09:48:15,2515.15,258604
2021-04-29 09:48:17,2515.15,258608
2021-04-29 09:48:18,2515.15,258713
2021-04-29 09:48:18,2513.5,258764
2021-04-29 09:48:19,2515.75,258794
2021-04-29 09:48:20,2515.15,258835
2021-04-29 09:48:21,2515.0,260093
2021-04-29 09:48:23,2514.9,264301
2021-04-29 09:48:23,2514.9,264260
2021-04-29 09:48:25,2515.3,264418
2021-04-29 09:48:27,2517.0,264440
2021-04-29 09:48:28,2516.05,264450
2021-04-29 09:48:29,2516.05,265323
2021-04-29 09:48:30,2516.15,265357
2021-04-29 09:48:31,2518.0,265508
2021-04-29 09:48:32,2518.0,265523
2021-04-29 09:48:33,2519.0,265538
2021-04-29 09:48:34,2517.85,265543
2021-04-29 09:48:35,2518.95,265547
2021-04-29 09:48:36,2518.0,265694
2021-04-29 09:48:37,2518.0,265696
2021-04-29 09:48:38,2518.4,265716
2021-04-29 09:48:39,2518.4,265716
2021-04-29 09:48:40,2519.9,265726
2021-04-29 09:48:41,2519.0,265732
2021-04-29 09:48:42,2519.05,265742
2021-04-29 09:48:43,2519.45,265773
2021-04-29 09:48:44,2519.45,265773
2021-04-29 09:48:45,2517.7,266475
2021-04-29 09:48:46,2517.7,266475
2021-04-29 09:48:47,2517.7,266475
2021-04-29 09:48:48,2517.7,266491
2021-04-29 09:48:49,2517.05,266496
2021-04-29 09:48:50,2515.5,266796
2021-04-29 09:48:51,2517.35,266899
2021-04-29 09:48:52,2517.1,266958
2021-04-29 09:48:53,2517.1,266965
2021-04-29 09:48:55,2517.1,266969
2021-04-29 09:48:57,2515.65,267071
2021-04-29 09:48:58,2515.65,267072
2021-04-29 09:48:59,2515.65,267072
2021-04-29 09:49:00,2515.65,267072
2021-04-29 09:49:00,2515.65,267072
2021-04-29 09:49:01,2517.15,267132
2021-04-29 09:49:02,2517.15,267133
2021-04-29 09:49:03,2517.15,267133
2021-04-29 09:49:04,2516.05,267153
2021-04-29 09:49:05,2516.1,267155
2021-04-29 09:49:06,2516.05,267160
2021-04-29 09:49:08,2516.8,267180
2021-04-29 09:49:08,2516.8,267180
2021-04-29 09:49:09,2516.8,267180
2021-04-29 09:49:10,2516.85,267190
2021-04-29 09:49:11,2516.85,267191
2021-04-29 09:49:12,2516.85,267191
2021-04-29 09:49:13,2516.85,267191
2021-04-29 09:49:14,2516.85,267193
2021-04-29 09:49:15,2516.85,267271
2021-04-29 09:49:16,2516.0,267422
2021-04-29 09:49:18,2515.0,267944
2021-04-29 09:49:19,2517.25,268306
2021-04-29 09:49:20,2517.25,268306
2021-04-29 09:49:21,2515.65,268321
2021-04-29 09:49:22,2515.65,268321
2021-04-29 09:49:23,2515.65,268321
2021-04-29 09:49:23,2515.65,268321
2021-04-29 09:49:24,2515.55,268425
2021-04-29 09:49:25,2515.55,268460
2021-04-29 09:49:26,2516.0,268461
2021-04-29 09:49:27,2516.0,268461
2021-04-29 09:49:29,2516.0,268461
2021-04-29 09:49:30,2516.0,268505
2021-04-29 09:49:31,2516.0,268505
2021-04-29 09:49:32,2516.0,268505
2021-04-29 09:49:32,2517.0,268549
2021-04-29 09:49:33,2517.0,268552
2021-04-29 09:49:34,2516.0,268587
2021-04-29 09:49:36,2516.0,268670
2021-04-29 09:49:37,2517.0,268671
2021-04-29 09:49:38,2517.0,269139
2021-04-29 09:49:38,2517.0,269139
2021-04-29 09:49:39,2517.0,269139
2021-04-29 09:49:40,2516.95,269143
2021-04-29 09:49:42,2515.85,269182
2021-04-29 09:49:42,2515.85,269183
2021-04-29 09:49:43,2515.85,269186
2021-04-29 09:49:44,2515.85,269191
2021-04-29 09:49:46,2518.2,269775
2021-04-29 09:49:46,2518.2,269775
2021-04-29 09:49:47,2516.0,269964
2021-04-29 09:49:48,2516.0,269977
2021-04-29 09:49:49,2515.45,269997
2021-04-29 09:49:50,2515.5,270000
2021-04-29 09:49:51,2516.0,270006
2021-04-29 09:49:52,2516.0,270029
2021-04-29 09:49:54,2516.0,270029
2021-04-29 09:49:55,2516.0,270044
2021-04-29 09:49:56,2516.3,270051
2021-04-29 09:49:57,2517.1,270068
2021-04-29 09:49:58,2516.65,270083
2021-04-29 09:49:59,2516.65,270083
2021-04-29 09:50:00,2516.65,270093
2021-04-29 09:50:01,2516.65,270098
2021-04-29 09:50:01,2516.65,270098
2021-04-29 09:50:02,2516.65,270112
2021-04-29 09:50:03,2516.65,270112
2021-04-29 09:50:04,2516.65,270112
2021-04-29 09:50:05,2516.65,270121
2021-04-29 09:50:06,2516.65,270121
2021-04-29 09:50:07,2516.0,270211
2021-04-29 09:50:08,2517.0,270291
2021-04-29 09:50:10,2517.7,270297
2021-04-29 09:50:11,2517.7,270297
2021-04-29 09:50:11,2518.85,270410
2021-04-29 09:50:12,2517.85,270445
2021-04-29 09:50:13,2517.85,270446
2021-04-29 09:50:14,2517.85,270446
2021-04-29 09:50:16,2517.85,270446
2021-04-29 09:50:17,2517.95,270447
2021-04-29 09:50:17,2517.95,270447
2021-04-29 09:50:19,2515.05,271408
2021-04-29 09:50:19,2515.15,271417
2021-04-29 09:50:20,2517.2,271495
2021-04-29 09:50:21,2517.2,271495
2021-04-29 09:50:22,2517.2,271495
2021-04-29 09:50:24,2517.2,271495
2021-04-29 09:50:24,2517.2,271495
2021-04-29 09:50:26,2516.1,271519
2021-04-29 09:50:27,2516.95,271521
2021-04-29 09:50:27,2517.25,271526
2021-04-29 09:50:28,2517.05,271528
2021-04-29 09:50:29,2517.25,271531
2021-04-29 09:50:30,2517.25,271531
2021-04-29 09:50:31,2517.0,271577
2021-04-29 09:50:34,2517.25,271702
2021-04-29 09:50:35,2517.25,271702
2021-04-29 09:50:37,2517.2,271727
2021-04-29 09:50:38,2517.0,271784
2021-04-29 09:50:39,2517.0,271791
2021-04-29 09:50:40,2516.35,271953
2021-04-29 09:50:41,2517.35,272306
2021-04-29 09:50:42,2517.35,272306
2021-04-29 09:50:42,2517.35,272306
2021-04-29 09:50:43,2517.35,272306
2021-04-29 09:50:44,2516.6,272316
2021-04-29 09:50:45,2516.6,272417
2021-04-29 09:50:46,2517.6,272423
2021-04-29 09:50:47,2517.4,272773
2021-04-29 09:50:48,2516.7,272778
2021-04-29 09:50:50,2517.7,272806
2021-04-29 09:50:50,2517.0,272820
2021-04-29 09:50:51,2517.0,272822
2021-04-29 09:50:53,2517.0,272822
2021-04-29 09:50:54,2517.0,272822
2021-04-29 09:50:55,2517.0,272894
2021-04-29 09:50:56,2517.0,272902
2021-04-29 09:50:56,2517.0,272902
2021-04-29 09:50:57,2516.0,273103
2021-04-29 09:50:58,2517.0,273205
2021-04-29 09:51:00,2517.35,273239
2021-04-29 09:51:01,2517.35,273239
2021-04-29 09:51:02,2517.25,273342
2021-04-29 09:51:04,2516.4,273357
2021-04-29 09:51:05,2516.4,273358
2021-04-29 09:51:06,2516.4,273358
2021-04-29 09:51:06,2516.4,273358
2021-04-29 09:51:07,2516.4,273359
2021-04-29 09:51:08,2516.4,273359
2021-04-29 09:51:10,2517.0,273363
2021-04-29 09:51:10,2517.0,273363
2021-04-29 09:51:11,2517.0,273363
2021-04-29 09:51:12,2516.4,273366
2021-04-29 09:51:15,2516.7,273368
2021-04-29 09:51:16,2517.35,274369
2021-04-29 09:51:17,2516.75,274528
2021-04-29 09:51:18,2517.35,274541
2021-04-29 09:51:20,2516.8,274656
2021-04-29 09:51:20,2516.8,274657
2021-04-29 09:51:21,2516.75,274767
2021-04-29 09:51:23,2516.7,274784
2021-04-29 09:51:24,2516.75,274924
2021-04-29 09:51:25,2516.75,274969
2021-04-29 09:51:26,2516.7,275022
2021-04-29 09:51:27,2516.7,275022
2021-04-29 09:51:28,2516.7,275026
2021-04-29 09:51:29,2516.7,275026
2021-04-29 09:51:30,2516.7,275026
2021-04-29 09:51:31,2517.0,275035
2021-04-29 09:51:32,2517.0,275038
2021-04-29 09:51:33,2516.45,275134
2021-04-29 09:51:34,2516.5,275141
2021-04-29 09:51:35,2516.4,275229
2021-04-29 09:51:36,2516.4,275232
2021-04-29 09:51:37,2516.4,275245
2021-04-29 09:51:38,2516.4,275245
2021-04-29 09:51:38,2516.4,275245
2021-04-29 09:51:40,2516.5,275270
2021-04-29 09:51:41,2516.5,275275
2021-04-29 09:51:42,2516.5,275275
2021-04-29 09:51:43,2516.5,275275
2021-04-29 09:51:44,2516.1,275299
2021-04-29 09:51:45,2516.1,275307
2021-04-29 09:51:46,2516.1,275307
2021-04-29 09:51:47,2516.1,275307
2021-04-29 09:51:48,2516.1,275310
2021-04-29 09:51:49,2516.1,275320
2021-04-29 09:51:50,2516.1,275409
2021-04-29 09:51:51,2516.5,275425
2021-04-29 09:51:52,2516.5,275468
2021-04-29 09:51:54,2516.5,275473
2021-04-29 09:51:55,2516.5,275487
2021-04-29 09:51:56,2516.5,275489
2021-04-29 09:51:57,2516.25,275490
2021-04-29 09:51:58,2516.25,275496
2021-04-29 09:51:59,2516.25,275496
2021-04-29 09:52:00,2517.0,275649
2021-04-29 09:52:01,2517.0,275649
2021-04-29 09:52:02,2516.35,275758
2021-04-29 09:52:03,2516.35,275760
2021-04-29 09:52:04,2516.35,275760
2021-04-29 09:52:05,2516.55,275764
2021-04-29 09:52:06,2517.35,277055
2021-04-29 09:52:07,2517.35,277068
2021-04-29 09:52:08,2517.9,277076
2021-04-29 09:52:09,2517.9,277076
2021-04-29 09:52:10,2518.05,277365
2021-04-29 09:52:11,2517.95,277380
2021-04-29 09:52:13,2519.0,277384
2021-04-29 09:52:14,2519.0,277384
2021-04-29 09:52:15,2518.9,277387
2021-04-29 09:52:16,2517.95,277390
2021-04-29 09:52:18,2519.0,277497
2021-04-29 09:52:20,2519.15,277576
2021-04-29 09:52:21,2519.15,277576
2021-04-29 09:52:22,2519.1,277662
2021-04-29 09:52:23,2519.25,277820
2021-04-29 09:52:24,2519.15,277830
2021-04-29 09:52:25,2519.15,277830
2021-04-29 09:52:26,2518.1,277842
2021-04-29 09:52:27,2519.05,277908
2021-04-29 09:52:28,2518.1,277910
2021-04-29 09:52:29,2518.1,278021
2021-04-29 09:52:30,2519.25,278074
2021-04-29 09:52:31,2519.25,278074
2021-04-29 09:52:32,2518.1,278079
2021-04-29 09:52:33,2518.0,278179
2021-04-29 09:52:34,2518.9,278205
2021-04-29 09:52:35,2518.15,278211
2021-04-29 09:52:36,2518.15,278211
2021-04-29 09:52:37,2518.2,278214
2021-04-29 09:52:38,2519.0,278226
2021-04-29 09:52:39,2519.0,278226
2021-04-29 09:52:40,2519.0,278226
2021-04-29 09:52:41,2519.0,278226
2021-04-29 09:52:42,2519.0,278226
2021-04-29 09:52:43,2518.25,278246
2021-04-29 09:52:44,2518.25,278254
2021-04-29 09:52:45,2518.25,278254
2021-04-29 09:52:46,2519.0,278264
2021-04-29 09:52:47,2519.0,278264
2021-04-29 09:52:48,2518.15,278273
2021-04-29 09:52:49,2518.15,278293
2021-04-29 09:52:50,2518.15,278293
2021-04-29 09:52:51,2518.3,278296
2021-04-29 09:52:52,2518.3,278296
2021-04-29 09:52:53,2519.0,278323
2021-04-29 09:52:54,2519.0,278324
2021-04-29 09:52:55,2519.0,278324
2021-04-29 09:52:56,2519.0,278324
2021-04-29 09:52:56,2519.0,278324
2021-04-29 09:52:58,2518.35,278326
2021-04-29 09:52:59,2518.35,278328
2021-04-29 09:53:00,2518.35,278328
2021-04-29 09:53:01,2518.35,278328
2021-04-29 09:53:02,2518.35,278328
2021-04-29 09:53:03,2518.35,278334
2021-04-29 09:53:04,2518.35,278336
2021-04-29 09:53:05,2518.35,278336
2021-04-29 09:53:06,2519.0,278369
2021-04-29 09:53:07,2519.0,278369
2021-04-29 09:53:08,2519.0,278421
2021-04-29 09:53:09,2518.35,278460
2021-04-29 09:53:10,2518.35,278521
2021-04-29 09:53:11,2518.45,278522
2021-04-29 09:53:12,2519.0,278523
2021-04-29 09:53:13,2519.0,278582
2021-04-29 09:53:14,2518.45,278583
2021-04-29 09:53:15,2519.0,278603
2021-04-29 09:53:16,2519.0,278851
2021-04-29 09:53:16,2519.0,278851
2021-04-29 09:53:17,2518.45,278861
2021-04-29 09:53:19,2519.0,278879
2021-04-29 09:53:20,2519.0,278879
2021-04-29 09:53:21,2520.0,279088
2021-04-29 09:53:22,2520.0,279088
2021-04-29 09:53:23,2520.0,279088
2021-04-29 09:53:24,2520.0,279088
2021-04-29 09:53:24,2520.0,279088
2021-04-29 09:53:25,2520.0,279088
2021-04-29 09:53:26,2518.75,279872
2021-04-29 09:53:27,2518.85,279969
2021-04-29 09:53:28,2518.5,280190
2021-04-29 09:53:30,2518.55,280220
2021-04-29 09:53:31,2518.8,280553
2021-04-29 09:53:32,2519.3,280594
2021-04-29 09:53:33,2519.5,280634
2021-04-29 09:53:34,2519.5,280658
2021-04-29 09:53:35,2518.05,280660
2021-04-29 09:53:36,2518.0,280760
2021-04-29 09:53:37,2518.45,280778
2021-04-29 09:53:38,2518.45,280778
2021-04-29 09:53:39,2518.45,280778
2021-04-29 09:53:40,2518.45,280778
2021-04-29 09:53:41,2519.0,280828
2021-04-29 09:53:42,2519.95,280831
2021-04-29 09:53:43,2519.45,280851
2021-04-29 09:53:44,2519.45,280851
2021-04-29 09:53:45,2519.45,280937
2021-04-29 09:53:46,2519.45,280938
2021-04-29 09:53:48,2519.45,281019
2021-04-29 09:53:49,2519.0,281052
2021-04-29 09:53:51,2519.0,281116
2021-04-29 09:53:52,2518.95,281121
2021-04-29 09:53:53,2518.95,281487
2021-04-29 09:53:54,2518.95,281488
2021-04-29 09:53:55,2518.95,281488
2021-04-29 09:53:56,2518.1,281489
2021-04-29 09:53:57,2519.25,281525
2021-04-29 09:53:58,2518.25,281545
2021-04-29 09:53:59,2518.25,281545
2021-04-29 09:54:00,2518.25,281545
2021-04-29 09:54:01,2518.25,281545
2021-04-29 09:54:02,2519.0,281546
2021-04-29 09:54:03,2519.0,281546
2021-04-29 09:54:04,2519.0,281546
2021-04-29 09:54:05,2519.0,281546
2021-04-29 09:54:06,2519.0,281546
2021-04-29 09:54:07,2518.3,281547
2021-04-29 09:54:08,2519.0,281549
2021-04-29 09:54:09,2518.3,281574
2021-04-29 09:54:10,2518.25,281630
2021-04-29 09:54:11,2518.3,281656
2021-04-29 09:54:12,2518.3,281656
2021-04-29 09:54:13,2518.3,281656
2021-04-29 09:54:14,2518.05,281857
2021-04-29 09:54:15,2518.05,281859
2021-04-29 09:54:16,2518.05,281859
2021-04-29 09:54:17,2518.05,281859
2021-04-29 09:54:18,2518.05,281859
2021-04-29 09:54:19,2518.05,281859
2021-04-29 09:54:20,2519.0,281860
2021-04-29 09:54:22,2519.0,281860
2021-04-29 09:54:23,2518.25,281880
2021-04-29 09:54:24,2514.4,284187
2021-04-29 09:54:25,2514.65,284560
2021-04-29 09:54:26,2516.55,284663
2021-04-29 09:54:27,2516.35,284684
2021-04-29 09:54:28,2516.35,284684
2021-04-29 09:54:29,2514.0,285047
2021-04-29 09:54:30,2514.0,285050
2021-04-29 09:54:31,2515.15,285060
2021-04-29 09:54:32,2512.8,285456
2021-04-29 09:54:33,2513.35,285519
2021-04-29 09:54:34,2513.35,285519
2021-04-29 09:54:35,2513.35,285531
2021-04-29 09:54:36,2513.35,285531
2021-04-29 09:54:37,2513.8,285532
2021-04-29 09:54:38,2513.95,285538
2021-04-29 09:54:39,2513.95,285552
2021-04-29 09:54:40,2514.05,285828
2021-04-29 09:54:41,2514.5,285895
2021-04-29 09:54:42,2514.5,285896
2021-04-29 09:54:43,2515.5,285965
2021-04-29 09:54:45,2515.7,286229
2021-04-29 09:54:46,2515.55,286380
2021-04-29 09:54:47,2515.55,286380
2021-04-29 09:54:48,2515.0,286385
2021-04-29 09:54:49,2515.0,286385
2021-04-29 09:54:50,2515.0,286385
2021-04-29 09:54:51,2515.15,286387
2021-04-29 09:54:52,2515.15,286398
2021-04-29 09:54:53,2515.15,286422
2021-04-29 09:54:54,2515.15,286440
2021-04-29 09:54:55,2515.15,286443
2021-04-29 09:54:56,2515.15,286450
2021-04-29 09:54:57,2515.15,286461
2021-04-29 09:54:58,2515.15,286461
2021-04-29 09:54:59,2515.15,286561
2021-04-29 09:55:00,2515.0,286665
2021-04-29 09:55:01,2514.6,286666
2021-04-29 09:55:03,2514.55,286668
2021-04-29 09:55:05,2514.55,286706
2021-04-29 09:55:06,2514.55,286706
2021-04-29 09:55:07,2514.55,286706
2021-04-29 09:55:08,2515.85,286756
2021-04-29 09:55:09,2515.85,286864
2021-04-29 09:55:10,2515.85,286864
2021-04-29 09:55:11,2514.55,286879
2021-04-29 09:55:12,2514.55,286879
2021-04-29 09:55:13,2516.4,286885
2021-04-29 09:55:14,2516.4,286885
2021-04-29 09:55:15,2516.4,286885
2021-04-29 09:55:16,2515.65,286896
2021-04-29 09:55:17,2514.7,286944
2021-04-29 09:55:18,2515.6,286948
2021-04-29 09:55:19,2514.95,286998
2021-04-29 09:55:21,2514.95,287041
2021-04-29 09:55:22,2514.95,287041
2021-04-29 09:55:23,2515.0,287092
2021-04-29 09:55:24,2515.0,287093
2021-04-29 09:55:25,2515.0,287093
2021-04-29 09:55:26,2516.0,287116
2021-04-29 09:55:27,2515.25,287124
2021-04-29 09:55:28,2515.0,287227
2021-04-29 09:55:29,2515.0,287228
2021-04-29 09:55:30,2515.0,287231
2021-04-29 09:55:31,2516.85,287335
2021-04-29 09:55:33,2516.05,287344
2021-04-29 09:55:34,2517.9,287377
2021-04-29 09:55:35,2517.9,287377
2021-04-29 09:55:36,2516.0,287493
2021-04-29 09:55:37,2516.0,287494
2021-04-29 09:55:38,2517.45,287497
2021-04-29 09:55:39,2517.9,287506
2021-04-29 09:55:40,2517.9,287514
2021-04-29 09:55:41,2517.9,287514
2021-04-29 09:55:42,2517.9,287514
2021-04-29 09:55:44,2517.9,287514
2021-04-29 09:55:44,2517.9,287514
2021-04-29 09:55:45,2517.9,287514
2021-04-29 09:55:46,2516.75,287524
2021-04-29 09:55:48,2516.75,287524
2021-04-29 09:55:48,2516.85,287529
2021-04-29 09:55:49,2516.85,287534
2021-04-29 09:55:51,2516.05,287655
2021-04-29 09:55:52,2516.05,287655
2021-04-29 09:55:53,2516.0,287672
2021-04-29 09:55:54,2515.05,287674
2021-04-29 09:55:55,2516.15,287678
2021-04-29 09:55:56,2516.15,287678
2021-04-29 09:55:57,2516.15,287678
2021-04-29 09:55:58,2515.0,287728
2021-04-29 09:55:59,2515.0,287729
2021-04-29 09:56:00,2515.0,287793
2021-04-29 09:56:01,2515.0,287896
2021-04-29 09:56:02,2515.0,287906
2021-04-29 09:56:03,2515.0,287907
2021-04-29 09:56:04,2515.0,287960
2021-04-29 09:56:05,2515.0,288139
2021-04-29 09:56:06,2515.0,288141
2021-04-29 09:56:07,2515.0,288141
2021-04-29 09:56:08,2515.3,288145
2021-04-29 09:56:11,2517.4,288212
2021-04-29 09:56:12,2517.45,288226
2021-04-29 09:56:13,2516.25,288240
2021-04-29 09:56:14,2517.45,288244
2021-04-29 09:56:15,2517.45,288249
2021-04-29 09:56:16,2517.45,288257
2021-04-29 09:56:17,2516.4,288258
2021-04-29 09:56:18,2515.45,288442
2021-04-29 09:56:19,2514.15,288794
2021-04-29 09:56:20,2516.05,288878
2021-04-29 09:56:22,2515.2,288884
2021-04-29 09:56:21,2516.05,288878
2021-04-29 09:56:24,2517.1,288891
2021-04-29 09:56:24,2515.7,288892
2021-04-29 09:56:26,2515.7,288892
2021-04-29 09:56:27,2515.7,288892
2021-04-29 09:56:28,2516.0,288957
2021-04-29 09:56:29,2516.0,288957
2021-04-29 09:56:30,2516.0,288957
2021-04-29 09:56:30,2516.0,288957
2021-04-29 09:56:32,2515.0,288976
2021-04-29 09:56:33,2515.0,289002
2021-04-29 09:56:33,2515.75,289014
2021-04-29 09:56:34,2515.75,289014
2021-04-29 09:56:36,2515.0,289051
2021-04-29 09:56:38,2515.0,289051
2021-04-29 09:56:39,2514.55,289131
2021-04-29 09:56:40,2514.0,289187
2021-04-29 09:56:40,2514.05,289188
2021-04-29 09:56:42,2514.05,289188
2021-04-29 09:56:43,2514.1,289208
2021-04-29 09:56:43,2514.1,289208
2021-04-29 09:56:45,2514.0,289413
2021-04-29 09:56:45,2514.0,289415
2021-04-29 09:56:47,2514.0,289420
2021-04-29 09:56:47,2514.0,289415
2021-04-29 09:56:48,2514.0,289420
2021-04-29 09:56:49,2514.05,289545
2021-04-29 09:56:50,2514.05,289546
2021-04-29 09:56:51,2514.05,289546
2021-04-29 09:56:52,2515.0,289553
2021-04-29 09:56:53,2515.0,289553
2021-04-29 09:56:54,2515.0,289553
2021-04-29 09:56:55,2515.0,289553
2021-04-29 09:56:56,2515.0,289553
2021-04-29 09:56:57,2514.0,289557
2021-04-29 09:56:58,2514.0,289565
2021-04-29 09:56:59,2514.0,289620
2021-04-29 09:57:00,2512.25,290782
2021-04-29 09:57:02,2512.25,290922
2021-04-29 09:57:03,2510.9,291830
2021-04-29 09:57:04,2510.9,292498
2021-04-29 09:57:05,2510.05,292529
2021-04-29 09:57:06,2510.05,292529
2021-04-29 09:57:09,2510.3,292718
2021-04-29 09:57:10,2510.3,292723
2021-04-29 09:57:11,2511.6,292726
2021-04-29 09:57:11,2511.6,292726
2021-04-29 09:57:12,2510.75,292741
2021-04-29 09:57:13,2511.55,292796
2021-04-29 09:57:14,2511.6,292798
2021-04-29 09:57:16,2511.7,292876
2021-04-29 09:57:16,2510.75,292886
2021-04-29 09:57:17,2511.9,292902
2021-04-29 09:57:18,2512.15,292954
2021-04-29 09:57:19,2512.35,292966
2021-04-29 09:57:20,2511.55,292971
2021-04-29 09:57:21,2511.6,293241
2021-04-29 09:57:22,2511.6,293253
2021-04-29 09:57:23,2511.6,293261
2021-04-29 09:57:24,2510.85,293289
2021-04-29 09:57:25,2511.6,293300
2021-04-29 09:57:27,2510.7,293510
2021-04-29 09:57:28,2511.6,293575
2021-04-29 09:57:29,2512.0,293863
2021-04-29 09:57:30,2513.05,293876
2021-04-29 09:57:31,2512.0,294120
2021-04-29 09:57:32,2512.45,294178
2021-04-29 09:57:33,2511.1,294198
2021-04-29 09:57:34,2512.0,294283
2021-04-29 09:57:36,2512.9,294483
2021-04-29 09:57:37,2512.0,294486
2021-04-29 09:57:38,2512.0,294486
2021-04-29 09:57:38,2512.0,294486
2021-04-29 09:57:39,2512.0,294486
2021-04-29 09:57:41,2512.0,294550
2021-04-29 09:57:42,2511.4,294552
2021-04-29 09:57:43,2512.0,294554
2021-04-29 09:57:43,2511.4,294604
2021-04-29 09:57:44,2512.75,294666
2021-04-29 09:57:45,2512.4,294670
2021-04-29 09:57:46,2513.0,294673
2021-04-29 09:57:48,2513.75,294821
2021-04-29 09:57:48,2513.75,294821
2021-04-29 09:57:50,2512.5,294923
2021-04-29 09:57:51,2512.5,294924
2021-04-29 09:57:52,2512.5,294924
2021-04-29 09:57:53,2512.5,294924
2021-04-29 09:57:54,2514.0,294929
2021-04-29 09:57:54,2512.65,294933
2021-04-29 09:57:57,2512.75,295021
2021-04-29 09:57:58,2512.75,295021
2021-04-29 09:57:58,2514.0,295026
2021-04-29 09:58:00,2514.55,295028
2021-04-29 09:58:00,2514.55,295028
2021-04-29 09:58:02,2514.55,295028
2021-04-29 09:58:02,2514.85,295034
2021-04-29 09:58:04,2514.95,295040
2021-04-29 09:58:05,2515.0,295045
2021-04-29 09:58:06,2513.85,295050
2021-04-29 09:58:06,2513.85,295050
2021-04-29 09:58:07,2513.85,295157
2021-04-29 09:58:08,2513.85,295158
2021-04-29 09:58:10,2513.9,295174
2021-04-29 09:58:11,2513.85,295275
2021-04-29 09:58:12,2513.9,295293
2021-04-29 09:58:14,2515.75,295756
2021-04-29 09:58:15,2514.5,295806
2021-04-29 09:58:15,2514.55,295807
2021-04-29 09:58:17,2514.0,295857
2021-04-29 09:58:18,2514.0,295859
2021-04-29 09:58:18,2514.0,295859
2021-04-29 09:58:19,2513.85,296016
2021-04-29 09:58:20,2514.0,296026
2021-04-29 09:58:22,2514.0,296026
2021-04-29 09:58:23,2514.0,296076
2021-04-29 09:58:24,2513.85,296077
2021-04-29 09:58:25,2514.0,296079
2021-04-29 09:58:26,2514.0,296227
2021-04-29 09:58:27,2514.0,296228
2021-04-29 09:58:27,2514.0,296228
2021-04-29 09:58:28,2514.0,296273
2021-04-29 09:58:29,2515.0,296324
2021-04-29 09:58:31,2515.0,296354
2021-04-29 09:58:32,2515.0,296363
2021-04-29 09:58:33,2515.0,296363
2021-04-29 09:58:34,2515.0,296363
2021-04-29 09:58:35,2514.15,296368
2021-04-29 09:58:36,2514.15,296463
2021-04-29 09:58:37,2514.15,296464
2021-04-29 09:58:38,2514.15,296465
2021-04-29 09:58:39,2514.15,296465
2021-04-29 09:58:40,2514.6,296467
2021-04-29 09:58:41,2514.75,296487
2021-04-29 09:58:42,2514.15,296492
2021-04-29 09:58:43,2512.4,296835
2021-04-29 09:58:44,2512.45,296898
2021-04-29 09:58:45,2512.45,296926
2021-04-29 09:58:45,2512.45,296926
2021-04-29 09:58:46,2512.45,296930
2021-04-29 09:58:47,2513.8,296934
2021-04-29 09:58:48,2513.8,296934
2021-04-29 09:58:49,2513.8,296934
2021-04-29 09:58:51,2513.05,296944
2021-04-29 09:58:51,2513.05,296944
2021-04-29 09:58:52,2513.05,296944
2021-04-29 09:58:53,2513.05,296944
2021-04-29 09:58:55,2513.05,296945
2021-04-29 09:58:56,2514.0,296948
2021-04-29 09:58:57,2513.05,296953
2021-04-29 09:58:58,2513.05,296954
2021-04-29 09:58:59,2513.05,296955
2021-04-29 09:59:00,2514.1,297025
2021-04-29 09:59:01,2513.1,297029
2021-04-29 09:59:01,2511.25,297529
2021-04-29 09:59:03,2511.85,297590
2021-04-29 09:59:04,2511.85,297591
2021-04-29 09:59:05,2511.85,297591
2021-04-29 09:59:06,2512.0,297691
2021-04-29 09:59:07,2511.75,297771
2021-04-29 09:59:08,2512.0,297774
2021-04-29 09:59:09,2512.0,297774
2021-04-29 09:59:10,2512.0,297774
2021-04-29 09:59:12,2512.0,297929
2021-04-29 09:59:12,2512.0,297929
2021-04-29 09:59:13,2512.0,297929
2021-04-29 09:59:15,2512.0,297974
2021-04-29 09:59:17,2511.75,298028
2021-04-29 09:59:18,2512.0,298044
2021-04-29 09:59:19,2511.75,298046
2021-04-29 09:59:20,2512.0,298148
2021-04-29 09:59:21,2512.0,298217
2021-04-29 09:59:22,2512.0,298217
2021-04-29 09:59:23,2512.0,298217
2021-04-29 09:59:24,2512.0,298463
2021-04-29 09:59:25,2512.75,298470
2021-04-29 09:59:26,2512.0,298630
2021-04-29 09:59:27,2512.0,298750
2021-04-29 09:59:28,2512.0,298751
2021-04-29 09:59:29,2512.05,298758
2021-04-29 09:59:30,2512.0,298795
2021-04-29 09:59:31,2513.05,298800
2021-04-29 09:59:32,2513.25,298814
2021-04-29 09:59:33,2513.65,298819
2021-04-29 09:59:34,2512.25,298873
2021-04-29 09:59:35,2513.65,298883
2021-04-29 09:59:36,2512.6,298955
2021-04-29 09:59:37,2513.85,298978
2021-04-29 09:59:38,2513.85,298978
2021-04-29 09:59:39,2513.5,299014
2021-04-29 09:59:40,2513.5,299016
2021-04-29 09:59:41,2513.5,299026
2021-04-29 09:59:42,2513.95,299030
2021-04-29 09:59:43,2513.5,299032
2021-04-29 09:59:44,2514.0,299037
2021-04-29 09:59:45,2513.65,299040
2021-04-29 09:59:46,2513.65,299046
2021-04-29 09:59:47,2513.65,299046
2021-04-29 09:59:48,2513.65,299067
2021-04-29 09:59:49,2513.65,299070
2021-04-29 09:59:50,2513.65,299070
2021-04-29 09:59:52,2514.0,299120
2021-04-29 09:59:53,2514.0,299120
2021-04-29 09:59:53,2514.0,299120
2021-04-29 09:59:55,2513.55,299138
2021-04-29 09:59:56,2514.0,299147
2021-04-29 09:59:57,2513.55,299167
2021-04-29 09:59:58,2513.55,299167
2021-04-29 09:59:59,2513.55,299167
2021-04-29 10:00:00,2513.55,299184
2021-04-29 10:00:01,2513.55,299204
2021-04-29 10:00:01,2513.55,299184
2021-04-29 10:00:03,2513.55,299204
2021-04-29 10:00:04,2513.55,299212
2021-04-29 10:00:05,2514.0,299254
2021-04-29 10:00:06,2514.0,299254
2021-04-29 10:00:07,2514.0,299739
2021-04-29 10:00:08,2514.0,299794
2021-04-29 10:00:09,2514.0,299794
2021-04-29 10:00:10,2513.55,299796
2021-04-29 10:00:11,2513.55,299796
2021-04-29 10:00:12,2513.55,299802
2021-04-29 10:00:13,2513.55,299805
2021-04-29 10:00:14,2513.55,299806
2021-04-29 10:00:15,2514.0,299889
2021-04-29 10:00:16,2513.55,299891
2021-04-29 10:00:16,2513.55,299891
2021-04-29 10:00:18,2514.0,299893
2021-04-29 10:00:18,2513.55,299896
2021-04-29 10:00:20,2514.0,299908
2021-04-29 10:00:22,2514.0,299915
2021-04-29 10:00:23,2514.0,299927
2021-04-29 10:00:24,2513.55,299940
2021-04-29 10:00:25,2512.3,300572
2021-04-29 10:00:26,2510.4,301812
2021-04-29 10:00:28,2510.65,302048
2021-04-29 10:00:28,2511.8,302055
2021-04-29 10:00:29,2511.8,302055
2021-04-29 10:00:31,2513.55,302173
2021-04-29 10:00:32,2511.55,302182
2021-04-29 10:00:33,2511.55,302182
2021-04-29 10:00:34,2511.55,302182
2021-04-29 10:00:35,2511.55,302182
2021-04-29 10:00:36,2511.55,302182
2021-04-29 10:00:37,2512.9,302184
2021-04-29 10:00:38,2512.9,302184
2021-04-29 10:00:39,2512.9,302224
2021-04-29 10:00:40,2512.85,302324
2021-04-29 10:00:41,2512.85,303359
2021-04-29 10:00:42,2512.0,303459
2021-04-29 10:00:42,2512.0,303460
2021-04-29 10:00:43,2512.5,303465
2021-04-29 10:00:44,2512.5,303465
2021-04-29 10:00:46,2512.0,303474
2021-04-29 10:00:47,2512.5,303485
2021-04-29 10:00:47,2512.5,303485
2021-04-29 10:00:49,2512.0,303495
2021-04-29 10:00:50,2512.0,303511
2021-04-29 10:00:51,2512.5,303517
2021-04-29 10:00:52,2512.5,303524
2021-04-29 10:00:53,2512.0,303536
2021-04-29 10:00:54,2512.0,303615
2021-04-29 10:00:55,2512.0,303616
2021-04-29 10:00:57,2512.65,303659
2021-04-29 10:00:59,2512.85,303674
2021-04-29 10:01:00,2512.85,303718
2021-04-29 10:01:01,2512.85,303721
2021-04-29 10:01:02,2512.0,303771
2021-04-29 10:01:04,2512.05,303805
2021-04-29 10:01:05,2512.05,303805
2021-04-29 10:01:05,2512.05,303811
2021-04-29 10:01:06,2512.8,303821
2021-04-29 10:01:08,2512.8,303821
2021-04-29 10:01:09,2512.05,303846
2021-04-29 10:01:10,2512.05,303861
2021-04-29 10:01:10,2512.05,303862
2021-04-29 10:01:12,2512.05,303882
2021-04-29 10:01:13,2512.05,303882
2021-04-29 10:01:14,2512.0,303933
2021-04-29 10:01:15,2512.0,303933
2021-04-29 10:01:16,2512.0,303933
2021-04-29 10:01:16,2512.0,303933
2021-04-29 10:01:18,2512.0,303933
2021-04-29 10:01:19,2512.0,303933
2021-04-29 10:01:20,2512.5,303934
2021-04-29 10:01:21,2512.5,303934
2021-04-29 10:01:22,2512.5,303934
2021-04-29 10:01:23,2512.0,303949
2021-04-29 10:01:25,2512.0,304324
2021-04-29 10:01:26,2512.5,304330
2021-04-29 10:01:27,2512.5,304330
2021-04-29 10:01:28,2512.5,304330
2021-04-29 10:01:29,2511.6,304550
2021-04-29 10:01:30,2511.6,304550
2021-04-29 10:01:31,2511.6,304550
2021-04-29 10:01:32,2511.6,304550
2021-04-29 10:01:33,2510.65,304580
2021-04-29 10:01:33,2511.6,304550
2021-04-29 10:01:34,2510.65,304583
2021-04-29 10:01:35,2510.65,304583
2021-04-29 10:01:36,2510.65,304585
2021-04-29 10:01:37,2510.65,304585
2021-04-29 10:01:39,2510.65,304618
2021-04-29 10:01:40,2510.55,304738
2021-04-29 10:01:41,2510.65,304739
2021-04-29 10:01:42,2511.55,304740
2021-04-29 10:01:43,2510.65,304751
2021-04-29 10:01:43,2510.65,304753
2021-04-29 10:01:45,2511.6,304758
2021-04-29 10:01:46,2511.0,304759
2021-04-29 10:01:47,2512.0,304959
2021-04-29 10:01:48,2512.0,304959
2021-04-29 10:01:49,2510.9,304962
2021-04-29 10:01:50,2510.9,304962
2021-04-29 10:01:51,2510.75,305170
2021-04-29 10:01:52,2512.45,305297
2021-04-29 10:01:53,2510.9,305505
2021-04-29 10:01:54,2510.75,305516
2021-04-29 10:01:55,2510.9,305518
2021-04-29 10:01:56,2511.9,305528
2021-04-29 10:01:58,2510.8,305553
2021-04-29 10:01:59,2510.8,305554
2021-04-29 10:02:00,2510.8,305554
2021-04-29 10:02:01,2510.8,305554
2021-04-29 10:02:02,2511.0,305559
2021-04-29 10:02:03,2511.0,305559
2021-04-29 10:02:04,2511.0,305574
2021-04-29 10:02:04,2511.0,305564
2021-04-29 10:02:05,2511.0,305574
2021-04-29 10:02:06,2511.0,305574
2021-04-29 10:02:07,2511.0,305574
2021-04-29 10:02:08,2510.5,306363
2021-04-29 10:02:09,2511.0,306371
2021-04-29 10:02:11,2511.0,306381
2021-04-29 10:02:12,2511.9,306382
2021-04-29 10:02:13,2511.0,306447
2021-04-29 10:02:14,2511.0,306448
2021-04-29 10:02:15,2511.0,306558
2021-04-29 10:02:16,2511.0,306559
2021-04-29 10:02:17,2511.0,306559
2021-04-29 10:02:19,2511.0,306559
2021-04-29 10:02:20,2511.0,306615
2021-04-29 10:02:21,2511.0,306615
2021-04-29 10:02:22,2511.0,306615
2021-04-29 10:02:23,2511.0,306615
2021-04-29 10:02:24,2511.0,306615
2021-04-29 10:02:25,2511.05,306685
2021-04-29 10:02:26,2511.05,306686
2021-04-29 10:02:27,2511.05,306686
2021-04-29 10:02:28,2511.05,306688
2021-04-29 10:02:29,2511.05,306688
2021-04-29 10:02:30,2511.05,306688
2021-04-29 10:02:31,2511.05,306688
2021-04-29 10:02:32,2511.05,306693
2021-04-29 10:02:33,2511.8,306695
2021-04-29 10:02:34,2511.8,306695
2021-04-29 10:02:35,2511.05,306735
2021-04-29 10:02:36,2511.05,306748
2021-04-29 10:02:37,2511.05,306752
2021-04-29 10:02:38,2511.8,306754
2021-04-29 10:02:39,2511.05,306755
2021-04-29 10:02:40,2511.05,306755
2021-04-29 10:02:41,2511.05,306756
2021-04-29 10:02:42,2511.05,306792
2021-04-29 10:02:43,2511.0,307143
2021-04-29 10:02:44,2511.05,307261
2021-04-29 10:02:45,2511.05,307261
2021-04-29 10:02:46,2510.2,307362
2021-04-29 10:02:47,2510.2,307364
2021-04-29 10:02:47,2510.5,307369
2021-04-29 10:02:48,2510.5,307369
2021-04-29 10:02:50,2511.05,307404
2021-04-29 10:02:51,2511.05,307404
2021-04-29 10:02:52,2511.05,307404
2021-04-29 10:02:53,2510.5,307409
2021-04-29 10:02:54,2510.5,307483
2021-04-29 10:02:55,2510.5,307484
2021-04-29 10:02:56,2510.5,307486
2021-04-29 10:02:57,2510.5,307486
2021-04-29 10:02:57,2510.6,307490
2021-04-29 10:02:58,2510.5,307590
2021-04-29 10:02:59,2510.5,307592
2021-04-29 10:03:01,2510.5,307631
2021-04-29 10:03:02,2510.5,307656
2021-04-29 10:03:03,2510.5,307656
2021-04-29 10:03:04,2510.0,307706
2021-04-29 10:03:05,2511.0,307708
2021-04-29 10:03:06,2511.0,307708
2021-04-29 10:03:07,2511.0,307708
2021-04-29 10:03:08,2510.05,307718
2021-04-29 10:03:09,2510.0,307812
2021-04-29 10:03:10,2510.0,307813
2021-04-29 10:03:11,2510.0,307818
2021-04-29 10:03:12,2510.5,307872
2021-04-29 10:03:13,2510.5,307873
2021-04-29 10:03:14,2510.25,307875
2021-04-29 10:03:15,2510.25,307880
2021-04-29 10:03:16,2511.0,307930
2021-04-29 10:03:17,2510.25,307960
2021-04-29 10:03:18,2511.0,308324
2021-04-29 10:03:19,2510.0,308424
2021-04-29 10:03:20,2511.0,308435
2021-04-29 10:03:21,2511.0,308435
2021-04-29 10:03:22,2510.0,308470
2021-04-29 10:03:23,2510.05,308474
2021-04-29 10:03:25,2510.05,308474
2021-04-29 10:03:26,2510.05,308474
2021-04-29 10:03:27,2511.0,308475
2021-04-29 10:03:28,2510.05,308575
2021-04-29 10:03:30,2510.95,308595
2021-04-29 10:03:31,2510.95,308595
2021-04-29 10:03:32,2511.0,308627
2021-04-29 10:03:33,2510.05,308634
2021-04-29 10:03:34,2510.0,308684
2021-04-29 10:03:35,2510.05,308685
2021-04-29 10:03:36,2510.1,308710
2021-04-29 10:03:37,2510.1,308710
2021-04-29 10:03:38,2510.1,308710
2021-04-29 10:03:38,2510.5,308732
2021-04-29 10:03:39,2510.25,308737
2021-04-29 10:03:41,2510.0,308846
2021-04-29 10:03:42,2510.0,308959
2021-04-29 10:03:43,2510.0,308995
2021-04-29 10:03:44,2510.0,309065
2021-04-29 10:03:45,2510.0,309067
2021-04-29 10:03:47,2510.0,309093
2021-04-29 10:03:48,2510.0,309093
2021-04-29 10:03:49,2510.0,309093
2021-04-29 10:03:49,2510.0,309093
2021-04-29 10:03:50,2510.0,309296
2021-04-29 10:03:52,2510.1,309517
2021-04-29 10:03:53,2510.05,309520
2021-04-29 10:03:54,2510.05,309628
2021-04-29 10:03:57,2510.1,309651
2021-04-29 10:03:57,2510.15,309652
2021-04-29 10:03:59,2510.7,309981
2021-04-29 10:04:00,2510.8,309984
2021-04-29 10:04:01,2511.95,309991
2021-04-29 10:04:02,2510.8,310003
2021-04-29 10:04:03,2510.8,310005
2021-04-29 10:04:04,2510.8,310025
2021-04-29 10:04:05,2510.8,310026
2021-04-29 10:04:06,2510.8,310026
2021-04-29 10:04:08,2510.8,310026
2021-04-29 10:04:09,2511.0,310076
2021-04-29 10:04:10,2512.0,310276
2021-04-29 10:04:11,2512.0,310276
2021-04-29 10:04:12,2512.0,310276
2021-04-29 10:04:13,2510.9,310277
2021-04-29 10:04:14,2510.9,310282
2021-04-29 10:04:15,2512.5,310740
2021-04-29 10:04:16,2511.55,310742
2021-04-29 10:04:17,2511.55,310742
2021-04-29 10:04:18,2513.0,311046
2021-04-29 10:04:19,2511.65,311057
2021-04-29 10:04:20,2511.65,311097
2021-04-29 10:04:21,2511.65,311097
2021-04-29 10:04:22,2512.95,311098
2021-04-29 10:04:23,2513.0,311152
2021-04-29 10:04:24,2513.0,311152
2021-04-29 10:04:25,2513.0,311152
2021-04-29 10:04:26,2513.0,311152
2021-04-29 10:04:27,2513.0,311152
2021-04-29 10:04:29,2511.85,311196
2021-04-29 10:04:30,2513.35,311509
2021-04-29 10:04:31,2513.7,311524
2021-04-29 10:04:32,2513.0,311624
2021-04-29 10:04:33,2513.15,311625
2021-04-29 10:04:34,2514.0,311675
2021-04-29 10:04:35,2513.15,311805
2021-04-29 10:04:36,2514.0,311857
2021-04-29 10:04:37,2513.15,311859
2021-04-29 10:04:38,2514.8,312010
2021-04-29 10:04:39,2514.8,312020
2021-04-29 10:04:40,2514.8,312020
2021-04-29 10:04:41,2514.8,312020
2021-04-29 10:04:43,2514.75,312087
2021-04-29 10:04:45,2513.55,312088
2021-04-29 10:04:46,2513.55,312088
2021-04-29 10:04:48,2514.8,312123
2021-04-29 10:04:49,2514.75,312125
2021-04-29 10:04:50,2514.75,312135
2021-04-29 10:04:51,2514.75,312135
2021-04-29 10:04:52,2514.75,312151
2021-04-29 10:04:53,2514.8,312176
2021-04-29 10:04:54,2514.75,312302
2021-04-29 10:04:55,2514.75,312304
2021-04-29 10:04:56,2514.8,312458
2021-04-29 10:04:57,2515.15,313353
2021-04-29 10:04:58,2516.95,314128
2021-04-29 10:04:59,2515.0,314256
2021-04-29 10:05:00,2516.25,314343
2021-04-29 10:05:02,2516.25,314343
2021-04-29 10:05:03,2516.25,314343
2021-04-29 10:05:04,2515.15,314351
2021-04-29 10:05:05,2515.15,314351
2021-04-29 10:05:06,2515.2,314352
2021-04-29 10:05:07,2515.45,314454
2021-04-29 10:05:08,2515.45,314455
2021-04-29 10:05:09,2515.2,314543
2021-04-29 10:05:10,2515.2,314659
2021-04-29 10:05:11,2515.2,314660
2021-04-29 10:05:12,2515.2,314660
2021-04-29 10:05:13,2515.2,314667
2021-04-29 10:05:14,2515.2,314667
2021-04-29 10:05:15,2517.4,315167
2021-04-29 10:05:16,2515.4,315567
2021-04-29 10:05:17,2515.5,315594
2021-04-29 10:05:18,2515.2,315995
2021-04-29 10:05:20,2516.0,316000
2021-04-29 10:05:21,2516.4,316033
2021-04-29 10:05:22,2516.4,316033
2021-04-29 10:05:23,2516.4,316033
2021-04-29 10:05:24,2516.45,316036
2021-04-29 10:05:25,2516.45,316036
2021-04-29 10:05:28,2516.0,316046
2021-04-29 10:05:29,2516.0,316127
2021-04-29 10:05:30,2516.0,316166
2021-04-29 10:05:31,2516.0,316168
2021-04-29 10:05:32,2516.0,316168
2021-04-29 10:05:33,2518.4,316461
2021-04-29 10:05:34,2518.4,316461
2021-04-29 10:05:35,2518.35,316463
2021-04-29 10:05:36,2516.95,316467
2021-04-29 10:05:37,2516.9,316485
2021-04-29 10:05:38,2518.15,316487
2021-04-29 10:05:39,2518.15,316490
2021-04-29 10:05:40,2518.15,316591
2021-04-29 10:05:41,2518.35,316642
2021-04-29 10:05:42,2518.35,316642
2021-04-29 10:05:43,2517.0,316844
2021-04-29 10:05:44,2518.4,316883
2021-04-29 10:05:45,2518.4,316883
2021-04-29 10:05:46,2518.6,316899
2021-04-29 10:05:47,2518.6,316899
2021-04-29 10:05:48,2518.0,317389
2021-04-29 10:05:49,2519.0,317411
2021-04-29 10:05:50,2519.0,317411
2021-04-29 10:05:51,2516.85,317761
2021-04-29 10:05:53,2517.0,317865
2021-04-29 10:05:54,2517.0,317866
2021-04-29 10:05:56,2518.55,317966
2021-04-29 10:05:57,2518.55,317967
2021-04-29 10:05:58,2518.55,317967
2021-04-29 10:05:59,2518.95,317971
2021-04-29 10:06:00,2518.95,317971
2021-04-29 10:06:01,2519.0,318190
2021-04-29 10:06:02,2519.95,319810
2021-04-29 10:06:04,2519.95,319810
2021-04-29 10:06:03,2519.95,319810
2021-04-29 10:06:05,2519.75,319898
2021-04-29 10:06:06,2519.75,319912
2021-04-29 10:06:07,2518.5,319917
2021-04-29 10:06:08,2519.85,320133
2021-04-29 10:06:09,2518.65,320143
2021-04-29 10:06:10,2518.65,320143
2021-04-29 10:06:11,2518.65,320143
2021-04-29 10:06:12,2518.0,320581
2021-04-29 10:06:13,2518.2,320640
2021-04-29 10:06:14,2518.85,321140
2021-04-29 10:06:15,2518.85,321140
2021-04-29 10:06:16,2518.85,321140
2021-04-29 10:06:17,2517.55,321144
2021-04-29 10:06:18,2519.2,321244
2021-04-29 10:06:19,2519.2,321244
2021-04-29 10:06:21,2518.65,321264
2021-04-29 10:06:23,2518.85,321295
2021-04-29 10:06:22,2518.85,321295
2021-04-29 10:06:25,2518.0,321365
2021-04-29 10:06:26,2518.0,321365
2021-04-29 10:06:28,2518.65,321370
2021-04-29 10:06:28,2519.15,321585
2021-04-29 10:06:29,2519.15,321585
2021-04-29 10:06:32,2518.0,321590
2021-04-29 10:06:32,2517.0,321624
2021-04-29 10:06:33,2518.35,321695
2021-04-29 10:06:34,2518.35,321695
2021-04-29 10:06:35,2518.0,321696
2021-04-29 10:06:36,2518.5,321700
2021-04-29 10:06:37,2518.65,321751
2021-04-29 10:06:38,2519.15,321754
2021-04-29 10:06:39,2519.85,321765
2021-04-29 10:06:40,2519.85,321765
2021-04-29 10:06:42,2518.0,321801
2021-04-29 10:06:42,2518.0,321812
2021-04-29 10:06:44,2518.0,321812
2021-04-29 10:06:44,2518.0,321812
2021-04-29 10:06:45,2518.0,321812
2021-04-29 10:06:46,2519.2,321827
2021-04-29 10:06:47,2519.2,321827
2021-04-29 10:06:48,2518.35,321829
2021-04-29 10:06:49,2518.35,321849
2021-04-29 10:06:50,2519.0,321853
2021-04-29 10:06:52,2519.0,321853
2021-04-29 10:06:52,2518.4,321858
2021-04-29 10:06:53,2518.4,321858
2021-04-29 10:06:54,2518.4,321960
2021-04-29 10:06:55,2518.4,321961
2021-04-29 10:06:56,2518.4,321961
2021-04-29 10:06:57,2519.15,322066
2021-04-29 10:06:58,2519.15,322066
2021-04-29 10:06:59,2519.55,322266
2021-04-29 10:07:00,2519.4,322271
2021-04-29 10:07:01,2519.4,322271
2021-04-29 10:07:03,2519.65,322323
2021-04-29 10:07:04,2519.65,322323
2021-04-29 10:07:05,2518.8,322333
2021-04-29 10:07:07,2519.9,322345
2021-04-29 10:07:07,2519.9,322345
2021-04-29 10:07:08,2519.8,323166
2021-04-29 10:07:09,2520.4,323736
2021-04-29 10:07:10,2522.55,323745
2021-04-29 10:07:11,2522.6,323750
2021-04-29 10:07:12,2522.6,323750
2021-04-29 10:07:13,2522.6,323750
2021-04-29 10:07:14,2522.6,323761
2021-04-29 10:07:15,2523.1,323763
2021-04-29 10:07:16,2521.15,323793
2021-04-29 10:07:18,2521.1,323795
2021-04-29 10:07:19,2521.1,323795
2021-04-29 10:07:19,2521.1,323795
2021-04-29 10:07:21,2522.35,323948
2021-04-29 10:07:22,2522.0,324065
2021-04-29 10:07:23,2522.5,324112
2021-04-29 10:07:25,2522.5,324117
2021-04-29 10:07:25,2522.5,324117
2021-04-29 10:07:26,2522.5,324121
2021-04-29 10:07:27,2522.0,324155
2021-04-29 10:07:28,2522.5,324227
2021-04-29 10:07:30,2521.4,324230
2021-04-29 10:07:31,2522.5,324331
2021-04-29 10:07:32,2522.5,324331
2021-04-29 10:07:34,2522.6,324486
2021-04-29 10:07:34,2522.6,324486
2021-04-29 10:07:35,2521.55,324492
2021-04-29 10:07:37,2521.55,324492
2021-04-29 10:07:38,2522.6,324592
2021-04-29 10:07:39,2521.65,324594
2021-04-29 10:07:40,2521.65,324594
2021-04-29 10:07:41,2521.7,324596
2021-04-29 10:07:42,2521.7,324596
2021-04-29 10:07:43,2523.3,324832
2021-04-29 10:07:44,2523.3,324832
2021-04-29 10:07:45,2523.3,324832
2021-04-29 10:07:46,2522.2,324903
2021-04-29 10:07:47,2523.0,324949
2021-04-29 10:07:48,2523.0,324969
2021-04-29 10:07:49,2523.0,324969
2021-04-29 10:07:50,2522.6,325372
2021-04-29 10:07:51,2522.95,325503
2021-04-29 10:07:52,2523.35,325523
2021-04-29 10:07:54,2522.5,325606
2021-04-29 10:07:54,2522.5,325606
2021-04-29 10:07:55,2521.6,325616
2021-04-29 10:07:56,2522.5,325663
2021-04-29 10:07:57,2522.5,325729
2021-04-29 10:07:58,2522.5,325729
2021-04-29 10:07:59,2522.05,325771
2021-04-29 10:08:00,2522.0,325815
2021-04-29 10:08:01,2522.5,325828
2021-04-29 10:08:02,2522.0,325870
2021-04-29 10:08:03,2522.0,325871
2021-04-29 10:08:04,2522.0,325931
2021-04-29 10:08:05,2522.0,325933
2021-04-29 10:08:06,2522.0,325981
2021-04-29 10:08:07,2522.0,325981
2021-04-29 10:08:08,2522.0,326028
2021-04-29 10:08:09,2522.5,326039
2021-04-29 10:08:10,2522.5,326039
2021-04-29 10:08:11,2522.4,326047
2021-04-29 10:08:12,2521.3,326152
2021-04-29 10:08:13,2522.0,326164
2021-04-29 10:08:16,2521.3,326214
2021-04-29 10:08:17,2521.3,326319
2021-04-29 10:08:18,2521.3,326320
2021-04-29 10:08:19,2521.3,326320
2021-04-29 10:08:20,2522.4,326345
2021-04-29 10:08:22,2521.3,326350
2021-04-29 10:08:22,2521.3,326350
2021-04-29 10:08:23,2521.3,326350
2021-04-29 10:08:24,2521.3,326372
2021-04-29 10:08:25,2521.3,326412
2021-04-29 10:08:26,2521.3,326417
2021-04-29 10:08:28,2521.3,326422
2021-04-29 10:08:29,2522.25,326427
2021-04-29 10:08:30,2522.25,326428
2021-04-29 10:08:32,2522.25,326428
2021-04-29 10:08:33,2522.0,326448
2021-04-29 10:08:34,2522.5,326461
2021-04-29 10:08:34,2522.5,326461
2021-04-29 10:08:35,2522.5,326468
2021-04-29 10:08:36,2522.35,326513
2021-04-29 10:08:37,2522.35,326513
2021-04-29 10:08:38,2522.05,326573
2021-04-29 10:08:39,2522.0,326673
2021-04-29 10:08:40,2522.0,326674
2021-04-29 10:08:41,2522.0,326677
2021-04-29 10:08:42,2522.85,326998
2021-04-29 10:08:43,2522.0,326999
2021-04-29 10:08:44,2522.0,326999
2021-04-29 10:08:45,2522.0,327002
2021-04-29 10:08:46,2522.0,327002
2021-04-29 10:08:48,2522.0,327008
2021-04-29 10:08:49,2522.85,327014
2021-04-29 10:08:50,2522.0,327017
2021-04-29 10:08:50,2522.0,327017
2021-04-29 10:08:52,2522.85,327041
2021-04-29 10:08:52,2522.85,327041
2021-04-29 10:08:54,2522.85,327041
2021-04-29 10:08:54,2522.85,327041
2021-04-29 10:08:55,2523.0,327081
2021-04-29 10:08:56,2523.0,327081
2021-04-29 10:08:59,2522.05,327152
2021-04-29 10:08:59,2522.8,327252
2021-04-29 10:09:01,2522.8,327252
2021-04-29 10:09:01,2522.8,327252
2021-04-29 10:09:02,2522.8,327252
2021-04-29 10:09:04,2522.05,327253
2021-04-29 10:09:05,2522.05,327254
2021-04-29 10:09:06,2522.85,327304
2021-04-29 10:09:07,2522.85,327304
2021-04-29 10:09:09,2521.3,327572
2021-04-29 10:09:10,2521.8,327641
2021-04-29 10:09:11,2521.8,327641
2021-04-29 10:09:11,2521.0,327687
2021-04-29 10:09:12,2520.5,327688
2021-04-29 10:09:14,2521.8,327882
2021-04-29 10:09:15,2521.6,327969
2021-04-29 10:09:16,2521.6,327969
2021-04-29 10:09:18,2520.5,328182
2021-04-29 10:09:18,2520.5,328180
2021-04-29 10:09:20,2521.1,328530
2021-04-29 10:09:22,2519.7,328649
2021-04-29 10:09:22,2519.7,328650
2021-04-29 10:09:24,2519.7,328650
2021-04-29 10:09:25,2519.75,328692
2021-04-29 10:09:26,2519.7,328734
2021-04-29 10:09:29,2519.95,328739
2021-04-29 10:09:30,2519.95,328739
2021-04-29 10:09:31,2519.95,328739
2021-04-29 10:09:32,2518.6,328751
2021-04-29 10:09:33,2520.0,328756
2021-04-29 10:09:34,2518.6,328880
2021-04-29 10:09:35,2518.6,328881
2021-04-29 10:09:36,2518.6,328882
2021-04-29 10:09:37,2518.65,328893
2021-04-29 10:09:37,2518.65,328893
2021-04-29 10:09:39,2518.35,328993
2021-04-29 10:09:40,2518.0,329040
2021-04-29 10:09:41,2518.0,329040
2021-04-29 10:09:42,2518.0,329040
2021-04-29 10:09:43,2519.6,329045
2021-04-29 10:09:43,2519.6,329045
2021-04-29 10:09:45,2518.95,329188
2021-04-29 10:09:46,2518.95,329189
2021-04-29 10:09:48,2518.75,329345
2021-04-29 10:09:49,2518.75,329346
2021-04-29 10:09:50,2518.5,329536
2021-04-29 10:09:51,2518.35,329588
2021-04-29 10:09:53,2518.05,329607
2021-04-29 10:09:54,2518.05,329607
2021-04-29 10:09:55,2518.0,329634
2021-04-29 10:09:56,2518.15,329776
2021-04-29 10:09:57,2518.15,329778
2021-04-29 10:09:58,2518.05,329878
2021-04-29 10:10:00,2518.0,330279
2021-04-29 10:10:01,2517.05,332601
2021-04-29 10:10:01,2517.05,332601
2021-04-29 10:10:02,2514.75,332686
2021-04-29 10:10:03,2516.0,332687
2021-04-29 10:10:04,2516.0,332697
2021-04-29 10:10:05,2517.2,332721
2021-04-29 10:10:06,2517.2,332721
2021-04-29 10:10:07,2517.2,332721
2021-04-29 10:10:08,2517.2,332721
2021-04-29 10:10:10,2516.0,332815
2021-04-29 10:10:10,2516.0,332816
2021-04-29 10:10:12,2516.0,332876
2021-04-29 10:10:13,2516.0,332877
2021-04-29 10:10:13,2516.0,332877
2021-04-29 10:10:14,2516.0,332978
2021-04-29 10:10:15,2516.95,333004
2021-04-29 10:10:17,2516.9,333078
2021-04-29 10:10:18,2516.0,333080
2021-04-29 10:10:19,2516.9,333130
2021-04-29 10:10:20,2516.9,333130
2021-04-29 10:10:21,2517.05,333219
2021-04-29 10:10:22,2517.05,333219
2021-04-29 10:10:22,2517.05,333219
2021-04-29 10:10:24,2516.1,333224
2021-04-29 10:10:26,2516.25,333225
2021-04-29 10:10:27,2516.25,333225
2021-04-29 10:10:29,2516.25,333225
2021-04-29 10:10:30,2516.25,333225
2021-04-29 10:10:32,2514.8,333316
2021-04-29 10:10:33,2514.8,333317
2021-04-29 10:10:33,2514.8,333317
2021-04-29 10:10:35,2516.0,333327
2021-04-29 10:10:36,2516.0,333327
2021-04-29 10:10:37,2515.1,333387
2021-04-29 10:10:37,2515.1,333387
2021-04-29 10:10:38,2515.1,333387
2021-04-29 10:10:39,2514.95,333502
2021-04-29 10:10:40,2516.0,333513
2021-04-29 10:10:42,2516.7,333517
2021-04-29 10:10:43,2515.3,333520
2021-04-29 10:10:44,2515.3,333520
2021-04-29 10:10:45,2514.35,333663
2021-04-29 10:10:46,2514.45,333665
2021-04-29 10:10:47,2514.45,333765
2021-04-29 10:10:48,2514.5,333767
2021-04-29 10:10:48,2514.5,333767
2021-04-29 10:10:50,2514.5,333767
2021-04-29 10:10:51,2514.5,333767
2021-04-29 10:10:52,2514.5,333767
2021-04-29 10:10:53,2515.3,333770
2021-04-29 10:10:54,2515.0,333774
2021-04-29 10:10:55,2515.7,333782
2021-04-29 10:10:56,2515.7,333782
2021-04-29 10:10:58,2515.0,333792
2021-04-29 10:10:59,2514.0,334292
2021-04-29 10:10:59,2514.3,334297
2021-04-29 10:11:00,2514.3,334336
2021-04-29 10:11:01,2515.75,334340
2021-04-29 10:11:02,2515.85,334378
2021-04-29 10:11:03,2515.85,334378
2021-04-29 10:11:04,2515.85,334378
2021-04-29 10:11:06,2514.45,334384
2021-04-29 10:11:06,2514.45,334384
2021-04-29 10:11:07,2514.45,334384
2021-04-29 10:11:09,2514.45,334384
2021-04-29 10:11:10,2514.45,334409
2021-04-29 10:11:11,2514.3,334479
2021-04-29 10:11:11,2514.3,334480
2021-04-29 10:11:12,2514.3,334480
2021-04-29 10:11:13,2515.0,334580
2021-04-29 10:11:14,2515.0,334581
2021-04-29 10:11:15,2515.0,334641
2021-04-29 10:11:16,2514.85,334683
2021-04-29 10:11:17,2514.85,334683
2021-04-29 10:11:19,2514.85,334683
2021-04-29 10:11:20,2516.6,334974
2021-04-29 10:11:21,2516.6,334977
2021-04-29 10:11:22,2516.6,334977
2021-04-29 10:11:23,2516.6,334977
2021-04-29 10:11:24,2516.6,334977
2021-04-29 10:11:24,2516.6,334977
2021-04-29 10:11:25,2516.6,334977
2021-04-29 10:11:27,2514.45,335337
2021-04-29 10:11:27,2514.45,335341
2021-04-29 10:11:29,2515.9,335349
2021-04-29 10:11:29,2515.9,335352
2021-04-29 10:11:31,2515.9,335352
2021-04-29 10:11:31,2515.85,335362
2021-04-29 10:11:32,2515.85,335372
2021-04-29 10:11:33,2515.85,335378
2021-04-29 10:11:35,2515.85,335378
2021-04-29 10:11:36,2515.85,335378
2021-04-29 10:11:37,2515.85,335378
2021-04-29 10:11:38,2516.95,335440
2021-04-29 10:11:39,2516.0,335445
2021-04-29 10:11:39,2516.0,335445
2021-04-29 10:11:41,2516.0,335445
2021-04-29 10:11:41,2516.0,335445
2021-04-29 10:11:43,2515.95,335549
2021-04-29 10:11:44,2515.95,335549
2021-04-29 10:11:45,2515.45,335850
2021-04-29 10:11:46,2515.65,335853
2021-04-29 10:11:47,2515.65,335853
2021-04-29 10:11:48,2515.65,335853
2021-04-29 10:11:49,2515.95,335873
2021-04-29 10:11:51,2516.05,335874
2021-04-29 10:11:53,2516.05,335874
2021-04-29 10:11:52,2516.05,335874
2021-04-29 10:11:54,2516.05,335876
2021-04-29 10:11:55,2516.05,335881
2021-04-29 10:11:56,2516.05,335881
2021-04-29 10:11:59,2516.05,335882
2021-04-29 10:12:00,2516.05,335882
2021-04-29 10:12:01,2516.05,335882
2021-04-29 10:12:01,2516.05,335882
2021-04-29 10:12:02,2516.05,335882
2021-04-29 10:12:03,2516.05,335882
2021-04-29 10:12:04,2516.05,335889
2021-04-29 10:12:05,2516.05,335889
2021-04-29 10:12:06,2516.05,335889
2021-04-29 10:12:07,2516.05,335889
2021-04-29 10:12:08,2516.05,335889
2021-04-29 10:12:09,2516.05,335889
2021-04-29 10:12:10,2516.05,335889
2021-04-29 10:12:11,2516.05,335891
2021-04-29 10:12:12,2516.05,335891
2021-04-29 10:12:13,2516.05,335891
2021-04-29 10:12:15,2516.05,335906
2021-04-29 10:12:16,2516.05,335906
2021-04-29 10:12:17,2516.05,335907
2021-04-29 10:12:18,2516.05,335907
2021-04-29 10:12:19,2516.15,336017
2021-04-29 10:12:20,2516.15,336048
2021-04-29 10:12:20,2516.15,336018
2021-04-29 10:12:21,2516.15,336048
2021-04-29 10:12:22,2516.15,336048
2021-04-29 10:12:23,2516.15,336048
2021-04-29 10:12:24,2516.15,336060
2021-04-29 10:12:25,2516.15,336070
2021-04-29 10:12:26,2517.4,336120
2021-04-29 10:12:27,2517.4,336120
2021-04-29 10:12:28,2517.4,336120
2021-04-29 10:12:30,2517.4,336121
2021-04-29 10:12:31,2517.4,336121
2021-04-29 10:12:33,2517.4,336121
2021-04-29 10:12:35,2516.6,336126
2021-04-29 10:12:36,2516.55,336136
2021-04-29 10:12:38,2516.6,336163
2021-04-29 10:12:39,2516.6,336163
2021-04-29 10:12:40,2516.6,336163
2021-04-29 10:12:41,2516.6,336163
2021-04-29 10:12:42,2516.6,336163
2021-04-29 10:12:43,2517.4,336242
2021-04-29 10:12:44,2516.6,336251
2021-04-29 10:12:45,2516.6,336251
2021-04-29 10:12:46,2516.6,336251
2021-04-29 10:12:47,2516.6,336251
2021-04-29 10:12:47,2514.45,336751
2021-04-29 10:12:49,2517.2,336771
2021-04-29 10:12:50,2517.3,336773
2021-04-29 10:12:50,2517.35,336789
2021-04-29 10:12:51,2517.35,336789
2021-04-29 10:12:52,2517.35,336789
2021-04-29 10:12:54,2517.35,336789
2021-04-29 10:12:55,2517.35,336789
2021-04-29 10:12:57,2516.6,336795
2021-04-29 10:13:01,2516.6,336840
2021-04-29 10:13:02,2516.6,336840
2021-04-29 10:13:03,2516.6,336885
2021-04-29 10:13:04,2517.4,337186
2021-04-29 10:13:06,2517.4,337186
2021-04-29 10:13:07,2517.4,337186
2021-04-29 10:13:08,2517.4,337186
2021-04-29 10:13:09,2517.4,337186
2021-04-29 10:13:10,2517.4,337191
2021-04-29 10:13:11,2517.4,337191
2021-04-29 10:13:12,2516.6,337216
2021-04-29 10:13:13,2516.6,337217
2021-04-29 10:13:14,2516.6,337217
2021-04-29 10:13:14,2516.6,337217
2021-04-29 10:13:15,2517.4,337218
2021-04-29 10:13:16,2517.4,337218
2021-04-29 10:13:18,2517.4,337244
2021-04-29 10:13:19,2516.6,337334
2021-04-29 10:13:20,2516.65,337335
2021-04-29 10:13:20,2516.65,337335
2021-04-29 10:13:22,2518.0,337336
2021-04-29 10:13:23,2519.5,337883
2021-04-29 10:13:24,2519.5,337883
2021-04-29 10:13:25,2519.55,337900
2021-04-29 10:13:26,2519.55,337900
2021-04-29 10:13:27,2518.65,337950
2021-04-29 10:13:28,2519.5,337955
2021-04-29 10:13:30,2519.5,337955
2021-04-29 10:13:32,2519.55,337959
2021-04-29 10:13:32,2519.55,337994
2021-04-29 10:13:33,2519.55,337995
2021-04-29 10:13:34,2518.75,338006
2021-04-29 10:13:36,2519.9,338015
2021-04-29 10:13:36,2519.55,338016
2021-04-29 10:13:37,2519.55,338021
2021-04-29 10:13:38,2519.55,338021
2021-04-29 10:13:40,2519.55,338024
2021-04-29 10:13:41,2519.55,338025
2021-04-29 10:13:42,2519.55,338025
2021-04-29 10:13:44,2520.0,338187
2021-04-29 10:13:45,2520.0,338187
2021-04-29 10:13:46,2520.4,338342
2021-04-29 10:13:47,2520.4,338342
2021-04-29 10:13:48,2520.4,338342
2021-04-29 10:13:49,2520.4,338342
2021-04-29 10:13:50,2518.25,338690
2021-04-29 10:13:51,2518.3,338694
2021-04-29 10:13:51,2520.3,338697
2021-04-29 10:13:52,2520.3,338701
2021-04-29 10:13:53,2520.3,338701
2021-04-29 10:13:54,2520.3,338701
2021-04-29 10:13:55,2520.35,338704
2021-04-29 10:13:57,2519.55,338803
2021-04-29 10:13:57,2519.55,338804
2021-04-29 10:13:58,2519.55,338804
2021-04-29 10:13:59,2519.55,338804
2021-04-29 10:14:01,2519.55,338809
2021-04-29 10:14:02,2519.55,338856
2021-04-29 10:14:04,2519.55,338857
2021-04-29 10:14:04,2519.55,338857
2021-04-29 10:14:05,2519.55,338857
2021-04-29 10:14:06,2519.55,338857
2021-04-29 10:14:07,2519.55,338857
2021-04-29 10:14:08,2519.55,338857
2021-04-29 10:14:10,2519.55,338857
2021-04-29 10:14:12,2519.55,338857
2021-04-29 10:14:13,2519.55,338857
2021-04-29 10:14:13,2520.0,338907
2021-04-29 10:14:15,2519.55,338917
2021-04-29 10:14:15,2519.05,338967
2021-04-29 10:14:16,2519.55,338968
2021-04-29 10:14:17,2519.55,338973
2021-04-29 10:14:19,2519.95,339037
2021-04-29 10:14:20,2518.55,339087
2021-04-29 10:14:21,2519.0,339088
2021-04-29 10:14:22,2519.0,339088
2021-04-29 10:14:23,2519.0,339088
2021-04-29 10:14:26,2519.55,339089
2021-04-29 10:14:26,2519.15,339110
2021-04-29 10:14:27,2518.45,339481
2021-04-29 10:14:29,2519.15,339485
2021-04-29 10:14:30,2519.15,339485
2021-04-29 10:14:31,2520.0,339554
2021-04-29 10:14:32,2520.0,339556
2021-04-29 10:14:33,2520.0,339556
2021-04-29 10:14:34,2519.25,339561
2021-04-29 10:14:35,2519.25,339561
2021-04-29 10:14:36,2519.25,339562
2021-04-29 10:14:37,2520.0,339611
2021-04-29 10:14:37,2520.0,339611
2021-04-29 10:14:38,2519.25,339613
2021-04-29 10:14:39,2520.0,339618
2021-04-29 10:14:41,2519.2,339668
2021-04-29 10:14:42,2519.2,339669
2021-04-29 10:14:43,2519.85,339670
2021-04-29 10:14:45,2519.2,339676
2021-04-29 10:14:44,2519.2,339676
2021-04-29 10:14:46,2519.15,339678
2021-04-29 10:14:47,2519.15,339678
2021-04-29 10:14:48,2519.15,339678
2021-04-29 10:14:49,2519.15,339682
2021-04-29 10:14:50,2519.15,339682
2021-04-29 10:14:51,2519.15,339682
2021-04-29 10:14:52,2519.15,339701
2021-04-29 10:14:53,2519.15,339701
2021-04-29 10:14:55,2519.9,339705
2021-04-29 10:14:56,2519.9,339705
2021-04-29 10:14:57,2519.9,339705
2021-04-29 10:14:58,2519.2,339725
2021-04-29 10:14:59,2519.0,339746
2021-04-29 10:15:00,2519.0,339746
2021-04-29 10:15:01,2519.0,339746
2021-04-29 10:15:02,2518.5,339748
2021-04-29 10:15:03,2518.55,339749
2021-04-29 10:15:04,2518.6,339750
2021-04-29 10:15:05,2518.7,339752
2021-04-29 10:15:06,2519.0,339775
2021-04-29 10:15:07,2519.0,339775
2021-04-29 10:15:08,2519.0,339775
2021-04-29 10:15:09,2519.0,339775
2021-04-29 10:15:10,2519.0,339775
2021-04-29 10:15:11,2518.85,339807
2021-04-29 10:15:12,2518.85,339807
2021-04-29 10:15:13,2519.95,339811
2021-04-29 10:15:14,2519.95,339811
2021-04-29 10:15:15,2519.95,339814
2021-04-29 10:15:16,2520.0,339816
2021-04-29 10:15:17,2520.0,339816
2021-04-29 10:15:18,2518.85,339824
2021-04-29 10:15:19,2518.85,339824
2021-04-29 10:15:21,2518.85,339824
2021-04-29 10:15:22,2518.85,339824
2021-04-29 10:15:23,2518.85,339824
2021-04-29 10:15:24,2518.8,339849
2021-04-29 10:15:25,2518.8,339850
2021-04-29 10:15:26,2518.7,339891
2021-04-29 10:15:28,2519.15,339896
2021-04-29 10:15:29,2518.9,339901
2021-04-29 10:15:30,2519.35,340021
2021-04-29 10:15:31,2519.35,340021
2021-04-29 10:15:32,2519.35,340021
2021-04-29 10:15:33,2519.25,340039
2021-04-29 10:15:36,2516.6,340059
2021-04-29 10:15:37,2517.75,340065
2021-04-29 10:15:38,2517.75,340065
2021-04-29 10:15:39,2516.6,340066
2021-04-29 10:15:40,2517.65,340068
2021-04-29 10:15:41,2517.65,340068
2021-04-29 10:15:42,2517.65,340068
2021-04-29 10:15:43,2517.65,340068
2021-04-29 10:15:44,2517.65,340068
2021-04-29 10:15:45,2517.65,340068
2021-04-29 10:15:46,2517.6,340070
2021-04-29 10:15:47,2517.6,340072
2021-04-29 10:15:48,2517.75,340097
2021-04-29 10:15:49,2517.75,340097
2021-04-29 10:15:51,2517.75,340102
2021-04-29 10:15:52,2517.75,340102
2021-04-29 10:15:53,2517.75,340102
2021-04-29 10:15:54,2517.75,340102
2021-04-29 10:15:55,2517.0,340188
2021-04-29 10:15:56,2517.0,340189
2021-04-29 10:15:57,2516.9,340203
2021-04-29 10:15:58,2516.6,340234
2021-04-29 10:15:59,2516.3,340277
2021-04-29 10:16:00,2516.25,340317
2021-04-29 10:16:01,2516.25,340317
2021-04-29 10:16:02,2516.05,340322
2021-04-29 10:16:03,2517.6,340331
2021-04-29 10:16:04,2517.6,340331
2021-04-29 10:16:05,2517.6,340331
2021-04-29 10:16:06,2516.55,340355
2021-04-29 10:16:07,2516.55,340355
2021-04-29 10:16:08,2517.0,340357
2021-04-29 10:16:09,2517.0,340358
2021-04-29 10:16:10,2517.0,340358
2021-04-29 10:16:12,2517.6,340359
2021-04-29 10:16:11,2517.6,340359
2021-04-29 10:16:13,2517.6,340359
2021-04-29 10:16:14,2518.2,340364
2021-04-29 10:16:15,2517.6,340366
2021-04-29 10:16:16,2517.6,340366
2021-04-29 10:16:17,2517.6,340366
2021-04-29 10:16:18,2517.6,340366
2021-04-29 10:16:19,2517.6,340366
2021-04-29 10:16:20,2517.6,340366
2021-04-29 10:16:21,2517.05,340372
2021-04-29 10:16:22,2517.05,340372
2021-04-29 10:16:23,2517.6,340376
2021-04-29 10:16:24,2518.5,340397
2021-04-29 10:16:25,2518.5,340397
2021-04-29 10:16:26,2518.5,340397
2021-04-29 10:16:27,2517.15,340407
2021-04-29 10:16:28,2517.15,340407
2021-04-29 10:16:29,2518.25,340412
2021-04-29 10:16:30,2518.3,340417
2021-04-29 10:16:32,2518.3,340417
2021-04-29 10:16:33,2517.05,340423
2021-04-29 10:16:34,2517.0,340432
2021-04-29 10:16:35,2517.0,340432
2021-04-29 10:16:36,2517.0,340432
2021-04-29 10:16:37,2517.0,340432
2021-04-29 10:16:38,2516.85,340472
2021-04-29 10:16:39,2517.0,340473
2021-04-29 10:16:40,2517.0,340473
2021-04-29 10:16:41,2518.0,340479
2021-04-29 10:16:42,2518.0,340479
2021-04-29 10:16:43,2518.0,340479
2021-04-29 10:16:44,2518.0,340479
2021-04-29 10:16:45,2518.2,340494
2021-04-29 10:16:46,2518.25,340495
2021-04-29 10:16:47,2518.25,340495
2021-04-29 10:16:50,2517.0,340662
2021-04-29 10:16:51,2517.0,340662
2021-04-29 10:16:52,2517.0,340662
2021-04-29 10:16:53,2517.8,340693
2021-04-29 10:16:54,2517.8,340693
2021-04-29 10:16:55,2517.75,340695
2021-04-29 10:16:56,2517.75,340695
2021-04-29 10:16:57,2517.75,340695
2021-04-29 10:16:58,2517.0,340696
2021-04-29 10:17:00,2517.0,340696
2021-04-29 10:17:01,2517.6,340756
2021-04-29 10:17:03,2517.6,340756
2021-04-29 10:17:02,2517.6,340756
2021-04-29 10:17:04,2516.5,340761
2021-04-29 10:17:05,2517.1,340763
2021-04-29 10:17:06,2517.1,340763
2021-04-29 10:17:07,2516.6,340764
2021-04-29 10:17:08,2516.6,340764
2021-04-29 10:17:09,2516.6,340764
2021-04-29 10:17:10,2517.95,340774
2021-04-29 10:17:12,2517.95,340774
2021-04-29 10:17:12,2517.95,340774
2021-04-29 10:17:13,2517.95,340774
2021-04-29 10:17:14,2516.65,340777
2021-04-29 10:17:15,2516.65,340787
2021-04-29 10:17:16,2516.65,340787
2021-04-29 10:17:17,2516.65,340787
2021-04-29 10:17:18,2516.65,340787
2021-04-29 10:17:19,2517.8,340788
2021-04-29 10:17:20,2517.8,340788
2021-04-29 10:17:21,2517.8,340788
2021-04-29 10:17:22,2517.8,340788
2021-04-29 10:17:23,2517.8,340788
2021-04-29 10:17:24,2517.8,340788
2021-04-29 10:17:28,2517.8,340789
2021-04-29 10:17:29,2517.8,340789
2021-04-29 10:17:30,2517.75,340790
2021-04-29 10:17:31,2517.75,340790
2021-04-29 10:17:32,2517.75,340790
2021-04-29 10:17:34,2516.65,340795
2021-04-29 10:17:35,2516.65,340795
2021-04-29 10:17:36,2516.75,340805
2021-04-29 10:17:37,2517.75,340811
2021-04-29 10:17:38,2517.75,340811
2021-04-29 10:17:39,2517.75,340811
2021-04-29 10:17:41,2517.75,340811
2021-04-29 10:17:41,2517.75,340811
2021-04-29 10:17:42,2517.75,340811
2021-04-29 10:17:43,2517.75,340811
2021-04-29 10:17:44,2517.75,340811
2021-04-29 10:17:45,2517.65,340812
2021-04-29 10:17:46,2517.65,340812
2021-04-29 10:17:47,2516.4,340822
2021-04-29 10:17:48,2517.5,340842
2021-04-29 10:17:49,2517.5,340842
2021-04-29 10:17:50,2517.5,340842
2021-04-29 10:17:51,2517.5,340842
2021-04-29 10:17:52,2517.5,340842
2021-04-29 10:17:53,2516.2,340902
2021-04-29 10:17:54,2516.3,340903
2021-04-29 10:17:56,2516.3,340903
2021-04-29 10:17:57,2516.3,340903
2021-04-29 10:17:58,2516.3,340903
2021-04-29 10:17:59,2517.45,340915
2021-04-29 10:18:00,2516.2,340954
2021-04-29 10:18:01,2516.2,340954
2021-04-29 10:18:02,2516.2,340954
2021-04-29 10:18:04,2516.3,340960
2021-04-29 10:18:05,2516.25,340962
2021-04-29 10:18:06,2516.25,340962
2021-04-29 10:18:07,2516.25,340962
2021-04-29 10:18:09,2516.25,340962
2021-04-29 10:18:09,2516.25,340962
2021-04-29 10:18:10,2516.45,340963
2021-04-29 10:18:11,2516.45,340963
2021-04-29 10:18:12,2516.45,340963
2021-04-29 10:18:13,2516.45,340993
2021-04-29 10:18:14,2516.45,340995
2021-04-29 10:18:15,2517.5,340996
2021-04-29 10:18:16,2517.5,340996
2021-04-29 10:18:17,2517.5,340997
2021-04-29 10:18:19,2517.5,340997
2021-04-29 10:18:20,2516.45,340998
2021-04-29 10:18:21,2516.45,340998
2021-04-29 10:18:23,2516.45,340998
2021-04-29 10:18:23,2516.45,340998
2021-04-29 10:18:24,2516.3,341088
2021-04-29 10:18:25,2516.3,341088
2021-04-29 10:18:26,2517.5,341095
2021-04-29 10:18:27,2517.5,341095
2021-04-29 10:18:28,2517.5,341095
2021-04-29 10:18:29,2517.5,341095
2021-04-29 10:18:30,2517.5,341095
2021-04-29 10:18:31,2517.5,341095
2021-04-29 10:18:32,2517.45,341098
2021-04-29 10:18:33,2516.45,341103
2021-04-29 10:18:34,2516.45,341103
2021-04-29 10:18:35,2516.45,341103
2021-04-29 10:18:36,2516.45,341103
2021-04-29 10:18:37,2516.45,341103
2021-04-29 10:18:38,2516.45,341103
2021-04-29 10:18:39,2516.45,341103
2021-04-29 10:18:40,2516.45,341103
2021-04-29 10:18:41,2516.25,341154
2021-04-29 10:18:42,2516.45,341158
2021-04-29 10:18:43,2516.45,341158
2021-04-29 10:18:44,2516.45,341158
2021-04-29 10:18:45,2516.45,341158
2021-04-29 10:18:46,2517.35,341159
2021-04-29 10:18:47,2517.35,341159
2021-04-29 10:18:48,2517.35,341159
2021-04-29 10:18:49,2517.4,341209
2021-04-29 10:18:50,2517.4,341209
2021-04-29 10:18:51,2517.4,341209
2021-04-29 10:18:52,2517.35,341213
2021-04-29 10:18:53,2516.25,341223
2021-04-29 10:18:54,2516.0,341268
2021-04-29 10:18:55,2516.25,341269
2021-04-29 10:18:56,2516.0,341319
2021-04-29 10:18:57,2517.2,341321
2021-04-29 10:18:58,2517.2,341321
2021-04-29 10:18:59,2517.25,341329
2021-04-29 10:19:01,2517.25,341329
2021-04-29 10:19:02,2517.25,341329
2021-04-29 10:19:02,2516.1,341334
2021-04-29 10:19:03,2517.9,341474
2021-04-29 10:19:04,2517.2,341503
2021-04-29 10:19:05,2516.25,341533
2021-04-29 10:19:06,2516.25,341533
2021-04-29 10:19:07,2517.2,341539
2021-04-29 10:19:08,2517.2,341539
2021-04-29 10:19:09,2516.2,341540
2021-04-29 10:19:10,2516.2,341541
2021-04-29 10:19:11,2516.2,341541
2021-04-29 10:19:12,2516.2,341541
2021-04-29 10:19:13,2517.5,341561
2021-04-29 10:19:14,2517.5,341561
2021-04-29 10:19:15,2517.5,341561
2021-04-29 10:19:16,2517.5,341561
2021-04-29 10:19:17,2517.5,341561
2021-04-29 10:19:18,2517.5,341561
2021-04-29 10:19:19,2516.35,341565
2021-04-29 10:19:20,2516.35,341565
2021-04-29 10:19:21,2516.35,341694
2021-04-29 10:19:23,2516.0,341805
2021-04-29 10:19:24,2516.0,341817
2021-04-29 10:19:25,2516.25,341834
2021-04-29 10:19:26,2516.25,341834
2021-04-29 10:19:27,2516.25,341845
2021-04-29 10:19:27,2516.25,341845
2021-04-29 10:19:28,2516.25,341845
2021-04-29 10:19:29,2515.05,341846
2021-04-29 10:19:30,2516.0,341861
2021-04-29 10:19:32,2516.0,341861
2021-04-29 10:19:32,2516.0,341861
2021-04-29 10:19:33,2516.0,341861
2021-04-29 10:19:34,2515.05,341865
2021-04-29 10:19:35,2515.0,341890
2021-04-29 10:19:36,2515.0,341891
2021-04-29 10:19:37,2516.0,341924
2021-04-29 10:19:38,2516.0,341924
2021-04-29 10:19:39,2515.0,342024
2021-04-29 10:19:40,2515.1,342025
2021-04-29 10:19:42,2515.1,342025
2021-04-29 10:19:43,2515.1,342025
2021-04-29 10:19:44,2516.75,342042
2021-04-29 10:19:44,2516.75,342042
2021-04-29 10:19:45,2515.4,342062
2021-04-29 10:19:46,2515.4,342062
2021-04-29 10:19:47,2515.4,342062
2021-04-29 10:19:48,2515.4,342067
2021-04-29 10:19:49,2515.4,342067
2021-04-29 10:19:51,2515.4,342067
2021-04-29 10:19:52,2516.6,342072
2021-04-29 10:19:55,2516.35,342477
2021-04-29 10:19:56,2516.35,342477
2021-04-29 10:19:57,2516.25,342525
2021-04-29 10:19:58,2516.25,342525
2021-04-29 10:19:59,2516.25,342525
2021-04-29 10:20:00,2516.25,342581
2021-04-29 10:20:01,2515.0,342611
2021-04-29 10:20:02,2515.0,342611
2021-04-29 10:20:03,2515.0,342611
2021-04-29 10:20:04,2515.0,342615
2021-04-29 10:20:05,2515.0,342615
2021-04-29 10:20:06,2515.0,342616
2021-04-29 10:20:07,2515.0,342616
2021-04-29 10:20:08,2515.0,342616
2021-04-29 10:20:09,2515.0,342616
2021-04-29 10:20:10,2515.0,342616
2021-04-29 10:20:11,2515.0,342616
2021-04-29 10:20:12,2515.0,342616
2021-04-29 10:20:13,2515.0,342616
2021-04-29 10:20:14,2515.0,342616
2021-04-29 10:20:15,2515.0,342619
2021-04-29 10:20:16,2515.0,342624
2021-04-29 10:20:17,2515.0,342663
2021-04-29 10:20:18,2515.0,342712
2021-04-29 10:20:19,2515.0,342714
2021-04-29 10:20:20,2515.0,342714
2021-04-29 10:20:21,2515.0,342714
2021-04-29 10:20:23,2515.0,342714
2021-04-29 10:20:23,2515.0,342714
2021-04-29 10:20:25,2515.0,342714
2021-04-29 10:20:26,2515.0,342749
2021-04-29 10:20:27,2515.0,342749
2021-04-29 10:20:28,2515.0,342750
2021-04-29 10:20:28,2516.0,342753
2021-04-29 10:20:29,2516.0,342753
2021-04-29 10:20:30,2516.0,342753
2021-04-29 10:20:31,2516.0,342753
2021-04-29 10:20:32,2516.0,342753
2021-04-29 10:20:33,2516.0,342753
2021-04-29 10:20:34,2515.0,342758
2021-04-29 10:20:35,2515.0,342783
2021-04-29 10:20:36,2514.65,342877
2021-04-29 10:20:37,2514.65,342877
2021-04-29 10:20:38,2514.65,342877
2021-04-29 10:20:40,2515.0,342883
2021-04-29 10:20:40,2515.0,342883
2021-04-29 10:20:41,2515.0,342883
2021-04-29 10:20:42,2516.0,342918
2021-04-29 10:20:43,2516.0,342918
2021-04-29 10:20:44,2516.0,342918
2021-04-29 10:20:45,2516.0,342918
2021-04-29 10:20:46,2516.0,342918
2021-04-29 10:20:47,2516.0,342918
2021-04-29 10:20:49,2516.0,342918
2021-04-29 10:20:50,2516.0,342945
2021-04-29 10:20:51,2516.0,342945
2021-04-29 10:20:52,2516.0,342945
2021-04-29 10:20:53,2516.0,342945
2021-04-29 10:20:55,2516.0,342945
2021-04-29 10:20:56,2516.0,343247
2021-04-29 10:20:57,2514.65,343251
2021-04-29 10:20:58,2514.65,343251
2021-04-29 10:21:00,2514.65,343251
2021-04-29 10:21:01,2515.9,343282
2021-04-29 10:21:02,2514.7,343291
2021-04-29 10:21:03,2514.7,343291
