timestamp,ltp,volume
2021-04-29 09:29:43,674.8,475411
2021-04-29 09:29:43,674.8,475411
2021-04-29 09:29:44,674.8,475431
2021-04-29 09:29:45,674.9,477431
2021-04-29 09:29:46,674.9,477682
2021-04-29 09:29:47,674.85,477849
2021-04-29 09:29:48,674.9,477974
2021-04-29 09:29:49,674.55,477977
2021-04-29 09:29:50,674.85,478002
2021-04-29 09:29:52,674.45,478117
2021-04-29 09:29:52,674.55,478237
2021-04-29 09:29:54,674.75,478881
2021-04-29 09:29:56,674.7,478948
2021-04-29 09:29:58,674.5,479014
2021-04-29 09:29:59,674.8,479028
2021-04-29 09:30:00,674.85,479178
2021-04-29 09:30:01,674.9,479361
2021-04-29 09:30:02,674.9,479998
2021-04-29 09:30:03,674.6,480003
2021-04-29 09:30:04,674.9,480013
2021-04-29 09:30:06,674.9,480038
2021-04-29 09:30:07,674.9,481732
2021-04-29 09:30:08,675.0,497733
2021-04-29 09:30:10,674.75,498061
2021-04-29 09:30:11,674.7,498501
2021-04-29 09:30:12,674.7,498501
2021-04-29 09:30:14,674.75,498633
2021-04-29 09:30:15,674.75,498633
2021-04-29 09:30:16,675.0,498984
2021-04-29 09:30:17,675.0,498984
2021-04-29 09:30:18,675.0,504976
2021-04-29 09:30:19,674.9,506231
2021-04-29 09:30:20,674.75,506392
2021-04-29 09:30:21,674.6,506731
2021-04-29 09:30:22,674.95,506735
2021-04-29 09:30:23,674.95,506834
2021-04-29 09:30:24,674.95,506835
2021-04-29 09:30:25,674.8,506905
2021-04-29 09:30:26,675.0,507770
2021-04-29 09:30:27,675.0,507784
2021-04-29 09:30:28,675.0,508069
2021-04-29 09:30:29,675.0,508071
2021-04-29 09:30:30,675.0,508076
2021-04-29 09:30:31,674.8,508276
2021-04-29 09:30:32,674.7,508565
2021-04-29 09:30:33,674.95,508641
2021-04-29 09:30:34,674.55,508974
2021-04-29 09:30:35,674.85,509024
2021-04-29 09:30:36,674.55,509076
2021-04-29 09:30:37,674.9,509226
2021-04-29 09:30:38,675.0,509231
2021-04-29 09:30:39,674.55,509393
2021-04-29 09:30:40,674.55,509393
2021-04-29 09:30:41,674.8,509525
2021-04-29 09:30:41,674.55,509393
2021-04-29 09:30:43,675.0,509869
2021-04-29 09:30:43,675.0,509869
2021-04-29 09:30:44,675.0,509869
2021-04-29 09:30:45,675.0,509994
2021-04-29 09:30:46,675.0,509994
2021-04-29 09:30:48,674.95,510022
2021-04-29 09:30:49,674.8,510740
2021-04-29 09:30:50,674.95,510906
2021-04-29 09:30:51,675.0,511161
2021-04-29 09:30:52,674.65,511167
2021-04-29 09:30:53,675.0,511267
2021-04-29 09:30:54,675.0,511342
2021-04-29 09:30:55,674.7,511417
2021-04-29 09:30:56,675.0,511478
2021-04-29 09:30:57,675.0,511785
2021-04-29 09:30:58,675.0,511790
2021-04-29 09:30:59,675.0,511790
2021-04-29 09:31:00,674.95,511896
2021-04-29 09:31:01,675.05,517938
2021-04-29 09:31:02,675.0,519017
2021-04-29 09:31:03,675.05,519303
2021-04-29 09:31:04,675.0,520531
2021-04-29 09:31:05,675.1,520633
2021-04-29 09:31:05,675.1,520733
2021-04-29 09:31:06,675.1,521371
2021-04-29 09:31:08,675.1,521397
2021-04-29 09:31:09,675.1,521517
2021-04-29 09:31:10,675.1,521621
2021-04-29 09:31:11,675.1,521865
2021-04-29 09:31:12,675.1,521905
2021-04-29 09:31:13,675.25,522757
2021-04-29 09:31:13,675.3,522760
2021-04-29 09:31:14,675.1,522800
2021-04-29 09:31:16,675.3,522858
2021-04-29 09:31:16,675.3,522858
2021-04-29 09:31:17,675.3,522858
2021-04-29 09:31:18,675.3,522858
2021-04-29 09:31:20,675.0,524852
2021-04-29 09:31:21,675.0,525093
2021-04-29 09:31:23,675.0,525377
2021-04-29 09:31:25,675.0,525880
2021-04-29 09:31:26,675.0,526169
2021-04-29 09:31:27,675.05,526436
2021-04-29 09:31:29,675.05,526497
2021-04-29 09:31:30,675.1,526502
2021-04-29 09:31:30,675.1,526502
2021-04-29 09:31:32,675.1,526703
2021-04-29 09:31:33,675.45,526801
2021-04-29 09:31:33,675.1,526901
2021-04-29 09:31:34,675.1,526921
2021-04-29 09:31:35,675.45,526931
2021-04-29 09:31:36,675.45,526931
2021-04-29 09:31:37,675.1,528617
2021-04-29 09:31:39,675.45,528635
2021-04-29 09:31:40,675.45,528655
2021-04-29 09:31:41,674.8,530501
2021-04-29 09:31:42,675.0,530506
2021-04-29 09:31:43,675.0,531168
2021-04-29 09:31:44,675.0,531173
2021-04-29 09:31:45,675.0,531598
2021-04-29 09:31:46,675.0,531728
2021-04-29 09:31:47,675.0,532228
2021-04-29 09:31:48,675.0,532238
2021-04-29 09:31:49,675.3,532434
2021-04-29 09:31:50,675.3,532434
2021-04-29 09:31:51,675.0,532996
2021-04-29 09:31:52,675.0,532999
2021-04-29 09:31:53,675.0,533024
2021-04-29 09:31:54,675.0,533029
2021-04-29 09:31:55,675.0,533067
2021-04-29 09:31:56,675.0,533067
2021-04-29 09:31:57,675.0,533568
2021-04-29 09:31:58,675.2,533716
2021-04-29 09:31:58,675.2,533716
2021-04-29 09:31:59,675.0,533766
2021-04-29 09:32:01,675.3,533770
2021-04-29 09:32:02,675.0,533870
2021-04-29 09:32:03,675.0,534269
2021-04-29 09:32:05,675.0,534470
2021-04-29 09:32:06,675.0,534505
2021-04-29 09:32:06,675.0,534505
2021-04-29 09:32:08,675.0,534516
2021-04-29 09:32:09,675.0,534527
2021-04-29 09:32:10,675.0,534528
2021-04-29 09:32:11,675.0,534528
2021-04-29 09:32:12,675.0,534578
2021-04-29 09:32:13,675.0,534611
2021-04-29 09:32:14,674.85,534843
2021-04-29 09:32:15,674.9,535002
2021-04-29 09:32:16,674.9,535398
2021-04-29 09:32:17,674.95,535408
2021-04-29 09:32:18,675.0,536596
2021-04-29 09:32:19,674.75,537122
2021-04-29 09:32:20,675.0,537165
2021-04-29 09:32:21,674.6,537496
2021-04-29 09:32:22,674.95,537596
2021-04-29 09:32:23,674.6,537656
2021-04-29 09:32:24,675.0,538396
2021-04-29 09:32:26,675.0,538406
2021-04-29 09:32:25,675.0,538406
2021-04-29 09:32:27,675.0,538406
2021-04-29 09:32:28,675.0,538431
2021-04-29 09:32:29,675.0,538431
2021-04-29 09:32:30,675.0,538431
2021-04-29 09:32:31,675.0,538545
2021-04-29 09:32:32,675.0,538583
2021-04-29 09:32:33,675.0,538693
2021-04-29 09:32:34,675.0,538695
2021-04-29 09:32:35,674.95,538912
2021-04-29 09:32:36,674.95,539003
2021-04-29 09:32:39,675.0,539559
2021-04-29 09:32:40,675.0,539564
2021-04-29 09:32:41,675.0,539725
2021-04-29 09:32:42,675.0,540029
2021-04-29 09:32:43,675.0,540373
2021-04-29 09:32:44,675.0,540613
2021-04-29 09:32:45,675.0,540646
2021-04-29 09:32:46,675.0,541056
2021-04-29 09:32:47,674.75,541134
2021-04-29 09:32:48,674.75,541134
2021-04-29 09:32:49,675.0,541653
2021-04-29 09:32:50,675.0,541683
2021-04-29 09:32:51,675.0,541683
2021-04-29 09:32:54,675.0,542295
2021-04-29 09:32:55,675.0,542349
2021-04-29 09:32:57,675.0,542359
2021-04-29 09:32:56,675.0,542359
2021-04-29 09:32:58,675.0,542421
2021-04-29 09:32:59,675.0,542815
2021-04-29 09:33:00,675.0,542815
2021-04-29 09:33:01,674.75,542816
2021-04-29 09:33:02,674.75,542816
2021-04-29 09:33:03,675.0,542891
2021-04-29 09:33:04,675.0,542978
2021-04-29 09:33:05,674.75,543023
2021-04-29 09:33:06,675.0,543158
2021-04-29 09:33:07,675.0,543358
2021-04-29 09:33:08,674.75,543783
2021-04-29 09:33:09,674.75,543830
2021-04-29 09:33:10,674.75,543850
2021-04-29 09:33:12,674.75,543975
2021-04-29 09:33:11,675.0,543855
2021-04-29 09:33:13,674.75,543975
2021-04-29 09:33:14,674.75,543975
2021-04-29 09:33:15,674.75,544481
2021-04-29 09:33:16,674.75,544481
2021-04-29 09:33:17,674.75,544627
2021-04-29 09:33:18,675.0,546069
2021-04-29 09:33:19,675.0,546121
2021-04-29 09:33:20,675.0,546203
2021-04-29 09:33:21,675.0,546203
2021-04-29 09:33:22,675.0,546203
2021-04-29 09:33:23,675.0,546320
2021-04-29 09:33:24,675.0,546320
2021-04-29 09:33:25,675.0,546504
2021-04-29 09:33:28,674.75,547804
2021-04-29 09:33:31,675.0,547913
2021-04-29 09:33:33,675.0,548492
2021-04-29 09:33:34,675.0,548992
2021-04-29 09:33:35,675.0,549077
2021-04-29 09:33:36,675.0,549078
2021-04-29 09:33:37,675.0,549412
2021-04-29 09:33:38,675.0,550304
2021-04-29 09:33:39,674.75,550324
2021-04-29 09:33:40,675.0,550541
2021-04-29 09:33:41,675.0,550546
2021-04-29 09:33:42,675.0,550897
2021-04-29 09:33:43,675.0,550987
2021-04-29 09:33:44,675.0,550987
2021-04-29 09:33:45,675.0,551012
2021-04-29 09:33:47,675.0,551088
2021-04-29 09:33:48,675.0,551098
2021-04-29 09:33:49,675.0,551108
2021-04-29 09:33:50,675.0,551231
2021-04-29 09:33:51,675.0,551256
2021-04-29 09:33:52,675.0,551271
2021-04-29 09:33:53,675.0,551321
2021-04-29 09:33:54,675.0,551821
2021-04-29 09:33:55,675.4,553184
2021-04-29 09:33:56,675.4,553184
2021-04-29 09:33:57,675.4,553184
2021-04-29 09:33:58,675.35,553313
2021-04-29 09:33:59,675.35,553313
2021-04-29 09:34:00,675.0,554253
2021-04-29 09:34:01,675.0,554353
2021-04-29 09:34:03,675.0,554516
2021-04-29 09:34:02,675.0,554516
2021-04-29 09:34:04,675.0,554528
2021-04-29 09:34:05,675.0,554799
2021-04-29 09:34:07,675.0,555133
2021-04-29 09:34:08,675.0,555138
2021-04-29 09:34:09,675.0,555239
2021-04-29 09:34:10,675.0,555239
2021-04-29 09:34:12,675.0,555572
2021-04-29 09:34:13,675.0,555727
2021-04-29 09:34:14,674.75,556230
2021-04-29 09:34:15,674.95,556531
2021-04-29 09:34:16,674.95,556631
2021-04-29 09:34:17,674.95,556636
2021-04-29 09:34:18,674.8,558488
2021-04-29 09:34:19,674.9,559289
2021-04-29 09:34:20,674.9,559289
2021-04-29 09:34:22,674.9,559289
2021-04-29 09:34:23,674.85,559329
2021-04-29 09:34:24,674.9,559364
2021-04-29 09:34:25,674.85,559760
2021-04-29 09:34:25,674.85,559760
2021-04-29 09:34:26,674.55,559819
2021-04-29 09:34:27,674.95,560429
2021-04-29 09:34:28,674.9,560745
2021-04-29 09:34:30,674.95,561139
2021-04-29 09:34:31,674.95,561214
2021-04-29 09:34:34,675.0,561483
2021-04-29 09:34:34,674.95,561272
2021-04-29 09:34:36,675.0,562264
2021-04-29 09:34:38,675.0,562691
2021-04-29 09:34:38,675.0,562691
2021-04-29 09:34:39,675.0,562742
2021-04-29 09:34:40,675.0,562873
2021-04-29 09:34:41,675.0,562873
2021-04-29 09:34:42,674.95,562973
2021-04-29 09:34:43,674.95,565003
2021-04-29 09:34:45,675.0,565091
2021-04-29 09:34:44,674.95,565003
2021-04-29 09:34:46,674.95,565111
2021-04-29 09:34:47,674.95,565111
2021-04-29 09:34:48,674.95,565361
2021-04-29 09:34:49,674.95,565366
2021-04-29 09:34:50,674.6,565432
2021-04-29 09:34:51,674.6,565432
2021-04-29 09:34:52,674.95,565482
2021-04-29 09:34:53,674.95,566094
2021-04-29 09:34:54,674.95,566094
2021-04-29 09:34:56,674.95,566123
2021-04-29 09:34:55,674.95,566121
2021-04-29 09:34:57,674.95,566123
2021-04-29 09:34:58,674.95,566123
2021-04-29 09:34:59,674.95,566243
2021-04-29 09:35:00,674.95,566268
2021-04-29 09:35:01,675.0,566568
2021-04-29 09:35:02,675.0,566678
2021-04-29 09:35:03,675.0,566788
2021-04-29 09:35:04,674.95,566987
2021-04-29 09:35:05,675.0,566989
2021-04-29 09:35:06,675.0,567063
2021-04-29 09:35:07,674.95,568131
2021-04-29 09:35:08,674.95,568156
2021-04-29 09:35:09,674.95,568173
2021-04-29 09:35:11,675.0,568225
2021-04-29 09:35:12,675.0,568230
2021-04-29 09:35:13,675.0,568235
2021-04-29 09:35:16,675.0,581854
2021-04-29 09:35:16,675.0,581226
2021-04-29 09:35:17,675.0,581854
2021-04-29 09:35:18,675.0,581859
2021-04-29 09:35:19,675.0,581859
2021-04-29 09:35:21,675.0,581864
2021-04-29 09:35:21,675.0,581864
2021-04-29 09:35:22,675.0,581969
2021-04-29 09:35:23,675.0,581998
2021-04-29 09:35:24,675.0,582117
2021-04-29 09:35:25,675.0,582117
2021-04-29 09:35:26,675.0,582218
2021-04-29 09:35:28,675.0,582233
2021-04-29 09:35:28,675.0,582233
2021-04-29 09:35:29,675.0,582393
2021-04-29 09:35:31,675.0,582556
2021-04-29 09:35:32,674.9,583138
2021-04-29 09:35:33,674.9,583279
2021-04-29 09:35:33,674.9,583291
2021-04-29 09:35:35,674.8,583375
2021-04-29 09:35:35,674.9,583425
2021-04-29 09:35:37,674.9,583759
2021-04-29 09:35:38,675.0,584259
2021-04-29 09:35:39,675.0,584310
2021-04-29 09:35:41,675.0,584530
2021-04-29 09:35:41,675.0,584532
2021-04-29 09:35:42,675.0,584534
2021-04-29 09:35:43,675.0,584546
2021-04-29 09:35:44,675.0,584546
2021-04-29 09:35:45,675.0,584646
2021-04-29 09:35:46,675.0,587146
2021-04-29 09:35:47,674.85,587273
2021-04-29 09:35:49,674.85,587273
2021-04-29 09:35:49,675.0,587358
2021-04-29 09:35:50,675.0,592473
2021-04-29 09:35:51,675.0,592474
2021-04-29 09:35:52,675.0,592509
2021-04-29 09:35:53,675.0,592625
2021-04-29 09:35:54,674.85,592825
2021-04-29 09:35:55,675.0,592883
2021-04-29 09:35:57,674.85,593016
2021-04-29 09:35:57,675.0,593143
2021-04-29 09:35:58,675.0,593196
2021-04-29 09:36:00,674.85,593575
2021-04-29 09:36:00,675.0,593585
2021-04-29 09:36:02,675.0,593645
2021-04-29 09:36:03,674.85,593670
2021-04-29 09:36:04,674.85,593670
2021-04-29 09:36:04,674.85,593723
2021-04-29 09:36:06,675.0,593764
2021-04-29 09:36:06,675.0,593764
2021-04-29 09:36:08,675.0,593794
2021-04-29 09:36:09,675.0,593905
2021-04-29 09:36:09,675.0,593905
2021-04-29 09:36:10,675.0,593906
2021-04-29 09:36:11,675.0,594006
2021-04-29 09:36:12,675.0,594834
2021-04-29 09:36:13,675.0,594849
2021-04-29 09:36:14,675.0,594849
2021-04-29 09:36:15,675.0,595453
2021-04-29 09:36:16,675.0,595456
2021-04-29 09:36:18,674.85,595476
2021-04-29 09:36:18,675.0,595645
2021-04-29 09:36:19,675.0,597169
2021-04-29 09:36:20,675.0,597169
2021-04-29 09:36:22,674.85,597179
2021-04-29 09:36:23,675.0,597330
2021-04-29 09:36:23,675.0,597330
2021-04-29 09:36:24,675.0,597330
2021-04-29 09:36:25,675.0,597515
2021-04-29 09:36:26,675.0,597559
2021-04-29 09:36:27,675.0,597574
2021-04-29 09:36:28,675.0,597604
2021-04-29 09:36:30,675.0,597604
2021-04-29 09:36:31,675.0,597704
2021-04-29 09:36:31,675.0,597704
2021-04-29 09:36:32,675.0,597705
2021-04-29 09:36:34,674.85,599791
2021-04-29 09:36:35,674.85,599791
2021-04-29 09:36:36,674.85,599854
2021-04-29 09:36:39,674.6,600309
2021-04-29 09:36:40,674.95,600549
2021-04-29 09:36:42,675.0,600580
2021-04-29 09:36:43,675.0,600580
2021-04-29 09:36:45,674.95,600753
2021-04-29 09:36:46,674.95,600766
2021-04-29 09:36:47,674.95,600856
2021-04-29 09:36:48,674.95,600960
2021-04-29 09:36:49,675.0,601010
2021-04-29 09:36:50,675.0,601010
2021-04-29 09:36:51,675.0,601060
2021-04-29 09:36:52,674.95,601065
2021-04-29 09:36:53,674.95,601065
2021-04-29 09:36:54,674.95,601066
2021-04-29 09:36:56,674.95,601067
2021-04-29 09:36:56,674.95,601067
2021-04-29 09:36:57,674.85,602576
2021-04-29 09:36:58,674.85,602576
2021-04-29 09:37:00,674.85,602778
2021-04-29 09:37:01,674.85,602778
2021-04-29 09:37:01,674.7,602972
2021-04-29 09:37:03,674.95,602975
2021-04-29 09:37:04,674.95,602979
2021-04-29 09:37:05,674.95,603029
2021-04-29 09:37:06,674.95,603058
2021-04-29 09:37:08,674.95,603158
2021-04-29 09:37:08,674.65,603218
2021-04-29 09:37:09,674.65,603283
2021-04-29 09:37:10,674.95,603285
2021-04-29 09:37:12,674.95,603286
2021-04-29 09:37:12,674.95,603306
2021-04-29 09:37:13,674.95,603306
2021-04-29 09:37:15,674.95,603307
2021-04-29 09:37:16,674.95,603307
2021-04-29 09:37:17,674.95,603384
2021-04-29 09:37:18,674.95,603384
2021-04-29 09:37:18,674.95,603384
2021-04-29 09:37:19,674.95,603384
2021-04-29 09:37:20,674.95,603400
2021-04-29 09:37:21,674.8,603435
2021-04-29 09:37:22,674.95,603439
2021-04-29 09:37:23,674.95,603459
2021-04-29 09:37:24,674.95,603560
2021-04-29 09:37:25,674.95,603580
2021-04-29 09:37:26,674.8,603582
2021-04-29 09:37:27,674.8,603582
2021-04-29 09:37:28,674.95,603741
2021-04-29 09:37:29,674.95,603741
2021-04-29 09:37:30,674.95,603991
2021-04-29 09:37:31,675.0,604106
2021-04-29 09:37:33,674.8,604228
2021-04-29 09:37:34,675.0,604229
2021-04-29 09:37:35,675.0,604324
2021-04-29 09:37:36,674.8,604424
2021-04-29 09:37:36,675.0,604524
2021-04-29 09:37:37,675.0,604599
2021-04-29 09:37:38,674.95,604604
2021-04-29 09:37:39,675.0,604655
2021-04-29 09:37:40,675.0,604773
2021-04-29 09:37:41,675.0,604773
2021-04-29 09:37:43,675.0,604773
2021-04-29 09:37:44,675.0,604773
2021-04-29 09:37:45,675.0,605410
2021-04-29 09:37:46,675.0,605510
2021-04-29 09:37:47,674.95,605627
2021-04-29 09:37:48,675.0,605669
2021-04-29 09:37:48,675.0,605669
2021-04-29 09:37:49,675.0,605679
2021-04-29 09:37:50,675.0,606547
2021-04-29 09:37:51,675.0,606547
2021-04-29 09:37:52,675.0,606762
2021-04-29 09:37:53,675.0,607106
2021-04-29 09:37:55,675.0,607236
2021-04-29 09:37:57,675.0,607258
2021-04-29 09:37:58,675.0,607258
2021-04-29 09:37:59,675.0,607474
2021-04-29 09:38:00,675.0,607581
2021-04-29 09:38:00,675.0,607581
2021-04-29 09:38:01,675.0,607581
2021-04-29 09:38:02,675.0,607737
2021-04-29 09:38:03,674.95,608237
2021-04-29 09:38:04,675.0,608247
2021-04-29 09:38:05,675.0,608249
2021-04-29 09:38:06,675.0,608249
2021-04-29 09:38:07,675.0,608301
2021-04-29 09:38:09,675.0,608410
2021-04-29 09:38:10,675.0,608410
2021-04-29 09:38:12,675.0,608896
2021-04-29 09:38:13,674.95,609068
2021-04-29 09:38:14,675.0,609135
2021-04-29 09:38:15,675.0,609205
2021-04-29 09:38:15,674.95,609155
2021-04-29 09:38:16,675.0,609222
2021-04-29 09:38:17,675.0,609917
2021-04-29 09:38:19,675.0,609999
2021-04-29 09:38:18,675.0,609918
2021-04-29 09:38:20,675.0,610157
2021-04-29 09:38:21,675.0,610253
2021-04-29 09:38:24,675.05,610426
2021-04-29 09:38:25,675.05,610538
2021-04-29 09:38:26,675.05,610713
2021-04-29 09:38:27,675.05,610713
2021-04-29 09:38:29,675.05,610881
2021-04-29 09:38:30,675.05,610904
2021-04-29 09:38:31,675.05,611004
2021-04-29 09:38:32,675.1,611645
2021-04-29 09:38:34,675.1,611708
2021-04-29 09:38:35,675.05,612341
2021-04-29 09:38:36,675.05,612901
2021-04-29 09:38:36,675.0,614036
2021-04-29 09:38:37,675.0,614411
2021-04-29 09:38:38,675.0,614416
2021-04-29 09:38:39,675.0,614417
2021-04-29 09:38:40,675.0,614432
2021-04-29 09:38:42,674.95,615111
2021-04-29 09:38:42,674.95,615101
2021-04-29 09:38:43,674.95,615247
2021-04-29 09:38:44,675.0,615370
2021-04-29 09:38:45,675.0,615415
2021-04-29 09:38:47,675.0,615425
2021-04-29 09:38:47,675.0,615425
2021-04-29 09:38:49,675.0,615712
2021-04-29 09:38:50,675.0,615717
2021-04-29 09:38:51,675.0,616717
2021-04-29 09:38:52,675.0,616792
2021-04-29 09:38:53,674.8,616978
2021-04-29 09:38:54,675.0,617478
2021-04-29 09:38:55,673.8,627371
2021-04-29 09:38:56,673.6,628179
2021-04-29 09:38:57,673.7,628558
2021-04-29 09:38:58,673.35,629501
2021-04-29 09:38:58,673.6,628573
2021-04-29 09:39:00,673.7,629553
2021-04-29 09:39:01,674.1,630559
2021-04-29 09:39:02,674.0,630605
2021-04-29 09:39:02,674.0,630595
2021-04-29 09:39:03,674.0,630605
2021-04-29 09:39:05,673.7,631205
2021-04-29 09:39:06,674.15,631250
2021-04-29 09:39:07,674.15,631352
2021-04-29 09:39:07,674.0,631703
2021-04-29 09:39:09,674.0,631703
2021-04-29 09:39:10,674.0,631703
2021-04-29 09:39:11,674.2,631959
2021-04-29 09:39:12,673.8,632054
2021-04-29 09:39:15,673.85,632279
2021-04-29 09:39:15,674.2,632309
2021-04-29 09:39:17,673.9,632359
2021-04-29 09:39:18,673.9,632359
2021-04-29 09:39:19,674.2,632369
2021-04-29 09:39:20,674.2,632370
2021-04-29 09:39:21,673.9,632381
2021-04-29 09:39:22,674.05,632405
2021-04-29 09:39:23,674.15,632430
2021-04-29 09:39:25,673.7,633404
2021-04-29 09:39:26,674.15,633639
2021-04-29 09:39:28,674.0,639459
2021-04-29 09:39:29,674.0,639779
2021-04-29 09:39:30,674.0,639779
2021-04-29 09:39:31,673.0,644834
2021-04-29 09:39:32,673.95,644945
2021-04-29 09:39:35,673.95,645749
2021-04-29 09:39:36,673.95,645754
2021-04-29 09:39:38,673.95,645860
2021-04-29 09:39:39,673.95,645861
2021-04-29 09:39:40,673.8,645866
2021-04-29 09:39:41,673.55,645936
2021-04-29 09:39:42,673.95,645937
2021-04-29 09:39:43,673.95,645937
2021-04-29 09:39:44,673.95,645937
2021-04-29 09:39:45,673.95,645937
2021-04-29 09:39:46,673.95,646038
2021-04-29 09:39:47,673.65,646039
2021-04-29 09:39:48,673.65,646082
2021-04-29 09:39:49,673.95,646382
2021-04-29 09:39:50,673.95,646442
2021-04-29 09:39:50,673.95,646442
2021-04-29 09:39:51,673.95,646442
2021-04-29 09:39:52,673.95,646442
2021-04-29 09:39:53,674.0,646547
2021-04-29 09:39:55,674.0,646710
2021-04-29 09:39:55,674.0,646730
2021-04-29 09:39:56,673.4,647740
2021-04-29 09:39:57,674.0,647845
2021-04-29 09:39:59,673.95,648457
2021-04-29 09:40:00,673.95,648508
2021-04-29 09:40:01,673.95,648508
2021-04-29 09:40:01,673.95,648512
2021-04-29 09:40:02,673.9,648537
2021-04-29 09:40:03,674.0,650739
2021-04-29 09:40:04,674.0,650939
2021-04-29 09:40:05,674.2,651305
2021-04-29 09:40:06,674.2,651728
2021-04-29 09:40:07,674.2,651773
2021-04-29 09:40:08,674.05,651875
2021-04-29 09:40:09,674.2,651894
2021-04-29 09:40:10,674.25,651944
2021-04-29 09:40:11,674.2,652009
2021-04-29 09:40:12,674.2,652009
2021-04-29 09:40:13,674.15,652287
2021-04-29 09:40:14,674.15,652287
2021-04-29 09:40:15,674.15,652297
2021-04-29 09:40:16,674.15,652298
2021-04-29 09:40:17,674.15,652298
2021-04-29 09:40:19,674.15,652298
2021-04-29 09:40:19,674.15,652299
2021-04-29 09:40:20,674.15,652327
2021-04-29 09:40:22,674.2,652487
2021-04-29 09:40:23,674.15,652624
2021-04-29 09:40:24,674.15,652624
2021-04-29 09:40:25,674.2,652724
2021-04-29 09:40:26,674.2,652848
2021-04-29 09:40:27,674.2,653012
2021-04-29 09:40:28,674.25,653643
2021-04-29 09:40:29,674.2,653644
2021-04-29 09:40:30,674.0,654186
2021-04-29 09:40:30,674.0,654186
2021-04-29 09:40:32,674.0,654396
2021-04-29 09:40:33,673.95,654596
2021-04-29 09:40:34,673.95,654797
2021-04-29 09:40:35,673.95,654897
2021-04-29 09:40:36,673.8,655187
2021-04-29 09:40:36,673.8,655187
2021-04-29 09:40:37,673.8,655437
2021-04-29 09:40:38,673.7,655655
2021-04-29 09:40:39,673.7,655667
2021-04-29 09:40:44,673.65,656148
2021-04-29 09:40:45,673.65,656161
2021-04-29 09:40:46,673.65,656161
2021-04-29 09:40:47,673.65,656162
2021-04-29 09:40:47,673.65,656172
2021-04-29 09:40:49,673.65,656172
2021-04-29 09:40:50,673.65,656177
2021-04-29 09:40:51,673.65,656702
2021-04-29 09:40:52,673.65,656709
2021-04-29 09:40:53,673.65,656709
2021-04-29 09:40:54,673.65,656709
2021-04-29 09:40:55,673.65,656714
2021-04-29 09:40:58,673.65,656866
2021-04-29 09:40:59,673.7,657956
2021-04-29 09:41:00,673.7,657961
2021-04-29 09:41:01,673.95,658861
2021-04-29 09:41:02,673.95,658862
2021-04-29 09:41:03,673.95,658977
2021-04-29 09:41:04,673.95,658977
2021-04-29 09:41:05,673.95,658977
2021-04-29 09:41:06,673.95,659279
2021-04-29 09:41:07,673.95,659325
2021-04-29 09:41:08,673.95,659325
2021-04-29 09:41:09,673.95,659415
2021-04-29 09:41:10,673.95,659437
2021-04-29 09:41:11,673.95,659448
2021-04-29 09:41:12,673.95,659952
2021-04-29 09:41:13,673.8,659954
2021-04-29 09:41:14,673.8,659964
2021-04-29 09:41:15,673.8,659969
2021-04-29 09:41:16,673.8,660014
2021-04-29 09:41:17,673.8,660064
2021-04-29 09:41:18,673.95,660262
2021-04-29 09:41:19,673.95,660290
2021-04-29 09:41:20,673.8,660450
2021-04-29 09:41:21,673.8,660455
2021-04-29 09:41:22,673.75,660489
2021-04-29 09:41:24,673.75,660625
2021-04-29 09:41:26,673.95,661422
2021-04-29 09:41:27,673.95,661447
2021-04-29 09:41:28,673.95,661447
2021-04-29 09:41:29,673.95,661487
2021-04-29 09:41:30,673.95,661575
2021-04-29 09:41:31,673.95,661580
2021-04-29 09:41:32,673.95,661584
2021-04-29 09:41:34,674.0,661692
2021-04-29 09:41:35,674.0,667456
2021-04-29 09:41:36,674.0,667664
2021-04-29 09:41:37,674.0,667795
2021-04-29 09:41:37,674.0,667795
2021-04-29 09:41:40,674.05,668193
2021-04-29 09:41:41,674.05,668214
2021-04-29 09:41:42,674.05,668295
2021-04-29 09:41:43,674.0,668303
2021-04-29 09:41:44,674.05,668350
2021-04-29 09:41:45,674.05,668474
2021-04-29 09:41:46,674.05,668559
2021-04-29 09:41:47,673.95,670483
2021-04-29 09:41:48,673.95,670841
2021-04-29 09:41:49,673.95,670858
2021-04-29 09:41:50,674.1,670889
2021-04-29 09:41:52,673.95,670891
2021-04-29 09:41:52,673.95,670891
2021-04-29 09:41:53,674.05,670993
2021-04-29 09:41:54,674.0,671762
2021-04-29 09:41:56,674.0,671977
2021-04-29 09:41:57,673.95,671995
2021-04-29 09:41:58,673.95,672009
2021-04-29 09:41:59,674.0,672046
2021-04-29 09:42:00,674.1,672091
2021-04-29 09:42:01,674.1,672091
2021-04-29 09:42:02,674.1,672091
2021-04-29 09:42:04,673.95,672241
2021-04-29 09:42:04,674.1,672294
2021-04-29 09:42:05,674.0,672314
2021-04-29 09:42:06,673.8,676288
2021-04-29 09:42:08,673.65,676498
2021-04-29 09:42:09,673.8,676534
2021-04-29 09:42:10,673.7,676537
2021-04-29 09:42:11,673.7,676548
2021-04-29 09:42:12,673.7,676602
2021-04-29 09:42:13,673.95,676615
2021-04-29 09:42:14,673.95,676616
2021-04-29 09:42:15,674.0,676822
2021-04-29 09:42:16,674.0,676856
2021-04-29 09:42:17,673.75,676886
2021-04-29 09:42:18,673.9,677017
2021-04-29 09:42:19,673.9,677017
2021-04-29 09:42:20,673.65,677028
2021-04-29 09:42:21,673.65,677031
2021-04-29 09:42:22,673.95,677090
2021-04-29 09:42:23,673.65,677105
2021-04-29 09:42:24,673.95,677108
2021-04-29 09:42:25,673.5,678303
2021-04-29 09:42:26,673.95,678463
2021-04-29 09:42:26,673.95,678463
2021-04-29 09:42:27,673.65,678466
2021-04-29 09:42:28,673.65,678466
2021-04-29 09:42:29,673.95,678583
2021-04-29 09:42:31,673.85,678723
2021-04-29 09:42:33,673.8,678742
2021-04-29 09:42:34,674.0,679800
2021-04-29 09:42:36,673.95,680100
2021-04-29 09:42:37,673.95,680100
2021-04-29 09:42:38,674.0,680145
2021-04-29 09:42:39,673.65,685354
2021-04-29 09:42:40,673.25,687107
2021-04-29 09:42:41,673.25,687530
2021-04-29 09:42:42,672.6,692007
2021-04-29 09:42:43,672.7,692539
2021-04-29 09:42:44,672.7,693168
2021-04-29 09:42:45,672.7,693170
2021-04-29 09:42:47,672.55,694756
2021-04-29 09:42:48,672.55,694756
2021-04-29 09:42:49,672.35,695176
2021-04-29 09:42:50,672.35,695465
2021-04-29 09:42:51,672.5,695545
2021-04-29 09:42:52,672.15,695797
2021-04-29 09:42:55,672.55,696023
2021-04-29 09:42:56,672.3,696224
2021-04-29 09:42:57,672.3,696224
2021-04-29 09:42:58,672.55,696544
2021-04-29 09:42:59,672.2,696634
2021-04-29 09:43:00,672.5,696646
2021-04-29 09:43:01,672.2,696649
2021-04-29 09:43:02,672.2,696650
2021-04-29 09:43:04,672.7,697319
2021-04-29 09:43:05,672.7,697320
2021-04-29 09:43:06,672.7,698555
2021-04-29 09:43:07,672.8,698682
2021-04-29 09:43:08,672.65,698768
2021-04-29 09:43:09,672.65,698778
2021-04-29 09:43:10,672.65,698786
2021-04-29 09:43:11,672.65,698786
2021-04-29 09:43:12,672.8,698945
2021-04-29 09:43:13,672.8,699170
2021-04-29 09:43:14,672.2,702170
2021-04-29 09:43:15,672.9,702420
2021-04-29 09:43:16,672.95,702672
2021-04-29 09:43:17,672.95,702672
2021-04-29 09:43:18,672.95,702682
2021-04-29 09:43:19,672.95,702684
2021-04-29 09:43:20,672.7,702709
2021-04-29 09:43:21,673.0,702758
2021-04-29 09:43:22,673.0,702758
2021-04-29 09:43:23,673.0,702760
2021-04-29 09:43:24,672.7,702781
2021-04-29 09:43:25,672.65,702883
2021-04-29 09:43:26,672.65,702888
2021-04-29 09:43:27,672.95,702906
2021-04-29 09:43:28,672.95,703056
2021-04-29 09:43:29,672.7,703096
2021-04-29 09:43:30,673.0,703138
2021-04-29 09:43:31,672.7,703158
2021-04-29 09:43:32,673.0,703412
2021-04-29 09:43:33,673.0,703492
2021-04-29 09:43:34,673.05,703532
2021-04-29 09:43:35,673.1,704147
2021-04-29 09:43:36,672.75,704207
2021-04-29 09:43:37,673.2,704722
2021-04-29 09:43:38,673.15,704723
2021-04-29 09:43:39,673.15,704723
2021-04-29 09:43:40,673.15,704723
2021-04-29 09:43:41,673.15,704723
2021-04-29 09:43:43,673.2,704889
2021-04-29 09:43:44,673.2,704909
2021-04-29 09:43:45,673.2,704966
2021-04-29 09:43:46,673.05,705027
2021-04-29 09:43:47,673.05,705097
2021-04-29 09:43:48,673.2,705158
2021-04-29 09:43:49,673.2,705183
2021-04-29 09:43:50,673.05,705317
2021-04-29 09:43:51,673.05,705424
2021-04-29 09:43:52,673.2,705439
2021-04-29 09:43:53,673.2,705557
2021-04-29 09:43:54,673.05,705575
2021-04-29 09:43:55,673.05,705588
2021-04-29 09:43:56,673.05,705689
2021-04-29 09:43:57,673.05,705769
2021-04-29 09:43:58,673.2,705824
2021-04-29 09:43:59,673.25,706253
2021-04-29 09:44:00,673.2,707426
2021-04-29 09:44:01,673.05,707565
2021-04-29 09:44:02,673.05,707572
2021-04-29 09:44:03,673.05,707574
2021-04-29 09:44:04,673.2,707584
2021-04-29 09:44:05,673.2,707654
2021-04-29 09:44:06,672.55,710150
2021-04-29 09:44:07,672.55,710525
2021-04-29 09:44:08,672.9,710644
2021-04-29 09:44:09,672.65,710705
2021-04-29 09:44:10,672.65,710967
2021-04-29 09:44:11,672.65,710980
2021-04-29 09:44:12,673.0,711040
2021-04-29 09:44:13,673.0,711041
2021-04-29 09:44:14,673.0,711041
2021-04-29 09:44:15,672.8,711101
2021-04-29 09:44:16,673.05,711181
2021-04-29 09:44:17,673.0,711208
2021-04-29 09:44:18,672.85,711458
2021-04-29 09:44:19,673.05,711576
2021-04-29 09:44:20,673.0,711776
2021-04-29 09:44:21,672.55,712928
2021-04-29 09:44:22,672.85,712992
2021-04-29 09:44:23,673.0,713108
2021-04-29 09:44:24,673.0,713130
2021-04-29 09:44:26,673.15,713968
2021-04-29 09:44:27,673.15,713970
2021-04-29 09:44:28,673.0,714131
2021-04-29 09:44:29,673.0,714139
2021-04-29 09:44:30,673.2,714490
2021-04-29 09:44:31,673.15,714571
2021-04-29 09:44:32,673.2,714975
2021-04-29 09:44:33,673.2,714975
2021-04-29 09:44:34,673.2,715175
2021-04-29 09:44:35,673.2,715345
2021-04-29 09:44:36,673.25,715559
2021-04-29 09:44:37,673.25,715559
2021-04-29 09:44:38,673.25,715849
2021-04-29 09:44:39,673.25,715849
2021-04-29 09:44:40,673.25,716149
2021-04-29 09:44:41,673.2,716180
2021-04-29 09:44:43,673.2,716496
2021-04-29 09:44:42,673.2,716481
2021-04-29 09:44:44,673.25,718271
2021-04-29 09:44:45,673.2,718895
2021-04-29 09:44:46,673.2,718926
2021-04-29 09:44:47,673.2,718950
2021-04-29 09:44:48,673.3,718957
2021-04-29 09:44:49,673.5,719016
2021-04-29 09:44:50,673.5,719019
2021-04-29 09:44:51,673.5,719019
2021-04-29 09:44:52,673.6,719044
2021-04-29 09:44:53,673.6,719070
2021-04-29 09:44:54,673.6,719172
2021-04-29 09:44:55,673.6,719177
2021-04-29 09:44:56,673.6,719227
2021-04-29 09:44:57,673.5,719262
2021-04-29 09:44:58,673.6,719374
2021-04-29 09:44:59,673.6,719374
2021-04-29 09:45:00,673.5,719378
2021-04-29 09:45:01,673.3,719679
2021-04-29 09:45:03,673.6,720168
2021-04-29 09:45:03,673.6,720173
2021-04-29 09:45:04,673.5,720175
2021-04-29 09:45:05,673.6,720391
2021-04-29 09:45:06,673.6,720455
2021-04-29 09:45:07,673.6,720519
2021-04-29 09:45:08,673.7,720622
2021-04-29 09:45:09,673.7,720622
2021-04-29 09:45:10,673.65,720902
2021-04-29 09:45:11,673.65,720902
2021-04-29 09:45:12,673.6,721002
2021-04-29 09:45:14,673.7,722151
2021-04-29 09:45:16,673.7,722161
2021-04-29 09:45:16,673.7,722161
2021-04-29 09:45:17,673.6,722212
2021-04-29 09:45:18,673.6,722230
2021-04-29 09:45:19,673.7,722232
2021-04-29 09:45:20,673.7,722252
2021-04-29 09:45:21,673.7,722258
2021-04-29 09:45:22,673.65,722308
2021-04-29 09:45:24,673.7,722321
2021-04-29 09:45:24,673.7,722312
2021-04-29 09:45:25,673.7,722481
2021-04-29 09:45:26,673.7,722786
2021-04-29 09:45:27,673.7,722786
2021-04-29 09:45:28,673.9,723326
2021-04-29 09:45:29,673.7,723467
2021-04-29 09:45:30,674.0,723524
2021-04-29 09:45:31,674.05,725640
2021-04-29 09:45:32,674.05,726064
2021-04-29 09:45:33,673.95,726169
2021-04-29 09:45:34,674.15,726775
2021-04-29 09:45:35,674.3,727092
2021-04-29 09:45:36,674.3,727193
2021-04-29 09:45:37,674.3,727193
2021-04-29 09:45:38,674.3,727222
2021-04-29 09:45:39,674.8,731033
2021-04-29 09:45:40,674.8,731033
2021-04-29 09:45:42,674.65,731133
2021-04-29 09:45:42,674.65,731153
2021-04-29 09:45:43,674.65,731153
2021-04-29 09:45:45,674.45,731374
2021-04-29 09:45:45,674.7,731521
2021-04-29 09:45:47,674.65,732661
2021-04-29 09:45:47,674.65,732718
2021-04-29 09:45:49,674.8,732830
2021-04-29 09:45:49,674.8,732830
2021-04-29 09:45:51,674.8,732858
2021-04-29 09:45:51,674.8,732859
2021-04-29 09:45:52,674.95,733110
2021-04-29 09:45:53,674.95,733120
2021-04-29 09:45:54,675.0,733160
2021-04-29 09:45:55,674.9,733220
2021-04-29 09:45:57,674.8,734099
2021-04-29 09:45:58,674.8,734099
2021-04-29 09:45:59,674.75,734150
2021-04-29 09:46:00,674.75,735356
2021-04-29 09:46:01,674.95,735520
2021-04-29 09:46:02,674.9,735720
2021-04-29 09:46:03,674.8,735721
2021-04-29 09:46:05,674.95,736418
2021-04-29 09:46:05,674.95,736418
2021-04-29 09:46:06,674.95,736527
2021-04-29 09:46:07,674.8,736550
2021-04-29 09:46:08,674.8,736551
2021-04-29 09:46:09,674.95,736556
2021-04-29 09:46:10,674.9,736581
2021-04-29 09:46:11,674.8,736586
2021-04-29 09:46:12,674.8,736586
2021-04-29 09:46:13,674.6,738156
2021-04-29 09:46:14,674.6,738233
2021-04-29 09:46:15,674.35,738297
2021-04-29 09:46:17,674.35,738332
2021-04-29 09:46:17,674.35,738331
2021-04-29 09:46:18,674.65,738445
2021-04-29 09:46:19,674.65,738535
2021-04-29 09:46:20,674.65,738539
2021-04-29 09:46:21,674.8,738640
2021-04-29 09:46:22,674.8,738651
2021-04-29 09:46:23,674.55,738671
2021-04-29 09:46:24,674.55,738672
2021-04-29 09:46:25,674.8,739280
2021-04-29 09:46:27,674.65,739300
2021-04-29 09:46:26,674.8,739280
2021-04-29 09:46:29,674.65,739369
2021-04-29 09:46:29,674.65,739373
2021-04-29 09:46:30,674.65,739443
2021-04-29 09:46:32,674.85,739508
2021-04-29 09:46:32,674.85,739507
2021-04-29 09:46:33,674.65,739961
2021-04-29 09:46:35,674.65,740062
2021-04-29 09:46:35,674.65,740062
2021-04-29 09:46:36,674.65,740062
2021-04-29 09:46:37,674.65,740490
2021-04-29 09:46:38,674.3,741493
2021-04-29 09:46:39,674.5,741810
2021-04-29 09:46:40,674.2,741840
2021-04-29 09:46:41,674.55,742654
2021-04-29 09:46:42,674.55,742914
2021-04-29 09:46:43,674.05,743434
2021-04-29 09:46:44,674.05,743434
2021-04-29 09:46:45,674.25,743970
2021-04-29 09:46:46,674.45,746242
2021-04-29 09:46:47,674.3,747805
2021-04-29 09:46:48,674.3,751910
2021-04-29 09:46:51,674.75,757738
2021-04-29 09:46:52,674.6,759789
2021-04-29 09:46:53,674.6,760603
2021-04-29 09:46:54,674.6,762876
2021-04-29 09:46:56,675.0,767601
2021-04-29 09:46:58,675.0,769313
2021-04-29 09:46:58,674.6,770009
2021-04-29 09:46:59,674.95,770594
2021-04-29 09:47:00,674.95,771224
2021-04-29 09:47:01,675.0,771782
2021-04-29 09:47:02,675.0,771810
2021-04-29 09:47:03,675.0,771945
2021-04-29 09:47:04,675.15,771960
2021-04-29 09:47:05,675.15,772010
2021-04-29 09:47:06,675.0,773161
2021-04-29 09:47:07,675.1,773463
2021-04-29 09:47:08,675.1,773593
2021-04-29 09:47:09,675.1,773606
2021-04-29 09:47:10,674.75,773704
2021-04-29 09:47:11,675.0,774052
2021-04-29 09:47:13,674.6,774196
2021-04-29 09:47:14,674.6,774377
2021-04-29 09:47:15,675.1,774391
2021-04-29 09:47:16,675.1,774414
2021-04-29 09:47:17,675.1,774434
2021-04-29 09:47:18,675.0,774536
2021-04-29 09:47:19,674.6,774663
2021-04-29 09:47:20,675.0,774970
2021-04-29 09:47:21,675.0,775616
2021-04-29 09:47:23,674.75,775878
2021-04-29 09:47:25,674.9,775910
2021-04-29 09:47:26,675.1,775949
2021-04-29 09:47:27,675.05,776453
2021-04-29 09:47:28,675.15,776599
2021-04-29 09:47:29,674.8,776946
2021-04-29 09:47:30,674.8,776982
2021-04-29 09:47:31,675.0,777450
2021-04-29 09:47:32,674.8,778101
2021-04-29 09:47:32,674.9,779279
2021-04-29 09:47:33,674.9,779345
2021-04-29 09:47:34,674.9,779520
2021-04-29 09:47:37,674.95,779700
2021-04-29 09:47:38,675.0,779747
2021-04-29 09:47:40,674.7,779873
2021-04-29 09:47:40,675.0,779881
2021-04-29 09:47:41,675.1,779937
2021-04-29 09:47:43,675.1,779943
2021-04-29 09:47:44,674.75,779962
2021-04-29 09:47:45,675.1,780133
2021-04-29 09:47:46,675.0,780745
2021-04-29 09:47:47,675.1,781361
2021-04-29 09:47:48,675.1,781420
2021-04-29 09:47:49,675.05,781698
2021-04-29 09:47:52,675.6,785919
2021-04-29 09:47:53,675.4,786367
2021-04-29 09:47:54,675.05,786476
2021-04-29 09:47:56,675.35,787066
2021-04-29 09:47:57,675.35,787133
2021-04-29 09:47:58,674.85,787566
2021-04-29 09:47:59,674.75,788803
2021-04-29 09:48:00,674.25,790775
2021-04-29 09:48:00,674.25,791598
2021-04-29 09:48:02,674.25,793335
2021-04-29 09:48:03,674.4,793670
2021-04-29 09:48:04,674.75,794165
2021-04-29 09:48:04,674.75,794540
2021-04-29 09:48:06,674.8,796959
2021-04-29 09:48:06,674.8,796299
2021-04-29 09:48:07,674.9,798308
2021-04-29 09:48:08,674.9,800153
2021-04-29 09:48:09,675.2,802968
2021-04-29 09:48:11,675.0,804814
2021-04-29 09:48:12,675.0,806256
2021-04-29 09:48:13,675.0,808672
2021-04-29 09:48:14,674.7,810881
2021-04-29 09:48:15,674.65,811798
2021-04-29 09:48:15,674.45,812722
2021-04-29 09:48:17,674.85,813284
2021-04-29 09:48:18,674.7,813285
2021-04-29 09:48:19,674.5,813290
2021-04-29 09:48:19,674.5,813290
2021-04-29 09:48:20,674.85,813295
2021-04-29 09:48:21,674.55,813403
2021-04-29 09:48:23,674.65,813462
2021-04-29 09:48:24,674.65,813462
2021-04-29 09:48:24,674.65,813462
2021-04-29 09:48:25,674.8,813602
2021-04-29 09:48:26,674.9,813757
2021-04-29 09:48:27,674.9,813757
2021-04-29 09:48:28,674.9,813894
2021-04-29 09:48:29,674.9,813906
2021-04-29 09:48:30,675.0,814678
2021-04-29 09:48:31,675.0,814678
2021-04-29 09:48:32,674.7,815735
2021-04-29 09:48:33,674.7,815750
2021-04-29 09:48:34,675.0,817509
2021-04-29 09:48:35,674.8,817530
2021-04-29 09:48:36,674.8,817531
2021-04-29 09:48:37,674.95,817700
2021-04-29 09:48:38,674.95,817965
2021-04-29 09:48:39,674.95,817965
2021-04-29 09:48:40,674.7,818053
2021-04-29 09:48:41,674.95,818130
2021-04-29 09:48:42,674.95,818130
2021-04-29 09:48:43,674.75,818270
2021-04-29 09:48:44,674.65,818460
2021-04-29 09:48:45,674.35,818473
2021-04-29 09:48:46,674.6,818484
2021-04-29 09:48:47,674.35,818577
2021-04-29 09:48:48,674.1,819109
2021-04-29 09:48:49,674.0,819184
2021-04-29 09:48:50,673.85,819881
2021-04-29 09:48:51,673.8,819949
2021-04-29 09:48:52,673.85,819955
2021-04-29 09:48:53,673.85,819967
2021-04-29 09:48:54,673.85,820003
2021-04-29 09:48:55,673.65,821072
2021-04-29 09:48:57,673.65,821108
2021-04-29 09:48:58,673.65,821208
2021-04-29 09:48:59,673.65,821211
2021-04-29 09:49:00,673.75,821788
2021-04-29 09:49:00,673.75,821788
2021-04-29 09:49:01,673.35,824910
2021-04-29 09:49:02,673.35,824930
2021-04-29 09:49:03,673.35,825455
2021-04-29 09:49:04,673.35,825455
2021-04-29 09:49:05,673.0,826491
2021-04-29 09:49:06,673.0,826986
2021-04-29 09:49:07,673.0,827022
2021-04-29 09:49:08,673.0,827240
2021-04-29 09:49:09,673.0,827276
2021-04-29 09:49:10,673.35,827378
2021-04-29 09:49:11,673.0,831503
2021-04-29 09:49:12,673.0,831713
2021-04-29 09:49:13,673.0,831743
2021-04-29 09:49:14,673.35,831846
2021-04-29 09:49:15,673.35,831961
2021-04-29 09:49:16,673.0,832201
2021-04-29 09:49:18,673.05,832225
2021-04-29 09:49:19,673.45,834325
2021-04-29 09:49:20,673.9,836012
2021-04-29 09:49:21,673.85,836282
2021-04-29 09:49:22,674.1,837175
2021-04-29 09:49:23,674.1,837288
2021-04-29 09:49:23,674.25,837461
2021-04-29 09:49:24,674.1,837484
2021-04-29 09:49:25,674.1,838707
2021-04-29 09:49:26,674.1,838954
2021-04-29 09:49:27,674.0,839007
2021-04-29 09:49:29,673.7,839342
2021-04-29 09:49:30,673.7,839777
2021-04-29 09:49:31,674.0,840267
2021-04-29 09:49:32,674.1,840329
2021-04-29 09:49:32,674.0,840338
2021-04-29 09:49:33,674.1,840473
2021-04-29 09:49:34,674.0,840516
2021-04-29 09:49:35,674.0,840714
2021-04-29 09:49:37,674.1,840744
2021-04-29 09:49:38,674.0,840976
2021-04-29 09:49:39,674.1,841189
2021-04-29 09:49:39,674.1,841214
2021-04-29 09:49:40,674.1,841561
2021-04-29 09:49:42,673.8,841683
2021-04-29 09:49:43,674.1,841735
2021-04-29 09:49:44,673.8,841742
2021-04-29 09:49:45,674.0,841784
2021-04-29 09:49:46,673.8,842343
2021-04-29 09:49:46,673.8,842372
2021-04-29 09:49:47,674.1,842478
2021-04-29 09:49:48,673.85,842492
2021-04-29 09:49:49,674.1,842554
2021-04-29 09:49:50,674.05,842574
2021-04-29 09:49:51,674.05,842576
2021-04-29 09:49:52,674.05,842580
2021-04-29 09:49:53,674.05,842580
2021-04-29 09:49:55,674.0,842596
2021-04-29 09:49:57,674.25,842897
2021-04-29 09:49:58,674.7,843073
2021-04-29 09:49:59,674.7,843147
2021-04-29 09:50:00,674.7,843623
2021-04-29 09:50:01,674.9,847660
2021-04-29 09:50:01,674.8,844959
2021-04-29 09:50:02,674.95,848745
2021-04-29 09:50:03,675.0,851181
2021-04-29 09:50:04,675.0,851825
2021-04-29 09:50:05,675.0,852575
2021-04-29 09:50:06,675.0,852832
2021-04-29 09:50:07,675.0,852939
2021-04-29 09:50:08,675.0,853478
2021-04-29 09:50:10,675.0,853660
2021-04-29 09:50:10,674.95,853747
2021-04-29 09:50:11,675.0,853791
2021-04-29 09:50:12,675.0,854484
2021-04-29 09:50:13,675.0,854784
2021-04-29 09:50:14,675.0,854932
2021-04-29 09:50:16,675.0,855205
2021-04-29 09:50:17,674.95,855510
2021-04-29 09:50:18,675.15,856336
2021-04-29 09:50:19,675.0,856711
2021-04-29 09:50:19,675.0,856817
2021-04-29 09:50:20,675.0,856894
2021-04-29 09:50:21,675.1,857575
2021-04-29 09:50:22,675.0,857780
2021-04-29 09:50:24,675.0,858169
2021-04-29 09:50:25,675.0,858264
2021-04-29 09:50:26,675.0,858710
2021-04-29 09:50:27,674.8,859003
2021-04-29 09:50:27,675.0,859100
2021-04-29 09:50:28,675.0,859216
2021-04-29 09:50:29,675.0,859950
2021-04-29 09:50:30,674.7,860588
2021-04-29 09:50:31,675.0,861013
2021-04-29 09:50:33,674.7,862238
2021-04-29 09:50:34,675.0,864267
2021-04-29 09:50:35,675.0,864604
2021-04-29 09:50:37,674.9,865452
2021-04-29 09:50:39,674.9,865915
2021-04-29 09:50:40,674.9,866385
2021-04-29 09:50:41,674.9,866502
2021-04-29 09:50:42,674.9,866540
2021-04-29 09:50:42,674.75,866665
2021-04-29 09:50:43,675.0,866907
2021-04-29 09:50:44,674.9,867241
2021-04-29 09:50:45,674.75,867460
2021-04-29 09:50:46,674.75,867978
2021-04-29 09:50:47,675.0,868164
2021-04-29 09:50:48,675.0,868366
2021-04-29 09:50:50,675.0,868505
2021-04-29 09:50:50,674.7,869804
2021-04-29 09:50:51,674.95,870340
2021-04-29 09:50:52,675.0,870776
2021-04-29 09:50:54,674.7,871271
2021-04-29 09:50:55,675.0,871362
2021-04-29 09:50:55,675.0,871427
2021-04-29 09:50:56,675.0,871532
2021-04-29 09:50:57,675.0,871657
2021-04-29 09:50:58,675.0,871741
2021-04-29 09:50:59,675.0,871889
2021-04-29 09:51:01,674.6,873018
2021-04-29 09:51:02,675.0,873318
2021-04-29 09:51:04,674.95,875189
2021-04-29 09:51:05,675.0,875854
2021-04-29 09:51:06,675.0,876200
2021-04-29 09:51:07,675.0,876353
2021-04-29 09:51:07,674.95,876654
2021-04-29 09:51:08,675.0,877501
2021-04-29 09:51:10,675.0,877660
2021-04-29 09:51:11,675.0,877822
2021-04-29 09:51:11,675.0,878039
2021-04-29 09:51:12,675.0,878171
2021-04-29 09:51:13,675.0,878262
2021-04-29 09:51:14,674.8,878332
2021-04-29 09:51:16,675.1,879228
2021-04-29 09:51:17,675.0,879501
2021-04-29 09:51:18,675.0,879730
2021-04-29 09:51:20,674.9,880135
2021-04-29 09:51:21,675.0,880274
2021-04-29 09:51:21,675.0,880351
2021-04-29 09:51:23,675.0,880873
2021-04-29 09:51:24,675.0,881233
2021-04-29 09:51:25,674.9,881390
2021-04-29 09:51:26,675.0,881576
2021-04-29 09:51:27,675.0,881629
2021-04-29 09:51:28,675.0,881756
2021-04-29 09:51:29,675.0,881900
2021-04-29 09:51:30,675.0,882517
2021-04-29 09:51:31,675.0,882887
2021-04-29 09:51:31,675.0,882823
2021-04-29 09:51:33,675.0,882946
2021-04-29 09:51:34,675.0,884382
2021-04-29 09:51:35,675.0,884776
2021-04-29 09:51:36,675.05,885134
2021-04-29 09:51:38,675.0,885952
2021-04-29 09:51:39,675.0,886107
2021-04-29 09:51:40,675.0,886139
2021-04-29 09:51:41,674.85,886287
2021-04-29 09:51:42,674.9,887538
2021-04-29 09:51:43,675.15,887632
2021-04-29 09:51:44,675.15,887643
2021-04-29 09:51:44,675.15,887661
2021-04-29 09:51:45,675.15,887895
2021-04-29 09:51:46,675.15,887923
2021-04-29 09:51:48,674.9,887933
2021-04-29 09:51:49,674.9,887995
2021-04-29 09:51:50,675.15,888054
2021-04-29 09:51:51,675.0,888214
2021-04-29 09:51:52,675.3,889286
2021-04-29 09:51:53,675.45,889550
2021-04-29 09:51:54,675.45,889608
2021-04-29 09:51:55,675.4,889701
2021-04-29 09:51:56,675.2,889773
2021-04-29 09:51:57,675.5,889876
2021-04-29 09:51:58,675.6,890703
2021-04-29 09:51:59,675.45,890828
2021-04-29 09:52:00,675.6,891010
2021-04-29 09:52:01,675.45,891521
2021-04-29 09:52:02,675.4,891662
2021-04-29 09:52:03,675.6,891919
2021-04-29 09:52:04,675.6,893185
2021-04-29 09:52:05,675.6,893422
2021-04-29 09:52:07,675.65,893442
2021-04-29 09:52:08,675.75,893722
2021-04-29 09:52:09,675.8,893750
2021-04-29 09:52:10,675.65,894434
2021-04-29 09:52:12,676.0,895963
2021-04-29 09:52:13,676.0,896207
2021-04-29 09:52:14,675.7,897337
2021-04-29 09:52:15,676.0,897597
2021-04-29 09:52:16,675.8,898605
2021-04-29 09:52:17,676.0,899755
2021-04-29 09:52:19,676.3,899990
2021-04-29 09:52:20,676.3,900224
2021-04-29 09:52:21,676.05,900628
2021-04-29 09:52:22,676.3,900894
2021-04-29 09:52:23,676.3,901041
2021-04-29 09:52:24,676.3,901175
2021-04-29 09:52:25,676.0,901242
2021-04-29 09:52:26,676.0,902701
2021-04-29 09:52:26,676.0,902774
2021-04-29 09:52:27,676.4,902873
2021-04-29 09:52:28,676.3,903175
2021-04-29 09:52:29,676.3,903283
2021-04-29 09:52:31,676.25,903873
2021-04-29 09:52:32,676.25,903971
2021-04-29 09:52:33,676.2,905041
2021-04-29 09:52:34,675.8,905309
2021-04-29 09:52:35,675.95,906500
2021-04-29 09:52:36,676.0,906693
2021-04-29 09:52:37,676.0,906807
2021-04-29 09:52:38,676.0,906827
2021-04-29 09:52:39,676.0,906897
2021-04-29 09:52:40,676.1,906921
2021-04-29 09:52:41,676.0,907484
2021-04-29 09:52:42,676.0,907513
2021-04-29 09:52:45,676.3,908913
2021-04-29 09:52:46,676.3,908951
2021-04-29 09:52:47,676.2,910313
2021-04-29 09:52:48,676.2,910806
2021-04-29 09:52:49,676.2,910884
2021-04-29 09:52:50,676.3,911724
2021-04-29 09:52:50,676.3,911825
2021-04-29 09:52:51,676.2,911985
2021-04-29 09:52:52,676.3,911994
2021-04-29 09:52:54,676.3,912001
2021-04-29 09:52:55,676.3,912063
2021-04-29 09:52:56,676.05,912688
2021-04-29 09:52:57,676.05,913246
2021-04-29 09:52:58,676.05,913302
2021-04-29 09:52:58,676.05,913305
2021-04-29 09:53:00,676.3,913485
2021-04-29 09:53:01,676.05,913972
2021-04-29 09:53:03,676.05,914242
2021-04-29 09:53:04,675.95,915797
2021-04-29 09:53:05,675.85,917250
2021-04-29 09:53:06,676.0,917690
2021-04-29 09:53:06,676.0,917896
2021-04-29 09:53:07,676.05,918059
2021-04-29 09:53:08,676.05,918183
2021-04-29 09:53:09,676.0,918213
2021-04-29 09:53:10,676.3,918543
2021-04-29 09:53:12,676.3,918589
2021-04-29 09:53:13,676.3,918599
2021-04-29 09:53:14,676.25,918630
2021-04-29 09:53:15,676.25,918637
2021-04-29 09:53:16,676.0,918657
2021-04-29 09:53:17,676.2,918713
2021-04-29 09:53:17,676.2,918707
2021-04-29 09:53:19,675.7,1107569
2021-04-29 09:53:20,675.7,1108425
2021-04-29 09:53:21,675.7,1108469
2021-04-29 09:53:22,675.85,1109571
2021-04-29 09:53:23,676.0,1109729
2021-04-29 09:53:24,675.85,1109749
2021-04-29 09:53:24,676.0,1109751
2021-04-29 09:53:26,676.0,1109862
2021-04-29 09:53:27,676.0,1109912
2021-04-29 09:53:28,676.05,1110159
2021-04-29 09:53:29,676.1,1110192
2021-04-29 09:53:30,676.1,1110192
2021-04-29 09:53:31,676.25,1110676
2021-04-29 09:53:32,676.5,1112868
2021-04-29 09:53:33,676.5,1112868
2021-04-29 09:53:34,676.5,1113068
2021-04-29 09:53:35,676.6,1113200
2021-04-29 09:53:36,676.2,1115325
2021-04-29 09:53:37,676.2,1115772
2021-04-29 09:53:38,676.2,1115772
2021-04-29 09:53:40,676.2,1115950
2021-04-29 09:53:41,676.05,1115957
2021-04-29 09:53:42,676.05,1115972
2021-04-29 09:53:43,676.05,1115973
2021-04-29 09:53:44,676.15,1116071
2021-04-29 09:53:45,676.05,1116076
2021-04-29 09:53:46,676.1,1116186
2021-04-29 09:53:48,676.1,1116187
2021-04-29 09:53:49,676.0,1116387
2021-04-29 09:53:50,676.1,1116444
2021-04-29 09:53:51,676.25,1116605
2021-04-29 09:53:52,676.25,1116605
2021-04-29 09:53:53,676.25,1116606
2021-04-29 09:53:54,675.9,1117940
2021-04-29 09:53:55,675.9,1117940
2021-04-29 09:53:56,675.7,1117947
2021-04-29 09:53:58,675.7,1117947
2021-04-29 09:53:57,675.7,1117947
2021-04-29 09:53:59,675.75,1117976
2021-04-29 09:54:00,675.5,1118105
2021-04-29 09:54:01,675.65,1118992
2021-04-29 09:54:02,675.45,1119021
2021-04-29 09:54:03,675.65,1119089
2021-04-29 09:54:05,675.3,1119697
2021-04-29 09:54:07,675.35,1119765
2021-04-29 09:54:06,675.35,1119765
2021-04-29 09:54:08,675.35,1119979
2021-04-29 09:54:09,675.0,1119983
2021-04-29 09:54:10,675.05,1120026
2021-04-29 09:54:11,675.05,1120028
2021-04-29 09:54:12,675.05,1120047
2021-04-29 09:54:13,675.05,1120059
2021-04-29 09:54:14,675.05,1120059
2021-04-29 09:54:15,675.05,1120059
2021-04-29 09:54:16,675.35,1120084
2021-04-29 09:54:17,675.15,1120817
2021-04-29 09:54:18,675.0,1121035
2021-04-29 09:54:19,675.0,1121046
2021-04-29 09:54:20,675.0,1121388
2021-04-29 09:54:21,675.0,1121406
2021-04-29 09:54:22,675.05,1121444
2021-04-29 09:54:24,675.05,1121446
2021-04-29 09:54:23,675.05,1121446
2021-04-29 09:54:25,675.0,1122836
2021-04-29 09:54:26,675.0,1123182
2021-04-29 09:54:27,675.05,1123204
2021-04-29 09:54:28,675.35,1123241
2021-04-29 09:54:29,675.35,1123241
2021-04-29 09:54:30,675.35,1123925
2021-04-29 09:54:31,675.3,1124002
2021-04-29 09:54:32,675.3,1124002
2021-04-29 09:54:34,675.3,1124080
2021-04-29 09:54:33,675.3,1124080
2021-04-29 09:54:35,675.05,1124101
2021-04-29 09:54:36,675.05,1124365
2021-04-29 09:54:37,675.3,1124388
2021-04-29 09:54:38,675.3,1124388
2021-04-29 09:54:39,675.35,1124418
2021-04-29 09:54:40,675.35,1124418
2021-04-29 09:54:41,675.05,1125868
2021-04-29 09:54:42,675.05,1125868
2021-04-29 09:54:43,675.05,1125868
2021-04-29 09:54:44,675.05,1125868
2021-04-29 09:54:45,675.0,1125906
2021-04-29 09:54:47,675.0,1126475
2021-04-29 09:54:48,675.05,1126481
2021-04-29 09:54:49,675.1,1126525
2021-04-29 09:54:50,675.1,1126528
2021-04-29 09:54:51,675.35,1126543
2021-04-29 09:54:52,675.2,1126557
2021-04-29 09:54:53,675.1,1126866
2021-04-29 09:54:54,675.1,1126882
2021-04-29 09:54:55,675.15,1126883
2021-04-29 09:54:56,675.0,1127325
2021-04-29 09:54:57,675.05,1127384
2021-04-29 09:54:58,675.05,1127384
2021-04-29 09:54:59,675.0,1127395
2021-04-29 09:55:00,675.15,1127852
2021-04-29 09:55:02,675.15,1127978
2021-04-29 09:55:03,674.8,1128038
2021-04-29 09:55:04,674.8,1128041
2021-04-29 09:55:05,674.95,1128064
2021-04-29 09:55:06,674.9,1128253
2021-04-29 09:55:07,674.9,1128253
2021-04-29 09:55:08,674.8,1128322
2021-04-29 09:55:09,675.0,1128605
2021-04-29 09:55:10,675.0,1128625
2021-04-29 09:55:11,674.8,1128670
2021-04-29 09:55:13,675.0,1128777
2021-04-29 09:55:14,674.8,1128867
2021-04-29 09:55:15,674.8,1128887
2021-04-29 09:55:16,674.8,1128919
2021-04-29 09:55:17,674.8,1128921
2021-04-29 09:55:18,674.8,1128955
2021-04-29 09:55:19,674.8,1128957
2021-04-29 09:55:21,675.0,1129016
2021-04-29 09:55:22,675.0,1129016
2021-04-29 09:55:23,675.0,1129018
2021-04-29 09:55:24,674.85,1129038
2021-04-29 09:55:25,674.95,1129039
2021-04-29 09:55:26,674.95,1129374
2021-04-29 09:55:27,674.95,1129391
2021-04-29 09:55:28,674.85,1129541
2021-04-29 09:55:29,674.9,1129584
2021-04-29 09:55:30,675.0,1129736
2021-04-29 09:55:31,675.0,1130221
2021-04-29 09:55:32,675.0,1130323
2021-04-29 09:55:33,675.0,1130507
2021-04-29 09:55:34,675.0,1130602
2021-04-29 09:55:35,674.9,1130610
2021-04-29 09:55:36,674.9,1130645
2021-04-29 09:55:37,674.95,1130651
2021-04-29 09:55:38,674.95,1130717
2021-04-29 09:55:40,675.0,1130796
2021-04-29 09:55:41,675.0,1130816
2021-04-29 09:55:42,675.0,1130946
2021-04-29 09:55:42,675.0,1130946
2021-04-29 09:55:43,675.0,1130963
2021-04-29 09:55:44,675.15,1131463
2021-04-29 09:55:45,675.15,1131463
2021-04-29 09:55:46,675.1,1131468
2021-04-29 09:55:47,675.1,1131532
2021-04-29 09:55:48,674.9,1131612
2021-04-29 09:55:49,675.15,1131652
2021-04-29 09:55:50,675.05,1131667
2021-04-29 09:55:52,675.15,1131683
2021-04-29 09:55:53,675.15,1131804
2021-04-29 09:55:54,675.15,1131836
2021-04-29 09:55:54,675.15,1131836
2021-04-29 09:55:55,675.0,1131909
2021-04-29 09:55:56,674.75,1146863
2021-04-29 09:55:57,674.75,1146868
2021-04-29 09:55:58,674.6,1147252
2021-04-29 09:55:59,674.6,1148362
2021-04-29 09:56:00,674.75,1148817
2021-04-29 09:56:02,674.5,1148942
2021-04-29 09:56:03,674.35,1148952
2021-04-29 09:56:03,674.35,1148952
2021-04-29 09:56:04,674.5,1149103
2021-04-29 09:56:05,674.5,1149113
2021-04-29 09:56:06,674.45,1149198
2021-04-29 09:56:07,674.25,1149310
2021-04-29 09:56:08,674.25,1149310
2021-04-29 09:56:09,674.25,1149747
2021-04-29 09:56:10,674.25,1149769
2021-04-29 09:56:11,674.7,1149875
2021-04-29 09:56:12,674.25,1153101
2021-04-29 09:56:13,674.25,1153121
2021-04-29 09:56:14,674.25,1153178
2021-04-29 09:56:15,674.5,1153817
2021-04-29 09:56:16,674.15,1153936
2021-04-29 09:56:17,674.15,1153962
2021-04-29 09:56:18,674.15,1153964
2021-04-29 09:56:20,674.5,1154014
2021-04-29 09:56:20,674.5,1154014
2021-04-29 09:56:21,674.25,1154131
2021-04-29 09:56:23,674.25,1154152
2021-04-29 09:56:23,674.5,1154155
2021-04-29 09:56:24,674.5,1154222
2021-04-29 09:56:25,674.5,1154226
2021-04-29 09:56:26,674.5,1154226
2021-04-29 09:56:27,674.4,1154945
2021-04-29 09:56:28,674.4,1155005
2021-04-29 09:56:29,674.4,1155005
2021-04-29 09:56:30,674.6,1155460
2021-04-29 09:56:31,674.55,1155488
2021-04-29 09:56:32,674.5,1155538
2021-04-29 09:56:33,674.5,1155538
2021-04-29 09:56:34,674.5,1155538
2021-04-29 09:56:35,674.25,1155563
2021-04-29 09:56:36,674.25,1155573
2021-04-29 09:56:37,674.5,1155709
2021-04-29 09:56:38,674.5,1155726
2021-04-29 09:56:39,674.2,1155803
2021-04-29 09:56:40,674.2,1155807
2021-04-29 09:56:41,674.2,1155807
2021-04-29 09:56:42,674.2,1155807
2021-04-29 09:56:43,674.2,1155814
2021-04-29 09:56:44,674.4,1155837
2021-04-29 09:56:45,674.4,1155837
2021-04-29 09:56:46,674.5,1155877
2021-04-29 09:56:47,674.5,1155877
2021-04-29 09:56:48,674.25,1157685
2021-04-29 09:56:49,674.25,1157735
2021-04-29 09:56:51,674.1,1157768
2021-04-29 09:56:51,674.1,1157770
2021-04-29 09:56:52,674.1,1157772
2021-04-29 09:56:54,673.7,1158674
2021-04-29 09:56:55,674.1,1158738
2021-04-29 09:56:56,673.75,1159326
2021-04-29 09:56:57,674.0,1159342
2021-04-29 09:56:58,674.0,1159342
2021-04-29 09:56:59,674.0,1159343
2021-04-29 09:57:00,674.15,1159798
2021-04-29 09:57:01,674.05,1160069
2021-04-29 09:57:02,674.05,1160097
2021-04-29 09:57:03,674.1,1160165
2021-04-29 09:57:04,674.25,1160266
2021-04-29 09:57:05,674.05,1160376
2021-04-29 09:57:06,674.15,1160381
2021-04-29 09:57:07,674.25,1160526
2021-04-29 09:57:08,674.25,1160629
2021-04-29 09:57:09,674.25,1160629
2021-04-29 09:57:10,674.05,1160746
2021-04-29 09:57:11,674.4,1160782
2021-04-29 09:57:12,674.4,1160782
2021-04-29 09:57:13,674.4,1160782
2021-04-29 09:57:14,674.45,1160872
2021-04-29 09:57:15,674.5,1160928
2021-04-29 09:57:16,674.5,1160971
2021-04-29 09:57:17,674.25,1161344
2021-04-29 09:57:18,674.3,1161420
2021-04-29 09:57:19,674.3,1161484
2021-04-29 09:57:20,674.3,1161599
2021-04-29 09:57:21,674.25,1161615
2021-04-29 09:57:23,674.3,1161675
2021-04-29 09:57:24,674.3,1161706
2021-04-29 09:57:25,674.3,1161744
2021-04-29 09:57:25,674.3,1161758
2021-04-29 09:57:26,674.3,1161790
2021-04-29 09:57:27,674.3,1161815
2021-04-29 09:57:28,674.25,1161944
2021-04-29 09:57:29,674.3,1161965
2021-04-29 09:57:31,674.45,1162436
2021-04-29 09:57:32,674.5,1162479
2021-04-29 09:57:33,674.5,1162489
2021-04-29 09:57:34,674.5,1162489
2021-04-29 09:57:35,674.5,1162489
2021-04-29 09:57:36,674.3,1162703
2021-04-29 09:57:37,674.3,1162717
2021-04-29 09:57:38,674.3,1162730
2021-04-29 09:57:39,674.3,1162731
2021-04-29 09:57:40,674.45,1162750
2021-04-29 09:57:41,674.5,1162800
2021-04-29 09:57:42,674.3,1162865
2021-04-29 09:57:43,674.3,1162869
2021-04-29 09:57:44,674.3,1162884
2021-04-29 09:57:45,674.3,1162885
2021-04-29 09:57:46,674.45,1162899
2021-04-29 09:57:47,674.45,1162916
2021-04-29 09:57:48,674.45,1162930
2021-04-29 09:57:49,674.4,1162952
2021-04-29 09:57:50,674.45,1163073
2021-04-29 09:57:51,674.45,1163073
2021-04-29 09:57:53,674.5,1163173
2021-04-29 09:57:54,674.45,1163281
2021-04-29 09:57:56,674.45,1163286
2021-04-29 09:57:56,674.5,1163360
2021-04-29 09:57:57,674.45,1163429
2021-04-29 09:57:58,674.5,1163453
2021-04-29 09:57:59,674.3,1163872
2021-04-29 09:58:00,674.3,1164337
2021-04-29 09:58:01,674.3,1164424
2021-04-29 09:58:02,674.3,1164456
2021-04-29 09:58:03,674.7,1166601
2021-04-29 09:58:04,674.7,1166626
2021-04-29 09:58:05,674.7,1166654
2021-04-29 09:58:06,674.9,1166904
2021-04-29 09:58:08,674.9,1166904
2021-04-29 09:58:09,674.9,1166904
2021-04-29 09:58:10,674.95,1167434
2021-04-29 09:58:11,674.95,1167649
2021-04-29 09:58:11,674.95,1167649
2021-04-29 09:58:12,674.95,1167649
2021-04-29 09:58:13,674.95,1167728
2021-04-29 09:58:14,674.95,1167728
2021-04-29 09:58:15,675.0,1167748
2021-04-29 09:58:16,674.95,1167828
2021-04-29 09:58:17,674.85,1168048
2021-04-29 09:58:18,674.85,1168074
2021-04-29 09:58:20,674.7,1168090
2021-04-29 09:58:21,674.7,1168226
2021-04-29 09:58:21,674.7,1168226
2021-04-29 09:58:22,674.55,1168246
2021-04-29 09:58:23,674.55,1168258
2021-04-29 09:58:24,674.7,1168284
2021-04-29 09:58:25,674.7,1168299
2021-04-29 09:58:27,674.35,1168508
2021-04-29 09:58:29,674.35,1168508
2021-04-29 09:58:30,674.65,1168520
2021-04-29 09:58:30,674.85,1169033
2021-04-29 09:58:31,675.0,1169246
2021-04-29 09:58:32,675.0,1169246
2021-04-29 09:58:33,675.0,1169246
2021-04-29 09:58:34,675.0,1169246
2021-04-29 09:58:35,675.0,1169246
2021-04-29 09:58:36,675.0,1169246
2021-04-29 09:58:37,674.7,1169257
2021-04-29 09:58:38,674.7,1169262
2021-04-29 09:58:39,674.15,1172264
2021-04-29 09:58:40,674.55,1172443
2021-04-29 09:58:41,674.55,1172467
2021-04-29 09:58:42,674.6,1172487
2021-04-29 09:58:43,674.5,1172579
2021-04-29 09:58:44,674.6,1172654
2021-04-29 09:58:45,674.6,1172698
2021-04-29 09:58:47,674.4,1172807
2021-04-29 09:58:48,674.5,1172842
2021-04-29 09:58:49,674.4,1172846
2021-04-29 09:58:50,674.45,1172848
2021-04-29 09:58:50,674.5,1172850
2021-04-29 09:58:52,674.4,1173289
2021-04-29 09:58:53,674.9,1173411
2021-04-29 09:58:53,674.9,1173411
2021-04-29 09:58:54,674.9,1173411
2021-04-29 09:58:55,674.9,1173411
2021-04-29 09:58:56,674.85,1173429
2021-04-29 09:58:57,674.5,1173626
2021-04-29 09:58:58,674.45,1173632
2021-04-29 09:59:00,674.5,1174089
2021-04-29 09:58:59,674.45,1173634
2021-04-29 09:59:01,674.5,1174173
2021-04-29 09:59:02,674.5,1174188
2021-04-29 09:59:03,674.5,1174188
2021-04-29 09:59:04,674.5,1174212
2021-04-29 09:59:05,674.45,1174234
2021-04-29 09:59:06,674.55,1174694
2021-04-29 09:59:07,674.55,1174758
2021-04-29 09:59:08,674.55,1174787
2021-04-29 09:59:09,674.55,1174787
2021-04-29 09:59:10,674.55,1174790
2021-04-29 09:59:11,674.8,1174793
2021-04-29 09:59:13,674.8,1174793
2021-04-29 09:59:13,674.8,1174793
2021-04-29 09:59:14,674.8,1174893
2021-04-29 09:59:15,674.8,1174895
2021-04-29 09:59:16,674.8,1174910
2021-04-29 09:59:17,674.9,1174945
2021-04-29 09:59:18,674.9,1174960
2021-04-29 09:59:19,674.9,1174964
2021-04-29 09:59:20,674.9,1174993
2021-04-29 09:59:21,675.0,1175036
2021-04-29 09:59:22,674.8,1175037
2021-04-29 09:59:23,674.8,1175037
2021-04-29 09:59:24,674.95,1175094
2021-04-29 09:59:25,674.9,1175126
2021-04-29 09:59:28,674.95,1175249
2021-04-29 09:59:29,675.0,1175274
2021-04-29 09:59:30,675.0,1175836
2021-04-29 09:59:31,675.0,1175850
2021-04-29 09:59:32,675.0,1179302
2021-04-29 09:59:33,675.0,1179302
2021-04-29 09:59:34,675.0,1179590
2021-04-29 09:59:35,674.95,1179634
2021-04-29 09:59:36,675.0,1180008
2021-04-29 09:59:37,674.95,1180022
2021-04-29 09:59:38,675.0,1180395
2021-04-29 09:59:40,674.95,1180688
2021-04-29 09:59:41,674.8,1180722
2021-04-29 09:59:43,674.8,1180882
2021-04-29 09:59:44,674.9,1180929
2021-04-29 09:59:45,674.9,1180937
2021-04-29 09:59:46,675.0,1181017
2021-04-29 09:59:47,675.0,1181017
2021-04-29 09:59:48,674.9,1181106
2021-04-29 09:59:49,674.9,1181202
2021-04-29 09:59:51,674.9,1181202
2021-04-29 09:59:51,674.7,1181206
2021-04-29 09:59:52,674.65,1181221
2021-04-29 09:59:54,674.65,1181223
2021-04-29 09:59:55,674.65,1181228
2021-04-29 09:59:56,675.0,1181258
2021-04-29 09:59:57,675.0,1181282
2021-04-29 09:59:58,675.0,1181282
2021-04-29 09:59:59,675.0,1181282
2021-04-29 10:00:00,675.0,1181282
2021-04-29 10:00:01,675.0,1181908
2021-04-29 10:00:02,674.75,1181939
2021-04-29 10:00:03,674.75,1181941
2021-04-29 10:00:04,674.75,1181941
2021-04-29 10:00:04,674.9,1181964
2021-04-29 10:00:05,674.9,1181964
2021-04-29 10:00:06,674.75,1182369
2021-04-29 10:00:07,674.75,1182389
2021-04-29 10:00:08,674.9,1182490
2021-04-29 10:00:09,674.75,1182493
2021-04-29 10:00:10,674.75,1182518
2021-04-29 10:00:11,675.0,1182539
2021-04-29 10:00:12,675.0,1182539
2021-04-29 10:00:13,675.0,1182539
2021-04-29 10:00:14,674.55,1183267
2021-04-29 10:00:15,674.45,1183432
2021-04-29 10:00:17,674.45,1183755
2021-04-29 10:00:18,674.45,1183771
2021-04-29 10:00:20,674.8,1183867
2021-04-29 10:00:21,674.8,1183895
2021-04-29 10:00:22,674.75,1184187
2021-04-29 10:00:22,674.75,1184187
2021-04-29 10:00:25,674.65,1184316
2021-04-29 10:00:26,674.65,1184376
2021-04-29 10:00:27,674.45,1184420
2021-04-29 10:00:27,674.25,1184673
2021-04-29 10:00:29,674.45,1184723
2021-04-29 10:00:30,674.6,1185012
2021-04-29 10:00:30,674.7,1185496
2021-04-29 10:00:31,674.7,1185653
2021-04-29 10:00:32,674.7,1185653
2021-04-29 10:00:34,674.65,1186034
2021-04-29 10:00:35,674.65,1186034
2021-04-29 10:00:36,674.3,1186058
2021-04-29 10:00:37,674.3,1186117
2021-04-29 10:00:41,674.6,1186197
2021-04-29 10:00:42,674.2,1186696
2021-04-29 10:00:43,674.65,1186833
2021-04-29 10:00:44,674.75,1187362
2021-04-29 10:00:45,674.75,1187362
2021-04-29 10:00:46,674.75,1187362
2021-04-29 10:00:47,674.75,1187372
2021-04-29 10:00:48,674.8,1187417
2021-04-29 10:00:49,674.85,1187446
2021-04-29 10:00:49,674.85,1187489
2021-04-29 10:00:51,674.85,1187489
2021-04-29 10:00:52,675.0,1187537
2021-04-29 10:00:53,675.0,1187837
2021-04-29 10:00:54,674.75,1187842
2021-04-29 10:00:55,674.75,1187843
2021-04-29 10:00:56,675.0,1187920
2021-04-29 10:00:57,674.75,1187976
2021-04-29 10:00:58,674.85,1188224
2021-04-29 10:00:58,675.0,1188335
2021-04-29 10:00:59,675.0,1188383
2021-04-29 10:01:00,675.0,1188886
2021-04-29 10:01:01,675.0,1189033
2021-04-29 10:01:02,675.0,1189075
2021-04-29 10:01:03,675.0,1189103
2021-04-29 10:01:04,675.0,1189159
2021-04-29 10:01:06,674.95,1194087
2021-04-29 10:01:07,675.0,1195086
2021-04-29 10:01:09,674.85,1195889
2021-04-29 10:01:10,675.0,1196198
2021-04-29 10:01:11,675.0,1196261
2021-04-29 10:01:12,675.0,1196270
2021-04-29 10:01:14,675.0,1196509
2021-04-29 10:01:15,675.0,1196523
2021-04-29 10:01:16,675.0,1196535
2021-04-29 10:01:17,675.0,1196686
2021-04-29 10:01:18,675.0,1196686
2021-04-29 10:01:18,675.0,1196686
2021-04-29 10:01:20,674.85,1196694
2021-04-29 10:01:20,675.0,1196755
2021-04-29 10:01:22,674.85,1196764
2021-04-29 10:01:23,674.85,1196764
2021-04-29 10:01:24,675.0,1196839
2021-04-29 10:01:25,674.95,1196840
2021-04-29 10:01:26,674.95,1196857
2021-04-29 10:01:27,674.95,1196858
2021-04-29 10:01:28,675.0,1196933
2021-04-29 10:01:30,675.0,1197707
2021-04-29 10:01:31,675.0,1197757
2021-04-29 10:01:33,674.95,1197792
2021-04-29 10:01:34,674.95,1197796
2021-04-29 10:01:35,674.95,1197883
2021-04-29 10:01:36,674.95,1197906
2021-04-29 10:01:37,674.95,1197921
2021-04-29 10:01:38,674.95,1198175
2021-04-29 10:01:39,674.95,1198187
2021-04-29 10:01:40,674.95,1198188
2021-04-29 10:01:41,674.95,1198188
2021-04-29 10:01:42,674.95,1198188
2021-04-29 10:01:42,674.95,1198572
2021-04-29 10:01:43,674.95,1198572
2021-04-29 10:01:44,674.9,1198574
2021-04-29 10:01:45,674.95,1198575
2021-04-29 10:01:46,674.95,1198585
2021-04-29 10:01:47,674.95,1198585
2021-04-29 10:01:48,675.0,1198613
2021-04-29 10:01:50,675.0,1198632
2021-04-29 10:01:51,674.95,1198849
2021-04-29 10:01:52,674.95,1198849
2021-04-29 10:01:53,675.0,1199349
2021-04-29 10:01:54,675.0,1199429
2021-04-29 10:01:56,675.0,1199429
2021-04-29 10:01:57,675.0,1199445
2021-04-29 10:01:58,675.0,1199495
2021-04-29 10:01:59,675.05,1199630
2021-04-29 10:02:00,675.05,1199712
2021-04-29 10:02:01,675.15,1200167
2021-04-29 10:02:02,675.15,1200196
2021-04-29 10:02:03,675.15,1200196
2021-04-29 10:02:04,675.15,1200199
2021-04-29 10:02:06,675.1,1200252
2021-04-29 10:02:06,675.1,1200254
2021-04-29 10:02:07,675.1,1200276
2021-04-29 10:02:08,675.1,1200321
2021-04-29 10:02:09,675.1,1200324
2021-04-29 10:02:11,675.1,1200324
2021-04-29 10:02:12,675.1,1200325
2021-04-29 10:02:13,675.15,1200618
2021-04-29 10:02:14,675.05,1200853
2021-04-29 10:02:15,675.05,1200853
2021-04-29 10:02:16,675.0,1201984
2021-04-29 10:02:17,675.0,1202062
2021-04-29 10:02:18,674.55,1202456
2021-04-29 10:02:19,674.55,1202476
2021-04-29 10:02:20,674.5,1202849
2021-04-29 10:02:21,674.45,1202877
2021-04-29 10:02:22,674.45,1202877
2021-04-29 10:02:23,674.45,1202900
2021-04-29 10:02:24,674.45,1202900
2021-04-29 10:02:25,674.35,1202933
2021-04-29 10:02:26,674.25,1202981
2021-04-29 10:02:27,674.25,1203018
2021-04-29 10:02:28,674.25,1203018
2021-04-29 10:02:29,674.35,1203025
2021-04-29 10:02:29,674.35,1203025
2021-04-29 10:02:30,674.65,1203481
2021-04-29 10:02:31,674.7,1203509
2021-04-29 10:02:33,674.7,1203523
2021-04-29 10:02:33,674.7,1203523
2021-04-29 10:02:35,674.7,1203523
2021-04-29 10:02:36,674.4,1203593
2021-04-29 10:02:37,674.4,1203598
2021-04-29 10:02:38,674.4,1203599
2021-04-29 10:02:39,674.4,1203599
2021-04-29 10:02:40,674.4,1203624
2021-04-29 10:02:41,674.4,1203625
2021-04-29 10:02:42,674.85,1214065
2021-04-29 10:02:43,674.4,1215435
2021-04-29 10:02:44,674.75,1215536
2021-04-29 10:02:45,674.75,1215541
2021-04-29 10:02:46,674.75,1215541
2021-04-29 10:02:47,675.0,1215584
2021-04-29 10:02:48,675.0,1215584
2021-04-29 10:02:49,674.8,1215605
2021-04-29 10:02:50,675.0,1215621
2021-04-29 10:02:51,675.0,1215628
2021-04-29 10:02:52,674.8,1215629
2021-04-29 10:02:53,675.2,1216379
2021-04-29 10:02:54,675.2,1216379
2021-04-29 10:02:55,675.2,1216379
2021-04-29 10:02:56,675.2,1216379
2021-04-29 10:02:57,675.2,1216480
2021-04-29 10:02:58,674.9,1216513
2021-04-29 10:02:59,675.0,1216524
2021-04-29 10:03:01,675.4,1216981
2021-04-29 10:03:02,675.4,1217009
2021-04-29 10:03:03,675.25,1217159
2021-04-29 10:03:04,675.25,1217160
2021-04-29 10:03:05,675.35,1217171
2021-04-29 10:03:06,675.1,1217178
2021-04-29 10:03:07,675.1,1217204
2021-04-29 10:03:08,675.1,1217251
2021-04-29 10:03:09,674.85,1217301
2021-04-29 10:03:10,674.85,1217506
2021-04-29 10:03:11,675.0,1217516
2021-04-29 10:03:12,675.0,1217517
2021-04-29 10:03:13,675.0,1217564
2021-04-29 10:03:14,675.0,1218025
2021-04-29 10:03:15,675.2,1218053
2021-04-29 10:03:16,675.2,1218109
2021-04-29 10:03:17,674.6,1218369
2021-04-29 10:03:18,674.6,1218382
2021-04-29 10:03:19,675.0,1218398
2021-04-29 10:03:20,675.0,1218398
2021-04-29 10:03:21,675.0,1218398
2021-04-29 10:03:23,674.65,1218573
2021-04-29 10:03:25,674.7,1218575
2021-04-29 10:03:26,674.95,1218596
2021-04-29 10:03:27,674.9,1218599
2021-04-29 10:03:27,674.9,1218599
2021-04-29 10:03:28,675.0,1218612
2021-04-29 10:03:29,675.05,1219067
2021-04-29 10:03:31,675.0,1219178
2021-04-29 10:03:32,675.0,1219206
2021-04-29 10:03:33,674.7,1219391
2021-04-29 10:03:34,675.0,1219501
2021-04-29 10:03:35,674.9,1219581
2021-04-29 10:03:36,674.9,1219585
2021-04-29 10:03:37,674.9,1219589
2021-04-29 10:03:38,675.0,1219639
2021-04-29 10:03:39,675.0,1219648
2021-04-29 10:03:40,675.0,1219787
2021-04-29 10:03:40,675.0,1219787
2021-04-29 10:03:41,675.0,1219797
2021-04-29 10:03:42,675.0,1219836
2021-04-29 10:03:44,674.9,1220203
2021-04-29 10:03:46,674.95,1220295
2021-04-29 10:03:47,674.95,1220297
2021-04-29 10:03:48,674.95,1220489
2021-04-29 10:03:49,674.9,1220491
2021-04-29 10:03:50,675.0,1220782
2021-04-29 10:03:50,674.9,1220492
2021-04-29 10:03:52,675.0,1220957
2021-04-29 10:03:53,675.0,1220957
2021-04-29 10:03:54,675.0,1220957
2021-04-29 10:03:55,674.9,1220959
2021-04-29 10:03:58,674.9,1221156
2021-04-29 10:03:58,675.0,1221161
2021-04-29 10:04:00,674.9,1221162
2021-04-29 10:04:01,674.9,1221296
2021-04-29 10:04:02,674.9,1221324
2021-04-29 10:04:03,674.9,1221341
2021-04-29 10:04:04,674.5,1221553
2021-04-29 10:04:05,674.65,1221588
2021-04-29 10:04:06,674.5,1221594
2021-04-29 10:04:08,674.5,1221596
2021-04-29 10:04:09,674.5,1221606
2021-04-29 10:04:10,674.5,1221627
2021-04-29 10:04:11,674.5,1221628
2021-04-29 10:04:12,674.5,1221728
2021-04-29 10:04:13,674.65,1221733
2021-04-29 10:04:14,674.8,1221735
2021-04-29 10:04:16,674.8,1221753
2021-04-29 10:04:17,674.9,1222010
2021-04-29 10:04:18,674.5,1222310
2021-04-29 10:04:19,674.85,1222338
2021-04-29 10:04:20,674.85,1222338
2021-04-29 10:04:21,674.85,1222338
2021-04-29 10:04:22,674.6,1222361
2021-04-29 10:04:23,674.9,1222382
2021-04-29 10:04:24,674.9,1222384
2021-04-29 10:04:25,674.9,1222471
2021-04-29 10:04:26,674.9,1222471
2021-04-29 10:04:27,674.9,1222472
2021-04-29 10:04:29,674.6,1223248
2021-04-29 10:04:30,674.6,1223273
2021-04-29 10:04:31,674.85,1223303
2021-04-29 10:04:32,674.9,1223431
2021-04-29 10:04:33,674.65,1223481
2021-04-29 10:04:34,674.65,1223483
2021-04-29 10:04:35,674.95,1223697
2021-04-29 10:04:36,674.95,1223697
2021-04-29 10:04:37,674.95,1223792
2021-04-29 10:04:38,674.9,1223894
2021-04-29 10:04:39,674.9,1223900
2021-04-29 10:04:40,674.9,1223950
2021-04-29 10:04:41,674.9,1224263
2021-04-29 10:04:42,674.95,1224309
2021-04-29 10:04:43,674.9,1224314
2021-04-29 10:04:44,674.9,1224314
2021-04-29 10:04:45,675.0,1224546
2021-04-29 10:04:48,675.0,1226764
2021-04-29 10:04:49,675.2,1226790
2021-04-29 10:04:50,674.95,1226850
2021-04-29 10:04:51,674.95,1226853
2021-04-29 10:04:52,674.95,1226853
2021-04-29 10:04:53,674.95,1226853
2021-04-29 10:04:54,675.3,1226918
2021-04-29 10:04:55,675.3,1226918
2021-04-29 10:04:56,675.3,1226948
2021-04-29 10:04:57,675.3,1226998
2021-04-29 10:04:58,675.3,1226998
2021-04-29 10:05:00,675.3,1227068
2021-04-29 10:05:01,675.3,1227068
2021-04-29 10:05:02,675.3,1227096
2021-04-29 10:05:03,675.05,1227134
2021-04-29 10:05:04,675.05,1227136
2021-04-29 10:05:05,675.4,1227639
2021-04-29 10:05:06,675.4,1227641
2021-04-29 10:05:07,675.4,1227641
2021-04-29 10:05:08,675.4,1227641
2021-04-29 10:05:09,675.4,1227646
2021-04-29 10:05:10,675.2,1227759
2021-04-29 10:05:11,675.2,1227899
2021-04-29 10:05:12,675.2,1227899
2021-04-29 10:05:13,675.0,1228656
2021-04-29 10:05:14,675.15,1228978
2021-04-29 10:05:15,675.15,1228978
2021-04-29 10:05:16,675.15,1228978
2021-04-29 10:05:17,675.0,1228985
2021-04-29 10:05:18,675.0,1229032
2021-04-29 10:05:19,675.0,1229431
2021-04-29 10:05:20,674.95,1229489
2021-04-29 10:05:21,674.9,1229847
2021-04-29 10:05:22,674.9,1229857
2021-04-29 10:05:23,675.05,1229931
2021-04-29 10:05:24,675.05,1229946
2021-04-29 10:05:25,675.05,1229946
2021-04-29 10:05:26,675.05,1229946
2021-04-29 10:05:27,675.05,1229946
2021-04-29 10:05:28,675.0,1229956
2021-04-29 10:05:29,674.9,1229960
2021-04-29 10:05:30,674.9,1229980
2021-04-29 10:05:31,674.9,1229982
2021-04-29 10:05:32,675.05,1230025
2021-04-29 10:05:33,675.1,1230278
2021-04-29 10:05:34,674.75,1230388
2021-04-29 10:05:35,674.8,1230393
2021-04-29 10:05:36,674.8,1230394
2021-04-29 10:05:37,675.0,1230399
2021-04-29 10:05:38,675.05,1230487
2021-04-29 10:05:39,675.0,1230500
2021-04-29 10:05:40,675.0,1230514
2021-04-29 10:05:41,675.05,1230516
2021-04-29 10:05:42,675.05,1230516
2021-04-29 10:05:43,675.05,1230516
2021-04-29 10:05:44,675.1,1230689
2021-04-29 10:05:45,675.05,1230909
2021-04-29 10:05:46,675.05,1230920
2021-04-29 10:05:47,675.05,1230920
2021-04-29 10:05:48,675.05,1230980
2021-04-29 10:05:49,675.05,1230983
2021-04-29 10:05:50,675.05,1230991
2021-04-29 10:05:51,675.1,1231152
2021-04-29 10:05:52,675.1,1231160
2021-04-29 10:05:56,675.25,1231463
2021-04-29 10:05:57,675.25,1231463
2021-04-29 10:06:00,675.1,1231469
2021-04-29 10:06:01,675.1,1231470
2021-04-29 10:06:02,675.25,1231507
2021-04-29 10:06:03,675.1,1231523
2021-04-29 10:06:04,675.25,1231524
2021-04-29 10:06:05,675.25,1231524
2021-04-29 10:06:06,675.3,1231538
2021-04-29 10:06:07,675.2,1231544
2021-04-29 10:06:08,675.2,1231588
2021-04-29 10:06:09,675.2,1231591
2021-04-29 10:06:10,675.3,1231606
2021-04-29 10:06:11,675.3,1231606
2021-04-29 10:06:12,675.35,1231710
2021-04-29 10:06:13,675.35,1231760
2021-04-29 10:06:14,675.35,1231770
2021-04-29 10:06:15,675.35,1231770
2021-04-29 10:06:16,675.35,1231780
2021-04-29 10:06:18,675.35,1231787
2021-04-29 10:06:18,675.35,1231805
2021-04-29 10:06:19,675.35,1231876
2021-04-29 10:06:20,675.35,1231876
2021-04-29 10:06:21,675.35,1231876
2021-04-29 10:06:22,675.4,1231944
2021-04-29 10:06:23,675.4,1231944
2021-04-29 10:06:25,675.35,1231989
2021-04-29 10:06:26,675.4,1232301
2021-04-29 10:06:28,675.5,1232655
2021-04-29 10:06:29,675.5,1232675
2021-04-29 10:06:32,675.2,1233660
2021-04-29 10:06:33,675.3,1233932
2021-04-29 10:06:34,675.3,1233932
2021-04-29 10:06:35,675.0,1233933
2021-04-29 10:06:36,675.0,1233968
2021-04-29 10:06:37,675.3,1233975
2021-04-29 10:06:38,675.3,1233980
2021-04-29 10:06:39,675.0,1233993
2021-04-29 10:06:40,675.0,1234038
2021-04-29 10:06:41,675.3,1234043
2021-04-29 10:06:42,675.3,1234043
2021-04-29 10:06:43,675.0,1234088
2021-04-29 10:06:44,675.3,1234240
2021-04-29 10:06:45,675.3,1234240
2021-04-29 10:06:46,675.3,1234240
2021-04-29 10:06:47,675.3,1234270
2021-04-29 10:06:48,675.3,1234290
2021-04-29 10:06:49,675.3,1234343
2021-04-29 10:06:50,675.15,1234351
2021-04-29 10:06:51,675.15,1234351
2021-04-29 10:06:53,675.15,1234653
2021-04-29 10:06:53,675.15,1234712
2021-04-29 10:06:54,675.15,1234766
2021-04-29 10:06:55,675.15,1234771
2021-04-29 10:06:56,675.3,1234787
2021-04-29 10:06:57,675.3,1234787
2021-04-29 10:06:58,675.3,1234787
2021-04-29 10:06:59,675.35,1235019
2021-04-29 10:07:00,675.35,1235071
2021-04-29 10:07:01,675.15,1235072
2021-04-29 10:07:03,675.35,1235180
2021-04-29 10:07:04,675.15,1235181
2021-04-29 10:07:05,675.4,1235245
2021-04-29 10:07:06,675.4,1235245
2021-04-29 10:07:08,675.4,1235245
2021-04-29 10:07:08,675.4,1235245
2021-04-29 10:07:09,675.35,1235429
2021-04-29 10:07:10,675.35,1235438
2021-04-29 10:07:11,675.4,1235544
2021-04-29 10:07:12,675.35,1235546
2021-04-29 10:07:13,675.35,1235646
2021-04-29 10:07:14,675.35,1235646
2021-04-29 10:07:15,675.4,1235686
2021-04-29 10:07:16,675.2,1235703
2021-04-29 10:07:17,675.2,1235704
2021-04-29 10:07:18,675.2,1236041
2021-04-29 10:07:20,675.2,1236492
2021-04-29 10:07:21,675.0,1236494
2021-04-29 10:07:21,675.0,1237599
2021-04-29 10:07:22,675.0,1237624
2021-04-29 10:07:23,675.0,1237663
2021-04-29 10:07:24,675.0,1237669
2021-04-29 10:07:25,675.0,1237700
2021-04-29 10:07:27,675.0,1237702
2021-04-29 10:07:27,675.0,1237702
2021-04-29 10:07:28,675.0,1237702
2021-04-29 10:07:31,675.0,1237703
2021-04-29 10:07:33,675.0,1237714
2021-04-29 10:07:34,675.0,1237714
2021-04-29 10:07:34,675.0,1237714
2021-04-29 10:07:35,675.0,1237715
2021-04-29 10:07:37,674.85,1237726
2021-04-29 10:07:39,674.7,1238295
2021-04-29 10:07:40,675.0,1238397
2021-04-29 10:07:41,675.0,1238397
2021-04-29 10:07:42,675.0,1238397
2021-04-29 10:07:43,675.0,1238625
2021-04-29 10:07:44,675.15,1238711
2021-04-29 10:07:45,675.15,1238711
2021-04-29 10:07:46,675.15,1238711
2021-04-29 10:07:47,675.15,1238711
2021-04-29 10:07:48,675.0,1238934
2021-04-29 10:07:49,675.0,1238950
2021-04-29 10:07:50,675.0,1238951
2021-04-29 10:07:51,675.0,1238951
2021-04-29 10:07:52,675.0,1239026
2021-04-29 10:07:53,675.0,1239078
2021-04-29 10:07:55,675.0,1239080
2021-04-29 10:07:55,675.0,1239080
2021-04-29 10:07:56,675.3,1239180
2021-04-29 10:07:57,675.3,1239381
2021-04-29 10:07:58,675.3,1239480
2021-04-29 10:07:59,675.3,1239480
2021-04-29 10:08:00,675.4,1241934
2021-04-29 10:08:02,675.4,1241934
2021-04-29 10:08:01,675.4,1241934
2021-04-29 10:08:03,675.4,1241936
2021-04-29 10:08:04,675.4,1241959
2021-04-29 10:08:05,675.4,1241993
2021-04-29 10:08:07,675.2,1243161
2021-04-29 10:08:08,675.2,1243161
2021-04-29 10:08:09,675.15,1243162
2021-04-29 10:08:10,675.15,1243179
2021-04-29 10:08:11,675.15,1243321
2021-04-29 10:08:12,675.15,1243349
2021-04-29 10:08:13,675.15,1243356
2021-04-29 10:08:14,675.15,1243356
2021-04-29 10:08:15,675.15,1243524
2021-04-29 10:08:17,675.1,1243724
2021-04-29 10:08:17,675.2,1243794
2021-04-29 10:08:18,675.3,1243894
2021-04-29 10:08:19,675.3,1243894
2021-04-29 10:08:20,675.0,1243944
2021-04-29 10:08:21,675.0,1243947
2021-04-29 10:08:22,675.0,1245082
2021-04-29 10:08:23,675.0,1245082
2021-04-29 10:08:24,674.7,1245106
2021-04-29 10:08:25,675.0,1245108
2021-04-29 10:08:26,675.0,1245133
2021-04-29 10:08:27,675.15,1245333
2021-04-29 10:08:28,675.15,1245333
2021-04-29 10:08:29,675.15,1245348
2021-04-29 10:08:30,675.25,1245824
2021-04-29 10:08:32,675.15,1245935
2021-04-29 10:08:33,675.15,1245935
2021-04-29 10:08:34,675.15,1245935
2021-04-29 10:08:35,675.25,1245945
2021-04-29 10:08:36,675.0,1246012
2021-04-29 10:08:37,675.0,1246172
2021-04-29 10:08:37,675.0,1246180
2021-04-29 10:08:38,675.0,1246224
2021-04-29 10:08:40,675.0,1247426
2021-04-29 10:08:41,675.0,1247426
2021-04-29 10:08:42,674.7,1247554
2021-04-29 10:08:43,674.7,1247564
2021-04-29 10:08:44,674.7,1247587
2021-04-29 10:08:45,674.2,1252834
2021-04-29 10:08:46,673.7,1253003
2021-04-29 10:08:47,673.85,1253018
2021-04-29 10:08:49,674.2,1253054
2021-04-29 10:08:49,673.9,1253056
2021-04-29 10:08:51,673.9,1253113
2021-04-29 10:08:52,673.9,1253213
2021-04-29 10:08:53,673.9,1253213
2021-04-29 10:08:56,673.9,1254682
2021-04-29 10:08:57,673.9,1254688
2021-04-29 10:08:59,673.9,1254688
2021-04-29 10:09:00,674.05,1254798
2021-04-29 10:09:01,674.35,1255252
2021-04-29 10:09:01,674.35,1255252
2021-04-29 10:09:02,674.35,1255252
2021-04-29 10:09:03,674.2,1255302
2021-04-29 10:09:05,673.9,1256452
2021-04-29 10:09:06,673.8,1256475
2021-04-29 10:09:07,673.8,1257750
2021-04-29 10:09:08,673.8,1257811
2021-04-29 10:09:10,673.7,1257813
2021-04-29 10:09:10,673.9,1257834
2021-04-29 10:09:11,673.7,1258090
2021-04-29 10:09:12,673.95,1258162
2021-04-29 10:09:13,673.95,1258172
2021-04-29 10:09:14,674.0,1258828
2021-04-29 10:09:15,673.65,1258836
2021-04-29 10:09:16,674.05,1259496
2021-04-29 10:09:18,673.95,1259586
2021-04-29 10:09:19,673.95,1259596
2021-04-29 10:09:20,673.95,1259596
2021-04-29 10:09:22,673.8,1259643
2021-04-29 10:09:23,673.8,1259649
2021-04-29 10:09:24,673.8,1259649
2021-04-29 10:09:25,673.9,1259673
2021-04-29 10:09:26,673.9,1259718
2021-04-29 10:09:28,673.9,1259870
2021-04-29 10:09:28,673.9,1259878
2021-04-29 10:09:31,673.9,1260495
2021-04-29 10:09:31,674.0,1260588
2021-04-29 10:09:32,673.9,1260623
2021-04-29 10:09:34,674.0,1260624
2021-04-29 10:09:34,674.0,1260625
2021-04-29 10:09:35,674.0,1260625
2021-04-29 10:09:37,674.05,1260626
2021-04-29 10:09:38,674.05,1260626
2021-04-29 10:09:38,674.05,1260632
2021-04-29 10:09:40,674.05,1260632
2021-04-29 10:09:40,674.25,1260733
2021-04-29 10:09:42,674.35,1260783
2021-04-29 10:09:43,674.35,1260783
2021-04-29 10:09:44,674.0,1260837
2021-04-29 10:09:45,674.0,1260951
2021-04-29 10:09:46,674.0,1260951
2021-04-29 10:09:48,673.95,1260974
2021-04-29 10:09:49,673.95,1260974
2021-04-29 10:09:50,673.9,1261084
2021-04-29 10:09:51,673.9,1261089
2021-04-29 10:09:52,673.9,1261090
2021-04-29 10:09:53,673.95,1261243
2021-04-29 10:09:55,673.95,1261253
2021-04-29 10:09:56,673.95,1261303
2021-04-29 10:09:57,673.95,1261328
2021-04-29 10:09:57,674.05,1261398
2021-04-29 10:09:58,674.05,1261398
2021-04-29 10:10:00,674.05,1261398
2021-04-29 10:10:01,674.05,1261852
2021-04-29 10:10:02,674.05,1261852
2021-04-29 10:10:02,674.0,1261857
2021-04-29 10:10:03,674.0,1261857
2021-04-29 10:10:04,674.1,1261893
2021-04-29 10:10:05,674.1,1261895
2021-04-29 10:10:06,674.1,1261895
2021-04-29 10:10:07,674.1,1261948
2021-04-29 10:10:10,674.25,1262064
2021-04-29 10:10:11,674.25,1262072
2021-04-29 10:10:11,674.25,1262072
2021-04-29 10:10:12,674.25,1262072
2021-04-29 10:10:14,674.05,1262209
2021-04-29 10:10:15,674.05,1262209
2021-04-29 10:10:16,674.0,1262213
2021-04-29 10:10:16,674.0,1262216
2021-04-29 10:10:17,674.0,1262218
2021-04-29 10:10:18,674.0,1262218
2021-04-29 10:10:20,674.0,1262230
2021-04-29 10:10:21,674.0,1262430
2021-04-29 10:10:22,674.0,1262640
2021-04-29 10:10:23,674.0,1262651
2021-04-29 10:10:24,674.0,1262706
2021-04-29 10:10:24,674.05,1262732
2021-04-29 10:10:26,674.25,1262761
2021-04-29 10:10:26,674.25,1262991
2021-04-29 10:10:28,674.3,1263071
2021-04-29 10:10:29,674.3,1263071
2021-04-29 10:10:30,674.1,1263091
2021-04-29 10:10:32,674.15,1263599
2021-04-29 10:10:33,674.15,1263601
2021-04-29 10:10:34,674.5,1263602
2021-04-29 10:10:35,674.5,1263602
2021-04-29 10:10:36,674.5,1263602
2021-04-29 10:10:37,674.15,1264731
2021-04-29 10:10:38,674.65,1264851
2021-04-29 10:10:38,674.65,1264851
2021-04-29 10:10:39,674.55,1264866
2021-04-29 10:10:40,674.55,1264916
2021-04-29 10:10:42,674.55,1264916
2021-04-29 10:10:43,674.6,1264936
2021-04-29 10:10:44,674.3,1264942
2021-04-29 10:10:45,674.3,1264943
2021-04-29 10:10:46,674.3,1264943
2021-04-29 10:10:47,674.3,1264943
2021-04-29 10:10:49,674.6,1264965
2021-04-29 10:10:50,674.65,1264981
2021-04-29 10:10:51,674.65,1264986
2021-04-29 10:10:52,674.65,1264986
2021-04-29 10:10:53,674.65,1264986
2021-04-29 10:10:54,674.65,1264986
2021-04-29 10:10:54,674.65,1264986
2021-04-29 10:10:56,674.45,1265191
2021-04-29 10:10:58,674.25,1265942
2021-04-29 10:10:59,674.25,1265942
2021-04-29 10:11:00,674.25,1265943
2021-04-29 10:11:01,674.2,1266712
2021-04-29 10:11:02,674.05,1267784
2021-04-29 10:11:03,674.45,1267858
2021-04-29 10:11:03,674.5,1267883
2021-04-29 10:11:04,674.15,1267888
2021-04-29 10:11:06,674.55,1267895
2021-04-29 10:11:07,674.55,1267895
2021-04-29 10:11:07,674.55,1267895
2021-04-29 10:11:09,674.35,1268196
2021-04-29 10:11:10,674.35,1268211
2021-04-29 10:11:11,674.35,1268212
2021-04-29 10:11:12,674.65,1268244
2021-04-29 10:11:12,674.65,1268244
2021-04-29 10:11:13,674.25,1269379
2021-04-29 10:11:14,674.35,1270435
2021-04-29 10:11:15,674.35,1270488
2021-04-29 10:11:16,674.35,1270491
2021-04-29 10:11:17,674.35,1270626
2021-04-29 10:11:18,674.35,1270637
2021-04-29 10:11:20,674.3,1270745
2021-04-29 10:11:21,674.35,1270802
2021-04-29 10:11:22,674.35,1270804
2021-04-29 10:11:22,674.35,1270804
2021-04-29 10:11:23,674.35,1270809
2021-04-29 10:11:25,674.05,1271102
2021-04-29 10:11:26,674.25,1271128
2021-04-29 10:11:28,674.1,1271289
2021-04-29 10:11:29,674.1,1271314
2021-04-29 10:11:30,674.1,1271314
2021-04-29 10:11:32,674.05,1271771
2021-04-29 10:11:33,674.05,1271778
2021-04-29 10:11:35,674.0,1272721
2021-04-29 10:11:36,674.1,1272873
2021-04-29 10:11:37,674.0,1272895
2021-04-29 10:11:38,674.1,1272902
2021-04-29 10:11:39,674.0,1272927
2021-04-29 10:11:39,674.0,1272928
2021-04-29 10:11:40,674.0,1272929
2021-04-29 10:11:41,674.0,1273186
2021-04-29 10:11:42,674.05,1273203
2021-04-29 10:11:43,674.05,1273203
2021-04-29 10:11:45,674.05,1273204
2021-04-29 10:11:46,674.05,1273204
2021-04-29 10:11:47,674.1,1273215
2021-04-29 10:11:47,674.1,1273226
2021-04-29 10:11:49,674.1,1273229
2021-04-29 10:11:50,674.2,1273253
2021-04-29 10:11:51,674.1,1273263
2021-04-29 10:11:52,674.1,1273263
2021-04-29 10:11:53,674.1,1273263
2021-04-29 10:11:53,674.1,1273263
2021-04-29 10:11:54,674.15,1273264
2021-04-29 10:11:55,674.05,1273266
2021-04-29 10:11:56,674.15,1273287
2021-04-29 10:11:57,674.05,1273314
2021-04-29 10:11:58,674.15,1273401
2021-04-29 10:11:59,674.15,1273401
2021-04-29 10:12:00,674.3,1273917
2021-04-29 10:12:01,674.3,1273917
2021-04-29 10:12:02,674.25,1273922
2021-04-29 10:12:03,674.25,1274122
2021-04-29 10:12:04,674.25,1274132
2021-04-29 10:12:05,674.25,1274134
2021-04-29 10:12:07,674.15,1274292
2021-04-29 10:12:08,674.15,1274300
2021-04-29 10:12:09,674.15,1274346
2021-04-29 10:12:10,674.3,1274353
2021-04-29 10:12:11,674.3,1274353
2021-04-29 10:12:13,674.25,1274653
2021-04-29 10:12:14,674.25,1274658
2021-04-29 10:12:15,674.25,1274658
2021-04-29 10:12:16,674.35,1274743
2021-04-29 10:12:17,674.35,1274743
2021-04-29 10:12:17,674.35,1274745
2021-04-29 10:12:18,674.35,1274745
2021-04-29 10:12:19,674.35,1274745
2021-04-29 10:12:20,674.0,1274748
2021-04-29 10:12:21,674.0,1274754
2021-04-29 10:12:23,674.35,1274789
2021-04-29 10:12:23,674.35,1274789
2021-04-29 10:12:24,674.35,1274789
2021-04-29 10:12:25,674.35,1274789
2021-04-29 10:12:26,674.35,1274804
2021-04-29 10:12:27,674.25,1274857
2021-04-29 10:12:28,674.25,1274865
2021-04-29 10:12:29,674.15,1275114
2021-04-29 10:12:31,674.15,1275727
2021-04-29 10:12:32,674.15,1275727
2021-04-29 10:12:32,674.1,1275787
2021-04-29 10:12:34,674.15,1275890
2021-04-29 10:12:34,674.1,1275940
2021-04-29 10:12:36,674.15,1275965
2021-04-29 10:12:37,674.1,1275995
2021-04-29 10:12:38,674.1,1275997
2021-04-29 10:12:39,674.1,1276007
2021-04-29 10:12:40,674.1,1276008
2021-04-29 10:12:41,674.1,1276009
2021-04-29 10:12:42,674.1,1276009
2021-04-29 10:12:43,674.1,1276019
2021-04-29 10:12:44,674.1,1276055
2021-04-29 10:12:45,674.15,1276079
2021-04-29 10:12:46,674.15,1276079
2021-04-29 10:12:47,674.1,1276084
2021-04-29 10:12:48,674.1,1276085
2021-04-29 10:12:49,674.15,1276380
2021-04-29 10:12:50,674.15,1276441
2021-04-29 10:12:51,674.1,1276442
2021-04-29 10:12:52,674.15,1278354
2021-04-29 10:12:53,674.15,1278402
2021-04-29 10:12:54,674.15,1278402
2021-04-29 10:12:55,674.1,1278412
2021-04-29 10:12:56,674.1,1278412
2021-04-29 10:12:57,674.1,1278575
2021-04-29 10:12:58,674.1,1278575
2021-04-29 10:12:59,674.0,1278577
2021-04-29 10:13:00,674.0,1278577
2021-04-29 10:13:00,674.35,1279038
2021-04-29 10:13:02,674.35,1279040
2021-04-29 10:13:03,674.35,1279050
2021-04-29 10:13:04,674.35,1279132
2021-04-29 10:13:06,673.8,1283822
2021-04-29 10:13:07,673.8,1283827
2021-04-29 10:13:08,673.8,1283827
2021-04-29 10:13:09,673.7,1283834
2021-04-29 10:13:10,673.8,1283846
2021-04-29 10:13:11,674.0,1284063
2021-04-29 10:13:12,674.0,1284066
2021-04-29 10:13:13,674.0,1284066
2021-04-29 10:13:14,674.0,1284066
2021-04-29 10:13:15,674.0,1284066
2021-04-29 10:13:16,673.75,1284067
2021-04-29 10:13:17,673.75,1284078
2021-04-29 10:13:18,673.75,1284079
2021-04-29 10:13:19,674.0,1284084
2021-04-29 10:13:20,674.0,1284084
2021-04-29 10:13:21,674.0,1284084
2021-04-29 10:13:22,674.0,1284084
2021-04-29 10:13:23,674.0,1284184
2021-04-29 10:13:24,674.0,1284184
2021-04-29 10:13:25,674.0,1285742
2021-04-29 10:13:26,674.1,1285845
2021-04-29 10:13:27,674.3,1285852
2021-04-29 10:13:28,674.3,1285856
2021-04-29 10:13:29,674.3,1285856
2021-04-29 10:13:30,674.3,1285879
2021-04-29 10:13:31,674.3,1286382
2021-04-29 10:13:32,674.3,1286382
2021-04-29 10:13:33,674.0,1286387
2021-04-29 10:13:34,674.3,1286637
2021-04-29 10:13:35,674.0,1287233
2021-04-29 10:13:36,674.0,1287402
2021-04-29 10:13:37,674.3,1287412
2021-04-29 10:13:38,674.3,1287587
2021-04-29 10:13:39,674.35,1287617
2021-04-29 10:13:40,674.05,1288151
2021-04-29 10:13:41,674.05,1288178
2021-04-29 10:13:42,674.05,1288179
2021-04-29 10:13:43,674.3,1288181
2021-04-29 10:13:44,674.05,1288182
2021-04-29 10:13:45,674.3,1288222
2021-04-29 10:13:46,674.3,1288222
2021-04-29 10:13:47,674.3,1288222
2021-04-29 10:13:48,674.4,1288308
2021-04-29 10:13:49,674.4,1288308
2021-04-29 10:13:50,674.4,1288330
2021-04-29 10:13:51,674.4,1288330
2021-04-29 10:13:52,674.4,1288330
2021-04-29 10:13:53,674.3,1288418
2021-04-29 10:13:54,674.35,1288438
2021-04-29 10:13:55,674.35,1288438
2021-04-29 10:13:56,674.3,1288468
2021-04-29 10:13:57,674.35,1288523
2021-04-29 10:13:58,674.35,1288523
2021-04-29 10:13:59,674.35,1288573
2021-04-29 10:14:00,674.3,1288574
2021-04-29 10:14:01,674.55,1289116
2021-04-29 10:14:02,674.55,1289116
2021-04-29 10:14:03,674.55,1289116
2021-04-29 10:14:04,674.5,1289171
2021-04-29 10:14:05,674.45,1289175
2021-04-29 10:14:06,674.45,1289195
2021-04-29 10:14:07,674.55,1289225
2021-04-29 10:14:08,674.45,1289360
2021-04-29 10:14:09,674.55,1289379
2021-04-29 10:14:10,674.65,1289522
2021-04-29 10:14:11,674.55,1289527
2021-04-29 10:14:12,674.45,1289577
2021-04-29 10:14:13,674.45,1289635
2021-04-29 10:14:14,674.45,1289638
2021-04-29 10:14:14,674.55,1289649
2021-04-29 10:14:16,674.45,1289666
2021-04-29 10:14:17,674.45,1289667
2021-04-29 10:14:18,674.45,1289669
2021-04-29 10:14:19,674.55,1289684
2021-04-29 10:14:20,674.55,1289743
2021-04-29 10:14:21,674.6,1289943
2021-04-29 10:14:22,674.45,1289944
2021-04-29 10:14:23,674.45,1289944
2021-04-29 10:14:24,674.45,1289964
2021-04-29 10:14:25,674.3,1290081
2021-04-29 10:14:27,674.7,1290112
2021-04-29 10:14:28,674.6,1290184
2021-04-29 10:14:29,674.7,1290327
2021-04-29 10:14:30,674.75,1290781
2021-04-29 10:14:31,674.75,1290781
2021-04-29 10:14:32,674.75,1290781
2021-04-29 10:14:33,674.7,1290836
2021-04-29 10:14:33,674.7,1290851
2021-04-29 10:14:34,674.7,1290851
2021-04-29 10:14:36,674.35,1290946
2021-04-29 10:14:40,674.35,1291159
2021-04-29 10:14:41,674.35,1291160
2021-04-29 10:14:42,674.35,1291160
2021-04-29 10:14:43,674.35,1291160
2021-04-29 10:14:45,674.55,1291532
2021-04-29 10:14:46,674.5,1291590
2021-04-29 10:14:47,674.7,1292590
2021-04-29 10:14:48,674.7,1292590
2021-04-29 10:14:49,674.7,1292692
2021-04-29 10:14:50,674.7,1292692
2021-04-29 10:14:51,674.45,1292738
2021-04-29 10:14:52,674.45,1292740
2021-04-29 10:14:53,674.45,1292842
2021-04-29 10:14:54,674.45,1292847
2021-04-29 10:14:55,674.7,1292858
2021-04-29 10:14:56,674.5,1292984
2021-04-29 10:14:57,674.5,1292984
2021-04-29 10:14:58,674.5,1292984
2021-04-29 10:14:59,674.5,1293060
2021-04-29 10:15:00,674.6,1293070
2021-04-29 10:15:01,674.75,1293564
2021-04-29 10:15:02,674.75,1293564
2021-04-29 10:15:03,674.45,1293614
2021-04-29 10:15:04,674.45,1293617
2021-04-29 10:15:05,674.45,1294230
2021-04-29 10:15:06,674.3,1294372
2021-04-29 10:15:07,674.3,1294372
2021-04-29 10:15:08,674.3,1294502
2021-04-29 10:15:09,674.3,1294502
2021-04-29 10:15:10,674.05,1294734
2021-04-29 10:15:11,674.05,1294796
2021-04-29 10:15:12,674.05,1294800
2021-04-29 10:15:13,674.45,1294900
2021-04-29 10:15:14,674.45,1294900
2021-04-29 10:15:15,674.45,1294901
2021-04-29 10:15:16,674.45,1294912
2021-04-29 10:15:17,674.45,1294912
2021-04-29 10:15:20,674.45,1294929
2021-04-29 10:15:21,674.15,1294930
2021-04-29 10:15:22,674.35,1294981
2021-04-29 10:15:24,674.45,1295232
2021-04-29 10:15:25,674.3,1295242
2021-04-29 10:15:26,674.3,1295243
2021-04-29 10:15:27,674.3,1295243
2021-04-29 10:15:28,674.3,1295243
2021-04-29 10:15:29,674.45,1295247
2021-04-29 10:15:30,674.65,1295749
2021-04-29 10:15:31,674.55,1295823
2021-04-29 10:15:32,674.55,1295833
2021-04-29 10:15:33,674.55,1296160
2021-04-29 10:15:34,674.55,1296168
2021-04-29 10:15:35,674.55,1296168
2021-04-29 10:15:36,674.3,1296193
2021-04-29 10:15:37,674.55,1296205
2021-04-29 10:15:38,674.55,1296265
2021-04-29 10:15:39,674.6,1296289
2021-04-29 10:15:40,674.6,1296303
2021-04-29 10:15:41,674.6,1296308
2021-04-29 10:15:42,674.55,1296328
2021-04-29 10:15:43,674.6,1296478
2021-04-29 10:15:44,674.65,1296678
2021-04-29 10:15:45,674.6,1296752
2021-04-29 10:15:46,674.6,1296780
2021-04-29 10:15:47,674.2,1300641
2021-04-29 10:15:48,674.2,1300669
2021-04-29 10:15:49,674.0,1300679
2021-04-29 10:15:50,674.2,1300713
2021-04-29 10:15:51,674.2,1300913
2021-04-29 10:15:53,674.05,1301228
2021-04-29 10:15:54,674.35,1301438
2021-04-29 10:15:56,674.05,1301491
2021-04-29 10:15:59,674.35,1301502
2021-04-29 10:16:00,674.45,1301996
2021-04-29 10:16:01,674.45,1302016
2021-04-29 10:16:02,674.45,1302016
2021-04-29 10:16:03,674.45,1302016
2021-04-29 10:16:04,674.1,1302091
2021-04-29 10:16:05,674.3,1302097
2021-04-29 10:16:06,674.3,1302119
2021-04-29 10:16:07,674.3,1302124
2021-04-29 10:16:08,674.3,1302124
2021-04-29 10:16:09,674.3,1302124
2021-04-29 10:16:10,674.3,1302124
2021-04-29 10:16:11,674.45,1302256
2021-04-29 10:16:12,674.5,1302271
2021-04-29 10:16:13,674.3,1302321
2021-04-29 10:16:14,674.3,1302324
2021-04-29 10:16:15,674.5,1302368
2021-04-29 10:16:16,674.5,1302371
2021-04-29 10:16:17,674.5,1302371
2021-04-29 10:16:18,674.65,1302391
2021-04-29 10:16:19,674.65,1302441
2021-04-29 10:16:20,674.65,1302452
2021-04-29 10:16:21,674.35,1302502
2021-04-29 10:16:22,674.7,1302548
2021-04-29 10:16:23,674.75,1302749
2021-04-29 10:16:24,674.7,1302764
2021-04-29 10:16:26,674.65,1302789
2021-04-29 10:16:27,674.65,1302790
2021-04-29 10:16:28,674.7,1302802
2021-04-29 10:16:29,674.5,1302862
2021-04-29 10:16:30,674.5,1302867
2021-04-29 10:16:31,674.75,1303322
2021-04-29 10:16:32,674.75,1303326
2021-04-29 10:16:33,674.75,1303326
2021-04-29 10:16:34,674.75,1303335
2021-04-29 10:16:35,674.75,1303365
2021-04-29 10:16:36,674.75,1303366
2021-04-29 10:16:37,674.7,1303469
2021-04-29 10:16:38,674.7,1303473
2021-04-29 10:16:39,674.5,1303474
2021-04-29 10:16:40,674.75,1303484
2021-04-29 10:16:41,674.5,1303485
2021-04-29 10:16:42,674.75,1303489
2021-04-29 10:16:43,674.75,1303515
2021-04-29 10:16:44,674.75,1303686
2021-04-29 10:16:45,674.65,1303702
2021-04-29 10:16:46,674.75,1303768
2021-04-29 10:16:47,674.75,1303794
2021-04-29 10:16:48,674.65,1304021
2021-04-29 10:16:49,674.75,1304108
2021-04-29 10:16:50,674.75,1304118
2021-04-29 10:16:52,674.65,1304122
2021-04-29 10:16:51,674.65,1304122
2021-04-29 10:16:53,675.0,1312313
2021-04-29 10:16:54,675.0,1312422
2021-04-29 10:16:55,675.0,1314969
2021-04-29 10:16:56,674.95,1315128
2021-04-29 10:16:57,675.2,1315334
2021-04-29 10:16:58,675.2,1315334
2021-04-29 10:16:59,675.2,1315334
2021-04-29 10:17:01,675.2,1315792
2021-04-29 10:17:01,675.2,1315799
2021-04-29 10:17:02,675.3,1316049
2021-04-29 10:17:04,675.3,1316100
2021-04-29 10:17:04,675.3,1316104
2021-04-29 10:17:05,675.3,1316118
2021-04-29 10:17:06,675.3,1316123
2021-04-29 10:17:07,675.3,1316272
2021-04-29 10:17:08,675.3,1316272
2021-04-29 10:17:09,675.3,1316359
2021-04-29 10:17:11,675.45,1316421
2021-04-29 10:17:12,675.45,1316421
2021-04-29 10:17:13,675.5,1316430
2021-04-29 10:17:14,675.5,1316454
2021-04-29 10:17:15,675.5,1316454
2021-04-29 10:17:16,675.5,1317169
2021-04-29 10:17:18,675.5,1317169
2021-04-29 10:17:18,675.5,1317169
2021-04-29 10:17:20,675.5,1317207
2021-04-29 10:17:21,675.45,1317334
2021-04-29 10:17:22,675.5,1317427
2021-04-29 10:17:23,675.5,1318113
2021-04-29 10:17:24,675.45,1318145
2021-04-29 10:17:29,675.3,1318360
2021-04-29 10:17:30,675.4,1319347
2021-04-29 10:17:32,675.05,1319355
2021-04-29 10:17:32,675.05,1319356
2021-04-29 10:17:33,675.35,1319386
2021-04-29 10:17:34,675.35,1319386
2021-04-29 10:17:36,675.05,1319435
2021-04-29 10:17:36,675.05,1319437
2021-04-29 10:17:37,675.25,1321296
2021-04-29 10:17:38,675.25,1321296
2021-04-29 10:17:39,674.9,1321373
2021-04-29 10:17:40,675.25,1321402
2021-04-29 10:17:41,675.25,1321402
2021-04-29 10:17:42,675.25,1321407
2021-04-29 10:17:43,675.0,1321495
2021-04-29 10:17:45,675.2,1321506
2021-04-29 10:17:45,675.2,1321506
2021-04-29 10:17:46,675.15,1321519
2021-04-29 10:17:47,675.2,1321532
2021-04-29 10:17:48,675.2,1321536
2021-04-29 10:17:49,675.2,1321555
2021-04-29 10:17:50,675.2,1321555
2021-04-29 10:17:51,675.2,1321555
2021-04-29 10:17:52,675.2,1321555
2021-04-29 10:17:53,675.15,1321575
2021-04-29 10:17:54,675.2,1321578
2021-04-29 10:17:55,675.2,1321578
2021-04-29 10:17:56,675.2,1321578
2021-04-29 10:17:57,675.2,1321598
2021-04-29 10:17:58,675.2,1321623
2021-04-29 10:18:00,675.2,1321673
2021-04-29 10:18:00,675.2,1321674
2021-04-29 10:18:01,675.45,1322129
2021-04-29 10:18:02,675.45,1322129
2021-04-29 10:18:04,675.45,1322182
2021-04-29 10:18:04,675.45,1322182
2021-04-29 10:18:05,675.45,1322332
2021-04-29 10:18:06,675.5,1322365
2021-04-29 10:18:07,675.5,1322365
2021-04-29 10:18:08,675.5,1323230
2021-04-29 10:18:09,675.5,1323230
2021-04-29 10:18:10,675.5,1323230
2021-04-29 10:18:11,675.15,1323242
2021-04-29 10:18:12,675.5,1323315
2021-04-29 10:18:13,675.15,1323362
2021-04-29 10:18:14,675.15,1323365
2021-04-29 10:18:16,675.3,1323435
2021-04-29 10:18:16,675.3,1323435
2021-04-29 10:18:17,675.4,1323455
2021-04-29 10:18:18,675.2,1323570
2021-04-29 10:18:19,675.5,1323648
2021-04-29 10:18:20,675.5,1324256
2021-04-29 10:18:21,675.5,1324336
2021-04-29 10:18:22,675.5,1324336
2021-04-29 10:18:23,675.25,1324436
2021-04-29 10:18:24,675.5,1324446
2021-04-29 10:18:25,675.25,1324459
2021-04-29 10:18:26,675.4,1324791
2021-04-29 10:18:27,675.4,1324805
2021-04-29 10:18:28,675.2,1324926
2021-04-29 10:18:29,675.2,1324938
2021-04-29 10:18:31,675.5,1325399
2021-04-29 10:18:31,675.5,1325399
2021-04-29 10:18:32,675.5,1325413
2021-04-29 10:18:33,675.5,1325413
2021-04-29 10:18:34,675.2,1325423
2021-04-29 10:18:35,675.5,1325474
2021-04-29 10:18:36,675.5,1325498
2021-04-29 10:18:37,675.5,1325498
2021-04-29 10:18:39,675.5,1325498
2021-04-29 10:18:39,675.5,1325498
2021-04-29 10:18:40,675.5,1325998
2021-04-29 10:18:41,675.2,1325999
2021-04-29 10:18:42,675.2,1326000
2021-04-29 10:18:43,675.5,1326099
2021-04-29 10:18:44,675.5,1326099
2021-04-29 10:18:45,675.35,1326121
2021-04-29 10:18:47,675.5,1326151
2021-04-29 10:18:47,675.5,1326151
2021-04-29 10:18:48,675.5,1326151
2021-04-29 10:18:49,675.2,1326156
2021-04-29 10:18:50,675.5,1326241
2021-04-29 10:18:51,675.5,1326241
2021-04-29 10:18:52,675.5,1326311
2021-04-29 10:18:53,675.2,1326415
2021-04-29 10:18:54,675.2,1326420
2021-04-29 10:18:55,675.2,1326433
2021-04-29 10:18:56,675.5,1327632
2021-04-29 10:18:57,675.5,1327632
2021-04-29 10:18:59,675.0,1329037
2021-04-29 10:19:00,675.05,1329107
2021-04-29 10:19:00,675.15,1329566
2021-04-29 10:19:02,675.15,1329589
2021-04-29 10:19:01,675.15,1329589
2021-04-29 10:19:03,675.15,1329599
2021-04-29 10:19:04,675.15,1329624
2021-04-29 10:19:06,675.45,1329753
2021-04-29 10:19:07,675.1,1329873
2021-04-29 10:19:08,675.2,1329882
2021-04-29 10:19:09,675.45,1329884
2021-04-29 10:19:10,675.45,1329884
2021-04-29 10:19:11,675.2,1329991
2021-04-29 10:19:12,675.0,1332161
2021-04-29 10:19:13,675.05,1333784
2021-04-29 10:19:14,675.05,1333865
2021-04-29 10:19:16,675.05,1333955
2021-04-29 10:19:17,674.7,1333963
2021-04-29 10:19:18,675.0,1334269
2021-04-29 10:19:19,675.0,1334289
2021-04-29 10:19:19,675.0,1334290
2021-04-29 10:19:20,675.0,1334290
2021-04-29 10:19:21,675.0,1334296
2021-04-29 10:19:22,675.0,1334349
2021-04-29 10:19:23,675.0,1334403
2021-04-29 10:19:24,675.05,1334429
2021-04-29 10:19:25,675.05,1334429
2021-04-29 10:19:26,675.05,1334430
2021-04-29 10:19:28,675.05,1334550
2021-04-29 10:19:29,675.25,1334586
2021-04-29 10:19:29,675.25,1334586
2021-04-29 10:19:31,675.0,1335079
2021-04-29 10:19:33,675.0,1335080
2021-04-29 10:19:34,675.0,1335080
2021-04-29 10:19:35,675.0,1335080
2021-04-29 10:19:36,675.2,1335104
2021-04-29 10:19:37,675.2,1335105
2021-04-29 10:19:37,675.2,1335105
2021-04-29 10:19:39,675.45,1335315
2021-04-29 10:19:40,675.05,1335365
2021-04-29 10:19:41,675.05,1335367
2021-04-29 10:19:42,675.3,1335397
2021-04-29 10:19:43,675.35,1335399
2021-04-29 10:19:44,675.35,1335399
2021-04-29 10:19:47,675.4,1335428
2021-04-29 10:19:48,675.4,1335563
2021-04-29 10:19:49,675.4,1335601
2021-04-29 10:19:49,675.4,1335603
2021-04-29 10:19:50,675.5,1335718
2021-04-29 10:19:52,675.45,1335723
2021-04-29 10:19:54,675.45,1335801
2021-04-29 10:19:55,675.45,1335801
2021-04-29 10:19:55,675.4,1335827
2021-04-29 10:19:57,675.45,1335959
2021-04-29 10:19:58,675.45,1335980
2021-04-29 10:19:59,675.45,1336014
2021-04-29 10:20:00,675.45,1336014
2021-04-29 10:20:00,675.45,1336041
2021-04-29 10:20:01,675.4,1336526
2021-04-29 10:20:03,675.5,1336555
2021-04-29 10:20:04,675.5,1336555
2021-04-29 10:20:04,675.5,1336578
2021-04-29 10:20:05,675.5,1336578
2021-04-29 10:20:07,675.5,1336607
2021-04-29 10:20:08,675.5,1336733
2021-04-29 10:20:09,675.5,1336733
2021-04-29 10:20:10,675.5,1336756
2021-04-29 10:20:11,675.5,1336833
2021-04-29 10:20:12,675.45,1338010
2021-04-29 10:20:13,675.45,1339118
2021-04-29 10:20:14,675.1,1339119
2021-04-29 10:20:15,675.1,1339119
2021-04-29 10:20:16,675.1,1339120
2021-04-29 10:20:17,675.1,1339120
2021-04-29 10:20:18,675.1,1339326
2021-04-29 10:20:18,675.6,1339757
2021-04-29 10:20:19,675.55,1340060
2021-04-29 10:20:20,675.55,1340060
2021-04-29 10:20:21,675.45,1340065
2021-04-29 10:20:22,675.45,1340095
2021-04-29 10:20:24,675.35,1340150
2021-04-29 10:20:25,675.45,1340161
2021-04-29 10:20:27,675.5,1340788
2021-04-29 10:20:29,675.6,1341912
2021-04-29 10:20:30,675.9,1342209
2021-04-29 10:20:31,676.0,1343274
2021-04-29 10:20:32,676.0,1343274
2021-04-29 10:20:32,675.65,1343495
2021-04-29 10:20:34,675.7,1343506
2021-04-29 10:20:34,675.7,1343517
2021-04-29 10:20:36,675.95,1343523
2021-04-29 10:20:37,675.95,1343586
2021-04-29 10:20:38,675.7,1343598
2021-04-29 10:20:38,675.9,1343798
2021-04-29 10:20:41,676.0,1344675
2021-04-29 10:20:43,676.0,1344675
2021-04-29 10:20:44,676.0,1344675
2021-04-29 10:20:44,676.0,1344675
2021-04-29 10:20:46,675.9,1344679
2021-04-29 10:20:46,675.9,1344679
2021-04-29 10:20:47,675.9,1344717
2021-04-29 10:20:49,675.9,1344742
2021-04-29 10:20:49,675.9,1344742
2021-04-29 10:20:50,675.85,1344936
2021-04-29 10:20:51,675.85,1344936
2021-04-29 10:20:52,675.85,1344936
2021-04-29 10:20:53,675.75,1344988
2021-04-29 10:20:54,676.0,1345281
2021-04-29 10:20:55,676.0,1345281
2021-04-29 10:20:56,675.7,1345447
2021-04-29 10:20:57,675.75,1345456
2021-04-29 10:20:58,675.5,1346240
2021-04-29 10:20:59,675.5,1346293
2021-04-29 10:21:00,675.95,1346898
2021-04-29 10:21:01,675.95,1346898
2021-04-29 10:21:02,675.95,1346898
2021-04-29 10:21:04,675.55,1346948
2021-04-29 10:21:05,675.95,1346961
2021-04-29 10:21:06,675.85,1347035
2021-04-29 10:21:07,676.0,1347339
2021-04-29 10:21:08,676.0,1347339
2021-04-29 10:21:09,675.55,1349674
2021-04-29 10:21:09,675.4,1349837
2021-04-29 10:21:10,675.4,1349838
2021-04-29 10:21:11,675.5,1350088
2021-04-29 10:21:12,675.4,1350133
2021-04-29 10:21:14,675.5,1350146
2021-04-29 10:21:14,675.4,1350168
2021-04-29 10:21:15,675.4,1350169
2021-04-29 10:21:16,675.4,1350169
2021-04-29 10:21:17,675.5,1350189
2021-04-29 10:21:18,675.7,1350249
2021-04-29 10:21:20,675.7,1350249
2021-04-29 10:21:21,675.7,1350249
2021-04-29 10:21:22,675.7,1350250
2021-04-29 10:21:22,675.75,1350270
2021-04-29 10:21:23,675.75,1350270
2021-04-29 10:21:24,675.6,1350397
2021-04-29 10:21:26,675.45,1350474
2021-04-29 10:21:27,675.45,1350767
2021-04-29 10:21:28,675.45,1350767
2021-04-29 10:21:29,675.45,1350767
2021-04-29 10:21:30,675.5,1351214
2021-04-29 10:21:31,675.8,1351689
2021-04-29 10:21:31,675.8,1351689
2021-04-29 10:21:32,675.45,1351694
2021-04-29 10:21:33,675.8,1351745
2021-04-29 10:21:34,675.45,1351760
2021-04-29 10:21:36,675.8,1351860
2021-04-29 10:21:37,675.5,1352403
2021-04-29 10:21:38,675.5,1352430
2021-04-29 10:21:39,675.5,1352447
2021-04-29 10:21:40,675.5,1352448
2021-04-29 10:21:41,675.8,1352508
2021-04-29 10:21:41,675.8,1352508
2021-04-29 10:21:43,675.8,1352532
2021-04-29 10:21:44,675.8,1352535
2021-04-29 10:21:45,675.8,1352585
2021-04-29 10:21:47,675.8,1352696
2021-04-29 10:21:47,675.8,1352696
2021-04-29 10:21:48,675.8,1352703
2021-04-29 10:21:49,675.8,1352719
2021-04-29 10:21:50,675.5,1352908
2021-04-29 10:21:51,675.4,1353050
2021-04-29 10:21:52,675.2,1353052
2021-04-29 10:21:53,675.5,1353116
2021-04-29 10:21:55,675.2,1353117
2021-04-29 10:21:56,675.25,1353126
2021-04-29 10:21:57,675.25,1353127
2021-04-29 10:21:57,675.5,1353128
2021-04-29 10:21:58,675.5,1353129
2021-04-29 10:22:00,675.2,1353132
2021-04-29 10:22:01,675.5,1353587
