timestamp,ltp,volume
2021-04-29 09:29:43,308.4,4455503
2021-04-29 09:29:44,308.45,4457190
2021-04-29 09:29:45,308.45,4457296
2021-04-29 09:29:46,308.4,4457304
2021-04-29 09:29:46,308.45,4457337
2021-04-29 09:29:47,308.4,4459526
2021-04-29 09:29:48,308.3,4459870
2021-04-29 09:29:49,308.35,4475922
2021-04-29 09:29:50,308.35,4476217
2021-04-29 09:29:52,308.4,4477451
2021-04-29 09:29:52,308.4,4479231
2021-04-29 09:29:53,308.4,4479461
2021-04-29 09:29:55,308.35,4480217
2021-04-29 09:29:56,308.3,4480569
2021-04-29 09:29:57,308.35,4480783
2021-04-29 09:29:59,308.25,4484161
2021-04-29 09:30:00,308.3,4484865
2021-04-29 09:30:01,308.4,4487889
2021-04-29 09:30:05,308.3,4490951
2021-04-29 09:30:06,308.4,4491091
2021-04-29 09:30:07,308.4,4492070
2021-04-29 09:30:08,308.35,4492670
2021-04-29 09:30:10,308.4,4497856
2021-04-29 09:30:10,308.4,4500995
2021-04-29 09:30:11,308.4,4503512
2021-04-29 09:30:12,308.4,4503686
2021-04-29 09:30:14,308.4,4564886
2021-04-29 09:30:15,308.5,4565947
2021-04-29 09:30:16,308.4,4566708
2021-04-29 09:30:17,308.4,4567570
2021-04-29 09:30:19,308.3,4572030
2021-04-29 09:30:19,308.45,4582482
2021-04-29 09:30:20,308.45,4583038
2021-04-29 09:30:21,308.4,4584093
2021-04-29 09:30:22,308.35,4585520
2021-04-29 09:30:23,308.45,4586351
2021-04-29 09:30:24,308.5,4589820
2021-04-29 09:30:25,308.3,4592272
2021-04-29 09:30:26,308.35,4602686
2021-04-29 09:30:27,308.35,4604989
2021-04-29 09:30:28,308.3,4606346
2021-04-29 09:30:30,308.35,4616163
2021-04-29 09:30:30,308.4,4616378
2021-04-29 09:30:31,308.35,4617479
2021-04-29 09:30:33,308.2,4626040
2021-04-29 09:30:34,308.05,4653212
2021-04-29 09:30:35,308.0,4653667
2021-04-29 09:30:35,307.9,4655609
2021-04-29 09:30:36,307.9,4656380
2021-04-29 09:30:38,308.0,4657480
2021-04-29 09:30:39,308.1,4660120
2021-04-29 09:30:39,308.1,4660220
2021-04-29 09:30:40,308.05,4660730
2021-04-29 09:30:41,307.9,4660820
2021-04-29 09:30:42,307.9,4661720
2021-04-29 09:30:43,308.05,4661945
2021-04-29 09:30:44,308.1,4662120
2021-04-29 09:30:45,307.9,4662158
2021-04-29 09:30:46,307.95,4663347
2021-04-29 09:30:47,308.05,4674010
2021-04-29 09:30:48,308.05,4674119
2021-04-29 09:30:49,308.05,4675220
2021-04-29 09:30:50,308.1,4675280
2021-04-29 09:30:51,308.25,4676362
2021-04-29 09:30:52,308.1,4677230
2021-04-29 09:30:53,308.25,4677311
2021-04-29 09:30:55,308.2,4678177
2021-04-29 09:30:56,308.25,4678748
2021-04-29 09:30:56,308.25,4679318
2021-04-29 09:30:58,308.25,4679861
2021-04-29 09:30:59,308.2,4680587
2021-04-29 09:30:59,308.05,4680485
2021-04-29 09:31:00,308.1,4680796
2021-04-29 09:31:01,308.1,4680859
2021-04-29 09:31:03,308.1,4680859
2021-04-29 09:31:04,308.2,4681034
2021-04-29 09:31:05,308.2,4681389
2021-04-29 09:31:06,308.05,4681392
2021-04-29 09:31:08,308.0,4695020
2021-04-29 09:31:09,308.0,4695730
2021-04-29 09:31:09,308.0,4695730
2021-04-29 09:31:10,308.1,4706006
2021-04-29 09:31:11,308.1,4706200
2021-04-29 09:31:12,308.2,4706201
2021-04-29 09:31:13,308.1,4707790
2021-04-29 09:31:14,308.05,4707844
2021-04-29 09:31:16,308.05,4713895
2021-04-29 09:31:17,308.05,4716177
2021-04-29 09:31:18,307.9,4717514
2021-04-29 09:31:19,308.1,4718546
2021-04-29 09:31:20,308.0,4719417
2021-04-29 09:31:21,308.05,4720300
2021-04-29 09:31:22,307.9,4720598
2021-04-29 09:31:22,308.05,4720898
2021-04-29 09:31:23,308.05,4720923
2021-04-29 09:31:24,308.0,4732948
2021-04-29 09:31:25,308.0,4754302
2021-04-29 09:31:26,308.0,4754306
2021-04-29 09:31:27,307.85,4754425
2021-04-29 09:31:28,308.0,4754891
2021-04-29 09:31:29,307.85,4755403
2021-04-29 09:31:30,307.9,4755452
2021-04-29 09:31:31,307.9,4756631
2021-04-29 09:31:32,307.8,4764763
2021-04-29 09:31:33,307.9,4766033
2021-04-29 09:31:34,307.9,4767015
2021-04-29 09:31:35,307.75,4767082
2021-04-29 09:31:36,307.9,4767492
2021-04-29 09:31:37,307.8,4769793
2021-04-29 09:31:39,307.85,4770155
2021-04-29 09:31:40,307.8,4770820
2021-04-29 09:31:41,307.9,4771120
2021-04-29 09:31:42,307.95,4777927
2021-04-29 09:31:43,307.9,4777967
2021-04-29 09:31:44,307.95,4778456
2021-04-29 09:31:45,307.9,4791997
2021-04-29 09:31:46,307.9,4792008
2021-04-29 09:31:47,307.95,4792071
2021-04-29 09:31:48,307.8,4792274
2021-04-29 09:31:49,308.0,4793134
2021-04-29 09:31:49,307.9,4793233
2021-04-29 09:31:50,307.85,4793870
2021-04-29 09:31:52,307.8,4794850
2021-04-29 09:31:53,307.9,4795073
2021-04-29 09:31:54,307.85,4796743
2021-04-29 09:31:55,307.95,4796969
2021-04-29 09:31:56,307.95,4798053
2021-04-29 09:31:57,307.95,4798112
2021-04-29 09:31:58,307.85,4798465
2021-04-29 09:31:58,307.95,4798665
2021-04-29 09:31:59,307.85,4798901
2021-04-29 09:32:00,307.95,4799113
2021-04-29 09:32:01,307.95,4801403
2021-04-29 09:32:02,307.85,4854034
2021-04-29 09:32:03,307.7,4855424
2021-04-29 09:32:04,307.85,4855746
2021-04-29 09:32:05,307.85,4855902
2021-04-29 09:32:07,307.85,4861537
2021-04-29 09:32:08,307.8,4862192
2021-04-29 09:32:09,307.85,4862929
2021-04-29 09:32:10,307.85,4863187
2021-04-29 09:32:11,307.9,4864720
2021-04-29 09:32:13,307.9,4868835
2021-04-29 09:32:14,307.9,4869835
2021-04-29 09:32:15,307.9,4870575
2021-04-29 09:32:16,307.9,4870842
2021-04-29 09:32:17,307.8,4870942
2021-04-29 09:32:18,307.9,4872294
2021-04-29 09:32:19,307.8,4872413
2021-04-29 09:32:20,307.8,4872522
2021-04-29 09:32:21,307.8,4873224
2021-04-29 09:32:22,307.75,4875574
2021-04-29 09:32:23,307.9,4876700
2021-04-29 09:32:24,307.75,4876927
2021-04-29 09:32:25,307.95,4887080
2021-04-29 09:32:26,307.85,4887765
2021-04-29 09:32:27,308.0,4890844
2021-04-29 09:32:27,308.0,4890844
2021-04-29 09:32:28,307.9,4890904
2021-04-29 09:32:29,308.0,4891922
2021-04-29 09:32:30,308.0,4892244
2021-04-29 09:32:31,308.0,4892289
2021-04-29 09:32:32,307.85,4892429
2021-04-29 09:32:33,307.85,4892583
2021-04-29 09:32:34,307.8,4894588
2021-04-29 09:32:35,307.9,4901157
2021-04-29 09:32:36,307.75,4901328
2021-04-29 09:32:37,307.8,4901454
2021-04-29 09:32:39,307.9,4902221
2021-04-29 09:32:40,307.85,4902598
2021-04-29 09:32:41,307.9,4902870
2021-04-29 09:32:42,307.9,4903021
2021-04-29 09:32:43,308.0,4903552
2021-04-29 09:32:44,307.95,4905221
2021-04-29 09:32:45,307.85,4905871
2021-04-29 09:32:46,307.95,4906361
2021-04-29 09:32:47,307.85,4906612
2021-04-29 09:32:48,307.85,4907424
2021-04-29 09:32:48,307.85,4907424
2021-04-29 09:32:49,307.9,4907457
2021-04-29 09:32:50,307.85,4907945
2021-04-29 09:32:51,308.0,4910782
2021-04-29 09:32:52,307.9,4911006
2021-04-29 09:32:53,307.9,4911852
2021-04-29 09:32:54,307.9,4912356
2021-04-29 09:32:55,308.0,4913360
2021-04-29 09:32:56,307.85,4915833
2021-04-29 09:32:58,307.8,4918069
2021-04-29 09:32:59,307.85,4918458
2021-04-29 09:33:00,307.85,4918521
2021-04-29 09:33:01,307.95,4919551
2021-04-29 09:33:02,307.9,4919576
2021-04-29 09:33:03,307.95,4920114
2021-04-29 09:33:04,307.9,4920233
2021-04-29 09:33:05,307.9,4920343
2021-04-29 09:33:05,307.9,4920493
2021-04-29 09:33:06,307.9,4920548
2021-04-29 09:33:07,307.9,4920771
2021-04-29 09:33:08,308.0,4922273
2021-04-29 09:33:09,307.9,4924569
2021-04-29 09:33:10,308.0,4924607
2021-04-29 09:33:11,307.95,4925105
2021-04-29 09:33:12,307.85,4925785
2021-04-29 09:33:13,307.85,4926088
2021-04-29 09:33:14,308.0,4929639
2021-04-29 09:33:15,308.0,4930126
2021-04-29 09:33:16,308.0,4930281
2021-04-29 09:33:17,308.0,4930900
2021-04-29 09:33:18,308.0,4931014
2021-04-29 09:33:19,307.9,4932022
2021-04-29 09:33:20,307.9,4933932
2021-04-29 09:33:22,307.9,4934121
2021-04-29 09:33:23,307.95,4934291
2021-04-29 09:33:24,308.0,4934326
2021-04-29 09:33:25,308.0,4934347
2021-04-29 09:33:26,307.9,4936138
2021-04-29 09:33:27,307.95,4936368
2021-04-29 09:33:28,307.95,4946421
2021-04-29 09:33:29,307.75,4964768
2021-04-29 09:33:30,307.85,4965143
2021-04-29 09:33:31,307.85,4967812
2021-04-29 09:33:32,307.85,4967888
2021-04-29 09:33:33,307.75,4968169
2021-04-29 09:33:34,307.8,4968606
2021-04-29 09:33:35,307.8,4968615
2021-04-29 09:33:36,307.85,4968641
2021-04-29 09:33:37,307.95,4973728
2021-04-29 09:33:38,307.8,4974195
2021-04-29 09:33:39,307.95,4975051
2021-04-29 09:33:40,307.85,4975158
2021-04-29 09:33:41,307.85,4976051
2021-04-29 09:33:42,307.9,4986392
2021-04-29 09:33:42,307.85,4987442
2021-04-29 09:33:43,307.85,4987723
2021-04-29 09:33:44,307.9,4988732
2021-04-29 09:33:45,307.85,4988950
2021-04-29 09:33:46,307.95,4989251
2021-04-29 09:33:47,307.85,4989627
2021-04-29 09:33:48,307.85,4989841
2021-04-29 09:33:49,307.95,4989866
2021-04-29 09:33:51,307.95,4991867
2021-04-29 09:33:52,307.95,4992336
2021-04-29 09:33:53,307.95,4992433
2021-04-29 09:33:54,307.95,4993523
2021-04-29 09:33:55,307.95,4995016
2021-04-29 09:33:56,307.95,4995586
2021-04-29 09:33:57,307.95,4996341
2021-04-29 09:33:58,307.85,4996701
2021-04-29 09:33:59,307.95,4997602
2021-04-29 09:34:00,307.9,4997757
2021-04-29 09:34:01,307.95,4998107
2021-04-29 09:34:02,307.95,4998521
2021-04-29 09:34:03,307.95,4998672
2021-04-29 09:34:04,307.95,5000038
2021-04-29 09:34:06,307.85,5001099
2021-04-29 09:34:07,307.85,5002294
2021-04-29 09:34:08,307.8,5008154
2021-04-29 09:34:09,307.85,5008206
2021-04-29 09:34:09,307.85,5008206
2021-04-29 09:34:10,307.85,5008437
2021-04-29 09:34:11,307.8,5009774
2021-04-29 09:34:12,307.8,5009952
2021-04-29 09:34:13,307.95,5010594
2021-04-29 09:34:15,307.85,5011547
2021-04-29 09:34:20,307.9,5013112
2021-04-29 09:34:22,307.9,5014171
2021-04-29 09:34:24,307.85,5014708
2021-04-29 09:34:25,307.9,5016208
2021-04-29 09:34:26,307.9,5016809
2021-04-29 09:34:27,307.85,5016930
2021-04-29 09:34:28,307.9,5017685
2021-04-29 09:34:29,307.85,5017752
2021-04-29 09:34:30,307.85,5019753
2021-04-29 09:34:31,307.9,5019853
2021-04-29 09:34:32,307.9,5021050
2021-04-29 09:34:33,307.9,5021160
2021-04-29 09:34:34,307.85,5023994
2021-04-29 09:34:35,307.85,5030413
2021-04-29 09:34:36,307.75,5030872
2021-04-29 09:34:37,307.75,5031987
2021-04-29 09:34:38,307.9,5032271
2021-04-29 09:34:38,307.85,5032311
2021-04-29 09:34:39,307.9,5033312
2021-04-29 09:34:40,307.75,5033400
2021-04-29 09:34:41,307.85,5033792
2021-04-29 09:34:42,307.85,5034032
2021-04-29 09:34:43,307.85,5034237
2021-04-29 09:34:44,307.75,5034339
2021-04-29 09:34:45,307.8,5034676
2021-04-29 09:34:46,307.75,5034727
2021-04-29 09:34:48,307.8,5034761
2021-04-29 09:34:49,307.75,5034798
2021-04-29 09:34:49,307.75,5034849
2021-04-29 09:34:50,307.8,5035219
2021-04-29 09:34:51,307.85,5035610
2021-04-29 09:34:52,307.75,5035679
2021-04-29 09:34:53,307.75,5036215
2021-04-29 09:34:54,307.8,5036702
2021-04-29 09:34:55,307.8,5036972
2021-04-29 09:34:56,307.75,5037102
2021-04-29 09:34:57,307.8,5038017
2021-04-29 09:34:59,307.85,5039515
2021-04-29 09:35:00,307.8,5039575
2021-04-29 09:35:01,307.8,5039695
2021-04-29 09:35:02,307.8,5039795
2021-04-29 09:35:03,307.8,5039835
2021-04-29 09:35:04,307.8,5039921
2021-04-29 09:35:05,307.85,5040022
2021-04-29 09:35:06,307.85,5041467
2021-04-29 09:35:07,307.8,5041880
2021-04-29 09:35:08,307.8,5042190
2021-04-29 09:35:09,307.85,5042660
2021-04-29 09:35:11,307.85,5047514
2021-04-29 09:35:12,307.85,5049079
2021-04-29 09:35:13,307.85,5049628
2021-04-29 09:35:14,307.8,5050318
2021-04-29 09:35:15,307.85,5050713
2021-04-29 09:35:16,307.85,5051230
2021-04-29 09:35:16,307.8,5051279
2021-04-29 09:35:17,307.9,5058754
2021-04-29 09:35:18,307.85,5058774
2021-04-29 09:35:19,308.0,5061001
2021-04-29 09:35:20,307.8,5061765
2021-04-29 09:35:21,307.95,5061797
2021-04-29 09:35:22,307.85,5061821
2021-04-29 09:35:23,307.85,5062358
2021-04-29 09:35:24,307.85,5062499
2021-04-29 09:35:25,307.85,5064778
2021-04-29 09:35:26,307.85,5069504
2021-04-29 09:35:28,307.95,5069891
2021-04-29 09:35:29,308.0,5070374
2021-04-29 09:35:30,307.85,5070394
2021-04-29 09:35:31,307.95,5070662
2021-04-29 09:35:32,307.95,5070979
2021-04-29 09:35:33,307.85,5071029
2021-04-29 09:35:34,307.95,5071031
2021-04-29 09:35:35,307.95,5072776
2021-04-29 09:35:36,307.9,5072931
2021-04-29 09:35:37,307.85,5074289
2021-04-29 09:35:38,307.95,5074489
2021-04-29 09:35:39,308.0,5077908
2021-04-29 09:35:40,308.0,5078010
2021-04-29 09:35:41,307.95,5078018
2021-04-29 09:35:42,307.95,5078255
2021-04-29 09:35:43,307.95,5078438
2021-04-29 09:35:44,308.0,5079026
2021-04-29 09:35:45,308.0,5079034
2021-04-29 09:35:47,308.0,5080059
2021-04-29 09:35:48,307.95,5080111
2021-04-29 09:35:49,307.95,5080433
2021-04-29 09:35:50,308.0,5080434
2021-04-29 09:35:51,308.0,5081244
2021-04-29 09:35:52,307.9,5081309
2021-04-29 09:35:53,307.95,5081617
2021-04-29 09:35:54,307.9,5081622
2021-04-29 09:35:55,308.0,5081992
2021-04-29 09:35:56,307.9,5082137
2021-04-29 09:35:57,307.85,5083227
2021-04-29 09:35:58,307.85,5083491
2021-04-29 09:35:59,307.85,5083994
2021-04-29 09:36:00,307.9,5084086
2021-04-29 09:36:01,307.9,5084376
2021-04-29 09:36:02,307.85,5084485
2021-04-29 09:36:03,307.95,5085103
2021-04-29 09:36:04,307.9,5085141
2021-04-29 09:36:05,307.9,5085609
2021-04-29 09:36:06,307.9,5085644
2021-04-29 09:36:07,307.95,5088730
2021-04-29 09:36:08,307.9,5088960
2021-04-29 09:36:09,307.9,5089048
2021-04-29 09:36:10,307.9,5089081
2021-04-29 09:36:11,308.05,5131880
2021-04-29 09:36:12,307.95,5133286
2021-04-29 09:36:13,307.9,5133516
2021-04-29 09:36:14,307.9,5139965
2021-04-29 09:36:15,307.95,5140342
2021-04-29 09:36:16,307.95,5140442
2021-04-29 09:36:18,307.95,5140755
2021-04-29 09:36:17,307.9,5140611
2021-04-29 09:36:19,307.9,5141816
2021-04-29 09:36:20,307.9,5142426
2021-04-29 09:36:21,307.9,5142751
2021-04-29 09:36:22,307.9,5144241
2021-04-29 09:36:23,307.9,5144814
2021-04-29 09:36:24,307.85,5144839
2021-04-29 09:36:25,307.9,5145339
2021-04-29 09:36:26,307.9,5145623
2021-04-29 09:36:27,307.9,5147774
2021-04-29 09:36:28,307.85,5149320
2021-04-29 09:36:29,307.85,5151972
2021-04-29 09:36:30,307.95,5152137
2021-04-29 09:36:31,307.9,5153163
2021-04-29 09:36:32,307.9,5153423
2021-04-29 09:36:33,307.9,5153923
2021-04-29 09:36:34,307.85,5156583
2021-04-29 09:36:35,307.85,5156723
2021-04-29 09:36:36,307.9,5156973
2021-04-29 09:36:37,308.0,5157624
2021-04-29 09:36:38,307.9,5157635
2021-04-29 09:36:39,307.85,5158551
2021-04-29 09:36:40,307.9,5158557
2021-04-29 09:36:41,308.0,5159593
2021-04-29 09:36:42,307.9,5159657
2021-04-29 09:36:43,307.85,5161379
2021-04-29 09:36:45,307.85,5162340
2021-04-29 09:36:44,308.0,5161782
2021-04-29 09:36:46,307.95,5162445
2021-04-29 09:36:47,307.85,5162656
2021-04-29 09:36:48,308.0,5162796
2021-04-29 09:36:49,308.0,5162918
2021-04-29 09:36:50,307.9,5163363
2021-04-29 09:36:51,307.9,5163398
2021-04-29 09:36:52,307.95,5163621
2021-04-29 09:36:53,308.0,5163721
2021-04-29 09:36:54,308.0,5166221
2021-04-29 09:36:55,308.0,5166318
2021-04-29 09:36:56,308.0,5167442
2021-04-29 09:36:57,307.95,5168502
2021-04-29 09:36:58,308.0,5169104
2021-04-29 09:36:59,308.0,5169121
2021-04-29 09:37:00,307.95,5170081
2021-04-29 09:37:01,307.9,5170511
2021-04-29 09:37:02,307.9,5170512
2021-04-29 09:37:03,307.9,5171138
2021-04-29 09:37:04,308.0,5171308
2021-04-29 09:37:05,307.9,5171811
2021-04-29 09:37:06,308.0,5172354
2021-04-29 09:37:07,308.0,5172404
2021-04-29 09:37:08,307.95,5172669
2021-04-29 09:37:09,307.95,5173468
2021-04-29 09:37:10,307.95,5173476
2021-04-29 09:37:11,308.0,5173477
2021-04-29 09:37:12,307.95,5173527
2021-04-29 09:37:13,307.9,5177089
2021-04-29 09:37:14,307.85,5177660
2021-04-29 09:37:15,307.95,5177731
2021-04-29 09:37:16,307.95,5178647
2021-04-29 09:37:17,307.9,5179207
2021-04-29 09:37:18,307.85,5179424
2021-04-29 09:37:19,307.9,5179710
2021-04-29 09:37:20,307.9,5179938
2021-04-29 09:37:21,307.9,5180596
2021-04-29 09:37:22,307.85,5180603
2021-04-29 09:37:23,307.85,5180658
2021-04-29 09:37:24,307.9,5180950
2021-04-29 09:37:25,307.95,5182475
2021-04-29 09:37:26,307.9,5182489
2021-04-29 09:37:27,307.9,5182694
2021-04-29 09:37:28,307.85,5183464
2021-04-29 09:37:29,307.95,5183798
2021-04-29 09:37:30,307.95,5183802
2021-04-29 09:37:31,307.9,5184909
2021-04-29 09:37:32,307.85,5185047
2021-04-29 09:37:33,307.9,5185048
2021-04-29 09:37:34,307.9,5185158
2021-04-29 09:37:35,307.85,5185251
2021-04-29 09:37:36,307.9,5185754
2021-04-29 09:37:38,307.85,5187014
2021-04-29 09:37:38,307.85,5187014
2021-04-29 09:37:39,307.9,5187386
2021-04-29 09:37:40,307.95,5187402
2021-04-29 09:37:41,307.7,5247288
2021-04-29 09:37:42,307.8,5247951
2021-04-29 09:37:43,307.7,5248942
2021-04-29 09:37:44,307.8,5249057
2021-04-29 09:37:45,307.7,5249098
2021-04-29 09:37:46,307.8,5249638
2021-04-29 09:37:47,307.8,5249669
2021-04-29 09:37:48,307.7,5249678
2021-04-29 09:37:50,307.8,5250149
2021-04-29 09:37:50,307.8,5250149
2021-04-29 09:37:51,307.85,5250250
2021-04-29 09:37:52,307.9,5251732
2021-04-29 09:37:53,307.75,5253931
2021-04-29 09:37:54,307.8,5254078
2021-04-29 09:37:55,307.95,5254438
2021-04-29 09:37:56,307.75,5255468
2021-04-29 09:37:58,307.9,5255698
2021-04-29 09:37:58,307.9,5255698
2021-04-29 09:37:59,307.8,5256467
2021-04-29 09:38:00,307.8,5257405
2021-04-29 09:38:01,307.8,5257405
2021-04-29 09:38:02,307.9,5257959
2021-04-29 09:38:03,307.8,5258060
2021-04-29 09:38:04,307.9,5258153
2021-04-29 09:38:05,307.9,5258273
2021-04-29 09:38:07,307.9,5258348
2021-04-29 09:38:07,307.8,5258333
2021-04-29 09:38:08,307.9,5258573
2021-04-29 09:38:09,307.75,5259852
2021-04-29 09:38:10,307.75,5260402
2021-04-29 09:38:11,307.8,5260418
2021-04-29 09:38:12,307.75,5261060
2021-04-29 09:38:13,307.8,5261070
2021-04-29 09:38:14,307.8,5261593
2021-04-29 09:38:15,307.75,5262133
2021-04-29 09:38:17,307.9,5265244
2021-04-29 09:38:17,307.8,5265945
2021-04-29 09:38:18,307.75,5267867
2021-04-29 09:38:20,307.75,5268229
2021-04-29 09:38:21,307.8,5269344
2021-04-29 09:38:22,307.9,5270144
2021-04-29 09:38:23,307.9,5270244
2021-04-29 09:38:24,307.8,5270752
2021-04-29 09:38:25,307.9,5271209
2021-04-29 09:38:26,307.9,5273764
2021-04-29 09:38:27,307.9,5273844
2021-04-29 09:38:28,307.9,5273846
2021-04-29 09:38:29,307.85,5273854
2021-04-29 09:38:30,307.9,5274111
2021-04-29 09:38:32,307.8,5274404
2021-04-29 09:38:32,307.8,5274633
2021-04-29 09:38:33,307.9,5274647
2021-04-29 09:38:34,307.9,5274724
2021-04-29 09:38:35,307.9,5276178
2021-04-29 09:38:37,307.95,5276864
2021-04-29 09:38:37,307.95,5276864
2021-04-29 09:38:38,307.85,5277085
2021-04-29 09:38:39,307.95,5277105
2021-04-29 09:38:40,307.9,5277518
2021-04-29 09:38:41,307.9,5277542
2021-04-29 09:38:42,307.8,5277749
2021-04-29 09:38:43,307.95,5290955
2021-04-29 09:38:44,307.95,5291066
2021-04-29 09:38:45,307.95,5291079
2021-04-29 09:38:46,307.95,5291479
2021-04-29 09:38:47,308.0,5291875
2021-04-29 09:38:48,308.0,5291896
2021-04-29 09:38:49,307.95,5291941
2021-04-29 09:38:50,308.0,5293190
2021-04-29 09:38:51,308.0,5293305
2021-04-29 09:38:53,308.0,5293615
2021-04-29 09:38:53,307.9,5293910
2021-04-29 09:38:54,307.9,5298303
2021-04-29 09:38:55,307.85,5298502
2021-04-29 09:38:56,307.85,5298917
2021-04-29 09:38:58,308.0,5299571
2021-04-29 09:38:58,307.95,5299726
2021-04-29 09:38:59,307.85,5299786
2021-04-29 09:39:00,307.95,5300242
2021-04-29 09:39:01,307.95,5302322
2021-04-29 09:39:02,307.9,5302392
2021-04-29 09:39:03,307.85,5302580
2021-04-29 09:39:05,307.85,5302616
2021-04-29 09:39:06,307.9,5302626
2021-04-29 09:39:07,307.85,5303184
2021-04-29 09:39:08,307.9,5303388
2021-04-29 09:39:09,307.9,5305488
2021-04-29 09:39:11,307.9,5305704
2021-04-29 09:39:11,307.9,5305704
2021-04-29 09:39:12,307.9,5306035
2021-04-29 09:39:13,307.95,5306427
2021-04-29 09:39:14,307.9,5306822
2021-04-29 09:39:15,307.85,5307468
2021-04-29 09:39:17,307.9,5308420
2021-04-29 09:39:18,307.9,5308605
2021-04-29 09:39:18,307.85,5315520
2021-04-29 09:39:19,307.75,5316020
2021-04-29 09:39:21,307.8,5318909
2021-04-29 09:39:21,307.8,5322995
2021-04-29 09:39:22,307.85,5331474
2021-04-29 09:39:23,307.85,5331845
2021-04-29 09:39:24,307.85,5331846
2021-04-29 09:39:26,307.85,5332071
2021-04-29 09:39:26,307.75,5332112
2021-04-29 09:39:28,307.85,5332318
2021-04-29 09:39:29,307.8,5332492
2021-04-29 09:39:30,307.8,5332665
2021-04-29 09:39:31,307.8,5332972
2021-04-29 09:39:32,307.75,5333041
2021-04-29 09:39:33,307.75,5336614
2021-04-29 09:39:35,307.75,5337562
2021-04-29 09:39:36,307.75,5337782
2021-04-29 09:39:37,307.8,5340299
2021-04-29 09:39:38,307.75,5341453
2021-04-29 09:39:39,307.75,5341942
2021-04-29 09:39:40,307.7,5343729
2021-04-29 09:39:42,307.75,5343990
2021-04-29 09:39:42,307.7,5344172
2021-04-29 09:39:43,307.7,5346173
2021-04-29 09:39:44,307.75,5346555
2021-04-29 09:39:45,307.75,5346557
2021-04-29 09:39:46,307.7,5346603
2021-04-29 09:39:47,307.75,5346703
2021-04-29 09:39:48,307.7,5347266
2021-04-29 09:39:49,307.8,5348786
2021-04-29 09:39:50,307.75,5352425
2021-04-29 09:39:51,307.75,5352976
2021-04-29 09:39:52,307.8,5354209
2021-04-29 09:39:53,307.7,5356509
2021-04-29 09:39:55,307.75,5356560
2021-04-29 09:39:56,307.75,5356560
2021-04-29 09:39:56,307.75,5356560
2021-04-29 09:39:57,307.75,5356596
2021-04-29 09:39:58,307.7,5356850
2021-04-29 09:39:59,307.75,5356968
2021-04-29 09:40:01,307.7,5360579
2021-04-29 09:40:02,307.7,5360637
2021-04-29 09:40:04,307.7,5361725
2021-04-29 09:40:05,307.7,5362026
2021-04-29 09:40:06,307.7,5362130
2021-04-29 09:40:08,307.7,5367408
2021-04-29 09:40:09,307.75,5368018
2021-04-29 09:40:10,307.75,5368150
2021-04-29 09:40:11,307.8,5368916
2021-04-29 09:40:11,307.75,5368925
2021-04-29 09:40:13,307.75,5369261
2021-04-29 09:40:14,307.75,5370762
2021-04-29 09:40:15,307.75,5371037
2021-04-29 09:40:16,307.75,5372263
2021-04-29 09:40:17,307.8,5372343
2021-04-29 09:40:19,307.75,5372358
2021-04-29 09:40:20,307.75,5372858
2021-04-29 09:40:21,307.7,5373632
2021-04-29 09:40:22,307.8,5373902
2021-04-29 09:40:22,307.8,5374902
2021-04-29 09:40:23,307.9,5382196
2021-04-29 09:40:25,307.75,5382266
2021-04-29 09:40:26,307.75,5382267
2021-04-29 09:40:27,307.7,5383502
2021-04-29 09:40:28,307.7,5383649
2021-04-29 09:40:29,307.75,5384049
2021-04-29 09:40:30,307.7,5389329
2021-04-29 09:40:30,307.7,5389399
2021-04-29 09:40:31,307.7,5389569
2021-04-29 09:40:32,307.75,5389805
2021-04-29 09:40:33,307.8,5393397
2021-04-29 09:40:34,307.75,5394714
2021-04-29 09:40:35,307.9,5394773
2021-04-29 09:40:36,307.9,5396236
2021-04-29 09:40:37,307.75,5396837
2021-04-29 09:40:38,307.9,5399126
2021-04-29 09:40:39,307.75,5399430
2021-04-29 09:40:40,307.75,5399430
2021-04-29 09:40:43,307.75,5401984
2021-04-29 09:40:44,307.75,5402194
2021-04-29 09:40:46,307.9,5404345
2021-04-29 09:40:47,307.9,5404430
2021-04-29 09:40:48,307.8,5404455
2021-04-29 09:40:48,307.8,5404455
2021-04-29 09:40:49,307.8,5404607
2021-04-29 09:40:50,307.9,5405532
2021-04-29 09:40:51,307.9,5406356
2021-04-29 09:40:52,307.75,5406423
2021-04-29 09:40:54,307.9,5407018
2021-04-29 09:40:55,307.9,5407122
2021-04-29 09:40:56,307.75,5407547
2021-04-29 09:40:56,307.75,5407547
2021-04-29 09:40:57,307.9,5408023
2021-04-29 09:40:58,307.85,5408077
2021-04-29 09:40:59,307.75,5408182
2021-04-29 09:41:00,307.9,5408282
2021-04-29 09:41:02,307.8,5410533
2021-04-29 09:41:03,307.9,5410693
2021-04-29 09:41:03,307.9,5410733
2021-04-29 09:41:04,307.9,5411406
2021-04-29 09:41:05,307.8,5411619
2021-04-29 09:41:06,307.9,5411746
2021-04-29 09:41:07,307.9,5411851
2021-04-29 09:41:08,307.8,5412052
2021-04-29 09:41:09,307.85,5412898
2021-04-29 09:41:10,307.9,5413306
2021-04-29 09:41:11,307.9,5413393
2021-04-29 09:41:13,307.9,5414020
2021-04-29 09:41:14,307.9,5487361
2021-04-29 09:41:15,307.95,5494492
2021-04-29 09:41:15,307.95,5494492
2021-04-29 09:41:16,308.1,5503051
2021-04-29 09:41:17,307.9,5503383
2021-04-29 09:41:18,307.8,5504334
2021-04-29 09:41:19,307.95,5504680
2021-04-29 09:41:20,307.95,5504998
2021-04-29 09:41:21,307.95,5505048
2021-04-29 09:41:22,307.9,5505073
2021-04-29 09:41:24,308.0,5506854
2021-04-29 09:41:24,307.95,5507039
2021-04-29 09:41:26,307.95,5508277
2021-04-29 09:41:27,308.05,5509501
2021-04-29 09:41:28,308.1,5512058
2021-04-29 09:41:28,308.1,5512058
2021-04-29 09:41:29,308.15,5514410
2021-04-29 09:41:31,308.2,5520029
2021-04-29 09:41:32,308.0,5522351
2021-04-29 09:41:33,308.15,5525603
2021-04-29 09:41:34,308.2,5527309
2021-04-29 09:41:35,308.2,5527451
2021-04-29 09:41:34,308.05,5527362
2021-04-29 09:41:36,308.2,5532428
2021-04-29 09:41:37,308.2,5532515
2021-04-29 09:41:39,308.1,5532833
2021-04-29 09:41:38,308.1,5532680
2021-04-29 09:41:40,308.2,5534903
2021-04-29 09:41:41,308.25,5571405
2021-04-29 09:41:42,308.45,5585680
2021-04-29 09:41:43,308.45,5586960
2021-04-29 09:41:44,308.25,5589689
2021-04-29 09:41:45,308.4,5590367
2021-04-29 09:41:46,308.2,5591584
2021-04-29 09:41:47,308.25,5591591
2021-04-29 09:41:48,308.4,5605135
2021-04-29 09:41:49,308.5,5619598
2021-04-29 09:41:50,308.4,5620600
2021-04-29 09:41:51,308.4,5621536
2021-04-29 09:41:53,308.5,5622266
2021-04-29 09:41:53,308.45,5622802
2021-04-29 09:41:54,308.5,5625996
2021-04-29 09:41:55,308.55,5659562
2021-04-29 09:41:56,308.6,5691749
2021-04-29 09:41:57,308.9,5732511
2021-04-29 09:41:58,308.8,5733703
2021-04-29 09:41:59,308.9,5734605
2021-04-29 09:42:00,308.95,5749130
2021-04-29 09:42:01,308.95,5751131
2021-04-29 09:42:02,308.8,5756049
2021-04-29 09:42:04,308.9,5756411
2021-04-29 09:42:04,308.9,5758880
2021-04-29 09:42:05,308.85,5762605
2021-04-29 09:42:06,308.75,5764653
2021-04-29 09:42:07,308.95,5767823
2021-04-29 09:42:08,308.75,5774520
2021-04-29 09:42:09,308.85,5774877
2021-04-29 09:42:10,308.9,5776296
2021-04-29 09:42:11,308.85,5777444
2021-04-29 09:42:12,308.85,5779235
2021-04-29 09:42:13,308.9,5782374
2021-04-29 09:42:14,309.05,5938874
2021-04-29 09:42:15,309.0,5947483
2021-04-29 09:42:16,309.05,5949542
2021-04-29 09:42:17,309.0,5954033
2021-04-29 09:42:18,308.95,5955298
2021-04-29 09:42:19,308.95,5956990
2021-04-29 09:42:20,309.15,5968169
2021-04-29 09:42:21,309.0,5971930
2021-04-29 09:42:22,309.15,5973263
2021-04-29 09:42:25,309.2,5985480
2021-04-29 09:42:24,309.05,5984992
2021-04-29 09:42:26,309.2,5987423
2021-04-29 09:42:27,309.15,5989314
2021-04-29 09:42:27,309.1,5989479
2021-04-29 09:42:28,309.1,5991117
2021-04-29 09:42:29,309.15,5991914
2021-04-29 09:42:30,309.2,5997877
2021-04-29 09:42:31,309.2,6000931
2021-04-29 09:42:33,309.15,6002602
2021-04-29 09:42:34,309.3,6026960
2021-04-29 09:42:35,309.2,6033337
2021-04-29 09:42:36,309.2,6039040
2021-04-29 09:42:37,309.35,6041439
2021-04-29 09:42:38,309.35,6043866
2021-04-29 09:42:39,309.25,6046561
2021-04-29 09:42:40,309.25,6051446
2021-04-29 09:42:41,309.3,6054129
2021-04-29 09:42:42,309.2,6055384
2021-04-29 09:42:43,309.15,6057359
2021-04-29 09:42:44,309.15,6058417
2021-04-29 09:42:45,309.1,6063811
2021-04-29 09:42:46,309.35,6071794
2021-04-29 09:42:46,309.2,6067434
2021-04-29 09:42:47,309.2,6073552
2021-04-29 09:42:49,309.3,6078668
2021-04-29 09:42:49,309.15,6079868
2021-04-29 09:42:50,309.2,6082703
2021-04-29 09:42:51,309.2,6083558
2021-04-29 09:42:52,309.15,6084846
2021-04-29 09:42:54,309.15,6089489
2021-04-29 09:42:54,309.2,6089639
2021-04-29 09:42:55,309.2,6091114
2021-04-29 09:42:56,309.2,6091420
2021-04-29 09:42:57,309.1,6111782
2021-04-29 09:42:58,309.15,6114678
2021-04-29 09:43:00,309.0,6118115
2021-04-29 09:43:01,309.05,6138539
2021-04-29 09:43:02,309.0,6140480
2021-04-29 09:43:03,309.0,6163146
2021-04-29 09:43:03,308.95,6165013
2021-04-29 09:43:04,309.15,6167809
2021-04-29 09:43:05,309.0,6168986
2021-04-29 09:43:06,309.0,6181159
2021-04-29 09:43:07,309.0,6185925
2021-04-29 09:43:08,309.0,6186830
2021-04-29 09:43:09,308.85,6188474
2021-04-29 09:43:10,309.0,6189737
2021-04-29 09:43:12,309.0,6190992
2021-04-29 09:43:13,308.85,6192333
2021-04-29 09:43:14,308.95,6194003
2021-04-29 09:43:15,308.95,6194487
2021-04-29 09:43:16,308.8,6197311
2021-04-29 09:43:17,308.8,6199603
2021-04-29 09:43:18,308.95,6205138
2021-04-29 09:43:19,308.8,6206232
2021-04-29 09:43:19,308.95,6206242
2021-04-29 09:43:20,308.95,6208958
2021-04-29 09:43:21,308.85,6209059
2021-04-29 09:43:22,308.9,6209130
2021-04-29 09:43:23,308.85,6209364
2021-04-29 09:43:24,308.9,6210035
2021-04-29 09:43:25,308.8,6211459
2021-04-29 09:43:27,308.75,6211953
2021-04-29 09:43:28,308.75,6216946
2021-04-29 09:43:29,308.9,6219906
2021-04-29 09:43:30,308.75,6222211
2021-04-29 09:43:31,308.95,6225874
2021-04-29 09:43:31,308.95,6225875
2021-04-29 09:43:33,308.9,6226306
2021-04-29 09:43:34,308.95,6226669
2021-04-29 09:43:34,308.9,6226685
2021-04-29 09:43:36,308.9,6228606
2021-04-29 09:43:37,308.95,6229051
2021-04-29 09:43:38,308.8,6229535
2021-04-29 09:43:39,308.9,6229737
2021-04-29 09:43:40,308.9,6229872
2021-04-29 09:43:41,308.85,6232536
2021-04-29 09:43:42,308.85,6233282
2021-04-29 09:43:43,308.85,6233935
2021-04-29 09:43:45,308.85,6237259
2021-04-29 09:43:46,308.9,6237645
2021-04-29 09:43:47,308.9,6237725
2021-04-29 09:43:48,308.9,6238091
2021-04-29 09:43:48,308.9,6241808
2021-04-29 09:43:49,308.85,6243170
2021-04-29 09:43:50,308.9,6243336
2021-04-29 09:43:52,308.9,6243864
2021-04-29 09:43:53,308.8,6246084
2021-04-29 09:43:53,308.9,6246509
2021-04-29 09:43:54,308.85,6247109
2021-04-29 09:43:55,308.85,6248478
2021-04-29 09:43:56,308.85,6248995
2021-04-29 09:43:57,308.85,6249935
2021-04-29 09:43:58,308.8,6250420
2021-04-29 09:44:00,308.8,6252518
2021-04-29 09:44:00,308.75,6252586
2021-04-29 09:44:01,308.8,6253157
2021-04-29 09:44:02,308.85,6253796
2021-04-29 09:44:03,308.75,6255035
2021-04-29 09:44:04,308.85,6255335
2021-04-29 09:44:05,308.85,6257173
2021-04-29 09:44:06,308.75,6258912
2021-04-29 09:44:07,308.8,6259695
2021-04-29 09:44:08,308.8,6259850
2021-04-29 09:44:09,308.85,6260674
2021-04-29 09:44:10,308.8,6261674
2021-04-29 09:44:12,308.85,6262225
2021-04-29 09:44:13,308.75,6264774
2021-04-29 09:44:14,308.85,6264913
2021-04-29 09:44:15,308.85,6267213
2021-04-29 09:44:16,308.8,6269919
2021-04-29 09:44:17,308.85,6270831
2021-04-29 09:44:18,308.85,6270843
2021-04-29 09:44:19,308.75,6271564
2021-04-29 09:44:20,308.85,6274464
2021-04-29 09:44:21,308.8,6274827
2021-04-29 09:44:22,308.85,6275328
2021-04-29 09:44:22,308.85,6275328
2021-04-29 09:44:23,308.9,6276692
2021-04-29 09:44:25,308.9,6277577
2021-04-29 09:44:26,308.8,6277793
2021-04-29 09:44:26,308.9,6278208
2021-04-29 09:44:27,308.9,6278780
2021-04-29 09:44:28,308.8,6279163
2021-04-29 09:44:29,308.85,6281813
2021-04-29 09:44:30,308.8,6282745
2021-04-29 09:44:31,308.85,6283112
2021-04-29 09:44:32,308.75,6283260
2021-04-29 09:44:33,308.75,6283515
2021-04-29 09:44:35,308.85,6284293
2021-04-29 09:44:37,308.75,6286202
2021-04-29 09:44:37,308.75,6287362
2021-04-29 09:44:38,308.85,6288362
2021-04-29 09:44:39,308.8,6288684
2021-04-29 09:44:41,308.8,6289385
2021-04-29 09:44:42,308.85,6289755
2021-04-29 09:44:43,308.85,6290049
2021-04-29 09:44:44,308.7,6291209
2021-04-29 09:44:45,308.75,6291575
2021-04-29 09:44:46,308.75,6301607
2021-04-29 09:44:46,308.75,6301801
2021-04-29 09:44:47,308.75,6301870
2021-04-29 09:44:49,308.75,6301915
2021-04-29 09:44:50,308.75,6303141
2021-04-29 09:44:51,308.7,6304532
2021-04-29 09:44:51,308.75,6304533
2021-04-29 09:44:52,308.65,6316603
2021-04-29 09:44:53,308.7,6316754
2021-04-29 09:44:54,308.75,6317785
2021-04-29 09:44:55,308.65,6317857
2021-04-29 09:44:56,308.8,6322024
2021-04-29 09:44:57,308.8,6323549
2021-04-29 09:44:59,308.8,6324433
2021-04-29 09:45:00,308.6,6325166
2021-04-29 09:45:02,308.75,6327436
2021-04-29 09:45:01,308.75,6327209
2021-04-29 09:45:02,308.55,6329277
2021-04-29 09:45:03,308.75,6329797
2021-04-29 09:45:04,308.7,6329997
2021-04-29 09:45:06,308.65,6331134
2021-04-29 09:45:07,308.65,6331482
2021-04-29 09:45:08,308.6,6331580
2021-04-29 09:45:09,308.7,6333175
2021-04-29 09:45:09,308.55,6333072
2021-04-29 09:45:11,308.65,6333991
2021-04-29 09:45:12,308.55,6335140
2021-04-29 09:45:14,308.5,6340530
2021-04-29 09:45:15,308.6,6340785
2021-04-29 09:45:16,308.5,6340874
2021-04-29 09:45:17,308.55,6341889
2021-04-29 09:45:18,308.55,6345607
2021-04-29 09:45:18,308.55,6345607
2021-04-29 09:45:19,308.6,6345683
2021-04-29 09:45:20,308.55,6349588
2021-04-29 09:45:22,308.55,6352469
2021-04-29 09:45:22,308.6,6352729
2021-04-29 09:45:24,308.55,6353877
2021-04-29 09:45:25,308.55,6354039
2021-04-29 09:45:26,308.6,6354443
2021-04-29 09:45:28,308.6,6356719
2021-04-29 09:45:29,308.6,6357799
2021-04-29 09:45:30,308.6,6359672
2021-04-29 09:45:30,308.7,6359892
2021-04-29 09:45:31,308.6,6365412
2021-04-29 09:45:32,308.65,6367204
2021-04-29 09:45:33,308.75,6368779
2021-04-29 09:45:34,308.6,6370336
2021-04-29 09:45:35,308.6,6371477
2021-04-29 09:45:36,308.7,6371822
2021-04-29 09:45:37,308.6,6372405
2021-04-29 09:45:38,308.7,6372956
2021-04-29 09:45:39,308.6,6373380
2021-04-29 09:45:40,308.6,6380443
2021-04-29 09:45:42,308.5,6380886
2021-04-29 09:45:42,308.5,6380886
2021-04-29 09:45:43,308.7,6381330
2021-04-29 09:45:45,308.6,6382304
2021-04-29 09:45:45,308.7,6387096
2021-04-29 09:45:46,308.6,6390156
2021-04-29 09:45:47,308.5,6391716
2021-04-29 09:45:49,308.55,6392753
2021-04-29 09:45:50,308.6,6393173
2021-04-29 09:45:51,308.6,6393361
2021-04-29 09:45:52,309.0,6524257
2021-04-29 09:45:53,309.0,6524871
2021-04-29 09:45:53,308.85,6524922
2021-04-29 09:45:55,308.9,6525300
2021-04-29 09:45:56,308.85,6527470
2021-04-29 09:45:57,309.0,6527878
2021-04-29 09:46:00,308.8,6530404
2021-04-29 09:46:00,308.9,6529604
2021-04-29 09:46:02,308.9,6532173
2021-04-29 09:46:03,308.85,6533510
2021-04-29 09:46:04,308.85,6533712
2021-04-29 09:46:06,308.8,6534624
2021-04-29 09:46:08,308.9,6535738
2021-04-29 09:46:08,308.85,6535867
2021-04-29 09:46:10,308.9,6536531
2021-04-29 09:46:11,308.95,6546808
2021-04-29 09:46:12,308.9,6547098
2021-04-29 09:46:13,308.9,6547499
2021-04-29 09:46:14,308.9,6548080
2021-04-29 09:46:15,308.75,6548090
2021-04-29 09:46:16,308.85,6550865
2021-04-29 09:46:17,308.8,6552533
2021-04-29 09:46:18,308.7,6552637
2021-04-29 09:46:19,308.7,6553162
2021-04-29 09:46:20,308.85,6553363
2021-04-29 09:46:21,308.85,6553459
2021-04-29 09:46:22,308.9,6554965
2021-04-29 09:46:23,308.75,6555175
2021-04-29 09:46:24,308.9,6556067
2021-04-29 09:46:25,308.9,6557534
2021-04-29 09:46:26,308.85,6558034
2021-04-29 09:46:27,308.9,6558185
2021-04-29 09:46:28,308.75,6560652
2021-04-29 09:46:29,308.9,6560876
2021-04-29 09:46:30,308.8,6561249
2021-04-29 09:46:31,308.8,6561249
2021-04-29 09:46:32,308.8,6561249
2021-04-29 09:46:33,308.75,6561419
2021-04-29 09:46:34,308.75,6562447
2021-04-29 09:46:35,308.8,6564289
2021-04-29 09:46:36,308.9,6565588
2021-04-29 09:46:37,308.75,6565831
2021-04-29 09:46:38,308.7,6574544
2021-04-29 09:46:39,308.75,6574626
2021-04-29 09:46:40,308.75,6579039
2021-04-29 09:46:41,308.8,6579430
2021-04-29 09:46:42,308.8,6579559
2021-04-29 09:46:44,308.8,6581332
2021-04-29 09:46:43,308.8,6581321
2021-04-29 09:46:45,308.75,6581443
2021-04-29 09:46:46,308.7,6581830
2021-04-29 09:46:47,308.65,6582473
2021-04-29 09:46:48,308.7,6582744
2021-04-29 09:46:49,308.65,6583742
2021-04-29 09:46:50,308.55,6599857
2021-04-29 09:46:51,308.55,6600127
2021-04-29 09:46:53,308.7,6600859
2021-04-29 09:46:52,308.7,6600357
2021-04-29 09:46:54,308.65,6600860
2021-04-29 09:46:55,308.65,6601369
2021-04-29 09:46:56,308.5,6661648
2021-04-29 09:46:57,308.4,6661873
2021-04-29 09:46:58,308.4,6662352
2021-04-29 09:47:00,308.5,6662930
2021-04-29 09:46:59,308.5,6662927
2021-04-29 09:47:01,308.3,6672049
2021-04-29 09:47:02,308.4,6672429
2021-04-29 09:47:03,308.4,6672739
2021-04-29 09:47:04,308.25,6673919
2021-04-29 09:47:05,308.25,6678059
2021-04-29 09:47:06,308.2,6678124
2021-04-29 09:47:08,308.0,6690399
2021-04-29 09:47:09,307.95,6743766
2021-04-29 09:47:10,308.0,6745169
2021-04-29 09:47:11,307.9,6746826
2021-04-29 09:47:12,307.9,6747154
2021-04-29 09:47:13,307.85,6748684
2021-04-29 09:47:14,308.0,6749329
2021-04-29 09:47:15,308.0,6750434
2021-04-29 09:47:17,308.0,6752590
2021-04-29 09:47:16,307.85,6752440
2021-04-29 09:47:18,308.0,6754568
2021-04-29 09:47:19,308.0,6770265
2021-04-29 09:47:20,308.0,6771276
2021-04-29 09:47:21,307.8,6773223
2021-04-29 09:47:22,307.95,6773273
2021-04-29 09:47:23,307.9,6794042
2021-04-29 09:47:24,307.75,6795193
2021-04-29 09:47:25,307.75,6808798
2021-04-29 09:47:26,307.75,6838739
2021-04-29 09:47:27,307.75,6838739
2021-04-29 09:47:28,307.65,6846649
2021-04-29 09:47:29,307.8,6847500
2021-04-29 09:47:30,307.8,6850542
2021-04-29 09:47:31,307.8,6854555
2021-04-29 09:47:32,307.8,6854580
2021-04-29 09:47:33,307.85,6856345
2021-04-29 09:47:34,307.8,6858132
2021-04-29 09:47:35,307.65,6863002
2021-04-29 09:47:36,307.65,6864235
2021-04-29 09:47:37,307.85,6864705
2021-04-29 09:47:38,307.65,6864832
2021-04-29 09:47:39,307.8,6865829
2021-04-29 09:47:40,307.65,6867512
2021-04-29 09:47:41,307.6,6884460
2021-04-29 09:47:43,307.7,6885912
2021-04-29 09:47:42,307.7,6885912
2021-04-29 09:47:44,307.7,6886837
2021-04-29 09:47:45,307.75,6889555
2021-04-29 09:47:46,307.75,6890651
2021-04-29 09:47:47,307.65,6891785
2021-04-29 09:47:48,307.75,6892002
2021-04-29 09:47:49,307.55,6970791
2021-04-29 09:47:51,307.6,6987408
2021-04-29 09:47:53,307.35,7009142
2021-04-29 09:47:52,307.45,7008712
2021-04-29 09:47:54,307.55,7014715
2021-04-29 09:47:55,307.35,7016419
2021-04-29 09:47:56,307.35,7018602
2021-04-29 09:47:57,307.45,7023146
2021-04-29 09:47:58,307.4,7024146
2021-04-29 09:47:59,307.5,7027858
2021-04-29 09:48:00,307.35,7028412
2021-04-29 09:48:01,307.25,7058115
2021-04-29 09:48:02,307.2,7077729
2021-04-29 09:48:03,307.05,7079223
2021-04-29 09:48:04,307.15,7120524
2021-04-29 09:48:05,307.1,7122396
2021-04-29 09:48:06,307.0,7127650
2021-04-29 09:48:07,307.1,7178206
2021-04-29 09:48:08,307.0,7181256
2021-04-29 09:48:09,307.05,7181785
2021-04-29 09:48:10,307.1,7222598
2021-04-29 09:48:11,307.1,7227430
2021-04-29 09:48:12,307.05,7256266
2021-04-29 09:48:13,307.1,7257566
2021-04-29 09:48:14,307.05,7264300
2021-04-29 09:48:15,307.15,7265550
2021-04-29 09:48:16,307.1,7269363
2021-04-29 09:48:18,307.05,7272573
2021-04-29 09:48:19,307.15,7275501
2021-04-29 09:48:20,307.05,7278192
2021-04-29 09:48:21,307.15,7280191
2021-04-29 09:48:23,307.2,7288539
2021-04-29 09:48:23,307.2,7288542
2021-04-29 09:48:24,307.3,7307774
2021-04-29 09:48:25,307.4,7319283
2021-04-29 09:48:26,307.35,7323194
2021-04-29 09:48:28,307.5,7330836
2021-04-29 09:48:31,307.45,7334925
2021-04-29 09:48:31,307.5,7335137
2021-04-29 09:48:32,307.55,7336622
2021-04-29 09:48:33,307.4,7345421
2021-04-29 09:48:34,307.45,7349927
2021-04-29 09:48:36,307.4,7353812
2021-04-29 09:48:36,307.4,7353812
2021-04-29 09:48:37,307.1,7372819
2021-04-29 09:48:38,307.3,7384415
2021-04-29 09:48:39,307.3,7385426
2021-04-29 09:48:40,307.4,7385918
2021-04-29 09:48:41,307.4,7386370
2021-04-29 09:48:43,307.2,7387370
2021-04-29 09:48:43,307.2,7387370
2021-04-29 09:48:44,307.35,7388743
2021-04-29 09:48:45,307.05,7397642
2021-04-29 09:48:46,307.2,7397911
2021-04-29 09:48:47,307.2,7398510
2021-04-29 09:48:49,307.1,7398954
2021-04-29 09:48:49,307.1,7399055
2021-04-29 09:48:50,307.2,7400884
2021-04-29 09:48:51,307.1,7408669
2021-04-29 09:48:52,306.85,7464718
2021-04-29 09:48:54,306.9,7467283
2021-04-29 09:48:54,306.9,7467488
2021-04-29 09:48:55,306.9,7471403
2021-04-29 09:48:56,306.75,7474724
2021-04-29 09:48:57,306.95,7483698
2021-04-29 09:48:59,307.0,7484658
2021-04-29 09:48:59,307.0,7484709
2021-04-29 09:49:00,306.9,7489779
2021-04-29 09:49:01,306.85,7493167
2021-04-29 09:49:02,307.0,7495627
2021-04-29 09:49:03,307.0,7496470
2021-04-29 09:49:05,306.8,7513200
2021-04-29 09:49:05,306.85,7514564
2021-04-29 09:49:06,306.9,7516565
2021-04-29 09:49:07,307.0,7521129
2021-04-29 09:49:08,306.85,7522429
2021-04-29 09:49:09,306.85,7524494
2021-04-29 09:49:11,307.0,7532841
2021-04-29 09:49:11,306.9,7540692
2021-04-29 09:49:12,306.95,7543049
2021-04-29 09:49:13,307.0,7546695
2021-04-29 09:49:14,306.9,7546947
2021-04-29 09:49:16,306.9,7547785
2021-04-29 09:49:16,306.85,7553237
2021-04-29 09:49:17,306.85,7554017
2021-04-29 09:49:18,306.85,7555612
2021-04-29 09:49:19,306.85,7556855
2021-04-29 09:49:21,306.8,7559278
2021-04-29 09:49:21,306.9,7559678
2021-04-29 09:49:22,306.9,7562518
2021-04-29 09:49:23,306.85,7567595
2021-04-29 09:49:24,306.8,7574049
2021-04-29 09:49:26,306.9,7574531
2021-04-29 09:49:26,306.85,7575431
2021-04-29 09:49:27,306.9,7578472
2021-04-29 09:49:28,306.9,7579294
2021-04-29 09:49:29,306.9,7581851
2021-04-29 09:49:31,306.9,7582485
2021-04-29 09:49:32,306.9,7590905
2021-04-29 09:49:32,306.8,7593415
2021-04-29 09:49:33,306.85,7593690
2021-04-29 09:49:34,306.85,7597694
2021-04-29 09:49:35,306.8,7601181
2021-04-29 09:49:37,306.9,7603759
2021-04-29 09:49:37,306.9,7603759
2021-04-29 09:49:38,306.8,7614548
2021-04-29 09:49:39,306.85,7617505
2021-04-29 09:49:40,306.95,7619977
2021-04-29 09:49:42,306.9,7620730
2021-04-29 09:49:42,306.9,7621080
2021-04-29 09:49:43,307.0,7622040
2021-04-29 09:49:44,306.9,7623202
2021-04-29 09:49:45,306.9,7625161
2021-04-29 09:49:47,307.0,7626373
2021-04-29 09:49:47,306.9,7627393
2021-04-29 09:49:48,307.0,7628331
2021-04-29 09:49:49,306.9,7632460
2021-04-29 09:49:50,306.9,7633459
2021-04-29 09:49:52,307.0,7634065
2021-04-29 09:49:52,306.95,7634078
2021-04-29 09:49:53,306.9,7634373
2021-04-29 09:49:56,306.85,7647125
2021-04-29 09:49:58,306.9,7648798
2021-04-29 09:49:58,306.9,7649343
2021-04-29 09:49:59,306.85,7649693
2021-04-29 09:50:00,306.9,7650662
2021-04-29 09:50:01,306.8,7655086
2021-04-29 09:50:02,306.8,7656876
2021-04-29 09:50:04,306.9,7664700
2021-04-29 09:50:04,306.9,7664700
2021-04-29 09:50:05,306.8,7666085
2021-04-29 09:50:06,306.85,7674558
2021-04-29 09:50:07,306.85,7674972
2021-04-29 09:50:09,306.85,7678559
2021-04-29 09:50:09,306.9,7678784
2021-04-29 09:50:10,306.95,7694389
2021-04-29 09:50:11,306.9,7694790
2021-04-29 09:50:12,306.95,7700066
2021-04-29 09:50:13,306.95,7719984
2021-04-29 09:50:14,307.05,7720645
2021-04-29 09:50:16,306.9,7723670
2021-04-29 09:50:17,306.75,7764608
2021-04-29 09:50:17,306.75,7764608
2021-04-29 09:50:18,306.8,7764817
2021-04-29 09:50:19,306.8,7768634
2021-04-29 09:50:20,306.8,7771009
2021-04-29 09:50:22,306.7,7794538
2021-04-29 09:50:22,306.7,7794738
2021-04-29 09:50:23,306.7,7795577
2021-04-29 09:50:24,306.65,7801513
2021-04-29 09:50:26,306.65,7802390
2021-04-29 09:50:27,306.55,7805088
2021-04-29 09:50:27,306.65,7805113
2021-04-29 09:50:28,306.6,7805499
2021-04-29 09:50:32,306.55,7810801
2021-04-29 09:50:32,306.55,7811201
2021-04-29 09:50:33,306.65,7813112
2021-04-29 09:50:35,306.7,7815917
2021-04-29 09:50:37,306.6,7817406
2021-04-29 09:50:38,306.7,7819328
2021-04-29 09:50:39,306.55,7820512
2021-04-29 09:50:39,306.7,7820912
2021-04-29 09:50:40,306.65,7823801
2021-04-29 09:50:41,306.55,7826779
2021-04-29 09:50:42,306.55,7827528
2021-04-29 09:50:43,306.65,7831619
2021-04-29 09:50:44,306.65,7833979
2021-04-29 09:50:46,306.65,7834683
2021-04-29 09:50:47,306.55,7836899
2021-04-29 09:50:47,306.7,7837149
2021-04-29 09:50:48,306.55,7838632
2021-04-29 09:50:51,306.6,7840408
2021-04-29 09:50:52,306.55,7841193
2021-04-29 09:50:52,306.55,7841193
2021-04-29 09:50:53,306.6,7843317
2021-04-29 09:50:54,306.6,7844151
2021-04-29 09:50:57,306.55,7847073
2021-04-29 09:50:57,306.55,7847073
2021-04-29 09:50:58,306.55,7854997
2021-04-29 09:50:59,306.55,7855933
2021-04-29 09:51:00,306.65,7856794
2021-04-29 09:51:02,306.65,7857004
2021-04-29 09:51:03,306.55,7860375
2021-04-29 09:51:04,306.55,7861207
2021-04-29 09:51:04,306.55,7861207
2021-04-29 09:51:05,306.65,7862865
2021-04-29 09:51:06,306.65,7863255
2021-04-29 09:51:08,306.55,7879500
2021-04-29 09:51:09,306.55,7880656
2021-04-29 09:51:09,306.55,7880656
2021-04-29 09:51:10,306.2,8006169
2021-04-29 09:51:11,306.25,8010690
2021-04-29 09:51:13,306.3,8011210
2021-04-29 09:51:14,306.2,8012520
2021-04-29 09:51:14,306.35,8012620
2021-04-29 09:51:15,306.15,8014254
2021-04-29 09:51:16,306.35,8015111
2021-04-29 09:51:18,306.4,8023521
2021-04-29 09:51:19,306.35,8025622
2021-04-29 09:51:20,306.35,8029548
2021-04-29 09:51:21,306.4,8031908
2021-04-29 09:51:22,306.4,8033120
2021-04-29 09:51:23,306.55,8039301
2021-04-29 09:51:24,306.4,8040142
2021-04-29 09:51:25,306.35,8043779
2021-04-29 09:51:26,306.4,8044835
2021-04-29 09:51:27,306.25,8058101
2021-04-29 09:51:28,306.2,8059398
2021-04-29 09:51:29,306.2,8062217
2021-04-29 09:51:30,306.2,8063337
2021-04-29 09:51:31,306.35,8063423
2021-04-29 09:51:33,306.2,8064736
2021-04-29 09:51:34,306.15,8066712
2021-04-29 09:51:35,306.2,8068002
2021-04-29 09:51:36,306.25,8068760
2021-04-29 09:51:37,306.25,8069721
2021-04-29 09:51:38,306.25,8072602
2021-04-29 09:51:39,306.25,8074414
2021-04-29 09:51:40,306.15,8075494
2021-04-29 09:51:41,306.3,8078084
2021-04-29 09:51:42,306.25,8082085
2021-04-29 09:51:43,306.3,8082400
2021-04-29 09:51:44,306.4,8109666
2021-04-29 09:51:45,306.35,8111426
2021-04-29 09:51:46,306.4,8118640
2021-04-29 09:51:47,306.35,8120135
2021-04-29 09:51:48,306.25,8120298
2021-04-29 09:51:49,306.3,8120810
2021-04-29 09:51:50,306.2,8121567
2021-04-29 09:51:51,306.2,8122966
2021-04-29 09:51:52,306.3,8126582
2021-04-29 09:51:53,306.25,8129360
2021-04-29 09:51:54,306.3,8133335
2021-04-29 09:51:56,306.3,8133683
2021-04-29 09:51:56,306.3,8135417
2021-04-29 09:51:58,306.25,8139014
2021-04-29 09:51:59,306.3,8140291
2021-04-29 09:52:00,306.25,8142089
2021-04-29 09:52:00,306.3,8143298
2021-04-29 09:52:01,306.25,8146240
2021-04-29 09:52:03,306.2,8148819
2021-04-29 09:52:04,306.3,8151002
2021-04-29 09:52:05,306.35,8162180
2021-04-29 09:52:06,306.25,8164592
2021-04-29 09:52:07,306.3,8164944
2021-04-29 09:52:08,306.3,8168939
2021-04-29 09:52:09,306.3,8169556
2021-04-29 09:52:11,306.35,8185149
2021-04-29 09:52:11,306.35,8185211
2021-04-29 09:52:12,306.35,8187350
2021-04-29 09:52:13,306.4,8187928
2021-04-29 09:52:15,306.5,8193037
2021-04-29 09:52:16,306.4,8194381
2021-04-29 09:52:17,306.5,8195720
2021-04-29 09:52:18,306.5,8196086
2021-04-29 09:52:19,306.55,8197588
2021-04-29 09:52:20,306.5,8200081
2021-04-29 09:52:21,306.4,8210801
2021-04-29 09:52:23,306.5,8211073
2021-04-29 09:52:24,306.45,8212656
2021-04-29 09:52:25,306.3,8214153
2021-04-29 09:52:26,306.3,8216104
2021-04-29 09:52:27,306.45,8217129
2021-04-29 09:52:28,306.5,8217816
2021-04-29 09:52:29,306.4,8217930
2021-04-29 09:52:30,306.2,8261321
2021-04-29 09:52:31,306.3,8264622
2021-04-29 09:52:31,306.3,8264111
2021-04-29 09:52:33,306.05,8402139
2021-04-29 09:52:34,306.05,8403220
2021-04-29 09:52:35,305.95,8462260
2021-04-29 09:52:36,306.0,8487829
2021-04-29 09:52:37,306.1,8488884
2021-04-29 09:52:37,306.05,8488944
2021-04-29 09:52:38,306.05,8523821
2021-04-29 09:52:39,306.0,8524214
2021-04-29 09:52:40,306.05,8529523
2021-04-29 09:52:41,306.1,8532999
2021-04-29 09:52:42,305.85,8546976
2021-04-29 09:52:43,306.05,8548465
2021-04-29 09:52:44,306.15,8570104
2021-04-29 09:52:45,306.3,8574740
2021-04-29 09:52:46,306.15,8576856
2021-04-29 09:52:47,306.15,8578430
2021-04-29 09:52:48,306.1,8585495
2021-04-29 09:52:49,306.15,8588345
2021-04-29 09:52:50,306.15,8591765
2021-04-29 09:52:51,306.2,8596333
2021-04-29 09:52:52,306.4,8597863
2021-04-29 09:52:53,306.25,8599278
2021-04-29 09:52:54,306.3,8603406
2021-04-29 09:52:55,306.45,8611324
2021-04-29 09:52:56,306.6,8618591
2021-04-29 09:52:57,306.6,8622287
2021-04-29 09:52:58,306.8,8623349
2021-04-29 09:52:59,306.8,8625632
2021-04-29 09:53:00,306.65,8625902
2021-04-29 09:53:01,306.55,8627201
2021-04-29 09:53:02,306.7,8627551
2021-04-29 09:53:03,306.55,8631865
2021-04-29 09:53:04,306.55,8631949
2021-04-29 09:53:05,306.45,8638804
2021-04-29 09:53:06,306.3,8639368
2021-04-29 09:53:07,306.45,8640220
2021-04-29 09:53:08,306.4,8641824
2021-04-29 09:53:09,306.45,8648213
2021-04-29 09:53:10,306.45,8650105
2021-04-29 09:53:11,306.4,8651958
2021-04-29 09:53:12,306.35,8653628
2021-04-29 09:53:13,306.35,8653834
2021-04-29 09:53:14,306.45,8654598
2021-04-29 09:53:15,306.3,8655067
2021-04-29 09:53:17,306.45,8657134
2021-04-29 09:53:18,306.45,8658149
2021-04-29 09:53:19,306.3,8658171
2021-04-29 09:53:20,306.35,8658384
2021-04-29 09:53:21,306.4,8665411
2021-04-29 09:53:21,306.35,8665401
2021-04-29 09:53:22,306.3,8666423
2021-04-29 09:53:23,306.45,8667035
2021-04-29 09:53:24,306.45,8667051
2021-04-29 09:53:26,306.4,8668638
2021-04-29 09:53:26,306.25,8675199
2021-04-29 09:53:28,306.4,8676409
2021-04-29 09:53:29,306.3,8677435
2021-04-29 09:53:30,306.35,8683785
2021-04-29 09:53:31,306.35,8684365
2021-04-29 09:53:32,306.25,8684650
2021-04-29 09:53:33,306.25,8685358
2021-04-29 09:53:33,306.25,8685358
2021-04-29 09:53:34,306.35,8685759
2021-04-29 09:53:35,306.3,8686727
2021-04-29 09:53:36,306.4,8691897
2021-04-29 09:53:37,306.35,8693718
2021-04-29 09:53:38,306.4,8694009
2021-04-29 09:53:39,306.3,8700531
2021-04-29 09:53:40,306.4,8702159
2021-04-29 09:53:42,306.4,8703264
2021-04-29 09:53:43,306.3,8703574
2021-04-29 09:53:44,306.4,8704805
2021-04-29 09:53:45,306.3,8705229
2021-04-29 09:53:48,306.4,8707748
2021-04-29 09:53:49,306.35,8708295
2021-04-29 09:53:50,306.4,8711641
2021-04-29 09:53:51,306.4,8711706
2021-04-29 09:53:52,306.45,8713756
2021-04-29 09:53:53,306.4,8714407
2021-04-29 09:53:54,306.5,8715912
2021-04-29 09:53:55,306.45,8715993
2021-04-29 09:53:56,306.5,8716444
2021-04-29 09:53:57,306.4,8716815
2021-04-29 09:53:58,306.5,8716925
2021-04-29 09:53:59,306.5,8717161
2021-04-29 09:54:02,306.45,8718568
2021-04-29 09:54:03,306.45,8719904
2021-04-29 09:54:04,306.5,8721031
2021-04-29 09:54:05,306.45,8721083
2021-04-29 09:54:06,306.45,8721184
2021-04-29 09:54:07,306.35,8722387
2021-04-29 09:54:08,306.35,8722903
2021-04-29 09:54:09,306.45,8723535
2021-04-29 09:54:10,306.4,8724498
2021-04-29 09:54:10,306.4,8724248
2021-04-29 09:54:11,306.35,8724707
2021-04-29 09:54:12,306.4,8725512
2021-04-29 09:54:13,306.4,8726727
2021-04-29 09:54:15,306.25,8739973
2021-04-29 09:54:15,306.4,8741048
2021-04-29 09:54:16,306.4,8741273
2021-04-29 09:54:17,306.4,8741635
2021-04-29 09:54:18,306.4,8741665
2021-04-29 09:54:19,306.5,8767039
2021-04-29 09:54:20,306.35,8767357
2021-04-29 09:54:21,306.35,8769027
2021-04-29 09:54:22,306.45,8771412
2021-04-29 09:54:24,306.4,8771450
2021-04-29 09:54:24,306.4,8773163
2021-04-29 09:54:25,306.35,8781761
2021-04-29 09:54:26,306.35,8782454
2021-04-29 09:54:27,306.35,8783065
2021-04-29 09:54:28,306.35,8784569
2021-04-29 09:54:29,306.35,8786269
2021-04-29 09:54:30,306.2,8787095
2021-04-29 09:54:31,306.3,8787966
2021-04-29 09:54:33,306.15,8789041
2021-04-29 09:54:34,306.2,8789354
2021-04-29 09:54:35,306.3,8789475
2021-04-29 09:54:36,306.2,8789610
2021-04-29 09:54:37,306.3,8790201
2021-04-29 09:54:38,306.2,8792618
2021-04-29 09:54:39,306.25,8794330
2021-04-29 09:54:40,306.4,8794417
2021-04-29 09:54:41,306.35,8794712
2021-04-29 09:54:41,306.3,8795912
2021-04-29 09:54:42,306.4,8797115
2021-04-29 09:54:45,306.3,8801150
2021-04-29 09:54:47,306.2,8802031
2021-04-29 09:54:49,306.2,8806177
2021-04-29 09:54:50,306.25,8806651
2021-04-29 09:54:51,306.2,8813282
2021-04-29 09:54:52,306.2,8813673
2021-04-29 09:54:52,306.3,8813718
2021-04-29 09:54:54,306.25,8819229
2021-04-29 09:54:55,306.25,8819551
2021-04-29 09:54:55,306.2,8819849
2021-04-29 09:54:56,306.1,8821437
2021-04-29 09:54:57,306.25,8824420
2021-04-29 09:54:59,306.2,8825850
2021-04-29 09:54:59,306.2,8827209
2021-04-29 09:55:00,306.1,8827452
2021-04-29 09:55:01,306.05,8834470
2021-04-29 09:55:03,306.1,8838120
2021-04-29 09:55:04,306.0,8839877
2021-04-29 09:55:05,306.15,8843109
2021-04-29 09:55:06,306.05,8843532
2021-04-29 09:55:07,306.2,8845042
2021-04-29 09:55:07,306.2,8845192
2021-04-29 09:55:09,306.0,8846679
2021-04-29 09:55:10,305.8,8909516
2021-04-29 09:55:13,306.1,8925505
2021-04-29 09:55:14,306.2,8942993
2021-04-29 09:55:14,306.05,8943053
2021-04-29 09:55:16,306.0,8945440
2021-04-29 09:55:17,305.95,8945636
2021-04-29 09:55:17,305.95,8945636
2021-04-29 09:55:18,306.15,8947249
2021-04-29 09:55:20,305.9,8947558
2021-04-29 09:55:20,306.0,8947769
2021-04-29 09:55:22,306.1,8950193
2021-04-29 09:55:23,306.0,8951045
2021-04-29 09:55:25,305.9,8954135
2021-04-29 09:55:26,306.0,8959996
2021-04-29 09:55:27,305.95,8961717
2021-04-29 09:55:28,306.0,8961957
2021-04-29 09:55:29,305.95,8963491
2021-04-29 09:55:30,306.0,8964242
2021-04-29 09:55:30,306.05,8964788
2021-04-29 09:55:32,306.0,8967259
2021-04-29 09:55:33,305.9,8967413
2021-04-29 09:55:34,306.0,8968981
2021-04-29 09:55:35,306.0,8969485
2021-04-29 09:55:36,306.0,8970175
2021-04-29 09:55:37,305.9,8970557
2021-04-29 09:55:38,305.9,8971612
2021-04-29 09:55:39,306.0,8973090
2021-04-29 09:55:40,305.85,8974336
2021-04-29 09:55:41,305.95,8974511
2021-04-29 09:55:42,305.9,8975863
2021-04-29 09:55:43,305.95,8978345
2021-04-29 09:55:45,305.85,8987719
2021-04-29 09:55:46,305.8,9000590
2021-04-29 09:55:46,305.8,9000711
2021-04-29 09:55:47,306.0,9003317
2021-04-29 09:55:49,305.95,9007179
2021-04-29 09:55:50,305.85,9008060
2021-04-29 09:55:50,305.8,9026810
2021-04-29 09:55:51,305.7,9030089
2021-04-29 09:55:52,305.65,9032896
2021-04-29 09:55:54,305.8,9035142
2021-04-29 09:55:55,305.8,9036545
2021-04-29 09:55:55,305.75,9038795
2021-04-29 09:55:56,305.65,9040769
2021-04-29 09:55:58,305.65,9044559
2021-04-29 09:55:59,305.55,9044944
2021-04-29 09:56:00,305.55,9049260
2021-04-29 09:56:01,305.55,9050170
2021-04-29 09:56:02,305.65,9060148
2021-04-29 09:56:03,305.55,9061010
2021-04-29 09:56:04,305.6,9067029
2021-04-29 09:56:05,305.6,9068272
2021-04-29 09:56:06,305.5,9070323
2021-04-29 09:56:07,305.5,9071367
2021-04-29 09:56:08,305.55,9073260
2021-04-29 09:56:09,305.5,9076025
2021-04-29 09:56:10,305.5,9077312
2021-04-29 09:56:11,305.4,9103538
2021-04-29 09:56:11,305.45,9102099
2021-04-29 09:56:12,305.55,9108978
2021-04-29 09:56:14,305.6,9114478
2021-04-29 09:56:14,305.75,9119464
2021-04-29 09:56:15,305.65,9120752
2021-04-29 09:56:17,305.75,9129155
2021-04-29 09:56:17,305.8,9131261
2021-04-29 09:56:19,305.75,9134985
2021-04-29 09:56:19,305.85,9137142
2021-04-29 09:56:20,305.75,9137862
2021-04-29 09:56:22,305.8,9139342
2021-04-29 09:56:22,305.75,9139959
2021-04-29 09:56:24,305.6,9143499
2021-04-29 09:56:25,305.45,9148079
2021-04-29 09:56:26,305.45,9149200
2021-04-29 09:56:27,305.45,9150740
2021-04-29 09:56:28,305.5,9153447
2021-04-29 09:56:29,305.4,9154243
2021-04-29 09:56:30,305.5,9154307
2021-04-29 09:56:31,305.55,9167832
2021-04-29 09:56:32,305.4,9168205
2021-04-29 09:56:33,305.4,9168725
2021-04-29 09:56:34,305.45,9174750
2021-04-29 09:56:35,305.55,9179071
2021-04-29 09:56:36,305.5,9180374
2021-04-29 09:56:37,305.55,9184431
2021-04-29 09:56:38,305.55,9184771
2021-04-29 09:56:39,305.55,9185960
2021-04-29 09:56:40,305.55,9187985
2021-04-29 09:56:41,305.55,9189829
2021-04-29 09:56:42,305.5,9199355
2021-04-29 09:56:43,305.5,9199956
2021-04-29 09:56:44,305.45,9206325
2021-04-29 09:56:45,305.5,9221066
2021-04-29 09:56:46,305.4,9221940
2021-04-29 09:56:47,305.5,9222752
2021-04-29 09:56:48,305.3,9223971
2021-04-29 09:56:49,305.4,9224667
2021-04-29 09:56:51,305.4,9229002
2021-04-29 09:56:52,305.25,9241485
2021-04-29 09:56:53,305.4,9242205
2021-04-29 09:56:54,305.45,9243411
2021-04-29 09:56:55,305.3,9243884
2021-04-29 09:56:56,305.25,9244975
2021-04-29 09:56:57,305.3,9248269
2021-04-29 09:56:58,305.2,9249041
2021-04-29 09:56:59,305.15,9257821
2021-04-29 09:57:00,305.1,9259482
2021-04-29 09:57:02,304.8,9361899
2021-04-29 09:57:03,304.95,9365213
2021-04-29 09:57:04,304.95,9366484
2021-04-29 09:57:05,305.1,9373922
2021-04-29 09:57:06,304.9,9375248
2021-04-29 09:57:07,304.95,9381403
2021-04-29 09:57:08,304.9,9388558
2021-04-29 09:57:09,304.85,9392706
2021-04-29 09:57:10,304.8,9405811
2021-04-29 09:57:11,304.7,9413159
2021-04-29 09:57:12,304.7,9415055
2021-04-29 09:57:13,304.65,9424552
2021-04-29 09:57:15,304.9,9450689
2021-04-29 09:57:16,305.0,9457074
2021-04-29 09:57:17,305.1,9464237
2021-04-29 09:57:18,305.1,9466135
2021-04-29 09:57:19,305.3,9482726
2021-04-29 09:57:21,305.15,9491468
2021-04-29 09:57:22,305.3,9498407
2021-04-29 09:57:23,305.4,9504714
2021-04-29 09:57:24,305.2,9506025
2021-04-29 09:57:25,305.4,9512578
2021-04-29 09:57:26,305.4,9512819
2021-04-29 09:57:27,305.2,9513136
2021-04-29 09:57:28,305.3,9520139
2021-04-29 09:57:30,305.45,9522587
2021-04-29 09:57:29,305.3,9522467
2021-04-29 09:57:31,305.4,9526719
2021-04-29 09:57:32,305.4,9529636
2021-04-29 09:57:33,305.4,9530646
2021-04-29 09:57:34,305.2,9531419
2021-04-29 09:57:35,305.2,9533082
2021-04-29 09:57:36,305.35,9534199
2021-04-29 09:57:37,305.4,9560695
2021-04-29 09:57:38,305.4,9563891
2021-04-29 09:57:39,305.5,9573518
2021-04-29 09:57:40,305.5,9575250
2021-04-29 09:57:41,305.35,9581042
2021-04-29 09:57:42,305.4,9591628
2021-04-29 09:57:43,305.5,9595206
2021-04-29 09:57:44,305.5,9597714
2021-04-29 09:57:45,305.5,9599358
2021-04-29 09:57:46,305.35,9600302
2021-04-29 09:57:47,305.4,9603389
2021-04-29 09:57:48,305.4,9604527
2021-04-29 09:57:49,305.35,9605507
2021-04-29 09:57:50,305.5,9612827
2021-04-29 09:57:51,305.5,9616631
2021-04-29 09:57:52,305.45,9617691
2021-04-29 09:57:53,305.45,9618651
2021-04-29 09:57:54,305.45,9619855
2021-04-29 09:57:55,305.5,9622911
2021-04-29 09:57:56,305.45,9624808
2021-04-29 09:57:57,305.45,9627907
2021-04-29 09:57:58,305.7,9646221
2021-04-29 09:57:59,305.65,9648751
2021-04-29 09:58:00,305.55,9650362
2021-04-29 09:58:01,305.6,9661616
2021-04-29 09:58:02,305.65,9662059
2021-04-29 09:58:03,305.55,9663000
2021-04-29 09:58:04,305.65,9663305
2021-04-29 09:58:05,305.5,9665865
2021-04-29 09:58:06,305.55,9667616
2021-04-29 09:58:07,305.7,9669359
2021-04-29 09:58:08,305.65,9669721
2021-04-29 09:58:09,305.65,9670619
2021-04-29 09:58:10,305.8,9677186
2021-04-29 09:58:11,305.65,9678344
2021-04-29 09:58:12,305.75,9678705
2021-04-29 09:58:13,305.6,9679256
2021-04-29 09:58:14,305.6,9680015
2021-04-29 09:58:15,305.5,9680655
2021-04-29 09:58:16,305.6,9680794
2021-04-29 09:58:17,305.6,9682129
2021-04-29 09:58:18,305.65,9683784
2021-04-29 09:58:19,305.6,9684178
2021-04-29 09:58:20,305.5,9686939
2021-04-29 09:58:21,305.5,9691417
2021-04-29 09:58:22,305.5,9692128
2021-04-29 09:58:23,305.5,9694133
2021-04-29 09:58:24,305.5,9695034
2021-04-29 09:58:25,305.6,9695395
2021-04-29 09:58:26,305.8,9699189
2021-04-29 09:58:27,305.7,9700172
2021-04-29 09:58:28,305.7,9703832
2021-04-29 09:58:29,305.8,9705444
2021-04-29 09:58:30,305.9,9706602
2021-04-29 09:58:31,305.95,9734011
2021-04-29 09:58:32,305.95,9734463
2021-04-29 09:58:33,305.9,9741009
2021-04-29 09:58:34,305.9,9741709
2021-04-29 09:58:35,305.85,9742349
2021-04-29 09:58:36,305.7,9743809
2021-04-29 09:58:37,305.85,9743974
2021-04-29 09:58:38,305.7,9743989
2021-04-29 09:58:39,305.65,9744390
2021-04-29 09:58:40,305.8,9744761
2021-04-29 09:58:41,305.65,9745189
2021-04-29 09:58:42,305.55,9745895
2021-04-29 09:58:43,305.5,9747881
2021-04-29 09:58:44,305.55,9748211
2021-04-29 09:58:45,305.7,9751059
2021-04-29 09:58:46,305.55,9751855
2021-04-29 09:58:47,305.65,9752575
2021-04-29 09:58:48,305.5,9754455
2021-04-29 09:58:49,305.6,9756030
2021-04-29 09:58:50,305.6,9756050
2021-04-29 09:58:51,305.55,9756710
2021-04-29 09:58:52,305.55,9757878
2021-04-29 09:58:53,305.65,9759045
2021-04-29 09:58:54,305.5,9759194
2021-04-29 09:58:55,305.6,9760525
2021-04-29 09:58:56,305.5,9767967
2021-04-29 09:58:57,305.65,9768632
2021-04-29 09:58:58,305.55,9769144
2021-04-29 09:58:59,305.7,9779461
2021-04-29 09:59:00,305.55,9780344
2021-04-29 09:59:01,305.6,9781867
2021-04-29 09:59:02,305.5,9808339
2021-04-29 09:59:03,305.45,9810425
2021-04-29 09:59:04,305.3,9818664
2021-04-29 09:59:05,305.3,9818846
2021-04-29 09:59:07,305.3,9825549
2021-04-29 09:59:08,305.25,9826319
2021-04-29 09:59:09,305.35,9828019
2021-04-29 09:59:10,305.25,9828994
2021-04-29 09:59:11,305.25,9829067
2021-04-29 09:59:12,305.2,9829371
2021-04-29 09:59:13,305.25,9830115
2021-04-29 09:59:14,305.25,9830454
2021-04-29 09:59:15,305.25,9831066
2021-04-29 09:59:16,305.25,9831404
2021-04-29 09:59:17,305.2,9832616
2021-04-29 09:59:18,305.2,9833050
2021-04-29 09:59:19,305.25,9834164
2021-04-29 09:59:19,305.25,9834239
2021-04-29 09:59:20,305.25,9834345
2021-04-29 09:59:21,305.15,9835100
2021-04-29 09:59:22,305.25,9840601
2021-04-29 09:59:24,305.3,9849206
2021-04-29 09:59:25,305.25,9850950
2021-04-29 09:59:25,305.1,9851110
2021-04-29 09:59:26,305.25,9851798
2021-04-29 09:59:27,305.2,9852975
2021-04-29 09:59:28,305.1,9853395
2021-04-29 09:59:29,305.05,9855077
2021-04-29 09:59:30,305.05,9856018
2021-04-29 09:59:32,305.05,9860837
2021-04-29 09:59:34,305.1,9871806
2021-04-29 09:59:36,305.25,9887858
2021-04-29 09:59:37,305.15,9890025
2021-04-29 09:59:39,305.1,9894166
2021-04-29 09:59:40,305.25,9894871
2021-04-29 09:59:41,305.1,9895283
2021-04-29 09:59:42,305.2,9895700
2021-04-29 09:59:43,305.1,9896440
2021-04-29 09:59:44,305.15,9897449
2021-04-29 09:59:45,305.1,9898609
2021-04-29 09:59:46,305.15,9898756
2021-04-29 09:59:47,305.2,9900994
2021-04-29 09:59:47,305.2,9900994
2021-04-29 09:59:49,305.3,9903414
2021-04-29 09:59:50,305.15,9906214
2021-04-29 09:59:51,305.2,9908222
2021-04-29 09:59:52,305.3,9909063
2021-04-29 09:59:53,305.35,9911326
2021-04-29 09:59:54,305.5,9911567
2021-04-29 09:59:55,305.35,9914198
2021-04-29 09:59:56,305.5,9926736
2021-04-29 09:59:56,305.35,9926704
2021-04-29 09:59:58,305.35,9927877
2021-04-29 09:59:59,305.35,9928177
2021-04-29 10:00:00,305.3,9928827
2021-04-29 10:00:01,305.5,9930440
2021-04-29 10:00:02,305.3,9931468
2021-04-29 10:00:03,305.45,9932897
2021-04-29 10:00:04,305.3,9934249
2021-04-29 10:00:05,305.15,9938506
2021-04-29 10:00:06,305.25,9940851
2021-04-29 10:00:07,305.1,9941854
2021-04-29 10:00:08,305.2,9943105
2021-04-29 10:00:09,305.15,9958304
2021-04-29 10:00:10,305.2,9958569
2021-04-29 10:00:12,305.2,9963169
2021-04-29 10:00:14,305.05,9977577
2021-04-29 10:00:15,305.0,9978136
2021-04-29 10:00:16,305.0,9978711
2021-04-29 10:00:18,305.0,9984798
2021-04-29 10:00:19,305.1,9985955
2021-04-29 10:00:20,305.1,9986556
2021-04-29 10:00:21,305.0,9987485
2021-04-29 10:00:22,305.15,9989144
2021-04-29 10:00:23,305.15,9989274
2021-04-29 10:00:24,304.75,10033620
2021-04-29 10:00:25,304.7,10040563
2021-04-29 10:00:26,304.8,10044461
2021-04-29 10:00:27,304.65,10046325
2021-04-29 10:00:28,304.65,10050229
2021-04-29 10:00:29,304.75,10050422
2021-04-29 10:00:30,304.75,10055641
2021-04-29 10:00:31,305.0,10056283
2021-04-29 10:00:32,305.0,10060625
2021-04-29 10:00:33,304.75,10070454
2021-04-29 10:00:34,304.8,10073640
2021-04-29 10:00:35,304.75,10074952
2021-04-29 10:00:36,304.65,10080515
2021-04-29 10:00:37,304.75,10084102
2021-04-29 10:00:38,304.65,10090028
2021-04-29 10:00:39,304.75,10091181
2021-04-29 10:00:40,304.7,10096796
2021-04-29 10:00:41,304.65,10097421
2021-04-29 10:00:43,304.75,10100581
2021-04-29 10:00:44,304.65,10107529
2021-04-29 10:00:45,304.7,10109351
2021-04-29 10:00:46,304.75,10117654
2021-04-29 10:00:47,304.65,10120142
2021-04-29 10:00:48,304.75,10123435
2021-04-29 10:00:49,304.75,10126322
2021-04-29 10:00:50,304.75,10131257
2021-04-29 10:00:51,304.95,10133939
2021-04-29 10:00:52,304.95,10163586
2021-04-29 10:00:53,304.9,10165536
2021-04-29 10:00:54,304.9,10167833
2021-04-29 10:00:55,304.85,10169280
2021-04-29 10:00:56,304.85,10170288
2021-04-29 10:00:57,304.85,10171856
2021-04-29 10:00:58,304.7,10175665
2021-04-29 10:00:59,304.75,10176973
2021-04-29 10:01:00,304.95,10180435
2021-04-29 10:01:01,304.95,10181920
2021-04-29 10:01:02,304.95,10184491
2021-04-29 10:01:03,304.75,10188788
2021-04-29 10:01:04,304.95,10196061
2021-04-29 10:01:05,305.0,10210825
2021-04-29 10:01:06,305.0,10218407
2021-04-29 10:01:07,305.0,10219479
2021-04-29 10:01:08,305.0,10222395
2021-04-29 10:01:09,305.0,10226544
2021-04-29 10:01:10,304.9,10234949
2021-04-29 10:01:11,305.05,10235831
2021-04-29 10:01:12,305.0,10237932
2021-04-29 10:01:13,304.95,10238424
2021-04-29 10:01:14,305.15,10239983
2021-04-29 10:01:16,305.0,10242935
2021-04-29 10:01:17,305.1,10250246
2021-04-29 10:01:18,305.0,10250898
2021-04-29 10:01:19,305.1,10254040
2021-04-29 10:01:21,305.0,10257924
2021-04-29 10:01:22,305.1,10260089
2021-04-29 10:01:23,304.95,10263085
2021-04-29 10:01:24,305.0,10263654
2021-04-29 10:01:24,305.05,10264004
2021-04-29 10:01:25,305.0,10267263
2021-04-29 10:01:26,305.15,10270073
2021-04-29 10:01:27,304.95,10280177
2021-04-29 10:01:28,305.0,10280731
2021-04-29 10:01:30,304.95,10287839
2021-04-29 10:01:31,305.05,10289066
2021-04-29 10:01:32,304.9,10289609
2021-04-29 10:01:33,304.95,10290817
2021-04-29 10:01:34,304.95,10292151
2021-04-29 10:01:35,304.95,10296387
2021-04-29 10:01:36,305.05,10296898
2021-04-29 10:01:38,304.85,10302091
2021-04-29 10:01:39,304.9,10306173
2021-04-29 10:01:39,304.95,10306153
2021-04-29 10:01:40,304.8,10309004
2021-04-29 10:01:41,304.9,10310017
2021-04-29 10:01:42,304.8,10311174
2021-04-29 10:01:44,304.65,10343940
2021-04-29 10:01:45,304.75,10344694
2021-04-29 10:01:46,304.8,10346676
2021-04-29 10:01:47,304.95,10347794
2021-04-29 10:01:47,304.95,10347794
2021-04-29 10:01:48,305.0,10350460
2021-04-29 10:01:49,304.85,10362361
2021-04-29 10:01:50,304.85,10367598
2021-04-29 10:01:51,305.05,10369533
2021-04-29 10:01:52,305.0,10372692
2021-04-29 10:01:54,304.85,10373894
2021-04-29 10:01:55,304.9,10375907
2021-04-29 10:01:57,304.75,10377688
2021-04-29 10:01:58,304.8,10378218
2021-04-29 10:01:59,304.8,10382012
2021-04-29 10:02:00,304.7,10382609
2021-04-29 10:02:01,304.7,10383525
2021-04-29 10:02:02,304.8,10384238
2021-04-29 10:02:03,304.7,10385769
2021-04-29 10:02:03,304.8,10385650
2021-04-29 10:02:04,304.7,10387474
2021-04-29 10:02:05,304.8,10388222
2021-04-29 10:02:06,304.85,10389443
2021-04-29 10:02:07,304.9,10390192
2021-04-29 10:02:08,304.9,10392392
2021-04-29 10:02:09,304.75,10392668
2021-04-29 10:02:10,304.75,10392927
2021-04-29 10:02:11,304.9,10402147
2021-04-29 10:02:12,304.75,10405102
2021-04-29 10:02:13,304.8,10405329
2021-04-29 10:02:15,304.75,10406067
2021-04-29 10:02:16,304.75,10406596
2021-04-29 10:02:17,304.75,10408199
2021-04-29 10:02:17,304.75,10408209
2021-04-29 10:02:18,304.75,10408575
2021-04-29 10:02:19,304.75,10417749
2021-04-29 10:02:21,304.75,10418762
2021-04-29 10:02:22,304.75,10419507
2021-04-29 10:02:23,304.6,10433182
2021-04-29 10:02:24,304.7,10433477
2021-04-29 10:02:25,304.7,10434894
2021-04-29 10:02:26,304.7,10436201
2021-04-29 10:02:27,304.7,10436278
2021-04-29 10:02:28,304.7,10436561
2021-04-29 10:02:29,304.7,10436784
2021-04-29 10:02:30,304.6,10438842
2021-04-29 10:02:31,304.7,10439734
2021-04-29 10:02:32,304.7,10440034
2021-04-29 10:02:33,304.75,10441711
2021-04-29 10:02:34,304.75,10444534
2021-04-29 10:02:35,304.55,10446040
2021-04-29 10:02:36,304.55,10449961
2021-04-29 10:02:38,304.7,10451262
2021-04-29 10:02:39,304.55,10452865
2021-04-29 10:02:40,304.75,10457741
2021-04-29 10:02:41,304.8,10459825
2021-04-29 10:02:41,304.6,10459835
2021-04-29 10:02:42,304.7,10461256
2021-04-29 10:02:43,304.6,10462226
2021-04-29 10:02:44,304.55,10467969
2021-04-29 10:02:45,304.7,10468204
2021-04-29 10:02:46,304.7,10468709
2021-04-29 10:02:48,304.6,10478822
2021-04-29 10:02:49,304.7,10479155
2021-04-29 10:02:50,304.7,10482411
2021-04-29 10:02:51,304.6,10482851
2021-04-29 10:02:52,304.6,10489268
2021-04-29 10:02:53,304.6,10490377
2021-04-29 10:02:54,304.75,10495204
2021-04-29 10:02:55,304.8,10495762
2021-04-29 10:02:57,304.8,10502413
2021-04-29 10:02:58,304.8,10504295
2021-04-29 10:02:58,304.9,10509230
2021-04-29 10:02:59,304.9,10516542
2021-04-29 10:03:00,304.85,10517067
2021-04-29 10:03:01,304.7,10517579
2021-04-29 10:03:02,304.8,10518684
2021-04-29 10:03:03,304.7,10519172
2021-04-29 10:03:04,304.8,10519284
2021-04-29 10:03:05,304.75,10520002
2021-04-29 10:03:06,304.75,10520290
2021-04-29 10:03:07,304.8,10521002
2021-04-29 10:03:08,304.65,10521451
2021-04-29 10:03:09,304.75,10522378
2021-04-29 10:03:11,304.75,10527086
2021-04-29 10:03:12,304.9,10534229
2021-04-29 10:03:13,304.8,10534767
2021-04-29 10:03:14,304.75,10535354
2021-04-29 10:03:15,304.8,10536896
2021-04-29 10:03:16,304.8,10537231
2021-04-29 10:03:17,304.65,10538133
2021-04-29 10:03:18,304.65,10539501
2021-04-29 10:03:19,304.75,10540908
2021-04-29 10:03:19,304.8,10540923
2021-04-29 10:03:20,304.85,10544288
2021-04-29 10:03:21,304.75,10556882
2021-04-29 10:03:22,304.7,10557084
2021-04-29 10:03:23,304.7,10557697
2021-04-29 10:03:25,304.65,10567242
2021-04-29 10:03:26,304.7,10567689
2021-04-29 10:03:27,304.65,10568465
2021-04-29 10:03:28,304.7,10568820
2021-04-29 10:03:30,304.75,10569918
2021-04-29 10:03:31,304.7,10570019
2021-04-29 10:03:32,304.8,10570938
2021-04-29 10:03:33,304.7,10571135
2021-04-29 10:03:34,304.65,10573196
2021-04-29 10:03:36,304.6,10577660
2021-04-29 10:03:37,304.7,10579133
2021-04-29 10:03:38,304.8,10583801
2021-04-29 10:03:40,304.65,10585224
2021-04-29 10:03:41,304.75,10585570
2021-04-29 10:03:42,304.9,10588174
2021-04-29 10:03:43,304.75,10589835
2021-04-29 10:03:44,304.75,10592380
2021-04-29 10:03:45,304.75,10592476
2021-04-29 10:03:46,304.85,10593331
2021-04-29 10:03:47,304.75,10593951
2021-04-29 10:03:48,304.85,10595251
2021-04-29 10:03:49,304.75,10606482
2021-04-29 10:03:50,304.9,10608136
2021-04-29 10:03:51,304.75,10609626
2021-04-29 10:03:52,304.8,10613247
2021-04-29 10:03:53,304.8,10614553
2021-04-29 10:03:55,304.75,10619407
2021-04-29 10:03:56,304.75,10620441
2021-04-29 10:03:57,304.85,10630467
2021-04-29 10:03:58,304.8,10632346
2021-04-29 10:04:00,305.0,10643339
2021-04-29 10:04:01,304.9,10643671
2021-04-29 10:04:02,304.9,10645618
2021-04-29 10:04:03,304.9,10645742
2021-04-29 10:04:04,304.9,10646931
2021-04-29 10:04:07,304.9,10647932
2021-04-29 10:04:08,304.9,10649159
2021-04-29 10:04:09,304.95,10649507
2021-04-29 10:04:10,305.0,10651027
2021-04-29 10:04:12,305.0,10653181
2021-04-29 10:04:14,304.95,10708479
2021-04-29 10:04:15,305.05,10710767
2021-04-29 10:04:16,305.0,10713177
2021-04-29 10:04:17,305.0,10716200
2021-04-29 10:04:18,305.0,10716490
2021-04-29 10:04:19,305.1,10721881
2021-04-29 10:04:20,305.1,10725695
2021-04-29 10:04:22,305.0,10727541
2021-04-29 10:04:23,305.05,10730383
2021-04-29 10:04:24,305.0,10731547
2021-04-29 10:04:24,305.0,10731547
2021-04-29 10:04:25,305.1,10733076
2021-04-29 10:04:27,305.0,10734461
2021-04-29 10:04:28,305.2,10738987
2021-04-29 10:04:29,305.3,10744819
2021-04-29 10:04:29,305.2,10745429
2021-04-29 10:04:30,305.2,10746353
2021-04-29 10:04:31,305.4,10747595
2021-04-29 10:04:32,305.2,10749950
2021-04-29 10:04:33,305.4,10755796
2021-04-29 10:04:34,305.35,10756235
2021-04-29 10:04:35,305.3,10756729
2021-04-29 10:04:36,305.2,10757739
2021-04-29 10:04:37,305.25,10759279
2021-04-29 10:04:40,305.35,10761896
2021-04-29 10:04:41,305.4,10767689
2021-04-29 10:04:43,305.35,10768577
2021-04-29 10:04:44,305.25,10775102
2021-04-29 10:04:45,305.4,10775477
2021-04-29 10:04:46,305.25,10776453
2021-04-29 10:04:47,305.3,10777424
2021-04-29 10:04:48,305.4,10792939
2021-04-29 10:04:48,305.4,10792939
2021-04-29 10:04:49,305.4,10793624
2021-04-29 10:04:50,305.35,10796295
2021-04-29 10:04:51,305.35,10796797
2021-04-29 10:04:52,305.35,10796837
2021-04-29 10:04:53,305.4,10798233
2021-04-29 10:04:54,305.55,10799373
2021-04-29 10:04:55,305.4,10800041
2021-04-29 10:04:56,305.5,10800530
2021-04-29 10:04:57,305.5,10805169
2021-04-29 10:04:58,305.7,10807020
2021-04-29 10:04:59,305.55,10808513
2021-04-29 10:05:00,305.6,10808810
2021-04-29 10:05:01,305.7,10809589
2021-04-29 10:05:02,305.75,10814014
2021-04-29 10:05:03,305.75,10815517
2021-04-29 10:05:05,305.75,10819855
2021-04-29 10:05:05,305.75,10822554
2021-04-29 10:05:06,305.75,10823079
2021-04-29 10:05:07,305.65,10824610
2021-04-29 10:05:09,305.6,10829462
2021-04-29 10:05:11,305.65,10862213
2021-04-29 10:05:14,305.6,10865482
2021-04-29 10:05:15,305.65,10865935
2021-04-29 10:05:15,305.65,10866214
2021-04-29 10:05:16,305.55,10868080
2021-04-29 10:05:17,305.65,10870543
2021-04-29 10:05:18,305.4,10875739
2021-04-29 10:05:19,305.45,10883306
2021-04-29 10:05:21,305.5,10895102
2021-04-29 10:05:22,305.5,10896402
2021-04-29 10:05:23,305.55,10896503
2021-04-29 10:05:24,305.5,10898474
2021-04-29 10:05:25,305.65,10900284
2021-04-29 10:05:26,305.65,10900936
2021-04-29 10:05:27,305.45,10904338
2021-04-29 10:05:28,305.65,10904596
2021-04-29 10:05:29,305.65,10905179
2021-04-29 10:05:30,305.65,10905733
2021-04-29 10:05:30,305.55,10905653
2021-04-29 10:05:31,305.65,10906712
2021-04-29 10:05:34,305.55,10909217
2021-04-29 10:05:36,305.55,10910334
2021-04-29 10:05:37,305.6,10923659
2021-04-29 10:05:38,305.65,10924140
2021-04-29 10:05:39,305.65,10924160
2021-04-29 10:05:41,305.65,10925756
2021-04-29 10:05:42,305.65,10926127
2021-04-29 10:05:43,305.55,10927040
2021-04-29 10:05:45,305.6,10928070
2021-04-29 10:05:46,305.8,10951095
2021-04-29 10:05:48,305.8,10954101
2021-04-29 10:05:49,305.75,10954337
2021-04-29 10:05:50,305.75,10954379
2021-04-29 10:05:51,305.75,10954909
2021-04-29 10:05:52,305.8,10955285
2021-04-29 10:05:53,305.8,10956341
2021-04-29 10:05:54,305.8,10957428
2021-04-29 10:05:55,305.85,10959063
2021-04-29 10:05:56,305.85,10960679
2021-04-29 10:05:57,305.85,10961520
2021-04-29 10:05:58,305.85,10961871
2021-04-29 10:05:58,305.85,10961884
2021-04-29 10:06:00,305.9,11017989
2021-04-29 10:06:01,305.9,11020360
2021-04-29 10:06:02,305.9,11021719
2021-04-29 10:06:03,305.95,11022272
2021-04-29 10:06:04,305.9,11023781
2021-04-29 10:06:05,306.0,11025994
2021-04-29 10:06:06,305.8,11030029
2021-04-29 10:06:07,305.9,11032912
2021-04-29 10:06:08,305.95,11044234
2021-04-29 10:06:10,305.8,11052517
2021-04-29 10:06:13,305.9,11059716
2021-04-29 10:06:13,306.0,11063887
2021-04-29 10:06:14,306.05,11064663
2021-04-29 10:06:15,306.1,11064888
2021-04-29 10:06:16,306.15,11067129
2021-04-29 10:06:17,306.0,11073678
2021-04-29 10:06:20,306.05,11082725
2021-04-29 10:06:22,306.15,11088085
2021-04-29 10:06:23,306.0,11088715
2021-04-29 10:06:24,306.0,11089498
2021-04-29 10:06:25,306.0,11100575
2021-04-29 10:06:26,306.15,11101861
2021-04-29 10:06:27,306.05,11104121
2021-04-29 10:06:28,306.15,11106571
2021-04-29 10:06:29,306.2,11107232
2021-04-29 10:06:30,306.2,11110389
2021-04-29 10:06:31,306.2,11113366
2021-04-29 10:06:32,305.85,11207909
2021-04-29 10:06:33,305.85,11215797
2021-04-29 10:06:34,305.9,11219581
2021-04-29 10:06:35,305.9,11220830
2021-04-29 10:06:37,306.0,11224679
2021-04-29 10:06:38,306.0,11225884
2021-04-29 10:06:39,306.05,11230375
2021-04-29 10:06:41,305.8,11231622
2021-04-29 10:06:42,305.85,11232725
2021-04-29 10:06:43,306.0,11236182
2021-04-29 10:06:44,306.0,11237885
2021-04-29 10:06:45,306.1,11238971
2021-04-29 10:06:46,306.0,11239460
2021-04-29 10:06:47,306.0,11240012
2021-04-29 10:06:48,306.0,11240080
2021-04-29 10:06:50,306.1,11243398
2021-04-29 10:06:51,306.0,11243979
2021-04-29 10:06:52,306.1,11244080
2021-04-29 10:06:52,306.1,11244114
2021-04-29 10:06:54,306.15,11246474
2021-04-29 10:06:54,306.0,11247286
2021-04-29 10:06:56,306.2,11250413
2021-04-29 10:06:57,306.1,11250569
2021-04-29 10:06:58,306.15,11252392
2021-04-29 10:06:58,306.0,11252772
2021-04-29 10:06:59,306.05,11253457
2021-04-29 10:07:01,306.2,11259954
2021-04-29 10:07:01,306.15,11263996
2021-04-29 10:07:04,306.0,11270468
2021-04-29 10:07:05,306.1,11270703
2021-04-29 10:07:06,306.15,11274467
2021-04-29 10:07:07,306.1,11275768
2021-04-29 10:07:08,306.05,11277712
2021-04-29 10:07:09,306.1,11277722
2021-04-29 10:07:10,306.2,11279108
2021-04-29 10:07:11,306.05,11279453
2021-04-29 10:07:12,306.2,11280569
2021-04-29 10:07:13,306.2,11281358
2021-04-29 10:07:14,306.2,11282748
2021-04-29 10:07:15,306.15,11284848
2021-04-29 10:07:16,306.3,11304686
2021-04-29 10:07:17,306.2,11307270
2021-04-29 10:07:17,306.2,11307270
2021-04-29 10:07:18,306.3,11308902
2021-04-29 10:07:19,306.1,11309571
2021-04-29 10:07:20,306.25,11310895
2021-04-29 10:07:21,306.15,11313879
2021-04-29 10:07:22,306.2,11314889
2021-04-29 10:07:24,306.25,11315449
2021-04-29 10:07:25,306.15,11317774
2021-04-29 10:07:26,306.2,11319095
2021-04-29 10:07:27,306.05,11320874
2021-04-29 10:07:28,306.1,11325869
2021-04-29 10:07:29,306.05,11326015
2021-04-29 10:07:30,306.05,11328066
2021-04-29 10:07:31,306.2,11329643
2021-04-29 10:07:32,306.2,11331438
2021-04-29 10:07:33,306.15,11336098
2021-04-29 10:07:34,306.1,11341202
2021-04-29 10:07:35,306.15,11342304
2021-04-29 10:07:36,306.15,11342376
2021-04-29 10:07:37,306.3,11355961
2021-04-29 10:07:38,306.2,11356203
2021-04-29 10:07:39,306.3,11356269
2021-04-29 10:07:40,306.3,11356577
2021-04-29 10:07:41,306.3,11357201
2021-04-29 10:07:42,306.2,11359633
2021-04-29 10:07:44,306.3,11360263
2021-04-29 10:07:43,306.35,11360088
2021-04-29 10:07:45,306.2,11360780
2021-04-29 10:07:46,306.3,11361031
2021-04-29 10:07:47,306.2,11361444
2021-04-29 10:07:48,306.2,11361444
2021-04-29 10:07:49,306.2,11361613
2021-04-29 10:07:50,306.3,11361658
2021-04-29 10:07:51,306.3,11367075
2021-04-29 10:07:52,306.25,11371850
2021-04-29 10:07:53,306.25,11372020
2021-04-29 10:07:54,306.35,11375322
2021-04-29 10:07:55,306.3,11376823
2021-04-29 10:07:56,306.4,11378023
2021-04-29 10:07:57,306.3,11378291
2021-04-29 10:07:58,306.3,11378416
2021-04-29 10:07:59,306.35,11378912
2021-04-29 10:08:00,306.45,11388075
2021-04-29 10:08:01,306.4,11388187
2021-04-29 10:08:02,306.5,11393511
2021-04-29 10:08:04,306.55,11410841
2021-04-29 10:08:05,306.55,11410871
2021-04-29 10:08:06,306.55,11411418
2021-04-29 10:08:07,306.45,11413109
2021-04-29 10:08:08,306.45,11413515
2021-04-29 10:08:09,306.55,11416245
2021-04-29 10:08:10,306.45,11424928
2021-04-29 10:08:12,306.4,11428214
2021-04-29 10:08:13,306.4,11432359
2021-04-29 10:08:14,306.5,11435320
2021-04-29 10:08:15,306.35,11441667
2021-04-29 10:08:16,306.3,11445906
2021-04-29 10:08:17,306.2,11446706
2021-04-29 10:08:18,306.3,11457111
2021-04-29 10:08:19,306.35,11457611
2021-04-29 10:08:20,306.4,11457665
2021-04-29 10:08:21,306.35,11457766
2021-04-29 10:08:22,306.4,11459701
2021-04-29 10:08:23,306.4,11459801
2021-04-29 10:08:24,306.25,11463501
2021-04-29 10:08:25,306.25,11463811
2021-04-29 10:08:26,306.4,11464085
2021-04-29 10:08:27,306.4,11464825
2021-04-29 10:08:28,306.3,11465258
2021-04-29 10:08:29,306.3,11465350
2021-04-29 10:08:30,306.35,11465995
2021-04-29 10:08:31,306.35,11466046
2021-04-29 10:08:32,306.3,11466466
2021-04-29 10:08:34,306.4,11470915
2021-04-29 10:08:36,306.25,11472162
2021-04-29 10:08:37,306.4,11473419
2021-04-29 10:08:39,306.35,11474440
2021-04-29 10:08:38,306.35,11474440
2021-04-29 10:08:40,306.3,11477012
2021-04-29 10:08:41,306.45,11477292
2021-04-29 10:08:42,306.4,11477751
2021-04-29 10:08:43,306.35,11478118
2021-04-29 10:08:44,306.4,11478910
2021-04-29 10:08:45,306.3,11478918
2021-04-29 10:08:46,306.3,11479889
2021-04-29 10:08:47,306.35,11480248
2021-04-29 10:08:48,306.3,11481113
2021-04-29 10:08:49,306.25,11486295
2021-04-29 10:08:50,306.3,11486990
2021-04-29 10:08:51,306.35,11488167
2021-04-29 10:08:52,306.4,11488423
2021-04-29 10:08:53,306.25,11490674
2021-04-29 10:08:54,306.25,11490937
2021-04-29 10:08:55,306.25,11491005
2021-04-29 10:08:57,306.35,11491455
2021-04-29 10:08:58,306.25,11492762
2021-04-29 10:08:59,306.3,11494936
2021-04-29 10:09:00,306.25,11495218
2021-04-29 10:09:02,306.3,11497038
2021-04-29 10:09:01,306.3,11497038
2021-04-29 10:09:03,306.25,11497183
2021-04-29 10:09:04,306.2,11498932
2021-04-29 10:09:05,306.35,11498957
2021-04-29 10:09:06,306.2,11499968
2021-04-29 10:09:08,306.25,11514311
2021-04-29 10:09:10,306.1,11540145
2021-04-29 10:09:11,306.0,11620104
2021-04-29 10:09:12,305.85,11626987
2021-04-29 10:09:13,305.75,11638286
2021-04-29 10:09:14,305.75,11638991
2021-04-29 10:09:15,305.75,11639406
2021-04-29 10:09:16,305.95,11639815
2021-04-29 10:09:17,305.95,11640306
2021-04-29 10:09:18,305.75,11640666
2021-04-29 10:09:20,305.75,11642098
2021-04-29 10:09:21,305.55,11658751
2021-04-29 10:09:22,305.5,11673044
2021-04-29 10:09:23,305.65,11673890
2021-04-29 10:09:24,305.45,11676715
2021-04-29 10:09:25,305.5,11676883
2021-04-29 10:09:26,305.55,11676910
2021-04-29 10:09:27,305.75,11677015
2021-04-29 10:09:28,305.75,11677755
2021-04-29 10:09:29,305.55,11678016
2021-04-29 10:09:30,305.7,11679988
2021-04-29 10:09:31,305.65,11680198
2021-04-29 10:09:32,305.55,11681707
2021-04-29 10:09:33,305.5,11681909
2021-04-29 10:09:34,305.45,11687620
2021-04-29 10:09:35,305.45,11690120
2021-04-29 10:09:36,305.45,11690790
2021-04-29 10:09:37,305.65,11694240
2021-04-29 10:09:38,305.55,11695554
2021-04-29 10:09:39,305.7,11697941
2021-04-29 10:09:41,305.6,11699149
2021-04-29 10:09:41,305.4,11701759
2021-04-29 10:09:42,305.5,11702564
2021-04-29 10:09:44,305.35,11713074
2021-04-29 10:09:44,305.45,11713895
2021-04-29 10:09:45,305.5,11714150
2021-04-29 10:09:46,305.6,11718200
2021-04-29 10:09:47,305.5,11718301
2021-04-29 10:09:48,305.6,11718326
2021-04-29 10:09:49,305.5,11720030
2021-04-29 10:09:50,305.45,11720219
2021-04-29 10:09:51,305.45,11721884
2021-04-29 10:09:52,305.35,11722306
2021-04-29 10:09:53,305.25,11725882
2021-04-29 10:09:54,305.4,11728183
2021-04-29 10:09:55,305.4,11730696
2021-04-29 10:09:57,305.4,11731015
2021-04-29 10:09:57,305.45,11731590
2021-04-29 10:09:59,305.25,11735080
2021-04-29 10:09:59,305.3,11734380
2021-04-29 10:10:00,305.4,11735189
2021-04-29 10:10:01,305.2,11736627
2021-04-29 10:10:02,305.1,11738502
2021-04-29 10:10:03,305.3,11739125
2021-04-29 10:10:04,305.25,11742720
2021-04-29 10:10:05,305.05,11746187
2021-04-29 10:10:06,305.2,11750141
2021-04-29 10:10:07,305.2,11750660
2021-04-29 10:10:08,305.2,11758928
2021-04-29 10:10:09,305.15,11769431
2021-04-29 10:10:10,305.1,11770971
2021-04-29 10:10:11,305.0,11777446
2021-04-29 10:10:12,305.05,11783955
2021-04-29 10:10:13,305.1,11786113
2021-04-29 10:10:14,305.0,11791313
2021-04-29 10:10:15,304.95,11819250
2021-04-29 10:10:16,304.95,11819547
2021-04-29 10:10:17,305.05,11819632
2021-04-29 10:10:18,305.0,11821503
2021-04-29 10:10:19,305.05,11832495
2021-04-29 10:10:20,305.05,11833884
2021-04-29 10:10:21,304.95,11864609
2021-04-29 10:10:22,304.85,11865200
2021-04-29 10:10:23,304.85,11866089
2021-04-29 10:10:24,305.0,11871105
2021-04-29 10:10:25,305.2,11878517
2021-04-29 10:10:26,305.2,11882812
2021-04-29 10:10:27,305.15,11883648
2021-04-29 10:10:29,305.2,11886473
2021-04-29 10:10:29,305.35,11886478
2021-04-29 10:10:30,305.3,11892143
2021-04-29 10:10:33,305.15,11900265
2021-04-29 10:10:34,305.1,11900556
2021-04-29 10:10:36,305.25,11901965
2021-04-29 10:10:37,305.15,11902067
2021-04-29 10:10:38,305.1,11902537
2021-04-29 10:10:39,305.15,11902577
2021-04-29 10:10:39,305.1,11902984
2021-04-29 10:10:40,305.1,11905393
2021-04-29 10:10:41,305.15,11905774
2021-04-29 10:10:42,305.2,11909599
2021-04-29 10:10:43,305.05,11910461
2021-04-29 10:10:44,305.1,11910549
2021-04-29 10:10:45,305.2,11911397
2021-04-29 10:10:46,305.0,11930282
2021-04-29 10:10:47,305.15,11930838
2021-04-29 10:10:48,305.0,11931199
2021-04-29 10:10:49,305.1,11932410
2021-04-29 10:10:50,305.1,11932785
2021-04-29 10:10:51,305.1,11933005
2021-04-29 10:10:52,305.0,11933166
2021-04-29 10:10:53,305.0,11951390
2021-04-29 10:10:55,304.95,11953122
2021-04-29 10:10:55,305.0,11951822
2021-04-29 10:10:56,304.95,11953529
2021-04-29 10:10:57,304.95,11953848
2021-04-29 10:10:58,305.0,11954497
2021-04-29 10:10:59,305.0,11955062
2021-04-29 10:11:00,304.95,11968541
2021-04-29 10:11:01,305.05,11970349
2021-04-29 10:11:02,305.15,11970719
2021-04-29 10:11:03,305.0,11974899
2021-04-29 10:11:04,305.0,11974999
2021-04-29 10:11:05,305.1,11975727
2021-04-29 10:11:06,305.05,11976758
2021-04-29 10:11:08,305.15,11977854
2021-04-29 10:11:09,305.05,11977946
2021-04-29 10:11:09,305.15,11978174
2021-04-29 10:11:10,305.0,11979060
2021-04-29 10:11:11,305.05,11979360
2021-04-29 10:11:12,305.15,11979663
2021-04-29 10:11:13,305.2,11980198
2021-04-29 10:11:14,305.15,11984190
2021-04-29 10:11:16,305.15,11984917
2021-04-29 10:11:16,305.15,11986147
2021-04-29 10:11:17,305.1,11986186
2021-04-29 10:11:18,305.25,11994329
2021-04-29 10:11:19,305.4,11995179
2021-04-29 10:11:20,305.15,12001599
2021-04-29 10:11:21,305.35,12001699
2021-04-29 10:11:22,305.3,12002865
2021-04-29 10:11:23,305.35,12004703
2021-04-29 10:11:24,305.2,12004923
2021-04-29 10:11:26,305.25,12013831
2021-04-29 10:11:27,305.2,12014266
2021-04-29 10:11:28,305.2,12014276
2021-04-29 10:11:29,305.25,12014526
2021-04-29 10:11:30,305.1,12016576
2021-04-29 10:11:31,305.05,12016665
2021-04-29 10:11:32,305.05,12016822
2021-04-29 10:11:33,305.05,12017418
2021-04-29 10:11:34,305.2,12020158
2021-04-29 10:11:35,305.3,12020516
2021-04-29 10:11:36,305.2,12020970
2021-04-29 10:11:38,305.25,12021082
2021-04-29 10:11:39,305.15,12025527
2021-04-29 10:11:40,305.15,12028586
2021-04-29 10:11:42,305.25,12029111
2021-04-29 10:11:43,305.15,12029611
2021-04-29 10:11:44,305.15,12030932
2021-04-29 10:11:45,305.15,12031239
2021-04-29 10:11:46,305.3,12032279
2021-04-29 10:11:47,305.15,12032441
2021-04-29 10:11:48,305.25,12032510
2021-04-29 10:11:49,305.3,12033855
2021-04-29 10:11:50,305.3,12034464
2021-04-29 10:11:52,305.35,12034732
2021-04-29 10:11:53,305.35,12036352
2021-04-29 10:11:53,305.35,12036352
2021-04-29 10:11:54,305.35,12036352
2021-04-29 10:11:55,305.35,12036530
2021-04-29 10:11:56,305.35,12036555
2021-04-29 10:11:58,305.45,12037205
2021-04-29 10:11:59,305.45,12037264
2021-04-29 10:11:59,305.45,12037313
2021-04-29 10:12:00,305.45,12037781
2021-04-29 10:12:01,305.45,12037783
2021-04-29 10:12:02,305.45,12037884
2021-04-29 10:12:03,305.4,12038150
2021-04-29 10:12:04,305.4,12038248
2021-04-29 10:12:05,305.5,12038968
2021-04-29 10:12:06,305.4,12040379
2021-04-29 10:12:08,305.35,12040489
2021-04-29 10:12:09,305.4,12040993
2021-04-29 10:12:10,305.35,12041211
2021-04-29 10:12:10,305.3,12041711
2021-04-29 10:12:11,305.4,12051529
2021-04-29 10:12:13,305.45,12052293
2021-04-29 10:12:14,305.4,12052399
2021-04-29 10:12:16,305.4,12052546
2021-04-29 10:12:17,305.45,12053108
2021-04-29 10:12:18,305.4,12053611
2021-04-29 10:12:18,305.5,12053630
2021-04-29 10:12:20,305.5,12056082
2021-04-29 10:12:21,305.5,12058387
2021-04-29 10:12:22,305.5,12058389
2021-04-29 10:12:24,305.55,12060908
2021-04-29 10:12:24,305.45,12060931
2021-04-29 10:12:25,305.5,12061311
2021-04-29 10:12:26,305.35,12061877
2021-04-29 10:12:27,305.5,12062540
2021-04-29 10:12:28,305.45,12062640
2021-04-29 10:12:29,305.5,12063675
2021-04-29 10:12:30,305.5,12064305
2021-04-29 10:12:31,305.4,12064555
2021-04-29 10:12:32,305.5,12075185
2021-04-29 10:12:33,305.35,12075296
2021-04-29 10:12:34,305.45,12076338
2021-04-29 10:12:35,305.3,12076460
2021-04-29 10:12:36,305.3,12076661
2021-04-29 10:12:37,305.35,12076662
2021-04-29 10:12:39,305.35,12077494
2021-04-29 10:12:40,305.3,12077565
2021-04-29 10:12:41,305.35,12077804
2021-04-29 10:12:41,305.35,12077804
2021-04-29 10:12:42,305.3,12078599
2021-04-29 10:12:43,305.35,12079317
2021-04-29 10:12:45,305.4,12079550
2021-04-29 10:12:46,305.4,12079695
2021-04-29 10:12:47,305.45,12080465
2021-04-29 10:12:48,305.35,12080715
2021-04-29 10:12:48,305.3,12080515
2021-04-29 10:12:49,305.35,12081841
2021-04-29 10:12:50,305.35,12081863
2021-04-29 10:12:51,305.35,12082240
2021-04-29 10:12:52,305.4,12092598
2021-04-29 10:12:53,305.4,12092727
2021-04-29 10:12:54,305.3,12093201
2021-04-29 10:12:56,305.3,12093738
2021-04-29 10:12:57,305.3,12093778
2021-04-29 10:12:58,305.3,12094287
2021-04-29 10:12:58,305.3,12094172
2021-04-29 10:12:59,305.3,12094382
2021-04-29 10:13:00,305.4,12094442
2021-04-29 10:13:01,305.4,12094442
2021-04-29 10:13:02,305.4,12095385
2021-04-29 10:13:04,305.4,12095682
2021-04-29 10:13:05,305.3,12095846
2021-04-29 10:13:07,305.3,12096011
2021-04-29 10:13:08,305.3,12096013
2021-04-29 10:13:09,305.4,12096033
2021-04-29 10:13:09,305.4,12096033
2021-04-29 10:13:10,305.4,12096053
2021-04-29 10:13:11,305.5,12099173
2021-04-29 10:13:12,305.5,12099978
2021-04-29 10:13:13,305.45,12100259
2021-04-29 10:13:14,305.5,12100377
2021-04-29 10:13:15,305.5,12100428
2021-04-29 10:13:17,305.5,12100449
2021-04-29 10:13:18,305.5,12112982
2021-04-29 10:13:18,305.5,12112982
2021-04-29 10:13:19,305.5,12113059
2021-04-29 10:13:20,305.5,12114809
2021-04-29 10:13:21,305.6,12114885
2021-04-29 10:13:22,305.5,12114986
2021-04-29 10:13:23,305.55,12115113
2021-04-29 10:13:24,305.85,12120397
2021-04-29 10:13:26,305.95,12125995
2021-04-29 10:13:27,305.9,12126580
2021-04-29 10:13:27,306.0,12126631
2021-04-29 10:13:28,306.0,12127183
2021-04-29 10:13:29,306.0,12128578
2021-04-29 10:13:30,306.0,12129078
2021-04-29 10:13:31,305.95,12129164
2021-04-29 10:13:32,306.0,12129308
2021-04-29 10:13:33,305.85,12129450
2021-04-29 10:13:34,305.95,12129590
2021-04-29 10:13:35,305.85,12129666
2021-04-29 10:13:36,305.85,12131226
2021-04-29 10:13:37,305.95,12131426
2021-04-29 10:13:38,305.95,12131436
2021-04-29 10:13:39,305.85,12131754
2021-04-29 10:13:41,305.85,12133090
2021-04-29 10:13:42,305.95,12133354
2021-04-29 10:13:43,305.95,12133894
2021-04-29 10:13:44,305.95,12133944
2021-04-29 10:13:45,305.85,12134644
2021-04-29 10:13:47,305.95,12134845
2021-04-29 10:13:48,305.85,12135280
2021-04-29 10:13:49,305.8,12138819
2021-04-29 10:13:50,305.65,12145850
2021-04-29 10:13:51,305.8,12145999
2021-04-29 10:13:52,305.8,12146119
2021-04-29 10:13:53,305.8,12146180
2021-04-29 10:13:54,305.8,12146300
2021-04-29 10:13:55,305.8,12146910
2021-04-29 10:13:56,305.8,12147020
2021-04-29 10:13:57,305.85,12147335
2021-04-29 10:13:58,305.7,12148486
2021-04-29 10:13:59,305.8,12148501
2021-04-29 10:14:00,305.65,12148831
2021-04-29 10:14:02,305.8,12149202
2021-04-29 10:14:03,305.8,12152932
2021-04-29 10:14:04,305.75,12153330
2021-04-29 10:14:05,305.75,12153335
2021-04-29 10:14:06,305.6,12153478
2021-04-29 10:14:07,305.6,12153478
2021-04-29 10:14:08,305.7,12153529
2021-04-29 10:14:08,305.6,12153659
2021-04-29 10:14:09,305.6,12154074
2021-04-29 10:14:11,305.6,12154415
2021-04-29 10:14:12,305.7,12154989
2021-04-29 10:14:14,305.7,12155347
2021-04-29 10:14:15,305.7,12155466
2021-04-29 10:14:17,305.65,12155471
2021-04-29 10:14:18,305.6,12156212
2021-04-29 10:14:19,305.6,12156381
2021-04-29 10:14:20,305.6,12158553
2021-04-29 10:14:21,305.7,12160558
2021-04-29 10:14:23,305.75,12160778
2021-04-29 10:14:24,305.7,12161198
2021-04-29 10:14:25,305.8,12169028
2021-04-29 10:14:26,305.7,12169328
2021-04-29 10:14:27,305.7,12169891
2021-04-29 10:14:27,305.65,12169791
2021-04-29 10:14:28,305.7,12170304
2021-04-29 10:14:29,305.8,12170316
2021-04-29 10:14:30,305.8,12170546
2021-04-29 10:14:31,305.8,12170554
2021-04-29 10:14:32,305.8,12170554
2021-04-29 10:14:33,305.7,12171730
2021-04-29 10:14:35,305.75,12198443
2021-04-29 10:14:35,305.8,12198543
2021-04-29 10:14:36,305.8,12198556
2021-04-29 10:14:37,305.8,12198609
2021-04-29 10:14:38,305.75,12198676
2021-04-29 10:14:39,305.8,12201147
2021-04-29 10:14:40,305.8,12201297
2021-04-29 10:14:41,305.8,12201356
2021-04-29 10:14:43,305.7,12203363
2021-04-29 10:14:45,305.7,12206003
2021-04-29 10:14:46,305.75,12206013
2021-04-29 10:14:48,305.75,12206164
2021-04-29 10:14:49,305.65,12206190
2021-04-29 10:14:50,305.75,12206560
2021-04-29 10:14:51,305.75,12210702
2021-04-29 10:14:52,305.7,12210970
2021-04-29 10:14:52,305.7,12211023
2021-04-29 10:14:53,305.7,12211291
2021-04-29 10:14:54,305.7,12211428
2021-04-29 10:14:55,305.75,12211458
2021-04-29 10:14:56,305.75,12211458
2021-04-29 10:14:58,305.7,12211460
2021-04-29 10:14:59,305.75,12211635
2021-04-29 10:15:00,305.75,12211727
2021-04-29 10:15:01,305.7,12212754
2021-04-29 10:15:02,305.8,12213015
2021-04-29 10:15:03,305.7,12213768
2021-04-29 10:15:03,305.7,12213618
2021-04-29 10:15:04,305.8,12213873
2021-04-29 10:15:05,305.8,12214228
2021-04-29 10:15:06,305.7,12214728
2021-04-29 10:15:07,305.7,12215238
2021-04-29 10:15:08,305.8,12215249
2021-04-29 10:15:09,305.7,12216404
2021-04-29 10:15:10,305.7,12216473
2021-04-29 10:15:13,305.8,12217054
2021-04-29 10:15:14,305.8,12217230
2021-04-29 10:15:15,305.8,12218431
2021-04-29 10:15:15,305.8,12218431
2021-04-29 10:15:16,305.7,12218539
2021-04-29 10:15:17,305.75,12218795
2021-04-29 10:15:18,305.7,12219663
2021-04-29 10:15:20,305.7,12219779
2021-04-29 10:15:21,305.6,12227346
2021-04-29 10:15:22,305.6,12227396
2021-04-29 10:15:22,305.6,12227466
2021-04-29 10:15:24,305.5,12250199
2021-04-29 10:15:25,305.4,12251154
2021-04-29 10:15:26,305.4,12251154
2021-04-29 10:15:27,305.4,12251320
2021-04-29 10:15:27,305.4,12251320
2021-04-29 10:15:28,305.5,12251889
2021-04-29 10:15:29,305.4,12251939
2021-04-29 10:15:30,305.4,12252055
2021-04-29 10:15:31,305.4,12252657
2021-04-29 10:15:32,305.5,12253716
2021-04-29 10:15:33,305.5,12254076
2021-04-29 10:15:34,305.4,12254681
2021-04-29 10:15:35,305.4,12255375
2021-04-29 10:15:36,305.4,12256510
2021-04-29 10:15:37,305.45,12256860
2021-04-29 10:15:38,305.3,12258883
2021-04-29 10:15:39,305.2,12264093
2021-04-29 10:15:40,305.35,12264124
2021-04-29 10:15:41,305.2,12264254
2021-04-29 10:15:42,305.3,12264384
2021-04-29 10:15:44,305.3,12264886
2021-04-29 10:15:46,305.1,12267505
2021-04-29 10:15:46,305.2,12267536
2021-04-29 10:15:47,305.1,12267770
2021-04-29 10:15:48,305.25,12268980
2021-04-29 10:15:49,305.2,12269548
2021-04-29 10:15:51,305.25,12269782
2021-04-29 10:15:51,305.25,12269784
2021-04-29 10:15:52,305.3,12270737
2021-04-29 10:15:53,305.2,12271337
2021-04-29 10:15:54,305.3,12273438
2021-04-29 10:15:55,305.2,12273948
2021-04-29 10:15:57,305.2,12275715
2021-04-29 10:15:58,305.3,12275765
2021-04-29 10:15:59,305.3,12277984
2021-04-29 10:16:00,305.2,12279585
2021-04-29 10:16:01,305.2,12280157
2021-04-29 10:16:02,305.1,12281119
2021-04-29 10:16:03,305.2,12283257
2021-04-29 10:16:04,305.1,12285265
2021-04-29 10:16:05,305.2,12286550
2021-04-29 10:16:06,305.2,12290708
2021-04-29 10:16:07,305.15,12291108
2021-04-29 10:16:07,305.25,12291316
2021-04-29 10:16:09,305.25,12291918
2021-04-29 10:16:10,305.25,12292736
2021-04-29 10:16:11,305.4,12294955
2021-04-29 10:16:12,305.4,12298973
2021-04-29 10:16:13,305.4,12299212
2021-04-29 10:16:14,305.55,12305194
2021-04-29 10:16:15,305.4,12305245
2021-04-29 10:16:16,305.45,12306427
2021-04-29 10:16:17,305.45,12306459
2021-04-29 10:16:18,305.55,12307447
2021-04-29 10:16:19,305.8,12316238
2021-04-29 10:16:20,305.8,12318479
2021-04-29 10:16:21,305.7,12327069
2021-04-29 10:16:22,305.65,12327095
2021-04-29 10:16:23,305.85,12327245
2021-04-29 10:16:24,305.7,12327745
2021-04-29 10:16:25,305.9,12328546
2021-04-29 10:16:26,305.8,12330131
2021-04-29 10:16:27,305.95,12333320
2021-04-29 10:16:28,306.0,12334036
2021-04-29 10:16:29,306.0,12334362
2021-04-29 10:16:30,305.95,12339937
2021-04-29 10:16:31,305.85,12341212
2021-04-29 10:16:32,305.8,12347429
2021-04-29 10:16:32,305.8,12347485
2021-04-29 10:16:35,305.9,12351914
2021-04-29 10:16:36,305.95,12352179
2021-04-29 10:16:37,305.85,12353848
2021-04-29 10:16:38,305.85,12353922
2021-04-29 10:16:39,305.8,12354696
2021-04-29 10:16:40,305.95,12356120
2021-04-29 10:16:40,305.95,12356130
2021-04-29 10:16:41,305.95,12356265
2021-04-29 10:16:42,305.95,12357408
2021-04-29 10:16:44,305.7,12357805
2021-04-29 10:16:44,305.85,12357811
2021-04-29 10:16:46,305.75,12358018
2021-04-29 10:16:47,306.0,12362929
2021-04-29 10:16:48,305.8,12362953
2021-04-29 10:16:50,305.7,12364054
2021-04-29 10:16:51,305.85,12365357
2021-04-29 10:16:52,305.75,12365412
2021-04-29 10:16:53,305.75,12365420
2021-04-29 10:16:54,305.85,12366239
2021-04-29 10:16:55,305.85,12366566
2021-04-29 10:16:56,305.7,12367316
2021-04-29 10:16:57,305.7,12367347
2021-04-29 10:16:58,305.75,12367387
2021-04-29 10:16:59,305.7,12367462
2021-04-29 10:17:00,305.8,12367536
2021-04-29 10:17:01,305.8,12367539
2021-04-29 10:17:02,305.7,12368803
2021-04-29 10:17:03,305.75,12368977
2021-04-29 10:17:04,305.75,12369184
2021-04-29 10:17:05,305.8,12369483
2021-04-29 10:17:05,305.8,12369483
2021-04-29 10:17:06,305.7,12371928
2021-04-29 10:17:07,305.85,12372022
2021-04-29 10:17:09,305.85,12372076
2021-04-29 10:17:10,305.7,12372511
2021-04-29 10:17:11,305.7,12372511
2021-04-29 10:17:12,305.75,12372611
2021-04-29 10:17:13,305.85,12372626
2021-04-29 10:17:14,305.7,12372850
2021-04-29 10:17:15,305.8,12376047
2021-04-29 10:17:16,305.8,12376352
2021-04-29 10:17:17,305.85,12377246
2021-04-29 10:17:18,305.8,12377460
2021-04-29 10:17:19,305.9,12382352
2021-04-29 10:17:19,305.9,12382352
2021-04-29 10:17:20,305.9,12382504
2021-04-29 10:17:21,305.95,12450411
2021-04-29 10:17:24,306.0,12451073
2021-04-29 10:17:28,305.9,12452868
2021-04-29 10:17:29,306.0,12453534
2021-04-29 10:17:29,305.85,12453645
2021-04-29 10:17:31,305.85,12453705
2021-04-29 10:17:33,305.95,12456051
2021-04-29 10:17:33,305.95,12456051
2021-04-29 10:17:34,305.85,12456251
2021-04-29 10:17:36,306.0,12456731
2021-04-29 10:17:37,305.9,12456733
2021-04-29 10:17:38,306.0,12458268
2021-04-29 10:17:39,305.85,12458323
2021-04-29 10:17:40,305.8,12460605
2021-04-29 10:17:41,305.9,12460955
2021-04-29 10:17:42,305.8,12461141
2021-04-29 10:17:43,305.95,12461376
2021-04-29 10:17:44,305.8,12461678
2021-04-29 10:17:45,305.9,12461680
2021-04-29 10:17:46,305.8,12461835
2021-04-29 10:17:47,305.75,12467537
2021-04-29 10:17:48,305.9,12467644
2021-04-29 10:17:49,305.7,12487894
2021-04-29 10:17:50,305.85,12488044
2021-04-29 10:17:51,305.9,12489062
2021-04-29 10:17:52,305.85,12490679
2021-04-29 10:17:53,305.9,12490689
2021-04-29 10:17:54,305.9,12491329
2021-04-29 10:17:55,305.9,12491779
2021-04-29 10:17:56,305.9,12491781
2021-04-29 10:17:56,305.85,12491783
2021-04-29 10:17:57,305.85,12491904
2021-04-29 10:17:58,305.75,12492329
2021-04-29 10:18:00,305.9,12492522
2021-04-29 10:18:01,305.9,12492775
2021-04-29 10:18:02,305.9,12492775
2021-04-29 10:18:03,305.8,12493504
2021-04-29 10:18:04,305.75,12493559
2021-04-29 10:18:06,305.95,12495219
2021-04-29 10:18:08,305.85,12495536
2021-04-29 10:18:09,305.8,12495736
2021-04-29 10:18:10,305.9,12496704
2021-04-29 10:18:11,305.9,12496768
2021-04-29 10:18:12,305.9,12496798
2021-04-29 10:18:13,305.8,12496848
2021-04-29 10:18:14,305.85,12496875
2021-04-29 10:18:15,305.9,12497246
2021-04-29 10:18:16,305.85,12497328
2021-04-29 10:18:17,305.9,12498745
2021-04-29 10:18:19,305.8,12499388
2021-04-29 10:18:20,305.8,12499413
2021-04-29 10:18:21,305.8,12501693
2021-04-29 10:18:22,305.9,12501797
2021-04-29 10:18:23,305.85,12501897
2021-04-29 10:18:24,305.8,12502286
2021-04-29 10:18:25,305.9,12502614
2021-04-29 10:18:26,305.9,12502634
2021-04-29 10:18:28,305.8,12503339
2021-04-29 10:18:29,305.9,12503855
2021-04-29 10:18:31,305.85,12511597
2021-04-29 10:18:30,305.85,12511597
2021-04-29 10:18:32,305.85,12511607
2021-04-29 10:18:34,305.8,12511870
2021-04-29 10:18:35,305.85,12512120
2021-04-29 10:18:37,305.9,12512435
2021-04-29 10:18:38,305.8,12513585
2021-04-29 10:18:39,305.85,12514066
2021-04-29 10:18:40,305.9,12514505
2021-04-29 10:18:41,305.75,12514621
2021-04-29 10:18:42,305.9,12514675
2021-04-29 10:18:43,305.8,12514895
2021-04-29 10:18:44,305.9,12514947
2021-04-29 10:18:45,305.75,12515211
2021-04-29 10:18:46,305.9,12515411
2021-04-29 10:18:47,305.85,12515442
2021-04-29 10:18:48,305.85,12515446
2021-04-29 10:18:49,305.85,12515447
2021-04-29 10:18:50,305.85,12515448
2021-04-29 10:18:51,305.85,12515476
2021-04-29 10:18:52,305.85,12515616
2021-04-29 10:18:53,305.8,12515818
2021-04-29 10:18:54,305.75,12515870
2021-04-29 10:18:55,305.7,12524671
2021-04-29 10:18:56,305.7,12525145
2021-04-29 10:18:57,305.7,12525261
2021-04-29 10:18:58,305.8,12525789
2021-04-29 10:18:59,305.7,12525839
2021-04-29 10:19:00,305.75,12525851
2021-04-29 10:19:01,305.7,12525857
2021-04-29 10:19:02,305.75,12525877
2021-04-29 10:19:03,305.7,12526667
2021-04-29 10:19:04,305.75,12526766
2021-04-29 10:19:05,305.75,12526813
2021-04-29 10:19:06,305.75,12526813
2021-04-29 10:19:07,305.75,12526814
2021-04-29 10:19:08,305.75,12526875
2021-04-29 10:19:09,305.75,12527128
2021-04-29 10:19:10,305.7,12527260
2021-04-29 10:19:11,305.75,12527970
2021-04-29 10:19:12,305.7,12529410
2021-04-29 10:19:13,305.75,12529625
2021-04-29 10:19:14,305.7,12530814
2021-04-29 10:19:15,305.75,12531424
2021-04-29 10:19:16,305.8,12531480
2021-04-29 10:19:17,305.8,12531641
2021-04-29 10:19:18,305.7,12531739
2021-04-29 10:19:19,305.75,12531815
2021-04-29 10:19:20,305.8,12532045
2021-04-29 10:19:21,305.8,12532045
2021-04-29 10:19:22,305.8,12532045
2021-04-29 10:19:23,305.8,12532247
2021-04-29 10:19:25,305.75,12536834
2021-04-29 10:19:26,305.7,12537153
2021-04-29 10:19:27,305.7,12537342
2021-04-29 10:19:28,305.7,12537342
2021-04-29 10:19:31,305.75,12542477
2021-04-29 10:19:33,305.75,12543187
2021-04-29 10:19:34,305.75,12543207
2021-04-29 10:19:35,305.75,12543213
2021-04-29 10:19:37,305.85,12543649
2021-04-29 10:19:38,305.9,12544275
2021-04-29 10:19:39,305.85,12544775
2021-04-29 10:19:41,305.8,12546285
2021-04-29 10:19:42,305.85,12546861
2021-04-29 10:19:43,305.85,12547783
2021-04-29 10:19:44,305.9,12547828
2021-04-29 10:19:45,305.9,12547836
2021-04-29 10:19:46,305.85,12567263
2021-04-29 10:19:47,306.0,12567444
2021-04-29 10:19:48,305.85,12567546
2021-04-29 10:19:49,305.8,12568739
2021-04-29 10:19:50,305.8,12574605
2021-04-29 10:19:51,305.85,12574646
2021-04-29 10:19:52,305.85,12574846
2021-04-29 10:19:53,305.75,12575473
2021-04-29 10:19:54,305.85,12575514
2021-04-29 10:19:55,305.75,12575515
2021-04-29 10:19:56,305.85,12575534
2021-04-29 10:19:57,305.85,12575559
2021-04-29 10:19:58,305.8,12576846
2021-04-29 10:19:59,305.9,12578364
2021-04-29 10:20:00,305.9,12578364
2021-04-29 10:20:01,305.8,12578676
2021-04-29 10:20:04,305.8,12579178
2021-04-29 10:20:05,305.9,12579270
2021-04-29 10:20:07,305.75,12585115
2021-04-29 10:20:08,305.65,12608053
2021-04-29 10:20:09,305.55,12610130
2021-04-29 10:20:10,305.75,12610381
