timestamp,ltp,volume
2021-04-29 09:29:44,3150.1,249049
2021-04-29 09:29:44,3150.1,249049
2021-04-29 09:29:45,3150.45,249136
2021-04-29 09:29:46,3150.45,249152
2021-04-29 09:29:47,3150.05,249338
2021-04-29 09:29:48,3150.55,249402
2021-04-29 09:29:49,3151.65,249418
2021-04-29 09:29:50,3151.65,249433
2021-04-29 09:29:51,3151.65,249449
2021-04-29 09:29:52,3152.0,249599
2021-04-29 09:29:53,3150.0,250237
2021-04-29 09:29:54,3151.35,250379
2021-04-29 09:29:55,3150.8,250701
2021-04-29 09:29:56,3151.3,250929
2021-04-29 09:29:57,3150.75,251168
2021-04-29 09:29:58,3150.3,251307
2021-04-29 09:29:59,3150.6,251757
2021-04-29 09:30:00,3151.55,251995
2021-04-29 09:30:01,3151.9,253030
2021-04-29 09:30:02,3150.45,254027
2021-04-29 09:30:03,3150.35,254245
2021-04-29 09:30:04,3150.05,254378
2021-04-29 09:30:05,3151.5,254697
2021-04-29 09:30:06,3150.0,254958
2021-04-29 09:30:07,3150.05,255179
2021-04-29 09:30:08,3151.8,255528
2021-04-29 09:30:09,3151.4,256009
2021-04-29 09:30:10,3150.05,256198
2021-04-29 09:30:11,3150.05,256429
2021-04-29 09:30:12,3150.2,256810
2021-04-29 09:30:14,3150.1,257126
2021-04-29 09:30:15,3150.1,257998
2021-04-29 09:30:16,3151.3,258425
2021-04-29 09:30:17,3151.8,259026
2021-04-29 09:30:18,3150.2,259367
2021-04-29 09:30:19,3149.9,259685
2021-04-29 09:30:20,3149.85,259831
2021-04-29 09:30:21,3150.0,260066
2021-04-29 09:30:22,3149.8,260144
2021-04-29 09:30:22,3149.65,260174
2021-04-29 09:30:23,3149.4,260243
2021-04-29 09:30:24,3149.9,261320
2021-04-29 09:30:25,3149.35,261476
2021-04-29 09:30:26,3148.5,261518
2021-04-29 09:30:27,3148.5,261525
2021-04-29 09:30:28,3149.35,261631
2021-04-29 09:30:29,3150.3,262050
2021-04-29 09:30:31,3148.9,262102
2021-04-29 09:30:32,3150.2,262169
2021-04-29 09:30:35,3149.3,262266
2021-04-29 09:30:38,3148.65,262567
2021-04-29 09:30:38,3149.7,262522
2021-04-29 09:30:39,3149.7,262624
2021-04-29 09:30:40,3149.85,262736
2021-04-29 09:30:41,3148.5,262772
2021-04-29 09:30:42,3149.8,262797
2021-04-29 09:30:43,3149.9,262801
2021-04-29 09:30:44,3149.9,262801
2021-04-29 09:30:45,3148.55,262957
2021-04-29 09:30:46,3148.55,263074
2021-04-29 09:30:47,3148.55,263152
2021-04-29 09:30:48,3148.5,263494
2021-04-29 09:30:49,3149.0,263593
2021-04-29 09:30:50,3148.5,263605
2021-04-29 09:30:51,3149.0,263621
2021-04-29 09:30:52,3149.0,263698
2021-04-29 09:30:53,3148.9,263771
2021-04-29 09:30:54,3149.95,264436
2021-04-29 09:30:55,3150.85,264542
2021-04-29 09:30:56,3149.45,264554
2021-04-29 09:30:58,3149.25,264880
2021-04-29 09:30:59,3150.55,264947
2021-04-29 09:30:59,3149.45,264977
2021-04-29 09:31:00,3149.35,265292
2021-04-29 09:31:01,3149.15,265349
2021-04-29 09:31:02,3148.85,265616
2021-04-29 09:31:03,3149.1,265701
2021-04-29 09:31:04,3150.35,265718
2021-04-29 09:31:05,3149.15,265744
2021-04-29 09:31:06,3148.0,268475
2021-04-29 09:31:07,3148.0,268766
2021-04-29 09:31:08,3148.0,268822
2021-04-29 09:31:10,3149.05,269604
2021-04-29 09:31:11,3149.4,269684
2021-04-29 09:31:13,3149.4,269813
2021-04-29 09:31:14,3149.9,269857
2021-04-29 09:31:16,3149.95,269862
2021-04-29 09:31:17,3149.95,269862
2021-04-29 09:31:18,3149.9,269892
2021-04-29 09:31:19,3149.95,269907
2021-04-29 09:31:20,3148.8,269910
2021-04-29 09:31:21,3148.8,270004
2021-04-29 09:31:21,3149.95,270013
2021-04-29 09:31:23,3149.9,270018
2021-04-29 09:31:24,3149.95,270131
2021-04-29 09:31:25,3148.4,270526
2021-04-29 09:31:25,3149.8,270566
2021-04-29 09:31:26,3149.95,271039
2021-04-29 09:31:28,3148.7,271100
2021-04-29 09:31:29,3148.8,271162
2021-04-29 09:31:30,3148.0,272921
2021-04-29 09:31:31,3147.0,273149
2021-04-29 09:31:31,3146.55,273190
2021-04-29 09:31:32,3146.55,273764
2021-04-29 09:31:34,3146.55,274132
2021-04-29 09:31:35,3147.9,274206
2021-04-29 09:31:36,3147.4,274572
2021-04-29 09:31:37,3146.5,274681
2021-04-29 09:31:39,3147.4,274703
2021-04-29 09:31:40,3147.4,274768
2021-04-29 09:31:41,3147.4,274775
2021-04-29 09:31:41,3147.4,274780
2021-04-29 09:31:42,3146.5,274947
2021-04-29 09:31:44,3147.4,274975
2021-04-29 09:31:45,3147.15,275426
2021-04-29 09:31:46,3146.15,275495
2021-04-29 09:31:47,3147.15,275527
2021-04-29 09:31:48,3147.15,275543
2021-04-29 09:31:50,3146.0,275607
2021-04-29 09:31:51,3146.15,275818
2021-04-29 09:31:52,3146.3,275958
2021-04-29 09:31:52,3147.0,275973
2021-04-29 09:31:53,3146.55,275994
2021-04-29 09:31:55,3147.5,276158
2021-04-29 09:31:56,3147.8,276522
2021-04-29 09:31:57,3147.65,276589
2021-04-29 09:31:57,3146.3,276583
2021-04-29 09:31:58,3146.4,276602
2021-04-29 09:31:59,3146.35,276615
2021-04-29 09:32:00,3146.45,276665
2021-04-29 09:32:02,3146.9,276855
2021-04-29 09:32:03,3147.15,276874
2021-04-29 09:32:04,3146.15,276977
2021-04-29 09:32:04,3147.4,276987
2021-04-29 09:32:05,3146.0,277278
2021-04-29 09:32:08,3146.85,277628
2021-04-29 09:32:09,3145.65,278372
2021-04-29 09:32:10,3145.65,278656
2021-04-29 09:32:10,3145.0,278630
2021-04-29 09:32:11,3145.65,278665
2021-04-29 09:32:13,3145.65,278788
2021-04-29 09:32:14,3146.55,278800
2021-04-29 09:32:15,3146.55,278812
2021-04-29 09:32:15,3146.55,278833
2021-04-29 09:32:16,3145.65,278841
2021-04-29 09:32:18,3147.0,278968
2021-04-29 09:32:19,3147.0,278980
2021-04-29 09:32:20,3146.0,278983
2021-04-29 09:32:21,3147.0,279012
2021-04-29 09:32:21,3147.0,279016
2021-04-29 09:32:22,3145.95,279251
2021-04-29 09:32:25,3146.9,279404
2021-04-29 09:32:26,3146.85,279465
2021-04-29 09:32:27,3145.75,279497
2021-04-29 09:32:27,3146.85,279500
2021-04-29 09:32:30,3145.9,279612
2021-04-29 09:32:28,3146.85,279502
2021-04-29 09:32:31,3145.75,279745
2021-04-29 09:32:32,3146.95,279931
2021-04-29 09:32:32,3146.9,279950
2021-04-29 09:32:33,3146.9,279952
2021-04-29 09:32:34,3146.9,279952
2021-04-29 09:32:36,3145.75,279984
2021-04-29 09:32:38,3147.3,280226
2021-04-29 09:32:39,3147.3,280229
2021-04-29 09:32:40,3147.1,280300
2021-04-29 09:32:40,3145.9,280293
2021-04-29 09:32:41,3146.8,280378
2021-04-29 09:32:43,3145.7,280529
2021-04-29 09:32:44,3145.7,280575
2021-04-29 09:32:45,3146.9,280674
2021-04-29 09:32:45,3145.7,280665
2021-04-29 09:32:46,3145.95,280679
2021-04-29 09:32:49,3145.9,280728
2021-04-29 09:32:50,3145.9,280743
2021-04-29 09:32:50,3145.95,280745
2021-04-29 09:32:51,3145.9,280879
2021-04-29 09:32:54,3145.9,280993
2021-04-29 09:32:55,3146.9,281023
2021-04-29 09:32:55,3146.9,281026
2021-04-29 09:32:56,3146.9,281027
2021-04-29 09:32:58,3147.0,281209
2021-04-29 09:32:59,3145.95,281243
2021-04-29 09:33:00,3147.0,281256
2021-04-29 09:33:00,3147.0,281262
2021-04-29 09:33:01,3147.0,281292
2021-04-29 09:33:02,3145.95,281371
2021-04-29 09:33:03,3146.9,281386
2021-04-29 09:33:05,3145.95,281404
2021-04-29 09:33:06,3145.95,281450
2021-04-29 09:33:07,3145.95,281497
2021-04-29 09:33:07,3146.75,281502
2021-04-29 09:33:08,3146.75,281502
2021-04-29 09:33:09,3145.95,281522
2021-04-29 09:33:11,3145.95,281542
2021-04-29 09:33:12,3146.75,281544
2021-04-29 09:33:13,3145.95,281545
2021-04-29 09:33:14,3145.95,281635
2021-04-29 09:33:14,3146.75,281644
2021-04-29 09:33:15,3147.35,281774
2021-04-29 09:33:17,3147.5,281855
2021-04-29 09:33:18,3147.5,281933
2021-04-29 09:33:19,3148.0,283068
2021-04-29 09:33:20,3148.0,283478
2021-04-29 09:33:21,3146.85,283551
2021-04-29 09:33:22,3147.75,283572
2021-04-29 09:33:23,3146.85,283640
2021-04-29 09:33:23,3147.55,283647
2021-04-29 09:33:25,3146.3,283691
2021-04-29 09:33:26,3146.3,283854
2021-04-29 09:33:27,3147.5,283895
2021-04-29 09:33:28,3146.25,283906
2021-04-29 09:33:28,3147.0,283913
2021-04-29 09:33:30,3147.0,284029
2021-04-29 09:33:31,3146.15,284051
2021-04-29 09:33:32,3146.15,284159
2021-04-29 09:33:33,3146.15,284176
2021-04-29 09:33:34,3146.15,284229
2021-04-29 09:33:35,3147.0,284273
2021-04-29 09:33:35,3146.15,284269
2021-04-29 09:33:37,3147.35,284466
2021-04-29 09:33:38,3147.6,284509
2021-04-29 09:33:39,3147.6,284516
2021-04-29 09:33:40,3146.25,284537
2021-04-29 09:33:40,3146.3,284526
2021-04-29 09:33:42,3146.15,284623
2021-04-29 09:33:43,3147.0,284739
2021-04-29 09:33:44,3146.35,284753
2021-04-29 09:33:45,3147.0,284754
2021-04-29 09:33:46,3146.35,284762
2021-04-29 09:33:47,3147.25,284943
2021-04-29 09:33:48,3147.25,284959
2021-04-29 09:33:50,3147.25,284970
2021-04-29 09:33:51,3147.0,285032
2021-04-29 09:33:52,3146.4,285052
2021-04-29 09:33:53,3147.25,285058
2021-04-29 09:33:54,3147.75,285167
2021-04-29 09:33:54,3146.25,285140
2021-04-29 09:33:56,3147.0,285177
2021-04-29 09:33:57,3147.0,285181
2021-04-29 09:33:58,3146.25,285208
2021-04-29 09:33:59,3146.25,285218
2021-04-29 09:34:00,3146.25,285251
2021-04-29 09:34:01,3146.25,286429
2021-04-29 09:34:02,3145.9,286901
2021-04-29 09:34:03,3146.35,286948
2021-04-29 09:34:04,3145.2,286966
2021-04-29 09:34:04,3145.6,287018
2021-04-29 09:34:06,3145.6,287095
2021-04-29 09:34:07,3145.6,287103
2021-04-29 09:34:08,3145.6,287113
2021-04-29 09:34:09,3145.6,287114
2021-04-29 09:34:10,3145.6,287225
2021-04-29 09:34:10,3145.65,287236
2021-04-29 09:34:11,3145.2,287242
2021-04-29 09:34:14,3145.8,287268
2021-04-29 09:34:15,3145.6,287273
2021-04-29 09:34:16,3145.2,287307
2021-04-29 09:34:17,3145.2,287399
2021-04-29 09:34:19,3145.6,287415
2021-04-29 09:34:20,3145.2,287434
2021-04-29 09:34:21,3145.2,287441
2021-04-29 09:34:22,3145.6,287463
2021-04-29 09:34:22,3145.6,287442
2021-04-29 09:34:24,3145.6,287466
2021-04-29 09:34:25,3145.6,287466
2021-04-29 09:34:26,3145.6,287467
2021-04-29 09:34:27,3145.2,287485
2021-04-29 09:34:28,3145.2,287497
2021-04-29 09:34:28,3145.0,287596
2021-04-29 09:34:29,3145.6,287616
2021-04-29 09:34:31,3145.2,287632
2021-04-29 09:34:32,3145.6,287769
2021-04-29 09:34:33,3145.0,287831
2021-04-29 09:34:34,3145.0,287901
2021-04-29 09:34:35,3145.0,287951
2021-04-29 09:34:36,3145.3,288174
2021-04-29 09:34:37,3145.0,288343
2021-04-29 09:34:37,3145.25,288361
2021-04-29 09:34:38,3144.4,288709
2021-04-29 09:34:40,3144.4,288904
2021-04-29 09:34:41,3144.4,288986
2021-04-29 09:34:42,3144.4,289032
2021-04-29 09:34:43,3145.15,289038
2021-04-29 09:34:44,3145.15,289168
2021-04-29 09:34:44,3144.4,289156
2021-04-29 09:34:46,3144.5,289226
2021-04-29 09:34:47,3145.1,289233
2021-04-29 09:34:48,3144.4,289277
2021-04-29 09:34:49,3144.0,289738
2021-04-29 09:34:50,3143.0,290059
2021-04-29 09:34:51,3143.0,290136
2021-04-29 09:34:52,3144.0,290234
2021-04-29 09:34:52,3144.0,290244
2021-04-29 09:34:54,3144.05,290550
2021-04-29 09:34:55,3142.75,290857
2021-04-29 09:34:56,3142.65,290936
2021-04-29 09:34:57,3142.75,290943
2021-04-29 09:34:58,3143.3,291099
2021-04-29 09:34:58,3143.25,291115
2021-04-29 09:35:00,3142.0,291459
2021-04-29 09:35:01,3142.45,291705
2021-04-29 09:35:02,3141.3,291880
2021-04-29 09:35:03,3142.45,291898
2021-04-29 09:35:04,3141.3,292154
2021-04-29 09:35:05,3141.25,292325
2021-04-29 09:35:05,3142.4,292342
2021-04-29 09:35:07,3142.35,292567
2021-04-29 09:35:08,3141.05,292675
2021-04-29 09:35:09,3141.1,292734
2021-04-29 09:35:10,3142.45,292921
2021-04-29 09:35:10,3142.85,292940
2021-04-29 09:35:12,3142.85,292966
2021-04-29 09:35:13,3142.85,292983
2021-04-29 09:35:14,3141.95,293613
2021-04-29 09:35:15,3143.45,293661
2021-04-29 09:35:16,3144.65,294258
2021-04-29 09:35:17,3145.55,294307
2021-04-29 09:35:17,3145.6,294364
2021-04-29 09:35:19,3144.55,294444
2021-04-29 09:35:21,3144.45,294781
2021-04-29 09:35:22,3145.8,294790
2021-04-29 09:35:23,3145.6,294809
2021-04-29 09:35:23,3145.6,294811
2021-04-29 09:35:25,3145.6,294865
2021-04-29 09:35:26,3145.5,295282
2021-04-29 09:35:27,3145.7,295562
2021-04-29 09:35:28,3144.65,295617
2021-04-29 09:35:29,3144.65,295632
2021-04-29 09:35:30,3145.05,295704
2021-04-29 09:35:32,3144.0,296778
2021-04-29 09:35:33,3144.0,296942
2021-04-29 09:35:34,3144.0,296958
2021-04-29 09:35:35,3144.25,297470
2021-04-29 09:35:36,3144.4,297538
2021-04-29 09:35:37,3144.5,297577
2021-04-29 09:35:38,3144.5,297624
2021-04-29 09:35:40,3144.55,297756
2021-04-29 09:35:39,3144.0,297744
2021-04-29 09:35:41,3143.4,297798
2021-04-29 09:35:42,3144.55,297836
2021-04-29 09:35:43,3144.6,297949
2021-04-29 09:35:44,3144.0,298060
2021-04-29 09:35:45,3144.3,298131
2021-04-29 09:35:46,3143.4,298258
2021-04-29 09:35:47,3145.0,298313
2021-04-29 09:35:48,3145.0,298362
2021-04-29 09:35:49,3144.9,298373
2021-04-29 09:35:50,3143.55,298465
2021-04-29 09:35:52,3143.55,298505
2021-04-29 09:35:53,3144.0,298514
2021-04-29 09:35:54,3144.0,298514
2021-04-29 09:35:55,3144.0,298514
2021-04-29 09:35:56,3144.0,298557
2021-04-29 09:35:58,3144.0,298563
2021-04-29 09:35:57,3144.0,298562
2021-04-29 09:35:59,3144.0,298582
2021-04-29 09:36:00,3143.05,298617
2021-04-29 09:36:01,3144.3,298943
2021-04-29 09:36:03,3144.35,298986
2021-04-29 09:36:02,3143.5,298977
2021-04-29 09:36:04,3143.25,299129
2021-04-29 09:36:05,3143.25,299163
2021-04-29 09:36:06,3144.4,299284
2021-04-29 09:36:07,3144.4,299296
2021-04-29 09:36:08,3144.4,299299
2021-04-29 09:36:09,3144.4,299299
2021-04-29 09:36:10,3144.4,299323
2021-04-29 09:36:11,3144.0,299348
2021-04-29 09:36:12,3144.5,299546
2021-04-29 09:36:13,3143.25,299586
2021-04-29 09:36:14,3143.25,299644
2021-04-29 09:36:16,3143.15,299712
2021-04-29 09:36:15,3144.5,299649
2021-04-29 09:36:17,3143.15,299721
2021-04-29 09:36:18,3143.15,299725
2021-04-29 09:36:19,3143.15,299732
2021-04-29 09:36:20,3144.5,299863
2021-04-29 09:36:21,3144.5,299876
2021-04-29 09:36:22,3144.5,299889
2021-04-29 09:36:23,3144.5,299890
2021-04-29 09:36:24,3143.4,299938
2021-04-29 09:36:25,3144.55,299943
2021-04-29 09:36:26,3143.4,299962
2021-04-29 09:36:27,3143.45,300140
2021-04-29 09:36:28,3144.0,300160
2021-04-29 09:36:29,3143.35,300228
2021-04-29 09:36:30,3144.0,300279
2021-04-29 09:36:31,3143.65,300287
2021-04-29 09:36:32,3144.0,300288
2021-04-29 09:36:33,3144.0,300290
2021-04-29 09:36:34,3144.35,300680
2021-04-29 09:36:35,3144.35,300728
2021-04-29 09:36:36,3143.45,300795
2021-04-29 09:36:38,3144.4,300802
2021-04-29 09:36:37,3144.4,300801
2021-04-29 09:36:39,3144.4,300824
2021-04-29 09:36:40,3144.4,300826
2021-04-29 09:36:41,3144.4,300875
2021-04-29 09:36:42,3143.45,301039
2021-04-29 09:36:43,3144.4,301056
2021-04-29 09:36:44,3143.45,301157
2021-04-29 09:36:45,3144.4,301167
2021-04-29 09:36:46,3143.45,301183
2021-04-29 09:36:47,3143.45,301192
2021-04-29 09:36:48,3144.85,301373
2021-04-29 09:36:49,3144.85,301391
2021-04-29 09:36:50,3144.4,301459
2021-04-29 09:36:51,3144.4,301506
2021-04-29 09:36:52,3144.85,301511
2021-04-29 09:36:53,3144.85,301511
2021-04-29 09:36:54,3144.4,301571
2021-04-29 09:36:55,3145.4,301853
2021-04-29 09:36:56,3145.4,301881
2021-04-29 09:36:57,3145.4,301884
2021-04-29 09:36:58,3144.4,301927
2021-04-29 09:36:59,3144.4,302002
2021-04-29 09:37:00,3144.4,302029
2021-04-29 09:37:01,3144.3,302232
2021-04-29 09:37:02,3145.9,302347
2021-04-29 09:37:03,3145.9,302369
2021-04-29 09:37:04,3145.9,302371
2021-04-29 09:37:05,3144.9,302386
2021-04-29 09:37:06,3144.9,302429
2021-04-29 09:37:07,3144.9,302448
2021-04-29 09:37:08,3144.9,302460
2021-04-29 09:37:09,3145.0,302559
2021-04-29 09:37:10,3145.65,302584
2021-04-29 09:37:11,3145.65,302587
2021-04-29 09:37:12,3144.9,302665
2021-04-29 09:37:13,3145.0,302727
2021-04-29 09:37:14,3145.45,302731
2021-04-29 09:37:15,3145.0,302835
2021-04-29 09:37:16,3145.9,302845
2021-04-29 09:37:17,3145.9,302899
2021-04-29 09:37:18,3145.9,302905
2021-04-29 09:37:19,3145.5,302907
2021-04-29 09:37:20,3145.9,302931
2021-04-29 09:37:22,3145.9,303010
2021-04-29 09:37:23,3145.9,303011
2021-04-29 09:37:24,3145.9,303011
2021-04-29 09:37:25,3145.8,303014
2021-04-29 09:37:26,3145.8,303034
2021-04-29 09:37:27,3146.0,303215
2021-04-29 09:37:28,3145.45,303236
2021-04-29 09:37:29,3145.45,303243
2021-04-29 09:37:30,3146.0,303258
2021-04-29 09:37:31,3146.0,303259
2021-04-29 09:37:32,3146.0,303260
2021-04-29 09:37:33,3146.0,303260
2021-04-29 09:37:34,3145.45,303326
2021-04-29 09:37:35,3145.7,303372
2021-04-29 09:37:36,3145.35,303597
2021-04-29 09:37:37,3145.8,303620
2021-04-29 09:37:38,3145.85,303641
2021-04-29 09:37:39,3145.35,303694
2021-04-29 09:37:40,3145.7,303699
2021-04-29 09:37:42,3145.8,303706
2021-04-29 09:37:42,3145.35,303762
2021-04-29 09:37:43,3145.8,303767
2021-04-29 09:37:44,3145.8,303768
2021-04-29 09:37:45,3145.35,303769
2021-04-29 09:37:46,3145.35,303806
2021-04-29 09:37:47,3145.35,303870
2021-04-29 09:37:48,3145.8,303876
2021-04-29 09:37:49,3145.8,303887
2021-04-29 09:37:51,3145.6,303889
2021-04-29 09:37:51,3145.6,303889
2021-04-29 09:37:52,3145.6,303889
2021-04-29 09:37:53,3145.6,303889
2021-04-29 09:37:54,3145.8,303994
2021-04-29 09:37:55,3145.8,304061
2021-04-29 09:37:56,3145.8,304068
2021-04-29 09:37:58,3145.8,304123
2021-04-29 09:37:58,3145.8,304129
2021-04-29 09:37:59,3145.85,304187
2021-04-29 09:38:00,3146.05,304722
2021-04-29 09:38:01,3145.8,304791
2021-04-29 09:38:02,3146.1,304818
2021-04-29 09:38:03,3146.2,304845
2021-04-29 09:38:04,3145.5,304973
2021-04-29 09:38:05,3146.2,304988
2021-04-29 09:38:07,3146.5,305091
2021-04-29 09:38:07,3146.25,305182
2021-04-29 09:38:08,3146.25,305191
2021-04-29 09:38:09,3146.25,305266
2021-04-29 09:38:10,3146.25,305273
2021-04-29 09:38:11,3146.25,305274
2021-04-29 09:38:12,3146.15,305302
2021-04-29 09:38:13,3146.15,305317
2021-04-29 09:38:14,3146.45,305373
2021-04-29 09:38:15,3145.55,305550
2021-04-29 09:38:17,3146.25,305566
2021-04-29 09:38:17,3146.6,305569
2021-04-29 09:38:18,3146.0,305570
2021-04-29 09:38:19,3146.6,305635
2021-04-29 09:38:20,3146.85,305641
2021-04-29 09:38:21,3147.2,305966
2021-04-29 09:38:22,3147.15,306022
2021-04-29 09:38:24,3147.2,306157
2021-04-29 09:38:26,3146.6,306164
2021-04-29 09:38:26,3147.2,306165
2021-04-29 09:38:27,3146.5,306182
2021-04-29 09:38:28,3146.5,306266
2021-04-29 09:38:29,3146.5,306275
2021-04-29 09:38:30,3146.5,306276
2021-04-29 09:38:31,3146.5,306276
2021-04-29 09:38:33,3146.25,306339
2021-04-29 09:38:33,3146.5,306360
2021-04-29 09:38:34,3146.5,306423
2021-04-29 09:38:35,3146.55,306429
2021-04-29 09:38:36,3146.75,306440
2021-04-29 09:38:37,3146.75,306501
2021-04-29 09:38:38,3146.75,306507
2021-04-29 09:38:40,3146.4,306966
2021-04-29 09:38:40,3146.8,307091
2021-04-29 09:38:41,3146.8,307104
2021-04-29 09:38:42,3146.4,307192
2021-04-29 09:38:43,3146.4,307298
2021-04-29 09:38:44,3147.0,307529
2021-04-29 09:38:45,3146.5,307632
2021-04-29 09:38:46,3146.7,307689
2021-04-29 09:38:48,3146.7,307748
2021-04-29 09:38:48,3147.0,307754
2021-04-29 09:38:49,3146.5,308002
2021-04-29 09:38:50,3146.0,308168
2021-04-29 09:38:51,3146.0,308204
2021-04-29 09:38:53,3144.85,308577
2021-04-29 09:38:54,3144.95,308619
2021-04-29 09:38:54,3145.05,308721
2021-04-29 09:38:55,3143.5,308862
2021-04-29 09:38:56,3144.0,308970
2021-04-29 09:38:57,3144.0,308981
2021-04-29 09:38:58,3144.0,309160
2021-04-29 09:39:00,3143.05,309269
2021-04-29 09:39:00,3143.15,309279
2021-04-29 09:39:01,3143.15,309280
2021-04-29 09:39:02,3143.3,309301
2021-04-29 09:39:03,3143.3,309303
2021-04-29 09:39:04,3143.3,309303
2021-04-29 09:39:05,3143.3,309311
2021-04-29 09:39:07,3143.3,309312
2021-04-29 09:39:08,3143.3,309313
2021-04-29 09:39:09,3143.3,309313
2021-04-29 09:39:09,3143.3,309313
2021-04-29 09:39:10,3143.05,309428
2021-04-29 09:39:11,3143.0,309569
2021-04-29 09:39:12,3142.85,309584
2021-04-29 09:39:13,3142.85,309590
2021-04-29 09:39:15,3142.0,309892
2021-04-29 09:39:15,3142.75,309921
2021-04-29 09:39:16,3142.75,309927
2021-04-29 09:39:17,3142.75,309927
2021-04-29 09:39:18,3142.1,310046
2021-04-29 09:39:19,3142.85,310079
2021-04-29 09:39:20,3142.1,310088
2021-04-29 09:39:21,3142.85,310094
2021-04-29 09:39:22,3142.85,310110
2021-04-29 09:39:23,3141.4,310293
2021-04-29 09:39:24,3141.2,310471
2021-04-29 09:39:26,3142.0,310509
2021-04-29 09:39:27,3142.5,310574
2021-04-29 09:39:27,3141.0,310700
2021-04-29 09:39:28,3142.1,311316
2021-04-29 09:39:29,3142.35,311426
2021-04-29 09:39:30,3142.5,311647
2021-04-29 09:39:32,3143.5,311679
2021-04-29 09:39:33,3143.65,311683
2021-04-29 09:39:33,3143.65,311683
2021-04-29 09:39:35,3142.5,311771
2021-04-29 09:39:36,3143.45,311772
2021-04-29 09:39:37,3143.45,311772
2021-04-29 09:39:38,3143.35,311992
2021-04-29 09:39:39,3143.35,312015
2021-04-29 09:39:40,3142.4,312148
2021-04-29 09:39:42,3142.4,312167
2021-04-29 09:39:42,3143.35,312168
2021-04-29 09:39:43,3143.35,312169
2021-04-29 09:39:44,3141.65,312654
2021-04-29 09:39:47,3143.45,313260
2021-04-29 09:39:47,3142.6,313254
2021-04-29 09:39:48,3143.75,313305
2021-04-29 09:39:49,3142.35,313357
2021-04-29 09:39:50,3143.0,313388
2021-04-29 09:39:51,3143.0,313447
2021-04-29 09:39:52,3143.5,313453
2021-04-29 09:39:54,3143.5,313463
2021-04-29 09:39:55,3143.5,313479
2021-04-29 09:39:56,3143.5,313504
2021-04-29 09:39:56,3143.5,313506
2021-04-29 09:39:57,3143.5,313506
2021-04-29 09:39:58,3143.5,313507
2021-04-29 09:40:00,3143.5,313507
2021-04-29 09:40:01,3143.0,313516
2021-04-29 09:40:02,3143.5,313517
2021-04-29 09:40:03,3143.5,313521
2021-04-29 09:40:03,3143.5,313521
2021-04-29 09:40:05,3143.0,313588
2021-04-29 09:40:07,3143.5,313594
2021-04-29 09:40:08,3143.5,313595
2021-04-29 09:40:08,3143.5,313595
2021-04-29 09:40:09,3143.0,313604
2021-04-29 09:40:10,3143.5,313605
2021-04-29 09:40:12,3142.9,314227
2021-04-29 09:40:13,3143.05,314445
2021-04-29 09:40:14,3143.05,314468
2021-04-29 09:40:15,3143.3,314476
2021-04-29 09:40:15,3143.25,314477
2021-04-29 09:40:16,3143.25,314477
2021-04-29 09:40:17,3143.25,314477
2021-04-29 09:40:19,3143.0,314497
2021-04-29 09:40:20,3142.2,314560
2021-04-29 09:40:20,3143.25,314603
2021-04-29 09:40:21,3143.25,314677
2021-04-29 09:40:22,3141.9,314693
2021-04-29 09:40:24,3141.85,314746
2021-04-29 09:40:24,3142.2,314794
2021-04-29 09:40:26,3141.9,314801
2021-04-29 09:40:27,3141.85,315487
2021-04-29 09:40:28,3140.2,315724
2021-04-29 09:40:29,3141.85,315802
2021-04-29 09:40:29,3140.4,315853
2021-04-29 09:40:30,3140.0,316907
2021-04-29 09:40:31,3140.7,317444
2021-04-29 09:40:33,3139.3,317504
2021-04-29 09:40:34,3139.3,317549
2021-04-29 09:40:34,3139.3,317564
2021-04-29 09:40:35,3138.4,317646
2021-04-29 09:40:36,3138.45,317779
2021-04-29 09:40:38,3138.45,318050
2021-04-29 09:40:39,3138.45,318123
2021-04-29 09:40:40,3138.0,318453
2021-04-29 09:40:40,3138.0,318499
2021-04-29 09:40:44,3138.4,319015
2021-04-29 09:40:44,3137.95,319034
2021-04-29 09:40:46,3137.75,319132
2021-04-29 09:40:47,3138.3,319575
2021-04-29 09:40:47,3139.05,319583
2021-04-29 09:40:48,3139.1,319732
2021-04-29 09:40:49,3138.0,319770
2021-04-29 09:40:51,3139.15,319852
2021-04-29 09:40:52,3138.0,319900
2021-04-29 09:40:53,3139.15,320531
2021-04-29 09:40:54,3138.4,320687
2021-04-29 09:40:56,3139.2,320793
2021-04-29 09:40:59,3139.9,321050
2021-04-29 09:40:59,3140.7,321075
2021-04-29 09:41:00,3139.0,321109
2021-04-29 09:41:01,3140.25,321302
2021-04-29 09:41:02,3140.1,321376
2021-04-29 09:41:04,3139.0,321428
2021-04-29 09:41:05,3140.1,321448
2021-04-29 09:41:06,3140.1,321475
2021-04-29 09:41:06,3139.0,321493
2021-04-29 09:41:07,3140.05,321498
2021-04-29 09:41:08,3140.15,321518
2021-04-29 09:41:11,3139.75,322291
2021-04-29 09:41:12,3139.7,322314
2021-04-29 09:41:12,3140.1,322367
2021-04-29 09:41:13,3141.1,322712
2021-04-29 09:41:14,3139.1,322793
2021-04-29 09:41:16,3140.25,322826
2021-04-29 09:41:17,3139.9,323049
2021-04-29 09:41:17,3140.25,323166
2021-04-29 09:41:19,3140.3,323314
2021-04-29 09:41:20,3140.15,323330
2021-04-29 09:41:21,3140.3,323331
2021-04-29 09:41:21,3140.3,323331
2021-04-29 09:41:22,3140.3,323332
2021-04-29 09:41:23,3140.3,323332
2021-04-29 09:41:24,3139.75,323339
2021-04-29 09:41:25,3140.1,323420
2021-04-29 09:41:27,3140.0,323553
2021-04-29 09:41:28,3139.4,323569
2021-04-29 09:41:29,3140.4,323571
2021-04-29 09:41:29,3140.4,323571
2021-04-29 09:41:30,3139.4,323607
2021-04-29 09:41:31,3139.3,324072
2021-04-29 09:41:32,3139.4,324120
2021-04-29 09:41:34,3139.3,324265
2021-04-29 09:41:35,3139.3,324278
2021-04-29 09:41:36,3139.4,324279
2021-04-29 09:41:37,3139.4,324280
2021-04-29 09:41:38,3139.4,324286
2021-04-29 09:41:39,3139.3,324337
2021-04-29 09:41:41,3139.25,324495
2021-04-29 09:41:42,3139.45,324528
2021-04-29 09:41:43,3139.45,324531
2021-04-29 09:41:45,3139.0,324631
2021-04-29 09:41:46,3138.45,324643
2021-04-29 09:41:47,3138.45,324655
2021-04-29 09:41:48,3137.95,325431
2021-04-29 09:41:49,3139.0,325602
2021-04-29 09:41:50,3139.0,325619
2021-04-29 09:41:51,3138.9,325621
2021-04-29 09:41:52,3138.9,325623
2021-04-29 09:41:52,3138.9,325624
2021-04-29 09:41:53,3138.95,325634
2021-04-29 09:41:54,3138.9,325649
2021-04-29 09:41:55,3138.9,325659
2021-04-29 09:41:56,3138.9,325797
2021-04-29 09:41:57,3139.0,325854
2021-04-29 09:41:58,3139.3,326141
2021-04-29 09:41:59,3137.75,326218
2021-04-29 09:42:00,3139.15,326226
2021-04-29 09:42:01,3139.15,326226
2021-04-29 09:42:03,3139.05,326366
2021-04-29 09:42:04,3137.9,326423
2021-04-29 09:42:05,3138.05,326570
2021-04-29 09:42:06,3138.85,326632
2021-04-29 09:42:07,3139.45,326638
2021-04-29 09:42:08,3139.0,326665
2021-04-29 09:42:09,3139.5,326696
2021-04-29 09:42:10,3139.5,326789
2021-04-29 09:42:11,3138.9,326814
2021-04-29 09:42:12,3138.9,326836
2021-04-29 09:42:13,3139.9,326889
2021-04-29 09:42:14,3139.9,326895
2021-04-29 09:42:15,3139.45,326896
2021-04-29 09:42:16,3139.45,326896
2021-04-29 09:42:17,3140.1,326906
2021-04-29 09:42:18,3140.1,326923
2021-04-29 09:42:19,3139.05,326990
2021-04-29 09:42:19,3140.1,326997
2021-04-29 09:42:20,3138.95,327048
2021-04-29 09:42:21,3140.1,327136
2021-04-29 09:42:23,3140.1,327144
2021-04-29 09:42:24,3140.1,327150
2021-04-29 09:42:25,3140.1,327156
2021-04-29 09:42:26,3140.75,328233
2021-04-29 09:42:27,3141.25,328279
2021-04-29 09:42:28,3141.25,328370
2021-04-29 09:42:28,3141.75,328379
2021-04-29 09:42:29,3140.8,328392
2021-04-29 09:42:31,3142.15,328575
2021-04-29 09:42:32,3142.2,328588
2021-04-29 09:42:33,3142.65,328593
2021-04-29 09:42:34,3143.3,328599
2021-04-29 09:42:35,3142.2,328628
2021-04-29 09:42:36,3142.2,328667
2021-04-29 09:42:37,3142.25,328792
2021-04-29 09:42:37,3141.35,328814
2021-04-29 09:42:38,3142.25,328831
2021-04-29 09:42:39,3141.35,328834
2021-04-29 09:42:40,3141.25,328944
2021-04-29 09:42:41,3141.65,329029
2021-04-29 09:42:42,3142.65,329082
2021-04-29 09:42:43,3142.65,329089
2021-04-29 09:42:44,3141.55,329148
2021-04-29 09:42:45,3142.65,329154
2021-04-29 09:42:47,3142.65,329162
2021-04-29 09:42:48,3142.65,329167
2021-04-29 09:42:49,3142.65,329200
2021-04-29 09:42:52,3141.75,329243
2021-04-29 09:42:53,3141.7,329275
2021-04-29 09:42:54,3142.7,329280
2021-04-29 09:42:55,3142.65,329307
2021-04-29 09:42:56,3142.65,329347
2021-04-29 09:42:57,3142.55,329351
2021-04-29 09:42:57,3141.6,329364
2021-04-29 09:42:58,3142.55,329366
2021-04-29 09:42:59,3142.55,329372
2021-04-29 09:43:00,3142.55,329373
2021-04-29 09:43:02,3142.75,329436
2021-04-29 09:43:03,3141.6,329452
2021-04-29 09:43:04,3142.7,329453
2021-04-29 09:43:05,3142.7,329453
2021-04-29 09:43:06,3142.4,330145
2021-04-29 09:43:06,3141.6,330082
2021-04-29 09:43:07,3141.6,330214
2021-04-29 09:43:08,3142.4,330221
2021-04-29 09:43:09,3142.55,330722
2021-04-29 09:43:10,3142.55,330772
2021-04-29 09:43:12,3141.6,330934
2021-04-29 09:43:13,3142.6,330950
2021-04-29 09:43:14,3142.65,330953
2021-04-29 09:43:14,3142.65,330953
2021-04-29 09:43:15,3142.65,330954
2021-04-29 09:43:16,3142.5,330965
2021-04-29 09:43:17,3141.6,330971
2021-04-29 09:43:18,3142.55,330975
2021-04-29 09:43:19,3142.65,330977
2021-04-29 09:43:21,3141.6,331078
2021-04-29 09:43:22,3142.0,331089
2021-04-29 09:43:23,3142.65,331092
2021-04-29 09:43:24,3141.9,331155
2021-04-29 09:43:25,3142.65,331173
2021-04-29 09:43:26,3142.55,331432
2021-04-29 09:43:27,3142.0,331546
2021-04-29 09:43:28,3142.0,331558
2021-04-29 09:43:29,3142.0,331563
2021-04-29 09:43:31,3142.0,331583
2021-04-29 09:43:32,3142.0,331585
2021-04-29 09:43:33,3142.95,331981
2021-04-29 09:43:34,3143.0,332021
2021-04-29 09:43:35,3143.0,332025
2021-04-29 09:43:36,3143.0,332097
2021-04-29 09:43:37,3142.15,332137
2021-04-29 09:43:38,3143.0,332141
2021-04-29 09:43:39,3142.15,332198
2021-04-29 09:43:40,3143.0,332205
2021-04-29 09:43:42,3142.1,332330
2021-04-29 09:43:43,3143.0,332367
2021-04-29 09:43:44,3143.0,332371
2021-04-29 09:43:44,3143.0,332371
2021-04-29 09:43:45,3143.0,332379
2021-04-29 09:43:47,3143.0,332380
2021-04-29 09:43:48,3142.2,332382
2021-04-29 09:43:49,3142.85,332394
2021-04-29 09:43:51,3142.9,332409
2021-04-29 09:43:51,3142.2,332411
2021-04-29 09:43:52,3142.2,332411
2021-04-29 09:43:53,3142.2,332419
2021-04-29 09:43:54,3142.1,332509
2021-04-29 09:43:55,3142.15,332598
2021-04-29 09:43:57,3142.1,332905
2021-04-29 09:43:58,3143.3,332982
2021-04-29 09:43:59,3143.3,332989
2021-04-29 09:44:00,3142.1,333005
2021-04-29 09:44:01,3142.8,333158
2021-04-29 09:44:02,3142.75,333173
2021-04-29 09:44:03,3142.05,333175
2021-04-29 09:44:03,3142.9,333176
2021-04-29 09:44:04,3142.95,333188
2021-04-29 09:44:05,3142.95,333189
2021-04-29 09:44:07,3143.0,333191
2021-04-29 09:44:07,3143.0,333191
2021-04-29 09:44:08,3142.95,333194
2021-04-29 09:44:10,3143.0,333314
2021-04-29 09:44:11,3143.3,333383
2021-04-29 09:44:12,3143.3,333389
2021-04-29 09:44:13,3142.95,333395
2021-04-29 09:44:14,3142.85,333506
2021-04-29 09:44:15,3142.85,333589
2021-04-29 09:44:16,3143.4,333597
2021-04-29 09:44:17,3143.45,333685
2021-04-29 09:44:17,3142.85,333677
2021-04-29 09:44:19,3142.85,333687
2021-04-29 09:44:20,3142.85,333687
2021-04-29 09:44:21,3143.5,333697
2021-04-29 09:44:22,3142.85,333700
2021-04-29 09:44:23,3142.85,333700
2021-04-29 09:44:24,3142.85,333700
2021-04-29 09:44:24,3142.85,333700
2021-04-29 09:44:25,3143.4,333751
2021-04-29 09:44:26,3142.85,333893
2021-04-29 09:44:27,3143.4,333908
2021-04-29 09:44:28,3143.5,333915
2021-04-29 09:44:29,3143.5,333916
2021-04-29 09:44:31,3143.5,333926
2021-04-29 09:44:31,3143.5,333927
2021-04-29 09:44:33,3143.5,333927
2021-04-29 09:44:34,3142.85,333957
2021-04-29 09:44:35,3143.5,333960
2021-04-29 09:44:36,3143.5,334066
2021-04-29 09:44:37,3143.0,334078
2021-04-29 09:44:38,3143.5,334079
2021-04-29 09:44:39,3143.05,334082
2021-04-29 09:44:40,3143.5,334083
2021-04-29 09:44:41,3142.9,334105
2021-04-29 09:44:41,3142.95,334107
2021-04-29 09:44:42,3142.95,334185
2021-04-29 09:44:44,3142.95,334193
2021-04-29 09:44:45,3142.95,334230
2021-04-29 09:44:46,3142.95,334254
2021-04-29 09:44:47,3142.95,334256
2021-04-29 09:44:48,3142.95,334256
2021-04-29 09:44:48,3142.95,334256
2021-04-29 09:44:50,3142.9,334257
2021-04-29 09:44:51,3143.5,334260
2021-04-29 09:44:52,3143.5,334260
2021-04-29 09:44:53,3143.5,334271
2021-04-29 09:44:54,3143.5,334282
2021-04-29 09:44:55,3142.85,334383
2021-04-29 09:44:56,3143.55,334443
2021-04-29 09:44:57,3143.9,334545
2021-04-29 09:44:58,3143.8,334563
2021-04-29 09:44:59,3143.9,334691
2021-04-29 09:44:59,3143.9,334704
2021-04-29 09:45:00,3143.9,334720
2021-04-29 09:45:01,3143.8,334734
2021-04-29 09:45:02,3143.8,334744
2021-04-29 09:45:03,3143.7,334755
2021-04-29 09:45:04,3143.9,334757
2021-04-29 09:45:06,3143.9,334809
2021-04-29 09:45:07,3144.0,334935
2021-04-29 09:45:08,3144.0,334948
2021-04-29 09:45:09,3144.0,334949
2021-04-29 09:45:10,3144.0,334999
2021-04-29 09:45:11,3144.9,336010
2021-04-29 09:45:14,3143.9,336273
2021-04-29 09:45:15,3145.0,336312
2021-04-29 09:45:16,3145.0,336372
2021-04-29 09:45:16,3145.0,336385
2021-04-29 09:45:18,3143.9,336389
2021-04-29 09:45:19,3145.0,336394
2021-04-29 09:45:20,3145.0,336424
2021-04-29 09:45:21,3144.0,336431
2021-04-29 09:45:22,3145.0,336432
2021-04-29 09:45:23,3145.0,336432
2021-04-29 09:45:23,3145.0,336432
2021-04-29 09:45:25,3144.95,336442
2021-04-29 09:45:26,3143.9,336611
2021-04-29 09:45:28,3144.95,336630
2021-04-29 09:45:29,3145.0,336740
2021-04-29 09:45:30,3143.9,336813
2021-04-29 09:45:31,3145.0,336875
2021-04-29 09:45:31,3145.0,336882
2021-04-29 09:45:32,3145.0,336883
2021-04-29 09:45:34,3145.0,336889
2021-04-29 09:45:35,3145.0,336890
2021-04-29 09:45:36,3143.9,337592
2021-04-29 09:45:37,3144.15,337662
2021-04-29 09:45:38,3144.2,337669
2021-04-29 09:45:39,3144.25,337674
2021-04-29 09:45:40,3144.25,337692
2021-04-29 09:45:42,3143.65,337732
2021-04-29 09:45:43,3143.65,337741
2021-04-29 09:45:45,3143.65,337929
2021-04-29 09:45:46,3143.65,337934
2021-04-29 09:45:47,3143.15,337960
2021-04-29 09:45:48,3143.65,338004
2021-04-29 09:45:49,3143.85,338035
2021-04-29 09:45:49,3143.85,338039
2021-04-29 09:45:51,3143.15,338049
2021-04-29 09:45:52,3142.85,338126
2021-04-29 09:45:53,3142.85,338147
2021-04-29 09:45:54,3142.6,338150
2021-04-29 09:45:55,3142.0,338350
2021-04-29 09:45:56,3142.2,338406
2021-04-29 09:45:57,3142.1,338412
2021-04-29 09:45:59,3142.25,338901
2021-04-29 09:45:59,3142.25,338879
2021-04-29 09:46:01,3142.25,338904
2021-04-29 09:46:02,3141.2,339004
2021-04-29 09:46:03,3142.25,339023
2021-04-29 09:46:04,3141.3,339067
2021-04-29 09:46:05,3142.0,339117
2021-04-29 09:46:05,3142.25,339122
2021-04-29 09:46:06,3142.25,339122
2021-04-29 09:46:08,3142.0,339203
2021-04-29 09:46:09,3142.0,339218
2021-04-29 09:46:10,3142.3,339220
2021-04-29 09:46:11,3142.0,339290
2021-04-29 09:46:12,3142.0,339324
2021-04-29 09:46:13,3142.0,339350
2021-04-29 09:46:14,3142.45,339353
2021-04-29 09:46:15,3141.9,339421
2021-04-29 09:46:16,3141.9,339434
2021-04-29 09:46:17,3142.65,339438
2021-04-29 09:46:18,3142.0,339589
2021-04-29 09:46:19,3142.3,339604
2021-04-29 09:46:20,3142.0,339867
2021-04-29 09:46:21,3142.3,339894
2021-04-29 09:46:22,3142.3,339896
2021-04-29 09:46:23,3142.0,339926
2021-04-29 09:46:24,3142.3,339939
2021-04-29 09:46:25,3142.3,339944
2021-04-29 09:46:26,3142.3,339945
2021-04-29 09:46:28,3141.9,340217
2021-04-29 09:46:30,3141.8,340385
2021-04-29 09:46:31,3141.05,340511
2021-04-29 09:46:32,3140.4,340569
2021-04-29 09:46:33,3141.55,340630
2021-04-29 09:46:34,3141.85,340854
2021-04-29 09:46:36,3141.15,340878
2021-04-29 09:46:37,3141.15,340878
2021-04-29 09:46:38,3141.15,340878
2021-04-29 09:46:39,3141.05,341028
2021-04-29 09:46:40,3141.15,341049
2021-04-29 09:46:41,3141.2,341052
2021-04-29 09:46:42,3140.2,341055
2021-04-29 09:46:43,3140.25,341056
2021-04-29 09:46:44,3141.0,341076
2021-04-29 09:46:45,3140.0,341180
2021-04-29 09:46:46,3141.0,341191
2021-04-29 09:46:47,3141.3,341255
2021-04-29 09:46:48,3141.3,341272
2021-04-29 09:46:49,3141.0,341509
2021-04-29 09:46:50,3140.0,341561
2021-04-29 09:46:51,3140.0,341584
2021-04-29 09:46:52,3140.85,341586
2021-04-29 09:46:53,3140.85,341586
2021-04-29 09:46:54,3140.0,341589
2021-04-29 09:46:55,3140.25,341590
2021-04-29 09:46:56,3140.25,341590
2021-04-29 09:46:57,3140.0,341659
2021-04-29 09:46:58,3140.45,341770
2021-04-29 09:46:59,3140.0,341837
2021-04-29 09:47:00,3140.0,341875
2021-04-29 09:47:01,3140.45,341879
2021-04-29 09:47:02,3139.9,342000
2021-04-29 09:47:03,3140.0,342010
2021-04-29 09:47:04,3140.55,342023
2021-04-29 09:47:05,3140.55,342024
2021-04-29 09:47:06,3140.5,342052
2021-04-29 09:47:07,3139.7,342096
2021-04-29 09:47:09,3140.45,342101
2021-04-29 09:47:08,3140.45,342100
2021-04-29 09:47:10,3139.7,342111
2021-04-29 09:47:11,3139.6,342165
2021-04-29 09:47:12,3139.9,342375
2021-04-29 09:47:13,3140.9,342854
2021-04-29 09:47:14,3140.95,342902
2021-04-29 09:47:15,3140.0,342915
2021-04-29 09:47:16,3140.95,342916
2021-04-29 09:47:17,3140.95,342916
2021-04-29 09:47:18,3140.95,342932
2021-04-29 09:47:20,3140.05,342990
2021-04-29 09:47:21,3140.95,343056
2021-04-29 09:47:22,3139.9,343172
2021-04-29 09:47:23,3141.0,343607
2021-04-29 09:47:24,3141.35,343651
2021-04-29 09:47:25,3141.35,343988
2021-04-29 09:47:26,3141.35,344030
2021-04-29 09:47:27,3141.4,344034
2021-04-29 09:47:28,3141.4,344034
2021-04-29 09:47:29,3140.3,344040
2021-04-29 09:47:30,3140.15,344052
2021-04-29 09:47:31,3140.05,344068
2021-04-29 09:47:32,3141.05,344083
2021-04-29 09:47:33,3140.9,344108
2021-04-29 09:47:35,3140.9,344111
2021-04-29 09:47:34,3140.9,344111
2021-04-29 09:47:36,3141.25,344131
2021-04-29 09:47:37,3140.45,344134
2021-04-29 09:47:38,3140.05,344320
2021-04-29 09:47:40,3140.95,344341
2021-04-29 09:47:39,3140.95,344339
2021-04-29 09:47:41,3140.2,344457
2021-04-29 09:47:42,3140.2,344482
2021-04-29 09:47:43,3140.4,344484
2021-04-29 09:47:45,3143.2,344955
2021-04-29 09:47:44,3140.8,344702
2021-04-29 09:47:46,3143.6,344980
2021-04-29 09:47:47,3144.0,345074
2021-04-29 09:47:48,3144.0,345083
2021-04-29 09:47:50,3143.15,345085
2021-04-29 09:47:49,3144.0,345084
2021-04-29 09:47:51,3143.15,345108
2021-04-29 09:47:52,3144.0,345178
2021-04-29 09:47:53,3143.15,345195
2021-04-29 09:47:54,3143.7,345205
2021-04-29 09:47:55,3143.7,345206
2021-04-29 09:47:56,3141.6,345256
2021-04-29 09:47:57,3140.05,345611
2021-04-29 09:47:58,3140.05,345676
2021-04-29 09:47:59,3141.45,345776
2021-04-29 09:48:00,3141.45,345782
2021-04-29 09:48:01,3141.0,345986
2021-04-29 09:48:02,3139.9,346213
2021-04-29 09:48:03,3139.95,346236
2021-04-29 09:48:04,3139.0,347173
2021-04-29 09:48:05,3139.0,347263
2021-04-29 09:48:06,3140.0,347281
2021-04-29 09:48:08,3139.15,347283
2021-04-29 09:48:09,3139.15,347288
2021-04-29 09:48:10,3139.15,347289
2021-04-29 09:48:11,3138.9,347529
2021-04-29 09:48:12,3138.6,347611
2021-04-29 09:48:13,3138.65,347791
2021-04-29 09:48:14,3138.45,347902
2021-04-29 09:48:15,3139.8,347913
2021-04-29 09:48:16,3139.75,347914
2021-04-29 09:48:18,3138.5,347965
2021-04-29 09:48:20,3139.75,348017
2021-04-29 09:48:20,3139.5,348023
2021-04-29 09:48:21,3138.45,348024
2021-04-29 09:48:22,3138.45,348024
2021-04-29 09:48:23,3138.8,348193
2021-04-29 09:48:24,3138.95,348215
2021-04-29 09:48:25,3139.9,348264
2021-04-29 09:48:28,3139.9,348282
2021-04-29 09:48:28,3139.2,348289
2021-04-29 09:48:29,3139.2,348294
2021-04-29 09:48:30,3140.0,348596
2021-04-29 09:48:31,3140.4,348647
2021-04-29 09:48:33,3141.0,348653
2021-04-29 09:48:33,3141.0,348666
2021-04-29 09:48:34,3141.0,348673
2021-04-29 09:48:35,3141.3,348782
2021-04-29 09:48:36,3141.25,348855
2021-04-29 09:48:37,3141.15,348902
2021-04-29 09:48:39,3141.35,348965
2021-04-29 09:48:39,3142.7,348971
2021-04-29 09:48:40,3142.55,348996
2021-04-29 09:48:41,3141.75,349014
2021-04-29 09:48:42,3141.65,349017
2021-04-29 09:48:43,3142.0,349170
2021-04-29 09:48:44,3141.0,349205
2021-04-29 09:48:46,3141.1,349296
2021-04-29 09:48:46,3142.0,349305
2021-04-29 09:48:47,3141.1,349551
2021-04-29 09:48:48,3141.1,349579
2021-04-29 09:48:49,3141.9,349582
2021-04-29 09:48:51,3141.35,349585
2021-04-29 09:48:51,3141.35,349585
2021-04-29 09:48:52,3141.1,349625
2021-04-29 09:48:53,3141.15,349639
2021-04-29 09:48:54,3141.15,349644
2021-04-29 09:48:56,3141.4,349755
2021-04-29 09:48:56,3141.1,349745
2021-04-29 09:48:57,3141.1,349846
2021-04-29 09:48:58,3141.1,349862
2021-04-29 09:48:59,3141.65,350072
2021-04-29 09:49:00,3142.45,350086
2021-04-29 09:49:02,3141.55,350170
2021-04-29 09:49:02,3142.8,350105
2021-04-29 09:49:03,3142.8,350177
2021-04-29 09:49:04,3142.8,350178
2021-04-29 09:49:05,3142.8,350178
2021-04-29 09:49:06,3141.9,350241
2021-04-29 09:49:08,3143.0,350691
2021-04-29 09:49:08,3143.0,350650
2021-04-29 09:49:09,3142.0,350719
2021-04-29 09:49:10,3143.0,350722
2021-04-29 09:49:11,3143.0,350744
2021-04-29 09:49:13,3143.2,350760
2021-04-29 09:49:13,3143.2,350762
2021-04-29 09:49:14,3143.2,350762
2021-04-29 09:49:15,3144.0,350936
2021-04-29 09:49:16,3144.0,350957
2021-04-29 09:49:18,3142.85,351104
2021-04-29 09:49:18,3142.85,351063
2021-04-29 09:49:19,3144.0,351108
2021-04-29 09:49:20,3143.7,351146
2021-04-29 09:49:21,3142.85,351163
2021-04-29 09:49:23,3143.0,351164
2021-04-29 09:49:23,3143.0,351164
2021-04-29 09:49:24,3143.7,351232
2021-04-29 09:49:25,3143.75,351239
2021-04-29 09:49:26,3143.0,351342
2021-04-29 09:49:28,3143.0,351365
2021-04-29 09:49:28,3143.7,351367
2021-04-29 09:49:29,3143.0,351372
2021-04-29 09:49:30,3143.0,351375
2021-04-29 09:49:31,3143.7,351382
2021-04-29 09:49:32,3143.5,351563
2021-04-29 09:49:34,3142.85,352671
2021-04-29 09:49:34,3143.0,352672
2021-04-29 09:49:35,3143.65,352804
2021-04-29 09:49:36,3143.65,352817
2021-04-29 09:49:37,3142.85,352882
2021-04-29 09:49:39,3143.0,352884
2021-04-29 09:49:39,3143.5,352888
2021-04-29 09:49:40,3143.15,352963
2021-04-29 09:49:41,3142.95,353063
2021-04-29 09:49:42,3143.8,353083
2021-04-29 09:49:44,3143.0,353101
2021-04-29 09:49:44,3143.8,353103
2021-04-29 09:49:45,3143.8,353114
2021-04-29 09:49:46,3142.85,353145
2021-04-29 09:49:47,3142.85,353251
2021-04-29 09:49:49,3142.9,353267
2021-04-29 09:49:49,3143.8,353269
2021-04-29 09:49:50,3143.8,353278
2021-04-29 09:49:51,3143.8,353279
2021-04-29 09:49:52,3143.05,353280
2021-04-29 09:49:53,3143.85,353281
2021-04-29 09:49:55,3143.1,353356
2021-04-29 09:49:55,3143.8,353363
2021-04-29 09:49:56,3143.0,353440
2021-04-29 09:49:57,3142.95,353563
2021-04-29 09:49:58,3143.7,354215
2021-04-29 09:50:00,3144.75,354291
2021-04-29 09:50:01,3144.95,354360
2021-04-29 09:50:01,3144.15,354354
2021-04-29 09:50:02,3145.0,354423
2021-04-29 09:50:03,3144.15,354448
2021-04-29 09:50:04,3144.85,354450
2021-04-29 09:50:06,3144.85,354451
2021-04-29 09:50:06,3143.95,354453
2021-04-29 09:50:07,3144.9,354454
2021-04-29 09:50:08,3143.95,354464
2021-04-29 09:50:09,3144.9,354465
2021-04-29 09:50:11,3143.8,354508
2021-04-29 09:50:12,3144.95,354655
2021-04-29 09:50:12,3144.75,354670
2021-04-29 09:50:13,3143.7,354697
2021-04-29 09:50:14,3144.95,354703
2021-04-29 09:50:15,3144.95,354704
2021-04-29 09:50:16,3144.95,354704
2021-04-29 09:50:17,3145.05,355567
2021-04-29 09:50:19,3144.95,355658
2021-04-29 09:50:19,3145.1,355656
2021-04-29 09:50:20,3144.6,355695
2021-04-29 09:50:21,3144.2,356069
2021-04-29 09:50:23,3143.45,356426
2021-04-29 09:50:24,3145.4,356493
2021-04-29 09:50:24,3145.4,356499
2021-04-29 09:50:25,3145.0,356547
2021-04-29 09:50:26,3145.0,356696
2021-04-29 09:50:28,3145.0,356809
2021-04-29 09:50:29,3146.0,356847
2021-04-29 09:50:29,3145.5,356842
2021-04-29 09:50:30,3146.0,356852
2021-04-29 09:50:31,3146.0,356872
2021-04-29 09:50:33,3146.0,356907
2021-04-29 09:50:34,3147.0,357289
2021-04-29 09:50:34,3148.0,357335
2021-04-29 09:50:35,3147.2,357343
2021-04-29 09:50:36,3147.4,357688
2021-04-29 09:50:37,3147.4,357755
2021-04-29 09:50:38,3146.85,357763
2021-04-29 09:50:40,3148.0,357949
2021-04-29 09:50:42,3148.3,358313
2021-04-29 09:50:43,3147.7,358357
2021-04-29 09:50:44,3147.0,358411
2021-04-29 09:50:44,3147.7,358416
2021-04-29 09:50:45,3147.7,358417
2021-04-29 09:50:46,3147.5,358500
2021-04-29 09:50:49,3146.9,359101
2021-04-29 09:50:49,3147.65,359116
2021-04-29 09:50:50,3148.05,359184
2021-04-29 09:50:51,3146.9,359380
2021-04-29 09:50:53,3147.0,359411
2021-04-29 09:50:54,3147.65,359598
2021-04-29 09:50:54,3146.95,359581
2021-04-29 09:50:55,3147.65,359758
2021-04-29 09:50:56,3147.95,359874
2021-04-29 09:50:58,3146.9,359957
2021-04-29 09:50:59,3147.9,359967
2021-04-29 09:51:00,3147.0,359987
2021-04-29 09:51:00,3147.55,360063
2021-04-29 09:51:01,3146.8,360340
2021-04-29 09:51:02,3146.5,360380
2021-04-29 09:51:03,3146.0,360800
2021-04-29 09:51:05,3145.15,360877
2021-04-29 09:51:06,3146.2,360894
2021-04-29 09:51:06,3146.7,360901
2021-04-29 09:51:07,3146.7,360902
2021-04-29 09:51:08,3146.55,360916
2021-04-29 09:51:10,3145.6,360918
2021-04-29 09:51:11,3146.0,361125
2021-04-29 09:51:11,3145.65,361146
2021-04-29 09:51:12,3145.85,361308
2021-04-29 09:51:13,3144.65,361327
2021-04-29 09:51:15,3144.7,361379
2021-04-29 09:51:16,3144.75,361391
2021-04-29 09:51:16,3145.6,361393
2021-04-29 09:51:17,3145.0,361564
2021-04-29 09:51:18,3145.0,361653
2021-04-29 09:51:19,3145.0,361702
2021-04-29 09:51:21,3145.0,361725
2021-04-29 09:51:22,3145.55,362689
2021-04-29 09:51:23,3146.05,362743
2021-04-29 09:51:24,3146.75,362802
2021-04-29 09:51:25,3145.55,362833
2021-04-29 09:51:27,3144.8,362898
2021-04-29 09:51:27,3145.6,362904
2021-04-29 09:51:28,3145.25,363000
2021-04-29 09:51:29,3146.75,363009
2021-04-29 09:51:30,3145.3,363050
2021-04-29 09:51:31,3146.4,363054
2021-04-29 09:51:33,3145.6,363108
2021-04-29 09:51:34,3145.3,363148
2021-04-29 09:51:34,3145.3,363152
2021-04-29 09:51:36,3145.25,363170
2021-04-29 09:51:37,3145.6,363171
2021-04-29 09:51:38,3145.6,363173
2021-04-29 09:51:39,3145.35,363527
2021-04-29 09:51:40,3144.8,363953
2021-04-29 09:51:41,3145.2,364104
2021-04-29 09:51:42,3144.2,364143
2021-04-29 09:51:43,3145.6,364147
2021-04-29 09:51:44,3144.55,364158
2021-04-29 09:51:44,3145.6,364159
2021-04-29 09:51:45,3144.55,364191
2021-04-29 09:51:46,3144.3,364219
2021-04-29 09:51:47,3143.75,364256
2021-04-29 09:51:48,3144.3,364267
2021-04-29 09:51:49,3145.35,364269
2021-04-29 09:51:50,3145.35,364269
2021-04-29 09:51:51,3145.25,364410
2021-04-29 09:51:53,3145.25,364536
2021-04-29 09:51:54,3145.25,364619
2021-04-29 09:51:54,3145.3,364553
2021-04-29 09:51:55,3145.85,364711
2021-04-29 09:51:56,3145.85,364730
2021-04-29 09:51:57,3145.75,365011
2021-04-29 09:51:58,3145.75,365063
2021-04-29 09:51:59,3145.8,365072
2021-04-29 09:52:00,3146.0,365073
2021-04-29 09:52:02,3145.85,365158
2021-04-29 09:52:03,3146.0,365225
2021-04-29 09:52:04,3146.5,365244
2021-04-29 09:52:05,3146.85,365266
2021-04-29 09:52:06,3146.85,365269
2021-04-29 09:52:07,3146.15,365295
2021-04-29 09:52:07,3146.85,365298
2021-04-29 09:52:08,3147.4,365316
2021-04-29 09:52:09,3146.95,365388
2021-04-29 09:52:10,3146.95,365431
2021-04-29 09:52:11,3147.95,365454
2021-04-29 09:52:12,3146.95,365465
2021-04-29 09:52:13,3147.0,365469
2021-04-29 09:52:15,3146.5,365598
2021-04-29 09:52:16,3146.5,365686
2021-04-29 09:52:17,3146.55,365696
2021-04-29 09:52:18,3146.55,365699
2021-04-29 09:52:19,3147.3,365763
2021-04-29 09:52:20,3146.55,365784
2021-04-29 09:52:20,3146.55,365787
2021-04-29 09:52:21,3146.95,365788
2021-04-29 09:52:22,3146.55,365912
2021-04-29 09:52:24,3146.5,366121
2021-04-29 09:52:25,3146.5,366155
2021-04-29 09:52:27,3146.5,366166
2021-04-29 09:52:28,3147.0,366297
2021-04-29 09:52:29,3146.5,366316
2021-04-29 09:52:30,3147.0,366317
2021-04-29 09:52:31,3145.95,366519
2021-04-29 09:52:32,3145.95,366580
2021-04-29 09:52:33,3145.35,366711
2021-04-29 09:52:34,3145.25,366735
2021-04-29 09:52:35,3145.25,366738
2021-04-29 09:52:36,3145.0,366773
2021-04-29 09:52:37,3145.0,366777
2021-04-29 09:52:38,3144.15,366782
2021-04-29 09:52:39,3145.45,366788
2021-04-29 09:52:40,3145.45,366808
2021-04-29 09:52:41,3145.5,366810
2021-04-29 09:52:42,3145.6,366811
2021-04-29 09:52:43,3145.6,366811
2021-04-29 09:52:43,3145.6,366811
2021-04-29 09:52:44,3145.6,366811
2021-04-29 09:52:45,3145.6,366811
2021-04-29 09:52:46,3144.95,366845
2021-04-29 09:52:47,3145.6,366848
2021-04-29 09:52:48,3145.25,366877
2021-04-29 09:52:49,3145.4,366897
2021-04-29 09:52:50,3145.6,366904
2021-04-29 09:52:51,3145.25,367015
2021-04-29 09:52:52,3145.2,367031
2021-04-29 09:52:53,3145.6,367050
2021-04-29 09:52:54,3145.6,367054
2021-04-29 09:52:55,3144.6,367124
2021-04-29 09:52:56,3146.0,367314
2021-04-29 09:52:57,3145.5,367353
2021-04-29 09:52:58,3145.25,367410
2021-04-29 09:52:59,3146.0,367415
2021-04-29 09:53:00,3146.0,367416
2021-04-29 09:53:01,3145.6,367418
2021-04-29 09:53:03,3145.6,367539
2021-04-29 09:53:04,3145.6,367561
2021-04-29 09:53:05,3146.0,367582
2021-04-29 09:53:06,3146.0,367591
2021-04-29 09:53:07,3145.25,367592
2021-04-29 09:53:08,3145.15,367593
2021-04-29 09:53:09,3146.85,367710
2021-04-29 09:53:10,3146.85,367722
2021-04-29 09:53:11,3146.0,367727
2021-04-29 09:53:12,3146.0,367744
2021-04-29 09:53:13,3146.9,367760
2021-04-29 09:53:14,3146.0,367823
2021-04-29 09:53:15,3146.0,367894
2021-04-29 09:53:16,3146.0,368004
2021-04-29 09:53:16,3146.8,368015
2021-04-29 09:53:17,3146.0,368069
2021-04-29 09:53:18,3145.9,368106
2021-04-29 09:53:19,3145.9,368128
2021-04-29 09:53:21,3145.9,368139
2021-04-29 09:53:22,3145.95,368149
2021-04-29 09:53:23,3146.1,368321
2021-04-29 09:53:23,3146.15,368338
2021-04-29 09:53:24,3146.15,368340
2021-04-29 09:53:25,3145.9,368365
2021-04-29 09:53:26,3145.9,368396
2021-04-29 09:53:27,3145.9,368539
2021-04-29 09:53:28,3145.9,368554
2021-04-29 09:53:30,3145.9,368581
2021-04-29 09:53:31,3145.35,368860
2021-04-29 09:53:32,3145.1,368915
2021-04-29 09:53:33,3145.6,368917
2021-04-29 09:53:34,3145.25,368933
2021-04-29 09:53:35,3146.45,368934
2021-04-29 09:53:37,3145.85,368935
2021-04-29 09:53:38,3145.85,368935
2021-04-29 09:53:39,3145.85,368935
2021-04-29 09:53:40,3145.85,368935
2021-04-29 09:53:41,3146.0,368938
2021-04-29 09:53:41,3146.0,368938
2021-04-29 09:53:42,3146.0,368939
2021-04-29 09:53:45,3146.4,369071
2021-04-29 09:53:46,3146.35,369082
2021-04-29 09:53:47,3146.35,369083
2021-04-29 09:53:48,3145.6,369141
2021-04-29 09:53:49,3146.35,369176
2021-04-29 09:53:50,3145.4,369185
2021-04-29 09:53:51,3145.85,369218
2021-04-29 09:53:52,3145.6,369233
2021-04-29 09:53:53,3145.5,369266
2021-04-29 09:53:54,3145.6,369287
2021-04-29 09:53:55,3144.55,369373
2021-04-29 09:53:57,3144.1,369403
2021-04-29 09:53:58,3144.0,369515
2021-04-29 09:53:59,3145.45,369527
2021-04-29 09:54:00,3145.7,369538
2021-04-29 09:54:01,3145.75,369548
2021-04-29 09:54:02,3145.75,369551
2021-04-29 09:54:03,3145.75,369551
2021-04-29 09:54:04,3145.85,369597
2021-04-29 09:54:05,3145.25,369607
2021-04-29 09:54:06,3145.25,369613
2021-04-29 09:54:07,3145.8,369629
2021-04-29 09:54:08,3145.7,369680
2021-04-29 09:54:09,3145.65,369711
2021-04-29 09:54:09,3145.3,369720
2021-04-29 09:54:10,3144.4,369730
2021-04-29 09:54:11,3145.65,369731
2021-04-29 09:54:13,3144.4,369771
2021-04-29 09:54:14,3145.0,369778
2021-04-29 09:54:15,3145.0,369780
2021-04-29 09:54:16,3145.0,369786
2021-04-29 09:54:17,3145.0,369789
2021-04-29 09:54:18,3144.4,369837
2021-04-29 09:54:19,3145.4,369842
2021-04-29 09:54:20,3145.4,369843
2021-04-29 09:54:21,3144.7,369861
2021-04-29 09:54:22,3145.4,369881
2021-04-29 09:54:23,3144.25,370141
2021-04-29 09:54:23,3145.4,370167
2021-04-29 09:54:24,3144.9,370172
2021-04-29 09:54:25,3145.4,370313
2021-04-29 09:54:26,3145.65,370558
2021-04-29 09:54:27,3145.3,370687
2021-04-29 09:54:28,3145.55,370795
2021-04-29 09:54:30,3145.6,370815
2021-04-29 09:54:31,3146.0,370918
2021-04-29 09:54:32,3145.55,371136
2021-04-29 09:54:33,3146.05,371170
2021-04-29 09:54:34,3146.6,371743
2021-04-29 09:54:35,3146.55,371851
2021-04-29 09:54:36,3146.55,371864
2021-04-29 09:54:37,3146.55,371866
2021-04-29 09:54:38,3146.05,371952
2021-04-29 09:54:39,3146.05,371985
2021-04-29 09:54:40,3146.05,371989
2021-04-29 09:54:41,3145.65,372125
2021-04-29 09:54:42,3146.55,372144
2021-04-29 09:54:42,3146.55,372146
2021-04-29 09:54:45,3146.85,373038
2021-04-29 09:54:48,3147.7,373640
2021-04-29 09:54:49,3147.75,373700
2021-04-29 09:54:49,3148.0,373706
2021-04-29 09:54:51,3148.05,373823
2021-04-29 09:54:52,3148.0,373903
2021-04-29 09:54:53,3147.75,373945
2021-04-29 09:54:54,3147.7,374057
2021-04-29 09:54:55,3148.0,374202
2021-04-29 09:54:56,3147.05,374242
2021-04-29 09:54:58,3148.85,375955
2021-04-29 09:54:59,3149.9,376098
2021-04-29 09:55:00,3149.95,376534
2021-04-29 09:55:01,3150.0,377039
2021-04-29 09:55:02,3149.95,377300
2021-04-29 09:55:03,3150.0,377437
2021-04-29 09:55:04,3149.95,377593
2021-04-29 09:55:04,3150.0,377609
2021-04-29 09:55:06,3150.0,377767
2021-04-29 09:55:07,3150.0,379041
2021-04-29 09:55:08,3150.05,379175
2021-04-29 09:55:09,3150.05,379263
2021-04-29 09:55:10,3150.1,379354
2021-04-29 09:55:10,3150.3,379363
2021-04-29 09:55:12,3150.1,379744
2021-04-29 09:55:14,3150.1,380003
2021-04-29 09:55:15,3149.85,380237
2021-04-29 09:55:16,3149.1,380716
2021-04-29 09:55:17,3150.9,381016
2021-04-29 09:55:17,3150.9,381046
2021-04-29 09:55:19,3150.9,381084
2021-04-29 09:55:20,3150.0,381188
2021-04-29 09:55:22,3150.95,381874
2021-04-29 09:55:23,3150.9,382003
2021-04-29 09:55:24,3150.0,382145
2021-04-29 09:55:24,3150.9,382119
2021-04-29 09:55:25,3150.05,382149
2021-04-29 09:55:26,3150.5,382202
2021-04-29 09:55:27,3150.1,382337
2021-04-29 09:55:28,3150.65,382364
2021-04-29 09:55:30,3150.0,382457
2021-04-29 09:55:31,3150.05,382512
2021-04-29 09:55:32,3150.65,383124
2021-04-29 09:55:33,3151.05,383360
2021-04-29 09:55:34,3151.35,383612
2021-04-29 09:55:35,3150.3,383729
2021-04-29 09:55:36,3150.9,383838
2021-04-29 09:55:37,3150.85,383909
2021-04-29 09:55:38,3150.85,383951
2021-04-29 09:55:39,3151.5,384046
2021-04-29 09:55:40,3150.75,384101
2021-04-29 09:55:41,3150.35,384185
2021-04-29 09:55:42,3150.65,384433
2021-04-29 09:55:42,3150.65,384711
2021-04-29 09:55:44,3150.6,384896
2021-04-29 09:55:45,3151.05,384944
2021-04-29 09:55:46,3151.3,385121
2021-04-29 09:55:47,3150.15,385542
2021-04-29 09:55:47,3150.2,385605
2021-04-29 09:55:49,3149.95,385845
2021-04-29 09:55:50,3149.85,386043
2021-04-29 09:55:51,3148.8,386115
2021-04-29 09:55:52,3148.25,386297
2021-04-29 09:55:53,3148.05,386406
2021-04-29 09:55:55,3147.6,386754
2021-04-29 09:55:56,3147.15,386827
2021-04-29 09:55:57,3146.35,386876
2021-04-29 09:55:57,3146.9,386881
2021-04-29 09:55:59,3146.25,386889
2021-04-29 09:56:00,3146.5,386999
2021-04-29 09:56:01,3145.6,387038
2021-04-29 09:56:02,3146.8,387256
2021-04-29 09:56:03,3145.55,387288
2021-04-29 09:56:04,3145.85,387373
2021-04-29 09:56:05,3146.3,387422
2021-04-29 09:56:06,3146.15,387807
2021-04-29 09:56:07,3146.4,387871
2021-04-29 09:56:08,3146.25,387912
2021-04-29 09:56:09,3147.15,387978
2021-04-29 09:56:11,3148.9,388301
2021-04-29 09:56:12,3148.95,388305
2021-04-29 09:56:14,3148.95,388413
2021-04-29 09:56:15,3149.4,388532
2021-04-29 09:56:16,3149.55,388733
2021-04-29 09:56:17,3149.7,389029
2021-04-29 09:56:18,3150.8,389077
2021-04-29 09:56:19,3150.8,389087
2021-04-29 09:56:20,3150.9,389088
2021-04-29 09:56:21,3150.95,389099
2021-04-29 09:56:23,3151.0,389551
2021-04-29 09:56:23,3150.95,389199
2021-04-29 09:56:24,3150.05,389644
2021-04-29 09:56:25,3150.0,389723
2021-04-29 09:56:26,3149.95,389751
2021-04-29 09:56:27,3149.95,389864
2021-04-29 09:56:28,3149.95,389898
2021-04-29 09:56:29,3149.95,389913
2021-04-29 09:56:30,3150.8,390043
2021-04-29 09:56:31,3149.95,390282
2021-04-29 09:56:32,3150.0,390365
2021-04-29 09:56:33,3149.95,390375
2021-04-29 09:56:35,3151.0,391163
2021-04-29 09:56:36,3151.0,391269
2021-04-29 09:56:37,3150.85,391318
2021-04-29 09:56:38,3151.0,391360
2021-04-29 09:56:39,3150.85,391391
2021-04-29 09:56:40,3149.5,391795
2021-04-29 09:56:41,3149.75,391840
2021-04-29 09:56:42,3149.4,392002
2021-04-29 09:56:43,3151.45,392835
2021-04-29 09:56:44,3150.95,392918
2021-04-29 09:56:45,3150.95,392951
2021-04-29 09:56:46,3150.25,393012
2021-04-29 09:56:47,3150.25,393107
2021-04-29 09:56:48,3150.25,393129
2021-04-29 09:56:49,3150.95,393136
2021-04-29 09:56:51,3150.0,393199
2021-04-29 09:56:52,3150.0,393213
2021-04-29 09:56:53,3149.75,393216
2021-04-29 09:56:54,3149.4,393232
2021-04-29 09:56:55,3149.4,393245
2021-04-29 09:56:56,3149.4,393251
2021-04-29 09:56:57,3149.3,393264
2021-04-29 09:56:58,3148.35,393271
2021-04-29 09:57:00,3149.3,393277
2021-04-29 09:57:01,3149.4,393295
2021-04-29 09:57:02,3149.5,393300
2021-04-29 09:57:03,3148.55,393410
2021-04-29 09:57:04,3148.85,393561
2021-04-29 09:57:05,3149.65,393602
2021-04-29 09:57:06,3149.05,393707
2021-04-29 09:57:07,3150.0,393776
2021-04-29 09:57:08,3150.0,393799
2021-04-29 09:57:09,3151.2,394392
2021-04-29 09:57:10,3151.8,394571
2021-04-29 09:57:11,3150.65,394651
2021-04-29 09:57:12,3150.65,394665
2021-04-29 09:57:13,3150.1,394968
2021-04-29 09:57:14,3151.55,395044
2021-04-29 09:57:15,3151.9,395304
2021-04-29 09:57:16,3153.3,397323
2021-04-29 09:57:17,3153.3,397738
2021-04-29 09:57:18,3153.3,397846
2021-04-29 09:57:19,3153.35,398409
2021-04-29 09:57:20,3154.0,398768
2021-04-29 09:57:21,3154.0,398939
2021-04-29 09:57:23,3154.35,399099
2021-04-29 09:57:22,3154.0,398990
2021-04-29 09:57:25,3154.45,399256
2021-04-29 09:57:27,3154.0,399977
2021-04-29 09:57:28,3154.35,400413
2021-04-29 09:57:29,3153.4,400519
2021-04-29 09:57:30,3154.6,401000
2021-04-29 09:57:31,3154.1,401204
2021-04-29 09:57:32,3154.25,401245
2021-04-29 09:57:33,3154.5,401309
2021-04-29 09:57:34,3154.1,401423
2021-04-29 09:57:35,3152.95,401754
2021-04-29 09:57:36,3153.0,401797
2021-04-29 09:57:37,3153.0,401924
2021-04-29 09:57:38,3153.0,401983
2021-04-29 09:57:39,3153.95,402101
2021-04-29 09:57:41,3154.0,402224
2021-04-29 09:57:42,3153.4,402240
2021-04-29 09:57:43,3152.8,402427
2021-04-29 09:57:44,3153.0,402708
2021-04-29 09:57:45,3154.0,402883
2021-04-29 09:57:46,3153.0,402964
2021-04-29 09:57:47,3154.4,403141
2021-04-29 09:57:48,3154.45,403233
2021-04-29 09:57:49,3154.5,403307
2021-04-29 09:57:50,3154.1,403387
2021-04-29 09:57:51,3153.4,403407
2021-04-29 09:57:52,3154.95,403459
2021-04-29 09:57:53,3153.65,403484
2021-04-29 09:57:54,3154.75,403498
2021-04-29 09:57:55,3154.15,403562
2021-04-29 09:57:56,3154.1,403682
2021-04-29 09:57:57,3154.1,403994
2021-04-29 09:57:58,3154.1,404104
2021-04-29 09:57:59,3154.7,404206
2021-04-29 09:58:00,3155.0,404348
2021-04-29 09:58:01,3154.4,404380
2021-04-29 09:58:02,3154.4,404423
2021-04-29 09:58:03,3154.45,404442
2021-04-29 09:58:05,3154.1,404613
2021-04-29 09:58:04,3154.2,404547
2021-04-29 09:58:06,3154.2,404755
2021-04-29 09:58:07,3154.15,404783
2021-04-29 09:58:08,3154.05,404962
2021-04-29 09:58:09,3154.1,405001
2021-04-29 09:58:10,3154.1,405015
2021-04-29 09:58:11,3154.05,405164
2021-04-29 09:58:12,3154.1,405434
2021-04-29 09:58:13,3154.25,405687
2021-04-29 09:58:14,3154.2,405905
2021-04-29 09:58:15,3152.6,406557
2021-04-29 09:58:16,3152.55,406625
2021-04-29 09:58:18,3151.45,406803
2021-04-29 09:58:19,3152.55,406863
2021-04-29 09:58:20,3152.55,406900
2021-04-29 09:58:21,3153.25,406951
2021-04-29 09:58:22,3153.4,406962
2021-04-29 09:58:23,3153.4,406965
2021-04-29 09:58:24,3153.85,406982
2021-04-29 09:58:25,3153.45,407471
2021-04-29 09:58:26,3153.95,407545
2021-04-29 09:58:27,3153.95,407594
2021-04-29 09:58:28,3153.95,407600
2021-04-29 09:58:29,3153.95,407745
2021-04-29 09:58:30,3153.95,408074
2021-04-29 09:58:31,3153.0,408164
2021-04-29 09:58:32,3153.95,408173
2021-04-29 09:58:33,3152.45,408284
2021-04-29 09:58:34,3153.45,408538
2021-04-29 09:58:37,3152.4,408651
2021-04-29 09:58:38,3152.4,408671
2021-04-29 09:58:39,3153.05,408687
2021-04-29 09:58:40,3153.05,408761
2021-04-29 09:58:41,3153.45,408869
2021-04-29 09:58:42,3153.35,408969
2021-04-29 09:58:43,3153.0,409014
2021-04-29 09:58:44,3153.0,409024
2021-04-29 09:58:45,3152.45,409092
2021-04-29 09:58:46,3153.5,409194
2021-04-29 09:58:47,3153.45,409220
2021-04-29 09:58:48,3152.9,409238
2021-04-29 09:58:49,3153.55,409263
2021-04-29 09:58:50,3153.1,409274
2021-04-29 09:58:51,3153.5,409276
2021-04-29 09:58:53,3153.45,409301
2021-04-29 09:58:54,3153.05,409348
2021-04-29 09:58:55,3153.0,409377
2021-04-29 09:58:56,3153.4,409408
2021-04-29 09:58:56,3153.0,409415
2021-04-29 09:58:57,3153.0,409483
2021-04-29 09:58:58,3153.0,409536
2021-04-29 09:58:59,3152.95,409732
2021-04-29 09:59:01,3152.95,409897
2021-04-29 09:59:02,3153.45,409943
2021-04-29 09:59:04,3153.0,410006
2021-04-29 09:59:05,3153.0,410026
2021-04-29 09:59:07,3152.95,410060
2021-04-29 09:59:08,3152.95,410066
2021-04-29 09:59:09,3152.95,410102
2021-04-29 09:59:10,3152.95,410114
2021-04-29 09:59:11,3153.4,410183
2021-04-29 09:59:12,3152.95,410381
2021-04-29 09:59:13,3153.35,410407
2021-04-29 09:59:14,3152.95,410412
2021-04-29 09:59:15,3152.95,410501
2021-04-29 09:59:16,3153.0,410738
2021-04-29 09:59:17,3153.35,410776
2021-04-29 09:59:18,3153.0,410944
2021-04-29 09:59:19,3153.35,411241
2021-04-29 09:59:19,3153.3,411214
2021-04-29 09:59:20,3153.45,411337
2021-04-29 09:59:21,3152.3,411514
2021-04-29 09:59:22,3153.3,411531
2021-04-29 09:59:23,3152.3,411534
2021-04-29 09:59:24,3151.45,411958
2021-04-29 09:59:25,3150.45,412165
2021-04-29 09:59:26,3150.65,412196
2021-04-29 09:59:27,3150.05,412383
2021-04-29 09:59:29,3150.0,412445
2021-04-29 09:59:30,3150.05,412776
2021-04-29 09:59:31,3151.25,412908
2021-04-29 09:59:32,3151.4,413039
2021-04-29 09:59:33,3151.6,413133
2021-04-29 09:59:34,3152.1,413301
2021-04-29 09:59:35,3152.3,413373
2021-04-29 09:59:36,3152.35,413394
2021-04-29 09:59:37,3151.1,413478
2021-04-29 09:59:38,3151.6,413534
2021-04-29 09:59:39,3150.3,413606
2021-04-29 09:59:40,3151.55,413629
2021-04-29 09:59:42,3151.95,413722
2021-04-29 09:59:43,3151.95,413742
2021-04-29 09:59:44,3151.9,413786
2021-04-29 09:59:46,3150.65,413898
2021-04-29 09:59:46,3152.0,413910
2021-04-29 09:59:47,3150.85,413930
2021-04-29 09:59:48,3151.0,413932
2021-04-29 09:59:49,3150.85,413950
2021-04-29 09:59:50,3150.85,413955
2021-04-29 09:59:51,3150.5,414006
2021-04-29 09:59:52,3150.75,414209
2021-04-29 09:59:53,3151.0,414229
2021-04-29 09:59:54,3150.75,414259
2021-04-29 09:59:55,3151.0,414306
2021-04-29 09:59:56,3151.05,414334
2021-04-29 09:59:57,3151.1,414357
2021-04-29 09:59:59,3151.05,414450
2021-04-29 10:00:00,3150.95,414521
2021-04-29 10:00:01,3152.05,414532
2021-04-29 10:00:03,3150.95,414596
2021-04-29 10:00:04,3151.2,414610
2021-04-29 10:00:05,3151.2,414735
2021-04-29 10:00:06,3150.95,414765
2021-04-29 10:00:07,3151.2,414779
2021-04-29 10:00:08,3151.2,414782
2021-04-29 10:00:09,3151.2,414817
2021-04-29 10:00:11,3151.2,414831
2021-04-29 10:00:12,3151.2,414866
2021-04-29 10:00:13,3151.25,414870
2021-04-29 10:00:14,3151.25,414870
2021-04-29 10:00:15,3151.4,414947
2021-04-29 10:00:16,3151.7,414960
2021-04-29 10:00:17,3151.65,414964
2021-04-29 10:00:18,3150.95,414990
2021-04-29 10:00:19,3152.0,415092
2021-04-29 10:00:20,3152.0,415147
2021-04-29 10:00:21,3152.1,415235
2021-04-29 10:00:21,3152.1,415223
2021-04-29 10:00:22,3151.9,415300
2021-04-29 10:00:23,3151.9,415351
2021-04-29 10:00:24,3151.9,415421
2021-04-29 10:00:25,3150.95,415558
2021-04-29 10:00:26,3152.0,415751
2021-04-29 10:00:27,3152.0,415884
2021-04-29 10:00:28,3151.65,416316
2021-04-29 10:00:30,3151.9,416682
2021-04-29 10:00:30,3151.1,416824
2021-04-29 10:00:31,3152.2,417025
2021-04-29 10:00:32,3152.25,417088
2021-04-29 10:00:33,3152.0,417114
2021-04-29 10:00:34,3152.3,417173
2021-04-29 10:00:35,3152.95,417255
2021-04-29 10:00:36,3152.05,417302
2021-04-29 10:00:37,3152.05,417311
2021-04-29 10:00:38,3152.8,417313
2021-04-29 10:00:39,3152.0,417570
2021-04-29 10:00:40,3151.65,417814
2021-04-29 10:00:41,3151.65,417875
2021-04-29 10:00:42,3152.0,417901
2021-04-29 10:00:43,3152.0,418022
2021-04-29 10:00:44,3151.65,418105
2021-04-29 10:00:45,3151.65,418131
2021-04-29 10:00:49,3152.0,418328
2021-04-29 10:00:49,3152.0,418369
2021-04-29 10:00:51,3152.0,418379
2021-04-29 10:00:52,3152.0,418598
2021-04-29 10:00:53,3152.3,418658
2021-04-29 10:00:54,3152.0,418691
2021-04-29 10:00:54,3152.0,418701
2021-04-29 10:00:55,3152.1,418746
2021-04-29 10:00:56,3152.65,418875
2021-04-29 10:00:58,3152.7,418926
2021-04-29 10:00:59,3152.95,418967
2021-04-29 10:01:00,3153.0,419022
2021-04-29 10:01:01,3153.0,419147
2021-04-29 10:01:02,3153.0,419176
2021-04-29 10:01:02,3153.0,419168
2021-04-29 10:01:03,3153.0,419266
2021-04-29 10:01:05,3153.05,420195
2021-04-29 10:01:06,3153.3,420391
2021-04-29 10:01:07,3153.1,420419
2021-04-29 10:01:08,3153.3,420427
2021-04-29 10:01:09,3153.9,420483
2021-04-29 10:01:10,3153.35,420546
2021-04-29 10:01:11,3153.95,420605
2021-04-29 10:01:12,3153.95,420687
2021-04-29 10:01:13,3153.35,420702
2021-04-29 10:01:14,3154.0,421045
2021-04-29 10:01:15,3153.9,421128
2021-04-29 10:01:16,3153.9,421129
2021-04-29 10:01:17,3153.9,421257
2021-04-29 10:01:18,3154.0,421280
2021-04-29 10:01:19,3153.95,421350
2021-04-29 10:01:20,3153.95,421374
2021-04-29 10:01:21,3153.95,421401
2021-04-29 10:01:22,3153.15,421471
2021-04-29 10:01:24,3153.95,421539
2021-04-29 10:01:25,3153.15,421549
2021-04-29 10:01:25,3153.95,421550
2021-04-29 10:01:26,3153.15,421564
2021-04-29 10:01:28,3154.85,422432
2021-04-29 10:01:29,3153.4,422514
2021-04-29 10:01:31,3154.0,422646
2021-04-29 10:01:32,3154.05,422744
2021-04-29 10:01:33,3153.6,423550
2021-04-29 10:01:34,3153.0,423650
2021-04-29 10:01:35,3153.6,423682
2021-04-29 10:01:35,3153.6,423685
2021-04-29 10:01:36,3154.65,423900
2021-04-29 10:01:37,3154.2,423954
2021-04-29 10:01:39,3153.05,424021
2021-04-29 10:01:40,3153.1,424249
2021-04-29 10:01:41,3154.85,424294
2021-04-29 10:01:42,3154.9,424476
2021-04-29 10:01:43,3154.2,424580
2021-04-29 10:01:44,3154.2,424621
2021-04-29 10:01:46,3155.0,424827
2021-04-29 10:01:47,3155.0,424936
2021-04-29 10:01:48,3155.0,424957
2021-04-29 10:01:49,3154.2,425035
2021-04-29 10:01:50,3154.2,425062
2021-04-29 10:01:50,3155.0,425068
2021-04-29 10:01:51,3154.2,425121
2021-04-29 10:01:52,3153.65,425253
2021-04-29 10:01:53,3153.85,425287
2021-04-29 10:01:54,3153.6,425357
2021-04-29 10:01:55,3153.6,425401
2021-04-29 10:01:56,3153.0,425446
2021-04-29 10:01:58,3153.0,425492
2021-04-29 10:01:59,3153.9,425510
2021-04-29 10:02:00,3153.0,425537
2021-04-29 10:02:01,3154.2,425617
2021-04-29 10:02:02,3154.15,425634
2021-04-29 10:02:03,3154.2,425670
2021-04-29 10:02:04,3154.3,425714
2021-04-29 10:02:04,3153.15,425710
2021-04-29 10:02:05,3153.4,425724
2021-04-29 10:02:06,3153.4,425836
2021-04-29 10:02:07,3154.65,425880
2021-04-29 10:02:08,3154.7,425893
2021-04-29 10:02:09,3154.65,425905
2021-04-29 10:02:11,3154.65,425987
2021-04-29 10:02:12,3154.3,426032
2021-04-29 10:02:13,3154.3,426243
2021-04-29 10:02:14,3155.0,431572
2021-04-29 10:02:16,3155.05,432234
2021-04-29 10:02:17,3155.9,432530
2021-04-29 10:02:18,3155.0,432977
2021-04-29 10:02:18,3154.65,433066
2021-04-29 10:02:19,3154.3,433114
2021-04-29 10:02:20,3153.4,433202
2021-04-29 10:02:22,3153.35,433309
2021-04-29 10:02:23,3153.15,433624
2021-04-29 10:02:24,3153.0,433741
2021-04-29 10:02:25,3153.0,433758
2021-04-29 10:02:25,3153.15,433760
2021-04-29 10:02:26,3153.0,433813
2021-04-29 10:02:27,3153.0,434191
2021-04-29 10:02:28,3152.05,434245
2021-04-29 10:02:29,3153.25,434252
2021-04-29 10:02:30,3152.1,434255
2021-04-29 10:02:31,3153.2,434316
2021-04-29 10:02:32,3152.45,434499
2021-04-29 10:02:33,3153.55,434536
2021-04-29 10:02:34,3152.05,434590
2021-04-29 10:02:35,3151.2,435228
2021-04-29 10:02:36,3152.0,435341
2021-04-29 10:02:37,3151.05,435382
2021-04-29 10:02:39,3151.0,435610
2021-04-29 10:02:40,3150.75,435671
2021-04-29 10:02:41,3150.2,435678
2021-04-29 10:02:42,3150.6,435719
2021-04-29 10:02:43,3150.0,436066
2021-04-29 10:02:44,3150.0,436117
2021-04-29 10:02:45,3149.0,436647
2021-04-29 10:02:45,3149.0,436715
2021-04-29 10:02:46,3148.35,436814
2021-04-29 10:02:47,3148.9,437151
2021-04-29 10:02:48,3149.1,437190
2021-04-29 10:02:49,3150.0,437194
2021-04-29 10:02:50,3150.0,437194
2021-04-29 10:02:51,3149.4,437221
2021-04-29 10:02:52,3150.05,437224
2021-04-29 10:02:53,3150.55,437236
2021-04-29 10:02:54,3149.4,437286
2021-04-29 10:02:55,3149.5,437294
2021-04-29 10:02:56,3149.0,437308
2021-04-29 10:02:58,3149.0,437319
2021-04-29 10:02:59,3149.0,437326
2021-04-29 10:02:59,3148.95,437344
2021-04-29 10:03:00,3149.0,437351
2021-04-29 10:03:01,3149.0,437357
2021-04-29 10:03:02,3148.35,437359
2021-04-29 10:03:03,3148.35,437376
2021-04-29 10:03:05,3147.45,439380
2021-04-29 10:03:06,3147.45,439409
2021-04-29 10:03:07,3147.45,439419
2021-04-29 10:03:08,3147.45,439464
2021-04-29 10:03:09,3147.0,439509
2021-04-29 10:03:10,3146.75,439645
2021-04-29 10:03:11,3147.0,439753
2021-04-29 10:03:12,3146.0,439938
2021-04-29 10:03:13,3145.6,440009
2021-04-29 10:03:15,3145.6,440074
2021-04-29 10:03:16,3145.65,440089
2021-04-29 10:03:17,3145.3,440166
2021-04-29 10:03:18,3145.15,440376
2021-04-29 10:03:19,3145.0,440983
2021-04-29 10:03:20,3145.5,441109
2021-04-29 10:03:21,3146.65,441872
2021-04-29 10:03:22,3146.65,442073
2021-04-29 10:03:23,3146.7,442093
2021-04-29 10:03:23,3146.65,442096
2021-04-29 10:03:24,3147.3,442217
2021-04-29 10:03:25,3148.0,442470
2021-04-29 10:03:26,3148.95,442508
2021-04-29 10:03:27,3147.6,442546
2021-04-29 10:03:29,3147.45,442628
2021-04-29 10:03:30,3147.75,442666
2021-04-29 10:03:31,3147.65,442719
2021-04-29 10:03:32,3147.8,442758
2021-04-29 10:03:34,3147.65,442866
2021-04-29 10:03:35,3148.2,442902
2021-04-29 10:03:36,3149.0,443019
2021-04-29 10:03:37,3147.7,443032
2021-04-29 10:03:38,3147.95,443096
2021-04-29 10:03:38,3149.0,443112
2021-04-29 10:03:39,3147.9,443159
2021-04-29 10:03:41,3148.1,443229
2021-04-29 10:03:42,3148.45,443246
2021-04-29 10:03:43,3149.0,443247
2021-04-29 10:03:44,3148.15,443265
2021-04-29 10:03:45,3149.05,443340
2021-04-29 10:03:46,3148.35,443368
2021-04-29 10:03:47,3148.4,443373
2021-04-29 10:03:47,3148.4,443373
2021-04-29 10:03:48,3148.3,443546
2021-04-29 10:03:49,3147.55,443579
2021-04-29 10:03:50,3147.0,443658
2021-04-29 10:03:51,3147.0,443731
2021-04-29 10:03:52,3147.0,443801
2021-04-29 10:03:53,3147.55,443821
2021-04-29 10:03:54,3147.05,443833
2021-04-29 10:03:55,3147.0,443843
2021-04-29 10:03:57,3147.5,443851
2021-04-29 10:03:58,3147.05,443865
2021-04-29 10:03:59,3147.55,443893
2021-04-29 10:04:00,3147.75,444079
2021-04-29 10:04:01,3148.8,444128
2021-04-29 10:04:02,3148.8,444133
2021-04-29 10:04:03,3147.65,444152
2021-04-29 10:04:04,3148.15,444175
2021-04-29 10:04:05,3147.65,444209
2021-04-29 10:04:06,3147.65,444346
2021-04-29 10:04:07,3148.9,444449
2021-04-29 10:04:09,3149.95,444727
2021-04-29 10:04:10,3148.35,444779
2021-04-29 10:04:12,3147.7,444801
2021-04-29 10:04:13,3147.55,445102
2021-04-29 10:04:15,3147.7,445134
2021-04-29 10:04:16,3147.85,445543
2021-04-29 10:04:17,3149.05,445613
2021-04-29 10:04:18,3147.7,445650
2021-04-29 10:04:19,3147.8,445710
2021-04-29 10:04:20,3147.85,445724
2021-04-29 10:04:21,3147.85,445752
2021-04-29 10:04:23,3147.65,445784
2021-04-29 10:04:24,3147.55,445841
2021-04-29 10:04:25,3147.65,445851
2021-04-29 10:04:25,3147.65,445852
2021-04-29 10:04:26,3147.55,446088
2021-04-29 10:04:28,3147.55,446231
2021-04-29 10:04:29,3147.6,446335
2021-04-29 10:04:30,3147.25,446509
2021-04-29 10:04:31,3145.95,446859
2021-04-29 10:04:32,3146.45,446906
2021-04-29 10:04:33,3146.45,446911
2021-04-29 10:04:34,3145.8,446917
2021-04-29 10:04:35,3145.6,446942
2021-04-29 10:04:36,3145.6,446955
2021-04-29 10:04:37,3146.05,447018
2021-04-29 10:04:37,3145.55,447025
2021-04-29 10:04:38,3146.05,447056
2021-04-29 10:04:39,3146.05,447064
2021-04-29 10:04:40,3145.35,447090
2021-04-29 10:04:41,3145.6,447108
2021-04-29 10:04:42,3145.35,447122
2021-04-29 10:04:44,3145.0,447333
2021-04-29 10:04:45,3145.0,447376
2021-04-29 10:04:46,3146.3,447399
2021-04-29 10:04:48,3146.45,447501
2021-04-29 10:04:49,3145.85,447510
2021-04-29 10:04:50,3145.85,447516
2021-04-29 10:04:51,3145.85,447526
2021-04-29 10:04:52,3145.6,447544
2021-04-29 10:04:53,3145.95,447560
2021-04-29 10:04:54,3146.05,447565
2021-04-29 10:04:55,3147.5,447591
2021-04-29 10:04:55,3147.45,447594
2021-04-29 10:04:56,3147.8,447609
2021-04-29 10:04:57,3146.65,447712
2021-04-29 10:04:58,3147.7,447735
2021-04-29 10:05:00,3146.65,447796
2021-04-29 10:05:01,3147.75,447883
2021-04-29 10:05:02,3146.35,447929
2021-04-29 10:05:04,3146.55,447966
2021-04-29 10:05:05,3147.5,447968
2021-04-29 10:05:06,3146.6,447970
2021-04-29 10:05:07,3146.4,447974
2021-04-29 10:05:08,3145.85,448079
2021-04-29 10:05:09,3147.75,448359
2021-04-29 10:05:10,3147.65,448577
2021-04-29 10:05:11,3147.7,448662
2021-04-29 10:05:12,3147.8,448692
2021-04-29 10:05:14,3147.75,449166
2021-04-29 10:05:15,3148.95,449215
2021-04-29 10:05:16,3148.95,449220
2021-04-29 10:05:17,3147.8,449325
2021-04-29 10:05:18,3148.95,449336
2021-04-29 10:05:19,3148.95,449367
2021-04-29 10:05:20,3148.3,449481
2021-04-29 10:05:20,3147.65,449470
2021-04-29 10:05:21,3148.8,449482
2021-04-29 10:05:22,3148.3,449487
2021-04-29 10:05:23,3148.3,449498
2021-04-29 10:05:24,3148.3,449501
2021-04-29 10:05:25,3149.6,450191
2021-04-29 10:05:26,3147.7,450290
2021-04-29 10:05:28,3147.5,450328
2021-04-29 10:05:29,3147.25,450505
2021-04-29 10:05:30,3147.6,450539
2021-04-29 10:05:31,3147.5,450552
2021-04-29 10:05:32,3147.5,450578
2021-04-29 10:05:33,3147.4,450585
2021-04-29 10:05:33,3147.5,450586
2021-04-29 10:05:34,3147.5,450614
2021-04-29 10:05:35,3148.6,450719
2021-04-29 10:05:37,3146.85,451041
2021-04-29 10:05:38,3148.0,451078
2021-04-29 10:05:39,3148.5,451181
2021-04-29 10:05:40,3148.25,451192
2021-04-29 10:05:43,3146.85,451207
2021-04-29 10:05:44,3147.5,451212
2021-04-29 10:05:44,3147.5,451211
2021-04-29 10:05:45,3147.5,451215
2021-04-29 10:05:46,3146.95,451362
2021-04-29 10:05:47,3147.9,451377
2021-04-29 10:05:48,3146.95,451393
2021-04-29 10:05:49,3147.9,451395
2021-04-29 10:05:50,3146.4,451649
2021-04-29 10:05:52,3147.0,451676
2021-04-29 10:05:53,3147.0,451679
2021-04-29 10:05:54,3146.6,451707
2021-04-29 10:05:55,3146.35,451715
2021-04-29 10:05:56,3146.35,451726
2021-04-29 10:05:57,3146.35,451760
2021-04-29 10:05:58,3146.15,451773
2021-04-29 10:05:59,3147.0,451784
2021-04-29 10:05:59,3146.65,451785
2021-04-29 10:06:00,3146.65,451790
2021-04-29 10:06:01,3146.15,451793
2021-04-29 10:06:02,3146.55,451801
2021-04-29 10:06:03,3147.4,451803
2021-04-29 10:06:04,3147.4,451803
2021-04-29 10:06:05,3147.0,451818
2021-04-29 10:06:07,3146.95,451868
2021-04-29 10:06:08,3146.65,451927
2021-04-29 10:06:09,3147.0,451965
2021-04-29 10:06:10,3147.0,451974
2021-04-29 10:06:11,3147.0,451984
2021-04-29 10:06:12,3147.4,451985
2021-04-29 10:06:13,3147.4,452048
2021-04-29 10:06:14,3146.95,452072
2021-04-29 10:06:18,3148.45,452543
2021-04-29 10:06:18,3148.0,452538
2021-04-29 10:06:19,3145.25,456043
2021-04-29 10:06:21,3145.6,456590
2021-04-29 10:06:22,3145.6,456654
2021-04-29 10:06:23,3145.6,456661
2021-04-29 10:06:24,3145.6,456664
2021-04-29 10:06:25,3145.95,457019
2021-04-29 10:06:26,3145.9,457059
2021-04-29 10:06:27,3145.9,457063
2021-04-29 10:06:28,3146.45,457264
2021-04-29 10:06:29,3144.85,457294
2021-04-29 10:06:30,3146.05,457297
2021-04-29 10:06:31,3146.05,457297
2021-04-29 10:06:32,3145.0,457301
2021-04-29 10:06:33,3145.0,457306
2021-04-29 10:06:34,3145.6,457389
2021-04-29 10:06:35,3145.0,457409
2021-04-29 10:06:37,3146.0,457564
2021-04-29 10:06:38,3146.3,457577
2021-04-29 10:06:39,3145.8,457584
2021-04-29 10:06:40,3145.25,457586
2021-04-29 10:06:41,3146.3,457611
2021-04-29 10:06:42,3146.0,457613
2021-04-29 10:06:44,3146.0,457664
2021-04-29 10:06:45,3145.6,457677
2021-04-29 10:06:47,3145.6,457677
2021-04-29 10:06:48,3145.6,457677
2021-04-29 10:06:49,3146.0,457688
2021-04-29 10:06:50,3146.0,457938
2021-04-29 10:06:51,3145.2,457983
2021-04-29 10:06:52,3145.95,457988
2021-04-29 10:06:53,3145.6,457989
2021-04-29 10:06:54,3145.6,458049
2021-04-29 10:06:55,3145.6,458055
2021-04-29 10:06:55,3145.6,458084
2021-04-29 10:06:57,3145.9,458087
2021-04-29 10:06:58,3145.6,458107
2021-04-29 10:07:00,3145.95,458158
2021-04-29 10:07:01,3146.0,458314
2021-04-29 10:07:02,3146.0,458342
2021-04-29 10:07:03,3146.35,458345
2021-04-29 10:07:04,3146.15,458365
2021-04-29 10:07:06,3146.0,458402
2021-04-29 10:07:07,3146.35,458403
2021-04-29 10:07:07,3146.35,458408
2021-04-29 10:07:08,3146.65,458436
2021-04-29 10:07:09,3146.65,458440
2021-04-29 10:07:10,3146.65,458440
2021-04-29 10:07:13,3145.9,458947
2021-04-29 10:07:14,3145.9,458993
2021-04-29 10:07:15,3145.95,459006
2021-04-29 10:07:16,3145.9,459075
2021-04-29 10:07:17,3146.0,459160
2021-04-29 10:07:17,3146.35,459168
2021-04-29 10:07:20,3146.35,459241
2021-04-29 10:07:21,3146.0,459288
2021-04-29 10:07:22,3146.0,459344
2021-04-29 10:07:23,3146.0,459360
2021-04-29 10:07:24,3146.05,459368
2021-04-29 10:07:25,3146.35,459382
2021-04-29 10:07:26,3146.05,459386
2021-04-29 10:07:27,3146.05,459387
2021-04-29 10:07:28,3146.05,459389
2021-04-29 10:07:29,3146.05,459399
2021-04-29 10:07:30,3146.35,459416
2021-04-29 10:07:31,3146.35,459420
2021-04-29 10:07:33,3147.0,459500
2021-04-29 10:07:34,3147.25,459503
2021-04-29 10:07:35,3147.25,459505
2021-04-29 10:07:36,3147.0,459510
2021-04-29 10:07:37,3147.0,459512
2021-04-29 10:07:38,3147.0,459512
2021-04-29 10:07:39,3147.0,459513
2021-04-29 10:07:40,3147.0,459513
2021-04-29 10:07:41,3147.0,459514
2021-04-29 10:07:42,3147.0,459514
2021-04-29 10:07:43,3147.0,459514
2021-04-29 10:07:44,3147.25,459523
2021-04-29 10:07:45,3147.0,459588
2021-04-29 10:07:46,3147.65,459635
2021-04-29 10:07:47,3147.9,459639
2021-04-29 10:07:48,3147.9,459655
2021-04-29 10:07:49,3148.0,459756
2021-04-29 10:07:50,3148.0,459766
2021-04-29 10:07:51,3148.0,459767
2021-04-29 10:07:52,3147.45,459778
2021-04-29 10:07:53,3147.9,459801
2021-04-29 10:07:54,3147.9,459804
2021-04-29 10:07:55,3148.0,459838
2021-04-29 10:07:56,3148.0,459942
2021-04-29 10:07:57,3148.05,459952
2021-04-29 10:07:58,3147.85,459970
2021-04-29 10:07:59,3147.85,459980
2021-04-29 10:08:00,3147.8,460082
2021-04-29 10:08:01,3147.45,460095
2021-04-29 10:08:02,3147.75,460257
2021-04-29 10:08:03,3144.85,462275
2021-04-29 10:08:04,3146.65,462479
2021-04-29 10:08:05,3145.65,462499
2021-04-29 10:08:07,3145.6,462512
2021-04-29 10:08:08,3145.6,462524
2021-04-29 10:08:09,3145.3,462527
2021-04-29 10:08:10,3144.8,462540
2021-04-29 10:08:11,3144.6,462563
2021-04-29 10:08:12,3144.6,462646
2021-04-29 10:08:13,3144.05,462705
2021-04-29 10:08:14,3145.6,462711
2021-04-29 10:08:15,3145.95,462761
2021-04-29 10:08:16,3146.0,462766
2021-04-29 10:08:17,3146.0,462767
2021-04-29 10:08:18,3145.05,462772
2021-04-29 10:08:19,3145.6,462773
2021-04-29 10:08:20,3145.3,462781
2021-04-29 10:08:21,3145.3,462781
2021-04-29 10:08:23,3145.05,462821
2021-04-29 10:08:24,3145.6,462825
2021-04-29 10:08:25,3145.3,462827
2021-04-29 10:08:26,3145.3,462827
2021-04-29 10:08:27,3145.3,462827
2021-04-29 10:08:29,3145.6,462869
2021-04-29 10:08:30,3145.6,462870
2021-04-29 10:08:31,3145.6,462870
2021-04-29 10:08:32,3145.3,462877
2021-04-29 10:08:33,3145.2,462941
2021-04-29 10:08:34,3145.6,462947
2021-04-29 10:08:35,3145.6,462950
2021-04-29 10:08:36,3145.2,462994
2021-04-29 10:08:37,3145.6,462998
2021-04-29 10:08:38,3146.0,462999
2021-04-29 10:08:39,3146.0,463019
2021-04-29 10:08:40,3146.0,463022
2021-04-29 10:08:41,3146.0,463033
2021-04-29 10:08:42,3145.8,463038
2021-04-29 10:08:43,3145.8,463043
2021-04-29 10:08:44,3146.1,463047
2021-04-29 10:08:45,3146.1,463047
2021-04-29 10:08:46,3146.1,463047
2021-04-29 10:08:47,3146.1,463047
2021-04-29 10:08:48,3146.85,463053
2021-04-29 10:08:49,3146.85,463058
2021-04-29 10:08:50,3146.85,463059
2021-04-29 10:08:51,3146.85,463059
2021-04-29 10:08:52,3146.45,463060
2021-04-29 10:08:54,3146.85,463110
2021-04-29 10:08:55,3146.85,463110
2021-04-29 10:08:59,3146.0,463295
2021-04-29 10:08:58,3146.9,463238
2021-04-29 10:09:01,3146.1,463463
2021-04-29 10:09:02,3146.0,463482
2021-04-29 10:09:03,3146.45,463680
2021-04-29 10:09:04,3146.1,463699
2021-04-29 10:09:05,3146.1,463701
2021-04-29 10:09:06,3146.1,463701
2021-04-29 10:09:07,3146.0,463755
2021-04-29 10:09:08,3146.1,463774
2021-04-29 10:09:09,3146.1,463776
2021-04-29 10:09:10,3146.0,463787
2021-04-29 10:09:11,3146.05,463790
2021-04-29 10:09:12,3146.0,463795
2021-04-29 10:09:13,3146.05,463796
2021-04-29 10:09:14,3145.1,464105
2021-04-29 10:09:15,3145.1,464146
2021-04-29 10:09:16,3146.0,464160
2021-04-29 10:09:17,3145.1,464166
2021-04-29 10:09:18,3146.0,464167
2021-04-29 10:09:19,3145.05,464187
2021-04-29 10:09:20,3146.0,464189
2021-04-29 10:09:21,3145.05,464232
2021-04-29 10:09:22,3145.6,464234
2021-04-29 10:09:23,3146.0,464237
2021-04-29 10:09:24,3146.0,464237
2021-04-29 10:09:25,3146.0,464252
2021-04-29 10:09:26,3146.05,464270
2021-04-29 10:09:27,3145.25,464304
2021-04-29 10:09:28,3145.1,464358
2021-04-29 10:09:29,3145.1,464382
2021-04-29 10:09:30,3145.1,464405
2021-04-29 10:09:31,3146.35,464407
2021-04-29 10:09:32,3146.35,464408
2021-04-29 10:09:33,3146.35,464408
2021-04-29 10:09:35,3146.15,464409
2021-04-29 10:09:36,3146.35,464411
2021-04-29 10:09:37,3146.35,464416
2021-04-29 10:09:39,3147.25,464431
2021-04-29 10:09:40,3147.2,464444
2021-04-29 10:09:40,3147.2,464445
2021-04-29 10:09:41,3146.35,464447
2021-04-29 10:09:42,3146.35,464449
2021-04-29 10:09:43,3145.05,464616
2021-04-29 10:09:45,3145.05,464737
2021-04-29 10:09:46,3145.05,464889
2021-04-29 10:09:48,3146.1,464906
2021-04-29 10:09:49,3146.35,464935
2021-04-29 10:09:51,3146.3,464940
2021-04-29 10:09:52,3145.05,464941
2021-04-29 10:09:53,3145.05,464949
2021-04-29 10:09:53,3145.6,464950
2021-04-29 10:09:54,3145.6,464950
2021-04-29 10:09:55,3145.05,465100
2021-04-29 10:09:56,3146.0,465116
2021-04-29 10:09:57,3146.0,465118
2021-04-29 10:09:59,3146.0,465134
2021-04-29 10:09:59,3146.0,465135
2021-04-29 10:10:00,3145.1,465181
2021-04-29 10:10:01,3145.65,465185
2021-04-29 10:10:02,3145.85,465186
2021-04-29 10:10:03,3145.85,465186
2021-04-29 10:10:05,3145.35,465199
2021-04-29 10:10:07,3146.35,465201
2021-04-29 10:10:07,3146.35,465217
2021-04-29 10:10:08,3145.25,465244
2021-04-29 10:10:09,3145.35,465258
2021-04-29 10:10:10,3145.25,465470
2021-04-29 10:10:11,3145.25,465497
2021-04-29 10:10:12,3145.85,465500
2021-04-29 10:10:13,3145.85,465500
2021-04-29 10:10:14,3145.85,465500
2021-04-29 10:10:15,3145.35,465501
2021-04-29 10:10:16,3145.25,465508
2021-04-29 10:10:18,3145.35,465514
2021-04-29 10:10:19,3145.25,465654
2021-04-29 10:10:19,3145.6,465668
2021-04-29 10:10:20,3145.6,465670
2021-04-29 10:10:21,3145.25,465727
2021-04-29 10:10:22,3146.2,466048
2021-04-29 10:10:23,3146.45,466100
2021-04-29 10:10:25,3148.0,466197
2021-04-29 10:10:26,3148.05,466203
2021-04-29 10:10:28,3148.0,466221
2021-04-29 10:10:29,3147.85,466287
2021-04-29 10:10:30,3146.7,466306
2021-04-29 10:10:31,3146.65,466344
2021-04-29 10:10:33,3146.65,466357
2021-04-29 10:10:33,3146.7,466358
2021-04-29 10:10:34,3146.7,466365
2021-04-29 10:10:35,3146.7,466372
2021-04-29 10:10:36,3146.65,466528
2021-04-29 10:10:37,3147.85,466546
2021-04-29 10:10:38,3147.85,466567
2021-04-29 10:10:41,3147.85,466573
2021-04-29 10:10:42,3147.85,466577
2021-04-29 10:10:43,3147.95,466639
2021-04-29 10:10:44,3147.85,466645
2021-04-29 10:10:45,3147.0,466682
2021-04-29 10:10:46,3147.0,466699
2021-04-29 10:10:47,3147.85,466723
2021-04-29 10:10:48,3147.6,466730
2021-04-29 10:10:48,3147.6,466731
2021-04-29 10:10:49,3147.6,466750
2021-04-29 10:10:50,3146.9,466956
2021-04-29 10:10:51,3146.0,466984
2021-04-29 10:10:52,3146.0,466992
2021-04-29 10:10:54,3146.85,467023
2021-04-29 10:10:54,3146.0,467029
2021-04-29 10:10:55,3146.0,467034
2021-04-29 10:10:56,3146.85,467036
2021-04-29 10:10:57,3146.0,467041
2021-04-29 10:10:58,3146.0,467192
2021-04-29 10:11:00,3146.0,467222
2021-04-29 10:11:00,3146.6,467225
2021-04-29 10:11:01,3146.0,467227
2021-04-29 10:11:02,3146.0,467250
2021-04-29 10:11:03,3146.0,467257
2021-04-29 10:11:04,3146.2,467259
2021-04-29 10:11:05,3146.2,467259
2021-04-29 10:11:06,3146.2,467280
2021-04-29 10:11:07,3146.4,467297
2021-04-29 10:11:08,3146.0,467311
2021-04-29 10:11:09,3146.4,467313
2021-04-29 10:11:10,3146.4,467313
2021-04-29 10:11:11,3146.6,467431
2021-04-29 10:11:12,3147.0,467444
2021-04-29 10:11:14,3146.2,467464
2021-04-29 10:11:15,3147.0,467484
2021-04-29 10:11:16,3146.1,467513
2021-04-29 10:11:17,3146.1,467559
2021-04-29 10:11:18,3146.1,467566
2021-04-29 10:11:19,3147.85,467625
2021-04-29 10:11:20,3147.0,467632
2021-04-29 10:11:21,3147.0,467636
2021-04-29 10:11:22,3146.75,467645
2021-04-29 10:11:23,3147.0,467658
2021-04-29 10:11:24,3146.05,467875
2021-04-29 10:11:25,3147.35,467907
2021-04-29 10:11:26,3147.35,467910
2021-04-29 10:11:27,3146.9,468191
2021-04-29 10:11:28,3147.4,468219
2021-04-29 10:11:29,3147.35,468233
2021-04-29 10:11:30,3147.35,468234
2021-04-29 10:11:31,3146.9,468479
2021-04-29 10:11:32,3146.05,468516
2021-04-29 10:11:33,3146.05,468574
2021-04-29 10:11:34,3146.35,468634
2021-04-29 10:11:35,3146.35,468640
2021-04-29 10:11:38,3146.05,469586
2021-04-29 10:11:39,3146.4,469679
2021-04-29 10:11:40,3146.35,469689
2021-04-29 10:11:40,3146.35,469690
2021-04-29 10:11:42,3146.05,469888
2021-04-29 10:11:42,3146.4,469908
2021-04-29 10:11:43,3146.35,469910
2021-04-29 10:11:45,3146.35,469919
2021-04-29 10:11:46,3146.35,469938
2021-04-29 10:11:47,3147.4,470100
2021-04-29 10:11:48,3147.4,470127
2021-04-29 10:11:48,3146.35,470125
2021-04-29 10:11:49,3146.85,470132
2021-04-29 10:11:50,3146.85,470163
2021-04-29 10:11:51,3146.35,470170
2021-04-29 10:11:52,3147.25,470171
2021-04-29 10:11:53,3147.0,470282
2021-04-29 10:11:54,3146.05,470340
2021-04-29 10:11:55,3146.0,470471
2021-04-29 10:11:56,3146.35,470484
2021-04-29 10:11:57,3147.0,470546
2021-04-29 10:11:58,3146.0,470562
2021-04-29 10:11:59,3147.0,470564
2021-04-29 10:12:01,3146.3,470574
2021-04-29 10:12:01,3147.0,470575
2021-04-29 10:12:02,3146.3,470593
2021-04-29 10:12:03,3146.3,470596
2021-04-29 10:12:04,3147.0,470614
2021-04-29 10:12:05,3146.35,470620
2021-04-29 10:12:06,3146.0,470623
2021-04-29 10:12:07,3146.0,470624
2021-04-29 10:12:08,3146.35,470625
2021-04-29 10:12:09,3147.0,470626
2021-04-29 10:12:11,3146.0,470627
2021-04-29 10:12:13,3147.45,470890
2021-04-29 10:12:14,3147.35,470926
2021-04-29 10:12:14,3147.35,470930
2021-04-29 10:12:16,3147.35,470954
2021-04-29 10:12:16,3147.7,471030
2021-04-29 10:12:18,3146.4,471101
2021-04-29 10:12:19,3147.15,471110
2021-04-29 10:12:20,3147.15,471122
2021-04-29 10:12:20,3147.7,471123
2021-04-29 10:12:21,3147.15,471154
2021-04-29 10:12:22,3146.0,471159
2021-04-29 10:12:24,3146.05,471161
2021-04-29 10:12:24,3147.6,471261
2021-04-29 10:12:26,3147.6,471271
2021-04-29 10:12:26,3147.6,471272
2021-04-29 10:12:27,3147.6,471285
2021-04-29 10:12:28,3147.0,471296
2021-04-29 10:12:29,3147.05,471302
2021-04-29 10:12:31,3147.05,471312
2021-04-29 10:12:32,3147.05,471326
2021-04-29 10:12:33,3147.0,471373
2021-04-29 10:12:33,3147.0,471369
2021-04-29 10:12:34,3146.25,471384
2021-04-29 10:12:35,3146.25,471409
2021-04-29 10:12:36,3147.95,471737
2021-04-29 10:12:37,3147.6,471770
2021-04-29 10:12:38,3147.5,471773
2021-04-29 10:12:39,3147.6,471864
2021-04-29 10:12:41,3147.0,471885
2021-04-29 10:12:42,3146.2,471905
2021-04-29 10:12:43,3146.2,471956
2021-04-29 10:12:45,3146.2,471962
2021-04-29 10:12:46,3146.35,471968
2021-04-29 10:12:46,3146.35,471968
2021-04-29 10:12:48,3146.35,471976
2021-04-29 10:12:49,3146.25,471977
2021-04-29 10:12:50,3146.25,471979
2021-04-29 10:12:51,3146.25,471981
2021-04-29 10:12:51,3146.25,471981
2021-04-29 10:12:52,3146.25,471981
2021-04-29 10:12:53,3146.35,472008
2021-04-29 10:12:54,3146.75,472042
2021-04-29 10:12:55,3146.75,472046
2021-04-29 10:12:56,3146.25,472047
2021-04-29 10:12:57,3146.75,472061
2021-04-29 10:12:58,3146.25,472084
2021-04-29 10:12:59,3147.0,472094
2021-04-29 10:13:01,3147.0,472095
2021-04-29 10:13:02,3147.0,472095
2021-04-29 10:13:02,3146.85,472105
2021-04-29 10:13:05,3146.85,472117
2021-04-29 10:13:06,3146.15,472185
2021-04-29 10:13:08,3147.0,472274
2021-04-29 10:13:09,3147.5,472283
2021-04-29 10:13:10,3147.5,472284
2021-04-29 10:13:10,3147.5,472284
2021-04-29 10:13:11,3147.0,472307
2021-04-29 10:13:12,3147.0,472311
2021-04-29 10:13:14,3147.0,472325
2021-04-29 10:13:15,3147.0,472332
2021-04-29 10:13:16,3147.5,472335
2021-04-29 10:13:16,3147.0,472348
2021-04-29 10:13:17,3147.5,472352
2021-04-29 10:13:18,3147.0,472354
2021-04-29 10:13:19,3147.25,472360
2021-04-29 10:13:20,3147.25,472361
2021-04-29 10:13:21,3147.25,472361
2021-04-29 10:13:22,3147.5,472374
2021-04-29 10:13:24,3147.5,472387
2021-04-29 10:13:25,3147.0,472404
2021-04-29 10:13:26,3147.0,472408
2021-04-29 10:13:27,3147.5,472426
2021-04-29 10:13:27,3147.0,472421
2021-04-29 10:13:28,3147.0,472429
2021-04-29 10:13:29,3147.0,472431
2021-04-29 10:13:30,3147.0,472501
2021-04-29 10:13:31,3147.0,472535
2021-04-29 10:13:32,3146.9,472578
2021-04-29 10:13:33,3146.9,472605
2021-04-29 10:13:34,3146.9,473164
2021-04-29 10:13:35,3146.85,473222
2021-04-29 10:13:36,3146.0,473251
2021-04-29 10:13:37,3146.0,473278
2021-04-29 10:13:39,3146.0,473288
2021-04-29 10:13:40,3146.5,473294
2021-04-29 10:13:41,3146.5,473298
2021-04-29 10:13:41,3146.85,473299
2021-04-29 10:13:42,3148.0,473799
2021-04-29 10:13:44,3147.75,473858
2021-04-29 10:13:45,3147.75,473864
2021-04-29 10:13:46,3146.6,473913
2021-04-29 10:13:47,3146.6,474419
2021-04-29 10:13:47,3147.95,474470
2021-04-29 10:13:48,3147.9,474475
2021-04-29 10:13:49,3147.9,474475
2021-04-29 10:13:51,3147.5,474516
2021-04-29 10:13:52,3147.0,474521
2021-04-29 10:13:53,3147.6,474524
2021-04-29 10:13:53,3147.0,474666
2021-04-29 10:13:54,3146.5,474688
2021-04-29 10:13:55,3146.5,474692
2021-04-29 10:13:57,3146.5,474698
2021-04-29 10:13:58,3146.5,474702
2021-04-29 10:13:59,3147.05,474716
2021-04-29 10:14:00,3147.1,474767
2021-04-29 10:14:01,3147.1,474823
2021-04-29 10:14:02,3147.1,474828
2021-04-29 10:14:03,3146.95,474863
2021-04-29 10:14:04,3146.7,474874
2021-04-29 10:14:07,3146.9,474883
2021-04-29 10:14:08,3146.9,474891
2021-04-29 10:14:08,3146.65,474892
2021-04-29 10:14:10,3146.65,474892
2021-04-29 10:14:10,3146.5,474894
2021-04-29 10:14:11,3146.65,474895
2021-04-29 10:14:12,3146.65,474895
2021-04-29 10:14:14,3147.75,474959
2021-04-29 10:14:15,3146.5,474966
2021-04-29 10:14:16,3146.5,474977
2021-04-29 10:14:17,3146.5,474989
2021-04-29 10:14:18,3147.1,475022
2021-04-29 10:14:19,3147.85,475074
2021-04-29 10:14:20,3146.45,475229
2021-04-29 10:14:21,3146.65,475318
2021-04-29 10:14:23,3147.85,475327
2021-04-29 10:14:24,3146.6,475331
2021-04-29 10:14:27,3146.65,475387
2021-04-29 10:14:28,3146.7,475409
2021-04-29 10:14:29,3146.65,475416
2021-04-29 10:14:30,3147.5,475488
2021-04-29 10:14:31,3146.65,475504
2021-04-29 10:14:32,3147.5,475505
2021-04-29 10:14:33,3146.65,475506
2021-04-29 10:14:34,3147.05,475517
2021-04-29 10:14:35,3146.65,475524
2021-04-29 10:14:36,3146.65,475524
2021-04-29 10:14:37,3146.5,475579
2021-04-29 10:14:38,3146.0,475613
2021-04-29 10:14:39,3147.2,475643
2021-04-29 10:14:40,3147.2,475646
2021-04-29 10:14:41,3147.2,475647
2021-04-29 10:14:42,3147.2,475647
2021-04-29 10:14:43,3146.5,475652
2021-04-29 10:14:45,3147.25,475662
2021-04-29 10:14:45,3147.25,475662
2021-04-29 10:14:46,3147.2,475688
2021-04-29 10:14:47,3146.5,475692
2021-04-29 10:14:48,3146.4,475941
2021-04-29 10:14:50,3146.4,476010
2021-04-29 10:14:51,3146.4,476013
2021-04-29 10:14:53,3146.5,476092
2021-04-29 10:14:54,3146.5,476106
2021-04-29 10:14:55,3146.5,476107
2021-04-29 10:14:56,3146.4,476128
2021-04-29 10:14:57,3146.4,476142
2021-04-29 10:14:59,3146.9,476396
2021-04-29 10:14:59,3146.35,476393
2021-04-29 10:15:01,3146.9,476396
2021-04-29 10:15:02,3146.0,476447
2021-04-29 10:15:04,3146.9,476456
2021-04-29 10:15:05,3146.45,476461
2021-04-29 10:15:06,3146.45,476467
2021-04-29 10:15:07,3146.9,476468
2021-04-29 10:15:07,3146.9,476475
2021-04-29 10:15:08,3146.0,476505
2021-04-29 10:15:09,3147.15,476508
2021-04-29 10:15:10,3146.1,476510
2021-04-29 10:15:11,3146.1,476514
2021-04-29 10:15:13,3145.0,477070
2021-04-29 10:15:14,3145.35,477128
2021-04-29 10:15:15,3146.7,477133
2021-04-29 10:15:16,3146.9,477146
2021-04-29 10:15:17,3146.95,477147
2021-04-29 10:15:18,3146.15,477152
2021-04-29 10:15:19,3146.15,477154
2021-04-29 10:15:20,3146.15,477154
2021-04-29 10:15:20,3146.15,477154
2021-04-29 10:15:21,3146.15,477155
2021-04-29 10:15:22,3146.95,477163
2021-04-29 10:15:23,3146.25,477184
2021-04-29 10:15:24,3146.15,477193
2021-04-29 10:15:25,3147.25,477194
2021-04-29 10:15:27,3146.15,477197
2021-04-29 10:15:27,3146.15,477197
2021-04-29 10:15:28,3146.95,477207
2021-04-29 10:15:29,3146.95,477208
2021-04-29 10:15:31,3146.15,477273
2021-04-29 10:15:32,3145.7,477317
2021-04-29 10:15:34,3146.95,477322
2021-04-29 10:15:35,3145.95,477325
2021-04-29 10:15:35,3145.95,477325
2021-04-29 10:15:37,3145.75,477327
2021-04-29 10:15:37,3145.75,477328
2021-04-29 10:15:38,3146.5,477384
2021-04-29 10:15:39,3146.5,477390
2021-04-29 10:15:41,3146.5,477407
2021-04-29 10:15:42,3146.5,477418
2021-04-29 10:15:42,3145.7,477417
2021-04-29 10:15:43,3146.5,477418
2021-04-29 10:15:44,3146.55,477426
2021-04-29 10:15:45,3146.5,477464
2021-04-29 10:15:46,3146.9,477504
2021-04-29 10:15:48,3148.9,479937
2021-04-29 10:15:48,3148.9,480394
2021-04-29 10:15:49,3148.45,480460
2021-04-29 10:15:50,3148.9,480487
2021-04-29 10:15:51,3148.4,480519
2021-04-29 10:15:52,3147.8,480588
2021-04-29 10:15:53,3147.8,480606
2021-04-29 10:15:55,3147.35,480619
2021-04-29 10:15:56,3147.35,480628
2021-04-29 10:15:57,3147.05,480638
2021-04-29 10:15:58,3146.9,480790
2021-04-29 10:15:59,3146.9,480807
2021-04-29 10:16:00,3147.85,481021
2021-04-29 10:16:00,3147.9,481046
2021-04-29 10:16:01,3148.25,481249
2021-04-29 10:16:03,3147.75,481486
2021-04-29 10:16:04,3147.85,481554
2021-04-29 10:16:05,3148.9,481561
2021-04-29 10:16:06,3147.5,481619
2021-04-29 10:16:07,3147.6,481634
2021-04-29 10:16:08,3147.6,481668
2021-04-29 10:16:09,3148.7,481685
2021-04-29 10:16:10,3148.7,481697
2021-04-29 10:16:11,3148.7,481737
2021-04-29 10:16:12,3147.35,481742
2021-04-29 10:16:13,3147.35,481742
2021-04-29 10:16:14,3147.5,481803
2021-04-29 10:16:15,3148.8,481809
2021-04-29 10:16:16,3148.65,481812
2021-04-29 10:16:17,3147.45,481820
2021-04-29 10:16:18,3147.45,481847
2021-04-29 10:16:19,3147.4,481882
2021-04-29 10:16:20,3147.35,481946
2021-04-29 10:16:21,3147.35,481972
2021-04-29 10:16:22,3147.35,481975
2021-04-29 10:16:23,3148.25,481976
2021-04-29 10:16:24,3147.35,482007
2021-04-29 10:16:25,3147.35,482025
2021-04-29 10:16:26,3148.25,482027
2021-04-29 10:16:27,3147.35,482034
2021-04-29 10:16:28,3147.35,482037
2021-04-29 10:16:29,3148.25,482046
2021-04-29 10:16:29,3147.35,482229
2021-04-29 10:16:30,3147.35,482249
2021-04-29 10:16:31,3147.5,482251
2021-04-29 10:16:33,3147.3,482741
2021-04-29 10:16:34,3147.05,482793
2021-04-29 10:16:35,3147.05,482819
2021-04-29 10:16:36,3146.1,482876
2021-04-29 10:16:37,3147.45,482944
2021-04-29 10:16:38,3147.45,482956
2021-04-29 10:16:40,3146.25,482979
2021-04-29 10:16:41,3147.3,482991
2021-04-29 10:16:41,3147.3,482990
2021-04-29 10:16:42,3147.2,482997
2021-04-29 10:16:44,3147.25,483023
2021-04-29 10:16:45,3146.2,483029
2021-04-29 10:16:46,3146.25,483031
2021-04-29 10:16:47,3146.25,483054
2021-04-29 10:16:48,3146.25,483066
2021-04-29 10:16:49,3147.35,483068
2021-04-29 10:16:50,3146.75,483079
2021-04-29 10:16:50,3146.75,483080
2021-04-29 10:16:52,3146.25,483082
2021-04-29 10:16:53,3147.35,483089
2021-04-29 10:16:54,3147.35,483090
2021-04-29 10:16:55,3147.35,483090
2021-04-29 10:16:56,3146.25,483091
2021-04-29 10:16:56,3146.25,483091
2021-04-29 10:16:58,3146.25,483091
2021-04-29 10:16:59,3146.8,483151
2021-04-29 10:17:00,3146.25,483168
2021-04-29 10:17:01,3147.2,483172
2021-04-29 10:17:02,3147.2,483177
2021-04-29 10:17:03,3146.75,483180
2021-04-29 10:17:03,3146.75,483180
2021-04-29 10:17:05,3146.95,483181
2021-04-29 10:17:06,3146.95,483181
2021-04-29 10:17:07,3147.35,483185
2021-04-29 10:17:08,3147.35,483208
2021-04-29 10:17:08,3147.35,483210
2021-04-29 10:17:09,3147.35,483210
2021-04-29 10:17:11,3147.2,483211
2021-04-29 10:17:12,3147.2,483215
2021-04-29 10:17:13,3147.2,483229
2021-04-29 10:17:14,3147.2,483256
2021-04-29 10:17:15,3147.35,483259
2021-04-29 10:17:16,3147.2,483303
2021-04-29 10:17:17,3146.75,483320
2021-04-29 10:17:19,3146.65,483322
2021-04-29 10:17:20,3146.25,483331
2021-04-29 10:17:21,3147.0,483353
2021-04-29 10:17:22,3146.75,483592
2021-04-29 10:17:23,3147.75,483702
2021-04-29 10:17:23,3146.65,483692
2021-04-29 10:17:24,3147.35,483730
2021-04-29 10:17:27,3146.65,483750
2021-04-29 10:17:29,3146.65,483906
2021-04-29 10:17:31,3146.95,483923
2021-04-29 10:17:34,3146.95,483958
2021-04-29 10:17:34,3146.95,483958
2021-04-29 10:17:35,3146.8,483962
2021-04-29 10:17:37,3147.35,483993
2021-04-29 10:17:38,3146.95,483999
2021-04-29 10:17:40,3146.65,484166
2021-04-29 10:17:41,3147.3,484208
2021-04-29 10:17:41,3147.35,484212
2021-04-29 10:17:43,3147.3,484213
2021-04-29 10:17:44,3147.3,484213
2021-04-29 10:17:45,3146.85,484244
2021-04-29 10:17:46,3147.3,484249
2021-04-29 10:17:47,3147.3,484315
2021-04-29 10:17:48,3147.35,484322
2021-04-29 10:17:49,3147.35,484322
2021-04-29 10:17:50,3147.05,484332
2021-04-29 10:17:51,3146.85,484410
2021-04-29 10:17:52,3147.35,484418
2021-04-29 10:17:53,3146.25,484469
2021-04-29 10:17:54,3146.25,484490
2021-04-29 10:17:55,3147.2,484492
2021-04-29 10:17:56,3147.2,484528
2021-04-29 10:17:57,3146.25,484539
2021-04-29 10:17:58,3147.2,484558
2021-04-29 10:17:59,3147.2,484571
2021-04-29 10:18:00,3146.0,484775
2021-04-29 10:18:01,3146.25,484795
2021-04-29 10:18:02,3146.0,484800
2021-04-29 10:18:03,3146.2,484807
2021-04-29 10:18:04,3146.0,484824
2021-04-29 10:18:05,3146.1,484826
2021-04-29 10:18:06,3145.45,484867
2021-04-29 10:18:08,3146.2,484882
2021-04-29 10:18:09,3146.2,484882
2021-04-29 10:18:10,3146.2,484886
2021-04-29 10:18:11,3145.1,484908
2021-04-29 10:18:13,3146.2,484921
2021-04-29 10:18:14,3145.1,484954
2021-04-29 10:18:15,3146.05,484960
2021-04-29 10:18:16,3145.25,484976
2021-04-29 10:18:17,3146.2,484978
2021-04-29 10:18:19,3146.6,485029
2021-04-29 10:18:20,3146.6,485045
2021-04-29 10:18:21,3146.6,485080
2021-04-29 10:18:22,3146.6,485083
2021-04-29 10:18:23,3146.6,485098
2021-04-29 10:18:25,3146.6,485101
2021-04-29 10:18:24,3146.6,485101
2021-04-29 10:18:26,3146.6,485101
2021-04-29 10:18:28,3147.5,485108
2021-04-29 10:18:29,3147.75,485134
2021-04-29 10:18:30,3147.6,485259
2021-04-29 10:18:31,3147.65,485271
2021-04-29 10:18:32,3146.5,485276
2021-04-29 10:18:33,3147.7,485310
2021-04-29 10:18:34,3147.1,485345
2021-04-29 10:18:35,3147.0,485389
2021-04-29 10:18:36,3147.0,485397
2021-04-29 10:18:38,3147.8,485398
2021-04-29 10:18:39,3147.0,485416
2021-04-29 10:18:40,3147.8,485418
2021-04-29 10:18:41,3147.8,485418
2021-04-29 10:18:42,3147.8,485418
2021-04-29 10:18:43,3147.3,485421
2021-04-29 10:18:44,3147.8,485430
2021-04-29 10:18:45,3147.3,485436
2021-04-29 10:18:46,3147.8,485466
2021-04-29 10:18:47,3147.3,485470
2021-04-29 10:18:48,3147.3,485470
2021-04-29 10:18:49,3147.55,485477
2021-04-29 10:18:50,3147.55,485507
2021-04-29 10:18:51,3147.55,485526
2021-04-29 10:18:52,3147.3,485673
2021-04-29 10:18:54,3147.8,485733
2021-04-29 10:18:55,3147.3,485736
2021-04-29 10:18:56,3147.3,485803
2021-04-29 10:18:58,3147.65,485892
2021-04-29 10:18:59,3147.3,485914
2021-04-29 10:19:00,3147.65,485936
2021-04-29 10:19:01,3147.65,485942
2021-04-29 10:19:02,3147.65,485981
2021-04-29 10:19:03,3147.65,485988
2021-04-29 10:19:04,3147.65,485988
2021-04-29 10:19:06,3147.25,486060
2021-04-29 10:19:05,3147.0,486053
2021-04-29 10:19:07,3147.0,486071
2021-04-29 10:19:09,3146.95,486122
2021-04-29 10:19:10,3147.25,486127
2021-04-29 10:19:11,3147.25,486127
2021-04-29 10:19:12,3146.95,486133
2021-04-29 10:19:13,3146.9,486140
2021-04-29 10:19:14,3147.0,486142
2021-04-29 10:19:15,3147.0,486143
2021-04-29 10:19:16,3147.0,486143
2021-04-29 10:19:17,3147.0,486143
2021-04-29 10:19:18,3147.0,486143
2021-04-29 10:19:19,3146.65,486173
2021-04-29 10:19:20,3146.55,486187
2021-04-29 10:19:21,3146.65,486217
2021-04-29 10:19:22,3147.3,486220
2021-04-29 10:19:23,3147.4,486233
2021-04-29 10:19:24,3147.65,486285
2021-04-29 10:19:25,3147.65,486290
2021-04-29 10:19:26,3147.65,486339
2021-04-29 10:19:27,3146.6,486347
2021-04-29 10:19:28,3147.3,486348
2021-04-29 10:19:29,3146.6,486369
2021-04-29 10:19:30,3147.3,486381
2021-04-29 10:19:31,3147.7,486494
2021-04-29 10:19:32,3147.75,486508
2021-04-29 10:19:33,3147.65,486539
2021-04-29 10:19:34,3147.7,486555
2021-04-29 10:19:35,3147.7,486558
2021-04-29 10:19:36,3147.7,486558
2021-04-29 10:19:37,3146.7,486602
2021-04-29 10:19:38,3148.0,486637
2021-04-29 10:19:39,3148.0,486640
2021-04-29 10:19:40,3148.0,486643
2021-04-29 10:19:41,3148.0,486643
2021-04-29 10:19:42,3148.0,486650
2021-04-29 10:19:43,3148.0,486651
2021-04-29 10:19:44,3148.1,486930
2021-04-29 10:19:45,3148.1,486968
2021-04-29 10:19:46,3148.1,487041
2021-04-29 10:19:47,3148.1,487055
2021-04-29 10:19:48,3148.0,487062
2021-04-29 10:19:49,3148.0,487074
2021-04-29 10:19:50,3148.0,487095
2021-04-29 10:19:51,3148.05,487101
2021-04-29 10:19:52,3148.05,487102
2021-04-29 10:19:53,3148.05,487102
2021-04-29 10:19:54,3148.0,487109
2021-04-29 10:19:55,3148.05,487110
2021-04-29 10:19:56,3148.05,487116
2021-04-29 10:19:57,3148.05,487116
2021-04-29 10:19:58,3148.05,487126
2021-04-29 10:19:59,3148.05,487127
2021-04-29 10:20:00,3148.05,487132
2021-04-29 10:20:01,3148.05,487153
2021-04-29 10:20:04,3148.0,487238
2021-04-29 10:20:05,3148.3,487245
2021-04-29 10:20:06,3148.0,487250
2021-04-29 10:20:07,3148.3,487251
2021-04-29 10:20:08,3148.0,487356
2021-04-29 10:20:09,3148.0,487430
2021-04-29 10:20:11,3148.3,487497
2021-04-29 10:20:11,3148.0,487491
2021-04-29 10:20:12,3148.0,487506
2021-04-29 10:20:13,3148.0,487521
2021-04-29 10:20:14,3148.35,487542
2021-04-29 10:20:16,3148.3,487602
2021-04-29 10:20:17,3148.35,487615
2021-04-29 10:20:18,3148.2,487620
2021-04-29 10:20:18,3148.2,487625
2021-04-29 10:20:19,3148.2,487654
2021-04-29 10:20:20,3148.2,487659
2021-04-29 10:20:21,3148.2,487662
2021-04-29 10:20:22,3148.2,487667
2021-04-29 10:20:23,3148.2,487669
2021-04-29 10:20:24,3148.2,487774
2021-04-29 10:20:26,3148.2,487800
2021-04-29 10:20:27,3148.35,487811
2021-04-29 10:20:28,3148.7,487864
2021-04-29 10:20:29,3148.75,487913
2021-04-29 10:20:30,3148.75,487918
2021-04-29 10:20:31,3148.2,487976
2021-04-29 10:20:32,3148.75,488005
2021-04-29 10:20:33,3148.2,488069
2021-04-29 10:20:36,3148.2,488118
2021-04-29 10:20:36,3148.75,488119
2021-04-29 10:20:37,3148.2,488127
2021-04-29 10:20:38,3148.1,488350
2021-04-29 10:20:40,3148.75,488374
2021-04-29 10:20:42,3148.1,488396
2021-04-29 10:20:43,3148.1,488401
2021-04-29 10:20:44,3148.75,488411
2021-04-29 10:20:44,3148.75,488410
2021-04-29 10:20:45,3148.75,488705
2021-04-29 10:20:46,3148.75,489262
2021-04-29 10:20:47,3148.1,489323
2021-04-29 10:20:48,3148.1,489336
2021-04-29 10:20:49,3148.4,489353
2021-04-29 10:20:50,3148.35,489412
2021-04-29 10:20:51,3147.55,489653
