timestamp,ltp,volume
2021-06-11 09:15:34,27844.0,0
2021-06-11 09:15:36,27854.65,0
2021-06-11 09:15:37,27855.65,0
2021-06-11 09:15:38,27854.2,0
2021-06-11 09:15:39,27850.45,0
2021-06-11 09:15:40,27857.0,0
2021-06-11 09:15:41,27852.3,0
2021-06-11 09:15:43,27857.0,0
2021-06-11 09:15:44,27857.25,0
2021-06-11 09:15:45,27854.6,0
2021-06-11 09:15:46,27864.05,0
2021-06-11 09:15:47,27867.5,0
2021-06-11 09:15:48,27862.65,0
2021-06-11 09:15:49,27858.55,0
2021-06-11 09:15:50,27869.05,0
2021-06-11 09:15:51,27871.55,0
2021-06-11 09:15:52,27867.85,0
2021-06-11 09:15:53,27876.1,0
2021-06-11 09:15:54,27875.3,0
2021-06-11 09:15:55,27871.95,0
2021-06-11 09:15:56,27879.05,0
2021-06-11 09:15:57,27882.15,0
2021-06-11 09:15:58,27879.7,0
2021-06-11 09:15:59,27875.5,0
2021-06-11 09:16:00,27876.75,0
2021-06-11 09:16:01,27881.9,0
2021-06-11 09:16:02,27878.95,0
2021-06-11 09:16:03,27880.55,0
2021-06-11 09:16:04,27883.05,0
2021-06-11 09:16:05,27890.1,0
2021-06-11 09:16:06,27888.4,0
2021-06-11 09:16:08,27890.05,0
2021-06-11 09:16:09,27880.0,0
2021-06-11 09:16:10,27881.75,0
2021-06-11 09:16:11,27884.75,0
2021-06-11 09:16:12,27890.4,0
2021-06-11 09:16:14,27882.75,0
2021-06-11 09:16:15,27883.7,0
2021-06-11 09:16:16,27886.1,0
2021-06-11 09:16:17,27890.65,0
2021-06-11 09:16:18,27881.65,0
2021-06-11 09:16:19,27881.55,0
2021-06-11 09:16:20,27878.8,0
2021-06-11 09:16:21,27880.55,0
2021-06-11 09:16:22,27875.55,0
2021-06-11 09:16:23,27876.4,0
2021-06-11 09:16:24,27878.8,0
2021-06-11 09:16:25,27880.05,0
2021-06-11 09:16:26,27873.0,0
2021-06-11 09:16:27,27875.5,0
2021-06-11 09:16:29,27874.75,0
2021-06-11 09:16:30,27870.7,0
2021-06-11 09:16:31,27869.55,0
2021-06-11 09:16:33,27870.05,0
2021-06-11 09:16:34,27869.4,0
2021-06-11 09:16:35,27871.9,0
2021-06-11 09:16:36,27872.25,0
2021-06-11 09:16:37,27872.8,0
2021-06-11 09:16:38,27864.35,0
2021-06-11 09:16:39,27868.4,0
2021-06-11 09:16:41,27871.95,0
2021-06-11 09:16:42,27872.6,0
2021-06-11 09:16:43,27873.95,0
2021-06-11 09:16:44,27874.05,0
2021-06-11 09:16:45,27880.25,0
2021-06-11 09:16:46,27881.9,0
2021-06-11 09:16:47,27889.85,0
2021-06-11 09:16:48,27884.0,0
2021-06-11 09:16:49,27889.95,0
2021-06-11 09:16:50,27888.15,0
2021-06-11 09:16:51,27886.1,0
2021-06-11 09:16:52,27883.6,0
2021-06-11 09:16:53,27885.15,0
2021-06-11 09:16:54,27884.2,0
2021-06-11 09:16:55,27886.9,0
2021-06-11 09:16:56,27887.9,0
2021-06-11 09:16:57,27892.65,0
2021-06-11 09:16:58,27886.6,0
2021-06-11 09:16:59,27889.95,0
2021-06-11 09:17:00,27888.45,0
2021-06-11 09:17:01,27885.95,0
2021-06-11 09:17:02,27881.3,0
2021-06-11 09:17:04,27886.6,0
2021-06-11 09:17:05,27889.65,0
2021-06-11 09:17:07,27893.85,0
2021-06-11 09:17:08,27895.7,0
2021-06-11 09:17:09,27888.7,0
2021-06-11 09:17:10,27890.3,0
2021-06-11 09:17:11,27889.5,0
2021-06-11 09:17:12,27886.5,0
2021-06-11 09:17:13,27886.55,0
2021-06-11 09:17:14,27881.65,0
2021-06-11 09:17:15,27882.7,0
2021-06-11 09:17:16,27877.85,0
2021-06-11 09:17:17,27880.25,0
2021-06-11 09:17:18,27880.7,0
2021-06-11 09:17:20,27877.65,0
2021-06-11 09:17:21,27873.65,0
2021-06-11 09:17:22,27878.25,0
2021-06-11 09:17:23,27874.3,0
2021-06-11 09:17:24,27873.9,0
2021-06-11 09:17:25,27869.0,0
2021-06-11 09:17:26,27875.1,0
2021-06-11 09:17:27,27876.15,0
2021-06-11 09:17:28,27873.1,0
2021-06-11 09:17:30,27869.45,0
2021-06-11 09:17:31,27873.4,0
2021-06-11 09:17:32,27873.6,0
2021-06-11 09:17:33,27868.05,0
2021-06-11 09:17:34,27870.7,0
2021-06-11 09:17:36,27873.1,0
2021-06-11 09:17:37,27877.85,0
2021-06-11 09:17:38,27875.3,0
2021-06-11 09:17:39,27872.7,0
2021-06-11 09:17:40,27873.25,0
2021-06-11 09:17:41,27870.95,0
2021-06-11 09:17:42,27875.25,0
2021-06-11 09:17:43,27871.05,0
2021-06-11 09:17:44,27865.95,0
2021-06-11 09:17:45,27861.0,0
2021-06-11 09:17:46,27869.8,0
2021-06-11 09:17:47,27870.85,0
2021-06-11 09:17:48,27865.2,0
2021-06-11 09:17:49,27864.45,0
2021-06-11 09:17:50,27866.45,0
2021-06-11 09:17:51,27863.35,0
2021-06-11 09:17:52,27859.75,0
2021-06-11 09:17:53,27859.95,0
2021-06-11 09:17:54,27866.55,0
2021-06-11 09:17:55,27864.9,0
2021-06-11 09:17:56,27862.3,0
2021-06-11 09:17:57,27865.2,0
2021-06-11 09:17:58,27864.6,0
2021-06-11 09:17:59,27857.95,0
2021-06-11 09:18:00,27862.0,0
2021-06-11 09:18:01,27860.85,0
2021-06-11 09:18:02,27860.25,0
2021-06-11 09:18:03,27869.85,0
2021-06-11 09:18:04,27867.45,0
2021-06-11 09:18:05,27869.15,0
2021-06-11 09:18:06,27865.5,0
2021-06-11 09:18:07,27872.45,0
2021-06-11 09:18:09,27869.85,0
2021-06-11 09:18:10,27862.25,0
2021-06-11 09:18:11,27865.75,0
2021-06-11 09:18:12,27868.6,0
2021-06-11 09:18:14,27867.35,0
2021-06-11 09:18:15,27863.85,0
2021-06-11 09:18:16,27869.0,0
2021-06-11 09:18:17,27869.7,0
2021-06-11 09:18:18,27867.85,0
2021-06-11 09:18:19,27864.4,0
2021-06-11 09:18:20,27869.35,0
2021-06-11 09:18:22,27874.7,0
2021-06-11 09:18:23,27873.65,0
2021-06-11 09:18:24,27874.85,0
2021-06-11 09:18:25,27878.65,0
2021-06-11 09:18:26,27883.7,0
2021-06-11 09:18:27,27875.4,0
2021-06-11 09:18:28,27876.05,0
2021-06-11 09:18:29,27882.7,0
2021-06-11 09:18:30,27877.15,0
2021-06-11 09:18:31,27875.9,0
2021-06-11 09:18:32,27875.9,0
2021-06-11 09:18:33,27872.9,0
2021-06-11 09:18:34,27877.65,0
2021-06-11 09:18:35,27877.1,0
2021-06-11 09:18:36,27877.2,0
2021-06-11 09:18:38,27877.75,0
2021-06-11 09:18:39,27873.85,0
2021-06-11 09:18:41,27876.4,0
2021-06-11 09:18:42,27877.3,0
2021-06-11 09:18:43,27876.15,0
2021-06-11 09:18:44,27875.55,0
2021-06-11 09:18:45,27871.85,0
2021-06-11 09:18:46,27879.0,0
2021-06-11 09:18:47,27877.45,0
2021-06-11 09:18:48,27879.5,0
2021-06-11 09:18:49,27875.9,0
2021-06-11 09:18:50,27877.45,0
2021-06-11 09:18:51,27880.95,0
2021-06-11 09:18:52,27876.1,0
2021-06-11 09:18:53,27875.25,0
2021-06-11 09:18:54,27874.15,0
2021-06-11 09:18:56,27879.55,0
2021-06-11 09:18:57,27876.55,0
2021-06-11 09:18:59,27878.5,0
2021-06-11 09:19:00,27876.65,0
2021-06-11 09:19:01,27879.3,0
2021-06-11 09:19:02,27877.5,0
2021-06-11 09:19:03,27875.6,0
2021-06-11 09:19:05,27871.95,0
2021-06-11 09:19:06,27873.65,0
2021-06-11 09:19:08,27875.05,0
2021-06-11 09:19:09,27875.9,0
2021-06-11 09:19:10,27876.9,0
2021-06-11 09:19:11,27871.95,0
2021-06-11 09:19:13,27871.7,0
2021-06-11 09:19:14,27873.15,0
2021-06-11 09:19:15,27869.3,0
2021-06-11 09:19:16,27865.1,0
2021-06-11 09:19:17,27874.75,0
2021-06-11 09:19:18,27868.85,0
2021-06-11 09:19:19,27869.75,0
2021-06-11 09:19:20,27869.95,0
2021-06-11 09:19:21,27870.45,0
2021-06-11 09:19:22,27866.5,0
2021-06-11 09:19:23,27862.85,0
2021-06-11 09:19:24,27858.05,0
2021-06-11 09:19:25,27860.65,0
2021-06-11 09:19:26,27861.0,0
2021-06-11 09:19:27,27860.85,0
2021-06-11 09:19:28,27863.1,0
2021-06-11 09:19:29,27859.7,0
2021-06-11 09:19:30,27856.8,0
2021-06-11 09:19:31,27861.55,0
2021-06-11 09:19:32,27857.1,0
2021-06-11 09:19:33,27858.3,0
2021-06-11 09:19:34,27859.3,0
2021-06-11 09:19:35,27859.55,0
2021-06-11 09:19:36,27857.45,0
2021-06-11 09:19:37,27859.7,0
2021-06-11 09:19:38,27854.4,0
2021-06-11 09:19:39,27851.85,0
2021-06-11 09:19:40,27855.95,0
2021-06-11 09:19:41,27860.4,0
2021-06-11 09:19:42,27863.5,0
2021-06-11 09:19:43,27862.5,0
2021-06-11 09:19:44,27864.95,0
2021-06-11 09:19:45,27866.35,0
2021-06-11 09:19:46,27866.4,0
2021-06-11 09:19:47,27868.65,0
2021-06-11 09:19:48,27866.2,0
2021-06-11 09:19:49,27869.1,0
2021-06-11 09:19:50,27863.8,0
2021-06-11 09:19:51,27869.7,0
2021-06-11 09:19:52,27867.15,0
2021-06-11 09:19:53,27866.05,0
2021-06-11 09:19:55,27868.7,0
2021-06-11 09:19:56,27863.8,0
2021-06-11 09:19:57,27865.8,0
2021-06-11 09:19:58,27861.65,0
2021-06-11 09:19:59,27862.7,0
2021-06-11 09:20:00,27863.35,0
2021-06-11 09:20:03,27870.2,0
2021-06-11 09:20:04,27869.0,0
2021-06-11 09:20:05,27866.15,0
2021-06-11 09:20:06,27867.8,0
2021-06-11 09:20:07,27868.95,0
2021-06-11 09:20:08,27870.35,0
2021-06-11 09:20:09,27872.25,0
2021-06-11 09:20:10,27875.9,0
2021-06-11 09:20:11,27875.2,0
2021-06-11 09:20:12,27874.5,0
2021-06-11 09:20:13,27877.1,0
2021-06-11 09:20:14,27873.05,0
2021-06-11 09:20:15,27873.1,0
2021-06-11 09:20:20,27870.7,0
2021-06-11 09:20:21,27869.65,0
2021-06-11 09:20:22,27867.1,0
2021-06-11 09:20:23,27871.35,0
2021-06-11 09:20:24,27871.2,0
2021-06-11 09:20:25,27871.6,0
2021-06-11 09:20:26,27866.4,0
2021-06-11 09:20:27,27871.4,0
2021-06-11 09:20:28,27870.7,0
2021-06-11 09:20:29,27871.5,0
2021-06-11 09:20:30,27872.7,0
2021-06-11 09:20:31,27866.75,0
2021-06-11 09:20:32,27874.2,0
2021-06-11 09:20:33,27875.85,0
2021-06-11 09:20:34,27868.9,0
2021-06-11 09:20:35,27869.45,0
2021-06-11 09:20:36,27869.6,0
2021-06-11 09:20:38,27873.4,0
2021-06-11 09:20:39,27876.85,0
2021-06-11 09:20:40,27876.75,0
2021-06-11 09:20:41,27876.75,0
2021-06-11 09:20:42,27871.25,0
2021-06-11 09:20:43,27872.25,0
2021-06-11 09:20:44,27873.35,0
2021-06-11 09:20:45,27873.5,0
2021-06-11 09:20:46,27873.75,0
2021-06-11 09:20:48,27877.5,0
2021-06-11 09:20:49,27877.35,0
2021-06-11 09:20:50,27875.3,0
2021-06-11 09:20:51,27878.0,0
2021-06-11 09:20:52,27878.3,0
2021-06-11 09:20:53,27874.75,0
2021-06-11 09:20:54,27874.05,0
2021-06-11 09:20:55,27877.1,0
2021-06-11 09:20:56,27879.55,0
2021-06-11 09:20:57,27880.45,0
2021-06-11 09:20:58,27876.95,0
2021-06-11 09:20:59,27874.2,0
2021-06-11 09:21:00,27876.2,0
2021-06-11 09:21:01,27876.85,0
2021-06-11 09:21:03,27871.85,0
2021-06-11 09:21:04,27876.85,0
2021-06-11 09:21:05,27876.85,0
2021-06-11 09:21:06,27871.0,0
2021-06-11 09:21:08,27874.15,0
2021-06-11 09:21:09,27869.1,0
2021-06-11 09:21:10,27871.0,0
2021-06-11 09:21:11,27869.8,0
2021-06-11 09:21:12,27876.1,0
2021-06-11 09:21:13,27878.5,0
2021-06-11 09:21:14,27872.8,0
2021-06-11 09:21:15,27871.95,0
2021-06-11 09:21:16,27877.05,0
2021-06-11 09:21:17,27876.35,0
2021-06-11 09:21:18,27877.85,0
2021-06-11 09:21:19,27878.95,0
2021-06-11 09:21:20,27882.35,0
2021-06-11 09:21:21,27875.25,0
2021-06-11 09:21:22,27875.1,0
2021-06-11 09:21:23,27878.0,0
2021-06-11 09:21:24,27879.45,0
2021-06-11 09:21:25,27876.75,0
2021-06-11 09:21:26,27883.65,0
2021-06-11 09:21:27,27880.75,0
2021-06-11 09:21:28,27882.95,0
2021-06-11 09:21:29,27885.35,0
2021-06-11 09:21:30,27880.4,0
2021-06-11 09:21:31,27881.9,0
2021-06-11 09:21:32,27880.25,0
2021-06-11 09:21:33,27880.7,0
2021-06-11 09:21:34,27880.35,0
2021-06-11 09:21:35,27883.05,0
2021-06-11 09:21:36,27882.25,0
2021-06-11 09:21:37,27881.3,0
2021-06-11 09:21:38,27882.05,0
2021-06-11 09:21:40,27882.1,0
2021-06-11 09:21:41,27883.05,0
2021-06-11 09:21:42,27883.0,0
2021-06-11 09:21:43,27882.7,0
2021-06-11 09:21:44,27879.3,0
2021-06-11 09:21:45,27881.25,0
2021-06-11 09:21:46,27880.2,0
2021-06-11 09:21:47,27881.7,0
2021-06-11 09:21:48,27878.6,0
2021-06-11 09:21:49,27879.0,0
2021-06-11 09:21:50,27878.1,0
2021-06-11 09:21:51,27873.5,0
2021-06-11 09:21:52,27874.8,0
2021-06-11 09:21:53,27873.25,0
2021-06-11 09:21:54,27874.65,0
2021-06-11 09:21:55,27875.25,0
2021-06-11 09:21:56,27875.95,0
2021-06-11 09:21:57,27871.4,0
2021-06-11 09:21:58,27868.6,0
2021-06-11 09:21:59,27867.1,0
2021-06-11 09:22:00,27870.7,0
2021-06-11 09:22:01,27868.3,0
2021-06-11 09:22:02,27870.4,0
2021-06-11 09:22:03,27869.8,0
2021-06-11 09:22:04,27872.45,0
2021-06-11 09:22:05,27872.2,0
2021-06-11 09:22:06,27869.8,0
2021-06-11 09:22:07,27871.15,0
2021-06-11 09:22:08,27864.7,0
2021-06-11 09:22:09,27866.4,0
2021-06-11 09:22:10,27868.7,0
2021-06-11 09:22:11,27865.75,0
2021-06-11 09:22:12,27864.95,0
2021-06-11 09:22:17,27858.0,0
2021-06-11 09:22:19,27850.05,0
2021-06-11 09:22:20,27851.75,0
2021-06-11 09:22:21,27850.7,0
2021-06-11 09:22:22,27849.1,0
2021-06-11 09:22:23,27852.6,0
2021-06-11 09:22:24,27852.8,0
2021-06-11 09:22:25,27856.05,0
2021-06-11 09:22:26,27853.85,0
2021-06-11 09:22:27,27853.45,0
2021-06-11 09:22:28,27850.85,0
2021-06-11 09:22:29,27854.55,0
2021-06-11 09:22:30,27852.35,0
2021-06-11 09:22:31,27851.2,0
2021-06-11 09:22:32,27852.45,0
2021-06-11 09:22:33,27854.0,0
2021-06-11 09:22:34,27854.25,0
2021-06-11 09:22:35,27853.65,0
2021-06-11 09:22:36,27856.6,0
2021-06-11 09:22:37,27855.85,0
2021-06-11 09:22:38,27859.05,0
2021-06-11 09:22:39,27860.05,0
2021-06-11 09:22:41,27860.25,0
2021-06-11 09:22:43,27860.9,0
2021-06-11 09:22:45,27861.55,0
2021-06-11 09:22:46,27867.9,0
2021-06-11 09:22:47,27868.6,0
2021-06-11 09:22:48,27871.65,0
2021-06-11 09:22:49,27869.85,0
2021-06-11 09:22:50,27867.4,0
2021-06-11 09:22:51,27870.6,0
2021-06-11 09:22:52,27873.25,0
2021-06-11 09:22:53,27872.75,0
2021-06-11 09:22:54,27872.1,0
2021-06-11 09:22:55,27869.9,0
2021-06-11 09:22:56,27866.9,0
2021-06-11 09:22:57,27866.2,0
2021-06-11 09:22:58,27865.55,0
2021-06-11 09:22:59,27862.55,0
2021-06-11 09:23:00,27863.7,0
2021-06-11 09:23:01,27863.85,0
2021-06-11 09:23:02,27864.1,0
2021-06-11 09:23:03,27864.85,0
2021-06-11 09:23:04,27864.65,0
2021-06-11 09:23:05,27864.4,0
2021-06-11 09:23:06,27860.95,0
2021-06-11 09:23:07,27860.0,0
2021-06-11 09:23:08,27858.3,0
2021-06-11 09:23:09,27859.3,0
2021-06-11 09:23:10,27861.3,0
2021-06-11 09:23:11,27858.9,0
2021-06-11 09:23:12,27856.95,0
2021-06-11 09:23:13,27857.5,0
2021-06-11 09:23:14,27862.5,0
2021-06-11 09:23:15,27860.4,0
2021-06-11 09:23:16,27858.95,0
2021-06-11 09:23:17,27868.25,0
2021-06-11 09:23:18,27866.2,0
2021-06-11 09:23:19,27865.75,0
2021-06-11 09:23:21,27866.75,0
2021-06-11 09:23:22,27870.6,0
2021-06-11 09:23:23,27869.15,0
2021-06-11 09:23:24,27868.15,0
2021-06-11 09:23:25,27862.8,0
2021-06-11 09:23:28,27861.95,0
2021-06-11 09:23:29,27860.4,0
2021-06-11 09:23:30,27861.6,0
2021-06-11 09:23:31,27855.0,0
2021-06-11 09:23:32,27855.85,0
2021-06-11 09:23:33,27855.55,0
2021-06-11 09:23:34,27856.65,0
2021-06-11 09:23:35,27854.85,0
2021-06-11 09:23:36,27856.3,0
2021-06-11 09:23:37,27855.25,0
2021-06-11 09:23:38,27857.55,0
2021-06-11 09:23:39,27853.05,0
2021-06-11 09:23:40,27849.45,0
2021-06-11 09:23:41,27854.1,0
2021-06-11 09:23:42,27854.75,0
2021-06-11 09:23:43,27852.9,0
2021-06-11 09:23:44,27849.75,0
2021-06-11 09:23:45,27851.3,0
2021-06-11 09:23:47,27852.9,0
2021-06-11 09:23:48,27851.4,0
2021-06-11 09:23:49,27850.85,0
2021-06-11 09:23:50,27848.25,0
2021-06-11 09:23:51,27846.55,0
2021-06-11 09:23:52,27841.4,0
2021-06-11 09:23:54,27838.6,0
2021-06-11 09:23:55,27836.95,0
2021-06-11 09:23:56,27838.25,0
2021-06-11 09:23:57,27839.95,0
2021-06-11 09:23:58,27845.75,0
2021-06-11 09:23:59,27843.15,0
2021-06-11 09:24:00,27848.95,0
2021-06-11 09:24:01,27841.3,0
2021-06-11 09:24:02,27846.35,0
2021-06-11 09:24:03,27843.75,0
2021-06-11 09:24:04,27845.7,0
2021-06-11 09:24:05,27843.85,0
2021-06-11 09:24:06,27842.75,0
2021-06-11 09:24:07,27840.85,0
2021-06-11 09:24:09,27845.7,0
2021-06-11 09:24:13,27842.6,0
2021-06-11 09:24:14,27844.0,0
2021-06-11 09:24:15,27845.9,0
2021-06-11 09:24:16,27844.3,0
2021-06-11 09:24:17,27848.8,0
2021-06-11 09:24:18,27848.05,0
2021-06-11 09:24:19,27843.7,0
2021-06-11 09:24:20,27842.95,0
2021-06-11 09:24:21,27841.8,0
2021-06-11 09:24:22,27846.3,0
2021-06-11 09:24:23,27845.25,0
2021-06-11 09:24:24,27842.3,0
2021-06-11 09:24:25,27845.3,0
2021-06-11 09:24:26,27841.4,0
2021-06-11 09:24:27,27844.3,0
2021-06-11 09:24:28,27846.4,0
2021-06-11 09:24:29,27845.75,0
2021-06-11 09:24:30,27842.25,0
2021-06-11 09:24:31,27845.95,0
2021-06-11 09:24:32,27844.2,0
2021-06-11 09:24:33,27843.5,0
2021-06-11 09:24:34,27841.25,0
2021-06-11 09:24:36,27846.15,0
2021-06-11 09:24:35,27847.9,0
2021-06-11 09:24:37,27846.3,0
2021-06-11 09:24:38,27844.15,0
2021-06-11 09:24:39,27845.25,0
2021-06-11 09:24:40,27844.3,0
2021-06-11 09:24:41,27846.4,0
2021-06-11 09:24:42,27846.55,0
2021-06-11 09:24:43,27848.2,0
2021-06-11 09:24:44,27848.95,0
2021-06-11 09:24:45,27852.35,0
2021-06-11 09:24:46,27854.0,0
2021-06-11 09:24:47,27857.2,0
2021-06-11 09:24:48,27857.65,0
2021-06-11 09:24:50,27853.25,0
2021-06-11 09:24:51,27850.05,0
2021-06-11 09:24:52,27851.6,0
2021-06-11 09:24:53,27847.45,0
2021-06-11 09:24:54,27848.9,0
2021-06-11 09:24:56,27849.4,0
2021-06-11 09:24:57,27851.8,0
2021-06-11 09:24:58,27852.3,0
2021-06-11 09:24:59,27850.95,0
2021-06-11 09:25:00,27854.85,0
2021-06-11 09:25:01,27855.0,0
2021-06-11 09:25:02,27854.5,0
2021-06-11 09:25:03,27856.5,0
2021-06-11 09:25:04,27855.05,0
2021-06-11 09:25:05,27862.55,0
2021-06-11 09:25:06,27861.5,0
2021-06-11 09:25:07,27862.0,0
2021-06-11 09:25:08,27861.3,0
2021-06-11 09:25:09,27860.45,0
2021-06-11 09:25:10,27859.15,0
2021-06-11 09:25:12,27861.15,0
2021-06-11 09:25:13,27864.4,0
2021-06-11 09:25:14,27863.65,0
2021-06-11 09:25:15,27861.75,0
2021-06-11 09:25:16,27865.15,0
2021-06-11 09:25:17,27863.55,0
2021-06-11 09:25:18,27859.8,0
2021-06-11 09:25:19,27863.1,0
2021-06-11 09:25:20,27864.45,0
2021-06-11 09:25:21,27862.15,0
2021-06-11 09:25:22,27861.95,0
2021-06-11 09:25:23,27864.75,0
2021-06-11 09:25:24,27862.5,0
2021-06-11 09:25:25,27863.5,0
2021-06-11 09:25:26,27862.3,0
2021-06-11 09:25:27,27865.0,0
2021-06-11 09:25:28,27861.3,0
2021-06-11 09:25:29,27860.2,0
2021-06-11 09:25:30,27864.35,0
2021-06-11 09:25:31,27861.25,0
2021-06-11 09:25:32,27862.2,0
2021-06-11 09:25:33,27863.1,0
2021-06-11 09:25:34,27865.05,0
2021-06-11 09:25:36,27865.4,0
2021-06-11 09:25:37,27866.85,0
2021-06-11 09:25:38,27866.8,0
2021-06-11 09:25:39,27864.1,0
2021-06-11 09:25:40,27862.5,0
2021-06-11 09:25:41,27864.15,0
2021-06-11 09:25:42,27862.3,0
2021-06-11 09:25:43,27863.45,0
2021-06-11 09:25:44,27864.0,0
2021-06-11 09:25:45,27866.0,0
2021-06-11 09:25:46,27863.15,0
2021-06-11 09:25:47,27865.25,0
2021-06-11 09:25:48,27863.0,0
2021-06-11 09:25:49,27861.2,0
2021-06-11 09:25:50,27859.2,0
2021-06-11 09:25:51,27858.9,0
2021-06-11 09:25:52,27857.6,0
2021-06-11 09:25:53,27859.4,0
2021-06-11 09:25:54,27858.75,0
2021-06-11 09:25:55,27856.05,0
2021-06-11 09:25:56,27858.55,0
2021-06-11 09:25:57,27859.6,0
2021-06-11 09:25:58,27860.9,0
2021-06-11 09:25:59,27860.4,0
2021-06-11 09:26:00,27862.7,0
2021-06-11 09:26:01,27859.95,0
2021-06-11 09:26:02,27862.75,0
2021-06-11 09:26:03,27863.35,0
2021-06-11 09:26:04,27864.1,0
2021-06-11 09:26:05,27866.35,0
2021-06-11 09:26:06,27863.85,0
2021-06-11 09:26:07,27864.3,0
2021-06-11 09:26:08,27866.85,0
2021-06-11 09:26:09,27866.9,0
2021-06-11 09:26:10,27869.25,0
2021-06-11 09:26:12,27868.15,0
2021-06-11 09:26:13,27868.8,0
2021-06-11 09:26:14,27867.7,0
2021-06-11 09:26:18,27872.65,0
2021-06-11 09:26:20,27873.05,0
2021-06-11 09:26:21,27870.0,0
2021-06-11 09:26:23,27867.75,0
2021-06-11 09:26:24,27868.5,0
2021-06-11 09:26:25,27867.15,0
2021-06-11 09:26:28,27868.1,0
2021-06-11 09:26:29,27864.15,0
2021-06-11 09:26:30,27866.25,0
2021-06-11 09:26:31,27865.85,0
2021-06-11 09:26:32,27864.45,0
2021-06-11 09:26:34,27860.55,0
2021-06-11 09:26:35,27861.25,0
2021-06-11 09:26:36,27863.85,0
2021-06-11 09:26:37,27863.65,0
2021-06-11 09:26:38,27864.65,0
2021-06-11 09:26:39,27863.4,0
2021-06-11 09:26:40,27863.7,0
2021-06-11 09:26:41,27861.3,0
2021-06-11 09:26:42,27860.55,0
2021-06-11 09:26:43,27860.25,0
2021-06-11 09:26:44,27861.25,0
2021-06-11 09:26:45,27861.6,0
2021-06-11 09:26:46,27866.45,0
2021-06-11 09:26:47,27867.75,0
2021-06-11 09:26:48,27868.65,0
2021-06-11 09:26:49,27868.1,0
2021-06-11 09:26:50,27866.5,0
2021-06-11 09:26:51,27867.65,0
2021-06-11 09:26:52,27865.6,0
2021-06-11 09:26:53,27865.7,0
2021-06-11 09:26:54,27867.0,0
2021-06-11 09:26:56,27869.85,0
2021-06-11 09:26:57,27871.8,0
2021-06-11 09:26:58,27876.05,0
2021-06-11 09:26:59,27876.1,0
2021-06-11 09:27:00,27874.8,0
2021-06-11 09:27:01,27872.95,0
2021-06-11 09:27:02,27875.0,0
2021-06-11 09:27:03,27873.45,0
2021-06-11 09:27:04,27875.1,0
2021-06-11 09:27:05,27876.2,0
2021-06-11 09:27:06,27873.0,0
2021-06-11 09:27:07,27878.25,0
2021-06-11 09:27:08,27881.45,0
2021-06-11 09:27:09,27879.0,0
2021-06-11 09:27:10,27878.85,0
2021-06-11 09:27:11,27875.75,0
2021-06-11 09:27:12,27872.95,0
2021-06-11 09:27:14,27870.35,0
2021-06-11 09:27:15,27869.6,0
2021-06-11 09:27:16,27866.25,0
2021-06-11 09:27:17,27865.25,0
2021-06-11 09:27:18,27867.3,0
2021-06-11 09:27:19,27867.2,0
2021-06-11 09:27:20,27868.85,0
2021-06-11 09:27:21,27868.4,0
2021-06-11 09:27:22,27867.6,0
2021-06-11 09:27:23,27867.8,0
2021-06-11 09:27:25,27870.6,0
2021-06-11 09:27:26,27869.8,0
2021-06-11 09:27:27,27866.8,0
2021-06-11 09:27:28,27872.25,0
2021-06-11 09:27:29,27878.0,0
2021-06-11 09:27:30,27869.05,0
2021-06-11 09:27:31,27871.7,0
2021-06-11 09:27:32,27875.65,0
2021-06-11 09:27:33,27880.0,0
2021-06-11 09:27:34,27878.4,0
2021-06-11 09:27:35,27879.5,0
2021-06-11 09:27:36,27877.75,0
2021-06-11 09:27:37,27879.05,0
2021-06-11 09:27:38,27882.75,0
2021-06-11 09:27:39,27883.4,0
2021-06-11 09:27:40,27880.95,0
2021-06-11 09:27:41,27883.6,0
2021-06-11 09:27:42,27882.65,0
2021-06-11 09:27:44,27886.5,0
2021-06-11 09:27:45,27889.5,0
2021-06-11 09:27:46,27894.05,0
2021-06-11 09:27:47,27894.3,0
2021-06-11 09:27:48,27892.3,0
2021-06-11 09:27:49,27894.25,0
2021-06-11 09:27:50,27903.15,0
2021-06-11 09:27:51,27905.7,0
2021-06-11 09:27:52,27910.1,0
2021-06-11 09:27:53,27905.45,0
2021-06-11 09:27:54,27911.6,0
2021-06-11 09:27:55,27910.75,0
2021-06-11 09:27:56,27913.2,0
2021-06-11 09:27:57,27915.2,0
2021-06-11 09:27:58,27917.2,0
2021-06-11 09:27:59,27918.85,0
2021-06-11 09:28:00,27918.6,0
2021-06-11 09:28:01,27921.55,0
2021-06-11 09:28:03,27923.9,0
2021-06-11 09:28:04,27925.15,0
2021-06-11 09:28:06,27925.45,0
2021-06-11 09:28:07,27928.3,0
2021-06-11 09:28:08,27926.45,0
2021-06-11 09:28:09,27922.1,0
2021-06-11 09:28:10,27924.0,0
2021-06-11 09:28:11,27921.6,0
2021-06-11 09:28:13,27923.25,0
2021-06-11 09:28:14,27921.85,0
2021-06-11 09:28:15,27924.65,0
2021-06-11 09:28:16,27921.65,0
2021-06-11 09:28:17,27924.75,0
2021-06-11 09:28:18,27923.8,0
2021-06-11 09:28:19,27921.4,0
2021-06-11 09:28:20,27922.25,0
2021-06-11 09:28:22,27923.05,0
2021-06-11 09:28:24,27924.5,0
2021-06-11 09:28:25,27925.85,0
2021-06-11 09:28:27,27929.35,0
2021-06-11 09:28:29,27929.75,0
2021-06-11 09:28:30,27927.65,0
2021-06-11 09:28:31,27930.15,0
2021-06-11 09:28:33,27932.25,0
2021-06-11 09:28:34,27929.35,0
2021-06-11 09:28:35,27930.85,0
2021-06-11 09:28:36,27927.0,0
2021-06-11 09:28:37,27924.75,0
2021-06-11 09:28:38,27927.15,0
2021-06-11 09:28:39,27928.45,0
2021-06-11 09:28:41,27929.0,0
2021-06-11 09:28:43,27932.15,0
2021-06-11 09:28:45,27931.95,0
2021-06-11 09:28:46,27934.25,0
2021-06-11 09:28:47,27940.45,0
2021-06-11 09:28:48,27937.1,0
2021-06-11 09:28:50,27938.05,0
2021-06-11 09:28:51,27940.05,0
2021-06-11 09:28:52,27940.8,0
2021-06-11 09:28:53,27936.4,0
2021-06-11 09:28:54,27935.75,0
2021-06-11 09:28:55,27941.75,0
2021-06-11 09:28:56,27938.8,0
2021-06-11 09:28:57,27937.6,0
2021-06-11 09:28:58,27939.8,0
2021-06-11 09:28:59,27939.1,0
2021-06-11 09:29:00,27937.95,0
2021-06-11 09:29:01,27936.35,0
2021-06-11 09:29:02,27938.1,0
2021-06-11 09:29:03,27937.25,0
2021-06-11 09:29:04,27933.1,0
2021-06-11 09:29:05,27939.95,0
2021-06-11 09:29:06,27942.1,0
2021-06-11 09:29:07,27938.65,0
2021-06-11 09:29:08,27940.95,0
2021-06-11 09:29:09,27942.0,0
2021-06-11 09:29:10,27938.9,0
2021-06-11 09:29:11,27942.8,0
2021-06-11 09:29:12,27940.6,0
2021-06-11 09:29:13,27941.55,0
2021-06-11 09:29:14,27940.6,0
2021-06-11 09:29:15,27945.85,0
2021-06-11 09:29:16,27945.05,0
2021-06-11 09:29:17,27946.75,0
2021-06-11 09:29:18,27946.8,0
2021-06-11 09:29:19,27943.6,0
2021-06-11 09:29:20,27946.2,0
2021-06-11 09:29:21,27946.0,0
2021-06-11 09:29:22,27945.8,0
2021-06-11 09:29:23,27945.0,0
2021-06-11 09:29:24,27944.0,0
2021-06-11 09:29:25,27944.3,0
2021-06-11 09:29:26,27943.15,0
2021-06-11 09:29:27,27950.7,0
2021-06-11 09:29:29,27949.3,0
2021-06-11 09:29:30,27947.45,0
2021-06-11 09:29:32,27948.95,0
2021-06-11 09:29:34,27947.55,0
2021-06-11 09:29:35,27951.25,0
2021-06-11 09:29:36,27949.05,0
2021-06-11 09:29:38,27946.1,0
2021-06-11 09:29:39,27946.05,0
2021-06-11 09:29:40,27945.55,0
2021-06-11 09:29:41,27947.4,0
2021-06-11 09:29:43,27946.0,0
2021-06-11 09:29:44,27945.45,0
2021-06-11 09:29:45,27945.55,0
2021-06-11 09:29:46,27945.65,0
2021-06-11 09:29:47,27947.75,0
2021-06-11 09:29:48,27946.2,0
2021-06-11 09:29:49,27949.65,0
2021-06-11 09:29:50,27946.5,0
2021-06-11 09:29:51,27946.75,0
2021-06-11 09:29:52,27945.35,0
2021-06-11 09:29:53,27949.25,0
2021-06-11 09:29:54,27945.45,0
2021-06-11 09:29:55,27947.2,0
2021-06-11 09:29:56,27948.3,0
2021-06-11 09:29:57,27951.45,0
2021-06-11 09:29:58,27948.85,0
2021-06-11 09:30:00,27949.25,0
2021-06-11 09:30:01,27952.4,0
2021-06-11 09:30:02,27950.5,0
2021-06-11 09:30:03,27951.7,0
2021-06-11 09:30:04,27952.7,0
2021-06-11 09:30:05,27951.0,0
2021-06-11 09:30:06,27951.85,0
2021-06-11 09:30:07,27951.8,0
2021-06-11 09:30:08,27955.55,0
2021-06-11 09:30:09,27956.05,0
2021-06-11 09:30:10,27957.6,0
2021-06-11 09:30:11,27956.7,0
2021-06-11 09:30:12,27955.55,0
2021-06-11 09:30:13,27954.5,0
2021-06-11 09:30:15,27955.85,0
2021-06-11 09:30:16,27956.6,0
2021-06-11 09:30:17,27955.7,0
2021-06-11 09:30:19,27964.85,0
2021-06-11 09:30:20,27964.3,0
2021-06-11 09:30:21,27965.85,0
2021-06-11 09:30:22,27970.2,0
2021-06-11 09:30:23,27967.0,0
2021-06-11 09:30:24,27963.6,0
2021-06-11 09:30:25,27970.7,0
2021-06-11 09:30:26,27974.95,0
2021-06-11 09:30:27,27973.1,0
2021-06-11 09:30:28,27974.45,0
2021-06-11 09:30:29,27975.5,0
2021-06-11 09:30:30,27975.1,0
2021-06-11 09:30:32,27974.55,0
2021-06-11 09:30:33,27973.6,0
2021-06-11 09:30:34,27974.45,0
2021-06-11 09:30:36,27980.2,0
2021-06-11 09:30:37,27979.25,0
2021-06-11 09:30:38,27976.6,0
2021-06-11 09:30:39,27980.1,0
2021-06-11 09:30:41,27981.65,0
2021-06-11 09:30:42,27979.95,0
2021-06-11 09:30:43,27980.65,0
2021-06-11 09:30:44,27985.0,0
2021-06-11 09:30:46,27984.2,0
2021-06-11 09:30:47,27985.6,0
2021-06-11 09:30:48,27984.25,0
2021-06-11 09:30:49,27978.55,0
2021-06-11 09:30:50,27983.05,0
2021-06-11 09:30:51,27982.25,0
2021-06-11 09:30:52,27978.75,0
2021-06-11 09:30:53,27973.95,0
2021-06-11 09:30:54,27977.1,0
2021-06-11 09:30:55,27978.45,0
2021-06-11 09:30:56,27977.8,0
2021-06-11 09:30:57,27983.05,0
2021-06-11 09:30:58,27981.7,0
2021-06-11 09:31:00,27982.7,0
2021-06-11 09:31:01,27982.65,0
2021-06-11 09:31:02,27982.4,0
2021-06-11 09:31:04,27979.65,0
2021-06-11 09:31:05,27978.95,0
2021-06-11 09:31:06,27973.45,0
2021-06-11 09:31:07,27972.9,0
2021-06-11 09:31:08,27973.9,0
2021-06-11 09:31:09,27974.5,0
2021-06-11 09:31:10,27975.7,0
2021-06-11 09:31:11,27976.0,0
2021-06-11 09:31:12,27980.5,0
2021-06-11 09:31:14,27985.15,0
2021-06-11 09:31:15,27985.95,0
2021-06-11 09:31:16,27983.8,0
2021-06-11 09:31:17,27980.25,0
2021-06-11 09:31:18,27975.25,0
2021-06-11 09:31:19,27981.0,0
2021-06-11 09:31:20,27980.8,0
2021-06-11 09:31:21,27978.5,0
2021-06-11 09:31:22,27981.35,0
2021-06-11 09:31:23,27981.2,0
2021-06-11 09:31:24,27980.1,0
2021-06-11 09:31:25,27979.65,0
2021-06-11 09:31:26,27984.6,0
2021-06-11 09:31:27,27980.8,0
2021-06-11 09:31:28,27979.3,0
2021-06-11 09:31:29,27977.3,0
2021-06-11 09:31:30,27976.75,0
2021-06-11 09:31:31,27977.45,0
2021-06-11 09:31:32,27981.9,0
2021-06-11 09:31:33,27978.25,0
2021-06-11 09:31:34,27980.7,0
2021-06-11 09:31:35,27980.85,0
2021-06-11 09:31:36,27983.65,0
2021-06-11 09:31:37,27986.9,0
2021-06-11 09:31:38,27979.85,0
2021-06-11 09:31:39,27983.5,0
2021-06-11 09:31:40,27981.55,0
2021-06-11 09:31:41,27978.9,0
2021-06-11 09:31:42,27982.6,0
2021-06-11 09:31:43,27982.85,0
2021-06-11 09:31:44,27987.4,0
2021-06-11 09:31:45,27980.85,0
2021-06-11 09:31:46,27981.1,0
2021-06-11 09:31:47,27982.25,0
2021-06-11 09:31:48,27985.7,0
2021-06-11 09:31:49,27981.15,0
2021-06-11 09:31:50,27981.8,0
2021-06-11 09:31:51,27983.4,0
2021-06-11 09:31:52,27982.0,0
2021-06-11 09:31:53,27982.15,0
2021-06-11 09:31:54,27981.35,0
2021-06-11 09:31:55,27983.45,0
2021-06-11 09:31:56,27985.55,0
2021-06-11 09:31:57,27988.05,0
2021-06-11 09:31:58,27984.2,0
2021-06-11 09:31:59,27986.7,0
2021-06-11 09:32:00,27982.75,0
2021-06-11 09:32:01,27985.85,0
2021-06-11 09:32:02,27982.05,0
2021-06-11 09:32:03,27980.85,0
2021-06-11 09:32:04,27985.6,0
2021-06-11 09:32:05,27982.85,0
2021-06-11 09:32:06,27976.3,0
2021-06-11 09:32:07,27971.05,0
2021-06-11 09:32:08,27975.0,0
2021-06-11 09:32:09,27973.6,0
2021-06-11 09:32:10,27973.85,0
2021-06-11 09:32:11,27974.5,0
2021-06-11 09:32:12,27977.15,0
2021-06-11 09:32:13,27973.8,0
2021-06-11 09:32:14,27970.45,0
2021-06-11 09:32:15,27966.4,0
2021-06-11 09:32:16,27963.3,0
2021-06-11 09:32:17,27959.3,0
2021-06-11 09:32:18,27960.4,0
2021-06-11 09:32:19,27960.85,0
2021-06-11 09:32:20,27957.8,0
2021-06-11 09:32:21,27956.45,0
2021-06-11 09:32:22,27959.85,0
2021-06-11 09:32:23,27961.5,0
2021-06-11 09:32:24,27953.8,0
2021-06-11 09:32:25,27957.4,0
2021-06-11 09:32:26,27956.7,0
2021-06-11 09:32:27,27957.35,0
2021-06-11 09:32:30,27956.2,0
2021-06-11 09:32:31,27955.25,0
2021-06-11 09:32:32,27954.75,0
2021-06-11 09:32:33,27954.1,0
2021-06-11 09:32:34,27954.65,0
2021-06-11 09:32:35,27956.9,0
2021-06-11 09:32:36,27956.8,0
2021-06-11 09:32:37,27957.3,0
2021-06-11 09:32:38,27958.25,0
2021-06-11 09:32:39,27957.65,0
2021-06-11 09:32:40,27960.3,0
2021-06-11 09:32:41,27960.95,0
2021-06-11 09:32:42,27964.4,0
2021-06-11 09:32:43,27962.45,0
2021-06-11 09:32:44,27962.3,0
2021-06-11 09:32:45,27963.2,0
2021-06-11 09:32:46,27960.9,0
2021-06-11 09:32:47,27960.3,0
2021-06-11 09:32:48,27960.7,0
2021-06-11 09:32:49,27961.5,0
2021-06-11 09:32:50,27961.2,0
2021-06-11 09:32:51,27961.75,0
2021-06-11 09:32:52,27961.6,0
2021-06-11 09:32:53,27963.7,0
2021-06-11 09:32:54,27965.8,0
2021-06-11 09:32:56,27967.95,0
2021-06-11 09:32:57,27963.0,0
2021-06-11 09:32:58,27966.4,0
2021-06-11 09:32:59,27965.9,0
2021-06-11 09:33:00,27964.8,0
2021-06-11 09:33:01,27964.8,0
2021-06-11 09:33:02,27968.95,0
2021-06-11 09:33:03,27968.3,0
2021-06-11 09:33:04,27967.2,0
2021-06-11 09:33:05,27973.35,0
2021-06-11 09:33:06,27969.45,0
2021-06-11 09:33:08,27970.8,0
2021-06-11 09:33:09,27967.0,0
2021-06-11 09:33:10,27966.85,0
2021-06-11 09:33:12,27964.4,0
2021-06-11 09:33:13,27967.3,0
2021-06-11 09:33:14,27966.65,0
2021-06-11 09:33:15,27964.35,0
2021-06-11 09:33:16,27970.0,0
2021-06-11 09:33:17,27966.1,0
2021-06-11 09:33:18,27964.65,0
2021-06-11 09:33:19,27963.7,0
2021-06-11 09:33:21,27968.75,0
2021-06-11 09:33:22,27965.0,0
2021-06-11 09:33:23,27966.65,0
2021-06-11 09:33:24,27966.8,0
2021-06-11 09:33:25,27970.7,0
2021-06-11 09:33:26,27968.85,0
2021-06-11 09:33:27,27965.95,0
2021-06-11 09:33:28,27967.1,0
2021-06-11 09:33:29,27965.85,0
2021-06-11 09:33:30,27964.05,0
2021-06-11 09:33:31,27963.85,0
2021-06-11 09:33:32,27962.9,0
2021-06-11 09:33:33,27962.0,0
2021-06-11 09:33:34,27964.3,0
2021-06-11 09:33:35,27963.55,0
2021-06-11 09:33:36,27966.15,0
2021-06-11 09:33:37,27966.7,0
2021-06-11 09:33:38,27966.4,0
2021-06-11 09:33:39,27966.65,0
2021-06-11 09:33:40,27968.1,0
2021-06-11 09:33:41,27966.75,0
2021-06-11 09:33:42,27965.25,0
2021-06-11 09:33:43,27959.6,0
2021-06-11 09:33:44,27963.35,0
2021-06-11 09:33:45,27963.2,0
2021-06-11 09:33:46,27957.75,0
2021-06-11 09:33:47,27960.45,0
2021-06-11 09:33:48,27961.85,0
2021-06-11 09:33:50,27959.25,0
2021-06-11 09:33:51,27945.9,0
2021-06-11 09:33:52,27951.0,0
2021-06-11 09:33:53,27956.55,0
2021-06-11 09:33:54,27953.0,0
2021-06-11 09:33:55,27955.55,0
2021-06-11 09:33:56,27954.65,0
2021-06-11 09:33:57,27956.05,0
2021-06-11 09:33:58,27951.65,0
2021-06-11 09:33:59,27949.8,0
2021-06-11 09:34:00,27955.15,0
2021-06-11 09:34:01,27947.4,0
2021-06-11 09:34:02,27947.95,0
2021-06-11 09:34:03,27943.8,0
2021-06-11 09:34:04,27949.65,0
2021-06-11 09:34:05,27947.0,0
2021-06-11 09:34:06,27953.7,0
2021-06-11 09:34:08,27951.7,0
2021-06-11 09:34:09,27954.25,0
2021-06-11 09:34:10,27953.2,0
2021-06-11 09:34:11,27949.7,0
2021-06-11 09:34:12,27948.55,0
2021-06-11 09:34:14,27952.5,0
2021-06-11 09:34:16,27950.6,0
2021-06-11 09:34:17,27953.0,0
2021-06-11 09:34:19,27954.2,0
2021-06-11 09:34:20,27953.9,0
2021-06-11 09:34:21,27952.9,0
2021-06-11 09:34:23,27950.45,0
2021-06-11 09:34:24,27953.1,0
2021-06-11 09:34:25,27951.4,0
2021-06-11 09:34:26,27957.35,0
2021-06-11 09:34:27,27954.2,0
2021-06-11 09:34:28,27949.3,0
2021-06-11 09:34:29,27951.45,0
2021-06-11 09:34:30,27953.95,0
2021-06-11 09:34:31,27952.2,0
2021-06-11 09:34:32,27952.75,0
2021-06-11 09:34:33,27954.8,0
2021-06-11 09:34:34,27954.55,0
2021-06-11 09:34:35,27954.7,0
2021-06-11 09:34:36,27953.6,0
2021-06-11 09:34:37,27956.05,0
2021-06-11 09:34:38,27954.75,0
2021-06-11 09:34:39,27958.05,0
2021-06-11 09:34:40,27961.15,0
2021-06-11 09:34:42,27959.15,0
2021-06-11 09:34:43,27959.05,0
2021-06-11 09:34:44,27961.1,0
2021-06-11 09:34:45,27960.3,0
2021-06-11 09:34:46,27957.85,0
2021-06-11 09:34:47,27959.5,0
2021-06-11 09:34:49,27963.25,0
2021-06-11 09:34:51,27964.65,0
2021-06-11 09:34:52,27962.15,0
2021-06-11 09:34:53,27964.3,0
2021-06-11 09:34:54,27963.7,0
2021-06-11 09:34:55,27960.2,0
2021-06-11 09:34:56,27959.15,0
2021-06-11 09:34:57,27958.05,0
2021-06-11 09:34:58,27959.25,0
2021-06-11 09:34:59,27959.5,0
2021-06-11 09:35:00,27954.2,0
2021-06-11 09:35:01,27952.45,0
2021-06-11 09:35:02,27953.0,0
2021-06-11 09:35:03,27958.75,0
2021-06-11 09:35:04,27956.95,0
2021-06-11 09:35:06,27958.6,0
2021-06-11 09:35:07,27960.8,0
2021-06-11 09:35:08,27958.15,0
2021-06-11 09:35:09,27957.6,0
2021-06-11 09:35:10,27955.8,0
2021-06-11 09:35:11,27956.55,0
2021-06-11 09:35:12,27958.3,0
2021-06-11 09:35:13,27954.65,0
2021-06-11 09:35:14,27955.25,0
2021-06-11 09:35:15,27949.95,0
2021-06-11 09:35:16,27954.55,0
2021-06-11 09:35:17,27954.6,0
2021-06-11 09:35:18,27953.6,0
2021-06-11 09:35:19,27955.15,0
2021-06-11 09:35:20,27955.35,0
2021-06-11 09:35:21,27955.3,0
2021-06-11 09:35:22,27955.5,0
2021-06-11 09:35:24,27950.55,0
2021-06-11 09:35:23,27952.05,0
2021-06-11 09:35:25,27951.8,0
2021-06-11 09:35:26,27949.8,0
2021-06-11 09:35:27,27953.9,0
2021-06-11 09:35:28,27954.35,0
2021-06-11 09:35:29,27951.8,0
2021-06-11 09:35:30,27952.75,0
2021-06-11 09:35:31,27952.9,0
2021-06-11 09:35:32,27953.45,0
2021-06-11 09:35:33,27954.5,0
2021-06-11 09:35:34,27955.0,0
2021-06-11 09:35:35,27957.05,0
2021-06-11 09:35:36,27953.6,0
2021-06-11 09:35:37,27953.6,0
2021-06-11 09:35:38,27954.25,0
2021-06-11 09:35:39,27954.85,0
2021-06-11 09:35:40,27951.8,0
2021-06-11 09:35:41,27954.4,0
2021-06-11 09:35:42,27951.4,0
2021-06-11 09:35:43,27947.65,0
2021-06-11 09:35:44,27944.6,0
2021-06-11 09:35:45,27947.4,0
2021-06-11 09:35:46,27948.6,0
2021-06-11 09:35:47,27947.15,0
2021-06-11 09:35:48,27946.65,0
2021-06-11 09:35:49,27946.65,0
2021-06-11 09:35:50,27947.35,0
2021-06-11 09:35:51,27947.8,0
2021-06-11 09:35:52,27947.5,0
2021-06-11 09:35:53,27945.3,0
2021-06-11 09:35:54,27945.45,0
2021-06-11 09:35:55,27945.3,0
2021-06-11 09:35:56,27943.45,0
2021-06-11 09:35:57,27945.45,0
2021-06-11 09:35:58,27947.45,0
2021-06-11 09:35:59,27945.25,0
2021-06-11 09:36:00,27946.3,0
2021-06-11 09:36:01,27943.0,0
2021-06-11 09:36:02,27942.1,0
2021-06-11 09:36:03,27941.65,0
2021-06-11 09:36:04,27943.65,0
2021-06-11 09:36:05,27940.6,0
2021-06-11 09:36:07,27940.6,0
2021-06-11 09:36:08,27940.6,0
2021-06-11 09:36:09,27940.0,0
2021-06-11 09:36:10,27939.55,0
2021-06-11 09:36:11,27940.9,0
2021-06-11 09:36:13,27939.3,0
2021-06-11 09:36:14,27939.4,0
2021-06-11 09:36:15,27940.5,0
2021-06-11 09:36:16,27939.35,0
2021-06-11 09:36:17,27943.15,0
2021-06-11 09:36:18,27942.65,0
2021-06-11 09:36:19,27940.65,0
2021-06-11 09:36:20,27940.95,0
2021-06-11 09:36:21,27940.95,0
2021-06-11 09:36:22,27940.25,0
2021-06-11 09:36:23,27939.75,0
2021-06-11 09:36:24,27938.7,0
2021-06-11 09:36:25,27939.55,0
2021-06-11 09:36:26,27941.4,0
2021-06-11 09:36:27,27938.8,0
2021-06-11 09:36:28,27941.25,0
2021-06-11 09:36:29,27939.5,0
2021-06-11 09:36:30,27939.55,0
2021-06-11 09:36:31,27938.85,0
2021-06-11 09:36:32,27944.6,0
2021-06-11 09:36:33,27944.35,0
2021-06-11 09:36:34,27944.2,0
2021-06-11 09:36:35,27941.8,0
2021-06-11 09:36:36,27943.15,0
2021-06-11 09:36:37,27942.3,0
2021-06-11 09:36:38,27940.7,0
2021-06-11 09:36:39,27941.5,0
2021-06-11 09:36:41,27940.15,0
2021-06-11 09:36:43,27936.45,0
2021-06-11 09:36:44,27938.9,0
2021-06-11 09:36:45,27935.8,0
2021-06-11 09:36:46,27937.5,0
2021-06-11 09:36:47,27939.55,0
2021-06-11 09:36:48,27939.7,0
2021-06-11 09:36:49,27941.35,0
2021-06-11 09:36:50,27936.6,0
2021-06-11 09:36:51,27936.7,0
2021-06-11 09:36:52,27937.5,0
2021-06-11 09:36:53,27934.95,0
2021-06-11 09:36:54,27935.95,0
2021-06-11 09:36:55,27936.65,0
2021-06-11 09:36:56,27938.0,0
2021-06-11 09:36:58,27936.8,0
2021-06-11 09:36:59,27935.8,0
2021-06-11 09:37:00,27932.9,0
2021-06-11 09:37:01,27935.25,0
2021-06-11 09:37:03,27938.1,0
2021-06-11 09:37:04,27935.65,0
2021-06-11 09:37:05,27934.2,0
2021-06-11 09:37:07,27936.7,0
2021-06-11 09:37:08,27936.2,0
2021-06-11 09:37:10,27939.9,0
2021-06-11 09:37:11,27935.55,0
2021-06-11 09:37:12,27938.45,0
2021-06-11 09:37:13,27937.7,0
2021-06-11 09:37:14,27936.85,0
2021-06-11 09:37:15,27938.75,0
2021-06-11 09:37:16,27939.8,0
2021-06-11 09:37:17,27941.7,0
2021-06-11 09:37:18,27940.0,0
2021-06-11 09:37:19,27943.3,0
2021-06-11 09:37:20,27940.55,0
2021-06-11 09:37:21,27938.65,0
2021-06-11 09:37:22,27938.15,0
2021-06-11 09:37:24,27942.45,0
2021-06-11 09:37:25,27941.7,0
2021-06-11 09:37:26,27938.8,0
2021-06-11 09:37:27,27938.95,0
2021-06-11 09:37:29,27939.0,0
2021-06-11 09:37:30,27941.25,0
2021-06-11 09:37:31,27939.25,0
2021-06-11 09:37:32,27938.6,0
2021-06-11 09:37:33,27937.3,0
2021-06-11 09:37:34,27935.95,0
2021-06-11 09:37:35,27937.5,0
2021-06-11 09:37:36,27936.75,0
2021-06-11 09:37:37,27937.95,0
2021-06-11 09:37:38,27941.05,0
2021-06-11 09:37:39,27944.75,0
2021-06-11 09:37:40,27942.25,0
2021-06-11 09:37:41,27942.0,0
2021-06-11 09:37:42,27941.6,0
2021-06-11 09:37:43,27942.65,0
2021-06-11 09:37:44,27943.4,0
2021-06-11 09:37:45,27937.7,0
2021-06-11 09:37:47,27939.55,0
2021-06-11 09:37:48,27941.3,0
2021-06-11 09:37:49,27940.45,0
2021-06-11 09:37:50,27936.8,0
2021-06-11 09:37:51,27934.15,0
2021-06-11 09:37:52,27936.95,0
2021-06-11 09:37:53,27935.75,0
2021-06-11 09:37:54,27935.15,0
2021-06-11 09:37:55,27941.2,0
2021-06-11 09:37:57,27938.5,0
2021-06-11 09:37:59,27937.35,0
2021-06-11 09:38:00,27942.45,0
2021-06-11 09:38:01,27939.0,0
2021-06-11 09:38:02,27938.55,0
2021-06-11 09:38:03,27937.45,0
2021-06-11 09:38:04,27938.7,0
2021-06-11 09:38:05,27939.7,0
2021-06-11 09:38:06,27937.5,0
2021-06-11 09:38:07,27941.1,0
2021-06-11 09:38:08,27940.45,0
2021-06-11 09:38:09,27940.65,0
2021-06-11 09:38:11,27942.4,0
2021-06-11 09:38:12,27944.3,0
2021-06-11 09:38:14,27942.55,0
2021-06-11 09:38:15,27941.45,0
2021-06-11 09:38:16,27941.2,0
2021-06-11 09:38:17,27940.0,0
2021-06-11 09:38:18,27943.35,0
2021-06-11 09:38:19,27942.9,0
2021-06-11 09:38:20,27942.6,0
2021-06-11 09:38:21,27942.35,0
2021-06-11 09:38:22,27942.1,0
2021-06-11 09:38:23,27942.35,0
2021-06-11 09:38:24,27942.1,0
2021-06-11 09:38:25,27940.5,0
2021-06-11 09:38:26,27942.95,0
2021-06-11 09:38:27,27942.55,0
2021-06-11 09:38:28,27939.75,0
2021-06-11 09:38:30,27943.0,0
2021-06-11 09:38:31,27940.7,0
2021-06-11 09:38:32,27941.3,0
2021-06-11 09:38:33,27942.6,0
2021-06-11 09:38:34,27942.6,0
2021-06-11 09:38:35,27941.9,0
2021-06-11 09:38:36,27942.85,0
2021-06-11 09:38:38,27942.55,0
2021-06-11 09:38:39,27943.85,0
2021-06-11 09:38:41,27944.15,0
2021-06-11 09:38:42,27942.15,0
2021-06-11 09:38:43,27940.5,0
2021-06-11 09:38:44,27939.75,0
2021-06-11 09:38:45,27937.8,0
2021-06-11 09:38:46,27938.7,0
2021-06-11 09:38:47,27932.85,0
2021-06-11 09:38:48,27933.45,0
2021-06-11 09:38:50,27933.1,0
2021-06-11 09:38:55,27933.4,0
2021-06-11 09:38:56,27935.2,0
2021-06-11 09:38:59,27936.4,0
2021-06-11 09:39:00,27936.8,0
2021-06-11 09:39:01,27937.55,0
2021-06-11 09:39:03,27934.0,0
2021-06-11 09:39:04,27934.35,0
2021-06-11 09:39:05,27936.95,0
2021-06-11 09:39:06,27933.7,0
2021-06-11 09:39:07,27935.15,0
2021-06-11 09:39:08,27934.6,0
2021-06-11 09:39:09,27934.6,0
2021-06-11 09:39:10,27933.25,0
2021-06-11 09:39:12,27932.65,0
2021-06-11 09:39:13,27935.15,0
2021-06-11 09:39:14,27937.05,0
2021-06-11 09:39:15,27935.1,0
2021-06-11 09:39:16,27934.3,0
2021-06-11 09:39:17,27935.7,0
2021-06-11 09:39:18,27932.85,0
2021-06-11 09:39:19,27931.8,0
2021-06-11 09:39:20,27932.05,0
2021-06-11 09:39:21,27933.35,0
2021-06-11 09:39:22,27935.65,0
2021-06-11 09:39:24,27930.95,0
2021-06-11 09:39:25,27932.6,0
2021-06-11 09:39:26,27930.1,0
2021-06-11 09:39:27,27932.7,0
2021-06-11 09:39:28,27933.4,0
2021-06-11 09:39:29,27932.85,0
2021-06-11 09:39:30,27933.1,0
2021-06-11 09:39:31,27931.25,0
2021-06-11 09:39:32,27932.25,0
2021-06-11 09:39:33,27932.5,0
2021-06-11 09:39:34,27930.2,0
2021-06-11 09:39:35,27928.7,0
2021-06-11 09:39:36,27930.55,0
2021-06-11 09:39:37,27929.65,0
2021-06-11 09:39:38,27928.9,0
2021-06-11 09:39:39,27929.7,0
2021-06-11 09:39:40,27929.7,0
2021-06-11 09:39:41,27927.25,0
2021-06-11 09:39:42,27926.35,0
2021-06-11 09:39:43,27926.55,0
2021-06-11 09:39:44,27927.6,0
2021-06-11 09:39:45,27926.3,0
2021-06-11 09:39:46,27926.3,0
2021-06-11 09:39:47,27927.75,0
2021-06-11 09:39:48,27924.1,0
2021-06-11 09:39:49,27928.5,0
2021-06-11 09:39:50,27928.0,0
2021-06-11 09:39:51,27927.65,0
2021-06-11 09:39:52,27925.4,0
2021-06-11 09:39:53,27924.85,0
2021-06-11 09:39:54,27924.35,0
2021-06-11 09:39:55,27922.8,0
2021-06-11 09:39:56,27925.8,0
2021-06-11 09:39:57,27923.2,0
2021-06-11 09:39:58,27924.15,0
2021-06-11 09:39:59,27924.0,0
2021-06-11 09:40:00,27923.9,0
2021-06-11 09:40:01,27924.05,0
2021-06-11 09:40:02,27922.45,0
2021-06-11 09:40:03,27922.45,0
2021-06-11 09:40:04,27922.2,0
2021-06-11 09:40:05,27922.0,0
2021-06-11 09:40:06,27920.3,0
2021-06-11 09:40:07,27920.75,0
2021-06-11 09:40:08,27920.45,0
2021-06-11 09:40:09,27919.15,0
2021-06-11 09:40:10,27918.7,0
2021-06-11 09:40:11,27918.55,0
2021-06-11 09:40:12,27920.3,0
2021-06-11 09:40:13,27915.9,0
2021-06-11 09:40:14,27917.05,0
2021-06-11 09:40:15,27919.0,0
2021-06-11 09:40:16,27920.15,0
2021-06-11 09:40:17,27919.15,0
2021-06-11 09:40:18,27921.4,0
2021-06-11 09:40:19,27923.7,0
2021-06-11 09:40:20,27923.0,0
2021-06-11 09:40:21,27923.75,0
2021-06-11 09:40:22,27919.6,0
2021-06-11 09:40:23,27920.85,0
2021-06-11 09:40:24,27921.2,0
2021-06-11 09:40:25,27919.9,0
2021-06-11 09:40:26,27918.8,0
2021-06-11 09:40:28,27915.4,0
2021-06-11 09:40:29,27916.35,0
2021-06-11 09:40:30,27916.5,0
2021-06-11 09:40:31,27915.75,0
2021-06-11 09:40:32,27917.45,0
2021-06-11 09:40:33,27920.55,0
2021-06-11 09:40:34,27915.65,0
2021-06-11 09:40:35,27914.15,0
2021-06-11 09:40:36,27914.85,0
2021-06-11 09:40:37,27917.65,0
2021-06-11 09:40:38,27912.65,0
2021-06-11 09:40:39,27915.15,0
2021-06-11 09:40:40,27915.05,0
2021-06-11 09:40:42,27912.6,0
2021-06-11 09:40:43,27913.55,0
2021-06-11 09:40:45,27911.65,0
2021-06-11 09:40:46,27911.55,0
2021-06-11 09:40:47,27910.15,0
2021-06-11 09:40:48,27913.65,0
2021-06-11 09:40:49,27908.1,0
2021-06-11 09:40:50,27911.7,0
2021-06-11 09:40:51,27911.55,0
2021-06-11 09:40:52,27913.5,0
2021-06-11 09:40:56,27914.6,0
2021-06-11 09:40:57,27915.8,0
2021-06-11 09:40:58,27911.75,0
2021-06-11 09:41:00,27918.05,0
2021-06-11 09:41:02,27916.35,0
2021-06-11 09:41:03,27918.8,0
2021-06-11 09:41:04,27918.5,0
2021-06-11 09:41:05,27916.25,0
2021-06-11 09:41:06,27919.45,0
2021-06-11 09:41:07,27923.55,0
2021-06-11 09:41:09,27921.4,0
2021-06-11 09:41:10,27919.45,0
2021-06-11 09:41:11,27919.15,0
2021-06-11 09:41:12,27922.75,0
2021-06-11 09:41:13,27921.75,0
2021-06-11 09:41:14,27923.35,0
2021-06-11 09:41:15,27922.7,0
2021-06-11 09:41:16,27920.65,0
2021-06-11 09:41:17,27923.45,0
2021-06-11 09:41:18,27923.0,0
2021-06-11 09:41:19,27921.55,0
2021-06-11 09:41:20,27921.9,0
2021-06-11 09:41:21,27924.45,0
2021-06-11 09:41:22,27925.5,0
2021-06-11 09:41:24,27925.95,0
2021-06-11 09:41:26,27924.95,0
2021-06-11 09:41:27,27924.55,0
2021-06-11 09:41:28,27922.4,0
2021-06-11 09:41:29,27920.4,0
2021-06-11 09:41:30,27919.85,0
2021-06-11 09:41:31,27922.15,0
2021-06-11 09:41:32,27922.4,0
2021-06-11 09:41:33,27922.3,0
2021-06-11 09:41:35,27919.15,0
2021-06-11 09:41:36,27918.45,0
2021-06-11 09:41:38,27921.15,0
2021-06-11 09:41:39,27921.65,0
2021-06-11 09:41:40,27921.55,0
2021-06-11 09:41:41,27923.55,0
2021-06-11 09:41:42,27922.3,0
2021-06-11 09:41:44,27922.2,0
2021-06-11 09:41:47,27927.05,0
2021-06-11 09:41:49,27927.8,0
2021-06-11 09:41:50,27924.2,0
2021-06-11 09:41:51,27926.75,0
2021-06-11 09:41:52,27927.15,0
2021-06-11 09:41:53,27925.8,0
2021-06-11 09:41:54,27928.15,0
2021-06-11 09:41:55,27926.6,0
2021-06-11 09:41:56,27931.15,0
2021-06-11 09:41:57,27932.7,0
2021-06-11 09:41:58,27934.1,0
2021-06-11 09:41:59,27933.15,0
2021-06-11 09:42:00,27932.7,0
2021-06-11 09:42:01,27930.6,0
2021-06-11 09:42:02,27932.4,0
2021-06-11 09:42:03,27932.05,0
2021-06-11 09:42:04,27933.5,0
2021-06-11 09:42:05,27935.65,0
2021-06-11 09:42:06,27933.6,0
2021-06-11 09:42:08,27937.7,0
2021-06-11 09:42:09,27937.05,0
2021-06-11 09:42:10,27931.8,0
2021-06-11 09:42:11,27934.45,0
2021-06-11 09:42:12,27936.75,0
2021-06-11 09:42:13,27936.5,0
2021-06-11 09:42:14,27938.15,0
2021-06-11 09:42:15,27936.25,0
2021-06-11 09:42:17,27936.45,0
2021-06-11 09:42:18,27940.45,0
2021-06-11 09:42:19,27941.1,0
2021-06-11 09:42:20,27941.85,0
2021-06-11 09:42:22,27945.0,0
2021-06-11 09:42:23,27945.1,0
2021-06-11 09:42:24,27944.9,0
2021-06-11 09:42:25,27944.55,0
2021-06-11 09:42:26,27948.95,0
2021-06-11 09:42:27,27946.8,0
2021-06-11 09:42:28,27944.9,0
2021-06-11 09:42:29,27945.65,0
2021-06-11 09:42:30,27948.4,0
2021-06-11 09:42:32,27945.65,0
2021-06-11 09:42:33,27944.0,0
2021-06-11 09:42:34,27942.8,0
2021-06-11 09:42:35,27943.4,0
2021-06-11 09:42:36,27943.2,0
2021-06-11 09:42:37,27942.85,0
2021-06-11 09:42:38,27943.85,0
2021-06-11 09:42:39,27943.85,0
2021-06-11 09:42:40,27946.3,0
2021-06-11 09:42:41,27945.5,0
2021-06-11 09:42:42,27943.3,0
2021-06-11 09:42:43,27941.05,0
2021-06-11 09:42:44,27944.8,0
2021-06-11 09:42:45,27944.95,0
2021-06-11 09:42:46,27939.2,0
2021-06-11 09:42:48,27937.25,0
2021-06-11 09:42:49,27938.55,0
2021-06-11 09:42:50,27935.6,0
2021-06-11 09:42:51,27933.5,0
2021-06-11 09:42:52,27935.55,0
2021-06-11 09:42:53,27934.25,0
2021-06-11 09:42:54,27933.6,0
2021-06-11 09:42:55,27933.35,0
2021-06-11 09:42:57,27933.8,0
2021-06-11 09:42:58,27934.35,0
2021-06-11 09:42:59,27933.75,0
2021-06-11 09:43:00,27930.3,0
2021-06-11 09:43:01,27930.55,0
2021-06-11 09:43:02,27931.8,0
2021-06-11 09:43:03,27932.65,0
2021-06-11 09:43:04,27934.3,0
2021-06-11 09:43:05,27933.45,0
2021-06-11 09:43:06,27933.0,0
2021-06-11 09:43:07,27934.4,0
2021-06-11 09:43:08,27932.55,0
2021-06-11 09:43:09,27934.7,0
2021-06-11 09:43:10,27931.4,0
2021-06-11 09:43:12,27935.2,0
2021-06-11 09:43:13,27933.55,0
2021-06-11 09:43:14,27933.3,0
2021-06-11 09:43:16,27933.85,0
2021-06-11 09:43:17,27934.55,0
2021-06-11 09:43:18,27934.4,0
2021-06-11 09:43:19,27931.85,0
2021-06-11 09:43:20,27929.9,0
2021-06-11 09:43:21,27932.95,0
2021-06-11 09:43:22,27931.85,0
2021-06-11 09:43:23,27933.25,0
2021-06-11 09:43:24,27931.2,0
2021-06-11 09:43:25,27933.3,0
2021-06-11 09:43:26,27932.35,0
2021-06-11 09:43:27,27930.8,0
2021-06-11 09:43:28,27930.55,0
2021-06-11 09:43:29,27934.95,0
2021-06-11 09:43:31,27933.45,0
2021-06-11 09:43:32,27932.35,0
2021-06-11 09:43:33,27931.6,0
2021-06-11 09:43:34,27929.2,0
2021-06-11 09:43:35,27929.15,0
2021-06-11 09:43:36,27930.6,0
2021-06-11 09:43:37,27930.1,0
2021-06-11 09:43:38,27929.85,0
2021-06-11 09:43:39,27929.15,0
2021-06-11 09:43:40,27929.3,0
2021-06-11 09:43:42,27927.55,0
2021-06-11 09:43:43,27929.95,0
2021-06-11 09:43:44,27930.85,0
2021-06-11 09:43:45,27928.7,0
2021-06-11 09:43:46,27930.65,0
2021-06-11 09:43:47,27930.1,0
2021-06-11 09:43:48,27930.0,0
2021-06-11 09:43:49,27929.45,0
2021-06-11 09:43:50,27929.9,0
2021-06-11 09:43:51,27927.8,0
2021-06-11 09:43:52,27929.5,0
2021-06-11 09:43:53,27931.1,0
2021-06-11 09:43:54,27928.4,0
2021-06-11 09:43:55,27931.35,0
2021-06-11 09:43:56,27930.65,0
2021-06-11 09:43:57,27931.55,0
2021-06-11 09:43:58,27930.7,0
2021-06-11 09:43:59,27930.3,0
2021-06-11 09:44:00,27932.25,0
2021-06-11 09:44:01,27930.05,0
2021-06-11 09:44:02,27929.35,0
2021-06-11 09:44:03,27931.65,0
2021-06-11 09:44:04,27929.6,0
2021-06-11 09:44:05,27930.1,0
2021-06-11 09:44:06,27933.9,0
2021-06-11 09:44:07,27934.0,0
2021-06-11 09:44:08,27933.2,0
2021-06-11 09:44:09,27932.7,0
2021-06-11 09:44:10,27934.35,0
2021-06-11 09:44:11,27935.6,0
2021-06-11 09:44:12,27930.65,0
2021-06-11 09:44:13,27932.5,0
2021-06-11 09:44:15,27929.95,0
2021-06-11 09:44:16,27930.4,0
2021-06-11 09:44:17,27928.85,0
2021-06-11 09:44:18,27931.55,0
2021-06-11 09:44:19,27930.15,0
2021-06-11 09:44:20,27927.0,0
2021-06-11 09:44:21,27931.9,0
2021-06-11 09:44:22,27929.15,0
2021-06-11 09:44:23,27928.05,0
2021-06-11 09:44:24,27930.9,0
2021-06-11 09:44:25,27930.8,0
2021-06-11 09:44:26,27930.15,0
2021-06-11 09:44:27,27927.25,0
2021-06-11 09:44:28,27929.15,0
2021-06-11 09:44:29,27924.95,0
2021-06-11 09:44:30,27926.2,0
2021-06-11 09:44:31,27926.05,0
2021-06-11 09:44:32,27927.45,0
2021-06-11 09:44:33,27926.75,0
2021-06-11 09:44:34,27925.25,0
2021-06-11 09:44:35,27924.7,0
2021-06-11 09:44:36,27930.6,0
2021-06-11 09:44:37,27928.85,0
2021-06-11 09:44:38,27928.6,0
2021-06-11 09:44:39,27927.55,0
2021-06-11 09:44:40,27931.05,0
2021-06-11 09:44:41,27931.5,0
2021-06-11 09:44:42,27930.3,0
2021-06-11 09:44:43,27930.1,0
2021-06-11 09:44:44,27929.2,0
2021-06-11 09:44:46,27929.15,0
2021-06-11 09:44:47,27930.0,0
2021-06-11 09:44:48,27925.3,0
2021-06-11 09:44:49,27924.05,0
2021-06-11 09:44:50,27917.45,0
2021-06-11 09:44:51,27918.15,0
2021-06-11 09:44:52,27917.8,0
2021-06-11 09:44:53,27916.3,0
2021-06-11 09:44:54,27915.65,0
2021-06-11 09:44:56,27916.15,0
2021-06-11 09:44:57,27918.0,0
2021-06-11 09:44:58,27917.8,0
2021-06-11 09:44:59,27917.4,0
2021-06-11 09:45:00,27916.8,0
2021-06-11 09:45:01,27917.25,0
2021-06-11 09:45:03,27919.7,0
2021-06-11 09:45:04,27918.15,0
2021-06-11 09:45:05,27921.05,0
2021-06-11 09:45:06,27917.7,0
2021-06-11 09:45:08,27914.5,0
2021-06-11 09:45:09,27917.15,0
2021-06-11 09:45:10,27916.65,0
2021-06-11 09:45:11,27912.4,0
2021-06-11 09:45:12,27914.75,0
2021-06-11 09:45:14,27912.7,0
2021-06-11 09:45:15,27912.65,0
2021-06-11 09:45:16,27913.55,0
2021-06-11 09:45:17,27914.1,0
2021-06-11 09:45:18,27915.5,0
2021-06-11 09:45:19,27913.1,0
2021-06-11 09:45:20,27911.3,0
2021-06-11 09:45:22,27911.75,0
2021-06-11 09:45:23,27916.1,0
2021-06-11 09:45:24,27914.85,0
2021-06-11 09:45:25,27913.8,0
2021-06-11 09:45:26,27916.0,0
2021-06-11 09:45:27,27915.5,0
2021-06-11 09:45:28,27915.35,0
2021-06-11 09:45:29,27916.9,0
2021-06-11 09:45:30,27914.15,0
2021-06-11 09:45:31,27915.05,0
2021-06-11 09:45:32,27918.6,0
2021-06-11 09:45:33,27916.7,0
2021-06-11 09:45:34,27914.4,0
2021-06-11 09:45:35,27915.35,0
2021-06-11 09:45:36,27914.7,0
2021-06-11 09:45:37,27911.75,0
2021-06-11 09:45:38,27913.0,0
2021-06-11 09:45:39,27914.15,0
2021-06-11 09:45:40,27915.75,0
2021-06-11 09:45:41,27915.25,0
2021-06-11 09:45:42,27915.65,0
2021-06-11 09:45:43,27917.85,0
2021-06-11 09:45:44,27915.3,0
2021-06-11 09:45:45,27915.2,0
2021-06-11 09:45:46,27916.25,0
2021-06-11 09:45:47,27913.55,0
2021-06-11 09:45:48,27914.6,0
2021-06-11 09:45:49,27913.9,0
2021-06-11 09:45:50,27915.65,0
2021-06-11 09:45:51,27918.55,0
2021-06-11 09:45:52,27914.6,0
2021-06-11 09:45:53,27912.35,0
2021-06-11 09:45:54,27915.85,0
2021-06-11 09:45:55,27913.35,0
2021-06-11 09:45:56,27915.55,0
2021-06-11 09:45:57,27915.3,0
2021-06-11 09:45:58,27915.6,0
2021-06-11 09:46:00,27913.9,0
2021-06-11 09:46:01,27909.95,0
2021-06-11 09:46:02,27912.05,0
2021-06-11 09:46:03,27910.85,0
2021-06-11 09:46:04,27909.1,0
2021-06-11 09:46:05,27911.15,0
2021-06-11 09:46:07,27915.25,0
2021-06-11 09:46:08,27914.55,0
2021-06-11 09:46:09,27916.4,0
2021-06-11 09:46:10,27913.6,0
2021-06-11 09:46:11,27916.05,0
2021-06-11 09:46:12,27913.95,0
2021-06-11 09:46:13,27913.75,0
2021-06-11 09:46:14,27917.7,0
2021-06-11 09:46:15,27919.85,0
2021-06-11 09:46:16,27920.0,0
2021-06-11 09:46:17,27918.05,0
2021-06-11 09:46:18,27916.05,0
2021-06-11 09:46:19,27916.0,0
2021-06-11 09:46:20,27912.1,0
2021-06-11 09:46:21,27915.45,0
2021-06-11 09:46:22,27915.4,0
2021-06-11 09:46:23,27916.15,0
2021-06-11 09:46:24,27916.65,0
2021-06-11 09:46:25,27913.85,0
2021-06-11 09:46:26,27917.0,0
2021-06-11 09:46:27,27916.25,0
2021-06-11 09:46:28,27916.85,0
2021-06-11 09:46:29,27917.0,0
2021-06-11 09:46:30,27915.05,0
2021-06-11 09:46:31,27917.2,0
2021-06-11 09:46:32,27916.2,0
2021-06-11 09:46:33,27916.3,0
2021-06-11 09:46:34,27914.65,0
2021-06-11 09:46:35,27914.25,0
2021-06-11 09:46:36,27912.4,0
2021-06-11 09:46:37,27915.05,0
2021-06-11 09:46:38,27914.05,0
2021-06-11 09:46:39,27914.8,0
2021-06-11 09:46:41,27915.7,0
2021-06-11 09:46:42,27915.55,0
2021-06-11 09:46:44,27917.5,0
2021-06-11 09:46:45,27916.75,0
2021-06-11 09:46:46,27915.85,0
2021-06-11 09:46:47,27916.8,0
2021-06-11 09:46:48,27917.05,0
2021-06-11 09:46:49,27916.1,0
2021-06-11 09:46:50,27916.9,0
2021-06-11 09:46:51,27917.6,0
2021-06-11 09:46:53,27918.55,0
2021-06-11 09:46:55,27916.6,0
2021-06-11 09:46:56,27918.3,0
2021-06-11 09:46:57,27917.05,0
2021-06-11 09:46:58,27913.6,0
2021-06-11 09:47:00,27919.15,0
2021-06-11 09:47:01,27918.5,0
2021-06-11 09:47:02,27917.75,0
2021-06-11 09:47:03,27916.8,0
2021-06-11 09:47:04,27916.35,0
2021-06-11 09:47:05,27915.15,0
2021-06-11 09:47:06,27912.7,0
2021-06-11 09:47:07,27917.9,0
2021-06-11 09:47:08,27916.75,0
2021-06-11 09:47:09,27916.9,0
2021-06-11 09:47:10,27918.9,0
2021-06-11 09:47:11,27919.5,0
2021-06-11 09:47:12,27915.85,0
2021-06-11 09:47:14,27917.45,0
2021-06-11 09:47:15,27915.95,0
2021-06-11 09:47:17,27913.55,0
2021-06-11 09:47:18,27917.05,0
2021-06-11 09:47:21,27913.85,0
2021-06-11 09:47:22,27911.4,0
2021-06-11 09:47:24,27911.2,0
2021-06-11 09:47:26,27915.8,0
2021-06-11 09:47:27,27912.15,0
2021-06-11 09:47:28,27916.2,0
2021-06-11 09:47:29,27912.05,0
2021-06-11 09:47:30,27916.9,0
2021-06-11 09:47:31,27912.95,0
2021-06-11 09:47:32,27914.05,0
2021-06-11 09:47:34,27913.85,0
2021-06-11 09:47:35,27917.05,0
2021-06-11 09:47:36,27914.35,0
2021-06-11 09:47:37,27913.85,0
2021-06-11 09:47:38,27912.65,0
2021-06-11 09:47:39,27914.05,0
2021-06-11 09:47:40,27912.4,0
2021-06-11 09:47:41,27912.1,0
2021-06-11 09:47:42,27910.95,0
2021-06-11 09:47:43,27910.7,0
2021-06-11 09:47:44,27912.95,0
2021-06-11 09:47:45,27916.6,0
2021-06-11 09:47:46,27916.85,0
2021-06-11 09:47:47,27921.95,0
2021-06-11 09:47:48,27921.35,0
2021-06-11 09:47:49,27920.7,0
2021-06-11 09:47:50,27927.15,0
2021-06-11 09:47:51,27925.55,0
2021-06-11 09:47:52,27920.9,0
2021-06-11 09:47:53,27922.4,0
2021-06-11 09:47:54,27920.05,0
2021-06-11 09:47:55,27920.4,0
2021-06-11 09:47:56,27923.85,0
2021-06-11 09:47:57,27925.7,0
2021-06-11 09:47:58,27923.65,0
2021-06-11 09:47:59,27925.55,0
2021-06-11 09:48:00,27925.55,0
2021-06-11 09:48:01,27925.15,0
2021-06-11 09:48:02,27923.2,0
2021-06-11 09:48:04,27924.35,0
2021-06-11 09:48:05,27927.45,0
2021-06-11 09:48:06,27926.1,0
2021-06-11 09:48:07,27926.85,0
2021-06-11 09:48:08,27925.2,0
2021-06-11 09:48:09,27924.6,0
2021-06-11 09:48:10,27926.45,0
2021-06-11 09:48:12,27926.3,0
2021-06-11 09:48:13,27928.85,0
2021-06-11 09:48:14,27928.3,0
2021-06-11 09:48:15,27928.65,0
2021-06-11 09:48:16,27927.85,0
2021-06-11 09:48:17,27932.15,0
2021-06-11 09:48:18,27930.5,0
2021-06-11 09:48:19,27930.65,0
2021-06-11 09:48:20,27930.5,0
2021-06-11 09:48:21,27930.25,0
2021-06-11 09:48:22,27930.25,0
2021-06-11 09:48:23,27933.65,0
2021-06-11 09:48:24,27933.85,0
2021-06-11 09:48:25,27936.9,0
2021-06-11 09:48:26,27934.0,0
2021-06-11 09:48:27,27941.65,0
2021-06-11 09:48:28,27940.8,0
2021-06-11 09:48:29,27939.55,0
2021-06-11 09:48:30,27939.75,0
2021-06-11 09:48:32,27941.15,0
2021-06-11 09:48:33,27944.45,0
2021-06-11 09:48:34,27940.65,0
2021-06-11 09:48:35,27946.85,0
2021-06-11 09:48:37,27945.4,0
2021-06-11 09:48:38,27941.15,0
2021-06-11 09:48:39,27940.95,0
2021-06-11 09:48:40,27941.55,0
2021-06-11 09:48:41,27946.2,0
2021-06-11 09:48:42,27942.2,0
2021-06-11 09:48:43,27939.5,0
2021-06-11 09:48:44,27938.9,0
2021-06-11 09:48:45,27942.65,0
2021-06-11 09:48:46,27937.75,0
2021-06-11 09:48:47,27942.65,0
2021-06-11 09:48:48,27938.85,0
2021-06-11 09:48:49,27939.4,0
2021-06-11 09:48:51,27940.2,0
2021-06-11 09:48:52,27942.75,0
2021-06-11 09:48:53,27941.4,0
2021-06-11 09:48:54,27940.9,0
2021-06-11 09:48:55,27941.7,0
2021-06-11 09:48:56,27947.25,0
2021-06-11 09:48:57,27943.9,0
2021-06-11 09:48:58,27940.2,0
2021-06-11 09:48:59,27942.3,0
2021-06-11 09:49:00,27946.6,0
2021-06-11 09:49:01,27942.25,0
2021-06-11 09:49:02,27943.4,0
2021-06-11 09:49:03,27944.25,0
2021-06-11 09:49:04,27944.55,0
2021-06-11 09:49:05,27945.8,0
2021-06-11 09:49:06,27945.85,0
2021-06-11 09:49:07,27944.45,0
2021-06-11 09:49:08,27944.6,0
2021-06-11 09:49:10,27947.55,0
2021-06-11 09:49:11,27947.15,0
2021-06-11 09:49:12,27947.35,0
2021-06-11 09:49:13,27944.7,0
2021-06-11 09:49:14,27945.65,0
2021-06-11 09:49:15,27944.25,0
2021-06-11 09:49:16,27944.65,0
2021-06-11 09:49:17,27948.3,0
2021-06-11 09:49:18,27945.75,0
2021-06-11 09:49:19,27946.8,0
2021-06-11 09:49:20,27948.55,0
2021-06-11 09:49:21,27946.1,0
2021-06-11 09:49:22,27945.85,0
2021-06-11 09:49:23,27944.25,0
2021-06-11 09:49:24,27943.5,0
2021-06-11 09:49:26,27945.05,0
2021-06-11 09:49:27,27948.8,0
2021-06-11 09:49:28,27948.55,0
2021-06-11 09:49:29,27949.4,0
2021-06-11 09:49:30,27947.5,0
2021-06-11 09:49:32,27949.8,0
2021-06-11 09:49:33,27950.0,0
2021-06-11 09:49:34,27943.55,0
2021-06-11 09:49:35,27941.35,0
2021-06-11 09:49:36,27947.15,0
2021-06-11 09:49:38,27945.65,0
2021-06-11 09:49:39,27945.15,0
2021-06-11 09:49:40,27945.2,0
2021-06-11 09:49:41,27946.0,0
2021-06-11 09:49:42,27945.05,0
2021-06-11 09:49:43,27948.05,0
2021-06-11 09:49:44,27947.55,0
2021-06-11 09:49:45,27948.05,0
2021-06-11 09:49:46,27948.25,0
2021-06-11 09:49:47,27948.95,0
2021-06-11 09:49:49,27947.25,0
2021-06-11 09:49:50,27945.2,0
2021-06-11 09:49:51,27950.3,0
2021-06-11 09:49:52,27944.2,0
2021-06-11 09:49:53,27946.8,0
2021-06-11 09:49:54,27946.2,0
2021-06-11 09:49:55,27944.5,0
2021-06-11 09:49:56,27944.85,0
2021-06-11 09:49:57,27946.8,0
2021-06-11 09:49:58,27947.35,0
2021-06-11 09:49:59,27943.65,0
2021-06-11 09:50:00,27944.95,0
2021-06-11 09:50:01,27944.0,0
2021-06-11 09:50:02,27942.55,0
2021-06-11 09:50:03,27942.3,0
2021-06-11 09:50:04,27944.8,0
2021-06-11 09:50:05,27947.95,0
2021-06-11 09:50:06,27947.5,0
2021-06-11 09:50:07,27944.55,0
2021-06-11 09:50:08,27949.65,0
2021-06-11 09:50:09,27946.85,0
2021-06-11 09:50:10,27947.65,0
2021-06-11 09:50:11,27950.75,0
2021-06-11 09:50:13,27947.35,0
2021-06-11 09:50:14,27951.35,0
2021-06-11 09:50:15,27950.65,0
2021-06-11 09:50:16,27949.75,0
2021-06-11 09:50:17,27950.5,0
2021-06-11 09:50:18,27951.35,0
2021-06-11 09:50:19,27950.45,0
2021-06-11 09:50:20,27947.75,0
2021-06-11 09:50:22,27948.7,0
2021-06-11 09:50:23,27953.5,0
2021-06-11 09:50:24,27949.2,0
2021-06-11 09:50:25,27947.9,0
2021-06-11 09:50:26,27949.15,0
2021-06-11 09:50:27,27950.0,0
2021-06-11 09:50:28,27948.0,0
2021-06-11 09:50:29,27949.25,0
2021-06-11 09:50:30,27947.35,0
2021-06-11 09:50:31,27955.9,0
2021-06-11 09:50:32,27956.45,0
2021-06-11 09:50:33,27954.4,0
2021-06-11 09:50:34,27952.85,0
2021-06-11 09:50:35,27952.55,0
2021-06-11 09:50:36,27952.3,0
2021-06-11 09:50:37,27954.4,0
2021-06-11 09:50:38,27954.75,0
2021-06-11 09:50:39,27953.85,0
2021-06-11 09:50:40,27953.95,0
2021-06-11 09:50:41,27956.0,0
2021-06-11 09:50:42,27955.1,0
2021-06-11 09:50:43,27953.8,0
2021-06-11 09:50:44,27956.55,0
2021-06-11 09:50:45,27955.9,0
2021-06-11 09:50:46,27956.2,0
2021-06-11 09:50:47,27956.75,0
2021-06-11 09:50:48,27955.35,0
2021-06-11 09:50:49,27953.9,0
2021-06-11 09:50:50,27950.5,0
2021-06-11 09:50:53,27950.3,0
2021-06-11 09:50:54,27951.4,0
2021-06-11 09:50:55,27949.8,0
2021-06-11 09:50:56,27950.35,0
2021-06-11 09:50:57,27953.55,0
2021-06-11 09:50:58,27951.3,0
2021-06-11 09:50:59,27951.3,0
2021-06-11 09:51:01,27957.65,0
2021-06-11 09:51:02,27958.25,0
2021-06-11 09:51:03,27959.75,0
2021-06-11 09:51:04,27959.85,0
2021-06-11 09:51:05,27959.6,0
2021-06-11 09:51:06,27961.6,0
2021-06-11 09:51:07,27962.35,0
2021-06-11 09:51:08,27961.1,0
2021-06-11 09:51:09,27961.1,0
2021-06-11 09:51:10,27960.75,0
2021-06-11 09:51:11,27958.5,0
2021-06-11 09:51:12,27959.5,0
2021-06-11 09:51:13,27960.1,0
2021-06-11 09:51:15,27958.0,0
2021-06-11 09:51:16,27956.65,0
2021-06-11 09:51:18,27962.5,0
2021-06-11 09:51:19,27961.65,0
2021-06-11 09:51:20,27961.7,0
2021-06-11 09:51:21,27961.05,0
2021-06-11 09:51:24,27962.4,0
2021-06-11 09:51:25,27962.3,0
2021-06-11 09:51:26,27960.5,0
2021-06-11 09:51:27,27962.2,0
2021-06-11 09:51:28,27962.8,0
2021-06-11 09:51:29,27962.1,0
2021-06-11 09:51:30,27963.35,0
2021-06-11 09:51:31,27963.15,0
2021-06-11 09:51:32,27962.15,0
2021-06-11 09:51:33,27962.15,0
2021-06-11 09:51:35,27960.15,0
2021-06-11 09:51:36,27960.05,0
2021-06-11 09:51:37,27960.5,0
2021-06-11 09:51:38,27964.25,0
2021-06-11 09:51:39,27963.9,0
2021-06-11 09:51:40,27966.9,0
2021-06-11 09:51:42,27962.35,0
2021-06-11 09:51:43,27960.95,0
2021-06-11 09:51:44,27961.9,0
2021-06-11 09:51:45,27963.25,0
2021-06-11 09:51:46,27962.75,0
2021-06-11 09:51:47,27961.85,0
2021-06-11 09:51:48,27962.25,0
2021-06-11 09:51:49,27963.8,0
2021-06-11 09:51:50,27964.05,0
2021-06-11 09:51:51,27962.3,0
2021-06-11 09:51:52,27962.65,0
2021-06-11 09:51:53,27965.55,0
2021-06-11 09:51:54,27966.4,0
2021-06-11 09:51:55,27965.75,0
2021-06-11 09:51:56,27966.4,0
2021-06-11 09:51:57,27967.7,0
2021-06-11 09:51:58,27965.3,0
2021-06-11 09:52:00,27967.1,0
2021-06-11 09:52:01,27967.6,0
2021-06-11 09:52:02,27968.45,0
2021-06-11 09:52:03,27967.7,0
2021-06-11 09:52:04,27967.5,0
2021-06-11 09:52:05,27967.3,0
2021-06-11 09:52:06,27968.35,0
2021-06-11 09:52:07,27969.0,0
2021-06-11 09:52:08,27971.05,0
2021-06-11 09:52:09,27969.1,0
2021-06-11 09:52:10,27968.25,0
2021-06-11 09:52:11,27964.8,0
2021-06-11 09:52:12,27964.4,0
2021-06-11 09:52:13,27964.35,0
2021-06-11 09:52:14,27964.65,0
2021-06-11 09:52:15,27962.95,0
2021-06-11 09:52:16,27963.55,0
2021-06-11 09:52:17,27964.75,0
2021-06-11 09:52:18,27965.15,0
2021-06-11 09:52:19,27964.25,0
2021-06-11 09:52:20,27964.1,0
2021-06-11 09:52:21,27964.6,0
2021-06-11 09:52:22,27964.35,0
2021-06-11 09:52:23,27964.2,0
2021-06-11 09:52:24,27965.6,0
2021-06-11 09:52:25,27964.1,0
2021-06-11 09:52:26,27965.05,0
2021-06-11 09:52:27,27962.35,0
2021-06-11 09:52:28,27965.9,0
2021-06-11 09:52:29,27967.15,0
2021-06-11 09:52:30,27965.9,0
2021-06-11 09:52:31,27966.8,0
2021-06-11 09:52:32,27965.25,0
2021-06-11 09:52:33,27965.4,0
2021-06-11 09:52:34,27965.25,0
2021-06-11 09:52:35,27966.4,0
2021-06-11 09:52:36,27966.25,0
2021-06-11 09:52:37,27967.1,0
2021-06-11 09:52:38,27963.85,0
2021-06-11 09:52:39,27961.95,0
2021-06-11 09:52:40,27962.2,0
2021-06-11 09:52:44,27966.15,0
2021-06-11 09:52:46,27964.2,0
2021-06-11 09:52:47,27965.4,0
2021-06-11 09:52:48,27963.35,0
2021-06-11 09:52:49,27963.2,0
2021-06-11 09:52:50,27962.65,0
2021-06-11 09:52:51,27962.05,0
2021-06-11 09:52:53,27965.3,0
2021-06-11 09:52:54,27963.3,0
2021-06-11 09:52:55,27960.1,0
2021-06-11 09:52:56,27962.75,0
2021-06-11 09:52:57,27963.45,0
2021-06-11 09:52:58,27962.6,0
2021-06-11 09:52:59,27961.95,0
2021-06-11 09:53:00,27960.9,0
2021-06-11 09:53:01,27961.1,0
2021-06-11 09:53:02,27962.9,0
2021-06-11 09:53:03,27961.75,0
2021-06-11 09:53:04,27960.75,0
2021-06-11 09:53:05,27962.85,0
2021-06-11 09:53:06,27962.55,0
2021-06-11 09:53:07,27961.6,0
2021-06-11 09:53:08,27962.4,0
2021-06-11 09:53:09,27961.55,0
2021-06-11 09:53:10,27959.65,0
2021-06-11 09:53:11,27960.0,0
2021-06-11 09:53:12,27960.7,0
2021-06-11 09:53:13,27960.7,0
2021-06-11 09:53:14,27960.0,0
2021-06-11 09:53:15,27960.05,0
2021-06-11 09:53:17,27960.3,0
2021-06-11 09:53:18,27962.15,0
2021-06-11 09:53:19,27963.0,0
2021-06-11 09:53:20,27965.55,0
2021-06-11 09:53:21,27965.4,0
2021-06-11 09:53:22,27966.65,0
2021-06-11 09:53:23,27966.25,0
2021-06-11 09:53:24,27963.6,0
2021-06-11 09:53:25,27964.1,0
2021-06-11 09:53:26,27963.6,0
2021-06-11 09:53:27,27963.1,0
2021-06-11 09:53:30,27963.95,0
2021-06-11 09:53:31,27966.25,0
2021-06-11 09:53:32,27966.4,0
2021-06-11 09:53:33,27967.2,0
2021-06-11 09:53:34,27967.15,0
2021-06-11 09:53:35,27967.55,0
2021-06-11 09:53:36,27966.5,0
2021-06-11 09:53:37,27966.65,0
2021-06-11 09:53:39,27967.65,0
2021-06-11 09:53:40,27965.9,0
2021-06-11 09:53:41,27962.95,0
2021-06-11 09:53:43,27962.65,0
2021-06-11 09:53:44,27966.15,0
2021-06-11 09:53:45,27965.15,0
2021-06-11 09:53:46,27965.35,0
2021-06-11 09:53:47,27965.4,0
2021-06-11 09:53:48,27964.4,0
2021-06-11 09:53:49,27963.05,0
2021-06-11 09:53:50,27964.1,0
2021-06-11 09:53:51,27962.7,0
2021-06-11 09:53:52,27964.7,0
2021-06-11 09:53:53,27962.7,0
2021-06-11 09:53:54,27963.7,0
2021-06-11 09:53:55,27962.65,0
2021-06-11 09:53:56,27963.3,0
2021-06-11 09:53:57,27962.15,0
2021-06-11 09:53:58,27965.8,0
2021-06-11 09:54:00,27962.45,0
2021-06-11 09:54:01,27962.65,0
2021-06-11 09:54:02,27961.15,0
2021-06-11 09:54:03,27958.9,0
2021-06-11 09:54:04,27959.85,0
2021-06-11 09:54:05,27959.25,0
2021-06-11 09:54:06,27959.9,0
2021-06-11 09:54:07,27958.6,0
2021-06-11 09:54:08,27957.85,0
2021-06-11 09:54:09,27959.75,0
2021-06-11 09:54:10,27956.25,0
2021-06-11 09:54:11,27953.65,0
2021-06-11 09:54:12,27956.1,0
2021-06-11 09:54:13,27954.6,0
2021-06-11 09:54:15,27955.6,0
2021-06-11 09:54:16,27958.9,0
2021-06-11 09:54:17,27959.3,0
2021-06-11 09:54:18,27959.3,0
2021-06-11 09:54:19,27959.8,0
2021-06-11 09:54:20,27961.55,0
2021-06-11 09:54:21,27959.05,0
2021-06-11 09:54:22,27961.6,0
2021-06-11 09:54:23,27962.6,0
2021-06-11 09:54:24,27962.7,0
2021-06-11 09:54:25,27961.7,0
2021-06-11 09:54:26,27963.1,0
2021-06-11 09:54:27,27964.25,0
2021-06-11 09:54:28,27965.3,0
2021-06-11 09:54:29,27964.75,0
2021-06-11 09:54:30,27964.4,0
2021-06-11 09:54:31,27965.55,0
2021-06-11 09:54:32,27964.85,0
2021-06-11 09:54:33,27967.1,0
2021-06-11 09:54:34,27969.45,0
2021-06-11 09:54:35,27967.55,0
2021-06-11 09:54:36,27965.55,0
2021-06-11 09:54:37,27967.85,0
2021-06-11 09:54:38,27965.2,0
2021-06-11 09:54:39,27969.2,0
2021-06-11 09:54:41,27968.1,0
2021-06-11 09:54:42,27967.45,0
2021-06-11 09:54:43,27970.15,0
2021-06-11 09:54:45,27969.35,0
2021-06-11 09:54:46,27970.6,0
2021-06-11 09:54:47,27970.4,0
2021-06-11 09:54:49,27970.95,0
2021-06-11 09:54:50,27971.8,0
2021-06-11 09:54:51,27971.35,0
2021-06-11 09:54:52,27970.2,0
2021-06-11 09:54:53,27970.25,0
2021-06-11 09:54:54,27971.75,0
2021-06-11 09:54:55,27969.95,0
2021-06-11 09:54:56,27969.1,0
2021-06-11 09:54:57,27967.0,0
2021-06-11 09:54:58,27968.95,0
2021-06-11 09:54:59,27970.7,0
2021-06-11 09:55:00,27968.3,0
2021-06-11 09:55:01,27970.35,0
2021-06-11 09:55:02,27971.4,0
2021-06-11 09:55:03,27970.0,0
2021-06-11 09:55:04,27968.85,0
2021-06-11 09:55:05,27968.6,0
2021-06-11 09:55:06,27970.15,0
2021-06-11 09:55:07,27970.55,0
2021-06-11 09:55:08,27969.25,0
2021-06-11 09:55:09,27970.75,0
2021-06-11 09:55:10,27971.05,0
2021-06-11 09:55:11,27970.6,0
2021-06-11 09:55:12,27969.2,0
2021-06-11 09:55:13,27969.4,0
2021-06-11 09:55:14,27968.6,0
2021-06-11 09:55:15,27970.35,0
2021-06-11 09:55:16,27972.25,0
2021-06-11 09:55:17,27974.1,0
2021-06-11 09:55:18,27972.95,0
2021-06-11 09:55:19,27973.35,0
2021-06-11 09:55:20,27973.2,0
2021-06-11 09:55:21,27972.5,0
2021-06-11 09:55:22,27971.4,0
2021-06-11 09:55:23,27972.05,0
2021-06-11 09:55:24,27972.7,0
2021-06-11 09:55:25,27971.55,0
2021-06-11 09:55:26,27973.8,0
2021-06-11 09:55:28,27973.9,0
2021-06-11 09:55:29,27971.9,0
2021-06-11 09:55:30,27968.75,0
2021-06-11 09:55:32,27972.35,0
2021-06-11 09:55:33,27970.85,0
2021-06-11 09:55:34,27972.95,0
2021-06-11 09:55:35,27970.6,0
2021-06-11 09:55:36,27973.0,0
2021-06-11 09:55:37,27973.3,0
2021-06-11 09:55:38,27972.8,0
2021-06-11 09:55:39,27970.25,0
2021-06-11 09:55:40,27972.75,0
2021-06-11 09:55:41,27972.25,0
2021-06-11 09:55:42,27975.05,0
2021-06-11 09:55:43,27977.45,0
2021-06-11 09:55:45,27974.3,0
2021-06-11 09:55:46,27975.35,0
2021-06-11 09:55:47,27975.6,0
2021-06-11 09:55:48,27977.15,0
2021-06-11 09:55:49,27975.95,0
2021-06-11 09:55:50,27978.15,0
2021-06-11 09:55:51,27977.2,0
2021-06-11 09:55:52,27977.65,0
2021-06-11 09:55:53,27978.15,0
2021-06-11 09:55:54,27977.2,0
2021-06-11 09:55:55,27979.45,0
2021-06-11 09:55:56,27980.05,0
2021-06-11 09:55:57,27979.4,0
2021-06-11 09:55:58,27980.2,0
2021-06-11 09:55:59,27979.95,0
2021-06-11 09:56:00,27979.15,0
2021-06-11 09:56:01,27979.5,0
2021-06-11 09:56:02,27980.6,0
2021-06-11 09:56:03,27980.0,0
2021-06-11 09:56:05,27981.25,0
2021-06-11 09:56:07,27976.8,0
2021-06-11 09:56:08,27975.85,0
2021-06-11 09:56:09,27976.5,0
2021-06-11 09:56:10,27975.75,0
2021-06-11 09:56:11,27975.05,0
2021-06-11 09:56:12,27974.95,0
2021-06-11 09:56:14,27976.85,0
2021-06-11 09:56:15,27978.45,0
2021-06-11 09:56:16,27978.45,0
2021-06-11 09:56:17,27979.3,0
2021-06-11 09:56:18,27978.85,0
2021-06-11 09:56:19,27979.05,0
2021-06-11 09:56:20,27978.95,0
2021-06-11 09:56:22,27978.0,0
2021-06-11 09:56:23,27978.25,0
2021-06-11 09:56:24,27977.6,0
2021-06-11 09:56:25,27976.25,0
2021-06-11 09:56:26,27976.6,0
2021-06-11 09:56:27,27976.0,0
2021-06-11 09:56:28,27975.1,0
2021-06-11 09:56:29,27975.15,0
2021-06-11 09:56:30,27977.5,0
2021-06-11 09:56:31,27976.55,0
2021-06-11 09:56:32,27975.35,0
2021-06-11 09:56:33,27976.95,0
2021-06-11 09:56:34,27977.3,0
2021-06-11 09:56:35,27976.0,0
2021-06-11 09:56:36,27977.4,0
2021-06-11 09:56:37,27976.75,0
2021-06-11 09:56:38,27978.4,0
2021-06-11 09:56:39,27978.95,0
2021-06-11 09:56:40,27978.7,0
2021-06-11 09:56:41,27977.85,0
2021-06-11 09:56:42,27979.1,0
2021-06-11 09:56:43,27980.45,0
2021-06-11 09:56:45,27978.05,0
2021-06-11 09:56:46,27979.7,0
2021-06-11 09:56:47,27979.55,0
2021-06-11 09:56:49,27978.45,0
2021-06-11 09:56:50,27979.35,0
2021-06-11 09:56:51,27977.4,0
2021-06-11 09:56:52,27977.3,0
2021-06-11 09:56:54,27975.9,0
2021-06-11 09:56:55,27977.0,0
2021-06-11 09:56:56,27976.6,0
2021-06-11 09:56:57,27977.6,0
2021-06-11 09:56:58,27976.5,0
2021-06-11 09:56:59,27977.2,0
2021-06-11 09:57:00,27977.25,0
2021-06-11 09:57:01,27979.1,0
2021-06-11 09:57:02,27977.85,0
2021-06-11 09:57:03,27979.25,0
2021-06-11 09:57:04,27976.85,0
2021-06-11 09:57:05,27976.65,0
2021-06-11 09:57:06,27978.15,0
2021-06-11 09:57:07,27977.9,0
2021-06-11 09:57:08,27978.8,0
2021-06-11 09:57:09,27978.1,0
2021-06-11 09:57:10,27977.45,0
2021-06-11 09:57:11,27977.75,0
2021-06-11 09:57:12,27978.25,0
2021-06-11 09:57:13,27978.8,0
2021-06-11 09:57:14,27978.45,0
2021-06-11 09:57:15,27981.7,0
2021-06-11 09:57:17,27981.85,0
2021-06-11 09:57:18,27982.0,0
2021-06-11 09:57:19,27981.5,0
2021-06-11 09:57:20,27981.05,0
2021-06-11 09:57:21,27981.05,0
2021-06-11 09:57:22,27982.1,0
2021-06-11 09:57:23,27981.7,0
2021-06-11 09:57:24,27979.5,0
2021-06-11 09:57:25,27981.55,0
2021-06-11 09:57:26,27981.55,0
2021-06-11 09:57:27,27981.9,0
2021-06-11 09:57:28,27980.35,0
2021-06-11 09:57:29,27979.8,0
2021-06-11 09:57:30,27979.6,0
2021-06-11 09:57:31,27981.85,0
2021-06-11 09:57:32,27979.9,0
2021-06-11 09:57:33,27981.45,0
2021-06-11 09:57:34,27981.55,0
2021-06-11 09:57:35,27979.25,0
2021-06-11 09:57:36,27979.65,0
2021-06-11 09:57:37,27982.15,0
2021-06-11 09:57:38,27980.6,0
2021-06-11 09:57:39,27982.15,0
2021-06-11 09:57:40,27980.65,0
2021-06-11 09:57:41,27981.55,0
2021-06-11 09:57:42,27980.1,0
2021-06-11 09:57:43,27979.8,0
2021-06-11 09:57:44,27979.85,0
2021-06-11 09:57:45,27980.1,0
2021-06-11 09:57:46,27979.55,0
2021-06-11 09:57:47,27978.4,0
2021-06-11 09:57:48,27979.8,0
2021-06-11 09:57:49,27980.35,0
2021-06-11 09:57:50,27980.65,0
2021-06-11 09:57:52,27978.95,0
2021-06-11 09:57:53,27979.0,0
2021-06-11 09:57:54,27978.15,0
2021-06-11 09:57:55,27976.05,0
2021-06-11 09:57:56,27978.3,0
2021-06-11 09:57:57,27979.15,0
2021-06-11 09:57:58,27979.4,0
2021-06-11 09:57:59,27982.65,0
2021-06-11 09:58:00,27982.4,0
2021-06-11 09:58:01,27983.35,0
2021-06-11 09:58:02,27983.65,0
2021-06-11 09:58:03,27981.45,0
2021-06-11 09:58:04,27985.45,0
2021-06-11 09:58:05,27984.25,0
2021-06-11 09:58:06,27985.55,0
2021-06-11 09:58:07,27985.5,0
2021-06-11 09:58:08,27985.4,0
2021-06-11 09:58:09,27987.15,0
2021-06-11 09:58:10,27990.95,0
2021-06-11 09:58:11,27989.9,0
2021-06-11 09:58:12,27990.45,0
2021-06-11 09:58:13,27985.85,0
2021-06-11 09:58:14,27989.4,0
2021-06-11 09:58:15,27988.1,0
2021-06-11 09:58:16,27987.9,0
2021-06-11 09:58:17,27983.95,0
2021-06-11 09:58:18,27987.3,0
2021-06-11 09:58:19,27987.9,0
2021-06-11 09:58:20,27987.8,0
2021-06-11 09:58:21,27987.45,0
2021-06-11 09:58:22,27986.5,0
2021-06-11 09:58:23,27990.15,0
2021-06-11 09:58:24,27989.25,0
2021-06-11 09:58:26,27990.6,0
2021-06-11 09:58:27,27988.65,0
2021-06-11 09:58:28,27987.3,0
2021-06-11 09:58:29,27988.45,0
2021-06-11 09:58:30,27989.1,0
2021-06-11 09:58:31,27989.55,0
2021-06-11 09:58:32,27990.1,0
2021-06-11 09:58:33,27987.45,0
2021-06-11 09:58:34,27986.55,0
2021-06-11 09:58:36,27983.1,0
2021-06-11 09:58:37,27984.15,0
2021-06-11 09:58:38,27983.85,0
2021-06-11 09:58:39,27982.2,0
2021-06-11 09:58:40,27983.1,0
2021-06-11 09:58:41,27983.85,0
2021-06-11 09:58:42,27983.2,0
2021-06-11 09:58:43,27982.45,0
2021-06-11 09:58:44,27982.2,0
2021-06-11 09:58:45,27982.3,0
2021-06-11 09:58:48,27989.2,0
2021-06-11 09:58:50,27986.8,0
2021-06-11 09:58:56,27996.1,0
2021-06-11 09:58:59,27995.4,0
2021-06-11 09:59:03,27992.85,0
2021-06-11 09:59:08,27995.45,0
2021-06-11 09:59:11,27995.65,0
2021-06-11 09:59:12,27996.4,0
2021-06-11 09:59:14,27996.85,0
2021-06-11 09:59:15,27997.35,0
2021-06-11 09:59:16,27998.95,0
2021-06-11 09:59:17,28000.1,0
2021-06-11 09:59:21,28002.6,0
2021-06-11 09:59:23,27999.55,0
2021-06-11 09:59:24,27999.5,0
2021-06-11 09:59:25,28001.0,0
2021-06-11 09:59:26,28000.15,0
2021-06-11 09:59:27,28000.8,0
2021-06-11 09:59:29,28003.0,0
2021-06-11 09:59:30,28007.0,0
2021-06-11 09:59:31,28006.0,0
2021-06-11 09:59:32,28001.75,0
2021-06-11 09:59:33,28001.5,0
2021-06-11 09:59:34,28005.7,0
2021-06-11 09:59:35,28006.15,0
2021-06-11 09:59:36,28003.5,0
2021-06-11 09:59:41,28001.65,0
2021-06-11 09:59:43,28006.05,0
2021-06-11 09:59:44,28005.8,0
2021-06-11 09:59:45,28005.95,0
2021-06-11 09:59:47,28007.15,0
2021-06-11 09:59:48,28006.75,0
2021-06-11 09:59:50,28007.05,0
2021-06-11 09:59:51,28006.65,0
2021-06-11 09:59:52,28005.9,0
2021-06-11 09:59:53,28006.75,0
2021-06-11 09:59:54,28007.3,0
2021-06-11 09:59:56,28010.2,0
2021-06-11 09:59:57,28008.75,0
2021-06-11 09:59:58,28009.15,0
2021-06-11 09:59:59,28009.0,0
2021-06-11 10:00:00,28007.7,0
2021-06-11 10:00:01,28011.25,0
2021-06-11 10:00:02,28011.65,0
2021-06-11 10:00:04,28012.05,0
2021-06-11 10:00:07,28013.6,0
2021-06-11 10:00:08,28011.2,0
2021-06-11 10:00:09,28013.55,0
2021-06-11 10:00:10,28013.55,0
2021-06-11 10:00:12,28012.0,0
2021-06-11 10:00:13,28011.25,0
2021-06-11 10:00:14,28012.6,0
2021-06-11 10:00:15,28012.5,0
2021-06-11 10:00:16,28017.3,0
2021-06-11 10:00:18,28015.4,0
2021-06-11 10:00:19,28013.8,0
2021-06-11 10:00:20,28010.95,0
2021-06-11 10:00:22,28016.9,0
2021-06-11 10:00:23,28013.55,0
2021-06-11 10:00:24,28015.45,0
2021-06-11 10:00:30,28007.9,0
2021-06-11 10:00:32,28011.3,0
2021-06-11 10:00:35,28006.35,0
2021-06-11 10:00:36,28005.65,0
2021-06-11 10:00:41,28001.4,0
2021-06-11 10:00:42,27998.65,0
2021-06-11 10:00:44,28000.75,0
2021-06-11 10:00:45,27998.45,0
2021-06-11 10:00:46,27998.25,0
2021-06-11 10:00:47,27997.8,0
2021-06-11 10:00:48,28000.5,0
2021-06-11 10:00:49,28000.7,0
2021-06-11 10:00:50,27998.9,0
2021-06-11 10:00:51,28000.2,0
2021-06-11 10:00:52,28001.1,0
2021-06-11 10:00:53,28001.0,0
2021-06-11 10:00:54,28002.05,0
2021-06-11 10:00:55,28001.0,0
2021-06-11 10:00:56,27998.15,0
2021-06-11 10:00:57,27997.25,0
2021-06-11 10:00:58,28000.3,0
2021-06-11 10:00:59,28004.85,0
2021-06-11 10:01:00,27998.15,0
2021-06-11 10:01:01,28001.3,0
2021-06-11 10:01:03,28002.6,0
2021-06-11 10:01:04,28002.7,0
2021-06-11 10:01:08,28002.55,0
2021-06-11 10:01:09,28001.6,0
2021-06-11 10:01:10,28001.6,0
2021-06-11 10:01:11,28003.85,0
2021-06-11 10:01:12,28002.05,0
2021-06-11 10:01:13,28000.6,0
2021-06-11 10:01:14,28001.25,0
2021-06-11 10:01:15,28008.45,0
2021-06-11 10:01:16,28005.8,0
2021-06-11 10:01:17,28003.85,0
2021-06-11 10:01:20,28005.65,0
2021-06-11 10:01:22,28003.8,0
2021-06-11 10:01:23,28003.7,0
2021-06-11 10:01:25,28000.0,0
2021-06-11 10:01:27,27999.0,0
2021-06-11 10:01:30,28000.2,0
2021-06-11 10:01:31,27999.95,0
2021-06-11 10:01:32,27998.55,0
2021-06-11 10:01:33,27998.2,0
2021-06-11 10:01:34,27999.2,0
2021-06-11 10:01:35,27994.6,0
2021-06-11 10:01:36,27999.4,0
2021-06-11 10:01:39,27998.45,0
2021-06-11 10:01:48,27995.25,0
2021-06-11 10:01:49,27997.25,0
2021-06-11 10:01:50,27996.75,0
2021-06-11 10:01:51,27998.9,0
2021-06-11 10:01:53,27996.55,0
2021-06-11 10:01:55,27995.6,0
2021-06-11 10:01:57,27996.9,0
2021-06-11 10:01:58,27997.35,0
2021-06-11 10:01:59,27996.6,0
2021-06-11 10:02:00,27999.45,0
2021-06-11 10:02:01,27997.75,0
2021-06-11 10:02:02,27997.25,0
2021-06-11 10:02:03,27997.65,0
2021-06-11 10:02:05,27997.55,0
2021-06-11 10:02:06,27997.1,0
2021-06-11 10:02:07,28003.0,0
2021-06-11 10:02:09,27997.6,0
2021-06-11 10:02:12,27999.3,0
2021-06-11 10:02:14,27995.85,0
2021-06-11 10:02:17,27993.45,0
2021-06-11 10:02:18,27992.35,0
2021-06-11 10:02:19,27992.45,0
2021-06-11 10:02:20,27992.35,0
2021-06-11 10:02:21,27992.65,0
2021-06-11 10:02:23,27988.2,0
2021-06-11 10:02:24,27989.35,0
2021-06-11 10:02:25,27991.6,0
2021-06-11 10:02:26,27991.15,0
2021-06-11 10:02:27,27990.8,0
2021-06-11 10:02:28,27993.4,0
2021-06-11 10:02:31,27993.25,0
2021-06-11 10:02:33,27991.7,0
2021-06-11 10:02:34,27991.75,0
2021-06-11 10:02:36,27990.65,0
2021-06-11 10:02:37,27992.55,0
2021-06-11 10:02:39,27989.45,0
2021-06-11 10:02:40,27990.65,0
2021-06-11 10:02:41,27991.25,0
2021-06-11 10:02:42,27992.75,0
2021-06-11 10:02:43,27992.65,0
2021-06-11 10:02:44,27992.5,0
2021-06-11 10:02:45,27990.05,0
2021-06-11 10:02:48,27993.5,0
2021-06-11 10:02:49,27994.15,0
2021-06-11 10:02:51,27995.7,0
2021-06-11 10:02:52,27997.2,0
2021-06-11 10:02:53,27996.95,0
2021-06-11 10:02:54,27995.1,0
2021-06-11 10:02:55,27993.6,0
2021-06-11 10:02:58,27998.3,0
2021-06-11 10:02:59,27998.5,0
2021-06-11 10:03:01,27997.35,0
2021-06-11 10:03:04,28001.0,0
2021-06-11 10:03:05,28000.85,0
2021-06-11 10:03:07,27999.5,0
2021-06-11 10:03:08,28000.55,0
2021-06-11 10:03:09,28000.35,0
2021-06-11 10:03:14,28010.65,0
2021-06-11 10:03:16,28008.0,0
2021-06-11 10:03:21,28004.55,0
2021-06-11 10:03:26,28001.95,0
2021-06-11 10:03:27,28000.2,0
2021-06-11 10:03:28,28002.2,0
2021-06-11 10:03:29,28000.05,0
2021-06-11 10:03:30,28002.25,0
2021-06-11 10:03:32,28002.25,0
2021-06-11 10:03:36,28005.05,0
2021-06-11 10:03:39,28007.6,0
2021-06-11 10:03:40,28007.5,0
2021-06-11 10:03:41,28008.05,0
2021-06-11 10:03:43,28007.85,0
2021-06-11 10:03:44,28005.65,0
2021-06-11 10:03:45,28006.0,0
2021-06-11 10:03:46,28008.4,0
2021-06-11 10:03:48,28008.9,0
2021-06-11 10:03:49,28008.8,0
2021-06-11 10:03:50,28012.65,0
2021-06-11 10:03:51,28011.5,0
2021-06-11 10:03:53,28013.8,0
2021-06-11 10:04:03,28015.8,0
2021-06-11 10:04:05,28016.15,0
2021-06-11 10:04:08,28020.7,0
2021-06-11 10:04:14,28017.3,0
2021-06-11 10:04:16,28018.1,0
2021-06-11 10:04:17,28020.9,0
2021-06-11 10:04:21,28016.85,0
2021-06-11 10:04:22,28016.2,0
2021-06-11 10:04:27,28011.65,0
2021-06-11 10:04:29,28012.1,0
2021-06-11 10:04:31,28015.05,0
2021-06-11 10:04:32,28012.65,0
2021-06-11 10:04:33,28014.1,0
2021-06-11 10:04:37,28015.7,0
2021-06-11 10:04:38,28014.95,0
2021-06-11 10:04:39,28009.5,0
2021-06-11 10:04:42,28016.5,0
2021-06-11 10:04:48,28015.85,0
2021-06-11 10:04:49,28014.7,0
2021-06-11 10:04:52,28013.7,0
2021-06-11 10:04:55,28014.6,0
2021-06-11 10:04:57,28015.8,0
2021-06-11 10:04:58,28009.75,0
2021-06-11 10:05:01,28008.7,0
2021-06-11 10:05:02,28004.8,0
2021-06-11 10:05:03,28006.2,0
2021-06-11 10:05:04,28004.35,0
2021-06-11 10:05:05,28005.4,0
2021-06-11 10:05:06,28004.7,0
2021-06-11 10:05:07,28004.8,0
2021-06-11 10:05:09,28004.1,0
2021-06-11 10:05:10,28004.15,0
2021-06-11 10:05:11,28003.5,0
2021-06-11 10:05:12,28004.45,0
2021-06-11 10:05:13,28000.65,0
2021-06-11 10:05:14,27997.65,0
2021-06-11 10:05:15,28001.4,0
2021-06-11 10:05:16,28004.95,0
2021-06-11 10:05:18,27996.25,0
2021-06-11 10:05:19,27999.55,0
2021-06-11 10:05:20,28003.8,0
2021-06-11 10:05:21,28004.3,0
2021-06-11 10:05:22,28006.05,0
2021-06-11 10:05:23,27999.4,0
2021-06-11 10:05:24,28002.1,0
2021-06-11 10:05:25,28000.95,0
2021-06-11 10:05:26,28004.95,0
2021-06-11 10:05:27,28006.3,0
2021-06-11 10:05:28,28002.9,0
2021-06-11 10:05:30,28001.0,0
2021-06-11 10:05:32,28000.3,0
2021-06-11 10:05:33,28001.65,0
2021-06-11 10:05:34,28005.35,0
2021-06-11 10:05:35,28002.8,0
2021-06-11 10:05:36,28005.5,0
2021-06-11 10:05:37,28007.0,0
2021-06-11 10:05:38,28005.65,0
2021-06-11 10:05:39,28005.6,0
2021-06-11 10:05:40,28008.3,0
2021-06-11 10:05:41,28008.3,0
2021-06-11 10:05:42,28010.0,0
2021-06-11 10:05:43,28008.1,0
2021-06-11 10:05:44,28010.75,0
2021-06-11 10:05:45,28010.05,0
2021-06-11 10:05:46,28008.25,0
2021-06-11 10:05:47,28009.65,0
2021-06-11 10:05:48,28010.5,0
2021-06-11 10:05:49,28011.9,0
2021-06-11 10:05:50,28012.1,0
2021-06-11 10:05:51,28013.1,0
2021-06-11 10:05:52,28009.3,0
2021-06-11 10:05:53,28009.2,0
2021-06-11 10:05:54,28008.9,0
2021-06-11 10:05:55,28007.4,0
2021-06-11 10:05:56,28008.35,0
2021-06-11 10:05:57,28009.3,0
2021-06-11 10:05:58,28009.5,0
2021-06-11 10:05:59,28011.1,0
2021-06-11 10:06:00,28009.95,0
2021-06-11 10:06:01,28007.1,0
2021-06-11 10:06:02,28007.75,0
2021-06-11 10:06:03,28010.85,0
2021-06-11 10:06:04,28011.1,0
2021-06-11 10:06:05,28011.05,0
2021-06-11 10:06:06,28011.25,0
2021-06-11 10:06:07,28016.35,0
2021-06-11 10:06:08,28014.75,0
2021-06-11 10:06:09,28013.75,0
2021-06-11 10:06:10,28016.0,0
2021-06-11 10:06:11,28016.6,0
2021-06-11 10:06:14,28020.1,0
2021-06-11 10:06:15,28019.95,0
2021-06-11 10:06:16,28018.4,0
2021-06-11 10:06:17,28019.4,0
2021-06-11 10:06:18,28019.0,0
2021-06-11 10:06:20,28017.85,0
2021-06-11 10:06:22,28019.3,0
2021-06-11 10:06:24,28018.25,0
2021-06-11 10:06:25,28018.8,0
2021-06-11 10:06:26,28016.2,0
2021-06-11 10:06:27,28018.65,0
2021-06-11 10:06:28,28018.15,0
2021-06-11 10:06:29,28017.3,0
2021-06-11 10:06:30,28015.55,0
2021-06-11 10:06:31,28018.1,0
2021-06-11 10:06:32,28017.35,0
2021-06-11 10:06:33,28016.85,0
2021-06-11 10:06:34,28015.45,0
2021-06-11 10:06:35,28014.8,0
2021-06-11 10:06:36,28015.7,0
2021-06-11 10:06:37,28015.05,0
2021-06-11 10:06:38,28015.55,0
2021-06-11 10:06:39,28015.3,0
2021-06-11 10:06:40,28017.1,0
2021-06-11 10:06:41,28014.1,0
2021-06-11 10:06:42,28013.7,0
2021-06-11 10:06:43,28013.6,0
2021-06-11 10:06:44,28013.65,0
2021-06-11 10:06:45,28015.6,0
2021-06-11 10:06:47,28015.8,0
2021-06-11 10:06:48,28017.05,0
2021-06-11 10:06:49,28015.55,0
2021-06-11 10:06:50,28015.35,0
2021-06-11 10:06:52,28017.65,0
2021-06-11 10:06:54,28022.65,0
2021-06-11 10:06:55,28021.2,0
2021-06-11 10:06:56,28021.05,0
2021-06-11 10:06:57,28020.6,0
2021-06-11 10:06:58,28022.0,0
2021-06-11 10:06:59,28023.25,0
2021-06-11 10:07:00,28026.65,0
2021-06-11 10:07:02,28026.0,0
2021-06-11 10:07:03,28028.7,0
2021-06-11 10:07:04,28029.7,0
2021-06-11 10:07:06,28022.6,0
2021-06-11 10:07:07,28023.15,0
2021-06-11 10:07:08,28025.45,0
2021-06-11 10:07:09,28025.6,0
2021-06-11 10:07:10,28024.7,0
2021-06-11 10:07:11,28024.55,0
2021-06-11 10:07:13,28026.25,0
2021-06-11 10:07:14,28029.55,0
2021-06-11 10:07:15,28027.35,0
2021-06-11 10:07:16,28028.6,0
2021-06-11 10:07:17,28027.95,0
2021-06-11 10:07:18,28030.9,0
2021-06-11 10:07:19,28031.0,0
2021-06-11 10:07:20,28031.65,0
2021-06-11 10:07:21,28031.0,0
2021-06-11 10:07:22,28029.95,0
2021-06-11 10:07:23,28032.55,0
2021-06-11 10:07:24,28030.0,0
2021-06-11 10:07:26,28028.85,0
2021-06-11 10:07:27,28026.15,0
2021-06-11 10:07:28,28026.45,0
2021-06-11 10:07:29,28030.1,0
2021-06-11 10:07:30,28030.15,0
2021-06-11 10:07:31,28029.65,0
2021-06-11 10:07:32,28031.65,0
2021-06-11 10:07:34,28029.95,0
2021-06-11 10:07:35,28028.5,0
2021-06-11 10:07:36,28029.8,0
2021-06-11 10:07:37,28024.35,0
2021-06-11 10:07:38,28027.75,0
2021-06-11 10:07:39,28026.1,0
2021-06-11 10:07:40,28024.4,0
2021-06-11 10:07:41,28024.4,0
2021-06-11 10:07:43,28026.75,0
2021-06-11 10:07:44,28025.75,0
2021-06-11 10:07:45,28025.35,0
2021-06-11 10:07:46,28026.8,0
2021-06-11 10:07:47,28030.05,0
2021-06-11 10:07:48,28028.0,0
2021-06-11 10:07:49,28027.7,0
2021-06-11 10:07:50,28030.85,0
2021-06-11 10:07:51,28029.3,0
2021-06-11 10:07:52,28028.3,0
2021-06-11 10:07:53,28026.6,0
2021-06-11 10:07:54,28026.5,0
2021-06-11 10:07:55,28029.35,0
2021-06-11 10:07:56,28031.4,0
2021-06-11 10:07:57,28031.3,0
2021-06-11 10:07:58,28033.05,0
2021-06-11 10:07:59,28031.7,0
2021-06-11 10:08:00,28030.9,0
2021-06-11 10:08:01,28031.75,0
2021-06-11 10:08:02,28030.6,0
2021-06-11 10:08:03,28030.15,0
2021-06-11 10:08:04,28028.8,0
2021-06-11 10:08:05,28030.9,0
2021-06-11 10:08:06,28032.2,0
2021-06-11 10:08:07,28034.2,0
2021-06-11 10:08:08,28036.35,0
2021-06-11 10:08:09,28037.25,0
2021-06-11 10:08:10,28036.55,0
2021-06-11 10:08:11,28035.55,0
2021-06-11 10:08:12,28037.15,0
2021-06-11 10:08:13,28038.0,0
2021-06-11 10:08:15,28039.0,0
2021-06-11 10:08:16,28039.25,0
2021-06-11 10:08:18,28035.55,0
2021-06-11 10:08:19,28034.8,0
2021-06-11 10:08:20,28034.05,0
2021-06-11 10:08:21,28033.75,0
2021-06-11 10:08:22,28034.15,0
2021-06-11 10:08:23,28032.8,0
2021-06-11 10:08:24,28033.1,0
2021-06-11 10:08:25,28035.25,0
2021-06-11 10:08:26,28036.5,0
2021-06-11 10:08:27,28034.85,0
2021-06-11 10:08:28,28034.45,0
2021-06-11 10:08:29,28035.7,0
2021-06-11 10:08:30,28036.05,0
2021-06-11 10:08:31,28035.1,0
2021-06-11 10:08:32,28037.95,0
2021-06-11 10:08:33,28035.2,0
2021-06-11 10:08:34,28036.4,0
2021-06-11 10:08:35,28037.85,0
2021-06-11 10:08:36,28038.1,0
2021-06-11 10:08:37,28034.95,0
2021-06-11 10:08:38,28034.5,0
2021-06-11 10:08:39,28035.65,0
2021-06-11 10:08:40,28037.9,0
2021-06-11 10:08:41,28037.2,0
2021-06-11 10:08:42,28035.1,0
2021-06-11 10:08:43,28035.15,0
2021-06-11 10:08:44,28036.3,0
2021-06-11 10:08:45,28037.0,0
2021-06-11 10:08:46,28034.1,0
2021-06-11 10:08:47,28036.1,0
2021-06-11 10:08:48,28036.15,0
2021-06-11 10:08:49,28034.15,0
2021-06-11 10:08:50,28035.75,0
2021-06-11 10:08:51,28035.8,0
2021-06-11 10:08:52,28035.85,0
2021-06-11 10:08:53,28033.6,0
2021-06-11 10:08:54,28033.95,0
2021-06-11 10:08:55,28034.55,0
2021-06-11 10:08:57,28034.25,0
2021-06-11 10:08:58,28034.05,0
2021-06-11 10:08:59,28033.2,0
2021-06-11 10:09:00,28032.95,0
2021-06-11 10:09:01,28030.85,0
2021-06-11 10:09:02,28033.0,0
2021-06-11 10:09:03,28031.65,0
2021-06-11 10:09:04,28034.35,0
2021-06-11 10:09:05,28034.45,0
2021-06-11 10:09:06,28036.4,0
2021-06-11 10:09:07,28035.4,0
2021-06-11 10:09:08,28034.0,0
2021-06-11 10:09:09,28035.4,0
2021-06-11 10:09:10,28032.95,0
2021-06-11 10:09:11,28033.6,0
2021-06-11 10:09:12,28031.7,0
2021-06-11 10:09:13,28032.9,0
2021-06-11 10:09:15,28028.65,0
2021-06-11 10:09:16,28028.05,0
2021-06-11 10:09:17,28029.8,0
2021-06-11 10:09:18,28030.9,0
2021-06-11 10:09:19,28028.6,0
2021-06-11 10:09:20,28029.4,0
2021-06-11 10:09:21,28028.1,0
2021-06-11 10:09:22,28026.6,0
2021-06-11 10:09:23,28025.6,0
2021-06-11 10:09:24,28022.2,0
2021-06-11 10:09:25,28023.3,0
2021-06-11 10:09:26,28021.5,0
2021-06-11 10:09:27,28020.1,0
2021-06-11 10:09:28,28021.4,0
2021-06-11 10:09:30,28021.35,0
2021-06-11 10:09:31,28023.95,0
2021-06-11 10:09:32,28024.85,0
2021-06-11 10:09:33,28025.7,0
2021-06-11 10:09:34,28022.5,0
2021-06-11 10:09:35,28023.8,0
2021-06-11 10:09:36,28023.65,0
2021-06-11 10:09:38,28023.65,0
2021-06-11 10:09:39,28024.1,0
2021-06-11 10:09:41,28020.75,0
2021-06-11 10:09:42,28024.45,0
2021-06-11 10:09:43,28020.85,0
2021-06-11 10:09:44,28019.55,0
2021-06-11 10:09:45,28018.15,0
2021-06-11 10:09:46,28019.75,0
2021-06-11 10:09:47,28022.15,0
2021-06-11 10:09:48,28020.35,0
2021-06-11 10:09:49,28020.5,0
2021-06-11 10:09:50,28021.85,0
2021-06-11 10:09:51,28022.6,0
2021-06-11 10:09:52,28024.25,0
2021-06-11 10:09:53,28026.95,0
2021-06-11 10:09:54,28031.3,0
2021-06-11 10:09:55,28031.45,0
2021-06-11 10:09:56,28030.7,0
2021-06-11 10:09:57,28030.55,0
2021-06-11 10:09:58,28031.35,0
2021-06-11 10:09:59,28033.9,0
2021-06-11 10:10:00,28031.6,0
2021-06-11 10:10:01,28031.1,0
2021-06-11 10:10:03,28033.2,0
2021-06-11 10:10:04,28030.75,0
2021-06-11 10:10:05,28031.6,0
2021-06-11 10:10:06,28030.25,0
2021-06-11 10:10:07,28033.35,0
2021-06-11 10:10:08,28032.6,0
2021-06-11 10:10:09,28031.45,0
2021-06-11 10:10:10,28028.75,0
2021-06-11 10:10:11,28032.35,0
2021-06-11 10:10:12,28032.1,0
2021-06-11 10:10:13,28031.2,0
2021-06-11 10:10:14,28031.8,0
2021-06-11 10:10:15,28027.8,0
2021-06-11 10:10:16,28029.85,0
2021-06-11 10:10:17,28031.15,0
2021-06-11 10:10:18,28031.95,0
2021-06-11 10:10:20,28032.25,0
2021-06-11 10:10:21,28030.55,0
2021-06-11 10:10:22,28032.3,0
2021-06-11 10:10:24,28032.8,0
2021-06-11 10:10:27,28032.8,0
2021-06-11 10:10:28,28035.85,0
2021-06-11 10:10:29,28031.8,0
2021-06-11 10:10:31,28031.6,0
2021-06-11 10:10:32,28036.2,0
2021-06-11 10:10:33,28035.15,0
2021-06-11 10:10:34,28034.1,0
2021-06-11 10:10:35,28033.6,0
2021-06-11 10:10:36,28034.8,0
2021-06-11 10:10:37,28035.55,0
2021-06-11 10:10:38,28036.15,0
2021-06-11 10:10:39,28035.65,0
2021-06-11 10:10:40,28035.85,0
2021-06-11 10:10:41,28037.4,0
2021-06-11 10:10:42,28033.45,0
2021-06-11 10:10:43,28031.15,0
2021-06-11 10:10:44,28030.55,0
2021-06-11 10:10:45,28026.55,0
2021-06-11 10:10:46,28028.15,0
2021-06-11 10:10:47,28027.0,0
2021-06-11 10:10:48,28026.15,0
2021-06-11 10:10:49,28028.0,0
2021-06-11 10:10:50,28028.2,0
2021-06-11 10:10:51,28029.75,0
2021-06-11 10:10:52,28027.7,0
2021-06-11 10:10:53,28029.2,0
2021-06-11 10:10:54,28029.1,0
2021-06-11 10:10:55,28027.25,0
2021-06-11 10:10:56,28028.05,0
2021-06-11 10:10:57,28029.4,0
2021-06-11 10:10:58,28030.2,0
2021-06-11 10:10:59,28027.5,0
2021-06-11 10:11:00,28029.55,0
2021-06-11 10:11:01,28026.25,0
2021-06-11 10:11:02,28026.6,0
2021-06-11 10:11:03,28027.75,0
2021-06-11 10:11:04,28030.15,0
2021-06-11 10:11:05,28030.05,0
2021-06-11 10:11:06,28030.35,0
2021-06-11 10:11:07,28028.9,0
2021-06-11 10:11:08,28029.5,0
2021-06-11 10:11:09,28028.55,0
2021-06-11 10:11:10,28028.15,0
2021-06-11 10:11:11,28028.15,0
2021-06-11 10:11:12,28028.25,0
2021-06-11 10:11:13,28032.3,0
2021-06-11 10:11:14,28029.1,0
2021-06-11 10:11:15,28031.2,0
2021-06-11 10:11:16,28031.8,0
2021-06-11 10:11:17,28032.7,0
2021-06-11 10:11:18,28030.4,0
2021-06-11 10:11:19,28031.45,0
2021-06-11 10:11:20,28028.5,0
2021-06-11 10:11:21,28030.2,0
2021-06-11 10:11:22,28031.7,0
2021-06-11 10:11:23,28031.5,0
2021-06-11 10:11:24,28031.7,0
2021-06-11 10:11:25,28030.3,0
2021-06-11 10:11:26,28031.5,0
2021-06-11 10:11:27,28030.25,0
2021-06-11 10:11:28,28034.2,0
2021-06-11 10:11:29,28032.45,0
2021-06-11 10:11:30,28032.75,0
2021-06-11 10:11:31,28033.4,0
2021-06-11 10:11:32,28034.1,0
2021-06-11 10:11:33,28035.15,0
2021-06-11 10:11:34,28034.4,0
2021-06-11 10:11:35,28035.2,0
2021-06-11 10:11:36,28037.35,0
2021-06-11 10:11:37,28037.95,0
2021-06-11 10:11:38,28038.25,0
2021-06-11 10:11:39,28039.55,0
2021-06-11 10:11:40,28039.9,0
2021-06-11 10:11:41,28037.25,0
2021-06-11 10:11:42,28037.2,0
2021-06-11 10:11:43,28035.85,0
2021-06-11 10:11:44,28037.95,0
2021-06-11 10:11:45,28038.3,0
2021-06-11 10:11:46,28038.25,0
2021-06-11 10:11:47,28041.5,0
2021-06-11 10:11:48,28040.4,0
2021-06-11 10:11:49,28041.65,0
2021-06-11 10:11:50,28039.35,0
2021-06-11 10:11:51,28039.3,0
2021-06-11 10:11:52,28041.45,0
2021-06-11 10:11:53,28041.35,0
2021-06-11 10:11:54,28041.4,0
2021-06-11 10:11:55,28041.6,0
2021-06-11 10:11:56,28039.3,0
2021-06-11 10:11:57,28039.25,0
2021-06-11 10:11:58,28039.55,0
2021-06-11 10:12:00,28038.05,0
2021-06-11 10:12:01,28037.35,0
2021-06-11 10:12:02,28034.75,0
2021-06-11 10:12:03,28037.5,0
2021-06-11 10:12:04,28039.2,0
2021-06-11 10:12:05,28038.05,0
2021-06-11 10:12:06,28038.85,0
2021-06-11 10:12:07,28038.0,0
2021-06-11 10:12:08,28036.3,0
2021-06-11 10:12:09,28039.4,0
2021-06-11 10:12:10,28040.4,0
2021-06-11 10:12:11,28040.2,0
2021-06-11 10:12:12,28041.9,0
2021-06-11 10:12:13,28041.05,0
2021-06-11 10:12:14,28040.7,0
2021-06-11 10:12:15,28038.95,0
2021-06-11 10:12:16,28042.85,0
2021-06-11 10:12:17,28041.65,0
2021-06-11 10:12:18,28044.35,0
2021-06-11 10:12:19,28042.85,0
2021-06-11 10:12:20,28043.05,0
2021-06-11 10:12:21,28042.5,0
2021-06-11 10:12:22,28041.45,0
2021-06-11 10:12:23,28040.95,0
2021-06-11 10:12:24,28044.8,0
2021-06-11 10:12:25,28041.95,0
2021-06-11 10:12:26,28043.75,0
2021-06-11 10:12:28,28042.4,0
2021-06-11 10:12:29,28040.65,0
2021-06-11 10:12:32,28042.8,0
2021-06-11 10:12:33,28043.0,0
2021-06-11 10:12:34,28038.75,0
2021-06-11 10:12:35,28039.75,0
2021-06-11 10:12:37,28038.0,0
2021-06-11 10:12:38,28039.35,0
2021-06-11 10:12:39,28040.65,0
2021-06-11 10:12:40,28042.0,0
2021-06-11 10:12:41,28038.55,0
2021-06-11 10:12:42,28039.35,0
2021-06-11 10:12:43,28038.9,0
2021-06-11 10:12:44,28038.85,0
2021-06-11 10:12:45,28038.75,0
2021-06-11 10:12:46,28037.35,0
2021-06-11 10:12:47,28038.6,0
2021-06-11 10:12:48,28040.45,0
2021-06-11 10:12:49,28040.25,0
2021-06-11 10:12:51,28038.75,0
2021-06-11 10:12:52,28038.7,0
2021-06-11 10:12:53,28039.75,0
2021-06-11 10:12:54,28037.75,0
2021-06-11 10:12:55,28040.4,0
2021-06-11 10:12:56,28041.0,0
2021-06-11 10:12:57,28039.3,0
2021-06-11 10:12:58,28037.9,0
2021-06-11 10:12:59,28037.5,0
2021-06-11 10:13:00,28038.95,0
2021-06-11 10:13:01,28040.4,0
2021-06-11 10:13:02,28039.9,0
2021-06-11 10:13:03,28041.3,0
2021-06-11 10:13:04,28039.8,0
2021-06-11 10:13:05,28042.55,0
2021-06-11 10:13:06,28042.5,0
2021-06-11 10:13:07,28043.0,0
2021-06-11 10:13:08,28040.75,0
2021-06-11 10:13:09,28039.1,0
2021-06-11 10:13:10,28040.15,0
2021-06-11 10:13:11,28041.0,0
2021-06-11 10:13:13,28040.8,0
2021-06-11 10:13:14,28044.95,0
2021-06-11 10:13:15,28043.6,0
2021-06-11 10:13:16,28045.0,0
2021-06-11 10:13:17,28045.6,0
2021-06-11 10:13:18,28043.9,0
2021-06-11 10:13:19,28044.1,0
2021-06-11 10:13:20,28042.15,0
2021-06-11 10:13:21,28040.6,0
2021-06-11 10:13:22,28041.1,0
2021-06-11 10:13:23,28040.65,0
2021-06-11 10:13:24,28042.45,0
2021-06-11 10:13:25,28044.55,0
2021-06-11 10:13:26,28044.4,0
2021-06-11 10:13:27,28043.35,0
2021-06-11 10:13:29,28041.5,0
2021-06-11 10:13:30,28042.0,0
2021-06-11 10:13:31,28042.35,0
2021-06-11 10:13:32,28047.35,0
2021-06-11 10:13:33,28045.95,0
2021-06-11 10:13:35,28047.05,0
2021-06-11 10:13:36,28047.0,0
2021-06-11 10:13:37,28046.45,0
2021-06-11 10:13:38,28045.6,0
2021-06-11 10:13:39,28044.9,0
2021-06-11 10:13:40,28041.75,0
2021-06-11 10:13:41,28042.35,0
2021-06-11 10:13:42,28044.4,0
2021-06-11 10:13:43,28044.4,0
2021-06-11 10:13:44,28038.6,0
2021-06-11 10:13:45,28039.35,0
2021-06-11 10:13:46,28039.8,0
2021-06-11 10:13:47,28038.75,0
2021-06-11 10:13:48,28036.75,0
2021-06-11 10:13:49,28036.35,0
2021-06-11 10:13:50,28038.35,0
2021-06-11 10:13:51,28036.15,0
2021-06-11 10:13:52,28038.15,0
2021-06-11 10:13:53,28037.6,0
2021-06-11 10:13:54,28036.25,0
2021-06-11 10:13:55,28037.75,0
2021-06-11 10:13:56,28035.35,0
2021-06-11 10:13:57,28036.1,0
2021-06-11 10:13:58,28036.75,0
2021-06-11 10:13:59,28036.85,0
2021-06-11 10:14:00,28036.95,0
2021-06-11 10:14:01,28036.15,0
2021-06-11 10:14:02,28039.1,0
2021-06-11 10:14:04,28043.25,0
2021-06-11 10:14:06,28043.9,0
2021-06-11 10:14:07,28044.35,0
2021-06-11 10:14:08,28046.3,0
2021-06-11 10:14:09,28045.4,0
2021-06-11 10:14:10,28043.55,0
2021-06-11 10:14:11,28044.3,0
2021-06-11 10:14:12,28045.35,0
2021-06-11 10:14:14,28047.1,0
2021-06-11 10:14:15,28045.25,0
2021-06-11 10:14:16,28043.3,0
2021-06-11 10:14:17,28045.35,0
2021-06-11 10:14:19,28048.55,0
2021-06-11 10:14:20,28044.7,0
2021-06-11 10:14:21,28042.7,0
2021-06-11 10:14:22,28043.15,0
2021-06-11 10:14:23,28041.35,0
2021-06-11 10:14:24,28040.7,0
2021-06-11 10:14:25,28039.45,0
2021-06-11 10:14:26,28039.95,0
2021-06-11 10:14:27,28039.3,0
2021-06-11 10:14:28,28040.35,0
2021-06-11 10:14:29,28040.15,0
2021-06-11 10:14:30,28042.4,0
2021-06-11 10:14:31,28039.6,0
2021-06-11 10:14:32,28042.2,0
2021-06-11 10:14:33,28041.0,0
2021-06-11 10:14:34,28040.5,0
2021-06-11 10:14:39,28037.45,0
2021-06-11 10:14:44,28035.8,0
2021-06-11 10:14:45,28035.7,0
2021-06-11 10:14:46,28037.05,0
2021-06-11 10:14:47,28035.8,0
2021-06-11 10:14:48,28035.6,0
2021-06-11 10:14:49,28034.95,0
2021-06-11 10:14:50,28035.55,0
2021-06-11 10:14:51,28035.6,0
2021-06-11 10:14:52,28036.3,0
2021-06-11 10:14:53,28035.45,0
2021-06-11 10:14:54,28035.65,0
2021-06-11 10:14:55,28034.2,0
2021-06-11 10:14:56,28034.1,0
2021-06-11 10:14:57,28036.0,0
2021-06-11 10:14:58,28032.55,0
2021-06-11 10:14:59,28032.35,0
2021-06-11 10:15:01,28032.45,0
2021-06-11 10:15:02,28031.7,0
2021-06-11 10:15:03,28031.15,0
2021-06-11 10:15:04,28029.9,0
2021-06-11 10:15:05,28030.8,0
2021-06-11 10:15:06,28028.6,0
2021-06-11 10:15:07,28030.6,0
2021-06-11 10:15:08,28029.05,0
2021-06-11 10:15:09,28028.35,0
2021-06-11 10:15:10,28028.8,0
2021-06-11 10:15:12,28027.55,0
2021-06-11 10:15:13,28029.85,0
2021-06-11 10:15:14,28021.9,0
2021-06-11 10:15:15,28025.4,0
2021-06-11 10:15:16,28025.2,0
2021-06-11 10:15:17,28026.45,0
2021-06-11 10:15:18,28025.8,0
2021-06-11 10:15:19,28026.7,0
2021-06-11 10:15:20,28025.45,0
2021-06-11 10:15:21,28026.55,0
2021-06-11 10:15:22,28026.25,0
2021-06-11 10:15:23,28026.35,0
2021-06-11 10:15:24,28026.8,0
2021-06-11 10:15:25,28023.95,0
2021-06-11 10:15:26,28024.15,0
2021-06-11 10:15:27,28021.05,0
2021-06-11 10:15:28,28023.15,0
2021-06-11 10:15:29,28023.1,0
2021-06-11 10:15:30,28022.85,0
2021-06-11 10:15:31,28022.75,0
2021-06-11 10:15:32,28022.85,0
2021-06-11 10:15:34,28020.7,0
2021-06-11 10:15:35,28020.8,0
2021-06-11 10:15:36,28021.55,0
2021-06-11 10:15:37,28020.65,0
2021-06-11 10:15:38,28019.35,0
2021-06-11 10:15:39,28020.5,0
2021-06-11 10:15:40,28020.15,0
2021-06-11 10:15:41,28019.3,0
2021-06-11 10:15:42,28016.9,0
2021-06-11 10:15:43,28018.25,0
2021-06-11 10:15:44,28015.9,0
2021-06-11 10:15:45,28014.9,0
2021-06-11 10:15:46,28016.7,0
2021-06-11 10:15:47,28016.55,0
2021-06-11 10:15:48,28017.35,0
2021-06-11 10:15:49,28018.6,0
2021-06-11 10:15:51,28015.85,0
2021-06-11 10:15:52,28016.8,0
2021-06-11 10:15:53,28014.65,0
2021-06-11 10:15:54,28017.15,0
2021-06-11 10:15:55,28016.3,0
2021-06-11 10:15:56,28017.45,0
2021-06-11 10:15:57,28020.25,0
2021-06-11 10:15:59,28019.75,0
2021-06-11 10:16:00,28019.2,0
2021-06-11 10:16:01,28020.45,0
2021-06-11 10:16:02,28021.8,0
2021-06-11 10:16:03,28018.75,0
2021-06-11 10:16:04,28019.6,0
2021-06-11 10:16:05,28020.05,0
2021-06-11 10:16:06,28021.75,0
2021-06-11 10:16:07,28022.3,0
2021-06-11 10:16:08,28023.85,0
2021-06-11 10:16:09,28023.05,0
2021-06-11 10:16:10,28022.3,0
2021-06-11 10:16:11,28022.65,0
2021-06-11 10:16:12,28021.25,0
2021-06-11 10:16:13,28020.7,0
2021-06-11 10:16:14,28017.9,0
2021-06-11 10:16:15,28023.4,0
2021-06-11 10:16:16,28024.0,0
2021-06-11 10:16:17,28021.6,0
2021-06-11 10:16:18,28020.5,0
2021-06-11 10:16:21,28024.7,0
2021-06-11 10:16:22,28022.6,0
2021-06-11 10:16:23,28022.25,0
2021-06-11 10:16:24,28023.2,0
2021-06-11 10:16:25,28022.6,0
2021-06-11 10:16:26,28022.2,0
2021-06-11 10:16:27,28023.6,0
2021-06-11 10:16:28,28021.75,0
2021-06-11 10:16:29,28021.3,0
2021-06-11 10:16:30,28021.85,0
2021-06-11 10:16:31,28024.4,0
2021-06-11 10:16:32,28025.35,0
2021-06-11 10:16:33,28024.45,0
2021-06-11 10:16:34,28022.9,0
2021-06-11 10:16:35,28023.75,0
2021-06-11 10:16:37,28025.7,0
2021-06-11 10:16:38,28025.05,0
2021-06-11 10:16:39,28025.1,0
2021-06-11 10:16:40,28020.9,0
2021-06-11 10:16:41,28022.6,0
2021-06-11 10:16:42,28023.5,0
2021-06-11 10:16:44,28025.0,0
2021-06-11 10:16:45,28026.8,0
2021-06-11 10:16:46,28028.4,0
2021-06-11 10:16:47,28029.15,0
2021-06-11 10:16:49,28028.9,0
2021-06-11 10:16:50,28028.2,0
2021-06-11 10:16:51,28029.9,0
2021-06-11 10:16:52,28031.7,0
2021-06-11 10:16:53,28031.9,0
2021-06-11 10:16:54,28031.65,0
2021-06-11 10:16:55,28032.1,0
2021-06-11 10:16:57,28033.25,0
2021-06-11 10:16:58,28032.5,0
2021-06-11 10:16:59,28032.95,0
2021-06-11 10:17:00,28031.55,0
2021-06-11 10:17:01,28028.3,0
2021-06-11 10:17:02,28029.4,0
2021-06-11 10:17:03,28031.7,0
2021-06-11 10:17:04,28030.45,0
2021-06-11 10:17:05,28033.45,0
2021-06-11 10:17:06,28032.45,0
2021-06-11 10:17:07,28032.55,0
2021-06-11 10:17:09,28031.7,0
2021-06-11 10:17:10,28029.7,0
2021-06-11 10:17:12,28029.3,0
2021-06-11 10:17:13,28028.0,0
2021-06-11 10:17:14,28028.25,0
2021-06-11 10:17:15,28029.1,0
2021-06-11 10:17:16,28029.3,0
2021-06-11 10:17:17,28026.3,0
2021-06-11 10:17:18,28027.75,0
2021-06-11 10:17:19,28027.6,0
2021-06-11 10:17:20,28027.75,0
2021-06-11 10:17:21,28028.7,0
2021-06-11 10:17:22,28029.4,0
2021-06-11 10:17:23,28032.6,0
2021-06-11 10:17:24,28032.85,0
2021-06-11 10:17:25,28032.4,0
2021-06-11 10:17:26,28028.85,0
2021-06-11 10:17:27,28027.3,0
2021-06-11 10:17:28,28029.9,0
2021-06-11 10:17:29,28030.5,0
2021-06-11 10:17:30,28030.4,0
2021-06-11 10:17:31,28032.8,0
2021-06-11 10:17:33,28031.65,0
2021-06-11 10:17:35,28032.8,0
2021-06-11 10:17:36,28034.5,0
2021-06-11 10:17:37,28034.05,0
2021-06-11 10:17:38,28033.6,0
2021-06-11 10:17:39,28034.0,0
2021-06-11 10:17:40,28034.85,0
2021-06-11 10:17:41,28035.45,0
2021-06-11 10:17:42,28032.35,0
2021-06-11 10:17:44,28035.55,0
2021-06-11 10:17:45,28033.45,0
2021-06-11 10:17:46,28033.7,0
2021-06-11 10:17:47,28032.9,0
2021-06-11 10:17:48,28035.9,0
2021-06-11 10:17:49,28035.05,0
2021-06-11 10:17:50,28033.9,0
2021-06-11 10:17:51,28034.3,0
2021-06-11 10:17:52,28035.25,0
2021-06-11 10:17:53,28033.25,0
2021-06-11 10:17:54,28033.1,0
2021-06-11 10:17:55,28035.0,0
2021-06-11 10:17:56,28035.05,0
2021-06-11 10:17:58,28036.2,0
2021-06-11 10:17:59,28036.75,0
2021-06-11 10:18:00,28036.5,0
2021-06-11 10:18:01,28036.0,0
2021-06-11 10:18:02,28037.75,0
