timestamp,ltp,volume
2021-04-27 09:15:21,3755.0,3257
2021-04-27 09:15:26,3755.5,3988
2021-04-27 09:15:31,3759.2,4377
2021-04-27 09:15:41,3754.9,5610
2021-04-27 09:15:47,3751.0,6356
2021-04-27 09:15:56,3753.15,7167
2021-04-27 09:16:01,3752.3,7272
2021-04-27 09:16:05,3751.3,7655
2021-04-27 09:16:10,3749.5,7798
2021-04-27 09:16:14,3746.35,8177
2021-04-27 09:16:19,3742.5,8760
2021-04-27 09:16:23,3746.3,9196
2021-04-27 09:16:28,3745.5,9473
2021-04-27 09:16:32,3752.85,10305
2021-04-27 09:16:37,3750.0,10454
2021-04-27 09:16:46,3752.8,10671
2021-04-27 09:16:50,3751.25,10945
2021-04-27 09:16:55,3751.05,11388
2021-04-27 09:17:00,3752.7,11437
2021-04-27 09:17:04,3751.4,11502
2021-04-27 09:17:08,3752.6,12345
2021-04-27 09:17:13,3754.0,12479
2021-04-27 09:17:17,3755.5,12895
2021-04-27 09:17:26,3759.55,13269
2021-04-27 09:17:31,3759.7,13781
2021-04-27 09:17:35,3757.6,14215
2021-04-27 09:17:39,3762.0,14823
2021-04-27 09:17:44,3759.0,15206
2021-04-27 09:17:48,3761.45,15401
2021-04-27 09:17:53,3759.45,15778
2021-04-27 09:17:57,3768.25,16719
2021-04-27 09:18:01,3766.1,17593
2021-04-27 09:18:06,3763.8,18396
2021-04-27 09:18:10,3763.45,18443
2021-04-27 09:18:14,3762.0,19438
2021-04-27 09:18:19,3760.55,19824
2021-04-27 09:18:23,3761.15,20013
2021-04-27 09:18:27,3763.05,20509
2021-04-27 09:18:32,3763.15,21662
2021-04-27 09:18:36,3763.0,22176
2021-04-27 09:18:45,3760.95,22751
2021-04-27 09:18:49,3760.95,23094
2021-04-27 09:18:58,3761.0,23559
2021-04-27 09:19:02,3762.0,23703
2021-04-27 09:19:10,3761.0,24321
2021-04-27 09:19:15,3761.0,24508
2021-04-27 09:19:19,3760.85,24945
2021-04-27 09:19:23,3761.0,25118
2021-04-27 09:19:43,3760.15,25598
2021-04-27 09:19:47,3761.0,25680
2021-04-27 09:19:51,3757.7,28155
2021-04-27 09:19:55,3759.9,28442
2021-04-27 09:19:59,3759.8,28445
2021-04-27 09:20:08,3759.95,28591
2021-04-27 09:20:11,3757.95,28642
2021-04-27 09:20:15,3757.05,28827
2021-04-27 09:20:20,3760.0,28924
2021-04-27 09:20:24,3759.0,29129
2021-04-27 09:20:28,3760.9,29766
2021-04-27 09:20:32,3760.95,29868
2021-04-27 09:20:36,3761.65,29871
2021-04-27 09:20:40,3759.85,30297
2021-04-27 09:20:44,3762.0,30917
2021-04-27 09:20:48,3762.0,31157
2021-04-27 09:20:52,3759.9,31239
2021-04-27 09:20:56,3760.2,31307
2021-04-27 09:20:59,3760.2,31307
2021-04-27 09:21:03,3761.35,33025
2021-04-27 09:21:07,3759.35,33095
2021-04-27 09:21:11,3759.6,33162
2021-04-27 09:21:13,3759.1,33201
2021-04-27 09:21:15,3760.2,33226
2021-04-27 09:21:16,3760.2,33226
2021-04-27 09:21:17,3759.0,34361
2021-04-27 09:21:18,3759.0,34361
2021-04-27 09:21:19,3759.1,34362
2021-04-27 09:21:20,3759.1,34362
2021-04-27 09:21:21,3759.1,34370
2021-04-27 09:21:23,3759.1,34370
2021-04-27 09:21:24,3759.1,34370
2021-04-27 09:21:25,3759.1,34370
2021-04-27 09:21:27,3759.3,34445
2021-04-27 09:21:28,3759.3,34445
2021-04-27 09:21:29,3759.9,34455
2021-04-27 09:21:29,3759.9,34455
2021-04-27 09:21:30,3759.9,34465
2021-04-27 09:21:32,3759.1,34470
2021-04-27 09:21:33,3759.3,34474
2021-04-27 09:21:34,3759.1,34484
2021-04-27 09:21:35,3759.3,34485
2021-04-27 09:21:36,3759.1,34508
2021-04-27 09:21:38,3759.0,34531
2021-04-27 09:21:39,3759.0,34581
2021-04-27 09:21:40,3759.0,34584
2021-04-27 09:21:41,3759.0,34585
2021-04-27 09:21:42,3759.0,34585
2021-04-27 09:21:43,3757.5,34716
2021-04-27 09:21:43,3758.2,34723
2021-04-27 09:21:45,3757.5,34724
2021-04-27 09:21:45,3757.5,34724
2021-04-27 09:21:46,3758.15,34725
2021-04-27 09:21:47,3758.15,34725
2021-04-27 09:21:48,3756.5,34735
2021-04-27 09:21:49,3756.35,34741
2021-04-27 09:21:50,3756.35,34741
2021-04-27 09:21:52,3756.0,34743
2021-04-27 09:21:53,3756.0,34763
2021-04-27 09:21:53,3756.0,34764
2021-04-27 09:21:54,3756.0,34764
2021-04-27 09:21:55,3756.0,34767
2021-04-27 09:21:56,3756.0,34777
2021-04-27 09:21:57,3756.0,34777
2021-04-27 09:21:58,3754.0,35339
2021-04-27 09:21:59,3754.0,35365
2021-04-27 09:22:00,3754.75,35376
2021-04-27 09:22:01,3754.75,35376
2021-04-27 09:22:03,3752.85,35386
2021-04-27 09:22:04,3752.85,35386
2021-04-27 09:22:05,3754.75,35389
2021-04-27 09:22:06,3752.9,35393
2021-04-27 09:22:06,3754.6,35439
2021-04-27 09:22:07,3754.6,35439
2021-04-27 09:22:08,3752.45,35489
2021-04-27 09:22:09,3753.95,35500
2021-04-27 09:22:10,3752.0,35585
2021-04-27 09:22:11,3753.95,35588
2021-04-27 09:22:12,3753.95,35588
2021-04-27 09:22:13,3753.95,35588
2021-04-27 09:22:16,3752.0,35643
2021-04-27 09:22:17,3752.0,35645
2021-04-27 09:22:18,3752.0,35765
2021-04-27 09:22:18,3752.0,35745
2021-04-27 09:22:19,3752.7,35894
2021-04-27 09:22:20,3754.05,35904
2021-04-27 09:22:21,3754.05,35904
2021-04-27 09:22:22,3754.05,35904
2021-04-27 09:22:23,3754.0,35939
2021-04-27 09:22:24,3754.5,36029
2021-04-27 09:22:25,3754.5,36132
2021-04-27 09:22:26,3752.85,36166
2021-04-27 09:22:27,3752.85,36166
2021-04-27 09:22:28,3750.55,36424
2021-04-27 09:22:29,3750.55,36424
2021-04-27 09:22:30,3751.7,36444
2021-04-27 09:22:31,3754.5,36485
2021-04-27 09:22:32,3755.55,36690
2021-04-27 09:22:33,3756.4,36810
2021-04-27 09:22:34,3754.05,36910
2021-04-27 09:22:36,3753.95,36915
2021-04-27 09:22:37,3755.0,36916
2021-04-27 09:22:38,3755.0,36916
2021-04-27 09:22:39,3756.4,37016
2021-04-27 09:22:40,3754.15,37021
2021-04-27 09:22:41,3754.15,37021
2021-04-27 09:22:42,3755.95,37031
2021-04-27 09:22:44,3756.0,37077
2021-04-27 09:22:45,3756.4,37153
2021-04-27 09:22:46,3756.4,37153
2021-04-27 09:22:47,3757.0,37159
2021-04-27 09:22:48,3757.0,37159
2021-04-27 09:22:49,3757.0,37159
2021-04-27 09:22:50,3754.9,37162
2021-04-27 09:22:51,3754.9,37162
2021-04-27 09:22:52,3754.9,37162
2021-04-27 09:22:53,3755.55,37182
2021-04-27 09:22:54,3755.55,37182
2021-04-27 09:22:55,3755.55,37182
2021-04-27 09:22:56,3754.6,37282
2021-04-27 09:22:57,3755.4,37283
2021-04-27 09:22:58,3755.4,37283
2021-04-27 09:22:59,3755.4,37283
2021-04-27 09:23:00,3754.45,37383
2021-04-27 09:23:01,3754.45,37383
2021-04-27 09:23:02,3754.45,37383
2021-04-27 09:23:03,3754.45,37383
2021-04-27 09:23:03,3756.35,37399
2021-04-27 09:23:04,3754.0,37431
2021-04-27 09:23:09,3754.0,37431
2021-04-27 09:23:10,3754.0,37431
2021-04-27 09:23:11,3754.0,37456
2021-04-27 09:23:12,3754.5,37476
2021-04-27 09:23:13,3754.5,37476
2021-04-27 09:23:14,3756.25,37630
2021-04-27 09:23:15,3756.25,37630
2021-04-27 09:23:16,3754.15,37635
2021-04-27 09:23:18,3754.0,37709
2021-04-27 09:23:18,3754.0,37709
2021-04-27 09:23:19,3754.0,37719
2021-04-27 09:23:20,3752.0,37919
2021-04-27 09:23:21,3755.3,37961
2021-04-27 09:23:22,3755.3,37961
2021-04-27 09:23:23,3756.65,38061
2021-04-27 09:23:24,3754.55,38089
2021-04-27 09:23:25,3756.25,38090
2021-04-27 09:23:26,3754.6,38196
2021-04-27 09:23:27,3755.7,38201
2021-04-27 09:23:29,3755.7,38201
2021-04-27 09:23:29,3754.85,38202
2021-04-27 09:23:30,3754.85,38202
2021-04-27 09:23:31,3754.85,38202
2021-04-27 09:23:32,3754.85,38202
2021-04-27 09:23:33,3754.85,38239
2021-04-27 09:23:34,3754.85,38239
2021-04-27 09:23:35,3754.85,38239
2021-04-27 09:23:37,3754.8,38251
2021-04-27 09:23:38,3754.65,38255
2021-04-27 09:23:39,3754.6,38268
2021-04-27 09:23:40,3754.6,38271
2021-04-27 09:23:41,3754.6,38291
2021-04-27 09:23:42,3754.6,38291
2021-04-27 09:23:43,3754.6,38301
2021-04-27 09:23:44,3754.6,38301
2021-04-27 09:23:45,3754.0,38325
2021-04-27 09:23:46,3753.05,38326
2021-04-27 09:23:47,3753.05,38348
2021-04-27 09:23:48,3754.0,38358
2021-04-27 09:23:49,3754.0,38514
2021-04-27 09:23:50,3754.0,38549
2021-04-27 09:23:51,3754.6,39374
2021-04-27 09:23:52,3755.7,39395
2021-04-27 09:23:53,3756.4,39420
2021-04-27 09:23:54,3756.4,39420
2021-04-27 09:23:55,3756.4,39420
2021-04-27 09:23:56,3756.25,39432
2021-04-27 09:23:56,3756.25,39432
2021-04-27 09:23:57,3754.25,39441
2021-04-27 09:23:58,3756.1,39446
2021-04-27 09:23:59,3754.2,39447
2021-04-27 09:24:00,3754.2,39447
2021-04-27 09:24:01,3755.9,39454
2021-04-27 09:24:02,3755.9,39454
2021-04-27 09:24:03,3754.1,39464
2021-04-27 09:24:04,3754.1,39464
2021-04-27 09:24:05,3755.8,39481
2021-04-27 09:24:06,3755.8,39481
2021-04-27 09:24:07,3754.0,39495
2021-04-27 09:24:08,3754.0,39520
2021-04-27 09:24:09,3754.05,39522
2021-04-27 09:24:10,3754.05,39522
2021-04-27 09:24:11,3754.05,39522
2021-04-27 09:24:12,3754.05,39522
2021-04-27 09:24:13,3755.6,39542
2021-04-27 09:24:15,3753.85,39652
2021-04-27 09:24:17,3754.1,39713
2021-04-27 09:24:18,3759.95,40959
2021-04-27 09:24:18,3759.95,40959
2021-04-27 09:24:20,3759.95,40959
2021-04-27 09:24:21,3761.4,41601
2021-04-27 09:24:22,3762.0,41656
2021-04-27 09:24:23,3762.0,41656
2021-04-27 09:24:24,3760.05,41658
2021-04-27 09:24:25,3760.05,41658
2021-04-27 09:24:26,3760.05,41658
2021-04-27 09:24:27,3761.95,41659
2021-04-27 09:24:28,3761.95,41659
2021-04-27 09:24:29,3762.0,41689
2021-04-27 09:24:30,3762.0,41710
2021-04-27 09:24:30,3762.0,41912
2021-04-27 09:24:31,3762.0,41912
2021-04-27 09:24:33,3762.0,41942
2021-04-27 09:24:34,3762.0,41966
2021-04-27 09:24:35,3762.0,41986
2021-04-27 09:24:36,3761.35,42018
2021-04-27 09:24:37,3760.45,42030
2021-04-27 09:24:38,3760.45,42070
2021-04-27 09:24:39,3762.0,42072
2021-04-27 09:24:40,3760.45,42083
2021-04-27 09:24:41,3762.0,42103
2021-04-27 09:24:42,3760.45,42121
2021-04-27 09:24:43,3760.45,42121
2021-04-27 09:24:44,3760.45,42121
2021-04-27 09:24:44,3762.0,42215
2021-04-27 09:24:45,3762.0,42230
2021-04-27 09:24:46,3762.0,42240
2021-04-27 09:24:47,3760.45,42245
2021-04-27 09:24:48,3760.45,42245
2021-04-27 09:24:50,3760.45,42245
2021-04-27 09:24:51,3760.45,42245
2021-04-27 09:24:52,3762.0,42248
2021-04-27 09:24:53,3760.45,42301
2021-04-27 09:24:54,3760.45,42301
2021-04-27 09:24:55,3760.45,42301
2021-04-27 09:24:56,3760.6,43171
2021-04-27 09:24:57,3762.0,43172
2021-04-27 09:24:58,3762.0,43172
2021-04-27 09:25:00,3762.0,43272
2021-04-27 09:25:01,3762.0,43272
2021-04-27 09:25:02,3762.0,43273
2021-04-27 09:25:05,3762.0,43283
2021-04-27 09:25:06,3762.0,43283
2021-04-27 09:25:08,3762.0,43387
2021-04-27 09:25:09,3760.65,43477
2021-04-27 09:25:10,3762.0,43497
2021-04-27 09:25:11,3763.5,44299
2021-04-27 09:25:12,3764.35,44334
2021-04-27 09:25:13,3764.05,44350
2021-04-27 09:25:14,3764.4,44373
2021-04-27 09:25:15,3764.4,44386
2021-04-27 09:25:16,3765.9,45226
2021-04-27 09:25:17,3765.9,45226
2021-04-27 09:25:19,3766.0,45328
2021-04-27 09:25:20,3764.65,45498
2021-04-27 09:25:21,3766.9,45503
2021-04-27 09:25:22,3766.0,45559
2021-04-27 09:25:23,3766.0,45672
2021-04-27 09:25:24,3766.4,45733
2021-04-27 09:25:25,3766.7,45755
2021-04-27 09:25:26,3766.7,45755
2021-04-27 09:25:27,3766.75,45775
2021-04-27 09:25:29,3767.9,45792
2021-04-27 09:25:30,3768.75,46006
2021-04-27 09:25:31,3767.9,46172
2021-04-27 09:25:32,3769.55,46424
2021-04-27 09:25:33,3769.55,46464
2021-04-27 09:25:34,3769.0,46485
2021-04-27 09:25:35,3768.95,46910
2021-04-27 09:25:36,3769.95,46955
2021-04-27 09:25:37,3771.0,48078
2021-04-27 09:25:38,3771.95,48470
2021-04-27 09:25:39,3771.95,48650
2021-04-27 09:25:40,3773.75,48852
2021-04-27 09:25:41,3771.7,48896
2021-04-27 09:25:42,3771.7,49019
2021-04-27 09:25:43,3771.05,49564
2021-04-27 09:25:44,3771.05,49564
2021-04-27 09:25:45,3772.95,50242
2021-04-27 09:25:46,3773.15,50470
2021-04-27 09:25:47,3773.25,50476
2021-04-27 09:25:48,3771.95,50508
2021-04-27 09:25:48,3771.95,50508
2021-04-27 09:25:50,3771.95,50558
2021-04-27 09:25:51,3772.0,50600
2021-04-27 09:25:52,3770.85,50643
2021-04-27 09:25:53,3770.85,50657
2021-04-27 09:25:54,3770.8,50707
2021-04-27 09:25:55,3770.8,50711
2021-04-27 09:25:56,3770.8,50714
2021-04-27 09:25:57,3771.0,50891
2021-04-27 09:25:58,3771.0,50920
2021-04-27 09:25:59,3771.0,51050
2021-04-27 09:26:00,3771.25,51609
2021-04-27 09:26:01,3770.85,51665
2021-04-27 09:26:02,3771.95,51675
2021-04-27 09:26:03,3771.95,51709
2021-04-27 09:26:05,3773.7,51824
2021-04-27 09:26:04,3773.25,51809
2021-04-27 09:26:06,3769.0,52845
2021-04-27 09:26:07,3771.95,52915
2021-04-27 09:26:08,3772.3,52916
2021-04-27 09:26:09,3771.0,53028
2021-04-27 09:26:10,3772.8,53048
2021-04-27 09:26:11,3772.8,53048
2021-04-27 09:26:12,3771.9,53050
2021-04-27 09:26:13,3771.0,53062
2021-04-27 09:26:14,3771.95,53140
2021-04-27 09:26:15,3771.95,53142
2021-04-27 09:26:16,3771.0,53152
2021-04-27 09:26:17,3770.0,53357
2021-04-27 09:26:18,3769.2,53527
2021-04-27 09:26:19,3770.05,53536
2021-04-27 09:26:20,3770.1,53579
2021-04-27 09:26:22,3771.4,53761
2021-04-27 09:26:24,3771.0,53833
2021-04-27 09:26:25,3771.0,53858
2021-04-27 09:26:26,3770.95,53947
2021-04-27 09:26:27,3770.6,53956
2021-04-27 09:26:28,3768.75,53974
2021-04-27 09:26:29,3768.75,53974
2021-04-27 09:26:30,3770.15,54077
2021-04-27 09:26:31,3766.9,54377
2021-04-27 09:26:32,3768.35,54392
2021-04-27 09:26:33,3768.5,54402
2021-04-27 09:26:34,3767.15,54462
2021-04-27 09:26:35,3767.0,54563
2021-04-27 09:26:36,3767.0,54563
2021-04-27 09:26:37,3766.1,54618
2021-04-27 09:26:38,3769.05,54673
2021-04-27 09:26:39,3769.05,54676
2021-04-27 09:26:40,3766.3,54798
2021-04-27 09:26:41,3766.3,54798
2021-04-27 09:26:42,3766.3,54798
2021-04-27 09:26:43,3766.55,54802
2021-04-27 09:26:44,3769.05,54812
2021-04-27 09:26:45,3769.0,54813
2021-04-27 09:26:46,3769.0,54813
2021-04-27 09:26:47,3769.0,54813
2021-04-27 09:26:48,3766.65,55033
2021-04-27 09:26:49,3766.0,55043
2021-04-27 09:26:50,3766.0,55043
2021-04-27 09:26:51,3768.75,55056
2021-04-27 09:26:52,3768.75,55056
2021-04-27 09:26:53,3768.75,55077
2021-04-27 09:26:54,3766.65,55107
2021-04-27 09:26:55,3768.75,55121
2021-04-27 09:26:56,3766.45,55139
2021-04-27 09:26:57,3769.0,55140
2021-04-27 09:26:58,3769.0,55183
2021-04-27 09:26:59,3769.0,55184
2021-04-27 09:27:00,3769.0,55211
2021-04-27 09:27:01,3767.95,55264
2021-04-27 09:27:02,3766.4,55289
2021-04-27 09:27:03,3768.0,55303
2021-04-27 09:27:04,3768.0,55303
2021-04-27 09:27:05,3768.0,55303
2021-04-27 09:27:06,3768.0,55303
2021-04-27 09:27:07,3768.0,55303
2021-04-27 09:27:08,3768.0,55303
2021-04-27 09:27:09,3766.55,55313
2021-04-27 09:27:10,3768.0,55343
2021-04-27 09:27:11,3768.0,55343
2021-04-27 09:27:12,3768.95,55353
2021-04-27 09:27:13,3768.0,55358
2021-04-27 09:27:14,3769.0,55385
2021-04-27 09:27:15,3768.0,55519
2021-04-27 09:27:16,3766.0,55520
2021-04-27 09:27:17,3768.05,55670
2021-04-27 09:27:18,3768.05,55670
2021-04-27 09:27:19,3769.0,55691
2021-04-27 09:27:20,3769.0,55691
2021-04-27 09:27:21,3768.0,55694
2021-04-27 09:27:22,3768.0,55694
2021-04-27 09:27:23,3768.0,56104
2021-04-27 09:27:24,3768.0,56104
2021-04-27 09:27:25,3768.0,56104
2021-04-27 09:27:26,3768.0,56140
2021-04-27 09:27:27,3768.95,56142
2021-04-27 09:27:28,3768.0,56144
2021-04-27 09:27:29,3768.0,56144
2021-04-27 09:27:30,3768.0,56144
2021-04-27 09:27:31,3768.0,56144
2021-04-27 09:27:32,3768.0,56144
2021-04-27 09:27:33,3768.0,56144
2021-04-27 09:27:34,3769.0,56175
2021-04-27 09:27:35,3769.0,56175
2021-04-27 09:27:37,3769.0,56235
2021-04-27 09:27:38,3769.0,56323
2021-04-27 09:27:39,3769.4,56380
2021-04-27 09:27:40,3769.4,56430
2021-04-27 09:27:42,3770.1,57014
2021-04-27 09:27:43,3771.6,57812
2021-04-27 09:27:44,3771.95,57817
2021-04-27 09:27:45,3771.95,57842
2021-04-27 09:27:46,3773.5,57888
2021-04-27 09:27:46,3773.5,57888
2021-04-27 09:27:48,3772.0,57955
2021-04-27 09:27:48,3772.0,57955
2021-04-27 09:27:49,3774.0,58064
2021-04-27 09:27:50,3774.0,58064
2021-04-27 09:27:52,3774.0,58064
2021-04-27 09:27:53,3773.0,58093
2021-04-27 09:27:54,3772.0,58191
2021-04-27 09:27:55,3772.0,58191
2021-04-27 09:27:56,3772.8,58193
2021-04-27 09:27:57,3772.0,58218
2021-04-27 09:27:58,3773.0,58246
2021-04-27 09:27:59,3770.8,58296
2021-04-27 09:28:01,3773.0,58361
2021-04-27 09:28:00,3772.8,58302
2021-04-27 09:28:02,3773.0,58361
2021-04-27 09:28:03,3773.0,58657
2021-04-27 09:28:04,3772.0,58668
2021-04-27 09:28:05,3772.0,58691
2021-04-27 09:28:07,3773.0,58731
2021-04-27 09:28:08,3772.0,58738
2021-04-27 09:28:09,3771.7,59052
2021-04-27 09:28:10,3772.0,59079
2021-04-27 09:28:11,3772.0,59128
2021-04-27 09:28:12,3772.0,59128
2021-04-27 09:28:13,3771.95,59135
2021-04-27 09:28:14,3771.95,59153
2021-04-27 09:28:15,3772.0,59173
2021-04-27 09:28:17,3771.0,59201
2021-04-27 09:28:18,3771.0,59201
2021-04-27 09:28:19,3771.0,59207
2021-04-27 09:28:20,3771.0,59207
2021-04-27 09:28:21,3771.0,59227
2021-04-27 09:28:22,3771.0,59227
2021-04-27 09:28:23,3770.8,59547
2021-04-27 09:28:24,3770.8,59547
2021-04-27 09:28:25,3771.7,59589
2021-04-27 09:28:26,3771.35,59689
2021-04-27 09:28:27,3771.35,59689
2021-04-27 09:28:28,3773.9,59749
2021-04-27 09:28:29,3771.65,59769
2021-04-27 09:28:30,3771.7,59877
2021-04-27 09:28:31,3771.7,59877
2021-04-27 09:28:32,3774.0,59943
2021-04-27 09:28:33,3772.05,60091
2021-04-27 09:28:34,3772.15,60695
2021-04-27 09:28:35,3772.05,60698
2021-04-27 09:28:36,3774.0,60729
2021-04-27 09:28:37,3774.0,61482
2021-04-27 09:28:38,3773.7,61508
2021-04-27 09:28:39,3773.7,61508
2021-04-27 09:28:40,3774.0,61575
2021-04-27 09:28:41,3774.0,61681
2021-04-27 09:28:42,3774.0,61706
2021-04-27 09:28:43,3772.05,61790
2021-04-27 09:28:44,3774.85,62265
2021-04-27 09:28:45,3774.5,62964
2021-04-27 09:28:46,3774.5,62994
2021-04-27 09:28:48,3775.0,63108
2021-04-27 09:28:49,3775.0,63185
2021-04-27 09:28:51,3775.0,63245
2021-04-27 09:28:52,3775.0,63265
2021-04-27 09:28:53,3775.0,63265
2021-04-27 09:28:54,3775.0,63316
2021-04-27 09:28:55,3774.25,63805
2021-04-27 09:28:56,3774.25,63805
2021-04-27 09:28:57,3768.5,65776
2021-04-27 09:28:58,3769.05,65929
2021-04-27 09:28:59,3769.05,65937
2021-04-27 09:29:00,3769.05,65937
2021-04-27 09:29:01,3769.05,65937
2021-04-27 09:29:02,3769.6,65940
2021-04-27 09:29:03,3769.6,65940
2021-04-27 09:29:04,3770.1,66053
2021-04-27 09:29:05,3771.3,66553
2021-04-27 09:29:06,3771.3,66553
2021-04-27 09:29:07,3771.3,66553
2021-04-27 09:29:08,3773.9,66821
2021-04-27 09:29:09,3773.9,66821
2021-04-27 09:29:10,3774.5,66831
2021-04-27 09:29:11,3771.65,66861
2021-04-27 09:29:12,3774.0,66879
2021-04-27 09:29:13,3772.1,66885
2021-04-27 09:29:14,3771.95,68363
2021-04-27 09:29:15,3772.55,68632
2021-04-27 09:29:16,3772.55,68632
2021-04-27 09:29:17,3772.1,68635
2021-04-27 09:29:18,3772.1,68740
2021-04-27 09:29:19,3771.55,68854
2021-04-27 09:29:20,3773.9,68964
2021-04-27 09:29:21,3773.9,68964
2021-04-27 09:29:22,3773.7,68965
2021-04-27 09:29:23,3773.7,68975
2021-04-27 09:29:24,3771.9,68985
2021-04-27 09:29:25,3771.9,68988
2021-04-27 09:29:26,3773.7,68991
2021-04-27 09:29:27,3771.85,69006
2021-04-27 09:29:28,3771.85,69008
2021-04-27 09:29:29,3771.85,69008
2021-04-27 09:29:30,3773.5,69057
2021-04-27 09:29:31,3773.5,69189
2021-04-27 09:29:32,3773.25,69298
2021-04-27 09:29:33,3773.25,69298
2021-04-27 09:29:34,3773.25,69298
2021-04-27 09:29:35,3771.95,69334
2021-04-27 09:29:36,3771.8,69346
2021-04-27 09:29:37,3773.4,69464
2021-04-27 09:29:38,3772.0,69466
2021-04-27 09:29:39,3771.0,70220
2021-04-27 09:29:40,3771.0,70220
2021-04-27 09:29:41,3769.35,70430
2021-04-27 09:29:42,3771.1,70446
2021-04-27 09:29:43,3769.85,70456
2021-04-27 09:29:44,3770.9,70467
2021-04-27 09:29:45,3770.95,70490
2021-04-27 09:29:46,3769.35,70521
2021-04-27 09:29:47,3769.55,70522
2021-04-27 09:29:48,3765.85,71401
2021-04-27 09:29:50,3766.5,71531
2021-04-27 09:29:51,3766.5,71531
2021-04-27 09:29:52,3766.7,71537
2021-04-27 09:29:53,3766.7,71537
2021-04-27 09:29:54,3764.7,71552
2021-04-27 09:29:55,3766.4,71563
2021-04-27 09:29:56,3767.2,71778
2021-04-27 09:29:57,3767.2,71778
2021-04-27 09:29:58,3764.05,71845
2021-04-27 09:29:59,3764.05,71845
2021-04-27 09:30:00,3764.9,71850
2021-04-27 09:30:02,3759.0,73394
2021-04-27 09:30:03,3757.25,73479
2021-04-27 09:30:04,3758.85,73497
2021-04-27 09:30:05,3756.8,73620
2021-04-27 09:30:06,3757.85,73625
2021-04-27 09:30:07,3758.1,73655
2021-04-27 09:30:08,3758.1,73673
2021-04-27 09:30:09,3758.0,73683
2021-04-27 09:30:10,3757.95,73686
2021-04-27 09:30:11,3756.0,73701
2021-04-27 09:30:12,3758.1,73725
2021-04-27 09:30:13,3756.0,73827
2021-04-27 09:30:15,3756.6,74032
2021-04-27 09:30:15,3756.0,73885
2021-04-27 09:30:16,3757.95,74087
2021-04-27 09:30:17,3756.95,74129
2021-04-27 09:30:18,3756.95,74129
2021-04-27 09:30:19,3757.4,74249
2021-04-27 09:30:20,3756.15,74303
2021-04-27 09:30:21,3758.7,74423
2021-04-27 09:30:22,3756.9,74463
2021-04-27 09:30:23,3756.9,74463
2021-04-27 09:30:24,3756.9,74463
2021-04-27 09:30:26,3756.55,74471
2021-04-27 09:30:27,3756.55,74471
2021-04-27 09:30:28,3756.5,74663
2021-04-27 09:30:29,3756.45,74666
2021-04-27 09:30:30,3756.6,74667
2021-04-27 09:30:31,3755.0,74708
2021-04-27 09:30:32,3757.15,74727
2021-04-27 09:30:33,3757.15,74727
2021-04-27 09:30:35,3755.4,74798
2021-04-27 09:30:36,3755.4,74798
2021-04-27 09:30:37,3756.3,74918
2021-04-27 09:30:38,3757.8,74941
2021-04-27 09:30:39,3756.6,74966
2021-04-27 09:30:40,3756.6,74968
2021-04-27 09:30:41,3756.6,75099
2021-04-27 09:30:42,3757.5,75101
2021-04-27 09:30:43,3757.5,75101
2021-04-27 09:30:44,3755.5,75121
2021-04-27 09:30:45,3757.5,75122
2021-04-27 09:30:46,3758.05,75382
2021-04-27 09:30:47,3758.55,75484
2021-04-27 09:30:48,3758.55,75484
2021-04-27 09:30:49,3758.55,75484
2021-04-27 09:30:50,3758.55,75484
2021-04-27 09:30:51,3758.4,75485
2021-04-27 09:30:52,3758.35,75522
2021-04-27 09:30:53,3756.55,75544
2021-04-27 09:30:54,3756.55,75544
2021-04-27 09:30:55,3758.6,75595
2021-04-27 09:30:56,3759.45,75705
2021-04-27 09:30:57,3759.45,75705
2021-04-27 09:30:58,3759.45,75705
2021-04-27 09:30:59,3759.05,75725
2021-04-27 09:31:00,3759.05,75725
2021-04-27 09:31:01,3759.05,75725
2021-04-27 09:31:02,3757.25,75815
2021-04-27 09:31:03,3759.0,75865
2021-04-27 09:31:04,3757.3,75900
2021-04-27 09:31:05,3757.3,75900
2021-04-27 09:31:06,3757.05,76142
2021-04-27 09:31:07,3758.55,76652
2021-04-27 09:31:09,3758.55,76652
2021-04-27 09:31:11,3757.0,76655
2021-04-27 09:31:12,3759.35,76666
2021-04-27 09:31:14,3759.35,76676
2021-04-27 09:31:15,3759.0,76703
2021-04-27 09:31:15,3759.0,76703
2021-04-27 09:31:17,3759.0,76703
2021-04-27 09:31:17,3759.0,76703
2021-04-27 09:31:18,3759.0,76723
2021-04-27 09:31:20,3758.05,76735
2021-04-27 09:31:21,3758.05,76756
2021-04-27 09:31:24,3759.0,76761
2021-04-27 09:31:24,3758.1,76791
2021-04-27 09:31:25,3759.0,76792
2021-04-27 09:31:27,3759.0,76892
2021-04-27 09:31:29,3758.1,76903
2021-04-27 09:31:30,3758.5,77030
2021-04-27 09:31:32,3760.0,77055
2021-04-27 09:31:32,3760.0,77055
2021-04-27 09:31:33,3760.0,77373
2021-04-27 09:31:34,3760.0,77373
2021-04-27 09:31:35,3759.6,77380
2021-04-27 09:31:36,3759.6,77380
2021-04-27 09:31:38,3760.0,77386
2021-04-27 09:31:39,3760.0,77399
2021-04-27 09:31:40,3760.0,77399
2021-04-27 09:31:41,3760.0,77433
2021-04-27 09:31:42,3760.0,77433
2021-04-27 09:31:43,3761.2,77603
2021-04-27 09:31:44,3761.2,77603
2021-04-27 09:31:45,3760.0,77663
2021-04-27 09:31:46,3761.3,77668
2021-04-27 09:31:49,3761.25,77699
2021-04-27 09:31:50,3761.25,77718
2021-04-27 09:31:52,3761.8,77768
2021-04-27 09:31:53,3761.8,77768
2021-04-27 09:31:54,3761.8,77768
2021-04-27 09:31:55,3761.8,77768
2021-04-27 09:31:57,3761.8,77768
2021-04-27 09:31:58,3762.15,77778
2021-04-27 09:31:59,3762.25,77818
2021-04-27 09:32:00,3760.55,77828
2021-04-27 09:32:02,3761.8,77857
2021-04-27 09:32:02,3761.8,77857
2021-04-27 09:32:04,3761.8,77857
2021-04-27 09:32:04,3761.8,77857
2021-04-27 09:32:06,3761.8,77857
2021-04-27 09:32:07,3760.25,77867
2021-04-27 09:32:08,3760.25,77867
2021-04-27 09:32:09,3760.25,77867
2021-04-27 09:32:10,3760.0,77917
2021-04-27 09:32:11,3761.05,77937
2021-04-27 09:32:12,3761.05,77937
2021-04-27 09:32:13,3761.05,77937
2021-04-27 09:32:14,3760.0,78070
2021-04-27 09:32:15,3760.0,78070
2021-04-27 09:32:16,3761.0,78080
2021-04-27 09:32:18,3758.65,78093
2021-04-27 09:32:19,3758.65,78093
2021-04-27 09:32:20,3758.05,78102
2021-04-27 09:32:21,3758.05,78102
2021-04-27 09:32:22,3760.15,78104
2021-04-27 09:32:23,3760.3,78106
2021-04-27 09:32:23,3760.3,78106
2021-04-27 09:32:24,3760.0,78138
2021-04-27 09:32:25,3760.0,78138
2021-04-27 09:32:27,3758.05,78168
2021-04-27 09:32:28,3759.5,78276
2021-04-27 09:32:28,3759.5,78276
2021-04-27 09:32:29,3760.3,78306
2021-04-27 09:32:30,3760.75,78308
2021-04-27 09:32:31,3760.75,78328
2021-04-27 09:32:32,3757.2,78428
2021-04-27 09:32:33,3759.95,78448
2021-04-27 09:32:34,3760.35,78458
2021-04-27 09:32:35,3760.35,78458
2021-04-27 09:32:36,3760.35,78458
2021-04-27 09:32:37,3760.35,78460
2021-04-27 09:32:39,3760.35,78461
2021-04-27 09:32:40,3760.35,78461
2021-04-27 09:32:41,3760.35,78461
2021-04-27 09:32:42,3760.35,78486
2021-04-27 09:32:42,3760.35,78486
2021-04-27 09:32:43,3760.35,78486
2021-04-27 09:32:44,3760.35,78486
2021-04-27 09:32:46,3760.35,78496
2021-04-27 09:32:47,3758.75,78499
2021-04-27 09:32:49,3758.75,78499
2021-04-27 09:32:51,3758.5,78550
2021-04-27 09:32:52,3756.25,78686
2021-04-27 09:32:53,3756.05,78699
2021-04-27 09:32:55,3756.05,78699
2021-04-27 09:32:56,3756.05,78699
2021-04-27 09:32:57,3756.05,78699
2021-04-27 09:32:58,3756.05,78699
2021-04-27 09:32:59,3756.05,78699
2021-04-27 09:33:00,3756.05,78699
2021-04-27 09:33:01,3756.05,78699
2021-04-27 09:33:03,3756.05,78699
2021-04-27 09:33:04,3757.0,78705
2021-04-27 09:33:05,3756.0,78747
2021-04-27 09:33:05,3758.55,78967
2021-04-27 09:33:07,3756.9,78975
2021-04-27 09:33:08,3756.9,78975
2021-04-27 09:33:09,3756.9,78975
2021-04-27 09:33:10,3758.55,78978
2021-04-27 09:33:10,3758.55,78978
2021-04-27 09:33:11,3758.55,78978
2021-04-27 09:33:12,3758.55,78993
2021-04-27 09:33:13,3758.55,78993
2021-04-27 09:33:14,3759.0,79017
2021-04-27 09:33:15,3759.0,79124
2021-04-27 09:33:16,3759.0,79124
2021-04-27 09:33:17,3759.0,79124
2021-04-27 09:33:19,3759.0,79124
2021-04-27 09:33:20,3756.05,79324
2021-04-27 09:33:21,3756.05,79324
2021-04-27 09:33:22,3756.05,79324
2021-04-27 09:33:22,3756.05,79324
2021-04-27 09:33:23,3756.05,79324
2021-04-27 09:33:24,3758.7,79342
2021-04-27 09:33:25,3757.0,79343
2021-04-27 09:33:27,3757.0,79343
2021-04-27 09:33:27,3757.0,79345
2021-04-27 09:33:29,3756.05,79360
2021-04-27 09:33:30,3758.3,79394
2021-04-27 09:33:31,3758.5,79494
2021-04-27 09:33:32,3758.5,79494
2021-04-27 09:33:33,3758.5,79494
2021-04-27 09:33:35,3758.05,79504
2021-04-27 09:33:36,3758.05,79504
2021-04-27 09:33:36,3758.05,79504
2021-04-27 09:33:37,3758.05,79504
2021-04-27 09:33:38,3758.05,79511
2021-04-27 09:33:39,3758.05,79606
2021-04-27 09:33:40,3758.7,79642
2021-04-27 09:33:41,3758.7,79642
2021-04-27 09:33:42,3758.7,79642
2021-04-27 09:33:43,3758.7,79642
2021-04-27 09:33:44,3758.7,79642
2021-04-27 09:33:45,3758.65,79648
2021-04-27 09:33:46,3758.9,79658
2021-04-27 09:33:48,3758.9,79690
2021-04-27 09:33:49,3758.9,79690
2021-04-27 09:33:50,3758.9,79691
2021-04-27 09:33:51,3758.9,79693
2021-04-27 09:33:52,3756.3,79736
2021-04-27 09:33:53,3758.55,79746
2021-04-27 09:33:53,3758.55,79746
2021-04-27 09:33:54,3758.55,79746
2021-04-27 09:33:55,3758.55,79746
2021-04-27 09:33:56,3758.55,79746
2021-04-27 09:33:57,3758.5,79759
2021-04-27 09:33:58,3758.5,79769
2021-04-27 09:33:59,3758.5,79769
2021-04-27 09:34:01,3758.5,79769
2021-04-27 09:34:02,3758.5,79769
2021-04-27 09:34:03,3758.5,79771
2021-04-27 09:34:04,3756.65,79774
2021-04-27 09:34:06,3756.65,79774
2021-04-27 09:34:07,3756.05,79804
2021-04-27 09:34:08,3756.05,79804
2021-04-27 09:34:08,3756.05,79804
2021-04-27 09:34:09,3756.95,79858
2021-04-27 09:34:10,3756.05,79863
2021-04-27 09:34:13,3756.95,79873
2021-04-27 09:34:14,3756.95,79902
2021-04-27 09:34:15,3756.55,79905
2021-04-27 09:34:16,3756.95,79916
2021-04-27 09:34:16,3756.95,79916
2021-04-27 09:34:17,3756.95,79922
2021-04-27 09:34:18,3758.3,80055
2021-04-27 09:34:19,3756.05,80135
2021-04-27 09:34:20,3757.95,80235
2021-04-27 09:34:21,3757.95,80235
2021-04-27 09:34:22,3756.95,80262
2021-04-27 09:34:23,3756.55,80267
2021-04-27 09:34:24,3756.55,80267
2021-04-27 09:34:25,3755.7,80729
2021-04-27 09:34:27,3755.7,80729
2021-04-27 09:34:28,3755.0,81226
2021-04-27 09:34:29,3755.0,81226
2021-04-27 09:34:30,3755.0,81251
2021-04-27 09:34:30,3755.0,81251
2021-04-27 09:34:33,3754.0,81290
2021-04-27 09:34:34,3754.0,81290
2021-04-27 09:34:36,3754.0,81392
2021-04-27 09:34:36,3754.0,81392
2021-04-27 09:34:37,3752.2,81796
2021-04-27 09:34:40,3752.05,81861
2021-04-27 09:34:41,3753.0,81899
2021-04-27 09:34:42,3753.0,81901
2021-04-27 09:34:43,3753.0,81963
2021-04-27 09:34:44,3753.0,81963
2021-04-27 09:34:45,3754.8,82210
2021-04-27 09:34:46,3755.0,82260
2021-04-27 09:34:46,3755.0,82260
2021-04-27 09:34:47,3752.8,82285
2021-04-27 09:34:48,3752.75,82325
2021-04-27 09:34:49,3755.0,82375
2021-04-27 09:34:50,3755.0,82385
2021-04-27 09:34:52,3753.0,82455
2021-04-27 09:34:53,3753.0,82455
2021-04-27 09:34:54,3753.0,82490
2021-04-27 09:34:56,3753.0,82490
2021-04-27 09:34:57,3753.0,82490
2021-04-27 09:34:58,3753.0,82490
2021-04-27 09:34:58,3753.0,82490
2021-04-27 09:34:59,3754.0,82493
2021-04-27 09:35:00,3753.0,82593
2021-04-27 09:35:01,3753.0,82593
2021-04-27 09:35:03,3753.0,82593
2021-04-27 09:35:04,3753.05,82594
2021-04-27 09:35:05,3753.05,82594
2021-04-27 09:35:06,3753.05,82594
2021-04-27 09:35:07,3753.0,82660
2021-04-27 09:35:07,3753.0,82660
2021-04-27 09:35:09,3755.0,83167
2021-04-27 09:35:11,3755.0,83167
2021-04-27 09:35:12,3753.0,83217
2021-04-27 09:35:13,3755.0,83267
2021-04-27 09:35:14,3753.25,83275
2021-04-27 09:35:15,3755.0,83303
2021-04-27 09:35:16,3753.3,83342
2021-04-27 09:35:17,3753.3,83342
2021-04-27 09:35:18,3755.05,83376
2021-04-27 09:35:19,3755.7,83432
2021-04-27 09:35:20,3752.7,83711
2021-04-27 09:35:21,3752.7,83711
2021-04-27 09:35:22,3755.4,83892
2021-04-27 09:35:23,3755.4,83892
2021-04-27 09:35:24,3755.4,83892
2021-04-27 09:35:25,3755.0,84442
2021-04-27 09:35:26,3756.0,84444
2021-04-27 09:35:27,3756.0,84444
2021-04-27 09:35:28,3756.0,84544
2021-04-27 09:35:30,3756.0,84574
2021-04-27 09:35:31,3756.0,84674
2021-04-27 09:35:33,3756.0,84692
2021-04-27 09:35:34,3755.45,84767
2021-04-27 09:35:35,3753.2,84892
2021-04-27 09:35:36,3755.35,84897
2021-04-27 09:35:37,3755.35,84897
2021-04-27 09:35:38,3753.05,85398
2021-04-27 09:35:39,3754.85,85408
2021-04-27 09:35:41,3754.85,85408
2021-04-27 09:35:42,3754.85,85415
2021-04-27 09:35:43,3753.05,85417
2021-04-27 09:35:44,3747.2,88690
2021-04-27 09:35:45,3747.65,88819
2021-04-27 09:35:46,3748.95,88911
2021-04-27 09:35:47,3748.65,88933
2021-04-27 09:35:48,3748.65,88933
2021-04-27 09:35:49,3747.3,88936
2021-04-27 09:35:50,3748.0,88946
2021-04-27 09:35:51,3748.0,88966
2021-04-27 09:35:51,3748.0,88966
2021-04-27 09:35:52,3748.0,89001
2021-04-27 09:35:53,3749.4,89032
2021-04-27 09:35:55,3749.95,89060
2021-04-27 09:35:56,3750.0,89162
2021-04-27 09:35:56,3748.3,89062
2021-04-27 09:35:57,3750.0,89364
2021-04-27 09:35:59,3750.0,89414
2021-04-27 09:36:00,3750.0,89514
2021-04-27 09:36:01,3750.0,89518
2021-04-27 09:36:02,3750.0,89628
2021-04-27 09:36:02,3750.0,89629
2021-04-27 09:36:03,3750.0,89629
2021-04-27 09:36:05,3750.0,89640
2021-04-27 09:36:06,3750.0,89640
2021-04-27 09:36:07,3751.0,90370
2021-04-27 09:36:08,3751.0,90370
2021-04-27 09:36:08,3751.0,90370
2021-04-27 09:36:09,3749.85,90395
2021-04-27 09:36:11,3750.0,90405
2021-04-27 09:36:12,3751.5,90430
2021-04-27 09:36:13,3750.0,90505
2021-04-27 09:36:14,3752.0,90546
2021-04-27 09:36:15,3751.5,90564
2021-04-27 09:36:16,3752.85,90629
2021-04-27 09:36:17,3753.95,90729
2021-04-27 09:36:18,3751.5,90756
2021-04-27 09:36:19,3751.9,90757
2021-04-27 09:36:20,3751.5,90760
2021-04-27 09:36:21,3752.0,90765
2021-04-27 09:36:22,3752.15,90841
2021-04-27 09:36:23,3753.85,90856
2021-04-27 09:36:24,3752.0,90962
2021-04-27 09:36:24,3752.05,90968
2021-04-27 09:36:25,3752.05,91030
2021-04-27 09:36:26,3752.1,91560
2021-04-27 09:36:27,3751.85,91590
2021-04-27 09:36:29,3751.55,91648
2021-04-27 09:36:30,3751.5,91684
2021-04-27 09:36:31,3751.45,91714
2021-04-27 09:36:33,3751.2,91822
2021-04-27 09:36:34,3751.2,91855
2021-04-27 09:36:35,3751.45,91906
2021-04-27 09:36:36,3751.95,91980
2021-04-27 09:36:37,3754.15,91991
2021-04-27 09:36:38,3754.15,91991
2021-04-27 09:36:39,3751.8,92039
2021-04-27 09:36:40,3753.8,92049
2021-04-27 09:36:40,3753.8,92049
2021-04-27 09:36:41,3754.1,92250
2021-04-27 09:36:43,3754.1,92250
2021-04-27 09:36:44,3754.1,92250
2021-04-27 09:36:45,3751.0,92541
2021-04-27 09:36:46,3751.0,92541
2021-04-27 09:36:47,3754.1,92585
2021-04-27 09:36:48,3752.05,92595
2021-04-27 09:36:49,3754.0,92600
2021-04-27 09:36:49,3754.0,92600
2021-04-27 09:36:51,3752.55,92612
2021-04-27 09:36:52,3752.05,92855
2021-04-27 09:36:53,3752.05,92855
2021-04-27 09:36:55,3752.05,92855
2021-04-27 09:36:56,3754.5,92886
2021-04-27 09:36:57,3754.5,92886
2021-04-27 09:36:58,3754.5,92886
2021-04-27 09:36:59,3754.5,92886
2021-04-27 09:37:00,3752.0,92953
2021-04-27 09:37:01,3752.0,92956
2021-04-27 09:37:02,3752.0,92961
2021-04-27 09:37:03,3752.0,92964
2021-04-27 09:37:04,3752.55,92975
2021-04-27 09:37:05,3752.0,92988
2021-04-27 09:37:06,3752.55,92989
2021-04-27 09:37:07,3752.5,93003
2021-04-27 09:37:08,3752.5,93003
2021-04-27 09:37:09,3752.5,93003
2021-04-27 09:37:09,3752.55,93013
2021-04-27 09:37:11,3752.5,93026
2021-04-27 09:37:12,3752.55,93076
2021-04-27 09:37:13,3752.55,93081
2021-04-27 09:37:14,3754.0,93108
2021-04-27 09:37:15,3754.0,93108
2021-04-27 09:37:16,3754.0,93108
2021-04-27 09:37:16,3754.0,93108
2021-04-27 09:37:17,3753.85,93118
2021-04-27 09:37:18,3753.85,93118
2021-04-27 09:37:19,3753.85,93118
2021-04-27 09:37:21,3753.85,93118
2021-04-27 09:37:22,3753.85,93118
2021-04-27 09:37:23,3753.85,93168
2021-04-27 09:37:24,3753.85,93168
2021-04-27 09:37:25,3753.85,93171
2021-04-27 09:37:26,3752.55,93221
2021-04-27 09:37:27,3752.55,93221
2021-04-27 09:37:28,3754.0,93226
2021-04-27 09:37:29,3754.0,93226
2021-04-27 09:37:30,3754.0,93226
2021-04-27 09:37:31,3752.6,93232
2021-04-27 09:37:32,3752.6,93232
2021-04-27 09:37:33,3752.6,93232
2021-04-27 09:37:34,3753.85,93282
2021-04-27 09:37:35,3752.55,93283
2021-04-27 09:37:37,3754.0,93297
2021-04-27 09:37:38,3754.0,93297
2021-04-27 09:37:38,3754.0,93297
2021-04-27 09:37:40,3754.5,93986
2021-04-27 09:37:41,3753.3,94007
2021-04-27 09:37:42,3753.3,94007
2021-04-27 09:37:43,3754.85,94031
2021-04-27 09:37:44,3754.85,94031
2021-04-27 09:37:45,3755.7,94342
2021-04-27 09:37:47,3755.5,94374
2021-04-27 09:37:48,3755.55,94439
2021-04-27 09:37:49,3755.5,94449
2021-04-27 09:37:50,3757.1,94450
2021-04-27 09:37:51,3757.1,94462
2021-04-27 09:37:52,3757.1,94462
2021-04-27 09:37:53,3757.1,94535
2021-04-27 09:37:54,3757.15,94555
2021-04-27 09:37:55,3757.15,94555
2021-04-27 09:37:56,3757.15,94555
2021-04-27 09:37:57,3758.95,94667
2021-04-27 09:37:58,3757.55,94670
2021-04-27 09:38:01,3758.85,94671
2021-04-27 09:38:02,3758.85,94671
2021-04-27 09:38:03,3758.85,94671
2021-04-27 09:38:03,3758.85,94678
2021-04-27 09:38:05,3758.85,94685
2021-04-27 09:38:06,3758.85,94685
2021-04-27 09:38:07,3758.85,94720
2021-04-27 09:38:08,3758.85,94720
2021-04-27 09:38:09,3758.85,94724
2021-04-27 09:38:10,3758.85,94724
2021-04-27 09:38:11,3758.85,94727
2021-04-27 09:38:12,3758.85,94727
2021-04-27 09:38:13,3758.85,94727
2021-04-27 09:38:14,3756.05,94950
2021-04-27 09:38:15,3757.65,95002
2021-04-27 09:38:16,3756.1,95007
2021-04-27 09:38:17,3758.0,95012
2021-04-27 09:38:18,3759.0,95035
2021-04-27 09:38:19,3756.8,95097
2021-04-27 09:38:20,3756.8,95097
2021-04-27 09:38:21,3756.8,95097
2021-04-27 09:38:22,3756.8,95097
2021-04-27 09:38:23,3756.8,95097
2021-04-27 09:38:24,3756.8,95097
2021-04-27 09:38:25,3758.55,95414
2021-04-27 09:38:26,3758.55,95414
2021-04-27 09:38:27,3758.65,96983
2021-04-27 09:38:28,3758.65,96983
2021-04-27 09:38:29,3758.65,96983
2021-04-27 09:38:30,3758.95,97008
2021-04-27 09:38:31,3758.95,97008
2021-04-27 09:38:32,3758.85,97145
2021-04-27 09:38:33,3758.8,97175
2021-04-27 09:38:34,3758.8,97175
2021-04-27 09:38:35,3760.2,97351
2021-04-27 09:38:37,3757.5,97517
2021-04-27 09:38:38,3760.65,97544
2021-04-27 09:38:39,3761.05,97546
2021-04-27 09:38:40,3761.05,97546
2021-04-27 09:38:41,3761.05,97546
2021-04-27 09:38:42,3758.8,97637
2021-04-27 09:38:43,3758.8,97637
2021-04-27 09:38:45,3758.1,97803
2021-04-27 09:38:46,3758.1,97803
2021-04-27 09:38:47,3758.5,97814
2021-04-27 09:38:48,3758.5,97814
2021-04-27 09:38:49,3758.5,97814
2021-04-27 09:38:50,3758.5,97848
2021-04-27 09:38:51,3758.5,97848
2021-04-27 09:38:52,3758.5,97852
2021-04-27 09:38:53,3758.5,97857
2021-04-27 09:38:54,3758.5,97857
2021-04-27 09:38:55,3758.5,97858
2021-04-27 09:38:56,3759.75,97883
2021-04-27 09:38:57,3759.75,97911
2021-04-27 09:38:58,3759.75,97921
2021-04-27 09:38:59,3760.8,97961
2021-04-27 09:39:01,3760.8,97961
2021-04-27 09:39:02,3760.8,97961
2021-04-27 09:39:03,3760.8,97961
2021-04-27 09:39:04,3760.7,97962
2021-04-27 09:39:05,3759.75,97965
2021-04-27 09:39:06,3759.75,97965
2021-04-27 09:39:07,3759.75,97968
2021-04-27 09:39:08,3759.75,97968
2021-04-27 09:39:09,3759.75,97968
2021-04-27 09:39:11,3759.75,97968
2021-04-27 09:39:12,3761.0,98118
2021-04-27 09:39:13,3761.0,98118
2021-04-27 09:39:14,3761.0,98148
2021-04-27 09:39:15,3761.05,98436
2021-04-27 09:39:16,3761.05,98436
2021-04-27 09:39:17,3760.85,98446
2021-04-27 09:39:18,3760.85,98446
2021-04-27 09:39:19,3762.8,98706
2021-04-27 09:39:20,3762.95,98776
2021-04-27 09:39:21,3762.95,98776
2021-04-27 09:39:22,3763.0,98786
2021-04-27 09:39:23,3761.2,98922
2021-04-27 09:39:25,3763.55,99029
2021-04-27 09:39:26,3764.0,99042
2021-04-27 09:39:27,3764.0,99042
2021-04-27 09:39:28,3764.0,99042
2021-04-27 09:39:29,3764.0,99042
2021-04-27 09:39:30,3763.9,99072
2021-04-27 09:39:31,3763.0,99172
2021-04-27 09:39:33,3764.0,99201
2021-04-27 09:39:32,3764.0,99201
2021-04-27 09:39:34,3764.0,99201
2021-04-27 09:39:35,3764.0,99201
2021-04-27 09:39:36,3764.0,99202
2021-04-27 09:39:37,3764.0,99202
2021-04-27 09:39:38,3764.0,99202
2021-04-27 09:39:39,3764.0,99288
2021-04-27 09:39:40,3764.0,99288
2021-04-27 09:39:41,3764.0,99288
2021-04-27 09:39:42,3764.0,99288
2021-04-27 09:39:43,3764.0,99288
2021-04-27 09:39:44,3764.0,99288
2021-04-27 09:39:45,3764.0,99488
2021-04-27 09:39:46,3763.9,99493
2021-04-27 09:39:47,3764.0,99771
2021-04-27 09:39:48,3763.0,99921
2021-04-27 09:39:49,3763.75,99922
2021-04-27 09:39:50,3763.1,100010
2021-04-27 09:39:51,3764.9,100062
2021-04-27 09:39:53,3764.9,100062
2021-04-27 09:39:54,3764.85,100119
2021-04-27 09:39:55,3764.05,100123
2021-04-27 09:39:56,3764.05,100123
2021-04-27 09:39:57,3764.85,100136
2021-04-27 09:39:58,3764.85,100146
2021-04-27 09:39:59,3764.85,100146
2021-04-27 09:40:00,3764.85,100146
2021-04-27 09:40:01,3764.85,100148
2021-04-27 09:40:02,3764.85,100148
2021-04-27 09:40:03,3764.85,100148
2021-04-27 09:40:04,3764.85,100158
2021-04-27 09:40:05,3764.15,100203
2021-04-27 09:40:06,3764.15,100208
2021-04-27 09:40:07,3764.05,100241
2021-04-27 09:40:08,3764.05,100251
2021-04-27 09:40:09,3764.9,100394
2021-04-27 09:40:10,3764.0,100545
2021-04-27 09:40:11,3764.0,100555
2021-04-27 09:40:12,3764.0,100630
2021-04-27 09:40:13,3764.9,100631
2021-04-27 09:40:14,3764.9,100658
2021-04-27 09:40:15,3764.05,100683
2021-04-27 09:40:16,3764.05,100683
2021-04-27 09:40:17,3764.05,100733
2021-04-27 09:40:18,3764.05,100733
2021-04-27 09:40:19,3764.05,100733
2021-04-27 09:40:21,3765.0,100876
2021-04-27 09:40:27,3764.7,102122
2021-04-27 09:40:28,3764.3,102123
2021-04-27 09:40:29,3764.3,102123
2021-04-27 09:40:30,3766.5,102183
2021-04-27 09:40:31,3766.5,102183
2021-04-27 09:40:32,3766.5,102183
2021-04-27 09:40:33,3766.5,102183
2021-04-27 09:40:34,3766.5,102183
2021-04-27 09:40:35,3764.3,102205
2021-04-27 09:40:36,3764.3,102205
2021-04-27 09:40:38,3766.05,102456
2021-04-27 09:40:37,3767.0,102455
2021-04-27 09:40:39,3766.05,102456
2021-04-27 09:40:40,3764.75,102481
2021-04-27 09:40:41,3767.85,102852
2021-04-27 09:40:42,3767.9,103004
2021-04-27 09:40:43,3767.9,103004
2021-04-27 09:40:44,3765.25,103104
2021-04-27 09:40:45,3765.25,103104
2021-04-27 09:40:46,3767.35,103106
2021-04-27 09:40:48,3767.0,103136
2021-04-27 09:40:49,3765.35,103164
2021-04-27 09:40:50,3767.0,103174
2021-04-27 09:40:51,3765.75,103199
2021-04-27 09:40:52,3765.75,103199
2021-04-27 09:40:53,3766.5,103221
2021-04-27 09:40:54,3768.7,103562
2021-04-27 09:40:55,3768.7,103567
2021-04-27 09:40:56,3766.8,103571
2021-04-27 09:40:57,3766.8,103571
2021-04-27 09:40:59,3768.85,103636
2021-04-27 09:41:00,3766.85,103762
2021-04-27 09:41:01,3766.85,103762
2021-04-27 09:41:02,3766.85,103763
2021-04-27 09:41:04,3766.85,103813
2021-04-27 09:41:05,3766.85,103813
2021-04-27 09:41:06,3766.85,103813
2021-04-27 09:41:07,3766.85,103813
2021-04-27 09:41:08,3766.85,103817
2021-04-27 09:41:09,3766.85,103817
2021-04-27 09:41:10,3765.8,104405
2021-04-27 09:41:11,3766.85,104415
2021-04-27 09:41:12,3766.85,104415
2021-04-27 09:41:14,3766.85,104490
2021-04-27 09:41:15,3766.85,104490
2021-04-27 09:41:16,3766.85,104490
2021-04-27 09:41:17,3767.0,104520
2021-04-27 09:41:18,3766.0,104862
2021-04-27 09:41:19,3766.9,104864
2021-04-27 09:41:25,3765.25,105173
2021-04-27 09:41:26,3765.25,105239
2021-04-27 09:41:27,3765.25,105291
2021-04-27 09:41:28,3766.0,105319
2021-04-27 09:41:29,3766.0,105319
2021-04-27 09:41:31,3765.05,105821
2021-04-27 09:41:32,3765.05,105821
2021-04-27 09:41:33,3765.05,105824
2021-04-27 09:41:33,3765.05,105824
2021-04-27 09:41:34,3765.05,105824
2021-04-27 09:41:35,3765.0,106297
2021-04-27 09:41:36,3765.0,106297
2021-04-27 09:41:38,3765.0,106300
2021-04-27 09:41:39,3764.0,106418
2021-04-27 09:41:40,3763.0,106456
2021-04-27 09:41:41,3763.0,106476
2021-04-27 09:41:42,3762.55,106488
2021-04-27 09:41:43,3763.0,106493
2021-04-27 09:41:44,3761.05,106497
2021-04-27 09:41:46,3760.35,106527
2021-04-27 09:41:47,3760.35,106527
2021-04-27 09:41:48,3760.35,106527
2021-04-27 09:41:49,3760.35,106527
2021-04-27 09:41:50,3763.0,106531
2021-04-27 09:41:51,3765.0,106671
2021-04-27 09:41:52,3764.05,106738
2021-04-27 09:41:53,3764.05,106738
2021-04-27 09:41:54,3764.05,106738
2021-04-27 09:41:55,3764.05,106738
2021-04-27 09:41:56,3764.05,106738
2021-04-27 09:41:57,3764.05,106738
2021-04-27 09:41:58,3762.9,106841
2021-04-27 09:41:59,3762.9,106841
2021-04-27 09:42:00,3764.05,106842
2021-04-27 09:42:01,3764.05,106842
2021-04-27 09:42:02,3764.05,106842
2021-04-27 09:42:03,3761.55,106877
2021-04-27 09:42:04,3763.8,106878
2021-04-27 09:42:05,3763.85,106879
2021-04-27 09:42:06,3763.85,106879
2021-04-27 09:42:07,3762.2,106884
2021-04-27 09:42:08,3764.0,106896
2021-04-27 09:42:09,3764.0,106896
2021-04-27 09:42:10,3761.9,106952
2021-04-27 09:42:11,3761.9,106952
2021-04-27 09:42:12,3763.65,106953
2021-04-27 09:42:13,3763.65,106954
2021-04-27 09:42:14,3763.65,106981
2021-04-27 09:42:15,3763.65,106981
2021-04-27 09:42:16,3763.65,106981
2021-04-27 09:42:17,3763.75,107061
2021-04-27 09:42:18,3764.0,107161
2021-04-27 09:42:19,3764.0,107161
2021-04-27 09:42:20,3764.0,107161
2021-04-27 09:42:21,3763.95,107164
2021-04-27 09:42:22,3763.95,107164
2021-04-27 09:42:23,3762.25,107250
2021-04-27 09:42:24,3762.25,107250
2021-04-27 09:42:25,3762.25,107250
2021-04-27 09:42:26,3762.25,107250
2021-04-27 09:42:27,3762.25,107250
2021-04-27 09:42:28,3762.25,107250
2021-04-27 09:42:29,3763.5,107255
2021-04-27 09:42:30,3763.5,107255
2021-04-27 09:42:31,3763.95,107317
2021-04-27 09:42:32,3763.95,107317
2021-04-27 09:42:33,3763.95,107317
2021-04-27 09:42:34,3763.95,107317
2021-04-27 09:42:36,3763.95,107317
2021-04-27 09:42:37,3763.95,107317
2021-04-27 09:42:38,3763.0,107318
2021-04-27 09:42:39,3763.5,107364
2021-04-27 09:42:40,3763.5,107364
2021-04-27 09:42:41,3763.5,107364
2021-04-27 09:42:42,3763.8,107388
2021-04-27 09:42:43,3763.5,107446
2021-04-27 09:42:44,3763.5,107446
2021-04-27 09:42:45,3763.8,107447
2021-04-27 09:42:46,3763.8,107447
2021-04-27 09:42:47,3763.8,107447
2021-04-27 09:42:48,3763.8,107452
2021-04-27 09:42:49,3763.8,107452
2021-04-27 09:42:50,3763.85,107454
2021-04-27 09:42:51,3763.85,107454
2021-04-27 09:42:52,3763.85,107454
2021-04-27 09:42:53,3763.85,107454
2021-04-27 09:42:54,3763.5,107480
2021-04-27 09:42:55,3763.5,107480
2021-04-27 09:42:56,3762.35,107520
2021-04-27 09:42:57,3762.35,107536
2021-04-27 09:42:58,3762.35,107536
2021-04-27 09:43:00,3763.5,107558
2021-04-27 09:43:01,3763.5,107564
2021-04-27 09:43:02,3763.5,107564
2021-04-27 09:43:03,3763.5,107564
2021-04-27 09:43:04,3763.5,107564
2021-04-27 09:43:05,3763.5,107571
2021-04-27 09:43:06,3763.5,107571
2021-04-27 09:43:07,3762.25,107581
2021-04-27 09:43:08,3763.45,107633
2021-04-27 09:43:09,3763.45,107633
2021-04-27 09:43:10,3763.45,107633
2021-04-27 09:43:11,3763.5,107833
2021-04-27 09:43:12,3763.5,107833
2021-04-27 09:43:13,3763.5,107846
2021-04-27 09:43:14,3763.5,107873
2021-04-27 09:43:16,3763.5,107873
2021-04-27 09:43:17,3766.0,108625
2021-04-27 09:43:18,3767.0,109111
2021-04-27 09:43:19,3765.35,109190
2021-04-27 09:43:20,3765.35,109190
2021-04-27 09:43:21,3766.75,109191
2021-04-27 09:43:22,3765.6,109192
2021-04-27 09:43:23,3766.75,109224
2021-04-27 09:43:24,3768.0,109249
2021-04-27 09:43:25,3768.0,109249
2021-04-27 09:43:26,3767.35,109254
2021-04-27 09:43:27,3767.35,109254
2021-04-27 09:43:28,3765.65,109255
2021-04-27 09:43:29,3765.65,109255
2021-04-27 09:43:30,3765.65,109255
2021-04-27 09:43:31,3767.0,109283
2021-04-27 09:43:33,3767.0,109345
2021-04-27 09:43:34,3765.65,109452
2021-04-27 09:43:35,3767.0,109460
2021-04-27 09:43:36,3767.0,109471
2021-04-27 09:43:38,3765.8,109473
2021-04-27 09:43:38,3765.8,109473
2021-04-27 09:43:39,3765.8,109502
2021-04-27 09:43:40,3765.8,109502
2021-04-27 09:43:41,3765.8,109502
2021-04-27 09:43:43,3767.0,109572
2021-04-27 09:43:44,3767.95,109622
2021-04-27 09:43:45,3767.95,109622
2021-04-27 09:43:46,3765.8,109675
2021-04-27 09:43:47,3765.8,109675
2021-04-27 09:43:48,3765.5,109771
2021-04-27 09:43:49,3765.5,109771
2021-04-27 09:43:50,3765.5,109771
2021-04-27 09:43:51,3767.45,109794
2021-04-27 09:43:52,3767.45,109794
2021-04-27 09:43:53,3765.75,109808
2021-04-27 09:43:54,3766.0,109823
2021-04-27 09:43:55,3767.75,109875
2021-04-27 09:43:56,3766.0,109895
2021-04-27 09:43:57,3766.0,109895
2021-04-27 09:43:58,3767.75,109912
2021-04-27 09:44:00,3767.75,109912
2021-04-27 09:44:00,3767.75,109912
2021-04-27 09:44:01,3767.45,109920
2021-04-27 09:44:02,3767.75,109943
2021-04-27 09:44:03,3767.8,109945
2021-04-27 09:44:04,3767.8,109945
2021-04-27 09:44:05,3767.8,109945
2021-04-27 09:44:06,3767.8,109963
2021-04-27 09:44:07,3768.0,109965
2021-04-27 09:44:08,3768.0,109965
2021-04-27 09:44:09,3768.0,110084
2021-04-27 09:44:11,3769.9,110278
2021-04-27 09:44:12,3769.9,110278
2021-04-27 09:44:13,3769.9,110278
2021-04-27 09:44:14,3768.25,110385
2021-04-27 09:44:14,3768.25,110375
2021-04-27 09:44:15,3768.25,110390
2021-04-27 09:44:16,3768.3,110664
2021-04-27 09:44:17,3767.0,110689
2021-04-27 09:44:18,3767.0,110689
2021-04-27 09:44:19,3768.3,110694
2021-04-27 09:44:20,3768.3,110694
2021-04-27 09:44:21,3767.8,110701
2021-04-27 09:44:22,3769.4,110780
2021-04-27 09:44:23,3769.4,110780
2021-04-27 09:44:24,3769.4,110780
2021-04-27 09:44:25,3769.4,110780
2021-04-27 09:44:26,3770.0,111111
2021-04-27 09:44:28,3770.0,111345
2021-04-27 09:44:29,3770.0,111365
2021-04-27 09:44:30,3770.0,111365
2021-04-27 09:44:31,3770.0,111421
2021-04-27 09:44:32,3770.0,111421
2021-04-27 09:44:33,3771.0,111462
2021-04-27 09:44:35,3771.0,111687
2021-04-27 09:44:36,3770.0,111719
2021-04-27 09:44:37,3770.0,111719
2021-04-27 09:44:38,3770.9,111739
2021-04-27 09:44:39,3771.0,111752
2021-04-27 09:44:40,3771.0,111752
2021-04-27 09:44:41,3771.0,111752
2021-04-27 09:44:43,3771.0,111802
2021-04-27 09:44:44,3771.0,111803
2021-04-27 09:44:45,3771.0,111803
2021-04-27 09:44:46,3770.25,111805
2021-04-27 09:44:47,3771.0,111917
2021-04-27 09:44:48,3771.0,111917
2021-04-27 09:44:49,3771.0,111959
2021-04-27 09:44:50,3770.0,111963
2021-04-27 09:44:51,3771.0,112409
2021-04-27 09:44:53,3771.0,112548
2021-04-27 09:44:54,3771.0,112573
2021-04-27 09:44:56,3770.9,112719
2021-04-27 09:44:57,3768.9,112721
2021-04-27 09:44:58,3768.9,112721
2021-04-27 09:44:59,3768.95,112816
2021-04-27 09:45:00,3768.95,112816
2021-04-27 09:45:02,3770.9,112869
2021-04-27 09:45:03,3771.0,113277
2021-04-27 09:45:04,3771.5,113383
2021-04-27 09:45:05,3773.35,113661
2021-04-27 09:45:06,3773.35,113771
2021-04-27 09:45:07,3771.0,113921
2021-04-27 09:45:08,3772.75,113923
2021-04-27 09:45:09,3771.0,113930
2021-04-27 09:45:10,3771.0,113930
2021-04-27 09:45:11,3771.65,114045
2021-04-27 09:45:12,3773.8,114214
2021-04-27 09:45:13,3773.8,114214
2021-04-27 09:45:14,3773.35,114236
2021-04-27 09:45:15,3773.35,114236
2021-04-27 09:45:16,3772.0,114264
2021-04-27 09:45:17,3774.0,114279
2021-04-27 09:45:18,3774.0,114354
2021-04-27 09:45:20,3774.0,114354
2021-04-27 09:45:22,3774.5,114368
2021-04-27 09:45:23,3772.25,114428
2021-04-27 09:45:24,3771.6,114628
2021-04-27 09:45:25,3771.6,114652
2021-04-27 09:45:26,3773.95,114657
2021-04-27 09:45:27,3773.95,114657
2021-04-27 09:45:27,3773.95,114657
2021-04-27 09:45:28,3774.0,114932
2021-04-27 09:45:29,3774.0,114982
2021-04-27 09:45:30,3774.0,114997
2021-04-27 09:45:31,3774.0,114997
2021-04-27 09:45:33,3773.95,115000
2021-04-27 09:45:34,3773.95,115042
2021-04-27 09:45:35,3773.6,115157
2021-04-27 09:45:36,3773.9,115175
2021-04-27 09:45:37,3771.65,115277
2021-04-27 09:45:38,3771.65,115277
2021-04-27 09:45:39,3771.65,115277
2021-04-27 09:45:40,3773.0,115284
2021-04-27 09:45:40,3773.0,115284
2021-04-27 09:45:41,3773.0,115284
2021-04-27 09:45:42,3773.0,115284
2021-04-27 09:45:43,3771.1,115304
2021-04-27 09:45:44,3772.45,115454
2021-04-27 09:45:45,3772.75,115457
2021-04-27 09:45:46,3772.75,115457
2021-04-27 09:45:48,3771.25,115607
2021-04-27 09:45:49,3771.25,115607
2021-04-27 09:45:50,3771.25,115607
2021-04-27 09:45:51,3773.85,115782
2021-04-27 09:45:52,3771.45,115784
2021-04-27 09:45:53,3771.4,115814
2021-04-27 09:45:54,3773.35,115819
2021-04-27 09:45:55,3773.35,115819
2021-04-27 09:45:56,3771.25,115834
2021-04-27 09:45:57,3772.95,115835
2021-04-27 09:45:58,3771.0,115885
2021-04-27 09:45:59,3773.0,115908
2021-04-27 09:46:00,3771.0,116008
2021-04-27 09:46:01,3771.0,116008
2021-04-27 09:46:01,3771.0,116008
2021-04-27 09:46:02,3773.35,116028
2021-04-27 09:46:04,3773.8,116129
2021-04-27 09:46:05,3773.8,116129
2021-04-27 09:46:05,3773.8,116129
2021-04-27 09:46:06,3773.95,116179
2021-04-27 09:46:07,3773.95,116195
2021-04-27 09:46:10,3773.75,116376
2021-04-27 09:46:11,3773.8,116386
2021-04-27 09:46:12,3772.0,116411
2021-04-27 09:46:13,3772.0,116411
2021-04-27 09:46:14,3773.4,116438
2021-04-27 09:46:14,3773.4,116438
2021-04-27 09:46:16,3773.4,116518
2021-04-27 09:46:17,3773.4,116577
2021-04-27 09:46:18,3773.4,116577
2021-04-27 09:46:19,3773.4,116577
2021-04-27 09:46:20,3773.4,116577
2021-04-27 09:46:20,3773.4,116577
2021-04-27 09:46:22,3772.6,116679
2021-04-27 09:46:23,3772.6,116684
2021-04-27 09:46:24,3773.0,116784
2021-04-27 09:46:25,3773.2,116789
2021-04-27 09:46:25,3773.2,116789
2021-04-27 09:46:26,3773.95,116799
2021-04-27 09:46:27,3773.4,116824
2021-04-27 09:46:29,3773.35,116846
2021-04-27 09:46:30,3774.0,116976
2021-04-27 09:46:31,3774.0,116976
2021-04-27 09:46:32,3774.55,117634
2021-04-27 09:46:34,3773.4,117698
2021-04-27 09:46:35,3773.4,117706
2021-04-27 09:46:36,3774.8,117736
2021-04-27 09:46:37,3774.8,117736
2021-04-27 09:46:38,3776.8,120657
2021-04-27 09:46:39,3777.0,120697
2021-04-27 09:46:40,3777.0,120767
2021-04-27 09:46:41,3776.1,120900
2021-04-27 09:46:42,3777.25,121035
2021-04-27 09:46:43,3777.65,121054
2021-04-27 09:46:44,3777.0,121300
2021-04-27 09:46:45,3777.0,121311
2021-04-27 09:46:46,3777.65,121321
2021-04-27 09:46:47,3777.0,121427
2021-04-27 09:46:48,3776.7,121659
2021-04-27 09:46:49,3778.7,121691
2021-04-27 09:46:50,3778.0,121692
2021-04-27 09:46:51,3779.0,121751
2021-04-27 09:46:52,3777.65,121758
2021-04-27 09:46:53,3779.0,121840
2021-04-27 09:46:54,3777.6,121905
2021-04-27 09:46:55,3779.0,121925
2021-04-27 09:46:56,3779.0,121925
2021-04-27 09:46:57,3778.7,121927
2021-04-27 09:46:59,3779.0,121944
2021-04-27 09:47:00,3779.0,121959
2021-04-27 09:47:01,3778.7,121994
2021-04-27 09:47:02,3779.0,122001
2021-04-27 09:47:02,3779.0,122021
2021-04-27 09:47:03,3779.0,122041
2021-04-27 09:47:04,3777.1,122152
2021-04-27 09:47:05,3777.0,122432
2021-04-27 09:47:06,3778.0,122440
2021-04-27 09:47:07,3778.0,122595
2021-04-27 09:47:08,3778.8,122739
2021-04-27 09:47:10,3777.8,123294
2021-04-27 09:47:10,3778.6,123619
2021-04-27 09:47:12,3776.95,123721
2021-04-27 09:47:12,3776.95,123721
2021-04-27 09:47:13,3778.7,123723
2021-04-27 09:47:14,3778.7,123723
2021-04-27 09:47:16,3779.0,123767
2021-04-27 09:47:17,3778.95,123822
2021-04-27 09:47:17,3778.95,123822
2021-04-27 09:47:18,3776.65,123862
2021-04-27 09:47:20,3778.6,123888
2021-04-27 09:47:21,3778.0,123920
2021-04-27 09:47:22,3779.0,124411
2021-04-27 09:47:23,3778.9,124434
2021-04-27 09:47:24,3776.8,124486
2021-04-27 09:47:25,3776.8,124486
2021-04-27 09:47:26,3779.0,124676
2021-04-27 09:47:27,3779.0,124681
2021-04-27 09:47:28,3779.0,124685
2021-04-27 09:47:30,3776.9,124751
2021-04-27 09:47:31,3777.1,124752
2021-04-27 09:47:32,3777.1,124752
2021-04-27 09:47:33,3778.0,124762
2021-04-27 09:47:34,3778.0,124762
2021-04-27 09:47:35,3777.1,124787
2021-04-27 09:47:36,3777.05,124790
2021-04-27 09:47:38,3778.7,124804
2021-04-27 09:47:39,3778.7,124818
2021-04-27 09:47:40,3778.7,124818
2021-04-27 09:47:41,3777.05,124831
2021-04-27 09:47:42,3778.0,124847
2021-04-27 09:47:43,3778.0,124848
2021-04-27 09:47:44,3777.05,124941
2021-04-27 09:47:45,3777.1,124944
2021-04-27 09:47:45,3778.7,124958
2021-04-27 09:47:46,3778.7,125020
2021-04-27 09:47:47,3778.85,126212
2021-04-27 09:47:49,3778.85,126297
2021-04-27 09:47:50,3779.0,126317
2021-04-27 09:47:51,3779.0,126331
2021-04-27 09:47:52,3779.0,126335
2021-04-27 09:47:53,3779.25,127385
2021-04-27 09:47:54,3777.1,127453
2021-04-27 09:47:54,3777.1,127453
2021-04-27 09:47:55,3778.0,127460
2021-04-27 09:47:56,3778.0,127460
2021-04-27 09:47:57,3779.0,127480
2021-04-27 09:47:59,3777.25,127617
2021-04-27 09:48:00,3777.1,127647
2021-04-27 09:48:01,3777.65,127848
2021-04-27 09:48:02,3779.95,127863
2021-04-27 09:48:03,3779.95,127863
2021-04-27 09:48:04,3779.0,128091
2021-04-27 09:48:05,3780.0,128116
2021-04-27 09:48:05,3780.0,128116
2021-04-27 09:48:06,3779.0,128180
2021-04-27 09:48:07,3779.85,128258
2021-04-27 09:48:09,3779.0,128263
2021-04-27 09:48:10,3779.0,128263
2021-04-27 09:48:11,3778.55,128267
2021-04-27 09:48:12,3779.0,128268
2021-04-27 09:48:13,3779.0,128470
2021-04-27 09:48:14,3779.55,128478
2021-04-27 09:48:15,3777.6,128529
2021-04-27 09:48:16,3779.75,128547
2021-04-27 09:48:17,3779.75,128547
2021-04-27 09:48:17,3779.95,128578
2021-04-27 09:48:18,3779.0,128610
2021-04-27 09:48:20,3779.0,128620
2021-04-27 09:48:21,3778.95,128632
2021-04-27 09:48:22,3778.95,128634
2021-04-27 09:48:23,3780.0,128754
2021-04-27 09:48:24,3779.0,128774
2021-04-27 09:48:25,3780.0,128782
2021-04-27 09:48:26,3779.0,128824
2021-04-27 09:48:27,3780.0,128891
2021-04-27 09:48:28,3781.85,130659
2021-04-27 09:48:29,3782.0,130661
2021-04-27 09:48:30,3781.0,130676
2021-04-27 09:48:31,3781.0,130681
2021-04-27 09:48:33,3781.8,130717
2021-04-27 09:48:32,3781.8,130716
2021-04-27 09:48:34,3779.1,130987
2021-04-27 09:48:35,3779.15,131012
2021-04-27 09:48:36,3779.0,131041
2021-04-27 09:48:37,3782.0,131166
2021-04-27 09:48:38,3782.0,131216
2021-04-27 09:48:39,3782.0,131268
2021-04-27 09:48:40,3782.0,131394
2021-04-27 09:48:41,3782.1,131609
2021-04-27 09:48:42,3782.1,131614
2021-04-27 09:48:43,3780.1,131620
2021-04-27 09:48:44,3782.0,131720
2021-04-27 09:48:45,3782.0,131845
2021-04-27 09:48:46,3780.45,131879
2021-04-27 09:48:46,3782.0,131889
2021-04-27 09:48:47,3782.2,131893
2021-04-27 09:48:49,3782.35,131945
2021-04-27 09:48:50,3782.75,132045
2021-04-27 09:48:51,3782.75,132045
2021-04-27 09:48:52,3782.75,132045
2021-04-27 09:48:53,3782.0,132048
2021-04-27 09:48:54,3780.75,132050
2021-04-27 09:48:55,3780.75,132050
2021-04-27 09:48:56,3780.75,132050
2021-04-27 09:48:56,3780.8,132153
2021-04-27 09:48:57,3782.0,132253
2021-04-27 09:48:58,3782.55,132310
2021-04-27 09:49:00,3782.5,132312
2021-04-27 09:49:01,3779.85,132944
2021-04-27 09:49:02,3779.95,132981
2021-04-27 09:49:03,3780.2,133033
2021-04-27 09:49:04,3780.2,133033
2021-04-27 09:49:05,3780.0,133043
2021-04-27 09:49:06,3778.2,133058
2021-04-27 09:49:07,3778.2,133058
2021-04-27 09:49:09,3778.2,133058
2021-04-27 09:49:10,3778.2,133058
2021-04-27 09:49:11,3777.0,133505
2021-04-27 09:49:12,3777.0,133505
2021-04-27 09:49:13,3778.25,133507
2021-04-27 09:49:14,3778.25,133507
2021-04-27 09:49:15,3776.8,133530
2021-04-27 09:49:16,3778.35,133640
2021-04-27 09:49:18,3777.0,133753
2021-04-27 09:49:19,3777.0,133803
2021-04-27 09:49:20,3777.0,133825
2021-04-27 09:49:21,3779.0,133826
2021-04-27 09:49:22,3777.05,133865
2021-04-27 09:49:23,3777.05,133865
2021-04-27 09:49:24,3775.8,134066
2021-04-27 09:49:24,3775.8,134066
2021-04-27 09:49:26,3775.95,134817
2021-04-27 09:49:27,3776.0,134822
2021-04-27 09:49:28,3775.0,134827
2021-04-27 09:49:29,3778.2,135327
2021-04-27 09:49:30,3776.0,135336
2021-04-27 09:49:31,3776.0,135337
2021-04-27 09:49:32,3777.0,135341
2021-04-27 09:49:33,3777.0,135341
2021-04-27 09:49:34,3777.0,135461
2021-04-27 09:49:35,3778.7,135476
2021-04-27 09:49:36,3776.55,135491
2021-04-27 09:49:40,3776.0,135587
2021-04-27 09:49:42,3776.0,135637
2021-04-27 09:49:41,3776.0,135637
2021-04-27 09:49:43,3776.0,135637
2021-04-27 09:49:45,3775.95,135652
2021-04-27 09:49:44,3776.0,135637
2021-04-27 09:49:46,3777.0,135653
2021-04-27 09:49:47,3777.0,135653
2021-04-27 09:49:48,3777.0,135743
2021-04-27 09:49:49,3777.0,135743
2021-04-27 09:49:50,3777.0,135743
2021-04-27 09:49:51,3776.1,135747
2021-04-27 09:49:52,3776.1,135747
2021-04-27 09:49:53,3777.0,135757
2021-04-27 09:49:54,3777.0,135757
2021-04-27 09:49:55,3777.0,135758
2021-04-27 09:49:56,3775.95,136034
2021-04-27 09:49:58,3777.0,136058
2021-04-27 09:50:00,3775.6,136128
2021-04-27 09:50:01,3778.45,136176
2021-04-27 09:50:03,3778.7,136292
2021-04-27 09:50:04,3778.7,136296
2021-04-27 09:50:08,3779.0,136342
2021-04-27 09:50:09,3779.0,136375
2021-04-27 09:50:11,3779.0,136377
2021-04-27 09:50:12,3779.0,136377
2021-04-27 09:50:13,3779.0,136385
2021-04-27 09:50:14,3779.0,136385
2021-04-27 09:50:15,3779.0,136606
2021-04-27 09:50:16,3778.7,136607
2021-04-27 09:50:17,3779.0,136610
2021-04-27 09:50:18,3779.0,136610
2021-04-27 09:50:19,3779.0,136610
2021-04-27 09:50:20,3779.0,136619
2021-04-27 09:50:21,3779.0,136628
2021-04-27 09:50:22,3779.9,136678
2021-04-27 09:50:23,3775.8,137479
2021-04-27 09:50:24,3778.25,137486
2021-04-27 09:50:25,3778.8,137536
2021-04-27 09:50:26,3778.95,137687
2021-04-27 09:50:27,3778.95,137687
2021-04-27 09:50:28,3778.95,137687
2021-04-27 09:50:29,3778.95,137687
2021-04-27 09:50:30,3778.95,137689
2021-04-27 09:50:31,3776.4,137803
2021-04-27 09:50:32,3776.0,137804
2021-04-27 09:50:33,3778.2,137829
2021-04-27 09:50:34,3778.15,137831
2021-04-27 09:50:35,3775.3,137907
2021-04-27 09:50:36,3777.15,137922
2021-04-27 09:50:38,3775.2,137926
2021-04-27 09:50:39,3776.0,137987
2021-04-27 09:50:40,3776.0,137987
2021-04-27 09:50:42,3775.0,138029
2021-04-27 09:50:41,3775.0,138029
2021-04-27 09:50:43,3776.0,138031
2021-04-27 09:50:44,3776.0,138031
2021-04-27 09:50:45,3776.0,138060
2021-04-27 09:50:46,3776.0,138080
2021-04-27 09:50:47,3776.0,138090
2021-04-27 09:50:48,3776.0,138102
2021-04-27 09:50:49,3776.0,138104
2021-04-27 09:50:50,3776.0,138110
2021-04-27 09:50:51,3776.0,138110
2021-04-27 09:50:52,3777.85,138120
2021-04-27 09:50:53,3777.9,138122
2021-04-27 09:50:54,3777.9,138122
2021-04-27 09:50:55,3777.95,138139
2021-04-27 09:50:56,3777.95,138139
2021-04-27 09:50:57,3777.95,138149
2021-04-27 09:50:58,3777.95,138149
2021-04-27 09:50:59,3775.95,138283
2021-04-27 09:51:00,3775.35,138285
2021-04-27 09:51:01,3778.0,138325
2021-04-27 09:51:03,3778.0,138325
2021-04-27 09:51:02,3778.0,138325
2021-04-27 09:51:04,3776.1,138330
2021-04-27 09:51:05,3776.1,138330
2021-04-27 09:51:06,3775.2,138390
2021-04-27 09:51:07,3777.4,138392
2021-04-27 09:51:08,3777.35,138393
2021-04-27 09:51:09,3777.35,138393
2021-04-27 09:51:10,3777.35,138393
2021-04-27 09:51:11,3777.35,138393
2021-04-27 09:51:12,3777.35,138393
2021-04-27 09:51:13,3775.35,138503
2021-04-27 09:51:14,3777.05,138668
2021-04-27 09:51:15,3775.4,138669
2021-04-27 09:51:16,3775.4,138669
2021-04-27 09:51:17,3775.4,138669
2021-04-27 09:51:18,3776.1,138719
2021-04-27 09:51:19,3776.1,138721
2021-04-27 09:51:20,3776.1,138721
2021-04-27 09:51:21,3776.1,138721
2021-04-27 09:51:22,3775.35,138761
2021-04-27 09:51:23,3776.6,138804
2021-04-27 09:51:24,3775.0,138849
2021-04-27 09:51:25,3775.0,138899
2021-04-27 09:51:26,3775.0,138899
2021-04-27 09:51:27,3775.0,138899
2021-04-27 09:51:28,3776.1,138951
2021-04-27 09:51:29,3776.1,138951
2021-04-27 09:51:30,3775.0,138953
2021-04-27 09:51:33,3776.0,139017
2021-04-27 09:51:34,3776.0,139017
2021-04-27 09:51:36,3775.0,139594
2021-04-27 09:51:36,3775.0,139594
2021-04-27 09:51:37,3775.85,139634
2021-04-27 09:51:38,3775.85,139635
2021-04-27 09:51:39,3775.85,139635
2021-04-27 09:51:40,3775.85,139635
2021-04-27 09:51:41,3775.85,139635
2021-04-27 09:51:42,3775.0,139655
2021-04-27 09:51:43,3775.0,139655
2021-04-27 09:51:44,3775.0,139655
2021-04-27 09:51:45,3775.0,139706
2021-04-27 09:51:48,3775.85,139725
2021-04-27 09:51:48,3775.85,139725
2021-04-27 09:51:49,3775.0,139747
2021-04-27 09:51:50,3775.0,139824
2021-04-27 09:51:51,3775.0,139824
2021-04-27 09:51:52,3775.0,139824
2021-04-27 09:51:53,3775.0,139894
2021-04-27 09:51:54,3775.0,139899
2021-04-27 09:51:55,3775.85,139905
2021-04-27 09:51:57,3775.85,139907
2021-04-27 09:51:58,3775.0,139917
2021-04-27 09:51:58,3775.0,139917
2021-04-27 09:51:59,3775.0,139942
2021-04-27 09:52:00,3775.85,139952
2021-04-27 09:52:01,3775.3,139980
2021-04-27 09:52:02,3775.3,139980
2021-04-27 09:52:03,3775.3,139980
2021-04-27 09:52:04,3775.3,139992
2021-04-27 09:52:06,3775.3,139992
2021-04-27 09:52:06,3775.3,139992
2021-04-27 09:52:07,3775.3,139992
2021-04-27 09:52:09,3775.0,140042
2021-04-27 09:52:10,3775.0,140052
2021-04-27 09:52:11,3775.0,140101
2021-04-27 09:52:13,3775.0,140111
2021-04-27 09:52:13,3775.0,140111
2021-04-27 09:52:14,3775.0,140111
2021-04-27 09:52:15,3775.0,140141
2021-04-27 09:52:17,3775.0,140212
2021-04-27 09:52:18,3775.0,140223
2021-04-27 09:52:19,3775.0,140546
2021-04-27 09:52:20,3775.0,140546
2021-04-27 09:52:21,3775.0,140546
2021-04-27 09:52:22,3774.05,140549
2021-04-27 09:52:23,3772.4,141327
2021-04-27 09:52:24,3771.0,141367
2021-04-27 09:52:25,3770.9,141423
2021-04-27 09:52:26,3770.9,141423
2021-04-27 09:52:28,3771.0,141425
2021-04-27 09:52:28,3771.0,141425
2021-04-27 09:52:29,3771.0,141425
2021-04-27 09:52:30,3773.65,141518
2021-04-27 09:52:31,3773.65,141518
2021-04-27 09:52:34,3773.35,141519
2021-04-27 09:52:34,3773.35,141519
2021-04-27 09:52:35,3773.35,141519
2021-04-27 09:52:36,3773.35,141519
2021-04-27 09:52:37,3771.0,141544
2021-04-27 09:52:38,3772.0,141594
2021-04-27 09:52:40,3772.0,141595
2021-04-27 09:52:41,3772.0,141595
2021-04-27 09:52:41,3772.0,141634
2021-04-27 09:52:42,3771.05,141646
2021-04-27 09:52:43,3771.05,141646
2021-04-27 09:52:44,3771.05,141646
2021-04-27 09:52:45,3771.0,141735
2021-04-27 09:52:47,3771.05,141766
2021-04-27 09:52:47,3772.5,141767
2021-04-27 09:52:48,3769.9,142702
2021-04-27 09:52:49,3768.8,142991
2021-04-27 09:52:50,3768.8,142991
2021-04-27 09:52:51,3767.05,143004
2021-04-27 09:52:52,3767.05,143004
2021-04-27 09:52:54,3767.05,143004
2021-04-27 09:52:55,3767.05,143092
2021-04-27 09:52:56,3765.55,143383
2021-04-27 09:52:57,3765.55,143383
2021-04-27 09:52:57,3765.55,143383
2021-04-27 09:52:58,3765.6,143417
2021-04-27 09:52:59,3766.1,143451
2021-04-27 09:53:00,3766.25,143457
2021-04-27 09:53:01,3765.9,143521
2021-04-27 09:53:02,3765.9,143521
2021-04-27 09:53:03,3765.9,143521
2021-04-27 09:53:04,3765.9,143521
2021-04-27 09:53:05,3765.9,143521
2021-04-27 09:53:06,3765.9,143521
2021-04-27 09:53:08,3768.3,143630
2021-04-27 09:53:08,3768.3,143630
2021-04-27 09:53:09,3768.3,143630
2021-04-27 09:53:10,3768.3,143630
2021-04-27 09:53:11,3768.3,143630
2021-04-27 09:53:12,3768.3,143630
2021-04-27 09:53:13,3768.3,143630
2021-04-27 09:53:14,3768.3,143630
2021-04-27 09:53:15,3768.3,143630
2021-04-27 09:53:16,3768.3,143635
2021-04-27 09:53:18,3768.3,143635
2021-04-27 09:53:18,3768.3,143635
2021-04-27 09:53:19,3767.4,143640
2021-04-27 09:53:21,3767.4,143640
2021-04-27 09:53:22,3766.2,143695
2021-04-27 09:53:24,3766.2,143695
2021-04-27 09:53:24,3766.2,143695
2021-04-27 09:53:25,3768.2,143807
2021-04-27 09:53:26,3768.3,143832
2021-04-27 09:53:27,3768.3,143862
2021-04-27 09:53:28,3768.3,143862
2021-04-27 09:53:30,3768.3,143862
2021-04-27 09:53:31,3768.9,143934
2021-04-27 09:53:32,3768.0,143967
2021-04-27 09:53:33,3768.0,143967
2021-04-27 09:53:34,3768.0,143967
2021-04-27 09:53:35,3768.0,144024
2021-04-27 09:53:37,3768.0,144034
2021-04-27 09:53:38,3765.9,144140
2021-04-27 09:53:39,3768.0,144160
2021-04-27 09:53:41,3768.0,144208
2021-04-27 09:53:42,3768.0,144235
2021-04-27 09:53:43,3768.0,144235
2021-04-27 09:53:45,3768.0,144336
2021-04-27 09:53:46,3768.0,144336
2021-04-27 09:53:47,3768.0,144336
2021-04-27 09:53:48,3768.0,144351
2021-04-27 09:53:49,3768.0,144351
2021-04-27 09:53:49,3768.0,144351
2021-04-27 09:53:50,3768.0,144351
2021-04-27 09:53:51,3768.0,144351
2021-04-27 09:53:52,3768.0,144366
2021-04-27 09:53:53,3768.9,144386
2021-04-27 09:53:54,3768.0,144390
2021-04-27 09:53:56,3769.4,144549
2021-04-27 09:53:57,3769.4,144549
2021-04-27 09:53:57,3769.4,144549
2021-04-27 09:53:58,3769.0,144617
2021-04-27 09:53:59,3769.0,144617
2021-04-27 09:54:01,3766.2,144639
2021-04-27 09:54:03,3766.2,144639
2021-04-27 09:54:04,3766.2,144639
2021-04-27 09:54:05,3766.2,144639
2021-04-27 09:54:06,3768.55,144649
2021-04-27 09:54:07,3768.55,144649
2021-04-27 09:54:08,3770.0,145649
2021-04-27 09:54:09,3766.2,146093
2021-04-27 09:54:11,3769.15,146094
2021-04-27 09:54:13,3769.15,146094
2021-04-27 09:54:14,3766.85,146095
2021-04-27 09:54:15,3766.85,146095
2021-04-27 09:54:16,3766.85,146095
2021-04-27 09:54:17,3766.85,146095
2021-04-27 09:54:18,3766.0,146175
2021-04-27 09:54:19,3766.0,146175
2021-04-27 09:54:21,3765.3,146568
2021-04-27 09:54:22,3765.95,146591
2021-04-27 09:54:23,3765.9,146603
2021-04-27 09:54:23,3765.9,146603
2021-04-27 09:54:24,3765.9,146603
2021-04-27 09:54:26,3766.2,146617
2021-04-27 09:54:28,3766.2,146617
2021-04-27 09:54:29,3766.2,146617
2021-04-27 09:54:30,3765.9,146620
2021-04-27 09:54:30,3765.9,146620
2021-04-27 09:54:32,3765.1,146649
2021-04-27 09:54:33,3763.5,147841
2021-04-27 09:54:34,3764.05,147903
2021-04-27 09:54:35,3764.05,147915
2021-04-27 09:54:36,3764.05,147916
2021-04-27 09:54:37,3764.9,147934
2021-04-27 09:54:39,3764.0,148025
2021-04-27 09:54:40,3764.0,148025
2021-04-27 09:54:41,3764.0,148025
2021-04-27 09:54:42,3763.5,148030
2021-04-27 09:54:43,3763.5,148030
2021-04-27 09:54:44,3763.55,148039
2021-04-27 09:54:45,3763.55,148039
2021-04-27 09:54:45,3763.55,148039
2021-04-27 09:54:46,3763.55,148044
2021-04-27 09:54:47,3763.5,148045
2021-04-27 09:54:48,3763.5,148045
2021-04-27 09:54:50,3763.5,148170
2021-04-27 09:54:51,3763.5,148170
2021-04-27 09:54:52,3763.6,148172
2021-04-27 09:54:53,3763.6,148175
2021-04-27 09:54:54,3763.5,148220
2021-04-27 09:54:55,3763.5,148220
2021-04-27 09:54:56,3763.5,148220
2021-04-27 09:54:58,3762.15,148240
2021-04-27 09:54:58,3765.75,149131
2021-04-27 09:55:00,3764.45,149241
2021-04-27 09:55:01,3764.45,149241
2021-04-27 09:55:01,3762.1,149291
2021-04-27 09:55:02,3762.1,149291
2021-04-27 09:55:03,3764.05,149293
2021-04-27 09:55:04,3760.85,149777
2021-04-27 09:55:05,3760.35,149847
2021-04-27 09:55:06,3761.4,149867
2021-04-27 09:55:08,3760.95,149872
2021-04-27 09:55:09,3760.95,149883
2021-04-27 09:55:10,3762.45,149884
2021-04-27 09:55:10,3762.45,149884
2021-04-27 09:55:11,3762.5,149903
2021-04-27 09:55:12,3762.5,149903
2021-04-27 09:55:13,3760.25,149983
2021-04-27 09:55:14,3760.3,149993
2021-04-27 09:55:16,3760.3,149993
2021-04-27 09:55:17,3760.3,150015
2021-04-27 09:55:18,3762.2,150073
2021-04-27 09:55:18,3762.2,150073
2021-04-27 09:55:20,3762.2,150113
2021-04-27 09:55:21,3760.8,150133
2021-04-27 09:55:22,3760.4,150189
2021-04-27 09:55:23,3760.85,150214
2021-04-27 09:55:25,3760.85,150214
2021-04-27 09:55:26,3760.65,150224
2021-04-27 09:55:27,3762.0,150235
2021-04-27 09:55:27,3762.0,150235
2021-04-27 09:55:30,3760.6,150272
2021-04-27 09:55:30,3760.6,150272
2021-04-27 09:55:32,3760.6,150272
2021-04-27 09:55:33,3760.6,150272
2021-04-27 09:55:34,3760.6,150272
2021-04-27 09:55:36,3760.6,150272
2021-04-27 09:55:37,3762.0,150275
2021-04-27 09:55:38,3762.0,150277
2021-04-27 09:55:39,3760.6,150298
2021-04-27 09:55:40,3762.0,150310
2021-04-27 09:55:41,3762.0,150325
2021-04-27 09:55:42,3762.0,150325
2021-04-27 09:55:43,3762.0,150329
2021-04-27 09:55:44,3760.5,150359
2021-04-27 09:55:46,3762.05,150370
2021-04-27 09:55:47,3762.0,150374
2021-04-27 09:55:48,3762.0,150409
2021-04-27 09:55:48,3762.0,150409
2021-04-27 09:55:49,3762.0,150419
2021-04-27 09:55:50,3762.0,150419
2021-04-27 09:55:51,3762.0,150420
2021-04-27 09:55:52,3762.0,150458
2021-04-27 09:55:53,3762.0,150458
2021-04-27 09:55:55,3762.0,150458
2021-04-27 09:55:56,3762.0,150458
2021-04-27 09:55:57,3762.0,150468
2021-04-27 09:55:58,3760.95,150489
2021-04-27 09:55:59,3760.95,150489
2021-04-27 09:55:59,3760.95,150489
2021-04-27 09:56:02,3760.95,150492
2021-04-27 09:56:03,3761.0,150502
2021-04-27 09:56:04,3761.0,150517
2021-04-27 09:56:05,3761.0,150518
2021-04-27 09:56:06,3761.0,150518
2021-04-27 09:56:07,3761.0,150522
2021-04-27 09:56:08,3760.85,150645
2021-04-27 09:56:08,3760.85,150645
2021-04-27 09:56:10,3760.85,150649
2021-04-27 09:56:12,3760.5,150691
2021-04-27 09:56:13,3760.5,150691
2021-04-27 09:56:14,3760.5,150746
2021-04-27 09:56:15,3760.5,150776
2021-04-27 09:56:16,3761.15,150783
2021-04-27 09:56:17,3761.15,150783
2021-04-27 09:56:18,3760.9,150834
2021-04-27 09:56:19,3760.9,150834
2021-04-27 09:56:20,3760.9,150834
2021-04-27 09:56:21,3761.8,150835
2021-04-27 09:56:22,3761.8,150872
2021-04-27 09:56:22,3761.8,150872
2021-04-27 09:56:24,3761.0,150877
2021-04-27 09:56:25,3761.0,150877
2021-04-27 09:56:28,3761.0,150877
2021-04-27 09:56:29,3761.0,150877
2021-04-27 09:56:30,3761.0,150897
2021-04-27 09:56:31,3761.0,150897
2021-04-27 09:56:32,3762.0,151097
2021-04-27 09:56:34,3762.0,151109
2021-04-27 09:56:35,3762.0,151109
2021-04-27 09:56:36,3762.0,151109
2021-04-27 09:56:37,3762.0,151109
2021-04-27 09:56:38,3762.0,151109
2021-04-27 09:56:39,3762.0,151189
2021-04-27 09:56:40,3761.15,151269
2021-04-27 09:56:41,3761.7,151359
2021-04-27 09:56:42,3761.7,151359
2021-04-27 09:56:44,3761.7,151365
2021-04-27 09:56:45,3760.5,151643
2021-04-27 09:56:46,3760.5,151643
2021-04-27 09:56:47,3761.15,151653
2021-04-27 09:56:48,3761.15,151653
2021-04-27 09:56:49,3761.15,151653
2021-04-27 09:56:50,3760.5,151661
2021-04-27 09:56:51,3760.5,151661
2021-04-27 09:56:52,3761.15,151671
2021-04-27 09:56:53,3760.5,151701
2021-04-27 09:56:54,3761.15,151704
2021-04-27 09:56:55,3761.2,151803
2021-04-27 09:56:56,3761.15,151822
2021-04-27 09:56:57,3760.5,151839
2021-04-27 09:56:58,3760.5,151839
2021-04-27 09:57:00,3760.5,151939
2021-04-27 09:57:01,3760.5,151944
2021-04-27 09:57:02,3761.2,151946
2021-04-27 09:57:03,3761.2,151954
2021-04-27 09:57:04,3761.2,151955
2021-04-27 09:57:06,3761.0,152005
2021-04-27 09:57:07,3761.0,152005
2021-04-27 09:57:08,3761.2,152010
2021-04-27 09:57:09,3761.85,152012
2021-04-27 09:57:10,3761.8,152024
2021-04-27 09:57:11,3761.8,152024
2021-04-27 09:57:12,3761.8,152026
2021-04-27 09:57:13,3761.8,152069
2021-04-27 09:57:14,3761.8,152073
2021-04-27 09:57:15,3761.8,152073
2021-04-27 09:57:16,3761.2,152093
2021-04-27 09:57:17,3761.8,152138
2021-04-27 09:57:17,3761.8,152138
2021-04-27 09:57:18,3761.8,152140
2021-04-27 09:57:19,3761.8,152140
2021-04-27 09:57:21,3760.5,152255
2021-04-27 09:57:22,3760.5,152255
2021-04-27 09:57:23,3760.5,152255
2021-04-27 09:57:24,3760.5,152255
2021-04-27 09:57:25,3761.0,152277
2021-04-27 09:57:26,3761.0,152277
2021-04-27 09:57:27,3761.0,152277
2021-04-27 09:57:28,3760.5,152427
2021-04-27 09:57:29,3760.5,152427
2021-04-27 09:57:30,3761.0,152428
2021-04-27 09:57:31,3760.5,152444
2021-04-27 09:57:32,3760.5,152444
2021-04-27 09:57:33,3760.5,152504
2021-04-27 09:57:34,3760.5,152504
2021-04-27 09:57:35,3760.5,152504
2021-04-27 09:57:36,3760.5,152504
2021-04-27 09:57:37,3760.55,152508
2021-04-27 09:57:37,3760.55,152508
2021-04-27 09:57:38,3760.5,152608
2021-04-27 09:57:39,3761.0,152643
2021-04-27 09:57:41,3761.0,152643
2021-04-27 09:57:42,3761.0,152643
2021-04-27 09:57:43,3761.0,152654
2021-04-27 09:57:44,3761.0,152654
2021-04-27 09:57:45,3761.0,152654
2021-04-27 09:57:46,3761.0,152654
2021-04-27 09:57:47,3761.0,152717
2021-04-27 09:57:48,3761.0,152717
2021-04-27 09:57:49,3761.0,152717
2021-04-27 09:57:50,3760.75,152746
2021-04-27 09:57:51,3760.75,152746
2021-04-27 09:57:53,3761.0,152747
2021-04-27 09:57:55,3764.4,153679
2021-04-27 09:57:55,3764.4,153679
2021-04-27 09:57:56,3764.4,153679
2021-04-27 09:57:57,3762.5,153709
2021-04-27 09:57:58,3762.5,153709
2021-04-27 09:57:59,3762.85,153719
2021-04-27 09:58:00,3762.85,153719
2021-04-27 09:58:02,3762.85,153719
2021-04-27 09:58:03,3764.65,153726
2021-04-27 09:58:04,3764.9,153743
2021-04-27 09:58:05,3764.9,153743
2021-04-27 09:58:06,3765.9,153912
2021-04-27 09:58:07,3765.9,153912
2021-04-27 09:58:07,3765.9,153912
2021-04-27 09:58:08,3765.9,153912
2021-04-27 09:58:10,3764.65,154275
2021-04-27 09:58:11,3765.0,154359
2021-04-27 09:58:12,3765.0,154359
2021-04-27 09:58:13,3766.65,154705
2021-04-27 09:58:13,3766.65,154705
2021-04-27 09:58:14,3766.0,154789
2021-04-27 09:58:15,3766.0,154789
2021-04-27 09:58:17,3766.3,155009
2021-04-27 09:58:18,3766.3,155009
2021-04-27 09:58:19,3766.3,155009
2021-04-27 09:58:20,3765.0,155022
2021-04-27 09:58:21,3766.75,155058
2021-04-27 09:58:22,3766.75,155058
2021-04-27 09:58:23,3766.75,155058
2021-04-27 09:58:25,3766.45,155076
2021-04-27 09:58:26,3765.1,155086
2021-04-27 09:58:27,3765.1,155086
2021-04-27 09:58:28,3765.1,155086
2021-04-27 09:58:29,3765.85,155270
2021-04-27 09:58:30,3765.0,155271
2021-04-27 09:58:31,3762.8,155423
2021-04-27 09:58:32,3764.8,155473
2021-04-27 09:58:33,3765.2,155523
2021-04-27 09:58:34,3765.2,155523
2021-04-27 09:58:34,3765.2,155523
2021-04-27 09:58:36,3765.45,155534
2021-04-27 09:58:37,3765.45,155534
2021-04-27 09:58:39,3765.45,155534
2021-04-27 09:58:40,3765.45,155534
2021-04-27 09:58:41,3765.85,155538
2021-04-27 09:58:42,3765.85,155538
2021-04-27 09:58:43,3764.15,155560
2021-04-27 09:58:44,3764.15,155560
2021-04-27 09:58:45,3764.15,155560
2021-04-27 09:58:46,3764.15,155560
2021-04-27 09:58:47,3764.15,155560
2021-04-27 09:58:48,3765.8,155572
2021-04-27 09:58:49,3765.85,155645
2021-04-27 09:58:50,3767.4,156145
2021-04-27 09:58:51,3767.4,156145
2021-04-27 09:58:52,3767.4,156145
2021-04-27 09:58:52,3767.4,156145
2021-04-27 09:58:53,3766.0,156155
2021-04-27 09:58:54,3766.05,156165
2021-04-27 09:58:56,3766.05,156176
2021-04-27 09:58:57,3766.05,156176
2021-04-27 09:58:58,3766.05,156176
2021-04-27 09:58:59,3766.05,156176
2021-04-27 09:59:00,3765.85,156229
2021-04-27 09:59:00,3765.85,156229
2021-04-27 09:59:02,3765.85,156229
2021-04-27 09:59:03,3765.7,156272
2021-04-27 09:59:04,3765.7,156272
2021-04-27 09:59:05,3765.85,156277
2021-04-27 09:59:06,3765.85,156277
2021-04-27 09:59:07,3765.85,156281
2021-04-27 09:59:08,3764.7,156292
2021-04-27 09:59:09,3764.7,156292
2021-04-27 09:59:10,3765.75,156445
2021-04-27 09:59:11,3765.85,156465
2021-04-27 09:59:11,3765.85,156465
2021-04-27 09:59:12,3764.45,156473
2021-04-27 09:59:14,3765.85,156474
2021-04-27 09:59:15,3765.85,156474
2021-04-27 09:59:16,3765.95,156543
2021-04-27 09:59:17,3765.95,156543
2021-04-27 09:59:18,3765.95,156543
2021-04-27 09:59:19,3765.95,156543
2021-04-27 09:59:21,3765.95,156543
2021-04-27 09:59:22,3765.95,156543
2021-04-27 09:59:23,3763.0,156686
2021-04-27 09:59:24,3763.0,156686
2021-04-27 09:59:25,3763.65,156689
2021-04-27 09:59:25,3765.05,156693
2021-04-27 09:59:26,3763.45,156708
2021-04-27 09:59:27,3765.1,156710
2021-04-27 09:59:29,3765.2,156712
2021-04-27 09:59:30,3765.2,156712
2021-04-27 09:59:31,3765.95,156713
2021-04-27 09:59:32,3765.95,156713
2021-04-27 09:59:33,3763.55,156723
2021-04-27 09:59:34,3763.2,156733
2021-04-27 09:59:34,3763.2,156733
2021-04-27 09:59:35,3764.95,156742
2021-04-27 09:59:37,3764.0,156757
2021-04-27 09:59:38,3765.0,156758
2021-04-27 09:59:39,3765.0,156760
2021-04-27 09:59:40,3765.0,156760
2021-04-27 09:59:41,3765.0,156760
2021-04-27 09:59:42,3765.0,156760
2021-04-27 09:59:43,3765.0,156760
2021-04-27 09:59:44,3765.0,156781
2021-04-27 09:59:45,3765.0,156781
2021-04-27 09:59:46,3765.0,156781
2021-04-27 09:59:47,3765.0,156801
2021-04-27 09:59:48,3765.0,156801
2021-04-27 09:59:49,3765.0,156801
2021-04-27 09:59:50,3765.0,156801
2021-04-27 09:59:51,3764.0,156898
2021-04-27 09:59:52,3764.55,156998
2021-04-27 09:59:53,3764.0,156999
2021-04-27 09:59:54,3764.0,156999
2021-04-27 09:59:55,3764.0,156999
2021-04-27 09:59:56,3764.85,157001
2021-04-27 09:59:57,3764.9,157003
2021-04-27 09:59:59,3764.9,157011
2021-04-27 10:00:00,3764.9,157011
2021-04-27 10:00:01,3764.9,157011
2021-04-27 10:00:02,3764.9,157021
2021-04-27 10:00:03,3765.0,157024
2021-04-27 10:00:04,3765.0,157125
2021-04-27 10:00:05,3765.0,157125
2021-04-27 10:00:05,3765.0,157125
2021-04-27 10:00:07,3764.0,157241
2021-04-27 10:00:08,3764.0,157241
2021-04-27 10:00:09,3762.05,157251
2021-04-27 10:00:10,3762.05,157252
2021-04-27 10:00:11,3762.15,157257
2021-04-27 10:00:12,3762.15,157257
2021-04-27 10:00:13,3762.15,157257
2021-04-27 10:00:14,3762.15,157257
2021-04-27 10:00:15,3762.1,157259
2021-04-27 10:00:16,3762.1,157259
2021-04-27 10:00:17,3762.1,157259
2021-04-27 10:00:18,3762.0,157263
2021-04-27 10:00:19,3762.0,157263
2021-04-27 10:00:20,3763.9,157278
2021-04-27 10:00:21,3763.9,157278
2021-04-27 10:00:22,3762.35,157308
2021-04-27 10:00:23,3762.05,157316
2021-04-27 10:00:24,3764.0,157326
2021-04-27 10:00:25,3764.0,157326
2021-04-27 10:00:26,3764.05,157331
2021-04-27 10:00:27,3764.05,157331
2021-04-27 10:00:28,3763.95,157336
2021-04-27 10:00:29,3763.95,157336
2021-04-27 10:00:30,3763.95,157337
2021-04-27 10:00:31,3763.95,157337
2021-04-27 10:00:33,3763.9,157340
2021-04-27 10:00:34,3763.9,157340
2021-04-27 10:00:35,3762.1,157341
2021-04-27 10:00:36,3762.0,157375
2021-04-27 10:00:37,3762.0,157375
2021-04-27 10:00:38,3762.0,157389
2021-04-27 10:00:39,3762.0,157389
2021-04-27 10:00:40,3763.7,157416
2021-04-27 10:00:41,3762.3,157497
2021-04-27 10:00:42,3762.3,157497
2021-04-27 10:00:43,3763.85,157518
2021-04-27 10:00:44,3763.85,157518
2021-04-27 10:00:45,3762.05,157534
2021-04-27 10:00:46,3762.05,157534
2021-04-27 10:00:48,3763.8,157536
2021-04-27 10:00:49,3763.8,157536
2021-04-27 10:00:50,3762.15,157538
2021-04-27 10:00:51,3762.2,157551
2021-04-27 10:00:52,3763.0,157576
2021-04-27 10:00:53,3763.0,157576
2021-04-27 10:00:54,3762.0,157593
2021-04-27 10:00:55,3762.0,157619
2021-04-27 10:00:56,3763.0,158036
2021-04-27 10:00:58,3757.25,160395
2021-04-27 10:00:59,3757.25,160395
2021-04-27 10:01:00,3759.0,160608
2021-04-27 10:01:01,3759.0,160608
2021-04-27 10:01:03,3759.0,160608
2021-04-27 10:01:04,3756.75,160615
2021-04-27 10:01:05,3757.25,160617
2021-04-27 10:01:06,3759.0,160637
2021-04-27 10:01:07,3759.0,160637
2021-04-27 10:01:08,3757.0,160758
2021-04-27 10:01:09,3757.1,160761
2021-04-27 10:01:10,3757.1,160761
2021-04-27 10:01:11,3757.25,160769
2021-04-27 10:01:12,3756.6,160809
2021-04-27 10:01:14,3759.0,160883
2021-04-27 10:01:15,3759.0,160883
2021-04-27 10:01:16,3759.0,160883
2021-04-27 10:01:17,3756.75,160902
2021-04-27 10:01:18,3756.35,160963
2021-04-27 10:01:19,3756.35,160963
2021-04-27 10:01:21,3758.8,160968
2021-04-27 10:01:22,3758.8,160968
2021-04-27 10:01:23,3758.8,160968
2021-04-27 10:01:24,3756.1,161084
2021-04-27 10:01:25,3756.1,161084
2021-04-27 10:01:26,3756.1,161084
2021-04-27 10:01:27,3756.35,161090
2021-04-27 10:01:28,3756.35,161090
2021-04-27 10:01:29,3755.25,161206
2021-04-27 10:01:30,3757.0,161211
2021-04-27 10:01:31,3757.0,161211
2021-04-27 10:01:32,3756.1,161224
2021-04-27 10:01:33,3756.85,161244
2021-04-27 10:01:34,3756.8,161245
2021-04-27 10:01:35,3756.8,161245
2021-04-27 10:01:36,3756.6,161260
2021-04-27 10:01:37,3756.6,161260
2021-04-27 10:01:39,3756.85,161335
2021-04-27 10:01:40,3756.85,161358
2021-04-27 10:01:41,3756.85,161358
2021-04-27 10:01:42,3755.0,161597
2021-04-27 10:01:43,3756.8,161618
2021-04-27 10:01:44,3756.8,161618
2021-04-27 10:01:45,3755.0,161619
2021-04-27 10:01:47,3755.0,161640
2021-04-27 10:01:48,3755.0,161640
2021-04-27 10:01:49,3755.0,161641
2021-04-27 10:01:50,3755.0,161641
2021-04-27 10:01:51,3755.0,161641
2021-04-27 10:01:52,3756.0,161789
2021-04-27 10:01:53,3755.0,161845
2021-04-27 10:01:54,3756.0,161861
2021-04-27 10:01:55,3756.0,161861
2021-04-27 10:01:56,3755.0,161866
2021-04-27 10:01:57,3755.0,161905
2021-04-27 10:01:59,3755.0,161905
2021-04-27 10:01:58,3755.0,161905
2021-04-27 10:02:00,3755.0,161913
2021-04-27 10:02:01,3756.0,161928
2021-04-27 10:02:02,3756.0,161928
2021-04-27 10:02:03,3755.0,161943
2021-04-27 10:02:04,3755.0,161943
2021-04-27 10:02:05,3755.95,162013
2021-04-27 10:02:06,3756.4,162063
2021-04-27 10:02:07,3756.3,162073
2021-04-27 10:02:08,3755.0,162076
2021-04-27 10:02:09,3755.0,162076
2021-04-27 10:02:11,3756.35,162091
2021-04-27 10:02:10,3756.35,162091
2021-04-27 10:02:12,3756.35,162091
2021-04-27 10:02:13,3755.0,162098
2021-04-27 10:02:14,3755.0,162098
2021-04-27 10:02:15,3755.0,162112
2021-04-27 10:02:16,3756.8,162188
2021-04-27 10:02:17,3756.8,162203
2021-04-27 10:02:19,3756.8,162203
2021-04-27 10:02:18,3756.8,162203
2021-04-27 10:02:20,3756.8,162203
2021-04-27 10:02:22,3756.8,162203
2021-04-27 10:02:23,3756.3,162242
2021-04-27 10:02:24,3756.3,162242
2021-04-27 10:02:26,3756.0,162252
2021-04-27 10:02:26,3756.0,162252
2021-04-27 10:02:27,3756.0,162252
2021-04-27 10:02:28,3756.0,162252
2021-04-27 10:02:29,3756.0,162252
2021-04-27 10:02:31,3756.3,162254
2021-04-27 10:02:31,3756.3,162254
2021-04-27 10:02:32,3756.3,162254
2021-04-27 10:02:33,3756.8,162256
2021-04-27 10:02:34,3756.8,162256
2021-04-27 10:02:35,3756.8,162321
2021-04-27 10:02:37,3755.0,162376
2021-04-27 10:02:38,3755.0,162376
2021-04-27 10:02:38,3755.0,162376
2021-04-27 10:02:39,3755.5,162389
2021-04-27 10:02:40,3756.55,162439
2021-04-27 10:02:41,3756.5,162471
2021-04-27 10:02:42,3756.5,162471
2021-04-27 10:02:44,3758.6,163620
2021-04-27 10:02:46,3759.7,163621
2021-04-27 10:02:46,3759.7,163621
2021-04-27 10:02:47,3759.7,163621
2021-04-27 10:02:48,3759.7,163721
2021-04-27 10:02:49,3759.7,163721
2021-04-27 10:02:50,3759.7,163721
2021-04-27 10:02:52,3759.9,163733
2021-04-27 10:02:53,3759.9,163733
2021-04-27 10:02:53,3759.7,163743
2021-04-27 10:02:54,3759.7,163743
2021-04-27 10:02:55,3758.2,163763
2021-04-27 10:02:56,3758.2,163763
2021-04-27 10:02:57,3758.2,163764
2021-04-27 10:02:58,3758.0,163814
2021-04-27 10:02:59,3758.0,163814
2021-04-27 10:03:01,3759.0,163817
2021-04-27 10:03:01,3759.0,163817
2021-04-27 10:03:03,3759.0,163914
2021-04-27 10:03:04,3758.2,163964
2021-04-27 10:03:06,3759.0,163969
2021-04-27 10:03:06,3759.0,163969
2021-04-27 10:03:07,3759.0,163969
2021-04-27 10:03:08,3759.9,163970
2021-04-27 10:03:09,3759.9,163970
2021-04-27 10:03:10,3758.35,163980
2021-04-27 10:03:12,3758.4,163985
2021-04-27 10:03:12,3758.4,163985
2021-04-27 10:03:13,3758.4,163985
2021-04-27 10:03:14,3759.9,164103
2021-04-27 10:03:15,3759.9,164103
2021-04-27 10:03:17,3759.1,164625
2021-04-27 10:03:18,3759.1,164625
2021-04-27 10:03:18,3759.1,164625
2021-04-27 10:03:19,3760.0,164628
2021-04-27 10:03:20,3760.0,164628
2021-04-27 10:03:21,3760.0,164629
2021-04-27 10:03:23,3760.0,164680
2021-04-27 10:03:25,3760.0,164680
2021-04-27 10:03:25,3760.0,164680
2021-04-27 10:03:26,3760.0,164680
2021-04-27 10:03:27,3759.5,164685
2021-04-27 10:03:29,3759.5,164685
2021-04-27 10:03:29,3759.5,164685
2021-04-27 10:03:30,3760.0,164712
2021-04-27 10:03:31,3760.0,164712
2021-04-27 10:03:32,3760.0,164712
2021-04-27 10:03:33,3759.5,164762
2021-04-27 10:03:34,3759.5,164784
2021-04-27 10:03:35,3759.5,164784
2021-04-27 10:03:36,3759.5,164784
2021-04-27 10:03:37,3759.5,164784
2021-04-27 10:03:38,3759.5,164799
2021-04-27 10:03:39,3759.5,164799
2021-04-27 10:03:41,3759.15,164801
2021-04-27 10:03:42,3761.8,165490
2021-04-27 10:03:42,3759.5,164837
2021-04-27 10:03:43,3763.0,165506
2021-04-27 10:03:44,3761.25,165644
2021-04-27 10:03:45,3763.0,165649
2021-04-27 10:03:47,3763.15,165652
2021-04-27 10:03:48,3763.15,165652
2021-04-27 10:03:49,3763.1,165669
2021-04-27 10:03:50,3761.4,165670
2021-04-27 10:03:51,3761.4,165670
2021-04-27 10:03:52,3761.4,165670
2021-04-27 10:03:54,3761.4,165670
2021-04-27 10:03:54,3761.4,165670
2021-04-27 10:03:55,3761.4,165670
2021-04-27 10:03:56,3761.4,165670
2021-04-27 10:03:57,3761.4,165670
2021-04-27 10:03:58,3761.4,165670
2021-04-27 10:03:59,3761.4,165670
2021-04-27 10:04:02,3761.4,165670
2021-04-27 10:04:03,3761.4,165670
2021-04-27 10:04:03,3761.4,165670
2021-04-27 10:04:05,3760.2,165770
2021-04-27 10:04:14,3760.15,165928
2021-04-27 10:04:15,3760.15,165928
2021-04-27 10:04:17,3760.15,165928
2021-04-27 10:04:18,3761.8,165929
2021-04-27 10:04:18,3761.8,165929
2021-04-27 10:04:19,3761.8,165929
2021-04-27 10:04:20,3761.8,165929
2021-04-27 10:04:21,3760.05,165959
2021-04-27 10:04:23,3760.05,165959
2021-04-27 10:04:23,3760.05,165959
2021-04-27 10:04:25,3760.05,165959
2021-04-27 10:04:27,3760.05,165959
2021-04-27 10:04:28,3760.05,165959
2021-04-27 10:04:29,3761.4,165960
2021-04-27 10:04:31,3761.4,165960
2021-04-27 10:04:32,3761.4,165960
2021-04-27 10:04:34,3760.1,165963
2021-04-27 10:04:35,3760.1,165963
2021-04-27 10:04:38,3760.0,166431
2021-04-27 10:04:39,3760.0,166431
2021-04-27 10:04:40,3760.0,166431
2021-04-27 10:04:41,3760.0,166431
2021-04-27 10:04:43,3760.0,166582
2021-04-27 10:04:45,3760.0,166592
2021-04-27 10:04:46,3760.0,166592
2021-04-27 10:04:47,3760.0,166592
2021-04-27 10:04:48,3760.0,166592
2021-04-27 10:04:49,3760.0,166592
2021-04-27 10:04:49,3760.0,166592
2021-04-27 10:04:50,3759.5,166595
2021-04-27 10:04:51,3759.9,166600
2021-04-27 10:04:53,3759.5,166623
2021-04-27 10:04:55,3759.5,166623
2021-04-27 10:04:56,3759.5,166627
2021-04-27 10:04:56,3759.5,166627
2021-04-27 10:04:57,3759.5,166627
2021-04-27 10:04:58,3759.1,166653
2021-04-27 10:04:59,3759.1,166653
2021-04-27 10:05:01,3760.0,166683
2021-04-27 10:05:02,3760.0,166683
2021-04-27 10:05:03,3759.1,166693
2021-04-27 10:05:03,3759.1,166693
2021-04-27 10:05:04,3759.1,166718
2021-04-27 10:05:05,3759.1,166718
2021-04-27 10:05:07,3759.1,166719
2021-04-27 10:05:08,3758.0,166720
2021-04-27 10:05:08,3758.0,166720
2021-04-27 10:05:09,3758.0,166742
2021-04-27 10:05:10,3758.0,166742
2021-04-27 10:05:12,3758.0,166742
2021-04-27 10:05:13,3758.0,166792
2021-04-27 10:05:14,3758.0,166842
2021-04-27 10:05:15,3756.8,167094
2021-04-27 10:05:16,3756.0,167096
2021-04-27 10:05:17,3756.0,167096
2021-04-27 10:05:18,3756.0,167096
2021-04-27 10:05:19,3756.0,167116
2021-04-27 10:05:20,3756.0,167116
2021-04-27 10:05:20,3756.0,167116
2021-04-27 10:05:21,3756.0,167116
2021-04-27 10:05:22,3756.0,167116
2021-04-27 10:05:24,3756.0,167244
2021-04-27 10:05:25,3756.0,167249
2021-04-27 10:05:27,3756.0,167249
2021-04-27 10:05:28,3756.0,167319
2021-04-27 10:05:29,3756.0,167319
2021-04-27 10:05:30,3756.0,167319
2021-04-27 10:05:31,3756.0,167319
2021-04-27 10:05:31,3756.0,167319
2021-04-27 10:05:33,3755.5,167401
2021-04-27 10:05:35,3756.8,167411
2021-04-27 10:05:36,3756.8,167411
2021-04-27 10:05:37,3756.8,167411
2021-04-27 10:05:38,3756.8,167411
2021-04-27 10:05:40,3756.8,167411
2021-04-27 10:05:40,3756.8,167411
2021-04-27 10:05:41,3756.8,167411
2021-04-27 10:05:43,3757.25,167423
2021-04-27 10:05:44,3757.05,167443
2021-04-27 10:05:45,3756.0,167464
2021-04-27 10:05:45,3756.0,167464
2021-04-27 10:05:47,3757.35,167494
2021-04-27 10:05:48,3756.0,167495
2021-04-27 10:05:50,3756.0,167500
2021-04-27 10:05:50,3756.0,167500
2021-04-27 10:05:51,3755.5,167541
2021-04-27 10:05:52,3755.5,167541
2021-04-27 10:05:53,3755.5,167541
2021-04-27 10:05:54,3755.5,167541
2021-04-27 10:05:56,3755.1,167566
2021-04-27 10:05:58,3755.1,167586
2021-04-27 10:05:59,3755.1,167672
2021-04-27 10:06:00,3755.1,167672
2021-04-27 10:06:02,3756.0,167722
2021-04-27 10:06:03,3756.0,167722
2021-04-27 10:06:04,3756.0,167722
2021-04-27 10:06:05,3755.15,167723
2021-04-27 10:06:07,3755.0,167843
2021-04-27 10:06:07,3755.0,167868
2021-04-27 10:06:08,3755.5,167873
2021-04-27 10:06:09,3755.0,167911
2021-04-27 10:06:11,3753.05,168520
2021-04-27 10:06:12,3753.05,168548
2021-04-27 10:06:13,3754.55,168554
2021-04-27 10:06:13,3753.05,168604
2021-04-27 10:06:14,3753.05,168604
2021-04-27 10:06:15,3752.0,168856
2021-04-27 10:06:16,3752.2,168859
2021-04-27 10:06:18,3752.0,168869
2021-04-27 10:06:19,3752.0,168869
2021-04-27 10:06:20,3752.0,169020
2021-04-27 10:06:20,3752.0,169028
2021-04-27 10:06:21,3752.0,169028
2021-04-27 10:06:23,3752.2,169029
2021-04-27 10:06:25,3752.0,169129
2021-04-27 10:06:26,3752.0,169129
2021-04-27 10:06:26,3752.0,169129
2021-04-27 10:06:27,3753.0,169194
2021-04-27 10:06:28,3753.0,169194
2021-04-27 10:06:29,3752.1,169197
2021-04-27 10:06:31,3752.1,169197
2021-04-27 10:06:31,3752.1,169197
2021-04-27 10:06:33,3752.1,169204
2021-04-27 10:06:34,3752.1,169208
2021-04-27 10:06:34,3752.1,169221
2021-04-27 10:06:35,3752.1,169225
2021-04-27 10:06:37,3753.0,169242
2021-04-27 10:06:38,3752.0,169262
2021-04-27 10:06:38,3752.0,169263
2021-04-27 10:06:40,3752.0,169263
2021-04-27 10:06:40,3751.0,170029
2021-04-27 10:06:41,3752.0,170079
2021-04-27 10:06:42,3752.0,170104
2021-04-27 10:06:44,3752.45,170105
2021-04-27 10:06:45,3752.45,170115
2021-04-27 10:06:46,3752.0,170142
2021-04-27 10:06:47,3752.0,170142
2021-04-27 10:06:48,3752.0,170167
2021-04-27 10:06:49,3752.0,170167
2021-04-27 10:06:50,3752.0,170176
2021-04-27 10:06:51,3751.0,170276
2021-04-27 10:06:53,3751.05,170701
2021-04-27 10:06:54,3751.05,170701
2021-04-27 10:06:55,3751.0,170703
2021-04-27 10:06:56,3751.0,170703
2021-04-27 10:06:57,3752.95,170753
2021-04-27 10:06:57,3752.6,170777
2021-04-27 10:06:58,3752.6,170777
2021-04-27 10:06:59,3751.1,170797
2021-04-27 10:07:00,3752.85,170832
2021-04-27 10:07:01,3752.9,170857
2021-04-27 10:07:02,3751.1,170908
2021-04-27 10:07:03,3752.0,170922
2021-04-27 10:07:05,3751.2,170923
2021-04-27 10:07:06,3752.0,170953
2021-04-27 10:07:07,3751.0,170956
2021-04-27 10:07:08,3752.0,170966
2021-04-27 10:07:09,3751.1,170976
2021-04-27 10:07:10,3751.1,170976
2021-04-27 10:07:11,3752.85,171039
2021-04-27 10:07:12,3752.85,171039
2021-04-27 10:07:14,3752.85,171136
2021-04-27 10:07:15,3752.85,171136
2021-04-27 10:07:16,3752.85,171136
2021-04-27 10:07:17,3752.85,171136
2021-04-27 10:07:18,3753.0,171236
2021-04-27 10:07:19,3752.85,171238
2021-04-27 10:07:20,3752.85,171338
2021-04-27 10:07:21,3752.85,171338
2021-04-27 10:07:22,3753.0,171402
2021-04-27 10:07:23,3752.85,171417
2021-04-27 10:07:24,3752.85,171417
2021-04-27 10:07:25,3752.85,171417
2021-04-27 10:07:26,3753.0,171429
2021-04-27 10:07:27,3752.85,171433
2021-04-27 10:07:28,3753.0,171458
2021-04-27 10:07:29,3753.0,171458
2021-04-27 10:07:30,3753.0,171458
2021-04-27 10:07:30,3753.0,171458
2021-04-27 10:07:33,3751.0,171979
2021-04-27 10:07:34,3753.0,171980
2021-04-27 10:07:35,3753.0,171980
2021-04-27 10:07:36,3752.0,171985
2021-04-27 10:07:38,3752.0,171985
2021-04-27 10:07:39,3752.0,172000
2021-04-27 10:07:39,3753.0,172147
2021-04-27 10:07:40,3753.0,172147
2021-04-27 10:07:43,3752.0,172262
2021-04-27 10:07:44,3753.6,172283
2021-04-27 10:07:44,3754.8,172683
2021-04-27 10:07:45,3752.85,172709
2021-04-27 10:07:46,3752.85,172709
2021-04-27 10:07:47,3754.5,172710
2021-04-27 10:07:49,3754.5,172710
2021-04-27 10:07:50,3754.5,172713
2021-04-27 10:07:51,3754.5,172785
2021-04-27 10:07:52,3754.5,172785
2021-04-27 10:07:53,3754.5,172785
2021-04-27 10:07:54,3754.5,172785
2021-04-27 10:07:54,3754.5,172785
2021-04-27 10:07:55,3754.5,172785
2021-04-27 10:07:56,3754.55,172800
2021-04-27 10:07:57,3754.55,172800
2021-04-27 10:07:58,3754.55,172800
2021-04-27 10:08:00,3754.95,172802
2021-04-27 10:08:01,3754.95,172852
2021-04-27 10:08:03,3754.95,172852
2021-04-27 10:08:04,3754.95,172852
2021-04-27 10:08:06,3755.85,172951
2021-04-27 10:08:07,3755.85,172951
2021-04-27 10:08:08,3755.85,172951
2021-04-27 10:08:10,3755.05,172954
2021-04-27 10:08:11,3755.75,172955
2021-04-27 10:08:12,3755.75,172955
2021-04-27 10:08:13,3755.0,172960
2021-04-27 10:08:14,3755.75,172989
2021-04-27 10:08:15,3755.75,172994
2021-04-27 10:08:15,3755.75,172995
2021-04-27 10:08:16,3755.75,173063
2021-04-27 10:08:17,3755.75,173063
2021-04-27 10:08:18,3755.75,173063
2021-04-27 10:08:20,3755.0,173086
2021-04-27 10:08:21,3755.75,173095
2021-04-27 10:08:22,3755.75,173095
2021-04-27 10:08:25,3755.75,173107
2021-04-27 10:08:26,3755.75,173107
2021-04-27 10:08:27,3755.05,173109
2021-04-27 10:08:28,3755.0,173112
2021-04-27 10:08:29,3756.5,173491
2021-04-27 10:08:30,3756.5,173491
2021-04-27 10:08:32,3755.0,173496
2021-04-27 10:08:33,3755.0,173496
2021-04-27 10:08:34,3755.0,173556
2021-04-27 10:08:35,3755.0,173556
2021-04-27 10:08:36,3756.0,173581
2021-04-27 10:08:37,3756.0,173606
2021-04-27 10:08:37,3756.0,173606
2021-04-27 10:08:39,3756.0,173606
2021-04-27 10:08:40,3756.8,173671
2021-04-27 10:08:41,3756.8,173671
2021-04-27 10:08:42,3756.7,173673
2021-04-27 10:08:43,3756.7,173694
2021-04-27 10:08:44,3756.7,173694
2021-04-27 10:08:45,3756.7,173694
2021-04-27 10:08:46,3756.7,173694
2021-04-27 10:08:47,3756.7,173694
2021-04-27 10:08:48,3756.7,173694
2021-04-27 10:08:49,3756.7,173694
2021-04-27 10:08:50,3756.05,173695
2021-04-27 10:08:51,3756.05,173695
2021-04-27 10:08:51,3756.05,173695
2021-04-27 10:08:52,3756.05,173695
2021-04-27 10:08:53,3756.05,173695
2021-04-27 10:08:54,3756.05,173697
2021-04-27 10:08:55,3756.8,173723
2021-04-27 10:08:57,3756.8,173723
2021-04-27 10:08:58,3756.7,173725
2021-04-27 10:08:59,3756.7,173725
2021-04-27 10:09:00,3756.7,173725
2021-04-27 10:09:01,3756.7,173725
2021-04-27 10:09:02,3756.7,173775
2021-04-27 10:09:03,3756.05,173779
2021-04-27 10:09:04,3756.7,173780
2021-04-27 10:09:05,3756.7,173780
2021-04-27 10:09:06,3756.7,173780
2021-04-27 10:09:07,3756.7,173780
2021-04-27 10:09:08,3756.7,173780
2021-04-27 10:09:08,3756.7,173780
2021-04-27 10:09:13,3756.7,173809
2021-04-27 10:09:14,3756.7,173826
2021-04-27 10:09:15,3756.0,173836
2021-04-27 10:09:17,3756.0,173836
2021-04-27 10:09:18,3756.8,173886
2021-04-27 10:09:19,3756.8,173886
2021-04-27 10:09:20,3756.8,173886
2021-04-27 10:09:21,3756.8,173886
2021-04-27 10:09:22,3756.0,173896
2021-04-27 10:09:22,3756.0,173896
2021-04-27 10:09:23,3756.0,173896
2021-04-27 10:09:25,3756.8,173901
2021-04-27 10:09:26,3756.8,173901
2021-04-27 10:09:27,3756.05,173902
2021-04-27 10:09:28,3756.05,173902
2021-04-27 10:09:29,3756.05,173902
2021-04-27 10:09:30,3756.05,173902
2021-04-27 10:09:30,3756.05,173902
2021-04-27 10:09:31,3756.8,173912
2021-04-27 10:09:34,3756.8,173912
2021-04-27 10:09:35,3756.8,173912
2021-04-27 10:09:36,3756.8,173912
2021-04-27 10:09:37,3756.8,173917
2021-04-27 10:09:38,3756.8,173917
2021-04-27 10:09:39,3756.8,173935
2021-04-27 10:09:40,3756.8,173935
2021-04-27 10:09:41,3756.8,173937
2021-04-27 10:09:42,3756.8,173937
2021-04-27 10:09:43,3756.8,173958
2021-04-27 10:09:44,3756.8,173958
2021-04-27 10:09:45,3757.0,173995
2021-04-27 10:09:46,3757.65,174011
2021-04-27 10:09:47,3757.65,174011
2021-04-27 10:09:48,3756.15,174015
2021-04-27 10:09:50,3756.15,174015
2021-04-27 10:09:51,3757.65,174045
2021-04-27 10:09:52,3757.65,174045
2021-04-27 10:09:53,3757.65,174070
2021-04-27 10:09:54,3757.65,174070
2021-04-27 10:09:55,3757.65,174070
2021-04-27 10:09:56,3757.85,174120
2021-04-27 10:09:56,3757.85,174120
2021-04-27 10:09:57,3757.85,174120
2021-04-27 10:09:59,3757.05,174130
2021-04-27 10:10:00,3757.05,174130
2021-04-27 10:10:01,3757.05,174130
2021-04-27 10:10:02,3757.05,174130
2021-04-27 10:10:02,3757.05,174130
2021-04-27 10:10:03,3758.0,175536
2021-04-27 10:10:04,3758.0,175536
2021-04-27 10:10:05,3758.0,175536
2021-04-27 10:10:06,3758.0,175536
2021-04-27 10:10:07,3758.0,175536
2021-04-27 10:10:11,3758.0,175590
2021-04-27 10:10:12,3758.0,175590
2021-04-27 10:10:13,3758.0,175600
2021-04-27 10:10:14,3758.0,175620
2021-04-27 10:10:15,3758.0,175620
2021-04-27 10:10:16,3758.0,175620
2021-04-27 10:10:17,3758.0,175620
2021-04-27 10:10:17,3758.0,175620
2021-04-27 10:10:18,3757.85,175623
2021-04-27 10:10:20,3757.85,175623
2021-04-27 10:10:21,3757.85,175623
2021-04-27 10:10:22,3757.85,175623
2021-04-27 10:10:23,3757.85,175623
2021-04-27 10:10:24,3757.85,175623
2021-04-27 10:10:25,3757.9,175724
2021-04-27 10:10:26,3758.95,179609
2021-04-27 10:10:27,3759.1,179611
2021-04-27 10:10:28,3759.75,179631
2021-04-27 10:10:29,3759.75,179631
2021-04-27 10:10:30,3759.75,179631
2021-04-27 10:10:31,3759.75,179631
2021-04-27 10:10:31,3759.75,179631
2021-04-27 10:10:32,3759.7,179636
2021-04-27 10:10:33,3757.9,179693
2021-04-27 10:10:34,3759.1,179698
2021-04-27 10:10:35,3759.1,179698
2021-04-27 10:10:36,3759.1,179698
2021-04-27 10:10:38,3757.9,179724
2021-04-27 10:10:39,3757.9,179724
2021-04-27 10:10:40,3757.9,179724
2021-04-27 10:10:41,3758.0,179729
2021-04-27 10:10:42,3758.0,179729
2021-04-27 10:10:43,3759.6,179750
2021-04-27 10:10:44,3758.0,179783
2021-04-27 10:10:45,3758.0,179783
2021-04-27 10:10:46,3758.0,179783
2021-04-27 10:10:47,3758.0,179783
2021-04-27 10:10:48,3759.6,179785
2021-04-27 10:10:48,3759.6,179785
2021-04-27 10:10:50,3759.6,179785
2021-04-27 10:10:52,3758.0,179823
2021-04-27 10:10:53,3758.0,179823
2021-04-27 10:10:53,3758.0,179823
2021-04-27 10:10:55,3758.0,179836
2021-04-27 10:10:56,3758.0,179836
2021-04-27 10:10:57,3758.0,179836
2021-04-27 10:10:58,3758.0,179967
2021-04-27 10:10:59,3758.0,179967
2021-04-27 10:11:00,3758.0,179967
2021-04-27 10:11:01,3758.0,179967
2021-04-27 10:11:02,3758.0,179967
2021-04-27 10:11:03,3759.0,179977
2021-04-27 10:11:04,3757.95,179978
2021-04-27 10:11:05,3757.95,179978
2021-04-27 10:11:06,3757.95,179978
2021-04-27 10:11:07,3757.95,179978
2021-04-27 10:11:08,3757.95,180008
2021-04-27 10:11:09,3757.95,180008
2021-04-27 10:11:10,3759.0,180064
2021-04-27 10:11:11,3759.0,180064
2021-04-27 10:11:12,3759.0,180064
2021-04-27 10:11:13,3759.0,180064
2021-04-27 10:11:14,3758.85,180085
2021-04-27 10:11:15,3758.85,180085
2021-04-27 10:11:16,3758.85,180085
2021-04-27 10:11:18,3758.85,180085
2021-04-27 10:11:19,3758.85,180085
2021-04-27 10:11:20,3758.85,180085
2021-04-27 10:11:21,3758.85,180085
2021-04-27 10:11:22,3758.85,180085
2021-04-27 10:11:23,3758.85,180085
2021-04-27 10:11:24,3758.5,180106
2021-04-27 10:11:25,3758.5,180106
2021-04-27 10:11:26,3758.5,180106
2021-04-27 10:11:27,3758.5,180106
2021-04-27 10:11:28,3758.5,180106
2021-04-27 10:11:29,3758.5,180106
2021-04-27 10:11:30,3758.5,180109
2021-04-27 10:11:31,3758.5,180109
2021-04-27 10:11:32,3758.5,180109
2021-04-27 10:11:33,3758.8,180129
2021-04-27 10:11:34,3758.8,180130
2021-04-27 10:11:35,3758.8,180130
2021-04-27 10:11:36,3758.8,180130
2021-04-27 10:11:37,3758.8,180130
2021-04-27 10:11:38,3758.8,180130
2021-04-27 10:11:39,3758.8,180130
2021-04-27 10:11:40,3758.8,180130
2021-04-27 10:11:41,3758.8,180130
2021-04-27 10:11:42,3758.8,180130
2021-04-27 10:11:43,3758.8,180151
2021-04-27 10:11:44,3758.8,180156
2021-04-27 10:11:45,3758.8,180156
2021-04-27 10:11:46,3758.8,180156
2021-04-27 10:11:47,3758.8,180176
2021-04-27 10:11:48,3759.2,180217
2021-04-27 10:11:49,3760.0,180273
2021-04-27 10:11:50,3760.0,180273
2021-04-27 10:11:51,3760.0,180273
2021-04-27 10:11:53,3758.4,180335
2021-04-27 10:11:54,3759.85,180337
2021-04-27 10:11:55,3758.8,180338
2021-04-27 10:11:56,3758.8,180338
2021-04-27 10:11:57,3759.85,180363
2021-04-27 10:11:59,3759.85,180363
2021-04-27 10:12:00,3760.0,180463
2021-04-27 10:12:01,3760.0,180463
2021-04-27 10:12:02,3760.0,180463
2021-04-27 10:12:03,3760.0,180463
2021-04-27 10:12:04,3760.0,180468
2021-04-27 10:12:05,3760.0,180469
2021-04-27 10:12:06,3760.0,180569
2021-04-27 10:12:07,3764.0,181252
2021-04-27 10:12:08,3764.0,181252
2021-04-27 10:12:09,3763.8,181270
2021-04-27 10:12:10,3763.8,181272
2021-04-27 10:12:11,3763.8,181272
2021-04-27 10:12:12,3763.8,181272
2021-04-27 10:12:13,3763.8,181272
2021-04-27 10:12:14,3763.8,181272
2021-04-27 10:12:15,3763.8,181272
2021-04-27 10:12:16,3763.8,181272
2021-04-27 10:12:17,3763.0,181282
2021-04-27 10:12:18,3762.35,181344
2021-04-27 10:12:19,3762.35,181344
2021-04-27 10:12:20,3762.35,181344
2021-04-27 10:12:21,3762.35,181344
2021-04-27 10:12:22,3762.35,181344
2021-04-27 10:12:24,3762.35,181344
2021-04-27 10:12:25,3762.6,181369
2021-04-27 10:12:26,3762.6,181369
2021-04-27 10:12:28,3763.95,181388
2021-04-27 10:12:29,3762.65,181396
2021-04-27 10:12:30,3762.1,181398
2021-04-27 10:12:31,3762.6,181448
2021-04-27 10:12:32,3763.55,181498
2021-04-27 10:12:33,3762.0,181530
2021-04-27 10:12:35,3762.0,181530
2021-04-27 10:12:36,3762.0,181532
2021-04-27 10:12:37,3762.0,181532
2021-04-27 10:12:38,3763.7,181534
2021-04-27 10:12:39,3763.7,181534
2021-04-27 10:12:40,3763.7,181534
2021-04-27 10:12:41,3763.7,181534
2021-04-27 10:12:42,3763.7,181534
2021-04-27 10:12:43,3763.7,181546
2021-04-27 10:12:44,3763.7,181547
2021-04-27 10:12:45,3764.0,181587
2021-04-27 10:12:46,3763.7,181588
