timestamp,ltp,volume
2021-04-27 09:15:21,595.85,407826
2021-04-27 09:15:22,595.5,419259
2021-04-27 09:15:23,595.6,427017
2021-04-27 09:15:24,596.1,434027
2021-04-27 09:15:24,596.45,434392
2021-04-27 09:15:25,595.9,443901
2021-04-27 09:15:27,595.7,463117
2021-04-27 09:15:28,595.2,475449
2021-04-27 09:15:29,595.15,481668
2021-04-27 09:15:30,596.15,500893
2021-04-27 09:15:31,595.65,506994
2021-04-27 09:15:32,595.05,514495
2021-04-27 09:15:33,595.25,518222
2021-04-27 09:15:34,595.3,522379
2021-04-27 09:15:36,595.8,552458
2021-04-27 09:15:36,595.85,540614
2021-04-27 09:15:37,596.05,555772
2021-04-27 09:15:38,596.45,565308
2021-04-27 09:15:40,596.15,569111
2021-04-27 09:15:41,596.2,573843
2021-04-27 09:15:42,596.1,579394
2021-04-27 09:15:43,595.75,587112
2021-04-27 09:15:44,596.0,593591
2021-04-27 09:15:44,595.65,594212
2021-04-27 09:15:45,596.15,597567
2021-04-27 09:15:47,596.05,607681
2021-04-27 09:15:48,596.2,610146
2021-04-27 09:15:49,595.9,615044
2021-04-27 09:15:50,595.5,620505
2021-04-27 09:15:51,596.2,635539
2021-04-27 09:15:51,596.3,636416
2021-04-27 09:15:53,596.05,643264
2021-04-27 09:15:54,596.0,649827
2021-04-27 09:15:55,596.0,659404
2021-04-27 09:15:56,595.85,660442
2021-04-27 09:15:56,596.05,661206
2021-04-27 09:15:57,596.05,663334
2021-04-27 09:15:59,596.0,665321
2021-04-27 09:16:00,596.0,670953
2021-04-27 09:16:01,595.95,674987
2021-04-27 09:16:02,595.95,677637
2021-04-27 09:16:03,595.95,679625
2021-04-27 09:16:03,595.95,679696
2021-04-27 09:16:05,596.0,687804
2021-04-27 09:16:06,596.05,690773
2021-04-27 09:16:07,596.25,693413
2021-04-27 09:16:08,596.0,701588
2021-04-27 09:16:09,596.3,707031
2021-04-27 09:16:10,596.3,710697
2021-04-27 09:16:10,596.4,711464
2021-04-27 09:16:12,596.1,722440
2021-04-27 09:16:13,596.2,730580
2021-04-27 09:16:15,596.7,738244
2021-04-27 09:16:16,596.65,744470
2021-04-27 09:16:17,596.95,767384
2021-04-27 09:16:17,596.7,778535
2021-04-27 09:16:19,596.75,786951
2021-04-27 09:16:20,596.75,794823
2021-04-27 09:16:21,596.8,800865
2021-04-27 09:16:22,596.95,810802
2021-04-27 09:16:23,597.4,821907
2021-04-27 09:16:23,597.15,826424
2021-04-27 09:16:24,597.4,830854
2021-04-27 09:16:25,597.4,838308
2021-04-27 09:16:27,597.35,848699
2021-04-27 09:16:28,597.4,869784
2021-04-27 09:16:29,597.25,882057
2021-04-27 09:16:30,597.35,885653
2021-04-27 09:16:30,597.4,887066
2021-04-27 09:16:32,597.25,892256
2021-04-27 09:16:33,597.4,897694
2021-04-27 09:16:34,597.4,902917
2021-04-27 09:16:35,597.15,911414
2021-04-27 09:16:36,597.3,922502
2021-04-27 09:16:36,597.35,924300
2021-04-27 09:16:37,597.4,926253
2021-04-27 09:16:38,597.15,929088
2021-04-27 09:16:39,597.4,932217
2021-04-27 09:16:41,597.35,938228
2021-04-27 09:16:42,597.45,947841
2021-04-27 09:16:43,597.35,955282
2021-04-27 09:16:44,597.45,964100
2021-04-27 09:16:46,597.4,970663
2021-04-27 09:16:47,597.4,973321
2021-04-27 09:16:48,597.25,975266
2021-04-27 09:16:49,597.35,980193
2021-04-27 09:16:49,597.45,979450
2021-04-27 09:16:50,597.5,999721
2021-04-27 09:16:52,597.8,1005867
2021-04-27 09:16:53,597.85,1027902
2021-04-27 09:16:54,597.65,1032237
2021-04-27 09:16:55,597.65,1048043
2021-04-27 09:16:56,597.65,1051991
2021-04-27 09:16:56,597.7,1052588
2021-04-27 09:16:58,597.85,1058503
2021-04-27 09:16:59,598.0,1072240
2021-04-27 09:17:00,597.75,1077235
2021-04-27 09:17:01,597.75,1088497
2021-04-27 09:17:02,597.65,1096165
2021-04-27 09:17:03,597.3,1106654
2021-04-27 09:17:04,597.3,1130635
2021-04-27 09:17:04,597.5,1128312
2021-04-27 09:17:06,597.45,1140549
2021-04-27 09:17:07,597.8,1145044
2021-04-27 09:17:08,597.6,1153450
2021-04-27 09:17:09,597.65,1160334
2021-04-27 09:17:10,597.55,1162733
2021-04-27 09:17:11,597.6,1170632
2021-04-27 09:17:11,597.75,1168182
2021-04-27 09:17:13,597.5,1182400
2021-04-27 09:17:14,597.4,1187322
2021-04-27 09:17:15,597.45,1197262
2021-04-27 09:17:16,597.25,1200600
2021-04-27 09:17:17,597.4,1211545
2021-04-27 09:17:18,597.2,1230598
2021-04-27 09:17:18,597.2,1229673
2021-04-27 09:17:20,597.25,1233516
2021-04-27 09:17:21,596.85,1244823
2021-04-27 09:17:22,596.65,1250679
2021-04-27 09:17:23,596.6,1257776
2021-04-27 09:17:24,596.95,1258936
2021-04-27 09:17:24,596.65,1259047
2021-04-27 09:17:25,597.0,1260209
2021-04-27 09:17:27,596.75,1263257
2021-04-27 09:17:28,596.9,1268807
2021-04-27 09:17:29,597.05,1275986
2021-04-27 09:17:30,597.05,1279159
2021-04-27 09:17:31,597.05,1280026
2021-04-27 09:17:32,596.8,1287445
2021-04-27 09:17:33,596.9,1294893
2021-04-27 09:17:33,597.0,1295245
2021-04-27 09:17:35,596.85,1299426
2021-04-27 09:17:36,596.6,1302255
2021-04-27 09:17:37,596.5,1305975
2021-04-27 09:17:38,596.65,1312544
2021-04-27 09:17:38,596.65,1312844
2021-04-27 09:17:40,596.5,1318526
2021-04-27 09:17:41,596.4,1319672
2021-04-27 09:17:42,596.5,1322697
2021-04-27 09:17:43,596.35,1324388
2021-04-27 09:17:44,596.25,1327431
2021-04-27 09:17:45,596.4,1330082
2021-04-27 09:17:46,596.6,1343875
2021-04-27 09:17:47,596.5,1344054
2021-04-27 09:17:47,596.5,1344526
2021-04-27 09:17:49,596.35,1347730
2021-04-27 09:17:50,596.35,1351869
2021-04-27 09:17:51,596.45,1356090
2021-04-27 09:17:52,596.2,1359011
2021-04-27 09:17:53,596.25,1359613
2021-04-27 09:17:54,596.25,1364008
2021-04-27 09:17:55,596.4,1368919
2021-04-27 09:17:57,596.2,1375803
2021-04-27 09:17:58,596.15,1379630
2021-04-27 09:17:59,596.2,1385679
2021-04-27 09:18:00,596.2,1395144
2021-04-27 09:18:01,596.0,1411529
2021-04-27 09:18:02,596.0,1411578
2021-04-27 09:18:03,595.85,1423255
2021-04-27 09:18:04,595.65,1428286
2021-04-27 09:18:05,595.5,1430062
2021-04-27 09:18:06,595.85,1432359
2021-04-27 09:18:07,595.55,1432369
2021-04-27 09:18:08,595.5,1438477
2021-04-27 09:18:09,595.6,1441539
2021-04-27 09:18:10,595.15,1444844
2021-04-27 09:18:11,595.45,1447851
2021-04-27 09:18:12,595.05,1457596
2021-04-27 09:18:13,595.35,1465571
2021-04-27 09:18:14,595.0,1484128
2021-04-27 09:18:15,594.8,1495770
2021-04-27 09:18:16,595.0,1496845
2021-04-27 09:18:17,595.0,1500323
2021-04-27 09:18:18,595.1,1507858
2021-04-27 09:18:20,595.0,1514490
2021-04-27 09:18:21,595.0,1522004
2021-04-27 09:18:22,595.0,1528509
2021-04-27 09:18:23,595.1,1529301
2021-04-27 09:18:24,595.25,1531403
2021-04-27 09:18:25,595.2,1533203
2021-04-27 09:18:26,595.2,1536831
2021-04-27 09:18:27,595.25,1538423
2021-04-27 09:18:28,595.5,1539808
2021-04-27 09:18:29,595.1,1540934
2021-04-27 09:18:32,595.25,1548403
2021-04-27 09:18:33,595.45,1552986
2021-04-27 09:18:34,595.05,1555548
2021-04-27 09:18:35,595.15,1556308
2021-04-27 09:18:36,595.1,1558261
2021-04-27 09:18:37,595.3,1560989
2021-04-27 09:18:38,595.0,1566288
2021-04-27 09:18:39,595.1,1569520
2021-04-27 09:18:40,594.95,1570045
2021-04-27 09:18:43,595.0,1577720
2021-04-27 09:18:44,595.0,1583907
2021-04-27 09:18:45,595.0,1585100
2021-04-27 09:18:46,595.0,1586337
2021-04-27 09:18:47,595.1,1590544
2021-04-27 09:18:48,595.0,1591826
2021-04-27 09:18:49,594.9,1595249
2021-04-27 09:18:54,594.45,1614207
2021-04-27 09:18:55,594.7,1617122
2021-04-27 09:18:56,594.4,1617939
2021-04-27 09:18:57,594.75,1618522
2021-04-27 09:18:58,594.75,1618522
2021-04-27 09:18:59,594.55,1622657
2021-04-27 09:19:00,594.6,1624526
2021-04-27 09:19:01,594.55,1636298
2021-04-27 09:19:02,594.7,1645323
2021-04-27 09:19:03,594.45,1650520
2021-04-27 09:19:04,594.6,1654408
2021-04-27 09:19:06,594.6,1655887
2021-04-27 09:19:05,594.4,1655273
2021-04-27 09:19:07,594.65,1657764
2021-04-27 09:19:08,594.4,1660136
2021-04-27 09:19:09,594.5,1661044
2021-04-27 09:19:10,594.6,1662220
2021-04-27 09:19:11,594.5,1665661
2021-04-27 09:19:12,594.5,1665929
2021-04-27 09:19:13,594.25,1670074
2021-04-27 09:19:14,594.5,1670714
2021-04-27 09:19:15,594.6,1672669
2021-04-27 09:19:16,594.45,1674204
2021-04-27 09:19:17,594.6,1678096
2021-04-27 09:19:18,594.8,1684579
2021-04-27 09:19:19,594.75,1686658
2021-04-27 09:19:20,594.55,1686809
2021-04-27 09:19:21,594.6,1688857
2021-04-27 09:19:22,595.0,1696528
2021-04-27 09:19:35,594.8,1740834
2021-04-27 09:19:36,594.8,1741565
2021-04-27 09:19:37,594.8,1743695
2021-04-27 09:19:38,594.8,1743895
2021-04-27 09:19:39,594.6,1743959
2021-04-27 09:19:40,594.9,1747186
2021-04-27 09:19:41,594.95,1748356
2021-04-27 09:19:42,594.8,1754254
2021-04-27 09:19:43,595.1,1754626
2021-04-27 09:19:44,594.95,1755883
2021-04-27 09:19:45,595.0,1756044
2021-04-27 09:19:46,595.0,1756044
2021-04-27 09:19:47,594.95,1757440
2021-04-27 09:19:48,595.1,1763778
2021-04-27 09:19:50,595.0,1768418
2021-04-27 09:19:52,595.05,1770176
2021-04-27 09:19:53,595.05,1770703
2021-04-27 09:19:54,595.1,1770963
2021-04-27 09:19:55,595.15,1772205
2021-04-27 09:19:56,595.05,1772716
2021-04-27 09:19:57,595.15,1773292
2021-04-27 09:19:58,595.1,1776414
2021-04-27 09:19:59,595.15,1777380
2021-04-27 09:20:00,595.0,1787205
2021-04-27 09:20:01,595.05,1787311
2021-04-27 09:20:02,595.1,1787738
2021-04-27 09:20:03,594.95,1792161
2021-04-27 09:20:04,595.05,1794030
2021-04-27 09:20:05,594.95,1797606
2021-04-27 09:20:06,595.1,1798453
2021-04-27 09:20:07,595.15,1802469
2021-04-27 09:20:09,595.05,1804078
2021-04-27 09:20:09,595.15,1805091
2021-04-27 09:20:10,595.05,1805764
2021-04-27 09:20:11,594.95,1808915
2021-04-27 09:20:12,595.05,1811809
2021-04-27 09:20:13,595.0,1813703
2021-04-27 09:20:14,594.65,1835480
2021-04-27 09:20:15,594.6,1838115
2021-04-27 09:20:17,594.7,1838577
2021-04-27 09:20:17,594.7,1838578
2021-04-27 09:20:18,594.55,1838941
2021-04-27 09:20:19,594.6,1839010
2021-04-27 09:20:20,594.6,1839232
2021-04-27 09:20:22,594.3,1840364
2021-04-27 09:20:22,594.3,1840385
2021-04-27 09:20:23,594.3,1841479
2021-04-27 09:20:24,594.35,1845798
2021-04-27 09:20:25,594.45,1847806
2021-04-27 09:20:26,593.9,1878685
2021-04-27 09:20:27,593.65,1880913
2021-04-27 09:20:29,593.3,1912500
2021-04-27 09:20:30,593.05,1913954
2021-04-27 09:20:30,593.4,1914270
2021-04-27 09:20:31,593.55,1918855
2021-04-27 09:20:32,593.7,1920153
2021-04-27 09:20:33,593.65,1923908
2021-04-27 09:20:34,594.0,1929876
2021-04-27 09:20:35,594.0,1931851
2021-04-27 09:20:36,593.85,1934600
2021-04-27 09:20:38,593.9,1937844
2021-04-27 09:20:38,593.6,1937786
2021-04-27 09:20:39,593.5,1942939
2021-04-27 09:20:40,593.45,1944734
2021-04-27 09:20:41,593.7,1945863
2021-04-27 09:20:42,593.8,1947274
2021-04-27 09:20:43,593.7,1948538
2021-04-27 09:20:45,593.6,1950557
2021-04-27 09:20:45,593.75,1950587
2021-04-27 09:20:46,593.65,1952194
2021-04-27 09:20:47,593.65,1952658
2021-04-27 09:20:48,593.6,1954483
2021-04-27 09:20:49,593.55,1955721
2021-04-27 09:20:51,593.5,1957405
2021-04-27 09:20:51,593.55,1957155
2021-04-27 09:20:52,593.4,1961329
2021-04-27 09:20:53,593.5,1963230
2021-04-27 09:20:54,593.55,1969942
2021-04-27 09:20:55,593.5,1971138
2021-04-27 09:20:57,593.55,1972513
2021-04-27 09:20:57,593.4,1972858
2021-04-27 09:20:58,593.5,1973787
2021-04-27 09:20:59,593.55,1974437
2021-04-27 09:21:00,593.4,1976412
2021-04-27 09:21:02,593.5,1994305
2021-04-27 09:21:03,593.5,1995318
2021-04-27 09:21:04,593.7,1996823
2021-04-27 09:21:04,593.75,1997309
2021-04-27 09:21:05,593.65,1999863
2021-04-27 09:21:06,593.75,2007757
2021-04-27 09:21:07,594.0,2008560
2021-04-27 09:21:08,593.8,2011104
2021-04-27 09:21:09,593.7,2026229
2021-04-27 09:21:11,593.9,2026422
2021-04-27 09:21:12,593.8,2027641
2021-04-27 09:21:12,593.7,2027636
2021-04-27 09:21:13,593.7,2031456
2021-04-27 09:21:14,593.6,2052838
2021-04-27 09:21:15,593.5,2054593
2021-04-27 09:21:17,593.5,2062187
2021-04-27 09:21:18,593.25,2066919
2021-04-27 09:21:18,593.5,2067538
2021-04-27 09:21:19,593.25,2067745
2021-04-27 09:21:20,592.85,2086203
2021-04-27 09:21:23,593.0,2091789
2021-04-27 09:21:24,593.0,2093507
2021-04-27 09:21:25,592.9,2094394
2021-04-27 09:21:27,592.5,2104749
2021-04-27 09:21:28,592.55,2110699
2021-04-27 09:21:29,592.45,2114391
2021-04-27 09:21:30,592.4,2141175
2021-04-27 09:21:31,592.0,2147688
2021-04-27 09:21:32,592.05,2150315
2021-04-27 09:21:33,592.1,2152982
2021-04-27 09:21:34,592.15,2154748
2021-04-27 09:21:36,592.5,2165825
2021-04-27 09:21:37,592.1,2172002
2021-04-27 09:21:38,592.45,2177531
2021-04-27 09:21:39,592.25,2185261
2021-04-27 09:21:40,592.35,2187920
2021-04-27 09:21:41,592.1,2194971
2021-04-27 09:21:42,592.5,2203234
2021-04-27 09:21:43,592.75,2205456
2021-04-27 09:21:44,592.45,2208607
2021-04-27 09:21:45,592.9,2227384
2021-04-27 09:21:46,592.55,2228983
2021-04-27 09:21:47,592.55,2232362
2021-04-27 09:21:48,592.55,2233793
2021-04-27 09:21:49,592.85,2240825
2021-04-27 09:21:50,592.8,2242892
2021-04-27 09:21:51,592.75,2243503
2021-04-27 09:21:53,593.35,2258037
2021-04-27 09:21:54,593.35,2258447
2021-04-27 09:21:55,593.25,2259948
2021-04-27 09:21:56,593.4,2261146
2021-04-27 09:21:56,593.35,2262574
2021-04-27 09:21:57,593.45,2263220
2021-04-27 09:21:58,593.35,2264964
2021-04-27 09:21:59,593.7,2266460
2021-04-27 09:22:00,593.7,2267009
2021-04-27 09:22:01,593.55,2268280
2021-04-27 09:22:02,593.7,2268529
2021-04-27 09:22:03,593.6,2271307
2021-04-27 09:22:04,593.5,2272249
2021-04-27 09:22:05,593.7,2273539
2021-04-27 09:22:06,593.6,2276633
2021-04-27 09:22:08,593.5,2283387
2021-04-27 09:22:09,593.5,2286184
2021-04-27 09:22:10,593.55,2290212
2021-04-27 09:22:12,593.55,2291486
2021-04-27 09:22:13,593.1,2293612
2021-04-27 09:22:14,593.05,2294455
2021-04-27 09:22:15,592.75,2304079
2021-04-27 09:22:16,593.05,2304849
2021-04-27 09:22:17,593.2,2307217
2021-04-27 09:22:18,593.0,2307654
2021-04-27 09:22:19,593.25,2310228
2021-04-27 09:22:20,593.0,2312404
2021-04-27 09:22:21,593.15,2315052
2021-04-27 09:22:22,593.15,2315423
2021-04-27 09:22:22,593.1,2315424
2021-04-27 09:22:23,593.1,2316264
2021-04-27 09:22:24,593.3,2318479
2021-04-27 09:22:25,593.15,2320580
2021-04-27 09:22:26,593.45,2321011
2021-04-27 09:22:27,593.05,2322300
2021-04-27 09:22:28,593.25,2324294
2021-04-27 09:22:29,593.15,2326514
2021-04-27 09:22:30,593.15,2327000
2021-04-27 09:22:31,593.2,2327160
2021-04-27 09:22:32,593.4,2328996
2021-04-27 09:22:33,593.2,2331333
2021-04-27 09:22:34,593.45,2332493
2021-04-27 09:22:35,593.3,2332848
2021-04-27 09:22:36,593.45,2337931
2021-04-27 09:22:37,593.35,2338542
2021-04-27 09:22:38,593.4,2339062
2021-04-27 09:22:39,593.45,2339121
2021-04-27 09:22:42,593.45,2340163
2021-04-27 09:22:43,593.55,2342375
2021-04-27 09:22:44,593.45,2343084
2021-04-27 09:22:45,593.4,2343647
2021-04-27 09:22:46,593.55,2344404
2021-04-27 09:22:47,593.4,2345002
2021-04-27 09:22:48,593.55,2346333
2021-04-27 09:22:49,593.3,2347781
2021-04-27 09:22:51,593.5,2349132
2021-04-27 09:22:52,593.45,2350882
2021-04-27 09:22:53,593.5,2351274
2021-04-27 09:22:54,593.45,2351411
2021-04-27 09:22:55,593.4,2353028
2021-04-27 09:22:56,593.5,2354904
2021-04-27 09:22:56,593.3,2354952
2021-04-27 09:22:57,593.5,2358434
2021-04-27 09:22:58,593.4,2359320
2021-04-27 09:22:59,593.5,2359620
2021-04-27 09:23:00,593.4,2360071
2021-04-27 09:23:01,593.4,2361028
2021-04-27 09:23:02,593.4,2361254
2021-04-27 09:23:03,593.45,2362126
2021-04-27 09:23:05,593.45,2363264
2021-04-27 09:23:09,593.5,2368751
2021-04-27 09:23:10,593.65,2385323
2021-04-27 09:23:11,593.65,2387325
2021-04-27 09:23:12,593.65,2387651
2021-04-27 09:23:13,594.0,2394254
2021-04-27 09:23:14,594.0,2395516
2021-04-27 09:23:15,594.0,2395966
2021-04-27 09:23:16,593.8,2397208
2021-04-27 09:23:17,593.95,2397656
2021-04-27 09:23:18,593.95,2398730
2021-04-27 09:23:19,594.0,2399428
2021-04-27 09:23:20,594.0,2400652
2021-04-27 09:23:21,594.0,2400761
2021-04-27 09:23:22,594.05,2409951
2021-04-27 09:23:23,594.05,2411112
2021-04-27 09:23:24,594.1,2413136
2021-04-27 09:23:25,593.7,2418853
2021-04-27 09:23:26,593.6,2425153
2021-04-27 09:23:27,593.6,2426309
2021-04-27 09:23:28,593.65,2426717
2021-04-27 09:23:29,593.7,2426789
2021-04-27 09:23:30,594.0,2427119
2021-04-27 09:23:31,594.0,2427456
2021-04-27 09:23:32,593.9,2427980
2021-04-27 09:23:33,593.85,2428559
2021-04-27 09:23:35,593.85,2428888
2021-04-27 09:23:36,594.15,2432753
2021-04-27 09:23:37,594.4,2433196
2021-04-27 09:23:38,594.4,2435851
2021-04-27 09:23:39,594.0,2439569
2021-04-27 09:23:40,594.25,2439963
2021-04-27 09:23:41,594.3,2441290
2021-04-27 09:23:42,594.25,2442127
2021-04-27 09:23:42,594.25,2442127
2021-04-27 09:23:43,594.05,2444007
2021-04-27 09:23:44,593.85,2447023
2021-04-27 09:23:45,594.0,2447989
2021-04-27 09:23:46,594.0,2449028
2021-04-27 09:23:47,593.85,2452178
2021-04-27 09:23:48,594.15,2452837
2021-04-27 09:23:49,594.25,2453578
2021-04-27 09:23:51,594.3,2454512
2021-04-27 09:23:52,594.25,2454766
2021-04-27 09:23:53,594.35,2456372
2021-04-27 09:23:54,594.35,2456540
2021-04-27 09:23:55,594.35,2457592
2021-04-27 09:23:56,594.3,2457981
2021-04-27 09:23:57,594.25,2458381
2021-04-27 09:23:58,594.25,2459003
2021-04-27 09:23:58,594.35,2458514
2021-04-27 09:23:59,594.1,2459812
2021-04-27 09:24:00,594.25,2460125
2021-04-27 09:24:01,594.3,2460392
2021-04-27 09:24:02,594.3,2460589
2021-04-27 09:24:03,594.45,2461238
2021-04-27 09:24:04,594.5,2463502
2021-04-27 09:24:05,594.3,2464283
2021-04-27 09:24:06,594.5,2465205
2021-04-27 09:24:07,594.5,2467437
2021-04-27 09:24:08,594.3,2467612
2021-04-27 09:24:09,594.1,2469206
2021-04-27 09:24:10,594.15,2470007
2021-04-27 09:24:11,594.35,2471915
2021-04-27 09:24:12,594.35,2472304
2021-04-27 09:24:13,594.15,2472447
2021-04-27 09:24:14,594.35,2472460
2021-04-27 09:24:17,594.4,2475003
2021-04-27 09:24:18,594.35,2475495
2021-04-27 09:24:18,594.35,2475495
2021-04-27 09:24:19,594.4,2475875
2021-04-27 09:24:20,594.4,2476110
2021-04-27 09:24:21,594.35,2477093
2021-04-27 09:24:22,594.35,2477311
2021-04-27 09:24:25,594.35,2478854
2021-04-27 09:24:27,594.3,2479688
2021-04-27 09:24:28,594.3,2481822
2021-04-27 09:24:29,594.4,2481952
2021-04-27 09:24:30,594.4,2482299
2021-04-27 09:24:31,594.4,2483483
2021-04-27 09:24:32,594.65,2487184
2021-04-27 09:24:33,594.65,2487964
2021-04-27 09:24:34,594.25,2494726
2021-04-27 09:24:35,594.25,2495391
2021-04-27 09:24:36,593.85,2521719
2021-04-27 09:24:37,594.05,2521858
2021-04-27 09:24:38,594.4,2522162
2021-04-27 09:24:39,594.4,2522477
2021-04-27 09:24:40,594.3,2522598
2021-04-27 09:24:41,594.25,2523892
2021-04-27 09:24:42,593.95,2526165
2021-04-27 09:24:43,594.25,2526863
2021-04-27 09:24:44,594.3,2526924
2021-04-27 09:24:45,594.4,2529300
2021-04-27 09:24:46,594.2,2529944
2021-04-27 09:24:47,594.25,2532345
2021-04-27 09:24:49,594.2,2533426
2021-04-27 09:24:50,594.2,2533546
2021-04-27 09:24:53,594.05,2537587
2021-04-27 09:24:54,594.1,2538739
2021-04-27 09:24:56,594.25,2540626
2021-04-27 09:24:59,594.3,2542063
2021-04-27 09:25:00,594.25,2542477
2021-04-27 09:25:01,594.2,2543149
2021-04-27 09:25:02,594.0,2547789
2021-04-27 09:25:02,594.0,2547789
2021-04-27 09:25:03,593.7,2548452
2021-04-27 09:25:04,593.95,2548687
2021-04-27 09:25:05,593.8,2555124
2021-04-27 09:25:06,593.6,2556501
2021-04-27 09:25:07,593.65,2557701
2021-04-27 09:25:08,593.6,2558816
2021-04-27 09:25:10,593.3,2567609
2021-04-27 09:25:11,593.45,2568032
2021-04-27 09:25:12,593.5,2568230
2021-04-27 09:25:13,593.3,2568363
2021-04-27 09:25:14,593.65,2569035
2021-04-27 09:25:15,593.35,2569507
2021-04-27 09:25:16,593.5,2569774
2021-04-27 09:25:17,593.5,2570106
2021-04-27 09:25:18,593.65,2570215
2021-04-27 09:25:19,593.6,2571017
2021-04-27 09:25:20,593.6,2571443
2021-04-27 09:25:23,593.5,2572004
2021-04-27 09:25:24,593.65,2572504
2021-04-27 09:25:25,593.75,2572915
2021-04-27 09:25:26,593.6,2573100
2021-04-27 09:25:27,593.9,2573312
2021-04-27 09:25:28,593.8,2573692
2021-04-27 09:25:29,593.8,2574212
2021-04-27 09:25:29,593.9,2574506
2021-04-27 09:25:30,593.8,2575001
2021-04-27 09:25:32,593.8,2575169
2021-04-27 09:25:33,593.8,2576103
2021-04-27 09:25:34,593.4,2578234
2021-04-27 09:25:35,593.4,2578736
2021-04-27 09:25:36,593.5,2579848
2021-04-27 09:25:37,593.55,2580208
2021-04-27 09:25:38,593.55,2580449
2021-04-27 09:25:39,593.55,2582130
2021-04-27 09:25:40,593.45,2583505
2021-04-27 09:25:41,593.4,2583854
2021-04-27 09:25:41,593.45,2583879
2021-04-27 09:25:42,593.55,2584652
2021-04-27 09:25:43,593.4,2584781
2021-04-27 09:25:44,593.45,2587449
2021-04-27 09:25:45,593.5,2587713
2021-04-27 09:25:47,593.3,2595183
2021-04-27 09:25:48,593.25,2595560
2021-04-27 09:25:49,593.25,2595710
2021-04-27 09:25:50,593.1,2607034
2021-04-27 09:25:51,593.0,2607330
2021-04-27 09:25:52,592.8,2609333
2021-04-27 09:25:53,592.85,2626333
2021-04-27 09:25:54,592.65,2628646
2021-04-27 09:25:56,592.9,2631774
2021-04-27 09:25:55,592.7,2629128
2021-04-27 09:25:57,592.9,2632559
2021-04-27 09:25:58,592.65,2632755
2021-04-27 09:25:59,592.8,2636069
2021-04-27 09:26:00,592.7,2638462
2021-04-27 09:26:01,592.65,2638882
2021-04-27 09:26:02,592.7,2640822
2021-04-27 09:26:03,592.8,2641400
2021-04-27 09:26:04,592.75,2642749
2021-04-27 09:26:05,592.8,2643828
2021-04-27 09:26:06,592.7,2646539
2021-04-27 09:26:07,592.7,2646821
2021-04-27 09:26:08,592.65,2647579
2021-04-27 09:26:09,592.7,2648638
2021-04-27 09:26:10,592.65,2651294
2021-04-27 09:26:11,592.7,2652260
2021-04-27 09:26:12,592.65,2653787
2021-04-27 09:26:14,592.9,2657701
2021-04-27 09:26:15,592.9,2660411
2021-04-27 09:26:16,592.65,2661699
2021-04-27 09:26:17,593.0,2663320
2021-04-27 09:26:18,592.85,2667416
2021-04-27 09:26:19,592.8,2667973
2021-04-27 09:26:19,592.75,2668273
2021-04-27 09:26:20,592.85,2669629
2021-04-27 09:26:21,592.95,2672024
2021-04-27 09:26:23,592.7,2673744
2021-04-27 09:26:24,592.6,2675561
2021-04-27 09:26:25,592.55,2680416
2021-04-27 09:26:26,592.65,2681761
2021-04-27 09:26:27,592.65,2682354
2021-04-27 09:26:27,592.7,2682249
2021-04-27 09:26:28,592.5,2682968
2021-04-27 09:26:30,592.7,2689487
2021-04-27 09:26:31,593.0,2690566
2021-04-27 09:26:32,592.95,2710009
2021-04-27 09:26:32,592.95,2710024
2021-04-27 09:26:33,592.95,2712120
2021-04-27 09:26:35,593.25,2718219
2021-04-27 09:26:36,593.2,2718988
2021-04-27 09:26:37,593.1,2721233
2021-04-27 09:26:38,593.3,2725221
2021-04-27 09:26:38,593.3,2725221
2021-04-27 09:26:40,592.95,2725730
2021-04-27 09:26:41,593.2,2725859
2021-04-27 09:26:42,593.25,2726115
2021-04-27 09:26:43,593.05,2726750
2021-04-27 09:26:44,592.95,2727328
2021-04-27 09:26:45,592.8,2727939
2021-04-27 09:26:46,592.75,2728623
2021-04-27 09:26:46,592.75,2728623
2021-04-27 09:26:49,592.9,2729905
2021-04-27 09:26:50,593.0,2731118
2021-04-27 09:26:51,593.0,2731416
2021-04-27 09:26:52,593.05,2734920
2021-04-27 09:26:52,593.0,2735021
2021-04-27 09:26:54,593.0,2735326
2021-04-27 09:26:55,592.95,2736397
2021-04-27 09:26:56,592.8,2737244
2021-04-27 09:26:57,592.95,2737496
2021-04-27 09:26:58,593.0,2738662
2021-04-27 09:26:59,593.05,2747785
2021-04-27 09:26:59,593.05,2747915
2021-04-27 09:27:02,593.05,2749569
2021-04-27 09:27:03,593.05,2749577
2021-04-27 09:27:04,593.0,2750321
2021-04-27 09:27:05,592.9,2751075
2021-04-27 09:27:05,592.9,2751104
2021-04-27 09:27:07,592.95,2751690
2021-04-27 09:27:08,592.95,2751995
2021-04-27 09:27:09,593.35,2760031
2021-04-27 09:27:10,593.2,2762636
2021-04-27 09:27:10,593.2,2763216
2021-04-27 09:27:12,593.2,2763785
2021-04-27 09:27:13,593.05,2764623
2021-04-27 09:27:14,593.3,2766214
2021-04-27 09:27:16,593.2,2767152
2021-04-27 09:27:17,593.1,2767207
2021-04-27 09:27:18,593.0,2769767
2021-04-27 09:27:18,593.1,2771457
2021-04-27 09:27:19,593.2,2772067
2021-04-27 09:27:21,593.0,2776667
2021-04-27 09:27:22,593.0,2778001
2021-04-27 09:27:23,593.1,2782510
2021-04-27 09:27:24,593.0,2783596
2021-04-27 09:27:25,593.0,2786240
2021-04-27 09:27:26,593.2,2789964
2021-04-27 09:27:26,593.05,2790123
2021-04-27 09:27:28,593.0,2790207
2021-04-27 09:27:29,593.05,2791018
2021-04-27 09:27:30,593.3,2791736
2021-04-27 09:27:31,593.1,2792197
2021-04-27 09:27:32,593.3,2792563
2021-04-27 09:27:32,593.3,2792606
2021-04-27 09:27:34,593.05,2793401
2021-04-27 09:27:35,593.2,2793638
2021-04-27 09:27:38,593.3,2799598
2021-04-27 09:27:39,593.3,2799974
2021-04-27 09:27:40,593.3,2800018
2021-04-27 09:27:42,593.3,2800982
2021-04-27 09:27:42,593.2,2800983
2021-04-27 09:27:43,593.05,2801562
2021-04-27 09:27:44,593.2,2801816
2021-04-27 09:27:46,593.15,2806237
2021-04-27 09:27:47,593.25,2809852
2021-04-27 09:27:48,593.0,2810314
2021-04-27 09:27:49,593.0,2810403
2021-04-27 09:27:50,593.0,2810598
2021-04-27 09:27:51,593.0,2810613
2021-04-27 09:27:52,593.15,2811571
2021-04-27 09:27:53,593.15,2811697
2021-04-27 09:27:53,593.05,2811702
2021-04-27 09:27:55,593.05,2813001
2021-04-27 09:27:56,593.0,2817658
2021-04-27 09:27:57,593.0,2819035
2021-04-27 09:27:58,593.1,2819943
2021-04-27 09:27:59,592.8,2823526
2021-04-27 09:27:59,592.75,2824998
2021-04-27 09:28:01,592.8,2825934
2021-04-27 09:28:02,592.6,2832470
2021-04-27 09:28:03,592.6,2843742
2021-04-27 09:28:04,592.4,2846879
2021-04-27 09:28:05,592.45,2847759
2021-04-27 09:28:06,592.3,2848297
2021-04-27 09:28:07,592.3,2849608
2021-04-27 09:28:09,592.3,2850710
2021-04-27 09:28:10,592.35,2851450
2021-04-27 09:28:11,592.35,2852163
2021-04-27 09:28:13,592.05,2859112
2021-04-27 09:28:14,592.05,2859562
2021-04-27 09:28:15,592.25,2875866
2021-04-27 09:28:16,591.85,2901768
2021-04-27 09:28:17,592.15,2903910
2021-04-27 09:28:18,592.0,2905751
2021-04-27 09:28:18,592.05,2906425
2021-04-27 09:28:19,592.0,2906640
2021-04-27 09:28:20,591.9,2907526
2021-04-27 09:28:22,591.9,2909604
2021-04-27 09:28:23,592.0,2910883
2021-04-27 09:28:24,591.95,2916805
2021-04-27 09:28:25,591.9,2920882
2021-04-27 09:28:26,592.3,2921978
2021-04-27 09:28:26,592.25,2922345
2021-04-27 09:28:28,592.25,2924188
2021-04-27 09:28:28,592.1,2927413
2021-04-27 09:28:30,592.2,2928650
2021-04-27 09:28:31,591.95,2932547
2021-04-27 09:28:32,591.9,2933225
2021-04-27 09:28:33,591.9,2933565
2021-04-27 09:28:33,591.95,2933710
2021-04-27 09:28:35,591.9,2937107
2021-04-27 09:28:36,592.0,2937402
2021-04-27 09:28:37,591.8,2938906
2021-04-27 09:28:38,591.85,2939750
2021-04-27 09:28:39,591.9,2943255
2021-04-27 09:28:39,591.8,2943596
2021-04-27 09:28:42,591.9,2952730
2021-04-27 09:28:43,591.6,2953865
2021-04-27 09:28:44,591.8,2955104
2021-04-27 09:28:44,591.9,2955261
2021-04-27 09:28:46,591.7,2957629
2021-04-27 09:28:47,591.7,2958726
2021-04-27 09:28:48,591.7,2959983
2021-04-27 09:28:49,592.15,2978174
2021-04-27 09:28:50,592.15,2979881
2021-04-27 09:28:52,591.95,2984601
2021-04-27 09:28:53,591.9,2985186
2021-04-27 09:28:54,592.0,2985367
2021-04-27 09:28:55,591.75,2991702
2021-04-27 09:28:57,592.05,2996947
2021-04-27 09:28:56,592.05,2996625
2021-04-27 09:28:58,592.3,3001653
2021-04-27 09:28:59,591.95,3006220
2021-04-27 09:29:00,592.2,3009094
2021-04-27 09:29:01,592.1,3009725
2021-04-27 09:29:03,592.05,3012673
2021-04-27 09:29:02,592.35,3012653
2021-04-27 09:29:04,592.2,3016587
2021-04-27 09:29:05,592.25,3017533
2021-04-27 09:29:06,592.25,3018685
2021-04-27 09:29:08,592.2,3019665
2021-04-27 09:29:07,592.2,3019577
2021-04-27 09:29:09,592.55,3021750
2021-04-27 09:29:10,592.5,3022438
2021-04-27 09:29:11,592.35,3026226
2021-04-27 09:29:12,592.35,3027862
2021-04-27 09:29:13,592.25,3028504
2021-04-27 09:29:14,592.25,3029639
2021-04-27 09:29:15,592.1,3030840
2021-04-27 09:29:16,592.05,3031683
2021-04-27 09:29:17,592.25,3032967
2021-04-27 09:29:18,592.0,3033809
2021-04-27 09:29:19,592.0,3033809
2021-04-27 09:29:20,592.0,3034804
2021-04-27 09:29:21,592.0,3036096
2021-04-27 09:29:22,592.0,3044553
2021-04-27 09:29:23,592.0,3045449
2021-04-27 09:29:24,591.9,3046320
2021-04-27 09:29:25,592.05,3047201
2021-04-27 09:29:26,592.05,3047301
2021-04-27 09:29:27,591.85,3048278
2021-04-27 09:29:28,591.8,3049185
2021-04-27 09:29:29,592.0,3049695
2021-04-27 09:29:30,591.8,3052664
2021-04-27 09:29:31,591.8,3054028
2021-04-27 09:29:32,591.8,3054883
2021-04-27 09:29:33,591.9,3062545
2021-04-27 09:29:34,591.7,3063003
2021-04-27 09:29:35,591.7,3063024
2021-04-27 09:29:36,591.7,3066328
2021-04-27 09:29:37,591.5,3067276
2021-04-27 09:29:38,591.7,3069161
2021-04-27 09:29:39,591.95,3072362
2021-04-27 09:29:40,591.8,3073707
2021-04-27 09:29:41,591.9,3076173
2021-04-27 09:29:43,592.0,3076756
2021-04-27 09:29:44,591.85,3076921
2021-04-27 09:29:45,591.65,3081527
2021-04-27 09:29:46,591.8,3081850
2021-04-27 09:29:48,591.7,3084470
2021-04-27 09:29:49,591.5,3087088
2021-04-27 09:29:50,591.7,3087892
2021-04-27 09:29:51,591.7,3089064
2021-04-27 09:29:52,591.65,3090156
2021-04-27 09:29:53,591.55,3092598
2021-04-27 09:29:54,591.55,3092869
2021-04-27 09:29:55,591.55,3094188
2021-04-27 09:29:56,591.5,3094588
2021-04-27 09:29:57,591.55,3094713
2021-04-27 09:29:58,591.65,3095478
2021-04-27 09:29:59,591.5,3096061
2021-04-27 09:30:00,591.65,3098602
2021-04-27 09:30:01,591.4,3117475
2021-04-27 09:30:02,591.6,3121909
2021-04-27 09:30:03,591.6,3122061
2021-04-27 09:30:04,591.2,3125182
2021-04-27 09:30:05,591.2,3126362
2021-04-27 09:30:06,591.1,3129620
2021-04-27 09:30:08,591.2,3133202
2021-04-27 09:30:09,591.2,3134529
2021-04-27 09:30:10,591.2,3135478
2021-04-27 09:30:11,591.5,3137895
2021-04-27 09:30:12,591.6,3140650
2021-04-27 09:30:14,591.45,3142703
2021-04-27 09:30:15,591.8,3147407
2021-04-27 09:30:16,591.6,3149981
2021-04-27 09:30:18,591.8,3152825
2021-04-27 09:30:19,591.7,3153128
2021-04-27 09:30:21,591.7,3154487
2021-04-27 09:30:20,591.7,3154487
2021-04-27 09:30:22,591.95,3162141
2021-04-27 09:30:23,591.8,3164711
2021-04-27 09:30:24,591.9,3166451
2021-04-27 09:30:25,591.7,3167728
2021-04-27 09:30:26,591.9,3169855
2021-04-27 09:30:27,591.85,3170305
2021-04-27 09:30:28,591.85,3171021
2021-04-27 09:30:29,591.8,3172169
2021-04-27 09:30:30,591.95,3173317
2021-04-27 09:30:31,591.6,3174557
2021-04-27 09:30:32,591.8,3175689
2021-04-27 09:30:33,591.9,3175690
2021-04-27 09:30:34,591.9,3175704
2021-04-27 09:30:35,591.85,3176317
2021-04-27 09:30:36,591.9,3177821
2021-04-27 09:30:37,591.85,3180483
2021-04-27 09:30:38,592.05,3203342
2021-04-27 09:30:39,592.05,3205720
2021-04-27 09:30:40,592.1,3206794
2021-04-27 09:30:41,592.05,3208141
2021-04-27 09:30:42,592.3,3209609
2021-04-27 09:30:43,592.05,3210128
2021-04-27 09:30:44,592.4,3213775
2021-04-27 09:30:45,592.45,3214600
2021-04-27 09:30:46,592.2,3214607
2021-04-27 09:30:47,592.4,3215611
2021-04-27 09:30:48,592.3,3217849
2021-04-27 09:30:49,592.45,3218839
2021-04-27 09:30:50,592.3,3218921
2021-04-27 09:30:51,592.3,3218921
2021-04-27 09:30:52,592.5,3227323
2021-04-27 09:30:53,592.3,3229472
2021-04-27 09:30:56,592.15,3232041
2021-04-27 09:30:56,592.2,3232043
2021-04-27 09:30:57,592.4,3232354
2021-04-27 09:30:58,592.15,3232979
2021-04-27 09:30:59,592.45,3235971
2021-04-27 09:31:01,592.4,3236969
2021-04-27 09:31:01,592.5,3237251
2021-04-27 09:31:03,592.4,3237679
2021-04-27 09:31:03,592.3,3237714
2021-04-27 09:31:04,592.4,3238166
2021-04-27 09:31:05,592.3,3239435
2021-04-27 09:31:06,592.2,3240690
2021-04-27 09:31:07,592.2,3240981
2021-04-27 09:31:09,592.1,3241679
2021-04-27 09:31:11,592.65,3254402
2021-04-27 09:31:12,592.5,3255382
2021-04-27 09:31:13,592.8,3256387
2021-04-27 09:31:14,592.85,3256537
2021-04-27 09:31:15,593.0,3260116
2021-04-27 09:31:16,593.0,3271402
2021-04-27 09:31:17,593.25,3275937
2021-04-27 09:31:19,592.9,3277203
2021-04-27 09:31:19,593.2,3277148
2021-04-27 09:31:20,593.2,3277867
2021-04-27 09:31:21,592.95,3278333
2021-04-27 09:31:22,593.0,3279713
2021-04-27 09:31:23,592.95,3280278
2021-04-27 09:31:24,593.25,3280385
2021-04-27 09:31:25,593.0,3281405
2021-04-27 09:31:26,593.1,3282062
2021-04-27 09:31:27,593.25,3282850
2021-04-27 09:31:29,593.0,3283247
2021-04-27 09:31:29,593.0,3283264
2021-04-27 09:31:30,593.15,3283653
2021-04-27 09:31:31,593.0,3284880
2021-04-27 09:31:32,593.2,3285143
2021-04-27 09:31:33,593.25,3285818
2021-04-27 09:31:34,593.3,3287884
2021-04-27 09:31:35,593.25,3288166
2021-04-27 09:31:36,593.25,3289459
2021-04-27 09:31:37,593.25,3291569
2021-04-27 09:31:39,593.15,3292164
2021-04-27 09:31:40,593.05,3305979
2021-04-27 09:31:41,593.1,3307563
2021-04-27 09:31:41,593.1,3307689
2021-04-27 09:31:42,593.15,3309731
2021-04-27 09:31:43,593.0,3310321
2021-04-27 09:31:44,593.05,3311324
2021-04-27 09:31:46,592.8,3320572
2021-04-27 09:31:48,592.5,3321218
2021-04-27 09:31:49,592.6,3322682
2021-04-27 09:31:50,592.6,3323126
2021-04-27 09:31:50,592.6,3323126
2021-04-27 09:31:51,592.4,3323779
2021-04-27 09:31:52,592.6,3324307
2021-04-27 09:31:53,592.75,3325758
2021-04-27 09:31:55,592.6,3326058
2021-04-27 09:31:55,592.5,3326083
2021-04-27 09:31:56,592.6,3326397
2021-04-27 09:31:57,592.35,3327401
2021-04-27 09:31:58,592.4,3327695
2021-04-27 09:32:00,592.25,3330639
2021-04-27 09:32:00,592.2,3331152
2021-04-27 09:32:01,592.5,3332010
2021-04-27 09:32:02,592.6,3332341
2021-04-27 09:32:03,592.5,3333027
2021-04-27 09:32:04,592.85,3334794
2021-04-27 09:32:05,592.85,3335016
2021-04-27 09:32:06,592.45,3336973
2021-04-27 09:32:07,592.45,3339003
2021-04-27 09:32:09,592.3,3339777
2021-04-27 09:32:09,592.5,3339485
2021-04-27 09:32:10,592.55,3340556
2021-04-27 09:32:11,592.55,3342343
2021-04-27 09:32:12,592.55,3343063
2021-04-27 09:32:13,592.3,3344250
2021-04-27 09:32:14,592.5,3344563
2021-04-27 09:32:15,592.55,3344798
2021-04-27 09:32:16,592.3,3345405
2021-04-27 09:32:17,592.3,3346481
2021-04-27 09:32:19,592.2,3349732
2021-04-27 09:32:21,592.1,3351516
2021-04-27 09:32:21,592.0,3351551
2021-04-27 09:32:22,592.25,3351821
2021-04-27 09:32:23,592.0,3352083
2021-04-27 09:32:24,591.6,3363052
2021-04-27 09:32:25,591.85,3363481
2021-04-27 09:32:26,591.9,3363883
2021-04-27 09:32:27,591.85,3364025
2021-04-27 09:32:28,592.3,3367130
2021-04-27 09:32:30,592.05,3367268
2021-04-27 09:32:30,592.1,3367612
2021-04-27 09:32:31,592.05,3367846
2021-04-27 09:32:32,592.15,3368933
2021-04-27 09:32:34,592.15,3369763
2021-04-27 09:32:34,592.35,3369874
2021-04-27 09:32:36,592.1,3370954
2021-04-27 09:32:37,592.1,3371672
2021-04-27 09:32:38,592.05,3371929
2021-04-27 09:32:40,592.25,3372689
2021-04-27 09:32:41,592.05,3372950
2021-04-27 09:32:42,592.45,3378318
2021-04-27 09:32:43,592.3,3380294
2021-04-27 09:32:46,592.3,3382632
2021-04-27 09:32:46,592.3,3382620
2021-04-27 09:32:47,592.45,3385097
2021-04-27 09:32:48,592.4,3385569
2021-04-27 09:32:49,592.6,3387158
2021-04-27 09:32:51,592.5,3388227
2021-04-27 09:32:52,592.4,3389445
2021-04-27 09:32:53,592.4,3390199
2021-04-27 09:32:54,592.6,3390427
2021-04-27 09:32:55,592.65,3391284
2021-04-27 09:32:56,592.7,3391418
2021-04-27 09:32:57,592.5,3391487
2021-04-27 09:32:58,592.45,3392024
2021-04-27 09:33:00,592.5,3393372
2021-04-27 09:33:00,592.5,3393531
2021-04-27 09:33:01,592.5,3393734
2021-04-27 09:33:02,592.45,3394103
2021-04-27 09:33:03,592.45,3394256
2021-04-27 09:33:05,592.5,3395647
2021-04-27 09:33:06,592.5,3395787
2021-04-27 09:33:07,592.45,3396851
2021-04-27 09:33:08,592.45,3396969
2021-04-27 09:33:08,592.5,3397456
2021-04-27 09:33:09,592.65,3398109
2021-04-27 09:33:10,592.4,3398769
2021-04-27 09:33:12,592.4,3399303
2021-04-27 09:33:13,592.7,3399740
2021-04-27 09:33:14,592.5,3400001
2021-04-27 09:33:15,592.7,3400257
2021-04-27 09:33:15,592.5,3400294
2021-04-27 09:33:16,592.5,3400418
2021-04-27 09:33:17,592.5,3400433
2021-04-27 09:33:18,592.8,3400715
2021-04-27 09:33:20,592.65,3400980
2021-04-27 09:33:21,592.5,3401176
2021-04-27 09:33:21,592.55,3401636
2021-04-27 09:33:22,592.45,3402146
2021-04-27 09:33:23,592.6,3402473
2021-04-27 09:33:25,592.7,3402876
2021-04-27 09:33:26,592.5,3403403
2021-04-27 09:33:27,592.55,3404002
2021-04-27 09:33:27,592.5,3403946
2021-04-27 09:33:28,592.4,3404339
2021-04-27 09:33:29,592.3,3404728
2021-04-27 09:33:30,592.6,3405313
2021-04-27 09:33:31,592.3,3406929
2021-04-27 09:33:33,592.45,3407563
2021-04-27 09:33:34,592.45,3408143
2021-04-27 09:33:34,592.2,3408201
2021-04-27 09:33:35,592.3,3408367
2021-04-27 09:33:36,592.3,3408508
2021-04-27 09:33:37,592.3,3408792
2021-04-27 09:33:39,592.2,3410630
2021-04-27 09:33:40,592.35,3412180
2021-04-27 09:33:40,592.15,3412362
2021-04-27 09:33:42,592.3,3412562
2021-04-27 09:33:44,592.3,3412810
2021-04-27 09:33:45,592.2,3415847
2021-04-27 09:33:46,592.2,3416152
2021-04-27 09:33:47,592.25,3416322
2021-04-27 09:33:47,592.2,3416231
2021-04-27 09:33:48,592.3,3416426
2021-04-27 09:33:49,592.3,3416670
2021-04-27 09:33:50,592.4,3417850
2021-04-27 09:33:51,592.3,3419094
2021-04-27 09:33:53,592.35,3419859
2021-04-27 09:33:54,592.35,3420639
2021-04-27 09:33:55,592.2,3420794
2021-04-27 09:33:55,592.2,3420789
2021-04-27 09:33:56,592.1,3421734
2021-04-27 09:33:57,592.15,3422127
2021-04-27 09:33:58,592.2,3423186
2021-04-27 09:33:59,592.1,3423778
2021-04-27 09:34:00,592.1,3425125
2021-04-27 09:34:01,592.15,3425379
2021-04-27 09:34:02,592.05,3425831
2021-04-27 09:34:03,592.25,3426011
2021-04-27 09:34:05,592.2,3426529
2021-04-27 09:34:06,592.0,3427052
2021-04-27 09:34:06,592.0,3427104
2021-04-27 09:34:07,592.0,3427339
2021-04-27 09:34:08,592.2,3427468
2021-04-27 09:34:12,592.05,3428539
2021-04-27 09:34:13,592.05,3429169
2021-04-27 09:34:14,592.05,3429232
2021-04-27 09:34:15,592.15,3429239
2021-04-27 09:34:15,592.1,3429238
2021-04-27 09:34:16,592.2,3429489
2021-04-27 09:34:17,592.2,3429917
2021-04-27 09:34:19,592.25,3430606
2021-04-27 09:34:20,592.2,3430735
2021-04-27 09:34:21,592.25,3430795
2021-04-27 09:34:22,592.2,3430938
2021-04-27 09:34:23,592.25,3431145
2021-04-27 09:34:24,592.2,3431191
2021-04-27 09:34:24,592.2,3431195
2021-04-27 09:34:25,592.3,3431620
2021-04-27 09:34:26,592.3,3432331
2021-04-27 09:34:27,592.2,3432699
2021-04-27 09:34:28,592.25,3433151
2021-04-27 09:34:29,592.1,3433322
2021-04-27 09:34:30,592.1,3433638
2021-04-27 09:34:31,592.1,3433722
2021-04-27 09:34:32,592.1,3433723
2021-04-27 09:34:33,592.1,3434009
2021-04-27 09:34:35,591.8,3455385
2021-04-27 09:34:36,591.7,3455731
2021-04-27 09:34:37,591.75,3455990
2021-04-27 09:34:37,591.75,3456012
2021-04-27 09:34:38,591.75,3457219
2021-04-27 09:34:39,591.75,3457474
2021-04-27 09:34:42,591.75,3458074
2021-04-27 09:34:42,591.75,3458078
2021-04-27 09:34:43,591.8,3458712
2021-04-27 09:34:44,592.05,3460420
2021-04-27 09:34:45,592.0,3460636
2021-04-27 09:34:48,591.95,3461922
2021-04-27 09:34:48,592.0,3462107
2021-04-27 09:34:49,591.95,3462220
2021-04-27 09:34:50,591.95,3463343
2021-04-27 09:34:51,591.95,3463702
2021-04-27 09:34:53,591.95,3465013
2021-04-27 09:34:54,591.95,3466801
2021-04-27 09:34:54,591.95,3466791
2021-04-27 09:34:55,591.75,3467269
2021-04-27 09:34:57,591.75,3467949
2021-04-27 09:34:58,591.75,3468503
2021-04-27 09:34:59,591.75,3468673
2021-04-27 09:35:00,591.8,3469174
2021-04-27 09:35:01,591.95,3470066
2021-04-27 09:35:03,591.8,3470262
2021-04-27 09:35:04,591.95,3470735
2021-04-27 09:35:05,591.8,3473178
2021-04-27 09:35:05,591.8,3473116
2021-04-27 09:35:06,591.75,3473901
2021-04-27 09:35:07,591.9,3474256
2021-04-27 09:35:09,591.9,3474915
2021-04-27 09:35:10,591.75,3474994
2021-04-27 09:35:11,591.95,3477930
2021-04-27 09:35:12,591.9,3478688
2021-04-27 09:35:13,591.8,3479557
2021-04-27 09:35:15,591.75,3480256
2021-04-27 09:35:16,591.95,3482641
2021-04-27 09:35:17,591.8,3483350
2021-04-27 09:35:18,591.9,3483960
2021-04-27 09:35:19,591.95,3489788
2021-04-27 09:35:20,591.95,3490139
2021-04-27 09:35:21,592.0,3491204
2021-04-27 09:35:21,592.0,3491204
2021-04-27 09:35:22,591.95,3491298
2021-04-27 09:35:23,592.15,3491625
2021-04-27 09:35:24,592.05,3494302
2021-04-27 09:35:26,592.05,3496091
2021-04-27 09:35:28,592.15,3496171
2021-04-27 09:35:29,592.05,3496666
2021-04-27 09:35:30,592.2,3500431
2021-04-27 09:35:31,592.3,3502239
2021-04-27 09:35:32,592.2,3502325
2021-04-27 09:35:33,592.2,3502571
2021-04-27 09:35:34,592.2,3502585
2021-04-27 09:35:34,592.25,3507615
2021-04-27 09:35:35,592.2,3508135
2021-04-27 09:35:36,592.2,3509129
2021-04-27 09:35:37,592.05,3510930
2021-04-27 09:35:38,592.0,3513245
2021-04-27 09:35:40,591.8,3517162
2021-04-27 09:35:41,592.0,3517611
2021-04-27 09:35:42,591.8,3518439
2021-04-27 09:35:43,591.8,3519030
2021-04-27 09:35:44,591.75,3523288
2021-04-27 09:35:45,591.8,3523763
2021-04-27 09:35:46,591.8,3523903
2021-04-27 09:35:47,591.85,3525550
2021-04-27 09:35:48,591.75,3526772
2021-04-27 09:35:48,591.75,3526771
2021-04-27 09:35:49,591.75,3527292
2021-04-27 09:35:50,591.95,3527794
2021-04-27 09:35:52,591.8,3527967
2021-04-27 09:35:53,591.95,3528914
2021-04-27 09:35:54,591.85,3528954
2021-04-27 09:35:55,591.85,3529216
2021-04-27 09:35:55,591.95,3529480
2021-04-27 09:35:56,591.85,3530818
2021-04-27 09:35:57,591.95,3531534
2021-04-27 09:35:58,591.95,3531869
2021-04-27 09:35:59,591.95,3532396
2021-04-27 09:36:01,591.95,3533144
2021-04-27 09:36:02,591.9,3533179
2021-04-27 09:36:03,591.85,3533873
2021-04-27 09:36:03,591.8,3534373
2021-04-27 09:36:04,591.8,3534673
2021-04-27 09:36:05,591.9,3534728
2021-04-27 09:36:06,591.85,3540886
2021-04-27 09:36:09,591.8,3542401
2021-04-27 09:36:10,591.85,3546626
2021-04-27 09:36:11,591.8,3546736
2021-04-27 09:36:12,591.9,3547840
2021-04-27 09:36:12,591.9,3548118
2021-04-27 09:36:15,591.95,3549668
2021-04-27 09:36:16,592.1,3550829
2021-04-27 09:36:17,592.1,3551536
2021-04-27 09:36:18,592.0,3551546
2021-04-27 09:36:19,592.0,3551554
2021-04-27 09:36:19,592.05,3551563
2021-04-27 09:36:20,592.2,3552014
2021-04-27 09:36:21,592.0,3552335
2021-04-27 09:36:22,592.2,3558131
2021-04-27 09:36:23,592.2,3558902
2021-04-27 09:36:25,592.2,3560138
2021-04-27 09:36:26,592.25,3562030
2021-04-27 09:36:27,592.2,3562096
2021-04-27 09:36:28,592.25,3562380
2021-04-27 09:36:29,592.35,3564139
2021-04-27 09:36:29,592.35,3564139
2021-04-27 09:36:30,592.05,3565499
2021-04-27 09:36:32,592.05,3565508
2021-04-27 09:36:32,592.3,3567542
2021-04-27 09:36:33,592.25,3568749
2021-04-27 09:36:35,592.2,3569407
2021-04-27 09:36:37,592.2,3571364
2021-04-27 09:36:37,592.1,3571874
2021-04-27 09:36:38,592.15,3574127
2021-04-27 09:36:39,592.15,3574177
2021-04-27 09:36:40,592.25,3574517
2021-04-27 09:36:41,592.0,3575445
2021-04-27 09:36:42,592.15,3575668
2021-04-27 09:36:43,592.15,3577051
2021-04-27 09:36:44,591.9,3577693
2021-04-27 09:36:45,592.15,3578200
2021-04-27 09:36:46,592.1,3579155
2021-04-27 09:36:47,592.15,3579668
2021-04-27 09:36:48,592.0,3580110
2021-04-27 09:36:49,592.0,3580110
2021-04-27 09:36:51,592.1,3582496
2021-04-27 09:36:52,592.25,3582536
2021-04-27 09:36:53,592.1,3583015
2021-04-27 09:36:53,592.1,3583045
2021-04-27 09:36:55,592.25,3583626
2021-04-27 09:36:56,592.1,3584055
2021-04-27 09:36:57,592.1,3584104
2021-04-27 09:36:58,592.25,3584206
2021-04-27 09:37:00,592.1,3584380
2021-04-27 09:37:01,592.15,3584566
2021-04-27 09:37:02,592.35,3586993
2021-04-27 09:37:03,592.25,3587616
2021-04-27 09:37:04,592.45,3591037
2021-04-27 09:37:05,592.3,3591080
2021-04-27 09:37:06,592.45,3592865
2021-04-27 09:37:06,592.3,3592917
2021-04-27 09:37:07,592.3,3594317
2021-04-27 09:37:09,592.45,3594363
2021-04-27 09:37:10,592.3,3594556
2021-04-27 09:37:11,592.45,3594731
2021-04-27 09:37:11,592.45,3594687
2021-04-27 09:37:12,592.35,3594760
2021-04-27 09:37:13,592.55,3605605
2021-04-27 09:37:14,592.75,3606751
2021-04-27 09:37:15,592.8,3606962
2021-04-27 09:37:16,592.7,3606984
2021-04-27 09:37:17,592.85,3607121
2021-04-27 09:37:19,593.0,3634094
2021-04-27 09:37:20,592.85,3634321
2021-04-27 09:37:21,593.0,3635609
2021-04-27 09:37:22,593.0,3636229
2021-04-27 09:37:23,593.0,3636374
2021-04-27 09:37:23,593.0,3636354
2021-04-27 09:37:25,592.5,3641245
2021-04-27 09:37:26,592.8,3643061
2021-04-27 09:37:27,592.5,3643785
2021-04-27 09:37:28,592.85,3644514
2021-04-27 09:37:29,592.75,3649740
2021-04-27 09:37:31,592.9,3650133
2021-04-27 09:37:32,592.9,3650302
2021-04-27 09:37:33,592.9,3650957
2021-04-27 09:37:34,592.9,3651533
2021-04-27 09:37:35,592.9,3652137
2021-04-27 09:37:35,592.95,3652448
2021-04-27 09:37:37,593.0,3653784
2021-04-27 09:37:38,592.9,3654685
2021-04-27 09:37:39,593.0,3655696
2021-04-27 09:37:40,592.95,3656575
2021-04-27 09:37:41,593.15,3662944
2021-04-27 09:37:41,593.15,3663182
2021-04-27 09:37:43,593.0,3664170
2021-04-27 09:37:44,593.0,3664996
2021-04-27 09:37:45,592.8,3671742
2021-04-27 09:37:47,592.85,3673579
2021-04-27 09:37:48,592.6,3673951
2021-04-27 09:37:49,592.7,3674017
2021-04-27 09:37:49,592.6,3674023
2021-04-27 09:37:50,592.55,3674039
2021-04-27 09:37:52,592.6,3674404
2021-04-27 09:37:53,592.8,3674492
2021-04-27 09:37:54,592.65,3674821
2021-04-27 09:37:55,592.75,3674887
2021-04-27 09:37:56,592.75,3674936
2021-04-27 09:37:57,592.75,3675250
2021-04-27 09:37:58,592.95,3676336
2021-04-27 09:37:59,592.75,3676424
2021-04-27 09:38:00,592.95,3677143
2021-04-27 09:38:01,592.85,3677373
2021-04-27 09:38:02,592.8,3677429
2021-04-27 09:38:03,592.75,3678041
2021-04-27 09:38:04,592.9,3678572
2021-04-27 09:38:04,592.75,3678679
2021-04-27 09:38:06,592.95,3679387
2021-04-27 09:38:07,592.8,3679395
2021-04-27 09:38:08,592.85,3680702
2021-04-27 09:38:09,592.8,3680897
2021-04-27 09:38:10,592.8,3681262
2021-04-27 09:38:11,592.85,3681437
2021-04-27 09:38:12,592.9,3681970
2021-04-27 09:38:13,592.95,3683673
2021-04-27 09:38:15,592.9,3688933
2021-04-27 09:38:16,593.1,3690028
2021-04-27 09:38:17,593.0,3690447
2021-04-27 09:38:18,593.0,3691230
2021-04-27 09:38:19,593.0,3691321
2021-04-27 09:38:20,592.95,3691810
2021-04-27 09:38:21,593.0,3692002
2021-04-27 09:38:22,593.0,3693319
2021-04-27 09:38:23,593.0,3693579
2021-04-27 09:38:24,593.0,3694107
2021-04-27 09:38:25,592.85,3702518
2021-04-27 09:38:26,592.95,3702909
2021-04-27 09:38:27,592.95,3703271
2021-04-27 09:38:28,592.85,3703446
2021-04-27 09:38:28,592.85,3703458
2021-04-27 09:38:29,592.85,3704892
2021-04-27 09:38:30,592.9,3704982
2021-04-27 09:38:32,592.9,3705350
2021-04-27 09:38:33,593.0,3705371
2021-04-27 09:38:34,593.0,3706310
2021-04-27 09:38:35,593.0,3706391
2021-04-27 09:38:35,592.9,3706371
2021-04-27 09:38:36,592.9,3707424
2021-04-27 09:38:38,593.1,3707618
2021-04-27 09:38:39,592.95,3707708
2021-04-27 09:38:40,592.95,3708755
2021-04-27 09:38:41,593.0,3708882
2021-04-27 09:38:42,593.1,3708893
2021-04-27 09:38:43,593.0,3709485
2021-04-27 09:38:44,593.0,3709944
2021-04-27 09:38:45,593.2,3710294
2021-04-27 09:38:46,593.0,3710636
2021-04-27 09:38:47,593.0,3711444
2021-04-27 09:38:48,593.2,3711502
2021-04-27 09:38:48,593.2,3711502
2021-04-27 09:38:50,593.05,3715000
2021-04-27 09:38:51,593.25,3715154
2021-04-27 09:38:52,593.0,3715649
2021-04-27 09:38:53,593.25,3716060
2021-04-27 09:38:54,593.05,3716832
2021-04-27 09:38:55,593.1,3717259
2021-04-27 09:38:56,593.1,3717612
2021-04-27 09:38:57,593.1,3717621
2021-04-27 09:38:58,593.25,3718653
2021-04-27 09:38:59,593.1,3718667
2021-04-27 09:39:00,593.25,3723416
2021-04-27 09:39:02,593.15,3724834
2021-04-27 09:39:03,593.25,3727028
2021-04-27 09:39:04,593.1,3732186
2021-04-27 09:39:05,593.2,3732555
2021-04-27 09:39:05,593.1,3733232
2021-04-27 09:39:06,593.25,3733466
2021-04-27 09:39:08,593.2,3735299
2021-04-27 09:39:09,593.25,3736526
2021-04-27 09:39:10,593.15,3736762
2021-04-27 09:39:11,593.05,3738661
2021-04-27 09:39:12,593.25,3739053
2021-04-27 09:39:13,593.05,3740054
2021-04-27 09:39:14,592.95,3757029
2021-04-27 09:39:15,592.9,3758969
2021-04-27 09:39:16,592.85,3759607
2021-04-27 09:39:17,592.85,3759757
2021-04-27 09:39:18,592.65,3762960
2021-04-27 09:39:18,592.7,3762973
2021-04-27 09:39:19,592.65,3763281
2021-04-27 09:39:20,592.8,3763341
2021-04-27 09:39:22,592.8,3763347
2021-04-27 09:39:23,592.8,3763581
2021-04-27 09:39:24,592.7,3763669
2021-04-27 09:39:25,592.85,3763686
2021-04-27 09:39:26,592.95,3763954
2021-04-27 09:39:27,592.85,3764171
2021-04-27 09:39:28,592.85,3764297
2021-04-27 09:39:29,592.8,3764366
2021-04-27 09:39:30,592.8,3766068
2021-04-27 09:39:31,592.8,3766478
2021-04-27 09:39:33,592.8,3767007
2021-04-27 09:39:34,592.65,3767394
2021-04-27 09:39:35,592.75,3767763
2021-04-27 09:39:36,592.85,3768037
2021-04-27 09:39:37,592.85,3768374
2021-04-27 09:39:39,592.85,3770323
2021-04-27 09:39:40,592.55,3788122
2021-04-27 09:39:42,592.6,3789874
2021-04-27 09:39:43,592.6,3790645
2021-04-27 09:39:44,592.5,3791370
2021-04-27 09:39:45,592.5,3791428
2021-04-27 09:39:46,592.65,3797887
2021-04-27 09:39:47,592.5,3799836
2021-04-27 09:39:48,592.6,3800164
2021-04-27 09:39:49,592.55,3800872
2021-04-27 09:39:50,592.7,3801617
2021-04-27 09:39:51,592.6,3801680
2021-04-27 09:39:52,592.7,3802185
2021-04-27 09:39:53,592.7,3803361
2021-04-27 09:39:54,592.55,3804412
2021-04-27 09:39:55,592.85,3804806
2021-04-27 09:39:56,592.7,3804873
2021-04-27 09:39:57,592.7,3806721
2021-04-27 09:39:58,592.65,3806828
2021-04-27 09:39:59,592.65,3806910
2021-04-27 09:40:00,592.65,3806910
2021-04-27 09:40:01,592.65,3807138
2021-04-27 09:40:02,592.65,3807423
2021-04-27 09:40:03,592.85,3807491
2021-04-27 09:40:04,592.85,3807701
2021-04-27 09:40:05,592.65,3808272
2021-04-27 09:40:06,592.7,3808886
2021-04-27 09:40:07,592.7,3809390
2021-04-27 09:40:09,592.75,3812204
2021-04-27 09:40:10,592.75,3812232
2021-04-27 09:40:12,592.8,3812266
2021-04-27 09:40:13,592.85,3812307
2021-04-27 09:40:14,592.85,3812671
2021-04-27 09:40:15,592.85,3813123
2021-04-27 09:40:16,592.9,3813497
2021-04-27 09:40:17,592.9,3813718
2021-04-27 09:40:18,593.0,3814183
2021-04-27 09:40:19,592.9,3814421
2021-04-27 09:40:20,592.9,3814436
2021-04-27 09:40:27,593.0,3818685
2021-04-27 09:40:28,592.85,3828891
2021-04-27 09:40:29,592.85,3828891
2021-04-27 09:40:31,592.85,3831399
2021-04-27 09:40:32,592.8,3831498
2021-04-27 09:40:33,592.55,3832032
2021-04-27 09:40:34,592.65,3832312
2021-04-27 09:40:35,592.6,3832624
2021-04-27 09:40:36,592.6,3832966
2021-04-27 09:40:37,592.6,3833349
2021-04-27 09:40:38,592.8,3833509
2021-04-27 09:40:39,592.7,3834765
2021-04-27 09:40:40,592.65,3835104
2021-04-27 09:40:41,592.85,3836710
2021-04-27 09:40:42,592.65,3837240
2021-04-27 09:40:43,592.6,3837818
2021-04-27 09:40:44,592.6,3838339
2021-04-27 09:40:45,592.7,3838506
2021-04-27 09:40:48,592.5,3839835
2021-04-27 09:40:49,592.5,3840216
2021-04-27 09:40:50,592.5,3840451
2021-04-27 09:40:51,592.6,3840783
2021-04-27 09:40:52,592.5,3840910
2021-04-27 09:40:53,592.8,3841426
2021-04-27 09:40:54,592.5,3841475
2021-04-27 09:40:55,592.5,3841542
2021-04-27 09:40:56,592.65,3841665
2021-04-27 09:40:57,592.55,3842354
2021-04-27 09:40:58,592.25,3860202
2021-04-27 09:40:59,592.5,3861186
2021-04-27 09:41:01,592.35,3862026
2021-04-27 09:41:00,592.5,3862015
2021-04-27 09:41:02,592.3,3867041
2021-04-27 09:41:03,592.25,3868367
2021-04-27 09:41:04,592.45,3868450
2021-04-27 09:41:05,592.5,3868582
2021-04-27 09:41:06,592.3,3869139
2021-04-27 09:41:08,592.3,3869459
2021-04-27 09:41:09,592.5,3869535
2021-04-27 09:41:11,592.55,3869824
2021-04-27 09:41:12,592.55,3869963
2021-04-27 09:41:14,592.4,3872404
2021-04-27 09:41:15,592.3,3872463
2021-04-27 09:41:16,592.3,3872577
2021-04-27 09:41:17,592.35,3873289
2021-04-27 09:41:18,592.25,3873390
2021-04-27 09:41:19,592.0,3898688
2021-04-27 09:41:20,592.0,3898688
2021-04-27 09:41:24,592.5,3909126
2021-04-27 09:41:25,592.6,3910210
2021-04-27 09:41:26,592.75,3910857
2021-04-27 09:41:27,592.95,3925469
2021-04-27 09:41:28,592.95,3927074
2021-04-27 09:41:30,592.85,3928140
2021-04-27 09:41:31,593.0,3928354
2021-04-27 09:41:32,592.85,3928821
2021-04-27 09:41:33,592.85,3928838
2021-04-27 09:41:34,592.85,3928997
2021-04-27 09:41:35,592.85,3929210
2021-04-27 09:41:36,593.0,3929438
2021-04-27 09:41:37,592.85,3929580
2021-04-27 09:41:38,592.85,3930094
2021-04-27 09:41:39,592.85,3931168
2021-04-27 09:41:40,593.0,3931837
2021-04-27 09:41:41,592.95,3931991
2021-04-27 09:41:42,592.85,3932268
2021-04-27 09:41:43,593.0,3932692
2021-04-27 09:41:44,592.75,3933693
2021-04-27 09:41:45,592.7,3934482
2021-04-27 09:41:46,592.8,3934918
2021-04-27 09:41:47,592.95,3935317
2021-04-27 09:41:48,592.95,3935550
2021-04-27 09:41:49,592.9,3936726
2021-04-27 09:41:50,592.9,3937553
2021-04-27 09:41:51,592.9,3937588
2021-04-27 09:41:52,592.9,3937636
2021-04-27 09:41:53,592.9,3937673
2021-04-27 09:41:54,592.95,3938186
2021-04-27 09:41:55,592.85,3939271
2021-04-27 09:41:56,592.65,3939687
2021-04-27 09:41:57,592.9,3940630
2021-04-27 09:41:58,592.85,3940838
2021-04-27 09:41:59,592.65,3940893
2021-04-27 09:42:00,592.7,3941383
2021-04-27 09:42:01,592.6,3941894
2021-04-27 09:42:02,592.55,3941896
2021-04-27 09:42:03,592.55,3942229
2021-04-27 09:42:04,592.55,3943114
2021-04-27 09:42:05,592.5,3943219
2021-04-27 09:42:06,592.45,3943477
2021-04-27 09:42:07,592.5,3943608
2021-04-27 09:42:08,592.5,3943991
2021-04-27 09:42:09,592.5,3944168
2021-04-27 09:42:10,592.35,3944791
2021-04-27 09:42:11,592.45,3945331
2021-04-27 09:42:12,592.5,3945445
2021-04-27 09:42:13,592.5,3945993
2021-04-27 09:42:14,592.4,3946025
2021-04-27 09:42:15,592.45,3946029
2021-04-27 09:42:16,592.5,3946704
2021-04-27 09:42:17,592.45,3949328
2021-04-27 09:42:18,592.25,3949386
2021-04-27 09:42:19,592.4,3949664
2021-04-27 09:42:20,592.45,3949887
2021-04-27 09:42:21,592.3,3949958
2021-04-27 09:42:23,592.5,3951006
2021-04-27 09:42:23,592.3,3951007
2021-04-27 09:42:24,592.4,3952876
2021-04-27 09:42:25,592.5,3953171
2021-04-27 09:42:26,592.45,3953705
2021-04-27 09:42:27,592.55,3953763
2021-04-27 09:42:28,592.55,3954572
2021-04-27 09:42:29,592.45,3955797
2021-04-27 09:42:30,592.5,3956018
2021-04-27 09:42:31,592.4,3956032
2021-04-27 09:42:32,592.4,3956038
2021-04-27 09:42:33,592.5,3956118
2021-04-27 09:42:34,592.45,3956410
2021-04-27 09:42:36,592.45,3956806
2021-04-27 09:42:37,592.45,3956980
2021-04-27 09:42:38,592.3,3958069
2021-04-27 09:42:39,592.3,3958174
2021-04-27 09:42:41,592.25,3959101
2021-04-27 09:42:41,592.3,3959013
2021-04-27 09:42:42,592.3,3959485
2021-04-27 09:42:43,592.3,3960407
2021-04-27 09:42:44,592.4,3961464
2021-04-27 09:42:45,592.4,3961533
2021-04-27 09:42:46,592.4,3961591
2021-04-27 09:42:47,592.45,3961860
2021-04-27 09:42:48,592.35,3962001
2021-04-27 09:42:50,592.35,3962775
2021-04-27 09:42:51,592.3,3962815
2021-04-27 09:42:52,592.3,3962870
2021-04-27 09:42:53,592.3,3962929
2021-04-27 09:42:54,592.3,3963518
2021-04-27 09:42:55,592.45,3969425
2021-04-27 09:42:56,592.6,3969848
2021-04-27 09:42:57,592.6,3969857
2021-04-27 09:42:58,592.55,3969873
2021-04-27 09:42:59,592.7,3970175
2021-04-27 09:43:00,592.55,3970971
2021-04-27 09:43:02,592.55,3970993
2021-04-27 09:43:02,592.55,3970993
2021-04-27 09:43:03,592.55,3971771
2021-04-27 09:43:04,592.4,3971836
2021-04-27 09:43:06,592.4,3972060
2021-04-27 09:43:06,592.4,3972438
2021-04-27 09:43:07,592.45,3973107
2021-04-27 09:43:08,592.35,3973348
2021-04-27 09:43:09,592.35,3973477
2021-04-27 09:43:10,592.35,3973762
2021-04-27 09:43:11,592.35,3974191
2021-04-27 09:43:12,592.5,3974969
2021-04-27 09:43:13,592.35,3975233
2021-04-27 09:43:14,592.3,3975822
2021-04-27 09:43:15,592.3,3976713
2021-04-27 09:43:16,592.65,3980880
2021-04-27 09:43:17,592.4,3981065
2021-04-27 09:43:18,592.5,3981508
2021-04-27 09:43:19,592.4,3981531
2021-04-27 09:43:20,592.4,3982631
2021-04-27 09:43:21,592.2,3993027
2021-04-27 09:43:22,592.1,3993703
2021-04-27 09:43:23,592.15,3994474
2021-04-27 09:43:24,592.15,3995456
2021-04-27 09:43:25,592.4,3995711
2021-04-27 09:43:26,592.2,3996214
2021-04-27 09:43:27,592.25,3996223
2021-04-27 09:43:29,592.25,3996365
2021-04-27 09:43:30,592.2,3996376
2021-04-27 09:43:31,592.3,3996405
2021-04-27 09:43:32,592.4,3996583
2021-04-27 09:43:33,592.4,3996872
2021-04-27 09:43:33,592.4,3996872
2021-04-27 09:43:34,592.4,3998907
2021-04-27 09:43:35,592.55,3999566
2021-04-27 09:43:36,592.5,4002644
2021-04-27 09:43:37,592.45,4002664
2021-04-27 09:43:38,592.45,4002666
2021-04-27 09:43:39,592.4,4003921
2021-04-27 09:43:40,592.45,4004075
2021-04-27 09:43:41,592.55,4004355
2021-04-27 09:43:42,592.4,4004811
2021-04-27 09:43:43,592.4,4005140
2021-04-27 09:43:44,592.4,4005153
2021-04-27 09:43:45,592.4,4005221
2021-04-27 09:43:46,592.4,4005259
2021-04-27 09:43:47,592.4,4005369
2021-04-27 09:43:48,592.4,4005641
2021-04-27 09:43:49,592.4,4005844
2021-04-27 09:43:51,592.4,4007028
2021-04-27 09:43:53,592.35,4007482
2021-04-27 09:43:56,592.4,4007944
2021-04-27 09:43:58,592.4,4007945
2021-04-27 09:43:59,592.3,4007976
2021-04-27 09:44:00,592.3,4008148
2021-04-27 09:44:01,592.3,4008211
2021-04-27 09:44:02,592.3,4008225
2021-04-27 09:44:03,592.4,4008230
2021-04-27 09:44:04,592.4,4008403
2021-04-27 09:44:05,592.45,4008405
2021-04-27 09:44:06,592.5,4008545
2021-04-27 09:44:08,592.45,4009695
2021-04-27 09:44:09,592.45,4009736
2021-04-27 09:44:10,592.7,4013533
2021-04-27 09:44:11,592.75,4013914
2021-04-27 09:44:12,592.5,4015628
2021-04-27 09:44:13,592.9,4018171
2021-04-27 09:44:14,592.6,4018449
2021-04-27 09:44:15,592.65,4018753
2021-04-27 09:44:16,592.65,4018819
2021-04-27 09:44:17,592.65,4019656
2021-04-27 09:44:18,592.85,4019920
2021-04-27 09:44:19,592.85,4021148
2021-04-27 09:44:19,592.85,4021148
2021-04-27 09:44:20,592.75,4021220
2021-04-27 09:44:21,592.75,4021513
2021-04-27 09:44:22,592.6,4021678
2021-04-27 09:44:23,592.75,4021756
2021-04-27 09:44:24,592.85,4022076
2021-04-27 09:44:25,592.65,4022443
2021-04-27 09:44:27,592.65,4022560
2021-04-27 09:44:28,592.65,4022594
2021-04-27 09:44:29,592.8,4022937
2021-04-27 09:44:30,592.65,4023122
2021-04-27 09:44:31,592.8,4023556
2021-04-27 09:44:32,592.8,4025034
2021-04-27 09:44:33,592.8,4025156
2021-04-27 09:44:34,592.85,4025168
2021-04-27 09:44:35,592.8,4025184
2021-04-27 09:44:36,592.8,4025220
2021-04-27 09:44:37,592.8,4025223
2021-04-27 09:44:38,592.8,4025414
2021-04-27 09:44:39,592.85,4025529
2021-04-27 09:44:39,592.8,4025538
2021-04-27 09:44:40,592.8,4025869
2021-04-27 09:44:41,592.7,4026030
2021-04-27 09:44:42,592.85,4026035
2021-04-27 09:44:43,592.8,4026038
2021-04-27 09:44:44,592.7,4026039
2021-04-27 09:44:45,592.8,4026274
2021-04-27 09:44:46,592.75,4027640
2021-04-27 09:44:47,592.75,4027721
2021-04-27 09:44:48,592.8,4028958
2021-04-27 09:44:49,592.8,4029071
2021-04-27 09:44:50,592.75,4030609
2021-04-27 09:44:51,592.95,4071042
2021-04-27 09:44:52,593.15,4071855
2021-04-27 09:44:53,593.2,4073059
2021-04-27 09:44:54,593.25,4074376
2021-04-27 09:44:55,593.25,4077684
2021-04-27 09:44:56,593.3,4091680
2021-04-27 09:44:57,593.65,4116257
2021-04-27 09:44:59,593.35,4123000
2021-04-27 09:45:00,593.4,4127321
2021-04-27 09:45:01,593.5,4129405
2021-04-27 09:45:02,593.55,4130509
2021-04-27 09:45:03,593.8,4131625
2021-04-27 09:45:04,593.9,4131852
2021-04-27 09:45:04,593.8,4131843
2021-04-27 09:45:05,593.9,4133147
2021-04-27 09:45:06,593.95,4136152
2021-04-27 09:45:07,594.0,4139560
2021-04-27 09:45:08,594.0,4144770
2021-04-27 09:45:09,593.9,4148169
2021-04-27 09:45:10,593.75,4152115
2021-04-27 09:45:11,593.75,4153577
2021-04-27 09:45:12,593.8,4153799
2021-04-27 09:45:13,593.8,4154227
2021-04-27 09:45:14,593.55,4154657
2021-04-27 09:45:15,593.55,4155120
2021-04-27 09:45:16,593.75,4157287
2021-04-27 09:45:17,593.55,4158196
2021-04-27 09:45:18,593.95,4159008
2021-04-27 09:45:19,593.6,4159361
2021-04-27 09:45:20,593.55,4160104
2021-04-27 09:45:21,593.5,4161077
2021-04-27 09:45:22,593.6,4163876
2021-04-27 09:45:23,593.8,4164551
2021-04-27 09:45:24,593.65,4164642
2021-04-27 09:45:25,593.65,4165003
2021-04-27 09:45:26,593.7,4165691
2021-04-27 09:45:27,593.7,4166212
2021-04-27 09:45:28,593.95,4168955
2021-04-27 09:45:29,593.9,4168997
2021-04-27 09:45:31,593.7,4170007
2021-04-27 09:45:32,593.7,4170123
2021-04-27 09:45:33,593.65,4170881
2021-04-27 09:45:34,593.65,4171372
2021-04-27 09:45:35,593.75,4171777
2021-04-27 09:45:36,593.75,4172630
2021-04-27 09:45:37,593.8,4173099
2021-04-27 09:45:38,593.7,4173564
2021-04-27 09:45:39,593.65,4173932
2021-04-27 09:45:40,593.75,4174686
2021-04-27 09:45:41,593.75,4174861
2021-04-27 09:45:42,593.8,4175500
2021-04-27 09:45:43,593.6,4176253
2021-04-27 09:45:44,593.7,4177076
2021-04-27 09:45:45,593.7,4177221
2021-04-27 09:45:46,593.75,4178313
2021-04-27 09:45:47,593.65,4180638
2021-04-27 09:45:48,593.6,4181556
2021-04-27 09:45:49,593.5,4183099
2021-04-27 09:45:50,593.7,4183966
2021-04-27 09:45:51,593.65,4185039
2021-04-27 09:45:52,593.65,4185527
2021-04-27 09:45:53,593.65,4186014
2021-04-27 09:45:54,593.65,4186156
2021-04-27 09:45:55,593.65,4186206
2021-04-27 09:45:55,593.65,4186211
2021-04-27 09:45:56,593.7,4186223
2021-04-27 09:45:57,593.7,4186624
2021-04-27 09:45:58,593.65,4187856
2021-04-27 09:45:59,593.7,4190372
2021-04-27 09:46:01,593.7,4190942
2021-04-27 09:46:02,593.75,4193190
2021-04-27 09:46:03,593.8,4196010
2021-04-27 09:46:04,593.8,4206488
2021-04-27 09:46:05,593.8,4210917
2021-04-27 09:46:06,593.75,4214177
2021-04-27 09:46:07,593.9,4214754
2021-04-27 09:46:08,593.8,4214785
2021-04-27 09:46:09,593.8,4215524
2021-04-27 09:46:10,593.8,4217338
2021-04-27 09:46:11,593.9,4218217
2021-04-27 09:46:12,593.9,4218347
2021-04-27 09:46:13,593.9,4218839
2021-04-27 09:46:13,593.85,4218889
2021-04-27 09:46:15,593.6,4223578
2021-04-27 09:46:16,593.55,4225766
2021-04-27 09:46:17,593.5,4225850
2021-04-27 09:46:18,593.55,4225938
2021-04-27 09:46:19,593.6,4225996
2021-04-27 09:46:20,593.7,4226045
2021-04-27 09:46:21,593.55,4226190
2021-04-27 09:46:22,593.65,4226385
2021-04-27 09:46:23,593.7,4227617
2021-04-27 09:46:23,593.7,4227617
2021-04-27 09:46:24,593.7,4228243
2021-04-27 09:46:26,593.7,4228568
2021-04-27 09:46:27,593.6,4228781
2021-04-27 09:46:28,593.7,4228827
2021-04-27 09:46:29,593.7,4229186
2021-04-27 09:46:30,593.55,4229573
2021-04-27 09:46:31,593.75,4229966
2021-04-27 09:46:31,593.75,4229966
2021-04-27 09:46:32,593.6,4231199
2021-04-27 09:46:33,593.85,4239980
2021-04-27 09:46:34,593.85,4240976
2021-04-27 09:46:36,593.8,4241918
2021-04-27 09:46:37,593.55,4242560
2021-04-27 09:46:38,593.55,4242856
2021-04-27 09:46:39,593.7,4243375
2021-04-27 09:46:40,593.6,4244214
2021-04-27 09:46:40,593.6,4244219
2021-04-27 09:46:41,593.6,4245616
2021-04-27 09:46:42,593.6,4245637
2021-04-27 09:46:43,593.6,4245726
2021-04-27 09:46:44,593.75,4245727
2021-04-27 09:46:45,593.6,4245929
2021-04-27 09:46:46,593.55,4247152
2021-04-27 09:46:48,593.55,4247462
2021-04-27 09:46:49,593.7,4247670
2021-04-27 09:46:50,593.7,4247699
2021-04-27 09:46:51,593.7,4248663
2021-04-27 09:46:52,593.6,4248739
2021-04-27 09:46:53,593.6,4248819
2021-04-27 09:46:54,593.6,4249407
2021-04-27 09:46:55,593.6,4249471
2021-04-27 09:46:56,593.5,4249577
2021-04-27 09:46:56,593.3,4257685
2021-04-27 09:46:57,593.3,4258201
2021-04-27 09:46:58,593.4,4258592
2021-04-27 09:46:59,593.55,4263046
2021-04-27 09:47:00,593.55,4265576
2021-04-27 09:47:01,593.55,4266279
2021-04-27 09:47:03,593.25,4267753
2021-04-27 09:47:04,593.3,4267955
2021-04-27 09:47:05,593.3,4269183
2021-04-27 09:47:06,593.3,4269336
2021-04-27 09:47:07,593.15,4270509
2021-04-27 09:47:08,593.45,4270653
2021-04-27 09:47:09,593.1,4272695
2021-04-27 09:47:10,593.15,4273280
2021-04-27 09:47:11,593.2,4273444
2021-04-27 09:47:12,593.3,4273699
2021-04-27 09:47:13,593.1,4273825
2021-04-27 09:47:13,593.1,4273835
2021-04-27 09:47:14,593.1,4273895
2021-04-27 09:47:16,593.1,4276503
2021-04-27 09:47:17,593.1,4277080
2021-04-27 09:47:18,593.0,4278707
2021-04-27 09:47:19,593.05,4280462
2021-04-27 09:47:20,592.85,4287914
2021-04-27 09:47:22,593.0,4289976
2021-04-27 09:47:21,592.9,4289560
2021-04-27 09:47:22,593.0,4290109
2021-04-27 09:47:23,592.8,4290465
2021-04-27 09:47:25,592.85,4290709
2021-04-27 09:47:25,592.95,4290723
2021-04-27 09:47:26,593.1,4295335
2021-04-27 09:47:28,593.05,4296013
2021-04-27 09:47:29,593.15,4296457
2021-04-27 09:47:30,593.2,4296837
2021-04-27 09:47:31,593.1,4297182
2021-04-27 09:47:32,593.05,4298454
2021-04-27 09:47:33,593.2,4298582
2021-04-27 09:47:33,593.2,4298638
2021-04-27 09:47:35,593.25,4298713
2021-04-27 09:47:36,593.3,4299270
2021-04-27 09:47:37,593.2,4299440
2021-04-27 09:47:38,593.2,4299516
2021-04-27 09:47:39,593.3,4299566
2021-04-27 09:47:40,593.35,4301525
2021-04-27 09:47:41,593.1,4303132
2021-04-27 09:47:42,593.25,4306493
2021-04-27 09:47:42,593.25,4306762
2021-04-27 09:47:43,593.25,4307586
2021-04-27 09:47:44,593.35,4307682
2021-04-27 09:47:45,593.35,4307716
2021-04-27 09:47:46,593.35,4307738
2021-04-27 09:47:48,593.2,4308178
2021-04-27 09:47:49,593.3,4309062
2021-04-27 09:47:50,593.35,4309262
2021-04-27 09:47:51,593.45,4309504
2021-04-27 09:47:52,593.35,4309598
2021-04-27 09:47:53,593.3,4309856
2021-04-27 09:47:54,593.5,4310537
2021-04-27 09:47:55,593.35,4310592
2021-04-27 09:47:56,593.45,4310628
2021-04-27 09:47:57,593.45,4310632
2021-04-27 09:47:58,593.35,4310844
2021-04-27 09:47:58,593.35,4310845
2021-04-27 09:47:59,593.35,4311276
2021-04-27 09:48:01,593.35,4312544
2021-04-27 09:48:02,593.35,4312696
2021-04-27 09:48:03,593.35,4316003
2021-04-27 09:48:04,593.35,4316440
2021-04-27 09:48:05,593.3,4316736
2021-04-27 09:48:06,593.3,4316738
2021-04-27 09:48:07,593.3,4317761
2021-04-27 09:48:08,593.3,4318050
2021-04-27 09:48:08,593.35,4319537
2021-04-27 09:48:10,593.45,4323256
2021-04-27 09:48:11,593.35,4323688
2021-04-27 09:48:12,593.35,4323719
2021-04-27 09:48:13,593.35,4323771
2021-04-27 09:48:14,593.35,4323815
2021-04-27 09:48:15,593.45,4323958
2021-04-27 09:48:16,593.35,4324067
2021-04-27 09:48:17,593.45,4324152
2021-04-27 09:48:18,593.45,4324354
2021-04-27 09:48:19,593.45,4324669
2021-04-27 09:48:20,593.45,4325201
2021-04-27 09:48:21,593.4,4325316
2021-04-27 09:48:22,593.4,4325832
2021-04-27 09:48:23,593.45,4325835
2021-04-27 09:48:24,593.4,4325946
2021-04-27 09:48:25,593.4,4326085
2021-04-27 09:48:26,593.4,4326359
2021-04-27 09:48:27,593.5,4332244
2021-04-27 09:48:28,593.4,4332779
2021-04-27 09:48:29,593.55,4332875
2021-04-27 09:48:30,593.6,4333042
2021-04-27 09:48:31,593.55,4333158
2021-04-27 09:48:31,593.6,4333152
2021-04-27 09:48:32,593.55,4333427
2021-04-27 09:48:34,593.55,4333540
2021-04-27 09:48:35,593.55,4334057
2021-04-27 09:48:36,593.55,4334571
2021-04-27 09:48:37,593.55,4334690
2021-04-27 09:48:38,593.55,4334907
2021-04-27 09:48:39,593.6,4335134
2021-04-27 09:48:40,593.55,4335809
2021-04-27 09:48:41,593.55,4335953
2021-04-27 09:48:42,593.55,4337832
2021-04-27 09:48:43,593.55,4338032
2021-04-27 09:48:44,593.6,4338393
2021-04-27 09:48:45,593.7,4338480
2021-04-27 09:48:46,593.6,4338596
2021-04-27 09:48:46,593.6,4338595
2021-04-27 09:48:47,593.6,4338636
2021-04-27 09:48:49,593.6,4338960
2021-04-27 09:48:50,593.6,4339264
2021-04-27 09:48:51,593.7,4340065
2021-04-27 09:48:52,593.65,4340235
2021-04-27 09:48:53,593.65,4340428
2021-04-27 09:48:54,593.7,4340495
2021-04-27 09:48:55,593.75,4340729
2021-04-27 09:48:56,593.75,4340762
2021-04-27 09:48:57,593.75,4343316
2021-04-27 09:48:58,593.75,4343444
2021-04-27 09:48:59,593.75,4343568
2021-04-27 09:49:00,593.85,4343670
2021-04-27 09:49:01,593.95,4347421
2021-04-27 09:49:02,593.8,4347768
2021-04-27 09:49:03,593.8,4348983
2021-04-27 09:49:04,593.85,4349311
2021-04-27 09:49:05,593.8,4349589
2021-04-27 09:49:06,593.85,4349699
2021-04-27 09:49:07,593.85,4350024
2021-04-27 09:49:08,593.9,4350333
2021-04-27 09:49:09,593.85,4350585
2021-04-27 09:49:10,593.85,4351174
2021-04-27 09:49:11,593.8,4352105
2021-04-27 09:49:13,594.0,4353093
2021-04-27 09:49:15,593.85,4353779
2021-04-27 09:49:16,593.85,4354777
2021-04-27 09:49:17,594.0,4355992
2021-04-27 09:49:18,594.0,4356435
2021-04-27 09:49:19,593.9,4356738
2021-04-27 09:49:19,593.8,4356865
2021-04-27 09:49:20,594.0,4357558
2021-04-27 09:49:22,594.0,4358323
2021-04-27 09:49:23,594.0,4358395
2021-04-27 09:49:24,593.8,4358435
2021-04-27 09:49:25,593.5,4366063
2021-04-27 09:49:26,593.5,4366474
2021-04-27 09:49:27,593.65,4368450
2021-04-27 09:49:28,593.45,4368478
2021-04-27 09:49:29,593.5,4368735
2021-04-27 09:49:30,593.6,4370980
2021-04-27 09:49:31,593.55,4371832
2021-04-27 09:49:31,593.55,4371832
2021-04-27 09:49:32,593.65,4372003
2021-04-27 09:49:34,593.6,4372119
2021-04-27 09:49:35,593.7,4372727
2021-04-27 09:49:36,593.7,4372727
2021-04-27 09:49:39,593.7,4373261
2021-04-27 09:49:40,593.7,4373695
2021-04-27 09:49:41,593.85,4373699
2021-04-27 09:49:42,593.95,4373799
2021-04-27 09:49:45,593.85,4374197
2021-04-27 09:49:46,593.95,4376412
2021-04-27 09:49:47,593.75,4376939
2021-04-27 09:49:48,593.95,4377682
2021-04-27 09:49:49,593.9,4380480
2021-04-27 09:49:49,593.95,4380286
2021-04-27 09:49:50,593.95,4380827
2021-04-27 09:49:51,593.95,4382057
2021-04-27 09:49:52,593.95,4382347
2021-04-27 09:49:54,593.8,4382482
2021-04-27 09:49:55,593.9,4382622
2021-04-27 09:49:56,594.0,4384105
2021-04-27 09:49:57,593.9,4384444
2021-04-27 09:49:58,594.0,4385586
2021-04-27 09:49:59,593.85,4386571
2021-04-27 09:50:00,593.75,4386896
2021-04-27 09:50:01,593.75,4387444
2021-04-27 09:50:01,593.75,4387439
2021-04-27 09:50:03,593.85,4389572
2021-04-27 09:50:04,593.85,4389629
2021-04-27 09:50:05,593.9,4389965
2021-04-27 09:50:06,594.0,4403552
2021-04-27 09:50:07,593.95,4404711
2021-04-27 09:50:08,594.0,4405485
2021-04-27 09:50:09,594.0,4405836
2021-04-27 09:50:10,594.0,4406871
2021-04-27 09:50:10,594.0,4406871
2021-04-27 09:50:12,594.0,4407394
2021-04-27 09:50:13,594.0,4407732
2021-04-27 09:50:14,594.0,4408808
2021-04-27 09:50:15,593.55,4416242
2021-04-27 09:50:16,593.7,4416911
2021-04-27 09:50:17,593.8,4417625
2021-04-27 09:50:18,593.7,4418068
2021-04-27 09:50:19,593.7,4418368
2021-04-27 09:50:20,593.75,4418586
2021-04-27 09:50:21,593.9,4418614
2021-04-27 09:50:22,593.8,4418624
2021-04-27 09:50:23,593.8,4418625
2021-04-27 09:50:25,593.8,4418948
2021-04-27 09:50:27,593.8,4419089
2021-04-27 09:50:28,594.0,4422021
2021-04-27 09:50:29,594.0,4423070
2021-04-27 09:50:30,593.9,4423357
2021-04-27 09:50:31,594.0,4423729
2021-04-27 09:50:32,593.9,4423751
2021-04-27 09:50:33,593.9,4424281
2021-04-27 09:50:34,593.8,4425322
2021-04-27 09:50:35,594.0,4427245
2021-04-27 09:50:36,593.85,4427263
2021-04-27 09:50:38,594.0,4427805
2021-04-27 09:50:39,593.9,4427910
2021-04-27 09:50:40,593.75,4427923
2021-04-27 09:50:41,593.8,4429710
2021-04-27 09:50:42,593.8,4429839
2021-04-27 09:50:43,593.8,4429895
2021-04-27 09:50:44,594.0,4429946
2021-04-27 09:50:45,594.0,4429951
2021-04-27 09:50:46,593.95,4429989
2021-04-27 09:50:48,593.95,4430394
2021-04-27 09:50:47,594.0,4430384
2021-04-27 09:50:50,594.0,4430860
2021-04-27 09:50:51,593.95,4430918
2021-04-27 09:50:52,593.95,4430991
2021-04-27 09:50:53,593.95,4432584
2021-04-27 09:50:54,593.95,4432650
2021-04-27 09:50:55,593.95,4433687
2021-04-27 09:50:56,594.0,4433718
2021-04-27 09:50:57,593.95,4435206
2021-04-27 09:50:58,593.9,4435857
2021-04-27 09:50:59,593.9,4436069
2021-04-27 09:51:00,593.9,4436728
2021-04-27 09:51:01,593.95,4438717
2021-04-27 09:51:02,593.9,4438735
2021-04-27 09:51:03,593.9,4438781
2021-04-27 09:51:04,593.95,4440746
2021-04-27 09:51:05,593.95,4441782
2021-04-27 09:51:06,593.95,4441862
2021-04-27 09:51:07,593.9,4442323
2021-04-27 09:51:08,593.95,4447552
2021-04-27 09:51:09,594.0,4447756
2021-04-27 09:51:10,593.9,4447872
2021-04-27 09:51:11,593.9,4447971
2021-04-27 09:51:12,594.0,4449885
2021-04-27 09:51:13,593.95,4466207
2021-04-27 09:51:14,594.1,4470788
2021-04-27 09:51:15,594.1,4470788
2021-04-27 09:51:16,594.25,4476109
2021-04-27 09:51:17,594.4,4483673
2021-04-27 09:51:18,594.4,4485581
2021-04-27 09:51:19,594.7,4502707
2021-04-27 09:51:20,594.75,4502727
2021-04-27 09:51:21,594.5,4505555
2021-04-27 09:51:22,594.45,4505930
2021-04-27 09:51:23,594.45,4506561
2021-04-27 09:51:24,594.65,4507718
2021-04-27 09:51:25,594.45,4509130
2021-04-27 09:51:26,594.6,4509381
2021-04-27 09:51:27,594.25,4516083
2021-04-27 09:51:28,594.25,4516383
2021-04-27 09:51:29,594.15,4517312
2021-04-27 09:51:30,594.1,4518026
2021-04-27 09:51:31,594.1,4518110
2021-04-27 09:51:32,594.1,4518129
2021-04-27 09:51:33,594.25,4518492
2021-04-27 09:51:34,594.3,4518706
2021-04-27 09:51:35,594.3,4519075
2021-04-27 09:51:36,594.3,4519224
2021-04-27 09:51:37,594.4,4519671
2021-04-27 09:51:38,594.5,4520823
2021-04-27 09:51:39,594.45,4521227
2021-04-27 09:51:40,594.65,4521800
2021-04-27 09:51:41,594.6,4521930
2021-04-27 09:51:42,594.65,4523511
2021-04-27 09:51:43,594.3,4525254
2021-04-27 09:51:44,594.5,4525374
2021-04-27 09:51:46,594.5,4526123
2021-04-27 09:51:45,594.5,4525898
2021-04-27 09:51:47,594.5,4526501
2021-04-27 09:51:48,594.5,4527079
2021-04-27 09:51:49,594.45,4527254
2021-04-27 09:51:50,594.7,4529685
2021-04-27 09:51:51,594.7,4531134
2021-04-27 09:51:52,594.75,4531245
2021-04-27 09:51:53,594.9,4534145
2021-04-27 09:51:54,594.65,4534885
2021-04-27 09:51:55,594.5,4538812
2021-04-27 09:51:56,594.75,4540248
2021-04-27 09:51:57,594.7,4540298
2021-04-27 09:51:58,594.5,4540880
2021-04-27 09:51:59,594.5,4541557
2021-04-27 09:52:00,594.6,4542572
2021-04-27 09:52:01,594.85,4543947
2021-04-27 09:52:02,594.65,4543982
2021-04-27 09:52:03,594.7,4544583
2021-04-27 09:52:04,594.6,4545384
2021-04-27 09:52:05,594.7,4545714
2021-04-27 09:52:06,594.65,4547943
2021-04-27 09:52:07,594.7,4549288
2021-04-27 09:52:08,594.7,4549288
2021-04-27 09:52:09,594.9,4550855
2021-04-27 09:52:10,594.9,4551680
2021-04-27 09:52:11,594.9,4552401
2021-04-27 09:52:12,594.85,4555058
2021-04-27 09:52:13,594.65,4555153
2021-04-27 09:52:14,594.65,4555380
2021-04-27 09:52:15,594.35,4560940
2021-04-27 09:52:16,594.35,4561366
2021-04-27 09:52:17,594.35,4562358
2021-04-27 09:52:18,594.45,4562652
2021-04-27 09:52:19,594.55,4562654
2021-04-27 09:52:20,594.5,4562884
2021-04-27 09:52:21,594.5,4563575
2021-04-27 09:52:22,594.35,4564513
2021-04-27 09:52:23,594.45,4565735
2021-04-27 09:52:24,594.7,4565741
2021-04-27 09:52:25,594.5,4566830
2021-04-27 09:52:26,594.6,4567389
2021-04-27 09:52:27,594.55,4568967
2021-04-27 09:52:28,594.85,4569142
2021-04-27 09:52:29,594.5,4569668
2021-04-27 09:52:31,594.5,4571395
2021-04-27 09:52:31,594.5,4571461
2021-04-27 09:52:32,594.6,4572224
2021-04-27 09:52:33,594.6,4572295
2021-04-27 09:52:34,594.6,4572615
2021-04-27 09:52:35,594.6,4572905
2021-04-27 09:52:36,594.75,4573073
2021-04-27 09:52:37,594.75,4573309
2021-04-27 09:52:39,594.8,4573534
2021-04-27 09:52:39,594.6,4573540
2021-04-27 09:52:40,594.6,4573607
2021-04-27 09:52:41,594.5,4575697
2021-04-27 09:52:42,594.65,4575954
2021-04-27 09:52:43,594.45,4576977
2021-04-27 09:52:44,594.5,4578592
2021-04-27 09:52:46,594.5,4578915
2021-04-27 09:52:46,594.6,4578930
2021-04-27 09:52:47,594.6,4579624
2021-04-27 09:52:48,594.6,4579714
2021-04-27 09:52:49,594.4,4582257
2021-04-27 09:52:50,594.2,4585365
2021-04-27 09:52:51,594.45,4586333
2021-04-27 09:52:52,594.2,4586608
2021-04-27 09:52:53,594.2,4587372
2021-04-27 09:52:54,594.3,4587755
2021-04-27 09:52:56,594.4,4587798
2021-04-27 09:52:56,594.3,4587823
2021-04-27 09:52:58,594.3,4587887
2021-04-27 09:52:58,594.3,4587905
2021-04-27 09:52:59,594.3,4588014
2021-04-27 09:53:00,594.5,4588774
2021-04-27 09:53:02,594.35,4589104
2021-04-27 09:53:02,594.35,4589106
2021-04-27 09:53:03,594.3,4589289
2021-04-27 09:53:04,594.45,4589431
2021-04-27 09:53:05,594.3,4590411
2021-04-27 09:53:06,594.45,4591022
2021-04-27 09:53:07,594.3,4591401
2021-04-27 09:53:08,594.25,4591449
2021-04-27 09:53:09,594.35,4592822
2021-04-27 09:53:10,594.3,4593436
2021-04-27 09:53:11,594.35,4593825
2021-04-27 09:53:13,594.3,4594257
2021-04-27 09:53:13,594.3,4594292
2021-04-27 09:53:14,594.3,4594836
2021-04-27 09:53:15,594.3,4599227
2021-04-27 09:53:16,594.35,4599859
2021-04-27 09:53:17,594.35,4600308
2021-04-27 09:53:18,594.35,4600455
2021-04-27 09:53:19,594.5,4602449
2021-04-27 09:53:21,594.5,4603002
2021-04-27 09:53:22,594.1,4605904
2021-04-27 09:53:24,594.4,4612796
2021-04-27 09:53:24,594.45,4612856
2021-04-27 09:53:25,594.4,4613531
2021-04-27 09:53:26,594.5,4615053
2021-04-27 09:53:27,594.25,4615229
2021-04-27 09:53:28,594.4,4617155
2021-04-27 09:53:30,594.4,4617981
2021-04-27 09:53:30,594.4,4617980
2021-04-27 09:53:31,594.6,4621431
2021-04-27 09:53:32,594.45,4621884
2021-04-27 09:53:33,594.5,4623316
2021-04-27 09:53:34,594.4,4629674
2021-04-27 09:53:36,594.35,4632073
2021-04-27 09:53:38,594.35,4632768
2021-04-27 09:53:39,594.55,4633503
2021-04-27 09:53:41,594.35,4633736
2021-04-27 09:53:41,594.35,4633736
2021-04-27 09:53:42,594.5,4634045
2021-04-27 09:53:43,594.5,4634477
2021-04-27 09:53:44,594.4,4634708
2021-04-27 09:53:46,594.4,4634817
2021-04-27 09:53:46,594.4,4634883
2021-04-27 09:53:47,594.35,4635553
2021-04-27 09:53:48,594.35,4637662
2021-04-27 09:53:49,594.5,4639238
2021-04-27 09:53:50,594.3,4640010
2021-04-27 09:53:52,594.35,4640262
2021-04-27 09:53:52,594.4,4640265
2021-04-27 09:53:53,594.25,4641778
2021-04-27 09:53:54,594.5,4641951
2021-04-27 09:53:55,594.35,4641998
2021-04-27 09:53:56,594.35,4642078
2021-04-27 09:53:57,594.5,4642179
2021-04-27 09:53:58,594.5,4642241
2021-04-27 09:53:59,594.4,4642987
2021-04-27 09:54:00,594.4,4644418
2021-04-27 09:54:01,594.55,4660701
2021-04-27 09:54:02,594.85,4662352
2021-04-27 09:54:04,594.85,4664052
2021-04-27 09:54:04,594.85,4663569
2021-04-27 09:54:05,594.75,4664972
2021-04-27 09:54:06,594.9,4665616
2021-04-27 09:54:07,594.75,4668837
2021-04-27 09:54:08,594.75,4669645
2021-04-27 09:54:09,594.95,4670972
2021-04-27 09:54:10,594.85,4670982
2021-04-27 09:54:12,594.95,4671743
2021-04-27 09:54:12,594.95,4671243
2021-04-27 09:54:13,594.95,4672246
2021-04-27 09:54:14,594.95,4687482
2021-04-27 09:54:15,595.15,4726440
2021-04-27 09:54:16,595.1,4727131
2021-04-27 09:54:17,595.25,4727627
2021-04-27 09:54:19,595.25,4730806
2021-04-27 09:54:19,595.25,4730806
2021-04-27 09:54:20,595.25,4733064
2021-04-27 09:54:21,595.7,4743974
2021-04-27 09:54:22,595.5,4748309
2021-04-27 09:54:23,595.4,4753033
2021-04-27 09:54:24,595.3,4755799
2021-04-27 09:54:25,595.4,4757625
2021-04-27 09:54:26,595.3,4758030
2021-04-27 09:54:27,595.45,4758704
2021-04-27 09:54:28,595.45,4762425
2021-04-27 09:54:30,595.7,4769939
2021-04-27 09:54:30,595.8,4768977
2021-04-27 09:54:32,595.35,4772724
2021-04-27 09:54:33,595.2,4774037
2021-04-27 09:54:35,595.3,4775302
2021-04-27 09:54:35,595.15,4775303
2021-04-27 09:54:36,595.3,4777179
2021-04-27 09:54:37,595.3,4779157
2021-04-27 09:54:38,595.0,4780084
2021-04-27 09:54:39,595.0,4783751
2021-04-27 09:54:41,594.95,4792063
2021-04-27 09:54:42,594.95,4792508
2021-04-27 09:54:43,594.65,4793850
2021-04-27 09:54:43,595.0,4794850
2021-04-27 09:54:44,595.05,4796333
2021-04-27 09:54:45,595.05,4796878
2021-04-27 09:54:46,594.95,4799678
2021-04-27 09:54:48,595.0,4800446
2021-04-27 09:54:49,595.0,4801509
2021-04-27 09:54:49,595.0,4801534
2021-04-27 09:54:50,595.05,4802514
2021-04-27 09:54:51,594.8,4802876
2021-04-27 09:54:53,595.0,4803276
2021-04-27 09:54:54,595.0,4804147
2021-04-27 09:54:54,594.8,4804274
2021-04-27 09:54:55,594.95,4804970
2021-04-27 09:54:56,594.8,4805753
2021-04-27 09:54:58,594.95,4806631
2021-04-27 09:54:59,594.8,4806971
2021-04-27 09:54:59,594.7,4807671
2021-04-27 09:55:00,594.75,4808156
2021-04-27 09:55:01,594.75,4833516
2021-04-27 09:55:02,594.7,4833776
2021-04-27 09:55:03,594.95,4834028
2021-04-27 09:55:05,595.0,4835077
2021-04-27 09:55:06,595.0,4835614
2021-04-27 09:55:06,595.0,4835102
2021-04-27 09:55:07,595.0,4836844
2021-04-27 09:55:08,595.05,4837961
2021-04-27 09:55:10,594.95,4838566
2021-04-27 09:55:11,595.1,4839462
2021-04-27 09:55:11,595.0,4839734
2021-04-27 09:55:12,594.95,4840264
2021-04-27 09:55:13,594.95,4840884
2021-04-27 09:55:14,594.85,4844031
2021-04-27 09:55:16,595.3,4844763
2021-04-27 09:55:17,595.1,4844868
2021-04-27 09:55:18,595.3,4846331
2021-04-27 09:55:18,595.1,4846360
2021-04-27 09:55:19,595.3,4846418
2021-04-27 09:55:20,594.9,4847461
2021-04-27 09:55:21,595.0,4847913
2021-04-27 09:55:22,595.0,4848669
2021-04-27 09:55:23,595.1,4849199
2021-04-27 09:55:24,595.0,4849986
2021-04-27 09:55:26,595.0,4851308
2021-04-27 09:55:27,595.0,4853289
2021-04-27 09:55:28,595.3,4855745
2021-04-27 09:55:29,595.35,4856799
2021-04-27 09:55:30,595.2,4857608
2021-04-27 09:55:30,595.4,4857767
2021-04-27 09:55:31,595.3,4858696
2021-04-27 09:55:32,595.15,4860291
2021-04-27 09:55:34,595.3,4860515
2021-04-27 09:55:35,595.25,4861541
2021-04-27 09:55:35,595.15,4861566
2021-04-27 09:55:36,595.2,4862231
2021-04-27 09:55:37,595.15,4862408
2021-04-27 09:55:39,595.25,4863876
2021-04-27 09:55:40,595.05,4864199
2021-04-27 09:55:40,595.3,4864098
2021-04-27 09:55:41,595.05,4864338
2021-04-27 09:55:42,595.3,4864943
2021-04-27 09:55:43,595.3,4865064
2021-04-27 09:55:44,595.1,4866210
2021-04-27 09:55:46,595.2,4867036
2021-04-27 09:55:47,595.3,4867346
2021-04-27 09:55:47,595.3,4867546
2021-04-27 09:55:48,595.35,4867796
2021-04-27 09:55:49,595.4,4869221
2021-04-27 09:55:51,595.2,4869746
2021-04-27 09:55:52,595.2,4870006
2021-04-27 09:55:52,595.2,4870006
2021-04-27 09:55:53,595.2,4870274
2021-04-27 09:55:54,595.25,4870332
2021-04-27 09:55:55,595.2,4871483
2021-04-27 09:55:56,595.05,4873058
2021-04-27 09:55:57,595.35,4873381
2021-04-27 09:55:59,595.4,4873531
2021-04-27 09:55:59,595.2,4874031
2021-04-27 09:56:00,595.4,4874200
2021-04-27 09:56:01,595.35,4875025
2021-04-27 09:56:02,595.4,4875577
2021-04-27 09:56:03,595.4,4876374
2021-04-27 09:56:05,595.3,4880011
2021-04-27 09:56:06,595.2,4880178
2021-04-27 09:56:06,595.25,4885684
2021-04-27 09:56:07,595.35,4885939
2021-04-27 09:56:08,595.4,4887688
2021-04-27 09:56:09,595.4,4888159
2021-04-27 09:56:10,595.4,4888770
2021-04-27 09:56:12,595.4,4888864
2021-04-27 09:56:13,595.35,4888865
2021-04-27 09:56:14,595.3,4889028
2021-04-27 09:56:14,595.5,4900595
2021-04-27 09:56:15,595.5,4901446
2021-04-27 09:56:17,595.7,4902816
2021-04-27 09:56:18,595.7,4903546
2021-04-27 09:56:20,595.55,4904989
2021-04-27 09:56:21,595.75,4906021
2021-04-27 09:56:22,595.4,4907548
2021-04-27 09:56:22,595.4,4907498
2021-04-27 09:56:23,595.65,4908197
2021-04-27 09:56:24,595.5,4909572
2021-04-27 09:56:25,595.45,4909667
2021-04-27 09:56:27,595.5,4910296
2021-04-27 09:56:28,595.55,4910752
2021-04-27 09:56:28,595.5,4910942
2021-04-27 09:56:29,595.5,4911932
2021-04-27 09:56:30,595.75,4913255
2021-04-27 09:56:31,595.75,4913770
2021-04-27 09:56:32,595.5,4914144
2021-04-27 09:56:34,595.7,4914625
2021-04-27 09:56:35,595.75,4915467
2021-04-27 09:56:36,595.75,4916349
2021-04-27 09:56:37,595.7,4917268
2021-04-27 09:56:37,595.7,4917270
2021-04-27 09:56:38,595.5,4920200
2021-04-27 09:56:39,595.75,4921146
2021-04-27 09:56:41,595.75,4922490
2021-04-27 09:56:42,595.65,4923148
2021-04-27 09:56:43,595.5,4923798
2021-04-27 09:56:44,595.75,4926641
2021-04-27 09:56:45,595.7,4927322
2021-04-27 09:56:46,595.5,4931590
2021-04-27 09:56:47,595.4,4935464
2021-04-27 09:56:47,595.65,4935514
2021-04-27 09:56:48,595.65,4935929
2021-04-27 09:56:49,595.4,4936822
2021-04-27 09:56:50,595.4,4938900
2021-04-27 09:56:52,595.6,4939492
2021-04-27 09:56:53,595.6,4939753
2021-04-27 09:56:54,595.4,4940110
2021-04-27 09:56:54,595.5,4940710
2021-04-27 09:56:55,595.5,4941011
2021-04-27 09:56:57,595.4,4941474
2021-04-27 09:56:58,595.5,4941629
2021-04-27 09:56:59,595.55,4943196
2021-04-27 09:57:00,595.5,4944562
2021-04-27 09:57:02,595.5,4946094
2021-04-27 09:57:03,595.55,4946445
2021-04-27 09:57:03,595.55,4946445
2021-04-27 09:57:04,595.55,4946755
2021-04-27 09:57:05,595.4,4947106
2021-04-27 09:57:06,595.55,4947404
2021-04-27 09:57:07,595.6,4947460
2021-04-27 09:57:09,595.65,4949385
2021-04-27 09:57:10,595.7,4950423
2021-04-27 09:57:11,595.7,4950743
2021-04-27 09:57:12,595.7,4951054
2021-04-27 09:57:13,595.9,4962110
2021-04-27 09:57:14,595.85,4963615
2021-04-27 09:57:15,595.65,4969095
2021-04-27 09:57:16,595.9,4969450
2021-04-27 09:57:16,595.9,4969458
2021-04-27 09:57:17,596.0,4995448
2021-04-27 09:57:19,595.9,4996565
2021-04-27 09:57:20,596.0,4997339
2021-04-27 09:57:21,596.4,5073666
2021-04-27 09:57:22,596.35,5076137
2021-04-27 09:57:23,596.1,5076257
2021-04-27 09:57:24,596.1,5082271
2021-04-27 09:57:25,596.1,5082979
2021-04-27 09:57:25,596.05,5084640
2021-04-27 09:57:26,596.0,5085881
2021-04-27 09:57:27,595.85,5086597
2021-04-27 09:57:28,595.85,5091177
2021-04-27 09:57:30,595.95,5095279
2021-04-27 09:57:31,595.95,5096760
2021-04-27 09:57:32,595.95,5097820
2021-04-27 09:57:32,595.95,5097821
2021-04-27 09:57:33,595.9,5099084
2021-04-27 09:57:34,596.0,5100942
2021-04-27 09:57:35,595.8,5101579
2021-04-27 09:57:36,595.75,5102098
2021-04-27 09:57:37,596.0,5102742
2021-04-27 09:57:39,595.8,5103804
2021-04-27 09:57:40,595.8,5104273
2021-04-27 09:57:41,596.0,5104825
2021-04-27 09:57:42,595.95,5107864
2021-04-27 09:57:42,596.0,5107875
2021-04-27 09:57:43,596.05,5108600
2021-04-27 09:57:45,596.05,5109648
2021-04-27 09:57:46,596.0,5110314
2021-04-27 09:57:47,596.35,5110601
2021-04-27 09:57:48,596.0,5112214
2021-04-27 09:57:51,596.1,5113642
2021-04-27 09:57:51,596.15,5113692
2021-04-27 09:57:52,596.2,5113825
2021-04-27 09:57:53,596.0,5114541
2021-04-27 09:57:54,596.05,5123851
2021-04-27 09:57:56,596.05,5124006
2021-04-27 09:57:57,596.0,5125605
2021-04-27 09:57:58,596.25,5127217
2021-04-27 09:57:59,596.3,5128053
2021-04-27 09:58:00,596.1,5129116
2021-04-27 09:58:00,596.15,5129140
2021-04-27 09:58:01,596.1,5129727
2021-04-27 09:58:03,596.15,5130487
2021-04-27 09:58:04,596.2,5130983
2021-04-27 09:58:05,596.0,5132738
2021-04-27 09:58:05,596.1,5132739
2021-04-27 09:58:06,596.15,5133492
2021-04-27 09:58:07,596.2,5134050
2021-04-27 09:58:09,596.15,5134348
2021-04-27 09:58:10,596.0,5135568
2021-04-27 09:58:11,596.2,5136208
2021-04-27 09:58:11,596.1,5136235
2021-04-27 09:58:12,596.2,5138241
2021-04-27 09:58:13,596.2,5138731
2021-04-27 09:58:15,596.15,5138819
2021-04-27 09:58:16,596.0,5140600
2021-04-27 09:58:17,596.0,5141519
2021-04-27 09:58:18,596.2,5141993
2021-04-27 09:58:19,596.2,5142455
2021-04-27 09:58:20,596.2,5143170
2021-04-27 09:58:21,596.05,5154043
2021-04-27 09:58:22,595.9,5154272
2021-04-27 09:58:24,595.8,5157151
2021-04-27 09:58:25,596.05,5159768
2021-04-27 09:58:26,595.85,5160195
2021-04-27 09:58:27,595.85,5161517
2021-04-27 09:58:28,596.0,5161702
2021-04-27 09:58:28,595.8,5163307
2021-04-27 09:58:29,595.75,5176150
2021-04-27 09:58:30,595.5,5176678
2021-04-27 09:58:31,595.65,5177016
2021-04-27 09:58:32,595.5,5178755
2021-04-27 09:58:34,595.5,5178902
2021-04-27 09:58:35,595.5,5182462
2021-04-27 09:58:36,595.4,5183466
2021-04-27 09:58:36,595.5,5183552
2021-04-27 09:58:37,595.65,5185765
2021-04-27 09:58:38,595.5,5185895
2021-04-27 09:58:39,595.45,5186852
2021-04-27 09:58:40,595.75,5188968
2021-04-27 09:58:41,595.75,5190782
2021-04-27 09:58:42,595.75,5191105
2021-04-27 09:58:44,596.0,5191473
2021-04-27 09:58:45,595.75,5191780
2021-04-27 09:58:46,595.65,5193677
2021-04-27 09:58:47,595.65,5193768
2021-04-27 09:58:47,595.65,5193918
2021-04-27 09:58:48,595.75,5193974
2021-04-27 09:58:49,595.5,5194627
2021-04-27 09:58:51,595.5,5194648
2021-04-27 09:58:52,595.75,5195049
2021-04-27 09:58:53,595.5,5196434
2021-04-27 09:58:54,595.7,5196602
2021-04-27 09:58:55,595.5,5196733
2021-04-27 09:58:56,595.55,5197504
2021-04-27 09:58:56,595.65,5197525
2021-04-27 09:58:57,595.55,5197735
2021-04-27 09:58:59,595.5,5197839
2021-04-27 09:59:00,595.65,5198141
2021-04-27 09:59:01,595.6,5199707
2021-04-27 09:59:02,595.6,5200470
2021-04-27 09:59:03,595.6,5201445
2021-04-27 09:59:04,595.7,5202045
2021-04-27 09:59:05,595.6,5202190
2021-04-27 09:59:06,595.7,5203725
2021-04-27 09:59:07,595.6,5204627
2021-04-27 09:59:07,595.6,5204627
2021-04-27 09:59:09,595.6,5205357
2021-04-27 09:59:10,595.6,5205357
2021-04-27 09:59:12,595.65,5206752
2021-04-27 09:59:13,595.55,5208515
2021-04-27 09:59:14,595.6,5208615
2021-04-27 09:59:15,595.55,5220036
2021-04-27 09:59:16,595.5,5220329
2021-04-27 09:59:16,595.45,5220470
2021-04-27 09:59:18,595.3,5223475
2021-04-27 09:59:19,595.4,5224055
2021-04-27 09:59:20,595.2,5226170
2021-04-27 09:59:21,595.25,5245104
2021-04-27 09:59:22,595.0,5250937
2021-04-27 09:59:23,594.9,5251638
2021-04-27 09:59:24,595.0,5251865
2021-04-27 09:59:25,594.9,5253652
2021-04-27 09:59:26,595.2,5257714
2021-04-27 09:59:27,595.25,5258624
2021-04-27 09:59:28,595.25,5258727
2021-04-27 09:59:29,595.5,5259243
2021-04-27 09:59:29,595.5,5259743
2021-04-27 09:59:30,595.3,5259916
2021-04-27 09:59:32,595.35,5260413
2021-04-27 09:59:33,595.35,5260624
2021-04-27 09:59:34,595.3,5261230
2021-04-27 09:59:35,595.5,5261531
2021-04-27 09:59:36,595.6,5264541
2021-04-27 09:59:37,595.5,5266079
2021-04-27 09:59:38,595.4,5266740
2021-04-27 09:59:39,595.3,5268000
2021-04-27 09:59:40,595.35,5268025
2021-04-27 09:59:41,595.35,5268189
2021-04-27 09:59:42,595.35,5268282
2021-04-27 09:59:43,595.35,5268358
2021-04-27 09:59:44,595.5,5268905
2021-04-27 09:59:45,595.5,5269171
2021-04-27 09:59:46,595.35,5269472
2021-04-27 09:59:46,595.4,5269493
2021-04-27 09:59:47,595.4,5269523
2021-04-27 09:59:50,595.35,5271706
2021-04-27 09:59:51,595.3,5271716
2021-04-27 09:59:52,595.3,5271737
2021-04-27 09:59:53,595.3,5271902
2021-04-27 09:59:54,595.15,5272152
2021-04-27 09:59:55,595.35,5272364
2021-04-27 09:59:56,595.5,5273504
2021-04-27 09:59:57,595.35,5273575
2021-04-27 09:59:58,595.5,5274089
2021-04-27 09:59:59,595.5,5278813
2021-04-27 10:00:00,595.5,5279380
2021-04-27 10:00:01,595.45,5279781
2021-04-27 10:00:02,595.5,5280041
2021-04-27 10:00:02,595.45,5280043
2021-04-27 10:00:04,595.45,5280369
2021-04-27 10:00:05,595.5,5281704
2021-04-27 10:00:06,595.5,5281782
2021-04-27 10:00:07,595.5,5281993
2021-04-27 10:00:08,595.6,5282506
2021-04-27 10:00:09,595.6,5284057
2021-04-27 10:00:10,595.45,5285396
2021-04-27 10:00:10,595.45,5285396
2021-04-27 10:00:12,595.45,5286088
2021-04-27 10:00:13,595.3,5288289
2021-04-27 10:00:14,595.45,5288479
2021-04-27 10:00:15,595.35,5289116
2021-04-27 10:00:16,595.45,5289307
2021-04-27 10:00:17,595.35,5289441
2021-04-27 10:00:18,595.35,5290018
2021-04-27 10:00:19,595.45,5290153
2021-04-27 10:00:20,595.45,5290204
2021-04-27 10:00:21,595.45,5290205
2021-04-27 10:00:22,595.35,5290539
2021-04-27 10:00:23,595.15,5291908
2021-04-27 10:00:24,595.35,5292287
2021-04-27 10:00:25,595.4,5292415
2021-04-27 10:00:27,595.45,5293743
2021-04-27 10:00:28,595.6,5294268
2021-04-27 10:00:30,595.5,5294269
2021-04-27 10:00:31,595.4,5296622
2021-04-27 10:00:32,595.4,5296813
2021-04-27 10:00:33,595.45,5298656
2021-04-27 10:00:34,595.45,5298680
2021-04-27 10:00:35,595.45,5299238
2021-04-27 10:00:36,595.45,5299372
2021-04-27 10:00:37,595.45,5299827
2021-04-27 10:00:37,595.5,5299855
2021-04-27 10:00:38,595.5,5299925
2021-04-27 10:00:39,595.4,5300625
2021-04-27 10:00:41,595.45,5300890
2021-04-27 10:00:41,595.6,5302328
2021-04-27 10:00:42,595.6,5302725
2021-04-27 10:00:44,595.5,5303727
2021-04-27 10:00:45,595.5,5304253
2021-04-27 10:00:46,595.35,5305379
2021-04-27 10:00:47,595.35,5305530
2021-04-27 10:00:48,595.6,5305952
2021-04-27 10:00:49,595.5,5306130
2021-04-27 10:00:50,595.5,5307027
2021-04-27 10:00:51,595.5,5307779
2021-04-27 10:00:52,595.6,5308755
2021-04-27 10:00:53,595.5,5308990
2021-04-27 10:00:54,595.6,5309140
2021-04-27 10:00:55,595.5,5309338
2021-04-27 10:00:55,595.5,5309338
2021-04-27 10:00:56,595.5,5309450
2021-04-27 10:00:57,595.6,5309611
2021-04-27 10:00:58,595.6,5312539
2021-04-27 10:01:00,595.6,5312793
2021-04-27 10:01:02,595.55,5314364
2021-04-27 10:01:03,595.6,5314376
2021-04-27 10:01:04,595.5,5317159
2021-04-27 10:01:05,595.65,5318210
2021-04-27 10:01:06,595.65,5318358
2021-04-27 10:01:08,595.65,5318881
2021-04-27 10:01:09,595.55,5318907
2021-04-27 10:01:10,595.55,5321015
2021-04-27 10:01:11,595.55,5321234
2021-04-27 10:01:12,595.65,5321463
2021-04-27 10:01:13,595.65,5321961
2021-04-27 10:01:15,595.65,5322255
2021-04-27 10:01:14,595.65,5322255
2021-04-27 10:01:16,595.55,5322329
2021-04-27 10:01:17,595.65,5337363
2021-04-27 10:01:18,595.95,5337570
2021-04-27 10:01:19,595.9,5338409
2021-04-27 10:01:20,595.7,5340835
2021-04-27 10:01:21,595.7,5340835
2021-04-27 10:01:22,595.9,5342264
2021-04-27 10:01:23,595.7,5342856
2021-04-27 10:01:24,595.7,5343057
2021-04-27 10:01:27,595.8,5346423
2021-04-27 10:01:28,595.7,5346513
2021-04-27 10:01:29,595.75,5347281
2021-04-27 10:01:30,595.75,5347964
2021-04-27 10:01:31,595.7,5348385
2021-04-27 10:01:32,595.6,5349513
2021-04-27 10:01:33,595.6,5349513
2021-04-27 10:01:34,595.65,5349617
2021-04-27 10:01:35,595.5,5378714
2021-04-27 10:01:36,595.5,5378714
2021-04-27 10:01:37,595.5,5378894
2021-04-27 10:01:38,595.55,5380276
2021-04-27 10:01:39,595.55,5380276
2021-04-27 10:01:40,595.45,5381388
2021-04-27 10:01:41,595.7,5382442
2021-04-27 10:01:42,595.7,5382640
2021-04-27 10:01:43,595.5,5383785
2021-04-27 10:01:44,595.65,5384588
2021-04-27 10:01:45,595.65,5385585
2021-04-27 10:01:46,595.65,5385585
2021-04-27 10:01:47,595.55,5386005
2021-04-27 10:01:48,595.55,5386108
2021-04-27 10:01:49,595.55,5386108
2021-04-27 10:01:51,595.4,5386394
2021-04-27 10:01:50,595.4,5386394
2021-04-27 10:01:52,595.45,5386658
2021-04-27 10:01:53,595.7,5391259
2021-04-27 10:01:54,595.5,5391321
2021-04-27 10:01:55,595.6,5391366
2021-04-27 10:01:56,595.6,5391592
2021-04-27 10:01:57,595.6,5391632
2021-04-27 10:01:58,595.5,5391809
2021-04-27 10:02:00,595.5,5392065
2021-04-27 10:02:01,595.5,5392390
2021-04-27 10:02:03,595.5,5394161
2021-04-27 10:02:02,595.5,5394161
2021-04-27 10:02:04,595.6,5394488
2021-04-27 10:02:05,595.7,5395519
2021-04-27 10:02:06,595.7,5395520
2021-04-27 10:02:07,595.5,5395544
2021-04-27 10:02:08,595.55,5395646
2021-04-27 10:02:09,595.65,5396030
2021-04-27 10:02:10,595.7,5396093
2021-04-27 10:02:11,595.6,5396257
2021-04-27 10:02:12,595.6,5396282
2021-04-27 10:02:13,595.8,5404087
2021-04-27 10:02:14,595.75,5405936
2021-04-27 10:02:15,595.7,5407004
2021-04-27 10:02:16,595.95,5412940
2021-04-27 10:02:18,596.0,5414709
2021-04-27 10:02:17,596.0,5414709
2021-04-27 10:02:19,595.9,5414889
2021-04-27 10:02:22,595.75,5415722
2021-04-27 10:02:23,595.9,5416355
2021-04-27 10:02:24,595.9,5416355
2021-04-27 10:02:25,595.95,5416465
2021-04-27 10:02:26,595.95,5416979
2021-04-27 10:02:27,595.95,5417001
2021-04-27 10:02:28,595.9,5417106
2021-04-27 10:02:29,595.9,5417214
2021-04-27 10:02:30,595.9,5417740
2021-04-27 10:02:31,595.95,5417821
2021-04-27 10:02:32,595.8,5430072
2021-04-27 10:02:33,595.95,5430332
2021-04-27 10:02:35,595.75,5432914
2021-04-27 10:02:36,595.9,5432946
2021-04-27 10:02:37,595.9,5432946
2021-04-27 10:02:38,595.9,5433259
2021-04-27 10:02:39,595.9,5434360
2021-04-27 10:02:40,595.75,5434612
2021-04-27 10:02:41,595.9,5434767
2021-04-27 10:02:42,595.75,5434974
2021-04-27 10:02:43,595.75,5434974
2021-04-27 10:02:44,595.75,5436758
2021-04-27 10:02:45,595.75,5436815
2021-04-27 10:02:46,595.75,5463241
2021-04-27 10:02:47,595.7,5463872
2021-04-27 10:02:48,595.3,5474096
2021-04-27 10:02:49,595.45,5474163
2021-04-27 10:02:50,595.4,5476390
2021-04-27 10:02:51,595.35,5480247
2021-04-27 10:02:52,595.35,5481458
2021-04-27 10:02:54,595.65,5481773
2021-04-27 10:02:53,595.55,5481770
2021-04-27 10:02:55,595.5,5482336
2021-04-27 10:02:56,595.9,5490285
2021-04-27 10:02:57,595.7,5492046
2021-04-27 10:02:58,595.7,5492046
2021-04-27 10:02:59,595.9,5492731
2021-04-27 10:03:01,595.9,5492944
2021-04-27 10:03:00,595.9,5492944
2021-04-27 10:03:02,595.75,5493734
2021-04-27 10:03:03,595.75,5494645
2021-04-27 10:03:04,595.7,5500999
2021-04-27 10:03:05,595.7,5501103
2021-04-27 10:03:06,595.7,5501153
2021-04-27 10:03:07,595.75,5501431
2021-04-27 10:03:08,595.7,5502547
2021-04-27 10:03:09,595.7,5505489
2021-04-27 10:03:10,595.65,5505490
2021-04-27 10:03:12,595.65,5505496
2021-04-27 10:03:12,595.65,5505496
2021-04-27 10:03:13,595.65,5506099
2021-04-27 10:03:16,595.75,5508400
2021-04-27 10:03:17,595.5,5511456
2021-04-27 10:03:19,595.5,5511711
2021-04-27 10:03:20,595.4,5513963
2021-04-27 10:03:20,595.4,5513963
2021-04-27 10:03:21,595.6,5514001
2021-04-27 10:03:22,595.65,5517044
2021-04-27 10:03:23,595.45,5517195
2021-04-27 10:03:25,595.45,5517316
2021-04-27 10:03:25,595.45,5517317
2021-04-27 10:03:26,595.5,5517592
2021-04-27 10:03:27,595.5,5517774
2021-04-27 10:03:28,595.5,5518457
2021-04-27 10:03:30,595.4,5523091
2021-04-27 10:03:31,595.2,5523391
2021-04-27 10:03:31,595.2,5523451
2021-04-27 10:03:32,595.35,5524809
2021-04-27 10:03:33,595.2,5524969
2021-04-27 10:03:34,595.35,5525208
2021-04-27 10:03:35,595.25,5525528
2021-04-27 10:03:37,595.4,5526251
2021-04-27 10:03:37,595.4,5526251
2021-04-27 10:03:38,595.25,5526357
2021-04-27 10:03:39,595.4,5526408
2021-04-27 10:03:40,595.4,5526418
2021-04-27 10:03:42,595.25,5526863
2021-04-27 10:03:42,595.25,5526891
2021-04-27 10:03:43,595.4,5527017
2021-04-27 10:03:44,595.4,5528169
2021-04-27 10:03:45,595.4,5528554
2021-04-27 10:03:46,595.45,5529067
2021-04-27 10:03:48,595.5,5530130
2021-04-27 10:03:48,595.45,5532124
2021-04-27 10:03:49,595.45,5533114
2021-04-27 10:03:50,595.5,5533171
2021-04-27 10:03:51,595.45,5533345
2021-04-27 10:03:53,595.45,5533817
2021-04-27 10:03:53,595.45,5533817
2021-04-27 10:03:54,595.4,5534446
2021-04-27 10:03:55,595.45,5535095
2021-04-27 10:03:56,595.45,5535130
2021-04-27 10:03:57,595.4,5535741
2021-04-27 10:03:59,595.3,5536341
2021-04-27 10:03:59,595.45,5536361
2021-04-27 10:04:00,595.5,5536851
2021-04-27 10:04:01,595.45,5537268
2021-04-27 10:04:02,595.45,5537350
2021-04-27 10:04:04,595.35,5537880
2021-04-27 10:04:04,595.35,5537747
2021-04-27 10:04:14,595.3,5544438
2021-04-27 10:04:15,595.25,5545302
2021-04-27 10:04:17,595.25,5545980
2021-04-27 10:04:17,595.25,5545930
2021-04-27 10:04:18,595.2,5546865
2021-04-27 10:04:19,595.2,5546975
2021-04-27 10:04:20,595.0,5548504
2021-04-27 10:04:21,594.8,5557154
2021-04-27 10:04:23,595.0,5557749
2021-04-27 10:04:23,595.0,5557749
2021-04-27 10:04:24,595.0,5557902
2021-04-27 10:04:25,595.0,5558764
2021-04-27 10:04:26,595.0,5559381
2021-04-27 10:04:28,594.8,5560388
2021-04-27 10:04:28,594.75,5560390
2021-04-27 10:04:29,594.75,5560540
2021-04-27 10:04:30,594.7,5561393
2021-04-27 10:04:31,594.85,5561880
2021-04-27 10:04:32,594.65,5562212
2021-04-27 10:04:33,594.7,5563030
2021-04-27 10:04:35,594.65,5564920
2021-04-27 10:04:35,594.65,5564920
2021-04-27 10:04:36,594.7,5565102
2021-04-27 10:04:37,594.65,5565573
2021-04-27 10:04:38,594.7,5566159
2021-04-27 10:04:40,594.6,5566222
2021-04-27 10:04:40,594.6,5566222
2021-04-27 10:04:41,594.65,5567148
2021-04-27 10:04:42,594.55,5568422
2021-04-27 10:04:43,594.65,5568534
2021-04-27 10:04:44,594.8,5568739
2021-04-27 10:04:45,594.7,5568854
2021-04-27 10:04:46,594.7,5568880
2021-04-27 10:04:47,594.7,5569275
2021-04-27 10:04:49,594.7,5571345
2021-04-27 10:04:49,594.7,5571645
2021-04-27 10:04:50,594.7,5571647
2021-04-27 10:04:51,594.55,5575392
2021-04-27 10:04:52,594.7,5575473
2021-04-27 10:04:54,594.8,5575483
2021-04-27 10:04:54,594.8,5575483
2021-04-27 10:04:55,594.6,5576644
2021-04-27 10:04:56,594.7,5577100
2021-04-27 10:04:57,594.8,5577269
2021-04-27 10:04:58,594.7,5577656
2021-04-27 10:05:00,594.65,5578686
2021-04-27 10:05:00,594.7,5579095
2021-04-27 10:05:01,594.65,5579451
2021-04-27 10:05:02,594.65,5579916
2021-04-27 10:05:03,594.6,5582757
2021-04-27 10:05:05,594.5,5584425
2021-04-27 10:05:05,594.5,5584426
2021-04-27 10:05:06,594.7,5585188
2021-04-27 10:05:07,594.55,5585269
2021-04-27 10:05:08,594.7,5585880
2021-04-27 10:05:10,594.5,5587695
2021-04-27 10:05:10,594.55,5587715
2021-04-27 10:05:11,594.55,5587844
2021-04-27 10:05:12,594.5,5588663
2021-04-27 10:05:13,594.5,5591484
2021-04-27 10:05:15,594.45,5592729
2021-04-27 10:05:15,594.45,5592729
2021-04-27 10:05:16,594.4,5593995
2021-04-27 10:05:17,594.5,5594267
2021-04-27 10:05:18,594.4,5596181
2021-04-27 10:05:20,594.5,5596340
2021-04-27 10:05:20,594.4,5596330
2021-04-27 10:05:21,594.4,5597677
2021-04-27 10:05:22,594.5,5598179
2021-04-27 10:05:24,594.45,5599154
2021-04-27 10:05:25,594.4,5600693
2021-04-27 10:05:25,594.4,5600980
2021-04-27 10:05:26,594.45,5601358
2021-04-27 10:05:27,594.25,5604827
2021-04-27 10:05:28,594.45,5605257
2021-04-27 10:05:29,594.45,5621754
2021-04-27 10:05:32,594.2,5623709
2021-04-27 10:05:33,594.4,5626849
2021-04-27 10:05:33,594.4,5626849
2021-04-27 10:05:34,594.4,5630117
2021-04-27 10:05:35,594.5,5631185
2021-04-27 10:05:37,594.5,5631237
2021-04-27 10:05:38,594.2,5632371
2021-04-27 10:05:38,594.25,5632398
2021-04-27 10:05:39,594.4,5632470
2021-04-27 10:05:40,594.3,5632604
2021-04-27 10:05:42,594.5,5636851
2021-04-27 10:05:43,594.5,5644520
2021-04-27 10:05:43,594.5,5644575
2021-04-27 10:05:44,594.7,5645795
2021-04-27 10:05:45,594.5,5646578
2021-04-27 10:05:46,594.75,5647596
2021-04-27 10:05:48,594.65,5647953
2021-04-27 10:05:49,594.6,5649137
2021-04-27 10:05:50,594.8,5649238
2021-04-27 10:05:51,594.55,5650311
2021-04-27 10:05:53,594.9,5651051
2021-04-27 10:05:54,594.95,5651718
2021-04-27 10:05:55,594.95,5651839
2021-04-27 10:05:56,594.75,5652290
2021-04-27 10:05:58,594.95,5652516
2021-04-27 10:05:59,594.95,5652707
2021-04-27 10:05:59,594.95,5652708
2021-04-27 10:06:00,595.0,5653929
2021-04-27 10:06:01,595.0,5654387
2021-04-27 10:06:02,595.0,5655091
2021-04-27 10:06:04,595.0,5655137
2021-04-27 10:06:05,594.95,5655597
2021-04-27 10:06:05,594.85,5655596
2021-04-27 10:06:06,594.85,5655660
2021-04-27 10:06:07,594.85,5656081
2021-04-27 10:06:08,594.9,5656258
2021-04-27 10:06:10,594.85,5656515
2021-04-27 10:06:11,594.75,5656997
2021-04-27 10:06:11,594.75,5656997
2021-04-27 10:06:12,594.6,5657464
2021-04-27 10:06:13,594.8,5657668
2021-04-27 10:06:14,594.8,5657927
2021-04-27 10:06:16,594.8,5657927
2021-04-27 10:06:17,594.85,5658131
2021-04-27 10:06:18,594.8,5658169
2021-04-27 10:06:19,594.8,5658541
2021-04-27 10:06:21,594.95,5660592
2021-04-27 10:06:22,594.75,5665219
2021-04-27 10:06:23,594.85,5665293
2021-04-27 10:06:24,594.75,5665396
2021-04-27 10:06:26,594.9,5665976
2021-04-27 10:06:27,594.85,5666123
2021-04-27 10:06:27,594.85,5666223
2021-04-27 10:06:28,594.9,5666465
2021-04-27 10:06:29,594.85,5666787
2021-04-27 10:06:31,594.75,5666988
2021-04-27 10:06:32,594.85,5667029
2021-04-27 10:06:33,594.85,5667189
2021-04-27 10:06:33,594.85,5667189
2021-04-27 10:06:34,594.95,5667825
2021-04-27 10:06:35,594.95,5667837
