timestamp,ltp,volume
2021-04-27 09:15:20,1347.3,72855
2021-04-27 09:15:22,1345.0,78096
2021-04-27 09:15:23,1346.0,79232
2021-04-27 09:15:24,1346.85,82386
2021-04-27 09:15:25,1346.85,83688
2021-04-27 09:15:25,1346.9,83686
2021-04-27 09:15:26,1347.1,86548
2021-04-27 09:15:27,1347.1,88687
2021-04-27 09:15:28,1346.5,90547
2021-04-27 09:15:29,1347.1,91258
2021-04-27 09:15:30,1346.8,93783
2021-04-27 09:15:32,1347.1,98787
2021-04-27 09:15:33,1347.05,101749
2021-04-27 09:15:34,1346.15,102413
2021-04-27 09:15:37,1345.1,111395
2021-04-27 09:15:37,1345.95,111455
2021-04-27 09:15:38,1345.75,113040
2021-04-27 09:15:39,1345.6,114068
2021-04-27 09:15:41,1345.65,116370
2021-04-27 09:15:42,1345.0,119844
2021-04-27 09:15:43,1344.85,122029
2021-04-27 09:15:44,1344.65,123877
2021-04-27 09:15:45,1344.0,126214
2021-04-27 09:15:45,1344.7,125904
2021-04-27 09:15:46,1344.55,126889
2021-04-27 09:15:48,1343.85,127990
2021-04-27 09:15:49,1344.35,129416
2021-04-27 09:15:50,1344.3,129790
2021-04-27 09:15:51,1343.55,130981
2021-04-27 09:15:52,1343.75,132428
2021-04-27 09:15:52,1343.25,132429
2021-04-27 09:15:55,1343.35,135206
2021-04-27 09:15:56,1343.15,135895
2021-04-27 09:15:57,1344.0,139090
2021-04-27 09:15:58,1344.0,139861
2021-04-27 09:15:58,1343.55,139870
2021-04-27 09:16:00,1343.85,141245
2021-04-27 09:16:01,1343.85,143359
2021-04-27 09:16:02,1344.05,144278
2021-04-27 09:16:03,1344.2,145891
2021-04-27 09:16:04,1345.0,147060
2021-04-27 09:16:04,1344.0,147469
2021-04-27 09:16:06,1344.65,148473
2021-04-27 09:16:07,1344.5,148854
2021-04-27 09:16:09,1344.85,149949
2021-04-27 09:16:10,1345.3,152669
2021-04-27 09:16:11,1344.85,153410
2021-04-27 09:16:11,1344.4,153488
2021-04-27 09:16:12,1345.45,154523
2021-04-27 09:16:14,1344.25,154726
2021-04-27 09:16:15,1344.8,155038
2021-04-27 09:16:17,1344.8,156321
2021-04-27 09:16:18,1345.0,158025
2021-04-27 09:16:18,1344.25,158051
2021-04-27 09:16:20,1344.8,158371
2021-04-27 09:16:21,1344.9,158688
2021-04-27 09:16:22,1344.9,159499
2021-04-27 09:16:23,1344.9,159971
2021-04-27 09:16:24,1344.9,160630
2021-04-27 09:16:25,1344.9,160847
2021-04-27 09:16:26,1344.9,161308
2021-04-27 09:16:26,1344.3,161390
2021-04-27 09:16:28,1344.9,162346
2021-04-27 09:16:29,1344.8,162487
2021-04-27 09:16:30,1345.2,163467
2021-04-27 09:16:31,1344.9,168104
2021-04-27 09:16:31,1344.9,168104
2021-04-27 09:16:32,1345.2,168150
2021-04-27 09:16:34,1344.9,168651
2021-04-27 09:16:35,1344.9,169581
2021-04-27 09:16:36,1345.15,170579
2021-04-27 09:16:37,1345.2,173106
2021-04-27 09:16:38,1344.55,173204
2021-04-27 09:16:39,1344.8,173550
2021-04-27 09:16:40,1344.8,174155
2021-04-27 09:16:40,1344.55,174156
2021-04-27 09:16:42,1345.05,180372
2021-04-27 09:16:43,1344.8,181592
2021-04-27 09:16:44,1344.8,182245
2021-04-27 09:16:45,1344.8,182997
2021-04-27 09:16:45,1344.8,182997
2021-04-27 09:16:47,1344.4,184487
2021-04-27 09:16:48,1344.2,185255
2021-04-27 09:16:49,1344.8,185387
2021-04-27 09:16:50,1344.75,187238
2021-04-27 09:16:51,1344.1,188412
2021-04-27 09:16:51,1344.8,188348
2021-04-27 09:16:53,1344.1,189064
2021-04-27 09:16:54,1344.7,189684
2021-04-27 09:16:55,1343.75,197817
2021-04-27 09:16:56,1344.0,199410
2021-04-27 09:16:57,1343.15,200831
2021-04-27 09:16:57,1343.8,200668
2021-04-27 09:16:59,1343.7,201531
2021-04-27 09:17:00,1343.8,202663
2021-04-27 09:17:01,1343.05,203353
2021-04-27 09:17:02,1343.05,205128
2021-04-27 09:17:03,1342.65,205646
2021-04-27 09:17:04,1343.05,206187
2021-04-27 09:17:05,1343.05,207745
2021-04-27 09:17:05,1343.05,207745
2021-04-27 09:17:07,1343.05,213155
2021-04-27 09:17:08,1342.8,213488
2021-04-27 09:17:09,1343.0,213959
2021-04-27 09:17:10,1343.05,214060
2021-04-27 09:17:11,1342.75,214634
2021-04-27 09:17:12,1342.95,214915
2021-04-27 09:17:14,1342.6,215436
2021-04-27 09:17:15,1343.15,215714
2021-04-27 09:17:16,1343.15,215995
2021-04-27 09:17:17,1343.15,216267
2021-04-27 09:17:18,1343.05,216707
2021-04-27 09:17:19,1343.15,216914
2021-04-27 09:17:19,1343.15,216904
2021-04-27 09:17:21,1343.15,217772
2021-04-27 09:17:22,1343.15,217772
2021-04-27 09:17:23,1345.35,232981
2021-04-27 09:17:24,1344.8,234774
2021-04-27 09:17:25,1344.8,235877
2021-04-27 09:17:26,1344.3,236035
2021-04-27 09:17:26,1344.3,236035
2021-04-27 09:17:27,1344.3,236035
2021-04-27 09:17:29,1344.05,236208
2021-04-27 09:17:30,1344.6,236367
2021-04-27 09:17:31,1343.95,236667
2021-04-27 09:17:32,1344.5,236968
2021-04-27 09:17:33,1344.5,237285
2021-04-27 09:17:34,1343.85,238019
2021-04-27 09:17:34,1343.85,238034
2021-04-27 09:17:36,1343.5,238302
2021-04-27 09:17:37,1343.85,239741
2021-04-27 09:17:38,1343.55,241468
2021-04-27 09:17:39,1343.15,243958
2021-04-27 09:17:39,1343.5,243236
2021-04-27 09:17:40,1343.5,244918
2021-04-27 09:17:42,1343.65,245517
2021-04-27 09:17:43,1343.3,246215
2021-04-27 09:17:44,1343.5,246606
2021-04-27 09:17:45,1343.4,246682
2021-04-27 09:17:46,1343.4,247124
2021-04-27 09:17:47,1343.6,247369
2021-04-27 09:17:48,1343.6,247872
2021-04-27 09:17:48,1343.6,247872
2021-04-27 09:17:51,1343.6,248390
2021-04-27 09:17:52,1343.6,249103
2021-04-27 09:17:53,1343.5,249465
2021-04-27 09:17:54,1343.6,250573
2021-04-27 09:17:55,1343.3,251329
2021-04-27 09:17:56,1343.65,252598
2021-04-27 09:17:56,1343.6,252603
2021-04-27 09:17:58,1343.3,253075
2021-04-27 09:17:59,1343.0,253599
2021-04-27 09:18:00,1342.8,258805
2021-04-27 09:18:02,1342.95,260878
2021-04-27 09:18:03,1343.15,260901
2021-04-27 09:18:04,1342.8,261321
2021-04-27 09:18:05,1342.8,263860
2021-04-27 09:18:06,1342.3,265225
2021-04-27 09:18:07,1342.2,265421
2021-04-27 09:18:08,1342.25,269226
2021-04-27 09:18:09,1341.65,269526
2021-04-27 09:18:10,1342.25,269527
2021-04-27 09:18:11,1341.55,270194
2021-04-27 09:18:13,1341.65,272310
2021-04-27 09:18:14,1342.4,273370
2021-04-27 09:18:15,1342.35,273399
2021-04-27 09:18:16,1341.7,273947
2021-04-27 09:18:17,1341.7,273947
2021-04-27 09:18:18,1342.35,273984
2021-04-27 09:18:19,1342.25,274436
2021-04-27 09:18:22,1341.75,277129
2021-04-27 09:18:23,1341.35,279331
2021-04-27 09:18:24,1341.3,279472
2021-04-27 09:18:25,1341.55,280395
2021-04-27 09:18:26,1342.75,282661
2021-04-27 09:18:27,1343.3,282815
2021-04-27 09:18:28,1343.3,282888
2021-04-27 09:18:29,1342.65,282898
2021-04-27 09:18:30,1342.55,282968
2021-04-27 09:18:31,1343.3,283383
2021-04-27 09:18:32,1343.7,284368
2021-04-27 09:18:33,1343.3,284535
2021-04-27 09:18:34,1343.55,284600
2021-04-27 09:18:35,1343.35,284740
2021-04-27 09:18:36,1343.45,285106
2021-04-27 09:18:37,1343.5,285554
2021-04-27 09:18:38,1343.0,285672
2021-04-27 09:18:39,1342.8,285810
2021-04-27 09:18:40,1343.5,286693
2021-04-27 09:18:44,1343.4,288076
2021-04-27 09:18:45,1343.4,288207
2021-04-27 09:18:46,1343.4,288443
2021-04-27 09:18:47,1343.4,288443
2021-04-27 09:18:48,1343.4,288463
2021-04-27 09:18:49,1343.0,289481
2021-04-27 09:18:54,1343.35,290696
2021-04-27 09:18:55,1343.35,290761
2021-04-27 09:18:56,1343.0,291376
2021-04-27 09:18:57,1343.35,291756
2021-04-27 09:18:58,1343.0,291945
2021-04-27 09:18:59,1343.35,292105
2021-04-27 09:19:00,1343.35,292105
2021-04-27 09:19:01,1343.0,292120
2021-04-27 09:19:02,1343.4,292729
2021-04-27 09:19:03,1343.4,292729
2021-04-27 09:19:04,1343.4,292759
2021-04-27 09:19:05,1343.4,293313
2021-04-27 09:19:06,1343.35,293324
2021-04-27 09:19:07,1343.35,293326
2021-04-27 09:19:08,1343.35,293326
2021-04-27 09:19:09,1343.6,293549
2021-04-27 09:19:10,1343.4,293585
2021-04-27 09:19:11,1343.35,293720
2021-04-27 09:19:12,1344.6,296727
2021-04-27 09:19:13,1343.95,296828
2021-04-27 09:19:14,1343.95,296828
2021-04-27 09:19:15,1343.7,298323
2021-04-27 09:19:16,1343.75,298328
2021-04-27 09:19:17,1343.7,298478
2021-04-27 09:19:18,1343.7,298491
2021-04-27 09:19:19,1343.6,298998
2021-04-27 09:19:20,1343.6,299023
2021-04-27 09:19:21,1343.6,299023
2021-04-27 09:19:22,1343.6,299266
2021-04-27 09:19:35,1344.3,302719
2021-04-27 09:19:36,1344.5,302949
2021-04-27 09:19:37,1344.5,303063
2021-04-27 09:19:38,1344.5,303156
2021-04-27 09:19:39,1344.8,303331
2021-04-27 09:19:40,1344.75,303835
2021-04-27 09:19:41,1344.75,304101
2021-04-27 09:19:42,1344.75,304116
2021-04-27 09:19:43,1344.75,304202
2021-04-27 09:19:44,1344.75,304359
2021-04-27 09:19:45,1344.75,304672
2021-04-27 09:19:46,1344.75,305014
2021-04-27 09:19:47,1344.75,305164
2021-04-27 09:19:48,1344.75,306577
2021-04-27 09:19:49,1345.3,306710
2021-04-27 09:19:50,1345.3,306910
2021-04-27 09:19:51,1345.3,307163
2021-04-27 09:19:52,1345.3,307211
2021-04-27 09:19:53,1345.0,307298
2021-04-27 09:19:54,1345.3,307547
2021-04-27 09:19:55,1345.3,307548
2021-04-27 09:19:56,1345.0,307590
2021-04-27 09:19:57,1345.5,309248
2021-04-27 09:19:58,1345.3,309377
2021-04-27 09:19:59,1345.3,309815
2021-04-27 09:20:00,1345.3,309845
2021-04-27 09:20:01,1345.3,309856
2021-04-27 09:20:02,1345.3,309881
2021-04-27 09:20:03,1345.3,310153
2021-04-27 09:20:04,1345.3,310153
2021-04-27 09:20:05,1345.1,310184
2021-04-27 09:20:06,1345.25,310604
2021-04-27 09:20:07,1345.55,310721
2021-04-27 09:20:08,1345.25,310917
2021-04-27 09:20:10,1345.2,311023
2021-04-27 09:20:11,1345.6,312618
2021-04-27 09:20:12,1345.0,312741
2021-04-27 09:20:12,1345.0,312741
2021-04-27 09:20:13,1345.0,313884
2021-04-27 09:20:14,1345.05,313946
2021-04-27 09:20:15,1345.4,316869
2021-04-27 09:20:16,1345.3,317565
2021-04-27 09:20:18,1345.3,317579
2021-04-27 09:20:18,1344.95,317888
2021-04-27 09:20:19,1345.3,318184
2021-04-27 09:20:20,1345.3,318184
2021-04-27 09:20:21,1345.0,318304
2021-04-27 09:20:23,1345.0,318611
2021-04-27 09:20:24,1345.3,318689
2021-04-27 09:20:25,1345.5,320715
2021-04-27 09:20:26,1345.55,321416
2021-04-27 09:20:27,1345.7,322344
2021-04-27 09:20:28,1345.55,322423
2021-04-27 09:20:29,1344.95,322985
2021-04-27 09:20:31,1345.7,324518
2021-04-27 09:20:31,1346.2,324548
2021-04-27 09:20:32,1345.55,325397
2021-04-27 09:20:33,1345.45,325608
2021-04-27 09:20:34,1346.0,326812
2021-04-27 09:20:35,1345.45,327566
2021-04-27 09:20:36,1345.95,331687
2021-04-27 09:20:37,1345.7,332289
2021-04-27 09:20:39,1345.25,332991
2021-04-27 09:20:39,1345.25,332991
2021-04-27 09:20:40,1345.45,334448
2021-04-27 09:20:41,1345.35,334747
2021-04-27 09:20:42,1345.5,334949
2021-04-27 09:20:43,1345.05,335207
2021-04-27 09:20:44,1345.75,336308
2021-04-27 09:20:46,1345.75,336309
2021-04-27 09:20:47,1345.45,336559
2021-04-27 09:20:48,1345.95,338757
2021-04-27 09:20:49,1346.0,338928
2021-04-27 09:20:50,1346.4,339029
2021-04-27 09:20:52,1346.4,339599
2021-04-27 09:20:52,1346.4,339599
2021-04-27 09:20:53,1345.95,340754
2021-04-27 09:20:54,1345.9,340855
2021-04-27 09:20:55,1346.4,340905
2021-04-27 09:20:56,1345.75,341257
2021-04-27 09:20:58,1345.8,341869
2021-04-27 09:20:59,1345.75,342220
2021-04-27 09:21:00,1345.85,342525
2021-04-27 09:21:01,1345.25,343007
2021-04-27 09:21:02,1345.75,343149
2021-04-27 09:21:03,1345.85,343809
2021-04-27 09:21:05,1345.75,343842
2021-04-27 09:21:06,1345.7,343890
2021-04-27 09:21:07,1345.7,345080
2021-04-27 09:21:08,1345.75,346262
2021-04-27 09:21:09,1345.7,346676
2021-04-27 09:21:10,1345.75,346859
2021-04-27 09:21:11,1345.75,347705
2021-04-27 09:21:13,1345.0,356761
2021-04-27 09:21:13,1345.0,356761
2021-04-27 09:21:14,1345.0,356781
2021-04-27 09:21:15,1345.25,356889
2021-04-27 09:21:16,1344.8,357194
2021-04-27 09:21:17,1344.5,357472
2021-04-27 09:21:18,1344.5,357523
2021-04-27 09:21:19,1344.05,357686
2021-04-27 09:21:20,1343.8,359026
2021-04-27 09:21:22,1343.95,359140
2021-04-27 09:21:24,1343.95,359350
2021-04-27 09:21:25,1343.95,359500
2021-04-27 09:21:26,1343.45,360290
2021-04-27 09:21:27,1343.15,361628
2021-04-27 09:21:28,1343.35,361880
2021-04-27 09:21:29,1343.2,361988
2021-04-27 09:21:30,1343.2,362144
2021-04-27 09:21:31,1343.2,362145
2021-04-27 09:21:31,1343.2,362145
2021-04-27 09:21:32,1343.2,362171
2021-04-27 09:21:33,1343.15,362792
2021-04-27 09:21:34,1343.25,363145
2021-04-27 09:21:35,1343.3,363385
2021-04-27 09:21:36,1343.8,363403
2021-04-27 09:21:37,1343.9,363588
2021-04-27 09:21:38,1343.9,363588
2021-04-27 09:21:39,1343.35,363702
2021-04-27 09:21:40,1343.9,363739
2021-04-27 09:21:41,1343.9,363792
2021-04-27 09:21:42,1343.9,363853
2021-04-27 09:21:43,1343.9,363863
2021-04-27 09:21:44,1343.45,364123
2021-04-27 09:21:45,1343.45,364224
2021-04-27 09:21:46,1343.9,364227
2021-04-27 09:21:47,1343.9,364303
2021-04-27 09:21:48,1343.9,364573
2021-04-27 09:21:49,1343.8,364753
2021-04-27 09:21:50,1343.7,364804
2021-04-27 09:21:51,1343.6,364989
2021-04-27 09:21:52,1343.45,365093
2021-04-27 09:21:53,1343.3,365218
2021-04-27 09:21:54,1343.65,365576
2021-04-27 09:21:55,1343.25,365623
2021-04-27 09:21:56,1343.65,365868
2021-04-27 09:21:58,1343.65,365868
2021-04-27 09:21:59,1343.65,366993
2021-04-27 09:22:00,1343.5,367477
2021-04-27 09:22:01,1343.65,367531
2021-04-27 09:22:02,1343.65,367754
2021-04-27 09:22:03,1343.85,367864
2021-04-27 09:22:04,1343.6,367941
2021-04-27 09:22:05,1343.95,368051
2021-04-27 09:22:06,1343.6,368058
2021-04-27 09:22:06,1343.85,368161
2021-04-27 09:22:07,1343.85,368179
2021-04-27 09:22:08,1343.85,368233
2021-04-27 09:22:09,1343.85,368355
2021-04-27 09:22:10,1343.85,368365
2021-04-27 09:22:11,1343.85,368920
2021-04-27 09:22:12,1344.6,369003
2021-04-27 09:22:13,1344.6,369003
2021-04-27 09:22:14,1344.15,369011
2021-04-27 09:22:15,1344.15,369070
2021-04-27 09:22:16,1344.45,369089
2021-04-27 09:22:17,1344.5,369103
2021-04-27 09:22:18,1344.05,369158
2021-04-27 09:22:19,1344.6,369221
2021-04-27 09:22:20,1344.15,369311
2021-04-27 09:22:21,1344.15,369311
2021-04-27 09:22:23,1344.5,369338
2021-04-27 09:22:24,1344.55,369840
2021-04-27 09:22:25,1344.6,369920
2021-04-27 09:22:26,1344.6,370028
2021-04-27 09:22:27,1344.6,370111
2021-04-27 09:22:28,1344.6,370112
2021-04-27 09:22:28,1344.6,370112
2021-04-27 09:22:29,1344.6,370144
2021-04-27 09:22:30,1344.6,370288
2021-04-27 09:22:31,1344.6,370401
2021-04-27 09:22:32,1345.75,371210
2021-04-27 09:22:33,1345.85,371452
2021-04-27 09:22:34,1345.85,371461
2021-04-27 09:22:35,1345.35,371481
2021-04-27 09:22:36,1345.55,371516
2021-04-27 09:22:37,1345.55,371741
2021-04-27 09:22:38,1345.55,372212
2021-04-27 09:22:39,1345.55,372227
2021-04-27 09:22:40,1345.55,372417
2021-04-27 09:22:41,1345.55,372417
2021-04-27 09:22:42,1345.45,372418
2021-04-27 09:22:43,1345.0,372995
2021-04-27 09:22:44,1345.45,373160
2021-04-27 09:22:45,1345.45,373164
2021-04-27 09:22:46,1345.05,373265
2021-04-27 09:22:47,1345.45,373310
2021-04-27 09:22:48,1345.45,375715
2021-04-27 09:22:49,1344.9,375788
2021-04-27 09:22:50,1345.4,375989
2021-04-27 09:22:51,1345.4,375989
2021-04-27 09:22:52,1345.05,375990
2021-04-27 09:22:53,1345.05,376504
2021-04-27 09:22:54,1345.05,376668
2021-04-27 09:22:55,1345.05,377343
2021-04-27 09:22:57,1345.4,377430
2021-04-27 09:22:58,1345.35,377684
2021-04-27 09:22:59,1345.45,377782
2021-04-27 09:23:00,1345.45,377793
2021-04-27 09:23:00,1345.45,377793
2021-04-27 09:23:01,1345.05,377896
2021-04-27 09:23:02,1345.05,377911
2021-04-27 09:23:03,1345.05,377977
2021-04-27 09:23:04,1345.05,378077
2021-04-27 09:23:05,1345.4,378115
2021-04-27 09:23:10,1345.1,378825
2021-04-27 09:23:11,1345.35,378865
2021-04-27 09:23:12,1345.35,379001
2021-04-27 09:23:13,1345.35,379082
2021-04-27 09:23:14,1345.35,379292
2021-04-27 09:23:15,1345.35,379329
2021-04-27 09:23:16,1345.4,379540
2021-04-27 09:23:17,1345.05,379669
2021-04-27 09:23:18,1345.35,379699
2021-04-27 09:23:19,1345.8,380699
2021-04-27 09:23:20,1345.35,380715
2021-04-27 09:23:21,1345.65,380742
2021-04-27 09:23:22,1345.65,380842
2021-04-27 09:23:23,1345.35,380885
2021-04-27 09:23:23,1345.35,380885
2021-04-27 09:23:24,1345.65,380895
2021-04-27 09:23:25,1345.65,380895
2021-04-27 09:23:26,1345.65,381025
2021-04-27 09:23:28,1345.65,381047
2021-04-27 09:23:29,1345.75,381154
2021-04-27 09:23:30,1345.65,382687
2021-04-27 09:23:32,1345.65,382832
2021-04-27 09:23:33,1345.65,382986
2021-04-27 09:23:34,1345.65,383267
2021-04-27 09:23:35,1345.95,383449
2021-04-27 09:23:36,1345.6,384130
2021-04-27 09:23:37,1345.65,385787
2021-04-27 09:23:38,1345.4,386465
2021-04-27 09:23:39,1345.05,387958
2021-04-27 09:23:40,1345.05,387958
2021-04-27 09:23:41,1345.5,388116
2021-04-27 09:23:43,1345.0,390668
2021-04-27 09:23:44,1344.75,390771
2021-04-27 09:23:45,1344.7,391048
2021-04-27 09:23:46,1344.7,391048
2021-04-27 09:23:47,1344.35,391190
2021-04-27 09:23:48,1344.35,391597
2021-04-27 09:23:48,1344.25,391862
2021-04-27 09:23:49,1344.35,391962
2021-04-27 09:23:51,1344.3,392006
2021-04-27 09:23:52,1344.65,392030
2021-04-27 09:23:53,1344.3,392453
2021-04-27 09:23:54,1344.3,392460
2021-04-27 09:23:55,1344.3,392549
2021-04-27 09:23:56,1344.6,392551
2021-04-27 09:23:57,1344.6,392587
2021-04-27 09:23:59,1344.6,392628
2021-04-27 09:24:00,1344.6,393308
2021-04-27 09:24:01,1344.6,393339
2021-04-27 09:24:02,1344.3,393628
2021-04-27 09:24:03,1344.65,393715
2021-04-27 09:24:04,1344.65,393730
2021-04-27 09:24:05,1344.65,393730
2021-04-27 09:24:06,1344.65,393740
2021-04-27 09:24:07,1344.5,393753
2021-04-27 09:24:08,1344.65,394316
2021-04-27 09:24:09,1344.7,394326
2021-04-27 09:24:10,1344.35,394390
2021-04-27 09:24:11,1344.6,394857
2021-04-27 09:24:12,1344.7,394897
2021-04-27 09:24:12,1344.7,394892
2021-04-27 09:24:13,1344.65,395176
2021-04-27 09:24:14,1344.65,395303
2021-04-27 09:24:15,1344.3,395533
2021-04-27 09:24:16,1344.65,395540
2021-04-27 09:24:17,1344.6,395596
2021-04-27 09:24:19,1344.6,395766
2021-04-27 09:24:20,1344.5,395901
2021-04-27 09:24:21,1344.5,395904
2021-04-27 09:24:22,1344.5,395941
2021-04-27 09:24:23,1344.5,395998
2021-04-27 09:24:24,1344.3,396262
2021-04-27 09:24:25,1344.4,396278
2021-04-27 09:24:26,1344.35,396389
2021-04-27 09:24:26,1343.9,398092
2021-04-27 09:24:29,1343.95,398227
2021-04-27 09:24:30,1343.95,398228
2021-04-27 09:24:31,1343.5,399035
2021-04-27 09:24:32,1343.5,399142
2021-04-27 09:24:33,1343.5,399192
2021-04-27 09:24:34,1343.5,399259
2021-04-27 09:24:35,1343.15,401614
2021-04-27 09:24:36,1343.1,401748
2021-04-27 09:24:37,1343.25,401849
2021-04-27 09:24:38,1343.25,401959
2021-04-27 09:24:39,1343.25,402299
2021-04-27 09:24:40,1343.25,403179
2021-04-27 09:24:41,1343.25,403179
2021-04-27 09:24:42,1343.25,403307
2021-04-27 09:24:43,1343.25,403368
2021-04-27 09:24:44,1343.25,403391
2021-04-27 09:24:45,1343.25,403391
2021-04-27 09:24:46,1343.25,403666
2021-04-27 09:24:47,1343.25,403696
2021-04-27 09:24:48,1343.3,403817
2021-04-27 09:24:49,1343.3,403817
2021-04-27 09:24:50,1343.3,403943
2021-04-27 09:24:52,1343.25,403996
2021-04-27 09:24:53,1343.3,403998
2021-04-27 09:24:54,1343.75,404102
2021-04-27 09:24:55,1343.7,404123
2021-04-27 09:24:56,1345.0,405666
2021-04-27 09:24:58,1345.0,405789
2021-04-27 09:24:59,1344.7,405794
2021-04-27 09:25:00,1344.7,405794
2021-04-27 09:25:02,1344.65,406005
2021-04-27 09:25:03,1344.9,406010
2021-04-27 09:25:05,1344.7,406038
2021-04-27 09:25:06,1344.65,406103
2021-04-27 09:25:07,1344.5,407180
2021-04-27 09:25:08,1344.35,407667
2021-04-27 09:25:09,1344.3,407887
2021-04-27 09:25:09,1344.0,407936
2021-04-27 09:25:10,1344.3,408140
2021-04-27 09:25:11,1344.25,408352
2021-04-27 09:25:12,1344.0,408665
2021-04-27 09:25:13,1344.45,408826
2021-04-27 09:25:15,1344.45,408853
2021-04-27 09:25:16,1344.45,411979
2021-04-27 09:25:17,1344.45,411981
2021-04-27 09:25:18,1344.45,412053
2021-04-27 09:25:19,1344.45,412116
2021-04-27 09:25:20,1344.45,412128
2021-04-27 09:25:21,1344.25,412276
2021-04-27 09:25:22,1344.25,412276
2021-04-27 09:25:22,1344.25,412276
2021-04-27 09:25:23,1344.45,412428
2021-04-27 09:25:24,1344.45,412485
2021-04-27 09:25:25,1344.45,412489
2021-04-27 09:25:26,1344.45,412515
2021-04-27 09:25:28,1344.4,412557
2021-04-27 09:25:29,1344.3,412726
2021-04-27 09:25:30,1344.2,412946
2021-04-27 09:25:31,1344.2,412946
2021-04-27 09:25:31,1344.2,412966
2021-04-27 09:25:32,1344.2,413206
2021-04-27 09:25:33,1344.2,413306
2021-04-27 09:25:34,1344.05,413310
2021-04-27 09:25:35,1344.05,413389
2021-04-27 09:25:36,1344.05,413490
2021-04-27 09:25:37,1344.3,413799
2021-04-27 09:25:39,1344.3,413808
2021-04-27 09:25:40,1344.3,414053
2021-04-27 09:25:41,1344.3,414303
2021-04-27 09:25:42,1344.0,414347
2021-04-27 09:25:43,1344.2,414397
2021-04-27 09:25:44,1344.2,414661
2021-04-27 09:25:45,1344.2,414681
2021-04-27 09:25:46,1344.2,414681
2021-04-27 09:25:47,1344.2,414839
2021-04-27 09:25:48,1344.1,414859
2021-04-27 09:25:49,1344.0,415143
2021-04-27 09:25:50,1344.0,415143
2021-04-27 09:25:51,1344.0,415461
2021-04-27 09:25:52,1344.0,415500
2021-04-27 09:25:53,1343.95,415801
2021-04-27 09:25:54,1344.1,415991
2021-04-27 09:25:55,1344.0,415999
2021-04-27 09:25:56,1344.0,417099
2021-04-27 09:25:57,1344.0,417107
2021-04-27 09:25:58,1344.1,417167
2021-04-27 09:25:59,1344.05,417177
2021-04-27 09:26:00,1344.05,417177
2021-04-27 09:26:01,1344.05,417177
2021-04-27 09:26:02,1344.05,417182
2021-04-27 09:26:03,1344.05,417221
2021-04-27 09:26:04,1344.0,417342
2021-04-27 09:26:05,1344.0,417397
2021-04-27 09:26:06,1344.05,417692
2021-04-27 09:26:07,1344.05,417769
2021-04-27 09:26:08,1344.05,417787
2021-04-27 09:26:09,1344.05,417833
2021-04-27 09:26:10,1344.05,417833
2021-04-27 09:26:12,1344.05,417900
2021-04-27 09:26:13,1344.0,417986
2021-04-27 09:26:13,1344.0,417986
2021-04-27 09:26:14,1344.0,418051
2021-04-27 09:26:16,1344.0,418131
2021-04-27 09:26:17,1344.0,418181
2021-04-27 09:26:19,1344.4,420200
2021-04-27 09:26:18,1344.3,420079
2021-04-27 09:26:20,1344.35,420310
2021-04-27 09:26:21,1344.9,420367
2021-04-27 09:26:23,1344.25,420567
2021-04-27 09:26:23,1344.2,421087
2021-04-27 09:26:24,1344.8,421144
2021-04-27 09:26:28,1344.8,421336
2021-04-27 09:26:29,1344.8,421353
2021-04-27 09:26:30,1344.2,421456
2021-04-27 09:26:31,1344.75,421969
2021-04-27 09:26:32,1344.2,422004
2021-04-27 09:26:32,1344.2,422004
2021-04-27 09:26:33,1344.2,422204
2021-04-27 09:26:34,1344.7,422228
2021-04-27 09:26:35,1344.7,422228
2021-04-27 09:26:37,1344.7,422530
2021-04-27 09:26:38,1344.7,422530
2021-04-27 09:26:39,1344.7,422530
2021-04-27 09:26:40,1344.3,422669
2021-04-27 09:26:41,1344.7,422802
2021-04-27 09:26:42,1344.3,422807
2021-04-27 09:26:45,1344.3,423170
2021-04-27 09:26:46,1344.3,423245
2021-04-27 09:26:47,1344.3,423260
2021-04-27 09:26:49,1344.3,423420
2021-04-27 09:26:50,1344.6,423540
2021-04-27 09:26:51,1344.3,423600
2021-04-27 09:26:52,1344.3,423665
2021-04-27 09:26:53,1344.25,423694
2021-04-27 09:26:53,1344.25,423694
2021-04-27 09:26:55,1344.25,423697
2021-04-27 09:26:56,1344.25,423709
2021-04-27 09:26:57,1344.3,423822
2021-04-27 09:26:58,1344.3,423824
2021-04-27 09:26:59,1344.2,423879
2021-04-27 09:27:00,1344.3,423953
2021-04-27 09:27:01,1344.3,423953
2021-04-27 09:27:01,1344.3,423953
2021-04-27 09:27:02,1344.3,423998
2021-04-27 09:27:04,1344.3,424050
2021-04-27 09:27:05,1344.3,424552
2021-04-27 09:27:06,1344.25,424572
2021-04-27 09:27:07,1344.2,424592
2021-04-27 09:27:08,1344.2,424592
2021-04-27 09:27:09,1344.25,424595
2021-04-27 09:27:10,1344.25,424595
2021-04-27 09:27:11,1344.2,424623
2021-04-27 09:27:11,1344.2,424623
2021-04-27 09:27:13,1344.2,424623
2021-04-27 09:27:14,1344.25,424628
2021-04-27 09:27:15,1344.25,424948
2021-04-27 09:27:16,1344.25,424948
2021-04-27 09:27:17,1344.2,425023
2021-04-27 09:27:18,1344.25,425051
2021-04-27 09:27:19,1344.25,425051
2021-04-27 09:27:20,1344.2,425058
2021-04-27 09:27:21,1344.25,425157
2021-04-27 09:27:22,1344.25,425167
2021-04-27 09:27:23,1344.25,425218
2021-04-27 09:27:24,1344.25,425218
2021-04-27 09:27:25,1344.25,425221
2021-04-27 09:27:26,1344.0,428503
2021-04-27 09:27:28,1343.6,429040
2021-04-27 09:27:29,1343.7,429043
2021-04-27 09:27:29,1343.7,429043
2021-04-27 09:27:30,1343.7,429043
2021-04-27 09:27:31,1343.3,429199
2021-04-27 09:27:32,1343.45,429200
2021-04-27 09:27:34,1343.45,429776
2021-04-27 09:27:35,1343.5,429828
2021-04-27 09:27:38,1343.5,430050
2021-04-27 09:27:39,1343.3,430110
2021-04-27 09:27:40,1343.5,430269
2021-04-27 09:27:41,1343.5,430290
2021-04-27 09:27:41,1343.3,430339
2021-04-27 09:27:43,1343.45,430427
2021-04-27 09:27:44,1343.55,430665
2021-04-27 09:27:45,1343.6,430716
2021-04-27 09:27:46,1343.6,430716
2021-04-27 09:27:47,1344.1,430816
2021-04-27 09:27:48,1343.6,430906
2021-04-27 09:27:49,1343.7,430926
2021-04-27 09:27:50,1343.75,430927
2021-04-27 09:27:51,1343.75,430958
2021-04-27 09:27:52,1343.65,431463
2021-04-27 09:27:53,1343.65,431596
2021-04-27 09:27:54,1343.6,431613
2021-04-27 09:27:55,1343.65,431735
2021-04-27 09:27:56,1343.65,431788
2021-04-27 09:27:57,1343.65,432001
2021-04-27 09:27:58,1343.65,432082
2021-04-27 09:27:59,1343.75,432712
2021-04-27 09:27:59,1343.75,432715
2021-04-27 09:28:00,1344.3,432915
2021-04-27 09:28:01,1344.3,432972
2021-04-27 09:28:02,1344.3,432974
2021-04-27 09:28:04,1344.3,432974
2021-04-27 09:28:05,1344.3,433005
2021-04-27 09:28:06,1344.3,433204
2021-04-27 09:28:07,1344.3,433234
2021-04-27 09:28:08,1344.3,433234
2021-04-27 09:28:09,1344.3,433495
2021-04-27 09:28:10,1344.55,434320
2021-04-27 09:28:11,1344.55,434320
2021-04-27 09:28:12,1344.8,434331
2021-04-27 09:28:13,1344.8,434339
2021-04-27 09:28:14,1344.8,434448
2021-04-27 09:28:15,1344.8,434553
2021-04-27 09:28:16,1344.5,434556
2021-04-27 09:28:17,1345.0,434808
2021-04-27 09:28:18,1345.0,434858
2021-04-27 09:28:19,1345.0,434858
2021-04-27 09:28:20,1345.0,434910
2021-04-27 09:28:21,1345.0,434925
2021-04-27 09:28:22,1344.8,435318
2021-04-27 09:28:23,1344.9,435567
2021-04-27 09:28:24,1344.8,435802
2021-04-27 09:28:25,1344.85,436319
2021-04-27 09:28:26,1344.85,436319
2021-04-27 09:28:26,1344.85,436319
2021-04-27 09:28:28,1344.8,436325
2021-04-27 09:28:29,1344.8,436325
2021-04-27 09:28:31,1344.5,436430
2021-04-27 09:28:32,1345.0,438835
2021-04-27 09:28:33,1345.0,438835
2021-04-27 09:28:34,1345.05,438885
2021-04-27 09:28:35,1345.45,439050
2021-04-27 09:28:36,1345.45,439151
2021-04-27 09:28:37,1345.0,439299
2021-04-27 09:28:38,1345.0,439369
2021-04-27 09:28:39,1345.0,439496
2021-04-27 09:28:39,1345.0,439496
2021-04-27 09:28:40,1345.0,439516
2021-04-27 09:28:42,1345.0,439532
2021-04-27 09:28:43,1345.0,439576
2021-04-27 09:28:44,1345.2,439783
2021-04-27 09:28:45,1345.45,440616
2021-04-27 09:28:46,1345.4,440656
2021-04-27 09:28:46,1345.4,440656
2021-04-27 09:28:47,1345.0,440757
2021-04-27 09:28:49,1345.0,440757
2021-04-27 09:28:50,1345.0,440803
2021-04-27 09:28:52,1344.85,441303
2021-04-27 09:28:53,1345.3,441308
2021-04-27 09:28:54,1345.25,441413
2021-04-27 09:28:55,1345.25,441423
2021-04-27 09:28:56,1345.25,441423
2021-04-27 09:28:57,1345.25,441424
2021-04-27 09:28:58,1345.25,441490
2021-04-27 09:28:59,1345.25,441834
2021-04-27 09:29:00,1345.2,441923
2021-04-27 09:29:01,1345.2,441923
2021-04-27 09:29:02,1345.35,442139
2021-04-27 09:29:03,1345.35,442139
2021-04-27 09:29:04,1345.35,442154
2021-04-27 09:29:05,1345.35,442154
2021-04-27 09:29:07,1345.3,442165
2021-04-27 09:29:06,1345.3,442165
2021-04-27 09:29:08,1345.3,442232
2021-04-27 09:29:09,1345.3,442232
2021-04-27 09:29:10,1345.5,442991
2021-04-27 09:29:11,1345.5,443092
2021-04-27 09:29:12,1345.55,443298
2021-04-27 09:29:13,1345.4,443927
2021-04-27 09:29:14,1345.4,443927
2021-04-27 09:29:15,1345.4,443927
2021-04-27 09:29:16,1345.35,443940
2021-04-27 09:29:17,1345.5,443995
2021-04-27 09:29:18,1345.5,443995
2021-04-27 09:29:19,1345.35,444103
2021-04-27 09:29:20,1345.4,444104
2021-04-27 09:29:21,1345.4,444232
2021-04-27 09:29:22,1345.75,445082
2021-04-27 09:29:23,1345.75,445082
2021-04-27 09:29:24,1345.7,445102
2021-04-27 09:29:25,1345.5,445164
2021-04-27 09:29:26,1345.5,447859
2021-04-27 09:29:27,1345.4,447914
2021-04-27 09:29:28,1345.35,448028
2021-04-27 09:29:29,1345.05,448069
2021-04-27 09:29:30,1345.25,448178
2021-04-27 09:29:31,1344.7,448586
2021-04-27 09:29:32,1344.8,448741
2021-04-27 09:29:33,1344.75,448821
2021-04-27 09:29:34,1344.75,448846
2021-04-27 09:29:35,1344.75,448847
2021-04-27 09:29:36,1344.65,448963
2021-04-27 09:29:37,1344.65,448968
2021-04-27 09:29:38,1344.2,449092
2021-04-27 09:29:39,1344.65,449424
2021-04-27 09:29:40,1344.6,449579
2021-04-27 09:29:41,1344.2,450252
2021-04-27 09:29:42,1343.75,450352
2021-04-27 09:29:43,1344.25,450422
2021-04-27 09:29:44,1344.25,450697
2021-04-27 09:29:45,1344.25,450700
2021-04-27 09:29:46,1344.2,450726
2021-04-27 09:29:48,1344.2,450728
2021-04-27 09:29:47,1344.2,450728
2021-04-27 09:29:49,1344.2,450728
2021-04-27 09:29:50,1344.2,450738
2021-04-27 09:29:51,1344.2,450743
2021-04-27 09:29:52,1343.65,451745
2021-04-27 09:29:54,1343.9,451747
2021-04-27 09:29:56,1343.8,451816
2021-04-27 09:29:57,1343.8,451816
2021-04-27 09:29:58,1343.8,451816
2021-04-27 09:29:59,1343.75,451818
2021-04-27 09:30:00,1343.75,451935
2021-04-27 09:30:01,1343.75,452011
2021-04-27 09:30:02,1343.75,452099
2021-04-27 09:30:03,1343.45,452249
2021-04-27 09:30:05,1343.65,452290
2021-04-27 09:30:04,1343.75,452289
2021-04-27 09:30:06,1343.45,452334
2021-04-27 09:30:07,1343.7,452361
2021-04-27 09:30:08,1343.7,452367
2021-04-27 09:30:09,1343.7,452525
2021-04-27 09:30:10,1343.7,452585
2021-04-27 09:30:12,1343.75,452635
2021-04-27 09:30:11,1343.75,452635
2021-04-27 09:30:13,1343.5,452723
2021-04-27 09:30:14,1343.5,452780
2021-04-27 09:30:15,1343.5,452865
2021-04-27 09:30:16,1343.6,452909
2021-04-27 09:30:18,1343.95,452916
2021-04-27 09:30:19,1343.95,452916
2021-04-27 09:30:20,1343.95,452916
2021-04-27 09:30:21,1343.8,452917
2021-04-27 09:30:22,1343.95,453140
2021-04-27 09:30:23,1344.25,453636
2021-04-27 09:30:24,1344.05,453646
2021-04-27 09:30:26,1344.3,454127
2021-04-27 09:30:27,1344.3,454127
2021-04-27 09:30:28,1344.15,454525
2021-04-27 09:30:29,1344.25,454581
2021-04-27 09:30:30,1343.7,455021
2021-04-27 09:30:31,1344.15,455022
2021-04-27 09:30:32,1343.75,455081
2021-04-27 09:30:33,1344.3,455333
2021-04-27 09:30:34,1344.3,455333
2021-04-27 09:30:35,1344.3,455333
2021-04-27 09:30:36,1344.2,455549
2021-04-27 09:30:37,1344.2,455599
2021-04-27 09:30:38,1343.95,455649
2021-04-27 09:30:39,1344.65,455752
2021-04-27 09:30:40,1344.3,455887
2021-04-27 09:30:41,1344.3,455887
2021-04-27 09:30:42,1344.3,455887
2021-04-27 09:30:43,1344.45,456364
2021-04-27 09:30:44,1344.45,456364
2021-04-27 09:30:45,1344.45,456364
2021-04-27 09:30:46,1344.55,456430
2021-04-27 09:30:47,1344.65,456436
2021-04-27 09:30:48,1344.65,456586
2021-04-27 09:30:49,1344.65,456586
2021-04-27 09:30:50,1344.65,456586
2021-04-27 09:30:51,1344.75,456772
2021-04-27 09:30:52,1344.3,456780
2021-04-27 09:30:53,1344.2,456804
2021-04-27 09:30:54,1344.75,456964
2021-04-27 09:30:55,1344.75,456966
2021-04-27 09:30:56,1344.75,456966
2021-04-27 09:30:58,1344.75,456966
2021-04-27 09:30:58,1344.75,456966
2021-04-27 09:30:59,1344.1,457066
2021-04-27 09:31:00,1344.1,457210
2021-04-27 09:31:01,1344.15,457261
2021-04-27 09:31:02,1344.55,457348
2021-04-27 09:31:03,1344.55,457443
2021-04-27 09:31:04,1344.55,457469
2021-04-27 09:31:05,1344.55,457509
2021-04-27 09:31:07,1344.4,457809
2021-04-27 09:31:07,1344.4,457809
2021-04-27 09:31:09,1344.55,457951
2021-04-27 09:31:08,1344.55,457811
2021-04-27 09:31:10,1344.5,457964
2021-04-27 09:31:11,1344.65,458977
2021-04-27 09:31:12,1344.75,459509
2021-04-27 09:31:13,1344.5,460296
2021-04-27 09:31:15,1344.5,460296
2021-04-27 09:31:17,1344.65,460557
2021-04-27 09:31:18,1344.65,460557
2021-04-27 09:31:19,1344.45,460932
2021-04-27 09:31:20,1345.0,461032
2021-04-27 09:31:21,1345.0,461032
2021-04-27 09:31:22,1345.0,461032
2021-04-27 09:31:23,1344.6,461209
2021-04-27 09:31:24,1344.6,461209
2021-04-27 09:31:25,1344.95,461279
2021-04-27 09:31:26,1344.8,461417
2021-04-27 09:31:27,1344.45,462417
2021-04-27 09:31:29,1344.55,463024
2021-04-27 09:31:31,1344.55,463563
2021-04-27 09:31:31,1344.55,463563
2021-04-27 09:31:32,1344.55,463583
2021-04-27 09:31:33,1344.55,463583
2021-04-27 09:31:34,1344.45,463622
2021-04-27 09:31:35,1344.45,463732
2021-04-27 09:31:36,1344.45,463747
2021-04-27 09:31:37,1344.55,464122
2021-04-27 09:31:38,1344.45,464127
2021-04-27 09:31:39,1344.5,464158
2021-04-27 09:31:40,1344.55,464523
2021-04-27 09:31:41,1344.55,465126
2021-04-27 09:31:42,1344.55,465129
2021-04-27 09:31:43,1344.55,465129
2021-04-27 09:31:44,1344.5,465157
2021-04-27 09:31:45,1344.5,465167
2021-04-27 09:31:46,1344.5,465704
2021-04-27 09:31:47,1344.0,465961
2021-04-27 09:31:48,1344.0,466444
2021-04-27 09:31:49,1344.4,466447
2021-04-27 09:31:50,1344.35,466474
2021-04-27 09:31:51,1344.35,466529
2021-04-27 09:31:52,1344.35,466654
2021-04-27 09:31:53,1344.1,466664
2021-04-27 09:31:54,1344.1,466673
2021-04-27 09:31:56,1344.3,466735
2021-04-27 09:31:56,1344.3,466735
2021-04-27 09:31:57,1344.3,466985
2021-04-27 09:31:58,1344.3,466985
2021-04-27 09:31:59,1344.3,466999
2021-04-27 09:32:00,1344.1,467058
2021-04-27 09:32:01,1344.3,467068
2021-04-27 09:32:02,1344.3,467079
2021-04-27 09:32:03,1344.3,467129
2021-04-27 09:32:04,1344.3,467149
2021-04-27 09:32:06,1344.1,467192
2021-04-27 09:32:07,1344.1,467192
2021-04-27 09:32:08,1344.0,469235
2021-04-27 09:32:09,1344.1,469845
2021-04-27 09:32:10,1344.05,469846
2021-04-27 09:32:11,1344.1,470049
2021-04-27 09:32:12,1344.1,470164
2021-04-27 09:32:13,1344.1,470164
2021-04-27 09:32:14,1344.1,470314
2021-04-27 09:32:15,1344.1,470314
2021-04-27 09:32:16,1344.1,470324
2021-04-27 09:32:17,1344.1,470360
2021-04-27 09:32:18,1344.05,470570
2021-04-27 09:32:19,1344.05,470586
2021-04-27 09:32:20,1344.05,470988
2021-04-27 09:32:21,1344.05,470988
2021-04-27 09:32:22,1344.05,470998
2021-04-27 09:32:23,1344.05,471173
2021-04-27 09:32:24,1344.05,474251
2021-04-27 09:32:25,1343.5,475123
2021-04-27 09:32:26,1343.9,475791
2021-04-27 09:32:27,1343.95,475856
2021-04-27 09:32:28,1343.4,475930
2021-04-27 09:32:29,1343.95,476035
2021-04-27 09:32:30,1343.5,476155
2021-04-27 09:32:31,1343.5,476216
2021-04-27 09:32:32,1343.3,476326
2021-04-27 09:32:33,1343.5,476327
2021-04-27 09:32:34,1343.45,476380
2021-04-27 09:32:36,1343.25,477118
2021-04-27 09:32:37,1343.45,477119
2021-04-27 09:32:38,1343.4,477411
2021-04-27 09:32:39,1343.4,477450
2021-04-27 09:32:41,1343.4,478854
2021-04-27 09:32:42,1343.25,479224
2021-04-27 09:32:43,1343.3,479249
2021-04-27 09:32:44,1343.25,479389
2021-04-27 09:32:45,1343.55,479441
2021-04-27 09:32:47,1343.55,479441
2021-04-27 09:32:47,1343.55,479441
2021-04-27 09:32:48,1343.55,480429
2021-04-27 09:32:49,1343.65,480614
2021-04-27 09:32:50,1343.65,480634
2021-04-27 09:32:51,1343.8,480734
2021-04-27 09:32:52,1343.65,480758
2021-04-27 09:32:53,1344.05,481221
2021-04-27 09:32:54,1344.05,481221
2021-04-27 09:32:55,1344.4,481226
2021-04-27 09:32:56,1344.4,481227
2021-04-27 09:32:57,1344.4,481227
2021-04-27 09:32:58,1344.4,481289
2021-04-27 09:32:59,1344.4,481310
2021-04-27 09:33:00,1344.4,481389
2021-04-27 09:33:01,1344.4,481390
2021-04-27 09:33:02,1344.4,481415
2021-04-27 09:33:03,1344.25,481510
2021-04-27 09:33:04,1344.25,482541
2021-04-27 09:33:06,1344.0,483976
2021-04-27 09:33:07,1343.65,484055
2021-04-27 09:33:07,1343.65,484055
2021-04-27 09:33:08,1343.6,484071
2021-04-27 09:33:09,1344.2,484081
2021-04-27 09:33:10,1343.65,484121
2021-04-27 09:33:11,1343.65,484296
2021-04-27 09:33:12,1344.2,484358
2021-04-27 09:33:14,1344.1,484363
2021-04-27 09:33:15,1344.1,484596
2021-04-27 09:33:16,1344.1,484596
2021-04-27 09:33:17,1344.1,484714
2021-04-27 09:33:18,1344.2,485309
2021-04-27 09:33:19,1343.5,486220
2021-04-27 09:33:20,1344.1,486230
2021-04-27 09:33:21,1344.1,486336
2021-04-27 09:33:22,1344.1,486386
2021-04-27 09:33:23,1344.1,486406
2021-04-27 09:33:24,1344.1,486499
2021-04-27 09:33:25,1344.1,486499
2021-04-27 09:33:26,1344.1,486499
2021-04-27 09:33:27,1344.1,486529
2021-04-27 09:33:28,1343.6,486580
2021-04-27 09:33:30,1343.55,486582
2021-04-27 09:33:29,1343.6,486580
2021-04-27 09:33:31,1343.55,486582
2021-04-27 09:33:32,1344.05,486605
2021-04-27 09:33:33,1344.05,486606
2021-04-27 09:33:35,1344.05,486702
2021-04-27 09:33:36,1344.05,486703
2021-04-27 09:33:37,1343.55,486785
2021-04-27 09:33:37,1344.0,486810
2021-04-27 09:33:38,1343.45,486845
2021-04-27 09:33:39,1343.55,486866
2021-04-27 09:33:41,1343.5,486979
2021-04-27 09:33:42,1343.95,487044
2021-04-27 09:33:44,1343.55,487074
2021-04-27 09:33:45,1343.95,487076
2021-04-27 09:33:46,1343.95,487117
2021-04-27 09:33:46,1343.95,487117
2021-04-27 09:33:47,1343.95,487204
2021-04-27 09:33:48,1343.95,487204
2021-04-27 09:33:49,1343.95,487204
2021-04-27 09:33:50,1343.6,487205
2021-04-27 09:33:51,1343.85,487206
2021-04-27 09:33:53,1343.85,487316
2021-04-27 09:33:54,1343.85,487316
2021-04-27 09:33:55,1343.85,487571
2021-04-27 09:33:56,1344.0,488082
2021-04-27 09:33:57,1343.85,488087
2021-04-27 09:33:58,1343.6,488505
2021-04-27 09:33:59,1344.0,488533
2021-04-27 09:34:01,1343.65,488547
2021-04-27 09:34:02,1344.0,488748
2021-04-27 09:34:03,1344.0,488750
2021-04-27 09:34:04,1344.0,488780
2021-04-27 09:34:04,1344.0,488780
2021-04-27 09:34:05,1344.0,488780
2021-04-27 09:34:06,1344.0,488998
2021-04-27 09:34:07,1344.1,489018
2021-04-27 09:34:08,1344.1,489018
2021-04-27 09:34:09,1344.4,489070
2021-04-27 09:34:10,1344.8,489937
2021-04-27 09:34:11,1344.8,489937
2021-04-27 09:34:12,1344.8,489937
2021-04-27 09:34:13,1344.8,490052
2021-04-27 09:34:14,1344.8,490111
2021-04-27 09:34:15,1344.8,490225
2021-04-27 09:34:16,1344.6,490231
2021-04-27 09:34:17,1344.8,490240
2021-04-27 09:34:19,1344.8,490260
2021-04-27 09:34:20,1344.75,490408
2021-04-27 09:34:20,1344.6,490457
2021-04-27 09:34:21,1344.7,490564
2021-04-27 09:34:22,1344.7,490564
2021-04-27 09:34:23,1344.7,490687
2021-04-27 09:34:24,1344.65,490688
2021-04-27 09:34:25,1344.65,490873
2021-04-27 09:34:26,1345.0,493859
2021-04-27 09:34:27,1345.25,494663
2021-04-27 09:34:28,1345.05,494738
2021-04-27 09:34:29,1345.05,494738
2021-04-27 09:34:30,1345.05,494748
2021-04-27 09:34:31,1345.0,494896
2021-04-27 09:34:32,1345.1,495404
2021-04-27 09:34:33,1345.0,495575
2021-04-27 09:34:34,1344.9,496749
2021-04-27 09:34:36,1344.9,497366
2021-04-27 09:34:37,1345.0,497380
2021-04-27 09:34:40,1345.0,498171
2021-04-27 09:34:41,1345.0,498178
2021-04-27 09:34:42,1345.0,498278
2021-04-27 09:34:43,1344.9,498298
2021-04-27 09:34:44,1345.0,498367
2021-04-27 09:34:45,1344.9,498392
2021-04-27 09:34:46,1345.0,498566
2021-04-27 09:34:47,1345.05,498881
2021-04-27 09:34:48,1345.05,499228
2021-04-27 09:34:49,1345.0,499229
2021-04-27 09:34:50,1344.95,499243
2021-04-27 09:34:51,1344.95,499243
2021-04-27 09:34:52,1344.95,499243
2021-04-27 09:34:53,1344.95,499246
2021-04-27 09:34:54,1344.95,499316
2021-04-27 09:34:56,1344.95,499316
2021-04-27 09:34:56,1344.95,499316
2021-04-27 09:34:57,1344.95,499316
2021-04-27 09:34:58,1344.95,499398
2021-04-27 09:34:59,1345.0,500603
2021-04-27 09:35:00,1345.45,500742
2021-04-27 09:35:01,1344.9,502694
2021-04-27 09:35:02,1344.65,503834
2021-04-27 09:35:04,1344.65,503834
2021-04-27 09:35:04,1345.35,504234
2021-04-27 09:35:06,1344.55,504244
2021-04-27 09:35:07,1345.0,504407
2021-04-27 09:35:08,1344.5,504410
2021-04-27 09:35:09,1345.0,504460
2021-04-27 09:35:11,1345.0,504485
2021-04-27 09:35:11,1345.0,504485
2021-04-27 09:35:12,1345.0,504785
2021-04-27 09:35:13,1345.0,504914
2021-04-27 09:35:15,1344.95,505925
2021-04-27 09:35:15,1344.9,506375
2021-04-27 09:35:16,1344.9,506394
2021-04-27 09:35:17,1344.9,506525
2021-04-27 09:35:19,1345.0,508949
2021-04-27 09:35:20,1345.0,508980
2021-04-27 09:35:20,1344.5,508984
2021-04-27 09:35:21,1344.35,509392
2021-04-27 09:35:22,1345.45,510352
2021-04-27 09:35:23,1345.45,510352
2021-04-27 09:35:24,1345.0,510368
2021-04-27 09:35:26,1345.4,510395
2021-04-27 09:35:27,1345.4,510395
2021-04-27 09:35:28,1345.4,510407
2021-04-27 09:35:29,1345.4,510440
2021-04-27 09:35:30,1345.4,510440
2021-04-27 09:35:31,1345.4,510440
2021-04-27 09:35:32,1345.05,510540
2021-04-27 09:35:34,1345.05,510540
2021-04-27 09:35:34,1345.05,510540
2021-04-27 09:35:35,1345.05,510540
2021-04-27 09:35:36,1345.05,510571
2021-04-27 09:35:37,1344.95,511343
2021-04-27 09:35:38,1344.95,511343
2021-04-27 09:35:39,1344.9,511792
2021-04-27 09:35:40,1344.25,511799
2021-04-27 09:35:42,1344.25,512082
2021-04-27 09:35:43,1344.25,512082
2021-04-27 09:35:44,1344.25,512082
2021-04-27 09:35:45,1344.3,512084
2021-04-27 09:35:46,1344.25,512087
2021-04-27 09:35:47,1344.8,512088
2021-04-27 09:35:48,1344.8,512093
2021-04-27 09:35:49,1344.8,512093
2021-04-27 09:35:50,1344.8,512113
2021-04-27 09:35:52,1344.8,512113
2021-04-27 09:35:54,1344.2,512214
2021-04-27 09:35:55,1344.2,512214
2021-04-27 09:35:56,1344.7,512267
2021-04-27 09:35:56,1344.7,512346
2021-04-27 09:35:57,1344.7,512388
2021-04-27 09:35:58,1344.3,512391
2021-04-27 09:35:59,1344.3,512391
2021-04-27 09:36:00,1344.3,512391
2021-04-27 09:36:01,1344.3,512391
2021-04-27 09:36:02,1344.3,512426
2021-04-27 09:36:03,1344.3,512426
2021-04-27 09:36:04,1344.3,512426
2021-04-27 09:36:05,1344.1,512523
2021-04-27 09:36:06,1344.1,512523
2021-04-27 09:36:08,1344.6,512556
2021-04-27 09:36:09,1344.0,512562
2021-04-27 09:36:10,1344.25,513245
2021-04-27 09:36:11,1344.25,513345
2021-04-27 09:36:14,1343.55,514827
2021-04-27 09:36:15,1344.2,514886
2021-04-27 09:36:16,1344.35,514991
2021-04-27 09:36:17,1344.25,515334
2021-04-27 09:36:18,1344.25,515334
2021-04-27 09:36:19,1343.6,515560
2021-04-27 09:36:19,1343.6,515560
2021-04-27 09:36:20,1343.7,517629
2021-04-27 09:36:21,1343.25,517835
2021-04-27 09:36:22,1343.2,518439
2021-04-27 09:36:23,1343.25,518445
2021-04-27 09:36:25,1343.45,518565
2021-04-27 09:36:26,1343.45,518575
2021-04-27 09:36:27,1343.4,520755
2021-04-27 09:36:28,1343.4,520825
2021-04-27 09:36:29,1343.4,520846
2021-04-27 09:36:30,1343.4,520847
2021-04-27 09:36:31,1343.4,520847
2021-04-27 09:36:31,1343.4,520847
2021-04-27 09:36:32,1343.2,521194
2021-04-27 09:36:33,1343.0,521248
2021-04-27 09:36:34,1343.2,521396
2021-04-27 09:36:35,1343.0,521803
2021-04-27 09:36:36,1343.1,522020
2021-04-27 09:36:38,1343.2,522049
2021-04-27 09:36:38,1343.2,522052
2021-04-27 09:36:39,1343.05,522164
2021-04-27 09:36:41,1343.2,522166
2021-04-27 09:36:42,1343.2,522216
2021-04-27 09:36:43,1343.2,522216
2021-04-27 09:36:44,1343.2,522513
2021-04-27 09:36:45,1343.2,522554
2021-04-27 09:36:46,1343.0,522604
2021-04-27 09:36:47,1343.0,525033
2021-04-27 09:36:48,1343.15,525440
2021-04-27 09:36:48,1343.15,525490
2021-04-27 09:36:50,1343.15,525490
2021-04-27 09:36:51,1342.9,525511
2021-04-27 09:36:52,1342.9,525659
2021-04-27 09:36:53,1342.9,525941
2021-04-27 09:36:54,1343.0,525961
2021-04-27 09:36:55,1343.0,526120
2021-04-27 09:36:56,1343.1,526121
2021-04-27 09:36:57,1343.0,526131
2021-04-27 09:36:58,1343.1,526132
2021-04-27 09:36:59,1343.1,526132
2021-04-27 09:37:00,1342.9,527186
2021-04-27 09:37:01,1342.05,528672
2021-04-27 09:37:01,1342.05,528672
2021-04-27 09:37:03,1342.75,529026
2021-04-27 09:37:03,1342.75,529031
2021-04-27 09:37:05,1342.0,530132
2021-04-27 09:37:05,1342.75,530140
2021-04-27 09:37:07,1342.7,530226
2021-04-27 09:37:08,1342.15,530244
2021-04-27 09:37:09,1342.7,530254
2021-04-27 09:37:10,1342.65,530341
2021-04-27 09:37:11,1342.3,531573
2021-04-27 09:37:11,1342.35,531621
2021-04-27 09:37:12,1342.85,531782
2021-04-27 09:37:13,1342.85,531782
2021-04-27 09:37:14,1342.85,531782
2021-04-27 09:37:15,1342.3,531792
2021-04-27 09:37:17,1342.3,531792
2021-04-27 09:37:17,1342.3,531792
2021-04-27 09:37:18,1342.7,531802
2021-04-27 09:37:20,1342.7,531804
2021-04-27 09:37:21,1342.7,531815
2021-04-27 09:37:22,1342.7,531890
2021-04-27 09:37:23,1342.7,532223
2021-04-27 09:37:24,1342.75,532232
2021-04-27 09:37:25,1342.75,532235
2021-04-27 09:37:26,1342.7,532335
2021-04-27 09:37:27,1342.7,532597
2021-04-27 09:37:28,1342.7,533122
2021-04-27 09:37:29,1342.75,533260
2021-04-27 09:37:30,1342.3,534508
2021-04-27 09:37:31,1342.2,534666
2021-04-27 09:37:33,1342.3,534773
2021-04-27 09:37:34,1342.35,539037
2021-04-27 09:37:35,1342.7,539092
2021-04-27 09:37:36,1342.7,539092
2021-04-27 09:37:37,1342.45,539250
2021-04-27 09:37:38,1342.45,539389
2021-04-27 09:37:39,1342.45,539391
2021-04-27 09:37:40,1342.3,539516
2021-04-27 09:37:41,1342.45,539616
2021-04-27 09:37:42,1342.3,539619
2021-04-27 09:37:44,1342.2,539722
2021-04-27 09:37:45,1342.2,539780
2021-04-27 09:37:46,1342.45,540345
2021-04-27 09:37:46,1342.45,540345
2021-04-27 09:37:48,1342.45,540345
2021-04-27 09:37:50,1342.3,540853
2021-04-27 09:37:51,1342.3,541216
2021-04-27 09:37:52,1342.1,541540
2021-04-27 09:37:53,1342.0,541594
2021-04-27 09:37:54,1342.0,541594
2021-04-27 09:37:54,1342.0,541594
2021-04-27 09:37:55,1342.1,541679
2021-04-27 09:37:56,1342.2,541689
2021-04-27 09:37:57,1342.0,541903
2021-04-27 09:37:58,1342.15,542093
2021-04-27 09:37:59,1342.05,542123
2021-04-27 09:38:00,1342.05,542193
2021-04-27 09:38:04,1342.0,542630
2021-04-27 09:38:05,1342.0,542800
2021-04-27 09:38:06,1342.0,542800
2021-04-27 09:38:07,1342.05,543120
2021-04-27 09:38:08,1342.05,543121
2021-04-27 09:38:09,1342.05,543347
2021-04-27 09:38:10,1342.05,543347
2021-04-27 09:38:11,1342.0,543477
2021-04-27 09:38:12,1342.0,543499
2021-04-27 09:38:13,1342.05,543504
2021-04-27 09:38:14,1342.05,543546
2021-04-27 09:38:15,1342.0,543614
2021-04-27 09:38:16,1342.05,543619
2021-04-27 09:38:17,1342.05,543714
2021-04-27 09:38:18,1342.15,545031
2021-04-27 09:38:19,1342.0,545593
2021-04-27 09:38:20,1342.05,545603
2021-04-27 09:38:21,1342.05,545603
2021-04-27 09:38:22,1342.0,545862
2021-04-27 09:38:23,1342.0,545962
2021-04-27 09:38:24,1342.4,546066
2021-04-27 09:38:25,1342.05,546069
2021-04-27 09:38:26,1342.05,546344
2021-04-27 09:38:27,1342.45,546793
2021-04-27 09:38:28,1342.45,546846
2021-04-27 09:38:29,1342.45,546849
2021-04-27 09:38:30,1342.45,546869
2021-04-27 09:38:31,1342.45,546871
2021-04-27 09:38:32,1342.45,546933
2021-04-27 09:38:33,1342.45,546933
2021-04-27 09:38:34,1342.45,547298
2021-04-27 09:38:35,1342.3,547324
2021-04-27 09:38:36,1342.35,547329
2021-04-27 09:38:37,1342.45,547330
2021-04-27 09:38:38,1342.45,547330
2021-04-27 09:38:38,1342.45,547330
2021-04-27 09:38:40,1342.45,547802
2021-04-27 09:38:41,1342.3,547917
2021-04-27 09:38:42,1342.3,547936
2021-04-27 09:38:43,1342.3,547936
2021-04-27 09:38:44,1342.45,547966
2021-04-27 09:38:44,1342.45,547966
2021-04-27 09:38:46,1342.3,548037
2021-04-27 09:38:46,1342.45,548039
2021-04-27 09:38:48,1342.4,548041
2021-04-27 09:38:49,1342.35,548110
2021-04-27 09:38:49,1342.35,548070
2021-04-27 09:38:50,1342.35,548801
2021-04-27 09:38:51,1342.45,548803
2021-04-27 09:38:53,1342.45,548871
2021-04-27 09:38:54,1342.45,548871
2021-04-27 09:38:55,1342.4,548873
2021-04-27 09:38:56,1342.4,548873
2021-04-27 09:38:57,1342.4,548913
2021-04-27 09:38:58,1342.4,549082
2021-04-27 09:38:59,1342.45,549205
2021-04-27 09:39:00,1342.1,550582
2021-04-27 09:39:01,1342.2,550712
2021-04-27 09:39:02,1342.2,550712
2021-04-27 09:39:03,1342.4,550715
2021-04-27 09:39:04,1342.4,550719
2021-04-27 09:39:05,1342.4,550751
2021-04-27 09:39:06,1342.4,550803
2021-04-27 09:39:07,1342.4,550803
2021-04-27 09:39:08,1342.4,550862
2021-04-27 09:39:09,1342.3,550911
2021-04-27 09:39:10,1342.3,551026
2021-04-27 09:39:11,1342.3,551026
2021-04-27 09:39:12,1342.1,551055
2021-04-27 09:39:13,1342.25,551056
2021-04-27 09:39:14,1342.25,551063
2021-04-27 09:39:15,1342.25,551080
2021-04-27 09:39:16,1342.25,551200
2021-04-27 09:39:17,1342.25,552004
2021-04-27 09:39:18,1342.15,552005
2021-04-27 09:39:19,1342.15,552005
2021-04-27 09:39:20,1342.4,553346
2021-04-27 09:39:21,1342.4,554878
2021-04-27 09:39:22,1342.4,554878
2021-04-27 09:39:23,1342.25,555728
2021-04-27 09:39:24,1342.05,555778
2021-04-27 09:39:25,1342.1,555834
2021-04-27 09:39:26,1342.1,555834
2021-04-27 09:39:27,1342.1,555889
2021-04-27 09:39:28,1342.4,555960
2021-04-27 09:39:29,1342.4,555960
2021-04-27 09:39:30,1342.25,555978
2021-04-27 09:39:31,1342.25,555978
2021-04-27 09:39:32,1342.4,556588
2021-04-27 09:39:33,1342.45,556694
2021-04-27 09:39:34,1342.25,556715
2021-04-27 09:39:35,1342.25,556715
2021-04-27 09:39:36,1342.25,556715
2021-04-27 09:39:37,1343.0,558355
2021-04-27 09:39:38,1343.3,559928
2021-04-27 09:39:39,1343.5,560032
2021-04-27 09:39:40,1343.25,560062
2021-04-27 09:39:41,1343.2,560196
2021-04-27 09:39:42,1343.5,560207
2021-04-27 09:39:43,1343.0,560270
2021-04-27 09:39:44,1343.4,560272
2021-04-27 09:39:45,1343.4,560272
2021-04-27 09:39:46,1342.65,561324
2021-04-27 09:39:47,1342.7,561327
2021-04-27 09:39:48,1343.3,562418
2021-04-27 09:39:49,1343.3,562433
2021-04-27 09:39:50,1343.15,562443
2021-04-27 09:39:51,1342.7,562478
2021-04-27 09:39:53,1343.15,562582
2021-04-27 09:39:52,1343.15,562582
2021-04-27 09:39:54,1343.0,562884
2021-04-27 09:39:55,1343.1,563269
2021-04-27 09:39:56,1343.15,563467
2021-04-27 09:39:57,1342.6,563648
2021-04-27 09:39:58,1342.6,563664
2021-04-27 09:39:59,1342.6,563665
2021-04-27 09:40:00,1342.6,563719
2021-04-27 09:40:01,1342.6,563887
2021-04-27 09:40:02,1342.25,563940
2021-04-27 09:40:03,1342.6,563944
2021-04-27 09:40:04,1342.6,563944
2021-04-27 09:40:05,1342.6,564069
2021-04-27 09:40:06,1342.6,564069
2021-04-27 09:40:07,1342.55,564073
2021-04-27 09:40:08,1342.25,564126
2021-04-27 09:40:09,1342.55,564182
2021-04-27 09:40:10,1342.55,564182
2021-04-27 09:40:11,1342.55,564232
2021-04-27 09:40:12,1342.55,565526
2021-04-27 09:40:13,1342.55,565526
2021-04-27 09:40:14,1342.55,565631
2021-04-27 09:40:15,1342.6,565791
2021-04-27 09:40:16,1342.95,566797
2021-04-27 09:40:17,1342.3,566928
2021-04-27 09:40:18,1342.3,566928
2021-04-27 09:40:19,1342.15,567062
2021-04-27 09:40:20,1342.9,567998
2021-04-27 09:40:21,1342.3,568321
2021-04-27 09:40:27,1342.75,569114
2021-04-27 09:40:28,1342.1,569134
2021-04-27 09:40:29,1342.3,569139
2021-04-27 09:40:30,1342.15,569679
2021-04-27 09:40:31,1342.15,569679
2021-04-27 09:40:32,1341.25,576768
2021-04-27 09:40:33,1341.3,576886
2021-04-27 09:40:34,1341.35,577413
2021-04-27 09:40:35,1341.35,577423
2021-04-27 09:40:36,1341.25,577555
2021-04-27 09:40:37,1341.25,577917
2021-04-27 09:40:38,1341.25,578320
2021-04-27 09:40:39,1341.35,578488
2021-04-27 09:40:40,1341.25,578519
2021-04-27 09:40:41,1341.35,578576
2021-04-27 09:40:42,1341.25,579509
2021-04-27 09:40:43,1341.25,579527
2021-04-27 09:40:44,1341.2,579571
2021-04-27 09:40:48,1341.2,580022
2021-04-27 09:40:49,1341.2,580061
2021-04-27 09:40:50,1341.2,580085
2021-04-27 09:40:51,1341.1,580544
2021-04-27 09:40:52,1341.05,580695
2021-04-27 09:40:53,1341.2,580786
2021-04-27 09:40:54,1341.1,580809
2021-04-27 09:40:56,1341.1,581232
2021-04-27 09:40:57,1341.1,581302
2021-04-27 09:40:58,1341.05,581509
2021-04-27 09:40:59,1341.2,581540
2021-04-27 09:41:00,1341.1,582049
2021-04-27 09:41:02,1341.6,582065
2021-04-27 09:41:01,1341.6,582065
2021-04-27 09:41:03,1341.25,582128
2021-04-27 09:41:04,1341.2,582705
2021-04-27 09:41:05,1341.55,583655
2021-04-27 09:41:06,1341.55,583682
2021-04-27 09:41:07,1341.55,584011
2021-04-27 09:41:08,1341.5,584325
2021-04-27 09:41:09,1341.85,584500
2021-04-27 09:41:12,1341.6,584572
2021-04-27 09:41:14,1341.4,584947
2021-04-27 09:41:15,1341.8,585047
2021-04-27 09:41:16,1341.8,585057
2021-04-27 09:41:17,1341.6,585097
2021-04-27 09:41:18,1341.6,585103
2021-04-27 09:41:19,1341.8,585170
2021-04-27 09:41:23,1341.6,585243
2021-04-27 09:41:24,1341.8,585244
2021-04-27 09:41:25,1341.6,585970
2021-04-27 09:41:26,1341.55,585992
2021-04-27 09:41:27,1341.5,586006
2021-04-27 09:41:28,1341.55,586057
2021-04-27 09:41:29,1341.55,586067
2021-04-27 09:41:30,1341.55,586199
2021-04-27 09:41:31,1341.55,586199
2021-04-27 09:41:32,1341.45,586264
2021-04-27 09:41:33,1341.45,586354
2021-04-27 09:41:34,1341.45,586354
2021-04-27 09:41:35,1341.45,587912
2021-04-27 09:41:36,1341.6,587913
2021-04-27 09:41:37,1341.6,587925
2021-04-27 09:41:38,1341.6,588056
2021-04-27 09:41:39,1341.45,588557
2021-04-27 09:41:40,1341.6,588883
2021-04-27 09:41:41,1341.25,589736
2021-04-27 09:41:42,1341.6,589741
2021-04-27 09:41:43,1341.5,589745
2021-04-27 09:41:44,1341.65,589853
2021-04-27 09:41:45,1341.5,589863
2021-04-27 09:41:46,1341.65,589874
2021-04-27 09:41:47,1341.5,589979
2021-04-27 09:41:48,1341.5,589981
2021-04-27 09:41:49,1341.65,589983
2021-04-27 09:41:50,1341.65,589984
2021-04-27 09:41:51,1341.7,590196
2021-04-27 09:41:52,1341.7,590196
2021-04-27 09:41:53,1341.6,590401
2021-04-27 09:41:54,1341.6,590413
2021-04-27 09:41:55,1341.6,590434
2021-04-27 09:41:56,1341.6,590434
2021-04-27 09:41:57,1341.5,590642
2021-04-27 09:41:58,1341.3,590643
2021-04-27 09:41:59,1341.5,591144
2021-04-27 09:42:00,1341.5,591269
2021-04-27 09:42:01,1341.25,591389
2021-04-27 09:42:02,1341.15,591641
2021-04-27 09:42:03,1341.5,592549
2021-04-27 09:42:04,1341.1,592561
2021-04-27 09:42:05,1341.45,592678
2021-04-27 09:42:06,1341.45,592694
2021-04-27 09:42:07,1341.45,592695
2021-04-27 09:42:08,1341.25,592745
2021-04-27 09:42:09,1341.3,592753
2021-04-27 09:42:10,1341.4,592774
2021-04-27 09:42:11,1341.4,592974
2021-04-27 09:42:12,1341.3,592987
2021-04-27 09:42:13,1341.35,593030
2021-04-27 09:42:14,1341.1,593044
2021-04-27 09:42:15,1341.1,593104
2021-04-27 09:42:16,1341.3,593878
2021-04-27 09:42:17,1341.3,593978
2021-04-27 09:42:18,1341.3,593978
2021-04-27 09:42:19,1341.3,594081
2021-04-27 09:42:20,1341.3,594232
2021-04-27 09:42:22,1341.3,594373
2021-04-27 09:42:23,1341.3,594409
2021-04-27 09:42:24,1341.1,594764
2021-04-27 09:42:24,1341.1,594764
2021-04-27 09:42:26,1341.15,594938
2021-04-27 09:42:27,1341.3,595038
2021-04-27 09:42:28,1341.3,595038
2021-04-27 09:42:29,1341.3,595043
2021-04-27 09:42:29,1341.3,595043
2021-04-27 09:42:31,1341.3,595119
2021-04-27 09:42:32,1341.3,595120
2021-04-27 09:42:33,1341.3,595345
2021-04-27 09:42:34,1341.3,595410
2021-04-27 09:42:35,1341.3,595471
2021-04-27 09:42:36,1341.3,595681
2021-04-27 09:42:37,1341.2,595701
2021-04-27 09:42:38,1341.3,595856
2021-04-27 09:42:39,1341.3,595881
2021-04-27 09:42:40,1341.3,595996
2021-04-27 09:42:41,1341.3,595996
2021-04-27 09:42:42,1341.3,595996
2021-04-27 09:42:43,1341.3,595996
2021-04-27 09:42:44,1341.3,596106
2021-04-27 09:42:45,1341.3,596358
2021-04-27 09:42:46,1341.25,596395
2021-04-27 09:42:47,1341.3,597434
2021-04-27 09:42:48,1341.25,598143
2021-04-27 09:42:49,1341.25,598195
2021-04-27 09:42:50,1341.25,598195
2021-04-27 09:42:51,1341.2,598395
2021-04-27 09:42:54,1341.25,599381
2021-04-27 09:42:56,1341.25,599566
2021-04-27 09:42:57,1341.2,599818
2021-04-27 09:42:58,1341.25,600006
2021-04-27 09:42:59,1341.2,600055
2021-04-27 09:43:01,1341.15,600356
2021-04-27 09:43:02,1341.15,600461
2021-04-27 09:43:03,1341.05,601403
2021-04-27 09:43:04,1340.3,607755
2021-04-27 09:43:05,1340.25,607915
2021-04-27 09:43:05,1340.25,607915
2021-04-27 09:43:07,1340.8,608957
2021-04-27 09:43:08,1340.8,609022
2021-04-27 09:43:09,1340.8,609233
2021-04-27 09:43:10,1340.3,609461
2021-04-27 09:43:11,1340.15,609985
2021-04-27 09:43:12,1340.75,610239
2021-04-27 09:43:12,1340.3,610090
2021-04-27 09:43:14,1340.3,610450
2021-04-27 09:43:14,1340.3,610450
2021-04-27 09:43:15,1340.3,610506
2021-04-27 09:43:16,1340.75,610518
2021-04-27 09:43:17,1340.3,610584
2021-04-27 09:43:19,1340.7,610698
2021-04-27 09:43:21,1340.25,610948
2021-04-27 09:43:22,1340.6,610998
2021-04-27 09:43:24,1340.25,611086
2021-04-27 09:43:25,1340.6,611106
2021-04-27 09:43:26,1340.5,611774
2021-04-27 09:43:26,1340.5,611807
2021-04-27 09:43:27,1340.25,611944
2021-04-27 09:43:28,1340.25,611944
2021-04-27 09:43:29,1340.5,612064
2021-04-27 09:43:30,1340.5,612168
2021-04-27 09:43:31,1340.6,613657
2021-04-27 09:43:32,1340.35,613833
2021-04-27 09:43:33,1340.5,613963
2021-04-27 09:43:34,1340.5,614028
2021-04-27 09:43:35,1340.7,614998
2021-04-27 09:43:36,1340.75,615979
2021-04-27 09:43:37,1340.75,615979
2021-04-27 09:43:38,1340.7,616066
2021-04-27 09:43:39,1341.15,616116
2021-04-27 09:43:40,1341.15,616245
2021-04-27 09:43:41,1341.0,616337
2021-04-27 09:43:42,1341.0,616440
2021-04-27 09:43:43,1341.0,616716
2021-04-27 09:43:44,1341.0,616766
2021-04-27 09:43:45,1341.0,616771
2021-04-27 09:43:46,1341.0,616806
2021-04-27 09:43:47,1340.7,617312
2021-04-27 09:43:49,1340.7,617312
2021-04-27 09:43:49,1340.7,617312
2021-04-27 09:43:50,1340.95,617316
2021-04-27 09:43:51,1340.95,617367
2021-04-27 09:43:52,1340.7,617368
2021-04-27 09:43:54,1340.95,617652
2021-04-27 09:43:55,1340.95,618256
2021-04-27 09:43:56,1340.7,618302
2021-04-27 09:43:57,1340.9,618694
2021-04-27 09:43:58,1340.85,618710
2021-04-27 09:43:59,1340.65,618764
2021-04-27 09:44:00,1340.85,618796
2021-04-27 09:44:01,1340.85,619219
2021-04-27 09:44:02,1340.85,619249
2021-04-27 09:44:03,1340.85,619959
2021-04-27 09:44:04,1340.85,620129
2021-04-27 09:44:05,1340.85,621651
2021-04-27 09:44:05,1340.8,621686
2021-04-27 09:44:06,1340.85,622098
2021-04-27 09:44:08,1341.3,622767
2021-04-27 09:44:08,1341.3,622767
2021-04-27 09:44:09,1341.25,623079
2021-04-27 09:44:10,1341.25,623228
2021-04-27 09:44:11,1341.0,623258
2021-04-27 09:44:12,1341.25,623310
2021-04-27 09:44:13,1341.05,623440
2021-04-27 09:44:14,1341.05,623440
2021-04-27 09:44:15,1341.3,624111
2021-04-27 09:44:16,1341.25,624372
2021-04-27 09:44:17,1341.25,624372
2021-04-27 09:44:18,1341.3,624374
2021-04-27 09:44:19,1341.25,625148
2021-04-27 09:44:20,1341.25,625148
2021-04-27 09:44:21,1341.25,625148
2021-04-27 09:44:22,1341.25,625230
2021-04-27 09:44:23,1341.25,625322
2021-04-27 09:44:24,1341.25,625352
2021-04-27 09:44:25,1341.25,625372
2021-04-27 09:44:26,1341.2,625385
2021-04-27 09:44:28,1341.3,625625
2021-04-27 09:44:29,1341.15,625688
2021-04-27 09:44:29,1341.6,626188
2021-04-27 09:44:30,1341.6,626188
2021-04-27 09:44:32,1341.2,626413
2021-04-27 09:44:31,1341.2,626363
2021-04-27 09:44:33,1341.2,626454
2021-04-27 09:44:34,1341.2,626454
2021-04-27 09:44:35,1341.5,626509
2021-04-27 09:44:36,1341.5,626561
2021-04-27 09:44:37,1341.5,626561
2021-04-27 09:44:38,1341.5,627572
2021-04-27 09:44:39,1341.4,627798
2021-04-27 09:44:40,1341.35,628056
2021-04-27 09:44:41,1341.35,628094
2021-04-27 09:44:42,1341.5,628711
2021-04-27 09:44:43,1341.5,628716
2021-04-27 09:44:44,1341.3,629051
2021-04-27 09:44:45,1341.5,629439
2021-04-27 09:44:46,1341.85,629619
2021-04-27 09:44:47,1341.5,629918
2021-04-27 09:44:48,1341.85,630520
2021-04-27 09:44:49,1341.85,630625
2021-04-27 09:44:50,1341.55,630626
2021-04-27 09:44:52,1342.0,631927
2021-04-27 09:44:53,1342.0,631927
2021-04-27 09:44:54,1342.0,631927
2021-04-27 09:44:55,1342.0,632170
2021-04-27 09:44:56,1342.0,632192
2021-04-27 09:44:57,1342.0,633717
2021-04-27 09:44:58,1342.4,633992
2021-04-27 09:44:58,1342.4,633992
2021-04-27 09:44:59,1342.45,634002
2021-04-27 09:45:00,1342.45,634357
2021-04-27 09:45:01,1342.05,634378
2021-04-27 09:45:02,1342.45,634418
2021-04-27 09:45:03,1342.45,634615
2021-04-27 09:45:04,1342.45,634615
2021-04-27 09:45:05,1342.45,634640
2021-04-27 09:45:06,1342.0,634707
2021-04-27 09:45:07,1341.8,639714
2021-04-27 09:45:08,1342.0,640556
2021-04-27 09:45:09,1342.05,640566
2021-04-27 09:45:10,1342.05,640998
2021-04-27 09:45:11,1342.05,641343
2021-04-27 09:45:12,1342.05,641547
2021-04-27 09:45:13,1341.65,641878
2021-04-27 09:45:14,1341.65,642213
2021-04-27 09:45:15,1341.7,642222
2021-04-27 09:45:16,1341.8,643591
2021-04-27 09:45:17,1341.8,643591
2021-04-27 09:45:18,1341.45,643597
2021-04-27 09:45:19,1341.85,643987
2021-04-27 09:45:20,1341.8,644088
2021-04-27 09:45:21,1341.8,644108
2021-04-27 09:45:22,1341.8,644164
2021-04-27 09:45:23,1341.8,644174
2021-04-27 09:45:24,1341.8,644344
2021-04-27 09:45:26,1341.85,644688
2021-04-27 09:45:27,1342.0,644993
2021-04-27 09:45:28,1341.95,645003
2021-04-27 09:45:29,1341.95,645003
2021-04-27 09:45:30,1341.45,645105
2021-04-27 09:45:30,1341.95,645126
2021-04-27 09:45:31,1341.95,645137
2021-04-27 09:45:33,1341.95,645153
2021-04-27 09:45:34,1341.95,645179
2021-04-27 09:45:35,1341.95,645179
2021-04-27 09:45:36,1341.95,645219
2021-04-27 09:45:37,1341.95,645339
2021-04-27 09:45:38,1341.95,645343
2021-04-27 09:45:39,1341.95,645373
2021-04-27 09:45:40,1341.8,645522
2021-04-27 09:45:41,1341.95,645722
2021-04-27 09:45:41,1341.95,645722
2021-04-27 09:45:43,1341.95,646341
2021-04-27 09:45:44,1342.0,646476
2021-04-27 09:45:44,1342.0,646538
2021-04-27 09:45:45,1342.0,646538
2021-04-27 09:45:46,1342.0,647049
2021-04-27 09:45:47,1342.0,647377
2021-04-27 09:45:48,1342.25,647800
2021-04-27 09:45:49,1341.8,647851
2021-04-27 09:45:50,1342.0,647852
2021-04-27 09:45:51,1342.0,647884
2021-04-27 09:45:52,1342.0,648266
2021-04-27 09:45:53,1342.0,648266
2021-04-27 09:45:54,1342.25,648316
2021-04-27 09:45:55,1342.0,648321
2021-04-27 09:45:57,1342.0,648346
2021-04-27 09:45:58,1342.0,648346
2021-04-27 09:45:59,1342.3,648849
2021-04-27 09:46:00,1342.25,648877
2021-04-27 09:46:01,1342.2,648937
2021-04-27 09:46:02,1342.0,648957
2021-04-27 09:46:03,1342.0,648957
2021-04-27 09:46:04,1342.2,649008
2021-04-27 09:46:04,1342.2,649008
2021-04-27 09:46:05,1342.2,649008
2021-04-27 09:46:06,1342.05,649033
2021-04-27 09:46:07,1342.15,649133
2021-04-27 09:46:08,1342.15,649458
2021-04-27 09:46:09,1342.2,649494
2021-04-27 09:46:10,1342.2,649787
2021-04-27 09:46:12,1342.2,649787
2021-04-27 09:46:13,1342.2,649794
2021-04-27 09:46:14,1342.2,649794
2021-04-27 09:46:15,1342.25,650572
2021-04-27 09:46:16,1342.25,650572
2021-04-27 09:46:16,1342.3,650623
2021-04-27 09:46:18,1342.3,650629
2021-04-27 09:46:19,1342.3,650631
2021-04-27 09:46:19,1342.3,650631
2021-04-27 09:46:21,1342.25,650683
2021-04-27 09:46:22,1342.3,650693
2021-04-27 09:46:23,1342.3,650816
2021-04-27 09:46:24,1342.3,650816
2021-04-27 09:46:25,1342.3,650816
2021-04-27 09:46:26,1342.3,650851
2021-04-27 09:46:26,1342.45,650861
2021-04-27 09:46:27,1342.45,650861
2021-04-27 09:46:28,1342.45,650916
2021-04-27 09:46:29,1342.45,650923
2021-04-27 09:46:30,1342.45,650954
2021-04-27 09:46:31,1342.3,650955
2021-04-27 09:46:32,1342.3,650956
2021-04-27 09:46:33,1342.25,651239
2021-04-27 09:46:34,1342.3,651240
2021-04-27 09:46:36,1342.3,651261
2021-04-27 09:46:36,1342.3,651261
2021-04-27 09:46:37,1342.25,651274
2021-04-27 09:46:39,1342.3,651484
2021-04-27 09:46:40,1342.3,651840
2021-04-27 09:46:41,1342.35,651901
2021-04-27 09:46:42,1342.35,652031
2021-04-27 09:46:43,1342.45,652274
2021-04-27 09:46:43,1342.35,652031
2021-04-27 09:46:44,1342.35,652372
2021-04-27 09:46:45,1342.35,652372
2021-04-27 09:46:47,1342.5,652382
2021-04-27 09:46:48,1342.35,652499
2021-04-27 09:46:49,1342.25,652599
2021-04-27 09:46:50,1342.25,652605
2021-04-27 09:46:51,1342.35,652775
2021-04-27 09:46:52,1342.4,652786
2021-04-27 09:46:53,1342.4,652849
2021-04-27 09:46:54,1342.4,652995
2021-04-27 09:46:55,1342.4,652998
2021-04-27 09:46:56,1342.4,652998
2021-04-27 09:46:57,1342.4,652998
2021-04-27 09:46:58,1342.5,653452
2021-04-27 09:46:59,1342.5,653542
2021-04-27 09:47:00,1342.45,654281
2021-04-27 09:47:01,1342.45,654779
2021-04-27 09:47:02,1342.5,654827
2021-04-27 09:47:03,1342.5,655039
2021-04-27 09:47:04,1342.5,655133
2021-04-27 09:47:05,1342.4,655142
2021-04-27 09:47:06,1342.5,655162
2021-04-27 09:47:07,1342.35,655354
2021-04-27 09:47:08,1342.45,655416
2021-04-27 09:47:09,1342.45,655431
2021-04-27 09:47:10,1342.45,655432
2021-04-27 09:47:11,1342.45,655432
2021-04-27 09:47:12,1342.45,655442
2021-04-27 09:47:12,1342.45,655442
2021-04-27 09:47:13,1342.45,655443
2021-04-27 09:47:14,1342.45,655543
2021-04-27 09:47:15,1342.45,655657
2021-04-27 09:47:17,1342.45,655760
2021-04-27 09:47:18,1342.45,655980
2021-04-27 09:47:19,1342.4,656034
2021-04-27 09:47:21,1342.4,656045
2021-04-27 09:47:21,1342.35,656616
2021-04-27 09:47:22,1342.3,657367
2021-04-27 09:47:23,1342.3,657524
2021-04-27 09:47:24,1342.3,657554
2021-04-27 09:47:25,1342.3,657593
2021-04-27 09:47:27,1342.45,657999
2021-04-27 09:47:28,1342.35,658127
2021-04-27 09:47:29,1342.35,658256
2021-04-27 09:47:30,1342.35,658270
2021-04-27 09:47:31,1342.35,658281
2021-04-27 09:47:32,1342.35,658282
2021-04-27 09:47:33,1342.3,658283
2021-04-27 09:47:33,1342.25,658285
2021-04-27 09:47:34,1342.25,658285
2021-04-27 09:47:35,1342.25,658433
2021-04-27 09:47:36,1342.25,658460
2021-04-27 09:47:37,1342.25,658465
2021-04-27 09:47:38,1342.25,658701
2021-04-27 09:47:40,1342.35,659410
2021-04-27 09:47:40,1342.5,659579
2021-04-27 09:47:41,1342.5,660091
2021-04-27 09:47:42,1342.75,660486
2021-04-27 09:47:43,1342.45,660501
2021-04-27 09:47:44,1342.45,660501
2021-04-27 09:47:45,1342.45,661022
2021-04-27 09:47:47,1342.45,661022
2021-04-27 09:47:48,1342.35,661031
2021-04-27 09:47:49,1342.4,661131
2021-04-27 09:47:50,1342.45,661562
2021-04-27 09:47:51,1342.75,661747
2021-04-27 09:47:52,1342.7,661826
2021-04-27 09:47:53,1343.5,663576
2021-04-27 09:47:54,1343.6,665011
2021-04-27 09:47:55,1343.5,665111
2021-04-27 09:47:56,1343.05,665236
2021-04-27 09:47:56,1343.05,665362
2021-04-27 09:47:57,1343.05,665459
2021-04-27 09:47:59,1343.6,665697
2021-04-27 09:48:00,1343.45,665700
2021-04-27 09:48:00,1343.05,665699
2021-04-27 09:48:02,1343.45,665700
2021-04-27 09:48:03,1343.1,665701
2021-04-27 09:48:03,1343.1,665701
2021-04-27 09:48:05,1343.45,665804
2021-04-27 09:48:06,1343.45,665816
2021-04-27 09:48:07,1343.45,665816
2021-04-27 09:48:08,1343.2,665836
2021-04-27 09:48:09,1343.3,665858
2021-04-27 09:48:09,1343.3,666458
2021-04-27 09:48:10,1343.4,666673
2021-04-27 09:48:11,1343.4,666746
2021-04-27 09:48:13,1343.4,666880
2021-04-27 09:48:15,1343.4,666890
2021-04-27 09:48:17,1343.25,666994
2021-04-27 09:48:18,1343.05,667149
2021-04-27 09:48:19,1343.05,667204
2021-04-27 09:48:20,1343.4,667730
2021-04-27 09:48:21,1343.45,667758
2021-04-27 09:48:22,1343.45,667820
2021-04-27 09:48:23,1343.45,667938
2021-04-27 09:48:24,1343.45,667951
2021-04-27 09:48:25,1343.45,668151
2021-04-27 09:48:26,1343.45,668491
2021-04-27 09:48:27,1343.45,669036
2021-04-27 09:48:28,1343.5,669122
2021-04-27 09:48:29,1343.45,669301
2021-04-27 09:48:30,1343.45,669377
2021-04-27 09:48:31,1343.7,669388
2021-04-27 09:48:32,1343.7,669592
2021-04-27 09:48:33,1343.55,669684
2021-04-27 09:48:34,1343.7,669724
2021-04-27 09:48:35,1343.6,669830
2021-04-27 09:48:36,1343.55,669900
2021-04-27 09:48:37,1343.7,670141
2021-04-27 09:48:39,1343.7,670226
2021-04-27 09:48:40,1343.9,670339
2021-04-27 09:48:41,1343.9,670477
2021-04-27 09:48:42,1344.3,671492
2021-04-27 09:48:44,1343.6,672429
2021-04-27 09:48:45,1344.1,672731
2021-04-27 09:48:46,1344.1,672733
2021-04-27 09:48:47,1343.95,672744
2021-04-27 09:48:48,1344.1,672801
2021-04-27 09:48:49,1343.95,672809
2021-04-27 09:48:50,1343.95,672809
2021-04-27 09:48:51,1344.0,672834
2021-04-27 09:48:52,1344.0,672899
2021-04-27 09:48:53,1343.95,672952
2021-04-27 09:48:54,1344.0,672958
2021-04-27 09:48:55,1344.0,673010
2021-04-27 09:48:56,1344.0,673055
2021-04-27 09:48:57,1344.0,673055
2021-04-27 09:48:58,1344.0,673095
2021-04-27 09:48:59,1344.0,673433
2021-04-27 09:49:00,1344.0,673716
2021-04-27 09:49:01,1343.85,673776
2021-04-27 09:49:02,1343.9,673890
2021-04-27 09:49:03,1343.9,674157
2021-04-27 09:49:04,1343.9,674420
2021-04-27 09:49:05,1343.9,674549
2021-04-27 09:49:06,1343.85,674573
2021-04-27 09:49:07,1343.9,674773
2021-04-27 09:49:08,1343.8,675118
2021-04-27 09:49:09,1343.9,675219
2021-04-27 09:49:10,1343.8,675254
2021-04-27 09:49:11,1343.9,675257
2021-04-27 09:49:12,1343.9,675257
2021-04-27 09:49:13,1343.9,676511
2021-04-27 09:49:14,1344.0,676904
2021-04-27 09:49:15,1344.0,676932
2021-04-27 09:49:16,1343.95,676996
2021-04-27 09:49:17,1343.95,677003
2021-04-27 09:49:18,1343.95,677003
2021-04-27 09:49:19,1343.9,677424
2021-04-27 09:49:20,1344.0,677495
2021-04-27 09:49:21,1344.0,677522
2021-04-27 09:49:22,1344.0,677530
2021-04-27 09:49:23,1344.0,677530
2021-04-27 09:49:24,1344.0,677542
2021-04-27 09:49:25,1344.0,677565
2021-04-27 09:49:26,1344.0,677585
2021-04-27 09:49:27,1343.95,677694
2021-04-27 09:49:28,1344.0,677746
2021-04-27 09:49:29,1344.0,677746
2021-04-27 09:49:30,1344.0,678162
2021-04-27 09:49:31,1344.0,678162
2021-04-27 09:49:32,1344.0,678177
2021-04-27 09:49:33,1343.6,678229
2021-04-27 09:49:34,1344.0,678239
2021-04-27 09:49:35,1343.6,678282
2021-04-27 09:49:36,1343.55,678807
2021-04-27 09:49:38,1343.5,686783
2021-04-27 09:49:39,1343.5,686785
2021-04-27 09:49:40,1343.5,687235
2021-04-27 09:49:41,1343.5,687323
2021-04-27 09:49:42,1343.5,687530
2021-04-27 09:49:43,1343.15,687777
2021-04-27 09:49:45,1343.5,688169
2021-04-27 09:49:46,1343.5,688357
2021-04-27 09:49:47,1343.5,688411
2021-04-27 09:49:48,1343.2,688413
2021-04-27 09:49:49,1343.5,688438
2021-04-27 09:49:50,1343.5,688460
2021-04-27 09:49:51,1343.5,688480
2021-04-27 09:49:52,1343.2,688519
2021-04-27 09:49:53,1343.2,688770
2021-04-27 09:49:54,1343.2,688868
2021-04-27 09:49:55,1343.2,688868
2021-04-27 09:49:56,1343.65,688968
2021-04-27 09:49:57,1343.7,689011
2021-04-27 09:49:58,1343.1,689050
2021-04-27 09:49:59,1343.7,689066
2021-04-27 09:50:00,1343.7,689066
2021-04-27 09:50:01,1343.7,689067
2021-04-27 09:50:01,1343.7,689067
2021-04-27 09:50:02,1343.7,689068
2021-04-27 09:50:04,1343.7,689133
2021-04-27 09:50:05,1343.7,689169
2021-04-27 09:50:06,1343.7,689172
2021-04-27 09:50:07,1343.5,689215
2021-04-27 09:50:08,1343.65,689758
2021-04-27 09:50:09,1343.65,689988
2021-04-27 09:50:10,1343.65,689991
2021-04-27 09:50:11,1343.65,690066
2021-04-27 09:50:12,1343.65,690298
2021-04-27 09:50:13,1343.65,690298
2021-04-27 09:50:14,1343.65,690416
2021-04-27 09:50:15,1343.5,690446
2021-04-27 09:50:16,1343.65,690562
2021-04-27 09:50:17,1343.65,690582
2021-04-27 09:50:18,1343.7,690749
2021-04-27 09:50:19,1343.7,690809
2021-04-27 09:50:20,1343.7,691645
2021-04-27 09:50:21,1343.95,691980
2021-04-27 09:50:22,1343.95,692138
2021-04-27 09:50:23,1343.95,692366
2021-04-27 09:50:24,1344.0,692439
2021-04-27 09:50:25,1343.9,692449
2021-04-27 09:50:26,1343.9,692523
2021-04-27 09:50:27,1343.9,692563
2021-04-27 09:50:28,1344.0,692979
2021-04-27 09:50:29,1344.0,693181
2021-04-27 09:50:30,1344.0,693247
2021-04-27 09:50:31,1344.1,696998
2021-04-27 09:50:32,1344.4,697022
2021-04-27 09:50:33,1344.4,698391
2021-04-27 09:50:34,1344.5,698644
2021-04-27 09:50:35,1344.5,698809
2021-04-27 09:50:36,1344.5,698809
2021-04-27 09:50:37,1344.5,699035
2021-04-27 09:50:38,1344.5,699326
2021-04-27 09:50:39,1344.5,699423
2021-04-27 09:50:40,1344.4,699552
2021-04-27 09:50:41,1344.5,699912
2021-04-27 09:50:42,1344.95,700168
2021-04-27 09:50:43,1344.95,700198
2021-04-27 09:50:44,1344.85,700273
2021-04-27 09:50:45,1344.8,700291
2021-04-27 09:50:46,1344.8,700298
2021-04-27 09:50:47,1344.8,700676
2021-04-27 09:50:48,1344.8,700744
2021-04-27 09:50:49,1344.8,700806
2021-04-27 09:50:50,1344.8,701992
2021-04-27 09:50:51,1344.8,702447
2021-04-27 09:50:52,1344.8,702467
2021-04-27 09:50:53,1345.0,702676
2021-04-27 09:50:54,1345.0,702676
2021-04-27 09:50:55,1345.0,703696
2021-04-27 09:50:56,1345.0,703943
2021-04-27 09:50:57,1345.0,704092
2021-04-27 09:50:58,1345.0,704120
2021-04-27 09:50:59,1345.0,704295
2021-04-27 09:51:00,1344.95,704369
2021-04-27 09:51:01,1344.95,704932
2021-04-27 09:51:02,1344.8,704982
2021-04-27 09:51:03,1345.0,705090
2021-04-27 09:51:04,1345.0,705181
2021-04-27 09:51:06,1344.9,705245
2021-04-27 09:51:07,1344.9,705353
2021-04-27 09:51:08,1344.9,705479
2021-04-27 09:51:09,1344.9,705666
2021-04-27 09:51:10,1344.7,706262
2021-04-27 09:51:11,1344.7,706272
2021-04-27 09:51:12,1344.9,706564
2021-04-27 09:51:13,1344.9,707139
2021-04-27 09:51:14,1344.9,707262
2021-04-27 09:51:15,1344.95,707287
2021-04-27 09:51:16,1344.95,708410
2021-04-27 09:51:17,1344.95,708822
2021-04-27 09:51:18,1344.95,708822
2021-04-27 09:51:19,1344.9,708842
2021-04-27 09:51:20,1344.8,708919
2021-04-27 09:51:21,1345.0,709098
2021-04-27 09:51:22,1344.9,709103
2021-04-27 09:51:23,1344.9,709193
2021-04-27 09:51:24,1345.0,709813
2021-04-27 09:51:25,1344.95,710334
2021-04-27 09:51:26,1344.95,710341
2021-04-27 09:51:27,1344.9,710381
2021-04-27 09:51:28,1344.9,710403
2021-04-27 09:51:29,1344.9,710407
2021-04-27 09:51:30,1344.9,710658
2021-04-27 09:51:31,1344.95,710708
2021-04-27 09:51:32,1344.9,710710
2021-04-27 09:51:33,1344.95,710842
2021-04-27 09:51:34,1344.95,710869
2021-04-27 09:51:35,1344.95,710881
2021-04-27 09:51:36,1344.95,710981
2021-04-27 09:51:37,1344.9,711031
2021-04-27 09:51:38,1344.95,711038
2021-04-27 09:51:39,1344.95,711260
2021-04-27 09:51:40,1344.95,711380
2021-04-27 09:51:41,1344.9,711882
2021-04-27 09:51:42,1344.9,712064
2021-04-27 09:51:43,1344.95,712970
2021-04-27 09:51:44,1344.95,713058
2021-04-27 09:51:45,1344.9,713417
2021-04-27 09:51:47,1344.85,713505
2021-04-27 09:51:48,1344.9,713745
2021-04-27 09:51:49,1345.15,718255
2021-04-27 09:51:50,1345.0,718791
2021-04-27 09:51:51,1344.95,719092
2021-04-27 09:51:53,1345.35,719118
2021-04-27 09:51:52,1344.95,719092
2021-04-27 09:51:54,1345.35,719219
2021-04-27 09:51:55,1345.35,719370
2021-04-27 09:51:57,1345.35,719650
2021-04-27 09:51:56,1345.0,719570
2021-04-27 09:51:58,1345.0,719652
2021-04-27 09:51:59,1345.35,719662
2021-04-27 09:52:00,1345.35,720165
2021-04-27 09:52:01,1344.9,720707
2021-04-27 09:52:02,1344.9,720707
2021-04-27 09:52:03,1345.0,720722
2021-04-27 09:52:05,1345.35,720812
2021-04-27 09:52:04,1345.35,720731
2021-04-27 09:52:06,1345.35,720813
2021-04-27 09:52:07,1345.0,720998
2021-04-27 09:52:08,1345.0,721101
2021-04-27 09:52:09,1345.0,721257
2021-04-27 09:52:10,1345.0,721258
2021-04-27 09:52:11,1345.0,721269
2021-04-27 09:52:12,1345.0,721350
2021-04-27 09:52:13,1345.0,721356
2021-04-27 09:52:14,1345.0,721356
2021-04-27 09:52:15,1345.0,721641
2021-04-27 09:52:16,1345.0,721707
2021-04-27 09:52:17,1345.45,722927
2021-04-27 09:52:19,1345.45,722927
2021-04-27 09:52:18,1345.45,722927
2021-04-27 09:52:20,1345.45,722927
2021-04-27 09:52:21,1345.45,722927
2021-04-27 09:52:22,1345.4,722943
2021-04-27 09:52:23,1345.4,722943
2021-04-27 09:52:24,1345.2,722995
2021-04-27 09:52:25,1345.0,723259
2021-04-27 09:52:26,1344.9,724261
2021-04-27 09:52:27,1345.2,724276
2021-04-27 09:52:28,1345.2,724286
2021-04-27 09:52:29,1345.0,724301
2021-04-27 09:52:30,1345.2,724311
2021-04-27 09:52:31,1345.0,724372
2021-04-27 09:52:33,1345.2,724590
2021-04-27 09:52:35,1345.0,724658
2021-04-27 09:52:35,1345.0,724658
2021-04-27 09:52:36,1345.2,724724
2021-04-27 09:52:37,1345.0,724734
2021-04-27 09:52:38,1345.0,724734
2021-04-27 09:52:39,1345.15,724835
2021-04-27 09:52:40,1345.15,724949
2021-04-27 09:52:41,1345.0,725859
2021-04-27 09:52:42,1345.0,725967
2021-04-27 09:52:43,1345.15,726018
2021-04-27 09:52:44,1345.0,726019
2021-04-27 09:52:45,1345.1,726033
2021-04-27 09:52:46,1345.1,726083
2021-04-27 09:52:48,1344.8,727896
2021-04-27 09:52:48,1344.7,727988
2021-04-27 09:52:49,1344.75,727991
2021-04-27 09:52:50,1344.75,728055
2021-04-27 09:52:52,1344.4,728205
2021-04-27 09:52:53,1344.25,728262
2021-04-27 09:52:54,1344.25,728267
2021-04-27 09:52:55,1344.75,728859
2021-04-27 09:52:56,1345.0,729302
2021-04-27 09:52:57,1344.35,729472
2021-04-27 09:52:58,1344.95,729473
2021-04-27 09:52:59,1344.95,729520
2021-04-27 09:53:00,1345.0,729595
2021-04-27 09:53:01,1345.0,729595
2021-04-27 09:53:02,1344.95,729725
2021-04-27 09:53:03,1344.85,729745
2021-04-27 09:53:04,1344.85,729745
2021-04-27 09:53:05,1345.0,729953
2021-04-27 09:53:06,1345.0,729967
2021-04-27 09:53:07,1345.0,729968
2021-04-27 09:53:08,1344.55,730029
2021-04-27 09:53:09,1345.0,730244
2021-04-27 09:53:10,1344.55,730261
2021-04-27 09:53:11,1344.95,730271
2021-04-27 09:53:12,1344.95,730271
2021-04-27 09:53:13,1344.9,730281
2021-04-27 09:53:15,1344.9,730483
2021-04-27 09:53:15,1344.9,730483
2021-04-27 09:53:16,1344.9,730569
2021-04-27 09:53:17,1344.9,730572
2021-04-27 09:53:18,1344.9,730575
2021-04-27 09:53:19,1344.5,731064
2021-04-27 09:53:20,1344.55,731621
2021-04-27 09:53:21,1344.9,731787
2021-04-27 09:53:22,1344.55,732067
2021-04-27 09:53:23,1344.55,732251
2021-04-27 09:53:24,1344.9,732334
2021-04-27 09:53:25,1344.9,732342
2021-04-27 09:53:26,1344.5,732350
2021-04-27 09:53:27,1344.55,733038
2021-04-27 09:53:28,1345.0,733098
2021-04-27 09:53:30,1345.0,733153
2021-04-27 09:53:30,1345.0,733153
2021-04-27 09:53:31,1345.0,733204
2021-04-27 09:53:32,1345.0,733204
2021-04-27 09:53:33,1344.6,733214
2021-04-27 09:53:34,1344.6,733214
2021-04-27 09:53:35,1344.95,733507
2021-04-27 09:53:36,1344.9,733512
2021-04-27 09:53:38,1345.0,733774
2021-04-27 09:53:39,1344.5,733958
2021-04-27 09:53:40,1344.9,734066
2021-04-27 09:53:41,1344.9,734066
2021-04-27 09:53:43,1344.7,734069
2021-04-27 09:53:45,1344.9,734072
2021-04-27 09:53:46,1344.9,734072
2021-04-27 09:53:46,1344.9,734072
2021-04-27 09:53:47,1344.8,734083
2021-04-27 09:53:48,1344.7,734085
2021-04-27 09:53:49,1344.8,734135
2021-04-27 09:53:50,1344.8,734191
2021-04-27 09:53:51,1344.8,734278
2021-04-27 09:53:52,1344.8,734278
2021-04-27 09:53:53,1344.65,734499
2021-04-27 09:53:54,1344.65,734522
2021-04-27 09:53:55,1344.65,734522
2021-04-27 09:53:56,1344.7,734571
2021-04-27 09:53:57,1344.7,734572
2021-04-27 09:53:58,1344.7,734572
2021-04-27 09:53:59,1344.55,734578
2021-04-27 09:54:00,1344.55,734596
2021-04-27 09:54:01,1344.55,734704
2021-04-27 09:54:02,1344.7,734907
2021-04-27 09:54:03,1344.7,734971
2021-04-27 09:54:04,1344.65,735077
2021-04-27 09:54:05,1344.7,735263
2021-04-27 09:54:06,1344.75,736200
2021-04-27 09:54:07,1344.65,736588
2021-04-27 09:54:08,1344.85,736594
2021-04-27 09:54:09,1344.85,736594
2021-04-27 09:54:10,1344.85,736739
2021-04-27 09:54:12,1344.85,736805
2021-04-27 09:54:14,1344.85,736805
2021-04-27 09:54:14,1344.85,736805
2021-04-27 09:54:15,1345.0,737904
2021-04-27 09:54:16,1345.0,738054
2021-04-27 09:54:17,1345.0,738353
2021-04-27 09:54:19,1345.0,738355
2021-04-27 09:54:21,1344.75,738359
2021-04-27 09:54:22,1344.95,738409
2021-04-27 09:54:23,1344.95,738431
2021-04-27 09:54:24,1344.95,738431
2021-04-27 09:54:26,1344.95,738507
2021-04-27 09:54:26,1344.95,738481
2021-04-27 09:54:28,1344.75,738519
2021-04-27 09:54:28,1344.95,738625
2021-04-27 09:54:31,1344.8,738719
2021-04-27 09:54:32,1344.7,739470
2021-04-27 09:54:33,1344.95,739778
2021-04-27 09:54:34,1344.95,739779
2021-04-27 09:54:35,1344.95,739779
2021-04-27 09:54:36,1344.7,739830
2021-04-27 09:54:37,1345.0,740334
2021-04-27 09:54:38,1345.0,740334
2021-04-27 09:54:39,1345.0,740464
2021-04-27 09:54:40,1345.0,740464
2021-04-27 09:54:41,1345.0,740464
2021-04-27 09:54:42,1345.0,740464
2021-04-27 09:54:43,1345.0,740464
2021-04-27 09:54:44,1344.95,740519
2021-04-27 09:54:45,1344.95,740620
2021-04-27 09:54:48,1344.95,740999
2021-04-27 09:54:49,1345.0,741104
2021-04-27 09:54:49,1345.0,741104
2021-04-27 09:54:50,1345.0,741104
2021-04-27 09:54:51,1344.85,741124
2021-04-27 09:54:52,1345.0,741144
2021-04-27 09:54:53,1344.95,741150
2021-04-27 09:54:54,1344.95,741163
2021-04-27 09:54:55,1344.95,741163
2021-04-27 09:54:56,1344.95,741234
2021-04-27 09:54:57,1345.0,741517
2021-04-27 09:54:59,1344.95,741672
2021-04-27 09:55:00,1344.95,741887
2021-04-27 09:55:00,1344.95,741988
2021-04-27 09:55:01,1344.95,742199
2021-04-27 09:55:03,1344.95,742299
2021-04-27 09:55:04,1344.95,742571
2021-04-27 09:55:05,1344.95,742685
2021-04-27 09:55:06,1344.85,743087
2021-04-27 09:55:06,1344.85,743087
2021-04-27 09:55:07,1344.9,743259
2021-04-27 09:55:08,1344.85,743364
2021-04-27 09:55:09,1344.9,743410
2021-04-27 09:55:10,1344.85,743450
2021-04-27 09:55:11,1344.85,743477
2021-04-27 09:55:12,1344.9,743481
2021-04-27 09:55:14,1344.95,743627
2021-04-27 09:55:15,1344.95,743681
2021-04-27 09:55:16,1344.95,743681
2021-04-27 09:55:17,1344.95,743682
2021-04-27 09:55:17,1344.95,743682
2021-04-27 09:55:18,1344.95,743682
2021-04-27 09:55:19,1344.95,743682
2021-04-27 09:55:20,1344.85,743688
2021-04-27 09:55:21,1345.0,747194
2021-04-27 09:55:22,1345.0,747194
2021-04-27 09:55:23,1345.0,747814
2021-04-27 09:55:24,1345.0,747814
2021-04-27 09:55:25,1345.1,747815
2021-04-27 09:55:26,1344.9,747988
2021-04-27 09:55:27,1345.1,748013
2021-04-27 09:55:28,1345.2,748738
2021-04-27 09:55:29,1345.2,748740
2021-04-27 09:55:30,1345.2,748740
2021-04-27 09:55:31,1345.2,748740
2021-04-27 09:55:33,1345.2,748740
2021-04-27 09:55:34,1345.05,748876
2021-04-27 09:55:34,1345.05,748876
2021-04-27 09:55:35,1345.2,748993
2021-04-27 09:55:36,1345.05,749145
2021-04-27 09:55:38,1345.2,749274
2021-04-27 09:55:39,1345.2,749378
2021-04-27 09:55:41,1345.35,749467
2021-04-27 09:55:42,1345.4,749492
2021-04-27 09:55:43,1345.1,749511
2021-04-27 09:55:44,1345.35,749639
2021-04-27 09:55:45,1345.4,749881
2021-04-27 09:55:45,1345.4,749945
2021-04-27 09:55:46,1345.2,750109
2021-04-27 09:55:47,1345.45,750443
2021-04-27 09:55:48,1345.1,750451
2021-04-27 09:55:49,1345.1,750507
2021-04-27 09:55:50,1345.4,750543
2021-04-27 09:55:51,1345.15,750638
2021-04-27 09:55:53,1345.15,750731
2021-04-27 09:55:54,1345.15,750817
2021-04-27 09:55:55,1345.1,750818
2021-04-27 09:55:56,1345.15,750838
2021-04-27 09:55:57,1345.15,750840
2021-04-27 09:55:57,1345.15,750841
2021-04-27 09:55:59,1345.15,750941
2021-04-27 09:55:59,1345.45,751941
2021-04-27 09:56:02,1345.15,751943
2021-04-27 09:56:02,1345.15,751943
2021-04-27 09:56:04,1345.15,751943
2021-04-27 09:56:05,1345.15,751943
2021-04-27 09:56:05,1345.15,751943
2021-04-27 09:56:06,1345.4,752088
2021-04-27 09:56:07,1345.4,752088
2021-04-27 09:56:08,1345.4,752138
2021-04-27 09:56:09,1345.4,752202
2021-04-27 09:56:10,1345.4,752205
2021-04-27 09:56:11,1345.4,752257
2021-04-27 09:56:12,1345.4,752357
2021-04-27 09:56:13,1345.4,752374
2021-04-27 09:56:14,1345.4,752439
2021-04-27 09:56:15,1345.4,752568
2021-04-27 09:56:16,1345.4,752644
2021-04-27 09:56:18,1345.4,752708
2021-04-27 09:56:19,1345.3,752709
2021-04-27 09:56:20,1345.3,752986
2021-04-27 09:56:21,1345.2,753386
2021-04-27 09:56:22,1345.15,753565
2021-04-27 09:56:23,1345.35,753590
2021-04-27 09:56:24,1345.15,753600
2021-04-27 09:56:25,1345.1,753647
2021-04-27 09:56:26,1345.3,753747
2021-04-27 09:56:27,1345.3,753747
2021-04-27 09:56:28,1345.3,753748
2021-04-27 09:56:28,1345.3,753748
2021-04-27 09:56:29,1345.3,753748
2021-04-27 09:56:31,1345.3,753800
2021-04-27 09:56:31,1345.3,753800
2021-04-27 09:56:32,1345.3,753801
2021-04-27 09:56:33,1345.3,753801
2021-04-27 09:56:34,1345.25,753856
2021-04-27 09:56:35,1345.1,753863
2021-04-27 09:56:36,1345.25,753874
2021-04-27 09:56:37,1345.25,753974
2021-04-27 09:56:38,1345.25,753974
2021-04-27 09:56:40,1345.25,754079
2021-04-27 09:56:41,1345.25,754207
2021-04-27 09:56:42,1345.25,754256
2021-04-27 09:56:43,1345.25,754362
2021-04-27 09:56:43,1345.25,754362
2021-04-27 09:56:44,1345.1,754385
2021-04-27 09:56:46,1345.1,754407
2021-04-27 09:56:47,1345.0,755298
2021-04-27 09:56:48,1345.0,755337
2021-04-27 09:56:49,1344.85,755696
2021-04-27 09:56:50,1345.0,756147
2021-04-27 09:56:51,1345.0,756400
2021-04-27 09:56:52,1345.0,756415
2021-04-27 09:56:52,1345.0,756579
2021-04-27 09:56:53,1345.05,756586
2021-04-27 09:56:54,1345.05,756638
2021-04-27 09:56:55,1344.5,756688
2021-04-27 09:56:56,1344.95,756709
2021-04-27 09:56:58,1345.0,757031
2021-04-27 09:57:00,1345.05,757547
2021-04-27 09:57:01,1345.05,757547
2021-04-27 09:57:02,1344.55,757548
2021-04-27 09:57:03,1345.05,757558
2021-04-27 09:57:04,1345.05,757558
2021-04-27 09:57:05,1345.0,758128
2021-04-27 09:57:06,1344.9,758374
2021-04-27 09:57:07,1345.0,758375
2021-04-27 09:57:08,1345.0,758864
2021-04-27 09:57:09,1345.0,758935
2021-04-27 09:57:10,1345.0,759430
2021-04-27 09:57:11,1345.05,759609
2021-04-27 09:57:12,1345.05,759779
2021-04-27 09:57:13,1345.25,760101
2021-04-27 09:57:14,1345.2,760229
2021-04-27 09:57:15,1345.2,760229
2021-04-27 09:57:16,1345.2,760242
2021-04-27 09:57:17,1345.2,760242
2021-04-27 09:57:19,1345.05,760742
2021-04-27 09:57:19,1345.05,760742
2021-04-27 09:57:20,1345.05,760742
2021-04-27 09:57:21,1345.1,760748
2021-04-27 09:57:23,1345.2,760773
2021-04-27 09:57:24,1345.2,760788
2021-04-27 09:57:25,1345.2,760788
2021-04-27 09:57:26,1345.2,760789
2021-04-27 09:57:27,1345.2,760791
2021-04-27 09:57:28,1345.2,760850
2021-04-27 09:57:29,1345.2,760860
2021-04-27 09:57:30,1345.2,760860
2021-04-27 09:57:31,1345.2,760866
2021-04-27 09:57:32,1345.2,760877
2021-04-27 09:57:33,1345.2,760877
2021-04-27 09:57:33,1345.2,760877
2021-04-27 09:57:35,1345.15,761179
2021-04-27 09:57:36,1345.15,761280
2021-04-27 09:57:36,1345.15,761280
2021-04-27 09:57:37,1345.15,761285
2021-04-27 09:57:39,1345.15,761399
2021-04-27 09:57:41,1345.0,762146
2021-04-27 09:57:42,1344.95,762156
2021-04-27 09:57:43,1345.0,763488
2021-04-27 09:57:44,1345.0,763488
2021-04-27 09:57:45,1345.0,763734
2021-04-27 09:57:46,1345.15,763739
2021-04-27 09:57:47,1345.1,763790
2021-04-27 09:57:47,1345.0,763853
2021-04-27 09:57:49,1345.1,764056
2021-04-27 09:57:50,1345.1,764057
2021-04-27 09:57:51,1345.1,764057
2021-04-27 09:57:52,1345.1,764057
2021-04-27 09:57:53,1345.1,764057
2021-04-27 09:57:54,1345.0,764059
2021-04-27 09:57:55,1345.1,764159
2021-04-27 09:57:56,1345.15,764259
2021-04-27 09:57:57,1345.0,764302
2021-04-27 09:57:58,1345.15,764328
2021-04-27 09:57:59,1345.0,764372
2021-04-27 09:58:00,1345.0,764372
2021-04-27 09:58:01,1345.0,764372
2021-04-27 09:58:02,1345.1,764374
2021-04-27 09:58:03,1345.15,764434
2021-04-27 09:58:04,1345.0,764462
2021-04-27 09:58:05,1345.0,764479
2021-04-27 09:58:05,1345.1,764467
2021-04-27 09:58:07,1345.0,764527
2021-04-27 09:58:08,1345.1,764577
2021-04-27 09:58:09,1345.1,764577
2021-04-27 09:58:10,1345.0,764728
2021-04-27 09:58:10,1345.0,764633
2021-04-27 09:58:11,1345.0,764728
2021-04-27 09:58:13,1345.0,764809
2021-04-27 09:58:14,1345.0,764809
2021-04-27 09:58:15,1345.0,764966
2021-04-27 09:58:16,1345.05,764971
2021-04-27 09:58:17,1344.95,764982
2021-04-27 09:58:18,1345.0,765213
2021-04-27 09:58:19,1345.0,765213
2021-04-27 09:58:21,1344.95,765463
2021-04-27 09:58:22,1345.05,765494
2021-04-27 09:58:23,1345.0,765499
2021-04-27 09:58:24,1344.95,765722
2021-04-27 09:58:25,1345.0,765759
2021-04-27 09:58:26,1344.95,765771
2021-04-27 09:58:27,1345.0,765821
2021-04-27 09:58:28,1345.05,765951
2021-04-27 09:58:29,1345.05,765999
2021-04-27 09:58:30,1345.05,765999
2021-04-27 09:58:31,1345.05,766014
2021-04-27 09:58:32,1345.0,766708
2021-04-27 09:58:32,1345.0,766708
2021-04-27 09:58:34,1345.0,766742
2021-04-27 09:58:35,1345.0,766755
2021-04-27 09:58:36,1344.95,767537
2021-04-27 09:58:37,1344.75,767798
2021-04-27 09:58:38,1344.75,767798
2021-04-27 09:58:39,1344.75,767798
2021-04-27 09:58:40,1344.95,768485
2021-04-27 09:58:41,1345.05,768489
2021-04-27 09:58:42,1345.05,768489
2021-04-27 09:58:43,1344.75,768519
2021-04-27 09:58:44,1344.95,768680
2021-04-27 09:58:45,1344.95,769408
2021-04-27 09:58:46,1345.05,769529
2021-04-27 09:58:47,1345.05,769629
2021-04-27 09:58:48,1344.9,769746
2021-04-27 09:58:48,1344.95,769950
2021-04-27 09:58:50,1344.75,770066
2021-04-27 09:58:51,1344.8,770578
2021-04-27 09:58:53,1344.75,770886
2021-04-27 09:58:54,1344.75,770886
2021-04-27 09:58:55,1345.0,771300
2021-04-27 09:58:56,1345.05,771302
2021-04-27 09:58:57,1344.75,771304
2021-04-27 09:58:58,1345.05,771457
2021-04-27 09:58:59,1345.05,771508
2021-04-27 09:59:00,1345.0,771651
2021-04-27 09:59:01,1345.05,772005
2021-04-27 09:59:02,1345.0,772019
2021-04-27 09:59:03,1344.95,772749
2021-04-27 09:59:04,1345.0,773276
2021-04-27 09:59:05,1345.0,773297
2021-04-27 09:59:06,1345.05,773971
2021-04-27 09:59:07,1345.0,774267
2021-04-27 09:59:08,1345.05,774394
2021-04-27 09:59:09,1345.05,774460
2021-04-27 09:59:10,1345.05,774488
2021-04-27 09:59:11,1345.05,774570
2021-04-27 09:59:12,1345.05,774605
2021-04-27 09:59:13,1345.05,774665
2021-04-27 09:59:14,1345.0,774697
2021-04-27 09:59:15,1345.0,774710
2021-04-27 09:59:16,1345.05,774721
2021-04-27 09:59:17,1345.0,774838
2021-04-27 09:59:18,1345.05,774962
2021-04-27 09:59:19,1345.05,775094
2021-04-27 09:59:19,1345.05,775094
2021-04-27 09:59:21,1345.0,775411
2021-04-27 09:59:22,1345.05,775578
2021-04-27 09:59:23,1345.05,775605
2021-04-27 09:59:24,1345.05,775672
2021-04-27 09:59:25,1345.05,775800
2021-04-27 09:59:26,1345.05,775982
2021-04-27 09:59:27,1345.05,776173
2021-04-27 09:59:28,1345.05,776234
2021-04-27 09:59:29,1345.05,776235
2021-04-27 09:59:30,1344.5,779018
2021-04-27 09:59:31,1345.0,779562
2021-04-27 09:59:32,1344.85,779577
2021-04-27 09:59:33,1344.85,779585
2021-04-27 09:59:34,1344.85,779585
2021-04-27 09:59:35,1344.85,779591
2021-04-27 09:59:36,1344.85,779591
2021-04-27 09:59:37,1344.85,779793
2021-04-27 09:59:38,1344.85,779865
2021-04-27 09:59:39,1344.5,780246
2021-04-27 09:59:40,1344.85,780351
2021-04-27 09:59:41,1344.85,780493
2021-04-27 09:59:42,1344.5,780507
2021-04-27 09:59:43,1344.5,780507
2021-04-27 09:59:44,1344.5,780587
2021-04-27 09:59:45,1344.5,781267
2021-04-27 09:59:46,1344.25,781485
2021-04-27 09:59:47,1344.25,781638
2021-04-27 09:59:48,1344.25,781640
2021-04-27 09:59:49,1344.25,781640
2021-04-27 09:59:50,1344.25,781640
2021-04-27 09:59:51,1344.25,781695
2021-04-27 09:59:52,1344.2,781700
2021-04-27 09:59:54,1344.25,781750
2021-04-27 09:59:55,1344.25,781750
2021-04-27 09:59:56,1344.25,781878
2021-04-27 09:59:57,1344.25,781924
2021-04-27 09:59:58,1344.1,781946
2021-04-27 09:59:59,1344.2,782163
2021-04-27 10:00:00,1344.2,782323
2021-04-27 10:00:01,1344.2,782324
2021-04-27 10:00:02,1344.95,782685
2021-04-27 10:00:03,1344.5,782725
2021-04-27 10:00:04,1344.9,782735
2021-04-27 10:00:05,1344.95,782745
2021-04-27 10:00:06,1344.9,782908
2021-04-27 10:00:07,1344.9,782919
2021-04-27 10:00:08,1344.9,782926
2021-04-27 10:00:09,1344.9,782933
2021-04-27 10:00:10,1344.4,782935
2021-04-27 10:00:11,1344.4,782935
2021-04-27 10:00:12,1344.9,782946
2021-04-27 10:00:13,1344.9,782947
2021-04-27 10:00:14,1344.9,782947
2021-04-27 10:00:15,1344.9,782952
2021-04-27 10:00:16,1344.9,783007
2021-04-27 10:00:17,1344.9,783007
2021-04-27 10:00:18,1344.65,783029
2021-04-27 10:00:19,1344.5,783089
2021-04-27 10:00:20,1344.45,783185
2021-04-27 10:00:21,1344.65,783226
2021-04-27 10:00:21,1344.65,783227
2021-04-27 10:00:23,1344.3,783293
2021-04-27 10:00:24,1344.65,783298
2021-04-27 10:00:25,1344.65,783309
2021-04-27 10:00:26,1344.65,783314
2021-04-27 10:00:27,1344.3,783400
2021-04-27 10:00:28,1344.65,783407
2021-04-27 10:00:29,1344.65,783409
2021-04-27 10:00:30,1344.65,783479
2021-04-27 10:00:31,1344.6,783480
2021-04-27 10:00:32,1344.6,783550
2021-04-27 10:00:33,1344.6,783550
2021-04-27 10:00:34,1344.65,783900
2021-04-27 10:00:35,1344.3,784404
2021-04-27 10:00:36,1344.3,784447
2021-04-27 10:00:37,1344.6,784454
2021-04-27 10:00:38,1344.6,784504
2021-04-27 10:00:39,1344.6,784524
2021-04-27 10:00:40,1344.6,784628
2021-04-27 10:00:41,1344.6,784628
2021-04-27 10:00:42,1344.3,784701
2021-04-27 10:00:43,1344.3,784705
2021-04-27 10:00:44,1344.6,784725
2021-04-27 10:00:45,1344.6,784725
2021-04-27 10:00:46,1344.6,784725
2021-04-27 10:00:47,1344.6,784725
2021-04-27 10:00:48,1344.4,784754
2021-04-27 10:00:49,1344.4,784795
2021-04-27 10:00:50,1344.3,784905
2021-04-27 10:00:51,1344.4,784960
2021-04-27 10:00:52,1344.4,785001
2021-04-27 10:00:52,1344.4,785001
2021-04-27 10:00:53,1344.4,785001
2021-04-27 10:00:56,1344.5,785171
2021-04-27 10:00:57,1344.4,785176
2021-04-27 10:00:58,1344.4,785186
2021-04-27 10:00:59,1344.5,785243
2021-04-27 10:01:00,1344.45,785350
2021-04-27 10:01:02,1344.45,785398
2021-04-27 10:01:03,1344.45,785400
2021-04-27 10:01:04,1344.45,785402
2021-04-27 10:01:05,1344.45,785503
2021-04-27 10:01:06,1344.45,785695
2021-04-27 10:01:07,1344.45,785706
2021-04-27 10:01:08,1344.4,785709
2021-04-27 10:01:09,1344.4,785709
2021-04-27 10:01:10,1344.4,785709
2021-04-27 10:01:11,1344.45,785836
2021-04-27 10:01:12,1344.45,785971
2021-04-27 10:01:13,1344.45,785978
2021-04-27 10:01:14,1344.45,785978
2021-04-27 10:01:15,1344.4,786046
2021-04-27 10:01:16,1344.4,786093
2021-04-27 10:01:17,1344.3,786099
2021-04-27 10:01:18,1344.4,786288
2021-04-27 10:01:19,1344.4,786298
2021-04-27 10:01:20,1344.3,786784
2021-04-27 10:01:21,1344.45,786820
2021-04-27 10:01:22,1344.45,786876
2021-04-27 10:01:23,1344.45,786879
2021-04-27 10:01:27,1344.9,787413
2021-04-27 10:01:28,1344.9,787414
2021-04-27 10:01:29,1344.9,787414
2021-04-27 10:01:30,1344.9,787419
2021-04-27 10:01:31,1344.9,787422
2021-04-27 10:01:32,1344.9,787523
2021-04-27 10:01:33,1344.9,787538
2021-04-27 10:01:34,1344.9,787539
2021-04-27 10:01:35,1344.9,787589
2021-04-27 10:01:36,1344.9,788456
2021-04-27 10:01:37,1344.9,788500
2021-04-27 10:01:38,1344.9,788505
2021-04-27 10:01:39,1344.9,788728
2021-04-27 10:01:40,1344.9,788739
2021-04-27 10:01:41,1344.9,788741
2021-04-27 10:01:42,1344.65,788907
2021-04-27 10:01:43,1344.95,789165
2021-04-27 10:01:44,1344.95,789369
2021-04-27 10:01:45,1344.9,789467
2021-04-27 10:01:46,1345.0,790446
2021-04-27 10:01:47,1344.9,790509
2021-04-27 10:01:48,1344.9,790539
2021-04-27 10:01:49,1344.9,790650
2021-04-27 10:01:50,1344.9,790709
2021-04-27 10:01:51,1344.9,790747
2021-04-27 10:01:52,1344.9,790749
2021-04-27 10:01:53,1344.9,790755
2021-04-27 10:01:54,1344.95,790850
2021-04-27 10:01:55,1344.6,791138
2021-04-27 10:01:56,1344.9,791356
2021-04-27 10:01:57,1344.9,791356
2021-04-27 10:01:58,1345.05,792485
2021-04-27 10:01:59,1345.05,792485
2021-04-27 10:02:00,1345.1,792486
2021-04-27 10:02:01,1345.1,792488
2021-04-27 10:02:02,1345.1,792489
2021-04-27 10:02:03,1345.1,792489
2021-04-27 10:02:04,1345.1,792777
2021-04-27 10:02:05,1345.1,792787
2021-04-27 10:02:06,1345.1,793034
2021-04-27 10:02:07,1345.15,793463
2021-04-27 10:02:08,1345.15,793464
2021-04-27 10:02:09,1345.15,793572
2021-04-27 10:02:10,1345.15,793572
2021-04-27 10:02:11,1345.95,799796
2021-04-27 10:02:12,1345.7,800714
2021-04-27 10:02:13,1345.9,800716
2021-04-27 10:02:14,1345.65,800943
2021-04-27 10:02:15,1345.65,800943
2021-04-27 10:02:16,1345.75,801266
2021-04-27 10:02:17,1345.9,801392
2021-04-27 10:02:18,1345.9,801392
2021-04-27 10:02:19,1345.8,801393
2021-04-27 10:02:20,1345.6,801669
2021-04-27 10:02:22,1345.6,801997
2021-04-27 10:02:23,1345.8,802578
2021-04-27 10:02:24,1345.8,802579
2021-04-27 10:02:25,1345.8,802620
2021-04-27 10:02:26,1345.75,802645
2021-04-27 10:02:27,1345.75,802645
2021-04-27 10:02:28,1345.6,802685
2021-04-27 10:02:29,1345.6,802785
2021-04-27 10:02:30,1345.6,802817
2021-04-27 10:02:31,1345.6,803004
2021-04-27 10:02:32,1345.3,803058
2021-04-27 10:02:33,1345.7,804297
2021-04-27 10:02:34,1345.6,805060
2021-04-27 10:02:36,1345.75,806262
2021-04-27 10:02:37,1345.05,806454
2021-04-27 10:02:38,1345.05,806505
2021-04-27 10:02:39,1345.55,806611
2021-04-27 10:02:40,1345.55,806611
2021-04-27 10:02:41,1345.0,806690
2021-04-27 10:02:42,1345.1,806725
2021-04-27 10:02:43,1345.0,807831
2021-04-27 10:02:44,1344.55,807953
2021-04-27 10:02:45,1344.55,807961
2021-04-27 10:02:46,1345.0,807976
2021-04-27 10:02:47,1345.0,808029
2021-04-27 10:02:48,1344.55,808047
2021-04-27 10:02:49,1344.75,808048
2021-04-27 10:02:50,1344.75,808057
2021-04-27 10:02:51,1344.75,808211
2021-04-27 10:02:52,1344.75,808219
2021-04-27 10:02:53,1344.5,808542
2021-04-27 10:02:54,1344.75,808562
2021-04-27 10:02:55,1344.75,808742
2021-04-27 10:02:56,1344.75,808751
2021-04-27 10:02:57,1344.75,808760
2021-04-27 10:02:58,1344.55,808805
2021-04-27 10:02:59,1345.35,809237
2021-04-27 10:03:00,1345.4,809312
2021-04-27 10:03:01,1345.4,809312
2021-04-27 10:03:02,1345.4,809343
2021-04-27 10:03:03,1345.4,809343
2021-04-27 10:03:05,1345.4,809343
2021-04-27 10:03:06,1345.3,809344
2021-04-27 10:03:07,1345.35,809415
2021-04-27 10:03:08,1345.1,809422
2021-04-27 10:03:10,1345.15,809492
2021-04-27 10:03:11,1345.1,809504
2021-04-27 10:03:12,1345.1,809799
2021-04-27 10:03:13,1345.0,809802
2021-04-27 10:03:15,1345.15,809806
2021-04-27 10:03:17,1345.0,809816
2021-04-27 10:03:17,1345.05,809817
2021-04-27 10:03:19,1345.05,809818
2021-04-27 10:03:20,1345.05,809823
2021-04-27 10:03:20,1345.05,809823
2021-04-27 10:03:21,1345.05,809823
2021-04-27 10:03:22,1345.05,809823
2021-04-27 10:03:23,1345.05,809828
2021-04-27 10:03:24,1345.5,810857
2021-04-27 10:03:25,1345.5,810858
2021-04-27 10:03:26,1345.5,810858
2021-04-27 10:03:27,1345.05,810864
2021-04-27 10:03:29,1345.45,810916
2021-04-27 10:03:30,1345.45,810937
2021-04-27 10:03:31,1345.15,810982
2021-04-27 10:03:31,1345.45,810974
2021-04-27 10:03:32,1345.45,811047
2021-04-27 10:03:33,1345.45,811097
2021-04-27 10:03:34,1345.45,811097
2021-04-27 10:03:35,1345.45,811097
2021-04-27 10:03:36,1345.35,811129
2021-04-27 10:03:37,1345.2,811147
2021-04-27 10:03:39,1345.3,811158
2021-04-27 10:03:39,1345.3,811158
2021-04-27 10:03:40,1345.3,811717
2021-04-27 10:03:41,1345.3,812027
2021-04-27 10:03:42,1345.3,812027
2021-04-27 10:03:43,1345.3,812047
2021-04-27 10:03:44,1345.2,812107
2021-04-27 10:03:45,1345.2,813449
2021-04-27 10:03:46,1345.05,813452
2021-04-27 10:03:47,1345.05,813574
2021-04-27 10:03:50,1345.15,813612
2021-04-27 10:03:50,1345.15,813612
2021-04-27 10:03:51,1345.15,813658
2021-04-27 10:03:52,1345.15,813658
2021-04-27 10:03:53,1345.15,813658
2021-04-27 10:03:54,1345.15,813658
2021-04-27 10:03:55,1345.05,813663
2021-04-27 10:03:56,1345.0,813708
2021-04-27 10:03:57,1345.0,814253
2021-04-27 10:03:58,1345.15,815339
2021-04-27 10:03:59,1345.15,816285
2021-04-27 10:04:00,1345.1,816327
2021-04-27 10:04:01,1345.0,816328
2021-04-27 10:04:02,1345.0,816329
2021-04-27 10:04:03,1345.0,816329
2021-04-27 10:04:04,1345.0,816330
2021-04-27 10:04:05,1344.45,816627
2021-04-27 10:04:14,1344.9,816889
2021-04-27 10:04:16,1344.9,816988
2021-04-27 10:04:17,1344.45,816996
2021-04-27 10:04:18,1344.65,817032
2021-04-27 10:04:19,1344.65,817049
2021-04-27 10:04:20,1344.65,817080
2021-04-27 10:04:21,1344.9,817322
2021-04-27 10:04:23,1344.9,817554
2021-04-27 10:04:23,1344.95,817565
2021-04-27 10:04:24,1344.9,818066
2021-04-27 10:04:25,1345.0,818092
2021-04-27 10:04:26,1344.8,818120
2021-04-27 10:04:27,1344.8,818122
2021-04-27 10:04:28,1344.8,818133
2021-04-27 10:04:29,1344.7,818153
2021-04-27 10:04:30,1344.75,818175
2021-04-27 10:04:31,1344.75,818226
2021-04-27 10:04:32,1344.7,818231
2021-04-27 10:04:33,1344.75,818267
2021-04-27 10:04:34,1344.75,818269
2021-04-27 10:04:35,1344.75,818269
2021-04-27 10:04:36,1344.75,818332
2021-04-27 10:04:37,1344.75,818339
2021-04-27 10:04:38,1344.7,818340
2021-04-27 10:04:39,1344.7,818340
2021-04-27 10:04:40,1344.5,818486
2021-04-27 10:04:41,1344.7,818500
2021-04-27 10:04:43,1344.7,818502
2021-04-27 10:04:44,1344.5,818548
2021-04-27 10:04:45,1344.5,818557
2021-04-27 10:04:46,1344.35,818602
2021-04-27 10:04:47,1344.35,818615
2021-04-27 10:04:48,1344.4,818616
2021-04-27 10:04:49,1344.4,818627
2021-04-27 10:04:50,1344.4,818628
2021-04-27 10:04:51,1344.35,818630
2021-04-27 10:04:52,1344.4,818730
2021-04-27 10:04:53,1344.4,818785
2021-04-27 10:04:54,1344.4,818793
2021-04-27 10:04:55,1344.4,818840
2021-04-27 10:04:56,1344.35,819187
2021-04-27 10:04:57,1344.35,819304
2021-04-27 10:04:58,1344.65,819311
2021-04-27 10:04:59,1344.55,819322
2021-04-27 10:05:01,1344.65,819809
2021-04-27 10:05:01,1344.3,819786
2021-04-27 10:05:02,1344.65,819815
2021-04-27 10:05:03,1344.4,819911
2021-04-27 10:05:04,1344.65,820049
2021-04-27 10:05:05,1344.4,820081
2021-04-27 10:05:06,1344.65,820084
2021-04-27 10:05:07,1344.6,820105
2021-04-27 10:05:08,1344.55,820209
2021-04-27 10:05:09,1344.5,820226
2021-04-27 10:05:10,1344.5,820302
2021-04-27 10:05:11,1344.5,820305
2021-04-27 10:05:12,1344.5,820307
2021-04-27 10:05:13,1344.5,820307
2021-04-27 10:05:14,1344.5,820327
2021-04-27 10:05:15,1344.5,820357
2021-04-27 10:05:16,1344.5,820365
2021-04-27 10:05:17,1344.4,820474
2021-04-27 10:05:18,1344.4,820513
2021-04-27 10:05:19,1344.4,820714
2021-04-27 10:05:20,1344.4,820734
2021-04-27 10:05:21,1344.4,820736
2021-04-27 10:05:22,1344.35,820741
2021-04-27 10:05:23,1344.35,820829
2021-04-27 10:05:24,1344.35,820834
2021-04-27 10:05:25,1344.35,820978
2021-04-27 10:05:26,1344.35,820986
2021-04-27 10:05:27,1344.25,821764
2021-04-27 10:05:28,1344.35,821833
2021-04-27 10:05:29,1344.25,822152
2021-04-27 10:05:31,1344.25,822400
2021-04-27 10:05:32,1344.25,822401
2021-04-27 10:05:33,1344.25,822546
2021-04-27 10:05:34,1344.15,822623
2021-04-27 10:05:35,1344.15,822626
2021-04-27 10:05:37,1344.15,822784
2021-04-27 10:05:38,1344.1,822936
2021-04-27 10:05:39,1344.1,822958
2021-04-27 10:05:40,1344.1,823066
2021-04-27 10:05:40,1344.1,823071
2021-04-27 10:05:41,1344.1,823071
2021-04-27 10:05:42,1344.1,823498
2021-04-27 10:05:43,1344.1,823630
2021-04-27 10:05:44,1344.1,823638
2021-04-27 10:05:45,1344.1,823641
2021-04-27 10:05:46,1344.1,824454
2021-04-27 10:05:47,1344.0,824658
2021-04-27 10:05:48,1344.05,824674
2021-04-27 10:05:49,1344.05,824755
2021-04-27 10:05:50,1344.05,824859
2021-04-27 10:05:51,1344.05,824887
2021-04-27 10:05:53,1344.0,825311
2021-04-27 10:05:54,1344.1,827363
2021-04-27 10:05:56,1344.65,827760
2021-04-27 10:05:56,1344.65,827758
2021-04-27 10:05:57,1344.65,827761
2021-04-27 10:05:58,1344.65,827762
2021-04-27 10:05:59,1344.65,827762
2021-04-27 10:06:00,1344.15,827821
2021-04-27 10:06:01,1344.15,827867
2021-04-27 10:06:02,1344.65,827950
2021-04-27 10:06:04,1344.65,827955
2021-04-27 10:06:05,1344.65,827955
2021-04-27 10:06:06,1344.65,827955
2021-04-27 10:06:07,1344.15,827968
2021-04-27 10:06:07,1344.5,827969
2021-04-27 10:06:08,1344.5,827974
2021-04-27 10:06:09,1344.5,827974
2021-04-27 10:06:10,1344.45,828003
2021-04-27 10:06:11,1344.45,828056
2021-04-27 10:06:13,1344.4,828060
2021-04-27 10:06:13,1344.4,828060
2021-04-27 10:06:14,1344.2,828463
2021-04-27 10:06:15,1344.1,831345
2021-04-27 10:06:16,1344.25,831490
2021-04-27 10:06:19,1344.1,831641
2021-04-27 10:06:21,1344.2,831648
2021-04-27 10:06:22,1344.2,831648
2021-04-27 10:06:23,1344.2,831727
2021-04-27 10:06:24,1344.2,831733
2021-04-27 10:06:25,1344.2,831893
2021-04-27 10:06:26,1344.2,831913
