timestamp,ltp,volume
2021-05-20 09:15:13,2572.1,4366
2021-05-20 09:15:14,2572.1,4366
2021-05-20 09:15:15,2572.0,4439
2021-05-20 09:15:16,2572.0,4439
2021-05-20 09:15:17,2573.0,4640
2021-05-20 09:15:18,2573.0,4640
2021-05-20 09:15:19,2573.0,4640
2021-05-20 09:15:20,2571.6,5484
2021-05-20 09:15:21,2570.0,5528
2021-05-20 09:15:22,2569.05,5565
2021-05-20 09:15:23,2569.05,5565
2021-05-20 09:15:24,2569.05,5565
2021-05-20 09:15:25,2565.25,5765
2021-05-20 09:15:26,2569.05,5767
2021-05-20 09:15:27,2568.65,5826
2021-05-20 09:15:28,2569.45,6163
2021-05-20 09:15:29,2569.45,6163
2021-05-20 09:15:30,2569.7,6304
2021-05-20 09:15:31,2566.65,6319
2021-05-20 09:15:32,2566.15,6320
2021-05-20 09:15:33,2566.7,6325
2021-05-20 09:15:34,2569.05,6348
2021-05-20 09:15:35,2569.05,6348
2021-05-20 09:15:36,2569.65,6349
2021-05-20 09:15:37,2567.1,6394
2021-05-20 09:15:38,2566.5,6402
2021-05-20 09:15:39,2568.95,6403
2021-05-20 09:15:40,2566.45,6428
2021-05-20 09:15:41,2569.0,6632
2021-05-20 09:15:42,2569.0,6632
2021-05-20 09:15:43,2569.0,6647
2021-05-20 09:15:44,2566.45,6727
2021-05-20 09:15:45,2566.45,6727
2021-05-20 09:15:46,2568.95,6728
2021-05-20 09:15:47,2568.95,6728
2021-05-20 09:15:48,2568.95,6728
2021-05-20 09:15:50,2569.0,6777
2021-05-20 09:15:51,2567.05,6810
2021-05-20 09:15:52,2568.9,7200
2021-05-20 09:15:53,2568.9,7229
2021-05-20 09:15:54,2569.35,7329
2021-05-20 09:15:55,2569.6,7354
2021-05-20 09:15:56,2569.6,7362
2021-05-20 09:15:57,2569.6,7362
2021-05-20 09:15:58,2569.6,7362
2021-05-20 09:15:59,2569.6,7362
2021-05-20 09:16:00,2569.6,7362
2021-05-20 09:16:01,2569.6,7362
2021-05-20 09:16:02,2569.6,7740
2021-05-20 09:16:03,2571.6,7765
2021-05-20 09:16:04,2571.6,7765
2021-05-20 09:16:05,2571.6,7765
2021-05-20 09:16:06,2568.9,8198
2021-05-20 09:16:07,2570.55,8209
2021-05-20 09:16:08,2570.55,8209
2021-05-20 09:16:09,2571.15,8260
2021-05-20 09:16:10,2568.9,8360
2021-05-20 09:16:11,2572.85,9054
2021-05-20 09:16:12,2569.75,9131
2021-05-20 09:16:13,2571.0,9158
2021-05-20 09:16:14,2571.0,9158
2021-05-20 09:16:15,2571.0,9158
2021-05-20 09:16:16,2571.4,9166
2021-05-20 09:16:17,2569.2,9266
2021-05-20 09:16:18,2569.2,9266
2021-05-20 09:16:20,2569.35,9316
2021-05-20 09:16:19,2569.35,9316
2021-05-20 09:16:21,2569.35,9316
2021-05-20 09:16:22,2569.35,9316
2021-05-20 09:16:23,2568.9,9466
2021-05-20 09:16:24,2568.9,9486
2021-05-20 09:16:25,2573.95,9755
2021-05-20 09:16:26,2571.55,9756
2021-05-20 09:16:27,2574.65,9956
2021-05-20 09:16:28,2574.65,9956
2021-05-20 09:16:29,2574.65,9956
2021-05-20 09:16:30,2574.65,9956
2021-05-20 09:16:31,2574.65,10059
2021-05-20 09:16:32,2572.0,10110
2021-05-20 09:16:33,2572.15,10130
2021-05-20 09:16:34,2572.15,10130
2021-05-20 09:16:35,2572.15,10130
2021-05-20 09:16:36,2572.15,10130
2021-05-20 09:16:37,2572.8,10132
2021-05-20 09:16:38,2573.35,10282
2021-05-20 09:16:39,2574.6,10467
2021-05-20 09:16:40,2572.85,10469
2021-05-20 09:16:41,2574.9,10595
2021-05-20 09:16:42,2574.9,10595
2021-05-20 09:16:43,2572.9,10605
2021-05-20 09:16:44,2574.85,10642
2021-05-20 09:16:45,2575.0,11807
2021-05-20 09:16:46,2574.85,11920
2021-05-20 09:16:47,2573.75,12020
2021-05-20 09:16:48,2574.6,12112
2021-05-20 09:16:49,2574.85,12122
2021-05-20 09:16:50,2574.6,12347
2021-05-20 09:16:51,2575.25,12387
2021-05-20 09:16:52,2575.25,12387
2021-05-20 09:16:53,2575.0,12392
2021-05-20 09:16:54,2574.65,12452
2021-05-20 09:16:55,2574.6,12537
2021-05-20 09:16:56,2574.6,12652
2021-05-20 09:16:57,2573.35,12772
2021-05-20 09:16:58,2573.35,12772
2021-05-20 09:16:59,2575.25,13613
2021-05-20 09:17:00,2575.0,13785
2021-05-20 09:17:01,2574.95,13813
2021-05-20 09:17:02,2574.1,13888
2021-05-20 09:17:03,2574.1,13906
2021-05-20 09:17:04,2574.1,13907
2021-05-20 09:17:05,2575.1,14007
2021-05-20 09:17:06,2575.1,14007
2021-05-20 09:17:07,2575.1,14025
2021-05-20 09:17:08,2575.1,14025
2021-05-20 09:17:09,2575.2,14033
2021-05-20 09:17:10,2577.1,14797
2021-05-20 09:17:11,2579.45,14897
2021-05-20 09:17:12,2579.45,14897
2021-05-20 09:17:14,2577.85,14973
2021-05-20 09:17:15,2579.15,15036
2021-05-20 09:17:16,2579.95,15232
2021-05-20 09:17:17,2577.95,15283
2021-05-20 09:17:18,2579.95,15433
2021-05-20 09:17:19,2577.0,15518
2021-05-20 09:17:20,2579.4,15613
2021-05-20 09:17:21,2577.95,15643
2021-05-20 09:17:22,2577.0,15808
2021-05-20 09:17:23,2578.7,15818
2021-05-20 09:17:24,2578.7,15818
2021-05-20 09:17:25,2578.2,16835
2021-05-20 09:17:26,2578.15,16849
2021-05-20 09:17:27,2578.1,16862
2021-05-20 09:17:28,2578.05,17867
2021-05-20 09:17:29,2576.05,17881
2021-05-20 09:17:30,2578.05,17882
2021-05-20 09:17:31,2578.05,17882
2021-05-20 09:17:32,2578.05,17887
2021-05-20 09:17:33,2578.05,17887
2021-05-20 09:17:34,2578.15,17914
2021-05-20 09:17:35,2578.15,17914
2021-05-20 09:17:36,2578.1,17979
2021-05-20 09:17:37,2578.1,17979
2021-05-20 09:17:38,2578.1,17979
2021-05-20 09:17:39,2578.1,17979
2021-05-20 09:17:40,2577.9,18009
2021-05-20 09:17:42,2577.9,18026
2021-05-20 09:17:44,2577.9,18026
2021-05-20 09:17:43,2577.9,18026
2021-05-20 09:17:46,2577.9,18038
2021-05-20 09:17:45,2577.9,18028
2021-05-20 09:17:47,2577.9,18053
2021-05-20 09:17:48,2577.0,18058
2021-05-20 09:17:49,2578.0,18140
2021-05-20 09:17:50,2577.9,18158
2021-05-20 09:17:51,2577.9,18168
2021-05-20 09:17:52,2577.9,18169
2021-05-20 09:17:53,2577.9,18171
2021-05-20 09:17:54,2577.9,18176
2021-05-20 09:17:55,2577.9,18276
2021-05-20 09:17:56,2577.9,18276
2021-05-20 09:17:57,2577.9,18276
2021-05-20 09:17:58,2576.2,18478
2021-05-20 09:17:59,2576.2,18478
2021-05-20 09:17:59,2576.2,18478
2021-05-20 09:18:00,2576.0,18640
2021-05-20 09:18:01,2576.0,18640
2021-05-20 09:18:02,2576.05,18742
2021-05-20 09:18:03,2576.05,18742
2021-05-20 09:18:04,2576.0,18762
2021-05-20 09:18:05,2575.0,18763
2021-05-20 09:18:06,2576.0,18950
2021-05-20 09:18:07,2576.0,18950
2021-05-20 09:18:08,2574.9,18952
2021-05-20 09:18:09,2574.9,18952
2021-05-20 09:18:10,2575.85,18955
2021-05-20 09:18:11,2574.35,19010
2021-05-20 09:18:12,2575.75,19011
2021-05-20 09:18:13,2574.35,19031
2021-05-20 09:18:14,2574.0,19113
2021-05-20 09:18:16,2574.0,19138
2021-05-20 09:18:18,2574.35,19238
2021-05-20 09:18:19,2574.35,19238
2021-05-20 09:18:20,2574.0,19239
2021-05-20 09:18:21,2574.0,19239
2021-05-20 09:18:22,2574.0,19554
2021-05-20 09:18:23,2574.0,19554
2021-05-20 09:18:24,2574.55,19558
2021-05-20 09:18:25,2574.55,19579
2021-05-20 09:18:26,2574.55,19618
2021-05-20 09:18:27,2574.05,19650
2021-05-20 09:18:28,2574.05,19650
2021-05-20 09:18:29,2574.6,19676
2021-05-20 09:18:30,2574.7,19717
2021-05-20 09:18:31,2574.7,19717
2021-05-20 09:18:33,2574.7,19717
2021-05-20 09:18:35,2574.6,19792
2021-05-20 09:18:36,2574.6,19812
2021-05-20 09:18:37,2574.0,19941
2021-05-20 09:18:38,2573.1,20002
2021-05-20 09:18:40,2574.0,20004
2021-05-20 09:18:41,2573.05,20009
2021-05-20 09:18:42,2574.6,20029
2021-05-20 09:18:43,2574.6,20029
2021-05-20 09:18:44,2573.05,20052
2021-05-20 09:18:45,2573.05,20079
2021-05-20 09:18:46,2574.6,20094
2021-05-20 09:18:47,2573.0,20120
2021-05-20 09:18:48,2572.85,20564
2021-05-20 09:18:48,2572.85,20564
2021-05-20 09:18:49,2573.75,20565
2021-05-20 09:18:50,2573.55,20569
2021-05-20 09:18:51,2573.55,20573
2021-05-20 09:18:52,2573.55,20628
2021-05-20 09:18:53,2572.3,20638
2021-05-20 09:18:54,2572.35,20698
2021-05-20 09:18:55,2572.0,20809
2021-05-20 09:18:56,2572.9,20831
2021-05-20 09:18:57,2572.9,20831
2021-05-20 09:18:58,2572.0,20842
2021-05-20 09:18:59,2572.0,20842
2021-05-20 09:19:00,2572.9,20869
2021-05-20 09:19:01,2572.9,20869
2021-05-20 09:19:02,2572.9,20869
2021-05-20 09:19:05,2572.0,21520
2021-05-20 09:19:06,2572.0,21520
2021-05-20 09:19:07,2572.0,21535
2021-05-20 09:19:07,2572.0,21535
2021-05-20 09:19:08,2572.9,21635
2021-05-20 09:19:09,2572.0,21638
2021-05-20 09:19:10,2572.85,21658
2021-05-20 09:19:11,2572.85,21658
2021-05-20 09:19:12,2573.25,21874
2021-05-20 09:19:13,2573.3,21914
2021-05-20 09:19:14,2573.95,22217
2021-05-20 09:19:15,2573.3,22218
2021-05-20 09:19:16,2573.3,22218
2021-05-20 09:19:17,2573.8,22219
2021-05-20 09:19:18,2573.85,22224
2021-05-20 09:19:19,2573.85,22225
2021-05-20 09:19:20,2573.05,22337
2021-05-20 09:19:21,2572.7,22338
2021-05-20 09:19:22,2572.1,25022
2021-05-20 09:19:23,2572.1,25022
2021-05-20 09:19:24,2571.95,25033
2021-05-20 09:19:25,2571.95,25033
2021-05-20 09:19:26,2571.9,25038
2021-05-20 09:19:28,2571.9,25038
2021-05-20 09:19:29,2570.2,25068
2021-05-20 09:19:30,2570.15,25118
2021-05-20 09:19:31,2571.8,25119
2021-05-20 09:19:32,2571.8,25119
2021-05-20 09:19:33,2571.8,25119
2021-05-20 09:19:34,2571.8,25119
2021-05-20 09:19:34,2571.8,25119
2021-05-20 09:19:37,2571.6,25171
2021-05-20 09:19:38,2570.05,25176
2021-05-20 09:19:39,2570.05,25176
2021-05-20 09:19:39,2570.05,25176
2021-05-20 09:19:40,2571.6,25186
2021-05-20 09:19:41,2571.6,25186
2021-05-20 09:19:42,2571.6,25186
2021-05-20 09:19:43,2570.0,25336
2021-05-20 09:19:44,2570.0,25336
2021-05-20 09:19:45,2570.0,25336
2021-05-20 09:19:46,2570.0,25450
2021-05-20 09:19:47,2570.0,25454
2021-05-20 09:19:48,2571.0,25464
2021-05-20 09:19:49,2571.0,25464
2021-05-20 09:19:50,2570.0,25506
2021-05-20 09:19:51,2570.0,25506
2021-05-20 09:19:52,2570.0,25506
2021-05-20 09:19:53,2570.0,25511
2021-05-20 09:19:54,2571.0,25512
2021-05-20 09:19:55,2570.0,25642
2021-05-20 09:19:56,2570.0,25662
2021-05-20 09:19:57,2570.9,25829
2021-05-20 09:19:58,2570.0,25839
2021-05-20 09:19:59,2570.0,25839
2021-05-20 09:20:00,2569.35,25884
2021-05-20 09:20:01,2569.35,25884
2021-05-20 09:20:03,2570.7,25885
2021-05-20 09:20:04,2570.1,25945
2021-05-20 09:20:05,2570.1,25945
2021-05-20 09:20:06,2570.1,25945
2021-05-20 09:20:07,2570.6,26045
2021-05-20 09:20:08,2570.1,26048
2021-05-20 09:20:09,2570.1,26048
2021-05-20 09:20:10,2570.1,26048
2021-05-20 09:20:11,2570.1,26172
2021-05-20 09:20:12,2570.1,26172
2021-05-20 09:20:13,2569.95,26174
2021-05-20 09:20:14,2569.95,26174
2021-05-20 09:20:14,2569.95,26174
2021-05-20 09:20:15,2570.1,26274
2021-05-20 09:20:16,2570.1,26274
2021-05-20 09:20:17,2570.1,26325
2021-05-20 09:20:18,2569.35,26330
2021-05-20 09:20:19,2570.0,26339
2021-05-20 09:20:20,2570.0,26341
2021-05-20 09:20:21,2570.0,26341
2021-05-20 09:20:22,2569.0,26377
2021-05-20 09:20:23,2569.0,26405
2021-05-20 09:20:24,2568.9,26557
2021-05-20 09:20:25,2568.9,26557
2021-05-20 09:20:26,2568.9,26557
2021-05-20 09:20:27,2568.5,26567
2021-05-20 09:20:28,2568.0,26667
2021-05-20 09:20:29,2568.75,26677
2021-05-20 09:20:30,2568.75,26677
2021-05-20 09:20:31,2568.05,26682
2021-05-20 09:20:32,2568.05,26682
2021-05-20 09:20:33,2568.75,26806
2021-05-20 09:20:34,2568.75,26806
2021-05-20 09:20:35,2568.75,26806
2021-05-20 09:20:36,2568.75,26806
2021-05-20 09:20:37,2568.0,26807
2021-05-20 09:20:38,2568.0,26823
2021-05-20 09:20:39,2568.0,26823
2021-05-20 09:20:40,2568.0,26828
2021-05-20 09:20:42,2568.0,26829
2021-05-20 09:20:43,2566.7,27059
2021-05-20 09:20:44,2568.0,27069
2021-05-20 09:20:45,2568.0,27069
2021-05-20 09:20:46,2566.7,27119
2021-05-20 09:20:47,2566.7,27119
2021-05-20 09:20:48,2566.7,27139
2021-05-20 09:20:49,2566.1,27464
2021-05-20 09:20:50,2566.9,27465
2021-05-20 09:20:51,2566.9,27476
2021-05-20 09:20:52,2565.9,27506
2021-05-20 09:20:53,2565.75,27556
2021-05-20 09:20:54,2565.75,27581
2021-05-20 09:20:55,2565.75,27581
2021-05-20 09:20:56,2565.75,27581
2021-05-20 09:20:57,2565.7,27621
2021-05-20 09:20:58,2566.7,27626
2021-05-20 09:20:59,2566.7,27631
2021-05-20 09:21:00,2565.8,27733
2021-05-20 09:21:01,2565.75,27749
2021-05-20 09:21:02,2566.7,27784
2021-05-20 09:21:03,2565.75,27795
2021-05-20 09:21:03,2565.75,27795
2021-05-20 09:21:04,2565.75,27795
2021-05-20 09:21:05,2565.0,28373
2021-05-20 09:21:06,2565.0,28373
2021-05-20 09:21:07,2565.0,28478
2021-05-20 09:21:08,2565.0,28478
2021-05-20 09:21:09,2565.75,28520
2021-05-20 09:21:13,2565.0,28603
2021-05-20 09:21:16,2567.9,29779
2021-05-20 09:21:20,2568.0,29813
2021-05-20 09:21:24,2568.35,29899
2021-05-20 09:21:28,2569.8,29904
2021-05-20 09:21:31,2568.35,30034
2021-05-20 09:21:35,2567.95,30248
2021-05-20 09:21:39,2565.75,30391
2021-05-20 09:21:43,2565.75,30421
2021-05-20 09:21:46,2567.65,30523
2021-05-20 09:21:49,2567.6,30552
2021-05-20 09:21:53,2567.95,30572
2021-05-20 09:21:57,2566.25,30660
2021-05-20 09:22:01,2569.0,31116
2021-05-20 09:22:04,2568.0,31156
2021-05-20 09:22:08,2568.0,31156
2021-05-20 09:22:12,2569.0,31446
2021-05-20 09:22:16,2569.4,31449
2021-05-20 09:22:19,2568.6,31483
2021-05-20 09:22:23,2568.6,31532
2021-05-20 09:22:27,2568.6,31687
2021-05-20 09:22:30,2568.6,31913
2021-05-20 09:22:34,2568.6,32018
2021-05-20 09:22:38,2568.6,32203
2021-05-20 09:22:42,2570.0,32679
2021-05-20 09:22:46,2570.0,32714
2021-05-20 09:22:49,2570.0,32717
2021-05-20 09:22:53,2569.9,32747
2021-05-20 09:22:57,2568.55,33022
2021-05-20 09:23:00,2567.15,33289
2021-05-20 09:23:04,2567.15,33289
2021-05-20 09:23:08,2567.0,33295
2021-05-20 09:23:12,2567.3,33441
2021-05-20 09:23:19,2567.25,33446
2021-05-20 09:23:23,2568.15,33954
2021-05-20 09:23:26,2568.15,33954
2021-05-20 09:23:30,2568.0,34454
2021-05-20 09:23:34,2570.7,36062
2021-05-20 09:23:37,2570.35,36212
2021-05-20 09:23:41,2570.4,36237
2021-05-20 09:23:45,2571.8,36288
2021-05-20 09:23:48,2570.1,36340
2021-05-20 09:23:52,2571.8,36385
2021-05-20 09:23:56,2570.3,36399
2021-05-20 09:24:00,2571.8,36430
2021-05-20 09:24:03,2571.8,36430
2021-05-20 09:24:07,2571.8,36445
2021-05-20 09:24:10,2571.8,36496
2021-05-20 09:24:14,2571.8,36496
2021-05-20 09:24:17,2571.8,36496
2021-05-20 09:24:21,2570.75,36672
2021-05-20 09:24:25,2571.9,36730
2021-05-20 09:24:29,2571.05,36735
2021-05-20 09:24:36,2571.9,36744
2021-05-20 09:24:39,2571.8,36783
2021-05-20 09:24:43,2571.8,36889
2021-05-20 09:24:46,2571.8,36921
2021-05-20 09:24:49,2571.8,36921
2021-05-20 09:24:53,2571.8,36949
2021-05-20 09:25:03,2571.8,37081
2021-05-20 09:25:06,2571.0,37101
2021-05-20 09:25:10,2571.65,37244
2021-05-20 09:25:14,2571.0,37283
2021-05-20 09:25:17,2571.0,37285
2021-05-20 09:25:21,2571.65,37385
2021-05-20 09:25:24,2571.5,37435
2021-05-20 09:25:28,2571.9,37743
2021-05-20 09:25:31,2571.9,37745
2021-05-20 09:25:35,2571.9,37745
2021-05-20 09:25:39,2571.65,37756
2021-05-20 09:25:42,2571.8,38716
2021-05-20 09:25:46,2571.8,38716
2021-05-20 09:25:49,2571.0,38817
2021-05-20 09:25:53,2571.8,38895
2021-05-20 09:25:56,2572.15,39266
2021-05-20 09:25:59,2571.05,39332
2021-05-20 09:26:03,2572.4,39356
2021-05-20 09:26:06,2569.05,41044
2021-05-20 09:26:09,2571.2,41049
2021-05-20 09:26:12,2571.2,41049
2021-05-20 09:26:16,2570.0,41050
2021-05-20 09:26:22,2570.9,41065
2021-05-20 09:26:25,2570.9,41065
2021-05-20 09:26:28,2568.5,42681
2021-05-20 09:26:31,2568.85,42735
2021-05-20 09:26:35,2568.85,42735
2021-05-20 09:26:38,2568.85,42735
2021-05-20 09:26:41,2567.4,42765
2021-05-20 09:26:44,2567.4,42765
2021-05-20 09:26:47,2568.6,42871
2021-05-20 09:26:50,2568.6,42871
2021-05-20 09:26:53,2566.2,42922
2021-05-20 09:26:57,2567.3,42934
2021-05-20 09:27:00,2567.3,42970
2021-05-20 09:27:03,2567.3,42970
2021-05-20 09:27:07,2567.2,42971
2021-05-20 09:27:10,2567.2,42971
2021-05-20 09:27:14,2567.15,43002
2021-05-20 09:27:17,2566.0,43016
2021-05-20 09:27:21,2566.0,43329
2021-05-20 09:27:24,2567.0,43474
2021-05-20 09:27:28,2566.0,43674
2021-05-20 09:27:31,2566.45,45203
2021-05-20 09:27:41,2565.55,47518
2021-05-20 09:27:44,2564.95,47582
2021-05-20 09:27:47,2564.0,47885
2021-05-20 09:27:50,2564.0,47885
2021-05-20 09:27:54,2562.95,47955
2021-05-20 09:27:57,2562.6,47972
2021-05-20 09:28:01,2563.3,48136
2021-05-20 09:28:05,2561.05,48631
2021-05-20 09:28:08,2560.1,49594
2021-05-20 09:28:11,2560.15,49598
2021-05-20 09:28:15,2560.0,50084
2021-05-20 09:28:18,2560.0,51129
2021-05-20 09:28:21,2560.6,52760
2021-05-20 09:28:24,2560.65,52770
2021-05-20 09:28:28,2560.9,52970
2021-05-20 09:28:31,2559.1,53256
2021-05-20 09:28:34,2559.25,53267
2021-05-20 09:28:37,2561.2,53331
2021-05-20 09:28:41,2560.9,53356
2021-05-20 09:28:47,2560.9,53520
2021-05-20 09:28:51,2559.0,53593
2021-05-20 09:28:54,2556.85,54358
2021-05-20 09:28:57,2555.3,55236
2021-05-20 09:29:01,2555.0,55303
2021-05-20 09:29:04,2554.65,55426
2021-05-20 09:29:07,2553.7,55446
2021-05-20 09:29:10,2554.0,55631
2021-05-20 09:29:13,2554.0,55802
2021-05-20 09:29:16,2555.2,56082
2021-05-20 09:29:19,2554.7,56149
2021-05-20 09:29:23,2553.05,56290
2021-05-20 09:29:26,2553.0,56300
2021-05-20 09:29:32,2553.8,56541
2021-05-20 09:29:35,2554.4,57198
2021-05-20 09:29:38,2555.0,57342
2021-05-20 09:29:42,2556.95,57576
2021-05-20 09:29:45,2559.0,57892
2021-05-20 09:29:49,2558.0,57942
2021-05-20 09:29:52,2558.0,57955
2021-05-20 09:29:55,2556.0,57990
2021-05-20 09:29:58,2557.35,58045
2021-05-20 09:30:01,2556.95,58056
2021-05-20 09:30:05,2554.1,58185
2021-05-20 09:30:08,2554.5,58198
2021-05-20 09:30:11,2555.3,58210
2021-05-20 09:30:14,2555.3,58210
2021-05-20 09:30:17,2554.0,58242
2021-05-20 09:30:21,2553.8,58299
2021-05-20 09:30:24,2553.8,58302
2021-05-20 09:30:27,2553.0,58466
2021-05-20 09:30:30,2553.8,58613
2021-05-20 09:30:34,2553.8,58728
2021-05-20 09:30:37,2553.8,58747
2021-05-20 09:30:41,2553.9,58762
2021-05-20 09:30:44,2553.8,58769
2021-05-20 09:30:48,2553.8,58779
2021-05-20 09:30:51,2553.0,58976
2021-05-20 09:30:54,2553.0,58978
2021-05-20 09:30:58,2553.0,58992
2021-05-20 09:31:01,2552.0,59190
2021-05-20 09:31:05,2552.65,59289
2021-05-20 09:31:08,2551.0,59496
2021-05-20 09:31:12,2552.55,59540
2021-05-20 09:31:15,2552.05,59979
2021-05-20 09:31:19,2552.55,59986
2021-05-20 09:31:22,2552.6,60286
2021-05-20 09:31:26,2553.8,60632
2021-05-20 09:31:29,2553.75,60893
2021-05-20 09:31:32,2553.65,60904
2021-05-20 09:31:39,2553.3,61136
2021-05-20 09:31:43,2552.0,61153
2021-05-20 09:31:46,2553.0,61172
2021-05-20 09:31:52,2553.8,61510
2021-05-20 09:31:56,2552.0,61525
2021-05-20 09:31:59,2552.95,61540
2021-05-20 09:32:05,2552.0,61579
2021-05-20 09:32:08,2552.95,61589
2021-05-20 09:32:12,2552.95,61600
2021-05-20 09:32:15,2552.0,62445
2021-05-20 09:32:18,2552.05,62448
2021-05-20 09:32:21,2550.65,64305
2021-05-20 09:32:25,2551.45,64752
2021-05-20 09:32:28,2551.4,64777
2021-05-20 09:32:31,2550.2,64816
2021-05-20 09:32:34,2551.05,64834
2021-05-20 09:32:37,2550.0,64919
2021-05-20 09:32:40,2550.95,64921
2021-05-20 09:32:43,2550.95,64926
2021-05-20 09:32:46,2550.0,65057
2021-05-20 09:32:53,2550.0,65315
2021-05-20 09:32:57,2550.0,66025
2021-05-20 09:33:00,2549.2,68077
2021-05-20 09:33:03,2550.05,68135
2021-05-20 09:33:06,2550.0,68284
2021-05-20 09:33:09,2546.45,68463
2021-05-20 09:33:12,2548.45,68465
2021-05-20 09:33:15,2548.3,68798
2021-05-20 09:33:18,2548.1,68930
2021-05-20 09:33:21,2546.05,69050
2021-05-20 09:33:24,2546.7,69174
2021-05-20 09:33:27,2546.6,69236
2021-05-20 09:33:30,2546.6,69317
2021-05-20 09:33:34,2546.6,69459
2021-05-20 09:33:37,2546.0,69519
2021-05-20 09:33:40,2546.0,69545
2021-05-20 09:33:44,2546.0,69597
2021-05-20 09:33:47,2545.6,69732
2021-05-20 09:33:50,2546.0,70194
2021-05-20 09:33:54,2546.05,70198
2021-05-20 09:33:57,2546.05,70334
2021-05-20 09:34:00,2546.0,70371
2021-05-20 09:34:03,2546.0,70395
2021-05-20 09:34:07,2546.0,70440
2021-05-20 09:34:10,2545.6,70454
2021-05-20 09:34:13,2545.95,70589
2021-05-20 09:34:16,2546.0,70639
2021-05-20 09:34:19,2545.95,70665
2021-05-20 09:34:22,2545.85,70697
2021-05-20 09:34:25,2545.85,70707
2021-05-20 09:34:28,2545.6,70812
2021-05-20 09:34:31,2545.6,70886
2021-05-20 09:34:34,2546.0,70982
2021-05-20 09:34:37,2546.0,71010
2021-05-20 09:34:41,2546.0,71075
2021-05-20 09:34:44,2546.0,71108
2021-05-20 09:34:47,2546.0,71385
2021-05-20 09:34:50,2549.0,71846
2021-05-20 09:34:53,2547.0,71886
2021-05-20 09:34:57,2547.0,71998
2021-05-20 09:35:03,2547.9,72056
2021-05-20 09:35:06,2548.35,72413
2021-05-20 09:35:09,2548.35,72413
2021-05-20 09:35:12,2548.0,72723
2021-05-20 09:35:15,2548.25,72730
2021-05-20 09:35:19,2548.0,72892
2021-05-20 09:35:22,2548.45,73420
2021-05-20 09:35:26,2549.35,73438
2021-05-20 09:35:29,2549.35,73443
2021-05-20 09:35:32,2548.45,73494
2021-05-20 09:35:35,2549.35,73528
2021-05-20 09:35:38,2549.35,73548
2021-05-20 09:35:41,2549.35,73548
2021-05-20 09:35:45,2549.35,73561
2021-05-20 09:35:48,2549.35,73572
2021-05-20 09:35:54,2549.35,73627
2021-05-20 09:35:57,2549.35,73627
2021-05-20 09:36:00,2549.35,73719
2021-05-20 09:36:03,2549.35,73719
2021-05-20 09:36:06,2550.6,74420
2021-05-20 09:36:09,2551.3,74590
2021-05-20 09:36:12,2552.2,74757
2021-05-20 09:36:15,2552.2,74757
2021-05-20 09:36:18,2552.2,74853
2021-05-20 09:36:22,2551.5,75073
2021-05-20 09:36:25,2552.2,75075
2021-05-20 09:36:29,2552.15,75085
2021-05-20 09:36:32,2552.15,75085
2021-05-20 09:36:35,2551.55,75101
2021-05-20 09:36:39,2551.55,75156
2021-05-20 09:36:42,2552.15,75176
2021-05-20 09:36:45,2551.6,75178
2021-05-20 09:36:48,2552.2,75306
2021-05-20 09:36:51,2552.2,75413
2021-05-20 09:36:58,2553.5,75574
2021-05-20 09:37:01,2551.7,75674
2021-05-20 09:37:04,2553.0,75698
2021-05-20 09:37:07,2553.0,75796
2021-05-20 09:37:10,2553.05,75806
2021-05-20 09:37:13,2553.05,75806
2021-05-20 09:37:16,2553.65,75881
2021-05-20 09:37:20,2552.1,75906
2021-05-20 09:37:23,2553.55,75916
2021-05-20 09:37:26,2553.55,75916
2021-05-20 09:37:30,2553.55,75921
2021-05-20 09:37:32,2553.55,75951
2021-05-20 09:37:35,2553.55,75971
2021-05-20 09:37:38,2553.55,75971
2021-05-20 09:37:41,2553.5,75972
2021-05-20 09:37:44,2553.0,76040
2021-05-20 09:37:47,2553.0,76250
2021-05-20 09:37:51,2555.3,76575
2021-05-20 09:37:54,2554.4,76706
2021-05-20 09:37:57,2554.4,76706
2021-05-20 09:38:00,2555.85,76742
2021-05-20 09:38:04,2555.9,76817
2021-05-20 09:38:07,2557.25,77015
2021-05-20 09:38:10,2556.0,77016
2021-05-20 09:38:13,2556.05,77032
2021-05-20 09:38:16,2556.0,77035
2021-05-20 09:38:19,2556.0,77035
2021-05-20 09:38:25,2557.25,77041
2021-05-20 09:38:34,2557.75,77406
2021-05-20 09:38:38,2557.0,77461
2021-05-20 09:38:41,2557.0,77508
2021-05-20 09:38:44,2558.0,77720
2021-05-20 09:38:48,2556.0,79715
2021-05-20 09:38:51,2555.95,79742
2021-05-20 09:38:55,2555.95,79802
2021-05-20 09:38:58,2556.5,79852
2021-05-20 09:39:01,2556.45,79857
2021-05-20 09:39:04,2555.0,79938
2021-05-20 09:39:07,2555.0,79939
2021-05-20 09:39:10,2555.0,79952
2021-05-20 09:39:13,2555.0,79952
2021-05-20 09:39:16,2555.0,79952
2021-05-20 09:39:19,2555.2,79962
2021-05-20 09:39:22,2555.5,79964
2021-05-20 09:39:26,2555.2,79989
2021-05-20 09:39:29,2555.2,79989
2021-05-20 09:39:34,2555.25,80194
2021-05-20 09:39:37,2555.85,80255
2021-05-20 09:39:40,2556.75,80492
2021-05-20 09:39:43,2555.65,80498
2021-05-20 09:39:46,2556.75,80905
2021-05-20 09:39:49,2556.75,80905
2021-05-20 09:39:52,2557.5,81015
2021-05-20 09:39:55,2556.35,81021
2021-05-20 09:39:58,2556.35,81031
2021-05-20 09:40:01,2557.85,81032
2021-05-20 09:40:05,2559.0,81436
2021-05-20 09:40:08,2559.75,81461
2021-05-20 09:40:10,2559.75,81515
2021-05-20 09:40:13,2559.5,81525
2021-05-20 09:40:16,2559.5,81528
2021-05-20 09:40:19,2559.5,81536
2021-05-20 09:40:22,2559.5,81673
2021-05-20 09:40:25,2559.5,81693
2021-05-20 09:40:28,2559.5,81713
2021-05-20 09:40:31,2559.5,81713
2021-05-20 09:40:35,2559.7,81743
2021-05-20 09:40:37,2559.5,81748
2021-05-20 09:40:40,2559.5,81748
2021-05-20 09:40:43,2559.5,81758
2021-05-20 09:40:46,2559.4,81880
2021-05-20 09:40:50,2559.4,81880
2021-05-20 09:40:52,2559.65,82860
2021-05-20 09:40:56,2562.0,83106
2021-05-20 09:40:59,2562.9,83382
2021-05-20 09:41:02,2563.7,83414
2021-05-20 09:41:05,2563.7,83498
2021-05-20 09:41:08,2564.5,83511
2021-05-20 09:41:14,2567.15,84693
2021-05-20 09:41:20,2566.0,85112
2021-05-20 09:41:23,2567.5,85278
2021-05-20 09:41:25,2567.3,85280
2021-05-20 09:41:28,2565.65,85352
2021-05-20 09:41:30,2565.75,85692
2021-05-20 09:41:36,2565.45,85785
2021-05-20 09:41:39,2565.45,85785
2021-05-20 09:41:42,2566.05,86350
2021-05-20 09:41:45,2568.0,86539
2021-05-20 09:41:48,2567.0,86584
2021-05-20 09:41:51,2568.4,86624
2021-05-20 09:41:54,2568.0,86726
2021-05-20 09:41:57,2567.6,87193
2021-05-20 09:42:00,2569.0,87205
2021-05-20 09:42:03,2567.65,87264
2021-05-20 09:42:06,2568.4,87644
2021-05-20 09:42:08,2568.85,87660
2021-05-20 09:42:11,2567.6,87701
2021-05-20 09:42:14,2569.0,88391
2021-05-20 09:42:17,2568.4,88417
2021-05-20 09:42:19,2568.0,88445
2021-05-20 09:42:22,2568.85,88537
2021-05-20 09:42:26,2568.15,89151
2021-05-20 09:42:29,2568.0,89315
2021-05-20 09:42:32,2567.7,89442
2021-05-20 09:42:38,2567.9,89743
2021-05-20 09:42:40,2567.9,89755
2021-05-20 09:42:43,2566.05,89756
2021-05-20 09:42:46,2566.15,89856
2021-05-20 09:42:50,2567.9,90064
2021-05-20 09:42:56,2569.8,96705
2021-05-20 09:43:01,2571.15,97501
2021-05-20 09:43:04,2572.0,97567
2021-05-20 09:43:07,2571.0,97747
2021-05-20 09:43:09,2571.0,97747
2021-05-20 09:43:12,2570.55,97757
2021-05-20 09:43:15,2570.55,97761
2021-05-20 09:43:18,2571.0,97791
2021-05-20 09:43:24,2572.0,98214
2021-05-20 09:43:26,2572.0,98217
2021-05-20 09:43:32,2572.0,98386
2021-05-20 09:43:35,2571.45,98580
2021-05-20 09:43:38,2572.4,98822
2021-05-20 09:43:41,2573.6,98828
2021-05-20 09:43:44,2573.65,98929
2021-05-20 09:43:47,2573.65,98929
2021-05-20 09:43:50,2574.15,99233
2021-05-20 09:43:53,2572.05,99255
2021-05-20 09:43:56,2573.65,99485
2021-05-20 09:43:59,2572.2,99815
2021-05-20 09:44:01,2572.15,99831
2021-05-20 09:44:04,2570.4,100835
2021-05-20 09:44:07,2570.0,100896
2021-05-20 09:44:13,2568.05,101182
2021-05-20 09:44:16,2568.05,101182
2021-05-20 09:44:19,2568.0,101197
2021-05-20 09:44:21,2568.0,101249
2021-05-20 09:44:24,2568.0,101253
2021-05-20 09:44:27,2568.0,101308
2021-05-20 09:44:30,2568.6,101698
2021-05-20 09:44:33,2570.15,101779
2021-05-20 09:44:36,2570.2,101782
2021-05-20 09:44:39,2570.2,101782
2021-05-20 09:44:41,2570.2,101782
2021-05-20 09:44:44,2570.2,101782
2021-05-20 09:44:47,2569.35,101784
2021-05-20 09:44:50,2570.85,102084
2021-05-20 09:44:56,2570.0,102279
2021-05-20 09:44:59,2570.0,102284
2021-05-20 09:45:02,2570.0,102284
2021-05-20 09:45:05,2570.0,102284
2021-05-20 09:45:08,2570.0,102597
2021-05-20 09:45:11,2570.85,102799
2021-05-20 09:45:15,2570.75,102925
2021-05-20 09:45:17,2570.75,102925
2021-05-20 09:45:20,2569.0,102927
2021-05-20 09:45:22,2570.2,102947
2021-05-20 09:45:25,2569.7,102949
2021-05-20 09:45:27,2569.0,102959
2021-05-20 09:45:30,2569.7,102960
2021-05-20 09:45:36,2569.7,103189
2021-05-20 09:45:39,2569.15,103190
2021-05-20 09:45:41,2569.15,103190
2021-05-20 09:45:44,2569.7,103216
2021-05-20 09:45:47,2572.0,103850
2021-05-20 09:45:53,2572.35,104287
2021-05-20 09:45:55,2574.4,104302
2021-05-20 09:45:58,2572.55,104383
2021-05-20 09:46:00,2574.0,104436
2021-05-20 09:46:03,2573.85,104448
2021-05-20 09:46:05,2572.35,104514
2021-05-20 09:46:08,2573.85,104516
2021-05-20 09:46:09,2573.85,104516
2021-05-20 09:46:10,2573.85,104516
2021-05-20 09:46:11,2573.65,104526
2021-05-20 09:46:12,2572.35,104544
2021-05-20 09:46:13,2572.35,104544
2021-05-20 09:46:14,2573.65,104654
2021-05-20 09:46:15,2573.65,104704
2021-05-20 09:46:16,2573.65,104704
2021-05-20 09:46:17,2572.35,104706
2021-05-20 09:46:18,2573.6,104728
2021-05-20 09:46:19,2573.6,104828
2021-05-20 09:46:20,2573.0,105130
2021-05-20 09:46:20,2573.0,105130
2021-05-20 09:46:21,2573.0,105130
2021-05-20 09:46:23,2573.0,105130
2021-05-20 09:46:24,2573.4,105140
2021-05-20 09:46:25,2573.4,105140
2021-05-20 09:46:26,2573.4,105140
2021-05-20 09:46:28,2572.35,105165
2021-05-20 09:46:29,2572.35,105165
2021-05-20 09:46:31,2572.35,105220
2021-05-20 09:46:32,2572.35,105220
2021-05-20 09:46:33,2572.35,105220
2021-05-20 09:46:34,2570.1,105233
2021-05-20 09:46:35,2570.1,105233
2021-05-20 09:46:36,2570.1,105233
2021-05-20 09:46:37,2571.75,105251
2021-05-20 09:46:38,2571.8,105261
2021-05-20 09:46:38,2571.8,105261
2021-05-20 09:46:40,2572.3,105381
2021-05-20 09:46:41,2572.3,105381
2021-05-20 09:46:42,2572.3,105381
2021-05-20 09:46:43,2572.3,105381
2021-05-20 09:46:44,2570.0,105402
2021-05-20 09:46:45,2571.75,105412
2021-05-20 09:46:46,2569.9,105481
2021-05-20 09:46:47,2569.9,105481
2021-05-20 09:46:48,2569.9,105481
2021-05-20 09:46:49,2571.15,105512
2021-05-20 09:46:50,2571.15,105512
2021-05-20 09:46:51,2569.6,105522
2021-05-20 09:46:52,2569.6,105522
2021-05-20 09:46:52,2569.6,105522
2021-05-20 09:46:53,2569.6,105522
2021-05-20 09:46:55,2569.85,105770
2021-05-20 09:46:56,2569.0,105835
2021-05-20 09:46:57,2569.5,105985
2021-05-20 09:46:58,2567.35,106529
2021-05-20 09:46:59,2567.35,106529
2021-05-20 09:47:00,2567.35,106529
2021-05-20 09:47:01,2566.85,106631
2021-05-20 09:47:02,2566.85,106631
2021-05-20 09:47:03,2566.85,106641
2021-05-20 09:47:04,2566.85,106656
2021-05-20 09:47:05,2566.85,106706
2021-05-20 09:47:06,2566.85,106781
2021-05-20 09:47:07,2566.85,106781
2021-05-20 09:47:08,2567.25,107081
2021-05-20 09:47:09,2567.25,107081
2021-05-20 09:47:10,2567.25,107081
2021-05-20 09:47:12,2565.25,107201
2021-05-20 09:47:11,2567.25,107081
2021-05-20 09:47:13,2565.2,107227
2021-05-20 09:47:14,2565.2,107227
2021-05-20 09:47:15,2565.0,107384
2021-05-20 09:47:16,2565.0,107384
2021-05-20 09:47:17,2565.0,107384
2021-05-20 09:47:18,2566.15,107435
2021-05-20 09:47:19,2566.0,107455
2021-05-20 09:47:20,2564.95,107630
2021-05-20 09:47:21,2564.95,107631
2021-05-20 09:47:22,2565.0,107685
2021-05-20 09:47:23,2565.0,107695
2021-05-20 09:47:24,2565.0,107695
2021-05-20 09:47:25,2565.0,107695
2021-05-20 09:47:26,2565.0,107695
2021-05-20 09:47:27,2565.0,107700
2021-05-20 09:47:28,2563.75,107739
2021-05-20 09:47:29,2565.0,107749
2021-05-20 09:47:30,2565.0,107749
2021-05-20 09:47:31,2565.0,107749
2021-05-20 09:47:32,2563.5,107799
2021-05-20 09:47:33,2563.5,107799
2021-05-20 09:47:34,2563.3,107849
2021-05-20 09:47:35,2562.45,108089
2021-05-20 09:47:36,2563.5,108189
2021-05-20 09:47:37,2563.5,108189
2021-05-20 09:47:38,2562.8,108194
2021-05-20 09:47:39,2562.8,108194
2021-05-20 09:47:40,2563.7,108355
2021-05-20 09:47:41,2564.8,108356
2021-05-20 09:47:42,2564.85,108392
2021-05-20 09:47:43,2563.4,108513
2021-05-20 09:47:44,2563.4,108513
2021-05-20 09:47:45,2563.4,108513
2021-05-20 09:47:47,2563.4,108513
2021-05-20 09:47:48,2563.4,108513
2021-05-20 09:47:49,2563.4,108513
2021-05-20 09:47:50,2563.5,108533
2021-05-20 09:47:51,2564.7,108648
2021-05-20 09:47:52,2567.95,109873
2021-05-20 09:47:53,2567.95,109873
2021-05-20 09:47:57,2568.3,109878
2021-05-20 09:48:00,2567.25,109879
2021-05-20 09:48:01,2567.35,109883
2021-05-20 09:48:02,2567.35,109883
2021-05-20 09:48:03,2567.35,109883
2021-05-20 09:48:04,2567.35,109883
2021-05-20 09:48:05,2569.1,109898
2021-05-20 09:48:06,2569.1,109898
2021-05-20 09:48:07,2569.1,109898
2021-05-20 09:48:08,2569.1,109898
2021-05-20 09:48:09,2569.1,109898
2021-05-20 09:48:10,2569.1,109898
2021-05-20 09:48:11,2567.25,109999
2021-05-20 09:48:12,2567.25,109999
2021-05-20 09:48:13,2567.25,109999
2021-05-20 09:48:14,2567.25,109999
2021-05-20 09:48:15,2567.25,109999
2021-05-20 09:48:16,2567.25,109999
2021-05-20 09:48:17,2567.6,110049
2021-05-20 09:48:18,2567.0,110082
2021-05-20 09:48:19,2567.0,110082
2021-05-20 09:48:21,2567.0,110082
2021-05-20 09:48:22,2567.0,110082
2021-05-20 09:48:23,2567.0,110082
2021-05-20 09:48:24,2567.55,110102
2021-05-20 09:48:25,2567.55,110102
2021-05-20 09:48:26,2567.55,110102
2021-05-20 09:48:27,2567.55,110102
2021-05-20 09:48:29,2568.0,110152
2021-05-20 09:48:30,2568.0,110152
2021-05-20 09:48:31,2569.0,110192
2021-05-20 09:48:32,2569.0,110192
2021-05-20 09:48:33,2569.0,110192
2021-05-20 09:48:35,2569.0,110192
2021-05-20 09:48:36,2569.0,110192
2021-05-20 09:48:37,2567.4,110261
2021-05-20 09:48:38,2568.55,110266
2021-05-20 09:48:39,2569.0,110276
2021-05-20 09:48:40,2569.0,110276
2021-05-20 09:48:41,2567.85,110321
2021-05-20 09:48:42,2567.85,110321
2021-05-20 09:48:43,2567.85,110321
2021-05-20 09:48:44,2567.85,110321
2021-05-20 09:48:45,2569.0,110340
2021-05-20 09:48:46,2569.0,110340
2021-05-20 09:48:47,2569.0,110340
2021-05-20 09:48:48,2569.0,110340
2021-05-20 09:48:49,2569.0,110340
2021-05-20 09:48:50,2569.0,110340
2021-05-20 09:48:51,2567.55,110390
2021-05-20 09:48:52,2567.55,110390
2021-05-20 09:48:53,2567.55,110390
2021-05-20 09:48:54,2567.55,110390
2021-05-20 09:48:55,2567.55,110390
2021-05-20 09:48:56,2567.85,110395
2021-05-20 09:48:57,2567.85,110395
2021-05-20 09:48:58,2567.85,110395
2021-05-20 09:48:59,2567.85,110400
2021-05-20 09:49:00,2567.85,110400
2021-05-20 09:49:02,2568.3,110431
2021-05-20 09:49:03,2568.3,110431
2021-05-20 09:49:04,2568.3,110431
2021-05-20 09:49:05,2568.3,110431
2021-05-20 09:49:06,2568.3,110431
2021-05-20 09:49:09,2567.0,110436
2021-05-20 09:49:10,2567.0,110436
2021-05-20 09:49:11,2568.3,110461
2021-05-20 09:49:12,2568.3,110461
2021-05-20 09:49:13,2568.3,110461
2021-05-20 09:49:14,2568.3,110461
2021-05-20 09:49:15,2568.3,110461
2021-05-20 09:49:16,2568.3,110461
2021-05-20 09:49:18,2568.3,110461
2021-05-20 09:49:19,2568.3,110461
2021-05-20 09:49:20,2567.0,110474
2021-05-20 09:49:21,2567.0,110474
2021-05-20 09:49:22,2567.0,110474
2021-05-20 09:49:22,2567.0,110474
2021-05-20 09:49:23,2567.0,110474
2021-05-20 09:49:24,2567.0,110474
2021-05-20 09:49:26,2567.0,110484
2021-05-20 09:49:27,2568.0,110784
2021-05-20 09:49:28,2568.3,110785
2021-05-20 09:49:29,2568.3,110785
2021-05-20 09:49:29,2568.3,110785
2021-05-20 09:49:30,2568.3,110785
2021-05-20 09:49:31,2567.95,110800
2021-05-20 09:49:32,2567.95,110800
2021-05-20 09:49:34,2567.95,110804
2021-05-20 09:49:34,2567.0,110904
2021-05-20 09:49:35,2567.0,110904
2021-05-20 09:49:36,2567.0,110904
2021-05-20 09:49:37,2567.0,110904
2021-05-20 09:49:38,2567.0,110904
2021-05-20 09:49:39,2568.0,110910
2021-05-20 09:49:40,2567.0,110960
2021-05-20 09:49:41,2567.0,110960
2021-05-20 09:49:43,2567.0,110960
2021-05-20 09:49:45,2567.0,110960
2021-05-20 09:49:45,2567.0,110960
2021-05-20 09:49:46,2567.0,110960
2021-05-20 09:49:47,2568.0,111310
2021-05-20 09:49:48,2568.0,111310
2021-05-20 09:49:50,2568.0,111310
2021-05-20 09:49:51,2568.0,111315
2021-05-20 09:49:52,2568.0,111315
2021-05-20 09:49:53,2568.0,111315
2021-05-20 09:49:54,2568.0,111315
2021-05-20 09:49:54,2568.0,111315
2021-05-20 09:49:55,2567.75,111350
2021-05-20 09:49:56,2567.75,111350
2021-05-20 09:49:57,2566.6,111400
2021-05-20 09:49:58,2566.15,111413
2021-05-20 09:50:00,2566.15,111413
2021-05-20 09:50:04,2566.15,111419
2021-05-20 09:50:05,2566.15,111419
2021-05-20 09:50:06,2565.25,111827
2021-05-20 09:50:07,2565.25,111827
2021-05-20 09:50:08,2565.25,111827
2021-05-20 09:50:09,2567.15,111952
2021-05-20 09:50:10,2567.15,111952
2021-05-20 09:50:11,2568.0,112302
2021-05-20 09:50:12,2568.0,112302
2021-05-20 09:50:13,2568.0,112302
2021-05-20 09:50:14,2568.0,112302
2021-05-20 09:50:15,2568.0,112302
2021-05-20 09:50:16,2568.0,112302
2021-05-20 09:50:18,2568.0,112302
2021-05-20 09:50:19,2566.1,112332
2021-05-20 09:50:20,2567.75,112333
2021-05-20 09:50:22,2567.75,112333
2021-05-20 09:50:24,2567.75,112333
2021-05-20 09:50:25,2567.35,112336
2021-05-20 09:50:26,2567.35,112340
2021-05-20 09:50:27,2567.35,112340
2021-05-20 09:50:28,2567.35,112340
2021-05-20 09:50:29,2567.2,112342
2021-05-20 09:50:30,2567.2,112342
2021-05-20 09:50:31,2567.2,112342
2021-05-20 09:50:32,2567.2,112342
2021-05-20 09:50:33,2567.2,112342
2021-05-20 09:50:34,2567.2,112342
2021-05-20 09:50:35,2567.2,112342
2021-05-20 09:50:36,2567.2,112342
2021-05-20 09:50:37,2567.2,112342
2021-05-20 09:50:39,2567.2,112342
2021-05-20 09:50:41,2566.0,112352
2021-05-20 09:50:42,2566.0,112352
2021-05-20 09:50:43,2566.0,112352
2021-05-20 09:50:44,2566.0,112352
2021-05-20 09:50:45,2566.0,112352
2021-05-20 09:50:46,2566.0,112352
2021-05-20 09:50:47,2566.0,112352
2021-05-20 09:50:48,2566.0,112352
2021-05-20 09:50:49,2566.0,112352
2021-05-20 09:50:50,2566.0,112352
2021-05-20 09:50:51,2566.0,112352
2021-05-20 09:50:53,2566.0,112352
2021-05-20 09:50:54,2566.0,112352
2021-05-20 09:50:55,2564.0,112508
2021-05-20 09:50:54,2564.0,112508
2021-05-20 09:50:56,2564.0,112508
2021-05-20 09:50:57,2564.0,112510
2021-05-20 09:50:58,2564.0,112522
2021-05-20 09:50:59,2564.0,112522
2021-05-20 09:51:00,2564.0,112522
2021-05-20 09:51:01,2564.0,112522
2021-05-20 09:51:02,2564.0,112522
2021-05-20 09:51:04,2564.0,112523
2021-05-20 09:51:04,2564.0,112523
2021-05-20 09:51:05,2563.45,112573
2021-05-20 09:51:06,2563.45,112573
2021-05-20 09:51:07,2563.45,112574
2021-05-20 09:51:08,2563.45,112574
2021-05-20 09:51:09,2563.45,112574
2021-05-20 09:51:10,2563.45,112574
2021-05-20 09:51:11,2563.45,112579
2021-05-20 09:51:13,2563.45,112583
2021-05-20 09:51:14,2564.85,112697
2021-05-20 09:51:15,2564.85,112697
2021-05-20 09:51:16,2564.85,112697
2021-05-20 09:51:17,2563.4,112698
2021-05-20 09:51:18,2563.4,112713
2021-05-20 09:51:19,2563.4,112713
2021-05-20 09:51:20,2563.4,112739
2021-05-20 09:51:21,2563.0,112777
2021-05-20 09:51:22,2563.0,112777
2021-05-20 09:51:22,2563.0,112777
2021-05-20 09:51:23,2563.0,112777
2021-05-20 09:51:24,2562.7,112807
2021-05-20 09:51:25,2562.7,112807
2021-05-20 09:51:26,2562.7,112807
2021-05-20 09:51:27,2562.7,112807
2021-05-20 09:51:28,2562.7,112807
2021-05-20 09:51:29,2563.9,112861
2021-05-20 09:51:30,2563.9,112861
2021-05-20 09:51:31,2563.9,112861
2021-05-20 09:51:32,2563.9,112861
2021-05-20 09:51:34,2563.9,112861
2021-05-20 09:51:35,2563.9,112861
2021-05-20 09:51:36,2562.05,112864
2021-05-20 09:51:37,2562.05,112864
2021-05-20 09:51:38,2562.05,112864
2021-05-20 09:51:39,2562.05,112864
2021-05-20 09:51:40,2562.0,112904
2021-05-20 09:51:41,2563.4,113004
2021-05-20 09:51:42,2563.4,113004
2021-05-20 09:51:43,2563.4,113004
2021-05-20 09:51:43,2562.1,113024
2021-05-20 09:51:44,2562.0,113224
2021-05-20 09:51:45,2562.0,113224
2021-05-20 09:51:46,2563.7,113274
2021-05-20 09:51:47,2563.7,113274
2021-05-20 09:51:48,2563.7,113274
2021-05-20 09:51:49,2562.2,113294
2021-05-20 09:51:51,2562.0,113434
2021-05-20 09:51:51,2562.0,113434
2021-05-20 09:51:53,2562.0,113434
2021-05-20 09:51:53,2562.0,113434
2021-05-20 09:51:54,2562.0,113434
2021-05-20 09:51:55,2562.0,113434
2021-05-20 09:51:57,2562.0,113454
2021-05-20 09:51:57,2562.0,113454
2021-05-20 09:51:58,2562.0,113478
2021-05-20 09:52:00,2562.0,113579
2021-05-20 09:52:00,2562.0,114084
2021-05-20 09:52:01,2562.0,114084
2021-05-20 09:52:02,2562.0,114099
2021-05-20 09:52:03,2562.0,114099
2021-05-20 09:52:04,2562.0,114099
2021-05-20 09:52:05,2562.0,114104
2021-05-20 09:52:06,2562.0,114129
2021-05-20 09:52:07,2562.4,114131
2021-05-20 09:52:08,2562.4,114131
2021-05-20 09:52:09,2562.4,114131
2021-05-20 09:52:10,2562.4,114131
2021-05-20 09:52:11,2562.0,114134
2021-05-20 09:52:12,2561.35,114169
2021-05-20 09:52:13,2561.4,114170
2021-05-20 09:52:14,2561.4,114170
2021-05-20 09:52:16,2562.4,114172
2021-05-20 09:52:17,2562.4,114172
2021-05-20 09:52:18,2562.4,114172
2021-05-20 09:52:21,2562.4,114172
2021-05-20 09:52:23,2562.4,114172
2021-05-20 09:52:24,2562.4,114172
2021-05-20 09:52:24,2562.4,114175
2021-05-20 09:52:25,2562.0,114180
2021-05-20 09:52:26,2562.0,114180
2021-05-20 09:52:27,2562.0,114220
2021-05-20 09:52:29,2562.0,114220
2021-05-20 09:52:30,2562.0,114220
2021-05-20 09:52:31,2561.35,114230
2021-05-20 09:52:33,2562.05,114250
2021-05-20 09:52:34,2562.05,114250
2021-05-20 09:52:36,2562.05,114250
2021-05-20 09:52:36,2562.1,114342
2021-05-20 09:52:37,2562.45,114864
2021-05-20 09:52:38,2562.45,114864
2021-05-20 09:52:39,2562.1,114879
2021-05-20 09:52:40,2562.1,114879
2021-05-20 09:52:41,2562.1,114880
2021-05-20 09:52:42,2562.1,114880
2021-05-20 09:52:43,2562.0,114930
2021-05-20 09:52:44,2562.0,114930
2021-05-20 09:52:46,2562.0,114930
2021-05-20 09:52:47,2561.45,114950
2021-05-20 09:52:48,2561.45,114950
2021-05-20 09:52:49,2561.45,114950
2021-05-20 09:52:49,2561.45,114950
2021-05-20 09:52:50,2562.0,114951
2021-05-20 09:52:51,2562.0,114951
2021-05-20 09:52:52,2561.35,114965
2021-05-20 09:52:53,2561.35,114965
2021-05-20 09:52:54,2561.35,114965
2021-05-20 09:52:55,2562.0,114966
2021-05-20 09:52:57,2562.0,114966
2021-05-20 09:52:57,2562.0,114966
2021-05-20 09:52:58,2561.5,114976
2021-05-20 09:53:00,2561.5,114976
2021-05-20 09:53:00,2561.5,114976
2021-05-20 09:53:01,2561.5,114976
2021-05-20 09:53:02,2561.8,114978
2021-05-20 09:53:04,2560.1,115025
2021-05-20 09:53:05,2560.1,115025
2021-05-20 09:53:06,2561.5,115035
2021-05-20 09:53:06,2561.5,115035
2021-05-20 09:53:07,2561.5,115065
2021-05-20 09:53:08,2561.5,115065
2021-05-20 09:53:09,2561.5,115065
2021-05-20 09:53:10,2561.5,115065
2021-05-20 09:53:13,2561.5,115065
2021-05-20 09:53:14,2561.5,115065
2021-05-20 09:53:15,2559.05,115175
2021-05-20 09:53:15,2559.05,115175
2021-05-20 09:53:16,2559.05,115175
2021-05-20 09:53:17,2559.05,115175
2021-05-20 09:53:18,2559.05,115175
2021-05-20 09:53:19,2559.05,115175
2021-05-20 09:53:20,2559.05,115175
2021-05-20 09:53:21,2559.05,115175
2021-05-20 09:53:22,2559.05,115175
2021-05-20 09:53:23,2558.5,115243
2021-05-20 09:53:24,2558.5,115283
2021-05-20 09:53:25,2558.5,115303
2021-05-20 09:53:26,2558.5,115303
2021-05-20 09:53:27,2560.4,115471
2021-05-20 09:53:28,2559.15,115474
2021-05-20 09:53:29,2559.15,115474
2021-05-20 09:53:30,2559.15,115474
2021-05-20 09:53:32,2560.0,115524
2021-05-20 09:53:34,2560.4,115550
2021-05-20 09:53:35,2560.4,115550
2021-05-20 09:53:36,2560.4,115550
2021-05-20 09:53:37,2560.5,115601
2021-05-20 09:53:39,2560.4,115656
2021-05-20 09:53:39,2560.4,115656
2021-05-20 09:53:41,2560.4,115756
2021-05-20 09:53:42,2560.4,115756
2021-05-20 09:53:43,2560.4,115756
2021-05-20 09:53:44,2560.4,115764
2021-05-20 09:53:45,2560.4,115764
2021-05-20 09:53:47,2559.25,115888
2021-05-20 09:53:48,2559.25,115888
2021-05-20 09:53:49,2559.25,115888
2021-05-20 09:53:50,2559.25,115888
2021-05-20 09:53:51,2559.25,115888
2021-05-20 09:53:52,2560.0,115890
2021-05-20 09:53:53,2560.0,115890
2021-05-20 09:53:54,2560.0,115890
2021-05-20 09:53:54,2560.0,115890
2021-05-20 09:53:56,2560.0,115891
2021-05-20 09:53:57,2560.0,115891
2021-05-20 09:53:57,2560.0,115891
2021-05-20 09:53:59,2560.0,115891
2021-05-20 09:54:02,2560.0,115891
2021-05-20 09:54:04,2560.0,115891
2021-05-20 09:54:05,2559.15,115927
2021-05-20 09:54:06,2560.0,116127
2021-05-20 09:54:07,2560.0,116127
2021-05-20 09:54:08,2560.0,116127
2021-05-20 09:54:10,2560.0,116132
2021-05-20 09:54:11,2560.0,116132
2021-05-20 09:54:12,2559.05,116139
2021-05-20 09:54:13,2559.05,116139
2021-05-20 09:54:14,2560.0,116179
2021-05-20 09:54:15,2560.0,116179
2021-05-20 09:54:16,2560.0,116179
2021-05-20 09:54:17,2560.0,116179
2021-05-20 09:54:18,2560.0,116179
2021-05-20 09:54:18,2559.05,116269
2021-05-20 09:54:19,2560.0,116319
2021-05-20 09:54:20,2560.0,116319
2021-05-20 09:54:22,2560.0,116319
2021-05-20 09:54:23,2560.0,116319
2021-05-20 09:54:24,2560.0,116319
2021-05-20 09:54:25,2560.0,116319
2021-05-20 09:54:25,2560.0,116319
2021-05-20 09:54:27,2560.0,116319
2021-05-20 09:54:30,2560.0,116321
2021-05-20 09:54:31,2560.0,116321
2021-05-20 09:54:35,2560.0,116321
2021-05-20 09:54:37,2560.0,116321
2021-05-20 09:54:39,2560.0,116321
2021-05-20 09:54:40,2560.0,116321
2021-05-20 09:54:41,2560.0,116321
2021-05-20 09:54:42,2560.0,116321
2021-05-20 09:54:43,2559.1,116324
2021-05-20 09:54:44,2559.1,116324
2021-05-20 09:54:46,2560.0,116334
2021-05-20 09:54:48,2560.0,116335
2021-05-20 09:54:49,2560.0,116335
2021-05-20 09:54:50,2559.1,116337
2021-05-20 09:54:51,2559.1,116337
2021-05-20 09:54:54,2559.1,116337
2021-05-20 09:54:55,2559.1,116337
2021-05-20 09:54:56,2559.1,116337
2021-05-20 09:54:57,2559.1,116337
2021-05-20 09:54:58,2559.0,116450
2021-05-20 09:54:58,2559.0,116450
2021-05-20 09:54:59,2559.0,116450
2021-05-20 09:55:00,2559.0,116450
2021-05-20 09:55:02,2559.0,116450
2021-05-20 09:55:03,2559.1,116460
2021-05-20 09:55:04,2559.1,116462
2021-05-20 09:55:05,2559.1,116499
2021-05-20 09:55:06,2559.1,116499
2021-05-20 09:55:07,2559.1,116499
2021-05-20 09:55:08,2559.1,116502
2021-05-20 09:55:09,2559.45,116543
2021-05-20 09:55:10,2559.45,116543
2021-05-20 09:55:11,2559.45,116543
2021-05-20 09:55:12,2559.45,116543
2021-05-20 09:55:13,2559.75,116546
2021-05-20 09:55:14,2559.75,116546
2021-05-20 09:55:15,2559.1,116548
2021-05-20 09:55:16,2559.75,116573
2021-05-20 09:55:17,2559.75,116573
2021-05-20 09:55:19,2559.75,116573
2021-05-20 09:55:20,2559.1,116576
2021-05-20 09:55:22,2559.1,116664
2021-05-20 09:55:23,2559.1,116664
2021-05-20 09:55:24,2559.1,116667
2021-05-20 09:55:25,2558.5,116757
2021-05-20 09:55:26,2558.5,116757
2021-05-20 09:55:27,2558.95,116762
2021-05-20 09:55:28,2558.95,116762
2021-05-20 09:55:29,2558.95,116787
2021-05-20 09:55:30,2558.95,116787
2021-05-20 09:55:31,2558.95,116787
2021-05-20 09:55:32,2558.95,116787
2021-05-20 09:55:33,2558.95,116787
2021-05-20 09:55:34,2558.95,116787
2021-05-20 09:55:34,2558.95,116787
2021-05-20 09:55:36,2558.95,116787
2021-05-20 09:55:37,2558.95,116787
2021-05-20 09:55:38,2558.95,116787
2021-05-20 09:55:39,2558.95,116787
2021-05-20 09:55:40,2558.15,116807
2021-05-20 09:55:41,2558.15,116807
2021-05-20 09:55:42,2558.15,116807
2021-05-20 09:55:44,2558.15,116807
2021-05-20 09:55:45,2558.15,116807
2021-05-20 09:55:46,2558.15,116807
2021-05-20 09:55:47,2558.15,116807
2021-05-20 09:55:48,2558.15,116818
2021-05-20 09:55:50,2559.3,117578
2021-05-20 09:55:51,2559.3,117578
2021-05-20 09:55:52,2559.3,117578
2021-05-20 09:55:52,2559.3,117578
2021-05-20 09:55:54,2559.3,117578
2021-05-20 09:55:55,2559.3,117578
2021-05-20 09:55:56,2559.5,117588
2021-05-20 09:55:57,2559.5,117588
2021-05-20 09:55:58,2559.5,117588
2021-05-20 09:55:59,2559.5,117588
2021-05-20 09:56:00,2559.5,117588
2021-05-20 09:56:01,2559.5,117588
2021-05-20 09:56:02,2559.5,117608
2021-05-20 09:56:04,2559.5,117609
2021-05-20 09:56:07,2558.6,117612
2021-05-20 09:56:08,2558.6,117612
2021-05-20 09:56:09,2558.6,117612
2021-05-20 09:56:11,2558.6,117612
2021-05-20 09:56:13,2559.5,117613
2021-05-20 09:56:16,2559.5,117614
2021-05-20 09:56:18,2559.5,117614
2021-05-20 09:56:21,2559.0,117615
2021-05-20 09:56:23,2559.0,117615
2021-05-20 09:56:26,2559.5,117667
2021-05-20 09:56:28,2559.5,117667
2021-05-20 09:56:30,2559.5,117667
2021-05-20 09:56:33,2559.5,117667
2021-05-20 09:56:37,2558.2,117819
2021-05-20 09:56:40,2558.2,117819
2021-05-20 09:56:42,2558.2,117819
2021-05-20 09:56:44,2558.2,117819
2021-05-20 09:56:46,2558.2,117819
2021-05-20 09:56:48,2558.2,118010
2021-05-20 09:56:51,2558.2,118010
2021-05-20 09:56:53,2559.05,118030
2021-05-20 09:56:56,2559.05,118030
2021-05-20 09:56:58,2559.05,118030
2021-05-20 09:57:00,2559.05,118030
2021-05-20 09:57:03,2558.15,118035
2021-05-20 09:57:05,2558.15,118040
2021-05-20 09:57:08,2558.0,118046
2021-05-20 09:57:11,2558.0,118216
2021-05-20 09:57:14,2558.65,118217
2021-05-20 09:57:16,2558.65,118245
2021-05-20 09:57:19,2558.65,118245
2021-05-20 09:57:21,2558.7,118420
2021-05-20 09:57:23,2558.7,118426
2021-05-20 09:57:25,2558.7,118426
2021-05-20 09:57:28,2558.7,118426
2021-05-20 09:57:30,2558.7,118427
2021-05-20 09:57:33,2558.1,118546
2021-05-20 09:57:36,2558.1,118546
2021-05-20 09:57:42,2558.1,118648
2021-05-20 09:57:44,2558.1,118648
2021-05-20 09:57:47,2558.1,118651
2021-05-20 09:57:49,2558.1,118654
2021-05-20 09:57:52,2558.15,118655
2021-05-20 09:57:55,2558.1,118841
2021-05-20 09:57:58,2558.15,118843
2021-05-20 09:58:00,2558.1,118845
2021-05-20 09:58:02,2557.3,118957
2021-05-20 09:58:07,2557.3,118961
2021-05-20 09:58:10,2557.3,118961
2021-05-20 09:58:12,2557.3,118974
2021-05-20 09:58:14,2557.3,118974
2021-05-20 09:58:16,2557.7,118985
2021-05-20 09:58:18,2557.7,118985
2021-05-20 09:58:21,2558.5,119427
2021-05-20 09:58:24,2557.2,119756
2021-05-20 09:58:27,2557.55,119761
2021-05-20 09:58:29,2557.55,119761
2021-05-20 09:58:32,2558.25,119811
2021-05-20 09:58:37,2557.0,119820
2021-05-20 09:58:39,2557.0,119820
2021-05-20 09:58:42,2557.0,119877
2021-05-20 09:58:44,2557.0,119877
2021-05-20 09:58:47,2557.0,119877
2021-05-20 09:58:50,2557.0,119877
2021-05-20 09:58:52,2557.0,119877
2021-05-20 09:58:55,2557.0,119877
2021-05-20 09:58:59,2557.0,119877
2021-05-20 09:59:02,2557.0,119877
2021-05-20 09:59:05,2557.0,119877
2021-05-20 09:59:07,2557.0,119877
2021-05-20 09:59:10,2557.0,119922
2021-05-20 09:59:12,2557.0,119940
2021-05-20 09:59:15,2557.0,119942
2021-05-20 09:59:17,2557.0,119942
2021-05-20 09:59:20,2557.0,119942
2021-05-20 09:59:22,2557.15,119948
2021-05-20 09:59:24,2557.15,119948
2021-05-20 09:59:27,2557.15,119948
2021-05-20 09:59:29,2557.0,120037
2021-05-20 09:59:32,2557.0,120037
2021-05-20 09:59:35,2557.9,120046
2021-05-20 09:59:37,2557.9,120046
2021-05-20 09:59:40,2557.9,120046
2021-05-20 09:59:42,2557.9,120046
2021-05-20 09:59:45,2557.9,120046
2021-05-20 09:59:47,2557.9,120046
2021-05-20 09:59:50,2557.0,120048
2021-05-20 09:59:52,2557.0,120121
2021-05-20 09:59:55,2557.25,120294
2021-05-20 10:00:01,2557.0,120710
2021-05-20 10:00:04,2557.0,120710
2021-05-20 10:00:06,2557.0,120710
2021-05-20 10:00:09,2557.0,120711
2021-05-20 10:00:11,2557.0,120769
2021-05-20 10:00:14,2557.0,120769
2021-05-20 10:00:17,2557.0,120769
2021-05-20 10:00:20,2557.0,120769
2021-05-20 10:00:22,2557.0,120769
2021-05-20 10:00:25,2557.0,120769
2021-05-20 10:00:28,2557.45,120770
2021-05-20 10:00:30,2557.45,120770
2021-05-20 10:00:36,2557.0,120783
2021-05-20 10:00:38,2557.0,120783
2021-05-20 10:00:41,2557.0,120872
2021-05-20 10:00:46,2557.0,120872
2021-05-20 10:00:53,2557.25,121010
2021-05-20 10:00:56,2557.25,121010
2021-05-20 10:00:58,2557.25,121010
2021-05-20 10:01:00,2557.25,121021
2021-05-20 10:01:03,2557.0,121116
2021-05-20 10:01:06,2557.0,121116
2021-05-20 10:01:08,2557.0,121116
2021-05-20 10:01:11,2557.25,121120
2021-05-20 10:01:14,2557.25,121120
2021-05-20 10:01:16,2557.0,121136
2021-05-20 10:01:21,2557.0,121260
2021-05-20 10:01:24,2557.0,121265
2021-05-20 10:01:26,2557.15,121530
2021-05-20 10:01:28,2557.15,121530
2021-05-20 10:01:33,2557.15,121530
2021-05-20 10:01:36,2557.15,121530
2021-05-20 10:01:38,2557.15,121530
2021-05-20 10:01:40,2555.45,121585
2021-05-20 10:01:42,2555.45,121585
2021-05-20 10:01:45,2555.45,121585
2021-05-20 10:01:47,2555.45,121608
2021-05-20 10:01:52,2556.75,121678
2021-05-20 10:01:55,2556.75,121678
2021-05-20 10:01:57,2556.5,121688
2021-05-20 10:01:59,2556.5,121688
2021-05-20 10:02:02,2556.5,121688
2021-05-20 10:02:05,2556.5,121688
2021-05-20 10:02:07,2555.5,121785
2021-05-20 10:02:10,2555.5,121785
2021-05-20 10:02:12,2555.5,121785
2021-05-20 10:02:15,2555.5,121785
2021-05-20 10:02:18,2555.5,121785
2021-05-20 10:02:21,2556.15,121855
2021-05-20 10:02:23,2556.15,121855
2021-05-20 10:02:26,2556.15,121855
2021-05-20 10:02:29,2556.15,121855
2021-05-20 10:02:32,2556.15,121855
2021-05-20 10:02:34,2555.5,121865
2021-05-20 10:02:37,2555.95,121880
2021-05-20 10:02:39,2555.0,122510
2021-05-20 10:02:42,2555.0,122510
2021-05-20 10:02:45,2555.0,122510
2021-05-20 10:02:48,2555.0,122510
2021-05-20 10:02:50,2555.0,122605
2021-05-20 10:02:53,2555.0,122605
2021-05-20 10:02:58,2555.0,122605
2021-05-20 10:03:01,2555.0,122617
2021-05-20 10:03:04,2555.8,122842
2021-05-20 10:03:06,2555.05,122845
2021-05-20 10:03:08,2555.05,122845
2021-05-20 10:03:10,2555.8,122879
2021-05-20 10:03:13,2555.0,122984
2021-05-20 10:03:16,2555.8,122986
2021-05-20 10:03:18,2554.35,123061
2021-05-20 10:03:21,2555.8,123076
2021-05-20 10:03:23,2555.8,123076
2021-05-20 10:03:26,2554.65,123101
2021-05-20 10:03:29,2554.25,123122
2021-05-20 10:03:31,2553.75,123132
2021-05-20 10:03:34,2553.75,123132
2021-05-20 10:03:36,2553.75,123132
2021-05-20 10:03:39,2553.75,123132
2021-05-20 10:03:41,2553.95,123222
2021-05-20 10:03:44,2553.95,123222
2021-05-20 10:03:47,2554.85,123332
2021-05-20 10:03:49,2553.95,123337
2021-05-20 10:03:52,2553.95,123372
2021-05-20 10:03:55,2553.95,123372
2021-05-20 10:03:58,2553.6,123377
2021-05-20 10:04:03,2553.9,123397
2021-05-20 10:04:05,2553.9,123397
2021-05-20 10:04:08,2553.9,123397
2021-05-20 10:04:10,2553.8,123405
2021-05-20 10:04:12,2553.1,123491
2021-05-20 10:04:15,2553.1,123491
2021-05-20 10:04:17,2553.1,123491
2021-05-20 10:04:19,2553.7,123601
2021-05-20 10:04:22,2553.7,123601
2021-05-20 10:04:24,2553.0,123807
2021-05-20 10:04:26,2553.0,123807
2021-05-20 10:04:28,2553.2,123818
2021-05-20 10:04:31,2553.2,123823
2021-05-20 10:04:33,2553.2,123867
2021-05-20 10:04:36,2553.2,123909
2021-05-20 10:04:38,2553.0,124197
2021-05-20 10:04:40,2553.0,124197
2021-05-20 10:04:43,2552.2,124233
2021-05-20 10:04:45,2552.2,124233
2021-05-20 10:04:48,2552.2,124243
2021-05-20 10:04:50,2552.2,124243
2021-05-20 10:04:52,2552.2,124351
2021-05-20 10:04:54,2552.2,124351
2021-05-20 10:04:57,2552.2,124351
2021-05-20 10:04:59,2552.2,124351
2021-05-20 10:05:01,2552.9,124489
2021-05-20 10:05:04,2553.4,125019
2021-05-20 10:05:06,2552.6,125564
2021-05-20 10:05:08,2552.6,125564
2021-05-20 10:05:11,2552.6,125564
2021-05-20 10:05:13,2552.6,125564
2021-05-20 10:05:15,2555.0,125677
2021-05-20 10:05:17,2555.6,125906
2021-05-20 10:05:19,2555.7,125937
2021-05-20 10:05:22,2555.7,125937
2021-05-20 10:05:24,2555.7,125937
2021-05-20 10:05:26,2555.7,125937
2021-05-20 10:05:28,2555.7,125937
2021-05-20 10:05:33,2555.7,125978
2021-05-20 10:05:36,2556.45,126213
2021-05-20 10:05:38,2556.1,126238
2021-05-20 10:05:41,2556.1,126238
2021-05-20 10:05:43,2556.9,126258
2021-05-20 10:05:45,2556.9,126258
2021-05-20 10:05:48,2557.75,126416
2021-05-20 10:05:50,2556.35,126447
2021-05-20 10:05:53,2556.0,126482
2021-05-20 10:05:55,2556.9,126486
2021-05-20 10:05:58,2556.9,126486
2021-05-20 10:06:00,2556.0,126519
2021-05-20 10:06:02,2556.0,126519
2021-05-20 10:06:05,2556.95,126523
2021-05-20 10:06:07,2557.0,126583
2021-05-20 10:06:10,2557.2,126683
2021-05-20 10:06:12,2557.0,126688
2021-05-20 10:06:14,2557.0,126689
2021-05-20 10:06:16,2557.4,127069
2021-05-20 10:06:19,2557.4,127069
2021-05-20 10:06:21,2558.2,127119
2021-05-20 10:06:23,2558.2,127119
2021-05-20 10:06:25,2559.55,127219
2021-05-20 10:06:28,2558.3,127220
2021-05-20 10:06:30,2559.55,127281
2021-05-20 10:06:33,2559.55,127281
2021-05-20 10:06:36,2559.3,127710
2021-05-20 10:06:38,2560.15,127841
2021-05-20 10:06:40,2560.15,127841
2021-05-20 10:06:43,2560.5,127977
2021-05-20 10:06:45,2560.5,127977
2021-05-20 10:06:47,2560.5,127977
2021-05-20 10:06:50,2560.5,127977
2021-05-20 10:06:52,2560.5,127977
2021-05-20 10:06:54,2560.2,127982
2021-05-20 10:06:56,2560.2,127982
2021-05-20 10:06:58,2560.2,127982
2021-05-20 10:07:00,2562.0,128485
2021-05-20 10:07:02,2562.0,128485
2021-05-20 10:07:04,2562.0,128485
2021-05-20 10:07:09,2562.0,128593
2021-05-20 10:07:12,2562.0,128593
2021-05-20 10:07:14,2562.0,128593
2021-05-20 10:07:17,2562.0,128593
2021-05-20 10:07:19,2563.0,128803
2021-05-20 10:07:22,2563.0,128823
2021-05-20 10:07:24,2562.0,128827
2021-05-20 10:07:26,2560.7,128835
2021-05-20 10:07:29,2560.7,128835
2021-05-20 10:07:32,2560.15,128836
2021-05-20 10:07:35,2560.7,128886
2021-05-20 10:07:37,2560.7,128886
2021-05-20 10:07:39,2560.7,128921
2021-05-20 10:07:42,2560.7,128921
2021-05-20 10:07:44,2560.15,128922
2021-05-20 10:07:46,2560.15,128922
2021-05-20 10:07:49,2560.15,128922
2021-05-20 10:07:52,2560.15,128922
2021-05-20 10:07:54,2560.15,128922
2021-05-20 10:07:57,2560.15,128922
2021-05-20 10:07:59,2560.15,128922
2021-05-20 10:08:01,2560.9,128939
2021-05-20 10:08:04,2560.9,128939
2021-05-20 10:08:06,2560.9,128939
2021-05-20 10:08:08,2560.9,128939
2021-05-20 10:08:11,2560.9,128939
2021-05-20 10:08:13,2560.9,128939
2021-05-20 10:08:16,2560.9,128939
2021-05-20 10:08:18,2560.9,128939
2021-05-20 10:08:20,2560.9,128939
2021-05-20 10:08:23,2560.9,128939
2021-05-20 10:08:25,2560.9,128939
2021-05-20 10:08:27,2560.9,128939
2021-05-20 10:08:29,2559.8,129063
2021-05-20 10:08:32,2560.9,129073
2021-05-20 10:08:36,2560.9,129073
2021-05-20 10:08:38,2560.9,129073
2021-05-20 10:08:42,2560.9,129073
2021-05-20 10:08:45,2560.9,129073
2021-05-20 10:08:48,2560.7,129074
2021-05-20 10:08:50,2560.7,129074
2021-05-20 10:08:52,2560.7,129074
2021-05-20 10:08:54,2560.7,129074
2021-05-20 10:08:57,2560.7,129079
2021-05-20 10:08:59,2560.7,129079
2021-05-20 10:09:01,2560.7,129079
2021-05-20 10:09:03,2560.7,129079
2021-05-20 10:09:05,2560.0,129084
2021-05-20 10:09:07,2560.0,129084
2021-05-20 10:09:11,2560.0,129084
2021-05-20 10:09:14,2560.0,129084
2021-05-20 10:09:16,2560.0,129084
2021-05-20 10:09:18,2558.5,129134
2021-05-20 10:09:20,2558.5,129134
2021-05-20 10:09:22,2558.5,129134
2021-05-20 10:09:25,2557.3,129154
2021-05-20 10:09:27,2557.3,129154
2021-05-20 10:09:30,2557.3,129154
2021-05-20 10:09:32,2557.3,129154
2021-05-20 10:09:34,2557.3,129154
2021-05-20 10:09:39,2556.0,129455
2021-05-20 10:09:41,2556.1,129456
2021-05-20 10:09:44,2556.1,129456
2021-05-20 10:09:45,2557.3,129457
2021-05-20 10:09:47,2557.55,129832
2021-05-20 10:09:49,2557.55,129832
2021-05-20 10:09:52,2557.55,129832
2021-05-20 10:09:54,2557.55,129832
2021-05-20 10:09:57,2557.55,129832
2021-05-20 10:09:59,2557.55,129832
2021-05-20 10:10:01,2557.55,129832
2021-05-20 10:10:03,2557.55,129832
2021-05-20 10:10:05,2557.65,130182
2021-05-20 10:10:07,2557.1,130212
2021-05-20 10:10:10,2557.1,130212
2021-05-20 10:10:12,2557.1,130212
2021-05-20 10:10:14,2558.75,130213
2021-05-20 10:10:16,2558.35,130215
2021-05-20 10:10:18,2558.35,130216
2021-05-20 10:10:20,2558.35,130216
2021-05-20 10:10:22,2558.35,130216
2021-05-20 10:10:26,2557.1,130256
2021-05-20 10:10:28,2558.15,130258
2021-05-20 10:10:31,2557.0,130271
2021-05-20 10:10:33,2557.7,130272
2021-05-20 10:10:35,2557.7,130272
2021-05-20 10:10:38,2557.7,130272
2021-05-20 10:10:40,2557.7,130272
2021-05-20 10:10:43,2557.65,130277
2021-05-20 10:10:45,2557.65,130277
2021-05-20 10:10:49,2557.65,130277
2021-05-20 10:10:51,2557.65,130277
2021-05-20 10:10:57,2557.1,130279
2021-05-20 10:11:00,2557.1,130279
2021-05-20 10:11:02,2557.1,130279
2021-05-20 10:11:03,2557.1,130337
2021-05-20 10:11:06,2557.1,130337
2021-05-20 10:11:08,2557.1,130337
2021-05-20 10:11:10,2557.0,130339
2021-05-20 10:11:11,2557.0,130339
2021-05-20 10:11:13,2557.0,130339
2021-05-20 10:11:14,2557.0,130359
2021-05-20 10:11:15,2557.0,130359
2021-05-20 10:11:16,2557.0,130359
2021-05-20 10:11:17,2557.0,130359
2021-05-20 10:11:19,2557.0,130405
2021-05-20 10:11:19,2557.0,130405
2021-05-20 10:11:20,2554.0,130537
2021-05-20 10:11:22,2554.0,130537
2021-05-20 10:11:23,2554.0,130544
2021-05-20 10:11:24,2554.0,130544
2021-05-20 10:11:25,2554.0,130544
2021-05-20 10:11:26,2554.0,130544
2021-05-20 10:11:26,2554.0,130544
2021-05-20 10:11:28,2554.0,130544
2021-05-20 10:11:29,2554.0,130544
2021-05-20 10:11:30,2554.85,130644
2021-05-20 10:11:31,2554.85,130644
2021-05-20 10:11:32,2554.0,130694
2021-05-20 10:11:33,2554.8,130695
2021-05-20 10:11:34,2554.8,130695
2021-05-20 10:11:36,2554.8,130695
2021-05-20 10:11:38,2554.8,130695
2021-05-20 10:11:38,2554.8,130695
2021-05-20 10:11:40,2554.8,130695
2021-05-20 10:11:41,2554.8,130695
2021-05-20 10:11:41,2554.8,130695
2021-05-20 10:11:42,2554.0,130697
2021-05-20 10:11:44,2554.0,130697
2021-05-20 10:11:45,2552.7,130797
2021-05-20 10:11:46,2552.7,130797
2021-05-20 10:11:47,2552.7,130797
2021-05-20 10:11:49,2554.55,130801
2021-05-20 10:11:51,2554.55,130801
2021-05-20 10:11:52,2554.55,130801
2021-05-20 10:11:53,2554.5,130806
2021-05-20 10:11:54,2554.5,130806
2021-05-20 10:11:55,2554.5,130806
2021-05-20 10:11:55,2554.5,130806
2021-05-20 10:11:56,2554.0,131048
2021-05-20 10:11:57,2554.0,131048
2021-05-20 10:11:58,2552.75,131098
2021-05-20 10:11:59,2552.75,131098
2021-05-20 10:12:00,2552.8,131168
2021-05-20 10:12:02,2554.0,131176
2021-05-20 10:12:03,2554.0,131210
2021-05-20 10:12:03,2554.0,131210
2021-05-20 10:12:04,2554.0,131246
2021-05-20 10:12:05,2554.0,131246
2021-05-20 10:12:07,2552.8,131257
2021-05-20 10:12:08,2552.8,131257
2021-05-20 10:12:11,2552.8,131257
2021-05-20 10:12:12,2552.8,131257
2021-05-20 10:12:13,2552.8,131257
2021-05-20 10:12:14,2552.8,131257
2021-05-20 10:12:15,2552.8,131257
2021-05-20 10:12:16,2552.8,131257
2021-05-20 10:12:19,2552.8,131257
2021-05-20 10:12:20,2552.8,131257
2021-05-20 10:12:23,2552.8,131257
2021-05-20 10:12:24,2552.8,131257
2021-05-20 10:12:25,2552.8,131257
2021-05-20 10:12:25,2552.85,131327
2021-05-20 10:12:26,2553.8,131347
2021-05-20 10:12:27,2553.8,131347
2021-05-20 10:12:28,2553.8,131347
2021-05-20 10:12:29,2553.8,131347
2021-05-20 10:12:31,2553.8,131347
2021-05-20 10:12:34,2553.8,131347
2021-05-20 10:12:35,2553.8,131347
2021-05-20 10:12:36,2553.25,131359
2021-05-20 10:12:36,2553.25,131359
2021-05-20 10:12:38,2553.25,131359
2021-05-20 10:12:40,2553.25,131359
2021-05-20 10:12:41,2553.65,131448
2021-05-20 10:12:41,2553.65,131448
2021-05-20 10:12:42,2553.65,131448
2021-05-20 10:12:44,2553.65,131448
2021-05-20 10:12:45,2553.25,131498
2021-05-20 10:12:47,2553.25,131498
2021-05-20 10:12:48,2553.25,131498
2021-05-20 10:12:49,2553.25,131498
2021-05-20 10:12:50,2553.25,131498
2021-05-20 10:12:51,2553.25,131498
2021-05-20 10:12:52,2553.55,131517
2021-05-20 10:12:53,2553.55,131517
2021-05-20 10:12:54,2553.85,131527
2021-05-20 10:12:55,2553.85,131527
2021-05-20 10:12:56,2553.85,131527
2021-05-20 10:12:57,2553.85,131527
2021-05-20 10:12:58,2553.25,131537
2021-05-20 10:12:59,2553.25,131537
2021-05-20 10:13:00,2553.25,131542
2021-05-20 10:13:01,2553.0,131617
2021-05-20 10:13:02,2553.0,131617
2021-05-20 10:13:03,2553.0,131617
2021-05-20 10:13:05,2553.0,131617
2021-05-20 10:13:06,2553.0,131617
2021-05-20 10:13:06,2553.0,131617
2021-05-20 10:13:08,2553.0,131617
2021-05-20 10:13:12,2553.0,131621
2021-05-20 10:13:13,2553.0,131621
2021-05-20 10:13:14,2553.0,131621
2021-05-20 10:13:15,2553.0,131621
2021-05-20 10:13:16,2553.0,131621
2021-05-20 10:13:18,2552.85,131785
2021-05-20 10:13:19,2552.85,131785
2021-05-20 10:13:20,2552.85,131785
2021-05-20 10:13:21,2552.85,131785
2021-05-20 10:13:23,2552.85,131785
2021-05-20 10:13:24,2553.2,131794
2021-05-20 10:13:25,2553.2,131794
2021-05-20 10:13:26,2553.2,131794
2021-05-20 10:13:27,2553.0,131844
2021-05-20 10:13:29,2553.0,131844
2021-05-20 10:13:30,2553.0,131844
2021-05-20 10:13:32,2553.0,131907
2021-05-20 10:13:33,2553.0,131907
2021-05-20 10:13:35,2553.0,131907
2021-05-20 10:13:36,2553.0,131907
2021-05-20 10:13:37,2553.0,131907
2021-05-20 10:13:38,2553.0,131907
2021-05-20 10:13:39,2553.0,131907
2021-05-20 10:13:41,2553.0,131907
2021-05-20 10:13:42,2553.05,131910
2021-05-20 10:13:43,2553.05,131910
2021-05-20 10:13:44,2553.0,131919
2021-05-20 10:13:45,2553.05,131920
2021-05-20 10:13:47,2553.05,131980
2021-05-20 10:13:48,2553.05,131980
2021-05-20 10:13:49,2553.05,131980
2021-05-20 10:13:49,2553.05,131980
2021-05-20 10:13:51,2553.05,131980
2021-05-20 10:13:52,2553.05,131984
2021-05-20 10:13:53,2553.05,131984
2021-05-20 10:13:53,2553.05,131984
2021-05-20 10:13:54,2553.05,131984
2021-05-20 10:13:56,2553.05,131984
2021-05-20 10:13:57,2553.6,132004
2021-05-20 10:13:58,2553.6,132004
2021-05-20 10:13:59,2553.0,132014
2021-05-20 10:14:00,2553.0,132014
2021-05-20 10:14:02,2553.05,132019
2021-05-20 10:14:03,2553.05,132019
2021-05-20 10:14:03,2553.05,132019
2021-05-20 10:14:04,2553.05,132019
2021-05-20 10:14:06,2553.05,132019
2021-05-20 10:14:07,2553.05,132019
2021-05-20 10:14:08,2553.05,132019
2021-05-20 10:14:09,2553.4,132021
2021-05-20 10:14:10,2553.4,132021
2021-05-20 10:14:12,2553.4,132021
2021-05-20 10:14:13,2553.4,132061
2021-05-20 10:14:14,2553.4,132061
2021-05-20 10:14:15,2553.05,132079
2021-05-20 10:14:16,2553.05,132079
2021-05-20 10:14:17,2553.05,132079
2021-05-20 10:14:18,2553.05,132079
2021-05-20 10:14:19,2553.05,132079
2021-05-20 10:14:20,2553.05,132079
2021-05-20 10:14:22,2553.4,132095
2021-05-20 10:14:23,2553.4,132097
2021-05-20 10:14:24,2553.4,132097
2021-05-20 10:14:25,2553.05,132101
2021-05-20 10:14:26,2553.05,132101
2021-05-20 10:14:28,2553.05,132101
2021-05-20 10:14:29,2553.05,132175
2021-05-20 10:14:30,2553.8,132345
2021-05-20 10:14:31,2553.8,132345
2021-05-20 10:14:32,2553.8,132345
2021-05-20 10:14:33,2553.8,132345
2021-05-20 10:14:34,2553.8,132345
2021-05-20 10:14:35,2553.8,132345
2021-05-20 10:14:36,2553.8,132345
2021-05-20 10:14:37,2553.8,132345
2021-05-20 10:14:38,2553.8,132345
2021-05-20 10:14:39,2553.5,132370
2021-05-20 10:14:40,2553.5,132370
2021-05-20 10:14:41,2553.5,132370
2021-05-20 10:14:42,2553.5,132370
2021-05-20 10:14:42,2553.5,132370
2021-05-20 10:14:44,2554.0,132380
2021-05-20 10:14:44,2553.9,132382
2021-05-20 10:14:45,2553.9,132382
2021-05-20 10:14:48,2554.0,132387
2021-05-20 10:14:49,2554.0,132387
2021-05-20 10:14:50,2554.0,132387
2021-05-20 10:14:51,2554.0,132387
2021-05-20 10:14:52,2554.0,132387
2021-05-20 10:14:53,2554.0,132387
2021-05-20 10:14:54,2554.0,132387
2021-05-20 10:14:56,2554.4,132388
2021-05-20 10:14:58,2554.4,132498
2021-05-20 10:14:58,2554.4,132498
2021-05-20 10:14:59,2554.4,132498
2021-05-20 10:15:00,2554.4,132498
2021-05-20 10:15:01,2554.4,132498
2021-05-20 10:15:02,2554.4,132498
2021-05-20 10:15:03,2554.4,132498
2021-05-20 10:15:04,2554.4,132498
2021-05-20 10:15:06,2554.0,132500
2021-05-20 10:15:08,2554.0,132500
2021-05-20 10:15:09,2554.4,132508
2021-05-20 10:15:11,2554.4,132508
2021-05-20 10:15:13,2555.0,132708
2021-05-20 10:15:14,2555.0,132708
2021-05-20 10:15:15,2555.0,132708
2021-05-20 10:15:16,2555.0,132708
2021-05-20 10:15:17,2555.0,132708
2021-05-20 10:15:18,2555.0,132708
2021-05-20 10:15:19,2555.0,132708
2021-05-20 10:15:21,2554.75,132718
2021-05-20 10:15:21,2554.75,132718
2021-05-20 10:15:22,2554.75,132718
2021-05-20 10:15:23,2554.75,132718
2021-05-20 10:15:24,2554.75,132718
2021-05-20 10:15:26,2554.75,132718
2021-05-20 10:15:26,2554.0,132720
2021-05-20 10:15:28,2554.75,132721
2021-05-20 10:15:29,2554.75,132723
2021-05-20 10:15:30,2554.75,132723
2021-05-20 10:15:32,2554.75,132723
2021-05-20 10:15:34,2554.75,132723
2021-05-20 10:15:35,2554.75,132723
2021-05-20 10:15:36,2554.75,132723
2021-05-20 10:15:37,2554.75,132723
2021-05-20 10:15:39,2554.75,132723
2021-05-20 10:15:40,2554.0,132728
2021-05-20 10:15:41,2554.0,132733
2021-05-20 10:15:44,2554.0,132733
2021-05-20 10:15:45,2554.0,132733
2021-05-20 10:15:46,2555.5,133039
2021-05-20 10:15:47,2555.5,133039
2021-05-20 10:15:48,2555.0,133041
2021-05-20 10:15:48,2555.0,133041
2021-05-20 10:15:50,2555.0,133041
2021-05-20 10:15:53,2555.0,133041
2021-05-20 10:15:54,2556.0,133042
2021-05-20 10:15:55,2556.0,133047
2021-05-20 10:15:56,2556.75,133087
2021-05-20 10:15:57,2556.75,133087
2021-05-20 10:15:57,2556.75,133087
2021-05-20 10:15:58,2556.75,133087
2021-05-20 10:15:59,2556.75,133087
2021-05-20 10:16:00,2556.75,133087
2021-05-20 10:16:02,2556.85,133092
2021-05-20 10:16:03,2556.85,133092
2021-05-20 10:16:04,2556.85,133092
2021-05-20 10:16:05,2556.85,133092
2021-05-20 10:16:06,2556.1,133095
2021-05-20 10:16:07,2556.1,133097
2021-05-20 10:16:08,2556.1,133097
2021-05-20 10:16:09,2556.1,133097
2021-05-20 10:16:11,2556.05,133299
2021-05-20 10:16:12,2556.05,133299
2021-05-20 10:16:13,2556.05,133299
2021-05-20 10:16:14,2556.05,133299
2021-05-20 10:16:15,2556.05,133299
2021-05-20 10:16:16,2556.05,133299
2021-05-20 10:16:17,2556.9,133319
2021-05-20 10:16:18,2556.9,133319
2021-05-20 10:16:20,2556.9,133319
2021-05-20 10:16:21,2556.9,133319
2021-05-20 10:16:23,2556.5,133320
2021-05-20 10:16:25,2556.5,133321
2021-05-20 10:16:25,2556.5,133320
2021-05-20 10:16:26,2556.5,133321
2021-05-20 10:16:27,2556.5,133321
2021-05-20 10:16:29,2556.5,133321
2021-05-20 10:16:30,2556.5,133331
2021-05-20 10:16:34,2556.5,133332
2021-05-20 10:16:35,2556.45,133333
2021-05-20 10:16:36,2556.0,133335
2021-05-20 10:16:37,2556.0,133335
2021-05-20 10:16:38,2556.0,133335
2021-05-20 10:16:39,2556.0,133335
2021-05-20 10:16:40,2556.0,133335
2021-05-20 10:16:41,2556.15,133340
2021-05-20 10:16:42,2556.15,133340
2021-05-20 10:16:42,2556.15,133340
2021-05-20 10:16:45,2556.15,133340
2021-05-20 10:16:46,2555.4,133360
2021-05-20 10:16:47,2555.4,133360
2021-05-20 10:16:48,2556.15,133461
2021-05-20 10:16:48,2556.15,133461
2021-05-20 10:16:49,2556.15,133461
2021-05-20 10:16:50,2556.15,133461
2021-05-20 10:16:51,2555.0,133511
2021-05-20 10:16:53,2555.9,133514
2021-05-20 10:16:54,2555.9,133514
2021-05-20 10:16:55,2555.9,133519
2021-05-20 10:16:56,2555.9,133519
2021-05-20 10:16:57,2555.9,133519
2021-05-20 10:16:57,2555.9,133519
2021-05-20 10:16:59,2555.9,133519
2021-05-20 10:17:00,2555.9,133519
2021-05-20 10:17:01,2556.0,133619
2021-05-20 10:17:02,2556.0,133619
2021-05-20 10:17:03,2556.0,133619
2021-05-20 10:17:03,2556.0,133619
2021-05-20 10:17:04,2556.0,133619
2021-05-20 10:17:07,2556.0,133619
2021-05-20 10:17:09,2556.0,133619
2021-05-20 10:17:09,2556.0,133619
2021-05-20 10:17:10,2556.0,133619
2021-05-20 10:17:11,2556.0,133619
2021-05-20 10:17:13,2556.0,133619
2021-05-20 10:17:15,2556.0,133619
2021-05-20 10:17:17,2555.9,133620
2021-05-20 10:17:18,2555.9,133620
2021-05-20 10:17:19,2555.4,133622
2021-05-20 10:17:20,2555.4,133622
2021-05-20 10:17:21,2555.95,133623
2021-05-20 10:17:22,2555.0,133673
2021-05-20 10:17:23,2555.95,133674
2021-05-20 10:17:25,2555.95,133674
2021-05-20 10:17:26,2555.95,133675
2021-05-20 10:17:27,2555.95,133675
2021-05-20 10:17:28,2555.0,133725
2021-05-20 10:17:29,2555.0,133725
2021-05-20 10:17:31,2555.95,133775
2021-05-20 10:17:32,2555.95,133775
2021-05-20 10:17:33,2555.95,133775
2021-05-20 10:17:35,2555.85,133780
2021-05-20 10:17:36,2555.85,133780
2021-05-20 10:17:41,2555.85,133780
2021-05-20 10:17:42,2555.85,133780
2021-05-20 10:17:43,2556.0,133930
2021-05-20 10:17:44,2556.0,133930
2021-05-20 10:17:45,2556.0,133930
2021-05-20 10:17:45,2556.0,133930
2021-05-20 10:17:46,2556.0,133930
2021-05-20 10:17:47,2556.0,133930
2021-05-20 10:17:49,2556.0,133930
2021-05-20 10:17:50,2556.0,133930
2021-05-20 10:17:50,2556.0,133930
2021-05-20 10:17:52,2556.0,133930
2021-05-20 10:17:53,2556.0,133933
2021-05-20 10:17:54,2556.0,133933
2021-05-20 10:17:55,2556.0,133933
2021-05-20 10:17:56,2556.0,133933
2021-05-20 10:17:57,2556.0,133933
2021-05-20 10:17:58,2556.0,133933
2021-05-20 10:17:59,2556.0,133933
2021-05-20 10:18:00,2556.0,133933
2021-05-20 10:18:01,2556.0,133933
2021-05-20 10:18:02,2556.0,133933
2021-05-20 10:18:03,2556.0,133933
2021-05-20 10:18:05,2556.0,133933
2021-05-20 10:18:06,2556.0,133933
2021-05-20 10:18:09,2556.0,133933
2021-05-20 10:18:11,2556.0,133953
2021-05-20 10:18:12,2556.0,133953
2021-05-20 10:18:13,2556.0,133953
2021-05-20 10:18:14,2556.0,133953
2021-05-20 10:18:15,2556.0,133953
2021-05-20 10:18:16,2556.0,133953
2021-05-20 10:18:17,2556.0,133953
2021-05-20 10:18:18,2556.0,133953
2021-05-20 10:18:21,2556.0,133953
2021-05-20 10:18:22,2556.0,133956
2021-05-20 10:18:23,2556.0,133956
2021-05-20 10:18:24,2556.0,133956
2021-05-20 10:18:25,2556.0,133956
2021-05-20 10:18:25,2556.0,133956
2021-05-20 10:18:26,2556.0,133956
2021-05-20 10:18:30,2556.35,134059
2021-05-20 10:18:31,2556.0,134066
2021-05-20 10:18:32,2556.0,134087
2021-05-20 10:18:33,2556.0,134087
2021-05-20 10:18:34,2556.4,134097
2021-05-20 10:18:34,2556.4,134097
2021-05-20 10:18:36,2556.75,134106
2021-05-20 10:18:37,2556.75,134106
2021-05-20 10:18:38,2556.75,134106
2021-05-20 10:18:40,2556.75,134106
2021-05-20 10:18:41,2556.75,134106
2021-05-20 10:18:42,2556.0,134113
2021-05-20 10:18:43,2556.0,134131
2021-05-20 10:18:44,2556.0,134131
2021-05-20 10:18:47,2556.0,134131
2021-05-20 10:18:48,2556.0,134131
2021-05-20 10:18:49,2556.0,134131
2021-05-20 10:18:51,2556.0,134131
2021-05-20 10:18:52,2556.0,134131
2021-05-20 10:18:53,2556.0,134131
2021-05-20 10:18:55,2556.0,134131
2021-05-20 10:18:57,2556.0,134131
2021-05-20 10:18:59,2556.0,134131
2021-05-20 10:19:01,2556.0,134131
2021-05-20 10:19:02,2556.0,134131
2021-05-20 10:19:02,2556.0,134131
2021-05-20 10:19:04,2556.0,134186
2021-05-20 10:19:04,2556.0,134186
2021-05-20 10:19:06,2556.0,134186
2021-05-20 10:19:08,2556.0,134186
2021-05-20 10:19:09,2556.0,134190
2021-05-20 10:19:10,2556.0,134190
2021-05-20 10:19:11,2556.0,134190
2021-05-20 10:19:12,2556.0,134190
2021-05-20 10:19:13,2556.0,134190
2021-05-20 10:19:15,2556.0,134190
2021-05-20 10:19:14,2556.0,134190
2021-05-20 10:19:16,2556.0,134190
2021-05-20 10:19:17,2556.65,134200
2021-05-20 10:19:20,2556.65,134200
2021-05-20 10:19:21,2556.65,134200
2021-05-20 10:19:22,2556.65,134200
2021-05-20 10:19:24,2556.65,134200
2021-05-20 10:19:25,2557.35,134703
2021-05-20 10:19:27,2557.0,134704
2021-05-20 10:19:30,2558.3,134886
2021-05-20 10:19:31,2558.15,134936
2021-05-20 10:19:32,2558.15,134936
2021-05-20 10:19:33,2558.15,134936
2021-05-20 10:19:34,2558.15,134936
2021-05-20 10:19:35,2558.15,134936
2021-05-20 10:19:36,2558.15,134958
2021-05-20 10:19:37,2558.15,134958
2021-05-20 10:19:38,2558.6,134983
2021-05-20 10:19:40,2558.6,135003
2021-05-20 10:19:41,2558.6,135003
2021-05-20 10:19:42,2558.6,135004
2021-05-20 10:19:43,2558.6,135004
2021-05-20 10:19:44,2558.6,135004
2021-05-20 10:19:45,2558.6,135004
2021-05-20 10:19:46,2560.0,135104
2021-05-20 10:19:47,2560.0,135104
2021-05-20 10:19:48,2560.0,135104
2021-05-20 10:19:49,2560.0,135104
2021-05-20 10:19:50,2559.85,135109
2021-05-20 10:19:51,2559.85,135109
2021-05-20 10:19:52,2559.85,135111
2021-05-20 10:19:54,2559.85,135222
2021-05-20 10:19:55,2560.0,135225
2021-05-20 10:19:57,2560.0,135225
2021-05-20 10:19:58,2560.0,135225
2021-05-20 10:19:59,2559.85,135250
2021-05-20 10:20:00,2560.0,135255
2021-05-20 10:20:02,2560.0,135255
2021-05-20 10:20:03,2560.0,135255
2021-05-20 10:20:04,2560.0,135255
2021-05-20 10:20:07,2560.0,135255
2021-05-20 10:20:08,2558.95,135258
2021-05-20 10:20:09,2558.95,135258
2021-05-20 10:20:10,2558.75,135408
2021-05-20 10:20:11,2558.75,135408
2021-05-20 10:20:12,2558.75,135408
2021-05-20 10:20:13,2558.75,135408
2021-05-20 10:20:14,2558.75,135408
2021-05-20 10:20:15,2559.85,135428
2021-05-20 10:20:16,2559.85,135428
2021-05-20 10:20:17,2559.0,135433
2021-05-20 10:20:18,2559.0,135436
2021-05-20 10:20:19,2559.0,135436
2021-05-20 10:20:20,2560.05,135686
2021-05-20 10:20:21,2559.0,135689
2021-05-20 10:20:22,2560.05,135739
2021-05-20 10:20:23,2560.05,135739
2021-05-20 10:20:24,2559.0,135747
2021-05-20 10:20:25,2560.25,135847
2021-05-20 10:20:26,2559.1,135849
2021-05-20 10:20:27,2559.1,135849
2021-05-20 10:20:28,2559.1,135849
2021-05-20 10:20:29,2559.1,135849
2021-05-20 10:20:30,2559.1,135849
2021-05-20 10:20:31,2559.1,135849
2021-05-20 10:20:32,2559.1,135849
2021-05-20 10:20:33,2560.4,135851
2021-05-20 10:20:34,2560.4,135851
2021-05-20 10:20:35,2560.4,135851
2021-05-20 10:20:36,2560.4,135851
2021-05-20 10:20:37,2560.4,135851
2021-05-20 10:20:38,2560.4,135851
2021-05-20 10:20:39,2560.4,135851
2021-05-20 10:20:40,2560.4,135851
2021-05-20 10:20:41,2560.4,135851
2021-05-20 10:20:42,2560.4,135851
2021-05-20 10:20:43,2560.4,135851
2021-05-20 10:20:44,2560.0,135852
2021-05-20 10:20:45,2560.0,135852
2021-05-20 10:20:46,2560.0,135852
2021-05-20 10:20:48,2560.0,135852
2021-05-20 10:20:49,2560.0,135852
2021-05-20 10:20:50,2558.85,135902
2021-05-20 10:20:51,2558.85,135902
2021-05-20 10:20:52,2559.9,135903
2021-05-20 10:20:53,2559.9,135903
2021-05-20 10:20:54,2559.9,135903
2021-05-20 10:20:55,2559.9,135904
2021-05-20 10:20:56,2559.9,135904
2021-05-20 10:20:57,2559.9,135904
2021-05-20 10:20:58,2559.9,135904
2021-05-20 10:20:59,2559.0,135908
2021-05-20 10:21:00,2559.0,135908
2021-05-20 10:21:01,2559.0,135908
2021-05-20 10:21:02,2559.0,135908
2021-05-20 10:21:03,2559.0,135908
2021-05-20 10:21:04,2559.0,135908
2021-05-20 10:21:05,2559.0,135908
2021-05-20 10:21:08,2559.0,135908
2021-05-20 10:21:07,2559.0,135908
2021-05-20 10:21:09,2559.85,135912
2021-05-20 10:21:10,2559.85,135912
2021-05-20 10:21:12,2559.85,135912
2021-05-20 10:21:15,2559.85,135912
2021-05-20 10:21:17,2559.85,135912
2021-05-20 10:21:19,2559.85,135912
2021-05-20 10:21:24,2559.85,135912
2021-05-20 10:21:26,2559.85,135912
2021-05-20 10:21:28,2559.0,135914
2021-05-20 10:21:33,2559.0,135917
2021-05-20 10:21:35,2559.0,135917
2021-05-20 10:21:37,2559.05,135967
2021-05-20 10:21:39,2559.05,135967
2021-05-20 10:21:41,2559.0,135973
2021-05-20 10:21:43,2558.15,135974
2021-05-20 10:21:44,2558.15,135975
2021-05-20 10:21:47,2558.15,135975
2021-05-20 10:21:49,2558.15,135975
2021-05-20 10:21:51,2558.15,135975
2021-05-20 10:21:53,2558.15,135975
2021-05-20 10:21:55,2558.15,136000
2021-05-20 10:21:59,2558.85,136010
2021-05-20 10:22:01,2558.85,136020
2021-05-20 10:22:03,2558.85,136020
2021-05-20 10:22:06,2558.85,136020
2021-05-20 10:22:08,2558.85,136024
2021-05-20 10:22:10,2558.85,136024
2021-05-20 10:22:12,2558.0,136034
2021-05-20 10:22:15,2558.0,136052
2021-05-20 10:22:17,2557.85,137118
2021-05-20 10:22:19,2557.85,137118
2021-05-20 10:22:21,2557.85,137118
2021-05-20 10:22:23,2557.85,137118
2021-05-20 10:22:26,2557.85,137118
2021-05-20 10:22:28,2557.85,137118
2021-05-20 10:22:32,2557.85,137118
2021-05-20 10:22:33,2557.85,137118
2021-05-20 10:22:35,2557.85,137118
2021-05-20 10:22:37,2557.85,137118
2021-05-20 10:22:39,2557.85,137118
2021-05-20 10:22:41,2557.85,137118
2021-05-20 10:22:43,2557.85,137118
2021-05-20 10:22:45,2556.25,137125
2021-05-20 10:22:47,2556.25,137125
2021-05-20 10:22:49,2556.25,137125
2021-05-20 10:22:51,2556.25,137125
2021-05-20 10:22:53,2556.25,137125
2021-05-20 10:22:55,2556.25,137125
2021-05-20 10:22:57,2557.3,137126
2021-05-20 10:22:59,2557.3,137126
2021-05-20 10:23:01,2556.05,137136
2021-05-20 10:23:03,2557.0,137150
2021-05-20 10:23:05,2557.0,137200
2021-05-20 10:23:07,2557.0,137200
2021-05-20 10:23:09,2557.0,137200
2021-05-20 10:23:12,2557.0,137200
2021-05-20 10:23:14,2557.0,137236
2021-05-20 10:23:16,2557.0,137236
2021-05-20 10:23:18,2557.0,137236
2021-05-20 10:23:20,2557.0,137236
2021-05-20 10:23:22,2557.0,137390
2021-05-20 10:23:24,2558.0,137553
2021-05-20 10:23:26,2557.0,137555
2021-05-20 10:23:29,2557.0,137556
2021-05-20 10:23:31,2557.0,137576
2021-05-20 10:23:33,2557.0,137578
2021-05-20 10:23:36,2557.4,137584
2021-05-20 10:23:39,2557.7,137597
2021-05-20 10:23:41,2557.0,137600
2021-05-20 10:23:46,2557.0,137600
2021-05-20 10:23:48,2557.0,137600
2021-05-20 10:23:50,2557.0,137600
2021-05-20 10:23:52,2557.0,137600
2021-05-20 10:23:53,2557.0,137600
2021-05-20 10:23:55,2557.0,137600
2021-05-20 10:23:57,2557.0,137600
2021-05-20 10:23:59,2557.0,137820
2021-05-20 10:24:01,2556.05,137869
2021-05-20 10:24:04,2556.05,137874
2021-05-20 10:24:06,2556.05,137874
2021-05-20 10:24:08,2556.05,137874
2021-05-20 10:24:11,2556.75,137974
2021-05-20 10:24:13,2556.75,137974
2021-05-20 10:24:15,2556.1,138026
2021-05-20 10:24:17,2556.1,138026
2021-05-20 10:24:19,2556.1,138026
2021-05-20 10:24:22,2553.95,139406
2021-05-20 10:24:24,2555.0,139410
2021-05-20 10:24:26,2553.5,139461
2021-05-20 10:24:28,2553.5,139461
2021-05-20 10:24:30,2553.5,139461
2021-05-20 10:24:33,2553.5,139661
2021-05-20 10:24:36,2555.95,139821
2021-05-20 10:24:38,2555.95,139821
2021-05-20 10:24:40,2555.95,139821
2021-05-20 10:24:42,2555.95,139821
2021-05-20 10:24:44,2555.85,139822
2021-05-20 10:24:46,2555.85,139832
2021-05-20 10:24:49,2555.85,139832
2021-05-20 10:24:51,2555.85,139887
2021-05-20 10:24:53,2555.85,139887
2021-05-20 10:24:56,2555.85,139887
2021-05-20 10:24:57,2555.85,139887
2021-05-20 10:24:59,2555.85,139887
2021-05-20 10:25:01,2555.85,139887
2021-05-20 10:25:04,2555.75,139889
2021-05-20 10:25:06,2555.7,139891
2021-05-20 10:25:08,2555.7,139891
2021-05-20 10:25:10,2555.0,139907
2021-05-20 10:25:12,2555.7,139909
2021-05-20 10:25:15,2555.7,139909
2021-05-20 10:25:18,2555.0,139913
2021-05-20 10:25:20,2555.0,139913
2021-05-20 10:25:22,2555.0,139913
2021-05-20 10:25:24,2555.0,139913
2021-05-20 10:25:26,2555.0,139913
2021-05-20 10:25:29,2555.0,139948
2021-05-20 10:25:31,2555.0,139972
2021-05-20 10:25:34,2555.0,139982
2021-05-20 10:25:36,2555.0,139982
2021-05-20 10:25:39,2555.0,139982
2021-05-20 10:25:44,2555.0,139982
2021-05-20 10:25:46,2554.0,140007
2021-05-20 10:25:48,2554.0,140007
2021-05-20 10:25:50,2553.3,140061
2021-05-20 10:25:52,2554.7,140071
2021-05-20 10:25:54,2554.7,140072
2021-05-20 10:25:57,2554.7,140072
2021-05-20 10:25:59,2554.7,140073
2021-05-20 10:26:01,2554.7,140073
2021-05-20 10:26:03,2553.35,140173
2021-05-20 10:26:05,2553.35,140173
2021-05-20 10:26:07,2553.35,140173
2021-05-20 10:26:09,2553.35,140173
2021-05-20 10:26:10,2553.35,140173
2021-05-20 10:26:11,2554.0,140223
2021-05-20 10:26:12,2554.0,140223
2021-05-20 10:26:13,2554.0,140273
2021-05-20 10:26:14,2554.0,140273
2021-05-20 10:26:14,2554.0,140273
2021-05-20 10:26:15,2554.0,140273
2021-05-20 10:26:16,2554.0,140273
2021-05-20 10:26:17,2554.0,140273
2021-05-20 10:26:18,2554.0,140273
2021-05-20 10:26:19,2554.0,140273
2021-05-20 10:26:20,2554.0,140273
2021-05-20 10:26:22,2554.0,140273
2021-05-20 10:26:24,2554.0,140273
2021-05-20 10:26:25,2554.0,140273
2021-05-20 10:26:26,2554.0,140273
2021-05-20 10:26:26,2554.0,140273
2021-05-20 10:26:28,2554.0,140274
2021-05-20 10:26:29,2554.0,140274
2021-05-20 10:26:30,2554.0,140274
2021-05-20 10:26:31,2554.3,140275
2021-05-20 10:26:32,2554.0,140278
2021-05-20 10:26:33,2554.0,140278
2021-05-20 10:26:34,2554.0,140284
2021-05-20 10:26:35,2554.0,140284
2021-05-20 10:26:36,2554.0,140284
2021-05-20 10:26:37,2554.0,140284
2021-05-20 10:26:38,2554.0,140284
2021-05-20 10:26:40,2554.0,140284
2021-05-20 10:26:40,2554.3,140334
2021-05-20 10:26:42,2554.3,140334
2021-05-20 10:26:44,2554.3,140334
2021-05-20 10:26:45,2554.3,140334
2021-05-20 10:26:47,2553.2,140393
2021-05-20 10:26:48,2554.3,140405
2021-05-20 10:26:49,2554.3,140405
2021-05-20 10:26:49,2553.25,140406
2021-05-20 10:26:50,2553.25,140406
2021-05-20 10:26:51,2553.25,140406
2021-05-20 10:26:53,2553.25,140406
2021-05-20 10:26:54,2553.25,140406
2021-05-20 10:26:56,2553.25,140406
2021-05-20 10:26:57,2553.25,140406
2021-05-20 10:26:59,2553.25,140406
2021-05-20 10:27:00,2553.25,140406
2021-05-20 10:27:01,2554.0,140408
2021-05-20 10:27:02,2554.0,140408
2021-05-20 10:27:03,2554.0,140408
2021-05-20 10:27:04,2554.0,140408
2021-05-20 10:27:04,2554.0,140408
2021-05-20 10:27:05,2554.0,140408
2021-05-20 10:27:06,2554.0,140408
2021-05-20 10:27:07,2553.2,140433
2021-05-20 10:27:08,2553.2,140434
2021-05-20 10:27:10,2553.2,140434
2021-05-20 10:27:11,2553.2,140434
2021-05-20 10:27:12,2553.2,140434
2021-05-20 10:27:13,2554.2,140756
2021-05-20 10:27:14,2554.05,140761
2021-05-20 10:27:15,2554.05,140761
2021-05-20 10:27:16,2553.15,140771
2021-05-20 10:27:17,2553.15,140771
2021-05-20 10:27:18,2553.15,140771
2021-05-20 10:27:19,2553.15,140771
2021-05-20 10:27:21,2551.55,142270
2021-05-20 10:27:21,2551.55,142270
2021-05-20 10:27:22,2551.55,142270
2021-05-20 10:27:23,2552.8,142272
2021-05-20 10:27:24,2550.35,142393
2021-05-20 10:27:25,2550.35,142393
2021-05-20 10:27:26,2550.35,142394
2021-05-20 10:27:27,2550.35,142394
2021-05-20 10:27:28,2550.35,142394
2021-05-20 10:27:29,2550.95,142398
2021-05-20 10:27:31,2550.95,142398
2021-05-20 10:27:32,2549.6,143144
2021-05-20 10:27:34,2550.5,143145
2021-05-20 10:27:35,2550.35,143150
2021-05-20 10:27:36,2550.35,143150
2021-05-20 10:27:37,2550.35,143152
2021-05-20 10:27:38,2549.0,143155
2021-05-20 10:27:39,2549.0,143157
2021-05-20 10:27:40,2549.0,143157
2021-05-20 10:27:41,2549.0,143157
2021-05-20 10:27:42,2549.0,143157
2021-05-20 10:27:43,2550.35,143159
2021-05-20 10:27:44,2549.0,143160
2021-05-20 10:27:45,2549.0,143160
2021-05-20 10:27:46,2549.0,143205
2021-05-20 10:27:46,2549.0,143205
2021-05-20 10:27:48,2550.0,143255
2021-05-20 10:27:49,2549.0,143256
2021-05-20 10:27:50,2549.0,143256
2021-05-20 10:27:51,2549.0,143256
2021-05-20 10:27:52,2548.9,143266
2021-05-20 10:27:53,2548.9,143267
2021-05-20 10:27:54,2550.0,143300
2021-05-20 10:27:55,2548.05,143365
2021-05-20 10:27:56,2548.05,143365
2021-05-20 10:27:58,2548.05,143365
2021-05-20 10:27:59,2549.75,143367
2021-05-20 10:28:02,2549.75,143417
2021-05-20 10:28:03,2549.75,143417
2021-05-20 10:28:04,2549.75,143417
2021-05-20 10:28:05,2548.0,143437
2021-05-20 10:28:07,2548.0,143437
2021-05-20 10:28:08,2549.7,143807
2021-05-20 10:28:09,2549.7,143807
2021-05-20 10:28:10,2548.4,143857
2021-05-20 10:28:11,2549.7,143990
2021-05-20 10:28:11,2549.7,143990
2021-05-20 10:28:13,2552.35,144231
2021-05-20 10:28:14,2551.2,144327
2021-05-20 10:28:15,2551.2,144327
2021-05-20 10:28:16,2551.2,144327
2021-05-20 10:28:17,2551.2,144327
2021-05-20 10:28:18,2551.2,144327
2021-05-20 10:28:19,2550.15,144372
2021-05-20 10:28:20,2550.15,144372
2021-05-20 10:28:21,2550.15,144372
2021-05-20 10:28:22,2550.15,144372
2021-05-20 10:28:23,2550.15,144372
2021-05-20 10:28:24,2551.95,144377
2021-05-20 10:28:25,2551.95,144377
2021-05-20 10:28:27,2551.95,144377
2021-05-20 10:28:28,2551.9,144378
2021-05-20 10:28:29,2551.9,144378
2021-05-20 10:28:30,2551.9,144378
2021-05-20 10:28:31,2551.9,144380
2021-05-20 10:28:32,2551.9,144380
2021-05-20 10:28:33,2551.9,144381
2021-05-20 10:28:34,2551.75,144426
2021-05-20 10:28:35,2551.75,144426
2021-05-20 10:28:37,2551.75,144426
2021-05-20 10:28:37,2551.75,144426
2021-05-20 10:28:39,2551.75,144426
2021-05-20 10:28:40,2551.75,144426
2021-05-20 10:28:41,2551.75,144426
2021-05-20 10:28:41,2551.75,144426
2021-05-20 10:28:42,2551.75,144426
2021-05-20 10:28:43,2549.7,144546
2021-05-20 10:28:44,2549.7,144546
2021-05-20 10:28:46,2550.95,144554
2021-05-20 10:28:47,2550.95,144560
2021-05-20 10:28:48,2550.95,144560
2021-05-20 10:28:49,2550.0,144561
2021-05-20 10:28:50,2550.95,144591
2021-05-20 10:28:51,2550.95,144602
2021-05-20 10:28:52,2550.95,144602
2021-05-20 10:28:53,2550.95,144602
2021-05-20 10:28:55,2550.95,144602
2021-05-20 10:28:55,2550.95,144602
2021-05-20 10:28:56,2550.95,144602
2021-05-20 10:28:58,2550.95,144602
2021-05-20 10:28:59,2550.95,144602
2021-05-20 10:28:59,2550.95,144602
2021-05-20 10:29:00,2550.6,144604
2021-05-20 10:29:01,2550.6,144604
2021-05-20 10:29:04,2550.6,144604
2021-05-20 10:29:05,2550.6,144614
2021-05-20 10:29:06,2550.6,144614
2021-05-20 10:29:08,2550.6,144634
2021-05-20 10:29:09,2549.45,144669
2021-05-20 10:29:09,2549.45,144669
2021-05-20 10:29:10,2549.45,144669
2021-05-20 10:29:12,2549.45,144669
2021-05-20 10:29:13,2549.45,144669
2021-05-20 10:29:14,2549.45,144669
2021-05-20 10:29:15,2548.4,144687
2021-05-20 10:29:16,2548.4,144687
2021-05-20 10:29:17,2548.4,144687
2021-05-20 10:29:18,2548.4,144687
2021-05-20 10:29:20,2548.4,144687
2021-05-20 10:29:19,2548.4,144687
2021-05-20 10:29:21,2548.4,144697
2021-05-20 10:29:22,2548.4,144777
2021-05-20 10:29:23,2548.4,144777
2021-05-20 10:29:24,2548.4,144777
2021-05-20 10:29:25,2548.4,144777
2021-05-20 10:29:25,2548.4,144777
2021-05-20 10:29:26,2548.4,144777
2021-05-20 10:29:28,2549.7,144778
2021-05-20 10:29:29,2549.7,144778
2021-05-20 10:29:31,2549.7,144778
2021-05-20 10:29:32,2549.7,144778
2021-05-20 10:29:33,2549.7,144809
2021-05-20 10:29:34,2549.7,144824
2021-05-20 10:29:37,2549.7,144824
2021-05-20 10:29:39,2549.7,144824
2021-05-20 10:29:39,2549.7,144824
2021-05-20 10:29:41,2549.7,144824
2021-05-20 10:29:42,2549.7,144824
2021-05-20 10:29:44,2549.6,144829
2021-05-20 10:29:44,2549.6,144829
2021-05-20 10:29:46,2549.0,144929
2021-05-20 10:29:47,2549.0,144929
2021-05-20 10:29:48,2549.6,144930
2021-05-20 10:29:49,2549.6,144930
2021-05-20 10:29:50,2549.6,144930
2021-05-20 10:29:51,2549.6,144930
2021-05-20 10:29:52,2549.6,144930
2021-05-20 10:29:53,2549.6,144930
2021-05-20 10:29:54,2548.6,144980
2021-05-20 10:29:55,2548.6,144980
2021-05-20 10:29:56,2548.6,144980
2021-05-20 10:29:57,2548.6,144980
2021-05-20 10:29:58,2548.6,144980
2021-05-20 10:29:59,2548.6,144980
2021-05-20 10:30:01,2549.0,144985
2021-05-20 10:30:02,2549.0,144985
2021-05-20 10:30:03,2549.0,144985
2021-05-20 10:30:04,2549.0,144988
2021-05-20 10:30:05,2549.0,144988
2021-05-20 10:30:06,2549.0,144988
2021-05-20 10:30:07,2549.0,144988
2021-05-20 10:30:08,2549.0,144988
2021-05-20 10:30:09,2549.0,144988
2021-05-20 10:30:10,2548.7,145039
2021-05-20 10:30:11,2548.7,145040
2021-05-20 10:30:12,2549.0,145075
2021-05-20 10:30:14,2549.0,145075
2021-05-20 10:30:15,2549.0,145075
2021-05-20 10:30:16,2549.0,145081
2021-05-20 10:30:19,2549.0,145081
2021-05-20 10:30:20,2549.0,145081
2021-05-20 10:30:21,2549.0,145081
2021-05-20 10:30:22,2548.95,145181
2021-05-20 10:30:23,2548.7,145391
2021-05-20 10:30:24,2548.7,145391
2021-05-20 10:30:25,2548.7,145391
2021-05-20 10:30:26,2548.7,145392
2021-05-20 10:30:27,2548.95,145402
2021-05-20 10:30:28,2548.95,145402
2021-05-20 10:30:29,2548.95,145402
2021-05-20 10:30:30,2548.7,145422
2021-05-20 10:30:31,2548.7,145422
2021-05-20 10:30:32,2548.7,145425
2021-05-20 10:30:33,2548.7,145425
2021-05-20 10:30:34,2548.7,145425
2021-05-20 10:30:35,2548.7,145425
2021-05-20 10:30:36,2548.7,145425
2021-05-20 10:30:37,2548.7,145425
2021-05-20 10:30:38,2548.7,145430
2021-05-20 10:30:39,2548.7,145430
2021-05-20 10:30:40,2548.95,145436
2021-05-20 10:30:41,2548.95,145436
2021-05-20 10:30:42,2549.0,145540
2021-05-20 10:30:43,2549.0,145548
2021-05-20 10:30:44,2549.0,145548
2021-05-20 10:30:46,2549.15,145975
2021-05-20 10:30:45,2549.15,145975
2021-05-20 10:30:47,2549.15,145975
2021-05-20 10:30:48,2549.15,145975
2021-05-20 10:30:49,2550.2,146202
2021-05-20 10:30:50,2550.2,146202
2021-05-20 10:30:51,2551.85,146452
2021-05-20 10:30:52,2551.85,146452
2021-05-20 10:30:53,2551.85,146452
2021-05-20 10:30:54,2551.85,146452
2021-05-20 10:30:55,2551.85,146452
2021-05-20 10:30:56,2551.75,146453
2021-05-20 10:30:57,2551.75,146453
2021-05-20 10:30:58,2551.75,146453
2021-05-20 10:31:00,2551.75,146453
2021-05-20 10:31:01,2551.75,146453
2021-05-20 10:31:02,2551.75,146453
2021-05-20 10:31:03,2551.75,146453
2021-05-20 10:31:04,2551.75,146453
2021-05-20 10:31:05,2551.75,146453
2021-05-20 10:31:07,2551.75,146453
2021-05-20 10:31:08,2550.45,146463
2021-05-20 10:31:09,2550.45,146463
2021-05-20 10:31:10,2550.45,146463
2021-05-20 10:31:11,2550.45,146463
2021-05-20 10:31:13,2550.45,146463
2021-05-20 10:31:12,2550.45,146463
2021-05-20 10:31:14,2550.45,146463
2021-05-20 10:31:15,2550.45,146463
2021-05-20 10:31:16,2550.2,146473
2021-05-20 10:31:17,2550.2,146473
2021-05-20 10:31:18,2550.2,146473
2021-05-20 10:31:19,2550.2,146473
2021-05-20 10:31:20,2550.95,146474
2021-05-20 10:31:21,2550.95,146474
2021-05-20 10:31:22,2550.95,146509
2021-05-20 10:31:23,2550.9,146510
2021-05-20 10:31:24,2550.9,146510
2021-05-20 10:31:25,2550.9,146510
2021-05-20 10:31:26,2550.9,146510
2021-05-20 10:31:27,2550.9,146510
2021-05-20 10:31:28,2550.9,146510
2021-05-20 10:31:29,2550.25,146513
2021-05-20 10:31:30,2550.25,146513
2021-05-20 10:31:31,2550.25,146513
2021-05-20 10:31:32,2551.9,146913
2021-05-20 10:31:33,2551.9,146913
2021-05-20 10:31:34,2550.5,146923
2021-05-20 10:31:35,2550.5,146943
2021-05-20 10:31:36,2550.5,146943
2021-05-20 10:31:37,2550.5,146943
2021-05-20 10:31:38,2552.2,147143
2021-05-20 10:31:39,2552.2,147143
2021-05-20 10:31:40,2551.4,147144
2021-05-20 10:31:41,2551.4,147144
2021-05-20 10:31:42,2552.1,147145
2021-05-20 10:31:43,2552.1,147195
2021-05-20 10:31:44,2552.1,147195
2021-05-20 10:31:46,2552.1,147195
2021-05-20 10:31:47,2552.1,147204
2021-05-20 10:31:48,2552.1,147204
2021-05-20 10:31:49,2552.1,147204
2021-05-20 10:31:50,2552.1,147204
2021-05-20 10:31:51,2552.1,147204
2021-05-20 10:31:52,2552.1,147204
2021-05-20 10:31:53,2552.1,147204
2021-05-20 10:31:54,2553.6,147404
2021-05-20 10:31:55,2553.6,147404
2021-05-20 10:31:56,2553.6,147404
2021-05-20 10:31:57,2553.6,147404
2021-05-20 10:31:58,2553.6,147404
2021-05-20 10:31:59,2553.6,147404
2021-05-20 10:32:00,2553.6,147404
2021-05-20 10:32:01,2552.0,147424
2021-05-20 10:32:02,2552.0,147424
2021-05-20 10:32:03,2552.0,147424
2021-05-20 10:32:04,2552.0,147424
2021-05-20 10:32:06,2552.0,147424
2021-05-20 10:32:06,2552.0,147424
2021-05-20 10:32:08,2552.0,147424
2021-05-20 10:32:09,2552.0,147424
2021-05-20 10:32:10,2552.0,147430
2021-05-20 10:32:11,2552.0,147430
2021-05-20 10:32:13,2552.0,147430
2021-05-20 10:32:14,2552.0,147430
2021-05-20 10:32:15,2552.0,147430
2021-05-20 10:32:15,2552.0,147431
2021-05-20 10:32:16,2552.0,147431
2021-05-20 10:32:17,2550.8,147432
2021-05-20 10:32:18,2550.8,147432
2021-05-20 10:32:19,2550.8,147432
2021-05-20 10:32:20,2550.8,147432
2021-05-20 10:32:21,2551.7,147433
2021-05-20 10:32:23,2551.7,147433
2021-05-20 10:32:23,2551.7,147433
2021-05-20 10:32:25,2551.7,147433
2021-05-20 10:32:25,2551.7,147433
2021-05-20 10:32:27,2551.7,147433
2021-05-20 10:32:28,2551.95,147456
2021-05-20 10:32:29,2551.95,147456
2021-05-20 10:32:30,2551.95,147456
2021-05-20 10:32:31,2552.0,147556
2021-05-20 10:32:33,2552.0,147556
2021-05-20 10:32:33,2552.0,147556
2021-05-20 10:32:34,2552.0,147556
2021-05-20 10:32:37,2552.0,147556
2021-05-20 10:32:37,2552.0,147571
2021-05-20 10:32:38,2551.0,147572
2021-05-20 10:32:39,2552.0,147575
2021-05-20 10:32:40,2552.0,147575
2021-05-20 10:32:41,2552.0,147575
2021-05-20 10:32:42,2552.0,147575
2021-05-20 10:32:43,2552.0,147575
2021-05-20 10:32:44,2552.6,147875
2021-05-20 10:32:45,2551.1,147876
2021-05-20 10:32:46,2551.1,147876
2021-05-20 10:32:48,2551.1,147876
2021-05-20 10:32:48,2551.1,147876
2021-05-20 10:32:49,2551.1,147876
2021-05-20 10:32:50,2551.1,147876
2021-05-20 10:32:51,2551.1,147876
2021-05-20 10:32:53,2551.1,147876
2021-05-20 10:32:53,2551.1,147876
2021-05-20 10:32:54,2551.1,147876
2021-05-20 10:32:55,2551.0,147885
2021-05-20 10:32:56,2551.0,147885
2021-05-20 10:32:57,2551.0,147897
2021-05-20 10:32:58,2551.8,147917
2021-05-20 10:32:59,2551.8,147917
2021-05-20 10:33:01,2551.8,147917
2021-05-20 10:33:03,2551.1,147918
2021-05-20 10:33:05,2551.8,148018
2021-05-20 10:33:06,2551.8,148018
2021-05-20 10:33:07,2551.8,148018
2021-05-20 10:33:08,2551.0,148019
2021-05-20 10:33:09,2551.0,148024
2021-05-20 10:33:10,2551.0,148024
2021-05-20 10:33:11,2551.0,148024
2021-05-20 10:33:13,2551.0,148024
2021-05-20 10:33:14,2551.0,148024
2021-05-20 10:33:14,2551.0,148024
2021-05-20 10:33:15,2551.0,148024
2021-05-20 10:33:20,2551.0,148024
2021-05-20 10:33:21,2551.0,148024
2021-05-20 10:33:22,2551.0,148024
2021-05-20 10:33:23,2551.0,148024
2021-05-20 10:33:24,2551.0,148024
2021-05-20 10:33:25,2551.0,148024
2021-05-20 10:33:27,2551.0,148024
2021-05-20 10:33:27,2551.0,148024
2021-05-20 10:33:29,2551.0,148024
2021-05-20 10:33:31,2551.0,148024
2021-05-20 10:33:30,2551.0,148024
2021-05-20 10:33:32,2551.0,148024
2021-05-20 10:33:34,2551.0,148024
2021-05-20 10:33:35,2551.0,148024
2021-05-20 10:33:36,2551.0,148024
2021-05-20 10:33:36,2551.0,148024
2021-05-20 10:33:37,2551.0,148024
2021-05-20 10:33:39,2551.0,148024
2021-05-20 10:33:40,2551.0,148074
2021-05-20 10:33:40,2551.0,148074
2021-05-20 10:33:41,2551.0,148074
2021-05-20 10:33:42,2551.0,148074
2021-05-20 10:33:44,2551.0,148074
2021-05-20 10:33:47,2551.0,148074
2021-05-20 10:33:48,2551.0,148074
2021-05-20 10:33:48,2551.0,148074
2021-05-20 10:33:49,2551.0,148093
2021-05-20 10:33:50,2551.0,148093
2021-05-20 10:33:51,2551.0,148093
2021-05-20 10:33:52,2551.0,148093
2021-05-20 10:33:54,2551.0,148093
2021-05-20 10:33:54,2551.0,148093
2021-05-20 10:33:55,2551.0,148093
2021-05-20 10:33:58,2551.0,148093
2021-05-20 10:33:59,2551.0,148093
2021-05-20 10:34:00,2551.0,148095
2021-05-20 10:34:00,2551.0,148095
2021-05-20 10:34:01,2551.0,148095
2021-05-20 10:34:04,2551.0,148095
2021-05-20 10:34:04,2551.0,148095
2021-05-20 10:34:05,2551.0,148095
2021-05-20 10:34:06,2551.0,148095
2021-05-20 10:34:07,2551.0,148095
2021-05-20 10:34:09,2551.0,148095
2021-05-20 10:34:10,2551.0,148095
2021-05-20 10:34:11,2550.9,148096
2021-05-20 10:34:11,2550.9,148096
2021-05-20 10:34:12,2550.9,148096
2021-05-20 10:34:13,2550.9,148096
2021-05-20 10:34:14,2550.9,148096
2021-05-20 10:34:15,2550.9,148096
2021-05-20 10:34:16,2550.9,148096
2021-05-20 10:34:17,2550.9,148096
2021-05-20 10:34:18,2550.9,148096
2021-05-20 10:34:19,2550.9,148096
2021-05-20 10:34:20,2550.9,148096
2021-05-20 10:34:21,2550.9,148096
2021-05-20 10:34:24,2550.9,148096
2021-05-20 10:34:25,2550.9,148096
2021-05-20 10:34:26,2550.9,148096
2021-05-20 10:34:27,2550.1,148099
2021-05-20 10:34:29,2550.1,148099
2021-05-20 10:34:30,2550.1,148099
2021-05-20 10:34:31,2550.1,148099
2021-05-20 10:34:32,2550.1,148099
2021-05-20 10:34:33,2550.1,148099
2021-05-20 10:34:34,2550.1,148099
2021-05-20 10:34:36,2550.1,148109
2021-05-20 10:34:36,2550.1,148112
2021-05-20 10:34:37,2550.1,148112
2021-05-20 10:34:38,2550.9,148162
2021-05-20 10:34:39,2550.9,148162
2021-05-20 10:34:40,2550.9,148162
2021-05-20 10:34:41,2550.9,148162
2021-05-20 10:34:42,2550.9,148162
2021-05-20 10:34:43,2550.9,148162
2021-05-20 10:34:44,2550.9,148163
2021-05-20 10:34:45,2550.9,148163
2021-05-20 10:34:46,2550.9,148168
2021-05-20 10:34:49,2550.9,148168
2021-05-20 10:34:50,2550.9,148218
2021-05-20 10:34:50,2550.0,148330
2021-05-20 10:34:52,2549.2,148338
2021-05-20 10:34:52,2549.2,148338
2021-05-20 10:34:53,2549.2,148338
2021-05-20 10:34:55,2549.2,148338
2021-05-20 10:34:56,2549.2,148338
2021-05-20 10:34:56,2549.2,148338
2021-05-20 10:34:57,2549.2,148338
2021-05-20 10:34:58,2549.2,148338
2021-05-20 10:34:59,2549.2,148345
2021-05-20 10:35:01,2548.9,148450
2021-05-20 10:35:02,2550.0,148550
2021-05-20 10:35:03,2550.0,148550
2021-05-20 10:35:03,2550.0,148550
2021-05-20 10:35:04,2550.0,148550
2021-05-20 10:35:05,2550.0,148550
2021-05-20 10:35:06,2550.0,148550
2021-05-20 10:35:07,2550.0,148550
2021-05-20 10:35:08,2548.95,148600
2021-05-20 10:35:09,2548.95,148600
2021-05-20 10:35:10,2548.95,148600
2021-05-20 10:35:12,2548.95,148600
2021-05-20 10:35:12,2548.95,148600
2021-05-20 10:35:13,2548.95,148600
2021-05-20 10:35:14,2549.2,148710
2021-05-20 10:35:15,2549.2,148710
2021-05-20 10:35:16,2549.2,148710
2021-05-20 10:35:17,2549.2,148710
2021-05-20 10:35:18,2549.2,148710
2021-05-20 10:35:19,2549.2,148710
2021-05-20 10:35:20,2549.2,148710
2021-05-20 10:35:21,2549.2,148710
2021-05-20 10:35:22,2549.6,148714
2021-05-20 10:35:23,2549.0,148719
2021-05-20 10:35:24,2549.0,148719
2021-05-20 10:35:26,2549.0,148719
2021-05-20 10:35:28,2549.0,148719
2021-05-20 10:35:29,2549.0,148719
2021-05-20 10:35:30,2549.0,148719
2021-05-20 10:35:31,2549.0,148719
2021-05-20 10:35:32,2549.0,148719
2021-05-20 10:35:32,2549.0,148719
2021-05-20 10:35:33,2548.7,149447
2021-05-20 10:35:34,2548.7,149447
2021-05-20 10:35:35,2548.7,149447
2021-05-20 10:35:36,2549.6,149448
2021-05-20 10:35:37,2549.6,149448
2021-05-20 10:35:38,2549.6,149448
2021-05-20 10:35:39,2549.6,149448
2021-05-20 10:35:40,2549.6,149448
2021-05-20 10:35:41,2549.6,149448
2021-05-20 10:35:42,2549.6,149448
2021-05-20 10:35:43,2549.6,149448
2021-05-20 10:35:45,2549.6,149448
2021-05-20 10:35:47,2548.95,149478
2021-05-20 10:35:48,2548.7,149481
2021-05-20 10:35:49,2548.7,149505
2021-05-20 10:35:50,2548.7,149505
2021-05-20 10:35:50,2548.7,149505
2021-05-20 10:35:51,2548.7,149505
2021-05-20 10:35:53,2548.7,149505
2021-05-20 10:35:54,2548.7,149505
2021-05-20 10:35:55,2549.0,149547
2021-05-20 10:35:55,2549.0,149547
2021-05-20 10:35:57,2549.0,149547
2021-05-20 10:35:59,2549.0,149647
2021-05-20 10:36:00,2549.0,149647
2021-05-20 10:36:01,2549.0,149647
2021-05-20 10:36:02,2549.0,149647
2021-05-20 10:36:03,2549.0,149647
2021-05-20 10:36:03,2549.0,149647
2021-05-20 10:36:04,2548.9,149662
2021-05-20 10:36:05,2548.9,149662
2021-05-20 10:36:06,2548.9,149662
2021-05-20 10:36:07,2548.9,149662
2021-05-20 10:36:11,2548.9,149662
2021-05-20 10:36:13,2548.9,149662
2021-05-20 10:36:15,2548.7,149677
2021-05-20 10:36:17,2548.7,149677
2021-05-20 10:36:19,2548.6,149730
2021-05-20 10:36:21,2548.6,149736
2021-05-20 10:36:23,2548.6,149736
2021-05-20 10:36:25,2548.6,149736
2021-05-20 10:36:26,2548.6,149736
2021-05-20 10:36:30,2548.6,149736
2021-05-20 10:36:31,2548.6,149736
2021-05-20 10:36:33,2548.6,149736
2021-05-20 10:36:34,2548.5,149740
2021-05-20 10:36:36,2548.5,149740
2021-05-20 10:36:38,2548.5,149740
2021-05-20 10:36:40,2548.5,149740
2021-05-20 10:36:42,2548.5,149740
2021-05-20 10:36:44,2548.5,149740
2021-05-20 10:36:46,2548.15,149753
2021-05-20 10:36:48,2548.5,149755
2021-05-20 10:36:50,2548.45,149756
2021-05-20 10:36:51,2548.45,149756
2021-05-20 10:36:53,2548.2,149762
2021-05-20 10:36:55,2548.45,149812
2021-05-20 10:36:56,2548.2,149848
2021-05-20 10:36:58,2548.2,149962
2021-05-20 10:37:00,2548.45,149969
2021-05-20 10:37:04,2548.9,150152
2021-05-20 10:37:05,2548.9,150152
2021-05-20 10:37:08,2548.9,150152
2021-05-20 10:37:09,2548.3,150162
2021-05-20 10:37:11,2548.3,150168
2021-05-20 10:37:13,2548.3,150168
2021-05-20 10:37:15,2548.3,150168
2021-05-20 10:37:17,2548.3,150168
2021-05-20 10:37:18,2548.9,150173
2021-05-20 10:37:20,2548.9,150174
2021-05-20 10:37:21,2548.9,150174
2021-05-20 10:37:23,2548.45,150204
2021-05-20 10:37:25,2548.3,150304
2021-05-20 10:37:27,2548.9,150306
2021-05-20 10:37:29,2548.9,150331
2021-05-20 10:37:31,2548.9,150331
2021-05-20 10:37:33,2548.9,150331
2021-05-20 10:37:35,2548.9,150399
2021-05-20 10:37:37,2549.0,150404
2021-05-20 10:37:38,2549.0,150404
2021-05-20 10:37:40,2549.0,150404
2021-05-20 10:37:43,2549.0,150404
2021-05-20 10:37:45,2549.0,150404
2021-05-20 10:37:47,2549.0,150404
2021-05-20 10:37:49,2549.0,150416
2021-05-20 10:37:52,2548.9,150418
2021-05-20 10:37:53,2549.0,150453
2021-05-20 10:37:56,2548.9,150473
2021-05-20 10:37:57,2549.0,150529
2021-05-20 10:37:59,2549.0,150530
2021-05-20 10:38:01,2548.9,150539
2021-05-20 10:38:04,2549.0,150570
2021-05-20 10:38:06,2549.05,150595
2021-05-20 10:38:08,2549.05,150595
2021-05-20 10:38:10,2549.05,150595
2021-05-20 10:38:12,2549.05,150595
2021-05-20 10:38:14,2549.05,150595
2021-05-20 10:38:16,2549.05,150595
2021-05-20 10:38:17,2549.05,150620
2021-05-20 10:38:19,2549.05,150620
2021-05-20 10:38:21,2549.05,150620
2021-05-20 10:38:24,2549.05,150622
2021-05-20 10:38:26,2549.0,150623
2021-05-20 10:38:28,2549.0,150623
2021-05-20 10:38:30,2549.0,150623
2021-05-20 10:38:31,2549.0,150623
2021-05-20 10:38:33,2549.0,150691
