timestamp,ltp,volume
2021-05-20 09:15:13,2456.95,32210
2021-05-20 09:15:15,2457.6,34363
2021-05-20 09:15:16,2457.75,35333
2021-05-20 09:15:17,2457.75,35821
2021-05-20 09:15:18,2457.6,36077
2021-05-20 09:15:19,2457.5,36567
2021-05-20 09:15:20,2457.4,37417
2021-05-20 09:15:21,2458.2,37985
2021-05-20 09:15:22,2457.75,38659
2021-05-20 09:15:23,2459.3,39204
2021-05-20 09:15:24,2459.3,39510
2021-05-20 09:15:25,2459.3,39699
2021-05-20 09:15:26,2459.3,39952
2021-05-20 09:15:27,2457.9,41218
2021-05-20 09:15:28,2460.15,42437
2021-05-20 09:15:29,2461.25,43587
2021-05-20 09:15:30,2460.4,44163
2021-05-20 09:15:31,2460.45,44393
2021-05-20 09:15:32,2462.2,44774
2021-05-20 09:15:33,2461.85,44897
2021-05-20 09:15:34,2460.6,45236
2021-05-20 09:15:35,2460.8,45826
2021-05-20 09:15:36,2460.85,46419
2021-05-20 09:15:37,2461.95,46654
2021-05-20 09:15:38,2461.9,47002
2021-05-20 09:15:39,2461.55,47187
2021-05-20 09:15:40,2461.9,47538
2021-05-20 09:15:41,2462.55,47760
2021-05-20 09:15:42,2462.55,47934
2021-05-20 09:15:43,2461.8,48209
2021-05-20 09:15:44,2462.55,48410
2021-05-20 09:15:45,2462.55,48702
2021-05-20 09:15:46,2462.55,48930
2021-05-20 09:15:47,2462.05,49026
2021-05-20 09:15:48,2462.55,49094
2021-05-20 09:15:50,2462.55,50287
2021-05-20 09:15:51,2463.0,51218
2021-05-20 09:15:52,2462.15,51839
2021-05-20 09:15:53,2462.55,51892
2021-05-20 09:15:54,2462.15,52322
2021-05-20 09:15:55,2462.15,52465
2021-05-20 09:15:56,2463.6,52704
2021-05-20 09:15:57,2462.25,53024
2021-05-20 09:15:58,2462.2,53365
2021-05-20 09:15:59,2462.55,54026
2021-05-20 09:16:00,2462.55,55620
2021-05-20 09:16:01,2461.6,55783
2021-05-20 09:16:02,2461.7,56178
2021-05-20 09:16:03,2461.7,56765
2021-05-20 09:16:04,2461.75,56914
2021-05-20 09:16:05,2462.35,57218
2021-05-20 09:16:06,2462.35,57354
2021-05-20 09:16:07,2462.75,57986
2021-05-20 09:16:08,2463.35,58031
2021-05-20 09:16:09,2463.3,58267
2021-05-20 09:16:10,2462.45,58522
2021-05-20 09:16:11,2463.3,58673
2021-05-20 09:16:12,2463.3,59050
2021-05-20 09:16:13,2462.35,59355
2021-05-20 09:16:14,2462.35,59589
2021-05-20 09:16:15,2462.35,59869
2021-05-20 09:16:16,2463.0,60284
2021-05-20 09:16:17,2462.35,60430
2021-05-20 09:16:18,2462.35,60571
2021-05-20 09:16:19,2462.05,61585
2021-05-20 09:16:20,2461.85,62367
2021-05-20 09:16:21,2462.5,62490
2021-05-20 09:16:22,2462.5,62557
2021-05-20 09:16:23,2462.5,63081
2021-05-20 09:16:24,2461.85,63102
2021-05-20 09:16:25,2461.85,63161
2021-05-20 09:16:26,2461.85,63212
2021-05-20 09:16:27,2461.95,63320
2021-05-20 09:16:28,2462.5,63376
2021-05-20 09:16:29,2462.15,63806
2021-05-20 09:16:30,2462.5,64771
2021-05-20 09:16:31,2461.8,65142
2021-05-20 09:16:32,2463.0,65595
2021-05-20 09:16:33,2462.15,65888
2021-05-20 09:16:34,2461.95,67155
2021-05-20 09:16:35,2463.0,67392
2021-05-20 09:16:36,2462.85,68762
2021-05-20 09:16:37,2463.0,68888
2021-05-20 09:16:38,2463.75,69955
2021-05-20 09:16:39,2464.0,70148
2021-05-20 09:16:40,2463.75,70462
2021-05-20 09:16:41,2463.75,70675
2021-05-20 09:16:42,2463.75,70715
2021-05-20 09:16:43,2464.0,70763
2021-05-20 09:16:44,2464.0,70899
2021-05-20 09:16:45,2464.0,71294
2021-05-20 09:16:46,2464.95,71708
2021-05-20 09:16:47,2463.75,71736
2021-05-20 09:16:48,2464.95,72887
2021-05-20 09:16:49,2463.75,72999
2021-05-20 09:16:50,2464.95,73213
2021-05-20 09:16:51,2463.9,73257
2021-05-20 09:16:52,2464.9,73371
2021-05-20 09:16:53,2464.0,73446
2021-05-20 09:16:54,2463.95,73566
2021-05-20 09:16:55,2464.1,73771
2021-05-20 09:16:56,2464.1,73859
2021-05-20 09:16:57,2464.1,73942
2021-05-20 09:16:58,2464.1,74061
2021-05-20 09:16:59,2464.75,74064
2021-05-20 09:17:00,2463.75,74348
2021-05-20 09:17:01,2462.0,75696
2021-05-20 09:17:03,2462.0,76574
2021-05-20 09:17:04,2462.0,77110
2021-05-20 09:17:05,2462.0,77438
2021-05-20 09:17:06,2462.0,77724
2021-05-20 09:17:08,2461.55,78150
2021-05-20 09:17:10,2462.0,78181
2021-05-20 09:17:11,2462.0,78231
2021-05-20 09:17:12,2462.8,78915
2021-05-20 09:17:13,2462.8,78922
2021-05-20 09:17:14,2462.8,79779
2021-05-20 09:17:15,2462.75,79972
2021-05-20 09:17:16,2462.75,80169
2021-05-20 09:17:17,2462.95,80460
2021-05-20 09:17:18,2463.0,80536
2021-05-20 09:17:19,2463.85,80855
2021-05-20 09:17:20,2462.8,81748
2021-05-20 09:17:21,2462.75,82164
2021-05-20 09:17:22,2462.8,82357
2021-05-20 09:17:23,2462.8,82445
2021-05-20 09:17:24,2462.8,82508
2021-05-20 09:17:25,2462.8,82508
2021-05-20 09:17:26,2462.95,82566
2021-05-20 09:17:27,2462.95,82603
2021-05-20 09:17:28,2462.95,82628
2021-05-20 09:17:29,2462.95,82799
2021-05-20 09:17:30,2463.5,82878
2021-05-20 09:17:31,2462.95,82940
2021-05-20 09:17:32,2462.8,83072
2021-05-20 09:17:33,2462.8,83167
2021-05-20 09:17:34,2463.0,83514
2021-05-20 09:17:35,2462.75,83652
2021-05-20 09:17:36,2463.0,83823
2021-05-20 09:17:37,2462.75,83888
2021-05-20 09:17:38,2462.8,83940
2021-05-20 09:17:39,2463.0,84020
2021-05-20 09:17:40,2462.8,84276
2021-05-20 09:17:41,2462.85,84382
2021-05-20 09:17:42,2462.85,84402
2021-05-20 09:17:43,2463.0,87192
2021-05-20 09:17:44,2463.05,87370
2021-05-20 09:17:45,2463.1,88115
2021-05-20 09:17:46,2463.75,88194
2021-05-20 09:17:47,2465.2,89072
2021-05-20 09:17:48,2464.05,89339
2021-05-20 09:17:49,2464.8,89608
2021-05-20 09:17:50,2463.25,89794
2021-05-20 09:17:51,2464.65,89799
2021-05-20 09:17:52,2464.0,90048
2021-05-20 09:17:54,2464.0,90124
2021-05-20 09:17:54,2464.0,90182
2021-05-20 09:17:55,2464.6,90374
2021-05-20 09:17:56,2464.6,90397
2021-05-20 09:17:57,2464.0,90568
2021-05-20 09:17:58,2464.6,90738
2021-05-20 09:18:00,2463.65,90836
2021-05-20 09:18:01,2464.0,90850
2021-05-20 09:18:02,2464.0,90860
2021-05-20 09:18:03,2464.0,90926
2021-05-20 09:18:04,2464.0,91012
2021-05-20 09:18:05,2464.0,91072
2021-05-20 09:18:06,2464.0,91204
2021-05-20 09:18:07,2464.0,91390
2021-05-20 09:18:08,2464.0,91675
2021-05-20 09:18:09,2463.15,92465
2021-05-20 09:18:10,2463.25,92725
2021-05-20 09:18:11,2462.35,92873
2021-05-20 09:18:12,2462.35,92951
2021-05-20 09:18:13,2461.85,93910
2021-05-20 09:18:14,2462.8,93991
2021-05-20 09:18:15,2461.95,94016
2021-05-20 09:18:15,2462.8,93991
2021-05-20 09:18:16,2461.95,94061
2021-05-20 09:18:17,2461.95,94729
2021-05-20 09:18:18,2461.95,94729
2021-05-20 09:18:19,2461.5,95185
2021-05-20 09:18:20,2462.4,95235
2021-05-20 09:18:21,2461.5,95243
2021-05-20 09:18:22,2461.6,95376
2021-05-20 09:18:23,2461.6,95460
2021-05-20 09:18:24,2462.4,95601
2021-05-20 09:18:25,2462.4,95651
2021-05-20 09:18:26,2460.95,96038
2021-05-20 09:18:27,2461.55,96097
2021-05-20 09:18:28,2460.65,96417
2021-05-20 09:18:29,2460.6,96535
2021-05-20 09:18:30,2460.95,96616
2021-05-20 09:18:33,2459.2,99616
2021-05-20 09:18:34,2460.0,99750
2021-05-20 09:18:35,2460.0,99828
2021-05-20 09:18:36,2459.95,99865
2021-05-20 09:18:37,2460.0,101539
2021-05-20 09:18:39,2459.9,101905
2021-05-20 09:18:40,2459.9,102006
2021-05-20 09:18:41,2459.9,102049
2021-05-20 09:18:42,2459.9,102092
2021-05-20 09:18:43,2459.9,102185
2021-05-20 09:18:44,2459.9,102471
2021-05-20 09:18:45,2459.9,102566
2021-05-20 09:18:46,2459.2,102608
2021-05-20 09:18:47,2459.2,102709
2021-05-20 09:18:49,2459.9,102760
2021-05-20 09:18:50,2459.2,102890
2021-05-20 09:18:51,2459.9,102910
2021-05-20 09:18:52,2459.9,102942
2021-05-20 09:18:53,2459.3,102987
2021-05-20 09:18:54,2459.3,102987
2021-05-20 09:18:55,2459.3,103113
2021-05-20 09:18:56,2459.2,103448
2021-05-20 09:18:56,2459.9,103236
2021-05-20 09:18:57,2459.0,103620
2021-05-20 09:18:58,2458.25,103662
2021-05-20 09:18:59,2458.25,103701
2021-05-20 09:19:00,2459.15,103755
2021-05-20 09:19:01,2458.25,103807
2021-05-20 09:19:02,2459.15,103951
2021-05-20 09:19:03,2458.25,104257
2021-05-20 09:19:04,2458.2,104431
2021-05-20 09:19:05,2458.2,104467
2021-05-20 09:19:06,2458.2,104560
2021-05-20 09:19:08,2458.3,104677
2021-05-20 09:19:09,2458.3,104755
2021-05-20 09:19:10,2458.3,104867
2021-05-20 09:19:11,2458.45,105055
2021-05-20 09:19:12,2459.2,108249
2021-05-20 09:19:13,2460.5,108445
2021-05-20 09:19:14,2459.45,108654
2021-05-20 09:19:15,2459.4,108721
2021-05-20 09:19:16,2459.45,108809
2021-05-20 09:19:17,2459.55,108834
2021-05-20 09:19:18,2459.55,109049
2021-05-20 09:19:18,2459.45,109099
2021-05-20 09:19:19,2460.2,109106
2021-05-20 09:19:20,2460.2,109155
2021-05-20 09:19:21,2460.2,109175
2021-05-20 09:19:22,2460.0,111151
2021-05-20 09:19:23,2461.0,111316
2021-05-20 09:19:24,2461.0,111533
2021-05-20 09:19:25,2460.2,111653
2021-05-20 09:19:26,2461.0,111789
2021-05-20 09:19:27,2461.0,112100
2021-05-20 09:19:29,2460.1,112289
2021-05-20 09:19:30,2460.1,112448
2021-05-20 09:19:31,2460.95,112573
2021-05-20 09:19:32,2460.2,112662
2021-05-20 09:19:33,2460.9,113222
2021-05-20 09:19:34,2460.2,113262
2021-05-20 09:19:35,2460.2,113284
2021-05-20 09:19:36,2460.8,113337
2021-05-20 09:19:37,2460.2,113355
2021-05-20 09:19:38,2460.2,113450
2021-05-20 09:19:39,2460.2,113500
2021-05-20 09:19:40,2460.2,113689
2021-05-20 09:19:41,2460.2,113742
2021-05-20 09:19:42,2460.1,113872
2021-05-20 09:19:43,2460.2,114015
2021-05-20 09:19:44,2460.2,114075
2021-05-20 09:19:45,2460.1,114349
2021-05-20 09:19:46,2460.0,114408
2021-05-20 09:19:46,2460.0,114408
2021-05-20 09:19:47,2460.05,114432
2021-05-20 09:19:48,2459.95,114509
2021-05-20 09:19:49,2459.95,114541
2021-05-20 09:19:50,2459.95,114583
2021-05-20 09:19:51,2460.0,117615
2021-05-20 09:19:52,2459.8,118974
2021-05-20 09:19:53,2460.15,119225
2021-05-20 09:19:54,2460.0,119307
2021-05-20 09:19:55,2460.1,119878
2021-05-20 09:19:56,2460.0,120468
2021-05-20 09:19:57,2460.2,120662
2021-05-20 09:19:58,2460.15,120682
2021-05-20 09:19:59,2460.2,120802
2021-05-20 09:20:00,2460.05,120897
2021-05-20 09:20:01,2460.0,120939
2021-05-20 09:20:02,2460.15,121218
2021-05-20 09:20:03,2460.15,121681
2021-05-20 09:20:04,2460.15,122512
2021-05-20 09:20:06,2460.1,122797
2021-05-20 09:20:06,2460.15,123138
2021-05-20 09:20:07,2460.1,123221
2021-05-20 09:20:08,2460.15,123547
2021-05-20 09:20:09,2460.35,124033
2021-05-20 09:20:11,2461.7,124303
2021-05-20 09:20:12,2461.05,124366
2021-05-20 09:20:13,2461.0,124398
2021-05-20 09:20:14,2461.0,124484
2021-05-20 09:20:15,2461.7,124590
2021-05-20 09:20:16,2460.5,125098
2021-05-20 09:20:16,2460.5,125098
2021-05-20 09:20:17,2461.05,125160
2021-05-20 09:20:18,2461.0,125277
2021-05-20 09:20:19,2461.7,125304
2021-05-20 09:20:20,2461.7,125339
2021-05-20 09:20:21,2461.7,125438
2021-05-20 09:20:22,2461.05,125500
2021-05-20 09:20:23,2461.05,125545
2021-05-20 09:20:24,2461.7,125567
2021-05-20 09:20:25,2461.05,125610
2021-05-20 09:20:26,2461.05,125642
2021-05-20 09:20:27,2461.05,125723
2021-05-20 09:20:28,2461.05,125787
2021-05-20 09:20:29,2460.9,125842
2021-05-20 09:20:30,2460.9,125855
2021-05-20 09:20:32,2460.9,126078
2021-05-20 09:20:36,2460.8,127176
2021-05-20 09:20:37,2460.1,127266
2021-05-20 09:20:38,2460.8,127331
2021-05-20 09:20:39,2460.0,127457
2021-05-20 09:20:41,2460.0,127741
2021-05-20 09:20:42,2460.8,127871
2021-05-20 09:20:43,2460.0,127997
2021-05-20 09:20:44,2460.0,128160
2021-05-20 09:20:46,2460.0,128172
2021-05-20 09:20:46,2460.0,128196
2021-05-20 09:20:47,2460.0,128201
2021-05-20 09:20:48,2460.8,128401
2021-05-20 09:20:49,2460.8,128412
2021-05-20 09:20:51,2460.8,128679
2021-05-20 09:20:52,2460.05,128714
2021-05-20 09:20:53,2460.05,128714
2021-05-20 09:20:54,2460.05,128714
2021-05-20 09:20:55,2460.8,128764
2021-05-20 09:20:56,2460.8,128771
2021-05-20 09:20:57,2460.8,128861
2021-05-20 09:20:58,2460.8,128873
2021-05-20 09:20:59,2460.05,128888
2021-05-20 09:21:00,2460.15,128921
2021-05-20 09:21:02,2460.8,129378
2021-05-20 09:21:03,2460.15,129760
2021-05-20 09:21:04,2460.15,130288
2021-05-20 09:21:05,2460.6,130317
2021-05-20 09:21:06,2460.15,131940
2021-05-20 09:21:06,2460.15,131954
2021-05-20 09:21:08,2460.15,132223
2021-05-20 09:21:09,2460.0,132313
2021-05-20 09:21:10,2460.2,132358
2021-05-20 09:21:11,2460.15,132459
2021-05-20 09:21:12,2460.15,133024
2021-05-20 09:21:14,2459.2,133287
2021-05-20 09:21:15,2459.15,134548
2021-05-20 09:21:16,2457.35,134898
2021-05-20 09:21:17,2457.9,135240
2021-05-20 09:21:18,2457.45,135443
2021-05-20 09:21:19,2458.7,135548
2021-05-20 09:21:20,2458.95,136307
2021-05-20 09:21:21,2459.1,136311
2021-05-20 09:21:22,2458.0,136316
2021-05-20 09:21:23,2458.0,136376
2021-05-20 09:21:24,2458.0,136376
2021-05-20 09:21:26,2458.9,136436
2021-05-20 09:21:27,2458.0,136537
2021-05-20 09:21:28,2457.2,137118
2021-05-20 09:21:30,2456.9,137708
2021-05-20 09:21:31,2457.9,137776
2021-05-20 09:21:38,2456.85,139192
2021-05-20 09:21:39,2455.95,139382
2021-05-20 09:21:41,2455.95,139393
2021-05-20 09:21:42,2456.8,139400
2021-05-20 09:21:43,2456.8,139618
2021-05-20 09:21:44,2455.6,139658
2021-05-20 09:21:45,2456.8,139664
2021-05-20 09:21:46,2456.0,139987
2021-05-20 09:21:47,2455.65,140079
2021-05-20 09:21:48,2455.65,140100
2021-05-20 09:21:49,2455.8,140504
2021-05-20 09:21:50,2456.75,140514
2021-05-20 09:21:51,2456.75,140714
2021-05-20 09:21:52,2456.75,140714
2021-05-20 09:21:53,2456.75,142930
2021-05-20 09:21:54,2456.75,142944
2021-05-20 09:21:55,2456.75,142949
2021-05-20 09:21:56,2456.75,142950
2021-05-20 09:21:57,2457.55,142951
2021-05-20 09:21:58,2456.75,142958
2021-05-20 09:21:59,2456.75,143366
2021-05-20 09:22:00,2456.75,143476
2021-05-20 09:22:01,2457.55,143484
2021-05-20 09:22:02,2456.75,143489
2021-05-20 09:22:03,2455.9,144139
2021-05-20 09:22:04,2456.75,144502
2021-05-20 09:22:05,2455.85,144703
2021-05-20 09:22:06,2455.85,145077
2021-05-20 09:22:07,2455.85,145199
2021-05-20 09:22:08,2454.75,146092
2021-05-20 09:22:09,2455.55,146094
2021-05-20 09:22:10,2455.8,146549
2021-05-20 09:22:11,2456.5,146713
2021-05-20 09:22:12,2455.8,146825
2021-05-20 09:22:13,2456.5,146881
2021-05-20 09:22:14,2455.85,146927
2021-05-20 09:22:15,2457.15,148363
2021-05-20 09:22:16,2456.05,148871
2021-05-20 09:22:17,2456.0,149087
2021-05-20 09:22:18,2456.5,149861
2021-05-20 09:22:19,2456.05,150134
2021-05-20 09:22:20,2456.05,150166
2021-05-20 09:22:21,2456.05,150273
2021-05-20 09:22:22,2456.65,150915
2021-05-20 09:22:23,2457.2,151146
2021-05-20 09:22:24,2457.2,151146
2021-05-20 09:22:25,2457.15,151445
2021-05-20 09:22:26,2456.05,151678
2021-05-20 09:22:27,2456.15,151777
2021-05-20 09:22:28,2456.5,152560
2021-05-20 09:22:29,2457.05,152660
2021-05-20 09:22:30,2457.0,152913
2021-05-20 09:22:31,2457.0,152932
2021-05-20 09:22:32,2457.0,152932
2021-05-20 09:22:33,2457.0,152933
2021-05-20 09:22:34,2457.0,153054
2021-05-20 09:22:35,2456.85,153055
2021-05-20 09:22:36,2457.0,153057
2021-05-20 09:22:37,2456.85,153157
2021-05-20 09:22:38,2456.85,153157
2021-05-20 09:22:39,2456.85,153164
2021-05-20 09:22:40,2457.0,153179
2021-05-20 09:22:41,2456.85,153312
2021-05-20 09:22:42,2456.85,153362
2021-05-20 09:22:43,2457.0,153548
2021-05-20 09:22:44,2457.0,153596
2021-05-20 09:22:45,2456.85,153667
2021-05-20 09:22:46,2457.0,153779
2021-05-20 09:22:47,2456.85,153934
2021-05-20 09:22:48,2456.8,153976
2021-05-20 09:22:49,2456.25,155333
2021-05-20 09:22:50,2456.9,155599
2021-05-20 09:22:51,2456.25,155600
2021-05-20 09:22:52,2456.25,155600
2021-05-20 09:22:53,2456.25,155601
2021-05-20 09:22:54,2456.25,155894
2021-05-20 09:22:55,2456.25,155916
2021-05-20 09:22:56,2456.25,155973
2021-05-20 09:22:57,2456.0,156034
2021-05-20 09:22:58,2456.0,156114
2021-05-20 09:22:59,2456.0,156115
2021-05-20 09:23:00,2456.0,156257
2021-05-20 09:23:01,2456.0,156282
2021-05-20 09:23:02,2456.0,156288
2021-05-20 09:23:03,2455.3,156343
2021-05-20 09:23:04,2455.3,156343
2021-05-20 09:23:05,2456.0,156359
2021-05-20 09:23:06,2455.3,156371
2021-05-20 09:23:07,2456.0,156507
2021-05-20 09:23:08,2455.3,156607
2021-05-20 09:23:09,2455.3,156667
2021-05-20 09:23:10,2456.0,157118
2021-05-20 09:23:11,2455.3,157149
2021-05-20 09:23:12,2456.0,157319
2021-05-20 09:23:13,2455.3,157320
2021-05-20 09:23:14,2455.3,157518
2021-05-20 09:23:15,2455.3,157568
2021-05-20 09:23:16,2455.9,157578
2021-05-20 09:23:17,2455.3,157598
2021-05-20 09:23:18,2455.9,157623
2021-05-20 09:23:19,2455.3,157693
2021-05-20 09:23:21,2455.3,157794
2021-05-20 09:23:22,2455.5,157795
2021-05-20 09:23:23,2455.15,157815
2021-05-20 09:23:24,2455.3,158263
2021-05-20 09:23:25,2455.3,158263
2021-05-20 09:23:26,2455.0,158621
2021-05-20 09:23:27,2455.25,159253
2021-05-20 09:23:28,2455.1,159379
2021-05-20 09:23:30,2456.1,163289
2021-05-20 09:23:31,2456.25,163339
2021-05-20 09:23:32,2456.25,163339
2021-05-20 09:23:33,2457.2,163341
2021-05-20 09:23:34,2456.2,163344
2021-05-20 09:23:35,2456.25,163354
2021-05-20 09:23:36,2456.25,163354
2021-05-20 09:23:37,2457.15,163419
2021-05-20 09:23:38,2457.15,163419
2021-05-20 09:23:39,2456.3,163449
2021-05-20 09:23:40,2457.05,163480
2021-05-20 09:23:41,2456.35,163632
2021-05-20 09:23:42,2457.0,163642
2021-05-20 09:23:43,2457.0,163643
2021-05-20 09:23:44,2457.0,163813
2021-05-20 09:23:45,2457.0,163813
2021-05-20 09:23:46,2456.65,164487
2021-05-20 09:23:47,2456.6,164509
2021-05-20 09:23:48,2455.85,164813
2021-05-20 09:23:49,2455.4,164940
2021-05-20 09:23:50,2455.95,164949
2021-05-20 09:23:51,2455.95,164961
2021-05-20 09:23:52,2455.95,165021
2021-05-20 09:23:53,2455.55,165049
2021-05-20 09:23:54,2455.55,165049
2021-05-20 09:23:55,2455.55,165049
2021-05-20 09:23:56,2455.3,165070
2021-05-20 09:23:57,2455.4,165130
2021-05-20 09:23:58,2455.4,165169
2021-05-20 09:23:59,2455.25,165225
2021-05-20 09:24:00,2455.4,165478
2021-05-20 09:24:01,2455.15,165649
2021-05-20 09:24:02,2455.4,165809
2021-05-20 09:24:03,2455.35,166677
2021-05-20 09:24:04,2455.25,167034
2021-05-20 09:24:05,2455.35,167102
2021-05-20 09:24:06,2456.15,167112
2021-05-20 09:24:07,2456.15,167334
2021-05-20 09:24:08,2457.0,167438
2021-05-20 09:24:09,2457.0,167438
2021-05-20 09:24:10,2458.65,169175
2021-05-20 09:24:11,2456.15,169414
2021-05-20 09:24:12,2457.0,169439
2021-05-20 09:24:13,2457.0,169439
2021-05-20 09:24:14,2457.0,169608
2021-05-20 09:24:15,2456.8,169610
2021-05-20 09:24:16,2456.8,169610
2021-05-20 09:24:18,2457.0,170162
2021-05-20 09:24:19,2456.8,170165
2021-05-20 09:24:20,2456.8,170172
2021-05-20 09:24:21,2456.8,170823
2021-05-20 09:24:22,2456.8,170823
2021-05-20 09:24:24,2456.8,171230
2021-05-20 09:24:25,2457.0,171288
2021-05-20 09:24:26,2457.0,171293
2021-05-20 09:24:31,2455.35,172631
2021-05-20 09:24:32,2455.35,172631
2021-05-20 09:24:33,2455.35,172631
2021-05-20 09:24:34,2455.35,172631
2021-05-20 09:24:35,2455.65,172682
2021-05-20 09:24:36,2455.35,172725
2021-05-20 09:24:37,2455.65,172745
2021-05-20 09:24:38,2454.9,174030
2021-05-20 09:24:39,2455.55,174219
2021-05-20 09:24:40,2455.0,174317
2021-05-20 09:24:41,2455.45,174367
2021-05-20 09:24:41,2455.45,174368
2021-05-20 09:24:42,2455.0,174369
2021-05-20 09:24:43,2455.35,174541
2021-05-20 09:24:44,2455.0,174542
2021-05-20 09:24:45,2454.8,174644
2021-05-20 09:24:46,2454.7,174651
2021-05-20 09:24:47,2454.7,174667
2021-05-20 09:24:48,2455.4,174880
2021-05-20 09:24:49,2454.7,174892
2021-05-20 09:24:50,2454.7,174892
2021-05-20 09:24:51,2454.7,174931
2021-05-20 09:24:52,2454.7,174931
2021-05-20 09:24:53,2454.7,174931
2021-05-20 09:24:54,2455.0,174932
2021-05-20 09:24:55,2455.0,174932
2021-05-20 09:24:56,2455.0,174962
2021-05-20 09:24:57,2454.7,174970
2021-05-20 09:24:58,2454.7,175070
2021-05-20 09:25:00,2454.7,175174
2021-05-20 09:25:02,2455.0,175180
2021-05-20 09:25:03,2455.0,175926
2021-05-20 09:25:04,2455.0,175946
2021-05-20 09:25:05,2455.0,175994
2021-05-20 09:25:06,2454.4,176155
2021-05-20 09:25:07,2455.0,176176
2021-05-20 09:25:08,2454.15,176281
2021-05-20 09:25:09,2454.1,176287
2021-05-20 09:25:10,2454.1,176287
2021-05-20 09:25:11,2455.0,176294
2021-05-20 09:25:12,2455.0,176390
2021-05-20 09:25:13,2455.0,176390
2021-05-20 09:25:14,2454.7,176395
2021-05-20 09:25:15,2454.7,176395
2021-05-20 09:25:16,2455.0,176417
2021-05-20 09:25:17,2455.0,176417
2021-05-20 09:25:18,2454.7,176431
2021-05-20 09:25:19,2455.0,176492
2021-05-20 09:25:20,2455.0,176492
2021-05-20 09:25:21,2455.0,176494
2021-05-20 09:25:22,2454.95,176748
2021-05-20 09:25:23,2454.1,176779
2021-05-20 09:25:24,2454.7,176797
2021-05-20 09:25:25,2454.7,176797
2021-05-20 09:25:26,2453.1,177614
2021-05-20 09:25:27,2454.15,177907
2021-05-20 09:25:28,2454.15,177912
2021-05-20 09:25:29,2454.15,177920
2021-05-20 09:25:30,2454.15,177921
2021-05-20 09:25:31,2453.0,178097
2021-05-20 09:25:33,2452.95,178143
2021-05-20 09:25:34,2452.95,178186
2021-05-20 09:25:35,2452.95,178203
2021-05-20 09:25:36,2452.95,178273
2021-05-20 09:25:37,2451.7,178476
2021-05-20 09:25:38,2452.95,178862
2021-05-20 09:25:40,2455.0,184932
2021-05-20 09:25:41,2455.05,185076
2021-05-20 09:25:42,2455.05,185126
2021-05-20 09:25:43,2455.05,185126
2021-05-20 09:25:44,2455.05,185126
2021-05-20 09:25:45,2454.1,185207
2021-05-20 09:25:46,2454.1,185207
2021-05-20 09:25:47,2454.1,185207
2021-05-20 09:25:48,2455.0,185264
2021-05-20 09:25:49,2455.0,185279
2021-05-20 09:25:50,2455.0,185279
2021-05-20 09:25:51,2454.1,185289
2021-05-20 09:25:52,2454.95,185292
2021-05-20 09:25:53,2454.1,185294
2021-05-20 09:25:54,2454.1,185299
2021-05-20 09:25:55,2454.1,185299
2021-05-20 09:25:56,2454.1,185349
2021-05-20 09:25:57,2454.1,185454
2021-05-20 09:25:58,2454.95,185459
2021-05-20 09:25:59,2454.1,185508
2021-05-20 09:26:00,2454.1,185508
2021-05-20 09:26:01,2454.95,185558
2021-05-20 09:26:02,2454.95,185558
2021-05-20 09:26:03,2454.1,185583
2021-05-20 09:26:04,2454.1,185868
2021-05-20 09:26:05,2454.5,185980
2021-05-20 09:26:06,2454.1,185999
2021-05-20 09:26:07,2454.1,186037
2021-05-20 09:26:08,2454.1,186037
2021-05-20 09:26:09,2454.5,186083
2021-05-20 09:26:10,2454.1,186303
2021-05-20 09:26:11,2454.5,186311
2021-05-20 09:26:12,2454.5,186326
2021-05-20 09:26:13,2454.1,186330
2021-05-20 09:26:14,2454.1,186394
2021-05-20 09:26:15,2454.5,186484
2021-05-20 09:26:16,2454.5,186485
2021-05-20 09:26:17,2454.5,186486
2021-05-20 09:26:18,2454.95,186686
2021-05-20 09:26:19,2454.5,186758
2021-05-20 09:26:21,2455.0,187138
2021-05-20 09:26:22,2454.5,187269
2021-05-20 09:26:23,2454.45,187764
2021-05-20 09:26:24,2454.15,187975
2021-05-20 09:26:25,2452.7,188377
2021-05-20 09:26:26,2453.9,188579
2021-05-20 09:26:27,2453.9,188579
2021-05-20 09:26:28,2453.6,188629
2021-05-20 09:26:29,2453.6,188855
2021-05-20 09:26:30,2452.95,189035
2021-05-20 09:26:31,2452.3,189223
2021-05-20 09:26:32,2453.55,189724
2021-05-20 09:26:33,2453.55,189731
2021-05-20 09:26:34,2453.5,189739
2021-05-20 09:26:35,2453.5,189739
2021-05-20 09:26:36,2453.45,189741
2021-05-20 09:26:37,2453.45,189851
2021-05-20 09:26:39,2453.3,190000
2021-05-20 09:26:40,2453.3,190000
2021-05-20 09:26:41,2453.3,190055
2021-05-20 09:26:42,2453.0,190106
2021-05-20 09:26:43,2452.45,190454
2021-05-20 09:26:44,2453.4,190578
2021-05-20 09:26:45,2452.5,190633
2021-05-20 09:26:46,2453.4,190679
2021-05-20 09:26:47,2453.4,190679
2021-05-20 09:26:48,2452.8,190680
2021-05-20 09:26:49,2453.35,190685
2021-05-20 09:26:50,2453.35,190685
2021-05-20 09:26:51,2453.1,190744
2021-05-20 09:26:52,2452.4,190746
2021-05-20 09:26:53,2452.4,190753
2021-05-20 09:26:54,2452.5,190888
2021-05-20 09:26:55,2452.0,190917
2021-05-20 09:26:56,2452.5,191064
2021-05-20 09:26:57,2452.5,191064
2021-05-20 09:26:58,2451.65,191139
2021-05-20 09:26:59,2452.45,191143
2021-05-20 09:27:00,2451.65,191188
2021-05-20 09:27:01,2452.45,191202
2021-05-20 09:27:02,2452.45,191269
2021-05-20 09:27:03,2452.0,191403
2021-05-20 09:27:04,2452.0,191403
2021-05-20 09:27:05,2451.65,191453
2021-05-20 09:27:06,2451.7,191459
2021-05-20 09:27:07,2452.4,192038
2021-05-20 09:27:08,2453.05,192920
2021-05-20 09:27:09,2453.95,193191
2021-05-20 09:27:11,2453.95,193239
2021-05-20 09:27:12,2453.95,193242
2021-05-20 09:27:14,2452.85,193272
2021-05-20 09:27:15,2452.85,193278
2021-05-20 09:27:16,2452.85,193278
2021-05-20 09:27:17,2453.65,193295
2021-05-20 09:27:18,2453.0,193296
2021-05-20 09:27:19,2453.65,193301
2021-05-20 09:27:20,2453.65,193301
2021-05-20 09:27:21,2453.7,193491
2021-05-20 09:27:22,2453.7,193491
2021-05-20 09:27:23,2453.7,193495
2021-05-20 09:27:24,2453.2,193500
2021-05-20 09:27:25,2453.7,193607
2021-05-20 09:27:26,2453.2,193672
2021-05-20 09:27:27,2453.7,193673
2021-05-20 09:27:28,2453.7,193693
2021-05-20 09:27:29,2453.65,193795
2021-05-20 09:27:30,2453.7,193835
2021-05-20 09:27:31,2453.65,193845
2021-05-20 09:27:32,2453.65,193967
2021-05-20 09:27:33,2453.65,193970
2021-05-20 09:27:34,2453.45,195818
2021-05-20 09:27:35,2453.95,196075
2021-05-20 09:27:36,2453.7,196080
2021-05-20 09:27:37,2453.7,196080
2021-05-20 09:27:38,2453.8,196081
2021-05-20 09:27:39,2453.75,196082
2021-05-20 09:27:40,2453.25,196151
2021-05-20 09:27:41,2453.25,196151
2021-05-20 09:27:42,2453.75,196152
2021-05-20 09:27:43,2453.25,196275
2021-05-20 09:27:44,2453.0,196282
2021-05-20 09:27:45,2453.0,196739
2021-05-20 09:27:46,2453.55,196982
2021-05-20 09:27:47,2453.8,197067
2021-05-20 09:27:48,2453.25,197104
2021-05-20 09:27:49,2453.95,197304
2021-05-20 09:27:50,2453.95,197304
2021-05-20 09:27:51,2453.95,197304
2021-05-20 09:27:52,2453.55,197305
2021-05-20 09:27:53,2453.55,197305
2021-05-20 09:27:54,2453.25,197306
2021-05-20 09:27:55,2453.25,197326
2021-05-20 09:27:56,2453.25,197341
2021-05-20 09:27:57,2453.55,197375
2021-05-20 09:27:58,2453.55,197475
2021-05-20 09:27:59,2453.55,197475
2021-05-20 09:28:00,2453.55,197505
2021-05-20 09:28:01,2453.3,197590
2021-05-20 09:28:02,2453.3,197590
2021-05-20 09:28:03,2453.3,197590
2021-05-20 09:28:04,2453.25,197595
2021-05-20 09:28:05,2453.25,197596
2021-05-20 09:28:07,2453.55,197641
2021-05-20 09:28:09,2453.55,197732
2021-05-20 09:28:10,2453.55,197740
2021-05-20 09:28:10,2453.55,197861
2021-05-20 09:28:11,2453.55,197861
2021-05-20 09:28:12,2453.55,197867
2021-05-20 09:28:13,2453.4,198141
2021-05-20 09:28:14,2453.4,198141
2021-05-20 09:28:15,2453.4,198141
2021-05-20 09:28:16,2453.55,198192
2021-05-20 09:28:17,2453.4,198242
2021-05-20 09:28:18,2453.4,198242
2021-05-20 09:28:19,2453.4,198243
2021-05-20 09:28:20,2453.3,199528
2021-05-20 09:28:22,2453.4,199552
2021-05-20 09:28:23,2453.4,199552
2021-05-20 09:28:24,2453.4,199552
2021-05-20 09:28:25,2453.45,199580
2021-05-20 09:28:26,2453.55,199581
2021-05-20 09:28:27,2453.45,199599
2021-05-20 09:28:28,2453.5,199619
2021-05-20 09:28:29,2453.45,199620
2021-05-20 09:28:30,2453.45,199628
2021-05-20 09:28:31,2453.5,199676
2021-05-20 09:28:32,2453.45,199701
2021-05-20 09:28:33,2453.45,199740
2021-05-20 09:28:34,2453.4,199841
2021-05-20 09:28:35,2453.4,199841
2021-05-20 09:28:36,2453.4,199841
2021-05-20 09:28:37,2453.4,199841
2021-05-20 09:28:38,2453.4,199845
2021-05-20 09:28:39,2453.4,199845
2021-05-20 09:28:40,2453.5,199846
2021-05-20 09:28:41,2453.4,199896
2021-05-20 09:28:42,2453.5,199899
2021-05-20 09:28:43,2453.55,200199
2021-05-20 09:28:44,2453.5,200202
2021-05-20 09:28:45,2453.5,200223
2021-05-20 09:28:46,2453.5,200223
2021-05-20 09:28:47,2453.5,200223
2021-05-20 09:28:48,2453.5,200223
2021-05-20 09:28:49,2453.5,200223
2021-05-20 09:28:50,2453.4,200228
2021-05-20 09:28:51,2453.4,200228
2021-05-20 09:28:52,2453.5,200232
2021-05-20 09:28:53,2453.5,200237
2021-05-20 09:28:54,2453.5,200468
2021-05-20 09:28:55,2453.4,200963
2021-05-20 09:28:56,2453.4,201128
2021-05-20 09:28:57,2453.5,201228
2021-05-20 09:28:58,2453.35,201278
2021-05-20 09:28:59,2453.35,201279
2021-05-20 09:29:00,2453.35,201294
2021-05-20 09:29:01,2453.4,201297
2021-05-20 09:29:02,2453.35,201348
2021-05-20 09:29:03,2453.35,201349
2021-05-20 09:29:04,2453.45,201359
2021-05-20 09:29:05,2453.5,201452
2021-05-20 09:29:06,2453.35,203980
2021-05-20 09:29:07,2453.35,203981
2021-05-20 09:29:08,2453.35,203982
2021-05-20 09:29:09,2453.35,203987
2021-05-20 09:29:10,2454.15,203989
2021-05-20 09:29:11,2454.15,203989
2021-05-20 09:29:12,2453.5,204009
2021-05-20 09:29:13,2453.5,204014
2021-05-20 09:29:14,2453.5,204014
2021-05-20 09:29:15,2453.5,204175
2021-05-20 09:29:16,2453.5,204176
2021-05-20 09:29:17,2453.5,204196
2021-05-20 09:29:18,2453.5,204197
2021-05-20 09:29:19,2453.4,204345
2021-05-20 09:29:20,2453.4,204352
2021-05-20 09:29:22,2454.05,204446
2021-05-20 09:29:23,2454.05,204902
2021-05-20 09:29:24,2454.05,204902
2021-05-20 09:29:25,2454.05,204902
2021-05-20 09:29:25,2454.05,204902
2021-05-20 09:29:26,2454.0,204904
2021-05-20 09:29:27,2454.0,204907
2021-05-20 09:29:28,2454.0,204907
2021-05-20 09:29:30,2453.55,204910
2021-05-20 09:29:31,2454.0,205036
2021-05-20 09:29:32,2454.0,205104
2021-05-20 09:29:33,2454.0,205136
2021-05-20 09:29:34,2454.0,205167
2021-05-20 09:29:35,2454.0,205229
2021-05-20 09:29:36,2454.0,205353
2021-05-20 09:29:37,2453.95,205449
2021-05-20 09:29:38,2455.0,207139
2021-05-20 09:29:39,2455.45,207303
2021-05-20 09:29:40,2455.3,207393
2021-05-20 09:29:41,2455.25,207424
2021-05-20 09:29:43,2453.45,209488
2021-05-20 09:29:45,2453.2,209508
2021-05-20 09:29:46,2453.15,210869
2021-05-20 09:29:48,2452.0,211049
2021-05-20 09:29:49,2453.0,211084
2021-05-20 09:29:50,2452.95,211145
2021-05-20 09:29:51,2451.75,211276
2021-05-20 09:29:52,2452.0,211301
2021-05-20 09:29:53,2452.7,211398
2021-05-20 09:29:54,2452.4,211523
2021-05-20 09:29:57,2451.15,211754
2021-05-20 09:29:58,2451.15,212023
2021-05-20 09:29:59,2452.1,212164
2021-05-20 09:30:00,2451.25,212176
2021-05-20 09:30:01,2450.5,220389
2021-05-20 09:30:02,2451.5,220559
2021-05-20 09:30:03,2450.85,221830
2021-05-20 09:30:04,2450.85,221830
2021-05-20 09:30:05,2450.65,221902
2021-05-20 09:30:06,2449.5,222337
2021-05-20 09:30:07,2449.25,222533
2021-05-20 09:30:08,2449.2,222745
2021-05-20 09:30:09,2449.95,222827
2021-05-20 09:30:10,2449.95,222936
2021-05-20 09:30:11,2449.95,222936
2021-05-20 09:30:12,2449.0,223086
2021-05-20 09:30:13,2448.6,223208
2021-05-20 09:30:14,2449.0,223434
2021-05-20 09:30:15,2449.2,223519
2021-05-20 09:30:16,2449.7,223673
2021-05-20 09:30:18,2449.7,223724
2021-05-20 09:30:19,2449.7,223780
2021-05-20 09:30:20,2449.25,223948
2021-05-20 09:30:21,2449.6,224449
2021-05-20 09:30:22,2449.65,225187
2021-05-20 09:30:23,2448.55,225864
2021-05-20 09:30:24,2449.65,225874
2021-05-20 09:30:25,2449.65,225906
2021-05-20 09:30:26,2448.95,225934
2021-05-20 09:30:27,2449.1,226045
2021-05-20 09:30:28,2449.75,226216
2021-05-20 09:30:29,2449.8,226652
2021-05-20 09:30:30,2448.95,227038
2021-05-20 09:30:31,2448.95,227114
2021-05-20 09:30:32,2451.9,229506
2021-05-20 09:30:33,2450.65,229932
2021-05-20 09:30:34,2450.65,229932
2021-05-20 09:30:35,2450.65,229946
2021-05-20 09:30:36,2450.65,230046
2021-05-20 09:30:37,2451.45,230410
2021-05-20 09:30:38,2450.6,230415
2021-05-20 09:30:39,2450.65,230555
2021-05-20 09:30:40,2450.65,230592
2021-05-20 09:30:41,2450.6,230686
2021-05-20 09:30:42,2451.55,230813
2021-05-20 09:30:43,2451.55,230853
2021-05-20 09:30:44,2451.55,230856
2021-05-20 09:30:46,2451.25,232088
2021-05-20 09:30:49,2450.0,232351
2021-05-20 09:30:50,2451.1,232353
2021-05-20 09:30:51,2451.1,232353
2021-05-20 09:30:52,2450.5,232364
2021-05-20 09:30:53,2450.5,232364
2021-05-20 09:30:54,2450.5,232468
2021-05-20 09:30:55,2450.5,232468
2021-05-20 09:30:56,2450.95,232531
2021-05-20 09:30:57,2450.5,232541
2021-05-20 09:30:58,2451.0,232606
2021-05-20 09:30:59,2451.35,233199
2021-05-20 09:31:00,2451.35,233199
2021-05-20 09:31:01,2451.65,233428
2021-05-20 09:31:02,2451.65,233461
2021-05-20 09:31:03,2451.35,233477
2021-05-20 09:31:04,2452.0,234632
2021-05-20 09:31:05,2451.7,234640
2021-05-20 09:31:06,2452.0,234681
2021-05-20 09:31:07,2452.0,234971
2021-05-20 09:31:08,2452.0,234971
2021-05-20 09:31:09,2452.0,235147
2021-05-20 09:31:10,2452.2,235311
2021-05-20 09:31:11,2452.0,235397
2021-05-20 09:31:12,2453.65,236552
2021-05-20 09:31:13,2452.65,236557
2021-05-20 09:31:14,2453.9,237188
2021-05-20 09:31:15,2453.75,237220
2021-05-20 09:31:16,2453.75,237220
2021-05-20 09:31:17,2453.75,237220
2021-05-20 09:31:18,2453.25,237292
2021-05-20 09:31:19,2452.7,237363
2021-05-20 09:31:20,2452.2,237396
2021-05-20 09:31:21,2452.15,237400
2021-05-20 09:31:22,2451.45,237889
2021-05-20 09:31:23,2450.75,237914
2021-05-20 09:31:24,2451.45,238005
2021-05-20 09:31:25,2452.0,238027
2021-05-20 09:31:26,2452.0,238027
2021-05-20 09:31:27,2452.7,238328
2021-05-20 09:31:28,2452.7,238328
2021-05-20 09:31:29,2452.0,238545
2021-05-20 09:31:30,2452.4,238809
2021-05-20 09:31:31,2452.0,238995
2021-05-20 09:31:32,2452.0,238996
2021-05-20 09:31:33,2452.0,238996
2021-05-20 09:31:34,2452.2,239001
2021-05-20 09:31:35,2452.2,239006
2021-05-20 09:31:36,2452.0,239021
2021-05-20 09:31:37,2452.0,239021
2021-05-20 09:31:38,2452.0,239277
2021-05-20 09:31:39,2450.8,239381
2021-05-20 09:31:40,2450.75,239382
2021-05-20 09:31:41,2450.75,239389
2021-05-20 09:31:42,2450.75,239645
2021-05-20 09:31:43,2450.75,239645
2021-05-20 09:31:44,2451.5,239695
2021-05-20 09:31:45,2451.5,239696
2021-05-20 09:31:46,2451.5,239696
2021-05-20 09:31:47,2451.0,239698
2021-05-20 09:31:48,2451.0,240102
2021-05-20 09:31:49,2451.0,240130
2021-05-20 09:31:50,2451.0,240130
2021-05-20 09:31:51,2450.5,240240
2021-05-20 09:31:52,2450.5,240246
2021-05-20 09:31:53,2451.0,240297
2021-05-20 09:31:54,2451.0,240297
2021-05-20 09:31:55,2450.0,240531
2021-05-20 09:31:56,2450.95,240533
2021-05-20 09:31:57,2450.2,240633
2021-05-20 09:31:58,2450.95,240649
2021-05-20 09:31:59,2450.95,240650
2021-05-20 09:32:00,2450.2,240701
2021-05-20 09:32:01,2450.95,240786
2021-05-20 09:32:02,2450.95,240786
2021-05-20 09:32:03,2450.95,240818
2021-05-20 09:32:04,2450.95,240829
2021-05-20 09:32:05,2450.75,240836
2021-05-20 09:32:06,2450.3,240837
2021-05-20 09:32:07,2450.3,240837
2021-05-20 09:32:09,2450.75,240844
2021-05-20 09:32:10,2450.75,240844
2021-05-20 09:32:11,2450.75,240844
2021-05-20 09:32:12,2450.75,240844
2021-05-20 09:32:13,2450.3,240846
2021-05-20 09:32:14,2450.75,240871
2021-05-20 09:32:14,2450.75,240871
2021-05-20 09:32:15,2450.6,240873
2021-05-20 09:32:17,2450.6,240888
2021-05-20 09:32:18,2450.3,240915
2021-05-20 09:32:19,2450.3,240915
2021-05-20 09:32:20,2450.3,241047
2021-05-20 09:32:21,2450.3,241047
2021-05-20 09:32:22,2450.3,241067
2021-05-20 09:32:23,2450.35,241186
2021-05-20 09:32:24,2450.35,241351
2021-05-20 09:32:25,2450.75,241353
2021-05-20 09:32:26,2450.35,241366
2021-05-20 09:32:27,2450.75,241369
2021-05-20 09:32:27,2450.75,241369
2021-05-20 09:32:28,2450.75,241369
2021-05-20 09:32:29,2450.35,241378
2021-05-20 09:32:30,2450.75,241388
2021-05-20 09:32:31,2450.75,241393
2021-05-20 09:32:33,2450.35,241467
2021-05-20 09:32:37,2450.7,241479
2021-05-20 09:32:38,2450.7,241483
2021-05-20 09:32:42,2450.2,242033
2021-05-20 09:32:43,2450.0,242044
2021-05-20 09:32:44,2450.25,242094
2021-05-20 09:32:45,2450.25,242094
2021-05-20 09:32:46,2449.25,242657
2021-05-20 09:32:47,2449.75,242786
2021-05-20 09:32:48,2449.1,242789
2021-05-20 09:32:49,2449.0,242830
2021-05-20 09:32:50,2449.0,242830
2021-05-20 09:32:50,2449.8,243034
2021-05-20 09:32:51,2450.15,243364
2021-05-20 09:32:52,2450.25,243382
2021-05-20 09:32:53,2450.0,243468
2021-05-20 09:32:54,2450.0,243524
2021-05-20 09:32:55,2450.0,243539
2021-05-20 09:32:56,2450.0,243546
2021-05-20 09:32:57,2450.0,243996
2021-05-20 09:32:58,2449.0,244289
2021-05-20 09:32:59,2449.0,244289
2021-05-20 09:33:00,2449.85,244389
2021-05-20 09:33:01,2449.85,244459
2021-05-20 09:33:03,2449.85,244487
2021-05-20 09:33:06,2449.15,244874
2021-05-20 09:33:08,2449.85,245197
2021-05-20 09:33:11,2449.8,245314
2021-05-20 09:33:12,2449.0,245335
2021-05-20 09:33:13,2449.6,245346
2021-05-20 09:33:14,2449.65,245994
2021-05-20 09:33:15,2449.4,246294
2021-05-20 09:33:16,2449.0,246352
2021-05-20 09:33:17,2449.0,246459
2021-05-20 09:33:18,2449.75,246470
2021-05-20 09:33:19,2448.8,246716
2021-05-20 09:33:20,2448.8,246717
2021-05-20 09:33:21,2448.0,246818
2021-05-20 09:33:22,2449.15,246994
2021-05-20 09:33:23,2449.8,247244
2021-05-20 09:33:24,2449.8,247444
2021-05-20 09:33:25,2449.45,247580
2021-05-20 09:33:26,2448.85,247931
2021-05-20 09:33:28,2450.7,249162
2021-05-20 09:33:30,2450.7,249654
2021-05-20 09:33:31,2452.0,249947
2021-05-20 09:33:32,2451.95,250079
2021-05-20 09:33:32,2451.95,250079
2021-05-20 09:33:33,2451.95,250170
2021-05-20 09:33:34,2450.9,250171
2021-05-20 09:33:35,2451.35,250322
2021-05-20 09:33:36,2451.2,250552
2021-05-20 09:33:37,2451.2,250552
2021-05-20 09:33:38,2451.5,251304
2021-05-20 09:33:40,2451.5,251304
2021-05-20 09:33:41,2451.25,251430
2021-05-20 09:33:43,2450.75,251653
2021-05-20 09:33:44,2450.75,251663
2021-05-20 09:33:45,2450.75,251692
2021-05-20 09:33:46,2450.75,251692
2021-05-20 09:33:47,2451.25,251722
2021-05-20 09:33:48,2451.25,251744
2021-05-20 09:33:49,2451.3,252493
2021-05-20 09:33:50,2452.9,252735
2021-05-20 09:33:51,2451.6,252738
2021-05-20 09:33:52,2452.0,252833
2021-05-20 09:33:53,2453.3,252904
2021-05-20 09:33:54,2454.15,252951
2021-05-20 09:33:55,2454.2,252956
2021-05-20 09:33:56,2454.2,252976
2021-05-20 09:33:57,2453.1,252992
2021-05-20 09:33:58,2453.1,252992
2021-05-20 09:33:59,2454.0,252997
2021-05-20 09:34:00,2454.0,253003
2021-05-20 09:34:04,2452.2,253327
2021-05-20 09:34:05,2452.8,253333
2021-05-20 09:34:06,2452.8,253333
2021-05-20 09:34:07,2452.2,253343
2021-05-20 09:34:08,2452.2,253343
2021-05-20 09:34:10,2452.2,253350
2021-05-20 09:34:11,2452.2,253350
2021-05-20 09:34:12,2452.2,253353
2021-05-20 09:34:13,2452.2,253353
2021-05-20 09:34:14,2452.8,253597
2021-05-20 09:34:16,2452.8,253648
2021-05-20 09:34:17,2453.75,253701
2021-05-20 09:34:18,2453.7,253705
2021-05-20 09:34:19,2453.85,254443
2021-05-20 09:34:20,2453.85,254443
2021-05-20 09:34:21,2453.55,254483
2021-05-20 09:34:23,2453.7,254555
2021-05-20 09:34:23,2453.7,254555
2021-05-20 09:34:24,2454.0,254568
2021-05-20 09:34:27,2454.0,255129
2021-05-20 09:34:29,2453.55,255135
2021-05-20 09:34:30,2451.25,255935
2021-05-20 09:34:31,2451.6,256070
2021-05-20 09:34:32,2451.55,256110
2021-05-20 09:34:33,2452.35,256210
2021-05-20 09:34:34,2451.65,256216
2021-05-20 09:34:35,2451.65,256472
2021-05-20 09:34:36,2451.7,256476
2021-05-20 09:34:36,2451.7,256476
2021-05-20 09:34:37,2451.55,256497
2021-05-20 09:34:38,2452.25,256660
2021-05-20 09:34:39,2451.2,256661
2021-05-20 09:34:41,2452.35,256892
2021-05-20 09:34:42,2452.35,256898
2021-05-20 09:34:43,2452.35,256898
2021-05-20 09:34:44,2451.7,257048
2021-05-20 09:34:45,2451.9,257069
2021-05-20 09:34:46,2451.95,257079
2021-05-20 09:34:47,2452.9,257219
2021-05-20 09:34:47,2452.9,257219
2021-05-20 09:34:48,2454.0,257852
2021-05-20 09:34:49,2454.0,257916
2021-05-20 09:34:50,2454.0,257916
2021-05-20 09:34:51,2454.0,257966
2021-05-20 09:34:52,2452.85,257971
2021-05-20 09:34:54,2452.85,257981
2021-05-20 09:34:55,2452.85,257981
2021-05-20 09:34:56,2452.85,257993
2021-05-20 09:34:57,2452.85,258135
2021-05-20 09:34:59,2453.1,258145
2021-05-20 09:35:00,2452.1,258152
2021-05-20 09:35:01,2452.1,258152
2021-05-20 09:35:02,2452.1,258180
2021-05-20 09:35:03,2452.1,258180
2021-05-20 09:35:04,2452.55,258187
2021-05-20 09:35:05,2452.55,258187
2021-05-20 09:35:06,2452.1,258188
2021-05-20 09:35:07,2452.1,258188
2021-05-20 09:35:08,2452.55,258193
2021-05-20 09:35:08,2452.55,258193
2021-05-20 09:35:10,2452.55,258244
2021-05-20 09:35:11,2452.55,258244
2021-05-20 09:35:12,2452.55,258244
2021-05-20 09:35:13,2452.1,258448
2021-05-20 09:35:14,2452.85,258531
2021-05-20 09:35:15,2452.85,258655
2021-05-20 09:35:16,2453.0,258717
2021-05-20 09:35:17,2453.0,258819
2021-05-20 09:35:18,2453.0,258860
2021-05-20 09:35:19,2452.2,258876
2021-05-20 09:35:20,2453.9,259016
2021-05-20 09:35:21,2453.0,259125
2021-05-20 09:35:22,2453.0,259165
2021-05-20 09:35:23,2453.0,259188
2021-05-20 09:35:24,2451.8,259828
2021-05-20 09:35:25,2451.95,260005
2021-05-20 09:35:26,2453.5,260039
2021-05-20 09:35:27,2453.65,260043
2021-05-20 09:35:27,2453.65,260043
2021-05-20 09:35:28,2453.75,260044
2021-05-20 09:35:29,2453.75,260044
2021-05-20 09:35:30,2453.75,260044
2021-05-20 09:35:31,2452.8,260109
2021-05-20 09:35:33,2453.05,260281
2021-05-20 09:35:34,2453.05,260283
2021-05-20 09:35:37,2454.55,262512
2021-05-20 09:35:39,2455.0,262567
2021-05-20 09:35:40,2455.0,262567
2021-05-20 09:35:41,2455.0,262603
2021-05-20 09:35:42,2455.0,262605
2021-05-20 09:35:42,2455.0,262605
2021-05-20 09:35:44,2454.35,262867
2021-05-20 09:35:45,2454.35,262870
2021-05-20 09:35:46,2454.35,262873
2021-05-20 09:35:47,2454.35,262875
2021-05-20 09:35:48,2453.5,262895
2021-05-20 09:35:49,2453.5,262897
2021-05-20 09:35:50,2453.5,262897
2021-05-20 09:35:51,2453.95,262948
2021-05-20 09:35:52,2452.85,263080
2021-05-20 09:35:53,2452.85,263120
2021-05-20 09:35:54,2453.95,263151
2021-05-20 09:35:56,2453.75,263219
2021-05-20 09:35:57,2453.75,263219
2021-05-20 09:35:58,2454.4,263220
2021-05-20 09:35:59,2454.4,263235
2021-05-20 09:36:00,2454.4,263235
2021-05-20 09:36:01,2454.8,263486
2021-05-20 09:36:02,2454.8,263486
2021-05-20 09:36:03,2453.75,263619
2021-05-20 09:36:04,2453.2,263664
2021-05-20 09:36:04,2453.2,263664
2021-05-20 09:36:05,2454.0,263715
2021-05-20 09:36:06,2454.0,263715
2021-05-20 09:36:08,2454.05,263758
2021-05-20 09:36:08,2454.05,263758
2021-05-20 09:36:10,2454.1,264122
2021-05-20 09:36:11,2453.35,264220
2021-05-20 09:36:12,2453.95,264221
2021-05-20 09:36:13,2453.95,264223
2021-05-20 09:36:14,2453.35,264224
2021-05-20 09:36:15,2453.35,264254
2021-05-20 09:36:16,2453.35,264353
2021-05-20 09:36:17,2454.2,264477
2021-05-20 09:36:18,2454.8,264888
2021-05-20 09:36:19,2454.15,264893
2021-05-20 09:36:20,2454.15,264894
2021-05-20 09:36:21,2454.15,265015
2021-05-20 09:36:22,2454.15,265027
2021-05-20 09:36:23,2454.15,265027
2021-05-20 09:36:24,2454.15,265028
2021-05-20 09:36:25,2454.15,265028
2021-05-20 09:36:28,2454.8,265296
2021-05-20 09:36:29,2454.1,265321
2021-05-20 09:36:30,2454.15,265325
2021-05-20 09:36:31,2454.8,265352
2021-05-20 09:36:32,2454.8,265352
2021-05-20 09:36:33,2454.8,265503
2021-05-20 09:36:34,2454.8,265575
2021-05-20 09:36:35,2454.15,265576
2021-05-20 09:36:36,2454.2,265726
2021-05-20 09:36:37,2454.15,265738
2021-05-20 09:36:38,2454.15,265738
2021-05-20 09:36:39,2454.9,265755
2021-05-20 09:36:40,2454.25,265756
2021-05-20 09:36:41,2454.85,265757
2021-05-20 09:36:42,2454.25,265859
2021-05-20 09:36:43,2455.95,266146
2021-05-20 09:36:44,2455.05,266183
2021-05-20 09:36:45,2455.05,266184
2021-05-20 09:36:46,2455.05,266186
2021-05-20 09:36:47,2455.95,266236
2021-05-20 09:36:48,2455.1,266262
2021-05-20 09:36:49,2455.1,266262
2021-05-20 09:36:50,2455.25,266558
2021-05-20 09:36:52,2456.3,267537
2021-05-20 09:36:51,2456.3,267537
2021-05-20 09:36:53,2456.0,267538
2021-05-20 09:36:54,2456.0,267542
2021-05-20 09:36:57,2457.0,267744
2021-05-20 09:37:00,2456.4,268087
2021-05-20 09:37:01,2455.8,268108
2021-05-20 09:37:02,2456.75,268531
2021-05-20 09:37:03,2456.75,268614
2021-05-20 09:37:04,2457.0,269910
2021-05-20 09:37:05,2457.55,272772
2021-05-20 09:37:06,2457.1,273344
2021-05-20 09:37:07,2457.0,273522
2021-05-20 09:37:09,2457.0,273533
2021-05-20 09:37:10,2457.0,273671
2021-05-20 09:37:11,2457.0,274347
2021-05-20 09:37:12,2457.0,274849
2021-05-20 09:37:14,2456.75,275094
2021-05-20 09:37:13,2457.0,274994
2021-05-20 09:37:15,2456.95,275245
2021-05-20 09:37:16,2456.95,275245
2021-05-20 09:37:17,2456.85,275356
2021-05-20 09:37:18,2456.75,275378
2021-05-20 09:37:19,2456.15,275523
2021-05-20 09:37:20,2456.15,275575
2021-05-20 09:37:21,2456.15,276175
2021-05-20 09:37:22,2456.15,276252
2021-05-20 09:37:23,2456.05,276502
2021-05-20 09:37:24,2456.15,276511
2021-05-20 09:37:25,2456.05,277267
2021-05-20 09:37:26,2456.05,277269
2021-05-20 09:37:27,2456.05,277290
2021-05-20 09:37:28,2456.05,277290
2021-05-20 09:37:29,2456.05,277291
2021-05-20 09:37:30,2456.75,277312
2021-05-20 09:37:31,2456.4,277319
2021-05-20 09:37:32,2456.4,277319
2021-05-20 09:37:33,2456.1,277322
2021-05-20 09:37:34,2456.85,277422
2021-05-20 09:37:35,2456.85,277422
2021-05-20 09:37:36,2456.1,277427
2021-05-20 09:37:37,2456.1,277427
2021-05-20 09:37:38,2456.7,277436
2021-05-20 09:37:39,2456.1,277441
2021-05-20 09:37:40,2456.7,277443
2021-05-20 09:37:41,2456.0,278227
2021-05-20 09:37:42,2456.45,278322
2021-05-20 09:37:43,2456.0,278536
2021-05-20 09:37:46,2455.25,279521
2021-05-20 09:37:47,2455.25,279608
2021-05-20 09:37:48,2455.85,279613
2021-05-20 09:37:49,2455.85,279613
2021-05-20 09:37:50,2455.5,279694
2021-05-20 09:37:52,2455.25,279740
2021-05-20 09:37:53,2455.25,279741
2021-05-20 09:37:54,2455.25,279741
2021-05-20 09:37:55,2455.85,279742
2021-05-20 09:37:56,2455.85,279742
2021-05-20 09:37:58,2455.85,279812
2021-05-20 09:37:59,2455.85,279822
2021-05-20 09:38:00,2455.85,279823
2021-05-20 09:38:01,2455.85,279824
2021-05-20 09:38:02,2455.8,279860
2021-05-20 09:38:03,2455.8,279861
2021-05-20 09:38:04,2455.8,279861
2021-05-20 09:38:05,2456.1,281277
2021-05-20 09:38:06,2456.9,281279
2021-05-20 09:38:09,2457.2,281610
2021-05-20 09:38:10,2457.4,281658
2021-05-20 09:38:11,2457.8,281679
2021-05-20 09:38:12,2459.2,282521
2021-05-20 09:38:13,2459.3,282591
2021-05-20 09:38:15,2459.35,282660
2021-05-20 09:38:16,2459.4,282661
2021-05-20 09:38:17,2459.4,282661
2021-05-20 09:38:18,2459.4,282661
2021-05-20 09:38:19,2462.0,286147
2021-05-20 09:38:21,2461.2,286694
2021-05-20 09:38:22,2460.0,287604
2021-05-20 09:38:23,2459.4,287816
2021-05-20 09:38:24,2459.4,287816
2021-05-20 09:38:25,2460.75,287971
2021-05-20 09:38:26,2460.45,288376
2021-05-20 09:38:27,2460.45,288395
2021-05-20 09:38:28,2460.45,288403
2021-05-20 09:38:29,2460.45,288622
2021-05-20 09:38:30,2460.35,289540
2021-05-20 09:38:31,2460.35,289540
2021-05-20 09:38:32,2459.35,289670
2021-05-20 09:38:33,2460.15,289814
2021-05-20 09:38:34,2460.35,289826
2021-05-20 09:38:35,2460.5,290413
2021-05-20 09:38:36,2459.1,290513
2021-05-20 09:38:37,2461.1,290851
2021-05-20 09:38:38,2460.4,290903
2021-05-20 09:38:39,2460.2,291053
2021-05-20 09:38:40,2460.2,291053
2021-05-20 09:38:41,2460.2,291053
2021-05-20 09:38:42,2460.2,291053
2021-05-20 09:38:43,2460.2,291053
2021-05-20 09:38:44,2460.2,291053
2021-05-20 09:38:45,2460.25,291170
2021-05-20 09:38:46,2460.55,291253
2021-05-20 09:38:47,2460.55,291305
2021-05-20 09:38:48,2459.4,291347
2021-05-20 09:38:50,2459.9,291411
2021-05-20 09:38:51,2460.0,291421
2021-05-20 09:38:52,2460.0,291425
2021-05-20 09:38:53,2459.3,291545
2021-05-20 09:38:54,2459.3,291545
2021-05-20 09:38:55,2459.8,291567
2021-05-20 09:38:56,2459.3,291636
2021-05-20 09:38:57,2459.3,291645
2021-05-20 09:38:58,2458.1,292948
2021-05-20 09:38:59,2459.75,293020
2021-05-20 09:39:00,2459.8,293021
2021-05-20 09:39:01,2459.8,293021
2021-05-20 09:39:02,2459.9,293026
2021-05-20 09:39:03,2459.9,293076
2021-05-20 09:39:04,2459.9,293076
2021-05-20 09:39:05,2459.7,293083
2021-05-20 09:39:06,2459.9,293351
2021-05-20 09:39:07,2459.9,293351
2021-05-20 09:39:08,2459.3,293416
2021-05-20 09:39:09,2459.9,293426
2021-05-20 09:39:10,2459.3,293445
2021-05-20 09:39:11,2459.3,293447
2021-05-20 09:39:12,2459.3,293473
2021-05-20 09:39:13,2459.3,293478
2021-05-20 09:39:14,2459.0,293488
2021-05-20 09:39:15,2459.0,293488
2021-05-20 09:39:16,2459.0,293488
2021-05-20 09:39:17,2459.0,293488
2021-05-20 09:39:18,2459.0,293488
2021-05-20 09:39:19,2459.0,293488
2021-05-20 09:39:20,2458.3,293489
2021-05-20 09:39:21,2458.3,293496
2021-05-20 09:39:22,2458.3,293501
2021-05-20 09:39:23,2458.3,293501
2021-05-20 09:39:24,2458.3,293501
2021-05-20 09:39:25,2459.0,293551
2021-05-20 09:39:26,2458.3,293618
2021-05-20 09:39:27,2459.0,293648
2021-05-20 09:39:28,2458.2,294135
2021-05-20 09:39:29,2458.75,294139
2021-05-20 09:39:30,2458.2,294144
2021-05-20 09:39:32,2458.2,294164
2021-05-20 09:39:33,2458.75,294170
2021-05-20 09:39:34,2458.75,294176
2021-05-20 09:39:35,2458.3,294180
2021-05-20 09:39:36,2458.3,294210
2021-05-20 09:39:37,2459.3,295366
2021-05-20 09:39:38,2459.3,295366
2021-05-20 09:39:39,2459.9,295503
2021-05-20 09:39:40,2459.9,295561
2021-05-20 09:39:41,2459.1,295563
2021-05-20 09:39:42,2459.9,295583
2021-05-20 09:39:43,2459.8,295784
2021-05-20 09:39:44,2459.8,295784
2021-05-20 09:39:45,2459.0,295786
2021-05-20 09:39:46,2459.85,295826
2021-05-20 09:39:47,2459.85,295831
2021-05-20 09:39:48,2459.85,295831
2021-05-20 09:39:49,2459.5,295852
2021-05-20 09:39:50,2459.5,295852
2021-05-20 09:39:51,2459.5,295872
2021-05-20 09:39:52,2459.5,295872
2021-05-20 09:39:54,2459.5,295877
2021-05-20 09:39:55,2459.5,295887
2021-05-20 09:39:56,2459.5,295887
2021-05-20 09:39:57,2459.1,295889
2021-05-20 09:39:57,2459.1,295919
2021-05-20 09:39:58,2459.1,295919
2021-05-20 09:39:59,2459.5,295963
2021-05-20 09:40:00,2459.5,295963
2021-05-20 09:40:01,2459.5,295963
2021-05-20 09:40:02,2459.15,295964
2021-05-20 09:40:03,2459.15,295964
2021-05-20 09:40:04,2459.1,296265
2021-05-20 09:40:06,2459.2,296653
2021-05-20 09:40:09,2459.1,296858
2021-05-20 09:40:10,2459.1,296858
2021-05-20 09:40:13,2459.5,296949
2021-05-20 09:40:14,2459.5,296949
2021-05-20 09:40:15,2459.1,297006
2021-05-20 09:40:16,2459.5,297008
2021-05-20 09:40:17,2459.5,297009
2021-05-20 09:40:18,2459.5,297009
2021-05-20 09:40:19,2459.1,297020
2021-05-20 09:40:20,2459.1,297023
2021-05-20 09:40:21,2459.5,297028
2021-05-20 09:40:22,2459.5,297028
2021-05-20 09:40:23,2459.1,297047
2021-05-20 09:40:24,2459.1,297167
2021-05-20 09:40:25,2459.1,297167
2021-05-20 09:40:26,2459.1,297167
2021-05-20 09:40:27,2459.1,297167
2021-05-20 09:40:28,2459.05,297472
2021-05-20 09:40:29,2459.05,297472
2021-05-20 09:40:30,2459.1,297525
2021-05-20 09:40:31,2459.05,297626
2021-05-20 09:40:32,2459.05,297646
2021-05-20 09:40:33,2459.05,298375
2021-05-20 09:40:34,2459.05,298395
2021-05-20 09:40:35,2459.05,298400
2021-05-20 09:40:40,2459.05,298620
2021-05-20 09:40:42,2459.05,298671
2021-05-20 09:40:44,2459.1,298681
2021-05-20 09:40:45,2459.1,298681
2021-05-20 09:40:46,2459.2,299023
2021-05-20 09:40:46,2459.2,299023
2021-05-20 09:40:47,2459.2,299023
2021-05-20 09:40:48,2459.15,299155
2021-05-20 09:40:49,2459.05,299166
2021-05-20 09:40:50,2459.05,299176
2021-05-20 09:40:51,2459.05,299181
2021-05-20 09:40:52,2459.05,299181
2021-05-20 09:40:53,2459.05,299181
2021-05-20 09:40:54,2459.05,299182
2021-05-20 09:40:55,2459.05,299182
2021-05-20 09:40:56,2459.05,299182
2021-05-20 09:40:57,2459.05,299182
2021-05-20 09:40:58,2459.05,299182
2021-05-20 09:40:59,2459.05,299207
2021-05-20 09:41:00,2459.05,299217
2021-05-20 09:41:01,2459.5,299394
2021-05-20 09:41:02,2459.05,299445
2021-05-20 09:41:03,2459.5,299502
2021-05-20 09:41:04,2459.5,299502
2021-05-20 09:41:05,2459.5,299502
2021-05-20 09:41:06,2459.5,299502
2021-05-20 09:41:08,2459.5,299517
2021-05-20 09:41:09,2459.5,299520
2021-05-20 09:41:09,2459.1,299553
2021-05-20 09:41:10,2459.1,299569
2021-05-20 09:41:11,2459.1,299569
2021-05-20 09:41:12,2459.1,299569
2021-05-20 09:41:13,2459.1,299666
2021-05-20 09:41:14,2459.0,299711
2021-05-20 09:41:15,2459.5,299723
2021-05-20 09:41:16,2458.75,299724
2021-05-20 09:41:17,2459.5,299974
2021-05-20 09:41:18,2458.75,299979
2021-05-20 09:41:19,2458.75,299979
2021-05-20 09:41:20,2458.8,299981
2021-05-20 09:41:21,2458.8,299981
2021-05-20 09:41:22,2458.7,300145
2021-05-20 09:41:23,2458.7,300145
2021-05-20 09:41:24,2458.2,300212
2021-05-20 09:41:25,2458.2,300212
2021-05-20 09:41:26,2458.95,300244
2021-05-20 09:41:27,2458.2,300245
2021-05-20 09:41:28,2458.2,300245
2021-05-20 09:41:30,2458.2,300245
2021-05-20 09:41:31,2458.95,300257
2021-05-20 09:41:32,2458.95,300257
2021-05-20 09:41:34,2458.1,300281
2021-05-20 09:41:35,2458.1,300611
2021-05-20 09:41:35,2458.1,300611
2021-05-20 09:41:36,2458.7,300628
2021-05-20 09:41:37,2458.7,300690
2021-05-20 09:41:38,2458.1,300760
2021-05-20 09:41:39,2458.1,300760
2021-05-20 09:41:40,2458.95,301055
2021-05-20 09:41:41,2458.95,301071
2021-05-20 09:41:42,2458.95,301095
2021-05-20 09:41:43,2458.95,301106
2021-05-20 09:41:44,2458.95,301136
2021-05-20 09:41:45,2458.95,301136
2021-05-20 09:41:46,2458.95,301436
2021-05-20 09:41:47,2458.95,301436
2021-05-20 09:41:49,2459.5,301440
2021-05-20 09:41:49,2459.5,301441
2021-05-20 09:41:50,2459.5,301445
2021-05-20 09:41:51,2458.95,301446
2021-05-20 09:41:52,2458.95,301454
2021-05-20 09:41:53,2458.95,301454
2021-05-20 09:41:54,2459.5,301504
2021-05-20 09:41:56,2459.5,301531
2021-05-20 09:41:57,2459.5,301631
2021-05-20 09:41:58,2459.0,301693
2021-05-20 09:41:59,2459.45,301766
2021-05-20 09:42:00,2459.45,301778
2021-05-20 09:42:01,2459.0,301780
2021-05-20 09:42:01,2459.0,301780
2021-05-20 09:42:03,2459.0,301868
2021-05-20 09:42:05,2459.3,301870
2021-05-20 09:42:06,2459.3,301870
2021-05-20 09:42:07,2459.3,301871
2021-05-20 09:42:08,2459.3,301871
2021-05-20 09:42:09,2459.3,301881
2021-05-20 09:42:10,2459.0,301882
2021-05-20 09:42:11,2459.0,301882
2021-05-20 09:42:13,2459.0,301882
2021-05-20 09:42:14,2459.25,301984
2021-05-20 09:42:15,2459.25,301984
2021-05-20 09:42:16,2459.0,302016
2021-05-20 09:42:16,2459.0,302016
2021-05-20 09:42:17,2459.25,302116
2021-05-20 09:42:18,2459.0,302117
2021-05-20 09:42:19,2459.0,302152
2021-05-20 09:42:20,2459.0,302152
2021-05-20 09:42:21,2459.25,302156
2021-05-20 09:42:22,2459.0,302208
2021-05-20 09:42:23,2459.0,302208
2021-05-20 09:42:24,2458.75,303893
2021-05-20 09:42:26,2458.95,304040
2021-05-20 09:42:27,2459.0,304140
2021-05-20 09:42:28,2459.0,304140
2021-05-20 09:42:29,2459.0,304140
2021-05-20 09:42:30,2459.0,304140
2021-05-20 09:42:31,2458.95,304153
2021-05-20 09:42:32,2458.95,304153
2021-05-20 09:42:33,2458.95,304153
2021-05-20 09:42:34,2458.5,304157
2021-05-20 09:42:35,2458.5,304163
2021-05-20 09:42:36,2458.95,304164
2021-05-20 09:42:36,2458.95,304164
2021-05-20 09:42:38,2458.55,304165
2021-05-20 09:42:39,2458.55,304300
2021-05-20 09:42:40,2458.95,304812
2021-05-20 09:42:41,2458.95,304815
2021-05-20 09:42:43,2461.45,306628
2021-05-20 09:42:44,2461.45,306628
2021-05-20 09:42:46,2463.1,307299
2021-05-20 09:42:47,2463.1,307300
2021-05-20 09:42:48,2463.2,307312
2021-05-20 09:42:49,2465.0,308466
2021-05-20 09:42:50,2465.0,308487
2021-05-20 09:42:50,2465.0,308487
2021-05-20 09:42:51,2465.0,308583
2021-05-20 09:42:52,2465.0,308583
2021-05-20 09:42:53,2465.0,308598
2021-05-20 09:42:54,2465.0,308833
2021-05-20 09:42:55,2465.0,308884
2021-05-20 09:42:56,2464.4,308901
2021-05-20 09:42:57,2465.0,308906
2021-05-20 09:42:58,2465.0,308906
2021-05-20 09:42:59,2464.45,309031
2021-05-20 09:43:00,2464.5,309379
2021-05-20 09:43:01,2465.0,310477
2021-05-20 09:43:02,2464.65,310482
2021-05-20 09:43:03,2465.0,310542
2021-05-20 09:43:04,2464.65,310597
2021-05-20 09:43:05,2465.0,310678
2021-05-20 09:43:06,2465.0,310703
2021-05-20 09:43:07,2465.0,310703
2021-05-20 09:43:08,2465.0,310708
2021-05-20 09:43:09,2464.65,310709
2021-05-20 09:43:10,2464.65,310709
2021-05-20 09:43:11,2464.65,311177
2021-05-20 09:43:13,2465.0,311266
2021-05-20 09:43:14,2464.65,311329
2021-05-20 09:43:15,2465.0,311344
2021-05-20 09:43:16,2465.0,311344
2021-05-20 09:43:17,2465.0,311474
2021-05-20 09:43:18,2464.65,311489
2021-05-20 09:43:19,2465.0,311514
2021-05-20 09:43:20,2465.0,311583
2021-05-20 09:43:21,2464.65,311794
2021-05-20 09:43:22,2464.65,311894
2021-05-20 09:43:23,2464.0,312153
2021-05-20 09:43:24,2464.95,312243
2021-05-20 09:43:25,2464.95,312244
2021-05-20 09:43:26,2464.0,312273
2021-05-20 09:43:27,2464.95,312277
2021-05-20 09:43:28,2464.95,312368
2021-05-20 09:43:28,2464.95,312356
2021-05-20 09:43:29,2464.65,312421
2021-05-20 09:43:31,2463.3,313458
2021-05-20 09:43:32,2464.3,313573
2021-05-20 09:43:33,2463.0,313576
2021-05-20 09:43:35,2463.0,313576
2021-05-20 09:43:35,2463.9,313611
2021-05-20 09:43:37,2463.9,313611
2021-05-20 09:43:38,2463.9,313611
2021-05-20 09:43:40,2462.95,313713
2021-05-20 09:43:41,2462.95,313713
2021-05-20 09:43:42,2463.3,313817
2021-05-20 09:43:43,2463.0,313818
2021-05-20 09:43:45,2463.0,313831
2021-05-20 09:43:46,2463.3,313911
2021-05-20 09:43:47,2463.3,313912
2021-05-20 09:43:48,2463.0,313997
2021-05-20 09:43:49,2463.5,314266
2021-05-20 09:43:50,2463.5,314366
2021-05-20 09:43:52,2463.55,314398
2021-05-20 09:43:53,2463.55,314443
2021-05-20 09:43:53,2463.55,314443
2021-05-20 09:43:54,2463.55,314487
2021-05-20 09:43:55,2463.55,314487
2021-05-20 09:43:56,2464.35,314587
2021-05-20 09:43:57,2463.55,314612
2021-05-20 09:43:58,2464.45,314652
2021-05-20 09:43:59,2464.45,314657
2021-05-20 09:44:01,2463.55,314723
2021-05-20 09:44:01,2464.35,314773
2021-05-20 09:44:02,2464.35,314788
2021-05-20 09:44:04,2464.35,314788
2021-05-20 09:44:05,2464.35,314849
2021-05-20 09:44:06,2463.55,314959
2021-05-20 09:44:07,2463.55,314963
2021-05-20 09:44:08,2463.15,315313
2021-05-20 09:44:09,2464.1,315390
2021-05-20 09:44:10,2464.1,315390
2021-05-20 09:44:14,2464.0,315657
2021-05-20 09:44:15,2464.0,315657
2021-05-20 09:44:15,2464.0,315657
2021-05-20 09:44:16,2464.0,315724
2021-05-20 09:44:17,2463.25,315742
2021-05-20 09:44:18,2464.0,315752
2021-05-20 09:44:19,2464.0,315752
2021-05-20 09:44:21,2464.0,315752
2021-05-20 09:44:22,2464.0,315752
2021-05-20 09:44:23,2464.0,315752
2021-05-20 09:44:24,2464.0,315752
2021-05-20 09:44:25,2464.0,315754
2021-05-20 09:44:26,2464.0,315754
2021-05-20 09:44:26,2464.0,315754
2021-05-20 09:44:27,2464.0,315758
2021-05-20 09:44:28,2464.0,315783
2021-05-20 09:44:29,2464.0,316293
2021-05-20 09:44:30,2463.8,316299
2021-05-20 09:44:31,2463.8,316309
2021-05-20 09:44:33,2464.0,316336
2021-05-20 09:44:34,2464.0,316489
2021-05-20 09:44:35,2463.8,316524
2021-05-20 09:44:36,2464.0,316559
2021-05-20 09:44:37,2463.8,316574
2021-05-20 09:44:38,2463.8,316624
2021-05-20 09:44:39,2464.0,316678
2021-05-20 09:44:41,2464.0,316750
2021-05-20 09:44:41,2464.0,316750
2021-05-20 09:44:44,2463.8,316771
2021-05-20 09:44:45,2463.8,316874
2021-05-20 09:44:46,2463.8,316877
2021-05-20 09:44:47,2464.0,316900
2021-05-20 09:44:48,2464.0,317000
2021-05-20 09:44:49,2464.0,317150
2021-05-20 09:44:50,2463.85,317451
2021-05-20 09:44:50,2463.85,317451
2021-05-20 09:44:52,2464.0,317479
2021-05-20 09:44:53,2464.0,317479
2021-05-20 09:44:54,2463.85,317480
2021-05-20 09:44:55,2464.0,317520
2021-05-20 09:44:56,2463.85,317530
2021-05-20 09:44:57,2463.85,317530
2021-05-20 09:44:58,2463.85,317530
2021-05-20 09:44:59,2463.85,317582
2021-05-20 09:45:00,2463.9,317656
2021-05-20 09:45:01,2463.9,317659
2021-05-20 09:45:02,2463.9,317760
2021-05-20 09:45:03,2463.9,317826
2021-05-20 09:45:04,2464.0,318083
2021-05-20 09:45:05,2464.0,318103
2021-05-20 09:45:06,2463.85,318114
2021-05-20 09:45:07,2464.0,318264
2021-05-20 09:45:08,2464.5,320236
2021-05-20 09:45:08,2464.5,320236
2021-05-20 09:45:09,2464.05,320305
2021-05-20 09:45:10,2464.65,320422
2021-05-20 09:45:11,2464.05,320522
2021-05-20 09:45:12,2464.05,320522
2021-05-20 09:45:13,2464.65,320523
2021-05-20 09:45:14,2464.65,320523
2021-05-20 09:45:15,2464.65,320523
2021-05-20 09:45:17,2464.65,320523
2021-05-20 09:45:18,2464.65,320594
2021-05-20 09:45:19,2463.8,321121
2021-05-20 09:45:20,2464.5,321140
2021-05-20 09:45:21,2464.65,321250
2021-05-20 09:45:22,2464.65,321261
2021-05-20 09:45:23,2464.65,321261
2021-05-20 09:45:24,2463.95,321361
2021-05-20 09:45:25,2463.95,321361
2021-05-20 09:45:26,2464.45,321509
2021-05-20 09:45:27,2464.45,321521
2021-05-20 09:45:28,2464.45,321535
2021-05-20 09:45:29,2464.45,321535
2021-05-20 09:45:30,2464.0,321570
2021-05-20 09:45:31,2464.45,321730
2021-05-20 09:45:32,2464.65,321755
2021-05-20 09:45:33,2463.95,322628
2021-05-20 09:45:34,2464.2,322632
2021-05-20 09:45:35,2464.4,322819
2021-05-20 09:45:36,2463.75,323538
2021-05-20 09:45:37,2463.75,323671
2021-05-20 09:45:39,2463.75,323671
2021-05-20 09:45:40,2463.75,323671
2021-05-20 09:45:41,2463.75,323671
2021-05-20 09:45:42,2463.8,323697
2021-05-20 09:45:43,2463.8,323697
2021-05-20 09:45:44,2463.8,323697
2021-05-20 09:45:45,2463.2,323746
2021-05-20 09:45:46,2463.2,323746
2021-05-20 09:45:46,2463.2,323746
2021-05-20 09:45:47,2463.2,323752
2021-05-20 09:45:48,2463.2,323752
2021-05-20 09:45:49,2462.95,323763
2021-05-20 09:45:51,2462.95,323763
2021-05-20 09:45:52,2463.2,323950
2021-05-20 09:45:53,2463.2,323950
2021-05-20 09:45:54,2463.2,323950
2021-05-20 09:45:55,2463.1,323959
2021-05-20 09:45:55,2463.1,323959
2021-05-20 09:45:57,2462.9,324026
2021-05-20 09:45:58,2462.9,324026
2021-05-20 09:45:59,2462.9,324027
2021-05-20 09:46:00,2463.0,324039
2021-05-20 09:46:01,2463.0,324139
2021-05-20 09:46:02,2463.65,324819
2021-05-20 09:46:03,2463.65,324819
2021-05-20 09:46:04,2463.65,324819
2021-05-20 09:46:05,2464.8,324908
2021-05-20 09:46:06,2463.75,324942
2021-05-20 09:46:07,2463.75,324992
2021-05-20 09:46:08,2463.75,324992
2021-05-20 09:46:09,2464.05,324993
2021-05-20 09:46:10,2464.8,325133
2021-05-20 09:46:11,2464.15,325156
2021-05-20 09:46:12,2464.8,325170
2021-05-20 09:46:13,2464.15,325179
2021-05-20 09:46:14,2464.15,325179
2021-05-20 09:46:15,2464.7,325181
2021-05-20 09:46:16,2464.7,325198
2021-05-20 09:46:17,2464.7,325213
2021-05-20 09:46:19,2464.8,325256
2021-05-20 09:46:20,2464.8,325531
2021-05-20 09:46:21,2465.35,326342
2021-05-20 09:46:22,2465.4,326500
2021-05-20 09:46:23,2466.0,326505
2021-05-20 09:46:24,2466.0,326555
2021-05-20 09:46:24,2466.0,326560
2021-05-20 09:46:25,2466.0,326560
2021-05-20 09:46:27,2466.0,326573
2021-05-20 09:46:28,2466.0,326593
2021-05-20 09:46:30,2466.0,327153
2021-05-20 09:46:30,2466.0,327153
2021-05-20 09:46:31,2465.1,327582
2021-05-20 09:46:32,2464.8,327690
2021-05-20 09:46:33,2465.7,328237
2021-05-20 09:46:34,2465.7,328241
2021-05-20 09:46:35,2464.7,328328
2021-05-20 09:46:36,2465.0,328356
2021-05-20 09:46:37,2464.8,328357
2021-05-20 09:46:39,2465.45,328462
2021-05-20 09:46:39,2465.45,328462
2021-05-20 09:46:41,2465.4,328620
2021-05-20 09:46:42,2465.0,328790
2021-05-20 09:46:43,2465.0,328791
2021-05-20 09:46:44,2465.75,329411
2021-05-20 09:46:45,2465.75,329411
2021-05-20 09:46:46,2465.7,329442
2021-05-20 09:46:47,2465.0,329472
2021-05-20 09:46:49,2465.15,329582
2021-05-20 09:46:50,2465.0,329586
2021-05-20 09:46:51,2465.0,329586
2021-05-20 09:46:52,2465.35,329818
2021-05-20 09:46:53,2463.3,330758
2021-05-20 09:46:54,2463.45,330789
2021-05-20 09:46:54,2463.45,330789
2021-05-20 09:46:55,2464.4,330814
2021-05-20 09:46:56,2464.0,330871
2021-05-20 09:46:59,2464.25,330883
2021-05-20 09:47:00,2464.25,331026
2021-05-20 09:47:02,2464.25,331036
2021-05-20 09:47:04,2464.25,331058
2021-05-20 09:47:07,2464.8,331132
2021-05-20 09:47:08,2464.8,331132
2021-05-20 09:47:09,2465.0,331133
2021-05-20 09:47:10,2465.0,331134
2021-05-20 09:47:11,2464.25,331154
2021-05-20 09:47:12,2464.0,331255
2021-05-20 09:47:13,2464.0,331265
2021-05-20 09:47:14,2464.0,331601
2021-05-20 09:47:15,2463.9,331602
2021-05-20 09:47:16,2463.9,331602
2021-05-20 09:47:17,2464.5,331668
2021-05-20 09:47:18,2464.5,331677
2021-05-20 09:47:19,2464.5,331693
2021-05-20 09:47:20,2464.5,331693
2021-05-20 09:47:21,2464.5,331693
2021-05-20 09:47:23,2464.5,331756
2021-05-20 09:47:24,2463.9,331779
2021-05-20 09:47:25,2463.9,331786
2021-05-20 09:47:26,2463.9,331786
2021-05-20 09:47:27,2463.9,331792
2021-05-20 09:47:28,2464.2,331812
2021-05-20 09:47:29,2464.2,331812
2021-05-20 09:47:30,2464.2,331812
2021-05-20 09:47:31,2464.55,332462
2021-05-20 09:47:32,2463.2,332650
2021-05-20 09:47:33,2463.2,332650
2021-05-20 09:47:34,2463.2,332650
2021-05-20 09:47:35,2463.3,332652
2021-05-20 09:47:36,2463.3,332652
2021-05-20 09:47:38,2464.0,332739
2021-05-20 09:47:39,2464.0,332739
2021-05-20 09:47:40,2464.0,332739
2021-05-20 09:47:41,2463.3,332740
2021-05-20 09:47:43,2463.3,332771
2021-05-20 09:47:44,2463.3,332771
2021-05-20 09:47:45,2463.45,332772
2021-05-20 09:47:46,2463.45,332788
2021-05-20 09:47:47,2464.0,332795
2021-05-20 09:47:48,2464.0,332795
2021-05-20 09:47:49,2463.45,332809
2021-05-20 09:47:50,2463.45,332809
2021-05-20 09:47:51,2463.35,333054
2021-05-20 09:47:52,2463.4,333061
2021-05-20 09:47:53,2463.35,333068
2021-05-20 09:47:54,2463.35,333068
2021-05-20 09:47:55,2463.35,333393
2021-05-20 09:47:56,2463.35,333393
2021-05-20 09:47:57,2463.35,333477
2021-05-20 09:47:58,2463.35,333480
2021-05-20 09:47:59,2464.0,334423
2021-05-20 09:48:00,2464.0,334423
2021-05-20 09:48:02,2464.55,334479
2021-05-20 09:48:01,2464.5,334468
2021-05-20 09:48:03,2464.55,334489
2021-05-20 09:48:04,2464.55,334491
2021-05-20 09:48:05,2464.55,334491
2021-05-20 09:48:06,2464.3,334493
2021-05-20 09:48:07,2464.55,334496
2021-05-20 09:48:08,2464.55,334609
2021-05-20 09:48:10,2464.55,334709
2021-05-20 09:48:11,2465.0,335209
2021-05-20 09:48:12,2464.55,335212
2021-05-20 09:48:13,2464.55,335212
2021-05-20 09:48:14,2464.55,335212
2021-05-20 09:48:15,2464.55,335223
2021-05-20 09:48:16,2464.55,335229
2021-05-20 09:48:17,2464.55,335229
2021-05-20 09:48:18,2464.55,335229
2021-05-20 09:48:19,2464.65,335329
2021-05-20 09:48:20,2464.65,335329
2021-05-20 09:48:21,2464.55,335333
2021-05-20 09:48:22,2464.55,335333
2021-05-20 09:48:23,2464.55,335333
2021-05-20 09:48:24,2464.55,335334
2021-05-20 09:48:25,2464.3,335339
2021-05-20 09:48:26,2464.55,335340
2021-05-20 09:48:27,2464.3,335458
2021-05-20 09:48:28,2464.3,335553
2021-05-20 09:48:29,2465.2,335853
2021-05-20 09:48:30,2465.2,335853
2021-05-20 09:48:31,2465.2,335853
2021-05-20 09:48:32,2465.2,335853
2021-05-20 09:48:33,2465.25,335953
2021-05-20 09:48:34,2465.25,335953
2021-05-20 09:48:35,2464.65,335954
2021-05-20 09:48:36,2465.0,336054
2021-05-20 09:48:37,2465.0,336054
2021-05-20 09:48:38,2465.0,336054
2021-05-20 09:48:39,2465.0,336065
2021-05-20 09:48:40,2465.0,336065
2021-05-20 09:48:41,2465.0,336125
2021-05-20 09:48:42,2465.0,336126
2021-05-20 09:48:43,2464.55,337237
2021-05-20 09:48:44,2465.0,337238
2021-05-20 09:48:45,2464.55,337242
2021-05-20 09:48:46,2465.0,337452
2021-05-20 09:48:47,2465.0,337452
2021-05-20 09:48:48,2464.55,337504
2021-05-20 09:48:49,2464.55,337505
2021-05-20 09:48:50,2464.55,337505
2021-05-20 09:48:51,2463.0,339850
2021-05-20 09:48:52,2464.4,339852
2021-05-20 09:48:53,2464.4,339853
2021-05-20 09:48:54,2464.4,339862
2021-05-20 09:48:55,2464.4,339872
2021-05-20 09:48:56,2464.4,339872
2021-05-20 09:48:57,2464.4,339872
2021-05-20 09:48:58,2464.3,339924
2021-05-20 09:48:59,2464.3,339946
2021-05-20 09:49:00,2464.3,339989
2021-05-20 09:49:01,2464.0,340039
2021-05-20 09:49:02,2464.3,340100
2021-05-20 09:49:03,2464.3,340100
2021-05-20 09:49:04,2464.3,340100
2021-05-20 09:49:05,2463.4,340101
2021-05-20 09:49:06,2463.4,340105
2021-05-20 09:49:07,2463.4,340105
2021-05-20 09:49:08,2464.3,340116
2021-05-20 09:49:09,2464.05,340137
2021-05-20 09:49:10,2464.0,340340
2021-05-20 09:49:11,2464.05,340348
2021-05-20 09:49:12,2463.0,340723
2021-05-20 09:49:13,2463.0,340723
2021-05-20 09:49:14,2463.0,340724
2021-05-20 09:49:15,2463.55,340739
2021-05-20 09:49:16,2463.55,340739
2021-05-20 09:49:17,2463.0,340789
2021-05-20 09:49:18,2463.0,340789
2021-05-20 09:49:19,2461.9,341979
2021-05-20 09:49:20,2461.9,342043
2021-05-20 09:49:21,2461.9,342043
2021-05-20 09:49:22,2462.0,342095
2021-05-20 09:49:24,2461.55,342146
2021-05-20 09:49:25,2461.55,342175
2021-05-20 09:49:26,2462.0,342234
2021-05-20 09:49:27,2462.35,342258
2021-05-20 09:49:28,2462.35,342258
2021-05-20 09:49:29,2462.35,342258
2021-05-20 09:49:30,2462.4,342308
2021-05-20 09:49:31,2462.4,342318
2021-05-20 09:49:32,2462.4,342318
2021-05-20 09:49:33,2462.4,342318
2021-05-20 09:49:34,2462.4,342318
2021-05-20 09:49:35,2462.4,342368
2021-05-20 09:49:36,2462.4,342368
2021-05-20 09:49:37,2462.4,342375
2021-05-20 09:49:38,2462.4,342375
2021-05-20 09:49:39,2462.4,342375
2021-05-20 09:49:41,2463.0,342396
2021-05-20 09:49:42,2462.4,342397
2021-05-20 09:49:43,2462.4,342397
2021-05-20 09:49:44,2462.4,342403
2021-05-20 09:49:45,2462.4,342403
2021-05-20 09:49:46,2462.4,342403
2021-05-20 09:49:47,2462.4,342403
2021-05-20 09:49:48,2463.0,342438
2021-05-20 09:49:49,2463.0,342492
2021-05-20 09:49:50,2463.25,342696
2021-05-20 09:49:51,2462.4,342706
2021-05-20 09:49:52,2463.25,342757
2021-05-20 09:49:53,2463.25,342759
2021-05-20 09:49:54,2463.2,342779
2021-05-20 09:49:55,2463.0,342837
2021-05-20 09:49:56,2463.0,342837
2021-05-20 09:49:57,2463.0,342843
2021-05-20 09:49:58,2462.0,343143
2021-05-20 09:49:59,2462.0,343143
2021-05-20 09:50:00,2462.95,343153
2021-05-20 09:50:01,2462.1,343174
2021-05-20 09:50:02,2462.85,343213
2021-05-20 09:50:03,2462.85,343213
2021-05-20 09:50:04,2462.85,343213
2021-05-20 09:50:05,2462.85,343213
2021-05-20 09:50:06,2462.75,343262
2021-05-20 09:50:07,2462.75,343262
2021-05-20 09:50:08,2460.75,343842
2021-05-20 09:50:09,2462.35,343949
2021-05-20 09:50:11,2462.35,343949
2021-05-20 09:50:11,2462.35,343949
2021-05-20 09:50:12,2461.0,343999
2021-05-20 09:50:13,2462.1,344028
2021-05-20 09:50:14,2461.0,344029
2021-05-20 09:50:15,2461.0,344037
2021-05-20 09:50:16,2461.0,344057
2021-05-20 09:50:18,2461.0,344077
2021-05-20 09:50:18,2461.7,344082
2021-05-20 09:50:19,2461.7,344085
2021-05-20 09:50:21,2461.0,344116
2021-05-20 09:50:21,2461.0,344116
2021-05-20 09:50:22,2461.7,344118
2021-05-20 09:50:23,2461.0,344167
2021-05-20 09:50:24,2461.0,344169
2021-05-20 09:50:25,2461.0,344200
2021-05-20 09:50:26,2461.7,344205
2021-05-20 09:50:32,2460.2,345407
2021-05-20 09:50:33,2460.2,345407
2021-05-20 09:50:34,2460.2,345586
2021-05-20 09:50:35,2460.2,345731
2021-05-20 09:50:36,2460.2,345763
2021-05-20 09:50:38,2460.2,345763
2021-05-20 09:50:40,2461.1,345768
2021-05-20 09:50:41,2461.1,345783
2021-05-20 09:50:42,2460.4,345986
2021-05-20 09:50:43,2460.4,345986
2021-05-20 09:50:44,2460.4,345986
2021-05-20 09:50:44,2460.4,345986
2021-05-20 09:50:45,2461.1,346125
2021-05-20 09:50:47,2460.4,346131
2021-05-20 09:50:46,2460.5,346130
2021-05-20 09:50:48,2460.4,346176
2021-05-20 09:50:49,2461.0,346234
2021-05-20 09:50:50,2460.4,346236
2021-05-20 09:50:51,2460.4,346286
2021-05-20 09:50:52,2460.4,346286
2021-05-20 09:50:53,2460.4,346286
2021-05-20 09:50:54,2461.0,346416
2021-05-20 09:50:55,2461.0,346416
2021-05-20 09:50:56,2461.0,346416
2021-05-20 09:50:57,2460.4,346466
2021-05-20 09:50:58,2461.1,346931
2021-05-20 09:50:59,2461.1,346931
2021-05-20 09:51:00,2461.1,346931
2021-05-20 09:51:01,2461.1,346931
2021-05-20 09:51:02,2461.1,346941
2021-05-20 09:51:03,2461.1,346941
2021-05-20 09:51:04,2460.4,347323
2021-05-20 09:51:05,2461.1,347340
2021-05-20 09:51:06,2461.1,347400
2021-05-20 09:51:07,2460.4,347574
2021-05-20 09:51:08,2460.4,347574
2021-05-20 09:51:09,2460.4,347574
2021-05-20 09:51:10,2460.4,347574
2021-05-20 09:51:11,2460.4,347574
2021-05-20 09:51:12,2461.0,347577
2021-05-20 09:51:13,2459.4,349643
2021-05-20 09:51:14,2459.35,349645
2021-05-20 09:51:15,2459.35,349645
2021-05-20 09:51:16,2459.35,349645
2021-05-20 09:51:17,2459.35,349645
2021-05-20 09:51:18,2459.35,349645
2021-05-20 09:51:19,2460.55,349646
2021-05-20 09:51:20,2459.35,349743
2021-05-20 09:51:21,2459.35,349788
2021-05-20 09:51:22,2459.35,349801
2021-05-20 09:51:24,2459.35,349868
2021-05-20 09:51:25,2460.0,349947
2021-05-20 09:51:26,2460.0,349947
2021-05-20 09:51:27,2460.0,349987
2021-05-20 09:51:28,2459.35,350037
2021-05-20 09:51:28,2460.0,350130
2021-05-20 09:51:30,2460.0,350141
2021-05-20 09:51:31,2460.0,350145
2021-05-20 09:51:32,2460.0,350145
2021-05-20 09:51:33,2459.9,350195
2021-05-20 09:51:36,2459.85,350200
2021-05-20 09:51:37,2459.85,350200
2021-05-20 09:51:38,2459.3,350727
2021-05-20 09:51:39,2458.4,350728
2021-05-20 09:51:40,2458.5,350730
2021-05-20 09:51:41,2458.5,350776
2021-05-20 09:51:42,2458.5,350776
2021-05-20 09:51:44,2458.5,350776
2021-05-20 09:51:45,2459.9,351111
2021-05-20 09:51:46,2459.3,351225
2021-05-20 09:51:47,2459.3,351225
2021-05-20 09:51:48,2459.4,351310
2021-05-20 09:51:49,2459.3,351364
2021-05-20 09:51:50,2459.9,351415
2021-05-20 09:51:50,2459.9,351415
2021-05-20 09:51:51,2459.9,351415
2021-05-20 09:51:52,2459.9,351425
2021-05-20 09:51:54,2459.3,351455
2021-05-20 09:51:55,2459.3,351455
2021-05-20 09:51:56,2459.4,351460
2021-05-20 09:51:56,2459.3,351489
2021-05-20 09:51:58,2459.3,351506
2021-05-20 09:51:58,2459.3,351506
2021-05-20 09:51:59,2459.3,351506
2021-05-20 09:52:00,2458.95,351562
2021-05-20 09:52:02,2458.95,351562
2021-05-20 09:52:02,2459.85,351572
2021-05-20 09:52:03,2458.7,351932
2021-05-20 09:52:04,2458.7,351932
2021-05-20 09:52:05,2458.7,351932
2021-05-20 09:52:07,2459.8,351957
2021-05-20 09:52:08,2459.95,352777
2021-05-20 09:52:08,2459.45,352832
2021-05-20 09:52:09,2459.45,352832
2021-05-20 09:52:10,2459.45,352832
2021-05-20 09:52:11,2459.0,353382
2021-05-20 09:52:12,2460.4,353432
2021-05-20 09:52:13,2460.4,353432
2021-05-20 09:52:14,2460.4,353432
2021-05-20 09:52:15,2460.4,353432
2021-05-20 09:52:16,2460.4,353432
2021-05-20 09:52:17,2460.4,353432
2021-05-20 09:52:18,2460.25,353437
2021-05-20 09:52:19,2460.25,353437
2021-05-20 09:52:20,2460.0,353537
2021-05-20 09:52:21,2460.0,353537
2021-05-20 09:52:22,2460.25,353892
2021-05-20 09:52:23,2460.0,353902
2021-05-20 09:52:24,2459.85,353903
2021-05-20 09:52:25,2460.25,353923
2021-05-20 09:52:26,2460.25,353936
2021-05-20 09:52:27,2459.85,353971
2021-05-20 09:52:28,2459.85,353991
2021-05-20 09:52:30,2460.0,353992
2021-05-20 09:52:30,2460.0,354012
2021-05-20 09:52:31,2460.0,354027
2021-05-20 09:52:33,2460.0,354079
2021-05-20 09:52:35,2460.0,354086
2021-05-20 09:52:36,2460.25,354091
2021-05-20 09:52:37,2460.25,354091
2021-05-20 09:52:38,2460.25,354091
2021-05-20 09:52:39,2460.25,354123
2021-05-20 09:52:40,2460.0,354125
2021-05-20 09:52:42,2460.25,354138
2021-05-20 09:52:43,2459.35,354814
2021-05-20 09:52:44,2460.25,354849
2021-05-20 09:52:45,2460.25,354849
2021-05-20 09:52:45,2460.25,354849
2021-05-20 09:52:46,2460.25,354854
2021-05-20 09:52:47,2460.25,354862
2021-05-20 09:52:48,2460.25,354922
2021-05-20 09:52:49,2460.25,354922
2021-05-20 09:52:50,2459.4,354954
2021-05-20 09:52:52,2459.4,354954
2021-05-20 09:52:52,2459.4,354954
2021-05-20 09:52:54,2460.0,354956
2021-05-20 09:52:54,2460.0,354956
2021-05-20 09:52:55,2460.0,354956
2021-05-20 09:52:56,2460.0,354958
2021-05-20 09:52:58,2460.0,354960
2021-05-20 09:52:59,2460.2,355115
2021-05-20 09:52:59,2460.2,355115
2021-05-20 09:53:00,2460.2,355115
2021-05-20 09:53:02,2460.2,355115
2021-05-20 09:53:03,2459.75,355580
2021-05-20 09:53:04,2459.75,355658
2021-05-20 09:53:05,2459.75,355658
2021-05-20 09:53:06,2459.75,355658
2021-05-20 09:53:07,2459.75,355659
2021-05-20 09:53:08,2459.75,355660
2021-05-20 09:53:09,2459.75,355676
2021-05-20 09:53:11,2458.85,355679
2021-05-20 09:53:11,2459.75,355682
2021-05-20 09:53:13,2459.75,355692
2021-05-20 09:53:14,2459.75,355692
2021-05-20 09:53:15,2459.5,355693
2021-05-20 09:53:16,2459.5,355744
2021-05-20 09:53:17,2459.5,355841
2021-05-20 09:53:18,2459.0,355861
2021-05-20 09:53:19,2459.5,355867
2021-05-20 09:53:21,2459.5,355869
2021-05-20 09:53:22,2459.5,355869
2021-05-20 09:53:24,2459.0,355877
2021-05-20 09:53:25,2459.0,355878
2021-05-20 09:53:26,2459.5,355898
2021-05-20 09:53:27,2459.5,355908
2021-05-20 09:53:27,2459.4,355909
2021-05-20 09:53:29,2459.0,355913
2021-05-20 09:53:30,2459.0,355928
2021-05-20 09:53:31,2459.5,355929
2021-05-20 09:53:31,2459.5,355929
2021-05-20 09:53:33,2459.2,355957
2021-05-20 09:53:33,2459.4,356113
2021-05-20 09:53:34,2459.75,356146
2021-05-20 09:53:35,2460.0,356386
2021-05-20 09:53:36,2460.0,356386
2021-05-20 09:53:37,2460.0,356386
2021-05-20 09:53:38,2460.65,356390
2021-05-20 09:53:39,2460.15,356391
2021-05-20 09:53:40,2460.7,356491
2021-05-20 09:53:41,2460.7,356492
2021-05-20 09:53:42,2460.7,356642
2021-05-20 09:53:43,2460.7,356642
2021-05-20 09:53:45,2460.15,356643
2021-05-20 09:53:46,2460.15,356647
2021-05-20 09:53:47,2460.15,356678
2021-05-20 09:53:47,2460.15,356678
2021-05-20 09:53:48,2460.7,356728
2021-05-20 09:53:49,2460.7,356728
2021-05-20 09:53:50,2460.7,356728
2021-05-20 09:53:51,2460.7,356739
2021-05-20 09:53:53,2460.15,356747
2021-05-20 09:53:55,2460.15,356748
2021-05-20 09:53:55,2460.05,357608
2021-05-20 09:53:56,2460.05,357609
2021-05-20 09:53:58,2460.05,357616
2021-05-20 09:53:58,2460.05,357616
2021-05-20 09:53:59,2460.05,357616
2021-05-20 09:54:01,2460.7,357873
2021-05-20 09:54:03,2460.15,357894
2021-05-20 09:54:04,2460.15,357894
2021-05-20 09:54:05,2460.15,357894
2021-05-20 09:54:06,2460.7,357899
2021-05-20 09:54:07,2460.7,357899
2021-05-20 09:54:09,2460.7,357899
2021-05-20 09:54:09,2460.2,357905
2021-05-20 09:54:10,2460.7,357908
2021-05-20 09:54:11,2460.7,357908
2021-05-20 09:54:12,2460.7,357910
2021-05-20 09:54:13,2460.7,357910
2021-05-20 09:54:14,2460.7,358136
2021-05-20 09:54:15,2460.05,358664
2021-05-20 09:54:16,2460.15,358675
2021-05-20 09:54:18,2460.7,358686
2021-05-20 09:54:19,2460.7,358686
2021-05-20 09:54:21,2460.2,358688
2021-05-20 09:54:22,2460.2,358768
2021-05-20 09:54:23,2460.2,358768
2021-05-20 09:54:26,2460.2,358768
2021-05-20 09:54:27,2460.2,358768
2021-05-20 09:54:28,2460.05,358889
2021-05-20 09:54:29,2460.05,358890
2021-05-20 09:54:30,2460.05,358892
2021-05-20 09:54:30,2460.2,358993
2021-05-20 09:54:31,2460.05,359062
2021-05-20 09:54:34,2460.05,359206
2021-05-20 09:54:35,2460.05,359206
2021-05-20 09:54:36,2460.05,359206
2021-05-20 09:54:37,2460.05,359206
2021-05-20 09:54:38,2460.05,359206
2021-05-20 09:54:39,2460.05,359207
2021-05-20 09:54:40,2460.05,359207
2021-05-20 09:54:41,2460.05,359207
2021-05-20 09:54:42,2460.1,359210
2021-05-20 09:54:43,2460.6,359480
2021-05-20 09:54:44,2460.6,359480
2021-05-20 09:54:46,2460.2,359563
2021-05-20 09:54:48,2460.2,359611
2021-05-20 09:54:49,2460.2,359612
2021-05-20 09:54:50,2460.2,359617
2021-05-20 09:54:51,2460.2,359638
2021-05-20 09:54:52,2461.0,360110
2021-05-20 09:54:54,2461.05,360127
2021-05-20 09:54:54,2461.65,360227
2021-05-20 09:54:55,2461.65,360227
2021-05-20 09:54:56,2461.65,360227
2021-05-20 09:54:57,2461.7,360228
2021-05-20 09:54:58,2461.75,360232
2021-05-20 09:54:59,2461.75,360232
2021-05-20 09:55:00,2461.05,360307
2021-05-20 09:55:01,2461.05,360307
2021-05-20 09:55:02,2461.05,360417
2021-05-20 09:55:03,2461.05,360417
2021-05-20 09:55:04,2461.2,360588
2021-05-20 09:55:05,2461.75,360920
2021-05-20 09:55:06,2461.75,361120
2021-05-20 09:55:07,2461.75,361120
2021-05-20 09:55:08,2461.75,361151
2021-05-20 09:55:09,2461.9,361156
2021-05-20 09:55:10,2461.75,361196
2021-05-20 09:55:11,2461.9,361207
2021-05-20 09:55:12,2461.9,361207
2021-05-20 09:55:13,2461.9,361207
2021-05-20 09:55:14,2461.9,361207
2021-05-20 09:55:15,2461.9,361520
2021-05-20 09:55:16,2461.95,361526
2021-05-20 09:55:17,2462.3,361528
2021-05-20 09:55:18,2462.0,361529
2021-05-20 09:55:19,2462.0,361529
2021-05-20 09:55:20,2462.0,361604
2021-05-20 09:55:21,2462.0,361646
2021-05-20 09:55:22,2462.65,361687
2021-05-20 09:55:23,2461.75,361718
2021-05-20 09:55:24,2462.0,361728
2021-05-20 09:55:25,2459.85,363624
2021-05-20 09:55:26,2459.8,363631
2021-05-20 09:55:27,2460.1,363651
2021-05-20 09:55:28,2460.1,363651
2021-05-20 09:55:29,2460.1,363651
2021-05-20 09:55:30,2460.1,363651
2021-05-20 09:55:31,2460.05,363927
2021-05-20 09:55:32,2461.5,363938
2021-05-20 09:55:33,2461.5,363938
2021-05-20 09:55:34,2461.5,363938
2021-05-20 09:55:35,2461.5,363938
2021-05-20 09:55:36,2461.45,363967
2021-05-20 09:55:37,2461.45,363967
2021-05-20 09:55:38,2462.65,363986
2021-05-20 09:55:39,2462.65,363986
2021-05-20 09:55:40,2461.8,364019
2021-05-20 09:55:41,2462.0,364039
2021-05-20 09:55:43,2462.65,364060
2021-05-20 09:55:43,2462.65,364060
2021-05-20 09:55:45,2462.65,364076
2021-05-20 09:55:46,2463.0,364077
2021-05-20 09:55:46,2462.65,364076
2021-05-20 09:55:47,2463.15,364149
2021-05-20 09:55:48,2463.0,364150
2021-05-20 09:55:50,2463.0,364150
2021-05-20 09:55:51,2463.0,364150
2021-05-20 09:55:52,2463.0,364150
2021-05-20 09:55:53,2464.0,364197
2021-05-20 09:55:53,2464.0,364301
2021-05-20 09:55:54,2464.65,364471
2021-05-20 09:55:56,2464.9,364543
2021-05-20 09:55:58,2464.9,364582
2021-05-20 09:55:58,2464.9,364657
2021-05-20 09:55:59,2464.9,364669
2021-05-20 09:56:00,2464.9,364709
2021-05-20 09:56:01,2464.9,364709
2021-05-20 09:56:02,2464.9,364720
2021-05-20 09:56:03,2465.45,366349
2021-05-20 09:56:04,2465.75,366394
2021-05-20 09:56:05,2465.0,366404
2021-05-20 09:56:07,2465.0,366404
2021-05-20 09:56:07,2465.0,366435
2021-05-20 09:56:10,2465.5,366537
2021-05-20 09:56:11,2465.0,366538
2021-05-20 09:56:12,2464.0,366841
2021-05-20 09:56:13,2465.4,366871
2021-05-20 09:56:14,2465.0,366885
2021-05-20 09:56:15,2465.35,366889
2021-05-20 09:56:16,2465.35,366889
2021-05-20 09:56:17,2465.35,366889
2021-05-20 09:56:18,2465.0,367031
2021-05-20 09:56:19,2465.0,367031
2021-05-20 09:56:20,2464.95,367132
2021-05-20 09:56:21,2464.25,367152
2021-05-20 09:56:22,2464.25,367152
2021-05-20 09:56:23,2464.85,367197
2021-05-20 09:56:23,2464.85,367197
2021-05-20 09:56:25,2465.0,368229
2021-05-20 09:56:26,2465.0,368229
2021-05-20 09:56:27,2465.05,368230
2021-05-20 09:56:28,2465.0,368235
2021-05-20 09:56:29,2465.0,368235
2021-05-20 09:56:30,2465.15,368285
2021-05-20 09:56:31,2465.15,368285
2021-05-20 09:56:32,2465.15,368310
2021-05-20 09:56:33,2464.95,368321
2021-05-20 09:56:34,2465.1,368346
2021-05-20 09:56:36,2464.5,368416
2021-05-20 09:56:37,2465.0,368427
2021-05-20 09:56:38,2465.1,368717
2021-05-20 09:56:40,2465.0,368727
2021-05-20 09:56:41,2464.5,368807
2021-05-20 09:56:42,2465.75,369177
2021-05-20 09:56:43,2465.1,369183
2021-05-20 09:56:44,2465.75,369193
2021-05-20 09:56:45,2465.75,369196
2021-05-20 09:56:46,2465.75,369199
2021-05-20 09:56:47,2465.75,369401
2021-05-20 09:56:48,2465.75,369401
2021-05-20 09:56:49,2465.0,369451
2021-05-20 09:56:50,2465.0,369820
2021-05-20 09:56:51,2465.7,369835
2021-05-20 09:56:52,2465.75,369853
2021-05-20 09:56:53,2465.1,369903
2021-05-20 09:56:54,2465.1,369903
2021-05-20 09:56:55,2465.75,369923
2021-05-20 09:56:56,2465.75,369923
2021-05-20 09:56:57,2465.75,369923
2021-05-20 09:56:58,2465.75,369924
2021-05-20 09:56:59,2465.75,369924
2021-05-20 09:57:00,2465.75,369924
2021-05-20 09:57:02,2469.2,380014
2021-05-20 09:57:01,2469.35,377085
2021-05-20 09:57:03,2469.2,380239
2021-05-20 09:57:03,2469.2,380239
2021-05-20 09:57:05,2469.35,380477
2021-05-20 09:57:06,2469.35,380507
2021-05-20 09:57:07,2469.3,380745
2021-05-20 09:57:08,2469.3,381133
2021-05-20 09:57:09,2469.3,381173
2021-05-20 09:57:10,2469.35,381403
2021-05-20 09:57:11,2469.15,382778
2021-05-20 09:57:12,2469.2,382886
2021-05-20 09:57:13,2469.2,382936
2021-05-20 09:57:14,2469.2,383036
2021-05-20 09:57:15,2469.3,383113
2021-05-20 09:57:15,2468.4,383118
2021-05-20 09:57:16,2468.2,383255
2021-05-20 09:57:17,2469.4,383346
2021-05-20 09:57:19,2468.25,383357
2021-05-20 09:57:20,2468.0,383469
2021-05-20 09:57:21,2468.25,383601
2021-05-20 09:57:22,2468.25,383601
2021-05-20 09:57:23,2469.0,383651
2021-05-20 09:57:24,2468.45,383752
2021-05-20 09:57:25,2469.75,384426
2021-05-20 09:57:25,2469.75,384426
2021-05-20 09:57:28,2469.0,384653
2021-05-20 09:57:29,2469.05,384771
2021-05-20 09:57:30,2468.3,384775
2021-05-20 09:57:30,2468.3,384775
2021-05-20 09:57:31,2467.85,384803
2021-05-20 09:57:33,2467.85,384803
2021-05-20 09:57:34,2468.25,385028
2021-05-20 09:57:36,2467.7,385404
2021-05-20 09:57:37,2468.0,385452
2021-05-20 09:57:38,2468.0,385702
2021-05-20 09:57:39,2468.0,385702
2021-05-20 09:57:40,2467.8,385704
2021-05-20 09:57:40,2467.8,385704
2021-05-20 09:57:42,2468.0,386216
2021-05-20 09:57:43,2468.0,386391
2021-05-20 09:57:44,2467.35,386409
2021-05-20 09:57:45,2467.35,386514
2021-05-20 09:57:46,2468.0,386527
2021-05-20 09:57:47,2467.35,386559
2021-05-20 09:57:48,2467.35,386579
2021-05-20 09:57:49,2467.9,386623
2021-05-20 09:57:50,2467.9,386769
2021-05-20 09:57:51,2467.9,386800
2021-05-20 09:57:52,2467.85,386810
2021-05-20 09:57:53,2467.85,386831
2021-05-20 09:57:54,2467.3,386960
2021-05-20 09:57:55,2467.85,386970
2021-05-20 09:57:56,2468.0,387066
2021-05-20 09:57:57,2468.0,387071
2021-05-20 09:57:58,2467.9,387072
2021-05-20 09:57:59,2468.0,387083
2021-05-20 09:58:00,2468.6,387927
2021-05-20 09:58:01,2468.25,387986
2021-05-20 09:58:02,2468.25,387986
2021-05-20 09:58:03,2468.5,387987
2021-05-20 09:58:04,2468.5,387987
2021-05-20 09:58:06,2468.05,388038
2021-05-20 09:58:08,2468.05,388038
2021-05-20 09:58:07,2468.05,388038
2021-05-20 09:58:09,2468.05,388045
2021-05-20 09:58:10,2468.05,388046
2021-05-20 09:58:11,2468.5,388059
2021-05-20 09:58:12,2467.4,388738
2021-05-20 09:58:13,2467.35,388878
2021-05-20 09:58:14,2467.9,388888
2021-05-20 09:58:16,2468.4,388988
2021-05-20 09:58:15,2468.4,388988
2021-05-20 09:58:17,2468.0,388992
2021-05-20 09:58:18,2466.8,390677
2021-05-20 09:58:19,2467.65,390787
2021-05-20 09:58:20,2467.6,391446
2021-05-20 09:58:22,2467.75,391493
2021-05-20 09:58:24,2466.6,391596
2021-05-20 09:58:25,2467.75,391606
2021-05-20 09:58:27,2467.8,391899
2021-05-20 09:58:26,2466.5,391894
2021-05-20 09:58:28,2467.8,391900
2021-05-20 09:58:29,2467.8,391900
2021-05-20 09:58:30,2467.3,391926
2021-05-20 09:58:31,2467.3,391981
2021-05-20 09:58:32,2467.3,391981
2021-05-20 09:58:33,2467.3,391986
2021-05-20 09:58:34,2467.3,391988
2021-05-20 09:58:35,2467.3,392014
2021-05-20 09:58:36,2467.3,392080
2021-05-20 09:58:37,2467.3,392085
2021-05-20 09:58:39,2467.0,392556
2021-05-20 09:58:40,2467.0,392556
2021-05-20 09:58:41,2468.0,392606
2021-05-20 09:58:42,2468.0,392648
2021-05-20 09:58:43,2468.0,392650
2021-05-20 09:58:45,2468.0,393226
2021-05-20 09:58:46,2468.2,393381
2021-05-20 09:58:47,2468.15,393391
2021-05-20 09:58:48,2469.0,393491
2021-05-20 09:58:49,2469.0,393491
2021-05-20 09:58:50,2467.4,393705
2021-05-20 09:58:51,2468.65,393710
2021-05-20 09:58:52,2468.65,393710
2021-05-20 09:58:53,2468.65,394220
2021-05-20 09:58:54,2467.75,394222
2021-05-20 09:58:55,2468.15,394264
2021-05-20 09:58:57,2469.6,394345
2021-05-20 09:58:56,2469.45,394295
2021-05-20 09:58:58,2469.6,394345
2021-05-20 09:58:59,2468.55,395032
2021-05-20 09:59:00,2468.0,396062
2021-05-20 09:59:01,2468.0,396062
2021-05-20 09:59:02,2468.6,396108
2021-05-20 09:59:03,2468.6,396108
2021-05-20 09:59:04,2468.8,396208
2021-05-20 09:59:05,2468.85,396213
2021-05-20 09:59:06,2468.65,396386
2021-05-20 09:59:07,2467.4,396391
2021-05-20 09:59:08,2467.3,396401
2021-05-20 09:59:09,2467.45,396512
2021-05-20 09:59:10,2467.5,396643
2021-05-20 09:59:11,2467.5,396643
2021-05-20 09:59:13,2468.25,396754
2021-05-20 09:59:14,2468.25,396755
2021-05-20 09:59:15,2468.35,396835
2021-05-20 09:59:16,2468.55,396907
2021-05-20 09:59:17,2467.45,396912
2021-05-20 09:59:18,2468.7,396939
2021-05-20 09:59:19,2468.7,396944
2021-05-20 09:59:20,2468.7,396944
2021-05-20 09:59:21,2467.75,397066
2021-05-20 09:59:22,2467.75,397066
2021-05-20 09:59:23,2468.35,397071
2021-05-20 09:59:24,2468.35,397071
2021-05-20 09:59:25,2468.55,397072
2021-05-20 09:59:26,2468.15,397222
2021-05-20 09:59:27,2468.2,397337
2021-05-20 09:59:28,2468.35,397342
2021-05-20 09:59:29,2468.2,397382
2021-05-20 09:59:30,2468.2,397382
2021-05-20 09:59:31,2467.45,397699
2021-05-20 09:59:32,2467.25,397995
2021-05-20 09:59:33,2467.85,398057
2021-05-20 09:59:34,2467.85,398107
2021-05-20 09:59:35,2467.85,398149
2021-05-20 09:59:36,2467.85,398149
2021-05-20 09:59:37,2468.0,398209
2021-05-20 09:59:38,2467.2,398688
2021-05-20 09:59:39,2467.25,398689
2021-05-20 09:59:40,2467.25,398689
2021-05-20 09:59:41,2467.25,398689
2021-05-20 09:59:43,2467.25,398689
2021-05-20 09:59:42,2467.25,398689
2021-05-20 09:59:45,2467.25,398709
2021-05-20 09:59:46,2467.25,398709
2021-05-20 09:59:47,2467.25,398998
2021-05-20 09:59:48,2467.25,399029
2021-05-20 09:59:49,2466.05,400519
2021-05-20 09:59:50,2467.3,400523
2021-05-20 09:59:51,2467.3,400523
2021-05-20 09:59:52,2467.0,400624
2021-05-20 09:59:53,2467.15,400689
2021-05-20 09:59:54,2466.05,400714
2021-05-20 09:59:56,2466.2,400732
2021-05-20 09:59:56,2466.2,400778
2021-05-20 09:59:57,2466.8,400815
2021-05-20 09:59:59,2466.2,400824
2021-05-20 10:00:00,2466.8,400882
2021-05-20 10:00:01,2466.8,400920
2021-05-20 10:00:02,2466.8,400923
2021-05-20 10:00:04,2466.85,401008
2021-05-20 10:00:05,2466.0,401206
2021-05-20 10:00:06,2466.85,401212
2021-05-20 10:00:07,2466.75,401223
2021-05-20 10:00:09,2465.9,401497
2021-05-20 10:00:09,2465.9,401498
2021-05-20 10:00:10,2466.0,401921
2021-05-20 10:00:11,2466.0,401923
2021-05-20 10:00:12,2465.9,401924
2021-05-20 10:00:13,2465.9,401924
2021-05-20 10:00:14,2465.9,401924
2021-05-20 10:00:16,2465.9,401924
2021-05-20 10:00:17,2465.9,401926
2021-05-20 10:00:17,2465.9,401947
2021-05-20 10:00:18,2466.0,401951
2021-05-20 10:00:20,2465.95,402182
2021-05-20 10:00:22,2465.2,402298
2021-05-20 10:00:23,2465.2,402298
2021-05-20 10:00:24,2465.2,402298
2021-05-20 10:00:25,2465.55,402319
2021-05-20 10:00:26,2465.0,402371
2021-05-20 10:00:27,2465.95,402381
2021-05-20 10:00:28,2465.95,402381
2021-05-20 10:00:29,2465.0,402392
2021-05-20 10:00:31,2464.95,402603
2021-05-20 10:00:31,2464.95,402603
2021-05-20 10:00:32,2465.55,402705
2021-05-20 10:00:33,2465.55,402705
2021-05-20 10:00:34,2465.0,402950
2021-05-20 10:00:35,2465.0,402950
2021-05-20 10:00:36,2465.0,403024
2021-05-20 10:00:37,2465.0,403026
2021-05-20 10:00:41,2464.2,403314
2021-05-20 10:00:41,2464.2,403416
2021-05-20 10:00:44,2464.25,403547
2021-05-20 10:00:45,2464.25,403547
2021-05-20 10:00:46,2464.25,403549
2021-05-20 10:00:47,2464.25,403654
2021-05-20 10:00:49,2465.0,403754
2021-05-20 10:00:50,2464.95,403835
2021-05-20 10:00:50,2464.25,403774
2021-05-20 10:00:51,2465.0,403845
2021-05-20 10:00:52,2464.25,403895
2021-05-20 10:00:53,2465.0,403905
2021-05-20 10:00:54,2464.25,403945
2021-05-20 10:00:57,2464.95,403983
2021-05-20 10:00:57,2464.95,403983
2021-05-20 10:00:58,2464.25,403984
2021-05-20 10:00:59,2464.25,404014
2021-05-20 10:01:00,2464.2,404049
2021-05-20 10:01:02,2464.15,404167
2021-05-20 10:01:03,2464.45,404371
2021-05-20 10:01:04,2464.45,404371
2021-05-20 10:01:06,2464.45,404382
2021-05-20 10:01:06,2464.45,404382
2021-05-20 10:01:07,2464.45,404382
2021-05-20 10:01:08,2464.45,404446
2021-05-20 10:01:10,2464.45,404448
2021-05-20 10:01:10,2464.45,404448
2021-05-20 10:01:11,2464.45,404448
2021-05-20 10:01:12,2464.45,404469
2021-05-20 10:01:13,2464.45,404469
2021-05-20 10:01:14,2464.45,404480
2021-05-20 10:01:15,2464.4,404492
2021-05-20 10:01:17,2464.0,404917
2021-05-20 10:01:18,2464.45,404918
2021-05-20 10:01:19,2464.45,404918
2021-05-20 10:01:20,2464.45,404918
2021-05-20 10:01:21,2464.45,404929
2021-05-20 10:01:22,2464.45,404929
2021-05-20 10:01:23,2464.65,404941
2021-05-20 10:01:24,2464.65,404941
2021-05-20 10:01:25,2464.65,404952
2021-05-20 10:01:27,2464.0,405132
2021-05-20 10:01:28,2464.45,405244
2021-05-20 10:01:29,2464.45,405244
2021-05-20 10:01:31,2464.0,405249
2021-05-20 10:01:32,2465.35,405958
2021-05-20 10:01:33,2465.35,405988
2021-05-20 10:01:34,2466.0,406123
2021-05-20 10:01:35,2466.0,406123
2021-05-20 10:01:36,2466.0,406123
2021-05-20 10:01:37,2466.0,406123
2021-05-20 10:01:38,2466.0,406128
2021-05-20 10:01:39,2466.0,406248
2021-05-20 10:01:40,2466.0,406248
2021-05-20 10:01:42,2466.0,406248
2021-05-20 10:01:43,2466.0,406248
2021-05-20 10:01:43,2466.0,406248
2021-05-20 10:01:44,2466.0,406248
2021-05-20 10:01:45,2466.0,406248
2021-05-20 10:01:46,2466.0,406248
2021-05-20 10:01:47,2466.0,406248
2021-05-20 10:01:48,2465.9,406273
2021-05-20 10:01:51,2465.4,406284
2021-05-20 10:01:53,2465.4,406284
2021-05-20 10:01:53,2465.4,406284
2021-05-20 10:01:54,2465.4,406284
2021-05-20 10:01:55,2465.4,406291
2021-05-20 10:01:56,2466.0,406441
2021-05-20 10:01:57,2466.0,406446
2021-05-20 10:01:58,2466.0,406446
2021-05-20 10:02:01,2466.0,406447
2021-05-20 10:02:02,2466.0,406447
2021-05-20 10:02:03,2466.0,406477
2021-05-20 10:02:03,2466.0,406482
2021-05-20 10:02:04,2466.0,406482
2021-05-20 10:02:05,2466.0,406482
2021-05-20 10:02:06,2466.0,406482
2021-05-20 10:02:07,2466.0,406482
2021-05-20 10:02:08,2466.0,406508
2021-05-20 10:02:09,2466.0,406508
2021-05-20 10:02:10,2465.45,406515
2021-05-20 10:02:11,2465.45,406515
2021-05-20 10:02:12,2466.0,406560
2021-05-20 10:02:13,2465.45,406765
2021-05-20 10:02:15,2465.45,406765
2021-05-20 10:02:16,2465.45,406967
2021-05-20 10:02:17,2465.45,406967
2021-05-20 10:02:18,2465.45,406967
2021-05-20 10:02:19,2465.45,406992
2021-05-20 10:02:20,2466.0,407000
2021-05-20 10:02:21,2466.0,407010
2021-05-20 10:02:22,2466.0,407010
2021-05-20 10:02:24,2466.0,407010
2021-05-20 10:02:24,2466.0,407010
2021-05-20 10:02:26,2465.45,407011
2021-05-20 10:02:27,2466.0,407119
2021-05-20 10:02:28,2465.45,407124
2021-05-20 10:02:29,2465.45,407132
2021-05-20 10:02:30,2465.9,407152
2021-05-20 10:02:31,2465.45,407153
2021-05-20 10:02:32,2465.95,407172
2021-05-20 10:02:33,2465.9,407176
2021-05-20 10:02:33,2465.9,407176
2021-05-20 10:02:34,2465.9,407176
2021-05-20 10:02:35,2466.0,407321
2021-05-20 10:02:36,2465.45,407421
2021-05-20 10:02:37,2465.45,407421
2021-05-20 10:02:38,2466.0,407449
2021-05-20 10:02:39,2466.0,407449
2021-05-20 10:02:40,2466.0,407449
2021-05-20 10:02:41,2466.0,407454
2021-05-20 10:02:43,2466.0,407513
2021-05-20 10:02:44,2465.95,407621
2021-05-20 10:02:45,2465.5,407622
2021-05-20 10:02:46,2465.5,407622
2021-05-20 10:02:46,2465.5,407622
2021-05-20 10:02:47,2465.5,407622
2021-05-20 10:02:48,2465.95,407624
2021-05-20 10:02:49,2465.95,407640
2021-05-20 10:02:50,2465.95,407641
2021-05-20 10:02:51,2465.95,407653
2021-05-20 10:02:54,2465.95,407658
2021-05-20 10:02:55,2465.95,407823
2021-05-20 10:02:57,2465.95,407833
2021-05-20 10:02:58,2465.95,407833
2021-05-20 10:02:59,2465.55,407834
2021-05-20 10:03:00,2465.95,407860
2021-05-20 10:03:01,2465.95,407860
2021-05-20 10:03:02,2465.95,407860
2021-05-20 10:03:03,2465.95,408169
2021-05-20 10:03:04,2465.95,408176
2021-05-20 10:03:06,2465.95,408176
2021-05-20 10:03:06,2465.4,408476
2021-05-20 10:03:08,2465.55,408486
2021-05-20 10:03:09,2465.6,408515
2021-05-20 10:03:09,2465.6,408512
2021-05-20 10:03:10,2465.6,408593
2021-05-20 10:03:11,2465.6,408593
2021-05-20 10:03:12,2465.6,408593
2021-05-20 10:03:13,2465.6,408646
2021-05-20 10:03:15,2465.4,408669
2021-05-20 10:03:15,2465.4,408669
2021-05-20 10:03:16,2465.6,408719
2021-05-20 10:03:17,2465.6,408721
2021-05-20 10:03:18,2465.6,408721
2021-05-20 10:03:20,2465.4,408736
2021-05-20 10:03:21,2465.4,408736
2021-05-20 10:03:22,2465.4,409036
2021-05-20 10:03:23,2465.4,409036
2021-05-20 10:03:24,2465.4,409343
2021-05-20 10:03:25,2465.6,409353
2021-05-20 10:03:26,2465.6,409353
2021-05-20 10:03:27,2465.6,409383
2021-05-20 10:03:28,2465.6,409383
2021-05-20 10:03:31,2466.35,410387
2021-05-20 10:03:32,2466.1,410487
2021-05-20 10:03:32,2466.1,410487
2021-05-20 10:03:33,2466.1,410487
2021-05-20 10:03:34,2466.1,410587
2021-05-20 10:03:35,2466.35,410663
2021-05-20 10:03:36,2466.35,410683
2021-05-20 10:03:37,2466.35,410683
2021-05-20 10:03:39,2466.35,410683
2021-05-20 10:03:40,2466.35,410689
2021-05-20 10:03:40,2466.65,410796
2021-05-20 10:03:44,2467.55,410975
2021-05-20 10:03:45,2467.55,411004
2021-05-20 10:03:45,2467.55,411005
2021-05-20 10:03:46,2467.55,411005
2021-05-20 10:03:49,2468.85,411341
2021-05-20 10:03:54,2465.6,412731
2021-05-20 10:03:57,2466.15,412770
2021-05-20 10:03:58,2466.15,412820
2021-05-20 10:03:59,2466.15,412821
2021-05-20 10:04:01,2466.15,412826
2021-05-20 10:04:03,2466.15,412856
2021-05-20 10:04:05,2466.0,413039
2021-05-20 10:04:05,2466.0,413039
2021-05-20 10:04:07,2465.6,413041
2021-05-20 10:04:07,2465.6,413041
2021-05-20 10:04:09,2465.65,413046
2021-05-20 10:04:10,2465.65,413046
2021-05-20 10:04:11,2465.65,413053
2021-05-20 10:04:12,2465.65,413053
2021-05-20 10:04:13,2466.0,413103
2021-05-20 10:04:14,2466.15,413203
2021-05-20 10:04:15,2466.15,413203
2021-05-20 10:04:16,2466.15,413203
2021-05-20 10:04:17,2466.15,413203
2021-05-20 10:04:18,2467.0,413253
2021-05-20 10:04:19,2466.15,413257
2021-05-20 10:04:19,2466.15,413257
2021-05-20 10:04:20,2466.15,413267
2021-05-20 10:04:21,2466.85,413297
2021-05-20 10:04:23,2466.2,413323
2021-05-20 10:04:24,2466.9,413325
2021-05-20 10:04:25,2466.2,413329
2021-05-20 10:04:26,2466.2,413332
2021-05-20 10:04:27,2466.2,413332
2021-05-20 10:04:28,2466.95,413337
2021-05-20 10:04:30,2466.2,413344
2021-05-20 10:04:31,2466.2,413464
2021-05-20 10:04:32,2466.75,413709
2021-05-20 10:04:33,2466.75,413709
2021-05-20 10:04:34,2466.75,413709
2021-05-20 10:04:35,2466.75,413709
2021-05-20 10:04:36,2466.75,413709
2021-05-20 10:04:36,2466.75,413709
2021-05-20 10:04:38,2466.25,413730
2021-05-20 10:04:39,2466.85,413782
2021-05-20 10:04:39,2466.85,413882
2021-05-20 10:04:40,2466.25,413996
2021-05-20 10:04:42,2464.75,414706
2021-05-20 10:04:43,2464.75,414706
2021-05-20 10:04:44,2465.75,414707
2021-05-20 10:04:45,2465.75,414707
2021-05-20 10:04:46,2465.75,414707
2021-05-20 10:04:46,2465.75,414707
2021-05-20 10:04:48,2465.75,414712
2021-05-20 10:04:49,2465.75,414712
2021-05-20 10:04:50,2465.75,414722
2021-05-20 10:04:51,2466.3,415059
2021-05-20 10:04:52,2465.75,415079
2021-05-20 10:04:53,2465.75,415089
2021-05-20 10:04:54,2465.75,415089
2021-05-20 10:04:55,2465.9,415090
2021-05-20 10:04:56,2465.9,415090
2021-05-20 10:04:57,2465.9,415090
2021-05-20 10:04:58,2465.75,415092
2021-05-20 10:04:59,2465.75,415092
2021-05-20 10:05:00,2465.75,415092
2021-05-20 10:05:01,2465.65,415543
2021-05-20 10:05:02,2465.65,416041
2021-05-20 10:05:03,2465.65,416041
2021-05-20 10:05:03,2465.65,416041
2021-05-20 10:05:04,2465.65,416696
2021-05-20 10:05:05,2465.7,416733
2021-05-20 10:05:06,2465.65,416960
2021-05-20 10:05:08,2465.65,416961
2021-05-20 10:05:09,2465.75,416971
2021-05-20 10:05:10,2465.75,416971
2021-05-20 10:05:11,2465.65,417021
2021-05-20 10:05:12,2465.65,417021
2021-05-20 10:05:13,2465.0,417022
2021-05-20 10:05:14,2465.0,417022
2021-05-20 10:05:15,2465.0,417023
2021-05-20 10:05:16,2465.15,417117
2021-05-20 10:05:17,2465.15,417117
2021-05-20 10:05:18,2465.15,417117
2021-05-20 10:05:18,2465.15,417117
2021-05-20 10:05:19,2465.15,417117
2021-05-20 10:05:21,2465.75,417118
2021-05-20 10:05:22,2465.15,417217
2021-05-20 10:05:23,2465.15,417217
2021-05-20 10:05:24,2465.15,417217
2021-05-20 10:05:25,2465.15,417217
2021-05-20 10:05:27,2465.15,417217
2021-05-20 10:05:28,2465.15,417217
2021-05-20 10:05:30,2466.0,417346
2021-05-20 10:05:32,2465.8,417347
2021-05-20 10:05:33,2466.75,417489
2021-05-20 10:05:37,2466.75,417589
2021-05-20 10:05:38,2466.1,417595
2021-05-20 10:05:39,2466.1,417595
2021-05-20 10:05:40,2466.1,417596
2021-05-20 10:05:41,2465.55,417907
2021-05-20 10:05:42,2466.75,417927
2021-05-20 10:05:43,2466.75,417927
2021-05-20 10:05:44,2466.75,417932
2021-05-20 10:05:46,2466.75,417932
2021-05-20 10:05:48,2466.75,418020
2021-05-20 10:05:49,2466.1,418021
2021-05-20 10:05:50,2466.1,418021
2021-05-20 10:05:51,2466.1,418021
2021-05-20 10:05:52,2466.75,418023
2021-05-20 10:05:54,2466.75,418063
2021-05-20 10:05:54,2466.75,418063
2021-05-20 10:05:56,2466.75,418063
2021-05-20 10:05:56,2466.1,418072
2021-05-20 10:05:58,2466.75,418082
2021-05-20 10:06:00,2466.1,418102
2021-05-20 10:06:01,2466.1,418102
2021-05-20 10:06:02,2466.1,418102
2021-05-20 10:06:02,2466.8,418302
2021-05-20 10:06:04,2466.8,418302
2021-05-20 10:06:05,2466.1,418489
2021-05-20 10:06:07,2466.1,418489
2021-05-20 10:06:08,2466.65,418491
2021-05-20 10:06:09,2466.0,418646
2021-05-20 10:06:10,2466.0,418688
2021-05-20 10:06:11,2465.05,419251
2021-05-20 10:06:12,2465.05,419251
2021-05-20 10:06:13,2465.0,419454
2021-05-20 10:06:14,2465.0,419454
2021-05-20 10:06:15,2465.0,419461
2021-05-20 10:06:17,2466.0,419512
2021-05-20 10:06:18,2466.0,419512
2021-05-20 10:06:20,2466.0,419512
2021-05-20 10:06:19,2466.0,419512
2021-05-20 10:06:21,2466.0,419516
2021-05-20 10:06:21,2466.0,419516
2021-05-20 10:06:23,2465.6,419526
2021-05-20 10:06:24,2465.6,419526
2021-05-20 10:06:25,2465.6,419526
2021-05-20 10:06:25,2465.6,419526
2021-05-20 10:06:27,2465.6,419526
2021-05-20 10:06:27,2465.6,419669
2021-05-20 10:06:28,2465.2,419797
2021-05-20 10:06:30,2465.2,419802
2021-05-20 10:06:31,2465.2,419802
2021-05-20 10:06:32,2465.05,419822
2021-05-20 10:06:33,2465.1,419938
2021-05-20 10:06:34,2465.95,420467
2021-05-20 10:06:35,2465.3,420572
2021-05-20 10:06:36,2465.3,420572
2021-05-20 10:06:37,2465.3,420572
2021-05-20 10:06:37,2465.3,420572
2021-05-20 10:06:38,2466.0,420576
2021-05-20 10:06:40,2465.35,420625
2021-05-20 10:06:41,2465.35,420626
2021-05-20 10:06:42,2465.35,420626
2021-05-20 10:06:43,2465.35,420626
2021-05-20 10:06:44,2466.0,420633
2021-05-20 10:06:45,2466.0,420702
2021-05-20 10:06:46,2466.0,420702
2021-05-20 10:06:47,2466.0,420702
2021-05-20 10:06:48,2466.4,420732
2021-05-20 10:06:49,2466.0,420747
2021-05-20 10:06:50,2466.4,420807
2021-05-20 10:06:51,2466.4,420807
2021-05-20 10:06:51,2466.4,420807
2021-05-20 10:06:52,2466.4,420807
2021-05-20 10:06:53,2466.4,420807
2021-05-20 10:06:57,2466.15,420808
2021-05-20 10:06:58,2466.75,420811
2021-05-20 10:06:59,2466.75,420811
2021-05-20 10:07:00,2466.0,421363
2021-05-20 10:07:02,2466.0,421363
2021-05-20 10:07:02,2466.05,421378
2021-05-20 10:07:03,2466.05,421378
2021-05-20 10:07:05,2466.05,421378
2021-05-20 10:07:05,2467.0,421380
2021-05-20 10:07:06,2467.0,421380
2021-05-20 10:07:07,2466.75,421381
2021-05-20 10:07:08,2466.75,421391
2021-05-20 10:07:10,2466.75,421391
2021-05-20 10:07:11,2466.75,421414
2021-05-20 10:07:12,2466.75,421414
2021-05-20 10:07:13,2466.9,421484
2021-05-20 10:07:15,2466.9,421593
2021-05-20 10:07:17,2466.9,421693
2021-05-20 10:07:18,2466.9,421693
2021-05-20 10:07:19,2466.9,421693
2021-05-20 10:07:20,2466.0,421714
2021-05-20 10:07:21,2466.0,421714
2021-05-20 10:07:22,2466.0,421714
2021-05-20 10:07:23,2466.0,421714
2021-05-20 10:07:23,2466.3,421717
2021-05-20 10:07:24,2466.3,421717
2021-05-20 10:07:25,2466.3,421733
2021-05-20 10:07:26,2466.3,421733
2021-05-20 10:07:27,2466.3,421733
2021-05-20 10:07:29,2466.0,421830
2021-05-20 10:07:30,2466.0,421830
