timestamp,ltp,volume
2021-05-20 09:15:13,669.15,6509
2021-05-20 09:15:20,669.4,7455
2021-05-20 09:15:25,669.1,7765
2021-05-20 09:15:30,668.9,9353
2021-05-20 09:15:36,668.95,10484
2021-05-20 09:15:41,668.7,11442
2021-05-20 09:15:46,668.15,12574
2021-05-20 09:15:50,668.2,12974
2021-05-20 09:15:55,668.0,14364
2021-05-20 09:16:00,667.5,15783
2021-05-20 09:16:08,667.95,16449
2021-05-20 09:16:13,667.85,16554
2021-05-20 09:16:17,668.0,16760
2021-05-20 09:16:25,668.15,17480
2021-05-20 09:16:30,668.45,17634
2021-05-20 09:16:34,668.3,20280
2021-05-20 09:16:38,668.2,20680
2021-05-20 09:16:42,668.3,20715
2021-05-20 09:16:46,668.25,22174
2021-05-20 09:16:51,668.35,22314
2021-05-20 09:16:55,668.7,22417
2021-05-20 09:16:59,668.85,22450
2021-05-20 09:17:03,668.5,23936
2021-05-20 09:17:08,668.85,25022
2021-05-20 09:17:12,668.5,25339
2021-05-20 09:17:16,668.5,26147
2021-05-20 09:17:20,668.5,26487
2021-05-20 09:17:25,668.5,26710
2021-05-20 09:17:29,668.8,27620
2021-05-20 09:17:33,668.8,27847
2021-05-20 09:17:37,668.55,28063
2021-05-20 09:17:41,668.55,28293
2021-05-20 09:17:45,668.85,28655
2021-05-20 09:17:49,669.2,32291
2021-05-20 09:17:53,669.3,32314
2021-05-20 09:17:57,669.0,32404
2021-05-20 09:18:01,669.3,32882
2021-05-20 09:18:05,669.65,35549
2021-05-20 09:18:09,669.45,35624
2021-05-20 09:18:17,669.45,36044
2021-05-20 09:18:21,669.7,37310
2021-05-20 09:18:25,669.5,37649
2021-05-20 09:18:29,669.7,37821
2021-05-20 09:18:33,669.5,38206
2021-05-20 09:18:37,670.2,48635
2021-05-20 09:18:41,670.0,50302
2021-05-20 09:18:45,670.25,52006
2021-05-20 09:18:48,670.0,52687
2021-05-20 09:18:52,670.25,53809
2021-05-20 09:18:56,670.35,54897
2021-05-20 09:19:00,670.05,57083
2021-05-20 09:19:07,670.4,58063
2021-05-20 09:19:11,670.4,58248
2021-05-20 09:19:15,670.45,60304
2021-05-20 09:19:19,670.45,61645
2021-05-20 09:19:23,670.45,63117
2021-05-20 09:19:27,670.05,64117
2021-05-20 09:19:31,670.45,65464
2021-05-20 09:19:34,670.0,67907
2021-05-20 09:19:39,669.95,69195
2021-05-20 09:19:42,669.6,69339
2021-05-20 09:19:46,669.35,69983
2021-05-20 09:19:50,669.7,70305
2021-05-20 09:19:54,669.75,70834
2021-05-20 09:19:58,669.25,70931
2021-05-20 09:20:01,669.2,72037
2021-05-20 09:20:05,669.25,73448
2021-05-20 09:20:09,669.4,75963
2021-05-20 09:20:13,669.8,76581
2021-05-20 09:20:17,670.1,80171
2021-05-20 09:20:20,669.75,81124
2021-05-20 09:20:24,670.05,81503
2021-05-20 09:20:27,669.75,82257
2021-05-20 09:20:31,670.0,86339
2021-05-20 09:20:39,669.75,88495
2021-05-20 09:20:43,669.8,89583
2021-05-20 09:20:46,669.75,89645
2021-05-20 09:20:50,670.0,90083
2021-05-20 09:20:54,669.95,90093
2021-05-20 09:20:58,669.95,90123
2021-05-20 09:21:02,669.65,90698
2021-05-20 09:21:09,669.65,92690
2021-05-20 09:21:13,669.55,92721
2021-05-20 09:21:16,669.9,95394
2021-05-20 09:21:20,669.85,95515
2021-05-20 09:21:24,669.8,95618
2021-05-20 09:21:28,669.75,95686
2021-05-20 09:21:31,669.5,96435
2021-05-20 09:21:35,669.5,96844
2021-05-20 09:21:39,669.5,96861
2021-05-20 09:21:42,669.5,97168
2021-05-20 09:21:46,669.35,97440
2021-05-20 09:21:49,669.35,97725
2021-05-20 09:21:53,669.55,98829
2021-05-20 09:21:57,669.4,99486
2021-05-20 09:22:01,669.5,99651
2021-05-20 09:22:04,669.3,99786
2021-05-20 09:22:08,669.35,100264
2021-05-20 09:22:12,669.4,100371
2021-05-20 09:22:15,669.25,100379
2021-05-20 09:22:19,669.25,100399
2021-05-20 09:22:23,668.85,101761
2021-05-20 09:22:27,668.85,102928
2021-05-20 09:22:30,668.85,103463
2021-05-20 09:22:34,669.0,103619
2021-05-20 09:22:38,669.05,103674
2021-05-20 09:22:42,669.1,103716
2021-05-20 09:22:45,669.1,103789
2021-05-20 09:22:49,669.1,103807
2021-05-20 09:22:53,669.1,103928
2021-05-20 09:22:57,669.1,104181
2021-05-20 09:23:00,669.1,104198
2021-05-20 09:23:04,669.3,104470
2021-05-20 09:23:08,669.5,105616
2021-05-20 09:23:12,669.5,105692
2021-05-20 09:23:15,669.7,105820
2021-05-20 09:23:19,669.55,105821
2021-05-20 09:23:23,669.55,105850
2021-05-20 09:23:26,669.7,105873
2021-05-20 09:23:30,669.5,105948
2021-05-20 09:23:33,669.8,107353
2021-05-20 09:23:37,669.6,107359
2021-05-20 09:23:41,669.6,107474
2021-05-20 09:23:45,669.8,107993
2021-05-20 09:23:48,669.85,108118
2021-05-20 09:23:52,669.6,108318
2021-05-20 09:23:56,669.85,108338
2021-05-20 09:23:59,669.65,108398
2021-05-20 09:24:07,669.6,109370
2021-05-20 09:24:10,669.65,109422
2021-05-20 09:24:14,669.7,109598
2021-05-20 09:24:17,669.65,109814
2021-05-20 09:24:21,669.65,109856
2021-05-20 09:24:25,669.5,109915
2021-05-20 09:24:28,669.0,110442
2021-05-20 09:24:36,669.35,110603
2021-05-20 09:24:39,669.3,110605
2021-05-20 09:24:42,669.0,111909
2021-05-20 09:24:46,669.3,112100
2021-05-20 09:24:49,669.3,112100
2021-05-20 09:24:53,669.3,112101
2021-05-20 09:24:56,669.1,112611
2021-05-20 09:24:59,669.05,112962
2021-05-20 09:25:03,669.05,113013
2021-05-20 09:25:06,669.7,114128
2021-05-20 09:25:10,669.8,114138
2021-05-20 09:25:17,669.9,114232
2021-05-20 09:25:21,669.9,114266
2021-05-20 09:25:24,669.85,114454
2021-05-20 09:25:28,669.5,114960
2021-05-20 09:25:31,669.85,115078
2021-05-20 09:25:35,669.8,115185
2021-05-20 09:25:39,669.8,115230
2021-05-20 09:25:42,669.5,115280
2021-05-20 09:25:45,669.8,115288
2021-05-20 09:25:49,669.8,115395
2021-05-20 09:25:53,669.75,115420
2021-05-20 09:25:56,669.75,115554
2021-05-20 09:25:59,669.5,115633
2021-05-20 09:26:03,669.5,115633
2021-05-20 09:26:06,669.1,117818
2021-05-20 09:26:09,669.1,117867
2021-05-20 09:26:12,668.8,117993
2021-05-20 09:26:15,669.0,118000
2021-05-20 09:26:22,669.1,118469
2021-05-20 09:26:25,669.0,118589
2021-05-20 09:26:28,669.0,119261
2021-05-20 09:26:31,669.0,119315
2021-05-20 09:26:34,669.05,120775
2021-05-20 09:26:38,668.95,120825
2021-05-20 09:26:41,668.7,120966
2021-05-20 09:26:44,668.7,121157
2021-05-20 09:26:47,668.7,121423
2021-05-20 09:26:50,668.75,121574
2021-05-20 09:26:53,668.5,122021
2021-05-20 09:26:57,668.3,122829
2021-05-20 09:27:00,668.6,122854
2021-05-20 09:27:03,668.05,125139
2021-05-20 09:27:07,668.05,127281
2021-05-20 09:27:10,668.0,127696
2021-05-20 09:27:14,668.1,127817
2021-05-20 09:27:17,668.2,128022
2021-05-20 09:27:21,668.2,128213
2021-05-20 09:27:24,668.3,128657
2021-05-20 09:27:28,668.45,128792
2021-05-20 09:27:31,668.2,129490
2021-05-20 09:27:34,668.25,131229
2021-05-20 09:27:41,668.2,131976
2021-05-20 09:27:44,668.05,132770
2021-05-20 09:27:47,668.35,133036
2021-05-20 09:27:50,668.0,133106
2021-05-20 09:27:54,668.2,133133
2021-05-20 09:27:57,668.2,133833
2021-05-20 09:28:01,668.25,133899
2021-05-20 09:28:05,668.25,133926
2021-05-20 09:28:08,668.2,134126
2021-05-20 09:28:11,668.2,134276
2021-05-20 09:28:15,668.2,134280
2021-05-20 09:28:18,668.2,134553
2021-05-20 09:28:21,668.2,134654
2021-05-20 09:28:24,668.2,134697
2021-05-20 09:28:28,668.05,135362
2021-05-20 09:28:31,668.05,135374
2021-05-20 09:28:34,668.1,135385
2021-05-20 09:28:37,668.2,135469
2021-05-20 09:28:41,668.0,135479
2021-05-20 09:28:44,668.2,135679
2021-05-20 09:28:47,668.1,136040
2021-05-20 09:28:50,668.1,136296
2021-05-20 09:28:54,668.1,136306
2021-05-20 09:28:57,668.1,136394
2021-05-20 09:29:01,668.05,136585
2021-05-20 09:29:04,668.05,136745
2021-05-20 09:29:07,668.1,137201
2021-05-20 09:29:10,668.1,137990
2021-05-20 09:29:13,668.1,138018
2021-05-20 09:29:16,668.0,138118
2021-05-20 09:29:19,668.0,138122
2021-05-20 09:29:23,668.15,138165
2021-05-20 09:29:26,668.0,138225
2021-05-20 09:29:32,668.0,139283
2021-05-20 09:29:35,668.0,139386
2021-05-20 09:29:38,668.0,139598
2021-05-20 09:29:45,667.95,140572
2021-05-20 09:29:48,668.0,140599
2021-05-20 09:29:52,667.95,141360
2021-05-20 09:29:58,667.75,141657
2021-05-20 09:30:01,667.55,142955
2021-05-20 09:30:05,667.95,142958
2021-05-20 09:30:08,667.75,142989
2021-05-20 09:30:11,667.85,143080
2021-05-20 09:30:14,667.95,143283
2021-05-20 09:30:17,667.65,143416
2021-05-20 09:30:21,667.65,143725
2021-05-20 09:30:24,667.65,143736
2021-05-20 09:30:27,668.0,144743
2021-05-20 09:30:30,667.55,145343
2021-05-20 09:30:34,668.05,145547
2021-05-20 09:30:37,668.0,145868
2021-05-20 09:30:41,668.0,145911
2021-05-20 09:30:44,668.0,146277
2021-05-20 09:30:48,668.0,146408
2021-05-20 09:30:51,667.7,146457
2021-05-20 09:30:54,668.0,146538
2021-05-20 09:30:58,668.0,146633
2021-05-20 09:31:01,668.2,147541
2021-05-20 09:31:05,668.2,148319
2021-05-20 09:31:08,668.25,148886
2021-05-20 09:31:15,668.25,149139
2021-05-20 09:31:19,668.1,150454
2021-05-20 09:31:22,668.0,151454
2021-05-20 09:31:25,668.0,151562
2021-05-20 09:31:29,667.8,151855
2021-05-20 09:31:32,667.8,151917
2021-05-20 09:31:39,668.25,152276
2021-05-20 09:31:43,668.05,152736
2021-05-20 09:31:49,667.85,154037
2021-05-20 09:31:52,667.85,154037
2021-05-20 09:31:56,668.0,154197
2021-05-20 09:31:59,668.0,154197
2021-05-20 09:32:02,668.4,154407
2021-05-20 09:32:05,668.35,154410
2021-05-20 09:32:08,668.4,154440
2021-05-20 09:32:11,668.4,154479
2021-05-20 09:32:15,668.4,154888
2021-05-20 09:32:18,668.25,155105
2021-05-20 09:32:21,668.0,155361
2021-05-20 09:32:25,668.0,155361
2021-05-20 09:32:31,668.4,156194
2021-05-20 09:32:34,668.0,158432
2021-05-20 09:32:37,668.1,158682
2021-05-20 09:32:40,668.15,158692
2021-05-20 09:32:43,668.15,159042
2021-05-20 09:32:46,667.85,159166
2021-05-20 09:32:49,668.15,159301
2021-05-20 09:32:53,668.15,159313
2021-05-20 09:32:56,668.15,159313
2021-05-20 09:33:00,668.05,159316
2021-05-20 09:33:03,668.15,159735
2021-05-20 09:33:06,668.25,159869
2021-05-20 09:33:09,668.25,159976
2021-05-20 09:33:12,668.3,160040
2021-05-20 09:33:15,668.3,160183
2021-05-20 09:33:18,668.15,160242
2021-05-20 09:33:21,668.15,160242
2021-05-20 09:33:24,668.15,161104
2021-05-20 09:33:27,667.75,165516
2021-05-20 09:33:30,668.1,165942
2021-05-20 09:33:34,668.1,166229
2021-05-20 09:33:37,667.2,170618
2021-05-20 09:33:40,667.45,171022
2021-05-20 09:33:44,667.2,171337
2021-05-20 09:33:47,667.2,171601
2021-05-20 09:33:50,667.5,171684
2021-05-20 09:33:54,667.7,173799
2021-05-20 09:33:57,667.75,174290
2021-05-20 09:34:00,667.45,175283
2021-05-20 09:34:03,667.05,177407
2021-05-20 09:34:06,667.0,178564
2021-05-20 09:34:09,667.15,178664
2021-05-20 09:34:12,667.7,179321
2021-05-20 09:34:15,667.5,179898
2021-05-20 09:34:19,667.25,181918
2021-05-20 09:34:22,667.35,182665
2021-05-20 09:34:25,667.5,183474
2021-05-20 09:34:28,667.5,183592
2021-05-20 09:34:31,667.5,183632
2021-05-20 09:34:34,667.4,185140
2021-05-20 09:34:37,668.2,187089
2021-05-20 09:34:40,668.15,187584
2021-05-20 09:34:43,668.4,188555
2021-05-20 09:34:46,668.4,188735
2021-05-20 09:34:50,668.25,191078
2021-05-20 09:34:53,668.4,192045
2021-05-20 09:34:56,668.3,193481
2021-05-20 09:35:03,668.9,196975
2021-05-20 09:35:06,668.9,197285
2021-05-20 09:35:09,668.85,197395
2021-05-20 09:35:12,668.6,198802
2021-05-20 09:35:15,668.35,201088
2021-05-20 09:35:18,668.55,201231
2021-05-20 09:35:22,668.5,201515
2021-05-20 09:35:25,668.6,202398
2021-05-20 09:35:28,667.05,214764
2021-05-20 09:35:32,666.95,236489
2021-05-20 09:35:35,668.0,237505
2021-05-20 09:35:38,668.1,239009
2021-05-20 09:35:44,667.6,241918
2021-05-20 09:35:48,668.05,245689
2021-05-20 09:35:54,667.2,247798
2021-05-20 09:35:57,667.6,247825
2021-05-20 09:36:03,667.7,248627
2021-05-20 09:36:06,667.5,249371
2021-05-20 09:36:09,667.55,250210
2021-05-20 09:36:10,667.85,250238
2021-05-20 09:36:11,667.85,250288
2021-05-20 09:36:12,668.2,250861
2021-05-20 09:36:13,668.4,251944
2021-05-20 09:36:14,668.4,251944
2021-05-20 09:36:15,668.3,251974
2021-05-20 09:36:16,668.3,251974
2021-05-20 09:36:17,668.3,252018
2021-05-20 09:36:18,668.0,252232
2021-05-20 09:36:19,668.0,252232
2021-05-20 09:36:20,668.0,252597
2021-05-20 09:36:21,668.0,252847
2021-05-20 09:36:22,668.0,252847
2021-05-20 09:36:23,668.0,252847
2021-05-20 09:36:24,668.0,252847
2021-05-20 09:36:25,668.0,252847
2021-05-20 09:36:26,668.3,252967
2021-05-20 09:36:27,668.3,253023
2021-05-20 09:36:28,668.3,253637
2021-05-20 09:36:29,668.3,253637
2021-05-20 09:36:30,668.4,253708
2021-05-20 09:36:31,668.05,253713
2021-05-20 09:36:32,668.05,253713
2021-05-20 09:36:33,668.3,253859
2021-05-20 09:36:34,668.8,257484
2021-05-20 09:36:35,668.45,257634
2021-05-20 09:36:36,668.45,257634
2021-05-20 09:36:37,668.45,257634
2021-05-20 09:36:38,668.45,257635
2021-05-20 09:36:39,668.8,257685
2021-05-20 09:36:40,668.8,257685
2021-05-20 09:36:41,668.8,257735
2021-05-20 09:36:42,668.8,258335
2021-05-20 09:36:43,668.8,258335
2021-05-20 09:36:44,668.8,258335
2021-05-20 09:36:45,668.8,258740
2021-05-20 09:36:46,668.45,258840
2021-05-20 09:36:47,668.8,258842
2021-05-20 09:36:48,668.8,258844
2021-05-20 09:36:49,668.5,259144
2021-05-20 09:36:50,668.55,259219
2021-05-20 09:36:51,668.8,259228
2021-05-20 09:36:52,668.95,259871
2021-05-20 09:36:53,669.0,260254
2021-05-20 09:36:54,668.8,260504
2021-05-20 09:36:55,669.0,260538
2021-05-20 09:36:56,669.0,260538
2021-05-20 09:36:57,669.0,260538
2021-05-20 09:36:58,668.7,260658
2021-05-20 09:36:59,669.0,260668
2021-05-20 09:37:00,669.0,260840
2021-05-20 09:37:01,669.0,260858
2021-05-20 09:37:02,668.75,260888
2021-05-20 09:37:03,669.0,260913
2021-05-20 09:37:04,669.1,262347
2021-05-20 09:37:05,669.3,262737
2021-05-20 09:37:06,668.95,262780
2021-05-20 09:37:07,669.3,262781
2021-05-20 09:37:09,669.3,262784
2021-05-20 09:37:10,669.3,262784
2021-05-20 09:37:11,669.0,262889
2021-05-20 09:37:12,669.0,262889
2021-05-20 09:37:13,669.05,262939
2021-05-20 09:37:14,669.3,263040
2021-05-20 09:37:15,669.3,263043
2021-05-20 09:37:16,669.3,263113
2021-05-20 09:37:17,669.3,263288
2021-05-20 09:37:18,669.3,263288
2021-05-20 09:37:19,669.3,263288
2021-05-20 09:37:20,669.3,263340
2021-05-20 09:37:21,669.05,263400
2021-05-20 09:37:22,669.25,263413
2021-05-20 09:37:23,669.05,263463
2021-05-20 09:37:24,669.05,263473
2021-05-20 09:37:25,669.3,264573
2021-05-20 09:37:26,669.3,264678
2021-05-20 09:37:27,669.05,266328
2021-05-20 09:37:28,669.3,266538
2021-05-20 09:37:29,669.3,266538
2021-05-20 09:37:30,669.3,266538
2021-05-20 09:37:31,669.4,267338
2021-05-20 09:37:32,669.4,267338
2021-05-20 09:37:33,669.4,267338
2021-05-20 09:37:34,669.3,267339
2021-05-20 09:37:35,669.3,267438
2021-05-20 09:37:36,669.3,267438
2021-05-20 09:37:37,669.3,267438
2021-05-20 09:37:38,669.4,267439
2021-05-20 09:37:40,669.5,269497
2021-05-20 09:37:41,669.6,269507
2021-05-20 09:37:42,669.4,270187
2021-05-20 09:37:44,669.6,270650
2021-05-20 09:37:45,669.5,270924
2021-05-20 09:37:46,669.6,270926
2021-05-20 09:37:47,669.6,270926
2021-05-20 09:37:48,669.6,270944
2021-05-20 09:37:49,669.65,271144
2021-05-20 09:37:50,669.65,271144
2021-05-20 09:37:51,669.65,271144
2021-05-20 09:37:52,669.65,271164
2021-05-20 09:37:53,669.55,271165
2021-05-20 09:37:54,669.65,271167
2021-05-20 09:37:55,669.7,271420
2021-05-20 09:37:56,669.5,271545
2021-05-20 09:37:58,669.65,271571
2021-05-20 09:37:59,669.65,272052
2021-05-20 09:38:02,669.7,274992
2021-05-20 09:38:03,669.7,274992
2021-05-20 09:38:04,669.65,275392
2021-05-20 09:38:05,669.65,275432
2021-05-20 09:38:07,669.7,275842
2021-05-20 09:38:08,669.65,275843
2021-05-20 09:38:11,669.05,277418
2021-05-20 09:38:12,669.05,277418
2021-05-20 09:38:13,669.05,277418
2021-05-20 09:38:14,669.05,277418
2021-05-20 09:38:15,668.9,278808
2021-05-20 09:38:16,668.45,279908
2021-05-20 09:38:17,669.05,279998
2021-05-20 09:38:18,669.05,280830
2021-05-20 09:38:19,669.45,281218
2021-05-20 09:38:21,669.35,281224
2021-05-20 09:38:23,669.25,282511
2021-05-20 09:38:25,669.25,282512
2021-05-20 09:38:26,669.25,282512
2021-05-20 09:38:27,669.0,282703
2021-05-20 09:38:28,669.2,282706
2021-05-20 09:38:29,669.25,282729
2021-05-20 09:38:30,669.25,282729
2021-05-20 09:38:33,669.05,282773
2021-05-20 09:38:34,669.05,282773
2021-05-20 09:38:35,669.05,282773
2021-05-20 09:38:36,669.25,282784
2021-05-20 09:38:37,669.0,283784
2021-05-20 09:38:38,669.05,283884
2021-05-20 09:38:39,669.2,284110
2021-05-20 09:38:40,669.2,284110
2021-05-20 09:38:41,669.2,284110
2021-05-20 09:38:42,669.2,284110
2021-05-20 09:38:43,669.2,284110
2021-05-20 09:38:44,669.4,285160
2021-05-20 09:38:45,669.4,285160
2021-05-20 09:38:46,669.45,285215
2021-05-20 09:38:47,669.45,285215
2021-05-20 09:38:48,669.45,285215
2021-05-20 09:38:50,669.45,285215
2021-05-20 09:38:51,669.2,285220
2021-05-20 09:38:52,669.3,285320
2021-05-20 09:38:53,669.4,285345
2021-05-20 09:38:54,669.3,285365
2021-05-20 09:38:55,669.4,285715
2021-05-20 09:38:56,669.3,285762
2021-05-20 09:38:57,669.2,287258
2021-05-20 09:38:58,669.2,287258
2021-05-20 09:38:59,669.2,287258
2021-05-20 09:39:00,669.2,287258
2021-05-20 09:39:01,669.2,287258
2021-05-20 09:39:02,669.05,287466
2021-05-20 09:39:03,669.0,287972
2021-05-20 09:39:04,669.0,287972
2021-05-20 09:39:05,669.0,287972
2021-05-20 09:39:06,668.95,287976
2021-05-20 09:39:07,668.95,287976
2021-05-20 09:39:08,668.95,287976
2021-05-20 09:39:09,668.95,287976
2021-05-20 09:39:10,669.0,288179
2021-05-20 09:39:11,669.0,288179
2021-05-20 09:39:12,669.0,288179
2021-05-20 09:39:13,669.25,288211
2021-05-20 09:39:14,669.25,288214
2021-05-20 09:39:15,669.25,288217
2021-05-20 09:39:16,669.25,288220
2021-05-20 09:39:17,669.2,288223
2021-05-20 09:39:18,669.25,288505
2021-05-20 09:39:19,669.25,288508
2021-05-20 09:39:20,669.25,288521
2021-05-20 09:39:21,669.2,288524
2021-05-20 09:39:23,669.2,288552
2021-05-20 09:39:24,669.2,288571
2021-05-20 09:39:25,669.25,289555
2021-05-20 09:39:26,669.2,289571
2021-05-20 09:39:27,669.25,289572
2021-05-20 09:39:27,669.25,289572
2021-05-20 09:39:29,669.25,289592
2021-05-20 09:39:30,669.4,290092
2021-05-20 09:39:31,669.05,290107
2021-05-20 09:39:32,669.4,290108
2021-05-20 09:39:33,669.4,290108
2021-05-20 09:39:34,669.2,290208
2021-05-20 09:39:34,669.2,290208
2021-05-20 09:39:35,669.2,290208
2021-05-20 09:39:36,669.2,290208
2021-05-20 09:39:38,669.2,290208
2021-05-20 09:39:38,669.25,290215
2021-05-20 09:39:39,669.4,290218
2021-05-20 09:39:41,669.35,290268
2021-05-20 09:39:42,669.35,290268
2021-05-20 09:39:43,669.4,290867
2021-05-20 09:39:44,669.4,290867
2021-05-20 09:39:45,669.4,290867
2021-05-20 09:39:46,669.5,290919
2021-05-20 09:39:47,669.45,291315
2021-05-20 09:39:48,669.5,291415
2021-05-20 09:39:49,669.45,291440
2021-05-20 09:39:49,669.45,291440
2021-05-20 09:39:50,669.5,291450
2021-05-20 09:39:51,669.5,291450
2021-05-20 09:39:52,669.5,291450
2021-05-20 09:39:53,669.5,291450
2021-05-20 09:39:55,669.4,291763
2021-05-20 09:39:56,669.4,291763
2021-05-20 09:39:57,669.45,291863
2021-05-20 09:39:58,669.4,291964
2021-05-20 09:39:59,669.4,292864
2021-05-20 09:40:00,669.4,292864
2021-05-20 09:40:01,669.4,292864
2021-05-20 09:40:02,669.5,293067
2021-05-20 09:40:03,669.45,293164
2021-05-20 09:40:04,669.45,293164
2021-05-20 09:40:05,669.45,293447
2021-05-20 09:40:06,669.45,293464
2021-05-20 09:40:07,669.5,293477
2021-05-20 09:40:08,669.5,293477
2021-05-20 09:40:09,669.5,293477
2021-05-20 09:40:10,669.2,293577
2021-05-20 09:40:14,669.5,293759
2021-05-20 09:40:15,669.5,293759
2021-05-20 09:40:16,669.5,293959
2021-05-20 09:40:17,669.5,293960
2021-05-20 09:40:19,669.5,294450
2021-05-20 09:40:20,669.5,294450
2021-05-20 09:40:21,669.45,294494
2021-05-20 09:40:22,669.55,295561
2021-05-20 09:40:23,669.55,295561
2021-05-20 09:40:24,669.55,295561
2021-05-20 09:40:25,669.5,295564
2021-05-20 09:40:26,669.55,295808
2021-05-20 09:40:27,669.55,295808
2021-05-20 09:40:28,669.45,295849
2021-05-20 09:40:29,669.45,295859
2021-05-20 09:40:30,669.45,295891
2021-05-20 09:40:31,669.45,295891
2021-05-20 09:40:32,669.45,296027
2021-05-20 09:40:33,669.45,296027
2021-05-20 09:40:34,669.6,296301
2021-05-20 09:40:35,669.6,296301
2021-05-20 09:40:38,669.5,296304
2021-05-20 09:40:39,669.5,296304
2021-05-20 09:40:40,669.7,297925
2021-05-20 09:40:41,669.7,298001
2021-05-20 09:40:42,669.65,298020
2021-05-20 09:40:44,669.65,298020
2021-05-20 09:40:45,669.65,298020
2021-05-20 09:40:45,669.6,298025
2021-05-20 09:40:46,669.6,298025
2021-05-20 09:40:47,669.6,298025
2021-05-20 09:40:48,669.6,298156
2021-05-20 09:40:49,669.6,298156
2021-05-20 09:40:50,669.6,298156
2021-05-20 09:40:51,669.6,298356
2021-05-20 09:40:53,669.6,298356
2021-05-20 09:40:54,669.7,298366
2021-05-20 09:40:54,669.7,298416
2021-05-20 09:40:55,669.65,298420
2021-05-20 09:40:57,669.65,298928
2021-05-20 09:40:59,669.65,298937
2021-05-20 09:41:00,669.65,298937
2021-05-20 09:41:01,669.65,298937
2021-05-20 09:41:02,669.7,298972
2021-05-20 09:41:03,669.7,298977
2021-05-20 09:41:04,669.7,298992
2021-05-20 09:41:05,669.65,299115
2021-05-20 09:41:06,669.75,300315
2021-05-20 09:41:07,669.65,300790
2021-05-20 09:41:08,669.75,300800
2021-05-20 09:41:17,669.65,301064
2021-05-20 09:41:19,669.75,301082
2021-05-20 09:41:23,669.65,301232
2021-05-20 09:41:25,669.8,301262
2021-05-20 09:41:28,669.8,301394
2021-05-20 09:41:30,669.8,301504
2021-05-20 09:41:36,669.85,302230
2021-05-20 09:41:39,669.9,302480
2021-05-20 09:41:42,669.9,305134
2021-05-20 09:41:45,669.95,305191
2021-05-20 09:41:48,669.95,305232
2021-05-20 09:41:51,669.9,305372
2021-05-20 09:41:54,669.95,305374
2021-05-20 09:41:57,670.0,306523
2021-05-20 09:42:00,670.0,306621
2021-05-20 09:42:03,670.25,313102
2021-05-20 09:42:05,670.45,313352
2021-05-20 09:42:08,670.2,313457
2021-05-20 09:42:11,670.2,313637
2021-05-20 09:42:14,670.4,314161
2021-05-20 09:42:17,670.0,317250
2021-05-20 09:42:19,670.2,317565
2021-05-20 09:42:22,670.25,317618
2021-05-20 09:42:26,670.3,318883
2021-05-20 09:42:29,670.2,320438
2021-05-20 09:42:32,670.2,321113
2021-05-20 09:42:35,670.4,322013
2021-05-20 09:42:38,670.1,322184
2021-05-20 09:42:40,670.4,322286
2021-05-20 09:42:43,670.2,322399
2021-05-20 09:42:46,670.4,322772
2021-05-20 09:42:49,670.3,323150
2021-05-20 09:42:56,670.4,324906
2021-05-20 09:42:59,670.4,325006
2021-05-20 09:43:01,670.5,325195
2021-05-20 09:43:04,670.3,325200
2021-05-20 09:43:09,670.45,325398
2021-05-20 09:43:12,670.6,325523
2021-05-20 09:43:15,670.55,325592
2021-05-20 09:43:18,670.55,325793
2021-05-20 09:43:24,670.35,327491
2021-05-20 09:43:26,670.5,327527
2021-05-20 09:43:35,670.35,327790
2021-05-20 09:43:38,670.6,328058
2021-05-20 09:43:41,670.35,328138
2021-05-20 09:43:44,670.6,328654
2021-05-20 09:43:47,670.3,329084
2021-05-20 09:43:50,670.3,329295
2021-05-20 09:43:53,670.3,329386
2021-05-20 09:43:56,670.3,329516
2021-05-20 09:43:59,670.35,329641
2021-05-20 09:44:01,670.3,329711
2021-05-20 09:44:04,670.3,329944
2021-05-20 09:44:07,669.9,334389
2021-05-20 09:44:10,669.8,334471
2021-05-20 09:44:13,669.95,334880
2021-05-20 09:44:16,670.0,335010
2021-05-20 09:44:19,670.0,335013
2021-05-20 09:44:21,670.0,335348
2021-05-20 09:44:24,670.25,336098
2021-05-20 09:44:27,670.3,336355
2021-05-20 09:44:29,669.95,336927
2021-05-20 09:44:32,670.0,336940
2021-05-20 09:44:36,670.0,337100
2021-05-20 09:44:38,670.1,337199
2021-05-20 09:44:41,670.0,337295
2021-05-20 09:44:44,669.95,337400
2021-05-20 09:44:47,670.0,337401
2021-05-20 09:44:50,669.95,338851
2021-05-20 09:44:53,670.0,339021
2021-05-20 09:44:56,669.95,339382
2021-05-20 09:45:02,670.0,339498
2021-05-20 09:45:08,670.0,339547
2021-05-20 09:45:11,670.0,339925
2021-05-20 09:45:14,669.95,340145
2021-05-20 09:45:17,669.95,340255
2021-05-20 09:45:19,669.95,340347
2021-05-20 09:45:22,669.95,340372
2021-05-20 09:45:25,669.95,340472
2021-05-20 09:45:27,670.1,341413
2021-05-20 09:45:30,670.5,341417
2021-05-20 09:45:36,670.6,342779
2021-05-20 09:45:38,670.6,342916
2021-05-20 09:45:41,670.6,342926
2021-05-20 09:45:44,670.65,343154
2021-05-20 09:45:47,670.7,349697
2021-05-20 09:45:53,670.95,350277
2021-05-20 09:45:55,670.95,351077
2021-05-20 09:45:58,670.75,351234
2021-05-20 09:46:00,670.9,351481
2021-05-20 09:46:03,671.1,358220
2021-05-20 09:46:05,671.45,359570
2021-05-20 09:46:08,671.5,361214
2021-05-20 09:46:10,671.55,361640
2021-05-20 09:46:13,671.75,362905
2021-05-20 09:46:16,672.0,363205
2021-05-20 09:46:18,672.0,364476
2021-05-20 09:46:21,671.95,366708
2021-05-20 09:46:23,672.0,367354
2021-05-20 09:46:26,671.9,376165
2021-05-20 09:46:35,671.65,377858
2021-05-20 09:46:38,671.85,378287
2021-05-20 09:46:41,671.85,380680
2021-05-20 09:46:44,671.85,382206
2021-05-20 09:46:47,671.85,382286
2021-05-20 09:46:50,671.95,382416
2021-05-20 09:46:52,671.8,384291
2021-05-20 09:46:58,671.8,387172
2021-05-20 09:47:01,672.0,387983
2021-05-20 09:47:04,671.8,389763
2021-05-20 09:47:07,671.8,390797
2021-05-20 09:47:10,672.2,394933
2021-05-20 09:47:13,672.35,396685
2021-05-20 09:47:18,672.7,402790
2021-05-20 09:47:21,672.75,408024
2021-05-20 09:47:24,673.05,411000
2021-05-20 09:47:28,672.95,412708
2021-05-20 09:47:31,673.2,414994
2021-05-20 09:47:34,673.0,420406
2021-05-20 09:47:37,672.8,422015
2021-05-20 09:47:40,672.95,422622
2021-05-20 09:47:44,672.95,423479
2021-05-20 09:47:47,672.95,426310
2021-05-20 09:47:53,673.2,429780
2021-05-20 09:47:56,673.3,430917
2021-05-20 09:47:59,673.45,433055
2021-05-20 09:48:02,672.9,436762
2021-05-20 09:48:05,673.5,437684
2021-05-20 09:48:08,673.4,438620
2021-05-20 09:48:11,673.3,439040
2021-05-20 09:48:14,673.2,441418
2021-05-20 09:48:17,673.55,444966
2021-05-20 09:48:20,673.2,455498
2021-05-20 09:48:22,673.7,456247
2021-05-20 09:48:25,674.1,476131
2021-05-20 09:48:27,674.45,477950
2021-05-20 09:48:30,674.45,480016
2021-05-20 09:48:32,674.4,484935
2021-05-20 09:48:35,674.4,489371
2021-05-20 09:48:38,674.5,495459
2021-05-20 09:48:40,674.0,497263
2021-05-20 09:48:43,673.7,498051
2021-05-20 09:48:45,673.65,499292
2021-05-20 09:48:48,673.6,501986
2021-05-20 09:48:50,673.3,504455
2021-05-20 09:48:53,673.4,505883
2021-05-20 09:48:55,673.1,507636
2021-05-20 09:48:58,673.4,508922
2021-05-20 09:49:01,672.95,509412
2021-05-20 09:49:04,672.95,509757
2021-05-20 09:49:09,672.85,511659
2021-05-20 09:49:12,672.75,513336
2021-05-20 09:49:15,672.55,514424
2021-05-20 09:49:17,672.1,516158
2021-05-20 09:49:20,672.6,518411
2021-05-20 09:49:23,672.8,521550
2021-05-20 09:49:25,672.9,523419
2021-05-20 09:49:28,672.9,524280
2021-05-20 09:49:31,672.6,524854
2021-05-20 09:49:35,672.9,526223
2021-05-20 09:49:37,672.85,526646
2021-05-20 09:49:40,673.0,526937
2021-05-20 09:49:43,672.85,527283
2021-05-20 09:49:45,672.9,528247
2021-05-20 09:49:48,673.0,528543
2021-05-20 09:49:50,673.0,528818
2021-05-20 09:49:53,673.5,534958
2021-05-20 09:49:56,673.55,537926
2021-05-20 09:49:59,673.8,538421
2021-05-20 09:50:02,673.8,544174
2021-05-20 09:50:04,674.0,545137
2021-05-20 09:50:07,674.35,547478
2021-05-20 09:50:09,674.5,549505
2021-05-20 09:50:12,674.65,554151
2021-05-20 09:50:15,674.35,555673
2021-05-20 09:50:17,674.45,557911
2021-05-20 09:50:20,674.45,560084
2021-05-20 09:50:22,674.45,562401
2021-05-20 09:50:26,673.2,571294
2021-05-20 09:50:29,674.25,572866
2021-05-20 09:50:34,673.65,575581
2021-05-20 09:50:37,673.85,576118
2021-05-20 09:50:40,673.65,576639
2021-05-20 09:50:43,673.6,577983
2021-05-20 09:50:45,674.35,578945
2021-05-20 09:50:48,674.0,579241
2021-05-20 09:50:51,673.9,579738
2021-05-20 09:50:53,674.0,580538
2021-05-20 09:50:56,673.45,582082
2021-05-20 09:50:59,673.7,584169
2021-05-20 09:51:01,673.85,584300
2021-05-20 09:51:04,673.9,584975
2021-05-20 09:51:07,673.95,585530
2021-05-20 09:51:10,673.95,587073
2021-05-20 09:51:11,673.5,587778
2021-05-20 09:51:12,673.9,587788
2021-05-20 09:51:14,673.6,588003
2021-05-20 09:51:14,673.6,588003
2021-05-20 09:51:16,673.95,588352
2021-05-20 09:51:17,674.0,588379
2021-05-20 09:51:18,673.55,588610
2021-05-20 09:51:19,673.9,589078
2021-05-20 09:51:20,673.9,589080
2021-05-20 09:51:21,673.55,589151
2021-05-20 09:51:22,673.95,589766
2021-05-20 09:51:23,673.5,590066
2021-05-20 09:51:24,673.6,590419
2021-05-20 09:51:25,673.55,590459
2021-05-20 09:51:26,673.25,592637
2021-05-20 09:51:27,673.6,592647
2021-05-20 09:51:28,673.4,593448
2021-05-20 09:51:30,673.55,596672
2021-05-20 09:51:31,673.15,596958
2021-05-20 09:51:32,673.2,596959
2021-05-20 09:51:33,673.05,597666
2021-05-20 09:51:34,673.2,598134
2021-05-20 09:51:35,673.05,598443
2021-05-20 09:51:36,673.1,602250
2021-05-20 09:51:37,673.0,602753
2021-05-20 09:51:38,673.0,603854
2021-05-20 09:51:39,672.95,603874
2021-05-20 09:51:40,672.95,603874
2021-05-20 09:51:41,672.95,603925
2021-05-20 09:51:43,672.5,604175
2021-05-20 09:51:44,672.9,604575
2021-05-20 09:51:44,672.9,604577
2021-05-20 09:51:45,672.95,604739
2021-05-20 09:51:46,672.95,604749
2021-05-20 09:51:47,672.95,604759
2021-05-20 09:51:48,672.8,604820
2021-05-20 09:51:49,672.9,605483
2021-05-20 09:51:50,672.95,605494
2021-05-20 09:51:51,672.95,605509
2021-05-20 09:51:52,672.95,605656
2021-05-20 09:51:53,672.9,605691
2021-05-20 09:51:54,673.0,605901
2021-05-20 09:51:55,673.0,605901
2021-05-20 09:51:56,673.0,606538
2021-05-20 09:51:57,673.3,606593
2021-05-20 09:51:58,673.05,606603
2021-05-20 09:51:59,673.05,606603
2021-05-20 09:52:00,673.4,606793
2021-05-20 09:52:02,673.05,606843
2021-05-20 09:52:03,673.3,607384
2021-05-20 09:52:04,673.05,607489
2021-05-20 09:52:05,673.3,607490
2021-05-20 09:52:06,673.3,607785
2021-05-20 09:52:07,673.25,607935
2021-05-20 09:52:08,673.35,609043
2021-05-20 09:52:09,673.3,609403
2021-05-20 09:52:09,673.3,609453
2021-05-20 09:52:10,673.35,609468
2021-05-20 09:52:11,673.3,609717
2021-05-20 09:52:12,673.35,610168
2021-05-20 09:52:13,673.25,610268
2021-05-20 09:52:14,673.1,610887
2021-05-20 09:52:15,673.55,611387
2021-05-20 09:52:16,673.35,612892
2021-05-20 09:52:18,673.15,613222
2021-05-20 09:52:18,673.3,613522
2021-05-20 09:52:19,673.3,613742
2021-05-20 09:52:20,673.3,613752
2021-05-20 09:52:21,673.3,613798
2021-05-20 09:52:22,673.3,613907
2021-05-20 09:52:23,673.4,614008
2021-05-20 09:52:24,673.4,614054
2021-05-20 09:52:25,673.35,614119
2021-05-20 09:52:27,673.5,614144
2021-05-20 09:52:28,673.5,614144
2021-05-20 09:52:29,673.5,614144
2021-05-20 09:52:30,673.2,614498
2021-05-20 09:52:31,673.2,614498
2021-05-20 09:52:32,673.45,614500
2021-05-20 09:52:33,673.45,614594
2021-05-20 09:52:34,673.4,614899
2021-05-20 09:52:35,673.4,614917
2021-05-20 09:52:35,673.4,614917
2021-05-20 09:52:36,673.4,614967
2021-05-20 09:52:37,673.15,614996
2021-05-20 09:52:38,673.15,614996
2021-05-20 09:52:39,673.15,614996
2021-05-20 09:52:40,673.25,615106
2021-05-20 09:52:41,673.05,616216
2021-05-20 09:52:43,673.35,616616
2021-05-20 09:52:44,673.35,616616
2021-05-20 09:52:45,673.35,616631
2021-05-20 09:52:46,673.15,616667
2021-05-20 09:52:46,673.3,616767
2021-05-20 09:52:47,673.3,616782
2021-05-20 09:52:48,673.3,616887
2021-05-20 09:52:49,673.05,617106
2021-05-20 09:52:51,673.3,617377
2021-05-20 09:52:52,673.25,617532
2021-05-20 09:52:53,673.3,617682
2021-05-20 09:52:54,673.05,617799
2021-05-20 09:52:55,673.4,617950
2021-05-20 09:52:56,673.4,618560
2021-05-20 09:52:57,673.4,618574
2021-05-20 09:52:58,673.0,619324
2021-05-20 09:52:59,673.35,620294
2021-05-20 09:53:00,673.4,620410
2021-05-20 09:53:01,673.3,620670
2021-05-20 09:53:02,673.3,620670
2021-05-20 09:53:03,673.3,620670
2021-05-20 09:53:04,673.05,620691
2021-05-20 09:53:05,673.05,620692
2021-05-20 09:53:06,673.25,620757
2021-05-20 09:53:08,673.25,621061
2021-05-20 09:53:09,673.25,621082
2021-05-20 09:53:10,673.25,621102
2021-05-20 09:53:10,673.25,621102
2021-05-20 09:53:11,673.25,621332
2021-05-20 09:53:12,673.1,621397
2021-05-20 09:53:14,673.05,621722
2021-05-20 09:53:15,673.0,621929
2021-05-20 09:53:15,673.05,621930
2021-05-20 09:53:16,673.0,621955
2021-05-20 09:53:17,672.95,624011
2021-05-20 09:53:18,673.25,624036
2021-05-20 09:53:19,673.2,624129
2021-05-20 09:53:21,673.05,624305
2021-05-20 09:53:22,673.25,624358
2021-05-20 09:53:23,673.25,624358
2021-05-20 09:53:24,673.0,624408
2021-05-20 09:53:26,673.2,624433
2021-05-20 09:53:27,673.25,624584
2021-05-20 09:53:28,673.2,624714
2021-05-20 09:53:30,673.45,625773
2021-05-20 09:53:31,673.1,625848
2021-05-20 09:53:32,673.0,625898
2021-05-20 09:53:33,673.35,626017
2021-05-20 09:53:34,673.05,626032
2021-05-20 09:53:35,673.35,626042
2021-05-20 09:53:36,673.25,626052
2021-05-20 09:53:36,673.25,626182
2021-05-20 09:53:37,673.25,626189
2021-05-20 09:53:38,673.1,626518
2021-05-20 09:53:39,673.45,626743
2021-05-20 09:53:40,673.35,626950
2021-05-20 09:53:41,673.35,626972
2021-05-20 09:53:42,673.35,626972
2021-05-20 09:53:43,673.3,627136
2021-05-20 09:53:44,673.3,627171
2021-05-20 09:53:46,672.9,628521
2021-05-20 09:53:47,673.25,628571
2021-05-20 09:53:48,673.35,628701
2021-05-20 09:53:49,673.5,628899
2021-05-20 09:53:50,673.5,629299
2021-05-20 09:53:51,673.5,629299
2021-05-20 09:53:52,673.5,629419
2021-05-20 09:53:53,673.5,630521
2021-05-20 09:53:55,674.3,634180
2021-05-20 09:53:56,674.3,634510
2021-05-20 09:53:57,673.95,634664
2021-05-20 09:53:58,674.3,634751
2021-05-20 09:53:59,674.3,634751
2021-05-20 09:53:59,674.3,634751
2021-05-20 09:54:01,674.35,634786
2021-05-20 09:54:02,674.35,635046
2021-05-20 09:54:03,674.05,636088
2021-05-20 09:54:04,674.35,636291
2021-05-20 09:54:06,674.35,636828
2021-05-20 09:54:07,674.0,636929
2021-05-20 09:54:08,674.5,638209
2021-05-20 09:54:09,674.35,638467
2021-05-20 09:54:10,674.35,638467
2021-05-20 09:54:11,674.35,638601
2021-05-20 09:54:11,674.0,638606
2021-05-20 09:54:12,674.1,638801
2021-05-20 09:54:14,674.35,638943
2021-05-20 09:54:15,674.0,639045
2021-05-20 09:54:16,674.3,639060
2021-05-20 09:54:16,674.3,639060
2021-05-20 09:54:18,674.05,639339
2021-05-20 09:54:20,674.3,639436
2021-05-20 09:54:21,674.3,639545
2021-05-20 09:54:22,674.0,641387
2021-05-20 09:54:23,674.0,641397
2021-05-20 09:54:24,674.0,641500
2021-05-20 09:54:25,674.0,642372
2021-05-20 09:54:26,674.0,642504
2021-05-20 09:54:27,674.0,642564
2021-05-20 09:54:28,673.95,642660
2021-05-20 09:54:29,674.0,643713
2021-05-20 09:54:29,674.0,643713
2021-05-20 09:54:30,673.95,643793
2021-05-20 09:54:31,674.0,643843
2021-05-20 09:54:33,673.8,644298
2021-05-20 09:54:34,673.8,644298
2021-05-20 09:54:35,673.8,644298
2021-05-20 09:54:36,673.6,644310
2021-05-20 09:54:37,674.0,644365
2021-05-20 09:54:38,674.0,645825
2021-05-20 09:54:39,673.75,645876
2021-05-20 09:54:40,674.0,646291
2021-05-20 09:54:41,673.8,646413
2021-05-20 09:54:42,673.7,646664
2021-05-20 09:54:43,674.0,647286
2021-05-20 09:54:44,674.0,647286
2021-05-20 09:54:46,674.0,647567
2021-05-20 09:54:47,673.7,647874
2021-05-20 09:54:48,673.7,647874
2021-05-20 09:54:48,673.7,647874
2021-05-20 09:54:49,673.6,647879
2021-05-20 09:54:50,673.95,647979
2021-05-20 09:54:51,673.6,648020
2021-05-20 09:54:54,673.95,648035
2021-05-20 09:54:55,673.95,648055
2021-05-20 09:54:56,673.95,648094
2021-05-20 09:54:57,673.9,648253
2021-05-20 09:54:58,673.9,648292
2021-05-20 09:54:58,673.9,648292
2021-05-20 09:54:59,673.9,648307
2021-05-20 09:55:00,673.9,648404
2021-05-20 09:55:01,673.95,648505
2021-05-20 09:55:02,673.9,648525
2021-05-20 09:55:03,673.9,648662
2021-05-20 09:55:04,673.9,648763
2021-05-20 09:55:05,673.7,648788
2021-05-20 09:55:06,673.95,648800
2021-05-20 09:55:07,673.95,648850
2021-05-20 09:55:08,673.95,648967
2021-05-20 09:55:09,673.75,648978
2021-05-20 09:55:10,673.75,649028
2021-05-20 09:55:11,674.0,649524
2021-05-20 09:55:12,673.95,650044
2021-05-20 09:55:13,673.75,650132
2021-05-20 09:55:14,673.75,650132
2021-05-20 09:55:15,673.75,650181
2021-05-20 09:55:16,674.0,650301
2021-05-20 09:55:17,673.95,650302
2021-05-20 09:55:18,674.05,650926
2021-05-20 09:55:19,673.95,651005
2021-05-20 09:55:20,673.75,651537
2021-05-20 09:55:21,673.95,651651
2021-05-20 09:55:23,673.75,651666
2021-05-20 09:55:24,673.9,652102
2021-05-20 09:55:25,673.7,652131
2021-05-20 09:55:26,674.0,652382
2021-05-20 09:55:28,673.7,652384
2021-05-20 09:55:30,673.6,652688
2021-05-20 09:55:31,673.6,652688
2021-05-20 09:55:32,673.9,652988
2021-05-20 09:55:33,673.95,653098
2021-05-20 09:55:34,673.9,653169
2021-05-20 09:55:34,673.9,653169
2021-05-20 09:55:35,673.7,653285
2021-05-20 09:55:36,673.7,653285
2021-05-20 09:55:37,673.7,653396
2021-05-20 09:55:38,673.9,653726
2021-05-20 09:55:40,673.7,653877
2021-05-20 09:55:41,674.0,653994
2021-05-20 09:55:42,674.0,654265
2021-05-20 09:55:43,674.0,654265
2021-05-20 09:55:44,674.0,654283
2021-05-20 09:55:45,673.9,654408
2021-05-20 09:55:45,673.9,654408
2021-05-20 09:55:46,673.9,654419
2021-05-20 09:55:47,673.85,654469
2021-05-20 09:55:48,673.7,654576
2021-05-20 09:55:50,674.0,655601
2021-05-20 09:55:50,673.7,655706
2021-05-20 09:55:51,674.0,655781
2021-05-20 09:55:53,674.0,655899
2021-05-20 09:55:54,674.0,656057
2021-05-20 09:55:55,674.0,656057
2021-05-20 09:55:56,674.0,656187
2021-05-20 09:55:57,673.85,656198
2021-05-20 09:55:58,674.0,656723
2021-05-20 09:56:01,674.0,657152
2021-05-20 09:56:02,674.0,657152
2021-05-20 09:56:03,674.0,657152
2021-05-20 09:56:04,673.8,657162
2021-05-20 09:56:05,674.0,657272
2021-05-20 09:56:06,673.85,657877
2021-05-20 09:56:07,673.75,657937
2021-05-20 09:56:08,673.95,657947
2021-05-20 09:56:10,673.8,658682
2021-05-20 09:56:11,673.95,658997
2021-05-20 09:56:12,673.95,658997
2021-05-20 09:56:13,674.0,659293
2021-05-20 09:56:14,674.0,659421
2021-05-20 09:56:15,673.95,659423
2021-05-20 09:56:16,673.7,660023
2021-05-20 09:56:17,673.65,660532
2021-05-20 09:56:18,673.85,661088
2021-05-20 09:56:19,673.85,661103
2021-05-20 09:56:20,673.9,661171
2021-05-20 09:56:21,673.9,661477
2021-05-20 09:56:21,673.9,661498
2021-05-20 09:56:23,673.9,661598
2021-05-20 09:56:24,673.65,661662
2021-05-20 09:56:25,673.95,661672
2021-05-20 09:56:26,673.95,661672
2021-05-20 09:56:27,673.95,661747
2021-05-20 09:56:28,673.65,661847
2021-05-20 09:56:29,673.75,661908
2021-05-20 09:56:31,673.8,664746
2021-05-20 09:56:32,673.5,664793
2021-05-20 09:56:33,673.65,667393
2021-05-20 09:56:34,673.65,667393
2021-05-20 09:56:35,673.65,667393
2021-05-20 09:56:36,673.4,668096
2021-05-20 09:56:37,673.4,668216
2021-05-20 09:56:38,673.35,668666
2021-05-20 09:56:39,673.45,668678
2021-05-20 09:56:40,673.7,668688
2021-05-20 09:56:41,673.7,668688
2021-05-20 09:56:42,673.8,668888
2021-05-20 09:56:43,673.85,668918
2021-05-20 09:56:44,673.85,668968
2021-05-20 09:56:45,673.85,668968
2021-05-20 09:56:46,673.6,668988
2021-05-20 09:56:47,673.6,669090
2021-05-20 09:56:48,673.6,669090
2021-05-20 09:56:49,673.6,669090
2021-05-20 09:56:50,673.6,669090
2021-05-20 09:56:51,673.75,669661
2021-05-20 09:56:52,673.85,669724
2021-05-20 09:56:53,673.85,669796
2021-05-20 09:56:54,673.85,669796
2021-05-20 09:56:55,673.95,669817
2021-05-20 09:56:56,674.0,677272
2021-05-20 09:56:57,673.95,677347
2021-05-20 09:56:58,673.95,677347
2021-05-20 09:56:59,674.0,678047
2021-05-20 09:57:00,673.95,678261
2021-05-20 09:57:01,674.0,678661
2021-05-20 09:57:02,673.7,678750
2021-05-20 09:57:03,673.95,678900
2021-05-20 09:57:04,674.0,679095
2021-05-20 09:57:05,673.95,679137
2021-05-20 09:57:06,673.95,679151
2021-05-20 09:57:07,673.95,679247
2021-05-20 09:57:08,673.95,679314
2021-05-20 09:57:09,673.95,679315
2021-05-20 09:57:09,673.95,679315
2021-05-20 09:57:11,673.95,679315
2021-05-20 09:57:11,673.95,679315
2021-05-20 09:57:12,673.95,679482
2021-05-20 09:57:14,673.95,679482
2021-05-20 09:57:15,673.75,681375
2021-05-20 09:57:16,673.75,681375
2021-05-20 09:57:17,673.65,681389
2021-05-20 09:57:18,673.95,681484
2021-05-20 09:57:19,673.95,681484
2021-05-20 09:57:20,673.75,681505
2021-05-20 09:57:21,673.6,681548
2021-05-20 09:57:22,673.75,681748
2021-05-20 09:57:22,673.75,681748
2021-05-20 09:57:23,673.95,682036
2021-05-20 09:57:25,673.65,682060
2021-05-20 09:57:26,673.95,682061
2021-05-20 09:57:28,674.0,684311
2021-05-20 09:57:29,674.0,684311
2021-05-20 09:57:30,673.6,684696
2021-05-20 09:57:30,673.6,684696
2021-05-20 09:57:32,673.85,684851
2021-05-20 09:57:33,673.55,685030
2021-05-20 09:57:34,673.55,685030
2021-05-20 09:57:35,673.55,685030
2021-05-20 09:57:36,673.55,685030
2021-05-20 09:57:37,673.85,685149
2021-05-20 09:57:38,673.95,685199
2021-05-20 09:57:38,673.95,685199
2021-05-20 09:57:39,673.65,685211
2021-05-20 09:57:40,673.55,685239
2021-05-20 09:57:42,673.55,685239
2021-05-20 09:57:43,673.9,685539
2021-05-20 09:57:44,673.9,685539
2021-05-20 09:57:45,673.8,685589
2021-05-20 09:57:46,673.8,685860
2021-05-20 09:57:47,673.8,685860
2021-05-20 09:57:48,673.85,685879
2021-05-20 09:57:49,673.9,686379
2021-05-20 09:57:50,673.6,686394
2021-05-20 09:57:51,673.6,686394
2021-05-20 09:57:52,673.6,686494
2021-05-20 09:57:53,673.95,686596
2021-05-20 09:57:54,673.95,686596
2021-05-20 09:57:55,674.0,686906
2021-05-20 09:57:56,673.75,686956
2021-05-20 09:57:57,674.0,686977
2021-05-20 09:57:59,673.75,686987
2021-05-20 09:57:58,673.75,686987
2021-05-20 09:58:00,673.55,687487
2021-05-20 09:58:01,673.8,687665
2021-05-20 09:58:02,673.8,687685
2021-05-20 09:58:03,673.85,687743
2021-05-20 09:58:04,673.75,688167
2021-05-20 09:58:06,673.75,689234
2021-05-20 09:58:07,673.8,689399
2021-05-20 09:58:08,673.8,689600
2021-05-20 09:58:09,673.8,690100
2021-05-20 09:58:10,673.8,690125
2021-05-20 09:58:11,673.8,691729
2021-05-20 09:58:13,673.8,691734
2021-05-20 09:58:12,673.8,691734
2021-05-20 09:58:14,673.65,692032
2021-05-20 09:58:15,673.85,692450
2021-05-20 09:58:16,673.8,693068
2021-05-20 09:58:17,673.75,693414
2021-05-20 09:58:18,673.8,693415
2021-05-20 09:58:19,673.9,693515
2021-05-20 09:58:20,673.75,693687
2021-05-20 09:58:21,673.5,693803
2021-05-20 09:58:22,673.45,693978
2021-05-20 09:58:23,673.45,693978
2021-05-20 09:58:24,673.9,694178
2021-05-20 09:58:25,673.5,694610
2021-05-20 09:58:26,673.5,694620
2021-05-20 09:58:27,673.8,694771
2021-05-20 09:58:28,673.8,694898
2021-05-20 09:58:29,673.9,695173
2021-05-20 09:58:30,673.5,695460
2021-05-20 09:58:31,673.9,695610
2021-05-20 09:58:33,673.9,695779
2021-05-20 09:58:34,673.9,695904
2021-05-20 09:58:36,673.3,696889
2021-05-20 09:58:37,673.3,696889
2021-05-20 09:58:38,673.35,697109
2021-05-20 09:58:39,673.85,697402
2021-05-20 09:58:40,673.9,697507
2021-05-20 09:58:41,673.9,697508
2021-05-20 09:58:42,673.8,697528
2021-05-20 09:58:43,673.95,698530
2021-05-20 09:58:45,673.75,698541
2021-05-20 09:58:46,673.9,698743
2021-05-20 09:58:47,673.85,699944
2021-05-20 09:58:48,673.95,700014
2021-05-20 09:58:49,673.95,700138
2021-05-20 09:58:50,673.95,700138
2021-05-20 09:58:51,673.5,700293
2021-05-20 09:58:52,673.55,700402
2021-05-20 09:58:53,673.9,700552
2021-05-20 09:58:54,673.5,700558
2021-05-20 09:58:55,673.5,700608
2021-05-20 09:58:56,673.85,700662
2021-05-20 09:58:57,673.85,700662
2021-05-20 09:58:58,673.55,700743
2021-05-20 09:58:59,673.55,700743
2021-05-20 09:59:00,673.8,700899
2021-05-20 09:59:01,673.85,700924
2021-05-20 09:59:02,673.5,701266
2021-05-20 09:59:03,673.55,701359
2021-05-20 09:59:04,673.85,701609
2021-05-20 09:59:05,673.5,701748
2021-05-20 09:59:06,673.55,701923
2021-05-20 09:59:07,673.9,701973
2021-05-20 09:59:08,673.9,702163
2021-05-20 09:59:09,673.9,702163
2021-05-20 09:59:10,673.5,702225
2021-05-20 09:59:12,673.9,702246
2021-05-20 09:59:13,673.9,702266
2021-05-20 09:59:14,673.55,702697
2021-05-20 09:59:15,673.5,702730
2021-05-20 09:59:16,673.5,702935
2021-05-20 09:59:17,673.65,702962
2021-05-20 09:59:18,673.5,703008
2021-05-20 09:59:19,673.5,703645
2021-05-20 09:59:20,673.65,703675
2021-05-20 09:59:21,673.45,703690
2021-05-20 09:59:22,673.9,703763
2021-05-20 09:59:23,673.5,703764
2021-05-20 09:59:24,673.65,703765
2021-05-20 09:59:25,673.85,703785
2021-05-20 09:59:27,673.9,703930
2021-05-20 09:59:26,673.75,703920
2021-05-20 09:59:29,673.55,704010
2021-05-20 09:59:28,673.55,704010
2021-05-20 09:59:30,673.5,704014
2021-05-20 09:59:31,673.5,704014
2021-05-20 09:59:32,673.45,708816
2021-05-20 09:59:33,673.45,708845
2021-05-20 09:59:34,673.65,708870
2021-05-20 09:59:35,673.65,709400
2021-05-20 09:59:36,673.65,709516
2021-05-20 09:59:37,673.4,709617
2021-05-20 09:59:38,673.4,709617
2021-05-20 09:59:40,673.65,709627
2021-05-20 09:59:41,673.65,709677
2021-05-20 09:59:42,673.65,709677
2021-05-20 09:59:43,673.65,709777
2021-05-20 09:59:44,673.65,709777
2021-05-20 09:59:45,673.4,709802
2021-05-20 09:59:46,673.4,709802
2021-05-20 09:59:47,673.7,709806
2021-05-20 09:59:48,673.4,709822
2021-05-20 09:59:49,673.7,709935
2021-05-20 09:59:50,673.7,709949
2021-05-20 09:59:51,673.7,709949
2021-05-20 09:59:52,673.7,710059
2021-05-20 09:59:54,673.7,710059
2021-05-20 09:59:55,673.7,710732
2021-05-20 09:59:56,673.7,710733
2021-05-20 09:59:56,673.7,710733
2021-05-20 09:59:57,673.7,710783
2021-05-20 09:59:59,673.3,711692
2021-05-20 10:00:00,673.65,711760
2021-05-20 10:00:01,673.35,711800
2021-05-20 10:00:02,673.35,711800
2021-05-20 10:00:04,673.35,711800
2021-05-20 10:00:04,673.35,711800
2021-05-20 10:00:06,673.35,711959
2021-05-20 10:00:07,673.6,712031
2021-05-20 10:00:07,673.6,712031
2021-05-20 10:00:08,673.6,712186
2021-05-20 10:00:09,673.6,712186
2021-05-20 10:00:10,673.6,712186
2021-05-20 10:00:11,673.25,712206
2021-05-20 10:00:13,673.2,712406
2021-05-20 10:00:14,673.2,712406
2021-05-20 10:00:15,673.2,712406
2021-05-20 10:00:16,673.45,712416
2021-05-20 10:00:17,673.45,712465
2021-05-20 10:00:17,673.45,712465
2021-05-20 10:00:18,673.0,716257
2021-05-20 10:00:19,673.0,716257
2021-05-20 10:00:20,673.0,716317
2021-05-20 10:00:22,673.3,716342
2021-05-20 10:00:23,673.3,716343
2021-05-20 10:00:24,673.3,716512
2021-05-20 10:00:25,673.0,717256
2021-05-20 10:00:25,673.35,717261
2021-05-20 10:00:27,673.35,717261
2021-05-20 10:00:28,673.0,717461
2021-05-20 10:00:28,673.3,717462
2021-05-20 10:00:29,673.0,717619
2021-05-20 10:00:30,673.0,717641
2021-05-20 10:00:31,673.3,717667
2021-05-20 10:00:34,673.05,717922
2021-05-20 10:00:35,673.3,717996
2021-05-20 10:00:37,673.0,718376
2021-05-20 10:00:39,673.0,718416
2021-05-20 10:00:40,673.3,718424
2021-05-20 10:00:40,673.3,718424
2021-05-20 10:00:41,673.3,718424
2021-05-20 10:00:44,673.05,718464
2021-05-20 10:00:45,673.0,718856
2021-05-20 10:00:47,672.75,720156
2021-05-20 10:00:49,672.75,720157
2021-05-20 10:00:51,672.6,720198
2021-05-20 10:00:53,672.6,720299
2021-05-20 10:00:53,672.6,720309
2021-05-20 10:00:55,672.35,721871
2021-05-20 10:00:55,672.35,721871
2021-05-20 10:00:56,672.5,721882
2021-05-20 10:00:57,672.5,721882
2021-05-20 10:00:58,672.2,722362
2021-05-20 10:00:59,671.85,730801
2021-05-20 10:01:00,672.1,730826
2021-05-20 10:01:02,671.95,731085
2021-05-20 10:01:03,671.85,731290
2021-05-20 10:01:04,671.85,731402
2021-05-20 10:01:05,672.25,731485
2021-05-20 10:01:07,671.85,731766
2021-05-20 10:01:07,671.85,731766
2021-05-20 10:01:08,671.9,731866
2021-05-20 10:01:09,672.2,731966
2021-05-20 10:01:10,671.9,732157
2021-05-20 10:01:11,671.85,732185
2021-05-20 10:01:12,671.9,732250
2021-05-20 10:01:13,672.0,732417
2021-05-20 10:01:14,672.0,732417
2021-05-20 10:01:15,672.2,732527
2021-05-20 10:01:16,672.2,732527
2021-05-20 10:01:17,672.0,732547
2021-05-20 10:01:18,672.0,732610
2021-05-20 10:01:19,672.0,732610
2021-05-20 10:01:20,672.0,732626
2021-05-20 10:01:21,672.0,732637
2021-05-20 10:01:23,671.9,732879
2021-05-20 10:01:24,673.0,735891
2021-05-20 10:01:25,672.9,735946
2021-05-20 10:01:26,673.55,737184
2021-05-20 10:01:26,673.55,737184
2021-05-20 10:01:27,673.45,737435
2021-05-20 10:01:28,673.45,737535
2021-05-20 10:01:29,673.45,737548
2021-05-20 10:01:30,673.45,737723
2021-05-20 10:01:31,673.45,737724
2021-05-20 10:01:32,673.45,737724
2021-05-20 10:01:33,673.6,737847
2021-05-20 10:01:34,673.55,737909
2021-05-20 10:01:35,673.55,737909
2021-05-20 10:01:36,673.55,737909
2021-05-20 10:01:37,673.0,738164
2021-05-20 10:01:38,673.1,738165
2021-05-20 10:01:39,672.95,739053
2021-05-20 10:01:40,672.95,739053
2021-05-20 10:01:41,672.95,739084
2021-05-20 10:01:42,673.35,739616
2021-05-20 10:01:43,673.5,739641
2021-05-20 10:01:44,673.5,739641
2021-05-20 10:01:45,673.25,739666
2021-05-20 10:01:46,673.4,739709
2021-05-20 10:01:47,673.55,739819
2021-05-20 10:01:48,673.55,739819
2021-05-20 10:01:49,673.4,739822
2021-05-20 10:01:50,673.4,739872
2021-05-20 10:01:51,673.4,739872
2021-05-20 10:01:52,673.5,740043
2021-05-20 10:01:54,673.5,740693
2021-05-20 10:01:55,673.7,740893
2021-05-20 10:01:56,673.55,740964
2021-05-20 10:01:58,673.55,740969
2021-05-20 10:01:59,673.75,741164
2021-05-20 10:02:01,673.75,741249
2021-05-20 10:02:03,673.7,741419
2021-05-20 10:02:04,673.7,741419
2021-05-20 10:02:05,673.65,741939
2021-05-20 10:02:06,673.65,741939
2021-05-20 10:02:07,673.75,742003
2021-05-20 10:02:08,673.75,742003
2021-05-20 10:02:09,673.55,742203
2021-05-20 10:02:10,673.65,742209
2021-05-20 10:02:11,673.65,742209
2021-05-20 10:02:12,673.55,742351
2021-05-20 10:02:14,673.65,742551
2021-05-20 10:02:15,673.65,742551
2021-05-20 10:02:19,673.5,742591
2021-05-20 10:02:20,673.6,742641
2021-05-20 10:02:23,673.6,743309
2021-05-20 10:02:25,673.5,743359
2021-05-20 10:02:26,673.5,743460
2021-05-20 10:02:27,673.55,743543
2021-05-20 10:02:28,673.55,743588
2021-05-20 10:02:29,673.55,743588
2021-05-20 10:02:30,673.6,743611
2021-05-20 10:02:31,673.6,743611
2021-05-20 10:02:32,673.65,743621
2021-05-20 10:02:33,673.6,743786
2021-05-20 10:02:34,673.6,743797
2021-05-20 10:02:35,673.65,743819
2021-05-20 10:02:37,673.7,743929
2021-05-20 10:02:40,673.65,744694
2021-05-20 10:02:41,673.65,744694
2021-05-20 10:02:42,673.5,745136
2021-05-20 10:02:42,673.5,745136
2021-05-20 10:02:43,673.35,745252
2021-05-20 10:02:44,673.5,745303
2021-05-20 10:02:45,673.55,745308
2021-05-20 10:02:46,673.5,745363
2021-05-20 10:02:47,673.5,745363
2021-05-20 10:02:48,673.5,745564
2021-05-20 10:02:49,673.55,745569
2021-05-20 10:02:50,673.55,745569
2021-05-20 10:02:51,673.5,745669
2021-05-20 10:02:52,673.5,745669
2021-05-20 10:02:53,673.4,746478
2021-05-20 10:02:54,673.4,746478
2021-05-20 10:02:55,673.4,746503
2021-05-20 10:02:56,673.4,746503
2021-05-20 10:02:57,673.55,746504
2021-05-20 10:02:58,673.55,746507
2021-05-20 10:02:59,673.15,747180
2021-05-20 10:03:00,673.45,747230
2021-05-20 10:03:01,673.5,747540
2021-05-20 10:03:02,672.9,748545
2021-05-20 10:03:03,673.05,748636
2021-05-20 10:03:04,673.05,748636
2021-05-20 10:03:05,673.05,748636
2021-05-20 10:03:06,673.45,748648
2021-05-20 10:03:07,673.45,748648
2021-05-20 10:03:08,673.45,749149
2021-05-20 10:03:09,673.5,749169
2021-05-20 10:03:10,673.25,749194
2021-05-20 10:03:11,673.45,749495
2021-05-20 10:03:12,673.55,749595
2021-05-20 10:03:13,673.45,749609
2021-05-20 10:03:14,673.45,749609
2021-05-20 10:03:15,673.45,749913
2021-05-20 10:03:16,673.5,749956
2021-05-20 10:03:17,673.5,749956
2021-05-20 10:03:19,673.45,750313
2021-05-20 10:03:20,673.45,750313
2021-05-20 10:03:21,673.45,750313
2021-05-20 10:03:22,673.45,750314
2021-05-20 10:03:22,673.45,750314
2021-05-20 10:03:23,673.45,750314
2021-05-20 10:03:24,673.5,750388
2021-05-20 10:03:25,673.5,750388
2021-05-20 10:03:26,673.5,750388
2021-05-20 10:03:27,673.45,750394
2021-05-20 10:03:28,673.45,750395
2021-05-20 10:03:29,673.45,750655
2021-05-20 10:03:30,673.45,750655
2021-05-20 10:03:31,673.45,750655
2021-05-20 10:03:32,673.6,751021
2021-05-20 10:03:33,673.6,751021
2021-05-20 10:03:34,673.75,753805
2021-05-20 10:03:35,673.75,754197
2021-05-20 10:03:37,673.75,754495
2021-05-20 10:03:38,673.45,754518
2021-05-20 10:03:39,673.5,754519
2021-05-20 10:03:40,673.5,754519
2021-05-20 10:03:41,673.5,754524
2021-05-20 10:03:41,673.5,754524
2021-05-20 10:03:42,673.55,754824
2021-05-20 10:03:43,673.55,756051
2021-05-20 10:03:44,673.55,756051
2021-05-20 10:03:45,673.75,756113
2021-05-20 10:03:46,673.75,756113
2021-05-20 10:03:47,673.7,756118
2021-05-20 10:03:48,673.7,756225
2021-05-20 10:03:49,673.7,756802
2021-05-20 10:03:54,673.5,756873
2021-05-20 10:03:53,673.5,756867
2021-05-20 10:03:55,673.5,756878
2021-05-20 10:03:56,673.5,756878
2021-05-20 10:03:57,673.5,756878
2021-05-20 10:03:58,673.5,756878
2021-05-20 10:04:00,673.45,756953
2021-05-20 10:04:02,673.3,756954
2021-05-20 10:04:03,673.3,756964
2021-05-20 10:04:04,673.45,756967
2021-05-20 10:04:05,673.45,756967
2021-05-20 10:04:06,673.45,756967
2021-05-20 10:04:07,673.45,756967
2021-05-20 10:04:09,673.45,757108
2021-05-20 10:04:10,673.45,757139
2021-05-20 10:04:12,673.5,757680
2021-05-20 10:04:13,673.5,757680
2021-05-20 10:04:14,673.5,757682
2021-05-20 10:04:15,673.5,757702
2021-05-20 10:04:16,673.5,757702
2021-05-20 10:04:17,673.5,757712
2021-05-20 10:04:17,673.5,757712
2021-05-20 10:04:18,673.55,757932
2021-05-20 10:04:19,673.45,757972
2021-05-20 10:04:21,673.45,758048
2021-05-20 10:04:22,673.5,758135
2021-05-20 10:04:23,673.45,758140
2021-05-20 10:04:24,673.5,758141
2021-05-20 10:04:25,673.5,758242
2021-05-20 10:04:27,673.5,758291
2021-05-20 10:04:28,673.5,758347
2021-05-20 10:04:30,673.5,758888
2021-05-20 10:04:31,673.65,758988
2021-05-20 10:04:31,673.5,759008
2021-05-20 10:04:33,673.7,759213
2021-05-20 10:04:34,673.7,759213
2021-05-20 10:04:35,673.7,759963
2021-05-20 10:04:36,673.5,759994
2021-05-20 10:04:36,673.5,759994
2021-05-20 10:04:38,673.75,760014
2021-05-20 10:04:39,673.75,760133
2021-05-20 10:04:40,673.75,760133
2021-05-20 10:04:41,673.75,760138
2021-05-20 10:04:42,673.75,760138
2021-05-20 10:04:43,673.75,760338
2021-05-20 10:04:44,673.75,760338
2021-05-20 10:04:46,673.75,760675
2021-05-20 10:04:46,673.75,760675
2021-05-20 10:04:48,673.85,761708
2021-05-20 10:04:49,673.85,761718
2021-05-20 10:04:50,673.85,761809
2021-05-20 10:04:51,673.85,761814
2021-05-20 10:04:52,673.85,761819
2021-05-20 10:04:53,673.7,761969
2021-05-20 10:04:54,673.7,761969
2021-05-20 10:04:55,673.7,761969
2021-05-20 10:04:55,673.7,761969
2021-05-20 10:04:56,673.8,761989
2021-05-20 10:04:57,673.8,761989
2021-05-20 10:05:00,673.55,762971
2021-05-20 10:05:01,673.7,763060
2021-05-20 10:05:02,673.7,763135
2021-05-20 10:05:03,673.7,763135
2021-05-20 10:05:04,673.7,763470
2021-05-20 10:05:05,673.7,763470
2021-05-20 10:05:06,673.65,763511
2021-05-20 10:05:07,673.7,763917
2021-05-20 10:05:08,673.7,763967
2021-05-20 10:05:09,673.55,763977
2021-05-20 10:05:10,673.55,763977
2021-05-20 10:05:11,673.55,763978
2021-05-20 10:05:12,673.5,764478
2021-05-20 10:05:13,673.5,764578
2021-05-20 10:05:14,673.5,764578
2021-05-20 10:05:15,673.5,764578
2021-05-20 10:05:16,673.8,764718
2021-05-20 10:05:17,673.8,764768
2021-05-20 10:05:18,673.8,764768
2021-05-20 10:05:19,673.8,764809
2021-05-20 10:05:20,673.75,764811
2021-05-20 10:05:20,673.7,764836
2021-05-20 10:05:22,673.85,764936
2021-05-20 10:05:23,673.85,765036
2021-05-20 10:05:24,673.8,765236
2021-05-20 10:05:25,673.8,765246
2021-05-20 10:05:27,673.8,765493
2021-05-20 10:05:28,673.8,765493
2021-05-20 10:05:29,673.8,765493
2021-05-20 10:05:30,673.8,765493
2021-05-20 10:05:31,673.8,765503
2021-05-20 10:05:32,673.8,766260
2021-05-20 10:05:32,673.8,766260
2021-05-20 10:05:33,673.8,766260
2021-05-20 10:05:34,673.8,766260
2021-05-20 10:05:35,673.85,766470
2021-05-20 10:05:37,673.85,766480
2021-05-20 10:05:39,673.85,766490
2021-05-20 10:05:40,673.7,766648
2021-05-20 10:05:41,673.8,766695
2021-05-20 10:05:42,674.0,774361
2021-05-20 10:05:43,673.9,774477
2021-05-20 10:05:44,673.9,774685
2021-05-20 10:05:46,674.0,775284
2021-05-20 10:05:46,673.9,775291
2021-05-20 10:05:47,674.0,775471
2021-05-20 10:05:48,674.0,775991
2021-05-20 10:05:49,673.95,775993
2021-05-20 10:05:50,674.0,776073
2021-05-20 10:05:51,674.0,776073
2021-05-20 10:05:52,674.1,777204
2021-05-20 10:05:53,674.1,777299
2021-05-20 10:05:54,674.1,777398
2021-05-20 10:05:55,673.95,777399
2021-05-20 10:05:57,673.95,777399
2021-05-20 10:05:58,673.95,777399
2021-05-20 10:05:58,673.95,777399
2021-05-20 10:06:00,674.05,777514
2021-05-20 10:06:01,674.2,778074
2021-05-20 10:06:01,674.05,777569
2021-05-20 10:06:02,674.1,778182
2021-05-20 10:06:03,674.2,778382
2021-05-20 10:06:05,674.2,778449
2021-05-20 10:06:06,674.15,778451
2021-05-20 10:06:06,674.2,778570
2021-05-20 10:06:07,674.3,778831
2021-05-20 10:06:08,674.5,779285
2021-05-20 10:06:10,674.5,779285
2021-05-20 10:06:11,674.35,779310
2021-05-20 10:06:12,674.5,779370
2021-05-20 10:06:13,674.5,779838
2021-05-20 10:06:14,674.5,779848
2021-05-20 10:06:15,674.5,779888
2021-05-20 10:06:16,674.35,780471
2021-05-20 10:06:16,674.35,780471
2021-05-20 10:06:18,674.35,780472
2021-05-20 10:06:19,674.5,780589
2021-05-20 10:06:20,674.5,780589
2021-05-20 10:06:21,674.5,780599
2021-05-20 10:06:22,674.5,780599
2021-05-20 10:06:22,674.5,780699
2021-05-20 10:06:23,674.5,781178
2021-05-20 10:06:24,674.65,781666
2021-05-20 10:06:26,674.65,781688
2021-05-20 10:06:27,674.6,781853
2021-05-20 10:06:27,674.6,781853
2021-05-20 10:06:29,675.2,808654
2021-05-20 10:06:30,675.15,812137
2021-05-20 10:06:31,675.2,812461
2021-05-20 10:06:33,674.8,816994
2021-05-20 10:06:34,675.05,817095
2021-05-20 10:06:35,674.9,817510
2021-05-20 10:06:36,675.2,818499
2021-05-20 10:06:37,675.2,819609
2021-05-20 10:06:38,675.3,820234
2021-05-20 10:06:38,675.35,820284
2021-05-20 10:06:39,675.25,820486
2021-05-20 10:06:40,675.1,820624
2021-05-20 10:06:42,675.3,821454
2021-05-20 10:06:43,675.35,821666
2021-05-20 10:06:44,675.2,821676
2021-05-20 10:06:45,675.25,821687
2021-05-20 10:06:46,675.4,821783
2021-05-20 10:06:47,675.25,821884
2021-05-20 10:06:48,675.3,823159
2021-05-20 10:06:49,675.3,823159
2021-05-20 10:06:50,675.2,823260
2021-05-20 10:06:51,675.1,823586
2021-05-20 10:06:52,675.2,824161
2021-05-20 10:06:52,675.2,824261
2021-05-20 10:06:53,675.1,824911
2021-05-20 10:06:56,675.3,826052
2021-05-20 10:06:58,675.2,826252
2021-05-20 10:06:58,675.2,826262
2021-05-20 10:07:00,675.2,826500
2021-05-20 10:07:02,675.25,827520
2021-05-20 10:07:03,675.4,827670
2021-05-20 10:07:04,675.1,829482
2021-05-20 10:07:05,675.3,829652
2021-05-20 10:07:06,675.3,829652
2021-05-20 10:07:07,675.3,829662
2021-05-20 10:07:08,675.25,829752
2021-05-20 10:07:09,675.25,829752
2021-05-20 10:07:10,675.3,830013
2021-05-20 10:07:11,675.4,830181
2021-05-20 10:07:12,675.3,830424
2021-05-20 10:07:14,675.05,833505
2021-05-20 10:07:15,674.8,836532
2021-05-20 10:07:16,674.5,836636
2021-05-20 10:07:17,674.9,836687
2021-05-20 10:07:19,675.0,836709
2021-05-20 10:07:18,675.1,836697
2021-05-20 10:07:20,675.05,836733
2021-05-20 10:07:22,675.0,836863
2021-05-20 10:07:23,674.8,837940
2021-05-20 10:07:24,674.6,837974
2021-05-20 10:07:24,674.6,837974
2021-05-20 10:07:25,674.6,837974
2021-05-20 10:07:26,674.8,838013
2021-05-20 10:07:28,675.0,838049
2021-05-20 10:07:29,674.4,838891
2021-05-20 10:07:30,674.35,839051
2021-05-20 10:07:31,674.7,839161
2021-05-20 10:07:32,675.0,840161
2021-05-20 10:07:33,674.8,840171
2021-05-20 10:07:34,674.8,840171
2021-05-20 10:07:35,675.0,842257
2021-05-20 10:07:36,674.75,842472
2021-05-20 10:07:37,674.3,842672
2021-05-20 10:07:39,674.3,842672
2021-05-20 10:07:40,674.5,842674
2021-05-20 10:07:41,674.65,842835
2021-05-20 10:07:42,674.65,842835
2021-05-20 10:07:43,674.7,843085
2021-05-20 10:07:44,674.7,843085
2021-05-20 10:07:45,674.55,843135
2021-05-20 10:07:46,674.55,843217
2021-05-20 10:07:47,674.55,843217
2021-05-20 10:07:48,674.8,843611
2021-05-20 10:07:49,674.7,843727
2021-05-20 10:07:49,674.8,843611
2021-05-20 10:07:51,674.65,843792
2021-05-20 10:07:51,674.65,843792
2021-05-20 10:07:52,674.65,843877
2021-05-20 10:07:54,674.75,843887
2021-05-20 10:07:55,674.65,843907
2021-05-20 10:07:56,674.8,844107
2021-05-20 10:07:57,674.75,844227
2021-05-20 10:07:58,674.5,844730
2021-05-20 10:07:59,674.6,844735
2021-05-20 10:08:00,674.3,845975
2021-05-20 10:08:01,674.3,845975
2021-05-20 10:08:02,674.5,847175
2021-05-20 10:08:02,674.5,847175
2021-05-20 10:08:03,674.5,847380
2021-05-20 10:08:04,674.55,848040
2021-05-20 10:08:05,674.65,848087
2021-05-20 10:08:06,674.65,848090
2021-05-20 10:08:08,674.65,849147
2021-05-20 10:08:08,674.65,849147
2021-05-20 10:08:09,674.65,849147
2021-05-20 10:08:10,674.8,849224
2021-05-20 10:08:12,674.8,849224
2021-05-20 10:08:13,674.65,849520
2021-05-20 10:08:14,674.8,849620
2021-05-20 10:08:15,674.65,849665
2021-05-20 10:08:16,674.65,849665
2021-05-20 10:08:17,674.8,849765
2021-05-20 10:08:18,674.65,849983
2021-05-20 10:08:19,674.5,850103
2021-05-20 10:08:20,674.8,850258
2021-05-20 10:08:21,674.8,850260
2021-05-20 10:08:22,674.8,850310
2021-05-20 10:08:23,674.75,850351
2021-05-20 10:08:24,674.75,850351
2021-05-20 10:08:25,674.8,850409
2021-05-20 10:08:26,674.8,850597
2021-05-20 10:08:27,674.8,850597
2021-05-20 10:08:28,674.8,850922
2021-05-20 10:08:29,674.8,850922
2021-05-20 10:08:30,674.85,851021
2021-05-20 10:08:31,674.5,852118
2021-05-20 10:08:32,674.7,852327
2021-05-20 10:08:33,674.75,852961
2021-05-20 10:08:34,674.75,852962
2021-05-20 10:08:35,674.75,853171
2021-05-20 10:08:36,675.1,861227
2021-05-20 10:08:37,675.0,861257
2021-05-20 10:08:38,674.5,862992
2021-05-20 10:08:39,675.1,863743
2021-05-20 10:08:40,675.0,864049
2021-05-20 10:08:41,674.85,864051
2021-05-20 10:08:42,674.85,864051
2021-05-20 10:08:43,674.7,864424
2021-05-20 10:08:44,674.7,864467
2021-05-20 10:08:45,674.75,864570
2021-05-20 10:08:46,674.75,864936
2021-05-20 10:08:47,674.8,864972
2021-05-20 10:08:48,674.75,865458
2021-05-20 10:08:49,674.8,865614
2021-05-20 10:08:50,674.8,865614
2021-05-20 10:08:51,674.75,865628
2021-05-20 10:08:52,674.7,866673
2021-05-20 10:08:53,674.75,866747
2021-05-20 10:08:54,674.75,867047
2021-05-20 10:08:55,674.75,867070
2021-05-20 10:08:56,674.7,867180
2021-05-20 10:08:57,674.7,867180
2021-05-20 10:08:58,674.75,867222
2021-05-20 10:08:59,674.75,867262
2021-05-20 10:09:00,674.55,867312
2021-05-20 10:09:01,674.5,868056
2021-05-20 10:09:02,674.55,869580
2021-05-20 10:09:03,674.65,869761
2021-05-20 10:09:04,674.6,870041
2021-05-20 10:09:05,674.6,870362
2021-05-20 10:09:06,674.6,870362
2021-05-20 10:09:08,674.65,870785
2021-05-20 10:09:09,674.65,870885
2021-05-20 10:09:10,674.65,870885
2021-05-20 10:09:11,674.65,870885
2021-05-20 10:09:12,674.2,871785
2021-05-20 10:09:13,674.2,871785
2021-05-20 10:09:14,674.2,871785
2021-05-20 10:09:15,674.2,872285
2021-05-20 10:09:17,674.2,872435
2021-05-20 10:09:18,674.1,872650
2021-05-20 10:09:19,674.1,872650
2021-05-20 10:09:20,674.0,872871
2021-05-20 10:09:21,674.15,874038
2021-05-20 10:09:22,674.0,874538
2021-05-20 10:09:23,674.1,874638
2021-05-20 10:09:24,674.0,875138
2021-05-20 10:09:25,674.15,875176
2021-05-20 10:09:26,674.0,875255
2021-05-20 10:09:27,674.0,875492
2021-05-20 10:09:28,674.0,875895
2021-05-20 10:09:29,674.0,875925
2021-05-20 10:09:30,673.9,876172
2021-05-20 10:09:31,673.9,876172
2021-05-20 10:09:32,674.0,878405
2021-05-20 10:09:33,674.0,878405
2021-05-20 10:09:34,674.0,878405
2021-05-20 10:09:35,673.8,878463
2021-05-20 10:09:36,673.8,878463
2021-05-20 10:09:37,674.0,878473
2021-05-20 10:09:38,674.0,878473
2021-05-20 10:09:39,673.8,878705
2021-05-20 10:09:40,673.8,878822
2021-05-20 10:09:41,673.8,878822
2021-05-20 10:09:42,673.9,878852
2021-05-20 10:09:43,674.0,878872
2021-05-20 10:09:44,674.0,878872
2021-05-20 10:09:45,673.95,879487
2021-05-20 10:09:46,673.65,879687
2021-05-20 10:09:47,673.9,879692
2021-05-20 10:09:48,674.0,879904
2021-05-20 10:09:50,673.95,880084
2021-05-20 10:09:51,673.6,880175
2021-05-20 10:09:52,673.6,880175
2021-05-20 10:09:53,673.6,880175
2021-05-20 10:09:55,674.0,880235
2021-05-20 10:09:57,674.0,880235
2021-05-20 10:09:56,674.0,880235
2021-05-20 10:09:58,674.0,880235
2021-05-20 10:10:00,674.0,881103
2021-05-20 10:10:02,674.0,881893
2021-05-20 10:10:01,674.0,881303
2021-05-20 10:10:03,674.0,881893
2021-05-20 10:10:04,674.0,881893
2021-05-20 10:10:05,674.1,882571
2021-05-20 10:10:06,674.1,882603
2021-05-20 10:10:07,674.1,882603
2021-05-20 10:10:09,674.0,884098
2021-05-20 10:10:10,674.0,884148
2021-05-20 10:10:11,674.0,884170
2021-05-20 10:10:12,674.0,884170
2021-05-20 10:10:13,674.0,884220
2021-05-20 10:10:14,673.7,884275
2021-05-20 10:10:15,673.7,884276
2021-05-20 10:10:16,673.9,884351
2021-05-20 10:10:17,673.7,884501
2021-05-20 10:10:18,673.9,884526
2021-05-20 10:10:19,674.0,884549
2021-05-20 10:10:20,673.9,884571
2021-05-20 10:10:21,674.15,885730
2021-05-20 10:10:22,674.15,885730
2021-05-20 10:10:23,674.1,885735
2021-05-20 10:10:24,674.0,885835
2021-05-20 10:10:25,674.0,886035
2021-05-20 10:10:26,673.95,886060
2021-05-20 10:10:27,673.95,886065
2021-05-20 10:10:29,673.95,886130
2021-05-20 10:10:30,673.95,886130
2021-05-20 10:10:31,673.95,886140
2021-05-20 10:10:32,673.95,886384
2021-05-20 10:10:33,673.95,886384
2021-05-20 10:10:34,673.95,886384
2021-05-20 10:10:35,674.0,887284
2021-05-20 10:10:36,674.15,887384
2021-05-20 10:10:37,674.0,887489
2021-05-20 10:10:38,674.15,888339
2021-05-20 10:10:40,674.15,888339
2021-05-20 10:10:40,674.15,888339
2021-05-20 10:10:41,674.1,888354
2021-05-20 10:10:42,674.1,888354
2021-05-20 10:10:43,674.1,888356
2021-05-20 10:10:44,674.1,888356
2021-05-20 10:10:45,674.1,888356
2021-05-20 10:10:46,674.1,888356
2021-05-20 10:10:49,674.15,888403
2021-05-20 10:10:50,674.15,888403
2021-05-20 10:10:51,674.1,888695
2021-05-20 10:10:52,674.0,888726
2021-05-20 10:10:53,674.0,888736
2021-05-20 10:10:54,674.0,888786
2021-05-20 10:10:55,674.0,888786
2021-05-20 10:10:56,674.0,888943
2021-05-20 10:10:58,674.0,888943
2021-05-20 10:10:59,674.0,889269
2021-05-20 10:11:00,674.0,889269
2021-05-20 10:11:01,674.05,889271
2021-05-20 10:11:02,674.1,889426
2021-05-20 10:11:03,674.15,889430
2021-05-20 10:11:05,674.15,889430
2021-05-20 10:11:06,674.35,889766
2021-05-20 10:11:08,674.4,890668
2021-05-20 10:11:09,674.4,890668
2021-05-20 10:11:10,674.4,890668
2021-05-20 10:11:10,674.4,890773
2021-05-20 10:11:11,674.5,891621
2021-05-20 10:11:12,674.45,891728
2021-05-20 10:11:13,674.45,891728
2021-05-20 10:11:14,674.45,891728
2021-05-20 10:11:15,674.45,891792
2021-05-20 10:11:16,674.5,891807
2021-05-20 10:11:17,674.5,891917
2021-05-20 10:11:19,674.45,892244
2021-05-20 10:11:20,674.5,892247
2021-05-20 10:11:22,674.55,893870
2021-05-20 10:11:23,674.65,893955
2021-05-20 10:11:24,674.65,893955
2021-05-20 10:11:25,674.95,894056
2021-05-20 10:11:26,674.95,894056
2021-05-20 10:11:27,674.95,894056
2021-05-20 10:11:28,674.85,894057
2021-05-20 10:11:29,674.55,894316
2021-05-20 10:11:30,674.55,894332
2021-05-20 10:11:31,674.55,894332
2021-05-20 10:11:32,674.85,894455
2021-05-20 10:11:33,674.9,894565
2021-05-20 10:11:34,674.95,894895
2021-05-20 10:11:35,675.0,895983
2021-05-20 10:11:36,675.0,895983
2021-05-20 10:11:37,675.0,895988
2021-05-20 10:11:38,674.7,897581
2021-05-20 10:11:39,674.7,897581
2021-05-20 10:11:40,674.6,897981
2021-05-20 10:11:41,674.85,898082
2021-05-20 10:11:42,674.6,898098
2021-05-20 10:11:43,675.0,898738
2021-05-20 10:11:44,675.0,898741
2021-05-20 10:11:45,675.0,899041
2021-05-20 10:11:46,675.0,899041
2021-05-20 10:11:47,674.95,899059
2021-05-20 10:11:48,674.95,899718
2021-05-20 10:11:49,674.95,899718
2021-05-20 10:11:50,674.7,899729
2021-05-20 10:11:51,674.7,899729
2021-05-20 10:11:52,675.0,899929
2021-05-20 10:11:53,675.0,899929
2021-05-20 10:11:54,674.55,900773
2021-05-20 10:11:56,674.75,901799
2021-05-20 10:11:57,674.4,901811
2021-05-20 10:11:58,674.65,901812
2021-05-20 10:11:59,674.65,901920
2021-05-20 10:11:59,674.7,902420
2021-05-20 10:12:00,674.65,902570
2021-05-20 10:12:01,674.5,902720
2021-05-20 10:12:03,674.7,903687
2021-05-20 10:12:04,674.7,904787
2021-05-20 10:12:05,674.7,904888
2021-05-20 10:12:06,674.7,905759
2021-05-20 10:12:07,674.7,905759
2021-05-20 10:12:08,674.7,905759
2021-05-20 10:12:09,674.7,905759
2021-05-20 10:12:10,674.7,905764
2021-05-20 10:12:11,674.7,905764
2021-05-20 10:12:13,674.7,905791
2021-05-20 10:12:14,674.15,908661
2021-05-20 10:12:15,674.15,908661
2021-05-20 10:12:16,674.15,908661
2021-05-20 10:12:17,674.15,908661
2021-05-20 10:12:18,674.8,908867
2021-05-20 10:12:19,674.8,908867
2021-05-20 10:12:20,674.7,909093
2021-05-20 10:12:21,674.7,909093
2021-05-20 10:12:22,674.45,909113
2021-05-20 10:12:23,674.45,909113
2021-05-20 10:12:24,674.45,909113
2021-05-20 10:12:25,674.45,909113
2021-05-20 10:12:26,674.7,909193
2021-05-20 10:12:27,674.7,909193
2021-05-20 10:12:28,674.7,909222
2021-05-20 10:12:29,674.7,909222
2021-05-20 10:12:30,674.7,909762
2021-05-20 10:12:31,674.5,910163
2021-05-20 10:12:32,674.9,910263
2021-05-20 10:12:33,674.7,910266
2021-05-20 10:12:34,674.7,910266
2021-05-20 10:12:35,674.75,910268
2021-05-20 10:12:36,674.75,910346
2021-05-20 10:12:37,674.75,910346
2021-05-20 10:12:38,674.9,911492
2021-05-20 10:12:39,674.9,912371
2021-05-20 10:12:40,674.75,912373
2021-05-20 10:12:41,674.75,912453
2021-05-20 10:12:43,674.75,912536
2021-05-20 10:12:44,674.7,912556
2021-05-20 10:12:45,674.5,912758
2021-05-20 10:12:46,674.5,912788
2021-05-20 10:12:47,674.5,912788
2021-05-20 10:12:48,674.7,913000
2021-05-20 10:12:49,674.7,913000
2021-05-20 10:12:50,674.7,913000
2021-05-20 10:12:51,674.7,913000
2021-05-20 10:12:52,674.7,913050
2021-05-20 10:12:53,674.7,913112
2021-05-20 10:12:54,674.7,913112
2021-05-20 10:12:55,674.7,913112
2021-05-20 10:12:56,674.7,913222
2021-05-20 10:12:57,674.7,913548
2021-05-20 10:12:58,674.65,913572
2021-05-20 10:12:59,674.65,914072
2021-05-20 10:13:00,674.6,914092
2021-05-20 10:13:01,674.6,914092
2021-05-20 10:13:02,674.65,916409
2021-05-20 10:13:03,674.7,916414
2021-05-20 10:13:04,674.7,916441
2021-05-20 10:13:05,674.9,916471
2021-05-20 10:13:06,674.9,916471
2021-05-20 10:13:07,674.9,916471
2021-05-20 10:13:08,674.9,916726
2021-05-20 10:13:10,674.85,916772
2021-05-20 10:13:11,674.85,916772
2021-05-20 10:13:11,674.85,916772
2021-05-20 10:13:12,674.85,916772
2021-05-20 10:13:13,674.75,916847
2021-05-20 10:13:14,674.8,917147
2021-05-20 10:13:15,674.8,917156
2021-05-20 10:13:16,674.8,917156
2021-05-20 10:13:17,674.8,917368
2021-05-20 10:13:18,674.85,917418
2021-05-20 10:13:19,674.8,918381
2021-05-20 10:13:20,674.85,918489
2021-05-20 10:13:21,674.85,918489
2021-05-20 10:13:23,674.9,918710
2021-05-20 10:13:24,674.9,918720
2021-05-20 10:13:25,674.7,919243
2021-05-20 10:13:26,674.7,919243
2021-05-20 10:13:27,674.7,919273
2021-05-20 10:13:28,674.7,919273
2021-05-20 10:13:30,674.7,919324
2021-05-20 10:13:31,674.9,919824
2021-05-20 10:13:33,675.0,923282
2021-05-20 10:13:33,675.0,923282
2021-05-20 10:13:34,675.0,926787
2021-05-20 10:13:35,675.3,927316
2021-05-20 10:13:36,675.3,927316
2021-05-20 10:13:37,675.3,927316
2021-05-20 10:13:38,675.3,927316
2021-05-20 10:13:39,675.4,927470
2021-05-20 10:13:40,675.3,927672
2021-05-20 10:13:41,675.3,927796
2021-05-20 10:13:42,675.3,927842
2021-05-20 10:13:43,675.3,927992
2021-05-20 10:13:44,675.3,927993
2021-05-20 10:13:45,675.25,928068
2021-05-20 10:13:46,675.3,928069
2021-05-20 10:13:47,675.4,928169
2021-05-20 10:13:48,675.45,928581
2021-05-20 10:13:50,675.45,928581
2021-05-20 10:13:51,675.45,928681
2021-05-20 10:13:51,675.3,928691
2021-05-20 10:13:54,675.45,928719
2021-05-20 10:13:55,675.45,928719
2021-05-20 10:13:56,675.4,928756
2021-05-20 10:13:57,675.4,928863
2021-05-20 10:13:57,675.4,928863
2021-05-20 10:13:58,675.4,928863
2021-05-20 10:13:59,675.4,928866
2021-05-20 10:14:00,675.15,928882
2021-05-20 10:14:01,675.15,928882
2021-05-20 10:14:04,675.45,929782
2021-05-20 10:14:05,675.45,930418
2021-05-20 10:14:07,675.45,930815
2021-05-20 10:14:08,675.5,931665
2021-05-20 10:14:09,675.45,931939
2021-05-20 10:14:10,675.45,931941
2021-05-20 10:14:12,675.4,932063
2021-05-20 10:14:13,675.4,932163
2021-05-20 10:14:14,675.3,932765
2021-05-20 10:14:15,675.5,934183
2021-05-20 10:14:16,675.5,934203
2021-05-20 10:14:17,675.4,934471
2021-05-20 10:14:19,675.4,934486
2021-05-20 10:14:19,675.4,934486
2021-05-20 10:14:20,675.3,934636
2021-05-20 10:14:21,675.3,934759
2021-05-20 10:14:22,675.3,934968
2021-05-20 10:14:23,675.3,935169
2021-05-20 10:14:24,675.3,935270
2021-05-20 10:14:25,675.3,935424
2021-05-20 10:14:26,675.3,935514
2021-05-20 10:14:27,675.3,935516
2021-05-20 10:14:28,675.3,935668
2021-05-20 10:14:29,675.3,935746
2021-05-20 10:14:32,675.1,936508
2021-05-20 10:14:35,675.35,937178
2021-05-20 10:14:36,675.4,937588
2021-05-20 10:14:38,675.4,938907
2021-05-20 10:14:39,675.35,939057
2021-05-20 10:14:40,675.4,939062
2021-05-20 10:14:41,675.45,939135
2021-05-20 10:14:42,675.45,939135
2021-05-20 10:14:43,675.45,939185
2021-05-20 10:14:44,675.45,939185
2021-05-20 10:14:45,675.4,939187
2021-05-20 10:14:46,675.4,939242
2021-05-20 10:14:47,675.3,940385
2021-05-20 10:14:48,675.4,940410
2021-05-20 10:14:49,675.3,941110
2021-05-20 10:14:50,675.2,941597
2021-05-20 10:14:51,675.2,941597
2021-05-20 10:14:53,674.55,943241
2021-05-20 10:14:54,674.95,943799
2021-05-20 10:14:55,674.95,943799
2021-05-20 10:14:56,674.95,943799
2021-05-20 10:14:57,674.95,943809
2021-05-20 10:14:58,674.95,943819
2021-05-20 10:14:59,675.0,944209
2021-05-20 10:15:00,675.0,944309
2021-05-20 10:15:01,675.15,944339
2021-05-20 10:15:02,675.2,944599
2021-05-20 10:15:04,675.2,944599
2021-05-20 10:15:05,675.4,946454
2021-05-20 10:15:05,675.4,946456
2021-05-20 10:15:06,675.35,947097
2021-05-20 10:15:07,675.25,947152
2021-05-20 10:15:08,675.35,948239
2021-05-20 10:15:09,675.0,948509
2021-05-20 10:15:10,675.0,948529
2021-05-20 10:15:11,674.95,948580
2021-05-20 10:15:12,675.0,949080
2021-05-20 10:15:13,675.0,949088
2021-05-20 10:15:14,674.85,949094
2021-05-20 10:15:15,674.85,949148
2021-05-20 10:15:16,675.0,949198
2021-05-20 10:15:18,675.0,949440
2021-05-20 10:15:19,675.0,949712
2021-05-20 10:15:20,675.2,949716
2021-05-20 10:15:20,675.2,949716
2021-05-20 10:15:21,675.2,949716
2021-05-20 10:15:23,675.0,949739
2021-05-20 10:15:24,675.3,950149
2021-05-20 10:15:25,675.3,950592
2021-05-20 10:15:27,675.0,951069
2021-05-20 10:15:28,675.2,951334
2021-05-20 10:15:29,675.0,952534
2021-05-20 10:15:30,675.2,952566
2021-05-20 10:15:31,675.2,952568
2021-05-20 10:15:32,675.2,953554
2021-05-20 10:15:33,675.25,953557
2021-05-20 10:15:33,675.25,953557
2021-05-20 10:15:34,675.2,954167
2021-05-20 10:15:35,675.0,955392
2021-05-20 10:15:37,675.2,955443
2021-05-20 10:15:38,675.0,955918
2021-05-20 10:15:40,675.0,956036
2021-05-20 10:15:40,675.0,956062
2021-05-20 10:15:41,675.25,958062
2021-05-20 10:15:42,675.0,958074
2021-05-20 10:15:43,675.0,958074
2021-05-20 10:15:44,675.15,958084
2021-05-20 10:15:45,675.05,958099
2021-05-20 10:15:46,675.35,958599
2021-05-20 10:15:47,675.35,958621
2021-05-20 10:15:50,675.4,959367
2021-05-20 10:15:50,675.4,959439
2021-05-20 10:15:51,675.4,959459
2021-05-20 10:15:52,675.35,959460
2021-05-20 10:15:53,675.35,959590
2021-05-20 10:15:54,675.25,959592
2021-05-20 10:15:55,675.25,959652
2021-05-20 10:15:57,675.3,959853
2021-05-20 10:15:58,675.35,960971
2021-05-20 10:15:59,675.15,960981
2021-05-20 10:16:01,675.2,962458
2021-05-20 10:16:01,675.3,962798
2021-05-20 10:16:02,675.3,962798
2021-05-20 10:16:03,675.35,962803
2021-05-20 10:16:04,675.35,962902
2021-05-20 10:16:05,675.2,965021
2021-05-20 10:16:06,675.2,965085
2021-05-20 10:16:07,675.3,965217
2021-05-20 10:16:08,675.3,965243
2021-05-20 10:16:09,675.3,965243
2021-05-20 10:16:10,675.3,965248
2021-05-20 10:16:12,675.4,965844
2021-05-20 10:16:13,675.15,966402
2021-05-20 10:16:14,675.2,966404
2021-05-20 10:16:16,675.15,966550
2021-05-20 10:16:17,675.3,968156
2021-05-20 10:16:18,675.4,968288
2021-05-20 10:16:19,675.4,968509
2021-05-20 10:16:19,675.4,968509
2021-05-20 10:16:21,675.3,968888
2021-05-20 10:16:21,675.3,968888
2021-05-20 10:16:22,675.15,968957
2021-05-20 10:16:23,675.15,968957
2021-05-20 10:16:24,675.15,968957
2021-05-20 10:16:25,675.15,968957
2021-05-20 10:16:26,675.0,969057
2021-05-20 10:16:28,674.95,969084
2021-05-20 10:16:29,674.9,969096
2021-05-20 10:16:30,674.8,969646
2021-05-20 10:16:31,675.2,969946
2021-05-20 10:16:33,675.2,971761
2021-05-20 10:16:34,675.25,971796
2021-05-20 10:16:34,675.3,972251
2021-05-20 10:16:35,674.9,972286
2021-05-20 10:16:37,675.1,972289
2021-05-20 10:16:38,675.0,972309
2021-05-20 10:16:39,675.0,972361
2021-05-20 10:16:39,675.0,972361
2021-05-20 10:16:40,675.0,972371
2021-05-20 10:16:41,675.0,972377
2021-05-20 10:16:42,675.0,972489
2021-05-20 10:16:43,675.0,972504
2021-05-20 10:16:44,675.0,972507
2021-05-20 10:16:45,675.1,972658
2021-05-20 10:16:46,674.8,973031
2021-05-20 10:16:47,674.8,973031
2021-05-20 10:16:48,674.95,973255
2021-05-20 10:16:49,674.7,973355
2021-05-20 10:16:50,674.9,973560
2021-05-20 10:16:52,674.7,973690
2021-05-20 10:16:53,674.7,973700
2021-05-20 10:16:54,674.7,973700
2021-05-20 10:16:56,674.25,973807
2021-05-20 10:16:57,674.25,973807
2021-05-20 10:16:57,674.4,973817
2021-05-20 10:16:59,674.4,973864
2021-05-20 10:16:59,674.4,973864
2021-05-20 10:17:00,674.25,974235
2021-05-20 10:17:02,674.65,974916
2021-05-20 10:17:02,674.75,975424
2021-05-20 10:17:03,674.65,976576
2021-05-20 10:17:04,674.65,976596
2021-05-20 10:17:06,674.7,977360
2021-05-20 10:17:07,674.7,977360
2021-05-20 10:17:08,674.7,977360
2021-05-20 10:17:09,674.7,977457
2021-05-20 10:17:10,674.85,977780
2021-05-20 10:17:11,674.85,977805
2021-05-20 10:17:12,674.65,977808
2021-05-20 10:17:13,674.8,977838
2021-05-20 10:17:14,674.8,978263
2021-05-20 10:17:15,674.8,978263
2021-05-20 10:17:16,674.85,978293
2021-05-20 10:17:17,674.85,978313
2021-05-20 10:17:18,674.5,979361
2021-05-20 10:17:20,674.5,979361
2021-05-20 10:17:21,674.8,979400
2021-05-20 10:17:22,674.8,979400
2021-05-20 10:17:23,674.8,979405
2021-05-20 10:17:23,674.8,979405
2021-05-20 10:17:25,674.5,979508
2021-05-20 10:17:26,674.5,979508
2021-05-20 10:17:26,674.5,979532
2021-05-20 10:17:27,674.75,979562
2021-05-20 10:17:28,674.75,979579
2021-05-20 10:17:29,674.75,979586
2021-05-20 10:17:31,674.75,979586
2021-05-20 10:17:32,674.5,981729
2021-05-20 10:17:33,674.8,981759
2021-05-20 10:17:34,674.8,981759
2021-05-20 10:17:35,674.8,981763
2021-05-20 10:17:36,674.8,981769
2021-05-20 10:17:37,674.2,983969
2021-05-20 10:17:38,674.2,983969
2021-05-20 10:17:39,674.8,983973
2021-05-20 10:17:40,674.8,983973
2021-05-20 10:17:41,674.8,983973
2021-05-20 10:17:41,674.8,983973
2021-05-20 10:17:42,674.8,983978
2021-05-20 10:17:43,674.15,985225
2021-05-20 10:17:44,674.15,985225
2021-05-20 10:17:45,674.15,985225
2021-05-20 10:17:47,674.3,985375
2021-05-20 10:17:48,674.7,985445
2021-05-20 10:17:49,674.75,985470
2021-05-20 10:17:50,674.75,985470
2021-05-20 10:17:51,674.75,985687
2021-05-20 10:17:52,674.75,985717
2021-05-20 10:17:53,674.4,985750
2021-05-20 10:17:54,674.5,985761
2021-05-20 10:17:55,674.5,985761
2021-05-20 10:17:55,674.5,985768
2021-05-20 10:17:57,674.5,986014
2021-05-20 10:17:57,674.5,986014
2021-05-20 10:17:59,674.5,987017
2021-05-20 10:17:59,674.4,987081
2021-05-20 10:18:01,674.5,987083
2021-05-20 10:18:01,674.5,987083
2021-05-20 10:18:03,674.5,987919
2021-05-20 10:18:04,674.5,987919
2021-05-20 10:18:05,674.6,988082
2021-05-20 10:18:06,674.7,988084
2021-05-20 10:18:07,674.7,988091
2021-05-20 10:18:08,674.4,989628
2021-05-20 10:18:09,674.4,989628
2021-05-20 10:18:09,674.4,989648
2021-05-20 10:18:11,674.65,989660
2021-05-20 10:18:11,674.65,989666
2021-05-20 10:18:12,674.5,989769
2021-05-20 10:18:14,674.7,989936
2021-05-20 10:18:15,674.7,989936
2021-05-20 10:18:16,674.7,989936
2021-05-20 10:18:17,674.6,990038
2021-05-20 10:18:17,674.7,990251
2021-05-20 10:18:18,674.7,990251
2021-05-20 10:18:19,674.7,990418
2021-05-20 10:18:20,674.7,990518
2021-05-20 10:18:21,674.55,990618
2021-05-20 10:18:22,674.55,990618
2021-05-20 10:18:23,674.55,990626
2021-05-20 10:18:24,674.55,990626
2021-05-20 10:18:25,674.55,990626
2021-05-20 10:18:26,674.7,990726
2021-05-20 10:18:28,674.7,990740
2021-05-20 10:18:29,674.7,990740
2021-05-20 10:18:30,674.7,990740
2021-05-20 10:18:31,674.7,990740
2021-05-20 10:18:31,674.7,990750
2021-05-20 10:18:32,674.75,990930
2021-05-20 10:18:33,674.75,990938
2021-05-20 10:18:34,674.75,991005
2021-05-20 10:18:36,674.75,991041
2021-05-20 10:18:37,674.8,991043
2021-05-20 10:18:38,674.8,992623
2021-05-20 10:18:39,674.05,994237
2021-05-20 10:18:41,674.8,994242
2021-05-20 10:18:42,674.8,994242
2021-05-20 10:18:43,674.75,994307
2021-05-20 10:18:44,674.9,994347
2021-05-20 10:18:45,674.8,994687
2021-05-20 10:18:46,674.8,994687
2021-05-20 10:18:47,674.7,994811
2021-05-20 10:18:48,674.85,995320
2021-05-20 10:18:48,674.85,995320
2021-05-20 10:18:49,674.9,995331
2021-05-20 10:18:50,674.95,995543
2021-05-20 10:18:51,674.75,995705
2021-05-20 10:18:52,674.95,995735
2021-05-20 10:18:54,674.95,995735
2021-05-20 10:18:55,674.3,996835
2021-05-20 10:18:56,674.3,996835
2021-05-20 10:18:57,674.7,996845
2021-05-20 10:18:58,674.55,996895
2021-05-20 10:18:59,674.3,996915
2021-05-20 10:19:00,674.6,997480
2021-05-20 10:19:01,674.6,997505
2021-05-20 10:19:02,674.6,997505
2021-05-20 10:19:03,674.75,997511
2021-05-20 10:19:04,674.85,998105
2021-05-20 10:19:06,674.85,998707
2021-05-20 10:19:07,674.85,998707
2021-05-20 10:19:08,674.9,999539
2021-05-20 10:19:09,674.9,999646
2021-05-20 10:19:10,674.9,999744
2021-05-20 10:19:11,674.65,999847
2021-05-20 10:19:12,674.9,999859
2021-05-20 10:19:13,674.9,999859
2021-05-20 10:19:14,674.9,999944
2021-05-20 10:19:15,674.9,999944
2021-05-20 10:19:16,674.9,999952
2021-05-20 10:19:17,674.9,1000083
2021-05-20 10:19:18,674.9,1000424
2021-05-20 10:19:19,674.9,1000429
2021-05-20 10:19:20,674.9,1000451
2021-05-20 10:19:21,674.9,1000451
2021-05-20 10:19:22,674.65,1000476
2021-05-20 10:19:23,674.9,1000544
2021-05-20 10:19:24,674.9,1000548
2021-05-20 10:19:25,674.9,1000644
2021-05-20 10:19:26,674.9,1000658
2021-05-20 10:19:27,674.85,1000659
2021-05-20 10:19:28,674.85,1000681
2021-05-20 10:19:30,674.75,1000858
2021-05-20 10:19:31,674.75,1000858
2021-05-20 10:19:32,674.65,1000958
2021-05-20 10:19:34,674.7,1000968
2021-05-20 10:19:33,674.7,1000968
2021-05-20 10:19:35,674.65,1001068
2021-05-20 10:19:36,674.65,1001247
2021-05-20 10:19:37,674.65,1001247
2021-05-20 10:19:38,674.65,1001251
2021-05-20 10:19:39,674.65,1001251
2021-05-20 10:19:40,674.65,1001251
2021-05-20 10:19:41,674.65,1001256
2021-05-20 10:19:42,674.65,1001266
2021-05-20 10:19:43,674.65,1001269
2021-05-20 10:19:44,674.65,1001307
2021-05-20 10:19:45,674.6,1001309
2021-05-20 10:19:46,674.6,1001309
2021-05-20 10:19:47,674.65,1001313
2021-05-20 10:19:49,674.3,1002027
2021-05-20 10:19:50,674.3,1002027
2021-05-20 10:19:51,674.75,1002232
2021-05-20 10:19:52,674.75,1002255
2021-05-20 10:19:53,674.35,1002291
2021-05-20 10:19:54,674.35,1002291
2021-05-20 10:19:55,674.35,1002291
2021-05-20 10:19:56,674.65,1002295
2021-05-20 10:19:57,674.65,1002295
2021-05-20 10:19:58,674.65,1002295
2021-05-20 10:19:59,674.65,1002325
2021-05-20 10:20:00,674.65,1002347
2021-05-20 10:20:01,674.65,1002372
2021-05-20 10:20:02,674.65,1002382
2021-05-20 10:20:03,674.65,1002532
2021-05-20 10:20:04,674.65,1002532
2021-05-20 10:20:05,674.6,1002534
2021-05-20 10:20:06,674.6,1002534
2021-05-20 10:20:08,674.6,1002809
2021-05-20 10:20:09,674.6,1002811
2021-05-20 10:20:10,674.6,1003241
2021-05-20 10:20:11,674.55,1003244
2021-05-20 10:20:12,674.55,1003244
2021-05-20 10:20:13,674.35,1003368
2021-05-20 10:20:14,674.35,1003368
2021-05-20 10:20:15,674.35,1003368
2021-05-20 10:20:16,674.5,1003529
2021-05-20 10:20:17,674.55,1003658
2021-05-20 10:20:18,674.5,1003871
2021-05-20 10:20:19,674.5,1004385
2021-05-20 10:20:20,674.5,1004389
2021-05-20 10:20:21,674.35,1004447
2021-05-20 10:20:22,674.35,1004447
2021-05-20 10:20:23,674.5,1004547
2021-05-20 10:20:24,674.5,1004681
2021-05-20 10:20:25,674.15,1005243
2021-05-20 10:20:26,674.15,1005243
2021-05-20 10:20:27,674.5,1005253
2021-05-20 10:20:28,674.4,1005263
2021-05-20 10:20:29,674.3,1005380
2021-05-20 10:20:30,674.3,1005380
2021-05-20 10:20:31,674.3,1005392
2021-05-20 10:20:32,674.3,1005414
2021-05-20 10:20:33,674.05,1006003
2021-05-20 10:20:34,674.25,1006008
2021-05-20 10:20:35,674.25,1006684
2021-05-20 10:20:36,674.25,1006867
2021-05-20 10:20:37,674.0,1007067
2021-05-20 10:20:38,674.0,1007073
2021-05-20 10:20:39,674.0,1007073
2021-05-20 10:20:40,673.95,1007737
2021-05-20 10:20:41,674.15,1007759
2021-05-20 10:20:42,674.15,1007759
2021-05-20 10:20:43,674.15,1007759
2021-05-20 10:20:45,673.9,1008201
2021-05-20 10:20:46,673.75,1008516
2021-05-20 10:20:47,674.05,1008520
2021-05-20 10:20:48,674.1,1008616
2021-05-20 10:20:49,674.15,1008785
2021-05-20 10:20:51,674.15,1008827
2021-05-20 10:20:52,674.05,1008850
2021-05-20 10:20:53,674.0,1008905
2021-05-20 10:20:54,674.1,1009055
2021-05-20 10:20:55,674.1,1009055
2021-05-20 10:20:56,674.0,1009126
2021-05-20 10:20:57,674.0,1009126
2021-05-20 10:20:58,673.75,1009210
2021-05-20 10:20:59,673.75,1009210
2021-05-20 10:21:00,673.65,1009760
2021-05-20 10:21:01,673.75,1009850
2021-05-20 10:21:02,673.75,1009850
2021-05-20 10:21:03,674.0,1010011
2021-05-20 10:21:04,673.7,1010133
2021-05-20 10:21:05,674.0,1010138
2021-05-20 10:21:06,674.0,1010143
2021-05-20 10:21:07,673.75,1010209
2021-05-20 10:21:08,673.75,1010209
2021-05-20 10:21:10,673.85,1010220
2021-05-20 10:21:11,674.0,1010250
2021-05-20 10:21:13,673.7,1010809
2021-05-20 10:21:14,673.7,1010809
2021-05-20 10:21:15,673.7,1010809
2021-05-20 10:21:16,673.5,1013110
2021-05-20 10:21:17,673.5,1013110
2021-05-20 10:21:18,673.6,1013523
2021-05-20 10:21:19,673.5,1014473
2021-05-20 10:21:21,673.6,1014495
2021-05-20 10:21:22,673.5,1014550
2021-05-20 10:21:24,673.2,1020208
2021-05-20 10:21:23,673.5,1014800
2021-05-20 10:21:25,673.2,1021018
2021-05-20 10:21:26,672.8,1023935
2021-05-20 10:21:27,672.8,1024162
2021-05-20 10:21:29,672.75,1024583
2021-05-20 10:21:30,672.4,1025353
2021-05-20 10:21:31,672.55,1025415
2021-05-20 10:21:34,672.95,1026086
2021-05-20 10:21:33,672.95,1026086
2021-05-20 10:21:35,672.95,1026087
2021-05-20 10:21:36,672.8,1026209
2021-05-20 10:21:37,672.95,1026213
2021-05-20 10:21:39,672.95,1026313
2021-05-20 10:21:38,672.95,1026313
2021-05-20 10:21:40,672.95,1026324
2021-05-20 10:21:41,672.95,1026380
2021-05-20 10:21:42,672.8,1026390
2021-05-20 10:21:43,672.95,1026552
2021-05-20 10:21:44,672.95,1026575
2021-05-20 10:21:45,672.8,1026715
2021-05-20 10:21:46,672.8,1026740
2021-05-20 10:21:47,672.65,1027000
2021-05-20 10:21:48,673.0,1027081
2021-05-20 10:21:49,672.95,1027082
2021-05-20 10:21:50,673.0,1027781
2021-05-20 10:21:51,673.0,1027935
2021-05-20 10:21:52,673.0,1027957
2021-05-20 10:21:54,672.6,1028089
2021-05-20 10:21:55,672.95,1028161
2021-05-20 10:21:56,672.95,1028161
2021-05-20 10:21:57,672.95,1028161
2021-05-20 10:21:58,672.95,1028161
2021-05-20 10:21:59,673.0,1028219
2021-05-20 10:22:00,673.0,1028241
2021-05-20 10:22:01,673.0,1028241
2021-05-20 10:22:02,673.0,1028241
2021-05-20 10:22:03,673.0,1028291
2021-05-20 10:22:04,673.0,1028301
2021-05-20 10:22:05,673.0,1028325
2021-05-20 10:22:06,673.0,1028325
2021-05-20 10:22:07,673.0,1028357
2021-05-20 10:22:08,672.8,1030062
2021-05-20 10:22:09,672.5,1030065
2021-05-20 10:22:10,672.5,1030165
2021-05-20 10:22:11,672.9,1030580
2021-05-20 10:22:12,672.85,1030881
2021-05-20 10:22:13,672.35,1031911
2021-05-20 10:22:14,672.85,1032036
2021-05-20 10:22:15,672.85,1032036
2021-05-20 10:22:16,672.9,1032558
2021-05-20 10:22:17,672.9,1032558
2021-05-20 10:22:18,672.9,1032558
2021-05-20 10:22:19,672.9,1032658
2021-05-20 10:22:20,673.4,1037763
2021-05-20 10:22:21,673.5,1038166
2021-05-20 10:22:22,673.5,1038166
2021-05-20 10:22:23,673.35,1040200
2021-05-20 10:22:24,673.0,1040439
2021-05-20 10:22:25,673.35,1040511
2021-05-20 10:22:26,673.35,1040511
2021-05-20 10:22:27,672.8,1040512
2021-05-20 10:22:28,672.95,1040537
2021-05-20 10:22:29,673.2,1040571
2021-05-20 10:22:31,673.15,1040593
2021-05-20 10:22:32,673.15,1040593
2021-05-20 10:22:34,673.0,1040598
2021-05-20 10:22:35,673.0,1043803
2021-05-20 10:22:36,673.0,1043803
2021-05-20 10:22:37,672.65,1043853
2021-05-20 10:22:38,672.9,1043858
2021-05-20 10:22:39,672.9,1043880
2021-05-20 10:22:40,672.9,1043880
2021-05-20 10:22:41,672.5,1043980
2021-05-20 10:22:43,672.95,1044155
2021-05-20 10:22:44,672.7,1047161
2021-05-20 10:22:45,672.8,1048161
2021-05-20 10:22:46,672.8,1048161
2021-05-20 10:22:47,673.15,1048671
2021-05-20 10:22:48,673.1,1049122
2021-05-20 10:22:49,673.1,1049129
2021-05-20 10:22:50,673.1,1049130
2021-05-20 10:22:52,672.95,1049474
2021-05-20 10:22:53,673.0,1049559
2021-05-20 10:22:54,673.0,1049559
2021-05-20 10:22:55,673.05,1049564
2021-05-20 10:22:56,673.1,1049621
2021-05-20 10:22:57,673.1,1049621
2021-05-20 10:22:58,673.15,1049631
2021-05-20 10:22:59,673.15,1049633
2021-05-20 10:23:00,673.05,1049866
2021-05-20 10:23:02,673.0,1049896
2021-05-20 10:23:03,672.9,1049943
2021-05-20 10:23:04,672.9,1049943
2021-05-20 10:23:05,672.5,1050160
2021-05-20 10:23:06,672.5,1050160
2021-05-20 10:23:07,672.5,1050160
2021-05-20 10:23:08,672.9,1050172
2021-05-20 10:23:09,672.65,1050222
2021-05-20 10:23:10,672.6,1050523
2021-05-20 10:23:11,672.9,1050577
2021-05-20 10:23:12,672.6,1050652
2021-05-20 10:23:13,672.9,1050754
2021-05-20 10:23:14,672.9,1050754
2021-05-20 10:23:16,672.9,1050885
2021-05-20 10:23:17,672.9,1050885
2021-05-20 10:23:18,672.9,1051278
2021-05-20 10:23:19,673.0,1051305
2021-05-20 10:23:20,673.15,1051805
2021-05-20 10:23:21,673.0,1052005
2021-05-20 10:23:22,672.9,1052205
2021-05-20 10:23:23,672.9,1052205
2021-05-20 10:23:24,672.8,1053210
2021-05-20 10:23:25,672.65,1053235
2021-05-20 10:23:26,673.0,1053309
2021-05-20 10:23:27,672.7,1053323
2021-05-20 10:23:28,672.95,1053352
2021-05-20 10:23:29,672.95,1053353
2021-05-20 10:23:30,673.0,1053463
2021-05-20 10:23:31,673.0,1053473
2021-05-20 10:23:32,673.0,1053485
2021-05-20 10:23:33,672.9,1053630
2021-05-20 10:23:34,673.0,1053758
2021-05-20 10:23:35,673.0,1053794
2021-05-20 10:23:36,673.0,1053794
2021-05-20 10:23:37,673.0,1053893
2021-05-20 10:23:38,672.7,1054413
2021-05-20 10:23:39,672.7,1054463
2021-05-20 10:23:40,672.7,1054488
2021-05-20 10:23:41,672.9,1054493
2021-05-20 10:23:42,672.9,1054493
2021-05-20 10:23:44,672.9,1054515
2021-05-20 10:23:45,672.9,1054518
2021-05-20 10:23:46,672.9,1054519
2021-05-20 10:23:47,673.0,1054641
2021-05-20 10:23:48,673.15,1054892
2021-05-20 10:23:50,673.15,1054892
2021-05-20 10:23:51,673.2,1054918
2021-05-20 10:23:53,672.8,1055046
2021-05-20 10:23:54,672.8,1055046
2021-05-20 10:23:55,672.8,1055201
2021-05-20 10:23:56,672.8,1055201
2021-05-20 10:23:57,672.8,1055201
2021-05-20 10:23:58,673.0,1055206
2021-05-20 10:23:59,673.0,1055206
2021-05-20 10:24:00,672.8,1055242
2021-05-20 10:24:01,672.8,1055256
2021-05-20 10:24:02,673.0,1055258
2021-05-20 10:24:03,673.05,1055273
2021-05-20 10:24:04,673.0,1055301
2021-05-20 10:24:05,672.8,1055321
2021-05-20 10:24:06,673.0,1055351
2021-05-20 10:24:07,673.0,1055351
2021-05-20 10:24:08,672.8,1055423
2021-05-20 10:24:09,673.1,1055426
2021-05-20 10:24:10,673.0,1055456
2021-05-20 10:24:11,673.1,1055603
2021-05-20 10:24:12,673.1,1055603
2021-05-20 10:24:13,672.8,1055778
2021-05-20 10:24:14,673.0,1056279
2021-05-20 10:24:15,673.0,1056301
2021-05-20 10:24:16,673.0,1056763
2021-05-20 10:24:17,673.0,1056763
2021-05-20 10:24:19,673.05,1056977
2021-05-20 10:24:20,673.05,1056977
2021-05-20 10:24:21,673.15,1056984
2021-05-20 10:24:22,673.0,1057102
2021-05-20 10:24:23,673.15,1057174
2021-05-20 10:24:24,673.1,1057189
2021-05-20 10:24:25,673.1,1057189
2021-05-20 10:24:26,673.15,1057289
2021-05-20 10:24:27,673.15,1057289
2021-05-20 10:24:28,672.85,1057349
2021-05-20 10:24:29,672.75,1057379
2021-05-20 10:24:30,672.75,1057379
2021-05-20 10:24:31,673.1,1057411
2021-05-20 10:24:32,672.8,1057461
2021-05-20 10:24:33,673.1,1057465
2021-05-20 10:24:34,673.1,1057467
2021-05-20 10:24:35,673.0,1057517
2021-05-20 10:24:36,672.95,1057567
2021-05-20 10:24:37,673.0,1057670
2021-05-20 10:24:38,673.0,1057670
2021-05-20 10:24:39,673.1,1057693
2021-05-20 10:24:40,673.1,1057711
2021-05-20 10:24:41,673.1,1057711
2021-05-20 10:24:44,673.1,1057711
2021-05-20 10:24:45,672.95,1057761
2021-05-20 10:24:46,672.95,1057761
2021-05-20 10:24:47,672.95,1057761
2021-05-20 10:24:48,673.1,1057996
2021-05-20 10:24:48,673.05,1058016
2021-05-20 10:24:50,673.0,1058036
2021-05-20 10:24:50,673.0,1058036
2021-05-20 10:24:51,672.95,1058051
2021-05-20 10:24:52,673.0,1058203
2021-05-20 10:24:54,673.05,1058204
2021-05-20 10:24:55,673.05,1058212
2021-05-20 10:24:55,673.05,1058212
2021-05-20 10:24:56,673.05,1058234
2021-05-20 10:24:57,673.0,1058354
2021-05-20 10:24:58,673.0,1058355
2021-05-20 10:24:59,673.0,1058355
2021-05-20 10:25:00,673.05,1058357
2021-05-20 10:25:01,673.05,1058357
2021-05-20 10:25:02,673.0,1058367
2021-05-20 10:25:03,673.05,1058456
2021-05-20 10:25:04,673.05,1058456
2021-05-20 10:25:05,673.05,1058456
2021-05-20 10:25:06,673.05,1058587
2021-05-20 10:25:08,673.05,1058745
2021-05-20 10:25:09,673.0,1058797
2021-05-20 10:25:10,673.05,1058872
2021-05-20 10:25:11,673.05,1058904
2021-05-20 10:25:12,673.05,1058914
2021-05-20 10:25:14,673.05,1058924
2021-05-20 10:25:14,673.0,1058944
2021-05-20 10:25:16,673.0,1058944
2021-05-20 10:25:16,673.0,1058954
2021-05-20 10:25:17,673.05,1058974
2021-05-20 10:25:18,673.05,1059187
2021-05-20 10:25:19,673.05,1059209
2021-05-20 10:25:20,673.05,1059214
2021-05-20 10:25:21,673.05,1059214
2021-05-20 10:25:22,672.95,1061068
2021-05-20 10:25:23,672.95,1061069
2021-05-20 10:25:24,672.95,1061069
2021-05-20 10:25:25,672.95,1061234
2021-05-20 10:25:26,672.95,1061234
2021-05-20 10:25:27,673.1,1062309
2021-05-20 10:25:28,673.1,1062309
2021-05-20 10:25:29,673.0,1062477
2021-05-20 10:25:30,673.0,1062477
2021-05-20 10:25:31,673.0,1062477
2021-05-20 10:25:32,673.0,1062477
2021-05-20 10:25:33,673.0,1062477
2021-05-20 10:25:34,673.0,1062478
2021-05-20 10:25:35,673.0,1062500
2021-05-20 10:25:36,673.0,1062618
2021-05-20 10:25:37,673.0,1062618
2021-05-20 10:25:38,673.0,1062618
2021-05-20 10:25:40,673.0,1062618
2021-05-20 10:25:40,673.0,1062620
2021-05-20 10:25:41,672.9,1062680
2021-05-20 10:25:43,672.9,1062680
2021-05-20 10:25:44,673.0,1062702
2021-05-20 10:25:45,673.0,1062702
2021-05-20 10:25:46,672.8,1062722
2021-05-20 10:25:47,672.9,1062725
2021-05-20 10:25:48,672.9,1062732
2021-05-20 10:25:49,672.9,1062732
2021-05-20 10:25:50,672.9,1062752
2021-05-20 10:25:50,672.9,1062752
2021-05-20 10:25:52,673.0,1062959
2021-05-20 10:25:53,672.9,1062990
2021-05-20 10:25:54,672.9,1062990
2021-05-20 10:25:55,672.9,1063125
2021-05-20 10:25:56,672.9,1063125
2021-05-20 10:25:58,672.9,1063126
2021-05-20 10:25:59,673.0,1063932
2021-05-20 10:25:59,673.0,1063954
2021-05-20 10:26:01,673.0,1063956
2021-05-20 10:26:01,673.0,1063956
2021-05-20 10:26:03,673.0,1064107
2021-05-20 10:26:05,673.0,1064107
2021-05-20 10:26:05,672.9,1064760
2021-05-20 10:26:06,672.95,1064961
2021-05-20 10:26:07,672.95,1064995
2021-05-20 10:26:08,672.95,1064995
2021-05-20 10:26:10,672.85,1065020
2021-05-20 10:26:10,672.85,1065022
2021-05-20 10:26:12,672.7,1065072
2021-05-20 10:26:13,672.7,1065072
2021-05-20 10:26:14,673.0,1065074
2021-05-20 10:26:15,673.0,1065075
2021-05-20 10:26:16,673.0,1065097
2021-05-20 10:26:17,672.95,1065261
2021-05-20 10:26:18,672.95,1065466
2021-05-20 10:26:20,672.95,1065474
2021-05-20 10:26:21,672.95,1065474
2021-05-20 10:26:22,672.95,1065474
2021-05-20 10:26:23,672.95,1065474
2021-05-20 10:26:24,672.65,1065504
2021-05-20 10:26:25,672.65,1065504
2021-05-20 10:26:26,672.7,1065559
2021-05-20 10:26:27,672.95,1065579
2021-05-20 10:26:28,672.95,1065579
2021-05-20 10:26:29,672.95,1065579
2021-05-20 10:26:30,673.0,1065749
2021-05-20 10:26:30,672.95,1065751
2021-05-20 10:26:31,672.9,1065760
2021-05-20 10:26:34,673.0,1065815
2021-05-20 10:26:35,673.0,1066066
2021-05-20 10:26:38,672.7,1066294
2021-05-20 10:26:39,672.95,1066341
2021-05-20 10:26:41,672.95,1066341
2021-05-20 10:26:42,672.95,1066341
2021-05-20 10:26:43,672.95,1066341
2021-05-20 10:26:44,673.0,1066344
2021-05-20 10:26:45,673.0,1066381
2021-05-20 10:26:46,673.0,1066388
2021-05-20 10:26:47,673.0,1066388
2021-05-20 10:26:47,673.0,1066410
2021-05-20 10:26:49,672.85,1066632
2021-05-20 10:26:50,673.0,1066642
2021-05-20 10:26:51,673.0,1066680
2021-05-20 10:26:52,673.0,1066780
2021-05-20 10:26:53,673.0,1066881
2021-05-20 10:26:53,673.0,1066881
2021-05-20 10:26:54,673.0,1066881
2021-05-20 10:26:55,673.0,1066918
2021-05-20 10:26:56,673.0,1066918
2021-05-20 10:26:57,673.0,1066934
2021-05-20 10:26:58,673.0,1066937
2021-05-20 10:26:59,673.0,1066937
2021-05-20 10:27:01,673.0,1066983
2021-05-20 10:27:01,673.0,1066983
2021-05-20 10:27:02,672.8,1067033
2021-05-20 10:27:03,673.0,1067056
2021-05-20 10:27:05,673.0,1067106
2021-05-20 10:27:06,673.0,1067106
2021-05-20 10:27:07,673.0,1067106
2021-05-20 10:27:08,673.0,1067106
2021-05-20 10:27:09,672.95,1067117
2021-05-20 10:27:10,672.8,1067167
2021-05-20 10:27:11,672.95,1067217
2021-05-20 10:27:11,672.95,1067239
2021-05-20 10:27:13,672.8,1067339
2021-05-20 10:27:13,672.8,1067339
2021-05-20 10:27:14,672.95,1067425
2021-05-20 10:27:15,672.95,1067437
2021-05-20 10:27:16,672.95,1067437
2021-05-20 10:27:17,672.95,1067652
2021-05-20 10:27:19,672.95,1067652
2021-05-20 10:27:20,672.95,1067674
2021-05-20 10:27:21,673.0,1067923
2021-05-20 10:27:22,672.95,1067933
2021-05-20 10:27:23,672.8,1067943
2021-05-20 10:27:24,672.8,1067951
2021-05-20 10:27:25,672.95,1067952
2021-05-20 10:27:26,672.95,1068002
2021-05-20 10:27:27,672.95,1068002
2021-05-20 10:27:28,672.9,1068087
2021-05-20 10:27:29,672.9,1068087
2021-05-20 10:27:30,672.9,1068087
2021-05-20 10:27:31,672.95,1068128
2021-05-20 10:27:32,672.95,1068128
2021-05-20 10:27:33,672.95,1068128
2021-05-20 10:27:34,672.95,1068188
2021-05-20 10:27:35,672.9,1068221
2021-05-20 10:27:35,672.9,1068221
2021-05-20 10:27:36,672.9,1068369
2021-05-20 10:27:37,672.9,1068369
2021-05-20 10:27:39,672.95,1068389
2021-05-20 10:27:39,672.95,1068409
2021-05-20 10:27:41,672.8,1068474
2021-05-20 10:27:42,672.95,1068538
2021-05-20 10:27:44,672.95,1068560
2021-05-20 10:27:45,672.95,1068560
2021-05-20 10:27:46,672.95,1068960
2021-05-20 10:27:47,672.95,1068960
2021-05-20 10:27:48,672.95,1069628
2021-05-20 10:27:49,672.9,1069643
2021-05-20 10:27:50,672.55,1071833
2021-05-20 10:27:51,672.8,1071843
2021-05-20 10:27:52,672.8,1071876
2021-05-20 10:27:53,672.8,1072159
2021-05-20 10:27:54,672.8,1072159
2021-05-20 10:27:55,672.8,1072159
2021-05-20 10:27:56,672.8,1072179
2021-05-20 10:27:56,672.8,1072179
2021-05-20 10:27:57,672.7,1072180
2021-05-20 10:27:59,672.7,1072180
2021-05-20 10:27:59,672.7,1072202
2021-05-20 10:28:01,672.5,1072252
2021-05-20 10:28:02,672.5,1072477
2021-05-20 10:28:03,672.65,1072485
2021-05-20 10:28:04,672.65,1072485
2021-05-20 10:28:05,672.5,1072531
2021-05-20 10:28:06,672.5,1072541
2021-05-20 10:28:07,672.55,1072543
2021-05-20 10:28:08,672.5,1073238
2021-05-20 10:28:10,672.55,1073254
2021-05-20 10:28:11,672.45,1073364
2021-05-20 10:28:12,672.45,1073464
2021-05-20 10:28:13,672.4,1073544
2021-05-20 10:28:14,672.3,1073801
2021-05-20 10:28:15,672.3,1073901
2021-05-20 10:28:16,672.5,1073931
2021-05-20 10:28:17,672.3,1074231
2021-05-20 10:28:18,672.4,1074449
2021-05-20 10:28:19,672.4,1074469
2021-05-20 10:28:20,672.4,1074469
2021-05-20 10:28:21,672.3,1074759
2021-05-20 10:28:22,672.4,1074764
2021-05-20 10:28:22,672.4,1074764
2021-05-20 10:28:23,672.4,1074786
2021-05-20 10:28:24,672.4,1074786
2021-05-20 10:28:25,672.4,1074826
2021-05-20 10:28:26,672.2,1075089
2021-05-20 10:28:27,672.2,1075089
2021-05-20 10:28:29,672.4,1075189
2021-05-20 10:28:30,672.2,1075231
2021-05-20 10:28:31,672.4,1075241
2021-05-20 10:28:32,672.2,1075279
2021-05-20 10:28:33,672.4,1075283
2021-05-20 10:28:35,672.4,1075288
2021-05-20 10:28:36,672.2,1075289
2021-05-20 10:28:37,672.4,1075291
2021-05-20 10:28:38,672.25,1075293
2021-05-20 10:28:39,672.25,1075293
2021-05-20 10:28:40,672.4,1075325
2021-05-20 10:28:41,672.4,1075325
2021-05-20 10:28:42,672.4,1075346
2021-05-20 10:28:43,672.4,1075346
2021-05-20 10:28:44,672.4,1075385
2021-05-20 10:28:45,672.4,1075385
2021-05-20 10:28:46,672.25,1075422
2021-05-20 10:28:47,672.4,1075861
2021-05-20 10:28:47,672.4,1075644
2021-05-20 10:28:48,672.4,1075868
2021-05-20 10:28:49,672.4,1075868
2021-05-20 10:28:51,672.4,1075868
2021-05-20 10:28:52,672.4,1076373
2021-05-20 10:28:53,672.3,1076378
2021-05-20 10:28:54,672.3,1076378
2021-05-20 10:28:55,672.4,1076491
2021-05-20 10:28:56,672.5,1076568
2021-05-20 10:28:57,672.5,1076578
2021-05-20 10:28:58,672.3,1076598
2021-05-20 10:28:59,672.3,1076598
2021-05-20 10:29:00,672.5,1076799
2021-05-20 10:29:01,672.5,1076799
2021-05-20 10:29:02,672.5,1076799
2021-05-20 10:29:02,672.5,1076799
2021-05-20 10:29:04,672.5,1076821
2021-05-20 10:29:05,672.5,1076823
2021-05-20 10:29:06,672.5,1076825
2021-05-20 10:29:07,672.5,1076826
2021-05-20 10:29:08,672.5,1076826
2021-05-20 10:29:09,672.5,1076826
2021-05-20 10:29:10,672.5,1076826
2021-05-20 10:29:11,672.5,1076847
2021-05-20 10:29:12,672.4,1076904
2021-05-20 10:29:13,672.5,1076913
2021-05-20 10:29:14,672.5,1077013
2021-05-20 10:29:15,672.5,1077017
2021-05-20 10:29:16,672.5,1077087
2021-05-20 10:29:17,672.5,1077400
2021-05-20 10:29:17,672.5,1077187
2021-05-20 10:29:20,672.5,1077633
2021-05-20 10:29:21,672.5,1077668
2021-05-20 10:29:22,672.4,1077683
2021-05-20 10:29:23,672.4,1077693
2021-05-20 10:29:25,672.5,1077975
2021-05-20 10:29:26,672.5,1078025
2021-05-20 10:29:27,672.55,1078354
2021-05-20 10:29:28,672.4,1078679
2021-05-20 10:29:29,672.5,1080157
2021-05-20 10:29:30,672.65,1080168
2021-05-20 10:29:31,672.5,1080668
2021-05-20 10:29:33,672.45,1080698
2021-05-20 10:29:34,672.45,1080758
2021-05-20 10:29:35,672.65,1080762
2021-05-20 10:29:36,672.75,1080784
2021-05-20 10:29:37,672.75,1080784
2021-05-20 10:29:38,672.75,1080786
2021-05-20 10:29:39,672.45,1080816
2021-05-20 10:29:40,672.75,1080890
2021-05-20 10:29:41,672.75,1080890
2021-05-20 10:29:42,672.75,1080890
2021-05-20 10:29:43,672.75,1081001
2021-05-20 10:29:44,672.65,1081523
2021-05-20 10:29:45,672.7,1081798
2021-05-20 10:29:46,672.75,1082088
2021-05-20 10:29:47,672.65,1082091
2021-05-20 10:29:48,672.65,1082304
2021-05-20 10:29:50,672.55,1082309
2021-05-20 10:29:51,672.75,1082343
2021-05-20 10:29:52,672.9,1082738
