timestamp,ltp,volume
2021-05-20 09:15:14,2902.55,4619
2021-05-20 09:15:15,2899.55,5395
2021-05-20 09:15:16,2899.0,5610
2021-05-20 09:15:17,2898.0,6855
2021-05-20 09:15:18,2897.45,6857
2021-05-20 09:15:19,2894.55,8377
2021-05-20 09:15:20,2893.1,8430
2021-05-20 09:15:21,2892.9,8949
2021-05-20 09:15:22,2893.65,9281
2021-05-20 09:15:23,2893.05,9487
2021-05-20 09:15:24,2892.75,9747
2021-05-20 09:15:25,2890.15,9860
2021-05-20 09:15:26,2890.05,9987
2021-05-20 09:15:27,2890.55,10186
2021-05-20 09:15:28,2890.0,10230
2021-05-20 09:15:29,2891.05,10435
2021-05-20 09:15:30,2891.05,10554
2021-05-20 09:15:31,2891.0,10675
2021-05-20 09:15:32,2890.15,10850
2021-05-20 09:15:33,2890.3,11432
2021-05-20 09:15:34,2888.05,11513
2021-05-20 09:15:35,2889.8,12772
2021-05-20 09:15:36,2889.75,13064
2021-05-20 09:15:37,2889.7,13092
2021-05-20 09:15:38,2889.75,13170
2021-05-20 09:15:39,2890.6,14066
2021-05-20 09:15:40,2890.6,14228
2021-05-20 09:15:41,2892.85,14259
2021-05-20 09:15:42,2892.35,14325
2021-05-20 09:15:43,2890.35,14343
2021-05-20 09:15:44,2891.85,14369
2021-05-20 09:15:45,2891.75,14392
2021-05-20 09:15:46,2892.15,14526
2021-05-20 09:15:47,2892.25,14573
2021-05-20 09:15:48,2892.2,14583
2021-05-20 09:15:49,2892.25,14690
2021-05-20 09:15:50,2892.25,14716
2021-05-20 09:15:51,2892.25,14736
2021-05-20 09:15:52,2892.3,14971
2021-05-20 09:15:53,2891.05,15026
2021-05-20 09:15:54,2891.05,15026
2021-05-20 09:15:55,2891.05,15141
2021-05-20 09:15:56,2892.35,15489
2021-05-20 09:15:57,2890.75,15499
2021-05-20 09:16:01,2895.1,17155
2021-05-20 09:16:03,2897.6,17325
2021-05-20 09:16:05,2897.3,17447
2021-05-20 09:16:11,2896.25,18221
2021-05-20 09:16:13,2896.8,18552
2021-05-20 09:16:14,2896.8,18569
2021-05-20 09:16:15,2896.8,18569
2021-05-20 09:16:16,2896.8,18569
2021-05-20 09:16:17,2899.45,18919
2021-05-20 09:16:18,2899.15,19107
2021-05-20 09:16:19,2897.45,19173
2021-05-20 09:16:20,2897.95,19482
2021-05-20 09:16:21,2896.4,19551
2021-05-20 09:16:22,2896.5,19651
2021-05-20 09:16:23,2896.8,19775
2021-05-20 09:16:24,2898.75,19904
2021-05-20 09:16:25,2898.7,19938
2021-05-20 09:16:26,2898.7,19950
2021-05-20 09:16:27,2901.5,20233
2021-05-20 09:16:28,2901.55,20338
2021-05-20 09:16:29,2901.55,20338
2021-05-20 09:16:30,2901.8,20455
2021-05-20 09:16:31,2901.85,20613
2021-05-20 09:16:32,2901.85,20636
2021-05-20 09:16:33,2903.45,20814
2021-05-20 09:16:34,2901.6,20905
2021-05-20 09:16:35,2900.35,20906
2021-05-20 09:16:36,2901.75,21110
2021-05-20 09:16:37,2899.2,21311
2021-05-20 09:16:38,2898.2,21719
2021-05-20 09:16:39,2897.65,22030
2021-05-20 09:16:40,2899.55,22639
2021-05-20 09:16:41,2899.5,22849
2021-05-20 09:16:42,2897.35,22868
2021-05-20 09:16:43,2897.35,22868
2021-05-20 09:16:44,2899.55,22930
2021-05-20 09:16:45,2898.05,22992
2021-05-20 09:16:46,2897.35,22997
2021-05-20 09:16:47,2897.35,22999
2021-05-20 09:16:48,2897.45,23156
2021-05-20 09:16:49,2897.45,23947
2021-05-20 09:16:50,2897.0,24082
2021-05-20 09:16:51,2897.0,24082
2021-05-20 09:16:52,2897.75,24210
2021-05-20 09:16:53,2897.45,24235
2021-05-20 09:16:54,2897.0,24379
2021-05-20 09:16:55,2897.75,24416
2021-05-20 09:16:56,2898.0,24442
2021-05-20 09:16:57,2896.3,24443
2021-05-20 09:16:58,2898.0,24497
2021-05-20 09:16:59,2900.15,24619
2021-05-20 09:17:00,2900.1,24679
2021-05-20 09:17:01,2898.5,24708
2021-05-20 09:17:02,2898.5,24721
2021-05-20 09:17:03,2901.0,24931
2021-05-20 09:17:04,2902.0,25123
2021-05-20 09:17:05,2903.05,25231
2021-05-20 09:17:06,2902.4,25246
2021-05-20 09:17:07,2904.35,25275
2021-05-20 09:17:08,2904.15,25292
2021-05-20 09:17:09,2904.15,25292
2021-05-20 09:17:10,2906.45,25631
2021-05-20 09:17:11,2905.0,25682
2021-05-20 09:17:12,2905.0,25693
2021-05-20 09:17:13,2905.0,25731
2021-05-20 09:17:14,2905.0,25731
2021-05-20 09:17:15,2905.0,25731
2021-05-20 09:17:16,2905.45,25937
2021-05-20 09:17:17,2905.45,26035
2021-05-20 09:17:18,2904.35,26546
2021-05-20 09:17:19,2904.15,26652
2021-05-20 09:17:20,2903.8,27150
2021-05-20 09:17:21,2903.55,27297
2021-05-20 09:17:22,2903.55,27308
2021-05-20 09:17:23,2903.55,27308
2021-05-20 09:17:24,2903.45,27342
2021-05-20 09:17:25,2902.25,27376
2021-05-20 09:17:26,2902.0,27808
2021-05-20 09:17:27,2903.15,27958
2021-05-20 09:17:28,2903.0,27974
2021-05-20 09:17:29,2902.05,28185
2021-05-20 09:17:30,2901.55,28209
2021-05-20 09:17:31,2903.8,28638
2021-05-20 09:17:32,2901.5,28798
2021-05-20 09:17:33,2902.25,28813
2021-05-20 09:17:34,2903.9,28843
2021-05-20 09:17:35,2903.95,28893
2021-05-20 09:17:36,2903.9,28927
2021-05-20 09:17:37,2903.9,28927
2021-05-20 09:17:38,2904.35,29426
2021-05-20 09:17:39,2903.4,29517
2021-05-20 09:17:40,2903.4,29517
2021-05-20 09:17:42,2905.45,29745
2021-05-20 09:17:42,2905.0,29537
2021-05-20 09:17:43,2905.0,29793
2021-05-20 09:17:44,2905.0,29793
2021-05-20 09:17:45,2905.4,30030
2021-05-20 09:17:46,2907.6,30074
2021-05-20 09:17:47,2907.6,30078
2021-05-20 09:17:48,2905.6,30079
2021-05-20 09:17:49,2905.6,30079
2021-05-20 09:17:50,2905.0,30279
2021-05-20 09:17:51,2904.8,30316
2021-05-20 09:17:52,2904.8,30316
2021-05-20 09:17:54,2906.3,30318
2021-05-20 09:17:54,2906.4,30408
2021-05-20 09:17:55,2907.6,30526
2021-05-20 09:17:56,2906.3,30544
2021-05-20 09:17:57,2906.3,30545
2021-05-20 09:17:58,2907.6,30651
2021-05-20 09:18:00,2907.55,30693
2021-05-20 09:18:01,2907.6,30728
2021-05-20 09:18:02,2906.3,30748
2021-05-20 09:18:03,2907.55,30798
2021-05-20 09:18:04,2906.3,30809
2021-05-20 09:18:05,2906.3,30809
2021-05-20 09:18:05,2906.3,30809
2021-05-20 09:18:06,2906.3,30809
2021-05-20 09:18:07,2907.4,30814
2021-05-20 09:18:08,2906.3,30815
2021-05-20 09:18:09,2907.4,30855
2021-05-20 09:18:10,2907.4,30855
2021-05-20 09:18:11,2907.4,30855
2021-05-20 09:18:12,2907.4,30855
2021-05-20 09:18:13,2907.4,30910
2021-05-20 09:18:14,2907.4,30916
2021-05-20 09:18:15,2907.4,30967
2021-05-20 09:18:16,2907.5,30968
2021-05-20 09:18:17,2907.4,30973
2021-05-20 09:18:18,2907.4,30973
2021-05-20 09:18:19,2907.4,30973
2021-05-20 09:18:20,2907.5,30993
2021-05-20 09:18:21,2907.4,31015
2021-05-20 09:18:22,2907.4,31015
2021-05-20 09:18:23,2907.5,31022
2021-05-20 09:18:25,2907.4,31033
2021-05-20 09:18:25,2907.4,31043
2021-05-20 09:18:26,2907.4,31043
2021-05-20 09:18:27,2907.4,31043
2021-05-20 09:18:28,2907.5,31048
2021-05-20 09:18:29,2907.5,31058
2021-05-20 09:18:30,2907.5,31098
2021-05-20 09:18:33,2906.5,31154
2021-05-20 09:18:34,2906.0,31606
2021-05-20 09:18:35,2906.2,31755
2021-05-20 09:18:36,2905.0,32846
2021-05-20 09:18:37,2905.75,33591
2021-05-20 09:18:39,2905.0,33689
2021-05-20 09:18:40,2905.0,33731
2021-05-20 09:18:41,2904.45,33746
2021-05-20 09:18:42,2905.15,33844
2021-05-20 09:18:43,2905.5,34202
2021-05-20 09:18:44,2905.75,34266
2021-05-20 09:18:45,2905.75,34266
2021-05-20 09:18:46,2906.0,34464
2021-05-20 09:18:47,2905.8,34551
2021-05-20 09:18:48,2905.0,34603
2021-05-20 09:18:49,2905.25,34630
2021-05-20 09:18:50,2905.0,34632
2021-05-20 09:18:51,2905.0,34632
2021-05-20 09:18:52,2905.0,34636
2021-05-20 09:18:53,2905.0,34636
2021-05-20 09:18:54,2904.15,34645
2021-05-20 09:18:55,2905.65,34765
2021-05-20 09:18:56,2906.95,34915
2021-05-20 09:18:57,2905.45,34936
2021-05-20 09:18:58,2905.55,34938
2021-05-20 09:18:59,2905.55,34938
2021-05-20 09:19:00,2905.45,35120
2021-05-20 09:19:01,2905.0,35153
2021-05-20 09:19:03,2905.0,35153
2021-05-20 09:19:04,2905.0,35165
2021-05-20 09:19:04,2905.0,35165
2021-05-20 09:19:05,2905.0,35277
2021-05-20 09:19:06,2905.45,35322
2021-05-20 09:19:07,2905.4,35347
2021-05-20 09:19:08,2905.35,35358
2021-05-20 09:19:09,2905.35,35376
2021-05-20 09:19:10,2904.2,35401
2021-05-20 09:19:11,2904.2,35401
2021-05-20 09:19:12,2904.2,35401
2021-05-20 09:19:13,2904.15,35738
2021-05-20 09:19:14,2904.0,35750
2021-05-20 09:19:15,2904.05,35924
2021-05-20 09:19:16,2904.0,35953
2021-05-20 09:19:17,2904.1,36153
2021-05-20 09:19:18,2902.45,36189
2021-05-20 09:19:20,2902.55,36219
2021-05-20 09:19:20,2902.55,36219
2021-05-20 09:19:21,2902.55,36219
2021-05-20 09:19:22,2902.55,36219
2021-05-20 09:19:24,2902.55,36219
2021-05-20 09:19:24,2902.55,36219
2021-05-20 09:19:25,2902.7,36249
2021-05-20 09:19:26,2902.8,36513
2021-05-20 09:19:27,2904.05,36832
2021-05-20 09:19:28,2902.5,36886
2021-05-20 09:19:29,2902.5,36886
2021-05-20 09:19:30,2902.5,36886
2021-05-20 09:19:31,2904.1,36968
2021-05-20 09:19:32,2903.0,37002
2021-05-20 09:19:34,2903.0,37002
2021-05-20 09:19:35,2902.65,37057
2021-05-20 09:19:36,2902.55,37071
2021-05-20 09:19:37,2902.55,37071
2021-05-20 09:19:37,2903.85,37074
2021-05-20 09:19:38,2904.2,37674
2021-05-20 09:19:39,2902.75,37685
2021-05-20 09:19:40,2902.5,37781
2021-05-20 09:19:41,2902.5,37781
2021-05-20 09:19:42,2903.95,37831
2021-05-20 09:19:43,2902.75,37851
2021-05-20 09:19:44,2902.75,37866
2021-05-20 09:19:45,2902.75,37882
2021-05-20 09:19:47,2902.9,37998
2021-05-20 09:19:49,2902.55,38080
2021-05-20 09:19:50,2902.6,38090
2021-05-20 09:19:51,2902.6,38090
2021-05-20 09:19:52,2902.6,38090
2021-05-20 09:19:53,2902.6,38090
2021-05-20 09:19:54,2903.5,38105
2021-05-20 09:19:54,2903.5,38105
2021-05-20 09:19:55,2903.55,38120
2021-05-20 09:19:56,2903.55,38140
2021-05-20 09:19:57,2904.0,38385
2021-05-20 09:19:58,2904.0,38437
2021-05-20 09:20:00,2905.0,38640
2021-05-20 09:20:00,2904.0,38689
2021-05-20 09:20:01,2904.0,38689
2021-05-20 09:20:03,2904.0,38689
2021-05-20 09:20:03,2904.0,38689
2021-05-20 09:20:04,2904.6,38848
2021-05-20 09:20:06,2904.5,38932
2021-05-20 09:20:06,2904.7,39035
2021-05-20 09:20:07,2903.5,39089
2021-05-20 09:20:08,2904.45,39100
2021-05-20 09:20:09,2904.45,39102
2021-05-20 09:20:10,2904.0,39105
2021-05-20 09:20:11,2904.0,39105
2021-05-20 09:20:12,2904.6,39115
2021-05-20 09:20:13,2904.6,39304
2021-05-20 09:20:14,2904.6,39399
2021-05-20 09:20:15,2904.0,39409
2021-05-20 09:20:16,2904.0,39469
2021-05-20 09:20:18,2905.0,39826
2021-05-20 09:20:18,2904.5,39892
2021-05-20 09:20:19,2904.5,39892
2021-05-20 09:20:20,2904.5,39892
2021-05-20 09:20:21,2904.5,39892
2021-05-20 09:20:22,2904.5,39892
2021-05-20 09:20:23,2905.0,39902
2021-05-20 09:20:24,2905.0,39902
2021-05-20 09:20:25,2906.35,40062
2021-05-20 09:20:26,2904.65,40092
2021-05-20 09:20:27,2904.65,40092
2021-05-20 09:20:28,2906.1,40103
2021-05-20 09:20:29,2906.1,40103
2021-05-20 09:20:30,2904.65,40104
2021-05-20 09:20:32,2904.65,40104
2021-05-20 09:20:33,2905.0,40203
2021-05-20 09:20:34,2905.0,40223
2021-05-20 09:20:35,2905.0,40223
2021-05-20 09:20:36,2907.0,40823
2021-05-20 09:20:38,2906.85,40930
2021-05-20 09:20:39,2906.85,40930
2021-05-20 09:20:40,2906.85,40930
2021-05-20 09:20:41,2906.95,40981
2021-05-20 09:20:42,2906.85,41001
2021-05-20 09:20:43,2905.0,41013
2021-05-20 09:20:43,2905.0,41013
2021-05-20 09:20:45,2906.8,41023
2021-05-20 09:20:46,2906.8,41023
2021-05-20 09:20:47,2906.0,41117
2021-05-20 09:20:48,2906.0,41127
2021-05-20 09:20:49,2904.95,41260
2021-05-20 09:20:50,2906.0,41335
2021-05-20 09:20:51,2906.65,41387
2021-05-20 09:20:52,2905.95,41481
2021-05-20 09:20:53,2906.75,41642
2021-05-20 09:20:54,2906.85,41752
2021-05-20 09:20:55,2906.85,42077
2021-05-20 09:20:56,2906.6,42260
2021-05-20 09:20:57,2905.05,42283
2021-05-20 09:20:58,2905.1,42333
2021-05-20 09:20:59,2906.95,42437
2021-05-20 09:21:00,2906.85,42474
2021-05-20 09:21:03,2906.8,42910
2021-05-20 09:21:04,2905.75,43547
2021-05-20 09:21:05,2905.6,43588
2021-05-20 09:21:06,2905.15,43657
2021-05-20 09:21:07,2905.15,43659
2021-05-20 09:21:07,2906.0,43660
2021-05-20 09:21:08,2906.0,43660
2021-05-20 09:21:09,2906.0,43663
2021-05-20 09:21:11,2909.0,44278
2021-05-20 09:21:12,2909.5,44496
2021-05-20 09:21:13,2909.95,44599
2021-05-20 09:21:14,2913.45,45625
2021-05-20 09:21:14,2910.0,45143
2021-05-20 09:21:15,2913.75,45695
2021-05-20 09:21:16,2913.75,45695
2021-05-20 09:21:17,2913.75,45695
2021-05-20 09:21:18,2913.45,45925
2021-05-20 09:21:19,2912.2,46075
2021-05-20 09:21:20,2913.15,46249
2021-05-20 09:21:21,2914.7,47013
2021-05-20 09:21:22,2913.8,47171
2021-05-20 09:21:23,2914.0,47173
2021-05-20 09:21:24,2914.2,47188
2021-05-20 09:21:25,2914.45,47308
2021-05-20 09:21:26,2913.0,47317
2021-05-20 09:21:27,2913.0,47317
2021-05-20 09:21:28,2913.0,47317
2021-05-20 09:21:30,2909.75,47903
2021-05-20 09:21:31,2909.0,47923
2021-05-20 09:21:32,2908.75,47937
2021-05-20 09:21:34,2911.1,48241
2021-05-20 09:21:35,2909.75,48267
2021-05-20 09:21:36,2909.75,48274
2021-05-20 09:21:37,2909.75,48275
2021-05-20 09:21:38,2909.75,48275
2021-05-20 09:21:39,2909.75,48275
2021-05-20 09:21:40,2909.75,48290
2021-05-20 09:21:41,2909.75,48290
2021-05-20 09:21:41,2909.95,48313
2021-05-20 09:21:42,2909.95,48313
2021-05-20 09:21:44,2911.2,48341
2021-05-20 09:21:45,2910.0,48351
2021-05-20 09:21:46,2910.0,48351
2021-05-20 09:21:47,2911.6,48463
2021-05-20 09:21:48,2910.0,48484
2021-05-20 09:21:49,2910.0,48484
2021-05-20 09:21:51,2911.9,48494
2021-05-20 09:21:52,2910.4,48558
2021-05-20 09:21:53,2911.95,48611
2021-05-20 09:21:54,2912.4,48781
2021-05-20 09:21:55,2910.7,48818
2021-05-20 09:21:56,2910.85,48823
2021-05-20 09:21:57,2910.15,48973
2021-05-20 09:21:59,2909.05,49039
2021-05-20 09:22:00,2909.05,49039
2021-05-20 09:22:01,2909.3,49053
2021-05-20 09:22:02,2909.3,49053
2021-05-20 09:22:04,2906.05,49789
2021-05-20 09:22:05,2912.5,50975
2021-05-20 09:22:08,2907.85,51143
2021-05-20 09:22:09,2907.85,51230
2021-05-20 09:22:10,2909.95,51287
2021-05-20 09:22:11,2908.1,51337
2021-05-20 09:22:15,2909.8,51655
2021-05-20 09:22:16,2910.25,51669
2021-05-20 09:22:18,2910.2,51690
2021-05-20 09:22:19,2910.2,51690
2021-05-20 09:22:20,2910.2,51690
2021-05-20 09:22:21,2909.45,51700
2021-05-20 09:22:22,2908.35,51710
2021-05-20 09:22:23,2907.1,52112
2021-05-20 09:22:24,2906.25,52145
2021-05-20 09:22:25,2911.0,52441
2021-05-20 09:22:26,2907.0,53247
2021-05-20 09:22:27,2906.4,53276
2021-05-20 09:22:29,2907.95,53561
2021-05-20 09:22:30,2906.95,53590
2021-05-20 09:22:31,2908.0,53601
2021-05-20 09:22:32,2908.0,53602
2021-05-20 09:22:33,2908.0,53602
2021-05-20 09:22:34,2909.45,53702
2021-05-20 09:22:35,2909.95,53724
2021-05-20 09:22:36,2908.55,53734
2021-05-20 09:22:37,2908.55,53734
2021-05-20 09:22:38,2908.55,53734
2021-05-20 09:22:39,2908.45,53740
2021-05-20 09:22:40,2910.05,53753
2021-05-20 09:22:41,2910.05,53753
2021-05-20 09:22:42,2908.55,53764
2021-05-20 09:22:43,2910.15,53765
2021-05-20 09:22:44,2910.15,53765
2021-05-20 09:22:45,2910.15,53765
2021-05-20 09:22:46,2910.15,53765
2021-05-20 09:22:47,2910.15,53765
2021-05-20 09:22:48,2910.15,53765
2021-05-20 09:22:49,2910.15,53765
2021-05-20 09:22:50,2909.05,53776
2021-05-20 09:22:51,2909.95,53789
2021-05-20 09:22:52,2908.35,53794
2021-05-20 09:22:53,2909.85,53798
2021-05-20 09:22:54,2909.85,53798
2021-05-20 09:22:55,2909.85,53798
2021-05-20 09:22:56,2909.8,53808
2021-05-20 09:22:57,2909.85,53809
2021-05-20 09:22:58,2909.85,53811
2021-05-20 09:22:59,2908.15,53971
2021-05-20 09:23:00,2908.1,54005
2021-05-20 09:23:01,2909.65,54051
2021-05-20 09:23:02,2909.65,54051
2021-05-20 09:23:03,2909.0,54056
2021-05-20 09:23:04,2909.0,54057
2021-05-20 09:23:05,2909.65,54062
2021-05-20 09:23:06,2909.0,54072
2021-05-20 09:23:07,2909.65,54076
2021-05-20 09:23:08,2909.0,54078
2021-05-20 09:23:09,2909.85,54278
2021-05-20 09:23:10,2909.6,54283
2021-05-20 09:23:11,2909.6,54283
2021-05-20 09:23:12,2909.6,54286
2021-05-20 09:23:13,2909.85,54391
2021-05-20 09:23:14,2909.0,54405
2021-05-20 09:23:15,2909.0,54405
2021-05-20 09:23:16,2909.0,54405
2021-05-20 09:23:17,2909.85,54420
2021-05-20 09:23:18,2909.85,54420
2021-05-20 09:23:19,2909.85,54420
2021-05-20 09:23:21,2909.0,54481
2021-05-20 09:23:22,2909.0,54481
2021-05-20 09:23:23,2909.0,54501
2021-05-20 09:23:24,2909.0,54501
2021-05-20 09:23:25,2909.0,54501
2021-05-20 09:23:26,2909.0,54527
2021-05-20 09:23:27,2909.0,54538
2021-05-20 09:23:28,2909.0,54538
2021-05-20 09:23:29,2909.7,54548
2021-05-20 09:23:30,2909.75,54565
2021-05-20 09:23:31,2909.0,54567
2021-05-20 09:23:32,2909.0,54567
2021-05-20 09:23:33,2912.35,57077
2021-05-20 09:23:34,2912.3,57606
2021-05-20 09:23:35,2912.35,57620
2021-05-20 09:23:36,2912.15,57625
2021-05-20 09:23:37,2912.15,57625
2021-05-20 09:23:38,2912.15,57626
2021-05-20 09:23:39,2912.15,57676
2021-05-20 09:23:40,2912.15,57686
2021-05-20 09:23:41,2912.15,57686
2021-05-20 09:23:42,2912.0,57697
2021-05-20 09:23:43,2912.4,57710
2021-05-20 09:23:44,2912.4,57710
2021-05-20 09:23:45,2911.65,57712
2021-05-20 09:23:46,2911.65,57712
2021-05-20 09:23:47,2911.65,57712
2021-05-20 09:23:48,2913.2,57822
2021-05-20 09:23:49,2913.7,57847
2021-05-20 09:23:50,2913.7,57847
2021-05-20 09:23:51,2913.7,57847
2021-05-20 09:23:52,2913.6,57897
2021-05-20 09:23:53,2913.7,57934
2021-05-20 09:23:54,2911.8,58149
2021-05-20 09:23:55,2911.0,59012
2021-05-20 09:23:56,2910.5,59072
2021-05-20 09:23:58,2910.9,59186
2021-05-20 09:23:59,2910.9,59186
2021-05-20 09:24:00,2910.9,59186
2021-05-20 09:24:02,2912.1,59221
2021-05-20 09:24:03,2912.9,59384
2021-05-20 09:24:04,2912.1,59411
2021-05-20 09:24:05,2912.1,59411
2021-05-20 09:24:06,2912.1,59411
2021-05-20 09:24:07,2912.1,59411
2021-05-20 09:24:08,2912.1,59411
2021-05-20 09:24:09,2912.1,59411
2021-05-20 09:24:10,2912.1,59411
2021-05-20 09:24:11,2912.1,59415
2021-05-20 09:24:12,2912.1,59415
2021-05-20 09:24:13,2914.0,60066
2021-05-20 09:24:14,2912.7,60181
2021-05-20 09:24:15,2914.5,60559
2021-05-20 09:24:16,2914.0,61264
2021-05-20 09:24:17,2915.9,61607
2021-05-20 09:24:17,2914.55,61649
2021-05-20 09:24:18,2914.55,61649
2021-05-20 09:24:20,2914.95,61853
2021-05-20 09:24:21,2914.35,61886
2021-05-20 09:24:22,2914.35,61886
2021-05-20 09:24:23,2915.0,61929
2021-05-20 09:24:24,2915.0,61929
2021-05-20 09:24:25,2916.75,62160
2021-05-20 09:24:26,2915.25,62210
2021-05-20 09:24:27,2915.25,62210
2021-05-20 09:24:28,2915.4,62306
2021-05-20 09:24:29,2915.6,62329
2021-05-20 09:24:30,2915.6,62329
2021-05-20 09:24:31,2915.6,62329
2021-05-20 09:24:32,2916.2,62331
2021-05-20 09:24:33,2916.2,62331
2021-05-20 09:24:34,2915.4,62333
2021-05-20 09:24:35,2915.3,62393
2021-05-20 09:24:36,2915.35,62395
2021-05-20 09:24:37,2915.45,62410
2021-05-20 09:24:38,2916.7,62722
2021-05-20 09:24:39,2914.8,63364
2021-05-20 09:24:40,2913.4,63399
2021-05-20 09:24:41,2912.8,63467
2021-05-20 09:24:42,2915.1,63717
2021-05-20 09:24:43,2913.1,64092
2021-05-20 09:24:44,2915.5,64233
2021-05-20 09:24:45,2915.35,64253
2021-05-20 09:24:46,2915.35,64253
2021-05-20 09:24:47,2912.7,64379
2021-05-20 09:24:48,2913.7,64498
2021-05-20 09:24:50,2913.7,64515
2021-05-20 09:24:51,2913.7,64515
2021-05-20 09:24:52,2913.7,64532
2021-05-20 09:24:53,2913.7,64533
2021-05-20 09:24:54,2913.9,64543
2021-05-20 09:24:56,2913.6,64561
2021-05-20 09:24:57,2913.6,64561
2021-05-20 09:24:58,2914.85,65069
2021-05-20 09:24:59,2913.8,65120
2021-05-20 09:25:00,2916.75,66239
2021-05-20 09:25:01,2914.85,66429
2021-05-20 09:25:02,2914.8,66449
2021-05-20 09:25:03,2914.85,66461
2021-05-20 09:25:04,2914.7,66462
2021-05-20 09:25:05,2916.3,66543
2021-05-20 09:25:06,2914.7,66557
2021-05-20 09:25:07,2914.7,66557
2021-05-20 09:25:08,2916.3,66558
2021-05-20 09:25:09,2916.3,66558
2021-05-20 09:25:10,2916.3,66558
2021-05-20 09:25:11,2914.9,66581
2021-05-20 09:25:12,2914.9,66581
2021-05-20 09:25:13,2914.15,66620
2021-05-20 09:25:14,2914.15,66631
2021-05-20 09:25:15,2915.0,66641
2021-05-20 09:25:16,2915.0,66656
2021-05-20 09:25:17,2915.0,66656
2021-05-20 09:25:18,2914.55,66858
2021-05-20 09:25:19,2915.75,67159
2021-05-20 09:25:20,2914.5,67186
2021-05-20 09:25:21,2915.75,67231
2021-05-20 09:25:22,2914.5,67232
2021-05-20 09:25:23,2914.5,67232
2021-05-20 09:25:24,2914.5,67232
2021-05-20 09:25:25,2914.9,67332
2021-05-20 09:25:26,2914.05,67391
2021-05-20 09:25:27,2914.2,67425
2021-05-20 09:25:28,2914.2,67437
2021-05-20 09:25:29,2914.2,67437
2021-05-20 09:25:31,2914.9,67469
2021-05-20 09:25:33,2912.95,68376
2021-05-20 09:25:34,2914.05,68705
2021-05-20 09:25:35,2914.05,68705
2021-05-20 09:25:36,2914.05,68705
2021-05-20 09:25:37,2912.95,68753
2021-05-20 09:25:38,2914.05,68783
2021-05-20 09:25:40,2913.3,69136
2021-05-20 09:25:41,2914.55,69239
2021-05-20 09:25:42,2914.5,69326
2021-05-20 09:25:43,2914.0,69349
2021-05-20 09:25:44,2914.55,69369
2021-05-20 09:25:45,2912.45,70148
2021-05-20 09:25:46,2911.65,70172
2021-05-20 09:25:47,2911.0,70197
2021-05-20 09:25:48,2911.65,70367
2021-05-20 09:25:49,2911.4,70400
2021-05-20 09:25:50,2912.95,70402
2021-05-20 09:25:51,2912.95,70402
2021-05-20 09:25:52,2911.3,70418
2021-05-20 09:25:53,2911.3,70468
2021-05-20 09:25:54,2911.3,70468
2021-05-20 09:25:55,2911.3,70488
2021-05-20 09:25:56,2911.2,70726
2021-05-20 09:25:57,2911.5,71115
2021-05-20 09:25:58,2912.0,71496
2021-05-20 09:25:59,2912.1,71777
2021-05-20 09:26:00,2912.3,71780
2021-05-20 09:26:01,2912.15,71831
2021-05-20 09:26:02,2912.15,71831
2021-05-20 09:26:03,2912.15,71837
2021-05-20 09:26:04,2911.75,71920
2021-05-20 09:26:05,2911.35,71995
2021-05-20 09:26:06,2911.2,72158
2021-05-20 09:26:07,2911.0,72185
2021-05-20 09:26:08,2911.0,72185
2021-05-20 09:26:09,2912.4,72188
2021-05-20 09:26:10,2911.55,72984
2021-05-20 09:26:11,2912.55,73248
2021-05-20 09:26:12,2911.5,73314
2021-05-20 09:26:13,2911.5,73316
2021-05-20 09:26:14,2911.5,73316
2021-05-20 09:26:15,2911.5,73316
2021-05-20 09:26:16,2911.55,73366
2021-05-20 09:26:17,2913.1,73414
2021-05-20 09:26:18,2913.1,73414
2021-05-20 09:26:19,2913.25,73461
2021-05-20 09:26:21,2913.1,73516
2021-05-20 09:26:22,2913.1,73516
2021-05-20 09:26:23,2914.0,73517
2021-05-20 09:26:24,2913.2,73566
2021-05-20 09:26:25,2912.35,73854
2021-05-20 09:26:26,2912.05,73902
2021-05-20 09:26:27,2913.0,74227
2021-05-20 09:26:28,2912.0,74300
2021-05-20 09:26:29,2911.9,74314
2021-05-20 09:26:30,2911.9,74315
2021-05-20 09:26:31,2912.2,74381
2021-05-20 09:26:32,2912.3,74408
2021-05-20 09:26:33,2912.3,74408
2021-05-20 09:26:34,2913.2,74545
2021-05-20 09:26:35,2913.45,74680
2021-05-20 09:26:36,2913.55,74725
2021-05-20 09:26:37,2913.55,74730
2021-05-20 09:26:40,2911.85,74775
2021-05-20 09:26:41,2911.85,74775
2021-05-20 09:26:42,2911.85,74775
2021-05-20 09:26:43,2911.85,74785
2021-05-20 09:26:44,2911.7,74895
2021-05-20 09:26:45,2911.7,74919
2021-05-20 09:26:46,2912.55,75039
2021-05-20 09:26:47,2912.05,75078
2021-05-20 09:26:48,2912.55,75080
2021-05-20 09:26:49,2912.55,75080
2021-05-20 09:26:50,2912.55,75080
2021-05-20 09:26:51,2912.05,75086
2021-05-20 09:26:52,2912.05,75086
2021-05-20 09:26:53,2912.25,75091
2021-05-20 09:26:54,2914.4,75393
2021-05-20 09:26:55,2913.55,75482
2021-05-20 09:26:56,2913.55,75482
2021-05-20 09:26:57,2913.55,75482
2021-05-20 09:26:58,2913.55,75482
2021-05-20 09:27:01,2913.55,75482
2021-05-20 09:27:02,2913.55,75482
2021-05-20 09:27:03,2913.55,75482
2021-05-20 09:27:10,2911.05,76458
2021-05-20 09:27:11,2911.0,76473
2021-05-20 09:27:13,2910.25,76625
2021-05-20 09:27:14,2910.25,76625
2021-05-20 09:27:15,2910.05,76725
2021-05-20 09:27:16,2910.0,76741
2021-05-20 09:27:17,2910.2,76747
2021-05-20 09:27:18,2910.2,76747
2021-05-20 09:27:19,2910.0,76829
2021-05-20 09:27:20,2908.3,77424
2021-05-20 09:27:21,2907.7,77984
2021-05-20 09:27:22,2907.25,78118
2021-05-20 09:27:23,2907.3,78135
2021-05-20 09:27:24,2908.4,78177
2021-05-20 09:27:25,2908.4,78177
2021-05-20 09:27:26,2908.4,78177
2021-05-20 09:27:27,2907.2,78223
2021-05-20 09:27:28,2907.15,78239
2021-05-20 09:27:29,2908.4,78317
2021-05-20 09:27:30,2908.4,79267
2021-05-20 09:27:31,2907.7,79587
2021-05-20 09:27:32,2908.8,79650
2021-05-20 09:27:33,2907.0,79828
2021-05-20 09:27:35,2907.0,79847
2021-05-20 09:27:36,2907.0,80076
2021-05-20 09:27:37,2905.0,81252
2021-05-20 09:27:38,2903.1,81433
2021-05-20 09:27:39,2904.8,81616
2021-05-20 09:27:40,2904.8,81665
2021-05-20 09:27:41,2904.9,81670
2021-05-20 09:27:42,2903.25,81770
2021-05-20 09:27:44,2903.25,81770
2021-05-20 09:27:45,2903.25,81770
2021-05-20 09:27:46,2903.25,81770
2021-05-20 09:27:47,2903.0,81838
2021-05-20 09:27:48,2902.75,81922
2021-05-20 09:27:49,2902.75,81949
2021-05-20 09:27:50,2902.75,81949
2021-05-20 09:27:51,2903.35,82016
2021-05-20 09:27:52,2904.0,82242
2021-05-20 09:27:53,2903.7,82387
2021-05-20 09:27:54,2904.15,82423
2021-05-20 09:27:55,2904.15,82423
2021-05-20 09:27:56,2904.15,82438
2021-05-20 09:27:57,2904.05,82439
2021-05-20 09:27:58,2905.0,82441
2021-05-20 09:27:59,2905.0,82441
2021-05-20 09:28:00,2905.2,82483
2021-05-20 09:28:01,2905.2,82490
2021-05-20 09:28:02,2905.2,82490
2021-05-20 09:28:03,2905.2,82502
2021-05-20 09:28:04,2905.2,82503
2021-05-20 09:28:05,2906.1,82510
2021-05-20 09:28:06,2905.0,82523
2021-05-20 09:28:07,2905.0,82690
2021-05-20 09:28:08,2906.0,82728
2021-05-20 09:28:09,2905.0,82729
2021-05-20 09:28:10,2906.0,82730
2021-05-20 09:28:11,2906.0,82730
2021-05-20 09:28:12,2906.0,82730
2021-05-20 09:28:13,2906.0,82730
2021-05-20 09:28:14,2906.0,82730
2021-05-20 09:28:15,2905.0,82731
2021-05-20 09:28:16,2905.0,82759
2021-05-20 09:28:17,2905.0,83038
2021-05-20 09:28:19,2905.0,83114
2021-05-20 09:28:20,2904.4,83116
2021-05-20 09:28:20,2904.4,83125
2021-05-20 09:28:22,2904.2,83140
2021-05-20 09:28:23,2904.2,83140
2021-05-20 09:28:25,2904.9,83168
2021-05-20 09:28:26,2904.25,83178
2021-05-20 09:28:27,2904.25,83182
2021-05-20 09:28:28,2904.25,83182
2021-05-20 09:28:29,2904.25,83186
2021-05-20 09:28:30,2904.25,83186
2021-05-20 09:28:31,2904.25,83186
2021-05-20 09:28:32,2904.25,83186
2021-05-20 09:28:33,2904.25,83186
2021-05-20 09:28:34,2905.9,83492
2021-05-20 09:28:35,2904.4,83549
2021-05-20 09:28:38,2905.0,83641
2021-05-20 09:28:39,2905.0,83641
2021-05-20 09:28:40,2905.0,83646
2021-05-20 09:28:41,2905.0,83646
2021-05-20 09:28:42,2905.0,83646
2021-05-20 09:28:43,2905.0,83646
2021-05-20 09:28:44,2905.05,83651
2021-05-20 09:28:45,2905.1,83652
2021-05-20 09:28:46,2905.1,83652
2021-05-20 09:28:47,2904.9,84019
2021-05-20 09:28:48,2903.45,84021
2021-05-20 09:28:49,2903.5,84080
2021-05-20 09:28:50,2904.15,84527
2021-05-20 09:28:51,2904.45,84630
2021-05-20 09:28:52,2905.7,84933
2021-05-20 09:28:53,2904.5,84990
2021-05-20 09:28:54,2904.5,84990
2021-05-20 09:28:55,2904.5,84990
2021-05-20 09:28:56,2904.5,84990
2021-05-20 09:28:57,2904.6,85010
2021-05-20 09:28:58,2904.6,85010
2021-05-20 09:28:59,2904.6,85010
2021-05-20 09:29:00,2904.6,85020
2021-05-20 09:29:01,2905.15,85025
2021-05-20 09:29:02,2905.15,85025
2021-05-20 09:29:03,2905.15,85075
2021-05-20 09:29:04,2903.0,87027
2021-05-20 09:29:05,2902.8,87528
2021-05-20 09:29:06,2902.8,87528
2021-05-20 09:29:07,2904.25,87583
2021-05-20 09:29:08,2904.0,87623
2021-05-20 09:29:09,2902.8,87647
2021-05-20 09:29:10,2902.8,87647
2021-05-20 09:29:11,2902.8,87647
2021-05-20 09:29:11,2902.8,87647
2021-05-20 09:29:12,2904.3,87690
2021-05-20 09:29:13,2904.0,87692
2021-05-20 09:29:14,2904.0,87692
2021-05-20 09:29:15,2904.0,87693
2021-05-20 09:29:16,2904.0,87693
2021-05-20 09:29:17,2903.0,87695
2021-05-20 09:29:18,2904.1,87958
2021-05-20 09:29:19,2903.25,88053
2021-05-20 09:29:20,2903.25,88053
2021-05-20 09:29:21,2903.25,88053
2021-05-20 09:29:22,2903.25,88056
2021-05-20 09:29:23,2903.25,88081
2021-05-20 09:29:24,2904.0,88258
2021-05-20 09:29:25,2903.0,88291
2021-05-20 09:29:26,2904.1,88540
2021-05-20 09:29:27,2904.1,88601
2021-05-20 09:29:28,2904.1,88601
2021-05-20 09:29:29,2904.55,88901
2021-05-20 09:29:30,2903.5,88926
2021-05-20 09:29:31,2903.75,88928
2021-05-20 09:29:32,2903.75,88935
2021-05-20 09:29:33,2904.6,88965
2021-05-20 09:29:35,2905.0,88967
2021-05-20 09:29:36,2904.25,89025
2021-05-20 09:29:37,2905.0,89061
2021-05-20 09:29:38,2906.5,89133
2021-05-20 09:29:39,2907.4,89555
2021-05-20 09:29:40,2908.6,89639
2021-05-20 09:29:41,2909.85,89644
2021-05-20 09:29:43,2908.6,89676
2021-05-20 09:29:44,2908.6,89676
2021-05-20 09:29:45,2910.0,89978
2021-05-20 09:29:46,2908.7,90085
2021-05-20 09:29:47,2910.0,90238
2021-05-20 09:29:48,2910.0,90238
2021-05-20 09:29:49,2908.6,90538
2021-05-20 09:29:50,2908.6,90760
2021-05-20 09:29:51,2908.65,91015
2021-05-20 09:29:52,2908.7,91057
2021-05-20 09:29:53,2908.7,91065
2021-05-20 09:29:54,2908.7,91065
2021-05-20 09:29:55,2908.7,91065
2021-05-20 09:29:56,2905.8,93946
2021-05-20 09:29:57,2906.7,94504
2021-05-20 09:29:58,2910.0,94880
2021-05-20 09:29:59,2909.95,95549
2021-05-20 09:30:00,2911.3,96056
2021-05-20 09:30:01,2911.3,96283
2021-05-20 09:30:01,2910.1,96318
2021-05-20 09:30:02,2911.3,96319
2021-05-20 09:30:03,2910.1,96322
2021-05-20 09:30:04,2911.35,96622
2021-05-20 09:30:05,2910.15,96677
2021-05-20 09:30:06,2910.15,96677
2021-05-20 09:30:07,2908.75,97338
2021-05-20 09:30:08,2907.8,97363
2021-05-20 09:30:09,2907.8,97363
2021-05-20 09:30:11,2907.8,97447
2021-05-20 09:30:12,2907.8,97447
2021-05-20 09:30:13,2907.8,97447
2021-05-20 09:30:14,2907.8,97447
2021-05-20 09:30:15,2907.8,97449
2021-05-20 09:30:16,2906.3,97459
2021-05-20 09:30:17,2906.7,97460
2021-05-20 09:30:18,2905.0,97462
2021-05-20 09:30:19,2905.0,97462
2021-05-20 09:30:20,2906.05,97516
2021-05-20 09:30:21,2906.05,97516
2021-05-20 09:30:22,2905.0,97554
2021-05-20 09:30:23,2905.0,97555
2021-05-20 09:30:23,2905.0,97556
2021-05-20 09:30:24,2905.0,97556
2021-05-20 09:30:25,2903.4,97825
2021-05-20 09:30:26,2903.0,98227
2021-05-20 09:30:27,2903.45,98387
2021-05-20 09:30:28,2903.1,98405
2021-05-20 09:30:29,2907.8,99070
2021-05-20 09:30:30,2905.0,99259
2021-05-20 09:30:31,2907.5,99478
2021-05-20 09:30:32,2908.05,99523
2021-05-20 09:30:33,2907.1,99617
2021-05-20 09:30:34,2907.1,99635
2021-05-20 09:30:35,2907.85,99704
2021-05-20 09:30:36,2906.5,99719
2021-05-20 09:30:37,2907.85,99722
2021-05-20 09:30:38,2908.4,99980
2021-05-20 09:30:39,2905.35,100183
2021-05-20 09:30:40,2905.35,100183
2021-05-20 09:30:41,2906.45,100191
2021-05-20 09:30:42,2906.45,100198
2021-05-20 09:30:44,2906.85,100224
2021-05-20 09:30:45,2907.15,100310
2021-05-20 09:30:45,2905.3,100327
2021-05-20 09:30:47,2906.95,100328
2021-05-20 09:30:48,2906.95,100328
2021-05-20 09:30:49,2907.75,100634
2021-05-20 09:30:50,2905.25,100635
2021-05-20 09:30:51,2905.25,100635
2021-05-20 09:30:52,2905.25,100635
2021-05-20 09:30:53,2905.25,100635
2021-05-20 09:30:54,2905.25,100635
2021-05-20 09:30:55,2905.25,100635
2021-05-20 09:30:56,2905.25,100644
2021-05-20 09:30:57,2904.0,100780
2021-05-20 09:30:57,2904.0,100797
2021-05-20 09:30:59,2905.25,100802
2021-05-20 09:31:00,2905.25,100852
2021-05-20 09:31:01,2906.15,100870
2021-05-20 09:31:02,2906.15,100870
2021-05-20 09:31:03,2906.15,100870
2021-05-20 09:31:04,2904.7,100872
2021-05-20 09:31:05,2903.4,100880
2021-05-20 09:31:06,2904.05,100929
2021-05-20 09:31:07,2903.15,100943
2021-05-20 09:31:08,2903.15,100943
2021-05-20 09:31:09,2904.4,100957
2021-05-20 09:31:10,2904.4,100973
2021-05-20 09:31:11,2904.4,100980
2021-05-20 09:31:12,2904.45,101003
2021-05-20 09:31:14,2904.45,101047
2021-05-20 09:31:16,2904.45,101047
2021-05-20 09:31:17,2903.75,101136
2021-05-20 09:31:18,2903.75,101136
2021-05-20 09:31:19,2903.0,101564
2021-05-20 09:31:20,2903.0,101743
2021-05-20 09:31:21,2903.75,101775
2021-05-20 09:31:22,2903.75,101775
2021-05-20 09:31:23,2903.8,101776
2021-05-20 09:31:25,2902.4,102110
2021-05-20 09:31:26,2902.1,102194
2021-05-20 09:31:27,2901.85,102407
2021-05-20 09:31:28,2901.5,102443
2021-05-20 09:31:29,2901.5,102443
2021-05-20 09:31:31,2901.5,102443
2021-05-20 09:31:32,2901.5,102443
2021-05-20 09:31:35,2901.1,102640
2021-05-20 09:31:36,2900.6,102762
2021-05-20 09:31:37,2900.6,102762
2021-05-20 09:31:38,2902.0,102872
2021-05-20 09:31:40,2900.6,102877
2021-05-20 09:31:43,2900.0,102905
2021-05-20 09:31:45,2900.0,103501
2021-05-20 09:31:46,2897.75,104169
2021-05-20 09:31:46,2899.95,103803
2021-05-20 09:31:47,2898.15,104257
2021-05-20 09:31:48,2898.15,104257
2021-05-20 09:31:50,2898.0,104379
2021-05-20 09:31:51,2898.1,104399
2021-05-20 09:31:52,2898.45,104419
2021-05-20 09:31:53,2898.1,104454
2021-05-20 09:31:54,2898.1,104519
2021-05-20 09:31:55,2898.1,104641
2021-05-20 09:31:56,2897.1,104684
2021-05-20 09:31:57,2897.1,104716
2021-05-20 09:31:58,2897.35,104727
2021-05-20 09:32:00,2895.5,106372
2021-05-20 09:32:01,2894.4,106541
2021-05-20 09:32:03,2893.45,107094
2021-05-20 09:32:02,2894.35,106885
2021-05-20 09:32:04,2892.5,107167
2021-05-20 09:32:05,2894.9,107327
2021-05-20 09:32:06,2894.9,107397
2021-05-20 09:32:07,2894.9,107397
2021-05-20 09:32:08,2896.25,107644
2021-05-20 09:32:09,2895.0,107937
2021-05-20 09:32:10,2896.7,108056
2021-05-20 09:32:11,2895.0,108085
2021-05-20 09:32:12,2896.4,108135
2021-05-20 09:32:13,2896.2,108170
2021-05-20 09:32:14,2894.9,108180
2021-05-20 09:32:15,2893.45,108363
2021-05-20 09:32:16,2893.45,108468
2021-05-20 09:32:17,2891.55,108471
2021-05-20 09:32:18,2891.55,108471
2021-05-20 09:32:20,2891.55,108471
2021-05-20 09:32:21,2892.9,108594
2021-05-20 09:32:22,2893.75,108788
2021-05-20 09:32:23,2892.3,108819
2021-05-20 09:32:24,2893.8,108844
2021-05-20 09:32:25,2892.3,108845
2021-05-20 09:32:26,2894.85,108846
2021-05-20 09:32:27,2894.05,108848
2021-05-20 09:32:28,2894.05,108848
2021-05-20 09:32:29,2893.85,108878
2021-05-20 09:32:30,2893.8,108897
2021-05-20 09:32:31,2896.2,109903
2021-05-20 09:32:32,2895.9,109949
2021-05-20 09:32:33,2895.0,109977
2021-05-20 09:32:34,2894.2,109995
2021-05-20 09:32:35,2894.2,109995
2021-05-20 09:32:36,2895.0,110015
2021-05-20 09:32:37,2895.0,110015
2021-05-20 09:32:38,2895.0,110318
2021-05-20 09:32:39,2894.2,110373
2021-05-20 09:32:40,2894.2,110373
2021-05-20 09:32:41,2893.85,110652
2021-05-20 09:32:42,2893.85,110661
2021-05-20 09:32:43,2893.0,110668
2021-05-20 09:32:43,2892.45,110673
2021-05-20 09:32:44,2892.35,110674
2021-05-20 09:32:47,2891.35,113999
2021-05-20 09:32:48,2890.0,114170
2021-05-20 09:32:48,2890.2,114181
2021-05-20 09:32:49,2890.0,114203
2021-05-20 09:32:50,2891.75,114329
2021-05-20 09:32:51,2891.7,114371
2021-05-20 09:32:53,2890.25,114372
2021-05-20 09:32:54,2891.35,114384
2021-05-20 09:32:55,2890.05,114385
2021-05-20 09:32:56,2891.1,114410
2021-05-20 09:32:57,2890.5,114600
2021-05-20 09:32:58,2890.65,114709
2021-05-20 09:32:59,2888.6,114725
2021-05-20 09:33:00,2890.45,114772
2021-05-20 09:33:01,2890.45,114772
2021-05-20 09:33:02,2890.8,114825
2021-05-20 09:33:03,2891.05,114849
2021-05-20 09:33:04,2891.05,114850
2021-05-20 09:33:04,2891.05,114850
2021-05-20 09:33:05,2890.95,114932
2021-05-20 09:33:06,2890.95,115452
2021-05-20 09:33:07,2891.15,115592
2021-05-20 09:33:08,2889.25,115603
2021-05-20 09:33:09,2890.45,115803
2021-05-20 09:33:10,2890.55,115945
2021-05-20 09:33:11,2890.55,115964
2021-05-20 09:33:12,2889.8,115974
2021-05-20 09:33:13,2890.2,116006
2021-05-20 09:33:14,2890.55,116049
2021-05-20 09:33:15,2889.55,116552
2021-05-20 09:33:16,2890.95,116646
2021-05-20 09:33:17,2889.6,116647
2021-05-20 09:33:18,2889.6,116651
2021-05-20 09:33:19,2889.6,116652
2021-05-20 09:33:20,2888.95,116658
2021-05-20 09:33:21,2887.0,117254
2021-05-20 09:33:22,2889.2,117792
2021-05-20 09:33:23,2889.2,117856
2021-05-20 09:33:24,2888.7,117858
2021-05-20 09:33:25,2889.9,117875
2021-05-20 09:33:28,2889.95,117980
2021-05-20 09:33:28,2889.95,117980
2021-05-20 09:33:29,2890.0,117982
2021-05-20 09:33:32,2890.35,118026
2021-05-20 09:33:33,2890.75,118162
2021-05-20 09:33:34,2890.85,118250
2021-05-20 09:33:35,2890.9,118262
2021-05-20 09:33:36,2890.85,118264
2021-05-20 09:33:37,2890.85,118264
2021-05-20 09:33:39,2892.15,118747
2021-05-20 09:33:40,2890.05,118930
2021-05-20 09:33:40,2889.35,118950
2021-05-20 09:33:41,2890.2,118955
2021-05-20 09:33:42,2889.35,118974
2021-05-20 09:33:43,2890.0,119046
2021-05-20 09:33:44,2891.0,119118
2021-05-20 09:33:45,2889.4,119120
2021-05-20 09:33:46,2889.0,119167
2021-05-20 09:33:47,2889.0,119176
2021-05-20 09:33:48,2889.4,119194
2021-05-20 09:33:49,2891.0,119207
2021-05-20 09:33:51,2891.6,119212
2021-05-20 09:33:53,2891.1,119216
2021-05-20 09:33:52,2890.9,119215
2021-05-20 09:33:54,2891.1,119216
2021-05-20 09:33:54,2890.0,119217
2021-05-20 09:33:56,2889.0,119255
2021-05-20 09:33:56,2890.0,119244
2021-05-20 09:33:57,2889.8,119273
2021-05-20 09:33:58,2889.8,119273
2021-05-20 09:33:59,2889.8,119274
2021-05-20 09:34:00,2889.8,119277
2021-05-20 09:34:01,2889.05,119281
2021-05-20 09:34:02,2890.0,119297
2021-05-20 09:34:03,2890.0,119297
2021-05-20 09:34:04,2891.1,119360
2021-05-20 09:34:05,2890.0,119380
2021-05-20 09:34:06,2890.0,119714
2021-05-20 09:34:07,2890.0,119818
2021-05-20 09:34:08,2890.25,119854
2021-05-20 09:34:09,2890.25,119868
2021-05-20 09:34:10,2889.0,120040
2021-05-20 09:34:11,2889.0,120070
2021-05-20 09:34:13,2890.4,120072
2021-05-20 09:34:13,2890.2,120121
2021-05-20 09:34:14,2890.2,120121
2021-05-20 09:34:15,2890.4,120132
2021-05-20 09:34:16,2889.15,120144
2021-05-20 09:34:17,2889.15,120144
2021-05-20 09:34:18,2889.15,120144
2021-05-20 09:34:19,2889.15,120144
2021-05-20 09:34:20,2889.15,120144
2021-05-20 09:34:22,2890.3,120280
2021-05-20 09:34:23,2888.7,120510
2021-05-20 09:34:24,2885.65,121112
2021-05-20 09:34:24,2885.0,121407
2021-05-20 09:34:27,2885.0,122936
2021-05-20 09:34:29,2884.2,123089
2021-05-20 09:34:30,2884.8,123138
2021-05-20 09:34:31,2884.2,123255
2021-05-20 09:34:32,2881.25,123287
2021-05-20 09:34:34,2884.1,123932
2021-05-20 09:34:35,2882.35,124029
2021-05-20 09:34:36,2882.45,124046
2021-05-20 09:34:37,2882.85,124048
2021-05-20 09:34:38,2882.85,124048
2021-05-20 09:34:39,2882.35,124138
2021-05-20 09:34:40,2882.35,124204
2021-05-20 09:34:41,2882.95,124325
2021-05-20 09:34:42,2882.35,124355
2021-05-20 09:34:44,2882.35,124385
2021-05-20 09:34:45,2882.35,124395
2021-05-20 09:34:46,2882.95,124520
2021-05-20 09:34:46,2882.35,124533
2021-05-20 09:34:47,2880.7,124788
2021-05-20 09:34:48,2886.65,125576
2021-05-20 09:34:49,2887.8,125764
2021-05-20 09:34:50,2888.25,125785
2021-05-20 09:34:51,2886.3,125809
2021-05-20 09:34:53,2885.65,125846
2021-05-20 09:34:54,2885.6,125853
2021-05-20 09:34:55,2885.4,125863
2021-05-20 09:34:56,2883.35,125869
2021-05-20 09:34:57,2885.1,125894
2021-05-20 09:34:58,2886.55,126206
2021-05-20 09:34:59,2885.7,126266
2021-05-20 09:35:00,2885.6,126281
2021-05-20 09:35:01,2885.7,126353
2021-05-20 09:35:02,2886.6,126379
2021-05-20 09:35:03,2886.6,126379
2021-05-20 09:35:04,2885.5,126382
2021-05-20 09:35:05,2885.5,126382
2021-05-20 09:35:06,2885.5,126382
2021-05-20 09:35:07,2885.5,126382
2021-05-20 09:35:07,2884.25,126411
2021-05-20 09:35:08,2887.4,126711
2021-05-20 09:35:10,2885.0,126774
2021-05-20 09:35:11,2885.0,126774
2021-05-20 09:35:12,2887.5,126874
2021-05-20 09:35:13,2886.1,126892
2021-05-20 09:35:14,2886.1,126892
2021-05-20 09:35:15,2887.6,127103
2021-05-20 09:35:16,2888.05,127145
2021-05-20 09:35:17,2886.45,127150
2021-05-20 09:35:18,2888.2,127155
2021-05-20 09:35:19,2888.3,127159
2021-05-20 09:35:20,2886.5,127220
2021-05-20 09:35:21,2888.35,127240
2021-05-20 09:35:22,2888.9,127322
2021-05-20 09:35:23,2888.7,127337
2021-05-20 09:35:24,2888.2,127338
2021-05-20 09:35:25,2888.2,127339
2021-05-20 09:35:26,2889.85,127368
2021-05-20 09:35:27,2889.85,127368
2021-05-20 09:35:31,2890.25,127715
2021-05-20 09:35:32,2890.2,127787
2021-05-20 09:35:33,2890.25,127792
2021-05-20 09:35:34,2890.25,127801
2021-05-20 09:35:36,2891.6,127830
2021-05-20 09:35:37,2890.9,127831
2021-05-20 09:35:38,2891.95,127835
2021-05-20 09:35:39,2892.85,127855
2021-05-20 09:35:40,2892.4,127969
2021-05-20 09:35:41,2892.65,128002
2021-05-20 09:35:42,2891.6,128040
2021-05-20 09:35:43,2891.6,128040
2021-05-20 09:35:44,2891.6,128054
2021-05-20 09:35:45,2891.0,128066
2021-05-20 09:35:46,2891.35,128168
2021-05-20 09:35:47,2890.1,128313
2021-05-20 09:35:48,2890.35,128334
2021-05-20 09:35:49,2889.75,128349
2021-05-20 09:35:50,2889.75,128349
2021-05-20 09:35:51,2890.0,128353
2021-05-20 09:35:52,2890.0,128382
2021-05-20 09:35:54,2890.95,128488
2021-05-20 09:35:55,2889.95,128498
2021-05-20 09:35:56,2890.0,128506
2021-05-20 09:35:57,2890.0,128507
2021-05-20 09:35:58,2890.0,128507
2021-05-20 09:36:00,2891.0,128900
2021-05-20 09:36:01,2889.8,128973
2021-05-20 09:36:02,2889.75,129013
2021-05-20 09:36:03,2889.75,129013
2021-05-20 09:36:04,2891.0,129036
2021-05-20 09:36:05,2889.85,129049
2021-05-20 09:36:06,2889.8,129100
2021-05-20 09:36:07,2889.15,129101
2021-05-20 09:36:08,2889.15,129108
2021-05-20 09:36:09,2889.15,129119
2021-05-20 09:36:10,2890.0,129129
2021-05-20 09:36:11,2888.9,129139
2021-05-20 09:36:12,2889.0,129140
2021-05-20 09:36:13,2890.0,129141
2021-05-20 09:36:14,2890.0,129141
2021-05-20 09:36:15,2889.0,129143
2021-05-20 09:36:16,2889.0,129144
2021-05-20 09:36:17,2889.1,129191
2021-05-20 09:36:18,2889.4,129405
2021-05-20 09:36:19,2889.0,129456
2021-05-20 09:36:20,2889.0,129466
2021-05-20 09:36:21,2889.0,129466
2021-05-20 09:36:22,2889.0,129525
2021-05-20 09:36:23,2889.0,129525
2021-05-20 09:36:24,2888.25,129537
2021-05-20 09:36:25,2888.25,129537
2021-05-20 09:36:26,2888.25,129537
2021-05-20 09:36:27,2888.25,129537
2021-05-20 09:36:28,2888.25,129537
2021-05-20 09:36:29,2888.25,129537
2021-05-20 09:36:30,2888.7,129571
2021-05-20 09:36:31,2888.0,129611
2021-05-20 09:36:32,2888.0,129611
2021-05-20 09:36:33,2886.1,129881
2021-05-20 09:36:34,2888.0,129938
2021-05-20 09:36:35,2888.0,129938
2021-05-20 09:36:36,2887.25,129998
2021-05-20 09:36:37,2887.25,130010
2021-05-20 09:36:38,2887.25,130010
2021-05-20 09:36:39,2888.4,130100
2021-05-20 09:36:40,2888.8,130417
2021-05-20 09:36:41,2888.15,130450
2021-05-20 09:36:42,2888.15,130450
2021-05-20 09:36:43,2888.8,130500
2021-05-20 09:36:44,2888.0,130507
2021-05-20 09:36:45,2888.1,130561
2021-05-20 09:36:46,2888.4,130668
2021-05-20 09:36:47,2888.15,130684
2021-05-20 09:36:48,2888.15,130724
2021-05-20 09:36:49,2888.15,130724
2021-05-20 09:36:50,2888.15,130724
2021-05-20 09:36:51,2888.2,130725
2021-05-20 09:36:52,2889.15,130811
2021-05-20 09:36:53,2889.05,130842
2021-05-20 09:36:54,2889.05,130852
2021-05-20 09:36:55,2890.0,130894
2021-05-20 09:36:56,2890.65,130905
2021-05-20 09:36:57,2890.0,130927
2021-05-20 09:36:58,2890.0,130927
2021-05-20 09:37:00,2890.7,130932
2021-05-20 09:37:01,2890.7,130932
2021-05-20 09:37:02,2890.7,130932
2021-05-20 09:37:03,2890.0,130936
2021-05-20 09:37:04,2890.0,130936
2021-05-20 09:37:05,2890.7,130938
2021-05-20 09:37:06,2890.7,130938
2021-05-20 09:37:07,2890.7,130938
2021-05-20 09:37:08,2890.7,130938
2021-05-20 09:37:09,2890.7,130938
2021-05-20 09:37:10,2890.05,130943
2021-05-20 09:37:11,2890.05,130943
2021-05-20 09:37:12,2890.05,130943
2021-05-20 09:37:13,2890.05,130943
2021-05-20 09:37:14,2890.05,130943
2021-05-20 09:37:15,2890.05,130943
2021-05-20 09:37:16,2890.7,130949
2021-05-20 09:37:17,2890.7,130949
2021-05-20 09:37:18,2890.7,130949
2021-05-20 09:37:22,2890.05,131091
2021-05-20 09:37:23,2890.05,131097
2021-05-20 09:37:25,2889.65,131519
2021-05-20 09:37:27,2889.55,131521
2021-05-20 09:37:29,2889.55,131521
2021-05-20 09:37:30,2889.55,131521
2021-05-20 09:37:31,2889.55,131521
2021-05-20 09:37:32,2889.1,131522
2021-05-20 09:37:33,2889.15,131547
2021-05-20 09:37:34,2889.15,131547
2021-05-20 09:37:35,2889.15,131547
2021-05-20 09:37:37,2889.0,131551
2021-05-20 09:37:36,2889.0,131551
2021-05-20 09:37:38,2889.1,132056
2021-05-20 09:37:39,2888.4,132083
2021-05-20 09:37:40,2888.4,132091
2021-05-20 09:37:41,2888.2,132095
2021-05-20 09:37:42,2888.4,132120
2021-05-20 09:37:43,2888.0,132156
2021-05-20 09:37:45,2887.3,132161
2021-05-20 09:37:46,2888.2,132197
2021-05-20 09:37:47,2888.2,132237
2021-05-20 09:37:48,2888.2,132242
2021-05-20 09:37:49,2888.2,132242
2021-05-20 09:37:50,2888.2,132242
2021-05-20 09:37:51,2888.2,132242
2021-05-20 09:37:52,2888.2,132242
2021-05-20 09:37:53,2888.2,132242
2021-05-20 09:37:54,2888.2,132242
2021-05-20 09:37:55,2888.2,132245
2021-05-20 09:37:56,2887.05,132249
2021-05-20 09:37:57,2887.05,132249
2021-05-20 09:37:58,2887.0,132252
2021-05-20 09:37:59,2887.0,132264
2021-05-20 09:38:02,2887.05,132292
2021-05-20 09:38:03,2887.05,132295
2021-05-20 09:38:04,2887.05,132295
2021-05-20 09:38:05,2887.05,132295
2021-05-20 09:38:07,2887.1,132343
2021-05-20 09:38:08,2887.1,132352
2021-05-20 09:38:10,2888.0,132357
2021-05-20 09:38:11,2887.15,132359
2021-05-20 09:38:12,2888.0,132491
2021-05-20 09:38:13,2887.05,132524
2021-05-20 09:38:14,2887.05,132524
2021-05-20 09:38:15,2887.05,132524
2021-05-20 09:38:16,2888.0,132544
2021-05-20 09:38:17,2888.0,132554
2021-05-20 09:38:18,2886.6,132565
2021-05-20 09:38:19,2886.6,132565
2021-05-20 09:38:20,2886.6,132565
2021-05-20 09:38:21,2886.6,132565
2021-05-20 09:38:22,2886.6,132565
2021-05-20 09:38:23,2886.75,132572
2021-05-20 09:38:25,2886.65,132596
2021-05-20 09:38:26,2886.6,132600
2021-05-20 09:38:27,2886.6,132600
2021-05-20 09:38:28,2887.5,132601
2021-05-20 09:38:29,2887.5,132644
2021-05-20 09:38:30,2886.75,132685
2021-05-20 09:38:33,2887.5,132711
2021-05-20 09:38:34,2887.5,132711
2021-05-20 09:38:35,2887.5,132711
2021-05-20 09:38:36,2887.5,132716
2021-05-20 09:38:37,2886.4,133016
2021-05-20 09:38:38,2886.4,133016
2021-05-20 09:38:39,2887.0,133066
2021-05-20 09:38:40,2887.0,133069
2021-05-20 09:38:41,2887.0,133069
2021-05-20 09:38:42,2887.0,133104
2021-05-20 09:38:44,2887.0,133105
2021-05-20 09:38:44,2887.0,133105
2021-05-20 09:38:45,2887.0,133106
2021-05-20 09:38:46,2887.0,133106
2021-05-20 09:38:47,2887.0,133127
2021-05-20 09:38:48,2884.8,133646
2021-05-20 09:38:49,2883.05,133781
2021-05-20 09:38:50,2883.05,133781
2021-05-20 09:38:51,2885.35,133815
2021-05-20 09:38:52,2885.4,133909
2021-05-20 09:38:53,2884.2,133927
2021-05-20 09:38:54,2884.2,133927
2021-05-20 09:38:55,2885.4,133928
2021-05-20 09:38:56,2885.4,133988
2021-05-20 09:38:57,2885.4,134071
2021-05-20 09:38:58,2885.4,134084
2021-05-20 09:38:59,2885.8,134089
2021-05-20 09:39:00,2885.4,134167
2021-05-20 09:39:01,2885.4,134244
2021-05-20 09:39:02,2885.4,134264
2021-05-20 09:39:03,2885.4,134264
2021-05-20 09:39:04,2885.75,134279
2021-05-20 09:39:05,2885.4,134309
2021-05-20 09:39:06,2885.0,134344
2021-05-20 09:39:07,2885.8,134453
2021-05-20 09:39:08,2885.6,134498
2021-05-20 09:39:09,2885.0,134500
2021-05-20 09:39:10,2885.0,134514
2021-05-20 09:39:11,2885.0,134516
2021-05-20 09:39:12,2884.8,134621
2021-05-20 09:39:13,2884.1,134697
2021-05-20 09:39:14,2885.7,134699
2021-05-20 09:39:15,2885.0,134701
2021-05-20 09:39:16,2885.0,134761
2021-05-20 09:39:17,2883.7,134776
2021-05-20 09:39:18,2883.55,134787
2021-05-20 09:39:19,2885.4,134796
2021-05-20 09:39:20,2885.8,135296
2021-05-20 09:39:22,2884.9,135595
2021-05-20 09:39:23,2883.7,135632
2021-05-20 09:39:24,2883.7,135632
2021-05-20 09:39:25,2883.7,135632
2021-05-20 09:39:26,2885.1,135932
2021-05-20 09:39:29,2883.95,136067
2021-05-20 09:39:30,2883.95,136067
2021-05-20 09:39:31,2884.0,136069
2021-05-20 09:39:32,2884.0,136069
2021-05-20 09:39:33,2887.5,136863
2021-05-20 09:39:34,2887.25,136960
2021-05-20 09:39:35,2887.25,136960
2021-05-20 09:39:36,2887.3,137046
2021-05-20 09:39:37,2887.15,137056
2021-05-20 09:39:38,2887.15,137056
2021-05-20 09:39:39,2887.15,137061
2021-05-20 09:39:40,2888.0,137068
2021-05-20 09:39:41,2887.2,137071
2021-05-20 09:39:42,2887.2,137071
2021-05-20 09:39:43,2888.4,137100
2021-05-20 09:39:44,2889.0,137156
2021-05-20 09:39:45,2888.65,137174
2021-05-20 09:39:46,2888.65,137174
2021-05-20 09:39:47,2888.65,137174
2021-05-20 09:39:48,2889.75,137199
2021-05-20 09:39:49,2888.45,137249
2021-05-20 09:39:50,2888.45,137262
2021-05-20 09:39:52,2889.0,137286
2021-05-20 09:39:53,2889.25,137595
2021-05-20 09:39:54,2889.25,137610
2021-05-20 09:39:55,2889.0,137636
2021-05-20 09:39:56,2889.0,137636
2021-05-20 09:39:57,2889.25,137696
2021-05-20 09:39:58,2889.25,137696
2021-05-20 09:39:59,2889.0,137700
2021-05-20 09:40:00,2889.25,137732
2021-05-20 09:40:01,2889.3,137768
2021-05-20 09:40:03,2891.0,138199
2021-05-20 09:40:04,2892.65,138280
2021-05-20 09:40:05,2893.05,138789
2021-05-20 09:40:05,2892.0,138879
2021-05-20 09:40:06,2892.0,138879
2021-05-20 09:40:07,2893.05,138885
2021-05-20 09:40:08,2894.0,139018
2021-05-20 09:40:10,2893.05,139283
2021-05-20 09:40:11,2891.7,139299
2021-05-20 09:40:12,2891.7,139321
2021-05-20 09:40:13,2891.7,139321
2021-05-20 09:40:14,2891.7,139321
2021-05-20 09:40:15,2891.7,139322
2021-05-20 09:40:16,2891.7,139324
2021-05-20 09:40:18,2891.7,139325
2021-05-20 09:40:19,2892.0,139335
2021-05-20 09:40:20,2892.35,139345
2021-05-20 09:40:21,2892.35,139345
2021-05-20 09:40:22,2892.35,139345
2021-05-20 09:40:23,2892.95,139361
2021-05-20 09:40:24,2893.0,139374
2021-05-20 09:40:25,2893.0,139374
2021-05-20 09:40:25,2893.0,139377
2021-05-20 09:40:26,2893.0,139378
2021-05-20 09:40:27,2893.0,139378
2021-05-20 09:40:28,2893.0,139378
2021-05-20 09:40:29,2893.0,139378
2021-05-20 09:40:30,2892.95,139380
2021-05-20 09:40:31,2892.0,139405
2021-05-20 09:40:32,2890.4,139418
2021-05-20 09:40:33,2892.1,139428
2021-05-20 09:40:34,2892.5,139458
2021-05-20 09:40:35,2892.6,139475
2021-05-20 09:40:37,2892.6,139480
2021-05-20 09:40:38,2892.95,139497
2021-05-20 09:40:39,2892.95,139497
2021-05-20 09:40:40,2892.95,139498
2021-05-20 09:40:41,2891.25,139510
2021-05-20 09:40:42,2892.9,139515
2021-05-20 09:40:43,2892.9,139515
2021-05-20 09:40:44,2892.9,139541
2021-05-20 09:40:45,2891.2,139554
2021-05-20 09:40:47,2891.2,139554
2021-05-20 09:40:49,2892.9,139562
2021-05-20 09:40:50,2892.9,139562
2021-05-20 09:40:51,2892.9,139562
2021-05-20 09:40:52,2892.9,139562
2021-05-20 09:40:53,2892.8,139564
2021-05-20 09:40:54,2892.8,139564
2021-05-20 09:40:55,2892.6,139565
2021-05-20 09:40:56,2892.6,139565
2021-05-20 09:40:59,2892.8,139574
2021-05-20 09:41:00,2893.0,140208
2021-05-20 09:41:01,2892.4,140323
2021-05-20 09:41:02,2892.4,140323
2021-05-20 09:41:03,2892.4,140323
2021-05-20 09:41:04,2892.0,140360
2021-05-20 09:41:05,2892.0,140360
2021-05-20 09:41:07,2892.9,140363
2021-05-20 09:41:08,2892.9,140364
2021-05-20 09:41:09,2892.0,140376
2021-05-20 09:41:10,2892.9,140387
2021-05-20 09:41:11,2892.9,140387
2021-05-20 09:41:12,2891.2,140637
2021-05-20 09:41:13,2891.55,140681
2021-05-20 09:41:14,2892.0,140687
2021-05-20 09:41:15,2892.1,140871
2021-05-20 09:41:16,2891.55,140909
2021-05-20 09:41:17,2891.05,140921
2021-05-20 09:41:18,2890.9,141215
2021-05-20 09:41:19,2890.9,141215
2021-05-20 09:41:20,2890.9,141215
2021-05-20 09:41:21,2890.9,141215
2021-05-20 09:41:22,2890.0,141245
2021-05-20 09:41:23,2891.05,141250
2021-05-20 09:41:24,2891.05,141250
2021-05-20 09:41:25,2891.05,141250
2021-05-20 09:41:26,2891.05,141250
2021-05-20 09:41:27,2891.05,141250
2021-05-20 09:41:28,2891.05,141250
2021-05-20 09:41:29,2891.05,141250
2021-05-20 09:41:30,2891.05,141250
2021-05-20 09:41:31,2891.05,141250
2021-05-20 09:41:32,2891.05,141252
2021-05-20 09:41:33,2891.15,141385
2021-05-20 09:41:34,2890.0,141405
2021-05-20 09:41:35,2890.0,141405
2021-05-20 09:41:36,2890.0,141415
2021-05-20 09:41:37,2890.0,141415
2021-05-20 09:41:38,2890.15,141420
2021-05-20 09:41:39,2890.1,141421
2021-05-20 09:41:40,2890.0,141446
2021-05-20 09:41:41,2890.15,141447
2021-05-20 09:41:42,2890.25,141497
2021-05-20 09:41:43,2890.0,141513
2021-05-20 09:41:44,2890.0,141513
2021-05-20 09:41:45,2890.0,141513
2021-05-20 09:41:46,2890.25,141514
2021-05-20 09:41:47,2890.25,141514
2021-05-20 09:41:48,2890.25,141514
2021-05-20 09:41:49,2890.25,141514
2021-05-20 09:41:50,2890.25,141514
2021-05-20 09:41:51,2890.05,141524
2021-05-20 09:41:52,2890.05,141524
2021-05-20 09:41:53,2890.05,141524
2021-05-20 09:41:54,2890.05,141559
2021-05-20 09:41:55,2890.25,141560
2021-05-20 09:41:56,2890.25,141560
2021-05-20 09:41:57,2889.5,142120
2021-05-20 09:41:58,2890.05,142168
2021-05-20 09:41:59,2890.05,142168
2021-05-20 09:42:00,2889.25,142176
2021-05-20 09:42:01,2889.25,142176
2021-05-20 09:42:03,2888.15,142191
2021-05-20 09:42:05,2889.05,142201
2021-05-20 09:42:06,2889.05,142201
2021-05-20 09:42:07,2889.25,142301
2021-05-20 09:42:08,2888.2,142321
2021-05-20 09:42:10,2888.2,142321
2021-05-20 09:42:11,2888.45,142341
2021-05-20 09:42:12,2888.2,142381
2021-05-20 09:42:13,2888.2,142392
2021-05-20 09:42:14,2888.65,142394
2021-05-20 09:42:15,2888.65,142394
2021-05-20 09:42:16,2888.2,142396
2021-05-20 09:42:17,2888.3,142399
2021-05-20 09:42:18,2888.3,142424
2021-05-20 09:42:19,2888.3,142426
2021-05-20 09:42:20,2888.3,142426
2021-05-20 09:42:21,2888.3,142426
2021-05-20 09:42:22,2888.7,142433
2021-05-20 09:42:23,2888.8,142688
2021-05-20 09:42:24,2887.4,143212
2021-05-20 09:42:25,2885.4,143246
2021-05-20 09:42:28,2885.0,143535
2021-05-20 09:42:29,2885.0,143535
2021-05-20 09:42:30,2886.0,143627
2021-05-20 09:42:31,2886.0,143692
2021-05-20 09:42:33,2886.0,143692
2021-05-20 09:42:33,2886.0,143692
2021-05-20 09:42:34,2886.0,143692
2021-05-20 09:42:35,2886.1,143693
2021-05-20 09:42:36,2886.1,143694
2021-05-20 09:42:38,2886.1,143727
2021-05-20 09:42:39,2886.0,143799
2021-05-20 09:42:40,2886.1,143956
2021-05-20 09:42:41,2886.2,144258
2021-05-20 09:42:42,2885.2,144266
2021-05-20 09:42:43,2885.2,144266
2021-05-20 09:42:44,2886.0,144268
2021-05-20 09:42:45,2886.0,144269
2021-05-20 09:42:46,2886.1,144341
2021-05-20 09:42:49,2886.1,144530
2021-05-20 09:42:49,2886.0,144576
2021-05-20 09:42:50,2886.2,144876
2021-05-20 09:42:51,2886.1,144934
2021-05-20 09:42:53,2886.1,144934
2021-05-20 09:42:54,2886.1,145005
2021-05-20 09:42:55,2886.5,145320
2021-05-20 09:42:56,2886.2,145376
2021-05-20 09:42:56,2886.2,145376
2021-05-20 09:42:57,2886.2,145376
2021-05-20 09:42:58,2886.2,145376
2021-05-20 09:42:59,2886.2,145376
2021-05-20 09:43:00,2886.2,145376
2021-05-20 09:43:01,2889.2,145378
2021-05-20 09:43:02,2890.0,145423
2021-05-20 09:43:03,2890.0,145423
2021-05-20 09:43:04,2889.9,145449
2021-05-20 09:43:05,2888.4,145463
2021-05-20 09:43:06,2888.4,145463
2021-05-20 09:43:07,2888.4,145463
2021-05-20 09:43:08,2888.3,145532
2021-05-20 09:43:09,2887.2,145544
2021-05-20 09:43:10,2887.2,145544
2021-05-20 09:43:11,2887.2,145544
2021-05-20 09:43:13,2888.3,145554
2021-05-20 09:43:14,2888.0,145556
2021-05-20 09:43:14,2888.0,145556
2021-05-20 09:43:15,2888.3,145557
2021-05-20 09:43:16,2888.3,145557
2021-05-20 09:43:17,2888.3,145557
2021-05-20 09:43:18,2888.6,145572
2021-05-20 09:43:19,2888.6,145572
2021-05-20 09:43:20,2888.6,145573
2021-05-20 09:43:21,2888.05,145585
2021-05-20 09:43:22,2888.6,145632
2021-05-20 09:43:23,2889.0,145658
2021-05-20 09:43:24,2889.1,145693
2021-05-20 09:43:25,2889.1,145693
2021-05-20 09:43:26,2889.4,145710
2021-05-20 09:43:27,2889.0,145728
2021-05-20 09:43:28,2889.95,145730
2021-05-20 09:43:29,2889.95,145730
2021-05-20 09:43:32,2890.0,145742
2021-05-20 09:43:32,2889.4,145732
2021-05-20 09:43:33,2889.9,145793
2021-05-20 09:43:35,2889.9,145806
2021-05-20 09:43:35,2889.9,145806
2021-05-20 09:43:36,2889.9,145806
2021-05-20 09:43:38,2889.1,145807
2021-05-20 09:43:39,2890.4,145998
2021-05-20 09:43:40,2891.0,146037
2021-05-20 09:43:41,2891.0,146037
2021-05-20 09:43:42,2891.0,146057
2021-05-20 09:43:43,2891.0,146057
2021-05-20 09:43:44,2891.0,146057
2021-05-20 09:43:45,2891.0,146057
2021-05-20 09:43:46,2891.0,146057
2021-05-20 09:43:47,2891.0,146057
2021-05-20 09:43:48,2891.0,146057
2021-05-20 09:43:49,2891.0,146057
2021-05-20 09:43:50,2892.0,146157
2021-05-20 09:43:51,2891.9,146192
2021-05-20 09:43:51,2891.9,146192
2021-05-20 09:43:52,2891.2,146308
2021-05-20 09:43:53,2891.85,146336
2021-05-20 09:43:54,2893.0,146637
2021-05-20 09:43:55,2891.1,146639
2021-05-20 09:43:56,2891.1,146675
2021-05-20 09:43:57,2891.1,146677
2021-05-20 09:43:58,2891.1,146687
2021-05-20 09:43:59,2892.75,146937
2021-05-20 09:44:00,2890.3,146975
2021-05-20 09:44:01,2891.0,147033
2021-05-20 09:44:02,2891.0,147033
2021-05-20 09:44:03,2891.0,147048
2021-05-20 09:44:04,2890.05,147060
2021-05-20 09:44:05,2891.0,147070
2021-05-20 09:44:06,2891.0,147080
2021-05-20 09:44:07,2891.8,147230
2021-05-20 09:44:08,2890.1,147260
2021-05-20 09:44:09,2891.4,147265
2021-05-20 09:44:11,2891.35,147770
2021-05-20 09:44:12,2889.9,147842
2021-05-20 09:44:13,2889.9,147842
2021-05-20 09:44:14,2889.75,147852
2021-05-20 09:44:15,2889.75,147852
2021-05-20 09:44:16,2889.75,147852
2021-05-20 09:44:17,2889.75,147852
2021-05-20 09:44:18,2889.75,147852
2021-05-20 09:44:19,2889.75,147852
2021-05-20 09:44:22,2889.75,147852
2021-05-20 09:44:22,2891.5,147853
2021-05-20 09:44:23,2891.5,147853
2021-05-20 09:44:24,2891.5,147853
2021-05-20 09:44:25,2891.5,147853
2021-05-20 09:44:26,2891.0,147863
2021-05-20 09:44:27,2891.6,147963
2021-05-20 09:44:29,2890.2,147980
2021-05-20 09:44:30,2891.6,148064
2021-05-20 09:44:31,2891.55,148263
2021-05-20 09:44:31,2891.55,148475
2021-05-20 09:44:33,2891.15,148481
2021-05-20 09:44:34,2891.15,148481
2021-05-20 09:44:35,2891.15,148481
2021-05-20 09:44:36,2891.15,148481
2021-05-20 09:44:37,2891.15,148488
2021-05-20 09:44:38,2891.15,148488
2021-05-20 09:44:38,2891.15,148488
2021-05-20 09:44:39,2891.4,148538
2021-05-20 09:44:40,2891.4,148538
2021-05-20 09:44:41,2891.55,148588
2021-05-20 09:44:42,2891.0,148611
2021-05-20 09:44:43,2891.15,148612
2021-05-20 09:44:45,2891.15,148612
2021-05-20 09:44:45,2891.15,148612
2021-05-20 09:44:46,2893.5,149045
2021-05-20 09:44:47,2892.0,149127
2021-05-20 09:44:48,2893.4,149133
2021-05-20 09:44:49,2893.4,149183
2021-05-20 09:44:50,2893.4,149183
2021-05-20 09:44:51,2893.4,149183
2021-05-20 09:44:52,2893.45,149184
2021-05-20 09:44:53,2892.05,149194
2021-05-20 09:44:54,2892.05,149194
2021-05-20 09:44:55,2892.05,149195
2021-05-20 09:44:56,2892.05,149195
2021-05-20 09:44:57,2893.45,149207
2021-05-20 09:44:58,2893.45,149207
2021-05-20 09:44:59,2893.45,149207
2021-05-20 09:45:00,2893.45,149207
2021-05-20 09:45:01,2893.45,149207
2021-05-20 09:45:02,2893.5,149211
2021-05-20 09:45:03,2893.5,149211
2021-05-20 09:45:04,2894.0,149311
2021-05-20 09:45:05,2893.5,149335
2021-05-20 09:45:06,2893.5,149335
2021-05-20 09:45:07,2894.2,149509
2021-05-20 09:45:08,2894.4,149539
2021-05-20 09:45:09,2894.0,149569
2021-05-20 09:45:10,2894.0,149569
2021-05-20 09:45:11,2895.0,149733
2021-05-20 09:45:12,2894.8,149771
2021-05-20 09:45:13,2894.8,149771
2021-05-20 09:45:14,2894.9,149773
2021-05-20 09:45:15,2895.0,150082
2021-05-20 09:45:16,2895.0,150157
2021-05-20 09:45:17,2895.2,150257
2021-05-20 09:45:18,2895.0,150363
2021-05-20 09:45:19,2893.5,150380
2021-05-20 09:45:21,2894.65,150385
2021-05-20 09:45:22,2894.7,150395
2021-05-20 09:45:23,2894.4,150416
2021-05-20 09:45:24,2894.4,150416
2021-05-20 09:45:25,2894.4,150416
2021-05-20 09:45:26,2894.4,150416
2021-05-20 09:45:27,2894.4,150416
2021-05-20 09:45:28,2894.4,150416
2021-05-20 09:45:29,2894.4,150416
2021-05-20 09:45:29,2894.4,150416
2021-05-20 09:45:30,2894.4,150416
2021-05-20 09:45:32,2895.0,150466
2021-05-20 09:45:32,2893.9,150484
2021-05-20 09:45:33,2896.75,150759
2021-05-20 09:45:34,2894.45,150812
2021-05-20 09:45:35,2894.45,150833
2021-05-20 09:45:37,2896.4,150838
2021-05-20 09:45:37,2895.0,150839
2021-05-20 09:45:39,2895.0,150854
2021-05-20 09:45:39,2895.0,150879
2021-05-20 09:45:40,2895.0,150879
2021-05-20 09:45:41,2895.6,150930
2021-05-20 09:45:42,2895.6,150943
2021-05-20 09:45:43,2895.6,150943
2021-05-20 09:45:44,2895.6,150943
2021-05-20 09:45:45,2895.6,150943
2021-05-20 09:45:46,2895.6,150943
2021-05-20 09:45:47,2895.6,150943
2021-05-20 09:45:48,2896.6,150953
2021-05-20 09:45:49,2895.15,150958
2021-05-20 09:45:50,2896.6,150960
2021-05-20 09:45:51,2896.65,150971
2021-05-20 09:45:52,2895.9,150981
2021-05-20 09:45:53,2895.9,150981
2021-05-20 09:45:54,2895.7,151031
2021-05-20 09:45:55,2896.0,151047
2021-05-20 09:45:57,2896.0,151047
2021-05-20 09:45:57,2896.0,151047
2021-05-20 09:45:59,2896.6,151058
2021-05-20 09:46:00,2896.0,151158
2021-05-20 09:46:01,2896.0,151177
2021-05-20 09:46:02,2896.0,151177
2021-05-20 09:46:03,2895.9,151180
2021-05-20 09:46:04,2895.9,151180
2021-05-20 09:46:05,2895.9,151180
2021-05-20 09:46:05,2895.95,151201
2021-05-20 09:46:07,2894.35,151282
2021-05-20 09:46:08,2895.9,151302
2021-05-20 09:46:08,2895.9,151302
2021-05-20 09:46:10,2896.0,151605
2021-05-20 09:46:11,2895.0,151665
2021-05-20 09:46:12,2895.0,151665
2021-05-20 09:46:13,2894.9,151690
2021-05-20 09:46:14,2894.9,151690
2021-05-20 09:46:15,2894.9,151690
2021-05-20 09:46:16,2895.3,151692
2021-05-20 09:46:17,2894.4,151728
2021-05-20 09:46:17,2895.3,151718
2021-05-20 09:46:18,2894.4,151728
2021-05-20 09:46:19,2894.7,151739
2021-05-20 09:46:20,2894.7,151741
2021-05-20 09:46:21,2894.7,151741
2021-05-20 09:46:22,2894.7,151766
2021-05-20 09:46:23,2894.7,151766
2021-05-20 09:46:24,2893.5,151768
2021-05-20 09:46:25,2893.5,151768
2021-05-20 09:46:26,2893.5,151768
2021-05-20 09:46:28,2893.5,151768
2021-05-20 09:46:30,2894.7,151770
2021-05-20 09:46:31,2893.45,151781
2021-05-20 09:46:32,2894.6,151982
2021-05-20 09:46:33,2893.05,152016
2021-05-20 09:46:34,2893.05,152016
2021-05-20 09:46:35,2893.05,152016
2021-05-20 09:46:36,2893.5,152026
2021-05-20 09:46:37,2893.5,152026
2021-05-20 09:46:38,2893.05,152036
2021-05-20 09:46:39,2893.05,152036
2021-05-20 09:46:40,2893.9,152041
2021-05-20 09:46:41,2893.05,152053
2021-05-20 09:46:42,2893.0,152230
2021-05-20 09:46:43,2892.0,152264
2021-05-20 09:46:44,2892.0,152264
2021-05-20 09:46:45,2892.0,152310
2021-05-20 09:46:46,2891.15,152321
2021-05-20 09:46:47,2891.15,152321
2021-05-20 09:46:48,2891.15,152321
2021-05-20 09:46:49,2891.0,152323
2021-05-20 09:46:50,2891.15,152324
2021-05-20 09:46:51,2892.0,152329
2021-05-20 09:46:52,2892.0,152329
2021-05-20 09:46:53,2892.0,152329
2021-05-20 09:46:54,2891.05,152365
2021-05-20 09:46:55,2891.05,152365
2021-05-20 09:46:56,2890.05,152508
2021-05-20 09:46:57,2890.05,152542
2021-05-20 09:46:58,2891.65,152546
2021-05-20 09:46:59,2891.65,152546
2021-05-20 09:47:00,2891.65,152546
2021-05-20 09:47:01,2891.65,152546
2021-05-20 09:47:02,2891.65,152546
2021-05-20 09:47:03,2891.65,152546
2021-05-20 09:47:04,2891.65,152546
2021-05-20 09:47:05,2891.65,152546
2021-05-20 09:47:06,2891.65,152606
2021-05-20 09:47:07,2890.1,152616
2021-05-20 09:47:08,2890.1,152617
2021-05-20 09:47:09,2890.1,152617
2021-05-20 09:47:10,2889.95,152895
2021-05-20 09:47:11,2889.7,152907
2021-05-20 09:47:12,2888.3,153007
2021-05-20 09:47:13,2888.0,153033
2021-05-20 09:47:14,2888.0,153033
2021-05-20 09:47:15,2887.4,153091
2021-05-20 09:47:16,2887.4,153104
2021-05-20 09:47:17,2887.4,153104
2021-05-20 09:47:18,2887.4,153104
2021-05-20 09:47:19,2887.4,153104
2021-05-20 09:47:20,2887.4,153104
2021-05-20 09:47:21,2887.4,153104
2021-05-20 09:47:22,2887.55,153140
2021-05-20 09:47:23,2887.55,153140
2021-05-20 09:47:24,2888.5,153142
2021-05-20 09:47:25,2888.5,153142
2021-05-20 09:47:26,2888.5,153142
2021-05-20 09:47:27,2887.55,153158
2021-05-20 09:47:28,2887.55,153171
2021-05-20 09:47:29,2887.55,153171
2021-05-20 09:47:30,2888.5,153181
2021-05-20 09:47:31,2888.55,153281
2021-05-20 09:47:32,2887.55,153300
2021-05-20 09:47:33,2887.55,153300
2021-05-20 09:47:34,2887.55,153300
2021-05-20 09:47:35,2887.55,153302
2021-05-20 09:47:36,2887.55,153302
2021-05-20 09:47:37,2887.55,153302
2021-05-20 09:47:38,2887.55,153302
2021-05-20 09:47:39,2889.4,154648
2021-05-20 09:47:40,2889.05,154743
2021-05-20 09:47:41,2889.3,154936
2021-05-20 09:47:42,2889.3,154936
2021-05-20 09:47:44,2889.3,154936
2021-05-20 09:47:47,2889.3,154936
2021-05-20 09:47:46,2889.3,154936
2021-05-20 09:47:48,2891.0,154937
2021-05-20 09:47:49,2891.0,154937
2021-05-20 09:47:50,2891.0,154937
2021-05-20 09:47:51,2891.0,154937
2021-05-20 09:47:52,2891.0,154937
2021-05-20 09:47:53,2891.0,154937
2021-05-20 09:47:54,2891.0,154937
2021-05-20 09:47:55,2891.0,154937
2021-05-20 09:47:56,2890.85,155287
2021-05-20 09:47:57,2890.0,155302
2021-05-20 09:47:58,2890.0,155338
2021-05-20 09:47:59,2890.0,155338
2021-05-20 09:48:00,2890.0,155338
2021-05-20 09:48:01,2890.0,155338
2021-05-20 09:48:02,2890.0,155338
2021-05-20 09:48:03,2890.0,155338
2021-05-20 09:48:04,2890.0,155345
2021-05-20 09:48:05,2890.0,155345
2021-05-20 09:48:06,2890.05,155381
2021-05-20 09:48:08,2890.05,155381
2021-05-20 09:48:09,2890.05,155381
2021-05-20 09:48:10,2890.05,155381
2021-05-20 09:48:11,2890.05,155401
2021-05-20 09:48:12,2890.05,155401
2021-05-20 09:48:13,2890.05,155401
2021-05-20 09:48:14,2890.05,155401
2021-05-20 09:48:15,2890.05,155401
2021-05-20 09:48:16,2890.05,155401
2021-05-20 09:48:17,2890.05,155401
2021-05-20 09:48:18,2890.05,155401
2021-05-20 09:48:20,2890.05,155401
2021-05-20 09:48:21,2890.05,155401
2021-05-20 09:48:22,2890.05,155402
2021-05-20 09:48:23,2890.05,155402
2021-05-20 09:48:24,2890.05,155402
2021-05-20 09:48:25,2890.75,155403
2021-05-20 09:48:26,2890.1,155413
2021-05-20 09:48:27,2890.1,155413
2021-05-20 09:48:28,2890.75,155439
2021-05-20 09:48:29,2890.85,155449
2021-05-20 09:48:30,2890.85,155449
2021-05-20 09:48:31,2890.85,155452
2021-05-20 09:48:32,2890.85,155452
2021-05-20 09:48:33,2890.85,155452
2021-05-20 09:48:34,2890.85,155452
2021-05-20 09:48:35,2890.85,155452
2021-05-20 09:48:36,2890.85,155452
2021-05-20 09:48:37,2890.75,155455
2021-05-20 09:48:39,2890.75,155455
2021-05-20 09:48:40,2890.75,155455
2021-05-20 09:48:41,2890.75,155484
2021-05-20 09:48:42,2890.05,155537
2021-05-20 09:48:43,2890.05,155537
2021-05-20 09:48:44,2890.1,155538
2021-05-20 09:48:45,2890.1,155538
2021-05-20 09:48:46,2890.1,155555
2021-05-20 09:48:47,2890.1,155568
2021-05-20 09:48:48,2890.1,155569
2021-05-20 09:48:49,2890.1,155584
2021-05-20 09:48:50,2890.1,155584
2021-05-20 09:48:51,2890.1,155594
2021-05-20 09:48:52,2890.1,155594
2021-05-20 09:48:53,2890.0,155954
2021-05-20 09:48:54,2890.0,155954
2021-05-20 09:48:55,2890.0,155954
2021-05-20 09:48:56,2890.0,155954
2021-05-20 09:48:57,2890.0,155954
2021-05-20 09:48:58,2889.4,155955
2021-05-20 09:48:59,2889.4,155990
2021-05-20 09:49:00,2889.55,155992
2021-05-20 09:49:01,2889.55,155992
2021-05-20 09:49:02,2889.55,155992
2021-05-20 09:49:03,2889.55,155992
2021-05-20 09:49:05,2889.55,155992
2021-05-20 09:49:06,2888.0,156092
2021-05-20 09:49:07,2888.0,156302
2021-05-20 09:49:08,2887.2,156337
2021-05-20 09:49:09,2887.2,156337
2021-05-20 09:49:10,2888.0,156339
2021-05-20 09:49:11,2888.0,156339
2021-05-20 09:49:13,2887.95,156345
2021-05-20 09:49:15,2887.95,156345
2021-05-20 09:49:14,2887.95,156345
2021-05-20 09:49:16,2887.95,156345
2021-05-20 09:49:18,2887.95,156345
2021-05-20 09:49:19,2887.95,156345
2021-05-20 09:49:20,2887.9,156347
2021-05-20 09:49:21,2887.35,156381
2021-05-20 09:49:22,2887.35,156381
2021-05-20 09:49:23,2887.35,156381
2021-05-20 09:49:24,2887.35,156381
2021-05-20 09:49:25,2887.35,156381
2021-05-20 09:49:26,2887.35,156381
2021-05-20 09:49:27,2888.3,157223
2021-05-20 09:49:28,2888.4,157495
2021-05-20 09:49:29,2887.8,157514
2021-05-20 09:49:30,2887.8,157514
2021-05-20 09:49:31,2887.8,157514
2021-05-20 09:49:32,2887.45,157521
2021-05-20 09:49:33,2887.45,157521
2021-05-20 09:49:34,2887.45,157521
2021-05-20 09:49:36,2887.8,157522
2021-05-20 09:49:37,2887.8,157522
2021-05-20 09:49:38,2888.2,157523
2021-05-20 09:49:38,2888.2,157523
2021-05-20 09:49:39,2887.8,157535
2021-05-20 09:49:41,2887.8,157535
2021-05-20 09:49:42,2887.8,157535
2021-05-20 09:49:43,2888.05,157536
2021-05-20 09:49:44,2888.05,157536
2021-05-20 09:49:45,2888.05,157536
2021-05-20 09:49:46,2888.05,157536
2021-05-20 09:49:47,2888.2,157586
2021-05-20 09:49:49,2888.05,157595
2021-05-20 09:49:50,2888.05,157595
2021-05-20 09:49:51,2888.05,157595
2021-05-20 09:49:52,2888.45,157722
2021-05-20 09:49:53,2888.0,157745
2021-05-20 09:49:54,2888.0,157745
2021-05-20 09:49:55,2888.0,157745
2021-05-20 09:49:56,2887.9,157754
2021-05-20 09:49:57,2887.9,157754
2021-05-20 09:49:58,2889.55,157924
2021-05-20 09:49:59,2888.15,157950
2021-05-20 09:50:00,2887.9,158700
2021-05-20 09:50:01,2887.9,158971
2021-05-20 09:50:02,2887.9,159011
2021-05-20 09:50:03,2887.9,159011
2021-05-20 09:50:04,2887.9,159011
2021-05-20 09:50:05,2887.9,159011
2021-05-20 09:50:06,2889.0,159061
2021-05-20 09:50:07,2886.6,161850
2021-05-20 09:50:08,2886.55,161852
2021-05-20 09:50:10,2886.0,161863
2021-05-20 09:50:10,2886.0,161922
2021-05-20 09:50:11,2885.65,161967
2021-05-20 09:50:12,2885.1,162058
2021-05-20 09:50:13,2885.05,162064
2021-05-20 09:50:14,2885.0,162364
2021-05-20 09:50:15,2886.0,162390
2021-05-20 09:50:16,2886.0,162395
2021-05-20 09:50:17,2885.0,162405
2021-05-20 09:50:18,2885.0,162445
2021-05-20 09:50:19,2885.0,162787
2021-05-20 09:50:20,2885.0,162855
2021-05-20 09:50:21,2885.0,162861
2021-05-20 09:50:22,2885.0,162861
2021-05-20 09:50:24,2885.05,162883
2021-05-20 09:50:24,2885.05,162883
2021-05-20 09:50:26,2885.05,162883
2021-05-20 09:50:27,2885.05,162883
2021-05-20 09:50:28,2885.05,162884
2021-05-20 09:50:29,2885.1,162898
2021-05-20 09:50:29,2885.0,162910
2021-05-20 09:50:30,2885.0,162915
2021-05-20 09:50:32,2885.0,162935
2021-05-20 09:50:31,2885.1,162917
2021-05-20 09:50:33,2885.0,162935
2021-05-20 09:50:34,2885.0,162935
2021-05-20 09:50:35,2885.0,162935
2021-05-20 09:50:36,2885.45,162947
2021-05-20 09:50:37,2885.45,162969
2021-05-20 09:50:38,2885.0,162979
2021-05-20 09:50:40,2885.0,162979
2021-05-20 09:50:41,2885.85,163053
2021-05-20 09:50:42,2885.0,163066
2021-05-20 09:50:43,2885.85,163067
2021-05-20 09:50:44,2885.85,163067
2021-05-20 09:50:45,2885.85,163067
2021-05-20 09:50:46,2885.85,163067
2021-05-20 09:50:47,2885.85,163067
2021-05-20 09:50:48,2885.85,163067
2021-05-20 09:50:49,2885.85,163072
2021-05-20 09:50:50,2885.85,163072
2021-05-20 09:50:51,2887.0,163287
2021-05-20 09:50:52,2887.5,163308
2021-05-20 09:50:53,2886.65,163320
2021-05-20 09:50:56,2886.65,163320
2021-05-20 09:50:57,2887.5,163354
2021-05-20 09:50:57,2887.5,163354
2021-05-20 09:50:58,2887.45,163379
2021-05-20 09:50:59,2886.5,163424
2021-05-20 09:51:00,2886.5,163424
2021-05-20 09:51:01,2886.5,163424
2021-05-20 09:51:02,2886.5,163424
2021-05-20 09:51:03,2886.5,163424
2021-05-20 09:51:04,2887.05,163556
2021-05-20 09:51:05,2887.6,163603
2021-05-20 09:51:06,2887.6,163603
2021-05-20 09:51:07,2887.6,163633
2021-05-20 09:51:08,2887.6,163633
2021-05-20 09:51:10,2887.6,163633
2021-05-20 09:51:11,2887.6,163636
2021-05-20 09:51:12,2887.7,163736
2021-05-20 09:51:13,2887.05,163763
2021-05-20 09:51:14,2887.7,163939
2021-05-20 09:51:15,2887.1,164099
2021-05-20 09:51:16,2885.85,164100
2021-05-20 09:51:17,2885.85,164100
2021-05-20 09:51:18,2885.85,164110
2021-05-20 09:51:19,2885.85,164110
2021-05-20 09:51:20,2885.85,164120
2021-05-20 09:51:22,2886.25,164199
2021-05-20 09:51:23,2886.0,164213
2021-05-20 09:51:24,2886.0,164213
2021-05-20 09:51:25,2886.0,164213
2021-05-20 09:51:25,2885.1,164313
2021-05-20 09:51:26,2885.15,164383
2021-05-20 09:51:27,2885.15,164383
2021-05-20 09:51:28,2885.15,164383
2021-05-20 09:51:29,2885.15,164383
2021-05-20 09:51:30,2885.15,164383
2021-05-20 09:51:31,2885.15,164383
2021-05-20 09:51:32,2886.5,164481
2021-05-20 09:51:33,2885.1,164562
2021-05-20 09:51:34,2885.1,164562
2021-05-20 09:51:35,2885.1,164562
2021-05-20 09:51:36,2885.1,164562
2021-05-20 09:51:37,2885.1,164562
2021-05-20 09:51:38,2885.1,164562
2021-05-20 09:51:39,2885.8,164612
2021-05-20 09:51:40,2885.0,164624
2021-05-20 09:51:41,2885.0,164728
2021-05-20 09:51:42,2885.0,164755
2021-05-20 09:51:43,2885.0,164755
2021-05-20 09:51:45,2885.0,164757
2021-05-20 09:51:46,2885.0,164757
2021-05-20 09:51:47,2885.0,164757
2021-05-20 09:51:48,2884.15,164826
2021-05-20 09:51:49,2885.85,164926
2021-05-20 09:51:50,2884.5,164941
2021-05-20 09:51:51,2884.5,164941
2021-05-20 09:51:52,2884.5,164941
2021-05-20 09:51:53,2885.0,164946
2021-05-20 09:51:54,2884.05,164987
2021-05-20 09:51:55,2885.5,165008
2021-05-20 09:51:56,2885.5,165008
2021-05-20 09:51:57,2885.5,165008
2021-05-20 09:51:57,2885.5,165008
2021-05-20 09:51:58,2884.05,165108
2021-05-20 09:52:00,2885.4,165133
2021-05-20 09:52:01,2885.4,165133
2021-05-20 09:52:02,2885.4,165150
2021-05-20 09:52:03,2884.05,165177
2021-05-20 09:52:04,2884.05,165200
2021-05-20 09:52:05,2884.05,165200
2021-05-20 09:52:06,2884.05,165200
2021-05-20 09:52:08,2884.05,165200
2021-05-20 09:52:09,2884.05,165200
2021-05-20 09:52:10,2884.25,165201
2021-05-20 09:52:11,2884.25,165201
2021-05-20 09:52:12,2884.5,165211
2021-05-20 09:52:13,2884.5,165211
2021-05-20 09:52:14,2884.0,165332
2021-05-20 09:52:15,2884.0,165381
2021-05-20 09:52:16,2884.0,165381
2021-05-20 09:52:17,2884.0,165386
2021-05-20 09:52:19,2884.25,165572
2021-05-20 09:52:20,2884.0,165627
2021-05-20 09:52:20,2884.0,165637
2021-05-20 09:52:22,2884.5,165747
2021-05-20 09:52:22,2884.0,165766
2021-05-20 09:52:23,2884.0,165796
2021-05-20 09:52:24,2884.5,165851
2021-05-20 09:52:25,2884.5,165867
2021-05-20 09:52:26,2884.5,165867
2021-05-20 09:52:27,2884.5,165902
2021-05-20 09:52:28,2884.1,165913
2021-05-20 09:52:29,2884.1,165963
2021-05-20 09:52:30,2884.5,165981
2021-05-20 09:52:31,2884.1,165992
2021-05-20 09:52:32,2884.1,165992
2021-05-20 09:52:33,2884.1,165992
2021-05-20 09:52:34,2884.4,165993
2021-05-20 09:52:36,2888.95,167627
2021-05-20 09:52:37,2889.85,168020
2021-05-20 09:52:38,2889.85,168085
2021-05-20 09:52:39,2889.85,168113
2021-05-20 09:52:40,2889.0,168123
2021-05-20 09:52:40,2889.0,168123
2021-05-20 09:52:41,2889.9,168124
2021-05-20 09:52:42,2889.9,168124
2021-05-20 09:52:43,2889.9,168124
2021-05-20 09:52:44,2889.3,168125
2021-05-20 09:52:47,2889.15,168342
2021-05-20 09:52:48,2889.15,168343
2021-05-20 09:52:49,2888.55,168345
2021-05-20 09:52:49,2888.55,168375
2021-05-20 09:52:50,2888.55,168375
2021-05-20 09:52:51,2888.55,168395
2021-05-20 09:52:53,2888.55,168395
2021-05-20 09:52:53,2888.55,168395
2021-05-20 09:52:54,2888.55,168395
2021-05-20 09:52:55,2889.15,168405
2021-05-20 09:52:56,2889.15,168405
2021-05-20 09:52:59,2886.7,168452
2021-05-20 09:53:00,2886.7,168452
2021-05-20 09:53:01,2886.7,168452
2021-05-20 09:53:02,2886.55,168469
2021-05-20 09:53:03,2888.15,168769
2021-05-20 09:53:04,2887.9,169125
2021-05-20 09:53:05,2887.9,169182
2021-05-20 09:53:06,2887.9,169182
2021-05-20 09:53:06,2887.9,169182
2021-05-20 09:53:07,2886.6,169184
2021-05-20 09:53:08,2886.6,169184
2021-05-20 09:53:10,2886.6,169184
2021-05-20 09:53:11,2887.2,169205
2021-05-20 09:53:11,2887.2,169205
2021-05-20 09:53:13,2887.2,169205
2021-05-20 09:53:14,2885.95,169505
2021-05-20 09:53:16,2885.95,169509
2021-05-20 09:53:17,2885.95,169509
2021-05-20 09:53:17,2885.95,169509
2021-05-20 09:53:18,2885.95,169509
2021-05-20 09:53:19,2885.95,169509
2021-05-20 09:53:20,2885.95,169513
2021-05-20 09:53:21,2885.95,169528
2021-05-20 09:53:22,2885.95,169528
2021-05-20 09:53:23,2885.95,169528
2021-05-20 09:53:24,2885.95,169529
2021-05-20 09:53:25,2885.95,169590
2021-05-20 09:53:26,2885.95,169590
2021-05-20 09:53:27,2886.0,169690
2021-05-20 09:53:29,2886.8,169868
2021-05-20 09:53:30,2885.95,169900
2021-05-20 09:53:31,2885.95,169945
2021-05-20 09:53:32,2885.95,169945
2021-05-20 09:53:33,2885.95,169945
2021-05-20 09:53:35,2886.3,169946
2021-05-20 09:53:36,2886.8,170046
2021-05-20 09:53:37,2885.95,170051
2021-05-20 09:53:39,2885.95,170071
2021-05-20 09:53:40,2885.95,170071
2021-05-20 09:53:41,2885.95,170071
2021-05-20 09:53:42,2885.95,170071
2021-05-20 09:53:43,2886.7,170171
2021-05-20 09:53:44,2886.05,170203
2021-05-20 09:53:45,2886.15,170213
2021-05-20 09:53:45,2886.15,170213
2021-05-20 09:53:46,2886.15,170213
2021-05-20 09:53:48,2887.2,170214
2021-05-20 09:53:49,2887.2,170214
2021-05-20 09:53:50,2887.2,170214
2021-05-20 09:53:51,2887.2,170215
2021-05-20 09:53:53,2886.9,170220
2021-05-20 09:53:54,2886.9,170220
2021-05-20 09:53:55,2886.9,170220
2021-05-20 09:53:56,2886.05,170223
2021-05-20 09:53:57,2886.05,170223
2021-05-20 09:53:58,2886.9,170224
2021-05-20 09:53:59,2886.95,170225
2021-05-20 09:54:02,2886.05,170319
2021-05-20 09:54:03,2886.05,170321
2021-05-20 09:54:04,2886.95,170338
2021-05-20 09:54:05,2886.95,170338
2021-05-20 09:54:05,2887.15,170361
2021-05-20 09:54:07,2887.15,170361
2021-05-20 09:54:08,2886.9,170523
2021-05-20 09:54:09,2886.05,170553
2021-05-20 09:54:10,2886.45,170594
2021-05-20 09:54:11,2886.45,170594
2021-05-20 09:54:12,2886.45,170594
2021-05-20 09:54:13,2886.45,170594
2021-05-20 09:54:13,2887.2,170612
2021-05-20 09:54:15,2887.2,170612
2021-05-20 09:54:16,2887.2,170612
2021-05-20 09:54:17,2887.2,170612
2021-05-20 09:54:18,2887.2,170612
2021-05-20 09:54:18,2887.2,170612
2021-05-20 09:54:19,2887.2,170662
2021-05-20 09:54:20,2887.6,170682
2021-05-20 09:54:21,2887.2,170687
2021-05-20 09:54:22,2887.2,170687
2021-05-20 09:54:24,2887.2,170806
2021-05-20 09:54:25,2887.2,170806
2021-05-20 09:54:27,2887.2,170806
2021-05-20 09:54:28,2888.4,170861
2021-05-20 09:54:29,2887.6,170871
2021-05-20 09:54:30,2888.3,170881
2021-05-20 09:54:31,2888.0,170883
2021-05-20 09:54:33,2888.0,170883
2021-05-20 09:54:34,2888.0,170883
2021-05-20 09:54:35,2888.0,170883
2021-05-20 09:54:36,2888.0,170883
2021-05-20 09:54:37,2888.0,170883
2021-05-20 09:54:38,2886.95,170968
2021-05-20 09:54:38,2886.0,170988
2021-05-20 09:54:39,2886.85,170989
2021-05-20 09:54:40,2886.0,170991
2021-05-20 09:54:41,2886.0,170991
2021-05-20 09:54:42,2886.0,170991
2021-05-20 09:54:43,2886.85,171006
2021-05-20 09:54:44,2886.0,171008
2021-05-20 09:54:47,2886.95,171038
2021-05-20 09:54:48,2886.95,171038
2021-05-20 09:54:49,2886.0,171068
2021-05-20 09:54:50,2886.95,171182
2021-05-20 09:54:50,2886.0,171200
2021-05-20 09:54:52,2887.05,171280
2021-05-20 09:54:53,2886.0,171294
2021-05-20 09:54:54,2886.0,171294
2021-05-20 09:54:55,2886.0,171294
2021-05-20 09:54:56,2886.0,171294
2021-05-20 09:54:58,2886.1,171309
2021-05-20 09:54:59,2886.15,171310
2021-05-20 09:55:00,2886.15,171340
2021-05-20 09:55:01,2886.1,171341
2021-05-20 09:55:02,2886.1,171341
2021-05-20 09:55:03,2887.2,171362
2021-05-20 09:55:04,2886.1,171374
2021-05-20 09:55:05,2886.1,171381
2021-05-20 09:55:06,2886.1,171383
2021-05-20 09:55:07,2886.1,171383
2021-05-20 09:55:08,2886.95,171385
2021-05-20 09:55:09,2886.95,171385
2021-05-20 09:55:10,2886.95,171385
2021-05-20 09:55:11,2886.95,171385
2021-05-20 09:55:12,2887.25,171397
2021-05-20 09:55:13,2887.25,171397
2021-05-20 09:55:14,2887.25,171397
2021-05-20 09:55:15,2887.0,171400
2021-05-20 09:55:16,2887.0,171402
2021-05-20 09:55:17,2887.0,171402
2021-05-20 09:55:18,2887.0,171402
2021-05-20 09:55:18,2887.0,171402
2021-05-20 09:55:19,2887.0,171403
2021-05-20 09:55:20,2886.0,171408
2021-05-20 09:55:21,2886.0,171411
2021-05-20 09:55:22,2886.0,171414
2021-05-20 09:55:23,2887.0,171426
2021-05-20 09:55:24,2887.0,171426
2021-05-20 09:55:25,2886.95,171446
2021-05-20 09:55:26,2886.95,171446
2021-05-20 09:55:27,2886.0,171572
2021-05-20 09:55:28,2886.2,171625
2021-05-20 09:55:30,2886.2,171625
2021-05-20 09:55:31,2886.2,171625
2021-05-20 09:55:33,2886.2,171645
2021-05-20 09:55:34,2886.2,171645
2021-05-20 09:55:35,2886.2,171645
2021-05-20 09:55:36,2886.2,171645
2021-05-20 09:55:37,2886.2,171645
2021-05-20 09:55:38,2886.2,171645
2021-05-20 09:55:39,2886.0,171706
2021-05-20 09:55:40,2886.0,171716
2021-05-20 09:55:41,2886.3,171747
2021-05-20 09:55:42,2886.3,171759
2021-05-20 09:55:43,2886.0,171793
2021-05-20 09:55:44,2886.6,172475
2021-05-20 09:55:45,2886.6,172594
2021-05-20 09:55:46,2886.7,172682
2021-05-20 09:55:47,2887.45,172704
2021-05-20 09:55:48,2887.2,172705
2021-05-20 09:55:49,2887.95,172905
2021-05-20 09:55:49,2886.4,172941
2021-05-20 09:55:51,2886.4,172941
2021-05-20 09:55:52,2888.0,172942
2021-05-20 09:55:52,2888.0,172942
2021-05-20 09:55:54,2886.85,172957
2021-05-20 09:55:55,2888.0,172977
2021-05-20 09:55:56,2888.0,172977
2021-05-20 09:55:58,2888.0,172977
2021-05-20 09:55:59,2888.0,172977
2021-05-20 09:56:00,2888.0,172977
2021-05-20 09:56:01,2888.0,172982
2021-05-20 09:56:02,2888.0,172982
2021-05-20 09:56:03,2888.0,172982
2021-05-20 09:56:04,2888.0,172982
2021-05-20 09:56:05,2888.0,173006
2021-05-20 09:56:05,2888.0,173018
2021-05-20 09:56:07,2888.0,173018
2021-05-20 09:56:08,2888.0,173020
2021-05-20 09:56:09,2888.0,173020
2021-05-20 09:56:10,2888.0,173020
2021-05-20 09:56:11,2888.0,173020
2021-05-20 09:56:12,2888.7,173040
2021-05-20 09:56:13,2889.0,173090
2021-05-20 09:56:13,2888.7,173040
2021-05-20 09:56:14,2888.0,173102
2021-05-20 09:56:16,2888.0,173102
2021-05-20 09:56:17,2888.0,173102
2021-05-20 09:56:18,2888.0,173102
2021-05-20 09:56:18,2888.3,173107
2021-05-20 09:56:20,2889.5,173307
2021-05-20 09:56:21,2888.3,173343
2021-05-20 09:56:22,2888.3,173343
2021-05-20 09:56:23,2888.3,173363
2021-05-20 09:56:24,2888.1,173366
2021-05-20 09:56:25,2888.1,173366
2021-05-20 09:56:25,2889.1,173386
2021-05-20 09:56:28,2889.1,173386
2021-05-20 09:56:29,2889.65,173396
2021-05-20 09:56:30,2889.0,173406
2021-05-20 09:56:31,2889.0,173549
2021-05-20 09:56:33,2889.0,173574
2021-05-20 09:56:34,2889.0,173574
2021-05-20 09:56:35,2890.0,174032
2021-05-20 09:56:37,2889.3,174044
2021-05-20 09:56:38,2889.3,174054
2021-05-20 09:56:40,2889.3,174074
2021-05-20 09:56:41,2889.3,174074
2021-05-20 09:56:42,2889.3,174074
2021-05-20 09:56:43,2889.3,174094
2021-05-20 09:56:44,2889.3,174106
2021-05-20 09:56:45,2889.3,174106
2021-05-20 09:56:46,2889.3,174106
2021-05-20 09:56:47,2889.4,174206
2021-05-20 09:56:48,2889.0,174222
2021-05-20 09:56:49,2889.0,174222
2021-05-20 09:56:49,2889.0,174222
2021-05-20 09:56:50,2889.4,174264
2021-05-20 09:56:52,2889.4,174265
2021-05-20 09:56:54,2889.4,174265
2021-05-20 09:56:55,2889.4,174267
2021-05-20 09:56:55,2889.4,174268
2021-05-20 09:56:56,2889.0,174281
2021-05-20 09:56:58,2889.0,174281
2021-05-20 09:56:58,2889.0,174281
2021-05-20 09:56:59,2889.4,174282
2021-05-20 09:57:01,2889.4,174282
2021-05-20 09:57:02,2889.0,174284
2021-05-20 09:57:03,2889.0,174393
2021-05-20 09:57:03,2888.2,174413
2021-05-20 09:57:05,2888.2,174419
2021-05-20 09:57:06,2888.0,174479
2021-05-20 09:57:07,2888.0,174491
2021-05-20 09:57:08,2886.3,174583
2021-05-20 09:57:09,2887.65,174614
2021-05-20 09:57:10,2887.65,174614
2021-05-20 09:57:11,2887.65,174614
2021-05-20 09:57:12,2886.35,174618
2021-05-20 09:57:13,2886.35,174618
2021-05-20 09:57:14,2886.35,174618
2021-05-20 09:57:15,2887.65,174623
2021-05-20 09:57:15,2887.65,174623
2021-05-20 09:57:16,2886.45,174627
2021-05-20 09:57:17,2887.6,174631
2021-05-20 09:57:18,2887.6,174631
2021-05-20 09:57:19,2887.6,174631
2021-05-20 09:57:21,2887.6,174631
2021-05-20 09:57:22,2887.6,174639
2021-05-20 09:57:23,2887.6,174639
2021-05-20 09:57:24,2887.7,174688
2021-05-20 09:57:25,2887.6,174698
2021-05-20 09:57:26,2887.6,174698
2021-05-20 09:57:27,2887.6,174698
2021-05-20 09:57:27,2887.6,174698
2021-05-20 09:57:29,2887.6,174698
2021-05-20 09:57:31,2887.6,174704
2021-05-20 09:57:32,2887.6,174704
2021-05-20 09:57:33,2887.6,174704
2021-05-20 09:57:34,2887.6,174712
2021-05-20 09:57:36,2887.7,174715
2021-05-20 09:57:37,2887.7,174715
2021-05-20 09:57:39,2887.7,174715
2021-05-20 09:57:40,2887.7,174715
2021-05-20 09:57:41,2887.7,174715
2021-05-20 09:57:42,2887.7,174715
2021-05-20 09:57:43,2887.7,174727
2021-05-20 09:57:44,2887.7,174727
2021-05-20 09:57:45,2887.7,174727
2021-05-20 09:57:46,2887.7,174727
2021-05-20 09:57:47,2886.6,174730
2021-05-20 09:57:48,2886.6,174730
2021-05-20 09:57:49,2886.75,174737
2021-05-20 09:57:50,2886.35,174772
2021-05-20 09:57:51,2886.35,174784
2021-05-20 09:57:52,2886.2,174838
2021-05-20 09:57:53,2886.2,174838
2021-05-20 09:57:54,2886.2,174838
2021-05-20 09:57:55,2886.2,174838
2021-05-20 09:57:56,2887.7,174839
2021-05-20 09:57:57,2887.7,174844
2021-05-20 09:57:58,2887.7,174864
2021-05-20 09:57:59,2887.7,174864
2021-05-20 09:58:00,2886.5,174885
2021-05-20 09:58:01,2886.5,174885
2021-05-20 09:58:03,2886.5,174885
2021-05-20 09:58:04,2886.5,174885
2021-05-20 09:58:05,2887.6,174930
2021-05-20 09:58:06,2887.6,174950
2021-05-20 09:58:07,2886.75,174962
2021-05-20 09:58:08,2886.75,174962
2021-05-20 09:58:09,2887.2,174965
2021-05-20 09:58:10,2887.2,175000
2021-05-20 09:58:11,2887.2,175024
2021-05-20 09:58:12,2887.65,175099
2021-05-20 09:58:13,2887.65,175112
2021-05-20 09:58:14,2887.65,175115
2021-05-20 09:58:15,2887.65,175115
2021-05-20 09:58:16,2887.65,175115
2021-05-20 09:58:17,2887.65,175115
2021-05-20 09:58:18,2887.65,175115
2021-05-20 09:58:19,2887.65,175128
2021-05-20 09:58:20,2887.65,175128
2021-05-20 09:58:21,2887.65,175128
2021-05-20 09:58:22,2887.65,175128
2021-05-20 09:58:23,2889.4,176770
2021-05-20 09:58:24,2890.95,177547
2021-05-20 09:58:25,2891.4,177924
2021-05-20 09:58:26,2891.0,177939
2021-05-20 09:58:27,2891.0,177939
2021-05-20 09:58:28,2891.0,177941
2021-05-20 09:58:29,2889.8,178047
2021-05-20 09:58:30,2890.4,178147
2021-05-20 09:58:31,2889.0,178153
2021-05-20 09:58:32,2889.0,178153
2021-05-20 09:58:33,2889.05,178155
2021-05-20 09:58:34,2889.05,178165
2021-05-20 09:58:35,2889.05,178165
2021-05-20 09:58:36,2889.05,178165
2021-05-20 09:58:37,2889.05,178165
2021-05-20 09:58:38,2889.05,178165
2021-05-20 09:58:39,2889.05,178165
2021-05-20 09:58:40,2889.05,178165
2021-05-20 09:58:41,2889.25,178175
2021-05-20 09:58:42,2889.25,178175
2021-05-20 09:58:43,2889.25,178175
2021-05-20 09:58:44,2889.25,178175
2021-05-20 09:58:46,2889.45,178176
2021-05-20 09:58:47,2889.45,178176
2021-05-20 09:58:48,2889.45,178176
2021-05-20 09:58:49,2889.45,178176
2021-05-20 09:58:50,2889.85,178211
2021-05-20 09:58:51,2889.85,178211
2021-05-20 09:58:52,2889.85,178211
2021-05-20 09:58:53,2889.85,178211
2021-05-20 09:58:54,2889.85,178211
2021-05-20 09:58:55,2889.25,178227
2021-05-20 09:58:56,2889.25,178227
2021-05-20 09:58:57,2889.25,178227
2021-05-20 09:58:58,2889.25,178227
2021-05-20 09:58:59,2889.25,178227
2021-05-20 09:59:00,2889.25,178227
2021-05-20 09:59:01,2889.25,178227
2021-05-20 09:59:02,2889.25,178227
2021-05-20 09:59:03,2889.25,178227
2021-05-20 09:59:04,2889.25,178287
2021-05-20 09:59:05,2889.25,178287
2021-05-20 09:59:06,2889.25,178287
2021-05-20 09:59:07,2889.25,178287
2021-05-20 09:59:08,2889.25,178288
2021-05-20 09:59:09,2889.25,178288
2021-05-20 09:59:10,2889.25,178288
2021-05-20 09:59:11,2889.25,178343
2021-05-20 09:59:12,2889.05,178362
2021-05-20 09:59:13,2889.6,178387
2021-05-20 09:59:14,2889.6,178387
2021-05-20 09:59:15,2888.55,178463
2021-05-20 09:59:16,2888.4,178481
2021-05-20 09:59:17,2888.4,178481
2021-05-20 09:59:18,2888.4,178481
2021-05-20 09:59:19,2889.05,178547
2021-05-20 09:59:20,2890.0,178559
2021-05-20 09:59:21,2889.4,178561
2021-05-20 09:59:22,2890.0,178691
2021-05-20 09:59:23,2889.65,178715
2021-05-20 09:59:24,2890.4,178720
2021-05-20 09:59:25,2890.45,178787
2021-05-20 09:59:26,2889.6,178800
2021-05-20 09:59:27,2889.6,178800
2021-05-20 09:59:28,2889.6,178800
2021-05-20 09:59:29,2889.6,178800
2021-05-20 09:59:30,2889.6,178800
2021-05-20 09:59:31,2889.6,178800
2021-05-20 09:59:32,2889.2,178802
2021-05-20 09:59:33,2889.2,178804
2021-05-20 09:59:34,2890.35,178805
2021-05-20 09:59:35,2890.35,178805
2021-05-20 09:59:36,2890.35,178805
2021-05-20 09:59:37,2890.35,178805
2021-05-20 09:59:38,2888.6,178905
2021-05-20 09:59:39,2890.2,178944
2021-05-20 09:59:40,2890.2,178944
2021-05-20 09:59:41,2890.2,178944
2021-05-20 09:59:43,2889.2,178999
2021-05-20 09:59:44,2890.25,179037
2021-05-20 09:59:46,2889.95,179047
2021-05-20 09:59:47,2889.95,179047
2021-05-20 09:59:50,2889.2,179076
2021-05-20 09:59:51,2888.0,179089
2021-05-20 09:59:52,2888.0,179089
2021-05-20 09:59:53,2888.7,179094
2021-05-20 09:59:54,2888.7,179094
2021-05-20 09:59:55,2888.7,179094
2021-05-20 09:59:56,2888.0,179174
2021-05-20 09:59:57,2888.0,179190
2021-05-20 09:59:59,2889.1,179201
2021-05-20 09:59:59,2889.1,179205
2021-05-20 10:00:01,2889.1,179205
2021-05-20 10:00:01,2889.1,179205
2021-05-20 10:00:02,2889.1,179205
2021-05-20 10:00:03,2889.1,179205
2021-05-20 10:00:05,2889.1,179205
2021-05-20 10:00:06,2889.1,179205
2021-05-20 10:00:07,2889.05,179206
2021-05-20 10:00:08,2889.1,179226
2021-05-20 10:00:09,2889.1,179226
2021-05-20 10:00:11,2889.1,179234
2021-05-20 10:00:12,2889.1,179240
2021-05-20 10:00:13,2889.1,179248
2021-05-20 10:00:14,2889.05,179268
2021-05-20 10:00:15,2889.05,179268
2021-05-20 10:00:17,2889.0,179270
2021-05-20 10:00:18,2889.1,179280
2021-05-20 10:00:19,2889.1,179280
2021-05-20 10:00:20,2889.1,179280
2021-05-20 10:00:21,2889.0,179285
2021-05-20 10:00:22,2889.0,179285
2021-05-20 10:00:24,2889.1,179310
2021-05-20 10:00:25,2889.0,179321
2021-05-20 10:00:26,2889.0,179325
2021-05-20 10:00:27,2889.0,179326
2021-05-20 10:00:28,2889.0,179326
2021-05-20 10:00:29,2889.0,179326
2021-05-20 10:00:30,2889.0,179327
2021-05-20 10:00:32,2889.0,179328
2021-05-20 10:00:32,2889.0,179328
2021-05-20 10:00:35,2889.0,179353
2021-05-20 10:00:35,2889.0,179353
2021-05-20 10:00:36,2889.1,179355
2021-05-20 10:00:37,2889.1,179355
2021-05-20 10:00:38,2889.1,179355
2021-05-20 10:00:39,2889.1,179355
2021-05-20 10:00:41,2889.1,179358
2021-05-20 10:00:45,2889.1,179358
2021-05-20 10:00:45,2889.1,179358
2021-05-20 10:00:47,2889.1,179399
2021-05-20 10:00:48,2889.1,179413
2021-05-20 10:00:49,2889.1,179413
2021-05-20 10:00:51,2889.1,179413
2021-05-20 10:00:52,2889.1,179440
2021-05-20 10:00:53,2889.1,179440
2021-05-20 10:00:55,2889.1,179440
2021-05-20 10:00:55,2889.1,179440
2021-05-20 10:00:56,2889.1,179440
2021-05-20 10:01:00,2889.1,179440
2021-05-20 10:01:01,2888.0,179544
2021-05-20 10:01:01,2888.0,179544
2021-05-20 10:01:03,2888.0,179544
2021-05-20 10:01:05,2888.0,179544
2021-05-20 10:01:05,2888.0,179544
2021-05-20 10:01:06,2889.0,179565
2021-05-20 10:01:08,2889.0,179638
2021-05-20 10:01:08,2888.1,179650
2021-05-20 10:01:09,2888.1,179650
2021-05-20 10:01:10,2888.1,179650
2021-05-20 10:01:11,2889.0,179655
2021-05-20 10:01:12,2889.0,179655
2021-05-20 10:01:13,2889.0,179655
2021-05-20 10:01:15,2889.0,179655
2021-05-20 10:01:16,2889.0,179656
2021-05-20 10:01:17,2888.0,179676
2021-05-20 10:01:18,2888.0,179676
2021-05-20 10:01:19,2889.0,179677
2021-05-20 10:01:20,2888.05,179687
2021-05-20 10:01:21,2888.05,179687
2021-05-20 10:01:22,2888.0,179718
2021-05-20 10:01:23,2889.0,179735
2021-05-20 10:01:24,2889.0,179735
2021-05-20 10:01:25,2889.1,179835
2021-05-20 10:01:28,2888.0,179853
2021-05-20 10:01:29,2888.0,179853
2021-05-20 10:01:32,2888.0,179853
2021-05-20 10:01:32,2888.0,179853
2021-05-20 10:01:34,2888.0,179853
2021-05-20 10:01:34,2889.55,180722
2021-05-20 10:01:35,2889.0,180773
2021-05-20 10:01:36,2889.0,180773
2021-05-20 10:01:37,2888.25,180788
2021-05-20 10:01:38,2888.25,180788
2021-05-20 10:01:41,2888.1,180872
2021-05-20 10:01:42,2888.1,180872
2021-05-20 10:01:43,2888.1,180872
2021-05-20 10:01:44,2888.1,180872
2021-05-20 10:01:44,2888.1,180872
2021-05-20 10:01:45,2888.1,180872
2021-05-20 10:01:46,2888.0,181024
2021-05-20 10:01:47,2888.05,181189
2021-05-20 10:01:49,2888.25,181230
2021-05-20 10:01:49,2888.25,181230
2021-05-20 10:01:50,2888.25,181230
2021-05-20 10:01:51,2889.7,181255
2021-05-20 10:01:52,2889.7,181255
2021-05-20 10:01:53,2889.7,181255
2021-05-20 10:01:55,2889.7,181255
2021-05-20 10:01:55,2889.7,181255
2021-05-20 10:01:56,2888.45,181260
2021-05-20 10:01:57,2888.45,181260
2021-05-20 10:01:58,2889.8,181265
2021-05-20 10:02:00,2889.8,181282
2021-05-20 10:02:01,2888.55,181294
2021-05-20 10:02:02,2888.55,181294
2021-05-20 10:02:03,2889.8,181350
2021-05-20 10:02:04,2889.8,181365
2021-05-20 10:02:05,2888.55,181432
2021-05-20 10:02:06,2889.75,181449
2021-05-20 10:02:07,2889.75,181449
2021-05-20 10:02:08,2889.75,181449
2021-05-20 10:02:09,2889.75,181449
2021-05-20 10:02:10,2889.75,181449
2021-05-20 10:02:11,2889.75,181449
2021-05-20 10:02:12,2889.75,181449
2021-05-20 10:02:13,2889.7,181463
2021-05-20 10:02:14,2889.7,181493
2021-05-20 10:02:15,2888.55,181571
2021-05-20 10:02:16,2888.55,181594
2021-05-20 10:02:18,2888.55,181594
2021-05-20 10:02:18,2888.55,181594
2021-05-20 10:02:20,2888.55,181594
2021-05-20 10:02:21,2888.55,181594
2021-05-20 10:02:22,2889.3,181634
2021-05-20 10:02:23,2889.3,181634
2021-05-20 10:02:24,2889.3,181634
2021-05-20 10:02:25,2889.3,181634
2021-05-20 10:02:26,2889.3,181634
2021-05-20 10:02:27,2889.3,181634
2021-05-20 10:02:28,2889.3,181634
2021-05-20 10:02:29,2889.3,181634
2021-05-20 10:02:30,2889.3,181636
2021-05-20 10:02:31,2889.3,181636
2021-05-20 10:02:32,2889.3,181636
2021-05-20 10:02:33,2888.55,181637
2021-05-20 10:02:34,2888.55,181637
2021-05-20 10:02:35,2889.3,181668
2021-05-20 10:02:36,2889.3,181668
2021-05-20 10:02:37,2889.0,181690
2021-05-20 10:02:39,2889.0,181690
2021-05-20 10:02:39,2888.5,181695
2021-05-20 10:02:40,2888.2,181699
2021-05-20 10:02:41,2888.2,181700
2021-05-20 10:02:42,2888.2,181700
2021-05-20 10:02:44,2888.35,181701
2021-05-20 10:02:45,2889.3,181724
2021-05-20 10:02:47,2889.75,182651
2021-05-20 10:02:48,2889.8,183308
2021-05-20 10:02:49,2889.3,183400
2021-05-20 10:02:50,2889.3,183400
2021-05-20 10:02:50,2890.0,183422
2021-05-20 10:02:52,2889.8,183858
2021-05-20 10:02:54,2890.25,184235
2021-05-20 10:02:55,2890.25,184245
2021-05-20 10:02:56,2890.25,184245
2021-05-20 10:02:57,2890.25,184245
2021-05-20 10:02:58,2890.25,184245
2021-05-20 10:02:59,2890.25,184245
2021-05-20 10:03:01,2890.25,184245
2021-05-20 10:03:02,2891.45,184306
2021-05-20 10:03:03,2890.6,184317
2021-05-20 10:03:04,2892.0,184725
2021-05-20 10:03:05,2890.8,184797
2021-05-20 10:03:06,2892.0,184816
2021-05-20 10:03:07,2892.0,184816
2021-05-20 10:03:08,2891.1,184817
2021-05-20 10:03:09,2891.1,184817
2021-05-20 10:03:10,2891.1,184817
2021-05-20 10:03:12,2892.0,184923
2021-05-20 10:03:12,2891.4,184945
2021-05-20 10:03:13,2892.0,184987
2021-05-20 10:03:14,2892.0,184987
2021-05-20 10:03:15,2892.4,184988
2021-05-20 10:03:16,2892.4,184988
2021-05-20 10:03:17,2892.4,184988
2021-05-20 10:03:18,2893.0,184998
2021-05-20 10:03:19,2892.0,185008
2021-05-20 10:03:20,2892.0,185008
2021-05-20 10:03:21,2892.8,185033
2021-05-20 10:03:23,2893.15,185036
2021-05-20 10:03:24,2893.15,185036
2021-05-20 10:03:25,2893.1,185037
2021-05-20 10:03:26,2893.1,185040
2021-05-20 10:03:27,2893.1,185040
2021-05-20 10:03:28,2893.1,185090
2021-05-20 10:03:29,2893.4,185105
2021-05-20 10:03:30,2893.55,185230
2021-05-20 10:03:31,2891.4,185387
2021-05-20 10:03:32,2891.7,185411
2021-05-20 10:03:33,2891.7,185411
2021-05-20 10:03:34,2891.7,185411
2021-05-20 10:03:35,2891.7,185411
2021-05-20 10:03:36,2891.7,185411
2021-05-20 10:03:36,2891.7,185411
2021-05-20 10:03:38,2891.7,185411
2021-05-20 10:03:39,2891.7,185411
2021-05-20 10:03:40,2891.7,185411
2021-05-20 10:03:42,2893.35,185572
2021-05-20 10:03:44,2894.05,185736
2021-05-20 10:03:45,2894.05,185736
2021-05-20 10:03:46,2894.95,185861
2021-05-20 10:03:46,2894.05,185883
2021-05-20 10:03:47,2896.75,186258
2021-05-20 10:03:49,2896.1,186308
2021-05-20 10:03:50,2896.1,186308
2021-05-20 10:03:51,2895.0,186318
2021-05-20 10:03:52,2895.0,186318
2021-05-20 10:03:53,2895.9,186368
2021-05-20 10:03:59,2895.05,186480
2021-05-20 10:03:59,2895.0,186481
2021-05-20 10:04:00,2895.0,186481
2021-05-20 10:04:02,2893.9,186630
2021-05-20 10:04:03,2895.05,186655
2021-05-20 10:04:05,2895.05,186655
2021-05-20 10:04:07,2895.0,186661
2021-05-20 10:04:08,2895.0,186661
2021-05-20 10:04:09,2895.0,186793
2021-05-20 10:04:10,2895.0,186961
2021-05-20 10:04:11,2894.25,186986
2021-05-20 10:04:11,2894.25,186986
2021-05-20 10:04:12,2894.25,187080
2021-05-20 10:04:14,2894.25,187096
2021-05-20 10:04:15,2892.85,187266
2021-05-20 10:04:16,2892.85,187266
2021-05-20 10:04:17,2892.85,187266
2021-05-20 10:04:18,2892.85,187266
2021-05-20 10:04:20,2892.85,187266
2021-05-20 10:04:21,2892.85,187266
2021-05-20 10:04:22,2894.25,187269
2021-05-20 10:04:23,2894.25,187269
2021-05-20 10:04:24,2894.25,187269
2021-05-20 10:04:25,2894.25,187269
2021-05-20 10:04:26,2894.25,187269
2021-05-20 10:04:27,2894.25,187269
2021-05-20 10:04:28,2894.25,187306
2021-05-20 10:04:28,2894.25,187306
2021-05-20 10:04:29,2894.35,187606
2021-05-20 10:04:30,2893.05,187680
2021-05-20 10:04:32,2892.85,187921
2021-05-20 10:04:32,2892.8,187931
2021-05-20 10:04:33,2892.8,187931
2021-05-20 10:04:35,2892.8,187933
2021-05-20 10:04:36,2892.8,187933
2021-05-20 10:04:37,2892.8,187933
2021-05-20 10:04:38,2891.7,187934
2021-05-20 10:04:39,2891.7,187934
2021-05-20 10:04:40,2891.7,187934
2021-05-20 10:04:41,2892.8,187937
2021-05-20 10:04:42,2892.8,187937
2021-05-20 10:04:43,2892.8,187937
2021-05-20 10:04:44,2892.8,187937
2021-05-20 10:04:45,2892.8,187937
2021-05-20 10:04:47,2892.8,187937
2021-05-20 10:04:47,2892.8,187937
2021-05-20 10:04:48,2891.55,188037
2021-05-20 10:04:49,2892.9,188237
2021-05-20 10:04:50,2891.65,188266
2021-05-20 10:04:52,2891.45,188367
2021-05-20 10:04:52,2891.45,188384
2021-05-20 10:04:53,2891.65,188385
2021-05-20 10:04:54,2891.65,188385
2021-05-20 10:04:56,2891.65,188386
2021-05-20 10:04:56,2891.65,188386
2021-05-20 10:04:58,2891.65,188386
2021-05-20 10:04:59,2891.5,188453
2021-05-20 10:04:59,2891.5,188466
2021-05-20 10:05:00,2891.5,188477
2021-05-20 10:05:01,2891.65,188482
2021-05-20 10:05:02,2891.65,188482
2021-05-20 10:05:03,2891.5,188585
2021-05-20 10:05:04,2891.5,188606
2021-05-20 10:05:05,2891.5,188606
2021-05-20 10:05:06,2891.5,188606
2021-05-20 10:05:07,2891.05,189112
2021-05-20 10:05:08,2890.1,189122
2021-05-20 10:05:09,2890.1,189122
2021-05-20 10:05:10,2890.1,189122
2021-05-20 10:05:11,2890.1,189122
2021-05-20 10:05:12,2890.5,189290
2021-05-20 10:05:14,2890.8,189306
2021-05-20 10:05:15,2890.8,189306
2021-05-20 10:05:16,2890.8,189306
2021-05-20 10:05:17,2890.8,189306
2021-05-20 10:05:18,2890.8,189306
2021-05-20 10:05:19,2890.8,189306
2021-05-20 10:05:21,2890.8,189306
2021-05-20 10:05:21,2890.8,189306
2021-05-20 10:05:22,2890.8,189306
2021-05-20 10:05:23,2890.8,189306
2021-05-20 10:05:24,2890.3,189336
2021-05-20 10:05:25,2890.3,189336
2021-05-20 10:05:26,2890.5,189340
2021-05-20 10:05:27,2890.25,189425
2021-05-20 10:05:28,2890.4,189446
2021-05-20 10:05:29,2890.4,189446
2021-05-20 10:05:30,2890.4,189446
2021-05-20 10:05:31,2890.4,189446
2021-05-20 10:05:33,2891.55,189448
2021-05-20 10:05:34,2891.55,189448
2021-05-20 10:05:35,2891.55,189448
2021-05-20 10:05:36,2891.55,189448
2021-05-20 10:05:37,2891.55,189448
2021-05-20 10:05:37,2891.55,189448
2021-05-20 10:05:38,2891.55,189448
2021-05-20 10:05:39,2891.55,189449
2021-05-20 10:05:40,2891.55,189449
2021-05-20 10:05:41,2891.55,189450
2021-05-20 10:05:44,2890.7,189567
2021-05-20 10:05:46,2891.55,189577
2021-05-20 10:05:47,2891.65,189638
2021-05-20 10:05:48,2891.55,189650
2021-05-20 10:05:49,2891.65,189926
2021-05-20 10:05:50,2891.55,189975
2021-05-20 10:05:51,2891.55,189975
2021-05-20 10:05:52,2891.55,189975
2021-05-20 10:05:53,2891.55,189975
2021-05-20 10:05:54,2891.95,190085
2021-05-20 10:05:55,2892.9,190106
2021-05-20 10:05:56,2893.7,190107
2021-05-20 10:05:57,2893.7,190107
2021-05-20 10:05:58,2893.7,190107
2021-05-20 10:05:59,2893.7,190109
2021-05-20 10:06:00,2893.7,190109
2021-05-20 10:06:02,2893.7,190109
2021-05-20 10:06:03,2894.0,190224
2021-05-20 10:06:03,2893.05,190246
2021-05-20 10:06:04,2893.05,190246
2021-05-20 10:06:05,2893.05,190246
2021-05-20 10:06:07,2893.05,190246
2021-05-20 10:06:08,2894.0,190271
2021-05-20 10:06:10,2893.05,190272
2021-05-20 10:06:11,2893.05,190272
2021-05-20 10:06:12,2893.05,190272
2021-05-20 10:06:13,2893.05,190273
2021-05-20 10:06:14,2893.05,190273
2021-05-20 10:06:17,2893.05,190273
2021-05-20 10:06:18,2893.05,190273
2021-05-20 10:06:19,2893.05,190273
2021-05-20 10:06:20,2893.05,190273
2021-05-20 10:06:21,2893.05,190283
2021-05-20 10:06:22,2893.05,190283
2021-05-20 10:06:22,2893.05,190318
2021-05-20 10:06:23,2893.05,190330
2021-05-20 10:06:24,2893.05,190330
2021-05-20 10:06:26,2893.05,190330
2021-05-20 10:06:27,2893.05,190330
2021-05-20 10:06:27,2893.05,190330
2021-05-20 10:06:29,2893.05,190330
2021-05-20 10:06:29,2893.05,190330
2021-05-20 10:06:31,2893.05,190330
2021-05-20 10:06:33,2893.05,190333
2021-05-20 10:06:34,2893.05,190333
2021-05-20 10:06:35,2893.05,190333
2021-05-20 10:06:36,2893.05,190333
2021-05-20 10:06:36,2893.05,190333
2021-05-20 10:06:37,2893.8,190373
2021-05-20 10:06:38,2893.8,190373
2021-05-20 10:06:39,2893.8,190373
2021-05-20 10:06:40,2893.05,190375
2021-05-20 10:06:42,2893.05,190375
2021-05-20 10:06:43,2893.05,190375
2021-05-20 10:06:44,2893.05,190375
2021-05-20 10:06:45,2893.05,190375
2021-05-20 10:06:46,2893.05,190375
2021-05-20 10:06:47,2893.05,190375
2021-05-20 10:06:48,2893.05,190375
2021-05-20 10:06:49,2893.85,190484
2021-05-20 10:06:50,2893.8,190490
2021-05-20 10:06:51,2893.8,190490
2021-05-20 10:06:51,2893.8,190490
2021-05-20 10:06:53,2893.8,190490
2021-05-20 10:06:53,2893.8,190490
2021-05-20 10:06:57,2893.8,190490
2021-05-20 10:06:58,2893.8,190490
2021-05-20 10:06:58,2893.8,190490
2021-05-20 10:07:02,2893.85,190902
2021-05-20 10:07:03,2893.3,190956
2021-05-20 10:07:04,2893.85,191201
2021-05-20 10:07:05,2893.9,191302
2021-05-20 10:07:06,2894.0,191614
2021-05-20 10:07:07,2894.0,191843
2021-05-20 10:07:08,2894.25,191975
2021-05-20 10:07:09,2894.3,192072
2021-05-20 10:07:10,2894.5,192085
2021-05-20 10:07:10,2894.5,192085
2021-05-20 10:07:11,2894.5,192085
2021-05-20 10:07:13,2895.0,192195
2021-05-20 10:07:15,2895.05,192225
2021-05-20 10:07:16,2895.05,192225
2021-05-20 10:07:17,2896.0,192230
2021-05-20 10:07:19,2896.0,192230
2021-05-20 10:07:20,2896.0,192230
2021-05-20 10:07:21,2896.0,192230
2021-05-20 10:07:22,2894.75,192340
2021-05-20 10:07:23,2895.95,192423
2021-05-20 10:07:23,2895.1,192434
2021-05-20 10:07:24,2895.1,192434
2021-05-20 10:07:25,2895.1,192434
2021-05-20 10:07:26,2895.1,192434
2021-05-20 10:07:28,2896.0,192459
2021-05-20 10:07:29,2896.0,192462
2021-05-20 10:07:30,2896.1,192478
2021-05-20 10:07:31,2895.8,192648
2021-05-20 10:07:32,2895.05,192695
2021-05-20 10:07:33,2896.0,192756
2021-05-20 10:07:34,2895.0,192769
2021-05-20 10:07:35,2896.1,192770
2021-05-20 10:07:36,2896.1,192770
2021-05-20 10:07:38,2896.1,192770
2021-05-20 10:07:39,2895.0,192795
2021-05-20 10:07:40,2896.1,192860
2021-05-20 10:07:41,2895.0,192876
2021-05-20 10:07:42,2895.0,192876
