timestamp,ltp,volume
2021-05-20 09:15:26,108.2,2189364
2021-05-20 09:15:27,108.15,2234235
2021-05-20 09:15:28,107.75,2371636
2021-05-20 09:15:29,107.85,2398739
2021-05-20 09:15:32,108.1,2557108
2021-05-20 09:15:33,107.8,2614988
2021-05-20 09:15:34,108.0,2634951
2021-05-20 09:15:35,107.9,2665017
2021-05-20 09:15:37,108.1,2689378
2021-05-20 09:15:38,108.05,2746254
2021-05-20 09:15:39,108.15,2796243
2021-05-20 09:15:41,107.95,2854855
2021-05-20 09:15:42,107.95,2869584
2021-05-20 09:15:43,107.9,2894011
2021-05-20 09:15:46,108.0,3000766
2021-05-20 09:15:48,108.0,3096452
2021-05-20 09:15:51,108.0,3197080
2021-05-20 09:15:53,108.15,3232913
2021-05-20 09:15:54,108.15,3246841
2021-05-20 09:15:55,108.1,3266513
2021-05-20 09:15:56,108.25,3289036
2021-05-20 09:15:57,108.25,3314176
2021-05-20 09:15:58,108.1,3343713
2021-05-20 09:15:59,108.3,3353043
2021-05-20 09:16:00,108.35,3390538
2021-05-20 09:16:01,108.4,3409805
2021-05-20 09:16:02,108.45,3418800
2021-05-20 09:16:03,108.5,3450380
2021-05-20 09:16:04,108.45,3472138
2021-05-20 09:16:05,108.5,3548541
2021-05-20 09:16:06,108.5,3583851
2021-05-20 09:16:07,108.65,3657565
2021-05-20 09:16:08,108.55,3718501
2021-05-20 09:16:09,108.45,3818114
2021-05-20 09:16:10,108.55,3867654
2021-05-20 09:16:11,108.6,3904574
2021-05-20 09:16:12,108.65,3960761
2021-05-20 09:16:23,108.05,4853038
2021-05-20 09:16:27,107.95,4965403
2021-05-20 09:16:28,108.05,5000574
2021-05-20 09:16:29,107.95,5021597
2021-05-20 09:16:30,107.9,5042523
2021-05-20 09:16:31,107.95,5066982
2021-05-20 09:16:32,107.75,5197272
2021-05-20 09:16:33,107.7,5218840
2021-05-20 09:16:34,107.8,5247967
2021-05-20 09:16:35,107.65,5287771
2021-05-20 09:16:36,107.65,5333235
2021-05-20 09:16:37,107.65,5346535
2021-05-20 09:16:38,107.7,5376251
2021-05-20 09:16:39,107.7,5399784
2021-05-20 09:16:40,107.7,5413857
2021-05-20 09:16:41,107.8,5430228
2021-05-20 09:16:42,107.85,5450198
2021-05-20 09:16:43,107.75,5515430
2021-05-20 09:16:44,107.65,5540938
2021-05-20 09:16:45,107.8,5592868
2021-05-20 09:16:46,107.8,5606200
2021-05-20 09:16:47,107.8,5609644
2021-05-20 09:16:48,107.8,5619481
2021-05-20 09:16:49,107.8,5624962
2021-05-20 09:16:50,107.7,5681993
2021-05-20 09:16:51,107.7,5689138
2021-05-20 09:16:52,107.7,5703946
2021-05-20 09:16:53,107.7,5714962
2021-05-20 09:16:54,107.8,5730584
2021-05-20 09:16:55,107.7,5739772
2021-05-20 09:16:56,107.75,5789249
2021-05-20 09:16:57,107.75,5801057
2021-05-20 09:16:58,107.65,5826067
2021-05-20 09:16:59,107.65,5851337
2021-05-20 09:17:00,107.7,5874398
2021-05-20 09:17:01,107.65,5890493
2021-05-20 09:17:03,107.7,5925890
2021-05-20 09:17:04,107.65,5929728
2021-05-20 09:17:05,107.7,5940066
2021-05-20 09:17:06,107.65,5944208
2021-05-20 09:17:08,107.7,5988200
2021-05-20 09:17:09,107.75,6009589
2021-05-20 09:17:11,107.9,6022119
2021-05-20 09:17:13,107.95,6085387
2021-05-20 09:17:12,107.8,6025140
2021-05-20 09:17:14,108.0,6092055
2021-05-20 09:17:15,108.05,6136119
2021-05-20 09:17:16,108.0,6159254
2021-05-20 09:17:17,108.0,6166238
2021-05-20 09:17:18,107.9,6192054
2021-05-20 09:17:20,107.9,6217951
2021-05-20 09:17:21,108.0,6236530
2021-05-20 09:17:22,108.05,6250534
2021-05-20 09:17:23,108.05,6263845
2021-05-20 09:17:24,108.05,6275592
2021-05-20 09:17:25,108.1,6298416
2021-05-20 09:17:26,108.15,6310426
2021-05-20 09:17:27,108.15,6316287
2021-05-20 09:17:28,108.1,6331113
2021-05-20 09:17:29,108.1,6339118
2021-05-20 09:17:30,108.0,6394163
2021-05-20 09:17:31,107.95,6413958
2021-05-20 09:17:32,107.85,6463829
2021-05-20 09:17:33,107.95,6486802
2021-05-20 09:17:34,107.9,6503390
2021-05-20 09:17:35,107.85,6547343
2021-05-20 09:17:36,107.85,6555829
2021-05-20 09:17:37,107.85,6567694
2021-05-20 09:17:38,107.8,6576924
2021-05-20 09:17:39,107.75,6658145
2021-05-20 09:17:40,107.7,6775055
2021-05-20 09:17:41,107.75,6784150
2021-05-20 09:17:42,107.7,6798681
2021-05-20 09:17:43,107.8,6810013
2021-05-20 09:17:44,107.75,6826849
2021-05-20 09:17:45,107.7,6837425
2021-05-20 09:17:46,107.75,6842268
2021-05-20 09:17:47,107.75,6854595
2021-05-20 09:17:48,107.75,6877829
2021-05-20 09:17:49,107.7,6882317
2021-05-20 09:17:50,107.75,6888993
2021-05-20 09:17:51,107.7,6893605
2021-05-20 09:17:52,107.7,6901590
2021-05-20 09:17:53,107.8,6907108
2021-05-20 09:17:54,107.8,6916372
2021-05-20 09:17:55,107.9,6940039
2021-05-20 09:17:56,107.95,6950569
2021-05-20 09:17:57,107.9,6960047
2021-05-20 09:17:58,107.95,6973892
2021-05-20 09:17:59,107.95,6980820
2021-05-20 09:18:00,107.9,6989854
2021-05-20 09:18:01,107.9,6992604
2021-05-20 09:18:02,107.85,7009876
2021-05-20 09:18:03,107.85,7021856
2021-05-20 09:18:04,107.85,7028290
2021-05-20 09:18:06,107.85,7069026
2021-05-20 09:18:07,107.85,7070547
2021-05-20 09:18:08,107.8,7081011
2021-05-20 09:18:09,107.8,7086649
2021-05-20 09:18:10,107.6,7220079
2021-05-20 09:18:11,107.65,7231317
2021-05-20 09:18:12,107.6,7242468
2021-05-20 09:18:13,107.7,7249363
2021-05-20 09:18:14,107.7,7252890
2021-05-20 09:18:16,107.75,7274896
2021-05-20 09:18:18,107.8,7281520
2021-05-20 09:18:19,107.85,7305232
2021-05-20 09:18:20,107.95,7322306
2021-05-20 09:18:21,107.85,7323984
2021-05-20 09:18:22,107.85,7327279
2021-05-20 09:18:23,107.95,7331604
2021-05-20 09:18:24,107.85,7340021
2021-05-20 09:18:25,107.9,7343864
2021-05-20 09:18:26,107.9,7359142
2021-05-20 09:18:27,107.95,7366642
2021-05-20 09:18:28,107.95,7370242
2021-05-20 09:18:29,107.95,7380783
2021-05-20 09:18:30,107.9,7390550
2021-05-20 09:18:31,107.85,7404498
2021-05-20 09:18:33,107.85,7418932
2021-05-20 09:18:34,107.8,7422674
2021-05-20 09:18:35,107.9,7436667
2021-05-20 09:18:36,107.8,7456877
2021-05-20 09:18:37,107.9,7458242
2021-05-20 09:18:38,107.8,7473200
2021-05-20 09:18:39,107.9,7476097
2021-05-20 09:18:40,107.85,7479922
2021-05-20 09:18:41,107.8,7504336
2021-05-20 09:18:42,107.85,7509817
2021-05-20 09:18:43,107.9,7531784
2021-05-20 09:18:44,107.8,7553700
2021-05-20 09:18:45,107.8,7564689
2021-05-20 09:18:46,107.8,7568524
2021-05-20 09:18:47,107.9,7573233
2021-05-20 09:18:48,107.9,7575430
2021-05-20 09:18:49,107.85,7579224
2021-05-20 09:18:50,107.7,7610158
2021-05-20 09:18:51,107.8,7619777
2021-05-20 09:18:52,107.85,7631305
2021-05-20 09:18:53,107.85,7642068
2021-05-20 09:18:54,107.9,7645106
2021-05-20 09:18:55,107.9,7649759
2021-05-20 09:18:56,107.85,7706544
2021-05-20 09:18:57,107.85,7708151
2021-05-20 09:18:58,107.85,7710046
2021-05-20 09:18:59,107.9,7730500
2021-05-20 09:19:00,107.9,7734932
2021-05-20 09:19:01,107.9,7736949
2021-05-20 09:19:02,107.9,7738188
2021-05-20 09:19:03,107.9,7741837
2021-05-20 09:19:04,107.9,7743490
2021-05-20 09:19:05,107.9,7745877
2021-05-20 09:19:06,107.8,7761268
2021-05-20 09:19:08,107.75,7901671
2021-05-20 09:19:09,107.8,7908708
2021-05-20 09:19:10,107.85,7921258
2021-05-20 09:19:11,107.85,7923828
2021-05-20 09:19:12,107.85,7926072
2021-05-20 09:19:13,107.85,7929583
2021-05-20 09:19:14,107.8,7946788
2021-05-20 09:19:15,107.8,7948314
2021-05-20 09:19:15,107.8,7949881
2021-05-20 09:19:16,107.8,7954532
2021-05-20 09:19:17,107.8,8024910
2021-05-20 09:19:18,107.8,8039449
2021-05-20 09:19:19,107.8,8045388
2021-05-20 09:19:20,107.65,8065851
2021-05-20 09:19:21,107.75,8070009
2021-05-20 09:19:22,107.75,8077036
2021-05-20 09:19:23,107.75,8082426
2021-05-20 09:19:24,107.55,8293805
2021-05-20 09:19:25,107.6,8347560
2021-05-20 09:19:26,107.45,8566166
2021-05-20 09:19:27,107.25,8625327
2021-05-20 09:19:28,107.25,8629958
2021-05-20 09:19:29,107.25,8674216
2021-05-20 09:19:30,107.25,8682169
2021-05-20 09:19:31,107.25,8689136
2021-05-20 09:19:32,107.35,8701418
2021-05-20 09:19:33,107.35,8706459
2021-05-20 09:19:34,107.2,8739096
2021-05-20 09:19:35,107.3,8749630
2021-05-20 09:19:36,107.3,8764234
2021-05-20 09:19:37,107.25,8777531
2021-05-20 09:19:38,107.35,8785738
2021-05-20 09:19:39,107.4,8793441
2021-05-20 09:19:40,107.4,8796064
2021-05-20 09:19:41,107.3,8805121
2021-05-20 09:19:42,107.45,8807395
2021-05-20 09:19:43,107.35,8825243
2021-05-20 09:19:44,107.35,8827530
2021-05-20 09:19:45,107.35,8835567
2021-05-20 09:19:46,107.4,8842424
2021-05-20 09:19:47,107.4,8853257
2021-05-20 09:19:48,107.45,8856843
2021-05-20 09:19:49,107.45,8861275
2021-05-20 09:19:50,107.45,8863137
2021-05-20 09:19:51,107.35,8871916
2021-05-20 09:19:52,107.35,8876395
2021-05-20 09:19:53,107.45,8888338
2021-05-20 09:19:54,107.35,8892440
2021-05-20 09:19:55,107.35,8921789
2021-05-20 09:19:56,107.35,8940114
2021-05-20 09:19:57,107.2,9181120
2021-05-20 09:19:58,107.2,9197373
2021-05-20 09:19:59,107.15,9304929
2021-05-20 09:20:00,107.05,9438681
2021-05-20 09:20:01,107.15,9489660
2021-05-20 09:20:02,107.1,9515828
2021-05-20 09:20:03,107.05,9523187
2021-05-20 09:20:04,107.15,9527077
2021-05-20 09:20:05,107.15,9550358
2021-05-20 09:20:06,107.1,9555805
2021-05-20 09:20:07,107.1,9560286
2021-05-20 09:20:09,107.05,9584248
2021-05-20 09:20:12,107.05,9616639
2021-05-20 09:20:13,107.05,9641892
2021-05-20 09:20:14,106.85,9948347
2021-05-20 09:20:15,106.9,9952668
2021-05-20 09:20:16,106.8,9993705
2021-05-20 09:20:17,106.7,10035166
2021-05-20 09:20:18,106.65,10080339
2021-05-20 09:20:19,106.6,10095294
2021-05-20 09:20:20,106.65,10102916
2021-05-20 09:20:21,106.7,10119506
2021-05-20 09:20:23,106.65,10134488
2021-05-20 09:20:24,106.65,10144352
2021-05-20 09:20:25,106.55,10225289
2021-05-20 09:20:26,106.55,10244964
2021-05-20 09:20:27,106.5,10263904
2021-05-20 09:20:28,106.45,10285648
2021-05-20 09:20:29,106.35,10311132
2021-05-20 09:20:30,106.4,10331197
2021-05-20 09:20:31,106.35,10346064
2021-05-20 09:20:32,106.25,10362152
2021-05-20 09:20:33,106.35,10371348
2021-05-20 09:20:33,106.35,10372833
2021-05-20 09:20:34,106.3,10396877
2021-05-20 09:20:35,106.3,10420251
2021-05-20 09:20:36,106.25,10494175
2021-05-20 09:20:37,106.15,10519615
2021-05-20 09:20:38,106.2,10546363
2021-05-20 09:20:39,106.2,10581346
2021-05-20 09:20:41,106.1,10686494
2021-05-20 09:20:42,106.1,10697531
2021-05-20 09:20:43,106.1,10724331
2021-05-20 09:20:44,106.25,10755116
2021-05-20 09:20:45,106.2,10800820
2021-05-20 09:20:46,106.25,10819823
2021-05-20 09:20:47,106.3,10826571
2021-05-20 09:20:48,106.35,10851828
2021-05-20 09:20:49,106.4,10861824
2021-05-20 09:20:51,106.35,10878343
2021-05-20 09:20:52,106.35,10885064
2021-05-20 09:20:53,106.4,10893025
2021-05-20 09:20:53,106.3,10924363
2021-05-20 09:20:54,106.35,10938996
2021-05-20 09:20:55,106.4,10945207
2021-05-20 09:20:56,106.5,10965974
2021-05-20 09:20:57,106.45,10974505
2021-05-20 09:20:58,106.4,11008811
2021-05-20 09:20:59,106.5,11025759
2021-05-20 09:21:00,106.5,11030514
2021-05-20 09:21:01,106.65,11121400
2021-05-20 09:21:02,106.55,11158156
2021-05-20 09:21:03,106.5,11160573
2021-05-20 09:21:08,106.45,11263987
2021-05-20 09:21:09,106.35,11272874
2021-05-20 09:21:09,106.4,11300547
2021-05-20 09:21:10,106.45,11305557
2021-05-20 09:21:11,106.45,11324027
2021-05-20 09:21:12,106.35,11328530
2021-05-20 09:21:13,106.45,11344420
2021-05-20 09:21:14,106.5,11356780
2021-05-20 09:21:15,106.6,11364566
2021-05-20 09:21:16,106.6,11365681
2021-05-20 09:21:17,106.5,11377436
2021-05-20 09:21:18,106.5,11381854
2021-05-20 09:21:19,106.55,11393594
2021-05-20 09:21:20,106.6,11397435
2021-05-20 09:21:21,106.55,11407351
2021-05-20 09:21:22,106.5,11410358
2021-05-20 09:21:23,106.6,11417565
2021-05-20 09:21:24,106.55,11435751
2021-05-20 09:21:25,106.6,11440102
2021-05-20 09:21:26,106.6,11449230
2021-05-20 09:21:27,106.65,11460755
2021-05-20 09:21:28,106.65,11465336
2021-05-20 09:21:30,106.65,11482747
2021-05-20 09:21:31,106.6,11488404
2021-05-20 09:21:33,106.55,11512138
2021-05-20 09:21:34,106.5,11525884
2021-05-20 09:21:35,106.6,11536997
2021-05-20 09:21:36,106.55,11539745
2021-05-20 09:21:37,106.55,11545010
2021-05-20 09:21:38,106.6,11549646
2021-05-20 09:21:39,106.55,11575235
2021-05-20 09:21:40,106.6,11579481
2021-05-20 09:21:41,106.6,11582254
2021-05-20 09:21:43,106.6,11603203
2021-05-20 09:21:44,106.45,11662786
2021-05-20 09:21:45,106.55,11666310
2021-05-20 09:21:46,106.55,11671396
2021-05-20 09:21:47,106.55,11674361
2021-05-20 09:21:48,106.45,11743722
2021-05-20 09:21:49,106.45,11748462
2021-05-20 09:21:50,106.45,11759926
2021-05-20 09:21:51,106.45,11766544
2021-05-20 09:21:52,106.45,11774355
2021-05-20 09:21:53,106.45,11776936
2021-05-20 09:21:54,106.45,11787199
2021-05-20 09:21:56,106.3,11825011
2021-05-20 09:21:57,106.35,11836626
2021-05-20 09:21:58,106.4,11842479
2021-05-20 09:21:59,106.4,11844559
2021-05-20 09:22:00,106.4,11854273
2021-05-20 09:22:01,106.35,11857686
2021-05-20 09:22:02,106.35,11872490
2021-05-20 09:22:03,106.25,11878114
2021-05-20 09:22:04,106.25,11879784
2021-05-20 09:22:05,106.35,11881641
2021-05-20 09:22:06,106.35,11891220
2021-05-20 09:22:07,106.3,11899549
2021-05-20 09:22:08,106.3,11906109
2021-05-20 09:22:09,106.35,11920519
2021-05-20 09:22:10,106.35,11928500
2021-05-20 09:22:11,106.3,11929229
2021-05-20 09:22:12,106.4,11930809
2021-05-20 09:22:13,106.35,11933790
2021-05-20 09:22:14,106.4,11942003
2021-05-20 09:22:15,106.45,11945157
2021-05-20 09:22:16,106.4,11958010
2021-05-20 09:22:17,106.35,11996984
2021-05-20 09:22:18,106.4,12021094
2021-05-20 09:22:19,106.3,12027779
2021-05-20 09:22:20,106.35,12032430
2021-05-20 09:22:21,106.35,12041063
2021-05-20 09:22:22,106.35,12046311
2021-05-20 09:22:23,106.35,12050744
2021-05-20 09:22:24,106.35,12067189
2021-05-20 09:22:25,106.35,12069417
2021-05-20 09:22:26,106.35,12117445
2021-05-20 09:22:27,106.35,12121710
2021-05-20 09:22:28,106.35,12125505
2021-05-20 09:22:29,106.3,12142541
2021-05-20 09:22:30,106.35,12143236
2021-05-20 09:22:31,106.25,12158315
2021-05-20 09:22:32,106.3,12166919
2021-05-20 09:22:33,106.35,12170550
2021-05-20 09:22:34,106.4,12177504
2021-05-20 09:22:35,106.35,12181812
2021-05-20 09:22:36,106.35,12182517
2021-05-20 09:22:38,106.35,12190844
2021-05-20 09:22:39,106.35,12195431
2021-05-20 09:22:40,106.3,12201358
2021-05-20 09:22:41,106.35,12204108
2021-05-20 09:22:42,106.3,12206508
2021-05-20 09:22:43,106.3,12207909
2021-05-20 09:22:44,106.25,12251399
2021-05-20 09:22:45,106.3,12259299
2021-05-20 09:22:46,106.3,12260924
2021-05-20 09:22:47,106.3,12263640
2021-05-20 09:22:48,106.3,12266950
2021-05-20 09:22:49,106.2,12410880
2021-05-20 09:22:50,106.3,12421889
2021-05-20 09:22:51,106.3,12423272
2021-05-20 09:22:52,106.3,12433318
2021-05-20 09:22:53,106.2,12437099
2021-05-20 09:22:54,106.3,12486371
2021-05-20 09:22:55,106.35,12499901
2021-05-20 09:22:56,106.35,12500764
2021-05-20 09:22:57,106.3,12510476
2021-05-20 09:22:58,106.35,12515135
2021-05-20 09:22:59,106.35,12516898
2021-05-20 09:23:00,106.3,12532790
2021-05-20 09:23:01,106.35,12554626
2021-05-20 09:23:02,106.35,12563849
2021-05-20 09:23:03,106.35,12565633
2021-05-20 09:23:04,106.3,12569123
2021-05-20 09:23:05,106.4,12575358
2021-05-20 09:23:06,106.35,12606892
2021-05-20 09:23:07,106.4,12608465
2021-05-20 09:23:08,106.55,12633415
2021-05-20 09:23:09,106.5,12635906
2021-05-20 09:23:10,106.55,12645343
2021-05-20 09:23:11,106.5,12648532
2021-05-20 09:23:12,106.5,12654176
2021-05-20 09:23:13,106.6,12655586
2021-05-20 09:23:14,106.6,12658166
2021-05-20 09:23:15,106.5,12674427
2021-05-20 09:23:16,106.5,12679538
2021-05-20 09:23:17,106.55,12681680
2021-05-20 09:23:18,106.55,12684322
2021-05-20 09:23:19,106.45,12705082
2021-05-20 09:23:21,106.5,12740635
2021-05-20 09:23:22,106.45,12763625
2021-05-20 09:23:23,106.55,12768372
2021-05-20 09:23:25,106.55,12783233
2021-05-20 09:23:26,106.5,12785012
2021-05-20 09:23:27,106.5,12817750
2021-05-20 09:23:28,106.45,12818193
2021-05-20 09:23:29,106.55,12822894
2021-05-20 09:23:33,106.55,12842787
2021-05-20 09:23:36,106.6,12852106
2021-05-20 09:23:37,106.55,12858317
2021-05-20 09:23:39,106.6,12868550
2021-05-20 09:23:40,106.6,12875885
2021-05-20 09:23:41,106.6,12877873
2021-05-20 09:23:42,106.6,12881764
2021-05-20 09:23:43,106.6,12888565
2021-05-20 09:23:44,106.6,12893627
2021-05-20 09:23:45,106.55,12895425
2021-05-20 09:23:46,106.6,12904870
2021-05-20 09:23:47,106.65,12906074
2021-05-20 09:23:48,106.6,12908865
2021-05-20 09:23:49,106.65,12913312
2021-05-20 09:23:50,106.75,12930829
2021-05-20 09:23:51,106.65,12937465
2021-05-20 09:23:52,106.75,12943919
2021-05-20 09:23:53,106.8,12951373
2021-05-20 09:23:54,106.7,13054514
2021-05-20 09:23:55,106.6,13060663
2021-05-20 09:23:56,106.7,13080442
2021-05-20 09:23:57,106.6,13089520
2021-05-20 09:23:58,106.65,13094196
2021-05-20 09:23:59,106.75,13103867
2021-05-20 09:24:00,106.75,13110641
2021-05-20 09:24:01,106.75,13116607
2021-05-20 09:24:02,106.6,13130353
2021-05-20 09:24:03,106.65,13131916
2021-05-20 09:24:04,106.65,13133999
2021-05-20 09:24:05,106.65,13156368
2021-05-20 09:24:06,106.7,13158163
2021-05-20 09:24:07,106.7,13162464
2021-05-20 09:24:08,106.65,13166185
2021-05-20 09:24:09,106.7,13170342
2021-05-20 09:24:10,106.75,13170923
2021-05-20 09:24:11,106.75,13172623
2021-05-20 09:24:12,106.65,13175110
2021-05-20 09:24:13,106.7,13177357
2021-05-20 09:24:14,106.7,13179499
2021-05-20 09:24:15,106.7,13180586
2021-05-20 09:24:16,106.75,13194567
2021-05-20 09:24:17,106.65,13198167
2021-05-20 09:24:18,106.7,13200410
2021-05-20 09:24:19,106.7,13204326
2021-05-20 09:24:20,106.7,13216518
2021-05-20 09:24:21,106.65,13218877
2021-05-20 09:24:22,106.7,13222807
2021-05-20 09:24:23,106.7,13224873
2021-05-20 09:24:25,106.75,13233982
2021-05-20 09:24:26,106.7,13235894
2021-05-20 09:24:27,106.75,13240315
2021-05-20 09:24:28,106.75,13243900
2021-05-20 09:24:29,106.75,13245245
2021-05-20 09:24:30,106.7,13248087
2021-05-20 09:24:31,106.75,13250897
2021-05-20 09:24:32,106.7,13257094
2021-05-20 09:24:33,106.65,13305936
2021-05-20 09:24:34,106.7,13307225
2021-05-20 09:24:35,106.7,13310964
2021-05-20 09:24:36,106.7,13311363
2021-05-20 09:24:37,106.65,13314844
2021-05-20 09:24:38,106.65,13318323
2021-05-20 09:24:39,106.7,13329365
2021-05-20 09:24:40,106.65,13336908
2021-05-20 09:24:41,106.75,13340164
2021-05-20 09:24:42,106.75,13342942
2021-05-20 09:24:43,106.75,13351853
2021-05-20 09:24:44,106.7,13353011
2021-05-20 09:24:45,106.75,13356084
2021-05-20 09:24:46,106.75,13359392
2021-05-20 09:24:47,106.8,13362209
2021-05-20 09:24:48,106.75,13374102
2021-05-20 09:24:49,106.8,13375657
2021-05-20 09:24:50,106.9,13425161
2021-05-20 09:24:51,106.9,13429802
2021-05-20 09:24:52,106.95,13432280
2021-05-20 09:24:53,106.9,13440492
2021-05-20 09:24:54,106.95,13442477
2021-05-20 09:24:55,107.0,13446018
2021-05-20 09:24:56,107.0,13472207
2021-05-20 09:24:57,107.0,13475755
2021-05-20 09:24:58,107.0,13516800
2021-05-20 09:24:59,107.0,13537362
2021-05-20 09:25:00,107.15,13550806
2021-05-20 09:25:01,107.15,13554820
2021-05-20 09:25:02,107.15,13570226
2021-05-20 09:25:03,107.15,13599083
2021-05-20 09:25:04,107.1,13622689
2021-05-20 09:25:05,107.2,13629158
2021-05-20 09:25:06,107.2,13639220
2021-05-20 09:25:07,107.15,13649881
2021-05-20 09:25:08,107.15,13657025
2021-05-20 09:25:09,106.9,13824429
2021-05-20 09:25:10,106.9,13832505
2021-05-20 09:25:11,106.9,13841153
2021-05-20 09:25:12,106.95,13843314
2021-05-20 09:25:12,106.95,13845073
2021-05-20 09:25:15,107.0,13864077
2021-05-20 09:25:16,106.9,13877697
2021-05-20 09:25:17,106.95,13883114
2021-05-20 09:25:18,107.0,13886071
2021-05-20 09:25:19,106.95,13886872
2021-05-20 09:25:20,106.95,13907164
2021-05-20 09:25:21,107.0,13940607
2021-05-20 09:25:22,107.0,13942951
2021-05-20 09:25:23,106.95,13950893
2021-05-20 09:25:24,107.0,13955562
2021-05-20 09:25:25,107.0,13962024
2021-05-20 09:25:26,107.0,13964806
2021-05-20 09:25:27,107.0,13969206
2021-05-20 09:25:28,107.0,13970454
2021-05-20 09:25:29,106.95,13977030
2021-05-20 09:25:30,107.0,13980605
2021-05-20 09:25:32,106.95,13986122
2021-05-20 09:25:33,106.95,13992878
2021-05-20 09:25:34,106.9,13996031
2021-05-20 09:25:35,106.85,14052646
2021-05-20 09:25:36,106.9,14060922
2021-05-20 09:25:37,106.9,14064397
2021-05-20 09:25:38,106.85,14067668
2021-05-20 09:25:39,106.85,14070843
2021-05-20 09:25:40,106.85,14074947
2021-05-20 09:25:41,106.85,14081363
2021-05-20 09:25:42,106.85,14085180
2021-05-20 09:25:43,106.85,14089929
2021-05-20 09:25:44,106.8,14091054
2021-05-20 09:25:45,106.7,14113018
2021-05-20 09:25:46,106.75,14121058
2021-05-20 09:25:47,106.75,14149804
2021-05-20 09:25:48,106.75,14153704
2021-05-20 09:25:49,106.75,14153857
2021-05-20 09:25:50,106.7,14155707
2021-05-20 09:25:51,106.8,14168046
2021-05-20 09:25:52,106.8,14169189
2021-05-20 09:25:53,106.75,14169486
2021-05-20 09:25:54,106.75,14177179
2021-05-20 09:25:55,106.7,14180992
2021-05-20 09:25:56,106.75,14183502
2021-05-20 09:25:57,106.75,14185912
2021-05-20 09:25:58,106.75,14190691
2021-05-20 09:25:59,106.75,14191067
2021-05-20 09:26:00,106.7,14194573
2021-05-20 09:26:01,106.7,14195458
2021-05-20 09:26:02,106.7,14197866
2021-05-20 09:26:03,106.7,14200012
2021-05-20 09:26:04,106.6,14234871
2021-05-20 09:26:05,106.6,14236250
2021-05-20 09:26:06,106.55,14245260
2021-05-20 09:26:07,106.55,14258232
2021-05-20 09:26:08,106.55,14261758
2021-05-20 09:26:09,106.6,14262557
2021-05-20 09:26:10,106.5,14294391
2021-05-20 09:26:11,106.5,14302060
2021-05-20 09:26:12,106.5,14315348
2021-05-20 09:26:13,106.5,14318873
2021-05-20 09:26:14,106.55,14325644
2021-05-20 09:26:15,106.5,14326893
2021-05-20 09:26:16,106.5,14329008
2021-05-20 09:26:17,106.5,14330791
2021-05-20 09:26:18,106.5,14331392
2021-05-20 09:26:19,106.55,14355935
2021-05-20 09:26:20,106.55,14356820
2021-05-20 09:26:21,106.65,14357325
2021-05-20 09:26:22,106.55,14361348
2021-05-20 09:26:23,106.55,14361423
2021-05-20 09:26:24,106.6,14362293
2021-05-20 09:26:25,106.55,14363788
2021-05-20 09:26:26,106.6,14365876
2021-05-20 09:26:28,106.6,14376627
2021-05-20 09:26:29,106.5,14384178
2021-05-20 09:26:30,106.55,14386036
2021-05-20 09:26:31,106.5,14394966
2021-05-20 09:26:32,106.6,14404346
2021-05-20 09:26:33,106.6,14405009
2021-05-20 09:26:34,106.5,14422783
2021-05-20 09:26:35,106.45,14424506
2021-05-20 09:26:36,106.5,14428200
2021-05-20 09:26:37,106.5,14430213
2021-05-20 09:26:38,106.45,14441149
2021-05-20 09:26:39,106.5,14446326
2021-05-20 09:26:40,106.45,14446921
2021-05-20 09:26:41,106.45,14447229
2021-05-20 09:26:42,106.4,14456474
2021-05-20 09:26:43,106.45,14457468
2021-05-20 09:26:44,106.4,14463686
2021-05-20 09:26:46,106.4,14466084
2021-05-20 09:26:47,106.45,14466814
2021-05-20 09:26:48,106.45,14467552
2021-05-20 09:26:49,106.45,14474728
2021-05-20 09:26:50,106.45,14481770
2021-05-20 09:26:51,106.4,14482836
2021-05-20 09:26:52,106.45,14487117
2021-05-20 09:26:53,106.4,14487430
2021-05-20 09:26:54,106.45,14488850
2021-05-20 09:26:55,106.3,14505127
2021-05-20 09:26:56,106.4,14513318
2021-05-20 09:26:57,106.3,14514428
2021-05-20 09:26:58,106.4,14517460
2021-05-20 09:26:59,106.4,14525752
2021-05-20 09:27:00,106.35,14528833
2021-05-20 09:27:02,106.35,14532256
2021-05-20 09:27:03,106.4,14535271
2021-05-20 09:27:10,106.4,14550929
2021-05-20 09:27:11,106.4,14582119
2021-05-20 09:27:13,106.4,14584711
2021-05-20 09:27:14,106.45,14584811
2021-05-20 09:27:15,106.4,14584896
2021-05-20 09:27:16,106.35,14642300
2021-05-20 09:27:17,106.35,14642858
2021-05-20 09:27:18,106.45,14650726
2021-05-20 09:27:19,106.4,14653435
2021-05-20 09:27:20,106.5,14676767
2021-05-20 09:27:21,106.45,14686637
2021-05-20 09:27:22,106.45,14697710
2021-05-20 09:27:23,106.35,14697731
2021-05-20 09:27:24,106.45,14697882
2021-05-20 09:27:25,106.5,14701709
2021-05-20 09:27:26,106.4,14710902
2021-05-20 09:27:27,106.5,14715076
2021-05-20 09:27:28,106.45,14716226
2021-05-20 09:27:29,106.5,14717386
2021-05-20 09:27:30,106.5,14718241
2021-05-20 09:27:32,106.4,14727285
2021-05-20 09:27:33,106.4,14728950
2021-05-20 09:27:35,106.45,14732675
2021-05-20 09:27:36,106.5,14732886
2021-05-20 09:27:39,106.5,14744624
2021-05-20 09:27:42,106.45,14748806
2021-05-20 09:27:44,106.35,14817741
2021-05-20 09:27:45,106.35,14820782
2021-05-20 09:27:46,106.35,14823104
2021-05-20 09:27:47,106.4,14824399
2021-05-20 09:27:48,106.4,14826976
2021-05-20 09:27:49,106.45,14827084
2021-05-20 09:27:50,106.45,14828064
2021-05-20 09:27:51,106.4,14828752
2021-05-20 09:27:52,106.4,14829053
2021-05-20 09:27:53,106.4,14829930
2021-05-20 09:27:54,106.45,14835494
2021-05-20 09:27:55,106.5,14836484
2021-05-20 09:27:56,106.5,14838488
2021-05-20 09:27:57,106.45,14840281
2021-05-20 09:27:58,106.5,14842249
2021-05-20 09:27:59,106.4,14846959
2021-05-20 09:28:00,106.45,14847476
2021-05-20 09:28:01,106.4,14848437
2021-05-20 09:28:02,106.45,14858115
2021-05-20 09:28:03,106.45,14858827
2021-05-20 09:28:04,106.4,14859658
2021-05-20 09:28:05,106.35,14867492
2021-05-20 09:28:08,106.4,14874284
2021-05-20 09:28:09,106.45,14882534
2021-05-20 09:28:10,106.35,14888307
2021-05-20 09:28:11,106.35,14893776
2021-05-20 09:28:12,106.4,14895878
2021-05-20 09:28:13,106.4,14897769
2021-05-20 09:28:14,106.4,14897938
2021-05-20 09:28:15,106.4,14898967
2021-05-20 09:28:16,106.35,14899622
2021-05-20 09:28:17,106.3,14939136
2021-05-20 09:28:19,106.35,14964541
2021-05-20 09:28:20,106.35,14965041
2021-05-20 09:28:21,106.4,14967003
2021-05-20 09:28:23,106.4,14969410
2021-05-20 09:28:24,106.35,14974001
2021-05-20 09:28:25,106.4,14989449
2021-05-20 09:28:26,106.4,15043356
2021-05-20 09:28:27,106.4,15044583
2021-05-20 09:28:28,106.45,15045246
2021-05-20 09:28:29,106.4,15048741
2021-05-20 09:28:30,106.45,15056756
2021-05-20 09:28:31,106.4,15058393
2021-05-20 09:28:32,106.4,15059337
2021-05-20 09:28:33,106.35,15060314
2021-05-20 09:28:34,106.35,15084877
2021-05-20 09:28:35,106.35,15085548
2021-05-20 09:28:36,106.35,15086078
2021-05-20 09:28:37,106.4,15087436
2021-05-20 09:28:38,106.35,15090341
2021-05-20 09:28:39,106.4,15090811
2021-05-20 09:28:40,106.35,15169896
2021-05-20 09:28:41,106.35,15170487
2021-05-20 09:28:42,106.35,15171249
2021-05-20 09:28:43,106.35,15171799
2021-05-20 09:28:44,106.3,15187044
2021-05-20 09:28:45,106.25,15187260
2021-05-20 09:28:46,106.3,15188736
2021-05-20 09:28:47,106.2,15203187
2021-05-20 09:28:48,106.25,15216828
2021-05-20 09:28:49,106.15,15255978
2021-05-20 09:28:50,106.2,15257482
2021-05-20 09:28:52,106.2,15295490
2021-05-20 09:28:53,106.1,15330418
2021-05-20 09:28:54,106.1,15356484
2021-05-20 09:28:55,106.05,15397302
2021-05-20 09:28:56,106.0,15429163
2021-05-20 09:28:57,106.05,15450658
2021-05-20 09:28:59,106.0,15472195
2021-05-20 09:29:00,106.0,15476279
2021-05-20 09:29:03,106.0,15493953
2021-05-20 09:29:04,106.0,15502183
2021-05-20 09:29:05,106.0,15511121
2021-05-20 09:29:06,105.9,15683134
2021-05-20 09:29:07,106.1,15760290
2021-05-20 09:29:08,106.15,15764655
2021-05-20 09:29:09,106.1,15768065
2021-05-20 09:29:10,106.05,15787987
2021-05-20 09:29:11,106.1,15788425
2021-05-20 09:29:12,106.1,15789469
2021-05-20 09:29:14,106.15,15795730
2021-05-20 09:29:15,106.1,15802135
2021-05-20 09:29:16,106.05,15802719
2021-05-20 09:29:18,106.05,15807294
2021-05-20 09:29:19,106.1,15809459
2021-05-20 09:29:20,106.1,15810281
2021-05-20 09:29:20,106.1,15811101
2021-05-20 09:29:21,106.1,15816560
2021-05-20 09:29:22,106.1,15818929
2021-05-20 09:29:23,106.1,15822784
2021-05-20 09:29:24,106.05,15824194
2021-05-20 09:29:25,106.15,15841884
2021-05-20 09:29:26,106.15,15848909
2021-05-20 09:29:27,106.05,15855322
2021-05-20 09:29:28,106.1,15863408
2021-05-20 09:29:29,106.15,15863851
2021-05-20 09:29:30,106.05,15873678
2021-05-20 09:29:31,106.15,15875911
2021-05-20 09:29:32,106.1,15876656
2021-05-20 09:29:33,106.15,15878636
2021-05-20 09:29:34,106.15,15887203
2021-05-20 09:29:35,106.05,15893042
2021-05-20 09:29:36,106.15,15897906
2021-05-20 09:29:37,106.1,15955215
2021-05-20 09:29:38,106.2,15960517
2021-05-20 09:29:39,106.15,15969502
2021-05-20 09:29:40,106.15,15970243
2021-05-20 09:29:41,106.15,15971174
2021-05-20 09:29:42,106.15,15975032
2021-05-20 09:29:43,106.1,15976933
2021-05-20 09:29:44,106.15,15978608
2021-05-20 09:29:45,106.15,15979010
2021-05-20 09:29:46,106.2,15981315
2021-05-20 09:29:47,106.15,15991692
2021-05-20 09:29:48,106.15,15992992
2021-05-20 09:29:49,106.15,15996033
2021-05-20 09:29:50,106.1,15997356
2021-05-20 09:29:51,106.1,16002078
2021-05-20 09:29:52,106.1,16003485
2021-05-20 09:29:53,106.05,16012919
2021-05-20 09:29:54,106.0,16036852
2021-05-20 09:29:55,106.1,16046224
2021-05-20 09:29:56,106.05,16047549
2021-05-20 09:29:57,106.0,16058056
2021-05-20 09:29:58,106.05,16060901
2021-05-20 09:29:59,106.05,16062608
2021-05-20 09:30:00,106.05,16063172
2021-05-20 09:30:01,106.05,16107209
2021-05-20 09:30:02,106.0,16107894
2021-05-20 09:30:03,106.0,16121161
2021-05-20 09:30:04,106.0,16124096
2021-05-20 09:30:05,106.05,16125082
2021-05-20 09:30:06,106.05,16157267
2021-05-20 09:30:07,106.0,16165601
2021-05-20 09:30:08,106.0,16173979
2021-05-20 09:30:09,106.05,16174246
2021-05-20 09:30:11,106.05,16178291
2021-05-20 09:30:11,106.05,16178904
2021-05-20 09:30:14,106.05,16195166
2021-05-20 09:30:14,105.95,16198027
2021-05-20 09:30:15,106.0,16198928
2021-05-20 09:30:16,106.0,16205244
2021-05-20 09:30:17,105.95,16233074
2021-05-20 09:30:18,105.9,16238866
2021-05-20 09:30:19,105.9,16254596
2021-05-20 09:30:20,105.9,16258498
2021-05-20 09:30:21,105.95,16292835
2021-05-20 09:30:24,105.8,16307183
2021-05-20 09:30:25,105.8,16314981
2021-05-20 09:30:26,105.9,16326728
2021-05-20 09:30:27,105.9,16331652
2021-05-20 09:30:28,105.9,16336529
2021-05-20 09:30:30,105.8,16346099
2021-05-20 09:30:31,105.85,16347301
2021-05-20 09:30:32,105.9,16350956
2021-05-20 09:30:33,105.8,16351994
2021-05-20 09:30:34,105.8,16359653
2021-05-20 09:30:35,105.8,16371070
2021-05-20 09:30:36,105.8,16373906
2021-05-20 09:30:37,105.8,16380065
2021-05-20 09:30:38,105.8,16398651
2021-05-20 09:30:39,105.75,16418790
2021-05-20 09:30:40,105.75,16434125
2021-05-20 09:30:41,105.6,16482506
2021-05-20 09:30:42,105.75,16645157
2021-05-20 09:30:43,105.8,16649028
2021-05-20 09:30:44,105.75,16655274
2021-05-20 09:30:45,105.75,16656876
2021-05-20 09:30:46,105.65,16667029
2021-05-20 09:30:47,105.65,16675288
2021-05-20 09:30:48,105.6,16687675
2021-05-20 09:30:49,105.65,16692993
2021-05-20 09:30:50,105.6,16703671
2021-05-20 09:30:51,105.6,16718536
2021-05-20 09:30:51,105.65,16721683
2021-05-20 09:30:52,105.55,16728018
2021-05-20 09:30:54,105.6,16751100
2021-05-20 09:30:55,105.6,16759988
2021-05-20 09:30:56,105.5,16763386
2021-05-20 09:30:57,105.55,16768565
2021-05-20 09:30:58,105.55,16777443
2021-05-20 09:30:59,105.55,16795305
2021-05-20 09:31:00,105.5,16813735
2021-05-20 09:31:01,105.55,16910968
2021-05-20 09:31:02,105.6,16923122
2021-05-20 09:31:03,105.65,16929315
2021-05-20 09:31:04,105.7,16950645
2021-05-20 09:31:05,105.65,16965235
2021-05-20 09:31:06,105.7,16982183
2021-05-20 09:31:07,105.65,16984780
2021-05-20 09:31:08,105.7,16986225
2021-05-20 09:31:10,105.8,17003676
2021-05-20 09:31:11,105.7,17010105
2021-05-20 09:31:12,105.8,17015344
2021-05-20 09:31:14,105.75,17021008
2021-05-20 09:31:16,105.55,17128383
2021-05-20 09:31:17,105.6,17142339
2021-05-20 09:31:18,105.55,17143316
2021-05-20 09:31:19,105.5,17147290
2021-05-20 09:31:20,105.6,17168763
2021-05-20 09:31:21,105.6,17172394
2021-05-20 09:31:22,105.7,17183891
2021-05-20 09:31:23,105.65,17190306
2021-05-20 09:31:25,105.75,17223421
2021-05-20 09:31:26,105.8,17228846
2021-05-20 09:31:27,105.75,17233631
2021-05-20 09:31:28,105.7,17236212
2021-05-20 09:31:29,105.75,17238455
2021-05-20 09:31:31,105.7,17241641
2021-05-20 09:31:32,105.8,17250351
2021-05-20 09:31:35,105.75,17257717
2021-05-20 09:31:36,105.75,17260328
2021-05-20 09:31:37,105.8,17264258
2021-05-20 09:31:38,105.8,17282665
2021-05-20 09:31:40,105.75,17306649
2021-05-20 09:31:43,105.7,17313781
2021-05-20 09:31:45,105.75,17322879
2021-05-20 09:31:46,105.75,17335674
2021-05-20 09:31:47,105.8,17337076
2021-05-20 09:31:48,105.8,17350296
2021-05-20 09:31:50,105.8,17368828
2021-05-20 09:31:51,105.8,17371375
2021-05-20 09:31:52,105.85,17372736
2021-05-20 09:31:53,105.9,17385013
2021-05-20 09:31:54,105.8,17388660
2021-05-20 09:31:55,105.9,17390212
2021-05-20 09:31:56,105.9,17393108
2021-05-20 09:31:57,105.9,17393654
2021-05-20 09:31:58,105.9,17394728
2021-05-20 09:32:00,105.95,17416001
2021-05-20 09:32:01,105.9,17416733
2021-05-20 09:32:02,105.95,17418098
2021-05-20 09:32:03,105.95,17420798
2021-05-20 09:32:04,105.9,17424993
2021-05-20 09:32:05,105.9,17425856
2021-05-20 09:32:06,105.95,17427817
2021-05-20 09:32:07,105.9,17435418
2021-05-20 09:32:08,105.95,17436808
2021-05-20 09:32:10,106.0,17446641
2021-05-20 09:32:11,106.0,17447431
2021-05-20 09:32:12,105.95,17452013
2021-05-20 09:32:13,106.0,17457010
2021-05-20 09:32:14,106.0,17460389
2021-05-20 09:32:15,106.0,17465571
2021-05-20 09:32:17,105.95,17466837
2021-05-20 09:32:18,106.0,17472342
2021-05-20 09:32:19,106.0,17475831
2021-05-20 09:32:20,106.05,17537988
2021-05-20 09:32:21,106.05,17545394
2021-05-20 09:32:22,106.05,17548441
2021-05-20 09:32:23,106.0,17548649
2021-05-20 09:32:24,106.1,17562322
2021-05-20 09:32:25,106.1,17567671
2021-05-20 09:32:26,106.05,17589183
2021-05-20 09:32:27,106.05,17591630
2021-05-20 09:32:28,106.0,17596979
2021-05-20 09:32:29,105.9,17682335
2021-05-20 09:32:30,105.9,17702543
2021-05-20 09:32:31,105.9,17708249
2021-05-20 09:32:32,105.95,17718042
2021-05-20 09:32:33,105.8,17731552
2021-05-20 09:32:34,105.9,17733532
2021-05-20 09:32:35,105.85,17737295
2021-05-20 09:32:36,105.95,17739732
2021-05-20 09:32:37,105.85,17744031
2021-05-20 09:32:38,105.85,17745809
2021-05-20 09:32:39,105.95,17747498
2021-05-20 09:32:40,105.9,17747583
2021-05-20 09:32:41,105.9,17749708
2021-05-20 09:32:42,105.95,17753692
2021-05-20 09:32:43,105.95,17754542
2021-05-20 09:32:43,105.95,17755942
2021-05-20 09:32:44,105.85,17757487
2021-05-20 09:32:47,106.0,17805012
2021-05-20 09:32:48,105.95,17818884
2021-05-20 09:32:48,105.95,17818884
2021-05-20 09:32:49,105.95,17820394
2021-05-20 09:32:50,105.95,17824243
2021-05-20 09:32:51,105.95,17824693
2021-05-20 09:32:53,105.9,17829696
2021-05-20 09:32:54,105.9,17830163
2021-05-20 09:32:55,105.95,17832381
2021-05-20 09:32:56,105.9,17840557
2021-05-20 09:32:57,105.9,17842589
2021-05-20 09:32:58,105.85,17851117
2021-05-20 09:32:59,105.9,17855582
2021-05-20 09:33:00,105.9,17857854
2021-05-20 09:33:01,105.9,17858073
2021-05-20 09:33:02,105.9,17859223
2021-05-20 09:33:03,105.85,17859726
2021-05-20 09:33:04,105.9,17860849
2021-05-20 09:33:04,105.85,17860949
2021-05-20 09:33:05,105.85,17865191
2021-05-20 09:33:06,105.85,17865367
2021-05-20 09:33:07,105.9,17868792
2021-05-20 09:33:08,105.85,17893060
2021-05-20 09:33:09,105.85,17899592
2021-05-20 09:33:10,105.85,17902489
2021-05-20 09:33:11,105.85,17902926
2021-05-20 09:33:12,105.8,17905230
2021-05-20 09:33:13,105.8,17907256
2021-05-20 09:33:14,105.8,17910400
2021-05-20 09:33:15,105.85,17911097
2021-05-20 09:33:16,105.85,17912153
2021-05-20 09:33:17,105.8,17913218
2021-05-20 09:33:19,105.85,17913979
2021-05-20 09:33:19,105.8,17917035
2021-05-20 09:33:20,105.85,17919586
2021-05-20 09:33:21,105.8,17955068
2021-05-20 09:33:22,105.8,17959152
2021-05-20 09:33:23,105.75,17959766
2021-05-20 09:33:24,105.8,17960667
2021-05-20 09:33:25,105.8,17963617
2021-05-20 09:33:28,105.75,17970571
2021-05-20 09:33:28,105.8,17967485
2021-05-20 09:33:29,105.75,17973575
2021-05-20 09:33:32,105.75,17980158
2021-05-20 09:33:34,106.1,18153958
2021-05-20 09:33:35,106.1,18156685
2021-05-20 09:33:36,105.9,18159305
2021-05-20 09:33:37,105.95,18164348
2021-05-20 09:33:39,105.85,18165657
2021-05-20 09:33:39,105.85,18165657
2021-05-20 09:33:40,105.9,18168884
2021-05-20 09:33:41,105.9,18169197
2021-05-20 09:33:42,105.9,18174409
2021-05-20 09:33:43,105.9,18174521
2021-05-20 09:33:44,105.85,18174950
2021-05-20 09:33:45,105.9,18176639
2021-05-20 09:33:46,105.9,18177873
2021-05-20 09:33:47,105.9,18177994
2021-05-20 09:33:49,105.9,18181936
2021-05-20 09:33:50,106.0,18182317
2021-05-20 09:33:51,106.0,18182472
2021-05-20 09:33:52,105.95,18183976
2021-05-20 09:33:53,106.0,18186225
2021-05-20 09:33:54,105.9,18188571
2021-05-20 09:33:54,106.0,18189201
2021-05-20 09:33:56,105.8,18379480
2021-05-20 09:33:56,105.8,18380098
2021-05-20 09:33:57,105.8,18382414
2021-05-20 09:33:58,105.8,18384230
2021-05-20 09:33:59,105.8,18384944
2021-05-20 09:34:00,105.8,18394068
2021-05-20 09:34:01,105.75,18403501
2021-05-20 09:34:02,105.8,18404849
2021-05-20 09:34:03,105.6,18504968
2021-05-20 09:34:04,105.6,18518421
2021-05-20 09:34:05,105.7,18523024
2021-05-20 09:34:07,105.75,18529845
2021-05-20 09:34:08,105.75,18540344
2021-05-20 09:34:09,105.75,18541096
2021-05-20 09:34:10,105.75,18541976
2021-05-20 09:34:11,105.7,18545391
2021-05-20 09:34:12,105.7,18545461
2021-05-20 09:34:13,105.7,18547147
2021-05-20 09:34:13,105.55,18556825
2021-05-20 09:34:14,105.6,18560078
2021-05-20 09:34:15,105.55,18563279
2021-05-20 09:34:16,105.55,18565216
2021-05-20 09:34:17,105.55,18574370
2021-05-20 09:34:18,105.55,18580924
2021-05-20 09:34:19,105.55,18592794
2021-05-20 09:34:21,105.5,18617871
2021-05-20 09:34:22,105.5,18687003
2021-05-20 09:34:23,105.5,18691589
2021-05-20 09:34:24,105.5,18692452
2021-05-20 09:34:25,105.55,18696652
2021-05-20 09:34:26,105.55,18733825
2021-05-20 09:34:27,105.6,18738260
2021-05-20 09:34:28,105.6,18743608
2021-05-20 09:34:29,105.55,18751245
2021-05-20 09:34:30,105.6,18759890
2021-05-20 09:34:31,105.55,18762143
2021-05-20 09:34:32,105.5,18766903
2021-05-20 09:34:34,105.55,18772411
2021-05-20 09:34:35,105.55,18773658
2021-05-20 09:34:36,105.55,18789827
2021-05-20 09:34:37,105.5,18796521
2021-05-20 09:34:38,105.5,18797197
2021-05-20 09:34:39,105.55,18800908
2021-05-20 09:34:40,105.5,18806320
2021-05-20 09:34:41,105.55,18808515
2021-05-20 09:34:42,105.3,18941190
2021-05-20 09:34:44,105.35,18952922
2021-05-20 09:34:45,105.35,18960667
2021-05-20 09:34:46,105.35,18966692
2021-05-20 09:34:46,105.35,18967852
2021-05-20 09:34:47,105.3,18977404
2021-05-20 09:34:48,105.4,18983353
2021-05-20 09:34:49,105.45,18985790
2021-05-20 09:34:50,105.35,18995282
2021-05-20 09:34:51,105.45,19012810
2021-05-20 09:34:53,105.45,19019948
2021-05-20 09:34:54,105.45,19022906
2021-05-20 09:34:55,105.45,19024740
2021-05-20 09:34:56,105.45,19025268
2021-05-20 09:34:57,105.4,19039286
2021-05-20 09:34:58,105.5,19040200
2021-05-20 09:34:59,105.45,19043372
2021-05-20 09:35:00,105.5,19052137
2021-05-20 09:35:01,105.5,19068706
2021-05-20 09:35:01,105.45,19069706
2021-05-20 09:35:03,105.45,19077447
2021-05-20 09:35:03,105.4,19077499
2021-05-20 09:35:04,105.4,19095101
2021-05-20 09:35:05,105.4,19097833
2021-05-20 09:35:06,105.4,19101888
2021-05-20 09:35:08,105.4,19108705
2021-05-20 09:35:09,105.4,19111489
2021-05-20 09:35:10,105.35,19123192
2021-05-20 09:35:11,105.3,19125997
2021-05-20 09:35:12,105.4,19130611
2021-05-20 09:35:13,105.35,19131762
2021-05-20 09:35:14,105.3,19157972
2021-05-20 09:35:15,105.4,19159390
2021-05-20 09:35:16,105.4,19162826
2021-05-20 09:35:17,105.4,19170651
2021-05-20 09:35:18,105.35,19172677
2021-05-20 09:35:19,105.35,19180987
2021-05-20 09:35:20,105.45,19200955
2021-05-20 09:35:21,105.5,19202723
2021-05-20 09:35:22,105.5,19206965
2021-05-20 09:35:23,105.5,19207870
2021-05-20 09:35:24,105.5,19216307
2021-05-20 09:35:25,105.45,19223107
2021-05-20 09:35:26,105.55,19315025
2021-05-20 09:35:27,105.55,19326636
2021-05-20 09:35:31,105.6,19344899
2021-05-20 09:35:32,105.55,19347994
2021-05-20 09:35:34,105.6,19350989
2021-05-20 09:35:36,105.55,19382012
2021-05-20 09:35:37,105.55,19382186
2021-05-20 09:35:38,105.6,19384860
2021-05-20 09:35:39,105.55,19388686
2021-05-20 09:35:40,105.55,19391432
2021-05-20 09:35:41,105.55,19394304
2021-05-20 09:35:42,105.55,19395321
2021-05-20 09:35:43,105.55,19398536
2021-05-20 09:35:44,105.55,19400575
2021-05-20 09:35:45,105.55,19406989
2021-05-20 09:35:46,105.6,19419877
2021-05-20 09:35:47,105.6,19424341
2021-05-20 09:35:48,105.6,19425929
2021-05-20 09:35:49,105.55,19452643
2021-05-20 09:35:50,105.55,19454256
2021-05-20 09:35:51,105.6,19460706
2021-05-20 09:35:52,105.6,19461798
2021-05-20 09:35:54,105.6,19474711
2021-05-20 09:35:55,105.6,19479881
2021-05-20 09:35:56,105.65,19482665
2021-05-20 09:35:57,105.6,19482965
2021-05-20 09:35:58,105.55,19483855
2021-05-20 09:36:00,105.65,19486289
2021-05-20 09:36:01,105.6,19487762
2021-05-20 09:36:02,105.65,19490432
2021-05-20 09:36:03,105.6,19490734
2021-05-20 09:36:04,105.65,19495778
2021-05-20 09:36:06,105.55,19500774
2021-05-20 09:36:07,105.65,19505902
2021-05-20 09:36:08,105.65,19508264
2021-05-20 09:36:09,105.65,19509115
2021-05-20 09:36:10,105.65,19510852
2021-05-20 09:36:11,105.65,19512213
2021-05-20 09:36:12,105.6,19516270
2021-05-20 09:36:13,105.6,19516565
2021-05-20 09:36:14,105.65,19518858
2021-05-20 09:36:15,105.65,19519191
2021-05-20 09:36:16,105.6,19521358
2021-05-20 09:36:17,105.6,19521867
2021-05-20 09:36:18,105.75,19562189
2021-05-20 09:36:19,105.65,19564093
2021-05-20 09:36:20,105.65,19565752
2021-05-20 09:36:21,105.75,19567828
2021-05-20 09:36:22,105.65,19570399
2021-05-20 09:36:23,105.65,19570791
2021-05-20 09:36:24,105.65,19573812
2021-05-20 09:36:25,105.7,19577242
2021-05-20 09:36:26,105.7,19582483
2021-05-20 09:36:27,105.7,19585713
2021-05-20 09:36:28,105.8,19591893
2021-05-20 09:36:29,105.75,19595247
2021-05-20 09:36:30,105.8,19598297
2021-05-20 09:36:31,105.75,19599416
2021-05-20 09:36:32,105.75,19600936
2021-05-20 09:36:33,105.75,19603457
2021-05-20 09:36:34,105.75,19605560
2021-05-20 09:36:35,105.75,19611307
2021-05-20 09:36:36,105.7,19612649
2021-05-20 09:36:37,105.7,19613052
2021-05-20 09:36:38,105.7,19614510
2021-05-20 09:36:39,105.7,19616392
2021-05-20 09:36:40,105.7,19619242
2021-05-20 09:36:41,105.7,19626361
2021-05-20 09:36:42,105.7,19629610
2021-05-20 09:36:43,105.7,19630767
2021-05-20 09:36:44,105.7,19633710
2021-05-20 09:36:45,105.75,19639650
2021-05-20 09:36:46,105.7,19643250
2021-05-20 09:36:47,105.7,19645014
2021-05-20 09:36:48,105.65,19652375
2021-05-20 09:36:49,105.75,19653033
2021-05-20 09:36:50,105.75,19654498
2021-05-20 09:36:51,105.75,19655712
2021-05-20 09:36:52,105.7,19657524
2021-05-20 09:36:53,105.7,19663421
2021-05-20 09:36:54,105.7,19671288
2021-05-20 09:36:55,105.7,19674646
2021-05-20 09:36:56,105.7,19676447
2021-05-20 09:36:57,105.75,19677753
2021-05-20 09:36:58,105.75,19678720
2021-05-20 09:36:59,105.7,19679023
2021-05-20 09:37:00,105.7,19679922
2021-05-20 09:37:01,105.7,19683996
2021-05-20 09:37:02,105.65,19686341
2021-05-20 09:37:03,105.7,19689056
2021-05-20 09:37:04,105.7,19694187
2021-05-20 09:37:05,105.65,19695206
2021-05-20 09:37:06,105.7,19700267
2021-05-20 09:37:07,105.7,19705393
2021-05-20 09:37:09,105.7,19712274
2021-05-20 09:37:10,105.65,19714374
2021-05-20 09:37:11,105.65,19715689
2021-05-20 09:37:12,105.6,19718188
2021-05-20 09:37:13,105.65,19722424
2021-05-20 09:37:14,105.7,19724827
2021-05-20 09:37:15,105.7,19727832
2021-05-20 09:37:16,105.6,19729552
2021-05-20 09:37:17,105.7,19729812
2021-05-20 09:37:18,105.65,19735086
2021-05-20 09:37:19,105.65,19759321
2021-05-20 09:37:20,105.6,19761916
2021-05-20 09:37:21,105.7,19769348
2021-05-20 09:37:22,105.65,19769392
2021-05-20 09:37:23,105.65,19769526
2021-05-20 09:37:24,105.7,19772497
2021-05-20 09:37:25,105.7,19774033
2021-05-20 09:37:26,105.7,19774640
2021-05-20 09:37:27,105.7,19775140
2021-05-20 09:37:28,105.65,19776950
2021-05-20 09:37:29,105.7,19777450
2021-05-20 09:37:30,105.7,19784674
2021-05-20 09:37:32,105.75,19790430
2021-05-20 09:37:31,105.7,19788630
2021-05-20 09:37:33,105.7,19807641
2021-05-20 09:37:34,105.8,19808241
2021-05-20 09:37:35,105.7,19811690
2021-05-20 09:37:36,105.75,19811900
2021-05-20 09:37:37,105.8,19820093
2021-05-20 09:37:38,105.8,19821745
2021-05-20 09:37:40,105.85,19839187
2021-05-20 09:37:41,105.9,19843372
2021-05-20 09:37:42,105.9,19844428
2021-05-20 09:37:46,105.9,19852759
2021-05-20 09:37:47,105.85,19853353
2021-05-20 09:37:48,105.85,19853873
2021-05-20 09:37:49,105.9,19860439
2021-05-20 09:37:50,105.9,19861110
2021-05-20 09:37:52,105.9,19862511
2021-05-20 09:37:53,105.85,19863943
2021-05-20 09:37:54,105.85,19870322
2021-05-20 09:37:55,105.9,19870690
2021-05-20 09:37:56,105.85,19888126
2021-05-20 09:37:58,105.85,19898743
2021-05-20 09:37:59,105.9,19903533
2021-05-20 09:38:02,105.7,19956536
2021-05-20 09:38:03,105.8,19959892
2021-05-20 09:38:04,105.75,19960834
2021-05-20 09:38:05,105.8,19960968
2021-05-20 09:38:07,105.85,19967509
2021-05-20 09:38:08,105.85,19970434
2021-05-20 09:38:11,105.8,19981224
2021-05-20 09:38:12,105.85,19982387
2021-05-20 09:38:14,105.8,19984717
2021-05-20 09:38:15,105.85,19989499
2021-05-20 09:38:16,105.8,19990009
2021-05-20 09:38:17,105.8,19990279
2021-05-20 09:38:18,105.85,19990367
2021-05-20 09:38:19,105.85,19990527
2021-05-20 09:38:21,105.8,19992008
2021-05-20 09:38:22,105.85,19995550
2021-05-20 09:38:23,105.85,20000811
2021-05-20 09:38:25,105.9,20011368
2021-05-20 09:38:26,105.9,20011604
2021-05-20 09:38:27,106.0,20061449
2021-05-20 09:38:28,106.0,20071999
2021-05-20 09:38:29,106.0,20074122
2021-05-20 09:38:30,106.0,20104879
2021-05-20 09:38:31,106.0,20110451
2021-05-20 09:38:32,106.0,20111705
2021-05-20 09:38:36,105.9,20130204
2021-05-20 09:38:37,105.95,20130584
2021-05-20 09:38:38,105.95,20131614
2021-05-20 09:38:39,105.95,20133792
2021-05-20 09:38:40,105.9,20135513
2021-05-20 09:38:41,106.0,20136110
2021-05-20 09:38:42,106.0,20136670
2021-05-20 09:38:43,106.0,20137251
2021-05-20 09:38:44,105.9,20154150
2021-05-20 09:38:45,105.9,20159097
2021-05-20 09:38:46,105.9,20176773
2021-05-20 09:38:47,105.95,20177807
2021-05-20 09:38:48,105.95,20179972
2021-05-20 09:38:50,105.9,20181998
2021-05-20 09:38:51,105.95,20182761
2021-05-20 09:38:52,106.0,20195192
2021-05-20 09:38:53,105.95,20196363
2021-05-20 09:38:54,106.0,20207663
2021-05-20 09:38:55,105.95,20210782
2021-05-20 09:38:56,105.95,20211137
2021-05-20 09:38:57,105.95,20212858
2021-05-20 09:38:58,106.0,20215198
2021-05-20 09:38:59,105.9,20216499
2021-05-20 09:39:00,105.95,20226513
2021-05-20 09:39:01,105.9,20228501
2021-05-20 09:39:02,105.95,20238921
2021-05-20 09:39:03,105.95,20249505
2021-05-20 09:39:04,105.9,20250652
2021-05-20 09:39:05,105.9,20251336
2021-05-20 09:39:06,105.9,20257015
2021-05-20 09:39:07,105.9,20264671
2021-05-20 09:39:08,105.95,20277842
2021-05-20 09:39:09,105.95,20281073
2021-05-20 09:39:10,105.95,20284573
2021-05-20 09:39:11,106.0,20285923
2021-05-20 09:39:12,106.0,20288970
2021-05-20 09:39:13,106.0,20289096
2021-05-20 09:39:14,105.95,20290565
2021-05-20 09:39:15,105.95,20292702
2021-05-20 09:39:16,105.9,20294613
2021-05-20 09:39:17,105.95,20295411
2021-05-20 09:39:18,105.95,20296200
2021-05-20 09:39:19,105.9,20297271
2021-05-20 09:39:20,105.95,20301566
2021-05-20 09:39:21,105.9,20303445
2021-05-20 09:39:22,105.9,20303452
2021-05-20 09:39:23,105.95,20305543
2021-05-20 09:39:24,105.95,20307356
2021-05-20 09:39:25,105.95,20313909
2021-05-20 09:39:26,106.0,20315343
2021-05-20 09:39:27,106.0,20315428
2021-05-20 09:39:28,106.0,20315953
2021-05-20 09:39:30,106.0,20318771
2021-05-20 09:39:31,106.0,20319778
2021-05-20 09:39:32,105.95,20327961
2021-05-20 09:39:33,106.0,20336177
2021-05-20 09:39:33,105.95,20338744
2021-05-20 09:39:34,105.95,20340164
2021-05-20 09:39:35,105.95,20346639
2021-05-20 09:39:36,105.95,20347377
2021-05-20 09:39:37,105.95,20348587
2021-05-20 09:39:38,105.95,20350225
2021-05-20 09:39:39,105.95,20350953
2021-05-20 09:39:40,105.95,20351848
2021-05-20 09:39:41,105.95,20352900
2021-05-20 09:39:42,105.95,20352970
2021-05-20 09:39:43,105.95,20352975
2021-05-20 09:39:44,105.95,20354169
2021-05-20 09:39:45,105.95,20354316
2021-05-20 09:39:46,106.0,20357237
2021-05-20 09:39:47,105.95,20357578
2021-05-20 09:39:48,105.95,20358393
2021-05-20 09:39:50,105.95,20358959
2021-05-20 09:39:51,105.95,20363871
2021-05-20 09:39:52,105.95,20365996
2021-05-20 09:39:52,105.95,20365996
2021-05-20 09:39:54,105.95,20368109
2021-05-20 09:39:55,105.95,20372635
2021-05-20 09:39:56,105.95,20374037
2021-05-20 09:39:57,105.95,20374150
2021-05-20 09:39:58,105.95,20374484
2021-05-20 09:39:59,105.9,20376384
2021-05-20 09:40:01,105.9,20401962
2021-05-20 09:40:03,105.95,20406095
2021-05-20 09:40:04,105.95,20407477
2021-05-20 09:40:05,105.9,20409271
2021-05-20 09:40:06,105.95,20409501
2021-05-20 09:40:07,105.9,20410186
2021-05-20 09:40:08,105.95,20410286
2021-05-20 09:40:09,105.95,20411091
2021-05-20 09:40:10,105.9,20411341
2021-05-20 09:40:11,105.95,20411394
2021-05-20 09:40:12,105.95,20411405
2021-05-20 09:40:14,105.9,20413442
2021-05-20 09:40:15,105.9,20413763
2021-05-20 09:40:16,105.95,20413880
2021-05-20 09:40:17,105.95,20414581
2021-05-20 09:40:19,105.95,20416538
2021-05-20 09:40:20,105.95,20417192
2021-05-20 09:40:21,105.95,20417192
2021-05-20 09:40:22,105.95,20419724
2021-05-20 09:40:23,105.95,20420191
2021-05-20 09:40:24,105.95,20420632
2021-05-20 09:40:25,105.95,20421585
2021-05-20 09:40:26,105.95,20422689
2021-05-20 09:40:27,105.95,20423375
2021-05-20 09:40:28,105.95,20426645
2021-05-20 09:40:29,105.9,20426700
2021-05-20 09:40:30,105.95,20426905
2021-05-20 09:40:31,105.95,20428094
2021-05-20 09:40:32,105.9,20428961
2021-05-20 09:40:33,105.9,20431143
2021-05-20 09:40:34,105.95,20431418
2021-05-20 09:40:35,105.95,20434732
2021-05-20 09:40:37,105.95,20441645
2021-05-20 09:40:38,105.95,20442680
2021-05-20 09:40:40,105.95,20443406
2021-05-20 09:40:42,105.9,20445400
2021-05-20 09:40:43,105.95,20446083
2021-05-20 09:40:44,105.95,20448183
2021-05-20 09:40:45,105.95,20448194
2021-05-20 09:40:46,105.95,20448334
2021-05-20 09:40:47,105.95,20448893
2021-05-20 09:40:48,105.9,20477485
2021-05-20 09:40:49,105.9,20478353
2021-05-20 09:40:50,105.85,20479251
2021-05-20 09:40:51,105.9,20479964
2021-05-20 09:40:52,105.9,20480902
2021-05-20 09:40:54,105.9,20482358
2021-05-20 09:40:54,105.85,20482388
2021-05-20 09:40:55,105.85,20482453
2021-05-20 09:40:57,105.85,20483104
2021-05-20 09:40:58,105.9,20485327
2021-05-20 09:40:59,105.9,20485472
2021-05-20 09:41:01,105.9,20487814
2021-05-20 09:41:02,105.85,20488483
2021-05-20 09:41:03,105.9,20492184
2021-05-20 09:41:05,105.85,20501690
2021-05-20 09:41:05,105.8,20504008
2021-05-20 09:41:06,105.85,20504111
2021-05-20 09:41:07,105.85,20504789
2021-05-20 09:41:08,105.85,20506265
2021-05-20 09:41:10,105.8,20507775
2021-05-20 09:41:10,105.8,20508732
2021-05-20 09:41:11,105.8,20513890
2021-05-20 09:41:12,105.85,20514045
2021-05-20 09:41:13,105.85,20528985
2021-05-20 09:41:14,105.85,20530235
2021-05-20 09:41:15,105.9,20535205
2021-05-20 09:41:16,105.9,20540778
2021-05-20 09:41:17,105.85,20540878
2021-05-20 09:41:18,105.9,20541491
2021-05-20 09:41:19,105.85,20542248
2021-05-20 09:41:20,105.85,20543608
2021-05-20 09:41:21,105.9,20544200
2021-05-20 09:41:22,105.9,20544355
2021-05-20 09:41:23,105.85,20544408
2021-05-20 09:41:24,105.9,20545426
2021-05-20 09:41:25,105.9,20547609
2021-05-20 09:41:27,105.9,20549119
2021-05-20 09:41:28,105.85,20550133
2021-05-20 09:41:29,105.85,20551205
2021-05-20 09:41:30,105.85,20553133
2021-05-20 09:41:30,105.85,20553133
2021-05-20 09:41:31,105.85,20554565
2021-05-20 09:41:32,105.85,20555190
2021-05-20 09:41:33,105.85,20555294
2021-05-20 09:41:34,105.85,20555298
2021-05-20 09:41:35,105.85,20556151
2021-05-20 09:41:37,105.9,20556420
2021-05-20 09:41:37,105.85,20556422
2021-05-20 09:41:38,105.85,20556816
2021-05-20 09:41:39,105.9,20560870
2021-05-20 09:41:40,105.9,20560920
2021-05-20 09:41:41,105.85,20561521
2021-05-20 09:41:42,105.85,20561702
2021-05-20 09:41:43,105.9,20561903
2021-05-20 09:41:44,105.9,20562379
2021-05-20 09:41:45,105.9,20585128
2021-05-20 09:41:46,105.9,20586362
2021-05-20 09:41:47,105.9,20587362
2021-05-20 09:41:48,105.95,20587577
2021-05-20 09:41:49,105.9,20587733
2021-05-20 09:41:50,105.95,20587834
2021-05-20 09:41:51,105.95,20587909
2021-05-20 09:41:52,105.9,20588259
2021-05-20 09:41:53,105.9,20597801
2021-05-20 09:41:54,105.9,20601601
2021-05-20 09:41:55,105.9,20604552
2021-05-20 09:41:56,105.95,20604853
2021-05-20 09:41:57,105.9,20605255
2021-05-20 09:41:58,105.95,20605372
2021-05-20 09:41:59,105.95,20605672
2021-05-20 09:42:00,105.95,20607395
2021-05-20 09:42:01,105.95,20616125
2021-05-20 09:42:02,105.9,20616366
2021-05-20 09:42:03,105.95,20617720
2021-05-20 09:42:04,105.95,20619871
2021-05-20 09:42:05,105.95,20637658
2021-05-20 09:42:06,105.95,20637962
2021-05-20 09:42:07,105.9,20637967
2021-05-20 09:42:08,106.0,20668059
2021-05-20 09:42:09,106.0,20668059
2021-05-20 09:42:10,105.95,20668330
2021-05-20 09:42:11,105.9,20669450
2021-05-20 09:42:12,105.9,20670543
2021-05-20 09:42:14,105.9,20673134
2021-05-20 09:42:15,106.0,20673904
2021-05-20 09:42:15,106.05,20714427
2021-05-20 09:42:16,106.05,20715592
2021-05-20 09:42:17,106.05,20715760
2021-05-20 09:42:18,106.0,20721511
2021-05-20 09:42:19,106.0,20728005
2021-05-20 09:42:20,106.0,20728005
2021-05-20 09:42:21,106.05,20737125
2021-05-20 09:42:22,106.1,20739625
2021-05-20 09:42:24,106.1,20744219
2021-05-20 09:42:25,106.1,20746232
2021-05-20 09:42:26,106.05,20747004
2021-05-20 09:42:27,106.1,20756979
2021-05-20 09:42:28,106.1,20763249
2021-05-20 09:42:29,106.1,20772312
2021-05-20 09:42:30,106.05,20774184
2021-05-20 09:42:31,106.1,20779824
2021-05-20 09:42:32,106.05,20782516
2021-05-20 09:42:32,106.05,20782516
2021-05-20 09:42:34,106.0,20789744
2021-05-20 09:42:34,106.0,20789744
2021-05-20 09:42:35,106.1,20790397
2021-05-20 09:42:37,106.1,20797489
2021-05-20 09:42:38,106.1,20797899
2021-05-20 09:42:39,106.05,20798810
2021-05-20 09:42:40,106.1,20799608
2021-05-20 09:42:41,106.15,20806378
2021-05-20 09:42:42,106.1,20814463
2021-05-20 09:42:44,106.15,20816466
2021-05-20 09:42:46,106.15,20818122
2021-05-20 09:42:47,106.15,20820677
2021-05-20 09:42:48,106.2,20843971
2021-05-20 09:42:49,106.1,20844225
2021-05-20 09:42:49,106.2,20844737
2021-05-20 09:42:51,106.2,20845767
2021-05-20 09:42:52,106.15,20846577
2021-05-20 09:42:54,106.2,20850706
2021-05-20 09:42:55,106.25,20859456
2021-05-20 09:42:56,106.2,20867472
2021-05-20 09:42:57,106.2,20869304
2021-05-20 09:42:57,106.2,20869504
2021-05-20 09:42:58,106.2,20876615
2021-05-20 09:43:00,106.2,20881426
2021-05-20 09:43:03,106.2,20922807
2021-05-20 09:43:04,106.15,20928234
2021-05-20 09:43:05,106.2,20949883
2021-05-20 09:43:07,106.2,20952385
2021-05-20 09:43:08,106.2,20952505
2021-05-20 09:43:10,106.25,20952869
2021-05-20 09:43:12,106.2,20954828
2021-05-20 09:43:13,106.25,20959829
2021-05-20 09:43:14,106.2,20962396
2021-05-20 09:43:15,106.25,20965906
2021-05-20 09:43:16,106.2,20972382
2021-05-20 09:43:17,106.25,20972534
2021-05-20 09:43:19,106.25,20974168
2021-05-20 09:43:19,106.25,20996695
2021-05-20 09:43:20,106.2,21001637
2021-05-20 09:43:21,106.25,21002739
2021-05-20 09:43:22,106.25,21003930
2021-05-20 09:43:24,106.2,21004390
2021-05-20 09:43:24,106.25,21008795
2021-05-20 09:43:25,106.25,21009770
2021-05-20 09:43:27,106.25,21011207
2021-05-20 09:43:28,106.2,21012401
2021-05-20 09:43:28,106.25,21013066
2021-05-20 09:43:33,106.25,21042479
2021-05-20 09:43:34,106.2,21042860
2021-05-20 09:43:36,106.2,21048725
2021-05-20 09:43:37,106.25,21053127
2021-05-20 09:43:38,106.2,21054131
2021-05-20 09:43:39,106.25,21054733
2021-05-20 09:43:40,106.25,21056018
2021-05-20 09:43:41,106.25,21057128
2021-05-20 09:43:42,106.25,21073150
2021-05-20 09:43:43,106.2,21091000
2021-05-20 09:43:45,106.25,21092483
2021-05-20 09:43:46,106.2,21092752
2021-05-20 09:43:47,106.25,21093692
2021-05-20 09:43:48,106.2,21094165
2021-05-20 09:43:49,106.2,21094670
2021-05-20 09:43:50,106.25,21095893
2021-05-20 09:43:51,106.2,21097631
2021-05-20 09:43:52,106.2,21110978
2021-05-20 09:43:53,106.25,21114770
2021-05-20 09:43:55,106.25,21121123
2021-05-20 09:43:55,106.25,21121179
2021-05-20 09:43:56,106.2,21123152
2021-05-20 09:43:57,106.15,21143084
2021-05-20 09:43:58,106.15,21145395
2021-05-20 09:43:59,106.15,21162206
2021-05-20 09:44:01,106.05,21171456
2021-05-20 09:44:02,106.1,21171586
2021-05-20 09:44:02,106.1,21172036
2021-05-20 09:44:03,106.0,21281024
2021-05-20 09:44:05,106.0,21284415
2021-05-20 09:44:05,106.05,21285201
2021-05-20 09:44:06,106.05,21288479
2021-05-20 09:44:08,106.05,21294760
2021-05-20 09:44:08,106.0,21295970
2021-05-20 09:44:09,106.05,21296030
2021-05-20 09:44:10,105.95,21302346
2021-05-20 09:44:11,106.0,21303966
2021-05-20 09:44:12,106.0,21310551
2021-05-20 09:44:14,106.05,21311324
2021-05-20 09:44:14,106.05,21312549
2021-05-20 09:44:16,106.05,21312887
2021-05-20 09:44:16,106.05,21312937
2021-05-20 09:44:18,106.1,21323586
2021-05-20 09:44:19,106.05,21327096
2021-05-20 09:44:20,106.1,21328521
2021-05-20 09:44:21,106.1,21330732
2021-05-20 09:44:22,106.05,21332297
2021-05-20 09:44:23,106.0,21382465
2021-05-20 09:44:25,105.95,21385236
2021-05-20 09:44:26,106.0,21385316
2021-05-20 09:44:27,105.95,21386569
2021-05-20 09:44:27,105.95,21388950
2021-05-20 09:44:29,106.0,21389630
2021-05-20 09:44:30,106.0,21390330
2021-05-20 09:44:31,106.0,21391901
2021-05-20 09:44:31,106.0,21397351
2021-05-20 09:44:33,105.95,21410404
2021-05-20 09:44:34,105.95,21411133
2021-05-20 09:44:35,105.95,21416333
2021-05-20 09:44:36,105.95,21416333
2021-05-20 09:44:37,105.95,21419823
2021-05-20 09:44:39,105.9,21422333
2021-05-20 09:44:39,105.9,21422361
2021-05-20 09:44:41,105.95,21424220
2021-05-20 09:44:41,105.95,21424440
2021-05-20 09:44:44,105.9,21427772
2021-05-20 09:44:45,105.95,21429330
2021-05-20 09:44:46,105.95,21469079
2021-05-20 09:44:47,105.9,21469972
2021-05-20 09:44:47,105.95,21470122
2021-05-20 09:44:48,105.9,21471211
2021-05-20 09:44:49,105.9,21472804
2021-05-20 09:44:51,105.9,21473365
2021-05-20 09:44:52,105.95,21474165
2021-05-20 09:44:53,105.9,21474166
2021-05-20 09:44:54,105.95,21476366
2021-05-20 09:44:55,105.95,21478466
2021-05-20 09:44:56,105.9,21478546
2021-05-20 09:44:57,105.95,21479351
2021-05-20 09:44:58,105.9,21479644
2021-05-20 09:45:00,105.95,21481941
2021-05-20 09:45:03,105.95,21483435
2021-05-20 09:45:04,105.95,21491977
2021-05-20 09:45:05,105.95,21492177
2021-05-20 09:45:06,105.9,21497285
2021-05-20 09:45:07,105.9,21497295
2021-05-20 09:45:08,105.9,21509075
2021-05-20 09:45:09,105.9,21510157
2021-05-20 09:45:10,105.9,21510295
2021-05-20 09:45:11,105.95,21510800
2021-05-20 09:45:12,105.95,21511041
2021-05-20 09:45:13,105.9,21513231
2021-05-20 09:45:14,105.95,21513629
2021-05-20 09:45:15,105.9,21514629
2021-05-20 09:45:16,105.9,21527419
2021-05-20 09:45:17,105.9,21538358
2021-05-20 09:45:18,105.9,21538509
2021-05-20 09:45:19,105.9,21539330
2021-05-20 09:45:20,105.9,21539834
2021-05-20 09:45:21,105.85,21547999
2021-05-20 09:45:22,105.9,21548553
2021-05-20 09:45:23,105.9,21548683
2021-05-20 09:45:24,105.9,21549433
2021-05-20 09:45:25,105.9,21549603
2021-05-20 09:45:26,105.85,21550121
2021-05-20 09:45:27,105.85,21551305
2021-05-20 09:45:28,105.9,21551755
2021-05-20 09:45:29,105.85,21553357
2021-05-20 09:45:30,105.9,21554157
2021-05-20 09:45:33,105.85,21574945
2021-05-20 09:45:34,105.85,21575905
2021-05-20 09:45:35,105.85,21581908
2021-05-20 09:45:36,105.8,21582198
2021-05-20 09:45:37,105.85,21582958
2021-05-20 09:45:38,105.85,21586076
2021-05-20 09:45:39,105.85,21590066
2021-05-20 09:45:40,105.9,21590316
2021-05-20 09:45:41,105.8,21597052
2021-05-20 09:45:42,105.9,21598334
2021-05-20 09:45:43,105.9,21604242
2021-05-20 09:45:44,105.8,21605242
2021-05-20 09:45:45,105.8,21607867
2021-05-20 09:45:46,105.9,21608357
2021-05-20 09:45:47,105.8,21608737
2021-05-20 09:45:48,105.85,21610649
2021-05-20 09:45:49,105.85,21610649
2021-05-20 09:45:50,105.85,21610936
2021-05-20 09:45:51,105.8,21611936
2021-05-20 09:45:52,105.8,21613344
2021-05-20 09:45:53,105.8,21613693
2021-05-20 09:45:54,105.85,21618403
2021-05-20 09:45:55,105.8,21619034
2021-05-20 09:45:56,105.85,21620601
2021-05-20 09:45:57,105.85,21621245
2021-05-20 09:45:58,105.85,21622551
2021-05-20 09:46:00,105.85,21635143
2021-05-20 09:46:01,105.8,21641724
2021-05-20 09:46:02,105.8,21643076
2021-05-20 09:46:04,105.8,21655313
2021-05-20 09:46:05,105.8,21656338
2021-05-20 09:46:06,105.85,21656547
2021-05-20 09:46:08,105.85,21660793
2021-05-20 09:46:09,105.85,21662409
2021-05-20 09:46:10,105.85,21664021
2021-05-20 09:46:11,105.85,21664321
2021-05-20 09:46:12,105.85,21667470
2021-05-20 09:46:13,105.9,21668794
2021-05-20 09:46:14,105.9,21668795
2021-05-20 09:46:15,105.85,21676263
2021-05-20 09:46:16,105.85,21687812
2021-05-20 09:46:17,105.9,21690007
2021-05-20 09:46:18,105.8,21691027
2021-05-20 09:46:19,105.8,21692093
2021-05-20 09:46:20,105.8,21692422
2021-05-20 09:46:21,105.9,21693434
2021-05-20 09:46:22,105.9,21693509
2021-05-20 09:46:23,105.9,21694329
2021-05-20 09:46:24,105.9,21694329
2021-05-20 09:46:25,105.9,21694680
2021-05-20 09:46:26,105.9,21694694
2021-05-20 09:46:28,105.85,21696760
2021-05-20 09:46:27,105.9,21696755
2021-05-20 09:46:29,105.9,21699008
2021-05-20 09:46:31,105.85,21701301
2021-05-20 09:46:30,105.9,21700089
2021-05-20 09:46:32,105.9,21701511
2021-05-20 09:46:33,105.9,21702401
2021-05-20 09:46:34,105.85,21702584
2021-05-20 09:46:35,105.85,21702584
2021-05-20 09:46:36,105.9,21702814
2021-05-20 09:46:37,105.9,21702814
2021-05-20 09:46:38,105.9,21703365
2021-05-20 09:46:38,105.9,21703365
2021-05-20 09:46:40,105.85,21703725
2021-05-20 09:46:41,105.85,21704881
2021-05-20 09:46:43,105.85,21705551
2021-05-20 09:46:42,105.9,21705538
2021-05-20 09:46:44,105.85,21705551
2021-05-20 09:46:45,105.9,21713551
2021-05-20 09:46:46,105.85,21715551
2021-05-20 09:46:47,105.85,21716207
2021-05-20 09:46:48,105.9,21716790
2021-05-20 09:46:49,105.85,21717041
2021-05-20 09:46:50,105.9,21717727
2021-05-20 09:46:51,105.9,21718229
2021-05-20 09:46:52,105.9,21718486
2021-05-20 09:46:53,105.85,21718537
2021-05-20 09:46:54,105.85,21720906
2021-05-20 09:46:56,105.9,21722621
2021-05-20 09:46:57,105.9,21724081
2021-05-20 09:46:58,105.9,21725832
2021-05-20 09:46:59,105.85,21729136
2021-05-20 09:47:00,105.9,21729641
2021-05-20 09:47:01,105.9,21730491
2021-05-20 09:47:02,105.85,21732901
2021-05-20 09:47:03,105.9,21733519
2021-05-20 09:47:04,105.9,21734569
2021-05-20 09:47:05,105.85,21735990
2021-05-20 09:47:06,105.9,21736017
2021-05-20 09:47:07,105.85,21744893
2021-05-20 09:47:08,105.9,21744904
2021-05-20 09:47:09,105.9,21746283
2021-05-20 09:47:10,105.85,21746783
2021-05-20 09:47:11,105.85,21758392
2021-05-20 09:47:12,105.85,21758645
2021-05-20 09:47:13,105.9,21759152
2021-05-20 09:47:14,105.9,21760167
2021-05-20 09:47:15,105.9,21761847
2021-05-20 09:47:16,105.9,21762060
2021-05-20 09:47:17,105.9,21762280
2021-05-20 09:47:18,105.9,21762450
2021-05-20 09:47:19,105.85,21763300
2021-05-20 09:47:20,105.9,21763375
2021-05-20 09:47:22,105.85,21765410
2021-05-20 09:47:23,105.8,21766040
2021-05-20 09:47:24,105.85,21770216
2021-05-20 09:47:26,105.85,21773637
2021-05-20 09:47:27,105.8,21774726
2021-05-20 09:47:28,105.9,21775027
2021-05-20 09:47:29,105.9,21775038
2021-05-20 09:47:30,105.9,21775142
2021-05-20 09:47:31,105.8,21775743
2021-05-20 09:47:32,105.85,21776343
2021-05-20 09:47:33,105.8,21777053
2021-05-20 09:47:34,105.8,21777093
2021-05-20 09:47:36,105.8,21777161
2021-05-20 09:47:37,105.8,21779511
2021-05-20 09:47:38,105.9,21786685
2021-05-20 09:47:39,105.85,21786755
2021-05-20 09:47:40,105.9,21786958
2021-05-20 09:47:41,105.85,21787153
2021-05-20 09:47:42,105.9,21787211
2021-05-20 09:47:43,105.85,21788262
2021-05-20 09:47:44,105.85,21790565
2021-05-20 09:47:45,105.8,21840565
2021-05-20 09:47:46,105.85,21840631
2021-05-20 09:47:47,105.9,21842822
2021-05-20 09:47:48,105.9,21842822
2021-05-20 09:47:49,105.85,21843375
2021-05-20 09:47:50,105.85,21843625
2021-05-20 09:47:51,105.8,21843675
2021-05-20 09:47:52,105.85,21843687
2021-05-20 09:47:53,105.85,21843787
2021-05-20 09:47:54,105.85,21843788
2021-05-20 09:47:55,105.8,21843911
2021-05-20 09:47:56,105.85,21844011
2021-05-20 09:47:58,105.8,21885977
2021-05-20 09:47:59,105.8,21886077
2021-05-20 09:48:00,105.8,21887301
2021-05-20 09:48:01,105.8,21890041
2021-05-20 09:48:02,105.8,21891707
2021-05-20 09:48:03,105.75,21894001
2021-05-20 09:48:04,105.8,21895451
2021-05-20 09:48:06,105.8,21907026
2021-05-20 09:48:08,105.8,21911028
2021-05-20 09:48:07,105.8,21911028
2021-05-20 09:48:09,105.85,21920028
2021-05-20 09:48:10,105.85,21920028
2021-05-20 09:48:11,105.75,21967813
2021-05-20 09:48:12,105.75,21974507
2021-05-20 09:48:13,105.75,21974607
2021-05-20 09:48:16,105.75,21977748
2021-05-20 09:48:15,105.8,21976044
2021-05-20 09:48:17,105.8,21978648
2021-05-20 09:48:18,105.8,21980150
2021-05-20 09:48:19,105.8,21980190
2021-05-20 09:48:21,105.75,21981678
2021-05-20 09:48:20,105.75,21981078
2021-05-20 09:48:22,105.8,21981679
2021-05-20 09:48:23,105.8,21992670
2021-05-20 09:48:24,105.8,21992707
2021-05-20 09:48:25,105.8,21993912
2021-05-20 09:48:26,105.75,21993951
2021-05-20 09:48:27,105.8,21993967
2021-05-20 09:48:28,105.85,21995123
2021-05-20 09:48:29,105.85,21995623
2021-05-20 09:48:30,105.8,21995632
2021-05-20 09:48:31,105.8,21996074
2021-05-20 09:48:32,105.8,21996330
2021-05-20 09:48:33,105.75,21997381
2021-05-20 09:48:35,105.75,21999157
2021-05-20 09:48:36,105.8,21999247
2021-05-20 09:48:37,105.75,21999847
2021-05-20 09:48:38,105.8,22000177
2021-05-20 09:48:39,105.85,22055528
2021-05-20 09:48:40,105.9,22055631
2021-05-20 09:48:41,105.85,22055681
2021-05-20 09:48:42,105.9,22055682
2021-05-20 09:48:43,105.85,22056182
2021-05-20 09:48:44,105.9,22057392
2021-05-20 09:48:45,105.85,22058034
2021-05-20 09:48:46,105.9,22058389
2021-05-20 09:48:47,105.9,22059190
2021-05-20 09:48:48,105.9,22060312
2021-05-20 09:48:49,105.8,22060518
2021-05-20 09:48:50,105.9,22061219
2021-05-20 09:48:51,105.8,22061569
2021-05-20 09:48:52,105.8,22061675
2021-05-20 09:48:53,105.9,22061787
2021-05-20 09:48:54,105.9,22062188
2021-05-20 09:48:55,105.9,22062204
2021-05-20 09:48:56,105.85,22062214
2021-05-20 09:48:57,105.9,22063215
2021-05-20 09:48:59,105.9,22064526
2021-05-20 09:48:58,105.85,22064326
2021-05-20 09:49:00,105.85,22064633
2021-05-20 09:49:01,105.9,22067633
2021-05-20 09:49:02,105.85,22069050
2021-05-20 09:49:03,105.9,22070581
2021-05-20 09:49:05,105.9,22070631
2021-05-20 09:49:06,105.8,22071944
2021-05-20 09:49:09,105.9,22074004
2021-05-20 09:49:10,105.9,22074164
2021-05-20 09:49:11,105.9,22074199
2021-05-20 09:49:12,105.9,22074202
2021-05-20 09:49:13,105.9,22075756
2021-05-20 09:49:14,105.85,22075904
2021-05-20 09:49:15,105.9,22084418
2021-05-20 09:49:16,105.9,22084488
2021-05-20 09:49:17,105.85,22085390
2021-05-20 09:49:18,105.85,22085502
2021-05-20 09:49:20,105.85,22085524
2021-05-20 09:49:21,105.9,22085900
2021-05-20 09:49:21,105.9,22085905
2021-05-20 09:49:22,105.9,22086006
2021-05-20 09:49:24,105.9,22087207
2021-05-20 09:49:24,105.85,22087007
2021-05-20 09:49:26,105.85,22087208
2021-05-20 09:49:26,105.85,22087208
2021-05-20 09:49:28,105.9,22088206
2021-05-20 09:49:28,105.85,22088757
2021-05-20 09:49:29,105.9,22088783
2021-05-20 09:49:30,105.9,22088803
2021-05-20 09:49:31,105.9,22089700
2021-05-20 09:49:32,105.9,22089750
2021-05-20 09:49:33,105.85,22090551
2021-05-20 09:49:34,105.9,22090679
2021-05-20 09:49:35,105.85,22091494
2021-05-20 09:49:36,105.85,22093015
2021-05-20 09:49:37,105.85,22093215
2021-05-20 09:49:38,105.9,22093365
2021-05-20 09:49:39,105.85,22093971
2021-05-20 09:49:40,105.9,22094274
2021-05-20 09:49:41,105.9,22094384
2021-05-20 09:49:42,105.85,22094396
2021-05-20 09:49:43,105.9,22094412
2021-05-20 09:49:44,105.9,22095747
2021-05-20 09:49:46,105.85,22096472
2021-05-20 09:49:47,105.85,22099484
2021-05-20 09:49:48,105.85,22099739
2021-05-20 09:49:49,105.85,22099911
2021-05-20 09:49:50,105.9,22101331
2021-05-20 09:49:51,105.9,22102341
2021-05-20 09:49:52,105.85,22103284
2021-05-20 09:49:53,105.85,22103511
2021-05-20 09:49:53,105.9,22123876
2021-05-20 09:49:54,105.9,22125733
2021-05-20 09:49:55,105.95,22125769
2021-05-20 09:49:56,105.9,22130040
2021-05-20 09:49:57,105.85,22130741
2021-05-20 09:49:58,105.85,22130744
2021-05-20 09:49:59,105.85,22130754
2021-05-20 09:50:00,105.9,22132238
2021-05-20 09:50:01,105.9,22133870
2021-05-20 09:50:02,105.9,22134368
2021-05-20 09:50:03,105.95,22144573
2021-05-20 09:50:04,105.95,22144573
2021-05-20 09:50:05,105.95,22145979
2021-05-20 09:50:06,105.85,22165927
2021-05-20 09:50:07,105.8,22167129
2021-05-20 09:50:08,105.9,22169225
2021-05-20 09:50:09,105.85,22169325
2021-05-20 09:50:10,105.85,22171540
2021-05-20 09:50:11,105.85,22172115
2021-05-20 09:50:13,105.85,22172232
2021-05-20 09:50:13,105.85,22172290
2021-05-20 09:50:14,105.85,22177440
2021-05-20 09:50:15,105.8,22177965
2021-05-20 09:50:16,105.9,22181040
2021-05-20 09:50:17,105.85,22181088
2021-05-20 09:50:18,105.85,22182189
2021-05-20 09:50:19,105.85,22182619
2021-05-20 09:50:20,105.85,22183166
2021-05-20 09:50:21,105.8,22183272
2021-05-20 09:50:22,105.8,22183613
2021-05-20 09:50:23,105.85,22185106
2021-05-20 09:50:24,105.75,22226034
2021-05-20 09:50:25,105.75,22239280
2021-05-20 09:50:26,105.75,22239602
2021-05-20 09:50:27,105.75,22239657
2021-05-20 09:50:28,105.75,22239707
2021-05-20 09:50:29,105.75,22240707
2021-05-20 09:50:30,105.75,22240837
2021-05-20 09:50:31,105.65,22276973
2021-05-20 09:50:32,105.65,22283827
2021-05-20 09:50:33,105.7,22292226
2021-05-20 09:50:34,105.7,22294899
2021-05-20 09:50:35,105.65,22301408
2021-05-20 09:50:36,105.6,22310816
2021-05-20 09:50:37,105.65,22312185
2021-05-20 09:50:38,105.6,22356682
2021-05-20 09:50:39,105.6,22392808
2021-05-20 09:50:41,105.6,22393314
2021-05-20 09:50:42,105.6,22395503
2021-05-20 09:50:43,105.6,22395601
2021-05-20 09:50:44,105.55,22397625
2021-05-20 09:50:45,105.65,22413390
2021-05-20 09:50:46,105.65,22418524
2021-05-20 09:50:47,105.6,22423286
2021-05-20 09:50:48,105.6,22423446
2021-05-20 09:50:49,105.65,22424226
2021-05-20 09:50:50,105.6,22424482
2021-05-20 09:50:51,105.6,22424482
2021-05-20 09:50:52,105.6,22426439
2021-05-20 09:50:53,105.65,22428507
2021-05-20 09:50:54,105.6,22430243
2021-05-20 09:50:56,105.65,22430994
2021-05-20 09:50:57,105.6,22431345
2021-05-20 09:50:57,105.6,22431345
2021-05-20 09:50:59,105.65,22431539
2021-05-20 09:51:00,105.6,22442269
2021-05-20 09:51:00,105.65,22442792
2021-05-20 09:51:01,105.6,22443752
2021-05-20 09:51:02,105.65,22443977
2021-05-20 09:51:03,105.65,22445671
2021-05-20 09:51:04,105.6,22447397
2021-05-20 09:51:05,105.65,22454521
2021-05-20 09:51:06,105.6,22455331
2021-05-20 09:51:07,105.65,22456021
2021-05-20 09:51:08,105.6,22456846
2021-05-20 09:51:09,105.65,22459536
2021-05-20 09:51:10,105.6,22464587
2021-05-20 09:51:11,105.65,22465252
2021-05-20 09:51:12,105.65,22466241
2021-05-20 09:51:13,105.65,22466351
2021-05-20 09:51:14,105.65,22466744
2021-05-20 09:51:15,105.65,22467444
2021-05-20 09:51:16,105.6,22469048
2021-05-20 09:51:17,105.6,22470274
2021-05-20 09:51:18,105.65,22472875
2021-05-20 09:51:19,105.6,22474377
2021-05-20 09:51:20,105.65,22477502
2021-05-20 09:51:21,105.6,22487264
2021-05-20 09:51:22,105.6,22487926
2021-05-20 09:51:23,105.65,22488207
2021-05-20 09:51:24,105.6,22488827
2021-05-20 09:51:25,105.65,22489705
2021-05-20 09:51:26,105.65,22490872
2021-05-20 09:51:27,105.65,22494287
2021-05-20 09:51:28,105.65,22495301
2021-05-20 09:51:29,105.65,22495501
2021-05-20 09:51:30,105.65,22497213
2021-05-20 09:51:31,105.6,22497443
2021-05-20 09:51:32,105.6,22499993
2021-05-20 09:51:33,105.6,22499993
2021-05-20 09:51:36,105.6,22502163
2021-05-20 09:51:39,105.65,22503884
2021-05-20 09:51:40,105.6,22503979
2021-05-20 09:51:40,105.6,22503979
2021-05-20 09:51:43,105.65,22507560
2021-05-20 09:51:44,105.65,22507695
2021-05-20 09:51:45,105.65,22508524
2021-05-20 09:51:46,105.65,22508550
2021-05-20 09:51:47,105.65,22508961
2021-05-20 09:51:48,105.65,22510109
2021-05-20 09:51:49,105.65,22521109
2021-05-20 09:51:50,105.6,22521700
2021-05-20 09:51:51,105.6,22523418
2021-05-20 09:51:51,105.65,22523948
2021-05-20 09:51:53,105.65,22525159
2021-05-20 09:51:53,105.65,22525159
2021-05-20 09:51:54,105.6,22526090
2021-05-20 09:51:55,105.65,22533076
2021-05-20 09:51:56,105.65,22533314
2021-05-20 09:51:57,105.65,22533314
2021-05-20 09:51:58,105.65,22533443
2021-05-20 09:52:00,105.65,22534448
2021-05-20 09:52:00,105.65,22534448
2021-05-20 09:52:01,105.65,22534448
2021-05-20 09:52:02,105.65,22534448
2021-05-20 09:52:03,105.7,22535005
2021-05-20 09:52:04,105.7,22535105
2021-05-20 09:52:05,105.7,22535514
2021-05-20 09:52:06,105.65,22535609
2021-05-20 09:52:08,105.7,22538475
2021-05-20 09:52:08,105.7,22538778
2021-05-20 09:52:09,105.65,22538879
2021-05-20 09:52:10,105.7,22539004
2021-05-20 09:52:11,105.7,22541054
2021-05-20 09:52:12,105.7,22541734
2021-05-20 09:52:13,105.7,22543384
2021-05-20 09:52:14,105.7,22543749
2021-05-20 09:52:16,105.65,22543857
2021-05-20 09:52:17,105.7,22545753
2021-05-20 09:52:18,105.7,22546353
2021-05-20 09:52:18,105.7,22546403
2021-05-20 09:52:19,105.7,22546618
2021-05-20 09:52:20,105.7,22547018
2021-05-20 09:52:21,105.7,22547269
2021-05-20 09:52:22,105.7,22549518
2021-05-20 09:52:23,105.65,22550649
2021-05-20 09:52:24,105.7,22552099
2021-05-20 09:52:25,105.7,22556260
2021-05-20 09:52:26,105.75,22559645
2021-05-20 09:52:28,105.7,22560296
2021-05-20 09:52:29,105.7,22563270
2021-05-20 09:52:29,105.7,22563270
2021-05-20 09:52:30,105.65,22563283
2021-05-20 09:52:32,105.7,22565320
2021-05-20 09:52:32,105.65,22565397
2021-05-20 09:52:33,105.65,22573437
2021-05-20 09:52:34,105.7,22573662
2021-05-20 09:52:35,105.7,22573770
2021-05-20 09:52:36,105.7,22573780
2021-05-20 09:52:37,105.65,22574308
2021-05-20 09:52:38,105.7,22574458
2021-05-20 09:52:39,105.65,22575066
2021-05-20 09:52:40,105.7,22575077
2021-05-20 09:52:41,105.7,22576387
2021-05-20 09:52:43,105.7,22579659
2021-05-20 09:52:44,105.7,22580262
2021-05-20 09:52:45,105.7,22581211
2021-05-20 09:52:46,105.7,22581300
2021-05-20 09:52:46,105.7,22581300
2021-05-20 09:52:47,105.7,22581331
2021-05-20 09:52:48,105.7,22581331
2021-05-20 09:52:49,105.65,22581380
2021-05-20 09:52:50,105.7,22581930
2021-05-20 09:52:51,105.7,22583860
2021-05-20 09:52:52,105.7,22586510
2021-05-20 09:52:53,105.7,22587144
2021-05-20 09:52:54,105.65,22587937
2021-05-20 09:52:55,105.65,22592470
2021-05-20 09:52:57,105.65,22596342
2021-05-20 09:52:58,105.65,22596342
2021-05-20 09:52:59,105.7,22596642
2021-05-20 09:53:00,105.7,22597150
2021-05-20 09:53:01,105.65,22601956
2021-05-20 09:53:02,105.7,22602417
2021-05-20 09:53:03,105.7,22602543
2021-05-20 09:53:04,105.65,22603093
2021-05-20 09:53:05,105.65,22603818
2021-05-20 09:53:06,105.65,22621648
2021-05-20 09:53:07,105.65,22622858
2021-05-20 09:53:08,105.65,22630859
2021-05-20 09:53:09,105.7,22631659
2021-05-20 09:53:10,105.7,22632259
2021-05-20 09:53:11,105.7,22632815
2021-05-20 09:53:13,105.7,22640105
2021-05-20 09:53:14,105.65,22641611
2021-05-20 09:53:15,105.7,22641641
2021-05-20 09:53:16,105.7,22642749
2021-05-20 09:53:17,105.7,22643011
2021-05-20 09:53:18,105.65,22646011
2021-05-20 09:53:19,105.7,22647911
2021-05-20 09:53:20,105.7,22648412
2021-05-20 09:53:21,105.7,22649414
2021-05-20 09:53:22,105.7,22649554
2021-05-20 09:53:23,105.65,22652556
2021-05-20 09:53:24,105.7,22653066
2021-05-20 09:53:25,105.65,22653179
2021-05-20 09:53:26,105.65,22653343
2021-05-20 09:53:27,105.7,22653663
2021-05-20 09:53:28,105.7,22654167
2021-05-20 09:53:30,105.65,22656338
2021-05-20 09:53:31,105.65,22656839
2021-05-20 09:53:32,105.65,22656839
2021-05-20 09:53:33,105.65,22656839
2021-05-20 09:53:34,105.6,22662819
2021-05-20 09:53:35,105.65,22664782
2021-05-20 09:53:36,105.6,22665591
2021-05-20 09:53:36,105.6,22665591
2021-05-20 09:53:38,105.65,22665991
2021-05-20 09:53:39,105.65,22666041
2021-05-20 09:53:40,105.65,22666256
2021-05-20 09:53:41,105.65,22666678
2021-05-20 09:53:43,105.6,22667160
2021-05-20 09:53:44,105.65,22667375
2021-05-20 09:53:45,105.6,22667395
2021-05-20 09:53:46,105.65,22692403
2021-05-20 09:53:47,105.6,22693140
2021-05-20 09:53:48,105.55,22699045
2021-05-20 09:53:49,105.65,22701258
2021-05-20 09:53:50,105.6,22727639
2021-05-20 09:53:51,105.6,22727639
2021-05-20 09:53:52,105.6,22727894
2021-05-20 09:53:53,105.6,22734494
2021-05-20 09:53:55,105.55,22735046
2021-05-20 09:53:55,105.6,22736260
2021-05-20 09:53:57,105.55,22737252
2021-05-20 09:53:58,105.55,22737279
2021-05-20 09:53:59,105.55,22738585
2021-05-20 09:54:02,105.55,22743749
2021-05-20 09:54:02,105.55,22744939
2021-05-20 09:54:03,105.6,22745089
2021-05-20 09:54:04,105.6,22746960
2021-05-20 09:54:05,105.6,22747761
2021-05-20 09:54:06,105.55,22748423
2021-05-20 09:54:07,105.6,22749573
2021-05-20 09:54:08,105.55,22750782
2021-05-20 09:54:09,105.55,22750857
2021-05-20 09:54:11,105.6,22751519
2021-05-20 09:54:12,105.6,22751521
2021-05-20 09:54:12,105.6,22751521
2021-05-20 09:54:14,105.55,22755519
2021-05-20 09:54:14,105.6,22756538
2021-05-20 09:54:15,105.6,22756754
2021-05-20 09:54:16,105.6,22757074
2021-05-20 09:54:18,105.55,22757758
2021-05-20 09:54:19,105.6,22758927
2021-05-20 09:54:20,105.6,22759192
2021-05-20 09:54:21,105.6,22760204
2021-05-20 09:54:22,105.6,22778537
2021-05-20 09:54:23,105.65,22779547
2021-05-20 09:54:26,105.6,22780503
2021-05-20 09:54:27,105.65,22781583
2021-05-20 09:54:28,105.65,22781583
2021-05-20 09:54:29,105.6,22781763
2021-05-20 09:54:30,105.6,22782967
2021-05-20 09:54:30,105.65,22783092
2021-05-20 09:54:32,105.65,22784167
2021-05-20 09:54:34,105.65,22786147
2021-05-20 09:54:35,105.6,22786929
2021-05-20 09:54:36,105.65,22788184
2021-05-20 09:54:38,105.65,22788540
2021-05-20 09:54:38,105.65,22788530
2021-05-20 09:54:39,105.65,22788556
2021-05-20 09:54:40,105.6,22788681
2021-05-20 09:54:41,105.65,22788881
2021-05-20 09:54:42,105.65,22789372
2021-05-20 09:54:43,105.65,22789691
2021-05-20 09:54:44,105.65,22791009
2021-05-20 09:54:46,105.65,22791169
2021-05-20 09:54:47,105.65,22793271
2021-05-20 09:54:49,105.65,22796322
2021-05-20 09:54:49,105.7,22799127
2021-05-20 09:54:51,105.65,22799700
2021-05-20 09:54:52,105.65,22799901
2021-05-20 09:54:54,105.7,22802571
2021-05-20 09:54:54,105.7,22802572
2021-05-20 09:54:55,105.7,22802574
2021-05-20 09:54:57,105.7,22804974
2021-05-20 09:54:57,105.7,22804974
2021-05-20 09:54:58,105.7,22806181
2021-05-20 09:54:59,105.65,22806682
2021-05-20 09:55:00,105.65,22806783
2021-05-20 09:55:01,105.7,22807036
2021-05-20 09:55:02,105.7,22807176
2021-05-20 09:55:03,105.7,22807678
2021-05-20 09:55:04,105.7,22807821
2021-05-20 09:55:05,105.7,22807880
2021-05-20 09:55:06,105.7,22808990
2021-05-20 09:55:08,105.65,22809291
2021-05-20 09:55:09,105.65,22811420
2021-05-20 09:55:10,105.65,22811542
2021-05-20 09:55:11,105.7,22811847
2021-05-20 09:55:12,105.65,22811966
2021-05-20 09:55:13,105.65,22812971
2021-05-20 09:55:14,105.7,22812996
2021-05-20 09:55:15,105.65,22813244
2021-05-20 09:55:16,105.7,22813494
2021-05-20 09:55:17,105.7,22813747
2021-05-20 09:55:18,105.7,22818197
2021-05-20 09:55:18,105.7,22818206
2021-05-20 09:55:20,105.7,22820494
2021-05-20 09:55:21,105.65,22821087
2021-05-20 09:55:22,105.65,22821136
2021-05-20 09:55:22,105.7,22821236
2021-05-20 09:55:23,105.65,22826655
2021-05-20 09:55:25,105.65,22827031
2021-05-20 09:55:26,105.65,22831728
2021-05-20 09:55:27,105.65,22831928
2021-05-20 09:55:28,105.65,22833592
2021-05-20 09:55:29,105.65,22833644
2021-05-20 09:55:29,105.65,22833643
2021-05-20 09:55:31,105.65,22844163
2021-05-20 09:55:32,105.65,22844451
2021-05-20 09:55:33,105.65,22844587
2021-05-20 09:55:33,105.65,22844587
2021-05-20 09:55:34,105.65,22844601
2021-05-20 09:55:35,105.65,22845416
2021-05-20 09:55:36,105.6,22857395
2021-05-20 09:55:37,105.55,22857410
2021-05-20 09:55:38,105.6,22857780
2021-05-20 09:55:39,105.6,22858080
2021-05-20 09:55:40,105.6,22858440
2021-05-20 09:55:41,105.55,22859140
2021-05-20 09:55:42,105.55,22859345
2021-05-20 09:55:43,105.6,22870764
2021-05-20 09:55:44,105.6,22873064
2021-05-20 09:55:45,105.6,22875194
2021-05-20 09:55:46,105.6,22876596
2021-05-20 09:55:47,105.6,22877790
2021-05-20 09:55:48,105.6,22879400
2021-05-20 09:55:49,105.6,22880250
2021-05-20 09:55:50,105.6,22880264
2021-05-20 09:55:51,105.6,22881869
2021-05-20 09:55:53,105.6,22883401
2021-05-20 09:55:55,105.6,22884551
2021-05-20 09:55:56,105.6,22884601
2021-05-20 09:55:57,105.6,22892744
2021-05-20 09:55:58,105.6,22896545
2021-05-20 09:55:58,105.6,22896605
2021-05-20 09:56:01,105.65,22897586
2021-05-20 09:56:01,105.6,22897591
2021-05-20 09:56:03,105.65,22898584
2021-05-20 09:56:03,105.65,22898585
2021-05-20 09:56:05,105.6,22908425
2021-05-20 09:56:05,105.6,22908425
2021-05-20 09:56:06,105.55,22908588
2021-05-20 09:56:08,105.65,22910847
2021-05-20 09:56:09,105.65,22910848
2021-05-20 09:56:11,105.65,22912870
2021-05-20 09:56:14,105.65,22913199
2021-05-20 09:56:16,105.6,22913449
2021-05-20 09:56:19,105.65,22914963
2021-05-20 09:56:21,105.65,22921924
2021-05-20 09:56:24,105.6,22922459
2021-05-20 09:56:26,105.65,22922600
2021-05-20 09:56:28,105.65,22923054
2021-05-20 09:56:31,105.65,22924186
2021-05-20 09:56:33,105.65,22925217
2021-05-20 09:56:36,105.6,22928691
2021-05-20 09:56:38,105.65,22932328
2021-05-20 09:56:40,105.65,22933280
2021-05-20 09:56:42,105.65,22938890
2021-05-20 09:56:44,105.65,22939502
2021-05-20 09:56:47,105.65,22941242
2021-05-20 09:56:49,105.65,22944203
2021-05-20 09:56:51,105.6,22945404
2021-05-20 09:56:54,105.65,22946174
2021-05-20 09:56:57,105.7,22946239
2021-05-20 09:56:59,105.7,22956107
2021-05-20 09:57:01,105.7,22956109
2021-05-20 09:57:03,105.7,22956733
2021-05-20 09:57:06,105.7,22958083
2021-05-20 09:57:09,105.65,22959009
2021-05-20 09:57:12,105.65,22960295
2021-05-20 09:57:17,105.7,22963548
2021-05-20 09:57:20,105.7,22981986
2021-05-20 09:57:22,105.65,22983275
2021-05-20 09:57:24,105.7,22984376
2021-05-20 09:57:26,105.65,22985420
2021-05-20 09:57:28,105.65,22986197
2021-05-20 09:57:31,105.7,22991924
2021-05-20 09:57:33,105.7,23001330
2021-05-20 09:57:36,105.7,23008416
2021-05-20 09:57:39,105.75,23016966
2021-05-20 09:57:42,105.7,23018208
2021-05-20 09:57:45,105.75,23018903
2021-05-20 09:57:48,105.75,23020701
2021-05-20 09:57:50,105.75,23021350
2021-05-20 09:57:53,105.75,23022514
2021-05-20 09:57:56,105.7,23025915
2021-05-20 09:57:58,105.75,23034581
2021-05-20 09:58:01,105.8,23034746
2021-05-20 09:58:03,105.75,23034931
2021-05-20 09:58:05,105.8,23037554
2021-05-20 09:58:08,105.75,23037679
2021-05-20 09:58:10,105.85,23056429
2021-05-20 09:58:12,105.9,23058566
2021-05-20 09:58:14,105.85,23064598
2021-05-20 09:58:17,105.85,23068985
2021-05-20 09:58:19,105.85,23069666
2021-05-20 09:58:22,105.9,23070807
2021-05-20 09:58:25,105.95,23104358
2021-05-20 09:58:27,105.95,23114626
2021-05-20 09:58:30,106.0,23116231
2021-05-20 09:58:32,106.0,23158330
2021-05-20 09:58:35,106.0,23160030
2021-05-20 09:58:40,106.0,23170363
2021-05-20 09:58:42,106.0,23174919
2021-05-20 09:58:45,106.05,23176270
2021-05-20 09:58:47,106.0,23177810
2021-05-20 09:58:50,106.05,23183368
2021-05-20 09:58:53,106.1,23198135
2021-05-20 09:58:55,106.05,23204891
2021-05-20 09:58:58,106.1,23206414
2021-05-20 09:59:00,106.1,23208049
2021-05-20 09:59:03,106.1,23210486
2021-05-20 09:59:05,106.1,23217959
2021-05-20 09:59:08,106.1,23226925
2021-05-20 09:59:10,106.05,23227549
2021-05-20 09:59:13,106.1,23230708
2021-05-20 09:59:15,106.1,23232873
2021-05-20 09:59:18,106.05,23233518
2021-05-20 09:59:21,106.1,23240209
2021-05-20 09:59:23,106.2,23246125
2021-05-20 09:59:25,106.15,23246456
2021-05-20 09:59:27,106.15,23248576
2021-05-20 09:59:30,106.15,23261036
2021-05-20 09:59:32,106.2,23264706
2021-05-20 09:59:35,106.2,23267997
2021-05-20 09:59:38,106.1,23286272
2021-05-20 09:59:40,106.15,23286919
2021-05-20 09:59:43,106.15,23301980
2021-05-20 09:59:45,106.15,23303224
2021-05-20 09:59:50,106.2,23308746
2021-05-20 09:59:53,106.2,23310464
2021-05-20 09:59:56,106.2,23312143
2021-05-20 09:59:59,106.2,23312732
2021-05-20 10:00:02,106.15,23326276
2021-05-20 10:00:07,106.15,23334166
2021-05-20 10:00:09,106.15,23334262
2021-05-20 10:00:12,106.2,23336373
2021-05-20 10:00:14,106.2,23339214
2021-05-20 10:00:17,106.2,23340367
2021-05-20 10:00:20,106.15,23364577
2021-05-20 10:00:23,106.15,23367189
2021-05-20 10:00:26,106.1,23370293
2021-05-20 10:00:28,106.1,23391689
2021-05-20 10:00:31,106.05,23396440
2021-05-20 10:00:34,106.1,23397333
2021-05-20 10:00:37,106.05,23403698
2021-05-20 10:00:39,106.05,23405470
2021-05-20 10:00:41,106.1,23409689
2021-05-20 10:00:44,106.05,23410199
2021-05-20 10:00:46,106.0,23424211
2021-05-20 10:00:49,106.05,23424889
2021-05-20 10:00:51,106.05,23426793
2021-05-20 10:00:54,106.05,23429298
2021-05-20 10:00:56,106.05,23433381
2021-05-20 10:01:01,106.0,23441922
2021-05-20 10:01:04,106.0,23462304
2021-05-20 10:01:06,106.0,23464625
2021-05-20 10:01:09,106.0,23465558
2021-05-20 10:01:11,106.0,23465681
2021-05-20 10:01:11,106.0,23465725
2021-05-20 10:01:13,106.0,23472775
2021-05-20 10:01:13,106.0,23472775
2021-05-20 10:01:14,105.95,23472876
2021-05-20 10:01:15,105.9,23473892
2021-05-20 10:01:16,106.0,23478690
2021-05-20 10:01:17,105.95,23501060
2021-05-20 10:01:18,106.0,23501062
2021-05-20 10:01:19,106.0,23501132
2021-05-20 10:01:20,106.0,23501676
2021-05-20 10:01:21,106.0,23506877
2021-05-20 10:01:23,106.0,23519533
2021-05-20 10:01:25,105.9,23521668
2021-05-20 10:01:29,105.9,23526959
2021-05-20 10:01:29,105.9,23526969
2021-05-20 10:01:32,105.9,23528023
2021-05-20 10:01:33,105.95,23528188
2021-05-20 10:01:33,105.95,23528188
2021-05-20 10:01:34,105.95,23528189
2021-05-20 10:01:35,105.9,23528941
2021-05-20 10:01:36,106.0,23531169
2021-05-20 10:01:37,105.95,23531189
2021-05-20 10:01:39,105.95,23531212
2021-05-20 10:01:39,105.9,23532012
2021-05-20 10:01:40,105.95,23532077
2021-05-20 10:01:41,105.95,23532077
2021-05-20 10:01:42,105.95,23532077
2021-05-20 10:01:43,105.9,23533117
2021-05-20 10:01:44,105.9,23533903
2021-05-20 10:01:45,105.9,23533903
2021-05-20 10:01:46,105.95,23534913
2021-05-20 10:01:48,105.9,23535763
2021-05-20 10:01:49,105.95,23537020
2021-05-20 10:01:50,105.8,23630616
2021-05-20 10:01:51,105.9,23637069
2021-05-20 10:01:52,105.9,23637595
2021-05-20 10:01:53,105.85,23639615
2021-05-20 10:01:54,105.9,23639870
2021-05-20 10:01:55,105.8,23640475
2021-05-20 10:01:56,105.8,23642430
2021-05-20 10:01:57,105.85,23642931
2021-05-20 10:01:58,105.85,23645934
2021-05-20 10:02:00,105.8,23646135
2021-05-20 10:02:00,105.8,23646135
2021-05-20 10:02:02,105.8,23651807
2021-05-20 10:02:03,105.85,23660680
2021-05-20 10:02:04,105.8,23660950
2021-05-20 10:02:05,105.85,23661154
2021-05-20 10:02:07,105.85,23665984
2021-05-20 10:02:07,105.85,23665784
2021-05-20 10:02:09,105.85,23671074
2021-05-20 10:02:10,105.8,23692859
2021-05-20 10:02:10,105.8,23692859
2021-05-20 10:02:12,105.75,23695261
2021-05-20 10:02:13,105.85,23716593
2021-05-20 10:02:14,105.8,23720869
2021-05-20 10:02:14,105.75,23720758
2021-05-20 10:02:16,105.85,23725897
2021-05-20 10:02:17,105.8,23726468
2021-05-20 10:02:18,105.8,23727471
2021-05-20 10:02:19,105.85,23727571
2021-05-20 10:02:20,105.85,23727576
2021-05-20 10:02:21,105.85,23729079
2021-05-20 10:02:22,105.85,23729081
2021-05-20 10:02:23,105.8,23729107
2021-05-20 10:02:24,105.85,23730119
2021-05-20 10:02:25,105.8,23730171
2021-05-20 10:02:27,105.85,23730284
2021-05-20 10:02:26,105.85,23730221
2021-05-20 10:02:28,105.85,23731333
2021-05-20 10:02:29,105.85,23733499
2021-05-20 10:02:30,105.9,23734513
2021-05-20 10:02:32,105.85,23735605
2021-05-20 10:02:31,105.85,23734713
2021-05-20 10:02:33,105.9,23736258
2021-05-20 10:02:34,105.9,23736390
2021-05-20 10:02:34,105.9,23744684
2021-05-20 10:02:36,105.9,23746450
2021-05-20 10:02:37,105.95,23750740
2021-05-20 10:02:38,105.9,23755759
2021-05-20 10:02:39,105.95,23755765
2021-05-20 10:02:40,105.95,23755966
2021-05-20 10:02:41,105.9,23756968
2021-05-20 10:02:42,105.9,23758175
2021-05-20 10:02:43,105.9,23758275
2021-05-20 10:02:44,105.95,23761633
2021-05-20 10:02:44,105.95,23761633
2021-05-20 10:02:47,105.9,23762013
2021-05-20 10:02:47,105.9,23762013
2021-05-20 10:02:49,105.9,23762254
2021-05-20 10:02:50,105.95,23764054
2021-05-20 10:02:51,105.95,23764054
2021-05-20 10:02:52,105.95,23764158
2021-05-20 10:02:53,106.0,23766939
2021-05-20 10:02:54,105.95,23767029
2021-05-20 10:02:55,105.9,23767687
2021-05-20 10:02:55,105.9,23767687
2021-05-20 10:02:57,105.95,23768206
2021-05-20 10:02:58,105.95,23769298
2021-05-20 10:02:58,105.95,23769298
2021-05-20 10:03:00,106.0,23770213
2021-05-20 10:03:01,105.95,23770220
2021-05-20 10:03:01,105.95,23770320
2021-05-20 10:03:03,105.9,23771749
2021-05-20 10:03:04,106.0,23772721
2021-05-20 10:03:05,106.0,23772921
2021-05-20 10:03:05,106.0,23772921
2021-05-20 10:03:07,105.9,23773421
2021-05-20 10:03:08,105.95,23773992
2021-05-20 10:03:08,106.0,23774192
2021-05-20 10:03:09,105.95,23774399
2021-05-20 10:03:10,106.0,23783632
2021-05-20 10:03:11,105.95,23783800
2021-05-20 10:03:12,105.9,23785467
2021-05-20 10:03:13,105.9,23785951
2021-05-20 10:03:14,105.9,23787053
2021-05-20 10:03:15,105.9,23787154
2021-05-20 10:03:16,105.9,23787557
2021-05-20 10:03:17,105.95,23789034
2021-05-20 10:03:18,105.9,23789136
2021-05-20 10:03:19,105.95,23789654
2021-05-20 10:03:21,105.95,23790792
2021-05-20 10:03:21,105.95,23790893
2021-05-20 10:03:22,106.0,23791779
2021-05-20 10:03:24,106.0,23793317
2021-05-20 10:03:25,105.95,23793328
2021-05-20 10:03:26,105.95,23793553
2021-05-20 10:03:27,106.0,23793599
2021-05-20 10:03:28,105.95,23793617
2021-05-20 10:03:29,106.0,23793618
2021-05-20 10:03:30,105.95,23793621
2021-05-20 10:03:31,105.95,23795258
2021-05-20 10:03:32,106.0,23795408
2021-05-20 10:03:32,106.0,23795478
2021-05-20 10:03:33,106.0,23795778
2021-05-20 10:03:35,106.0,23838132
2021-05-20 10:03:35,106.0,23838132
2021-05-20 10:03:36,106.0,23871725
2021-05-20 10:03:37,106.0,23871750
2021-05-20 10:03:38,106.0,23871950
2021-05-20 10:03:39,106.1,23871951
2021-05-20 10:03:40,105.95,23882439
2021-05-20 10:03:42,106.0,23883004
2021-05-20 10:03:44,106.0,23893409
2021-05-20 10:03:45,106.0,23893409
2021-05-20 10:03:46,105.95,23893565
2021-05-20 10:03:47,106.0,23893572
2021-05-20 10:03:47,105.95,23893691
2021-05-20 10:03:48,106.0,23893726
2021-05-20 10:03:49,106.0,23894486
2021-05-20 10:03:50,105.9,23899453
2021-05-20 10:03:51,105.95,23900453
2021-05-20 10:03:52,105.95,23900554
2021-05-20 10:03:53,105.9,23933627
2021-05-20 10:03:56,105.9,23951835
2021-05-20 10:03:57,105.9,23952035
2021-05-20 10:03:58,105.85,23952050
2021-05-20 10:03:59,105.8,23953210
2021-05-20 10:03:59,105.9,23954410
2021-05-20 10:04:00,105.8,23954420
2021-05-20 10:04:02,105.8,23955410
2021-05-20 10:04:03,105.8,23957521
2021-05-20 10:04:05,105.9,23959263
2021-05-20 10:04:07,105.8,23959794
2021-05-20 10:04:08,105.9,23959857
2021-05-20 10:04:09,105.85,23960078
2021-05-20 10:04:10,105.85,23960078
2021-05-20 10:04:11,105.85,23960382
2021-05-20 10:04:11,105.85,23960382
2021-05-20 10:04:13,105.8,23960900
2021-05-20 10:04:14,105.85,23961905
2021-05-20 10:04:15,105.85,23961956
2021-05-20 10:04:16,105.85,23962482
2021-05-20 10:04:17,105.85,23962982
2021-05-20 10:04:18,105.85,23964282
2021-05-20 10:04:20,105.85,23970144
2021-05-20 10:04:21,105.9,23970247
2021-05-20 10:04:22,105.9,23970947
2021-05-20 10:04:22,105.9,23971047
2021-05-20 10:04:24,105.8,23974817
2021-05-20 10:04:25,105.9,23974917
2021-05-20 10:04:26,105.9,23975032
2021-05-20 10:04:28,105.85,23976083
2021-05-20 10:04:28,105.85,23976083
2021-05-20 10:04:29,105.9,23976188
2021-05-20 10:04:30,105.9,23976503
2021-05-20 10:04:31,105.9,23976644
2021-05-20 10:04:33,105.9,23978594
2021-05-20 10:04:34,105.85,23978765
2021-05-20 10:04:35,105.9,23979914
2021-05-20 10:04:35,105.85,23979886
2021-05-20 10:04:36,105.9,23980039
2021-05-20 10:04:37,105.85,23980193
2021-05-20 10:04:38,105.85,23980293
2021-05-20 10:04:39,105.9,23980296
2021-05-20 10:04:40,105.85,23980474
2021-05-20 10:04:41,105.85,23980554
2021-05-20 10:04:42,105.85,23982554
2021-05-20 10:04:43,105.85,23982554
2021-05-20 10:04:44,105.85,23984083
2021-05-20 10:04:45,105.9,23984283
2021-05-20 10:04:47,105.9,23984441
2021-05-20 10:04:47,105.9,23985051
2021-05-20 10:04:49,105.8,23992210
2021-05-20 10:04:50,105.85,23992310
2021-05-20 10:04:51,105.9,23993579
2021-05-20 10:04:52,105.8,23993593
2021-05-20 10:04:53,105.9,23994593
2021-05-20 10:04:54,105.9,23994593
2021-05-20 10:04:55,105.85,23997988
2021-05-20 10:04:56,105.9,23998388
2021-05-20 10:04:56,105.9,23998388
2021-05-20 10:04:58,105.9,23998558
2021-05-20 10:04:59,105.85,23998559
2021-05-20 10:04:59,105.9,23998579
2021-05-20 10:05:00,105.9,23998679
2021-05-20 10:05:01,105.9,23998679
2021-05-20 10:05:02,105.9,23998732
2021-05-20 10:05:03,105.9,23998732
2021-05-20 10:05:04,105.9,23999232
2021-05-20 10:05:05,105.9,23999332
2021-05-20 10:05:06,105.85,24001064
2021-05-20 10:05:07,105.85,24001261
2021-05-20 10:05:08,105.9,24001762
2021-05-20 10:05:09,105.9,24002766
2021-05-20 10:05:10,105.9,24002788
2021-05-20 10:05:12,105.9,24002788
2021-05-20 10:05:12,105.9,24002943
2021-05-20 10:05:14,105.85,24002948
2021-05-20 10:05:15,105.9,24003640
2021-05-20 10:05:16,105.9,24007341
2021-05-20 10:05:17,105.95,24007641
2021-05-20 10:05:19,105.85,24007748
2021-05-20 10:05:19,105.9,24008270
2021-05-20 10:05:20,105.95,24008327
2021-05-20 10:05:21,105.95,24008627
2021-05-20 10:05:22,105.95,24008627
2021-05-20 10:05:24,105.95,24010760
2021-05-20 10:05:25,106.0,24010796
2021-05-20 10:05:26,106.0,24011996
2021-05-20 10:05:28,106.0,24012488
2021-05-20 10:05:28,106.0,24012488
2021-05-20 10:05:29,105.95,24013156
2021-05-20 10:05:30,105.95,24013156
2021-05-20 10:05:31,106.0,24013656
2021-05-20 10:05:33,106.0,24014085
2021-05-20 10:05:34,106.0,24014085
2021-05-20 10:05:35,105.95,24015090
2021-05-20 10:05:36,105.95,24015991
2021-05-20 10:05:36,105.95,24015991
2021-05-20 10:05:37,106.05,24042382
2021-05-20 10:05:38,106.05,24042484
2021-05-20 10:05:39,106.05,24046076
2021-05-20 10:05:41,106.05,24046076
2021-05-20 10:05:41,106.05,24046076
2021-05-20 10:05:43,106.1,24046850
2021-05-20 10:05:44,106.05,24047070
2021-05-20 10:05:44,106.0,24047071
2021-05-20 10:05:45,106.05,24047081
2021-05-20 10:05:46,106.05,24047211
2021-05-20 10:05:47,106.0,24047917
2021-05-20 10:05:49,106.1,24047964
2021-05-20 10:05:50,106.05,24047970
2021-05-20 10:05:50,106.05,24047970
2021-05-20 10:05:52,106.1,24053360
2021-05-20 10:05:52,106.1,24050930
2021-05-20 10:05:53,106.05,24054390
2021-05-20 10:05:55,106.1,24055540
2021-05-20 10:05:56,106.05,24059933
2021-05-20 10:05:57,106.1,24059961
2021-05-20 10:05:58,106.1,24060071
2021-05-20 10:05:58,106.1,24060071
2021-05-20 10:05:59,106.1,24061033
2021-05-20 10:06:00,106.05,24066093
2021-05-20 10:06:02,106.05,24067814
2021-05-20 10:06:03,106.05,24067814
2021-05-20 10:06:03,106.1,24067914
2021-05-20 10:06:04,106.1,24068465
2021-05-20 10:06:05,106.05,24073840
2021-05-20 10:06:07,106.1,24075638
2021-05-20 10:06:08,106.1,24075638
2021-05-20 10:06:09,106.05,24076259
2021-05-20 10:06:10,106.05,24076785
2021-05-20 10:06:11,106.1,24077027
2021-05-20 10:06:12,106.1,24077328
2021-05-20 10:06:13,106.1,24077429
2021-05-20 10:06:15,106.1,24079479
2021-05-20 10:06:16,106.05,24079509
2021-05-20 10:06:17,106.1,24080209
2021-05-20 10:06:18,106.1,24080309
2021-05-20 10:06:19,106.1,24081109
2021-05-20 10:06:20,106.1,24081117
2021-05-20 10:06:21,106.1,24081117
2021-05-20 10:06:22,106.1,24081518
2021-05-20 10:06:23,106.1,24081619
2021-05-20 10:06:24,106.1,24082821
2021-05-20 10:06:25,106.1,24085941
2021-05-20 10:06:26,106.1,24087958
2021-05-20 10:06:27,106.1,24087958
2021-05-20 10:06:28,106.05,24088033
2021-05-20 10:06:29,106.1,24088155
2021-05-20 10:06:30,106.05,24090300
2021-05-20 10:06:31,106.05,24091403
2021-05-20 10:06:32,106.05,24091607
2021-05-20 10:06:33,106.1,24091831
2021-05-20 10:06:34,106.1,24092376
2021-05-20 10:06:35,106.1,24092576
2021-05-20 10:06:36,106.1,24092663
2021-05-20 10:06:37,106.1,24094346
2021-05-20 10:06:38,106.05,24100348
2021-05-20 10:06:39,106.1,24101239
2021-05-20 10:06:40,106.1,24102466
2021-05-20 10:06:41,106.1,24102875
2021-05-20 10:06:42,106.05,24103445
2021-05-20 10:06:43,106.1,24104352
2021-05-20 10:06:44,106.1,24104378
2021-05-20 10:06:45,106.1,24106880
2021-05-20 10:06:46,106.05,24107398
2021-05-20 10:06:47,106.05,24107448
2021-05-20 10:06:48,106.05,24107448
2021-05-20 10:06:49,106.1,24107498
2021-05-20 10:06:50,106.1,24108133
2021-05-20 10:06:51,106.1,24108288
2021-05-20 10:06:52,106.1,24108703
2021-05-20 10:06:53,106.1,24111443
2021-05-20 10:06:54,106.1,24111543
2021-05-20 10:06:55,106.05,24111936
2021-05-20 10:06:56,106.1,24112882
2021-05-20 10:06:57,106.1,24113236
2021-05-20 10:06:58,106.1,24113882
2021-05-20 10:06:59,106.1,24113882
2021-05-20 10:07:00,106.05,24115737
2021-05-20 10:07:03,106.1,24124161
2021-05-20 10:07:04,106.1,24124161
2021-05-20 10:07:05,106.1,24124547
2021-05-20 10:07:06,106.15,24124652
2021-05-20 10:07:07,106.15,24124661
2021-05-20 10:07:08,106.1,24125266
2021-05-20 10:07:09,106.15,24125274
2021-05-20 10:07:10,106.15,24130524
2021-05-20 10:07:11,106.1,24132097
2021-05-20 10:07:12,106.15,24132287
2021-05-20 10:07:13,106.15,24132787
2021-05-20 10:07:14,106.1,24132837
2021-05-20 10:07:15,106.1,24133837
2021-05-20 10:07:16,106.15,24133897
2021-05-20 10:07:17,106.15,24135399
2021-05-20 10:07:18,106.15,24135399
2021-05-20 10:07:19,106.15,24138501
2021-05-20 10:07:20,106.15,24139051
2021-05-20 10:07:21,106.15,24139195
2021-05-20 10:07:22,106.15,24139512
2021-05-20 10:07:23,106.15,24145112
2021-05-20 10:07:24,106.15,24146333
2021-05-20 10:07:25,106.15,24146633
2021-05-20 10:07:26,106.15,24156135
2021-05-20 10:07:27,106.15,24156135
2021-05-20 10:07:29,106.15,24157029
2021-05-20 10:07:31,106.15,24158440
2021-05-20 10:07:32,106.15,24158820
2021-05-20 10:07:33,106.2,24162149
2021-05-20 10:07:34,106.1,24162822
2021-05-20 10:07:35,106.1,24164822
2021-05-20 10:07:36,106.15,24165022
2021-05-20 10:07:37,106.15,24165196
2021-05-20 10:07:38,106.15,24169058
2021-05-20 10:07:39,106.15,24169508
2021-05-20 10:07:40,106.15,24169508
2021-05-20 10:07:41,106.1,24170858
2021-05-20 10:07:42,106.1,24170870
2021-05-20 10:07:43,106.1,24170870
2021-05-20 10:07:44,106.15,24172070
2021-05-20 10:07:45,106.15,24172170
2021-05-20 10:07:46,106.1,24173073
2021-05-20 10:07:47,106.15,24174073
2021-05-20 10:07:48,106.15,24174205
2021-05-20 10:07:49,106.1,24178539
2021-05-20 10:07:50,106.1,24178628
2021-05-20 10:07:51,106.15,24179381
2021-05-20 10:07:52,106.15,24179381
2021-05-20 10:07:54,106.1,24179788
2021-05-20 10:07:55,106.15,24180316
2021-05-20 10:07:56,106.1,24185316
2021-05-20 10:07:57,106.15,24185336
2021-05-20 10:07:58,106.15,24185337
2021-05-20 10:08:00,106.15,24190937
2021-05-20 10:08:01,106.15,24191957
2021-05-20 10:08:02,106.15,24192035
2021-05-20 10:08:03,106.15,24192260
2021-05-20 10:08:04,106.1,24192360
2021-05-20 10:08:05,106.1,24192360
2021-05-20 10:08:06,106.1,24192560
2021-05-20 10:08:07,106.1,24192911
2021-05-20 10:08:08,106.05,24192921
2021-05-20 10:08:09,106.1,24192923
2021-05-20 10:08:10,106.1,24193374
2021-05-20 10:08:11,106.1,24193629
2021-05-20 10:08:12,106.05,24195430
2021-05-20 10:08:12,106.05,24195430
2021-05-20 10:08:14,106.05,24201211
2021-05-20 10:08:15,106.15,24201453
2021-05-20 10:08:16,106.1,24201553
2021-05-20 10:08:17,106.1,24201603
2021-05-20 10:08:19,106.15,24202229
2021-05-20 10:08:20,106.15,24203759
2021-05-20 10:08:22,106.1,24204464
2021-05-20 10:08:23,106.15,24204784
2021-05-20 10:08:24,106.05,24205784
2021-05-20 10:08:25,106.05,24207032
2021-05-20 10:08:26,106.1,24207057
2021-05-20 10:08:27,106.1,24207057
2021-05-20 10:08:28,106.1,24207137
2021-05-20 10:08:29,106.05,24207471
2021-05-20 10:08:30,106.1,24207473
2021-05-20 10:08:32,106.1,24208962
2021-05-20 10:08:33,106.1,24210464
2021-05-20 10:08:34,106.1,24210674
2021-05-20 10:08:35,106.05,24210794
2021-05-20 10:08:36,106.1,24211294
2021-05-20 10:08:37,106.1,24217310
2021-05-20 10:08:38,106.05,24217583
2021-05-20 10:08:39,106.1,24217584
2021-05-20 10:08:41,106.05,24217637
2021-05-20 10:08:42,106.05,24217637
2021-05-20 10:08:43,106.05,24217945
2021-05-20 10:08:44,106.05,24217945
2021-05-20 10:08:45,106.1,24218205
2021-05-20 10:08:46,106.05,24218323
2021-05-20 10:08:47,106.1,24218352
2021-05-20 10:08:48,106.1,24220027
2021-05-20 10:08:49,106.1,24220311
2021-05-20 10:08:50,106.05,24220335
2021-05-20 10:08:51,106.1,24220735
2021-05-20 10:08:52,106.1,24221390
2021-05-20 10:08:53,106.1,24221591
2021-05-20 10:08:54,106.1,24221591
2021-05-20 10:08:55,106.1,24222991
2021-05-20 10:08:57,106.1,24272600
2021-05-20 10:08:58,106.1,24272761
2021-05-20 10:08:59,106.1,24273461
2021-05-20 10:09:00,106.1,24274464
2021-05-20 10:09:01,106.05,24274807
2021-05-20 10:09:02,106.1,24274896
2021-05-20 10:09:03,106.05,24275056
2021-05-20 10:09:04,106.1,24275567
2021-05-20 10:09:05,106.1,24276217
2021-05-20 10:09:06,106.05,24276220
2021-05-20 10:09:07,106.05,24276220
2021-05-20 10:09:08,106.1,24277320
2021-05-20 10:09:10,106.1,24280893
2021-05-20 10:09:11,106.05,24281536
2021-05-20 10:09:12,106.1,24281544
2021-05-20 10:09:13,106.1,24282050
2021-05-20 10:09:14,106.1,24282050
2021-05-20 10:09:15,106.1,24282108
2021-05-20 10:09:16,106.1,24282543
2021-05-20 10:09:17,106.05,24282748
2021-05-20 10:09:18,106.05,24283203
2021-05-20 10:09:19,106.1,24283873
2021-05-20 10:09:20,106.1,24283874
2021-05-20 10:09:21,106.05,24285341
2021-05-20 10:09:22,106.1,24287999
2021-05-20 10:09:23,106.1,24290013
2021-05-20 10:09:24,106.1,24290523
2021-05-20 10:09:26,106.05,24293023
2021-05-20 10:09:27,106.05,24293374
2021-05-20 10:09:28,106.0,24294426
