timestamp,ltp,volume
2021-05-20 09:15:24,1413.05,18216
2021-05-20 09:15:27,1413.75,19394
2021-05-20 09:15:28,1414.0,19900
2021-05-20 09:15:29,1413.15,20308
2021-05-20 09:15:30,1413.95,20635
2021-05-20 09:15:31,1413.15,20844
2021-05-20 09:15:32,1413.15,20930
2021-05-20 09:15:33,1413.15,20930
2021-05-20 09:15:34,1413.0,21615
2021-05-20 09:15:36,1412.15,22715
2021-05-20 09:15:37,1413.0,23115
2021-05-20 09:15:38,1412.4,23124
2021-05-20 09:15:39,1412.4,23352
2021-05-20 09:15:40,1413.1,23514
2021-05-20 09:15:41,1413.05,23835
2021-05-20 09:15:42,1413.4,23845
2021-05-20 09:15:43,1413.4,23896
2021-05-20 09:15:44,1412.25,24096
2021-05-20 09:15:45,1413.0,24397
2021-05-20 09:15:46,1413.1,25626
2021-05-20 09:15:47,1412.65,25973
2021-05-20 09:15:48,1413.05,25998
2021-05-20 09:15:49,1413.05,26002
2021-05-20 09:15:50,1413.1,26128
2021-05-20 09:15:51,1414.35,26352
2021-05-20 09:15:52,1414.05,26505
2021-05-20 09:15:53,1414.0,26994
2021-05-20 09:15:54,1412.65,27980
2021-05-20 09:15:55,1412.65,27980
2021-05-20 09:15:56,1412.7,27998
2021-05-20 09:15:58,1413.55,28379
2021-05-20 09:16:01,1414.35,29023
2021-05-20 09:16:03,1414.55,29342
2021-05-20 09:16:05,1414.0,29833
2021-05-20 09:16:07,1414.0,30907
2021-05-20 09:16:08,1414.0,30907
2021-05-20 09:16:09,1413.9,30912
2021-05-20 09:16:10,1414.6,31566
2021-05-20 09:16:11,1415.0,32229
2021-05-20 09:16:12,1415.3,32312
2021-05-20 09:16:13,1415.2,32692
2021-05-20 09:16:14,1415.05,32693
2021-05-20 09:16:15,1415.5,32860
2021-05-20 09:16:16,1416.35,33196
2021-05-20 09:16:17,1415.5,33854
2021-05-20 09:16:19,1416.35,33945
2021-05-20 09:16:20,1415.95,35342
2021-05-20 09:16:21,1417.2,36071
2021-05-20 09:16:22,1417.15,36738
2021-05-20 09:16:23,1415.95,37553
2021-05-20 09:16:24,1415.65,38287
2021-05-20 09:16:24,1415.35,38283
2021-05-20 09:16:25,1417.0,38422
2021-05-20 09:16:26,1417.0,39168
2021-05-20 09:16:27,1417.0,39168
2021-05-20 09:16:28,1417.0,39174
2021-05-20 09:16:29,1416.95,39236
2021-05-20 09:16:30,1417.0,39266
2021-05-20 09:16:33,1415.6,41303
2021-05-20 09:16:35,1416.35,41331
2021-05-20 09:16:36,1416.35,42478
2021-05-20 09:16:37,1415.35,42767
2021-05-20 09:16:38,1416.15,43220
2021-05-20 09:16:39,1416.45,54311
2021-05-20 09:16:40,1417.55,54400
2021-05-20 09:16:40,1417.6,54621
2021-05-20 09:16:41,1415.55,56354
2021-05-20 09:16:42,1416.55,56505
2021-05-20 09:16:43,1416.5,57200
2021-05-20 09:16:44,1416.5,57226
2021-05-20 09:16:45,1416.5,57266
2021-05-20 09:16:46,1416.5,57344
2021-05-20 09:16:47,1415.3,59531
2021-05-20 09:16:48,1416.05,59626
2021-05-20 09:16:50,1416.05,59631
2021-05-20 09:16:51,1415.6,59801
2021-05-20 09:16:51,1417.2,62329
2021-05-20 09:16:52,1417.95,62550
2021-05-20 09:16:53,1417.15,62971
2021-05-20 09:16:54,1417.2,62975
2021-05-20 09:16:55,1417.8,63145
2021-05-20 09:16:56,1417.8,63330
2021-05-20 09:16:59,1417.55,63649
2021-05-20 09:16:59,1417.55,63649
2021-05-20 09:17:00,1417.55,63649
2021-05-20 09:17:01,1417.8,65202
2021-05-20 09:17:02,1417.1,65494
2021-05-20 09:17:03,1417.2,65864
2021-05-20 09:17:04,1417.8,65947
2021-05-20 09:17:05,1417.8,66013
2021-05-20 09:17:06,1417.7,66101
2021-05-20 09:17:07,1417.9,66231
2021-05-20 09:17:08,1417.75,67130
2021-05-20 09:17:09,1418.35,67227
2021-05-20 09:17:10,1418.35,67420
2021-05-20 09:17:11,1418.65,68671
2021-05-20 09:17:12,1419.0,68821
2021-05-20 09:17:13,1419.2,70071
2021-05-20 09:17:15,1418.7,70304
2021-05-20 09:17:16,1418.95,70885
2021-05-20 09:17:16,1418.7,70629
2021-05-20 09:17:17,1418.95,70885
2021-05-20 09:17:19,1419.0,71466
2021-05-20 09:17:20,1419.0,72352
2021-05-20 09:17:21,1419.15,72423
2021-05-20 09:17:22,1419.15,72428
2021-05-20 09:17:23,1419.15,72577
2021-05-20 09:17:24,1419.75,74018
2021-05-20 09:17:25,1419.05,74260
2021-05-20 09:17:26,1419.55,74685
2021-05-20 09:17:27,1419.7,75851
2021-05-20 09:17:28,1419.8,76626
2021-05-20 09:17:29,1419.1,76890
2021-05-20 09:17:30,1419.0,77675
2021-05-20 09:17:33,1419.65,78454
2021-05-20 09:17:34,1419.65,78454
2021-05-20 09:17:34,1419.65,78454
2021-05-20 09:17:35,1419.15,78455
2021-05-20 09:17:36,1419.15,79285
2021-05-20 09:17:37,1419.15,79492
2021-05-20 09:17:38,1419.15,79784
2021-05-20 09:17:39,1419.2,80084
2021-05-20 09:17:40,1419.2,80135
2021-05-20 09:17:41,1419.15,80556
2021-05-20 09:17:42,1418.45,80765
2021-05-20 09:17:43,1419.0,80948
2021-05-20 09:17:44,1419.0,80961
2021-05-20 09:17:45,1418.45,80965
2021-05-20 09:17:46,1419.15,81055
2021-05-20 09:17:47,1419.15,81141
2021-05-20 09:17:48,1419.15,81196
2021-05-20 09:17:49,1418.5,81373
2021-05-20 09:17:50,1419.15,81413
2021-05-20 09:17:51,1419.2,82138
2021-05-20 09:17:52,1419.85,83155
2021-05-20 09:17:53,1419.25,83245
2021-05-20 09:17:54,1419.25,83572
2021-05-20 09:17:55,1419.25,83863
2021-05-20 09:17:56,1419.3,84063
2021-05-20 09:17:57,1419.25,84112
2021-05-20 09:17:58,1419.9,84397
2021-05-20 09:17:59,1420.0,84953
2021-05-20 09:18:00,1419.9,85675
2021-05-20 09:18:01,1419.4,85966
2021-05-20 09:18:02,1419.85,85968
2021-05-20 09:18:03,1419.85,86359
2021-05-20 09:18:04,1419.25,86409
2021-05-20 09:18:05,1419.25,86409
2021-05-20 09:18:06,1419.4,86525
2021-05-20 09:18:07,1419.4,86537
2021-05-20 09:18:08,1419.25,86592
2021-05-20 09:18:09,1419.65,86834
2021-05-20 09:18:10,1419.0,87077
2021-05-20 09:18:11,1418.8,87197
2021-05-20 09:18:12,1419.0,87307
2021-05-20 09:18:13,1419.0,87351
2021-05-20 09:18:14,1419.15,87363
2021-05-20 09:18:15,1419.8,87473
2021-05-20 09:18:17,1419.05,87507
2021-05-20 09:18:18,1419.2,87760
2021-05-20 09:18:19,1419.0,87884
2021-05-20 09:18:19,1419.2,87905
2021-05-20 09:18:20,1419.3,88136
2021-05-20 09:18:21,1419.3,88317
2021-05-20 09:18:22,1419.7,88333
2021-05-20 09:18:23,1420.1,93250
2021-05-20 09:18:24,1421.0,93564
2021-05-20 09:18:25,1421.8,94516
2021-05-20 09:18:26,1421.85,94820
2021-05-20 09:18:27,1422.0,95539
2021-05-20 09:18:30,1421.8,96921
2021-05-20 09:18:31,1420.25,99480
2021-05-20 09:18:34,1420.95,102303
2021-05-20 09:18:35,1421.0,102335
2021-05-20 09:18:36,1421.0,102566
2021-05-20 09:18:37,1421.0,104495
2021-05-20 09:18:38,1421.25,104796
2021-05-20 09:18:40,1421.35,105218
2021-05-20 09:18:41,1421.35,105937
2021-05-20 09:18:41,1421.75,105938
2021-05-20 09:18:42,1421.8,106087
2021-05-20 09:18:43,1421.8,106760
2021-05-20 09:18:44,1421.05,107309
2021-05-20 09:18:45,1421.9,107506
2021-05-20 09:18:46,1421.75,107631
2021-05-20 09:18:48,1421.15,108210
2021-05-20 09:18:49,1421.0,108385
2021-05-20 09:18:50,1421.0,108385
2021-05-20 09:18:52,1421.15,108432
2021-05-20 09:18:53,1420.8,109022
2021-05-20 09:18:54,1420.85,109023
2021-05-20 09:18:54,1421.95,109523
2021-05-20 09:18:55,1421.15,109637
2021-05-20 09:18:56,1420.95,110143
2021-05-20 09:18:57,1421.85,110178
2021-05-20 09:18:58,1421.85,110178
2021-05-20 09:18:59,1421.5,110311
2021-05-20 09:19:00,1421.5,110687
2021-05-20 09:19:02,1421.5,111102
2021-05-20 09:19:03,1421.45,111822
2021-05-20 09:19:04,1421.0,112593
2021-05-20 09:19:05,1420.6,112925
2021-05-20 09:19:05,1420.6,112925
2021-05-20 09:19:06,1421.25,112963
2021-05-20 09:19:07,1421.5,113060
2021-05-20 09:19:08,1421.55,113205
2021-05-20 09:19:09,1421.7,113316
2021-05-20 09:19:10,1421.25,114067
2021-05-20 09:19:11,1421.0,114140
2021-05-20 09:19:12,1420.65,114232
2021-05-20 09:19:13,1421.5,114286
2021-05-20 09:19:15,1421.0,114782
2021-05-20 09:19:16,1420.5,114934
2021-05-20 09:19:17,1421.4,115572
2021-05-20 09:19:18,1421.0,115821
2021-05-20 09:19:18,1421.0,115917
2021-05-20 09:19:19,1420.5,116227
2021-05-20 09:19:20,1420.55,116262
2021-05-20 09:19:21,1420.95,116408
2021-05-20 09:19:22,1420.95,116624
2021-05-20 09:19:23,1420.95,116704
2021-05-20 09:19:24,1420.9,116834
2021-05-20 09:19:25,1421.0,117983
2021-05-20 09:19:26,1421.5,118406
2021-05-20 09:19:27,1420.85,118466
2021-05-20 09:19:28,1421.7,118720
2021-05-20 09:19:29,1421.8,118990
2021-05-20 09:19:30,1421.0,119157
2021-05-20 09:19:31,1421.5,119162
2021-05-20 09:19:32,1421.5,119162
2021-05-20 09:19:33,1421.05,119531
2021-05-20 09:19:34,1421.65,119735
2021-05-20 09:19:35,1421.05,119839
2021-05-20 09:19:36,1421.65,119939
2021-05-20 09:19:38,1421.05,119964
2021-05-20 09:19:39,1421.2,119996
2021-05-20 09:19:40,1421.05,120000
2021-05-20 09:19:41,1421.25,121066
2021-05-20 09:19:41,1421.2,121166
2021-05-20 09:19:42,1421.6,121176
2021-05-20 09:19:43,1421.4,121393
2021-05-20 09:19:44,1421.75,127122
2021-05-20 09:19:45,1422.05,127568
2021-05-20 09:19:46,1422.05,127674
2021-05-20 09:19:47,1422.5,127774
2021-05-20 09:19:48,1422.5,128004
2021-05-20 09:19:49,1421.85,128806
2021-05-20 09:19:51,1422.6,129044
2021-05-20 09:19:52,1422.75,130146
2021-05-20 09:19:53,1422.25,130226
2021-05-20 09:19:54,1422.25,130683
2021-05-20 09:19:55,1422.65,130799
2021-05-20 09:19:55,1422.25,130809
2021-05-20 09:19:56,1422.25,130819
2021-05-20 09:19:58,1422.45,130952
2021-05-20 09:19:59,1422.45,131346
2021-05-20 09:20:01,1422.6,131518
2021-05-20 09:20:02,1422.5,131522
2021-05-20 09:20:04,1422.0,133144
2021-05-20 09:20:05,1422.7,133443
2021-05-20 09:20:06,1422.8,133684
2021-05-20 09:20:06,1422.5,133685
2021-05-20 09:20:07,1422.5,134039
2021-05-20 09:20:08,1422.4,134269
2021-05-20 09:20:09,1422.4,134319
2021-05-20 09:20:10,1422.35,134364
2021-05-20 09:20:11,1422.0,134576
2021-05-20 09:20:12,1422.7,135113
2021-05-20 09:20:13,1422.55,135259
2021-05-20 09:20:14,1422.55,135289
2021-05-20 09:20:16,1422.5,135601
2021-05-20 09:20:17,1422.6,135642
2021-05-20 09:20:17,1422.1,135720
2021-05-20 09:20:18,1423.45,136865
2021-05-20 09:20:20,1422.6,139005
2021-05-20 09:20:20,1422.8,139632
2021-05-20 09:20:22,1423.0,140113
2021-05-20 09:20:23,1423.95,141653
2021-05-20 09:20:24,1423.9,142289
2021-05-20 09:20:25,1423.3,142403
2021-05-20 09:20:25,1423.95,142374
2021-05-20 09:20:26,1423.95,142543
2021-05-20 09:20:27,1423.6,143196
2021-05-20 09:20:28,1423.6,143374
2021-05-20 09:20:29,1423.7,144244
2021-05-20 09:20:30,1423.95,144769
2021-05-20 09:20:31,1423.95,144982
2021-05-20 09:20:33,1424.0,145215
2021-05-20 09:20:34,1423.45,145932
2021-05-20 09:20:34,1423.75,146548
2021-05-20 09:20:35,1424.35,149662
2021-05-20 09:20:37,1424.0,149939
2021-05-20 09:20:38,1424.7,151230
2021-05-20 09:20:39,1424.0,151457
2021-05-20 09:20:40,1424.0,151921
2021-05-20 09:20:41,1424.85,152323
2021-05-20 09:20:42,1424.15,152607
2021-05-20 09:20:43,1424.4,152759
2021-05-20 09:20:43,1424.35,153066
2021-05-20 09:20:44,1424.8,153193
2021-05-20 09:20:45,1424.85,153273
2021-05-20 09:20:46,1424.4,153384
2021-05-20 09:20:48,1424.9,153827
2021-05-20 09:20:49,1424.6,154546
2021-05-20 09:20:52,1424.55,155202
2021-05-20 09:20:53,1424.55,155636
2021-05-20 09:20:56,1425.7,164930
2021-05-20 09:20:57,1424.9,165184
2021-05-20 09:20:58,1425.15,166627
2021-05-20 09:20:59,1426.75,169177
2021-05-20 09:21:00,1426.55,170485
2021-05-20 09:21:01,1425.3,173075
2021-05-20 09:21:01,1425.0,173347
2021-05-20 09:21:02,1425.65,175960
2021-05-20 09:21:04,1425.6,176485
2021-05-20 09:21:05,1425.15,176566
2021-05-20 09:21:06,1425.2,176645
2021-05-20 09:21:07,1424.85,178035
2021-05-20 09:21:08,1424.1,178422
2021-05-20 09:21:08,1424.65,178937
2021-05-20 09:21:10,1424.15,179251
2021-05-20 09:21:11,1424.15,179405
2021-05-20 09:21:12,1425.0,179715
2021-05-20 09:21:13,1425.0,180221
2021-05-20 09:21:14,1425.0,180737
2021-05-20 09:21:15,1425.05,181312
2021-05-20 09:21:16,1425.05,181918
2021-05-20 09:21:17,1424.9,182529
2021-05-20 09:21:18,1424.75,183363
2021-05-20 09:21:19,1424.85,184053
2021-05-20 09:21:20,1425.5,184785
2021-05-20 09:21:21,1425.5,184913
2021-05-20 09:21:22,1424.75,185120
2021-05-20 09:21:23,1425.15,185375
2021-05-20 09:21:24,1424.75,185449
2021-05-20 09:21:25,1424.75,185684
2021-05-20 09:21:26,1424.65,187182
2021-05-20 09:21:27,1424.5,187492
2021-05-20 09:21:28,1424.5,187532
2021-05-20 09:21:29,1424.0,187759
2021-05-20 09:21:30,1424.0,187797
2021-05-20 09:21:31,1424.0,188339
2021-05-20 09:21:32,1423.45,188645
2021-05-20 09:21:33,1424.2,188755
2021-05-20 09:21:34,1423.65,188760
2021-05-20 09:21:35,1423.95,188981
2021-05-20 09:21:36,1424.35,189203
2021-05-20 09:21:36,1423.65,189205
2021-05-20 09:21:37,1424.2,189568
2021-05-20 09:21:38,1423.5,189773
2021-05-20 09:21:39,1424.2,190083
2021-05-20 09:21:40,1423.75,190764
2021-05-20 09:21:41,1424.0,190952
2021-05-20 09:21:42,1424.0,191321
2021-05-20 09:21:43,1423.75,192210
2021-05-20 09:21:44,1423.65,192216
2021-05-20 09:21:45,1423.5,192937
2021-05-20 09:21:46,1422.8,193494
2021-05-20 09:21:48,1423.55,193994
2021-05-20 09:21:49,1422.55,194393
2021-05-20 09:21:50,1423.3,194732
2021-05-20 09:21:51,1423.1,195575
2021-05-20 09:21:52,1423.6,195856
2021-05-20 09:21:55,1422.8,198899
2021-05-20 09:21:56,1423.35,199938
2021-05-20 09:21:57,1422.35,200241
2021-05-20 09:21:58,1422.5,200436
2021-05-20 09:21:58,1422.8,200456
2021-05-20 09:21:59,1422.15,200677
2021-05-20 09:22:00,1422.75,200997
2021-05-20 09:22:01,1422.7,201689
2021-05-20 09:22:02,1422.05,203041
2021-05-20 09:22:03,1422.05,203142
2021-05-20 09:22:04,1420.45,206154
2021-05-20 09:22:05,1420.4,206427
2021-05-20 09:22:06,1420.25,208323
2021-05-20 09:22:07,1421.0,208628
2021-05-20 09:22:08,1420.45,209427
2021-05-20 09:22:09,1420.3,209778
2021-05-20 09:22:10,1421.5,209937
2021-05-20 09:22:12,1421.0,210282
2021-05-20 09:22:13,1420.7,211342
2021-05-20 09:22:14,1421.0,211759
2021-05-20 09:22:15,1420.0,213590
2021-05-20 09:22:16,1420.75,213941
2021-05-20 09:22:17,1419.5,214679
2021-05-20 09:22:18,1419.9,215978
2021-05-20 09:22:19,1419.5,216979
2021-05-20 09:22:20,1418.3,217376
2021-05-20 09:22:22,1418.5,218082
2021-05-20 09:22:23,1418.3,218087
2021-05-20 09:22:24,1418.95,218200
2021-05-20 09:22:25,1418.4,220082
2021-05-20 09:22:26,1418.2,221566
2021-05-20 09:22:27,1418.45,223168
2021-05-20 09:22:29,1417.35,226240
2021-05-20 09:22:30,1417.45,226493
2021-05-20 09:22:31,1417.25,226781
2021-05-20 09:22:32,1416.45,228279
2021-05-20 09:22:34,1418.35,232794
2021-05-20 09:22:35,1419.0,233864
2021-05-20 09:22:36,1419.0,234127
2021-05-20 09:22:37,1418.8,234253
2021-05-20 09:22:38,1420.6,234695
2021-05-20 09:22:40,1420.6,234804
2021-05-20 09:22:41,1420.2,234908
2021-05-20 09:22:42,1420.3,234918
2021-05-20 09:22:43,1421.6,235418
2021-05-20 09:22:43,1421.6,235418
2021-05-20 09:22:44,1420.75,235530
2021-05-20 09:22:45,1421.65,235680
2021-05-20 09:22:47,1420.95,236353
2021-05-20 09:22:49,1420.9,236634
2021-05-20 09:22:50,1421.45,236771
2021-05-20 09:22:51,1420.9,238330
2021-05-20 09:22:52,1420.6,238374
2021-05-20 09:22:53,1420.6,238384
2021-05-20 09:22:54,1420.6,238534
2021-05-20 09:22:55,1421.65,238968
2021-05-20 09:22:56,1421.9,239389
2021-05-20 09:22:57,1422.55,239875
2021-05-20 09:22:58,1422.4,240153
2021-05-20 09:22:59,1422.4,242792
2021-05-20 09:23:00,1422.35,242905
2021-05-20 09:23:01,1422.35,243651
2021-05-20 09:23:02,1421.6,244089
2021-05-20 09:23:03,1421.45,244502
2021-05-20 09:23:04,1421.45,244512
2021-05-20 09:23:05,1421.5,244633
2021-05-20 09:23:06,1421.45,244646
2021-05-20 09:23:07,1421.55,244693
2021-05-20 09:23:08,1421.55,244866
2021-05-20 09:23:09,1421.65,244902
2021-05-20 09:23:09,1421.65,244907
2021-05-20 09:23:10,1421.65,244957
2021-05-20 09:23:11,1421.95,245127
2021-05-20 09:23:12,1421.5,245345
2021-05-20 09:23:13,1421.15,245607
2021-05-20 09:23:14,1421.85,245752
2021-05-20 09:23:15,1421.5,246059
2021-05-20 09:23:16,1421.5,246212
2021-05-20 09:23:17,1422.2,246537
2021-05-20 09:23:19,1421.55,246887
2021-05-20 09:23:21,1422.0,247108
2021-05-20 09:23:22,1422.0,247108
2021-05-20 09:23:23,1422.05,247407
2021-05-20 09:23:24,1421.45,247667
2021-05-20 09:23:25,1421.45,247667
2021-05-20 09:23:26,1421.5,247989
2021-05-20 09:23:27,1421.85,248054
2021-05-20 09:23:28,1421.85,248570
2021-05-20 09:23:29,1420.15,251278
2021-05-20 09:23:30,1421.0,251939
2021-05-20 09:23:31,1420.8,251953
2021-05-20 09:23:32,1420.95,252151
2021-05-20 09:23:33,1420.95,252202
2021-05-20 09:23:34,1420.95,252725
2021-05-20 09:23:35,1420.95,252725
2021-05-20 09:23:36,1421.0,253087
2021-05-20 09:23:37,1421.05,253303
2021-05-20 09:23:38,1421.0,253552
2021-05-20 09:23:39,1421.0,253708
2021-05-20 09:23:40,1420.3,253728
2021-05-20 09:23:41,1420.45,253758
2021-05-20 09:23:42,1420.45,253758
2021-05-20 09:23:43,1420.2,253803
2021-05-20 09:23:44,1420.8,253813
2021-05-20 09:23:45,1420.25,254103
2021-05-20 09:23:46,1420.95,254113
2021-05-20 09:23:47,1420.95,254163
2021-05-20 09:23:48,1420.95,254188
2021-05-20 09:23:49,1420.8,254255
2021-05-20 09:23:51,1420.95,254549
2021-05-20 09:23:53,1421.0,255135
2021-05-20 09:23:57,1421.0,256305
2021-05-20 09:23:58,1420.75,256492
2021-05-20 09:23:59,1420.8,256507
2021-05-20 09:24:00,1421.4,256508
2021-05-20 09:24:01,1420.8,256510
2021-05-20 09:24:02,1421.5,257337
2021-05-20 09:24:03,1421.35,257989
2021-05-20 09:24:04,1422.0,257992
2021-05-20 09:24:05,1421.4,258634
2021-05-20 09:24:06,1421.95,258638
2021-05-20 09:24:07,1422.35,258738
2021-05-20 09:24:08,1422.0,259600
2021-05-20 09:24:09,1422.2,259721
2021-05-20 09:24:10,1422.05,259731
2021-05-20 09:24:11,1422.0,259746
2021-05-20 09:24:12,1422.0,259746
2021-05-20 09:24:13,1422.75,260130
2021-05-20 09:24:14,1422.1,260135
2021-05-20 09:24:16,1422.15,261098
2021-05-20 09:24:19,1422.15,261847
2021-05-20 09:24:20,1422.15,261893
2021-05-20 09:24:22,1422.15,262097
2021-05-20 09:24:23,1422.15,262118
2021-05-20 09:24:25,1421.5,262439
2021-05-20 09:24:32,1421.55,263534
2021-05-20 09:24:33,1422.2,263686
2021-05-20 09:24:34,1421.0,264247
2021-05-20 09:24:35,1421.0,264287
2021-05-20 09:24:36,1421.5,264417
2021-05-20 09:24:37,1420.8,264482
2021-05-20 09:24:38,1420.4,264582
2021-05-20 09:24:39,1421.0,264728
2021-05-20 09:24:40,1420.45,264853
2021-05-20 09:24:41,1420.45,264853
2021-05-20 09:24:42,1421.0,264973
2021-05-20 09:24:43,1420.5,264993
2021-05-20 09:24:44,1420.45,265669
2021-05-20 09:24:45,1421.45,265724
2021-05-20 09:24:46,1420.55,265725
2021-05-20 09:24:47,1420.0,267709
2021-05-20 09:24:48,1420.0,267709
2021-05-20 09:24:49,1420.3,268059
2021-05-20 09:24:50,1419.55,268062
2021-05-20 09:24:51,1419.55,268062
2021-05-20 09:24:52,1419.55,268205
2021-05-20 09:24:53,1420.5,268459
2021-05-20 09:24:54,1420.45,268661
2021-05-20 09:24:55,1419.6,268716
2021-05-20 09:24:56,1420.4,269136
2021-05-20 09:24:58,1420.3,269264
2021-05-20 09:24:57,1420.0,269263
2021-05-20 09:24:59,1420.0,269269
2021-05-20 09:25:00,1420.0,269343
2021-05-20 09:25:01,1419.3,269443
2021-05-20 09:25:02,1420.0,269473
2021-05-20 09:25:03,1419.35,269550
2021-05-20 09:25:04,1419.95,269572
2021-05-20 09:25:05,1420.0,269576
2021-05-20 09:25:06,1420.0,269676
2021-05-20 09:25:07,1420.0,269697
2021-05-20 09:25:08,1420.0,269936
2021-05-20 09:25:09,1419.3,269942
2021-05-20 09:25:10,1419.2,269962
2021-05-20 09:25:11,1419.9,269990
2021-05-20 09:25:12,1419.9,269990
2021-05-20 09:25:13,1419.95,270150
2021-05-20 09:25:14,1419.95,270150
2021-05-20 09:25:15,1419.2,270241
2021-05-20 09:25:16,1419.2,270244
2021-05-20 09:25:17,1419.65,270554
2021-05-20 09:25:18,1419.9,270743
2021-05-20 09:25:19,1419.2,270981
2021-05-20 09:25:21,1419.7,272259
2021-05-20 09:25:22,1419.7,272259
2021-05-20 09:25:23,1419.7,272259
2021-05-20 09:25:24,1419.7,272374
2021-05-20 09:25:25,1420.4,272424
2021-05-20 09:25:26,1419.75,272449
2021-05-20 09:25:27,1419.75,272449
2021-05-20 09:25:28,1419.75,272449
2021-05-20 09:25:29,1420.6,272569
2021-05-20 09:25:33,1419.0,272737
2021-05-20 09:25:34,1419.1,272837
2021-05-20 09:25:35,1419.3,272852
2021-05-20 09:25:36,1419.3,272866
2021-05-20 09:25:37,1419.3,272866
2021-05-20 09:25:38,1419.3,272900
2021-05-20 09:25:39,1419.3,272920
2021-05-20 09:25:40,1419.45,272945
2021-05-20 09:25:41,1419.45,272945
2021-05-20 09:25:42,1419.1,273013
2021-05-20 09:25:43,1419.1,273013
2021-05-20 09:25:44,1419.1,273063
2021-05-20 09:25:45,1419.1,273069
2021-05-20 09:25:46,1419.0,273670
2021-05-20 09:25:47,1419.0,273670
2021-05-20 09:25:50,1418.7,275070
2021-05-20 09:25:51,1418.55,275179
2021-05-20 09:25:52,1418.05,275189
2021-05-20 09:25:53,1418.9,275214
2021-05-20 09:25:54,1418.9,275216
2021-05-20 09:25:55,1418.9,275296
2021-05-20 09:25:56,1418.0,275458
2021-05-20 09:25:57,1418.8,275716
2021-05-20 09:25:58,1418.8,275731
2021-05-20 09:25:59,1418.0,276320
2021-05-20 09:26:00,1418.65,276503
2021-05-20 09:26:01,1418.0,277153
2021-05-20 09:26:02,1418.0,277794
2021-05-20 09:26:03,1418.35,277836
2021-05-20 09:26:04,1418.0,277858
2021-05-20 09:26:05,1416.6,279736
2021-05-20 09:26:06,1417.25,280055
2021-05-20 09:26:07,1417.6,280140
2021-05-20 09:26:08,1417.25,280444
2021-05-20 09:26:09,1417.5,280768
2021-05-20 09:26:10,1417.3,280848
2021-05-20 09:26:11,1416.55,282049
2021-05-20 09:26:12,1417.45,282754
2021-05-20 09:26:13,1417.4,282841
2021-05-20 09:26:14,1417.4,283205
2021-05-20 09:26:15,1417.4,283309
2021-05-20 09:26:16,1416.65,283547
2021-05-20 09:26:17,1416.65,283547
2021-05-20 09:26:18,1416.5,283637
2021-05-20 09:26:19,1417.4,283857
2021-05-20 09:26:20,1417.35,283877
2021-05-20 09:26:21,1417.25,283934
2021-05-20 09:26:23,1417.4,283981
2021-05-20 09:26:25,1417.4,284052
2021-05-20 09:26:25,1417.4,284062
2021-05-20 09:26:26,1417.15,284381
2021-05-20 09:26:28,1416.2,284446
2021-05-20 09:26:29,1416.5,284501
2021-05-20 09:26:34,1416.2,285021
2021-05-20 09:26:39,1416.3,285789
2021-05-20 09:26:40,1416.3,285790
2021-05-20 09:26:41,1416.65,286005
2021-05-20 09:26:42,1416.8,286006
2021-05-20 09:26:43,1416.35,286439
2021-05-20 09:26:44,1416.95,286499
2021-05-20 09:26:45,1416.1,287373
2021-05-20 09:26:46,1416.1,287373
2021-05-20 09:26:47,1417.0,287476
2021-05-20 09:26:48,1415.55,294351
2021-05-20 09:26:49,1416.4,294964
2021-05-20 09:26:50,1416.85,297509
2021-05-20 09:26:51,1416.8,297862
2021-05-20 09:26:52,1416.8,298680
2021-05-20 09:26:53,1416.05,298772
2021-05-20 09:26:55,1416.8,300241
2021-05-20 09:26:55,1416.8,300241
2021-05-20 09:26:56,1416.15,300541
2021-05-20 09:26:57,1417.5,301425
2021-05-20 09:26:58,1417.25,302294
2021-05-20 09:26:59,1417.0,302814
2021-05-20 09:27:00,1417.0,302814
2021-05-20 09:27:01,1417.55,303313
2021-05-20 09:27:02,1417.15,303363
2021-05-20 09:27:03,1417.5,304142
2021-05-20 09:27:04,1417.25,304148
2021-05-20 09:27:05,1416.8,304268
2021-05-20 09:27:06,1416.8,304368
2021-05-20 09:27:08,1417.45,304708
2021-05-20 09:27:07,1416.7,304377
2021-05-20 09:27:09,1416.5,305224
2021-05-20 09:27:10,1417.45,305612
2021-05-20 09:27:11,1416.85,305672
2021-05-20 09:27:12,1417.2,305906
2021-05-20 09:27:14,1416.9,305912
2021-05-20 09:27:15,1417.4,306492
2021-05-20 09:27:16,1417.15,306524
2021-05-20 09:27:18,1416.95,306565
2021-05-20 09:27:20,1416.6,307180
2021-05-20 09:27:21,1416.6,307180
2021-05-20 09:27:22,1417.0,307196
2021-05-20 09:27:25,1417.0,307705
2021-05-20 09:27:26,1416.9,307826
2021-05-20 09:27:27,1416.9,307826
2021-05-20 09:27:28,1416.8,307838
2021-05-20 09:27:29,1417.0,307841
2021-05-20 09:27:30,1416.65,307851
2021-05-20 09:27:31,1416.65,308030
2021-05-20 09:27:32,1417.4,309756
2021-05-20 09:27:33,1417.25,310056
2021-05-20 09:27:34,1416.85,310333
2021-05-20 09:27:35,1417.15,310832
2021-05-20 09:27:36,1417.0,312236
2021-05-20 09:27:37,1416.8,312386
2021-05-20 09:27:38,1416.8,313933
2021-05-20 09:27:39,1417.5,314147
2021-05-20 09:27:40,1417.5,314147
2021-05-20 09:27:41,1417.5,314147
2021-05-20 09:27:42,1416.9,315064
2021-05-20 09:27:43,1416.8,315677
2021-05-20 09:27:45,1417.15,316071
2021-05-20 09:27:46,1416.85,316136
2021-05-20 09:27:47,1416.85,316256
2021-05-20 09:27:47,1416.85,316256
2021-05-20 09:27:48,1416.85,316301
2021-05-20 09:27:50,1416.8,316311
2021-05-20 09:27:51,1417.6,316486
2021-05-20 09:27:53,1416.95,316565
2021-05-20 09:27:54,1416.8,317115
2021-05-20 09:27:55,1417.55,317126
2021-05-20 09:27:56,1417.0,317326
2021-05-20 09:27:57,1417.65,317560
2021-05-20 09:27:58,1417.05,317564
2021-05-20 09:27:59,1417.05,317819
2021-05-20 09:28:00,1417.0,320085
2021-05-20 09:28:01,1417.8,320232
2021-05-20 09:28:03,1416.9,320997
2021-05-20 09:28:04,1417.55,321265
2021-05-20 09:28:05,1417.05,321325
2021-05-20 09:28:06,1417.65,321375
2021-05-20 09:28:07,1417.05,321489
2021-05-20 09:28:08,1417.75,322018
2021-05-20 09:28:10,1417.75,322067
2021-05-20 09:28:10,1417.75,322067
2021-05-20 09:28:11,1417.1,322418
2021-05-20 09:28:12,1417.15,322422
2021-05-20 09:28:13,1417.85,322432
2021-05-20 09:28:14,1417.85,322432
2021-05-20 09:28:15,1418.15,322484
2021-05-20 09:28:16,1418.15,322617
2021-05-20 09:28:17,1417.2,322675
2021-05-20 09:28:18,1417.2,322708
2021-05-20 09:28:19,1417.2,322708
2021-05-20 09:28:20,1418.0,326990
2021-05-20 09:28:21,1418.85,331353
2021-05-20 09:28:23,1420.9,342471
2021-05-20 09:28:24,1421.35,343087
2021-05-20 09:28:26,1421.45,343274
2021-05-20 09:28:27,1420.65,343702
2021-05-20 09:28:28,1421.6,343838
2021-05-20 09:28:29,1421.6,344263
2021-05-20 09:28:30,1420.65,344373
2021-05-20 09:28:31,1420.45,344503
2021-05-20 09:28:31,1420.45,344503
2021-05-20 09:28:32,1420.0,345065
2021-05-20 09:28:33,1420.0,345140
2021-05-20 09:28:35,1420.35,346429
2021-05-20 09:28:36,1420.05,346756
2021-05-20 09:28:37,1420.7,346776
2021-05-20 09:28:38,1420.75,347224
2021-05-20 09:28:39,1419.55,347928
2021-05-20 09:28:40,1419.6,347941
2021-05-20 09:28:42,1419.6,347941
2021-05-20 09:28:43,1419.2,348622
2021-05-20 09:28:43,1419.9,348623
2021-05-20 09:28:45,1419.75,348667
2021-05-20 09:28:47,1419.05,349004
2021-05-20 09:28:48,1419.95,349258
2021-05-20 09:28:50,1419.75,349501
2021-05-20 09:28:51,1419.3,349528
2021-05-20 09:28:52,1419.3,349528
2021-05-20 09:28:53,1420.0,349679
2021-05-20 09:28:54,1419.95,349685
2021-05-20 09:28:55,1419.3,349735
2021-05-20 09:28:55,1419.3,349740
2021-05-20 09:28:56,1419.7,349796
2021-05-20 09:28:57,1419.7,349796
2021-05-20 09:28:58,1419.7,349797
2021-05-20 09:29:00,1419.6,349813
2021-05-20 09:29:01,1419.2,349947
2021-05-20 09:29:02,1418.9,349952
2021-05-20 09:29:03,1418.95,349967
2021-05-20 09:29:04,1418.95,349968
2021-05-20 09:29:05,1418.95,349968
2021-05-20 09:29:06,1419.0,350027
2021-05-20 09:29:06,1418.4,350032
2021-05-20 09:29:07,1418.95,350037
2021-05-20 09:29:08,1418.95,350037
2021-05-20 09:29:09,1418.95,350037
2021-05-20 09:29:10,1418.9,350137
2021-05-20 09:29:11,1418.25,350160
2021-05-20 09:29:12,1418.25,350160
2021-05-20 09:29:13,1418.25,350160
2021-05-20 09:29:14,1417.95,350419
2021-05-20 09:29:15,1418.0,350428
2021-05-20 09:29:16,1418.0,350428
2021-05-20 09:29:18,1417.65,350476
2021-05-20 09:29:20,1417.5,350595
2021-05-20 09:29:21,1417.9,350887
2021-05-20 09:29:21,1417.9,350887
2021-05-20 09:29:22,1416.8,355696
2021-05-20 09:29:23,1417.25,356589
2021-05-20 09:29:24,1417.25,356589
2021-05-20 09:29:26,1416.9,357080
2021-05-20 09:29:27,1416.3,357201
2021-05-20 09:29:28,1416.3,357201
2021-05-20 09:29:30,1416.85,357274
2021-05-20 09:29:31,1416.3,357304
2021-05-20 09:29:31,1416.3,357304
2021-05-20 09:29:32,1416.65,357520
2021-05-20 09:29:33,1416.65,357685
2021-05-20 09:29:34,1416.65,357685
2021-05-20 09:29:35,1416.65,357866
2021-05-20 09:29:36,1416.9,358164
2021-05-20 09:29:37,1417.0,358242
2021-05-20 09:29:38,1417.1,358677
2021-05-20 09:29:39,1417.2,358720
2021-05-20 09:29:40,1416.3,359082
2021-05-20 09:29:41,1416.9,359104
2021-05-20 09:29:42,1416.15,359128
2021-05-20 09:29:43,1417.1,359216
2021-05-20 09:29:44,1417.1,359216
2021-05-20 09:29:45,1417.05,359424
2021-05-20 09:29:46,1417.0,359524
2021-05-20 09:29:47,1417.05,359580
2021-05-20 09:29:48,1416.8,359585
2021-05-20 09:29:49,1417.0,359637
2021-05-20 09:29:50,1417.0,359758
2021-05-20 09:29:51,1416.2,359778
2021-05-20 09:29:52,1416.85,359912
2021-05-20 09:29:53,1416.85,360184
2021-05-20 09:29:54,1416.25,360189
2021-05-20 09:29:55,1416.85,360358
2021-05-20 09:29:56,1416.85,360380
2021-05-20 09:29:57,1417.0,360590
2021-05-20 09:29:58,1416.0,360890
2021-05-20 09:29:59,1416.0,361164
2021-05-20 09:30:00,1416.0,361164
2021-05-20 09:30:01,1416.85,362370
2021-05-20 09:30:02,1416.3,362700
2021-05-20 09:30:03,1416.0,363204
2021-05-20 09:30:04,1416.85,363327
2021-05-20 09:30:05,1416.1,363409
2021-05-20 09:30:06,1416.25,363759
2021-05-20 09:30:07,1415.5,364588
2021-05-20 09:30:08,1415.5,364644
2021-05-20 09:30:09,1415.5,365003
2021-05-20 09:30:10,1415.5,366054
2021-05-20 09:30:11,1415.5,366299
2021-05-20 09:30:12,1415.25,366403
2021-05-20 09:30:13,1415.25,366716
2021-05-20 09:30:15,1415.25,366876
2021-05-20 09:30:16,1413.9,370528
2021-05-20 09:30:17,1413.3,370951
2021-05-20 09:30:18,1412.55,373126
2021-05-20 09:30:19,1414.35,373699
2021-05-20 09:30:20,1412.95,373858
2021-05-20 09:30:21,1413.0,373885
2021-05-20 09:30:22,1412.6,374155
2021-05-20 09:30:23,1412.6,374155
2021-05-20 09:30:24,1412.6,374166
2021-05-20 09:30:25,1413.15,374302
2021-05-20 09:30:26,1413.15,374315
2021-05-20 09:30:27,1412.65,374434
2021-05-20 09:30:27,1412.65,374434
2021-05-20 09:30:28,1413.4,374667
2021-05-20 09:30:29,1413.75,375067
2021-05-20 09:30:30,1413.0,375113
2021-05-20 09:30:31,1413.15,375169
2021-05-20 09:30:32,1414.4,375703
2021-05-20 09:30:35,1413.65,375736
2021-05-20 09:30:36,1414.2,375809
2021-05-20 09:30:37,1414.15,375810
2021-05-20 09:30:38,1414.0,375919
2021-05-20 09:30:39,1414.0,376736
2021-05-20 09:30:40,1414.0,376736
2021-05-20 09:30:41,1414.2,376832
2021-05-20 09:30:43,1413.75,377809
2021-05-20 09:30:44,1414.0,377814
2021-05-20 09:30:45,1413.3,378114
2021-05-20 09:30:45,1413.3,378114
2021-05-20 09:30:46,1413.25,378179
2021-05-20 09:30:47,1414.0,378255
2021-05-20 09:30:48,1413.3,378278
2021-05-20 09:30:49,1413.9,378382
2021-05-20 09:30:50,1413.15,379391
2021-05-20 09:30:51,1413.5,379440
2021-05-20 09:30:52,1413.1,379555
2021-05-20 09:30:54,1413.8,379690
2021-05-20 09:30:55,1413.2,379943
2021-05-20 09:30:56,1413.1,380235
2021-05-20 09:30:57,1413.85,380355
2021-05-20 09:30:58,1413.5,381146
2021-05-20 09:30:59,1414.4,381204
2021-05-20 09:31:00,1414.4,381349
2021-05-20 09:31:01,1415.9,383091
2021-05-20 09:31:02,1416.4,383455
2021-05-20 09:31:03,1415.3,383747
2021-05-20 09:31:04,1415.9,383788
2021-05-20 09:31:05,1415.95,383840
2021-05-20 09:31:06,1416.0,384033
2021-05-20 09:31:07,1416.15,384154
2021-05-20 09:31:08,1415.3,384450
2021-05-20 09:31:09,1415.15,384821
2021-05-20 09:31:10,1415.6,385158
2021-05-20 09:31:11,1415.35,386272
2021-05-20 09:31:12,1415.4,386303
2021-05-20 09:31:12,1415.5,386393
2021-05-20 09:31:13,1415.0,387184
2021-05-20 09:31:14,1415.4,387533
2021-05-20 09:31:15,1415.4,387554
2021-05-20 09:31:18,1413.95,388883
2021-05-20 09:31:19,1413.05,389394
2021-05-20 09:31:20,1414.5,389807
2021-05-20 09:31:22,1415.5,390088
2021-05-20 09:31:23,1415.5,390088
2021-05-20 09:31:24,1416.05,390251
2021-05-20 09:31:25,1415.95,390332
2021-05-20 09:31:25,1416.2,390669
2021-05-20 09:31:26,1416.15,390751
2021-05-20 09:31:28,1416.2,391063
2021-05-20 09:31:29,1416.0,391067
2021-05-20 09:31:30,1416.75,391189
2021-05-20 09:31:31,1416.95,391402
2021-05-20 09:31:33,1416.85,391461
2021-05-20 09:31:34,1416.15,391836
2021-05-20 09:31:35,1416.5,392659
2021-05-20 09:31:36,1416.05,392834
2021-05-20 09:31:38,1416.6,392854
2021-05-20 09:31:40,1416.35,394475
2021-05-20 09:31:43,1416.6,395005
2021-05-20 09:31:44,1415.95,395016
2021-05-20 09:31:45,1416.55,395045
2021-05-20 09:31:46,1416.05,395489
2021-05-20 09:31:47,1416.4,395495
2021-05-20 09:31:48,1416.45,395852
2021-05-20 09:31:49,1416.55,396137
2021-05-20 09:31:50,1416.8,396545
2021-05-20 09:31:52,1416.8,396548
2021-05-20 09:31:53,1416.6,396591
2021-05-20 09:31:54,1416.15,396618
2021-05-20 09:31:55,1416.15,396618
2021-05-20 09:31:56,1415.9,396946
2021-05-20 09:31:57,1416.7,397173
2021-05-20 09:31:58,1416.7,397173
2021-05-20 09:32:00,1416.5,397410
2021-05-20 09:32:01,1416.6,397485
2021-05-20 09:32:02,1416.6,397486
2021-05-20 09:32:04,1416.6,397486
2021-05-20 09:32:05,1416.8,397586
2021-05-20 09:32:06,1416.75,397676
2021-05-20 09:32:06,1416.75,397677
2021-05-20 09:32:07,1416.5,397692
2021-05-20 09:32:09,1416.65,397702
2021-05-20 09:32:10,1416.75,397853
2021-05-20 09:32:11,1416.5,397903
2021-05-20 09:32:12,1416.1,398108
2021-05-20 09:32:12,1416.1,398108
2021-05-20 09:32:13,1416.5,398123
2021-05-20 09:32:14,1416.5,398123
2021-05-20 09:32:15,1416.55,398323
2021-05-20 09:32:16,1416.55,398323
2021-05-20 09:32:17,1416.0,398341
2021-05-20 09:32:19,1416.6,398945
2021-05-20 09:32:20,1416.35,399205
2021-05-20 09:32:21,1416.0,399210
2021-05-20 09:32:21,1416.0,399210
2021-05-20 09:32:22,1416.0,399210
2021-05-20 09:32:23,1416.0,399210
2021-05-20 09:32:25,1416.0,399210
2021-05-20 09:32:26,1416.35,399215
2021-05-20 09:32:27,1416.35,399215
2021-05-20 09:32:28,1415.7,399303
2021-05-20 09:32:29,1415.7,399303
2021-05-20 09:32:30,1416.4,399391
2021-05-20 09:32:30,1416.4,399391
2021-05-20 09:32:32,1416.4,399504
2021-05-20 09:32:34,1415.8,399581
2021-05-20 09:32:35,1415.9,399681
2021-05-20 09:32:36,1415.15,399686
2021-05-20 09:32:37,1415.9,399746
2021-05-20 09:32:38,1416.0,399897
2021-05-20 09:32:39,1415.15,399957
2021-05-20 09:32:40,1415.15,399957
2021-05-20 09:32:41,1415.2,400115
2021-05-20 09:32:41,1415.85,400116
2021-05-20 09:32:43,1415.2,400438
2021-05-20 09:32:44,1415.8,400606
2021-05-20 09:32:45,1414.35,401026
2021-05-20 09:32:46,1414.75,401051
2021-05-20 09:32:47,1414.75,401051
2021-05-20 09:32:48,1414.75,401051
2021-05-20 09:32:49,1414.75,401051
2021-05-20 09:32:50,1414.7,401161
2021-05-20 09:32:51,1415.55,401166
2021-05-20 09:32:52,1414.6,401231
2021-05-20 09:32:53,1414.6,401231
2021-05-20 09:32:54,1414.6,401231
2021-05-20 09:32:54,1414.6,401231
2021-05-20 09:32:57,1415.0,401325
2021-05-20 09:32:58,1415.25,401426
2021-05-20 09:32:59,1414.65,401449
2021-05-20 09:33:00,1414.6,401506
2021-05-20 09:32:59,1414.6,401506
2021-05-20 09:33:02,1414.45,401658
2021-05-20 09:33:03,1414.45,401658
2021-05-20 09:33:04,1414.5,401668
2021-05-20 09:33:05,1414.5,401668
2021-05-20 09:33:06,1415.6,401855
2021-05-20 09:33:07,1414.75,401961
2021-05-20 09:33:08,1414.75,401961
2021-05-20 09:33:08,1414.75,401979
2021-05-20 09:33:09,1414.55,402654
2021-05-20 09:33:11,1414.25,402887
2021-05-20 09:33:12,1414.55,402987
2021-05-20 09:33:13,1413.9,403059
2021-05-20 09:33:14,1414.5,403274
2021-05-20 09:33:14,1413.95,403329
2021-05-20 09:33:15,1415.05,403597
2021-05-20 09:33:16,1415.5,403773
2021-05-20 09:33:17,1415.5,403773
2021-05-20 09:33:18,1414.7,403818
2021-05-20 09:33:20,1414.65,404088
2021-05-20 09:33:21,1414.55,404194
2021-05-20 09:33:24,1414.7,404437
2021-05-20 09:33:25,1415.35,404458
2021-05-20 09:33:26,1415.7,404542
2021-05-20 09:33:27,1415.45,404583
2021-05-20 09:33:28,1416.0,404604
2021-05-20 09:33:29,1415.0,406581
2021-05-20 09:33:29,1415.0,406560
2021-05-20 09:33:31,1415.0,407169
2021-05-20 09:33:32,1415.0,407196
2021-05-20 09:33:34,1415.0,407726
2021-05-20 09:33:35,1415.0,407851
2021-05-20 09:33:36,1415.0,407851
2021-05-20 09:33:37,1415.0,407851
2021-05-20 09:33:37,1414.8,407852
2021-05-20 09:33:39,1414.8,407862
2021-05-20 09:33:40,1414.8,407862
2021-05-20 09:33:41,1414.7,407869
2021-05-20 09:33:42,1414.7,407914
2021-05-20 09:33:43,1414.8,407935
2021-05-20 09:33:44,1414.55,407979
2021-05-20 09:33:45,1414.95,407984
2021-05-20 09:33:46,1414.4,409223
2021-05-20 09:33:47,1414.85,410897
2021-05-20 09:33:47,1414.85,410897
2021-05-20 09:33:48,1414.55,411102
2021-05-20 09:33:49,1414.6,411147
2021-05-20 09:33:50,1414.6,411168
2021-05-20 09:33:52,1414.6,411180
2021-05-20 09:33:53,1415.0,411954
2021-05-20 09:33:54,1415.0,412426
2021-05-20 09:33:55,1415.0,412613
2021-05-20 09:33:55,1415.0,412613
2021-05-20 09:33:56,1415.0,412625
2021-05-20 09:33:58,1414.15,412845
2021-05-20 09:33:59,1414.95,412847
2021-05-20 09:34:00,1414.55,412906
2021-05-20 09:34:01,1415.0,413029
2021-05-20 09:34:02,1415.0,414484
2021-05-20 09:34:02,1415.0,413029
2021-05-20 09:34:04,1415.0,414915
2021-05-20 09:34:05,1415.0,414928
2021-05-20 09:34:06,1415.7,414980
2021-05-20 09:34:07,1415.3,415004
2021-05-20 09:34:08,1415.9,415105
2021-05-20 09:34:09,1415.9,415105
2021-05-20 09:34:09,1415.9,415105
2021-05-20 09:34:11,1415.9,415167
2021-05-20 09:34:12,1415.9,415186
2021-05-20 09:34:13,1415.3,415321
2021-05-20 09:34:14,1415.3,415321
2021-05-20 09:34:15,1415.95,416040
2021-05-20 09:34:16,1415.9,416302
2021-05-20 09:34:17,1415.05,416417
2021-05-20 09:34:18,1414.95,416757
2021-05-20 09:34:19,1415.65,416775
2021-05-20 09:34:20,1415.05,416811
2021-05-20 09:34:22,1415.75,416951
2021-05-20 09:34:23,1415.05,416979
2021-05-20 09:34:24,1415.75,417079
2021-05-20 09:34:27,1415.3,417088
2021-05-20 09:34:28,1415.3,417088
2021-05-20 09:34:30,1415.6,417503
2021-05-20 09:34:31,1415.7,417671
2021-05-20 09:34:32,1415.7,417671
2021-05-20 09:34:33,1415.0,417938
2021-05-20 09:34:34,1414.05,418188
2021-05-20 09:34:35,1414.35,418199
2021-05-20 09:34:36,1414.35,418199
2021-05-20 09:34:37,1414.95,418401
2021-05-20 09:34:38,1414.95,418401
2021-05-20 09:34:38,1414.95,418401
2021-05-20 09:34:40,1414.85,418416
2021-05-20 09:34:41,1414.85,418416
2021-05-20 09:34:42,1414.15,418418
2021-05-20 09:34:43,1414.15,418424
2021-05-20 09:34:44,1414.2,418479
2021-05-20 09:34:45,1414.85,418516
2021-05-20 09:34:46,1414.85,418516
2021-05-20 09:34:47,1414.9,418617
2021-05-20 09:34:48,1415.05,419084
2021-05-20 09:34:49,1415.05,419085
2021-05-20 09:34:50,1414.6,419320
2021-05-20 09:34:51,1414.6,419486
2021-05-20 09:34:52,1414.6,419491
2021-05-20 09:34:53,1414.9,419979
2021-05-20 09:34:54,1414.15,419982
2021-05-20 09:34:56,1414.7,419983
2021-05-20 09:34:57,1414.15,420018
2021-05-20 09:34:58,1414.6,420049
2021-05-20 09:34:59,1414.55,420054
2021-05-20 09:35:00,1414.15,420133
2021-05-20 09:35:01,1414.15,420138
2021-05-20 09:35:02,1414.6,420353
2021-05-20 09:35:04,1414.0,420631
2021-05-20 09:35:05,1414.15,421322
2021-05-20 09:35:06,1413.35,421323
2021-05-20 09:35:07,1414.0,421786
2021-05-20 09:35:08,1414.0,421841
2021-05-20 09:35:09,1414.0,421841
2021-05-20 09:35:10,1414.0,421841
2021-05-20 09:35:11,1414.0,421841
2021-05-20 09:35:12,1414.5,421941
2021-05-20 09:35:13,1414.0,421967
2021-05-20 09:35:14,1414.0,422027
2021-05-20 09:35:15,1414.5,422390
2021-05-20 09:35:16,1414.5,422390
2021-05-20 09:35:17,1414.05,422412
2021-05-20 09:35:18,1414.0,422483
2021-05-20 09:35:19,1414.0,422543
2021-05-20 09:35:20,1414.5,422610
2021-05-20 09:35:21,1414.5,422610
2021-05-20 09:35:23,1414.5,422611
2021-05-20 09:35:22,1414.5,422611
2021-05-20 09:35:24,1414.5,423113
2021-05-20 09:35:26,1414.45,423331
2021-05-20 09:35:27,1414.45,423331
2021-05-20 09:35:29,1414.4,423631
2021-05-20 09:35:30,1414.45,423967
2021-05-20 09:35:31,1414.45,424009
2021-05-20 09:35:32,1414.0,424115
2021-05-20 09:35:33,1414.0,424115
2021-05-20 09:35:34,1414.45,424225
2021-05-20 09:35:35,1414.45,424225
2021-05-20 09:35:36,1414.45,424225
2021-05-20 09:35:37,1414.4,424230
2021-05-20 09:35:38,1414.4,424230
2021-05-20 09:35:39,1414.4,424930
2021-05-20 09:35:40,1414.4,425230
2021-05-20 09:35:42,1414.5,425416
2021-05-20 09:35:43,1414.5,425458
2021-05-20 09:35:44,1414.1,425566
2021-05-20 09:35:45,1414.4,425675
2021-05-20 09:35:47,1414.4,425919
2021-05-20 09:35:46,1414.4,425679
2021-05-20 09:35:48,1414.4,425940
2021-05-20 09:35:49,1414.35,426328
2021-05-20 09:35:54,1416.0,428126
2021-05-20 09:35:55,1416.0,428126
2021-05-20 09:35:57,1415.8,428228
2021-05-20 09:35:58,1415.8,428228
2021-05-20 09:35:59,1415.3,429248
2021-05-20 09:36:01,1415.3,429579
2021-05-20 09:36:03,1415.55,429995
2021-05-20 09:36:04,1415.6,430023
2021-05-20 09:36:05,1415.6,430118
2021-05-20 09:36:06,1415.2,430341
2021-05-20 09:36:07,1415.7,430366
2021-05-20 09:36:08,1415.7,430407
2021-05-20 09:36:09,1414.9,430627
2021-05-20 09:36:10,1415.7,430761
2021-05-20 09:36:11,1415.7,430761
2021-05-20 09:36:12,1415.05,430860
2021-05-20 09:36:13,1415.05,430860
2021-05-20 09:36:14,1415.05,430872
2021-05-20 09:36:15,1415.05,430872
2021-05-20 09:36:16,1415.6,430877
2021-05-20 09:36:17,1415.95,432860
2021-05-20 09:36:18,1416.0,433745
2021-05-20 09:36:19,1415.75,434222
2021-05-20 09:36:20,1416.8,434304
2021-05-20 09:36:21,1415.9,434324
2021-05-20 09:36:22,1415.9,434326
2021-05-20 09:36:23,1415.9,434327
2021-05-20 09:36:25,1416.0,434413
2021-05-20 09:36:26,1416.0,434413
2021-05-20 09:36:27,1416.0,434413
2021-05-20 09:36:28,1416.75,434417
2021-05-20 09:36:29,1416.75,434417
2021-05-20 09:36:30,1416.0,434592
2021-05-20 09:36:31,1416.0,434592
2021-05-20 09:36:32,1416.85,435053
2021-05-20 09:36:33,1416.05,435068
2021-05-20 09:36:34,1416.85,435157
2021-05-20 09:36:35,1416.35,435834
2021-05-20 09:36:36,1416.35,435834
2021-05-20 09:36:37,1417.0,435845
2021-05-20 09:36:38,1417.0,435886
2021-05-20 09:36:39,1417.0,435886
2021-05-20 09:36:40,1417.0,435886
2021-05-20 09:36:41,1416.45,435911
2021-05-20 09:36:42,1416.45,435911
2021-05-20 09:36:43,1417.0,436254
2021-05-20 09:36:44,1416.7,436465
2021-05-20 09:36:45,1417.75,436689
2021-05-20 09:36:46,1417.65,437642
2021-05-20 09:36:47,1416.95,437649
2021-05-20 09:36:48,1416.95,437669
2021-05-20 09:36:49,1417.8,437853
2021-05-20 09:36:50,1417.0,437863
2021-05-20 09:36:51,1417.0,437863
2021-05-20 09:36:52,1417.15,439409
2021-05-20 09:36:53,1417.2,439842
2021-05-20 09:36:54,1417.6,440085
2021-05-20 09:36:55,1417.05,440611
2021-05-20 09:36:56,1416.7,440701
2021-05-20 09:36:57,1417.3,440721
2021-05-20 09:36:58,1416.5,440732
2021-05-20 09:36:59,1417.25,440760
2021-05-20 09:37:01,1416.5,440766
2021-05-20 09:37:03,1416.85,440785
2021-05-20 09:37:04,1416.85,440791
2021-05-20 09:37:04,1416.85,440791
2021-05-20 09:37:05,1416.85,440791
2021-05-20 09:37:06,1417.3,440866
2021-05-20 09:37:07,1416.85,441370
2021-05-20 09:37:08,1417.15,441631
2021-05-20 09:37:09,1417.15,441631
2021-05-20 09:37:10,1417.65,442186
2021-05-20 09:37:12,1417.65,442186
2021-05-20 09:37:12,1417.65,442186
2021-05-20 09:37:13,1417.0,442191
2021-05-20 09:37:14,1417.0,442191
2021-05-20 09:37:15,1417.8,442226
2021-05-20 09:37:16,1417.85,442227
2021-05-20 09:37:17,1417.15,442229
2021-05-20 09:37:18,1417.15,442229
2021-05-20 09:37:19,1417.85,442279
2021-05-20 09:37:20,1417.15,442443
2021-05-20 09:37:21,1417.0,442493
2021-05-20 09:37:22,1417.85,442595
2021-05-20 09:37:23,1417.0,443044
2021-05-20 09:37:26,1417.4,443120
2021-05-20 09:37:26,1417.4,443120
2021-05-20 09:37:27,1417.4,443120
2021-05-20 09:37:28,1417.4,443220
2021-05-20 09:37:29,1417.4,443270
2021-05-20 09:37:30,1417.4,443270
2021-05-20 09:37:31,1417.3,443470
2021-05-20 09:37:32,1417.3,443470
2021-05-20 09:37:33,1417.3,443470
2021-05-20 09:37:35,1417.3,443470
2021-05-20 09:37:36,1417.3,443491
2021-05-20 09:37:37,1417.3,443531
2021-05-20 09:37:38,1417.3,443651
2021-05-20 09:37:39,1417.3,443653
2021-05-20 09:37:40,1417.0,443688
2021-05-20 09:37:42,1417.35,443889
2021-05-20 09:37:43,1416.95,444240
2021-05-20 09:37:43,1416.95,444240
2021-05-20 09:37:45,1417.2,444646
2021-05-20 09:37:46,1417.2,444646
2021-05-20 09:37:46,1416.85,444648
2021-05-20 09:37:47,1417.15,444702
2021-05-20 09:37:49,1417.25,444827
2021-05-20 09:37:52,1416.5,445124
2021-05-20 09:37:53,1417.0,445138
2021-05-20 09:37:54,1417.0,445144
2021-05-20 09:37:55,1416.7,445147
2021-05-20 09:37:56,1416.7,445156
2021-05-20 09:37:57,1416.95,445169
2021-05-20 09:37:58,1416.75,445185
2021-05-20 09:37:59,1416.75,445185
2021-05-20 09:38:00,1416.4,445701
2021-05-20 09:38:01,1417.0,445711
2021-05-20 09:38:02,1417.0,445711
2021-05-20 09:38:03,1417.0,445712
2021-05-20 09:38:04,1416.45,445733
2021-05-20 09:38:05,1416.45,445733
2021-05-20 09:38:07,1416.95,445743
2021-05-20 09:38:07,1416.95,445743
2021-05-20 09:38:08,1416.95,445794
2021-05-20 09:38:09,1416.95,445794
2021-05-20 09:38:10,1416.95,445794
2021-05-20 09:38:11,1416.95,445871
2021-05-20 09:38:12,1417.0,445912
2021-05-20 09:38:13,1417.0,445912
2021-05-20 09:38:14,1417.0,445922
2021-05-20 09:38:15,1417.0,445971
2021-05-20 09:38:16,1417.0,445998
2021-05-20 09:38:18,1417.0,446084
2021-05-20 09:38:18,1417.0,446109
2021-05-20 09:38:19,1417.0,446109
2021-05-20 09:38:21,1417.0,446134
2021-05-20 09:38:23,1417.6,452419
2021-05-20 09:38:24,1418.2,452876
2021-05-20 09:38:26,1418.05,453029
2021-05-20 09:38:28,1418.05,453030
2021-05-20 09:38:28,1418.85,453533
2021-05-20 09:38:29,1418.85,453534
2021-05-20 09:38:30,1418.85,453534
2021-05-20 09:38:32,1419.0,454105
2021-05-20 09:38:33,1418.75,454675
2021-05-20 09:38:34,1418.75,454680
2021-05-20 09:38:35,1418.85,454796
2021-05-20 09:38:37,1418.85,454840
2021-05-20 09:38:37,1418.85,454840
2021-05-20 09:38:38,1418.85,454840
2021-05-20 09:38:39,1419.0,455092
2021-05-20 09:38:40,1418.2,455502
2021-05-20 09:38:41,1418.2,455623
2021-05-20 09:38:42,1418.2,455623
2021-05-20 09:38:43,1418.2,455623
2021-05-20 09:38:45,1418.2,455623
2021-05-20 09:38:45,1418.2,455623
2021-05-20 09:38:46,1418.2,455633
2021-05-20 09:38:47,1418.15,455787
2021-05-20 09:38:48,1418.0,456057
2021-05-20 09:38:50,1418.05,456267
2021-05-20 09:38:52,1418.05,457112
2021-05-20 09:38:53,1418.0,457300
2021-05-20 09:38:53,1418.05,457212
2021-05-20 09:38:54,1418.05,457824
2021-05-20 09:38:55,1418.05,457829
2021-05-20 09:38:56,1418.0,458474
2021-05-20 09:38:57,1418.05,458764
2021-05-20 09:39:00,1418.4,458850
2021-05-20 09:39:00,1418.45,458950
2021-05-20 09:39:01,1418.45,458950
2021-05-20 09:39:02,1418.0,459187
2021-05-20 09:39:03,1417.55,461043
2021-05-20 09:39:04,1418.2,461050
2021-05-20 09:39:06,1417.45,461100
2021-05-20 09:39:07,1418.15,461151
2021-05-20 09:39:08,1418.0,461152
2021-05-20 09:39:08,1418.0,461152
2021-05-20 09:39:09,1418.0,462084
2021-05-20 09:39:10,1418.0,462660
2021-05-20 09:39:11,1417.15,462830
2021-05-20 09:39:12,1418.05,463121
2021-05-20 09:39:13,1417.85,463523
2021-05-20 09:39:14,1417.95,464265
2021-05-20 09:39:15,1418.0,464267
2021-05-20 09:39:16,1417.55,465323
2021-05-20 09:39:17,1417.55,465323
2021-05-20 09:39:18,1417.55,465477
2021-05-20 09:39:19,1417.55,465571
2021-05-20 09:39:20,1417.55,465571
2021-05-20 09:39:21,1418.05,465587
2021-05-20 09:39:23,1418.1,465600
2021-05-20 09:39:24,1417.85,465605
2021-05-20 09:39:25,1417.85,465606
2021-05-20 09:39:26,1417.85,465606
2021-05-20 09:39:26,1417.85,465606
2021-05-20 09:39:29,1418.05,465622
2021-05-20 09:39:30,1418.05,465622
2021-05-20 09:39:32,1418.05,465623
2021-05-20 09:39:34,1418.05,465926
2021-05-20 09:39:35,1418.05,465936
2021-05-20 09:39:36,1417.6,466042
2021-05-20 09:39:37,1418.0,466070
2021-05-20 09:39:38,1418.0,466120
2021-05-20 09:39:39,1417.95,466195
2021-05-20 09:39:40,1417.95,466195
2021-05-20 09:39:41,1417.95,466247
2021-05-20 09:39:43,1417.95,466247
2021-05-20 09:39:44,1417.85,466277
2021-05-20 09:39:45,1417.1,466408
2021-05-20 09:39:45,1417.85,466409
2021-05-20 09:39:46,1417.15,466475
2021-05-20 09:39:48,1417.85,466570
2021-05-20 09:39:49,1417.25,466580
2021-05-20 09:39:50,1417.25,466594
2021-05-20 09:39:50,1417.25,466594
2021-05-20 09:39:52,1417.25,466629
2021-05-20 09:39:53,1417.25,466652
2021-05-20 09:39:54,1417.0,467793
2021-05-20 09:39:55,1416.0,469070
2021-05-20 09:39:57,1416.25,469332
2021-05-20 09:39:58,1415.35,469832
2021-05-20 09:39:59,1415.45,470042
2021-05-20 09:40:00,1415.45,470118
2021-05-20 09:40:01,1415.45,470741
2021-05-20 09:40:01,1415.45,470741
2021-05-20 09:40:02,1415.45,470796
2021-05-20 09:40:03,1415.35,470840
2021-05-20 09:40:04,1415.45,470850
2021-05-20 09:40:05,1415.35,470885
2021-05-20 09:40:07,1415.35,470885
2021-05-20 09:40:08,1415.0,471120
2021-05-20 09:40:08,1415.35,470950
2021-05-20 09:40:09,1415.4,471160
2021-05-20 09:40:10,1415.4,471240
2021-05-20 09:40:12,1415.4,471441
2021-05-20 09:40:13,1415.05,471500
2021-05-20 09:40:13,1415.0,471976
2021-05-20 09:40:14,1415.0,471996
2021-05-20 09:40:15,1415.0,472016
2021-05-20 09:40:16,1415.4,472196
2021-05-20 09:40:18,1415.45,472209
2021-05-20 09:40:19,1415.0,472293
2021-05-20 09:40:19,1415.0,472293
2021-05-20 09:40:20,1415.45,472303
2021-05-20 09:40:21,1415.45,472303
2021-05-20 09:40:22,1415.45,472303
2021-05-20 09:40:23,1415.4,472315
2021-05-20 09:40:24,1415.0,472317
2021-05-20 09:40:25,1415.4,472517
2021-05-20 09:40:26,1415.0,472527
2021-05-20 09:40:28,1415.0,472527
2021-05-20 09:40:29,1415.0,472527
2021-05-20 09:40:30,1415.0,472553
2021-05-20 09:40:30,1415.0,472553
2021-05-20 09:40:31,1414.35,473174
2021-05-20 09:40:34,1414.25,473179
2021-05-20 09:40:36,1414.25,473492
2021-05-20 09:40:37,1415.05,473683
2021-05-20 09:40:38,1414.25,473716
2021-05-20 09:40:38,1414.25,473716
2021-05-20 09:40:39,1414.95,473866
2021-05-20 09:40:40,1414.95,473866
2021-05-20 09:40:41,1414.95,473866
2021-05-20 09:40:42,1414.0,476509
2021-05-20 09:40:44,1414.15,477068
2021-05-20 09:40:45,1414.15,477104
2021-05-20 09:40:45,1414.15,477104
2021-05-20 09:40:46,1414.85,477196
2021-05-20 09:40:47,1414.15,477257
2021-05-20 09:40:48,1414.15,477257
2021-05-20 09:40:49,1414.85,477258
2021-05-20 09:40:50,1414.85,477258
2021-05-20 09:40:51,1414.2,477336
2021-05-20 09:40:53,1414.2,477336
2021-05-20 09:40:53,1414.85,477341
2021-05-20 09:40:54,1414.85,477436
2021-05-20 09:40:55,1414.25,477449
2021-05-20 09:40:56,1414.85,477545
2021-05-20 09:40:57,1415.0,477616
2021-05-20 09:40:59,1415.0,477631
2021-05-20 09:41:00,1414.5,477640
2021-05-20 09:41:01,1414.5,477642
2021-05-20 09:41:01,1414.35,477698
2021-05-20 09:41:03,1414.95,477816
2021-05-20 09:41:04,1415.0,477826
2021-05-20 09:41:07,1414.4,477873
2021-05-20 09:41:08,1414.4,477881
2021-05-20 09:41:10,1414.9,477911
2021-05-20 09:41:12,1414.5,477941
2021-05-20 09:41:12,1414.5,477941
2021-05-20 09:41:13,1414.5,477943
2021-05-20 09:41:14,1414.9,477958
2021-05-20 09:41:16,1414.9,477958
2021-05-20 09:41:17,1414.9,478008
2021-05-20 09:41:18,1414.85,478043
2021-05-20 09:41:19,1414.85,478043
2021-05-20 09:41:20,1414.85,478063
2021-05-20 09:41:21,1414.85,478064
2021-05-20 09:41:22,1414.85,478064
2021-05-20 09:41:22,1414.85,478122
2021-05-20 09:41:23,1414.85,478147
2021-05-20 09:41:24,1414.85,478147
2021-05-20 09:41:25,1414.85,478147
2021-05-20 09:41:27,1414.55,478158
2021-05-20 09:41:28,1414.55,478198
2021-05-20 09:41:29,1414.85,478228
2021-05-20 09:41:29,1414.85,478228
2021-05-20 09:41:30,1414.45,478335
2021-05-20 09:41:32,1414.9,478378
2021-05-20 09:41:35,1414.25,478458
2021-05-20 09:41:36,1414.25,478458
2021-05-20 09:41:36,1414.8,478459
2021-05-20 09:41:37,1414.2,478559
2021-05-20 09:41:38,1414.8,478764
2021-05-20 09:41:40,1414.2,478774
2021-05-20 09:41:41,1414.45,478799
2021-05-20 09:41:42,1414.45,478800
2021-05-20 09:41:43,1414.2,478818
2021-05-20 09:41:44,1414.2,478918
2021-05-20 09:41:44,1414.2,478918
2021-05-20 09:41:45,1414.55,478936
2021-05-20 09:41:46,1414.3,478937
2021-05-20 09:41:48,1414.45,479132
2021-05-20 09:41:49,1414.8,479149
2021-05-20 09:41:50,1414.85,479189
2021-05-20 09:41:51,1414.85,479189
2021-05-20 09:41:51,1414.85,479189
2021-05-20 09:41:52,1414.85,479195
2021-05-20 09:41:53,1414.8,479220
2021-05-20 09:41:54,1414.8,479220
2021-05-20 09:41:55,1415.05,479951
2021-05-20 09:41:56,1415.05,479951
2021-05-20 09:41:58,1415.05,479993
2021-05-20 09:41:59,1415.05,479993
2021-05-20 09:42:00,1414.9,480073
2021-05-20 09:42:01,1414.7,480092
2021-05-20 09:42:02,1414.65,480181
2021-05-20 09:42:03,1414.65,480181
2021-05-20 09:42:04,1414.65,480181
2021-05-20 09:42:06,1414.65,480181
2021-05-20 09:42:07,1414.65,480181
2021-05-20 09:42:08,1415.0,480254
2021-05-20 09:42:09,1415.0,480254
2021-05-20 09:42:10,1414.85,480258
2021-05-20 09:42:11,1414.9,480285
2021-05-20 09:42:12,1414.9,480286
2021-05-20 09:42:12,1414.85,480288
2021-05-20 09:42:13,1415.05,480466
2021-05-20 09:42:16,1414.85,480624
2021-05-20 09:42:17,1414.95,480677
2021-05-20 09:42:17,1415.0,480680
2021-05-20 09:42:18,1414.85,480700
2021-05-20 09:42:19,1414.8,480735
2021-05-20 09:42:20,1414.8,480735
2021-05-20 09:42:22,1415.0,480832
2021-05-20 09:42:23,1415.1,480833
2021-05-20 09:42:24,1414.8,480853
2021-05-20 09:42:25,1415.05,480860
2021-05-20 09:42:26,1415.05,480892
2021-05-20 09:42:26,1415.05,480892
2021-05-20 09:42:28,1415.1,480893
2021-05-20 09:42:29,1415.15,480917
2021-05-20 09:42:30,1415.15,480917
2021-05-20 09:42:31,1415.2,480918
2021-05-20 09:42:32,1415.2,480925
2021-05-20 09:42:34,1415.25,480926
2021-05-20 09:42:35,1415.3,480928
2021-05-20 09:42:36,1415.3,480944
2021-05-20 09:42:37,1415.3,481118
2021-05-20 09:42:38,1415.35,481461
2021-05-20 09:42:38,1415.35,481461
2021-05-20 09:42:39,1415.35,481461
2021-05-20 09:42:41,1415.5,482252
2021-05-20 09:42:42,1415.5,482252
2021-05-20 09:42:43,1415.5,482252
2021-05-20 09:42:44,1415.9,482272
2021-05-20 09:42:45,1415.9,482273
2021-05-20 09:42:46,1415.95,483024
2021-05-20 09:42:46,1415.9,483753
2021-05-20 09:42:47,1416.05,483755
2021-05-20 09:42:48,1416.05,483755
2021-05-20 09:42:49,1416.5,483987
2021-05-20 09:42:50,1416.65,484619
2021-05-20 09:42:51,1416.7,484623
2021-05-20 09:42:54,1416.8,484771
2021-05-20 09:42:55,1416.8,484771
2021-05-20 09:42:56,1416.8,484816
2021-05-20 09:42:57,1416.8,484817
2021-05-20 09:42:58,1416.8,484828
2021-05-20 09:42:59,1416.8,484828
2021-05-20 09:43:00,1416.9,484832
2021-05-20 09:43:00,1416.85,484837
2021-05-20 09:43:01,1417.25,485045
2021-05-20 09:43:03,1417.25,485045
2021-05-20 09:43:04,1417.05,485078
2021-05-20 09:43:05,1417.25,485195
2021-05-20 09:43:06,1417.3,485467
2021-05-20 09:43:06,1417.3,485467
2021-05-20 09:43:07,1416.85,485723
2021-05-20 09:43:10,1417.45,486229
2021-05-20 09:43:11,1417.75,486344
2021-05-20 09:43:12,1417.7,486753
2021-05-20 09:43:13,1416.9,486863
2021-05-20 09:43:13,1416.9,486863
2021-05-20 09:43:14,1416.9,486869
2021-05-20 09:43:16,1417.65,486874
2021-05-20 09:43:17,1416.95,486905
2021-05-20 09:43:18,1417.7,487075
2021-05-20 09:43:19,1417.65,487159
2021-05-20 09:43:19,1417.6,487158
2021-05-20 09:43:20,1417.65,487262
2021-05-20 09:43:21,1417.65,487262
2021-05-20 09:43:23,1417.65,487262
2021-05-20 09:43:24,1417.7,487360
2021-05-20 09:43:25,1417.7,487370
2021-05-20 09:43:27,1417.05,488197
2021-05-20 09:43:27,1417.05,488197
2021-05-20 09:43:29,1417.65,488205
2021-05-20 09:43:31,1418.55,490566
2021-05-20 09:43:32,1418.0,490605
2021-05-20 09:43:32,1418.0,490605
2021-05-20 09:43:34,1418.6,491097
2021-05-20 09:43:35,1418.5,491105
2021-05-20 09:43:35,1418.5,491105
2021-05-20 09:43:36,1418.75,491385
2021-05-20 09:43:38,1419.4,494986
2021-05-20 09:43:39,1419.05,494996
2021-05-20 09:43:40,1419.6,495101
2021-05-20 09:43:41,1419.85,495238
2021-05-20 09:43:42,1419.85,495278
2021-05-20 09:43:43,1419.7,495770
2021-05-20 09:43:44,1420.0,496166
2021-05-20 09:43:46,1420.0,497010
2021-05-20 09:43:47,1419.95,499435
2021-05-20 09:43:48,1419.95,499494
2021-05-20 09:43:49,1420.15,499594
2021-05-20 09:43:50,1420.05,499604
2021-05-20 09:43:51,1420.1,500092
2021-05-20 09:43:52,1420.15,500169
2021-05-20 09:43:53,1420.2,501060
2021-05-20 09:43:53,1420.3,501486
2021-05-20 09:43:55,1420.25,501501
2021-05-20 09:43:56,1420.2,501532
2021-05-20 09:43:57,1420.2,501683
2021-05-20 09:43:58,1420.25,501824
2021-05-20 09:43:59,1420.2,502076
2021-05-20 09:43:59,1420.25,502056
2021-05-20 09:44:01,1420.25,502158
2021-05-20 09:44:02,1420.2,502159
2021-05-20 09:44:04,1420.15,502861
2021-05-20 09:44:04,1420.15,502914
2021-05-20 09:44:05,1419.95,503152
2021-05-20 09:44:06,1419.95,503439
2021-05-20 09:44:08,1420.0,503514
2021-05-20 09:44:09,1419.95,503666
2021-05-20 09:44:10,1420.15,503826
2021-05-20 09:44:12,1420.2,504504
2021-05-20 09:44:13,1420.75,504640
2021-05-20 09:44:14,1420.75,504740
2021-05-20 09:44:14,1420.75,504872
2021-05-20 09:44:16,1420.5,505188
2021-05-20 09:44:17,1420.1,505568
2021-05-20 09:44:18,1420.25,505618
2021-05-20 09:44:19,1420.05,505930
2021-05-20 09:44:19,1420.05,505930
2021-05-20 09:44:20,1420.6,505970
2021-05-20 09:44:22,1420.7,506370
2021-05-20 09:44:23,1420.65,506451
2021-05-20 09:44:24,1420.95,506742
2021-05-20 09:44:25,1420.85,506793
2021-05-20 09:44:25,1420.85,506793
2021-05-20 09:44:26,1420.95,506843
2021-05-20 09:44:28,1420.95,507146
2021-05-20 09:44:29,1421.0,507221
2021-05-20 09:44:31,1420.9,507588
2021-05-20 09:44:32,1421.3,507606
2021-05-20 09:44:33,1421.3,507606
2021-05-20 09:44:33,1421.3,507606
2021-05-20 09:44:34,1421.3,507639
2021-05-20 09:44:36,1421.0,507801
2021-05-20 09:44:37,1421.15,508247
2021-05-20 09:44:38,1421.0,508328
2021-05-20 09:44:39,1421.25,508645
2021-05-20 09:44:39,1421.25,508645
2021-05-20 09:44:40,1421.15,508744
2021-05-20 09:44:42,1421.15,508858
2021-05-20 09:44:45,1421.2,508879
2021-05-20 09:44:46,1421.2,508883
2021-05-20 09:44:47,1421.4,509039
2021-05-20 09:44:48,1421.0,509118
2021-05-20 09:44:49,1421.3,509222
2021-05-20 09:44:50,1421.0,509227
2021-05-20 09:44:50,1421.0,509227
2021-05-20 09:44:52,1421.0,509227
2021-05-20 09:44:53,1421.0,509237
2021-05-20 09:44:54,1421.0,509242
2021-05-20 09:44:55,1421.0,509243
2021-05-20 09:44:56,1420.65,509854
2021-05-20 09:44:57,1420.9,510104
2021-05-20 09:44:58,1421.15,510415
2021-05-20 09:45:00,1421.25,510432
2021-05-20 09:45:01,1421.0,510490
2021-05-20 09:45:02,1421.0,510522
2021-05-20 09:45:03,1421.0,510522
2021-05-20 09:45:04,1420.9,510538
2021-05-20 09:45:05,1420.8,510650
2021-05-20 09:45:06,1420.8,510650
2021-05-20 09:45:07,1420.9,510762
2021-05-20 09:45:08,1421.0,510987
2021-05-20 09:45:09,1420.95,511007
2021-05-20 09:45:10,1420.2,511905
2021-05-20 09:45:11,1420.85,511927
2021-05-20 09:45:12,1420.45,511937
2021-05-20 09:45:13,1420.45,511938
2021-05-20 09:45:14,1420.85,512001
2021-05-20 09:45:15,1420.85,512001
2021-05-20 09:45:16,1420.85,512005
2021-05-20 09:45:17,1420.4,512340
2021-05-20 09:45:18,1420.4,512471
2021-05-20 09:45:21,1420.65,512820
2021-05-20 09:45:22,1421.0,513075
2021-05-20 09:45:23,1421.0,513178
2021-05-20 09:45:24,1420.75,513216
2021-05-20 09:45:25,1420.75,513252
2021-05-20 09:45:26,1420.75,513263
2021-05-20 09:45:28,1420.0,515797
2021-05-20 09:45:29,1420.1,515810
2021-05-20 09:45:30,1420.35,515823
2021-05-20 09:45:31,1420.0,516398
2021-05-20 09:45:32,1420.6,516423
2021-05-20 09:45:33,1420.6,516423
2021-05-20 09:45:34,1420.0,516755
2021-05-20 09:45:36,1420.0,516755
2021-05-20 09:45:35,1420.0,516755
2021-05-20 09:45:37,1420.0,516755
2021-05-20 09:45:38,1420.55,516762
2021-05-20 09:45:39,1420.45,516796
2021-05-20 09:45:40,1420.45,516796
2021-05-20 09:45:43,1420.6,517156
2021-05-20 09:45:44,1420.6,517156
2021-05-20 09:45:45,1420.4,517178
2021-05-20 09:45:46,1420.15,517180
2021-05-20 09:45:47,1420.35,517188
2021-05-20 09:45:48,1420.35,517245
2021-05-20 09:45:49,1420.35,517647
2021-05-20 09:45:50,1420.0,517668
2021-05-20 09:45:51,1420.0,517668
2021-05-20 09:45:52,1420.1,517677
2021-05-20 09:45:53,1420.1,517720
2021-05-20 09:45:54,1420.35,517742
2021-05-20 09:45:55,1420.3,518115
2021-05-20 09:45:56,1420.3,518120
2021-05-20 09:45:57,1420.35,518220
2021-05-20 09:45:58,1420.35,518268
2021-05-20 09:45:59,1420.35,518268
2021-05-20 09:46:00,1420.35,518311
2021-05-20 09:46:01,1420.5,518455
2021-05-20 09:46:02,1420.35,518566
2021-05-20 09:46:03,1420.85,518623
2021-05-20 09:46:04,1420.85,518623
2021-05-20 09:46:05,1420.35,518793
2021-05-20 09:46:06,1420.35,518793
2021-05-20 09:46:08,1420.6,519420
2021-05-20 09:46:09,1420.6,519420
2021-05-20 09:46:10,1420.65,519430
2021-05-20 09:46:11,1420.65,519605
2021-05-20 09:46:12,1420.0,520155
2021-05-20 09:46:13,1420.0,520155
2021-05-20 09:46:14,1419.95,520263
2021-05-20 09:46:15,1419.3,520370
2021-05-20 09:46:16,1419.9,521288
2021-05-20 09:46:17,1419.9,521288
2021-05-20 09:46:18,1419.9,521288
2021-05-20 09:46:19,1419.9,521288
2021-05-20 09:46:20,1419.9,521288
2021-05-20 09:46:21,1419.9,521288
2021-05-20 09:46:22,1419.15,521591
2021-05-20 09:46:23,1419.0,521679
2021-05-20 09:46:24,1419.0,521689
2021-05-20 09:46:26,1419.0,521792
2021-05-20 09:46:25,1419.0,521791
2021-05-20 09:46:27,1419.0,521792
2021-05-20 09:46:28,1419.0,521858
2021-05-20 09:46:29,1419.0,521868
2021-05-20 09:46:30,1419.7,521968
2021-05-20 09:46:31,1419.7,522276
2021-05-20 09:46:32,1419.35,522791
2021-05-20 09:46:33,1419.05,523094
2021-05-20 09:46:34,1419.35,523105
2021-05-20 09:46:35,1419.35,523105
2021-05-20 09:46:36,1419.6,523397
2021-05-20 09:46:37,1419.05,523541
2021-05-20 09:46:38,1419.0,523543
2021-05-20 09:46:39,1418.95,524118
2021-05-20 09:46:40,1419.25,524138
2021-05-20 09:46:41,1418.85,524211
2021-05-20 09:46:42,1418.85,524211
2021-05-20 09:46:45,1418.95,524333
2021-05-20 09:46:46,1418.95,524333
2021-05-20 09:46:47,1418.95,524333
2021-05-20 09:46:48,1418.5,524335
2021-05-20 09:46:49,1418.65,524341
2021-05-20 09:46:50,1418.75,524357
2021-05-20 09:46:51,1418.75,524380
2021-05-20 09:46:52,1418.5,524390
2021-05-20 09:46:53,1417.7,524472
2021-05-20 09:46:54,1417.7,524486
2021-05-20 09:46:55,1417.95,524497
2021-05-20 09:46:56,1417.7,524504
2021-05-20 09:46:57,1418.05,524510
2021-05-20 09:46:58,1418.05,524512
2021-05-20 09:46:59,1417.0,524667
2021-05-20 09:47:00,1417.6,524688
2021-05-20 09:47:01,1417.6,524694
2021-05-20 09:47:02,1417.0,524736
2021-05-20 09:47:03,1417.6,524742
2021-05-20 09:47:04,1417.6,524752
2021-05-20 09:47:05,1417.25,525101
2021-05-20 09:47:06,1417.25,525129
2021-05-20 09:47:07,1416.2,525754
2021-05-20 09:47:08,1417.25,525789
2021-05-20 09:47:09,1417.0,525940
2021-05-20 09:47:10,1417.0,526147
2021-05-20 09:47:11,1416.7,526258
2021-05-20 09:47:12,1416.15,526283
2021-05-20 09:47:14,1416.8,526298
2021-05-20 09:47:15,1416.8,526298
2021-05-20 09:47:16,1415.85,526538
2021-05-20 09:47:17,1415.85,526538
2021-05-20 09:47:18,1415.9,526542
2021-05-20 09:47:19,1415.9,526542
2021-05-20 09:47:20,1416.7,526842
2021-05-20 09:47:22,1416.5,526847
2021-05-20 09:47:23,1416.6,526857
2021-05-20 09:47:24,1416.6,526858
2021-05-20 09:47:26,1416.45,526892
2021-05-20 09:47:27,1417.0,527048
2021-05-20 09:47:28,1416.55,527848
2021-05-20 09:47:29,1416.55,527848
2021-05-20 09:47:30,1416.75,527857
2021-05-20 09:47:31,1416.75,527857
2021-05-20 09:47:32,1417.35,527866
2021-05-20 09:47:34,1417.45,527969
2021-05-20 09:47:34,1417.45,527969
2021-05-20 09:47:35,1417.5,528019
2021-05-20 09:47:36,1417.5,528019
2021-05-20 09:47:37,1417.5,528020
2021-05-20 09:47:38,1417.5,528036
2021-05-20 09:47:39,1417.45,528038
2021-05-20 09:47:40,1417.5,528945
2021-05-20 09:47:41,1418.0,529133
2021-05-20 09:47:42,1418.0,529133
2021-05-20 09:47:43,1418.0,529133
2021-05-20 09:47:44,1418.0,529253
2021-05-20 09:47:45,1418.45,529283
2021-05-20 09:47:46,1418.45,529291
2021-05-20 09:47:48,1418.45,529291
2021-05-20 09:47:49,1418.45,529291
2021-05-20 09:47:50,1418.5,529391
2021-05-20 09:47:51,1419.0,529471
2021-05-20 09:47:52,1418.75,529491
2021-05-20 09:47:53,1419.0,529541
2021-05-20 09:47:55,1419.0,529726
2021-05-20 09:47:55,1419.0,529726
2021-05-20 09:47:56,1419.0,529736
2021-05-20 09:47:57,1419.0,529741
2021-05-20 09:47:59,1418.75,529761
2021-05-20 09:48:00,1418.75,529761
2021-05-20 09:48:01,1418.95,530001
2021-05-20 09:48:01,1418.95,530003
2021-05-20 09:48:02,1419.0,530018
2021-05-20 09:48:03,1418.95,530019
2021-05-20 09:48:04,1419.0,530277
2021-05-20 09:48:05,1419.0,530277
2021-05-20 09:48:07,1418.95,530279
2021-05-20 09:48:08,1418.7,530284
2021-05-20 09:48:09,1418.9,530327
2021-05-20 09:48:11,1418.95,530375
2021-05-20 09:48:11,1418.95,530375
2021-05-20 09:48:12,1418.95,530375
2021-05-20 09:48:13,1419.0,530485
2021-05-20 09:48:14,1419.0,530485
2021-05-20 09:48:15,1418.5,530561
2021-05-20 09:48:16,1419.0,530747
2021-05-20 09:48:17,1419.0,530750
2021-05-20 09:48:18,1419.0,531118
2021-05-20 09:48:19,1419.25,531128
2021-05-20 09:48:20,1419.35,531180
2021-05-20 09:48:21,1419.3,531299
2021-05-20 09:48:22,1419.7,531301
2021-05-20 09:48:23,1419.5,531396
2021-05-20 09:48:24,1419.6,531399
2021-05-20 09:48:25,1419.6,531400
2021-05-20 09:48:27,1419.95,531415
2021-05-20 09:48:28,1420.15,531943
2021-05-20 09:48:28,1420.15,531943
2021-05-20 09:48:29,1420.15,532394
2021-05-20 09:48:31,1420.15,532460
2021-05-20 09:48:32,1420.15,532574
2021-05-20 09:48:34,1420.15,532641
2021-05-20 09:48:34,1420.15,532641
2021-05-20 09:48:35,1420.15,532750
2021-05-20 09:48:36,1419.95,532902
2021-05-20 09:48:37,1420.15,532909
2021-05-20 09:48:38,1420.45,532965
2021-05-20 09:48:40,1420.5,532968
2021-05-20 09:48:41,1420.5,532968
2021-05-20 09:48:41,1420.45,533099
2021-05-20 09:48:42,1420.55,533499
2021-05-20 09:48:43,1420.5,533632
2021-05-20 09:48:44,1420.5,533632
2021-05-20 09:48:45,1420.15,533804
2021-05-20 09:48:46,1420.35,534017
2021-05-20 09:48:48,1420.15,534218
2021-05-20 09:48:47,1420.65,534027
2021-05-20 09:48:49,1420.6,534376
2021-05-20 09:48:50,1420.5,534428
2021-05-20 09:48:51,1420.4,534431
2021-05-20 09:48:52,1420.45,534453
2021-05-20 09:48:53,1420.5,534458
2021-05-20 09:48:54,1420.2,534615
2021-05-20 09:48:55,1420.5,534696
2021-05-20 09:48:56,1420.5,534696
2021-05-20 09:48:57,1419.95,534899
2021-05-20 09:48:59,1419.6,534910
2021-05-20 09:49:00,1419.7,534949
2021-05-20 09:49:02,1419.4,534950
2021-05-20 09:49:01,1419.7,534949
2021-05-20 09:49:03,1419.75,534951
2021-05-20 09:49:04,1419.7,535032
2021-05-20 09:49:05,1419.7,535032
2021-05-20 09:49:06,1419.6,535182
2021-05-20 09:49:07,1419.6,535192
2021-05-20 09:49:08,1419.6,535478
2021-05-20 09:49:09,1419.55,535496
2021-05-20 09:49:10,1419.55,535496
2021-05-20 09:49:11,1419.55,535525
2021-05-20 09:49:12,1419.4,535761
2021-05-20 09:49:13,1419.4,535761
2021-05-20 09:49:14,1419.6,535766
2021-05-20 09:49:15,1419.6,535770
2021-05-20 09:49:16,1419.6,535782
2021-05-20 09:49:17,1419.55,535784
2021-05-20 09:49:18,1419.65,535934
2021-05-20 09:49:19,1419.65,536134
2021-05-20 09:49:21,1419.6,536149
2021-05-20 09:49:22,1419.45,536213
2021-05-20 09:49:22,1419.4,536236
2021-05-20 09:49:23,1419.35,536249
2021-05-20 09:49:24,1419.35,536258
2021-05-20 09:49:25,1419.35,536258
2021-05-20 09:49:26,1419.2,536480
2021-05-20 09:49:27,1419.2,536495
2021-05-20 09:49:28,1419.35,536541
2021-05-20 09:49:29,1419.6,536543
2021-05-20 09:49:30,1419.0,536593
2021-05-20 09:49:31,1419.0,536593
2021-05-20 09:49:32,1419.0,536593
2021-05-20 09:49:33,1419.0,536694
2021-05-20 09:49:34,1419.6,536744
2021-05-20 09:49:35,1419.3,536754
2021-05-20 09:49:36,1419.3,536754
2021-05-20 09:49:37,1419.3,536769
2021-05-20 09:49:38,1419.3,536769
2021-05-20 09:49:39,1419.3,536775
2021-05-20 09:49:40,1419.3,536785
2021-05-20 09:49:41,1419.3,536785
2021-05-20 09:49:42,1419.3,536843
2021-05-20 09:49:43,1419.3,536843
2021-05-20 09:49:44,1419.0,536855
2021-05-20 09:49:45,1419.3,536866
2021-05-20 09:49:46,1419.3,536866
2021-05-20 09:49:47,1419.3,536952
2021-05-20 09:49:48,1419.3,536952
2021-05-20 09:49:49,1419.0,537161
2021-05-20 09:49:50,1419.0,537361
2021-05-20 09:49:51,1419.0,537361
2021-05-20 09:49:53,1419.4,537365
2021-05-20 09:49:54,1419.3,537406
2021-05-20 09:49:55,1419.3,537406
2021-05-20 09:49:56,1419.3,537408
2021-05-20 09:49:57,1419.0,538506
2021-05-20 09:49:59,1419.15,538616
2021-05-20 09:50:00,1419.15,538635
2021-05-20 09:50:00,1419.15,538635
2021-05-20 09:50:01,1419.15,538635
2021-05-20 09:50:03,1419.0,538953
2021-05-20 09:50:03,1419.0,538953
2021-05-20 09:50:05,1419.0,539897
2021-05-20 09:50:05,1419.15,539957
2021-05-20 09:50:06,1419.4,540055
2021-05-20 09:50:07,1419.15,540280
2021-05-20 09:50:08,1419.15,540352
2021-05-20 09:50:09,1419.15,540436
2021-05-20 09:50:10,1419.4,540446
2021-05-20 09:50:11,1419.35,540498
2021-05-20 09:50:13,1419.4,540520
2021-05-20 09:50:14,1419.35,540573
2021-05-20 09:50:15,1419.35,540573
2021-05-20 09:50:15,1419.05,540960
2021-05-20 09:50:16,1419.05,540960
2021-05-20 09:50:17,1419.05,540960
2021-05-20 09:50:19,1419.05,540960
2021-05-20 09:50:20,1419.7,541285
2021-05-20 09:50:21,1419.7,541285
2021-05-20 09:50:22,1419.7,541285
2021-05-20 09:50:23,1419.65,541368
2021-05-20 09:50:24,1419.65,541368
2021-05-20 09:50:25,1419.65,541368
2021-05-20 09:50:26,1418.85,541568
2021-05-20 09:50:28,1419.5,541569
2021-05-20 09:50:29,1419.5,541569
2021-05-20 09:50:30,1419.5,541569
2021-05-20 09:50:31,1419.6,541583
2021-05-20 09:50:32,1418.7,541683
2021-05-20 09:50:33,1419.15,541747
2021-05-20 09:50:34,1419.15,541747
2021-05-20 09:50:35,1418.9,541874
2021-05-20 09:50:36,1418.9,541874
2021-05-20 09:50:37,1419.1,541875
2021-05-20 09:50:38,1419.1,541875
2021-05-20 09:50:39,1419.05,541879
2021-05-20 09:50:41,1418.75,542786
2021-05-20 09:50:42,1418.7,542881
2021-05-20 09:50:43,1418.7,542996
2021-05-20 09:50:44,1418.2,543013
2021-05-20 09:50:45,1417.8,543265
2021-05-20 09:50:47,1418.2,543284
2021-05-20 09:50:48,1418.5,543332
2021-05-20 09:50:48,1418.5,543583
2021-05-20 09:50:50,1418.65,543608
2021-05-20 09:50:51,1418.45,543659
2021-05-20 09:50:51,1418.45,543659
2021-05-20 09:50:52,1418.6,543679
2021-05-20 09:50:54,1418.0,543726
2021-05-20 09:50:55,1417.65,543793
2021-05-20 09:50:56,1418.35,543794
2021-05-20 09:50:56,1418.4,543844
2021-05-20 09:50:57,1418.1,543866
2021-05-20 09:50:58,1418.1,543866
2021-05-20 09:50:59,1418.4,544068
2021-05-20 09:51:00,1418.0,544113
2021-05-20 09:51:01,1418.0,544113
2021-05-20 09:51:02,1418.0,544113
2021-05-20 09:51:03,1417.6,544174
2021-05-20 09:51:04,1417.55,544324
2021-05-20 09:51:05,1417.55,544326
2021-05-20 09:51:06,1417.55,544326
2021-05-20 09:51:07,1417.55,544326
2021-05-20 09:51:08,1417.95,544436
2021-05-20 09:51:09,1417.95,544436
2021-05-20 09:51:10,1418.3,544536
2021-05-20 09:51:11,1418.3,544536
2021-05-20 09:51:12,1418.35,544537
2021-05-20 09:51:14,1417.6,544583
2021-05-20 09:51:15,1418.25,544586
2021-05-20 09:51:15,1418.25,544586
2021-05-20 09:51:16,1418.25,544586
2021-05-20 09:51:17,1418.25,544586
2021-05-20 09:51:18,1418.1,544591
2021-05-20 09:51:19,1417.95,544644
2021-05-20 09:51:20,1417.6,544845
2021-05-20 09:51:21,1417.6,544845
2021-05-20 09:51:22,1418.35,544881
2021-05-20 09:51:24,1418.0,545081
2021-05-20 09:51:25,1417.65,545734
2021-05-20 09:51:26,1418.15,545735
2021-05-20 09:51:27,1418.2,545902
2021-05-20 09:51:28,1418.15,545943
2021-05-20 09:51:29,1418.15,545943
2021-05-20 09:51:30,1418.4,546250
2021-05-20 09:51:30,1418.4,546250
2021-05-20 09:51:31,1418.3,546365
2021-05-20 09:51:34,1418.9,546384
2021-05-20 09:51:35,1418.9,546386
2021-05-20 09:51:36,1419.1,546671
2021-05-20 09:51:37,1418.8,546682
2021-05-20 09:51:37,1419.0,546677
2021-05-20 09:51:38,1418.9,546684
2021-05-20 09:51:39,1419.0,546704
2021-05-20 09:51:40,1418.95,546707
2021-05-20 09:51:41,1419.0,547620
2021-05-20 09:51:42,1419.0,547627
2021-05-20 09:51:43,1419.3,547667
2021-05-20 09:51:44,1419.3,547667
2021-05-20 09:51:45,1419.35,547668
2021-05-20 09:51:46,1419.4,547725
2021-05-20 09:51:47,1419.4,547725
2021-05-20 09:51:49,1419.6,547755
2021-05-20 09:51:50,1419.2,547820
2021-05-20 09:51:51,1419.6,547933
2021-05-20 09:51:51,1419.6,547933
2021-05-20 09:51:52,1419.7,548034
2021-05-20 09:51:53,1419.7,548543
2021-05-20 09:51:55,1419.55,548628
2021-05-20 09:51:56,1419.55,548629
2021-05-20 09:51:57,1419.0,548825
2021-05-20 09:51:57,1419.55,548827
2021-05-20 09:51:58,1419.55,548868
2021-05-20 09:52:00,1419.55,548868
2021-05-20 09:52:01,1419.55,548937
2021-05-20 09:52:02,1419.55,548937
2021-05-20 09:52:03,1419.75,548943
2021-05-20 09:52:05,1419.6,549281
2021-05-20 09:52:05,1419.6,549281
2021-05-20 09:52:06,1420.0,549305
2021-05-20 09:52:07,1419.25,549559
2021-05-20 09:52:09,1419.25,549559
2021-05-20 09:52:10,1419.5,549574
2021-05-20 09:52:10,1419.9,549824
2021-05-20 09:52:12,1419.9,550000
2021-05-20 09:52:13,1419.9,550093
2021-05-20 09:52:14,1419.9,550123
2021-05-20 09:52:15,1419.75,550205
2021-05-20 09:52:16,1419.75,550230
2021-05-20 09:52:17,1419.65,550264
2021-05-20 09:52:18,1419.65,550264
2021-05-20 09:52:18,1419.65,550264
2021-05-20 09:52:19,1419.85,550364
2021-05-20 09:52:20,1419.85,550364
2021-05-20 09:52:22,1419.8,550366
2021-05-20 09:52:23,1419.7,550371
2021-05-20 09:52:24,1419.9,550471
2021-05-20 09:52:25,1419.8,550514
2021-05-20 09:52:26,1419.8,550514
2021-05-20 09:52:27,1419.8,550514
2021-05-20 09:52:28,1419.25,550528
2021-05-20 09:52:29,1419.25,550528
2021-05-20 09:52:30,1419.55,550529
2021-05-20 09:52:31,1419.6,550542
2021-05-20 09:52:32,1419.25,550582
2021-05-20 09:52:33,1419.25,550582
2021-05-20 09:52:34,1419.0,550607
2021-05-20 09:52:35,1419.0,550607
2021-05-20 09:52:36,1419.6,550627
2021-05-20 09:52:38,1419.1,550635
2021-05-20 09:52:38,1419.1,550635
2021-05-20 09:52:40,1419.1,550635
2021-05-20 09:52:41,1419.1,550635
2021-05-20 09:52:42,1419.25,550636
2021-05-20 09:52:43,1419.25,550636
2021-05-20 09:52:43,1419.25,550636
2021-05-20 09:52:44,1419.25,550636
2021-05-20 09:52:47,1419.25,550693
2021-05-20 09:52:48,1419.0,551027
2021-05-20 09:52:49,1418.9,551152
2021-05-20 09:52:50,1418.9,551152
2021-05-20 09:52:51,1418.9,551152
2021-05-20 09:52:52,1418.9,551176
2021-05-20 09:52:53,1418.9,551176
2021-05-20 09:52:54,1418.95,551183
2021-05-20 09:52:54,1418.95,551183
2021-05-20 09:52:55,1418.95,551183
2021-05-20 09:52:56,1418.75,551184
2021-05-20 09:52:57,1418.75,551184
2021-05-20 09:52:58,1418.75,551184
2021-05-20 09:52:59,1418.9,551284
2021-05-20 09:53:00,1418.15,551314
2021-05-20 09:53:02,1418.1,551449
2021-05-20 09:53:03,1418.1,551449
2021-05-20 09:53:04,1418.1,551449
2021-05-20 09:53:05,1418.1,551449
2021-05-20 09:53:06,1418.1,551449
2021-05-20 09:53:07,1418.85,551450
2021-05-20 09:53:08,1418.85,551451
2021-05-20 09:53:09,1418.85,551451
2021-05-20 09:53:10,1418.85,551451
2021-05-20 09:53:11,1418.8,551467
2021-05-20 09:53:11,1418.8,551467
2021-05-20 09:53:12,1418.65,551497
2021-05-20 09:53:14,1418.8,551529
2021-05-20 09:53:15,1418.65,551539
2021-05-20 09:53:15,1418.65,551539
2021-05-20 09:53:17,1418.8,551639
2021-05-20 09:53:18,1418.8,551639
2021-05-20 09:53:19,1418.8,551639
2021-05-20 09:53:20,1418.8,551640
2021-05-20 09:53:21,1418.8,551640
2021-05-20 09:53:21,1418.8,551640
2021-05-20 09:53:22,1418.8,551655
2021-05-20 09:53:23,1418.8,551655
2021-05-20 09:53:24,1418.15,551730
2021-05-20 09:53:26,1418.75,551732
2021-05-20 09:53:27,1418.75,551732
2021-05-20 09:53:28,1418.75,551732
2021-05-20 09:53:28,1418.2,551763
2021-05-20 09:53:29,1418.2,551768
2021-05-20 09:53:31,1418.2,551768
2021-05-20 09:53:32,1418.25,551819
2021-05-20 09:53:34,1418.25,551914
2021-05-20 09:53:35,1418.8,551939
2021-05-20 09:53:36,1418.8,551939
2021-05-20 09:53:36,1418.8,551939
2021-05-20 09:53:37,1418.8,552265
2021-05-20 09:53:39,1418.8,552265
2021-05-20 09:53:39,1418.8,552265
2021-05-20 09:53:40,1418.55,552270
2021-05-20 09:53:42,1418.55,552270
2021-05-20 09:53:43,1418.7,552275
2021-05-20 09:53:44,1418.7,552282
2021-05-20 09:53:45,1418.7,552282
2021-05-20 09:53:46,1418.7,552282
2021-05-20 09:53:47,1418.8,552300
2021-05-20 09:53:48,1418.8,552300
2021-05-20 09:53:49,1418.8,552300
2021-05-20 09:53:50,1418.8,552300
2021-05-20 09:53:51,1418.8,552300
2021-05-20 09:53:53,1418.75,552311
2021-05-20 09:53:54,1418.75,552311
2021-05-20 09:53:55,1418.75,552311
2021-05-20 09:53:56,1418.5,552321
2021-05-20 09:53:57,1419.15,553839
2021-05-20 09:53:58,1418.85,553864
2021-05-20 09:53:58,1418.85,553864
2021-05-20 09:54:00,1419.2,553877
2021-05-20 09:54:02,1419.6,553987
2021-05-20 09:54:03,1419.6,553987
2021-05-20 09:54:04,1419.6,554036
2021-05-20 09:54:05,1419.9,554125
2021-05-20 09:54:05,1419.9,554125
2021-05-20 09:54:06,1419.8,554129
2021-05-20 09:54:08,1419.95,554491
2021-05-20 09:54:09,1419.8,554551
2021-05-20 09:54:10,1419.8,554551
2021-05-20 09:54:11,1419.75,554568
2021-05-20 09:54:12,1419.9,554920
2021-05-20 09:54:12,1419.9,554920
2021-05-20 09:54:13,1419.8,554970
2021-05-20 09:54:15,1419.85,555068
2021-05-20 09:54:16,1419.85,555078
2021-05-20 09:54:17,1419.85,555078
2021-05-20 09:54:18,1419.8,555092
2021-05-20 09:54:19,1419.8,555092
2021-05-20 09:54:19,1419.75,555094
2021-05-20 09:54:20,1419.7,555109
2021-05-20 09:54:22,1419.75,555144
2021-05-20 09:54:23,1419.75,555144
2021-05-20 09:54:24,1419.75,555145
2021-05-20 09:54:26,1419.75,555155
2021-05-20 09:54:26,1419.75,555155
2021-05-20 09:54:28,1419.75,555275
2021-05-20 09:54:29,1419.75,555275
2021-05-20 09:54:30,1419.0,555425
2021-05-20 09:54:31,1418.2,558081
2021-05-20 09:54:33,1418.85,560996
2021-05-20 09:54:34,1418.85,560996
2021-05-20 09:54:34,1418.85,560996
2021-05-20 09:54:35,1418.85,561017
2021-05-20 09:54:37,1418.85,561017
2021-05-20 09:54:38,1418.9,561419
2021-05-20 09:54:39,1418.9,561419
2021-05-20 09:54:40,1418.85,561505
2021-05-20 09:54:40,1418.85,561480
2021-05-20 09:54:41,1418.8,562018
2021-05-20 09:54:43,1418.2,562051
2021-05-20 09:54:44,1418.2,562051
2021-05-20 09:54:45,1418.2,562051
2021-05-20 09:54:46,1418.5,562057
2021-05-20 09:54:47,1418.5,562057
2021-05-20 09:54:48,1418.55,562226
2021-05-20 09:54:49,1418.6,562243
2021-05-20 09:54:50,1418.6,562243
2021-05-20 09:54:50,1418.55,562244
2021-05-20 09:54:52,1418.6,562251
2021-05-20 09:54:53,1418.6,562251
2021-05-20 09:54:54,1418.6,562251
2021-05-20 09:54:55,1418.6,562252
2021-05-20 09:54:56,1418.6,562252
2021-05-20 09:54:57,1418.6,562252
2021-05-20 09:54:59,1418.7,562452
2021-05-20 09:55:00,1418.7,562452
2021-05-20 09:55:01,1419.0,563494
2021-05-20 09:55:02,1419.0,563494
2021-05-20 09:55:03,1419.8,563709
2021-05-20 09:55:04,1419.65,563771
2021-05-20 09:55:04,1419.65,563771
2021-05-20 09:55:05,1419.75,563793
2021-05-20 09:55:06,1419.75,563826
2021-05-20 09:55:08,1419.7,563976
2021-05-20 09:55:09,1419.65,564275
2021-05-20 09:55:10,1419.1,564335
2021-05-20 09:55:11,1419.65,564345
2021-05-20 09:55:12,1419.55,564906
2021-05-20 09:55:12,1419.55,564906
2021-05-20 09:55:14,1419.9,565042
2021-05-20 09:55:15,1420.25,566641
2021-05-20 09:55:16,1419.85,566746
2021-05-20 09:55:17,1420.25,566923
2021-05-20 09:55:18,1420.4,566960
2021-05-20 09:55:19,1420.3,566970
2021-05-20 09:55:20,1420.45,567018
2021-05-20 09:55:21,1420.4,567040
2021-05-20 09:55:22,1420.5,567141
2021-05-20 09:55:22,1420.3,567411
2021-05-20 09:55:24,1419.65,567502
2021-05-20 09:55:25,1420.0,567652
2021-05-20 09:55:26,1419.9,567699
2021-05-20 09:55:28,1420.2,568029
2021-05-20 09:55:29,1420.15,568129
2021-05-20 09:55:30,1419.95,568134
2021-05-20 09:55:31,1419.05,568463
2021-05-20 09:55:32,1419.9,568468
2021-05-20 09:55:32,1419.9,568468
2021-05-20 09:55:34,1419.85,568471
2021-05-20 09:55:35,1419.85,568471
2021-05-20 09:55:36,1419.85,568472
2021-05-20 09:55:37,1419.8,568482
2021-05-20 09:55:38,1419.65,568488
2021-05-20 09:55:39,1419.8,568498
2021-05-20 09:55:40,1420.3,568748
2021-05-20 09:55:41,1419.9,568750
2021-05-20 09:55:42,1420.0,568853
2021-05-20 09:55:43,1420.0,568853
2021-05-20 09:55:44,1420.0,568853
2021-05-20 09:55:45,1419.9,569300
2021-05-20 09:55:46,1419.9,569300
2021-05-20 09:55:47,1419.9,569598
2021-05-20 09:55:48,1420.0,569608
2021-05-20 09:55:49,1420.0,569674
2021-05-20 09:55:50,1419.95,569865
2021-05-20 09:55:51,1419.15,570116
2021-05-20 09:55:52,1419.15,570116
2021-05-20 09:55:53,1419.15,570116
2021-05-20 09:55:54,1419.6,570118
2021-05-20 09:55:55,1419.6,570118
2021-05-20 09:55:56,1419.95,570162
2021-05-20 09:55:57,1419.95,570162
2021-05-20 09:55:59,1420.0,570575
2021-05-20 09:55:58,1420.0,570575
2021-05-20 09:56:01,1420.3,570602
2021-05-20 09:56:02,1420.3,570604
2021-05-20 09:56:03,1420.0,572667
2021-05-20 09:56:04,1419.55,573045
2021-05-20 09:56:05,1419.55,573045
2021-05-20 09:56:06,1419.7,573050
2021-05-20 09:56:07,1419.7,573099
2021-05-20 09:56:08,1420.0,574625
2021-05-20 09:56:09,1420.0,574625
2021-05-20 09:56:10,1419.7,574630
2021-05-20 09:56:11,1420.0,574631
2021-05-20 09:56:12,1420.0,574631
2021-05-20 09:56:13,1419.95,574870
2021-05-20 09:56:14,1419.95,574870
2021-05-20 09:56:15,1420.1,574882
2021-05-20 09:56:16,1420.3,575043
2021-05-20 09:56:17,1420.1,575090
2021-05-20 09:56:18,1420.4,575552
2021-05-20 09:56:20,1420.4,575578
2021-05-20 09:56:19,1420.4,575578
2021-05-20 09:56:21,1420.25,575822
2021-05-20 09:56:22,1420.25,575926
2021-05-20 09:56:23,1420.2,576011
2021-05-20 09:56:24,1420.3,576048
2021-05-20 09:56:25,1420.3,576081
2021-05-20 09:56:26,1420.3,576081
2021-05-20 09:56:27,1420.25,576121
2021-05-20 09:56:28,1420.25,576121
2021-05-20 09:56:29,1420.4,576243
2021-05-20 09:56:30,1420.2,576314
2021-05-20 09:56:31,1420.2,576314
2021-05-20 09:56:32,1420.2,576364
2021-05-20 09:56:34,1420.3,576437
2021-05-20 09:56:35,1420.3,576473
2021-05-20 09:56:36,1420.0,576573
2021-05-20 09:56:37,1420.0,576573
2021-05-20 09:56:38,1420.0,576573
2021-05-20 09:56:39,1420.25,576597
2021-05-20 09:56:40,1420.4,576651
2021-05-20 09:56:41,1420.15,576681
2021-05-20 09:56:42,1420.0,576683
2021-05-20 09:56:43,1420.0,576683
2021-05-20 09:56:44,1420.0,576683
2021-05-20 09:56:45,1420.0,576683
2021-05-20 09:56:46,1420.0,577133
2021-05-20 09:56:47,1420.0,577133
2021-05-20 09:56:48,1420.0,577134
2021-05-20 09:56:49,1420.0,577134
2021-05-20 09:56:50,1420.0,577913
2021-05-20 09:56:51,1420.0,577913
2021-05-20 09:56:52,1420.35,577923
2021-05-20 09:56:53,1420.35,578155
2021-05-20 09:56:54,1420.25,578166
2021-05-20 09:56:55,1420.35,578244
2021-05-20 09:56:56,1420.35,578354
2021-05-20 09:56:57,1420.3,578437
2021-05-20 09:56:58,1420.35,578530
2021-05-20 09:56:59,1420.0,578555
2021-05-20 09:57:00,1420.0,578555
2021-05-20 09:57:01,1420.0,578555
2021-05-20 09:57:02,1420.55,578879
2021-05-20 09:57:03,1420.35,578901
2021-05-20 09:57:04,1420.4,578957
2021-05-20 09:57:05,1420.1,579057
2021-05-20 09:57:06,1420.65,579058
2021-05-20 09:57:07,1420.0,579180
2021-05-20 09:57:09,1420.55,579183
2021-05-20 09:57:08,1420.55,579183
2021-05-20 09:57:10,1420.0,579185
2021-05-20 09:57:11,1420.55,579227
2021-05-20 09:57:12,1420.4,579272
2021-05-20 09:57:13,1420.55,579274
2021-05-20 09:57:14,1420.65,579341
2021-05-20 09:57:15,1420.65,579341
2021-05-20 09:57:16,1420.55,579362
2021-05-20 09:57:17,1420.25,579420
2021-05-20 09:57:18,1420.25,579557
2021-05-20 09:57:19,1420.0,579898
2021-05-20 09:57:20,1420.0,579898
2021-05-20 09:57:21,1420.0,579918
2021-05-20 09:57:22,1420.25,579954
2021-05-20 09:57:23,1420.25,579954
2021-05-20 09:57:24,1420.25,580005
2021-05-20 09:57:25,1420.05,580156
2021-05-20 09:57:26,1420.0,580231
2021-05-20 09:57:27,1420.0,580373
2021-05-20 09:57:28,1420.0,580373
2021-05-20 09:57:29,1420.0,580373
2021-05-20 09:57:31,1419.55,580537
2021-05-20 09:57:32,1419.55,580537
2021-05-20 09:57:33,1418.7,580625
2021-05-20 09:57:34,1418.7,580625
2021-05-20 09:57:35,1418.7,580785
2021-05-20 09:57:36,1418.7,580805
2021-05-20 09:57:37,1418.7,580805
2021-05-20 09:57:40,1418.75,580820
2021-05-20 09:57:41,1419.3,580822
2021-05-20 09:57:42,1419.15,580829
2021-05-20 09:57:43,1419.3,580831
2021-05-20 09:57:44,1419.3,580831
2021-05-20 09:57:45,1419.25,580833
2021-05-20 09:57:46,1419.3,580836
2021-05-20 09:57:48,1418.7,580857
2021-05-20 09:57:49,1419.15,580858
2021-05-20 09:57:49,1419.15,580858
2021-05-20 09:57:50,1419.3,581543
2021-05-20 09:57:51,1419.3,581553
2021-05-20 09:57:52,1419.35,582857
2021-05-20 09:57:53,1419.35,583034
2021-05-20 09:57:54,1419.35,583034
2021-05-20 09:57:55,1419.7,583044
2021-05-20 09:57:57,1419.7,583044
2021-05-20 09:57:57,1419.7,583069
2021-05-20 09:57:58,1419.7,583069
2021-05-20 09:57:59,1419.7,583069
2021-05-20 09:58:00,1419.7,583073
2021-05-20 09:58:01,1419.7,583073
2021-05-20 09:58:02,1419.7,583073
2021-05-20 09:58:04,1419.85,583317
2021-05-20 09:58:05,1419.95,583337
2021-05-20 09:58:06,1419.95,583337
2021-05-20 09:58:07,1419.85,583361
2021-05-20 09:58:08,1419.9,583364
2021-05-20 09:58:09,1419.9,583364
2021-05-20 09:58:10,1419.95,583479
2021-05-20 09:58:11,1419.95,583479
2021-05-20 09:58:13,1419.9,583489
2021-05-20 09:58:14,1419.9,583494
2021-05-20 09:58:15,1419.9,583494
2021-05-20 09:58:15,1419.8,583509
2021-05-20 09:58:17,1419.8,583511
2021-05-20 09:58:18,1419.9,583517
2021-05-20 09:58:19,1419.9,583518
2021-05-20 09:58:19,1419.9,583518
2021-05-20 09:58:20,1419.8,583519
2021-05-20 09:58:21,1419.8,583537
2021-05-20 09:58:22,1419.75,583550
2021-05-20 09:58:23,1419.85,583560
2021-05-20 09:58:24,1419.85,583561
2021-05-20 09:58:25,1419.8,583564
2021-05-20 09:58:27,1419.9,583576
2021-05-20 09:58:27,1419.9,583576
2021-05-20 09:58:28,1419.9,583593
2021-05-20 09:58:29,1419.5,583743
2021-05-20 09:58:30,1419.3,583843
2021-05-20 09:58:31,1419.3,583843
2021-05-20 09:58:32,1419.5,583881
2021-05-20 09:58:33,1419.5,584146
2021-05-20 09:58:35,1419.4,584148
2021-05-20 09:58:38,1419.05,584804
2021-05-20 09:58:39,1419.05,584804
2021-05-20 09:58:39,1419.05,584804
2021-05-20 09:58:40,1419.0,584891
2021-05-20 09:58:41,1419.0,584943
2021-05-20 09:58:42,1419.0,584943
2021-05-20 09:58:43,1419.0,584982
2021-05-20 09:58:45,1419.0,585430
2021-05-20 09:58:46,1419.75,585530
2021-05-20 09:58:47,1419.75,585530
2021-05-20 09:58:48,1419.7,585633
2021-05-20 09:58:49,1419.55,585643
2021-05-20 09:58:51,1419.7,585653
2021-05-20 09:58:51,1419.7,585653
2021-05-20 09:58:52,1419.7,585653
2021-05-20 09:58:53,1419.55,585660
2021-05-20 09:58:54,1419.55,585660
2021-05-20 09:58:55,1418.85,586160
2021-05-20 09:58:56,1418.85,586160
2021-05-20 09:58:57,1418.85,586311
2021-05-20 09:58:59,1419.65,586418
2021-05-20 09:59:00,1419.65,586418
2021-05-20 09:59:00,1419.65,586418
2021-05-20 09:59:01,1419.6,586428
2021-05-20 09:59:02,1419.6,586450
2021-05-20 09:59:03,1419.6,586450
2021-05-20 09:59:04,1419.6,586450
2021-05-20 09:59:05,1419.6,586461
2021-05-20 09:59:07,1419.6,586461
2021-05-20 09:59:07,1419.6,586461
2021-05-20 09:59:08,1419.6,586578
2021-05-20 09:59:09,1419.7,586609
2021-05-20 09:59:10,1419.55,586629
2021-05-20 09:59:11,1419.25,586630
2021-05-20 09:59:13,1419.45,586717
2021-05-20 09:59:15,1419.45,586727
2021-05-20 09:59:16,1419.25,586749
2021-05-20 09:59:16,1419.25,586749
2021-05-20 09:59:17,1419.25,586749
2021-05-20 09:59:18,1419.25,586749
2021-05-20 09:59:19,1419.45,586751
2021-05-20 09:59:21,1419.4,586752
2021-05-20 09:59:22,1419.45,586839
2021-05-20 09:59:22,1419.45,586839
2021-05-20 09:59:23,1419.45,586839
2021-05-20 09:59:24,1419.45,586839
2021-05-20 09:59:25,1419.45,586839
2021-05-20 09:59:26,1418.95,586879
2021-05-20 09:59:27,1418.95,587229
2021-05-20 09:59:29,1418.95,587229
2021-05-20 09:59:30,1419.5,587234
2021-05-20 09:59:30,1418.95,587229
2021-05-20 09:59:31,1419.5,587234
2021-05-20 09:59:32,1419.4,587255
2021-05-20 09:59:33,1419.0,587276
2021-05-20 09:59:34,1419.0,587286
2021-05-20 09:59:35,1419.0,587286
2021-05-20 09:59:36,1419.0,587286
2021-05-20 09:59:38,1419.05,587288
2021-05-20 09:59:38,1419.05,587288
2021-05-20 09:59:39,1419.0,587289
2021-05-20 09:59:40,1419.05,587339
2021-05-20 09:59:41,1419.05,587339
2021-05-20 09:59:42,1419.05,587339
2021-05-20 09:59:43,1419.0,587374
2021-05-20 09:59:44,1419.0,587374
2021-05-20 09:59:46,1419.35,587447
2021-05-20 09:59:46,1419.35,587447
2021-05-20 09:59:47,1419.35,587447
2021-05-20 09:59:48,1418.95,587479
2021-05-20 09:59:49,1418.75,587774
2021-05-20 09:59:51,1418.3,588028
2021-05-20 09:59:52,1418.3,588028
2021-05-20 09:59:52,1418.3,588028
2021-05-20 09:59:53,1418.3,588028
2021-05-20 09:59:54,1418.3,588028
2021-05-20 09:59:55,1418.4,588086
2021-05-20 09:59:57,1418.5,588153
2021-05-20 09:59:58,1418.5,588153
2021-05-20 09:59:59,1418.5,588153
2021-05-20 10:00:00,1418.5,588153
2021-05-20 10:00:02,1418.95,588307
2021-05-20 10:00:03,1418.65,588320
2021-05-20 10:00:03,1418.65,588320
2021-05-20 10:00:05,1418.45,588336
2021-05-20 10:00:07,1418.5,588594
2021-05-20 10:00:08,1418.25,588733
2021-05-20 10:00:08,1418.25,588733
2021-05-20 10:00:09,1418.25,588733
2021-05-20 10:00:10,1418.5,588753
2021-05-20 10:00:11,1418.4,588754
2021-05-20 10:00:12,1418.4,588765
2021-05-20 10:00:13,1418.5,588770
2021-05-20 10:00:14,1418.5,588770
2021-05-20 10:00:15,1418.5,588770
2021-05-20 10:00:17,1418.5,588778
2021-05-20 10:00:19,1418.5,588779
2021-05-20 10:00:20,1418.5,588780
2021-05-20 10:00:21,1418.5,588780
2021-05-20 10:00:22,1418.5,588780
2021-05-20 10:00:24,1418.5,588780
2021-05-20 10:00:25,1418.5,588783
2021-05-20 10:00:25,1418.5,588783
2021-05-20 10:00:26,1419.0,591622
2021-05-20 10:00:29,1419.0,592594
2021-05-20 10:00:30,1419.0,592658
2021-05-20 10:00:31,1419.0,592658
2021-05-20 10:00:32,1419.0,593481
2021-05-20 10:00:33,1419.25,593876
2021-05-20 10:00:34,1419.7,594262
2021-05-20 10:00:35,1419.7,594262
2021-05-20 10:00:37,1419.55,594309
2021-05-20 10:00:39,1419.55,594686
2021-05-20 10:00:41,1419.5,595095
2021-05-20 10:00:44,1419.45,595177
2021-05-20 10:00:45,1419.45,595177
2021-05-20 10:00:47,1419.55,595348
2021-05-20 10:00:49,1418.6,595486
2021-05-20 10:00:50,1419.25,595529
2021-05-20 10:00:50,1419.25,595529
2021-05-20 10:00:51,1419.05,595539
2021-05-20 10:00:52,1419.15,595540
2021-05-20 10:00:53,1419.2,595565
2021-05-20 10:00:54,1419.0,595632
2021-05-20 10:00:56,1419.0,595632
2021-05-20 10:00:57,1419.0,595632
2021-05-20 10:00:58,1419.0,595632
2021-05-20 10:00:59,1419.1,595633
2021-05-20 10:01:01,1419.1,595633
2021-05-20 10:01:02,1419.0,595698
2021-05-20 10:01:03,1419.0,595698
2021-05-20 10:01:04,1419.0,595698
2021-05-20 10:01:04,1419.0,595698
2021-05-20 10:01:05,1419.2,595718
2021-05-20 10:01:06,1419.2,595718
2021-05-20 10:01:09,1419.25,595780
2021-05-20 10:01:10,1419.45,595787
2021-05-20 10:01:11,1419.4,595855
2021-05-20 10:01:12,1419.4,595855
2021-05-20 10:01:12,1419.4,595855
2021-05-20 10:01:13,1419.2,595923
2021-05-20 10:01:14,1419.25,595928
2021-05-20 10:01:15,1419.25,595928
2021-05-20 10:01:16,1419.25,595932
2021-05-20 10:01:17,1419.25,595932
2021-05-20 10:01:18,1419.4,595986
2021-05-20 10:01:19,1419.4,595986
2021-05-20 10:01:21,1419.4,596061
2021-05-20 10:01:22,1419.45,596218
2021-05-20 10:01:23,1419.45,596218
2021-05-20 10:01:24,1418.6,596333
2021-05-20 10:01:24,1418.6,596333
2021-05-20 10:01:25,1419.15,596334
2021-05-20 10:01:28,1419.3,596336
2021-05-20 10:01:29,1419.3,596336
2021-05-20 10:01:30,1419.45,596354
2021-05-20 10:01:31,1419.4,596566
2021-05-20 10:01:30,1419.45,596354
2021-05-20 10:01:32,1419.45,596642
2021-05-20 10:01:33,1418.75,596647
2021-05-20 10:01:34,1418.75,596747
2021-05-20 10:01:35,1418.75,596747
2021-05-20 10:01:36,1418.75,596747
2021-05-20 10:01:38,1418.75,596747
2021-05-20 10:01:39,1419.35,596761
2021-05-20 10:01:40,1419.35,596764
2021-05-20 10:01:41,1419.35,596764
2021-05-20 10:01:42,1419.35,596764
2021-05-20 10:01:43,1419.3,596803
2021-05-20 10:01:44,1419.3,596803
2021-05-20 10:01:44,1419.3,596803
2021-05-20 10:01:45,1419.3,596803
2021-05-20 10:01:46,1419.3,596803
2021-05-20 10:01:47,1419.3,596803
2021-05-20 10:01:48,1419.05,596814
2021-05-20 10:01:49,1419.05,596814
2021-05-20 10:01:50,1419.3,596848
2021-05-20 10:01:51,1419.25,596903
2021-05-20 10:01:52,1419.05,596906
2021-05-20 10:01:53,1419.05,596906
2021-05-20 10:01:54,1419.05,596906
2021-05-20 10:01:55,1419.35,596916
2021-05-20 10:01:56,1419.35,596917
2021-05-20 10:01:59,1419.35,596926
2021-05-20 10:02:00,1419.35,596926
2021-05-20 10:02:01,1419.35,596977
2021-05-20 10:02:02,1418.6,597007
2021-05-20 10:02:03,1418.6,597007
2021-05-20 10:02:04,1419.2,597008
2021-05-20 10:02:05,1419.25,597683
2021-05-20 10:02:06,1419.3,597698
2021-05-20 10:02:07,1419.35,597829
2021-05-20 10:02:09,1419.3,597870
2021-05-20 10:02:10,1419.1,597943
2021-05-20 10:02:11,1419.1,597943
2021-05-20 10:02:12,1419.1,597943
2021-05-20 10:02:14,1419.0,598530
2021-05-20 10:02:15,1419.0,598545
2021-05-20 10:02:17,1419.0,598613
2021-05-20 10:02:18,1418.8,598737
2021-05-20 10:02:21,1418.65,598929
2021-05-20 10:02:22,1418.65,598929
2021-05-20 10:02:23,1418.65,598929
2021-05-20 10:02:24,1418.65,598929
2021-05-20 10:02:25,1418.95,598979
2021-05-20 10:02:26,1419.2,599080
2021-05-20 10:02:26,1419.2,599080
2021-05-20 10:02:27,1419.2,599080
2021-05-20 10:02:28,1418.65,599081
2021-05-20 10:02:29,1418.65,599081
2021-05-20 10:02:30,1418.95,599091
2021-05-20 10:02:31,1419.0,599094
2021-05-20 10:02:32,1419.0,599094
2021-05-20 10:02:35,1418.55,599194
2021-05-20 10:02:37,1418.55,599194
2021-05-20 10:02:39,1419.2,599302
2021-05-20 10:02:39,1418.6,599303
2021-05-20 10:02:41,1418.6,599303
2021-05-20 10:02:42,1418.6,599303
2021-05-20 10:02:43,1418.6,599303
2021-05-20 10:02:44,1418.6,599303
2021-05-20 10:02:45,1419.2,599313
2021-05-20 10:02:47,1418.95,599315
2021-05-20 10:02:46,1419.2,599313
2021-05-20 10:02:48,1418.95,599315
2021-05-20 10:02:49,1418.55,599515
2021-05-20 10:02:50,1419.2,599527
2021-05-20 10:02:51,1418.6,599627
2021-05-20 10:02:51,1419.2,599527
2021-05-20 10:02:53,1418.75,599860
2021-05-20 10:02:55,1418.75,599860
2021-05-20 10:02:56,1419.35,599967
2021-05-20 10:02:57,1419.05,599977
2021-05-20 10:02:58,1419.35,600018
2021-05-20 10:02:59,1419.15,600019
2021-05-20 10:03:00,1419.35,600020
2021-05-20 10:03:01,1419.35,600063
2021-05-20 10:03:02,1419.4,600084
2021-05-20 10:03:03,1419.2,600116
2021-05-20 10:03:04,1419.2,600116
2021-05-20 10:03:05,1419.2,600116
2021-05-20 10:03:06,1419.2,600134
2021-05-20 10:03:07,1419.2,600196
2021-05-20 10:03:08,1419.2,600196
2021-05-20 10:03:09,1419.2,600216
2021-05-20 10:03:10,1419.2,600216
2021-05-20 10:03:11,1419.35,600369
2021-05-20 10:03:12,1419.35,600369
2021-05-20 10:03:13,1419.45,600374
2021-05-20 10:03:15,1419.45,600414
2021-05-20 10:03:16,1419.45,600414
2021-05-20 10:03:18,1419.35,600607
2021-05-20 10:03:19,1419.2,600667
2021-05-20 10:03:20,1419.35,600684
2021-05-20 10:03:20,1419.35,600684
2021-05-20 10:03:21,1419.35,600707
2021-05-20 10:03:22,1419.35,600707
2021-05-20 10:03:23,1419.3,600717
2021-05-20 10:03:26,1419.0,600967
2021-05-20 10:03:27,1419.0,600967
2021-05-20 10:03:28,1419.0,600967
2021-05-20 10:03:29,1419.0,600967
2021-05-20 10:03:30,1419.2,601001
2021-05-20 10:03:31,1419.1,601096
2021-05-20 10:03:31,1419.1,601096
2021-05-20 10:03:32,1419.0,601121
2021-05-20 10:03:33,1419.85,601423
2021-05-20 10:03:34,1419.85,601423
2021-05-20 10:03:35,1419.85,601423
2021-05-20 10:03:37,1419.85,601493
2021-05-20 10:03:38,1419.85,601493
2021-05-20 10:03:39,1419.75,601534
2021-05-20 10:03:40,1419.6,601583
2021-05-20 10:03:41,1419.85,601633
2021-05-20 10:03:44,1419.85,601650
2021-05-20 10:03:45,1419.9,601850
2021-05-20 10:03:46,1419.65,602215
2021-05-20 10:03:47,1419.7,602247
2021-05-20 10:03:47,1419.7,602247
2021-05-20 10:03:48,1419.5,602251
2021-05-20 10:03:49,1419.65,602292
2021-05-20 10:03:51,1419.35,602704
2021-05-20 10:03:52,1419.35,602704
2021-05-20 10:03:54,1419.35,602804
2021-05-20 10:03:54,1419.35,602804
2021-05-20 10:03:55,1419.45,602863
2021-05-20 10:03:57,1419.5,602970
2021-05-20 10:03:59,1419.5,602978
2021-05-20 10:04:01,1419.65,603196
2021-05-20 10:04:02,1419.65,603201
2021-05-20 10:04:03,1419.65,603206
2021-05-20 10:04:03,1419.65,603206
2021-05-20 10:04:05,1419.65,603209
2021-05-20 10:04:07,1419.8,603265
2021-05-20 10:04:08,1419.8,603286
2021-05-20 10:04:09,1419.7,603289
2021-05-20 10:04:10,1419.7,603292
2021-05-20 10:04:10,1419.7,603292
2021-05-20 10:04:12,1419.7,603339
2021-05-20 10:04:13,1419.65,603379
2021-05-20 10:04:14,1419.65,603434
2021-05-20 10:04:15,1419.2,603460
2021-05-20 10:04:16,1419.55,603468
2021-05-20 10:04:17,1419.6,603493
2021-05-20 10:04:18,1419.0,603522
2021-05-20 10:04:20,1419.5,603577
2021-05-20 10:04:21,1419.5,603579
2021-05-20 10:04:22,1419.45,603584
2021-05-20 10:04:23,1419.45,603591
2021-05-20 10:04:24,1419.4,603592
2021-05-20 10:04:25,1419.4,603692
2021-05-20 10:04:26,1419.4,603692
2021-05-20 10:04:27,1419.4,603692
2021-05-20 10:04:28,1419.4,603692
2021-05-20 10:04:29,1419.4,603693
2021-05-20 10:04:29,1419.4,603693
2021-05-20 10:04:31,1419.25,603793
2021-05-20 10:04:31,1419.4,603800
2021-05-20 10:04:33,1419.3,603830
2021-05-20 10:04:35,1419.4,604110
2021-05-20 10:04:37,1419.4,604110
2021-05-20 10:04:37,1419.4,604110
2021-05-20 10:04:39,1419.4,604110
2021-05-20 10:04:40,1419.4,604160
2021-05-20 10:04:41,1419.4,604160
2021-05-20 10:04:42,1419.4,604160
2021-05-20 10:04:43,1419.3,604162
2021-05-20 10:04:44,1419.3,604162
2021-05-20 10:04:45,1419.15,604172
2021-05-20 10:04:45,1419.15,604178
2021-05-20 10:04:47,1419.4,604181
2021-05-20 10:04:48,1419.4,604181
2021-05-20 10:04:49,1419.4,604181
2021-05-20 10:04:50,1419.4,604209
2021-05-20 10:04:51,1418.8,604609
2021-05-20 10:04:52,1419.4,604619
2021-05-20 10:04:53,1418.8,604809
2021-05-20 10:04:54,1418.8,604809
2021-05-20 10:04:55,1418.8,604809
2021-05-20 10:04:56,1419.4,604819
2021-05-20 10:04:57,1419.4,604819
2021-05-20 10:04:57,1419.4,604819
2021-05-20 10:04:59,1419.25,604825
2021-05-20 10:05:00,1419.35,604833
2021-05-20 10:05:01,1419.3,604909
2021-05-20 10:05:02,1419.3,605049
2021-05-20 10:05:03,1419.3,605049
2021-05-20 10:05:03,1419.3,605049
2021-05-20 10:05:05,1419.3,605054
2021-05-20 10:05:06,1419.05,605055
2021-05-20 10:05:07,1419.05,605072
2021-05-20 10:05:08,1419.05,605072
2021-05-20 10:05:09,1419.05,605072
2021-05-20 10:05:10,1419.0,605092
2021-05-20 10:05:11,1419.0,605092
2021-05-20 10:05:12,1419.25,605102
2021-05-20 10:05:14,1419.25,605116
2021-05-20 10:05:15,1419.0,605119
2021-05-20 10:05:16,1419.25,605137
2021-05-20 10:05:17,1419.25,605143
2021-05-20 10:05:17,1419.25,605143
2021-05-20 10:05:19,1419.15,605165
2021-05-20 10:05:20,1419.0,605215
2021-05-20 10:05:21,1419.0,605221
2021-05-20 10:05:22,1419.0,605221
2021-05-20 10:05:23,1418.65,605372
2021-05-20 10:05:24,1418.65,605372
2021-05-20 10:05:25,1418.65,605381
2021-05-20 10:05:26,1418.65,605381
2021-05-20 10:05:27,1419.0,605659
2021-05-20 10:05:28,1419.2,605719
2021-05-20 10:05:28,1419.2,605719
2021-05-20 10:05:30,1419.2,605719
2021-05-20 10:05:32,1419.0,605798
2021-05-20 10:05:33,1419.0,605798
2021-05-20 10:05:34,1419.2,606420
2021-05-20 10:05:35,1419.0,606421
2021-05-20 10:05:36,1419.0,606615
2021-05-20 10:05:37,1419.2,606616
2021-05-20 10:05:38,1419.2,606683
2021-05-20 10:05:39,1419.2,606683
2021-05-20 10:05:39,1419.2,606683
2021-05-20 10:05:40,1419.2,606690
2021-05-20 10:05:42,1419.2,606690
2021-05-20 10:05:43,1419.2,606690
2021-05-20 10:05:44,1419.2,606789
2021-05-20 10:05:45,1419.2,606927
2021-05-20 10:05:46,1419.2,606962
2021-05-20 10:05:48,1419.2,606978
2021-05-20 10:05:49,1419.2,606988
2021-05-20 10:05:50,1419.2,606988
2021-05-20 10:05:51,1419.2,607012
2021-05-20 10:05:52,1419.2,607016
2021-05-20 10:05:53,1419.15,607047
2021-05-20 10:05:54,1419.15,607047
2021-05-20 10:05:55,1419.2,607109
2021-05-20 10:05:55,1419.2,607050
2021-05-20 10:05:57,1419.15,607112
2021-05-20 10:05:58,1419.2,607122
2021-05-20 10:06:00,1419.2,607124
2021-05-20 10:06:01,1419.2,607126
2021-05-20 10:06:02,1419.2,607126
2021-05-20 10:06:03,1419.2,607159
2021-05-20 10:06:04,1419.2,607162
2021-05-20 10:06:05,1419.2,607162
2021-05-20 10:06:05,1419.2,607167
2021-05-20 10:06:06,1419.2,607167
2021-05-20 10:06:08,1419.15,607178
2021-05-20 10:06:11,1419.2,607200
2021-05-20 10:06:12,1419.2,607314
2021-05-20 10:06:13,1419.2,607342
2021-05-20 10:06:14,1419.2,607342
2021-05-20 10:06:15,1419.2,607367
2021-05-20 10:06:16,1419.2,607367
2021-05-20 10:06:17,1419.15,607387
2021-05-20 10:06:18,1419.2,607388
2021-05-20 10:06:19,1419.2,607388
2021-05-20 10:06:20,1419.2,607390
2021-05-20 10:06:21,1419.2,607410
2021-05-20 10:06:22,1419.2,607412
2021-05-20 10:06:23,1419.2,607412
2021-05-20 10:06:24,1419.2,607412
2021-05-20 10:06:25,1419.2,607413
2021-05-20 10:06:26,1419.2,607474
2021-05-20 10:06:27,1419.2,607474
2021-05-20 10:06:28,1419.2,607474
2021-05-20 10:06:29,1419.2,607499
2021-05-20 10:06:30,1419.15,607514
2021-05-20 10:06:31,1419.2,607768
2021-05-20 10:06:32,1419.2,607805
2021-05-20 10:06:33,1419.2,607850
2021-05-20 10:06:34,1419.2,607858
2021-05-20 10:06:35,1419.2,607858
2021-05-20 10:06:36,1419.2,607859
2021-05-20 10:06:37,1419.25,607912
2021-05-20 10:06:38,1419.25,607915
2021-05-20 10:06:39,1419.3,607930
2021-05-20 10:06:40,1419.3,607930
2021-05-20 10:06:41,1419.4,607989
2021-05-20 10:06:42,1419.4,608031
2021-05-20 10:06:43,1419.4,608042
2021-05-20 10:06:45,1419.4,608062
2021-05-20 10:06:46,1419.4,608065
2021-05-20 10:06:47,1419.4,608067
2021-05-20 10:06:48,1419.4,608067
2021-05-20 10:06:49,1419.4,608077
2021-05-20 10:06:50,1419.4,608078
2021-05-20 10:06:51,1419.4,608428
2021-05-20 10:06:52,1419.4,608465
2021-05-20 10:06:53,1419.4,608481
2021-05-20 10:06:55,1419.35,608487
2021-05-20 10:06:56,1419.4,608552
2021-05-20 10:06:57,1419.4,608555
2021-05-20 10:06:58,1419.4,608562
2021-05-20 10:06:59,1419.4,608562
2021-05-20 10:07:00,1419.65,609562
2021-05-20 10:07:01,1419.95,609971
2021-05-20 10:07:02,1419.7,610145
2021-05-20 10:07:03,1419.5,610150
2021-05-20 10:07:04,1419.5,610150
2021-05-20 10:07:05,1419.55,610328
2021-05-20 10:07:06,1419.6,610335
2021-05-20 10:07:07,1419.55,610340
2021-05-20 10:07:08,1419.55,610409
2021-05-20 10:07:09,1419.5,610410
2021-05-20 10:07:10,1419.55,610417
2021-05-20 10:07:11,1419.55,610417
2021-05-20 10:07:12,1419.5,610419
2021-05-20 10:07:13,1419.5,610419
2021-05-20 10:07:14,1419.55,610476
2021-05-20 10:07:15,1419.7,610554
2021-05-20 10:07:16,1419.7,610574
2021-05-20 10:07:17,1419.95,610683
2021-05-20 10:07:18,1419.7,610684
2021-05-20 10:07:19,1419.55,610754
2021-05-20 10:07:20,1419.55,610754
2021-05-20 10:07:21,1419.7,610804
2021-05-20 10:07:22,1419.7,611231
2021-05-20 10:07:23,1419.75,611281
2021-05-20 10:07:24,1419.75,611341
2021-05-20 10:07:25,1419.75,611341
2021-05-20 10:07:26,1419.75,612160
2021-05-20 10:07:27,1419.75,612160
2021-05-20 10:07:28,1419.65,612331
2021-05-20 10:07:31,1419.75,612449
2021-05-20 10:07:32,1419.85,612537
2021-05-20 10:07:33,1419.85,612647
2021-05-20 10:07:34,1419.85,612734
2021-05-20 10:07:35,1419.8,612756
2021-05-20 10:07:36,1419.8,612756
2021-05-20 10:07:37,1419.85,612767
2021-05-20 10:07:38,1419.85,612782
2021-05-20 10:07:39,1419.8,612805
2021-05-20 10:07:40,1419.8,612846
2021-05-20 10:07:42,1419.85,613205
2021-05-20 10:07:43,1419.65,613538
2021-05-20 10:07:44,1419.55,613727
2021-05-20 10:07:46,1419.65,613729
2021-05-20 10:07:47,1419.65,613729
2021-05-20 10:07:49,1419.5,613760
2021-05-20 10:07:48,1419.65,613729
2021-05-20 10:07:50,1419.5,613760
2021-05-20 10:07:51,1419.5,613760
2021-05-20 10:07:52,1419.5,613760
2021-05-20 10:07:54,1419.5,613773
2021-05-20 10:07:55,1419.5,613783
2021-05-20 10:07:56,1419.6,613850
2021-05-20 10:07:58,1419.65,614099
2021-05-20 10:07:59,1419.8,614159
