timestamp,ltp,volume
2021-05-20 09:15:23,114.15,169956
2021-05-20 09:15:30,114.15,198261
2021-05-20 09:15:37,114.45,222762
2021-05-20 09:15:44,114.45,246703
2021-05-20 09:15:51,114.4,270743
2021-05-20 09:15:57,114.45,285379
2021-05-20 09:16:04,114.6,290664
2021-05-20 09:16:22,114.15,388938
2021-05-20 09:16:28,114.0,398074
2021-05-20 09:16:34,114.0,426866
2021-05-20 09:16:40,113.8,440838
2021-05-20 09:16:46,113.9,452711
2021-05-20 09:16:52,113.85,461415
2021-05-20 09:16:58,113.95,469129
2021-05-20 09:17:04,114.0,495315
2021-05-20 09:17:10,113.95,498059
2021-05-20 09:17:16,113.95,507830
2021-05-20 09:17:22,113.9,621476
2021-05-20 09:17:27,113.9,634150
2021-05-20 09:17:33,113.9,652410
2021-05-20 09:17:38,114.0,675221
2021-05-20 09:17:44,114.0,681404
2021-05-20 09:17:50,114.0,684000
2021-05-20 09:17:56,114.05,688738
2021-05-20 09:18:01,114.0,694267
2021-05-20 09:18:07,114.0,711079
2021-05-20 09:18:13,114.05,751758
2021-05-20 09:18:19,113.9,787708
2021-05-20 09:18:25,114.0,790432
2021-05-20 09:18:30,113.85,797944
2021-05-20 09:18:36,113.85,812125
2021-05-20 09:18:42,113.9,818877
2021-05-20 09:18:47,114.0,850669
2021-05-20 09:18:52,114.0,852237
2021-05-20 09:18:58,114.05,856382
2021-05-20 09:19:03,114.05,860721
2021-05-20 09:19:09,114.05,882137
2021-05-20 09:19:14,114.05,887278
2021-05-20 09:19:20,114.0,926175
2021-05-20 09:19:31,113.95,955392
2021-05-20 09:19:37,113.9,960600
2021-05-20 09:19:42,113.95,968324
2021-05-20 09:19:48,113.9,971084
2021-05-20 09:19:53,113.95,971985
2021-05-20 09:19:59,113.9,983133
2021-05-20 09:20:04,113.8,1104598
2021-05-20 09:20:10,113.8,1109535
2021-05-20 09:20:15,113.85,1116594
2021-05-20 09:20:21,113.8,1120510
2021-05-20 09:20:26,113.75,1140185
2021-05-20 09:20:31,113.65,1159583
2021-05-20 09:20:37,113.65,1173065
2021-05-20 09:20:43,113.7,1182881
2021-05-20 09:20:48,113.65,1191745
2021-05-20 09:20:54,113.7,1193790
2021-05-20 09:20:59,113.6,1198802
2021-05-20 09:21:05,113.65,1206553
2021-05-20 09:21:10,113.55,1219301
2021-05-20 09:21:09,113.55,1219245
2021-05-20 09:21:11,113.55,1227494
2021-05-20 09:21:12,113.5,1227639
2021-05-20 09:21:13,113.55,1228039
2021-05-20 09:21:14,113.6,1228436
2021-05-20 09:21:15,113.6,1233514
2021-05-20 09:21:16,113.5,1237264
2021-05-20 09:21:17,113.6,1237484
2021-05-20 09:21:18,113.6,1237834
2021-05-20 09:21:19,113.5,1238301
2021-05-20 09:21:21,113.6,1239562
2021-05-20 09:21:22,113.6,1240134
2021-05-20 09:21:23,113.6,1241479
2021-05-20 09:21:24,113.5,1292393
2021-05-20 09:21:25,113.55,1302779
2021-05-20 09:21:26,113.55,1306929
2021-05-20 09:21:27,113.55,1316385
2021-05-20 09:21:28,113.6,1337989
2021-05-20 09:21:29,113.6,1338919
2021-05-20 09:21:30,113.65,1338926
2021-05-20 09:21:31,113.6,1338996
2021-05-20 09:21:32,113.6,1340452
2021-05-20 09:21:33,113.6,1352558
2021-05-20 09:21:33,113.6,1352701
2021-05-20 09:21:34,113.5,1353601
2021-05-20 09:21:35,113.6,1362072
2021-05-20 09:21:36,113.6,1362785
2021-05-20 09:21:37,113.6,1362785
2021-05-20 09:21:38,113.55,1362840
2021-05-20 09:21:39,113.55,1380399
2021-05-20 09:21:40,113.55,1382478
2021-05-20 09:21:41,113.55,1382479
2021-05-20 09:21:42,113.55,1383627
2021-05-20 09:21:43,113.6,1383657
2021-05-20 09:21:45,113.5,1502053
2021-05-20 09:21:46,113.55,1520617
2021-05-20 09:21:47,113.55,1521033
2021-05-20 09:21:48,113.5,1521433
2021-05-20 09:21:49,113.45,1535837
2021-05-20 09:21:50,113.5,1538083
2021-05-20 09:21:51,113.55,1542973
2021-05-20 09:21:52,113.5,1543383
2021-05-20 09:21:53,113.6,1543438
2021-05-20 09:21:54,113.5,1543446
2021-05-20 09:21:55,113.55,1543461
2021-05-20 09:21:56,113.55,1543470
2021-05-20 09:21:57,113.55,1549880
2021-05-20 09:21:57,113.6,1549984
2021-05-20 09:21:59,113.6,1552145
2021-05-20 09:21:59,113.55,1552230
2021-05-20 09:22:01,113.55,1553905
2021-05-20 09:22:02,113.55,1553905
2021-05-20 09:22:03,113.6,1554005
2021-05-20 09:22:04,113.6,1554005
2021-05-20 09:22:05,113.5,1554355
2021-05-20 09:22:06,113.5,1554355
2021-05-20 09:22:07,113.5,1554505
2021-05-20 09:22:08,113.6,1556639
2021-05-20 09:22:09,113.55,1556740
2021-05-20 09:22:10,113.55,1557540
2021-05-20 09:22:11,113.6,1557773
2021-05-20 09:22:12,113.6,1557773
2021-05-20 09:22:14,113.6,1571737
2021-05-20 09:22:15,113.55,1574291
2021-05-20 09:22:15,113.55,1574291
2021-05-20 09:22:16,113.6,1574392
2021-05-20 09:22:18,113.55,1574543
2021-05-20 09:22:18,113.55,1574543
2021-05-20 09:22:20,113.55,1575898
2021-05-20 09:22:20,113.55,1576225
2021-05-20 09:22:21,113.6,1576226
2021-05-20 09:22:22,113.6,1576228
2021-05-20 09:22:23,113.55,1576256
2021-05-20 09:22:24,113.6,1576531
2021-05-20 09:22:25,113.55,1576561
2021-05-20 09:22:26,113.6,1579339
2021-05-20 09:22:27,113.55,1579351
2021-05-20 09:22:29,113.45,1626453
2021-05-20 09:22:30,113.45,1629214
2021-05-20 09:22:31,113.35,1635631
2021-05-20 09:22:32,113.35,1635909
2021-05-20 09:22:33,113.4,1635916
2021-05-20 09:22:35,113.4,1636968
2021-05-20 09:22:36,113.4,1637224
2021-05-20 09:22:37,113.4,1637247
2021-05-20 09:22:38,113.4,1647394
2021-05-20 09:22:39,113.35,1648700
2021-05-20 09:22:40,113.35,1649886
2021-05-20 09:22:41,113.35,1650241
2021-05-20 09:22:42,113.4,1650358
2021-05-20 09:22:43,113.35,1650488
2021-05-20 09:22:44,113.4,1651005
2021-05-20 09:22:45,113.35,1651006
2021-05-20 09:22:46,113.35,1652717
2021-05-20 09:22:47,113.4,1653838
2021-05-20 09:22:48,113.35,1653988
2021-05-20 09:22:49,113.4,1655432
2021-05-20 09:22:50,113.4,1655433
2021-05-20 09:22:51,113.35,1657433
2021-05-20 09:22:52,113.4,1657490
2021-05-20 09:22:53,113.35,1658091
2021-05-20 09:22:54,113.35,1658120
2021-05-20 09:22:55,113.4,1658330
2021-05-20 09:22:56,113.4,1658669
2021-05-20 09:22:57,113.4,1658719
2021-05-20 09:22:58,113.4,1659091
2021-05-20 09:22:59,113.35,1659282
2021-05-20 09:23:00,113.4,1661638
2021-05-20 09:23:01,113.4,1661688
2021-05-20 09:23:02,113.4,1661798
2021-05-20 09:23:03,113.4,1661878
2021-05-20 09:23:04,113.4,1661978
2021-05-20 09:23:05,113.4,1663095
2021-05-20 09:23:06,113.5,1664456
2021-05-20 09:23:07,113.4,1664510
2021-05-20 09:23:08,113.5,1674342
2021-05-20 09:23:09,113.5,1674695
2021-05-20 09:23:11,113.5,1674822
2021-05-20 09:23:12,113.6,1675757
2021-05-20 09:23:13,113.6,1675759
2021-05-20 09:23:14,113.5,1676509
2021-05-20 09:23:16,113.6,1676764
2021-05-20 09:23:17,113.55,1677894
2021-05-20 09:23:18,113.6,1679244
2021-05-20 09:23:19,113.5,1681249
2021-05-20 09:23:21,113.55,1681530
2021-05-20 09:23:22,113.6,1682080
2021-05-20 09:23:23,113.5,1682092
2021-05-20 09:23:24,113.5,1682092
2021-05-20 09:23:25,113.6,1682808
2021-05-20 09:23:26,113.55,1682868
2021-05-20 09:23:27,113.6,1682869
2021-05-20 09:23:27,113.55,1683074
2021-05-20 09:23:30,113.6,1685689
2021-05-20 09:23:31,113.5,1686217
2021-05-20 09:23:32,113.6,1686367
2021-05-20 09:23:33,113.5,1686369
2021-05-20 09:23:34,113.55,1688880
2021-05-20 09:23:35,113.6,1688881
2021-05-20 09:23:36,113.6,1689981
2021-05-20 09:23:37,113.65,1690681
2021-05-20 09:23:38,113.55,1690869
2021-05-20 09:23:38,113.55,1690869
2021-05-20 09:23:40,113.65,1693932
2021-05-20 09:23:41,113.6,1694532
2021-05-20 09:23:42,113.65,1694534
2021-05-20 09:23:42,113.65,1694534
2021-05-20 09:23:44,113.65,1695690
2021-05-20 09:23:45,113.65,1695816
2021-05-20 09:23:45,113.65,1695821
2021-05-20 09:23:46,113.65,1706140
2021-05-20 09:23:47,113.65,1706252
2021-05-20 09:23:49,113.75,1709352
2021-05-20 09:23:50,113.75,1709352
2021-05-20 09:23:51,113.75,1709513
2021-05-20 09:23:52,113.7,1710320
2021-05-20 09:23:53,113.75,1710962
2021-05-20 09:23:54,113.85,1714019
2021-05-20 09:23:55,113.8,1714419
2021-05-20 09:23:56,113.9,1718384
2021-05-20 09:23:56,113.85,1717384
2021-05-20 09:23:58,113.9,1719006
2021-05-20 09:23:59,113.9,1719006
2021-05-20 09:24:00,113.95,1722556
2021-05-20 09:24:01,113.85,1722587
2021-05-20 09:24:02,113.9,1722588
2021-05-20 09:24:03,113.95,1724342
2021-05-20 09:24:04,113.85,1724844
2021-05-20 09:24:05,113.95,1724970
2021-05-20 09:24:06,113.95,1724970
2021-05-20 09:24:07,113.9,1724975
2021-05-20 09:24:08,113.95,1725540
2021-05-20 09:24:09,113.95,1726890
2021-05-20 09:24:10,113.95,1727174
2021-05-20 09:24:11,113.95,1728224
2021-05-20 09:24:11,113.9,1728724
2021-05-20 09:24:12,113.9,1728857
2021-05-20 09:24:14,114.0,1733310
2021-05-20 09:24:14,114.0,1733310
2021-05-20 09:24:16,113.9,1735415
2021-05-20 09:24:17,113.9,1735415
2021-05-20 09:24:18,113.95,1735506
2021-05-20 09:24:19,114.0,1735646
2021-05-20 09:24:20,113.9,1736471
2021-05-20 09:24:21,113.9,1736471
2021-05-20 09:24:22,114.0,1736472
2021-05-20 09:24:23,113.9,1736683
2021-05-20 09:24:24,113.95,1737109
2021-05-20 09:24:25,113.9,1737260
2021-05-20 09:24:26,113.95,1738045
2021-05-20 09:24:27,113.95,1738045
2021-05-20 09:24:28,113.9,1741747
2021-05-20 09:24:29,113.9,1742348
2021-05-20 09:24:30,114.0,1744353
2021-05-20 09:24:31,113.9,1750320
2021-05-20 09:24:32,113.9,1750320
2021-05-20 09:24:33,113.9,1750350
2021-05-20 09:24:34,113.9,1750411
2021-05-20 09:24:35,113.9,1750691
2021-05-20 09:24:36,113.9,1770841
2021-05-20 09:24:37,113.9,1770942
2021-05-20 09:24:38,113.9,1770949
2021-05-20 09:24:40,113.8,1771802
2021-05-20 09:24:39,113.8,1771802
2021-05-20 09:24:42,113.9,1774308
2021-05-20 09:24:44,113.85,1774318
2021-05-20 09:24:45,113.85,1774318
2021-05-20 09:24:47,113.8,1774623
2021-05-20 09:24:48,113.8,1774723
2021-05-20 09:24:51,113.85,1775880
2021-05-20 09:24:53,113.9,1776045
2021-05-20 09:24:54,113.85,1776649
2021-05-20 09:24:56,113.85,1776670
2021-05-20 09:24:57,113.85,1777854
2021-05-20 09:24:58,113.85,1777889
2021-05-20 09:24:59,113.85,1779135
2021-05-20 09:25:00,113.85,1780041
2021-05-20 09:25:01,113.9,1780101
2021-05-20 09:25:02,113.9,1780601
2021-05-20 09:25:03,113.9,1781110
2021-05-20 09:25:04,113.85,1781112
2021-05-20 09:25:05,113.9,1781699
2021-05-20 09:25:06,113.9,1786699
2021-05-20 09:25:07,113.9,1786699
2021-05-20 09:25:08,113.9,1786699
2021-05-20 09:25:09,113.85,1786707
2021-05-20 09:25:10,113.85,1792786
2021-05-20 09:25:11,113.75,1792886
2021-05-20 09:25:12,113.75,1792886
2021-05-20 09:25:13,113.75,1792886
2021-05-20 09:25:14,113.75,1792922
2021-05-20 09:25:15,113.75,1793447
2021-05-20 09:25:16,113.75,1793598
2021-05-20 09:25:17,113.8,1793599
2021-05-20 09:25:18,113.8,1793599
2021-05-20 09:25:19,113.8,1793599
2021-05-20 09:25:20,113.7,1796915
2021-05-20 09:25:21,113.7,1796920
2021-05-20 09:25:24,113.75,1797831
2021-05-20 09:25:28,113.75,1800328
2021-05-20 09:25:29,113.7,1800934
2021-05-20 09:25:33,113.65,1802472
2021-05-20 09:25:34,113.7,1802673
2021-05-20 09:25:35,113.65,1805592
2021-05-20 09:25:36,113.6,1805892
2021-05-20 09:25:37,113.7,1807802
2021-05-20 09:25:38,113.7,1807811
2021-05-20 09:25:39,113.6,1807815
2021-05-20 09:25:41,113.55,1821237
2021-05-20 09:25:42,113.5,1823362
2021-05-20 09:25:43,113.6,1823662
2021-05-20 09:25:44,113.5,1827764
2021-05-20 09:25:45,113.35,1868398
2021-05-20 09:25:47,113.45,1869935
2021-05-20 09:25:48,113.45,1870435
2021-05-20 09:25:49,113.4,1871376
2021-05-20 09:25:50,113.45,1871681
2021-05-20 09:25:51,113.45,1871681
2021-05-20 09:25:52,113.45,1871681
2021-05-20 09:25:54,113.45,1873706
2021-05-20 09:25:55,113.4,1874987
2021-05-20 09:25:56,113.45,1875047
2021-05-20 09:25:57,113.5,1877547
2021-05-20 09:25:58,113.45,1877548
2021-05-20 09:25:59,113.4,1877773
2021-05-20 09:26:00,113.5,1879923
2021-05-20 09:26:01,113.5,1879923
2021-05-20 09:26:02,113.45,1880127
2021-05-20 09:26:03,113.3,1931475
2021-05-20 09:26:04,113.3,1931789
2021-05-20 09:26:06,113.3,1932689
2021-05-20 09:26:05,113.3,1932689
2021-05-20 09:26:07,113.25,1935120
2021-05-20 09:26:08,113.25,1935145
2021-05-20 09:26:09,113.3,1937371
2021-05-20 09:26:10,113.3,1938633
2021-05-20 09:26:11,113.25,1939083
2021-05-20 09:26:12,113.3,1940083
2021-05-20 09:26:13,113.3,1944363
2021-05-20 09:26:14,113.25,1944548
2021-05-20 09:26:15,113.3,1950488
2021-05-20 09:26:16,113.25,1953371
2021-05-20 09:26:17,113.3,1953661
2021-05-20 09:26:18,113.3,1953766
2021-05-20 09:26:19,113.35,1954329
2021-05-20 09:26:21,113.35,1956125
2021-05-20 09:26:24,113.35,1958442
2021-05-20 09:26:26,113.2,1983752
2021-05-20 09:26:27,113.25,1986095
2021-05-20 09:26:29,113.25,1986385
2021-05-20 09:26:30,113.25,1986490
2021-05-20 09:26:32,113.25,1989621
2021-05-20 09:26:34,113.25,1990423
2021-05-20 09:26:39,113.2,1991566
2021-05-20 09:26:40,113.25,1993375
2021-05-20 09:26:41,113.25,1994695
2021-05-20 09:26:42,113.2,1994702
2021-05-20 09:26:43,113.25,1994859
2021-05-20 09:26:44,113.25,1995459
2021-05-20 09:26:46,113.25,1995674
2021-05-20 09:26:47,113.25,1996974
2021-05-20 09:26:48,113.25,1997991
2021-05-20 09:26:49,113.25,1998116
2021-05-20 09:26:50,113.2,2009865
2021-05-20 09:26:51,113.25,2010550
2021-05-20 09:26:52,113.2,2011174
2021-05-20 09:26:53,113.25,2012132
2021-05-20 09:26:54,113.05,2083530
2021-05-20 09:26:54,113.05,2084153
2021-05-20 09:26:55,113.05,2087670
2021-05-20 09:26:56,113.1,2087781
2021-05-20 09:26:57,113.05,2087946
2021-05-20 09:26:58,113.05,2088000
2021-05-20 09:26:59,113.1,2095701
2021-05-20 09:27:00,113.1,2096911
2021-05-20 09:27:01,113.05,2098142
2021-05-20 09:27:02,113.1,2108290
2021-05-20 09:27:03,113.1,2108299
2021-05-20 09:27:04,113.05,2109188
2021-05-20 09:27:05,113.1,2113766
2021-05-20 09:27:06,113.1,2113776
2021-05-20 09:27:07,113.1,2114461
2021-05-20 09:27:08,113.1,2114861
2021-05-20 09:27:09,113.05,2116716
2021-05-20 09:27:10,113.1,2117016
2021-05-20 09:27:11,113.1,2118121
2021-05-20 09:27:13,113.1,2118949
2021-05-20 09:27:14,113.05,2118970
2021-05-20 09:27:15,113.15,2126169
2021-05-20 09:27:16,113.1,2126653
2021-05-20 09:27:18,113.1,2129139
2021-05-20 09:27:17,113.15,2129014
2021-05-20 09:27:19,113.1,2131147
2021-05-20 09:27:20,113.2,2139205
2021-05-20 09:27:21,113.15,2139908
2021-05-20 09:27:22,113.2,2143481
2021-05-20 09:27:23,113.1,2144616
2021-05-20 09:27:24,113.1,2145821
2021-05-20 09:27:25,113.15,2147021
2021-05-20 09:27:26,113.15,2147021
2021-05-20 09:27:27,113.25,2147271
2021-05-20 09:27:28,113.15,2148271
2021-05-20 09:27:29,113.15,2148271
2021-05-20 09:27:30,113.25,2148296
2021-05-20 09:27:31,113.1,2155414
2021-05-20 09:27:32,113.05,2155819
2021-05-20 09:27:33,113.1,2160869
2021-05-20 09:27:35,113.1,2167832
2021-05-20 09:27:36,113.1,2172082
2021-05-20 09:27:38,113.05,2189099
2021-05-20 09:27:39,113.1,2189317
2021-05-20 09:27:40,113.1,2191105
2021-05-20 09:27:41,113.05,2192709
2021-05-20 09:27:42,113.0,2225458
2021-05-20 09:27:42,113.05,2225558
2021-05-20 09:27:43,113.05,2225826
2021-05-20 09:27:44,113.05,2226202
2021-05-20 09:27:45,113.05,2228402
2021-05-20 09:27:46,113.05,2229146
2021-05-20 09:27:47,113.0,2230409
2021-05-20 09:27:48,113.0,2231347
2021-05-20 09:27:49,113.05,2239753
2021-05-20 09:27:50,113.05,2242840
2021-05-20 09:27:51,113.05,2251042
2021-05-20 09:27:53,113.0,2251242
2021-05-20 09:27:54,113.05,2253426
2021-05-20 09:27:59,113.05,2277553
2021-05-20 09:28:01,113.05,2278466
2021-05-20 09:28:01,113.05,2278547
2021-05-20 09:28:02,113.05,2292411
2021-05-20 09:28:03,113.0,2309330
2021-05-20 09:28:04,113.0,2317030
2021-05-20 09:28:05,113.0,2317882
2021-05-20 09:28:06,113.0,2318086
2021-05-20 09:28:07,113.05,2318096
2021-05-20 09:28:08,113.0,2320026
2021-05-20 09:28:09,112.9,2335951
2021-05-20 09:28:10,112.9,2351388
2021-05-20 09:28:11,112.95,2352424
2021-05-20 09:28:12,112.95,2353338
2021-05-20 09:28:13,112.95,2353453
2021-05-20 09:28:14,112.95,2353553
2021-05-20 09:28:15,112.95,2382827
2021-05-20 09:28:16,112.9,2384081
2021-05-20 09:28:17,112.95,2389690
2021-05-20 09:28:20,112.85,2392770
2021-05-20 09:28:22,112.85,2393274
2021-05-20 09:28:23,112.9,2395084
2021-05-20 09:28:24,112.85,2396224
2021-05-20 09:28:25,112.85,2396729
2021-05-20 09:28:26,112.95,2405887
2021-05-20 09:28:27,112.9,2406387
2021-05-20 09:28:28,112.9,2406507
2021-05-20 09:28:29,112.85,2410628
2021-05-20 09:28:31,112.9,2412628
2021-05-20 09:28:32,112.95,2413236
2021-05-20 09:28:33,112.85,2415321
2021-05-20 09:28:35,112.85,2415498
2021-05-20 09:28:36,112.85,2417778
2021-05-20 09:28:37,112.85,2417828
2021-05-20 09:28:38,112.9,2421116
2021-05-20 09:28:39,112.8,2421163
2021-05-20 09:28:40,112.8,2431419
2021-05-20 09:28:41,112.8,2431424
2021-05-20 09:28:42,112.85,2431559
2021-05-20 09:28:45,112.8,2442566
2021-05-20 09:28:46,112.8,2443130
2021-05-20 09:28:48,112.8,2448166
2021-05-20 09:28:49,112.8,2448668
2021-05-20 09:28:50,112.8,2449508
2021-05-20 09:28:52,112.75,2461467
2021-05-20 09:28:53,112.75,2462338
2021-05-20 09:28:54,112.75,2464208
2021-05-20 09:28:57,112.75,2467305
2021-05-20 09:28:58,112.75,2468012
2021-05-20 09:28:58,112.75,2470014
2021-05-20 09:28:59,112.75,2470065
2021-05-20 09:29:00,112.6,2479623
2021-05-20 09:29:01,112.6,2480571
2021-05-20 09:29:03,112.7,2480851
2021-05-20 09:29:03,112.7,2480851
2021-05-20 09:29:05,112.65,2503258
2021-05-20 09:29:06,112.6,2511805
2021-05-20 09:29:06,112.6,2511805
2021-05-20 09:29:07,112.7,2511810
2021-05-20 09:29:08,112.6,2513630
2021-05-20 09:29:09,112.6,2514742
2021-05-20 09:29:10,112.7,2516984
2021-05-20 09:29:11,112.6,2517699
2021-05-20 09:29:12,112.6,2524912
2021-05-20 09:29:13,112.65,2525180
2021-05-20 09:29:14,112.6,2525872
2021-05-20 09:29:16,112.7,2530005
2021-05-20 09:29:16,112.6,2530506
2021-05-20 09:29:19,112.6,2543056
2021-05-20 09:29:19,112.6,2543056
2021-05-20 09:29:20,112.6,2544161
2021-05-20 09:29:21,112.6,2545185
2021-05-20 09:29:22,112.6,2546005
2021-05-20 09:29:24,112.65,2567024
2021-05-20 09:29:24,112.65,2567023
2021-05-20 09:29:25,112.7,2569104
2021-05-20 09:29:27,112.7,2570125
2021-05-20 09:29:27,112.75,2570412
2021-05-20 09:29:28,112.75,2570412
2021-05-20 09:29:30,112.75,2576290
2021-05-20 09:29:30,112.75,2576300
2021-05-20 09:29:31,112.75,2576373
2021-05-20 09:29:32,112.75,2579952
2021-05-20 09:29:33,112.7,2580453
2021-05-20 09:29:34,112.65,2582353
2021-05-20 09:29:36,112.7,2583828
2021-05-20 09:29:37,112.75,2584182
2021-05-20 09:29:38,112.75,2587532
2021-05-20 09:29:39,112.7,2596512
2021-05-20 09:29:41,112.7,2599575
2021-05-20 09:29:43,112.75,2599823
2021-05-20 09:29:46,112.7,2610536
2021-05-20 09:29:47,112.65,2621166
2021-05-20 09:29:48,112.65,2622106
2021-05-20 09:29:49,112.65,2622749
2021-05-20 09:29:50,112.65,2632497
2021-05-20 09:29:51,112.65,2632665
2021-05-20 09:29:52,112.65,2633018
2021-05-20 09:29:53,112.65,2633069
2021-05-20 09:29:54,112.65,2633639
2021-05-20 09:29:55,112.65,2633690
2021-05-20 09:29:57,112.65,2633915
2021-05-20 09:29:57,112.6,2634238
2021-05-20 09:29:59,112.65,2663082
2021-05-20 09:29:59,112.65,2663982
2021-05-20 09:30:00,112.65,2663995
2021-05-20 09:30:01,112.55,2685797
2021-05-20 09:30:02,112.55,2685797
2021-05-20 09:30:03,112.55,2686922
2021-05-20 09:30:04,112.5,2694695
2021-05-20 09:30:05,112.6,2753791
2021-05-20 09:30:06,112.55,2755322
2021-05-20 09:30:07,112.55,2755323
2021-05-20 09:30:08,112.6,2755549
2021-05-20 09:30:09,112.55,2755961
2021-05-20 09:30:10,112.6,2755971
2021-05-20 09:30:11,112.6,2756096
2021-05-20 09:30:12,112.55,2756196
2021-05-20 09:30:13,112.55,2756397
2021-05-20 09:30:15,112.6,2756407
2021-05-20 09:30:16,112.55,2763686
2021-05-20 09:30:17,112.5,2764961
2021-05-20 09:30:19,112.55,2832624
2021-05-20 09:30:20,112.55,2841227
2021-05-20 09:30:20,112.55,2841576
2021-05-20 09:30:21,112.55,2841576
2021-05-20 09:30:23,112.55,2842309
2021-05-20 09:30:24,112.55,2842352
2021-05-20 09:30:25,112.6,2842415
2021-05-20 09:30:26,112.65,2844402
2021-05-20 09:30:28,112.6,2860185
2021-05-20 09:30:29,112.55,2863597
2021-05-20 09:30:30,112.55,2869670
2021-05-20 09:30:31,112.55,2871233
2021-05-20 09:30:32,112.6,2873024
2021-05-20 09:30:33,112.55,2873587
2021-05-20 09:30:34,112.6,2876217
2021-05-20 09:30:34,112.55,2876220
2021-05-20 09:30:37,112.55,2881176
2021-05-20 09:30:38,112.55,2881900
2021-05-20 09:30:39,112.65,2884350
2021-05-20 09:30:40,112.65,2884350
2021-05-20 09:30:41,112.6,2886091
2021-05-20 09:30:43,112.6,2888037
2021-05-20 09:30:44,112.6,2890337
2021-05-20 09:30:45,112.55,2891423
2021-05-20 09:30:46,112.6,2891734
2021-05-20 09:30:47,112.55,2892018
2021-05-20 09:30:48,112.6,2892028
2021-05-20 09:30:49,112.5,2893086
2021-05-20 09:30:51,112.6,2893627
2021-05-20 09:30:52,112.6,2893793
2021-05-20 09:30:52,112.6,2895793
2021-05-20 09:30:53,112.55,2895817
2021-05-20 09:30:54,112.6,2896099
2021-05-20 09:30:55,112.6,2896230
2021-05-20 09:30:56,112.6,2899097
2021-05-20 09:30:57,112.6,2900065
2021-05-20 09:30:58,112.6,2901466
2021-05-20 09:30:59,112.6,2901984
2021-05-20 09:31:00,112.6,2902674
2021-05-20 09:31:02,112.6,2914938
2021-05-20 09:31:04,112.65,2919017
2021-05-20 09:31:05,112.6,2919335
2021-05-20 09:31:06,112.6,2922255
2021-05-20 09:31:07,112.6,2924818
2021-05-20 09:31:08,112.7,2927712
2021-05-20 09:31:09,112.7,2928184
2021-05-20 09:31:14,112.35,3060083
2021-05-20 09:31:19,112.25,3103461
2021-05-20 09:31:24,112.35,3115126
2021-05-20 09:31:29,112.3,3121749
2021-05-20 09:31:34,112.3,3128588
2021-05-20 09:31:39,112.25,3137941
2021-05-20 09:31:44,112.35,3142216
2021-05-20 09:31:49,112.3,3145930
2021-05-20 09:31:54,112.15,3196028
2021-05-20 09:31:58,112.2,3203199
2021-05-20 09:32:03,112.15,3216949
2021-05-20 09:32:08,112.2,3255584
2021-05-20 09:32:13,112.2,3281571
2021-05-20 09:32:18,112.2,3284553
2021-05-20 09:32:23,112.15,3293751
2021-05-20 09:32:27,112.1,3300131
2021-05-20 09:32:32,112.1,3309404
2021-05-20 09:32:36,112.1,3321622
2021-05-20 09:32:41,112.1,3329446
2021-05-20 09:32:46,112.15,3347940
2021-05-20 09:32:50,112.2,3406494
2021-05-20 09:32:55,112.1,3419375
2021-05-20 09:33:00,112.1,3422212
2021-05-20 09:33:04,112.05,3437072
2021-05-20 09:33:09,112.0,3550591
2021-05-20 09:33:13,112.05,3563045
2021-05-20 09:33:18,112.1,3565279
2021-05-20 09:33:23,112.05,3578211
2021-05-20 09:33:32,112.1,3598531
2021-05-20 09:33:37,112.2,3606144
2021-05-20 09:33:42,112.2,3609976
2021-05-20 09:33:47,112.2,3612679
2021-05-20 09:33:52,112.2,3625041
2021-05-20 09:33:57,112.15,3635311
2021-05-20 09:34:02,112.15,3639082
2021-05-20 09:34:07,112.1,3653751
2021-05-20 09:34:15,112.05,3658454
2021-05-20 09:34:20,112.05,3662623
2021-05-20 09:34:24,112.15,3665095
2021-05-20 09:34:29,112.1,3676926
2021-05-20 09:34:33,112.0,3681136
2021-05-20 09:34:38,112.05,3688068
2021-05-20 09:34:43,112.0,3691971
2021-05-20 09:34:52,112.0,3714105
2021-05-20 09:34:57,112.0,3722459
2021-05-20 09:35:02,111.9,3741138
2021-05-20 09:35:07,111.95,3753482
2021-05-20 09:35:11,111.9,3758250
2021-05-20 09:35:16,111.85,3780952
2021-05-20 09:35:31,112.05,3825583
2021-05-20 09:35:36,112.1,3831290
2021-05-20 09:35:40,112.15,3836369
2021-05-20 09:35:50,112.1,3842063
2021-05-20 09:35:55,112.05,3844315
2021-05-20 09:36:00,112.05,3847752
2021-05-20 09:36:04,112.0,3860961
2021-05-20 09:36:09,112.0,3866288
2021-05-20 09:36:10,111.95,3867491
2021-05-20 09:36:11,112.0,3868162
2021-05-20 09:36:13,111.9,3868624
2021-05-20 09:36:14,111.9,3868647
2021-05-20 09:36:15,112.0,3879193
2021-05-20 09:36:16,111.9,3883195
2021-05-20 09:36:17,111.95,3884471
2021-05-20 09:36:18,112.0,3885131
2021-05-20 09:36:19,112.0,3886524
2021-05-20 09:36:20,112.0,3886882
2021-05-20 09:36:21,112.0,3887024
2021-05-20 09:36:22,111.9,3887490
2021-05-20 09:36:23,112.0,3888722
2021-05-20 09:36:26,112.05,3909374
2021-05-20 09:36:27,112.0,3931877
2021-05-20 09:36:28,112.0,3932395
2021-05-20 09:36:29,112.0,3932557
2021-05-20 09:36:30,112.0,3932605
2021-05-20 09:36:31,112.0,3932644
2021-05-20 09:36:32,111.95,3936070
2021-05-20 09:36:33,111.9,3937216
2021-05-20 09:36:34,111.9,3937593
2021-05-20 09:36:35,111.95,3937687
2021-05-20 09:36:37,111.95,3940798
2021-05-20 09:36:36,111.9,3937936
2021-05-20 09:36:38,111.9,3941906
2021-05-20 09:36:39,111.95,3942261
2021-05-20 09:36:40,111.9,3943462
2021-05-20 09:36:41,111.9,3945171
2021-05-20 09:36:42,111.95,3948972
2021-05-20 09:36:43,111.95,3950414
2021-05-20 09:36:44,111.95,3951231
2021-05-20 09:36:45,111.95,3951619
2021-05-20 09:36:46,111.95,3951758
2021-05-20 09:36:47,111.9,3951789
2021-05-20 09:36:48,111.95,3951916
2021-05-20 09:36:49,111.95,3951962
2021-05-20 09:36:50,111.95,3952423
2021-05-20 09:36:51,111.95,3956866
2021-05-20 09:36:52,111.95,3958297
2021-05-20 09:36:53,112.05,3974041
2021-05-20 09:36:54,111.95,3977481
2021-05-20 09:36:55,111.95,3978314
2021-05-20 09:36:56,112.05,3978541
2021-05-20 09:36:57,111.95,3978617
2021-05-20 09:36:58,112.0,3978893
2021-05-20 09:36:59,111.95,3978969
2021-05-20 09:37:01,112.0,3979375
2021-05-20 09:37:01,111.95,3979615
2021-05-20 09:37:02,112.0,3979673
2021-05-20 09:37:03,112.0,3979851
2021-05-20 09:37:04,112.0,3979989
2021-05-20 09:37:05,112.05,3980803
2021-05-20 09:37:06,112.0,3981598
2021-05-20 09:37:07,112.0,3981953
2021-05-20 09:37:08,112.1,3983251
2021-05-20 09:37:09,112.05,3985031
2021-05-20 09:37:11,112.05,3985772
2021-05-20 09:37:11,112.05,3985934
2021-05-20 09:37:12,112.05,3986093
2021-05-20 09:37:13,112.15,3986144
2021-05-20 09:37:14,112.15,3986361
2021-05-20 09:37:15,112.15,3986413
2021-05-20 09:37:17,112.15,3986787
2021-05-20 09:37:18,112.15,3987164
2021-05-20 09:37:19,112.1,3987374
2021-05-20 09:37:20,112.15,3987455
2021-05-20 09:37:21,112.2,3989257
2021-05-20 09:37:22,112.15,3989652
2021-05-20 09:37:23,112.3,4011956
2021-05-20 09:37:24,112.2,4019864
2021-05-20 09:37:25,112.2,4024882
2021-05-20 09:37:26,112.15,4025979
2021-05-20 09:37:27,112.2,4026341
2021-05-20 09:37:28,112.15,4026420
2021-05-20 09:37:29,112.3,4026986
2021-05-20 09:37:30,112.2,4030311
2021-05-20 09:37:31,112.25,4031375
2021-05-20 09:37:32,112.25,4031718
2021-05-20 09:37:33,112.25,4032502
2021-05-20 09:37:34,112.25,4032982
2021-05-20 09:37:35,112.25,4039226
2021-05-20 09:37:36,112.25,4040788
2021-05-20 09:37:37,112.2,4042649
2021-05-20 09:37:38,112.25,4045384
2021-05-20 09:37:39,112.15,4046875
2021-05-20 09:37:40,112.15,4053994
2021-05-20 09:37:41,112.1,4058141
2021-05-20 09:37:42,112.05,4063374
2021-05-20 09:37:43,112.15,4065517
2021-05-20 09:37:44,112.15,4066497
2021-05-20 09:37:46,112.05,4070523
2021-05-20 09:37:47,112.15,4072208
2021-05-20 09:37:48,112.15,4072711
2021-05-20 09:37:49,112.15,4073421
2021-05-20 09:37:50,112.15,4073801
2021-05-20 09:37:51,112.15,4074211
2021-05-20 09:37:52,112.2,4074368
2021-05-20 09:37:53,112.15,4074403
2021-05-20 09:37:54,112.2,4074622
2021-05-20 09:37:55,112.15,4078849
2021-05-20 09:37:56,112.15,4080291
2021-05-20 09:37:57,112.2,4080616
2021-05-20 09:37:58,112.2,4080710
2021-05-20 09:37:59,112.2,4080836
2021-05-20 09:38:00,112.25,4080884
2021-05-20 09:38:01,112.15,4081150
2021-05-20 09:38:02,112.15,4081303
2021-05-20 09:38:03,112.25,4081337
2021-05-20 09:38:04,112.25,4082044
2021-05-20 09:38:05,112.25,4082434
2021-05-20 09:38:06,112.2,4082512
2021-05-20 09:38:09,112.2,4085771
2021-05-20 09:38:10,112.3,4089351
2021-05-20 09:38:11,112.3,4090069
2021-05-20 09:38:12,112.25,4092403
2021-05-20 09:38:13,112.2,4093069
2021-05-20 09:38:14,112.2,4093205
2021-05-20 09:38:15,112.2,4095337
2021-05-20 09:38:16,112.25,4095914
2021-05-20 09:38:17,112.25,4096695
2021-05-20 09:38:18,112.2,4096843
2021-05-20 09:38:21,112.25,4097779
2021-05-20 09:38:23,112.25,4098365
2021-05-20 09:38:24,112.25,4099149
2021-05-20 09:38:25,112.25,4099298
2021-05-20 09:38:26,112.3,4099637
2021-05-20 09:38:28,112.3,4101543
2021-05-20 09:38:29,112.4,4103406
2021-05-20 09:38:30,112.3,4103759
2021-05-20 09:38:31,112.4,4103877
2021-05-20 09:38:33,112.4,4105817
2021-05-20 09:38:32,112.3,4105003
2021-05-20 09:38:34,112.3,4106077
2021-05-20 09:38:35,112.35,4107941
2021-05-20 09:38:36,112.35,4109004
2021-05-20 09:38:37,112.3,4109808
2021-05-20 09:38:38,112.35,4110381
2021-05-20 09:38:39,112.4,4110853
2021-05-20 09:38:40,112.4,4112083
2021-05-20 09:38:41,112.3,4115447
2021-05-20 09:38:42,112.4,4116471
2021-05-20 09:38:43,112.4,4117214
2021-05-20 09:38:44,112.3,4152580
2021-05-20 09:38:45,112.25,4166557
2021-05-20 09:38:47,112.2,4167533
2021-05-20 09:38:47,112.2,4168125
2021-05-20 09:38:48,112.2,4169259
2021-05-20 09:38:50,112.2,4183508
2021-05-20 09:38:51,112.15,4186149
2021-05-20 09:38:52,112.25,4188090
2021-05-20 09:38:53,112.25,4189513
2021-05-20 09:38:54,112.25,4189906
2021-05-20 09:38:55,112.25,4189982
2021-05-20 09:38:56,112.2,4190642
2021-05-20 09:38:57,112.2,4190946
2021-05-20 09:38:58,112.2,4191008
2021-05-20 09:38:59,112.15,4193634
2021-05-20 09:39:00,112.15,4194487
2021-05-20 09:39:01,112.1,4204575
2021-05-20 09:39:02,112.15,4214011
2021-05-20 09:39:04,112.0,4218652
2021-05-20 09:39:04,112.0,4218652
2021-05-20 09:39:06,112.1,4219662
2021-05-20 09:39:06,112.1,4220234
2021-05-20 09:39:08,112.1,4220653
2021-05-20 09:39:09,112.1,4221247
2021-05-20 09:39:10,112.1,4221723
2021-05-20 09:39:11,112.1,4221832
2021-05-20 09:39:11,112.1,4221972
2021-05-20 09:39:12,112.05,4222000
2021-05-20 09:39:13,112.1,4222325
2021-05-20 09:39:14,112.1,4224857
2021-05-20 09:39:15,112.1,4225464
2021-05-20 09:39:16,112.1,4225835
2021-05-20 09:39:17,112.1,4226459
2021-05-20 09:39:18,112.1,4227484
2021-05-20 09:39:19,112.1,4227899
2021-05-20 09:39:20,112.05,4228623
2021-05-20 09:39:22,112.1,4230558
2021-05-20 09:39:23,112.1,4232223
2021-05-20 09:39:24,112.1,4233354
2021-05-20 09:39:25,112.05,4233618
2021-05-20 09:39:27,112.05,4234980
2021-05-20 09:39:28,112.15,4236439
2021-05-20 09:39:29,112.1,4237048
2021-05-20 09:39:30,112.15,4237814
2021-05-20 09:39:31,112.15,4238000
2021-05-20 09:39:32,112.1,4238152
2021-05-20 09:39:34,112.1,4238397
2021-05-20 09:39:36,112.15,4241046
2021-05-20 09:39:36,112.2,4242266
2021-05-20 09:39:38,112.15,4243605
2021-05-20 09:39:39,112.15,4243873
2021-05-20 09:39:40,112.15,4243927
2021-05-20 09:39:41,112.2,4245022
2021-05-20 09:39:42,112.2,4245277
2021-05-20 09:39:43,112.2,4245364
2021-05-20 09:39:43,112.2,4245532
2021-05-20 09:39:44,112.2,4246582
2021-05-20 09:39:45,112.2,4246893
2021-05-20 09:39:46,112.15,4247476
2021-05-20 09:39:47,112.15,4247893
2021-05-20 09:39:48,112.2,4248175
2021-05-20 09:39:49,112.2,4248468
2021-05-20 09:39:51,112.2,4248777
2021-05-20 09:39:51,112.2,4249134
2021-05-20 09:39:52,112.15,4249729
2021-05-20 09:39:53,112.2,4250054
2021-05-20 09:39:54,112.2,4250184
2021-05-20 09:39:56,112.2,4250811
2021-05-20 09:39:57,112.1,4262880
2021-05-20 09:39:57,112.0,4265227
2021-05-20 09:39:59,112.05,4265677
2021-05-20 09:39:59,112.0,4302840
2021-05-20 09:40:00,112.0,4330144
2021-05-20 09:40:01,112.0,4332345
2021-05-20 09:40:02,111.9,4333205
2021-05-20 09:40:03,112.0,4333508
2021-05-20 09:40:05,111.85,4342299
2021-05-20 09:40:06,112.0,4345244
2021-05-20 09:40:07,111.9,4346745
2021-05-20 09:40:08,111.9,4347090
2021-05-20 09:40:09,112.0,4352666
2021-05-20 09:40:09,112.05,4353812
2021-05-20 09:40:10,112.0,4354583
2021-05-20 09:40:11,112.05,4354738
2021-05-20 09:40:12,112.0,4354920
2021-05-20 09:40:14,112.0,4358847
2021-05-20 09:40:15,112.0,4359536
2021-05-20 09:40:16,112.0,4359785
2021-05-20 09:40:17,112.0,4364786
2021-05-20 09:40:19,111.9,4366358
2021-05-20 09:40:21,111.95,4368486
2021-05-20 09:40:21,112.05,4368988
2021-05-20 09:40:22,112.0,4369088
2021-05-20 09:40:23,111.95,4369508
2021-05-20 09:40:24,111.95,4370468
2021-05-20 09:40:25,112.05,4373985
2021-05-20 09:40:26,111.95,4375407
2021-05-20 09:40:27,112.0,4375763
2021-05-20 09:40:28,112.0,4375945
2021-05-20 09:40:29,112.0,4376281
2021-05-20 09:40:30,111.9,4377739
2021-05-20 09:40:31,112.0,4378289
2021-05-20 09:40:32,111.9,4378409
2021-05-20 09:40:33,112.0,4378792
2021-05-20 09:40:34,112.0,4380192
2021-05-20 09:40:35,112.0,4380480
2021-05-20 09:40:37,111.95,4382069
2021-05-20 09:40:38,112.0,4382344
2021-05-20 09:40:39,111.9,4383311
2021-05-20 09:40:40,111.9,4384194
2021-05-20 09:40:42,111.9,4384374
2021-05-20 09:40:44,112.0,4384665
2021-05-20 09:40:45,112.0,4384740
2021-05-20 09:40:45,111.9,4384754
2021-05-20 09:40:46,112.0,4385667
2021-05-20 09:40:49,111.95,4387600
2021-05-20 09:40:50,111.95,4388596
2021-05-20 09:40:51,111.95,4389184
2021-05-20 09:40:52,111.95,4389317
2021-05-20 09:40:53,112.0,4389364
2021-05-20 09:40:54,111.95,4389373
2021-05-20 09:40:54,112.0,4389426
2021-05-20 09:40:56,111.95,4389474
2021-05-20 09:40:57,112.0,4389979
2021-05-20 09:40:59,111.95,4390011
2021-05-20 09:41:00,112.0,4390837
2021-05-20 09:41:01,112.0,4392495
2021-05-20 09:41:02,112.0,4392912
2021-05-20 09:41:03,112.0,4393462
2021-05-20 09:41:05,112.0,4394177
2021-05-20 09:41:06,112.0,4395811
2021-05-20 09:41:07,112.0,4396079
2021-05-20 09:41:08,111.95,4396182
2021-05-20 09:41:09,111.95,4396234
2021-05-20 09:41:10,112.0,4396494
2021-05-20 09:41:11,111.95,4396652
2021-05-20 09:41:12,111.95,4396692
2021-05-20 09:41:13,112.0,4396720
2021-05-20 09:41:14,112.0,4396809
2021-05-20 09:41:15,112.0,4409530
2021-05-20 09:41:16,112.05,4412103
2021-05-20 09:41:17,112.05,4412754
2021-05-20 09:41:18,112.05,4412891
2021-05-20 09:41:19,111.95,4412933
2021-05-20 09:41:20,112.05,4413693
2021-05-20 09:41:21,112.0,4413837
2021-05-20 09:41:22,112.0,4413871
2021-05-20 09:41:23,112.05,4413908
2021-05-20 09:41:24,112.0,4414410
2021-05-20 09:41:25,112.05,4414685
2021-05-20 09:41:26,112.0,4414798
2021-05-20 09:41:27,112.05,4415580
2021-05-20 09:41:28,112.05,4415837
2021-05-20 09:41:29,112.05,4416592
2021-05-20 09:41:30,112.05,4418295
2021-05-20 09:41:31,112.0,4418719
2021-05-20 09:41:32,112.05,4419063
2021-05-20 09:41:34,112.05,4422345
2021-05-20 09:41:35,112.05,4422485
2021-05-20 09:41:36,112.1,4422523
2021-05-20 09:41:37,112.05,4422534
2021-05-20 09:41:38,112.05,4422677
2021-05-20 09:41:39,112.05,4422708
2021-05-20 09:41:40,112.1,4422715
2021-05-20 09:41:41,112.15,4423986
2021-05-20 09:41:42,112.15,4424295
2021-05-20 09:41:44,112.15,4424524
2021-05-20 09:41:45,112.15,4424724
2021-05-20 09:41:46,112.15,4424791
2021-05-20 09:41:47,112.1,4424996
2021-05-20 09:41:48,112.15,4425440
2021-05-20 09:41:49,112.15,4425735
2021-05-20 09:41:50,112.1,4426144
2021-05-20 09:41:51,112.1,4427627
2021-05-20 09:41:52,112.1,4428015
2021-05-20 09:41:53,112.15,4428231
2021-05-20 09:41:54,112.0,4505849
2021-05-20 09:41:55,111.95,4520414
2021-05-20 09:41:56,112.0,4523370
2021-05-20 09:41:57,112.0,4526603
2021-05-20 09:41:58,112.0,4526907
2021-05-20 09:41:59,111.95,4531212
2021-05-20 09:42:00,111.95,4532115
2021-05-20 09:42:01,111.95,4532556
2021-05-20 09:42:02,111.95,4532916
2021-05-20 09:42:03,111.95,4533084
2021-05-20 09:42:04,112.0,4558584
2021-05-20 09:42:06,112.0,4563310
2021-05-20 09:42:07,112.0,4564601
2021-05-20 09:42:08,111.9,4565177
2021-05-20 09:42:08,112.0,4565294
2021-05-20 09:42:09,111.95,4565317
2021-05-20 09:42:10,111.9,4565625
2021-05-20 09:42:11,112.0,4566463
2021-05-20 09:42:12,111.95,4567126
2021-05-20 09:42:13,111.9,4567251
2021-05-20 09:42:14,111.9,4576102
2021-05-20 09:42:15,111.95,4581145
2021-05-20 09:42:17,112.0,4582503
2021-05-20 09:42:18,112.05,4582896
2021-05-20 09:42:18,112.0,4582970
2021-05-20 09:42:20,112.05,4585429
2021-05-20 09:42:20,112.05,4584200
2021-05-20 09:42:21,112.0,4585791
2021-05-20 09:42:22,112.05,4586926
2021-05-20 09:42:23,112.0,4587741
2021-05-20 09:42:24,112.0,4587961
2021-05-20 09:42:26,111.95,4588615
2021-05-20 09:42:27,112.05,4588753
2021-05-20 09:42:28,112.05,4589912
2021-05-20 09:42:29,111.95,4590689
2021-05-20 09:42:29,112.05,4590472
2021-05-20 09:42:32,112.05,4591140
2021-05-20 09:42:33,112.05,4591965
2021-05-20 09:42:34,112.0,4592235
2021-05-20 09:42:35,112.05,4592297
2021-05-20 09:42:37,112.0,4593079
2021-05-20 09:42:39,112.0,4598475
2021-05-20 09:42:40,112.0,4599659
2021-05-20 09:42:41,112.05,4599924
2021-05-20 09:42:41,112.05,4599987
2021-05-20 09:42:42,112.0,4600295
2021-05-20 09:42:43,112.05,4600807
2021-05-20 09:42:44,112.1,4601345
2021-05-20 09:42:45,112.05,4601597
2021-05-20 09:42:46,112.15,4601683
2021-05-20 09:42:47,112.15,4601781
2021-05-20 09:42:48,112.15,4601919
2021-05-20 09:42:49,112.1,4603136
2021-05-20 09:42:50,112.1,4603366
2021-05-20 09:42:51,112.1,4603430
2021-05-20 09:42:52,112.15,4603497
2021-05-20 09:42:53,112.15,4603516
2021-05-20 09:42:54,112.1,4604082
2021-05-20 09:42:55,112.1,4608935
2021-05-20 09:42:56,112.05,4610063
2021-05-20 09:42:57,112.15,4610988
2021-05-20 09:42:58,112.05,4611224
2021-05-20 09:42:59,112.05,4611412
2021-05-20 09:43:00,112.05,4611742
2021-05-20 09:43:01,112.15,4611974
2021-05-20 09:43:02,112.05,4612418
2021-05-20 09:43:03,112.1,4613507
2021-05-20 09:43:04,112.05,4613825
2021-05-20 09:43:05,112.1,4614140
2021-05-20 09:43:06,112.1,4614233
2021-05-20 09:43:07,112.1,4614256
2021-05-20 09:43:08,112.05,4614779
2021-05-20 09:43:09,112.1,4614889
2021-05-20 09:43:10,112.05,4614910
2021-05-20 09:43:11,112.05,4614914
2021-05-20 09:43:12,112.05,4614941
2021-05-20 09:43:13,112.05,4615061
2021-05-20 09:43:14,112.1,4615336
2021-05-20 09:43:15,112.1,4615644
2021-05-20 09:43:17,112.1,4615753
2021-05-20 09:43:18,112.05,4615777
2021-05-20 09:43:19,112.05,4615783
2021-05-20 09:43:20,112.1,4615804
2021-05-20 09:43:22,112.1,4615984
2021-05-20 09:43:24,112.2,4625492
2021-05-20 09:43:24,112.15,4626602
2021-05-20 09:43:25,112.15,4626841
2021-05-20 09:43:27,112.15,4627010
2021-05-20 09:43:29,112.1,4627111
2021-05-20 09:43:31,112.15,4627829
2021-05-20 09:43:32,112.15,4628029
2021-05-20 09:43:32,112.1,4628069
2021-05-20 09:43:33,112.15,4628328
2021-05-20 09:43:35,112.1,4629432
2021-05-20 09:43:35,112.2,4629248
2021-05-20 09:43:36,112.1,4629721
2021-05-20 09:43:37,112.1,4629800
2021-05-20 09:43:38,112.2,4629840
2021-05-20 09:43:39,112.2,4631048
2021-05-20 09:43:40,112.2,4631787
2021-05-20 09:43:41,112.2,4632280
2021-05-20 09:43:42,112.15,4632373
2021-05-20 09:43:44,112.2,4632530
2021-05-20 09:43:44,112.25,4632761
2021-05-20 09:43:45,112.15,4633707
2021-05-20 09:43:47,112.15,4634356
2021-05-20 09:43:48,112.2,4636074
2021-05-20 09:43:48,112.25,4635787
2021-05-20 09:43:49,112.25,4637231
2021-05-20 09:43:50,112.25,4637460
2021-05-20 09:43:52,112.25,4638363
2021-05-20 09:43:53,112.25,4641813
2021-05-20 09:43:54,112.15,4644803
2021-05-20 09:43:54,112.25,4644327
2021-05-20 09:43:56,112.25,4645016
2021-05-20 09:43:57,112.25,4645208
2021-05-20 09:43:57,112.2,4645247
2021-05-20 09:43:58,112.25,4647451
2021-05-20 09:43:59,112.25,4647898
2021-05-20 09:44:00,112.25,4648117
2021-05-20 09:44:01,112.25,4648216
2021-05-20 09:44:02,112.2,4650081
2021-05-20 09:44:03,112.15,4671361
2021-05-20 09:44:05,112.15,4679587
2021-05-20 09:44:05,112.15,4682233
2021-05-20 09:44:07,112.15,4683366
2021-05-20 09:44:08,112.15,4683697
2021-05-20 09:44:09,112.15,4686335
2021-05-20 09:44:10,112.15,4687397
2021-05-20 09:44:12,112.15,4689404
2021-05-20 09:44:12,112.1,4690789
2021-05-20 09:44:13,112.15,4691137
2021-05-20 09:44:14,112.15,4691275
2021-05-20 09:44:15,112.1,4695139
2021-05-20 09:44:17,112.05,4696416
2021-05-20 09:44:18,112.1,4697181
2021-05-20 09:44:19,112.1,4705497
2021-05-20 09:44:20,112.0,4707269
2021-05-20 09:44:21,112.0,4707604
2021-05-20 09:44:22,112.1,4708940
2021-05-20 09:44:23,112.0,4709296
2021-05-20 09:44:24,112.1,4709621
2021-05-20 09:44:25,112.1,4709684
2021-05-20 09:44:25,112.1,4710273
2021-05-20 09:44:26,112.0,4715487
2021-05-20 09:44:27,112.0,4717772
2021-05-20 09:44:29,112.05,4718206
2021-05-20 09:44:29,112.1,4718309
2021-05-20 09:44:31,112.1,4718340
2021-05-20 09:44:31,112.0,4718346
2021-05-20 09:44:33,112.1,4718448
2021-05-20 09:44:34,112.05,4718470
2021-05-20 09:44:35,112.1,4719394
2021-05-20 09:44:36,112.1,4719590
2021-05-20 09:44:37,112.05,4719978
2021-05-20 09:44:37,112.05,4720052
2021-05-20 09:44:38,112.1,4720170
2021-05-20 09:44:39,112.1,4720418
2021-05-20 09:44:41,112.05,4720486
2021-05-20 09:44:42,112.1,4720700
2021-05-20 09:44:43,112.1,4720932
2021-05-20 09:44:43,112.1,4721176
2021-05-20 09:44:44,112.05,4722272
2021-05-20 09:44:46,112.1,4723376
2021-05-20 09:44:47,112.05,4724399
2021-05-20 09:44:49,112.1,4724846
2021-05-20 09:44:49,112.1,4725626
2021-05-20 09:44:50,112.15,4725834
2021-05-20 09:44:51,112.1,4725877
2021-05-20 09:44:52,112.1,4725886
2021-05-20 09:44:53,112.15,4726037
2021-05-20 09:44:55,112.15,4727139
2021-05-20 09:44:56,112.1,4727380
2021-05-20 09:44:58,112.1,4727438
2021-05-20 09:44:59,112.1,4727470
2021-05-20 09:45:00,112.1,4727476
2021-05-20 09:45:00,112.1,4727477
2021-05-20 09:45:01,112.15,4727499
2021-05-20 09:45:03,112.1,4727503
2021-05-20 09:45:04,112.1,4727505
2021-05-20 09:45:04,112.1,4727505
2021-05-20 09:45:05,112.15,4727567
2021-05-20 09:45:07,112.15,4727590
2021-05-20 09:45:07,112.2,4728983
2021-05-20 09:45:08,112.15,4729246
2021-05-20 09:45:10,112.15,4729296
2021-05-20 09:45:11,112.2,4730457
2021-05-20 09:45:12,112.15,4730679
2021-05-20 09:45:13,112.15,4730769
2021-05-20 09:45:14,112.2,4731531
2021-05-20 09:45:15,112.15,4731780
2021-05-20 09:45:16,112.15,4731828
2021-05-20 09:45:17,112.15,4731876
2021-05-20 09:45:18,112.15,4731895
2021-05-20 09:45:19,112.2,4732200
2021-05-20 09:45:20,112.15,4732615
2021-05-20 09:45:21,112.2,4732796
2021-05-20 09:45:22,112.15,4734030
2021-05-20 09:45:23,112.15,4734364
2021-05-20 09:45:24,112.2,4734447
2021-05-20 09:45:25,112.15,4734569
2021-05-20 09:45:26,112.2,4735100
2021-05-20 09:45:27,112.15,4735319
2021-05-20 09:45:28,112.2,4735462
2021-05-20 09:45:29,112.2,4735539
2021-05-20 09:45:30,112.15,4735866
2021-05-20 09:45:31,112.25,4747024
2021-05-20 09:45:32,112.2,4749309
2021-05-20 09:45:34,112.15,4751844
2021-05-20 09:45:35,112.15,4751937
2021-05-20 09:45:36,112.25,4755367
2021-05-20 09:45:37,112.2,4756358
2021-05-20 09:45:38,112.15,4756545
2021-05-20 09:45:39,112.25,4758277
2021-05-20 09:45:40,112.2,4758624
2021-05-20 09:45:41,112.15,4758692
2021-05-20 09:45:43,112.25,4759179
2021-05-20 09:45:44,112.15,4759258
2021-05-20 09:45:45,112.25,4759707
2021-05-20 09:45:47,112.25,4760050
2021-05-20 09:45:46,112.15,4759992
2021-05-20 09:45:48,112.15,4785952
2021-05-20 09:45:49,112.05,4791153
2021-05-20 09:45:50,112.15,4792719
2021-05-20 09:45:51,112.15,4793116
2021-05-20 09:45:52,112.15,4793404
2021-05-20 09:45:53,112.15,4794468
2021-05-20 09:45:54,112.15,4794731
2021-05-20 09:45:55,112.1,4794784
2021-05-20 09:45:56,112.1,4794895
2021-05-20 09:45:57,112.15,4795048
2021-05-20 09:45:58,112.1,4795079
2021-05-20 09:45:59,112.15,4795275
2021-05-20 09:46:00,112.1,4798635
2021-05-20 09:46:01,112.15,4799312
2021-05-20 09:46:02,112.15,4799448
2021-05-20 09:46:03,112.2,4799595
2021-05-20 09:46:04,112.2,4799727
2021-05-20 09:46:05,112.2,4799757
2021-05-20 09:46:06,112.15,4799763
2021-05-20 09:46:07,112.2,4799875
2021-05-20 09:46:08,112.2,4799946
2021-05-20 09:46:09,112.2,4800060
2021-05-20 09:46:10,112.15,4800283
2021-05-20 09:46:11,112.15,4800325
2021-05-20 09:46:12,112.2,4800378
2021-05-20 09:46:13,112.2,4800544
2021-05-20 09:46:14,112.2,4800601
2021-05-20 09:46:15,112.15,4800613
2021-05-20 09:46:16,112.2,4800627
2021-05-20 09:46:17,112.15,4800689
2021-05-20 09:46:18,112.15,4800701
2021-05-20 09:46:19,112.2,4800853
2021-05-20 09:46:20,112.2,4800931
2021-05-20 09:46:21,112.2,4802530
2021-05-20 09:46:22,112.15,4803145
2021-05-20 09:46:23,112.15,4803260
2021-05-20 09:46:24,112.2,4803294
2021-05-20 09:46:25,112.2,4804496
2021-05-20 09:46:26,112.15,4804723
2021-05-20 09:46:29,112.15,4807282
2021-05-20 09:46:28,112.2,4806948
2021-05-20 09:46:30,112.2,4809325
2021-05-20 09:46:31,112.2,4810288
2021-05-20 09:46:34,112.15,4810609
2021-05-20 09:46:33,112.2,4810588
2021-05-20 09:46:35,112.2,4811663
2021-05-20 09:46:36,112.15,4811860
2021-05-20 09:46:37,112.15,4812410
2021-05-20 09:46:38,112.25,4814304
2021-05-20 09:46:39,112.25,4815178
2021-05-20 09:46:40,112.15,4816373
2021-05-20 09:46:42,112.2,4818204
2021-05-20 09:46:41,112.25,4817226
2021-05-20 09:46:43,112.15,4818390
2021-05-20 09:46:44,112.15,4818535
2021-05-20 09:46:45,112.25,4818833
2021-05-20 09:46:46,112.25,4818894
2021-05-20 09:46:47,112.15,4818931
2021-05-20 09:46:48,112.25,4819477
2021-05-20 09:46:49,112.15,4819627
2021-05-20 09:46:50,112.25,4819855
2021-05-20 09:46:51,112.15,4819898
2021-05-20 09:46:52,112.15,4819926
2021-05-20 09:46:54,112.3,4823257
2021-05-20 09:46:55,112.25,4824116
2021-05-20 09:46:56,112.2,4824288
2021-05-20 09:46:57,112.2,4824841
2021-05-20 09:46:58,112.25,4825797
2021-05-20 09:46:59,112.2,4828879
2021-05-20 09:47:00,112.2,4829461
2021-05-20 09:47:01,112.2,4829947
2021-05-20 09:47:02,112.2,4830371
2021-05-20 09:47:03,112.3,4831317
2021-05-20 09:47:05,112.2,4831662
2021-05-20 09:47:06,112.2,4846647
2021-05-20 09:47:07,112.25,4850800
2021-05-20 09:47:08,112.2,4852860
2021-05-20 09:47:09,112.2,4854001
2021-05-20 09:47:10,112.15,4854397
2021-05-20 09:47:14,112.15,4858069
2021-05-20 09:47:13,112.25,4856971
2021-05-20 09:47:16,112.15,4858701
2021-05-20 09:47:18,112.2,4859227
2021-05-20 09:47:18,112.15,4859326
2021-05-20 09:47:19,112.25,4860249
2021-05-20 09:47:20,112.25,4861441
2021-05-20 09:47:21,112.15,4861968
2021-05-20 09:47:23,112.15,4862636
2021-05-20 09:47:23,112.25,4862813
2021-05-20 09:47:24,112.25,4864248
2021-05-20 09:47:26,112.25,4865197
2021-05-20 09:47:27,112.15,4870905
2021-05-20 09:47:28,112.15,4871781
2021-05-20 09:47:30,112.2,4872227
2021-05-20 09:47:32,112.2,4872735
2021-05-20 09:47:33,112.25,4873834
2021-05-20 09:47:35,112.25,4874193
2021-05-20 09:47:36,112.2,4874267
2021-05-20 09:47:37,112.35,4916607
2021-05-20 09:47:41,112.35,4961239
2021-05-20 09:47:42,112.45,4963097
2021-05-20 09:47:43,112.35,4963449
2021-05-20 09:47:44,112.35,4963715
2021-05-20 09:47:45,112.45,4963790
2021-05-20 09:47:46,112.35,4964705
2021-05-20 09:47:47,112.45,4964929
2021-05-20 09:47:48,112.35,4970502
2021-05-20 09:47:49,112.4,4972123
2021-05-20 09:47:51,112.3,4975652
2021-05-20 09:47:52,112.3,4976012
2021-05-20 09:47:53,112.35,4976624
2021-05-20 09:47:54,112.3,4976829
2021-05-20 09:47:55,112.4,4977499
2021-05-20 09:47:56,112.4,4977826
2021-05-20 09:48:00,112.3,4983566
2021-05-20 09:48:01,112.3,4984431
2021-05-20 09:48:03,112.3,5016926
2021-05-20 09:48:04,112.25,5023786
2021-05-20 09:48:05,112.25,5031849
2021-05-20 09:48:06,112.25,5033479
2021-05-20 09:48:07,112.25,5042815
2021-05-20 09:48:08,112.25,5045492
2021-05-20 09:48:09,112.25,5046121
2021-05-20 09:48:10,112.15,5046838
2021-05-20 09:48:12,112.1,5077430
2021-05-20 09:48:14,112.1,5078774
2021-05-20 09:48:14,112.1,5079158
2021-05-20 09:48:16,112.15,5079339
2021-05-20 09:48:17,112.15,5079873
2021-05-20 09:48:18,112.15,5080624
2021-05-20 09:48:18,112.15,5081264
2021-05-20 09:48:20,112.1,5081535
2021-05-20 09:48:20,112.15,5081492
2021-05-20 09:48:21,112.15,5082226
2021-05-20 09:48:22,112.1,5082852
2021-05-20 09:48:23,112.15,5084367
2021-05-20 09:48:24,112.1,5084654
2021-05-20 09:48:25,112.15,5085848
2021-05-20 09:48:29,112.1,5088627
2021-05-20 09:48:29,112.1,5088558
2021-05-20 09:48:30,112.15,5088646
2021-05-20 09:48:31,112.15,5088662
2021-05-20 09:48:32,112.15,5090108
2021-05-20 09:48:33,112.1,5090419
2021-05-20 09:48:35,112.15,5091508
2021-05-20 09:48:35,112.1,5091711
2021-05-20 09:48:36,112.15,5093212
2021-05-20 09:48:37,112.1,5093499
2021-05-20 09:48:38,112.15,5093557
2021-05-20 09:48:39,112.1,5093569
2021-05-20 09:48:40,112.15,5093579
2021-05-20 09:48:42,112.15,5093643
2021-05-20 09:48:42,112.15,5093659
2021-05-20 09:48:43,112.15,5098289
2021-05-20 09:48:44,112.1,5099984
2021-05-20 09:48:47,112.15,5100703
2021-05-20 09:48:47,112.15,5100787
2021-05-20 09:48:48,112.1,5100922
2021-05-20 09:48:49,112.15,5100993
2021-05-20 09:48:51,112.1,5101008
2021-05-20 09:48:51,112.15,5101021
2021-05-20 09:48:52,112.15,5101756
2021-05-20 09:48:54,112.1,5102532
2021-05-20 09:48:54,112.1,5102402
2021-05-20 09:48:55,112.1,5102562
2021-05-20 09:48:56,112.15,5102619
2021-05-20 09:48:58,112.15,5102948
2021-05-20 09:48:59,112.15,5102999
2021-05-20 09:49:00,112.15,5103159
2021-05-20 09:49:01,112.15,5103491
2021-05-20 09:49:03,112.1,5105138
2021-05-20 09:49:04,112.15,5106827
2021-05-20 09:49:05,112.15,5107266
2021-05-20 09:49:06,112.1,5108987
2021-05-20 09:49:07,112.15,5109340
2021-05-20 09:49:08,112.1,5110719
2021-05-20 09:49:09,112.1,5111168
2021-05-20 09:49:10,112.1,5112650
2021-05-20 09:49:11,112.15,5112950
2021-05-20 09:49:14,112.15,5116573
2021-05-20 09:49:15,112.1,5117981
2021-05-20 09:49:16,112.15,5118903
2021-05-20 09:49:18,112.1,5119498
2021-05-20 09:49:18,112.1,5119617
2021-05-20 09:49:19,112.1,5119641
2021-05-20 09:49:20,112.1,5119773
2021-05-20 09:49:21,112.1,5120200
2021-05-20 09:49:22,112.1,5120285
2021-05-20 09:49:23,112.1,5120302
2021-05-20 09:49:25,112.1,5121075
2021-05-20 09:49:26,112.1,5121440
2021-05-20 09:49:26,112.15,5121379
2021-05-20 09:49:28,112.15,5132194
2021-05-20 09:49:30,112.1,5133772
2021-05-20 09:49:32,112.15,5134194
2021-05-20 09:49:31,112.15,5134090
2021-05-20 09:49:33,112.1,5139579
2021-05-20 09:49:33,112.05,5140662
2021-05-20 09:49:34,112.1,5141334
2021-05-20 09:49:37,112.05,5141873
2021-05-20 09:49:38,112.05,5148846
2021-05-20 09:49:39,112.1,5152564
2021-05-20 09:49:40,112.1,5153889
2021-05-20 09:49:40,112.1,5154214
2021-05-20 09:49:42,112.1,5155320
2021-05-20 09:49:42,112.05,5159990
2021-05-20 09:49:44,112.0,5170406
2021-05-20 09:49:45,112.0,5175883
2021-05-20 09:49:46,112.05,5178871
2021-05-20 09:49:47,112.0,5187557
2021-05-20 09:49:47,112.0,5189937
2021-05-20 09:49:49,112.05,5194985
2021-05-20 09:49:49,112.05,5196580
2021-05-20 09:49:50,112.05,5198344
2021-05-20 09:49:52,112.05,5198956
2021-05-20 09:49:53,112.0,5201531
2021-05-20 09:49:54,112.05,5202928
2021-05-20 09:49:55,112.0,5204001
2021-05-20 09:49:56,112.0,5204524
2021-05-20 09:49:56,112.0,5204622
2021-05-20 09:49:57,112.05,5204847
2021-05-20 09:49:58,112.05,5205162
2021-05-20 09:50:00,112.05,5206918
2021-05-20 09:50:02,112.05,5209340
2021-05-20 09:50:03,112.05,5212462
2021-05-20 09:50:05,112.0,5213548
2021-05-20 09:50:06,112.05,5215419
2021-05-20 09:50:07,112.05,5215791
2021-05-20 09:50:08,112.05,5216280
2021-05-20 09:50:09,112.0,5218292
2021-05-20 09:50:10,112.0,5218672
2021-05-20 09:50:11,112.05,5219754
2021-05-20 09:50:12,112.0,5219991
2021-05-20 09:50:13,112.0,5220855
2021-05-20 09:50:14,112.05,5221374
2021-05-20 09:50:16,112.05,5221478
2021-05-20 09:50:16,112.05,5221499
2021-05-20 09:50:17,112.1,5229205
2021-05-20 09:50:19,112.05,5230672
2021-05-20 09:50:20,112.1,5231069
2021-05-20 09:50:21,112.1,5231478
2021-05-20 09:50:22,112.05,5231570
2021-05-20 09:50:22,112.05,5231588
2021-05-20 09:50:23,112.1,5231612
2021-05-20 09:50:24,111.95,5386356
2021-05-20 09:50:26,111.75,5498670
2021-05-20 09:50:28,111.6,5515496
2021-05-20 09:50:29,111.65,5523480
2021-05-20 09:50:31,111.6,5525421
2021-05-20 09:50:33,111.65,5528660
2021-05-20 09:50:33,111.65,5529214
2021-05-20 09:50:35,111.65,5529818
2021-05-20 09:50:35,111.65,5530839
2021-05-20 09:50:36,111.65,5533422
2021-05-20 09:50:37,111.6,5536875
2021-05-20 09:50:38,111.6,5544130
2021-05-20 09:50:40,111.6,5544710
2021-05-20 09:50:41,111.65,5544930
2021-05-20 09:50:42,111.65,5547946
2021-05-20 09:50:43,111.65,5549359
2021-05-20 09:50:44,111.65,5549369
2021-05-20 09:50:45,111.6,5550959
2021-05-20 09:50:45,111.65,5551459
2021-05-20 09:50:46,111.6,5551802
2021-05-20 09:50:47,111.6,5553201
2021-05-20 09:50:48,111.6,5555950
2021-05-20 09:50:49,111.65,5556378
2021-05-20 09:50:50,111.65,5557418
2021-05-20 09:50:52,111.65,5559857
2021-05-20 09:50:52,111.65,5559892
2021-05-20 09:50:53,111.65,5560901
2021-05-20 09:50:54,111.65,5564859
2021-05-20 09:50:55,111.65,5565139
2021-05-20 09:50:57,111.6,5565425
2021-05-20 09:50:57,111.65,5565463
2021-05-20 09:50:59,111.65,5573790
2021-05-20 09:51:00,111.65,5573830
2021-05-20 09:51:01,111.65,5574221
2021-05-20 09:51:02,111.6,5576487
2021-05-20 09:51:03,111.65,5576537
2021-05-20 09:51:04,111.65,5578009
2021-05-20 09:51:05,111.6,5578230
2021-05-20 09:51:05,111.6,5578260
2021-05-20 09:51:06,111.65,5593634
2021-05-20 09:51:07,111.7,5597265
2021-05-20 09:51:09,111.55,5606872
2021-05-20 09:51:09,111.55,5606872
2021-05-20 09:51:12,111.55,5609130
2021-05-20 09:51:13,111.55,5611286
2021-05-20 09:51:14,111.65,5612216
2021-05-20 09:51:14,111.65,5612189
2021-05-20 09:51:15,111.6,5612554
2021-05-20 09:51:16,111.65,5612805
2021-05-20 09:51:17,111.65,5612904
2021-05-20 09:51:18,111.65,5614320
2021-05-20 09:51:19,111.65,5614707
2021-05-20 09:51:21,111.6,5614733
2021-05-20 09:51:22,111.6,5615093
2021-05-20 09:51:22,111.65,5615578
2021-05-20 09:51:23,111.65,5615701
2021-05-20 09:51:24,111.65,5616837
2021-05-20 09:51:25,111.6,5617050
2021-05-20 09:51:26,111.65,5637218
2021-05-20 09:51:27,111.7,5637220
2021-05-20 09:51:28,111.7,5637234
2021-05-20 09:51:29,111.65,5637309
2021-05-20 09:51:30,111.65,5637309
2021-05-20 09:51:31,111.65,5637720
2021-05-20 09:51:33,111.65,5638469
2021-05-20 09:51:34,111.7,5640369
2021-05-20 09:51:35,111.7,5640520
2021-05-20 09:51:36,111.65,5640670
2021-05-20 09:51:38,111.7,5642070
2021-05-20 09:51:39,111.7,5642108
2021-05-20 09:51:40,111.7,5642347
2021-05-20 09:51:41,111.7,5643482
2021-05-20 09:51:42,111.7,5644037
2021-05-20 09:51:43,111.7,5644063
2021-05-20 09:51:44,111.7,5644255
2021-05-20 09:51:45,111.7,5645133
2021-05-20 09:51:46,111.7,5665547
2021-05-20 09:51:47,111.75,5665688
2021-05-20 09:51:48,111.7,5665890
2021-05-20 09:51:49,111.7,5665890
2021-05-20 09:51:51,111.8,5666300
2021-05-20 09:51:52,111.7,5666318
2021-05-20 09:51:53,111.8,5667928
2021-05-20 09:51:54,111.7,5668556
2021-05-20 09:51:55,111.8,5670957
2021-05-20 09:51:56,111.75,5672107
2021-05-20 09:51:57,111.75,5672430
2021-05-20 09:51:58,111.75,5672439
2021-05-20 09:51:58,111.75,5672439
2021-05-20 09:52:00,111.85,5677550
2021-05-20 09:52:01,111.8,5677671
2021-05-20 09:52:02,111.8,5677712
2021-05-20 09:52:03,111.9,5680453
2021-05-20 09:52:04,111.9,5680454
2021-05-20 09:52:05,111.9,5680955
2021-05-20 09:52:06,111.8,5680975
2021-05-20 09:52:08,111.8,5685867
2021-05-20 09:52:09,111.9,5685871
2021-05-20 09:52:10,111.9,5689603
2021-05-20 09:52:11,111.9,5689693
2021-05-20 09:52:11,111.9,5689693
2021-05-20 09:52:13,111.9,5692703
2021-05-20 09:52:14,111.9,5695255
2021-05-20 09:52:15,111.9,5698455
2021-05-20 09:52:16,111.85,5701612
2021-05-20 09:52:17,111.9,5703663
2021-05-20 09:52:18,111.9,5704273
2021-05-20 09:52:18,111.9,5705475
2021-05-20 09:52:19,111.9,5707245
2021-05-20 09:52:20,111.9,5708320
2021-05-20 09:52:21,111.85,5708325
2021-05-20 09:52:23,111.85,5708601
2021-05-20 09:52:24,111.85,5708706
2021-05-20 09:52:25,111.85,5709732
2021-05-20 09:52:25,111.85,5709732
2021-05-20 09:52:26,111.8,5709739
2021-05-20 09:52:27,111.85,5711113
2021-05-20 09:52:28,111.85,5711113
2021-05-20 09:52:29,111.9,5711200
2021-05-20 09:52:30,111.9,5711723
2021-05-20 09:52:33,111.9,5711769
2021-05-20 09:52:34,111.9,5711881
2021-05-20 09:52:35,111.9,5713458
2021-05-20 09:52:35,111.9,5713458
2021-05-20 09:52:36,111.9,5713479
2021-05-20 09:52:37,111.9,5713479
2021-05-20 09:52:38,111.9,5713656
2021-05-20 09:52:39,111.9,5713656
2021-05-20 09:52:40,111.85,5715711
2021-05-20 09:52:41,111.85,5716011
2021-05-20 09:52:42,111.9,5716016
2021-05-20 09:52:43,111.9,5716141
2021-05-20 09:52:44,111.9,5716143
2021-05-20 09:52:47,111.9,5718180
2021-05-20 09:52:47,111.9,5718474
2021-05-20 09:52:48,111.9,5718474
2021-05-20 09:52:49,111.9,5718674
2021-05-20 09:52:50,111.9,5719684
2021-05-20 09:52:51,111.9,5720361
2021-05-20 09:52:52,111.9,5720461
2021-05-20 09:52:53,111.9,5720466
2021-05-20 09:52:54,111.85,5720597
2021-05-20 09:52:55,111.85,5720731
2021-05-20 09:52:56,111.85,5720731
2021-05-20 09:52:57,111.85,5720761
2021-05-20 09:52:58,111.85,5720761
2021-05-20 09:52:59,111.85,5720790
2021-05-20 09:53:01,111.85,5723362
2021-05-20 09:53:02,111.9,5723531
2021-05-20 09:53:04,111.9,5723761
2021-05-20 09:53:05,111.85,5724291
2021-05-20 09:53:05,111.85,5724291
2021-05-20 09:53:06,111.85,5729082
2021-05-20 09:53:07,111.9,5730019
2021-05-20 09:53:08,111.9,5730019
2021-05-20 09:53:09,111.9,5730219
2021-05-20 09:53:10,111.85,5730849
2021-05-20 09:53:11,111.85,5730849
2021-05-20 09:53:13,111.9,5731174
2021-05-20 09:53:15,111.85,5731386
2021-05-20 09:53:16,111.9,5731537
2021-05-20 09:53:17,111.9,5731747
2021-05-20 09:53:17,111.9,5731747
2021-05-20 09:53:19,111.85,5741248
2021-05-20 09:53:19,111.9,5741348
2021-05-20 09:53:20,111.9,5741798
2021-05-20 09:53:22,111.9,5743016
2021-05-20 09:53:23,111.85,5743047
2021-05-20 09:53:24,111.9,5747542
2021-05-20 09:53:24,111.9,5747567
2021-05-20 09:53:27,111.9,5747858
2021-05-20 09:53:28,111.9,5747958
2021-05-20 09:53:28,111.9,5748963
2021-05-20 09:53:29,111.9,5750113
2021-05-20 09:53:30,111.95,5752113
2021-05-20 09:53:33,111.9,5752298
2021-05-20 09:53:35,111.9,5752645
2021-05-20 09:53:36,111.95,5752828
2021-05-20 09:53:37,111.85,5752848
2021-05-20 09:53:39,111.85,5753965
2021-05-20 09:53:40,111.85,5753965
2021-05-20 09:53:40,111.85,5753965
2021-05-20 09:53:41,111.95,5754517
2021-05-20 09:53:42,111.95,5755019
2021-05-20 09:53:43,111.95,5755079
2021-05-20 09:53:45,111.9,5755400
2021-05-20 09:53:46,111.9,5757208
2021-05-20 09:53:47,111.9,5757258
2021-05-20 09:53:48,111.9,5757408
2021-05-20 09:53:49,111.9,5757420
2021-05-20 09:53:50,111.9,5757520
2021-05-20 09:53:50,111.9,5757521
2021-05-20 09:53:51,111.9,5757571
2021-05-20 09:53:52,111.9,5757633
2021-05-20 09:53:53,111.9,5760626
2021-05-20 09:53:55,111.9,5760717
2021-05-20 09:53:56,111.85,5760754
2021-05-20 09:53:57,111.9,5762562
2021-05-20 09:53:58,111.9,5766040
2021-05-20 09:53:59,111.9,5767071
2021-05-20 09:54:00,111.9,5767372
2021-05-20 09:54:01,111.9,5767428
2021-05-20 09:54:01,111.9,5767428
2021-05-20 09:54:02,111.9,5767499
2021-05-20 09:54:03,111.9,5767550
2021-05-20 09:54:04,111.8,5770654
2021-05-20 09:54:05,111.9,5770854
2021-05-20 09:54:06,111.9,5770855
2021-05-20 09:54:07,111.85,5770972
2021-05-20 09:54:08,111.9,5771017
2021-05-20 09:54:09,111.9,5771118
2021-05-20 09:54:10,111.85,5771123
2021-05-20 09:54:11,111.9,5771866
2021-05-20 09:54:12,111.9,5772146
2021-05-20 09:54:13,111.9,5772349
2021-05-20 09:54:15,111.9,5772759
2021-05-20 09:54:16,111.9,5772809
2021-05-20 09:54:17,111.9,5772810
2021-05-20 09:54:18,111.9,5773668
2021-05-20 09:54:19,111.9,5774374
2021-05-20 09:54:20,111.85,5775804
2021-05-20 09:54:21,111.9,5775930
2021-05-20 09:54:22,111.9,5776940
2021-05-20 09:54:26,111.9,5783180
2021-05-20 09:54:27,111.9,5783681
2021-05-20 09:54:28,111.9,5783736
2021-05-20 09:54:29,111.9,5784252
2021-05-20 09:54:29,111.9,5784252
2021-05-20 09:54:30,111.9,5784638
2021-05-20 09:54:31,111.85,5784798
2021-05-20 09:54:32,111.85,5785180
2021-05-20 09:54:33,111.9,5785890
2021-05-20 09:54:35,111.9,5786655
2021-05-20 09:54:36,111.9,5786745
2021-05-20 09:54:37,111.9,5786795
2021-05-20 09:54:38,111.9,5786840
2021-05-20 09:54:39,111.85,5786900
2021-05-20 09:54:40,111.9,5786945
2021-05-20 09:54:41,111.85,5787317
2021-05-20 09:54:41,111.9,5786997
2021-05-20 09:54:42,111.9,5787319
2021-05-20 09:54:44,111.9,5787340
2021-05-20 09:54:45,111.9,5787976
2021-05-20 09:54:46,111.9,5787976
2021-05-20 09:54:47,111.9,5793977
2021-05-20 09:54:48,111.8,5795618
2021-05-20 09:54:49,111.9,5797748
2021-05-20 09:54:50,111.9,5807311
2021-05-20 09:54:51,111.9,5807516
2021-05-20 09:54:52,111.9,5807651
2021-05-20 09:54:53,111.9,5807651
2021-05-20 09:54:54,111.9,5807681
2021-05-20 09:54:55,111.9,5811003
2021-05-20 09:54:56,111.9,5811217
2021-05-20 09:54:56,111.9,5811217
2021-05-20 09:54:57,111.95,5811223
2021-05-20 09:54:58,111.9,5811431
2021-05-20 09:54:59,111.9,5811833
2021-05-20 09:55:01,111.95,5814893
2021-05-20 09:55:02,111.95,5814904
2021-05-20 09:55:03,111.95,5815104
2021-05-20 09:55:05,112.0,5815934
2021-05-20 09:55:06,112.05,5822475
2021-05-20 09:55:07,112.0,5822575
2021-05-20 09:55:07,112.0,5822825
2021-05-20 09:55:08,112.0,5827273
2021-05-20 09:55:09,112.0,5827273
2021-05-20 09:55:10,112.0,5827273
2021-05-20 09:55:11,112.0,5829473
2021-05-20 09:55:12,111.95,5829874
2021-05-20 09:55:13,112.0,5829893
2021-05-20 09:55:14,111.95,5830007
2021-05-20 09:55:15,112.0,5831118
2021-05-20 09:55:16,112.0,5831320
2021-05-20 09:55:17,112.0,5831320
2021-05-20 09:55:18,112.0,5831855
2021-05-20 09:55:19,112.0,5831855
2021-05-20 09:55:20,111.95,5831981
2021-05-20 09:55:22,112.0,5832075
2021-05-20 09:55:23,112.0,5832140
2021-05-20 09:55:24,111.95,5832303
2021-05-20 09:55:24,111.95,5832313
2021-05-20 09:55:26,111.95,5834901
2021-05-20 09:55:27,111.95,5835011
2021-05-20 09:55:28,111.95,5835223
2021-05-20 09:55:29,111.95,5835275
2021-05-20 09:55:30,111.95,5836830
2021-05-20 09:55:30,111.95,5837031
2021-05-20 09:55:31,111.95,5837548
2021-05-20 09:55:33,111.95,5838448
2021-05-20 09:55:34,111.95,5838448
2021-05-20 09:55:35,111.95,5838548
2021-05-20 09:55:36,111.95,5838759
2021-05-20 09:55:37,111.95,5839043
2021-05-20 09:55:38,111.95,5839404
2021-05-20 09:55:39,111.95,5839610
2021-05-20 09:55:40,111.95,5848947
2021-05-20 09:55:41,111.95,5849505
2021-05-20 09:55:42,111.95,5849595
2021-05-20 09:55:43,111.95,5849853
2021-05-20 09:55:44,111.95,5850303
2021-05-20 09:55:45,111.95,5850305
2021-05-20 09:55:46,111.95,5850416
2021-05-20 09:55:47,111.95,5850582
2021-05-20 09:55:48,111.95,5850951
2021-05-20 09:55:49,111.95,5850952
2021-05-20 09:55:50,111.95,5851127
2021-05-20 09:55:51,112.0,5852238
2021-05-20 09:55:52,111.95,5852283
2021-05-20 09:55:53,111.95,5852683
2021-05-20 09:55:54,111.95,5852797
2021-05-20 09:55:55,111.95,5852907
2021-05-20 09:55:56,111.95,5853007
2021-05-20 09:55:58,112.0,5854057
2021-05-20 09:56:00,112.0,5856650
2021-05-20 09:56:01,112.0,5856650
2021-05-20 09:56:02,112.0,5857750
2021-05-20 09:56:03,112.0,5857750
2021-05-20 09:56:04,112.0,5857866
2021-05-20 09:56:06,112.0,5857892
2021-05-20 09:56:05,112.0,5857891
2021-05-20 09:56:07,112.0,5858152
2021-05-20 09:56:08,111.95,5858246
2021-05-20 09:56:09,111.95,5858246
2021-05-20 09:56:10,111.95,5860273
2021-05-20 09:56:11,112.0,5860283
2021-05-20 09:56:12,111.95,5861333
2021-05-20 09:56:13,111.95,5861344
2021-05-20 09:56:14,112.0,5861349
2021-05-20 09:56:15,112.0,5862092
2021-05-20 09:56:16,112.0,5862529
2021-05-20 09:56:17,112.0,5862529
2021-05-20 09:56:18,112.05,5862541
2021-05-20 09:56:19,112.05,5862566
2021-05-20 09:56:20,112.05,5862566
2021-05-20 09:56:21,112.05,5862616
2021-05-20 09:56:22,112.05,5862616
2021-05-20 09:56:23,112.05,5862616
2021-05-20 09:56:24,112.05,5862834
2021-05-20 09:56:25,112.05,5862834
2021-05-20 09:56:26,112.0,5862954
2021-05-20 09:56:27,112.1,5863532
2021-05-20 09:56:28,112.1,5863586
2021-05-20 09:56:29,112.1,5863633
2021-05-20 09:56:30,112.1,5863633
2021-05-20 09:56:31,112.1,5863644
2021-05-20 09:56:32,112.1,5867769
2021-05-20 09:56:33,112.1,5867819
2021-05-20 09:56:34,112.1,5869883
2021-05-20 09:56:35,112.1,5870337
2021-05-20 09:56:36,112.1,5870437
2021-05-20 09:56:37,112.05,5870541
2021-05-20 09:56:38,112.1,5877156
2021-05-20 09:56:39,112.15,5877412
2021-05-20 09:56:40,112.05,5878117
2021-05-20 09:56:41,112.1,5878302
2021-05-20 09:56:42,112.1,5879302
2021-05-20 09:56:43,112.1,5879402
2021-05-20 09:56:44,112.1,5880053
2021-05-20 09:56:45,112.1,5880550
2021-05-20 09:56:46,112.1,5881145
2021-05-20 09:56:47,112.1,5881152
2021-05-20 09:56:48,112.1,5881157
2021-05-20 09:56:49,112.1,5881223
2021-05-20 09:56:50,112.1,5881723
2021-05-20 09:56:51,112.1,5881933
2021-05-20 09:56:54,112.1,5882221
2021-05-20 09:56:55,112.1,5882531
2021-05-20 09:56:56,112.1,5882531
2021-05-20 09:56:57,112.1,5882582
2021-05-20 09:56:58,112.1,5882762
2021-05-20 09:56:59,112.1,5882762
2021-05-20 09:57:00,112.1,5882863
2021-05-20 09:57:01,112.1,5883014
2021-05-20 09:57:02,112.05,5883088
2021-05-20 09:57:03,112.1,5883115
2021-05-20 09:57:04,112.05,5883228
2021-05-20 09:57:05,112.1,5883409
2021-05-20 09:57:06,112.1,5885030
2021-05-20 09:57:07,112.1,5885203
2021-05-20 09:57:08,112.1,5885203
2021-05-20 09:57:09,112.05,5885862
2021-05-20 09:57:10,112.05,5885862
2021-05-20 09:57:11,112.1,5886062
2021-05-20 09:57:12,112.1,5886362
2021-05-20 09:57:13,112.1,5889382
2021-05-20 09:57:14,112.1,5889434
2021-05-20 09:57:15,112.1,5889434
2021-05-20 09:57:16,112.1,5889454
2021-05-20 09:57:17,112.05,5889517
2021-05-20 09:57:18,112.1,5889724
2021-05-20 09:57:19,112.1,5889900
2021-05-20 09:57:20,112.1,5889900
2021-05-20 09:57:21,112.05,5890800
2021-05-20 09:57:22,112.1,5891099
2021-05-20 09:57:23,112.1,5891099
2021-05-20 09:57:24,112.05,5891482
2021-05-20 09:57:25,112.1,5892140
2021-05-20 09:57:26,112.1,5892180
2021-05-20 09:57:28,112.1,5892205
2021-05-20 09:57:29,112.1,5892265
2021-05-20 09:57:30,112.05,5893933
2021-05-20 09:57:31,112.1,5895933
2021-05-20 09:57:32,112.05,5895948
2021-05-20 09:57:33,112.05,5895973
2021-05-20 09:57:34,112.05,5896128
2021-05-20 09:57:35,112.0,5896228
2021-05-20 09:57:36,112.05,5896601
2021-05-20 09:57:37,112.05,5896601
2021-05-20 09:57:39,112.05,5896601
2021-05-20 09:57:38,112.05,5896601
2021-05-20 09:57:40,112.05,5897867
2021-05-20 09:57:41,112.1,5898232
2021-05-20 09:57:42,112.05,5898282
2021-05-20 09:57:43,112.1,5898383
2021-05-20 09:57:44,112.05,5898513
2021-05-20 09:57:46,112.1,5898813
2021-05-20 09:57:47,112.1,5900251
2021-05-20 09:57:48,112.1,5900278
2021-05-20 09:57:49,112.1,5900328
2021-05-20 09:57:50,112.1,5900741
2021-05-20 09:57:51,112.1,5900741
2021-05-20 09:57:52,112.1,5900754
2021-05-20 09:57:53,112.05,5900779
2021-05-20 09:57:54,112.1,5900780
2021-05-20 09:57:55,112.1,5900780
2021-05-20 09:57:56,112.05,5900801
2021-05-20 09:57:57,112.1,5902095
2021-05-20 09:57:58,112.1,5902098
2021-05-20 09:57:59,112.1,5902198
2021-05-20 09:58:00,112.1,5908080
2021-05-20 09:58:01,112.1,5908181
2021-05-20 09:58:02,112.05,5909612
2021-05-20 09:58:03,112.05,5909832
2021-05-20 09:58:04,112.15,5909902
2021-05-20 09:58:05,112.15,5909902
2021-05-20 09:58:07,112.15,5910012
2021-05-20 09:58:07,112.15,5910012
2021-05-20 09:58:08,112.15,5910012
2021-05-20 09:58:10,112.15,5910087
2021-05-20 09:58:11,112.15,5910092
2021-05-20 09:58:12,112.15,5910222
2021-05-20 09:58:14,112.15,5910252
2021-05-20 09:58:15,112.15,5910285
2021-05-20 09:58:15,112.15,5910285
2021-05-20 09:58:16,112.15,5910385
2021-05-20 09:58:18,112.1,5912459
2021-05-20 09:58:18,112.15,5912607
2021-05-20 09:58:19,112.15,5912607
2021-05-20 09:58:20,112.15,5913110
2021-05-20 09:58:21,112.15,5931601
2021-05-20 09:58:22,112.15,5934101
2021-05-20 09:58:23,112.15,5934471
2021-05-20 09:58:24,112.15,5934471
2021-05-20 09:58:25,112.15,5934571
2021-05-20 09:58:26,112.2,5934572
2021-05-20 09:58:27,112.2,5935322
2021-05-20 09:58:28,112.15,5935352
2021-05-20 09:58:29,112.2,5935902
2021-05-20 09:58:30,112.2,5935911
2021-05-20 09:58:31,112.15,5937461
2021-05-20 09:58:32,112.15,5937461
2021-05-20 09:58:34,112.2,5939000
2021-05-20 09:58:36,112.15,5939266
2021-05-20 09:58:36,112.2,5939265
2021-05-20 09:58:37,112.15,5939266
2021-05-20 09:58:38,112.15,5939292
2021-05-20 09:58:39,112.2,5939318
2021-05-20 09:58:41,112.2,5939320
2021-05-20 09:58:42,112.2,5953105
2021-05-20 09:58:43,112.2,5953139
2021-05-20 09:58:45,112.25,5953366
2021-05-20 09:58:45,112.25,5953366
2021-05-20 09:58:46,112.2,5954621
2021-05-20 09:58:47,112.2,5954621
2021-05-20 09:58:48,112.25,5954722
2021-05-20 09:58:49,112.25,5954722
2021-05-20 09:58:50,112.25,5954923
2021-05-20 09:58:51,112.25,5955088
2021-05-20 09:58:52,112.3,5961338
2021-05-20 09:58:53,112.25,5965016
2021-05-20 09:58:54,112.35,5966166
2021-05-20 09:58:55,112.35,5966166
2021-05-20 09:58:56,112.35,5966171
2021-05-20 09:58:57,112.35,5966242
2021-05-20 09:58:58,112.35,5966384
2021-05-20 09:58:59,112.35,5966384
2021-05-20 09:59:00,112.35,5966482
2021-05-20 09:59:02,112.35,5966616
2021-05-20 09:59:02,112.3,5966776
2021-05-20 09:59:03,112.25,5967066
2021-05-20 09:59:05,112.3,5967866
2021-05-20 09:59:05,112.3,5967866
2021-05-20 09:59:06,112.35,5968866
2021-05-20 09:59:07,112.35,5968971
2021-05-20 09:59:08,112.3,5969252
2021-05-20 09:59:09,112.3,5969253
2021-05-20 09:59:10,112.25,5969255
2021-05-20 09:59:11,112.3,5973436
2021-05-20 09:59:12,112.3,5973436
2021-05-20 09:59:13,112.25,5973437
2021-05-20 09:59:14,112.3,5973462
2021-05-20 09:59:15,112.25,5973528
2021-05-20 09:59:16,112.3,5975639
2021-05-20 09:59:17,112.3,5975689
2021-05-20 09:59:18,112.3,5976704
2021-05-20 09:59:19,112.25,5976717
2021-05-20 09:59:20,112.25,5976842
2021-05-20 09:59:21,112.25,5977228
2021-05-20 09:59:22,112.25,5977228
2021-05-20 09:59:23,112.3,5977278
2021-05-20 09:59:24,112.3,5977278
2021-05-20 09:59:25,112.3,5977434
2021-05-20 09:59:26,112.3,5978085
2021-05-20 09:59:27,112.3,5978085
2021-05-20 09:59:28,112.25,5978354
2021-05-20 09:59:29,112.3,5978369
2021-05-20 09:59:30,112.3,5978394
2021-05-20 09:59:31,112.25,5979673
2021-05-20 09:59:32,112.25,5979674
2021-05-20 09:59:33,112.25,5979852
2021-05-20 09:59:34,112.25,5979852
2021-05-20 09:59:35,112.25,5979903
2021-05-20 09:59:36,112.3,5980021
2021-05-20 09:59:37,112.3,5980239
2021-05-20 09:59:38,112.3,5980359
2021-05-20 09:59:39,112.3,5980445
2021-05-20 09:59:40,112.3,5980474
2021-05-20 09:59:41,112.25,5980481
2021-05-20 09:59:43,112.3,5980605
2021-05-20 09:59:43,112.3,5980605
2021-05-20 09:59:45,112.3,5982137
2021-05-20 09:59:46,112.3,5982137
2021-05-20 09:59:47,112.3,5982137
2021-05-20 09:59:48,112.25,5982250
2021-05-20 09:59:49,112.3,5983000
2021-05-20 09:59:50,112.3,5983183
2021-05-20 09:59:51,112.3,5983296
2021-05-20 09:59:52,112.3,5983397
2021-05-20 09:59:53,112.3,5983507
2021-05-20 09:59:54,112.3,5983507
2021-05-20 09:59:55,112.3,5983533
2021-05-20 09:59:56,112.25,5983578
2021-05-20 09:59:57,112.3,5983784
2021-05-20 09:59:59,112.3,5983784
2021-05-20 10:00:00,112.3,5983830
2021-05-20 10:00:01,112.3,5983844
2021-05-20 10:00:02,112.3,5985323
2021-05-20 10:00:04,112.35,5986032
2021-05-20 10:00:05,112.35,5986127
2021-05-20 10:00:06,112.35,5986127
2021-05-20 10:00:08,112.3,5986687
2021-05-20 10:00:09,112.35,5986947
2021-05-20 10:00:09,112.35,5987114
2021-05-20 10:00:10,112.3,5987124
2021-05-20 10:00:11,112.35,5987348
2021-05-20 10:00:12,112.35,5988873
2021-05-20 10:00:14,112.35,5988876
2021-05-20 10:00:15,112.35,5988881
2021-05-20 10:00:15,112.3,5988882
2021-05-20 10:00:17,112.3,5988969
2021-05-20 10:00:18,112.3,5989890
2021-05-20 10:00:18,112.3,5989790
2021-05-20 10:00:20,112.3,5990935
2021-05-20 10:00:21,112.3,5990935
2021-05-20 10:00:22,112.3,5990940
2021-05-20 10:00:23,112.3,5990944
2021-05-20 10:00:24,112.3,5991044
2021-05-20 10:00:25,112.25,5991065
2021-05-20 10:00:26,112.3,5991067
2021-05-20 10:00:27,112.3,5991188
2021-05-20 10:00:28,112.3,5991190
2021-05-20 10:00:29,112.25,5991191
2021-05-20 10:00:30,112.25,5991196
2021-05-20 10:00:32,112.3,5992785
2021-05-20 10:00:33,112.25,6002439
2021-05-20 10:00:34,112.25,6002460
2021-05-20 10:00:34,112.25,6002985
2021-05-20 10:00:35,112.25,6003385
2021-05-20 10:00:36,112.25,6003415
2021-05-20 10:00:37,112.25,6003515
2021-05-20 10:00:38,112.25,6003525
2021-05-20 10:00:39,112.25,6005095
2021-05-20 10:00:40,112.25,6005111
2021-05-20 10:00:41,112.2,6005155
2021-05-20 10:00:44,112.25,6005325
2021-05-20 10:00:45,112.25,6005428
2021-05-20 10:00:46,112.2,6005438
2021-05-20 10:00:47,112.25,6005538
2021-05-20 10:00:48,112.2,6005568
2021-05-20 10:00:49,112.25,6006650
2021-05-20 10:00:50,112.2,6006850
2021-05-20 10:00:51,112.2,6018441
2021-05-20 10:00:52,112.15,6031609
2021-05-20 10:00:53,112.15,6031613
2021-05-20 10:00:54,112.15,6035472
2021-05-20 10:00:55,112.2,6041938
2021-05-20 10:00:56,112.15,6042039
2021-05-20 10:00:57,112.15,6043195
2021-05-20 10:00:58,112.25,6044101
2021-05-20 10:00:59,112.2,6044859
2021-05-20 10:01:00,112.25,6056739
2021-05-20 10:01:02,112.25,6056739
2021-05-20 10:01:03,112.25,6056746
2021-05-20 10:01:03,112.25,6056746
2021-05-20 10:01:04,112.25,6056746
2021-05-20 10:01:05,112.25,6056747
2021-05-20 10:01:07,112.2,6056909
2021-05-20 10:01:08,112.25,6056942
2021-05-20 10:01:08,112.25,6056942
2021-05-20 10:01:09,112.25,6056993
2021-05-20 10:01:12,112.2,6058791
2021-05-20 10:01:16,112.2,6062087
2021-05-20 10:01:20,112.1,6064605
2021-05-20 10:01:24,112.2,6064970
2021-05-20 10:01:31,112.15,6065629
2021-05-20 10:01:34,112.15,6067342
2021-05-20 10:01:38,112.15,6068383
2021-05-20 10:01:42,112.15,6069655
2021-05-20 10:01:45,112.2,6071463
2021-05-20 10:01:49,112.2,6071727
2021-05-20 10:01:52,112.2,6072531
2021-05-20 10:01:56,112.15,6072631
2021-05-20 10:02:00,112.15,6073061
2021-05-20 10:02:04,112.15,6073149
2021-05-20 10:02:07,112.15,6073264
2021-05-20 10:02:11,112.15,6073570
2021-05-20 10:02:15,112.1,6074921
2021-05-20 10:02:23,112.15,6080795
2021-05-20 10:02:27,112.15,6081000
2021-05-20 10:02:31,112.1,6082208
2021-05-20 10:02:35,112.15,6082232
2021-05-20 10:02:39,112.15,6092539
2021-05-20 10:02:43,112.15,6093157
2021-05-20 10:02:47,112.2,6093223
2021-05-20 10:02:51,112.2,6094074
2021-05-20 10:02:54,112.2,6095078
2021-05-20 10:02:58,112.2,6096093
2021-05-20 10:03:02,112.2,6096302
2021-05-20 10:03:05,112.15,6100675
2021-05-20 10:03:09,112.2,6100709
2021-05-20 10:03:12,112.2,6100904
2021-05-20 10:03:16,112.2,6103762
2021-05-20 10:03:23,112.2,6105372
2021-05-20 10:03:27,112.2,6116579
2021-05-20 10:03:30,112.2,6116600
2021-05-20 10:03:34,112.2,6118205
2021-05-20 10:03:38,112.2,6119618
2021-05-20 10:03:42,112.2,6119923
2021-05-20 10:03:45,112.2,6131252
2021-05-20 10:03:49,112.15,6134348
2021-05-20 10:03:53,112.2,6134425
2021-05-20 10:04:01,112.2,6135098
2021-05-20 10:04:04,112.2,6135272
2021-05-20 10:04:08,112.2,6136619
2021-05-20 10:04:11,112.2,6136656
2021-05-20 10:04:14,112.1,6140921
2021-05-20 10:04:17,112.2,6143456
2021-05-20 10:04:21,112.2,6143678
2021-05-20 10:04:24,112.2,6144198
2021-05-20 10:04:28,112.2,6144205
2021-05-20 10:04:32,112.2,6148157
2021-05-20 10:04:35,112.2,6151327
2021-05-20 10:04:39,112.15,6153171
2021-05-20 10:04:43,112.2,6153592
2021-05-20 10:04:47,112.2,6153662
2021-05-20 10:04:50,112.2,6153669
2021-05-20 10:04:53,112.2,6155392
2021-05-20 10:04:57,112.2,6155394
2021-05-20 10:05:00,112.15,6155602
2021-05-20 10:05:04,112.2,6156618
2021-05-20 10:05:07,112.15,6157218
2021-05-20 10:05:10,112.15,6157318
2021-05-20 10:05:14,112.25,6159987
2021-05-20 10:05:18,112.25,6160237
2021-05-20 10:05:21,112.2,6160761
2021-05-20 10:05:24,112.25,6160795
2021-05-20 10:05:27,112.2,6160979
2021-05-20 10:05:34,112.25,6174830
2021-05-20 10:05:38,112.25,6175188
2021-05-20 10:05:42,112.3,6177996
2021-05-20 10:05:49,112.4,6193819
2021-05-20 10:05:56,112.45,6204269
2021-05-20 10:05:59,112.45,6205521
2021-05-20 10:06:03,112.5,6217040
2021-05-20 10:06:10,112.55,6257054
2021-05-20 10:06:14,112.5,6258834
2021-05-20 10:06:17,112.55,6268597
2021-05-20 10:06:20,112.5,6270455
2021-05-20 10:06:24,112.45,6270491
2021-05-20 10:06:27,112.45,6275368
2021-05-20 10:06:31,112.45,6277397
2021-05-20 10:06:34,112.4,6279418
2021-05-20 10:06:38,112.45,6279511
2021-05-20 10:06:42,112.45,6279681
2021-05-20 10:06:45,112.45,6282043
2021-05-20 10:06:48,112.45,6285616
2021-05-20 10:06:52,112.45,6286661
2021-05-20 10:06:55,112.45,6288105
2021-05-20 10:06:58,112.5,6290125
2021-05-20 10:07:01,112.5,6290125
2021-05-20 10:07:04,112.5,6290432
2021-05-20 10:07:07,112.5,6290563
2021-05-20 10:07:11,112.45,6290677
2021-05-20 10:07:14,112.6,6304152
2021-05-20 10:07:18,112.55,6305468
2021-05-20 10:07:21,112.6,6309738
2021-05-20 10:07:24,112.55,6310506
2021-05-20 10:07:27,112.5,6315579
2021-05-20 10:07:31,112.55,6315814
2021-05-20 10:07:35,112.55,6317480
2021-05-20 10:07:38,112.55,6317890
2021-05-20 10:07:42,112.5,6319368
2021-05-20 10:07:45,112.55,6320270
2021-05-20 10:07:49,112.55,6320484
2021-05-20 10:07:52,112.55,6321184
2021-05-20 10:07:56,112.6,6325298
2021-05-20 10:07:59,112.55,6327993
2021-05-20 10:08:02,112.55,6328142
2021-05-20 10:08:05,112.55,6329012
2021-05-20 10:08:09,112.55,6329184
2021-05-20 10:08:12,112.55,6329840
2021-05-20 10:08:16,112.55,6330219
2021-05-20 10:08:19,112.55,6333306
2021-05-20 10:08:23,112.55,6333406
2021-05-20 10:08:26,112.55,6333810
2021-05-20 10:08:29,112.55,6333977
2021-05-20 10:08:33,112.55,6334577
2021-05-20 10:08:37,112.55,6337578
2021-05-20 10:08:44,112.55,6341064
2021-05-20 10:08:48,112.55,6341403
2021-05-20 10:08:51,112.55,6341605
2021-05-20 10:08:55,112.55,6341879
2021-05-20 10:08:58,112.55,6341911
2021-05-20 10:09:02,112.5,6360439
2021-05-20 10:09:05,112.5,6363646
2021-05-20 10:09:08,112.5,6364950
2021-05-20 10:09:12,112.4,6365115
2021-05-20 10:09:15,112.4,6366389
2021-05-20 10:09:19,112.45,6366644
2021-05-20 10:09:22,112.45,6367253
2021-05-20 10:09:26,112.45,6367360
2021-05-20 10:09:29,112.45,6367469
2021-05-20 10:09:32,112.45,6367991
2021-05-20 10:09:36,112.45,6368220
2021-05-20 10:09:39,112.45,6368297
2021-05-20 10:09:42,112.4,6372191
2021-05-20 10:09:45,112.45,6372556
2021-05-20 10:09:48,112.45,6372723
2021-05-20 10:09:52,112.4,6373623
2021-05-20 10:09:55,112.4,6380471
2021-05-20 10:09:58,112.3,6381157
2021-05-20 10:10:02,112.3,6382425
2021-05-20 10:10:05,112.35,6382516
2021-05-20 10:10:08,112.35,6382631
2021-05-20 10:10:12,112.35,6383337
2021-05-20 10:10:15,112.4,6393173
2021-05-20 10:10:18,112.4,6396846
2021-05-20 10:10:21,112.35,6397197
2021-05-20 10:10:24,112.35,6397387
2021-05-20 10:10:27,112.4,6399422
2021-05-20 10:10:31,112.4,6399548
2021-05-20 10:10:36,112.45,6399586
2021-05-20 10:10:42,112.45,6402360
2021-05-20 10:10:45,112.45,6403024
2021-05-20 10:10:49,112.45,6403407
2021-05-20 10:10:52,112.45,6403865
2021-05-20 10:10:56,112.45,6404608
2021-05-20 10:10:59,112.5,6405724
2021-05-20 10:11:02,112.45,6406499
2021-05-20 10:11:05,112.5,6407676
2021-05-20 10:11:09,112.5,6408785
2021-05-20 10:11:12,112.5,6410758
2021-05-20 10:11:15,112.5,6411163
2021-05-20 10:11:18,112.5,6411766
2021-05-20 10:11:22,112.45,6412395
2021-05-20 10:11:25,112.5,6412761
2021-05-20 10:11:29,112.5,6415771
2021-05-20 10:11:32,112.5,6420009
2021-05-20 10:11:36,112.5,6420272
2021-05-20 10:11:42,112.5,6424650
2021-05-20 10:11:46,112.5,6424740
2021-05-20 10:11:50,112.5,6424958
2021-05-20 10:11:53,112.5,6426795
2021-05-20 10:11:56,112.5,6437565
2021-05-20 10:12:00,112.5,6438690
2021-05-20 10:12:03,112.45,6438965
2021-05-20 10:12:05,112.5,6439171
2021-05-20 10:12:08,112.5,6439179
2021-05-20 10:12:11,112.5,6440368
2021-05-20 10:12:15,112.5,6440643
2021-05-20 10:12:18,112.5,6440643
2021-05-20 10:12:22,112.5,6441668
2021-05-20 10:12:25,112.5,6442413
2021-05-20 10:12:28,112.5,6442496
2021-05-20 10:12:32,112.45,6455748
2021-05-20 10:12:35,112.4,6456362
2021-05-20 10:12:39,112.45,6456827
2021-05-20 10:12:42,112.4,6457078
2021-05-20 10:12:46,112.4,6457167
2021-05-20 10:12:50,112.45,6459372
2021-05-20 10:12:54,112.5,6498669
2021-05-20 10:12:57,112.5,6508095
2021-05-20 10:13:01,112.45,6516315
2021-05-20 10:13:05,112.5,6517403
2021-05-20 10:13:08,112.5,6517523
2021-05-20 10:13:12,112.45,6520123
2021-05-20 10:13:15,112.5,6528941
2021-05-20 10:13:19,112.5,6529397
2021-05-20 10:13:26,112.55,6529702
2021-05-20 10:13:30,112.5,6531938
2021-05-20 10:13:33,112.55,6531942
2021-05-20 10:13:37,112.5,6532216
2021-05-20 10:13:40,112.5,6532216
2021-05-20 10:13:44,112.5,6533466
2021-05-20 10:13:47,112.5,6533688
2021-05-20 10:13:50,112.55,6535473
2021-05-20 10:13:54,112.5,6545734
2021-05-20 10:13:57,112.55,6545989
2021-05-20 10:14:01,112.55,6549049
2021-05-20 10:14:04,112.55,6602414
2021-05-20 10:14:07,112.55,6602603
2021-05-20 10:14:10,112.55,6602753
2021-05-20 10:14:14,112.55,6602808
2021-05-20 10:14:17,112.55,6604806
2021-05-20 10:14:21,112.55,6606222
2021-05-20 10:14:24,112.5,6607318
2021-05-20 10:14:28,112.5,6607390
2021-05-20 10:14:32,112.55,6607682
2021-05-20 10:14:35,112.55,6608087
2021-05-20 10:14:38,112.55,6608247
2021-05-20 10:14:42,112.5,6610385
2021-05-20 10:14:45,112.55,6612456
2021-05-20 10:14:48,112.45,6631461
2021-05-20 10:14:51,112.4,6635822
2021-05-20 10:14:55,112.35,6647266
2021-05-20 10:14:59,112.4,6649144
2021-05-20 10:15:03,112.35,6649484
2021-05-20 10:15:10,112.45,6662112
2021-05-20 10:15:14,112.45,6662189
2021-05-20 10:15:18,112.45,6662215
2021-05-20 10:15:21,112.4,6662572
2021-05-20 10:15:24,112.4,6663524
2021-05-20 10:15:31,112.45,6664052
2021-05-20 10:15:35,112.4,6664793
2021-05-20 10:15:38,112.4,6667450
2021-05-20 10:15:41,112.4,6670344
2021-05-20 10:15:45,112.4,6670480
2021-05-20 10:15:48,112.4,6670506
2021-05-20 10:15:51,112.4,6671580
2021-05-20 10:15:54,112.35,6671778
2021-05-20 10:15:57,112.4,6672005
2021-05-20 10:16:00,112.4,6679026
2021-05-20 10:16:03,112.4,6680333
2021-05-20 10:16:06,112.4,6680748
2021-05-20 10:16:10,112.4,6683070
2021-05-20 10:16:14,112.4,6683841
2021-05-20 10:16:18,112.3,6694215
2021-05-20 10:16:21,112.35,6695409
2021-05-20 10:16:24,112.35,6699728
2021-05-20 10:16:28,112.35,6700205
2021-05-20 10:16:31,112.4,6700374
2021-05-20 10:16:35,112.4,6701028
2021-05-20 10:16:38,112.4,6701281
2021-05-20 10:16:42,112.35,6702583
2021-05-20 10:16:46,112.4,6702901
2021-05-20 10:16:50,112.35,6704047
2021-05-20 10:16:54,112.35,6705034
2021-05-20 10:16:57,112.35,6705040
2021-05-20 10:17:00,112.35,6705657
2021-05-20 10:17:03,112.35,6706155
2021-05-20 10:17:10,112.35,6706477
2021-05-20 10:17:13,112.35,6707599
2021-05-20 10:17:16,112.35,6707991
2021-05-20 10:17:19,112.35,6708288
2021-05-20 10:17:23,112.35,6708634
2021-05-20 10:17:26,112.3,6709607
2021-05-20 10:17:30,112.35,6710265
2021-05-20 10:17:33,112.35,6710401
2021-05-20 10:17:36,112.35,6710401
2021-05-20 10:17:39,112.35,6712244
2021-05-20 10:17:43,112.35,6712658
2021-05-20 10:17:47,112.35,6712937
2021-05-20 10:17:50,112.35,6712950
2021-05-20 10:17:56,112.3,6718424
2021-05-20 10:17:59,112.25,6718731
2021-05-20 10:18:02,112.25,6718939
2021-05-20 10:18:05,112.2,6722051
2021-05-20 10:18:08,112.25,6722152
2021-05-20 10:18:12,112.2,6722365
2021-05-20 10:18:15,112.2,6723077
2021-05-20 10:18:19,112.25,6725228
2021-05-20 10:18:26,112.25,6726463
2021-05-20 10:18:30,112.3,6726529
2021-05-20 10:18:34,112.25,6726895
2021-05-20 10:18:40,112.25,6727303
2021-05-20 10:18:43,112.3,6731238
2021-05-20 10:18:46,112.3,6731803
2021-05-20 10:18:49,112.3,6732509
2021-05-20 10:18:52,112.25,6732619
2021-05-20 10:18:55,112.3,6732651
2021-05-20 10:18:58,112.3,6732652
2021-05-20 10:19:01,112.3,6737383
2021-05-20 10:19:04,112.3,6737725
2021-05-20 10:19:08,112.25,6737857
2021-05-20 10:19:11,112.3,6737987
2021-05-20 10:19:14,112.3,6738106
2021-05-20 10:19:17,112.3,6738108
2021-05-20 10:19:20,112.3,6738142
2021-05-20 10:19:23,112.3,6739186
2021-05-20 10:19:26,112.3,6739271
2021-05-20 10:19:31,112.3,6739860
2021-05-20 10:19:34,112.3,6739990
2021-05-20 10:19:37,112.4,6743271
2021-05-20 10:19:40,112.4,6743271
2021-05-20 10:19:43,112.4,6745006
2021-05-20 10:19:46,112.3,6745016
2021-05-20 10:19:49,112.4,6745516
2021-05-20 10:19:52,112.4,6745696
2021-05-20 10:19:58,112.4,6750190
2021-05-20 10:20:02,112.35,6750191
2021-05-20 10:20:05,112.4,6750771
2021-05-20 10:20:09,112.35,6750806
2021-05-20 10:20:12,112.4,6751772
2021-05-20 10:20:15,112.35,6752804
2021-05-20 10:20:18,112.4,6755040
2021-05-20 10:20:25,112.4,6756734
2021-05-20 10:20:29,112.4,6757031
2021-05-20 10:20:33,112.4,6757295
2021-05-20 10:20:36,112.35,6758752
2021-05-20 10:20:39,112.3,6758863
2021-05-20 10:20:42,112.35,6758894
2021-05-20 10:20:45,112.4,6759823
2021-05-20 10:20:49,112.35,6759860
2021-05-20 10:20:52,112.4,6760072
2021-05-20 10:20:55,112.4,6761383
2021-05-20 10:20:58,112.3,6762098
2021-05-20 10:21:02,112.4,6762375
2021-05-20 10:21:05,112.3,6762626
2021-05-20 10:21:09,112.4,6762632
2021-05-20 10:21:12,112.4,6763445
2021-05-20 10:21:16,112.4,6763600
2021-05-20 10:21:19,112.4,6763720
2021-05-20 10:21:22,112.4,6764357
2021-05-20 10:21:25,112.4,6775121
2021-05-20 10:21:29,112.35,6776142
2021-05-20 10:21:32,112.35,6776636
2021-05-20 10:21:36,112.4,6776806
2021-05-20 10:21:39,112.4,6778744
2021-05-20 10:21:42,112.4,6779418
2021-05-20 10:21:45,112.45,6785504
2021-05-20 10:21:48,112.35,6785531
2021-05-20 10:21:51,112.4,6785701
2021-05-20 10:21:54,112.4,6785921
2021-05-20 10:21:57,112.4,6786411
2021-05-20 10:22:00,112.45,6786512
2021-05-20 10:22:03,112.4,6786764
2021-05-20 10:22:06,112.45,6786783
2021-05-20 10:22:09,112.45,6786928
2021-05-20 10:22:12,112.4,6786935
2021-05-20 10:22:15,112.4,6787139
2021-05-20 10:22:18,112.4,6787838
2021-05-20 10:22:22,112.45,6790020
2021-05-20 10:22:25,112.4,6790921
2021-05-20 10:22:28,112.4,6791044
2021-05-20 10:22:31,112.45,6791076
2021-05-20 10:22:34,112.45,6791247
2021-05-20 10:22:37,112.45,6793914
2021-05-20 10:22:40,112.45,6794023
2021-05-20 10:22:44,112.45,6794038
2021-05-20 10:22:47,112.45,6794043
2021-05-20 10:22:50,112.45,6794145
2021-05-20 10:22:54,112.45,6795267
2021-05-20 10:22:57,112.45,6795322
2021-05-20 10:23:00,112.4,6795342
2021-05-20 10:23:04,112.45,6803674
2021-05-20 10:23:10,112.45,6804876
2021-05-20 10:23:14,112.55,6806964
2021-05-20 10:23:17,112.5,6807103
2021-05-20 10:23:21,112.55,6807138
2021-05-20 10:23:24,112.5,6809688
2021-05-20 10:23:27,112.5,6809815
2021-05-20 10:23:30,112.5,6810007
2021-05-20 10:23:33,112.55,6810159
2021-05-20 10:23:37,112.5,6810429
2021-05-20 10:23:41,112.5,6811182
2021-05-20 10:23:44,112.55,6811428
2021-05-20 10:23:47,112.5,6812464
2021-05-20 10:23:51,112.55,6815776
2021-05-20 10:23:54,112.55,6815844
2021-05-20 10:23:57,112.55,6816491
2021-05-20 10:24:00,112.5,6816685
2021-05-20 10:24:04,112.55,6817479
2021-05-20 10:24:07,112.55,6817536
2021-05-20 10:24:10,112.5,6817560
2021-05-20 10:24:14,112.55,6817851
2021-05-20 10:24:17,112.55,6819039
2021-05-20 10:24:21,112.55,6819394
2021-05-20 10:24:25,112.5,6819857
2021-05-20 10:24:28,112.55,6820090
2021-05-20 10:24:32,112.55,6821460
2021-05-20 10:24:35,112.6,6821920
2021-05-20 10:24:39,112.6,6821930
2021-05-20 10:24:42,112.6,6826934
2021-05-20 10:24:45,112.6,6827600
2021-05-20 10:24:48,112.6,6828020
2021-05-20 10:24:51,112.55,6828969
2021-05-20 10:24:54,112.6,6830707
2021-05-20 10:24:57,112.6,6831212
2021-05-20 10:25:00,112.6,6832606
2021-05-20 10:25:04,112.55,6833165
2021-05-20 10:25:14,112.6,6836096
2021-05-20 10:25:18,112.55,6840625
2021-05-20 10:25:21,112.55,6844150
2021-05-20 10:25:28,112.55,6845122
2021-05-20 10:25:32,112.5,6854410
2021-05-20 10:25:36,112.4,6855590
2021-05-20 10:25:39,112.4,6857408
2021-05-20 10:25:43,112.45,6857434
2021-05-20 10:25:47,112.45,6857499
2021-05-20 10:25:50,112.45,6857859
2021-05-20 10:25:53,112.45,6857971
2021-05-20 10:25:57,112.45,6858432
2021-05-20 10:26:00,112.45,6859086
2021-05-20 10:26:04,112.4,6872379
2021-05-20 10:26:07,112.4,6875172
2021-05-20 10:26:10,112.4,6878507
2021-05-20 10:26:13,112.4,6880692
2021-05-20 10:26:16,112.4,6880698
2021-05-20 10:26:20,112.4,6881418
2021-05-20 10:26:23,112.4,6881823
2021-05-20 10:26:26,112.4,6881828
2021-05-20 10:26:29,112.4,6881830
2021-05-20 10:26:35,112.35,6885278
2021-05-20 10:26:39,112.35,6885316
2021-05-20 10:26:42,112.35,6885317
2021-05-20 10:26:45,112.4,6887071
2021-05-20 10:26:48,112.45,6887265
2021-05-20 10:26:51,112.45,6887581
2021-05-20 10:26:54,112.35,6889583
2021-05-20 10:26:57,112.4,6891013
2021-05-20 10:27:01,112.4,6892053
2021-05-20 10:27:04,112.4,6892115
2021-05-20 10:27:07,112.4,6892724
2021-05-20 10:27:10,112.4,6893530
2021-05-20 10:27:13,112.45,6893647
2021-05-20 10:27:17,112.45,6893670
2021-05-20 10:27:20,112.45,6894013
2021-05-20 10:27:24,112.5,6898461
2021-05-20 10:27:31,112.45,6899049
2021-05-20 10:27:34,112.5,6899097
2021-05-20 10:27:38,112.5,6899341
2021-05-20 10:27:41,112.5,6901951
2021-05-20 10:27:45,112.5,6902265
2021-05-20 10:27:48,112.5,6902634
2021-05-20 10:27:51,112.5,6906119
2021-05-20 10:27:55,112.5,6906324
2021-05-20 10:27:58,112.5,6907086
2021-05-20 10:28:01,112.5,6907437
2021-05-20 10:28:08,112.5,6907838
2021-05-20 10:28:11,112.5,6908147
2021-05-20 10:28:15,112.5,6908436
2021-05-20 10:28:19,112.45,6908447
2021-05-20 10:28:22,112.5,6911025
2021-05-20 10:28:26,112.5,6911136
2021-05-20 10:28:29,112.45,6917418
2021-05-20 10:28:32,112.5,6917627
2021-05-20 10:28:35,112.45,6918009
2021-05-20 10:28:41,112.45,6919235
2021-05-20 10:28:45,112.55,6919682
2021-05-20 10:28:48,112.5,6919787
2021-05-20 10:28:52,112.55,6920558
2021-05-20 10:28:55,112.55,6920623
2021-05-20 10:28:58,112.5,6921172
2021-05-20 10:29:01,112.5,6921257
2021-05-20 10:29:04,112.45,6921514
2021-05-20 10:29:08,112.5,6921546
2021-05-20 10:29:11,112.45,6921796
2021-05-20 10:29:14,112.5,6922099
2021-05-20 10:29:17,112.5,6922616
2021-05-20 10:29:20,112.5,6924457
2021-05-20 10:29:23,112.55,6925184
2021-05-20 10:29:26,112.45,6926389
2021-05-20 10:29:30,112.55,6926443
2021-05-20 10:29:34,112.55,6932146
2021-05-20 10:29:38,112.5,6932496
2021-05-20 10:29:41,112.55,6932818
2021-05-20 10:29:44,112.5,6933151
2021-05-20 10:29:48,112.55,6933336
2021-05-20 10:29:54,112.5,6933339
2021-05-20 10:29:57,112.6,6934107
2021-05-20 10:29:59,112.6,6934635
2021-05-20 10:30:02,112.6,6934920
2021-05-20 10:30:06,112.55,6937260
2021-05-20 10:30:09,112.6,6937265
2021-05-20 10:30:12,112.55,6937365
2021-05-20 10:30:15,112.6,6940323
2021-05-20 10:30:18,112.55,6940373
2021-05-20 10:30:21,112.55,6941472
2021-05-20 10:30:24,112.5,6942206
2021-05-20 10:30:28,112.55,6944009
2021-05-20 10:30:31,112.5,6944927
2021-05-20 10:30:33,112.45,6945961
2021-05-20 10:30:37,112.5,6945968
2021-05-20 10:30:39,112.45,6946304
2021-05-20 10:30:42,112.5,6946454
2021-05-20 10:30:45,112.5,6946509
2021-05-20 10:30:49,112.5,6946513
2021-05-20 10:30:53,112.45,6946659
2021-05-20 10:30:56,112.5,6946779
2021-05-20 10:31:03,112.5,6946919
2021-05-20 10:31:06,112.5,6946919
2021-05-20 10:31:09,112.5,6946919
2021-05-20 10:31:12,112.45,6947060
2021-05-20 10:31:16,112.5,6947063
2021-05-20 10:31:23,112.5,6948354
2021-05-20 10:31:27,112.45,6952236
2021-05-20 10:31:30,112.4,6952788
2021-05-20 10:31:34,112.5,6952940
2021-05-20 10:31:37,112.5,6952943
2021-05-20 10:31:40,112.5,6952954
2021-05-20 10:31:43,112.5,6953067
2021-05-20 10:31:46,112.5,6953117
2021-05-20 10:31:49,112.4,6953703
2021-05-20 10:31:53,112.45,6953793
2021-05-20 10:31:56,112.45,6954520
2021-05-20 10:31:59,112.45,6955210
2021-05-20 10:32:02,112.45,6955849
2021-05-20 10:32:05,112.45,6956110
2021-05-20 10:32:08,112.4,6956173
2021-05-20 10:32:11,112.45,6956373
2021-05-20 10:32:15,112.4,6956376
2021-05-20 10:32:18,112.45,6959206
2021-05-20 10:32:22,112.5,6959766
2021-05-20 10:32:25,112.45,6968263
2021-05-20 10:32:28,112.45,6969580
2021-05-20 10:32:31,112.4,6969589
2021-05-20 10:32:37,112.45,6969999
2021-05-20 10:32:40,112.4,6970036
2021-05-20 10:32:42,112.4,6970036
2021-05-20 10:32:45,112.4,6972310
2021-05-20 10:32:48,112.45,6972359
2021-05-20 10:32:51,112.4,6972360
2021-05-20 10:32:54,112.4,6972360
2021-05-20 10:33:01,112.45,6979311
2021-05-20 10:33:04,112.45,6979994
2021-05-20 10:33:07,112.45,6980026
2021-05-20 10:33:11,112.45,6986492
2021-05-20 10:33:14,112.45,6987021
2021-05-20 10:33:17,112.45,6987121
2021-05-20 10:33:20,112.45,6987517
2021-05-20 10:33:23,112.45,6989313
2021-05-20 10:33:26,112.45,6989898
2021-05-20 10:33:29,112.5,6989899
2021-05-20 10:33:31,112.5,6990149
2021-05-20 10:33:34,112.5,6990168
2021-05-20 10:33:40,112.45,6991913
2021-05-20 10:33:43,112.4,6994131
2021-05-20 10:33:46,112.45,6994454
2021-05-20 10:33:49,112.45,6994755
2021-05-20 10:33:52,112.4,6994855
2021-05-20 10:33:55,112.5,6996205
2021-05-20 10:33:58,112.45,6996849
2021-05-20 10:34:01,112.45,6997494
2021-05-20 10:34:04,112.45,6997499
2021-05-20 10:34:06,112.5,6997509
2021-05-20 10:34:09,112.4,7002709
2021-05-20 10:34:12,112.4,7002760
2021-05-20 10:34:15,112.45,7002880
2021-05-20 10:34:17,112.4,7021209
2021-05-20 10:34:20,112.4,7025312
2021-05-20 10:34:23,112.4,7025360
2021-05-20 10:34:26,112.4,7025438
2021-05-20 10:34:29,112.4,7025519
2021-05-20 10:34:32,112.4,7025979
2021-05-20 10:34:35,112.3,7026581
2021-05-20 10:34:38,112.4,7028255
2021-05-20 10:34:41,112.3,7045040
2021-05-20 10:34:44,112.3,7051225
2021-05-20 10:34:48,112.3,7051626
2021-05-20 10:34:51,112.3,7052662
2021-05-20 10:34:54,112.3,7052747
2021-05-20 10:34:57,112.3,7052801
2021-05-20 10:35:02,112.3,7053227
2021-05-20 10:35:06,112.35,7067701
2021-05-20 10:35:08,112.35,7068527
2021-05-20 10:35:11,112.35,7068548
2021-05-20 10:35:14,112.35,7068549
2021-05-20 10:35:17,112.35,7069299
2021-05-20 10:35:20,112.3,7069494
2021-05-20 10:35:24,112.35,7070059
2021-05-20 10:35:27,112.35,7076134
2021-05-20 10:35:31,112.35,7076659
2021-05-20 10:35:35,112.3,7076689
2021-05-20 10:35:38,112.3,7076951
2021-05-20 10:35:42,112.3,7076957
2021-05-20 10:35:45,112.3,7077673
2021-05-20 10:35:49,112.35,7077844
2021-05-20 10:35:52,112.3,7086370
2021-05-20 10:35:56,112.3,7089612
2021-05-20 10:35:59,112.35,7089613
2021-05-20 10:36:02,112.3,7089651
2021-05-20 10:36:05,112.35,7089740
2021-05-20 10:36:08,112.35,7089791
2021-05-20 10:36:11,112.35,7089791
2021-05-20 10:36:14,112.35,7089793
2021-05-20 10:36:17,112.35,7089809
2021-05-20 10:36:20,112.3,7089918
2021-05-20 10:36:23,112.35,7089919
2021-05-20 10:36:26,112.35,7090149
2021-05-20 10:36:29,112.35,7090149
2021-05-20 10:36:32,112.3,7090406
2021-05-20 10:36:35,112.3,7090406
2021-05-20 10:36:38,112.35,7096161
2021-05-20 10:36:41,112.4,7096551
2021-05-20 10:36:50,112.35,7097583
2021-05-20 10:36:53,112.4,7097793
2021-05-20 10:36:55,112.4,7098004
2021-05-20 10:36:58,112.35,7098254
2021-05-20 10:37:01,112.35,7098306
2021-05-20 10:37:04,112.4,7098471
2021-05-20 10:37:08,112.45,7098785
2021-05-20 10:37:11,112.35,7098975
2021-05-20 10:37:14,112.45,7099477
2021-05-20 10:37:17,112.45,7099488
2021-05-20 10:37:19,112.45,7099993
2021-05-20 10:37:22,112.4,7100105
2021-05-20 10:37:26,112.4,7100105
2021-05-20 10:37:29,112.45,7100107
2021-05-20 10:37:32,112.45,7100117
2021-05-20 10:37:35,112.45,7100393
2021-05-20 10:37:39,112.4,7101798
2021-05-20 10:37:42,112.45,7101851
2021-05-20 10:37:45,112.4,7102005
2021-05-20 10:37:48,112.45,7103805
2021-05-20 10:37:51,112.45,7103857
2021-05-20 10:37:54,112.4,7104059
2021-05-20 10:37:57,112.4,7104110
2021-05-20 10:38:00,112.4,7104630
2021-05-20 10:38:04,112.4,7106085
2021-05-20 10:38:08,112.4,7107111
2021-05-20 10:38:10,112.4,7107336
2021-05-20 10:38:13,112.4,7107536
2021-05-20 10:38:16,112.35,7107650
2021-05-20 10:38:19,112.35,7107650
2021-05-20 10:38:21,112.4,7107764
2021-05-20 10:38:24,112.35,7108572
2021-05-20 10:38:27,112.4,7108675
2021-05-20 10:38:30,112.4,7108774
2021-05-20 10:38:32,112.4,7108783
2021-05-20 10:38:35,112.4,7110195
2021-05-20 10:38:38,112.4,7110195
2021-05-20 10:38:41,112.4,7110206
2021-05-20 10:38:43,112.35,7111277
2021-05-20 10:38:46,112.4,7111309
2021-05-20 10:38:49,112.4,7111920
2021-05-20 10:38:52,112.4,7112426
2021-05-20 10:38:55,112.4,7112427
2021-05-20 10:38:58,112.35,7118427
2021-05-20 10:39:01,112.4,7118537
2021-05-20 10:39:04,112.4,7118537
2021-05-20 10:39:07,112.4,7118642
2021-05-20 10:39:10,112.4,7118642
2021-05-20 10:39:13,112.4,7118654
2021-05-20 10:39:16,112.4,7120457
2021-05-20 10:39:20,112.4,7120738
2021-05-20 10:39:23,112.4,7120738
2021-05-20 10:39:28,112.45,7120958
2021-05-20 10:39:31,112.45,7120958
2021-05-20 10:39:34,112.4,7121014
2021-05-20 10:39:37,112.4,7121133
2021-05-20 10:39:40,112.45,7121381
2021-05-20 10:39:43,112.4,7121431
2021-05-20 10:39:46,112.45,7121727
2021-05-20 10:39:49,112.4,7121807
2021-05-20 10:39:51,112.4,7121840
2021-05-20 10:39:54,112.4,7121840
2021-05-20 10:39:57,112.4,7122077
2021-05-20 10:40:00,112.4,7122219
2021-05-20 10:40:04,112.45,7122279
2021-05-20 10:40:07,112.4,7124837
2021-05-20 10:40:10,112.4,7127244
2021-05-20 10:40:13,112.4,7127264
2021-05-20 10:40:15,112.3,7130122
2021-05-20 10:40:18,112.3,7130147
2021-05-20 10:40:21,112.4,7130149
2021-05-20 10:40:24,112.4,7130322
2021-05-20 10:40:27,112.35,7130524
2021-05-20 10:40:30,112.4,7131084
2021-05-20 10:40:33,112.35,7131159
2021-05-20 10:40:36,112.35,7135384
2021-05-20 10:40:39,112.35,7135600
2021-05-20 10:40:42,112.35,7138203
2021-05-20 10:40:46,112.35,7138703
2021-05-20 10:40:49,112.35,7139189
2021-05-20 10:40:52,112.35,7139314
2021-05-20 10:40:55,112.3,7139414
2021-05-20 10:40:59,112.35,7139425
2021-05-20 10:41:05,112.35,7162153
2021-05-20 10:41:08,112.35,7162170
2021-05-20 10:41:11,112.25,7163174
2021-05-20 10:41:14,112.25,7163368
2021-05-20 10:41:17,112.35,7165660
2021-05-20 10:41:20,112.35,7166484
2021-05-20 10:41:23,112.35,7166490
2021-05-20 10:41:26,112.25,7166520
2021-05-20 10:41:28,112.25,7166534
2021-05-20 10:41:31,112.35,7166610
2021-05-20 10:41:34,112.35,7167717
2021-05-20 10:41:36,112.25,7167814
2021-05-20 10:41:39,112.35,7167819
2021-05-20 10:41:42,112.35,7169721
2021-05-20 10:41:45,112.35,7169721
2021-05-20 10:41:47,112.35,7169768
2021-05-20 10:41:50,112.35,7169816
2021-05-20 10:41:53,112.3,7170031
2021-05-20 10:41:58,112.3,7171201
2021-05-20 10:42:00,112.3,7171207
2021-05-20 10:42:03,112.3,7171343
2021-05-20 10:42:06,112.3,7172511
2021-05-20 10:42:08,112.35,7175052
2021-05-20 10:42:11,112.35,7175203
2021-05-20 10:42:13,112.35,7175213
2021-05-20 10:42:16,112.35,7175478
2021-05-20 10:42:19,112.3,7175661
2021-05-20 10:42:21,112.35,7175672
2021-05-20 10:42:24,112.35,7175692
2021-05-20 10:42:27,112.35,7175692
2021-05-20 10:42:29,112.35,7175692
2021-05-20 10:42:32,112.35,7175694
2021-05-20 10:42:35,112.35,7175794
2021-05-20 10:42:38,112.35,7175804
2021-05-20 10:42:41,112.35,7175804
2021-05-20 10:42:44,112.35,7177154
2021-05-20 10:42:47,112.35,7177228
2021-05-20 10:42:50,112.35,7179235
2021-05-20 10:42:53,112.3,7181558
2021-05-20 10:42:56,112.35,7181858
2021-05-20 10:43:00,112.35,7182273
2021-05-20 10:43:03,112.3,7182439
2021-05-20 10:43:06,112.3,7184156
2021-05-20 10:43:09,112.35,7184301
2021-05-20 10:43:12,112.35,7184336
2021-05-20 10:43:14,112.35,7184418
2021-05-20 10:43:17,112.4,7185128
2021-05-20 10:43:19,112.3,7185129
2021-05-20 10:43:21,112.35,7185149
2021-05-20 10:43:24,112.4,7185154
2021-05-20 10:43:26,112.35,7189256
2021-05-20 10:43:29,112.35,7189256
2021-05-20 10:43:32,112.4,7190256
2021-05-20 10:43:34,112.35,7190602
2021-05-20 10:43:36,112.35,7190653
2021-05-20 10:43:39,112.35,7192656
2021-05-20 10:43:41,112.35,7193038
2021-05-20 10:43:44,112.4,7193194
2021-05-20 10:43:53,112.4,7193224
2021-05-20 10:43:55,112.35,7193424
2021-05-20 10:43:58,112.35,7193424
2021-05-20 10:44:00,112.35,7193424
2021-05-20 10:44:03,112.4,7194645
2021-05-20 10:44:06,112.4,7195363
2021-05-20 10:44:09,112.3,7195393
2021-05-20 10:44:12,112.3,7199020
2021-05-20 10:44:14,112.35,7199035
2021-05-20 10:44:16,112.35,7199035
2021-05-20 10:44:19,112.4,7203041
2021-05-20 10:44:22,112.35,7203501
2021-05-20 10:44:24,112.35,7203501
2021-05-20 10:44:27,112.4,7203513
2021-05-20 10:44:32,112.4,7203713
2021-05-20 10:44:34,112.4,7203713
2021-05-20 10:44:37,112.4,7203733
2021-05-20 10:44:40,112.35,7204279
2021-05-20 10:44:42,112.35,7204379
2021-05-20 10:44:45,112.35,7204379
2021-05-20 10:44:47,112.4,7205379
2021-05-20 10:44:50,112.4,7206459
2021-05-20 10:44:53,112.4,7206999
2021-05-20 10:44:55,112.4,7207033
2021-05-20 10:44:58,112.35,7207088
2021-05-20 10:45:00,112.4,7207118
2021-05-20 10:45:03,112.4,7207128
2021-05-20 10:45:06,112.4,7207159
2021-05-20 10:45:09,112.4,7207183
2021-05-20 10:45:13,112.4,7207506
2021-05-20 10:45:16,112.35,7207737
2021-05-20 10:45:19,112.4,7207945
2021-05-20 10:45:22,112.35,7207982
2021-05-20 10:45:24,112.35,7207998
2021-05-20 10:45:27,112.4,7208298
2021-05-20 10:45:30,112.35,7208347
2021-05-20 10:45:33,112.4,7208938
2021-05-20 10:45:36,112.4,7209344
2021-05-20 10:45:39,112.4,7210349
2021-05-20 10:45:41,112.4,7212403
2021-05-20 10:45:44,112.4,7213418
2021-05-20 10:45:47,112.4,7213418
2021-05-20 10:45:49,112.4,7213418
2021-05-20 10:45:54,112.4,7213526
2021-05-20 10:45:57,112.4,7213861
2021-05-20 10:46:00,112.4,7214861
2021-05-20 10:46:03,112.4,7214908
2021-05-20 10:46:05,112.4,7215460
2021-05-20 10:46:08,112.4,7215520
2021-05-20 10:46:10,112.4,7215520
2021-05-20 10:46:14,112.4,7215712
2021-05-20 10:46:17,112.4,7216452
2021-05-20 10:46:20,112.35,7216524
2021-05-20 10:46:23,112.4,7216631
2021-05-20 10:46:26,112.35,7216988
2021-05-20 10:46:29,112.4,7217115
2021-05-20 10:46:32,112.4,7217820
2021-05-20 10:46:35,112.4,7217828
2021-05-20 10:46:38,112.35,7225651
2021-05-20 10:46:41,112.35,7225809
2021-05-20 10:46:44,112.35,7225961
2021-05-20 10:46:47,112.35,7226042
2021-05-20 10:46:50,112.35,7226543
2021-05-20 10:46:53,112.35,7226916
2021-05-20 10:46:56,112.35,7226949
2021-05-20 10:47:00,112.35,7228771
2021-05-20 10:47:06,112.3,7228788
2021-05-20 10:47:09,112.35,7229709
2021-05-20 10:47:12,112.35,7229989
2021-05-20 10:47:15,112.35,7230139
2021-05-20 10:47:18,112.3,7248191
2021-05-20 10:47:21,112.3,7249753
2021-05-20 10:47:24,112.3,7250253
2021-05-20 10:47:26,112.3,7250358
2021-05-20 10:47:29,112.3,7251368
2021-05-20 10:47:32,112.3,7251678
2021-05-20 10:47:35,112.3,7252499
2021-05-20 10:47:38,112.3,7252901
2021-05-20 10:47:41,112.3,7253021
2021-05-20 10:47:44,112.3,7253541
2021-05-20 10:47:47,112.25,7254572
2021-05-20 10:47:51,112.25,7255182
2021-05-20 10:47:54,112.25,7273801
2021-05-20 10:47:57,112.2,7276050
2021-05-20 10:47:59,112.2,7276051
2021-05-20 10:48:03,112.25,7276314
2021-05-20 10:48:06,112.25,7277380
2021-05-20 10:48:09,112.2,7277883
2021-05-20 10:48:11,112.15,7295537
2021-05-20 10:48:14,112.2,7299118
2021-05-20 10:48:17,112.15,7299203
2021-05-20 10:48:20,112.2,7301736
2021-05-20 10:48:22,112.2,7301833
2021-05-20 10:48:25,112.15,7301874
2021-05-20 10:48:29,112.2,7305861
2021-05-20 10:48:32,112.25,7313539
2021-05-20 10:48:35,112.3,7315381
2021-05-20 10:48:39,112.3,7315541
2021-05-20 10:48:42,112.25,7315551
2021-05-20 10:48:45,112.3,7316055
2021-05-20 10:48:48,112.25,7316632
2021-05-20 10:48:51,112.3,7318426
2021-05-20 10:48:54,112.3,7319191
2021-05-20 10:48:57,112.2,7319198
2021-05-20 10:49:02,112.3,7319351
2021-05-20 10:49:05,112.25,7320274
2021-05-20 10:49:08,112.2,7320681
2021-05-20 10:49:11,112.3,7330310
2021-05-20 10:49:14,112.35,7330339
2021-05-20 10:49:17,112.35,7330339
2021-05-20 10:49:20,112.4,7342025
2021-05-20 10:49:23,112.4,7348482
