timestamp,ltp,volume
2021-05-20 09:15:09,981.5,4643
2021-05-20 09:15:18,982.45,7889
2021-05-20 09:15:27,982.7,11242
2021-05-20 09:15:35,983.55,12190
2021-05-20 09:15:43,983.7,14807
2021-05-20 09:16:04,979.2,28162
2021-05-20 09:16:11,979.05,28880
2021-05-20 09:16:17,977.7,30963
2021-05-20 09:16:24,977.6,31748
2021-05-20 09:16:31,977.5,34123
2021-05-20 09:16:44,976.45,38401
2021-05-20 09:16:50,975.75,39594
2021-05-20 09:16:56,975.75,40284
2021-05-20 09:17:03,975.75,41868
2021-05-20 09:17:10,976.55,43014
2021-05-20 09:17:16,977.25,44417
2021-05-20 09:17:23,977.1,44616
2021-05-20 09:17:29,977.5,45513
2021-05-20 09:17:35,977.45,46553
2021-05-20 09:17:42,977.45,46989
2021-05-20 09:17:48,977.45,47108
2021-05-20 09:17:54,977.45,47687
2021-05-20 09:18:01,977.45,49851
2021-05-20 09:18:07,978.6,50757
2021-05-20 09:18:13,978.95,50777
2021-05-20 09:18:20,979.0,51495
2021-05-20 09:18:26,979.1,51646
2021-05-20 09:18:39,978.65,54091
2021-05-20 09:18:45,978.8,55584
2021-05-20 09:18:51,978.5,55982
2021-05-20 09:18:57,977.85,56274
2021-05-20 09:19:03,977.2,58365
2021-05-20 09:19:09,976.6,58671
2021-05-20 09:19:15,976.9,59473
2021-05-20 09:19:21,976.9,59634
2021-05-20 09:19:28,976.85,59693
2021-05-20 09:19:34,976.6,59782
2021-05-20 09:19:41,976.1,60239
2021-05-20 09:19:47,976.05,60354
2021-05-20 09:19:53,976.1,60569
2021-05-20 09:19:59,976.1,60992
2021-05-20 09:20:05,976.0,62243
2021-05-20 09:20:11,975.85,63021
2021-05-20 09:20:18,975.1,63823
2021-05-20 09:20:24,975.1,64135
2021-05-20 09:20:30,975.45,64596
2021-05-20 09:20:36,975.1,64815
2021-05-20 09:20:42,975.4,65100
2021-05-20 09:20:48,975.4,65806
2021-05-20 09:20:54,975.4,66091
2021-05-20 09:21:00,975.5,67158
2021-05-20 09:21:06,975.5,67267
2021-05-20 09:21:10,975.8,67359
2021-05-20 09:21:11,975.55,67369
2021-05-20 09:21:12,975.55,67369
2021-05-20 09:21:13,975.55,67384
2021-05-20 09:21:14,975.8,67469
2021-05-20 09:21:15,975.8,67469
2021-05-20 09:21:16,975.8,67469
2021-05-20 09:21:17,975.8,67582
2021-05-20 09:21:18,975.6,67619
2021-05-20 09:21:19,975.6,67621
2021-05-20 09:21:19,975.6,67621
2021-05-20 09:21:21,975.65,68043
2021-05-20 09:21:22,975.55,68047
2021-05-20 09:21:22,975.7,68049
2021-05-20 09:21:24,976.0,68325
2021-05-20 09:21:25,976.0,68325
2021-05-20 09:21:26,976.0,68425
2021-05-20 09:21:27,976.0,68475
2021-05-20 09:21:28,975.6,68500
2021-05-20 09:21:29,975.6,68500
2021-05-20 09:21:30,975.6,68500
2021-05-20 09:21:32,975.6,68500
2021-05-20 09:21:33,975.95,68550
2021-05-20 09:21:34,975.6,68555
2021-05-20 09:21:34,975.6,68555
2021-05-20 09:21:35,975.95,68618
2021-05-20 09:21:36,975.95,68643
2021-05-20 09:21:38,975.95,68879
2021-05-20 09:21:39,975.95,68879
2021-05-20 09:21:39,975.95,68879
2021-05-20 09:21:41,975.95,68889
2021-05-20 09:21:41,975.95,68889
2021-05-20 09:21:43,975.6,68968
2021-05-20 09:21:45,975.8,69177
2021-05-20 09:21:46,975.9,69186
2021-05-20 09:21:47,975.9,69236
2021-05-20 09:21:49,975.9,69268
2021-05-20 09:21:50,975.9,69268
2021-05-20 09:21:51,975.65,69411
2021-05-20 09:21:52,975.65,69411
2021-05-20 09:21:53,975.65,69411
2021-05-20 09:21:54,975.65,69411
2021-05-20 09:21:55,975.55,69604
2021-05-20 09:21:56,975.55,69604
2021-05-20 09:21:56,975.55,69604
2021-05-20 09:21:59,975.65,69755
2021-05-20 09:22:01,975.85,69756
2021-05-20 09:22:00,975.85,69756
2021-05-20 09:22:02,975.85,69766
2021-05-20 09:22:03,975.85,69766
2021-05-20 09:22:04,975.0,74979
2021-05-20 09:22:04,975.35,75557
2021-05-20 09:22:05,975.3,75657
2021-05-20 09:22:08,975.0,76206
2021-05-20 09:22:08,975.0,76206
2021-05-20 09:22:09,974.2,76386
2021-05-20 09:22:10,974.9,76396
2021-05-20 09:22:11,974.9,76396
2021-05-20 09:22:12,973.75,77216
2021-05-20 09:22:13,973.75,77216
2021-05-20 09:22:14,974.0,77221
2021-05-20 09:22:15,973.75,77271
2021-05-20 09:22:17,973.75,77271
2021-05-20 09:22:18,973.75,77271
2021-05-20 09:22:19,973.75,77342
2021-05-20 09:22:20,973.85,78658
2021-05-20 09:22:21,973.8,78718
2021-05-20 09:22:22,973.8,78718
2021-05-20 09:22:23,973.65,78744
2021-05-20 09:22:24,973.35,78910
2021-05-20 09:22:25,973.75,78911
2021-05-20 09:22:26,973.35,78957
2021-05-20 09:22:26,973.35,79157
2021-05-20 09:22:27,973.35,79272
2021-05-20 09:22:29,973.65,79298
2021-05-20 09:22:30,973.65,79298
2021-05-20 09:22:31,973.35,79346
2021-05-20 09:22:32,973.0,79766
2021-05-20 09:22:33,973.1,79816
2021-05-20 09:22:34,973.05,79830
2021-05-20 09:22:35,973.05,79830
2021-05-20 09:22:36,973.15,79980
2021-05-20 09:22:37,973.55,80006
2021-05-20 09:22:38,973.55,80006
2021-05-20 09:22:39,973.55,80016
2021-05-20 09:22:40,973.55,80027
2021-05-20 09:22:41,973.55,80042
2021-05-20 09:22:42,973.55,80042
2021-05-20 09:22:43,973.55,80042
2021-05-20 09:22:44,973.55,80048
2021-05-20 09:22:45,973.55,80048
2021-05-20 09:22:49,973.55,81055
2021-05-20 09:22:50,973.55,81055
2021-05-20 09:22:51,973.55,81057
2021-05-20 09:22:53,973.55,81057
2021-05-20 09:22:53,973.55,81057
2021-05-20 09:22:54,973.1,81062
2021-05-20 09:22:55,973.1,81062
2021-05-20 09:22:57,973.55,81063
2021-05-20 09:22:58,973.55,81084
2021-05-20 09:22:59,973.55,81097
2021-05-20 09:23:00,973.55,81102
2021-05-20 09:23:01,973.55,81102
2021-05-20 09:23:02,973.55,81158
2021-05-20 09:23:03,973.55,81170
2021-05-20 09:23:04,973.55,81170
2021-05-20 09:23:05,973.55,81170
2021-05-20 09:23:07,973.3,81182
2021-05-20 09:23:08,973.3,81182
2021-05-20 09:23:09,973.3,81190
2021-05-20 09:23:10,973.3,81190
2021-05-20 09:23:11,973.3,81190
2021-05-20 09:23:12,973.15,81207
2021-05-20 09:23:13,973.5,81277
2021-05-20 09:23:14,973.15,81456
2021-05-20 09:23:15,973.45,81568
2021-05-20 09:23:16,973.4,81588
2021-05-20 09:23:17,973.4,81588
2021-05-20 09:23:18,973.15,81793
2021-05-20 09:23:19,973.15,81803
2021-05-20 09:23:20,973.45,82192
2021-05-20 09:23:21,973.4,82193
2021-05-20 09:23:22,973.4,82193
2021-05-20 09:23:23,973.4,82196
2021-05-20 09:23:24,973.1,82217
2021-05-20 09:23:24,973.1,82217
2021-05-20 09:23:26,973.15,82267
2021-05-20 09:23:26,973.0,82317
2021-05-20 09:23:28,973.35,82342
2021-05-20 09:23:29,973.0,82365
2021-05-20 09:23:30,973.35,82385
2021-05-20 09:23:31,973.1,82779
2021-05-20 09:23:32,973.15,83626
2021-05-20 09:23:33,974.25,84532
2021-05-20 09:23:34,973.55,85032
2021-05-20 09:23:35,973.5,85033
2021-05-20 09:23:37,974.0,85103
2021-05-20 09:23:38,973.35,85365
2021-05-20 09:23:39,973.4,85385
2021-05-20 09:23:39,974.0,85395
2021-05-20 09:23:41,973.5,85405
2021-05-20 09:23:42,973.5,85405
2021-05-20 09:23:44,973.9,85911
2021-05-20 09:23:45,973.45,86051
2021-05-20 09:23:46,973.0,87051
2021-05-20 09:23:46,973.8,87061
2021-05-20 09:23:47,973.8,87151
2021-05-20 09:23:48,973.75,87152
2021-05-20 09:23:49,973.7,87252
2021-05-20 09:23:51,973.3,87267
2021-05-20 09:23:52,973.3,87267
2021-05-20 09:23:52,973.45,87397
2021-05-20 09:23:54,973.65,87406
2021-05-20 09:23:55,973.5,87411
2021-05-20 09:23:55,973.5,87411
2021-05-20 09:23:58,973.75,87441
2021-05-20 09:23:59,973.75,87441
2021-05-20 09:24:00,973.75,87441
2021-05-20 09:24:00,973.75,87441
2021-05-20 09:24:01,973.75,87441
2021-05-20 09:24:03,973.75,87441
2021-05-20 09:24:04,973.7,87461
2021-05-20 09:24:05,973.7,87523
2021-05-20 09:24:06,973.7,87523
2021-05-20 09:24:07,973.5,87543
2021-05-20 09:24:08,973.7,87712
2021-05-20 09:24:09,974.0,87852
2021-05-20 09:24:10,974.0,87852
2021-05-20 09:24:11,974.0,87852
2021-05-20 09:24:12,974.0,87852
2021-05-20 09:24:13,973.55,87935
2021-05-20 09:24:14,974.0,88135
2021-05-20 09:24:14,974.0,88135
2021-05-20 09:24:16,974.0,88135
2021-05-20 09:24:16,974.0,88135
2021-05-20 09:24:18,974.0,88255
2021-05-20 09:24:19,974.0,88255
2021-05-20 09:24:20,974.0,88255
2021-05-20 09:24:21,973.6,88270
2021-05-20 09:24:22,973.6,88270
2021-05-20 09:24:23,974.0,88338
2021-05-20 09:24:24,973.55,88683
2021-05-20 09:24:25,973.55,88683
2021-05-20 09:24:26,973.55,88684
2021-05-20 09:24:27,973.9,88714
2021-05-20 09:24:28,973.5,89039
2021-05-20 09:24:29,973.5,89039
2021-05-20 09:24:30,973.75,89049
2021-05-20 09:24:31,973.75,89049
2021-05-20 09:24:32,973.75,89049
2021-05-20 09:24:34,973.75,89049
2021-05-20 09:24:35,973.75,89049
2021-05-20 09:24:36,973.75,89049
2021-05-20 09:24:37,973.75,89064
2021-05-20 09:24:38,973.6,89129
2021-05-20 09:24:39,973.75,89229
2021-05-20 09:24:41,973.75,89229
2021-05-20 09:24:41,973.75,89294
2021-05-20 09:24:43,973.6,89309
2021-05-20 09:24:43,973.6,89309
2021-05-20 09:24:45,973.6,89309
2021-05-20 09:24:46,973.6,89309
2021-05-20 09:24:47,973.6,89309
2021-05-20 09:24:48,973.6,89314
2021-05-20 09:24:48,973.6,89314
2021-05-20 09:24:50,974.0,90013
2021-05-20 09:24:51,974.0,90013
2021-05-20 09:24:52,973.7,90533
2021-05-20 09:24:53,973.75,90554
2021-05-20 09:24:54,973.75,90554
2021-05-20 09:24:56,973.75,90554
2021-05-20 09:24:57,973.75,90554
2021-05-20 09:24:58,973.75,90554
2021-05-20 09:24:59,973.85,90605
2021-05-20 09:25:00,973.85,90633
2021-05-20 09:25:02,974.0,90883
2021-05-20 09:25:02,974.0,90883
2021-05-20 09:25:04,974.0,90883
2021-05-20 09:25:05,974.0,90883
2021-05-20 09:25:06,974.0,90883
2021-05-20 09:25:07,974.0,90893
2021-05-20 09:25:08,974.4,90913
2021-05-20 09:25:09,973.85,90918
2021-05-20 09:25:10,974.55,91068
2021-05-20 09:25:11,974.55,91078
2021-05-20 09:25:12,974.55,91078
2021-05-20 09:25:14,974.55,91293
2021-05-20 09:25:15,974.55,91293
2021-05-20 09:25:16,974.55,91293
2021-05-20 09:25:17,974.55,91293
2021-05-20 09:25:19,974.85,91318
2021-05-20 09:25:20,974.85,91318
2021-05-20 09:25:21,974.85,91318
2021-05-20 09:25:22,974.85,91318
2021-05-20 09:25:24,974.85,91613
2021-05-20 09:25:25,974.85,91613
2021-05-20 09:25:26,974.85,91613
2021-05-20 09:25:28,974.55,91629
2021-05-20 09:25:31,974.55,91629
2021-05-20 09:25:33,974.85,91658
2021-05-20 09:25:34,974.9,91659
2021-05-20 09:25:35,974.9,91659
2021-05-20 09:25:36,974.9,91659
2021-05-20 09:25:37,974.9,91694
2021-05-20 09:25:38,974.9,91694
2021-05-20 09:25:39,975.0,91794
2021-05-20 09:25:40,974.85,91819
2021-05-20 09:25:41,975.0,91919
2021-05-20 09:25:42,975.0,91920
2021-05-20 09:25:43,974.5,93339
2021-05-20 09:25:44,974.85,93442
2021-05-20 09:25:45,974.85,93442
2021-05-20 09:25:47,974.5,93467
2021-05-20 09:25:48,974.5,93467
2021-05-20 09:25:49,974.5,93467
2021-05-20 09:25:50,974.7,93477
2021-05-20 09:25:51,974.7,93499
2021-05-20 09:25:52,974.7,93649
2021-05-20 09:25:53,974.7,93649
2021-05-20 09:25:54,974.7,93659
2021-05-20 09:25:55,974.7,93664
2021-05-20 09:25:56,974.7,93664
2021-05-20 09:25:57,974.7,93699
2021-05-20 09:25:58,974.5,93749
2021-05-20 09:25:59,974.5,93785
2021-05-20 09:26:00,974.5,93794
2021-05-20 09:26:01,974.7,93824
2021-05-20 09:26:02,974.5,93834
2021-05-20 09:26:03,974.35,94505
2021-05-20 09:26:04,974.35,94625
2021-05-20 09:26:06,973.6,95500
2021-05-20 09:26:05,974.1,95497
2021-05-20 09:26:07,973.6,95500
2021-05-20 09:26:08,973.6,95500
2021-05-20 09:26:09,974.0,95515
2021-05-20 09:26:12,974.0,95525
2021-05-20 09:26:17,973.95,95667
2021-05-20 09:26:23,973.6,95946
2021-05-20 09:26:28,973.85,96472
2021-05-20 09:26:33,973.55,97102
2021-05-20 09:26:39,973.5,97103
2021-05-20 09:26:44,973.7,97528
2021-05-20 09:26:49,973.9,97619
2021-05-20 09:26:54,973.9,97669
2021-05-20 09:26:59,973.9,97797
2021-05-20 09:27:04,973.55,97932
2021-05-20 09:27:10,973.55,97933
2021-05-20 09:27:15,973.85,97998
2021-05-20 09:27:26,973.0,99248
2021-05-20 09:27:32,973.35,99612
2021-05-20 09:27:37,973.35,99626
2021-05-20 09:27:42,973.0,99682
2021-05-20 09:27:47,971.85,100494
2021-05-20 09:27:53,971.45,101798
2021-05-20 09:27:58,972.6,103800
2021-05-20 09:28:03,972.25,104195
2021-05-20 09:28:09,971.85,104464
2021-05-20 09:28:14,971.35,104669
2021-05-20 09:28:19,971.0,105313
2021-05-20 09:28:24,971.2,106291
2021-05-20 09:28:29,971.15,106633
2021-05-20 09:28:34,970.85,106733
2021-05-20 09:28:39,971.15,107080
2021-05-20 09:28:45,970.55,107603
2021-05-20 09:28:49,970.9,108262
2021-05-20 09:28:55,970.2,108557
2021-05-20 09:29:00,970.55,108812
2021-05-20 09:29:05,970.0,111955
2021-05-20 09:29:11,969.35,112777
2021-05-20 09:29:15,969.55,113571
2021-05-20 09:29:21,969.05,113630
2021-05-20 09:29:26,969.05,118092
2021-05-20 09:29:31,968.85,119197
2021-05-20 09:29:36,968.85,120612
2021-05-20 09:29:41,971.15,122069
2021-05-20 09:29:47,970.45,122255
2021-05-20 09:29:52,969.45,122538
2021-05-20 09:29:57,969.3,122804
2021-05-20 09:30:03,969.95,122927
2021-05-20 09:30:08,969.85,123741
2021-05-20 09:30:12,970.0,123988
2021-05-20 09:30:22,970.1,124148
2021-05-20 09:30:38,970.85,124986
2021-05-20 09:30:43,971.05,125263
2021-05-20 09:30:49,971.5,125732
2021-05-20 09:30:54,971.9,125969
2021-05-20 09:30:59,971.9,126066
2021-05-20 09:31:04,972.8,126483
2021-05-20 09:31:10,973.65,126937
2021-05-20 09:31:11,973.65,126950
2021-05-20 09:31:12,973.4,127019
2021-05-20 09:31:13,973.15,127039
2021-05-20 09:31:14,973.4,127053
2021-05-20 09:31:15,973.4,127053
2021-05-20 09:31:16,973.65,127136
2021-05-20 09:31:16,973.65,127136
2021-05-20 09:31:17,973.65,127136
2021-05-20 09:31:18,973.65,127137
2021-05-20 09:31:19,973.75,127287
2021-05-20 09:31:20,973.65,127693
2021-05-20 09:31:21,974.05,128732
2021-05-20 09:31:22,973.75,128822
2021-05-20 09:31:23,973.75,128857
2021-05-20 09:31:24,973.75,128858
2021-05-20 09:31:25,974.0,129233
2021-05-20 09:31:26,974.0,129333
2021-05-20 09:31:27,974.0,129444
2021-05-20 09:31:28,974.0,129569
2021-05-20 09:31:29,974.1,129853
2021-05-20 09:31:30,974.1,129853
2021-05-20 09:31:31,974.45,130083
2021-05-20 09:31:32,974.0,130107
2021-05-20 09:31:33,974.15,130137
2021-05-20 09:31:34,974.15,130137
2021-05-20 09:31:35,974.0,130229
2021-05-20 09:31:36,974.0,130229
2021-05-20 09:31:37,974.0,130244
2021-05-20 09:31:38,974.0,130343
2021-05-20 09:31:39,974.0,130344
2021-05-20 09:31:40,973.75,132360
2021-05-20 09:31:41,973.75,132360
2021-05-20 09:31:42,973.15,132365
2021-05-20 09:31:43,973.05,132649
2021-05-20 09:31:44,973.05,132649
2021-05-20 09:31:45,973.05,132924
2021-05-20 09:31:46,973.05,132924
2021-05-20 09:31:48,973.0,132925
2021-05-20 09:31:49,973.0,132925
2021-05-20 09:31:51,973.0,132925
2021-05-20 09:31:51,973.45,132976
2021-05-20 09:31:54,973.45,132976
2021-05-20 09:31:54,973.6,133247
2021-05-20 09:31:55,973.6,133247
2021-05-20 09:31:56,973.05,133317
2021-05-20 09:31:57,973.0,133395
2021-05-20 09:31:59,973.5,133495
2021-05-20 09:31:59,973.5,133495
2021-05-20 09:32:00,973.0,133500
2021-05-20 09:32:01,973.0,133500
2021-05-20 09:32:03,973.0,133614
2021-05-20 09:32:04,973.0,133614
2021-05-20 09:32:05,973.0,133614
2021-05-20 09:32:06,973.45,133682
2021-05-20 09:32:07,973.4,133783
2021-05-20 09:32:09,973.4,134107
2021-05-20 09:32:10,973.45,134122
2021-05-20 09:32:11,972.85,134187
2021-05-20 09:32:12,973.3,134272
2021-05-20 09:32:13,973.3,134272
2021-05-20 09:32:14,973.3,134272
2021-05-20 09:32:14,972.8,134303
2021-05-20 09:32:15,972.8,134303
2021-05-20 09:32:17,972.9,134313
2021-05-20 09:32:17,972.95,134328
2021-05-20 09:32:18,972.35,134334
2021-05-20 09:32:20,972.35,134334
2021-05-20 09:32:21,972.35,134334
2021-05-20 09:32:22,972.35,134334
2021-05-20 09:32:23,972.35,134566
2021-05-20 09:32:24,972.5,134591
2021-05-20 09:32:26,972.5,134601
2021-05-20 09:32:27,972.5,134601
2021-05-20 09:32:29,972.0,134676
2021-05-20 09:32:30,972.0,134676
2021-05-20 09:32:31,972.0,134676
2021-05-20 09:32:32,971.6,134976
2021-05-20 09:32:33,971.15,135031
2021-05-20 09:32:34,971.15,135031
2021-05-20 09:32:34,971.15,135031
2021-05-20 09:32:35,971.7,135033
2021-05-20 09:32:37,971.7,135033
2021-05-20 09:32:38,971.65,135048
2021-05-20 09:32:41,971.65,135048
2021-05-20 09:32:41,971.65,135048
2021-05-20 09:32:42,971.65,135048
2021-05-20 09:32:44,971.65,135050
2021-05-20 09:32:45,971.6,135201
2021-05-20 09:32:46,971.15,135220
2021-05-20 09:32:48,971.15,135220
2021-05-20 09:32:49,971.3,135221
2021-05-20 09:32:50,971.3,135321
2021-05-20 09:32:50,971.3,135321
2021-05-20 09:32:51,971.0,135373
2021-05-20 09:32:53,971.0,135373
2021-05-20 09:32:53,971.15,135374
2021-05-20 09:32:55,971.0,135419
2021-05-20 09:32:55,971.0,135419
2021-05-20 09:32:56,971.0,135444
2021-05-20 09:32:57,971.25,135494
2021-05-20 09:32:58,971.25,135494
2021-05-20 09:32:59,971.25,135524
2021-05-20 09:33:00,971.0,135582
2021-05-20 09:33:01,971.0,135582
2021-05-20 09:33:03,971.1,135669
2021-05-20 09:33:05,971.0,135860
2021-05-20 09:33:05,971.15,135824
2021-05-20 09:33:06,971.15,135866
2021-05-20 09:33:07,971.15,135866
2021-05-20 09:33:08,971.15,135866
2021-05-20 09:33:09,971.15,135866
2021-05-20 09:33:10,971.0,135895
2021-05-20 09:33:11,971.0,135895
2021-05-20 09:33:12,971.0,136069
2021-05-20 09:33:13,971.15,136076
2021-05-20 09:33:14,971.15,136083
2021-05-20 09:33:15,971.0,136158
2021-05-20 09:33:16,971.15,136164
2021-05-20 09:33:17,971.15,136164
2021-05-20 09:33:18,971.15,136164
2021-05-20 09:33:19,971.15,136164
2021-05-20 09:33:20,971.15,136396
2021-05-20 09:33:21,971.15,136396
2021-05-20 09:33:22,971.15,136403
2021-05-20 09:33:23,971.15,136403
2021-05-20 09:33:24,971.15,136403
2021-05-20 09:33:25,969.9,139904
2021-05-20 09:33:27,969.0,141369
2021-05-20 09:33:27,969.15,141386
2021-05-20 09:33:28,969.15,141559
2021-05-20 09:33:29,969.15,141574
2021-05-20 09:33:30,969.15,141606
2021-05-20 09:33:31,969.15,141631
2021-05-20 09:33:32,969.15,141644
2021-05-20 09:33:33,969.15,141658
2021-05-20 09:33:34,969.15,141658
2021-05-20 09:33:35,969.15,141664
2021-05-20 09:33:36,969.1,141671
2021-05-20 09:33:37,968.95,141674
2021-05-20 09:33:38,969.0,141724
2021-05-20 09:33:39,968.95,141750
2021-05-20 09:33:40,968.8,141889
2021-05-20 09:33:41,968.5,141978
2021-05-20 09:33:42,968.5,141978
2021-05-20 09:33:43,968.55,142010
2021-05-20 09:33:44,968.55,142010
2021-05-20 09:33:45,969.0,142520
2021-05-20 09:33:47,969.0,142620
2021-05-20 09:33:48,969.0,142620
2021-05-20 09:33:49,968.6,142626
2021-05-20 09:33:50,968.7,142648
2021-05-20 09:33:51,969.05,142655
2021-05-20 09:33:51,969.05,142655
2021-05-20 09:33:52,968.6,142675
2021-05-20 09:33:53,968.6,142675
2021-05-20 09:33:55,969.0,142728
2021-05-20 09:33:55,969.0,142738
2021-05-20 09:33:56,969.0,142738
2021-05-20 09:33:58,969.0,142748
2021-05-20 09:33:59,969.0,142748
2021-05-20 09:34:00,969.0,142758
2021-05-20 09:34:01,969.0,142828
2021-05-20 09:34:02,969.0,142828
2021-05-20 09:34:03,969.0,143675
2021-05-20 09:34:04,969.0,143675
2021-05-20 09:34:05,969.0,143675
2021-05-20 09:34:06,968.6,143695
2021-05-20 09:34:07,968.6,143695
2021-05-20 09:34:08,969.0,143727
2021-05-20 09:34:09,969.0,143727
2021-05-20 09:34:10,969.0,143777
2021-05-20 09:34:11,969.0,143777
2021-05-20 09:34:12,969.0,143787
2021-05-20 09:34:13,969.0,143907
2021-05-20 09:34:14,969.0,143907
2021-05-20 09:34:15,968.6,143922
2021-05-20 09:34:18,968.6,143926
2021-05-20 09:34:18,968.6,143926
2021-05-20 09:34:19,968.6,143926
2021-05-20 09:34:20,968.6,143927
2021-05-20 09:34:22,968.45,144495
2021-05-20 09:34:23,968.45,144495
2021-05-20 09:34:24,968.6,144545
2021-05-20 09:34:25,968.6,144545
2021-05-20 09:34:27,968.5,144552
2021-05-20 09:34:28,968.5,144564
2021-05-20 09:34:29,968.5,144570
2021-05-20 09:34:30,968.45,144753
2021-05-20 09:34:31,968.5,144756
2021-05-20 09:34:32,968.5,144756
2021-05-20 09:34:33,968.25,144857
2021-05-20 09:34:33,968.25,144857
2021-05-20 09:34:35,968.45,144942
2021-05-20 09:34:39,968.45,144958
2021-05-20 09:34:41,968.45,144964
2021-05-20 09:34:42,968.45,144985
2021-05-20 09:34:43,968.05,146171
2021-05-20 09:34:44,968.05,146273
2021-05-20 09:34:45,968.05,146273
2021-05-20 09:34:46,968.0,146543
2021-05-20 09:34:47,968.0,146543
2021-05-20 09:34:48,968.0,146543
2021-05-20 09:34:49,968.05,146624
2021-05-20 09:34:50,968.1,147701
2021-05-20 09:34:51,968.6,147801
2021-05-20 09:34:52,968.45,147810
2021-05-20 09:34:53,968.25,147817
2021-05-20 09:34:54,968.05,147847
2021-05-20 09:34:55,968.05,147847
2021-05-20 09:34:56,968.05,147847
2021-05-20 09:34:57,968.45,147862
2021-05-20 09:34:58,968.45,147862
2021-05-20 09:34:59,968.95,148362
2021-05-20 09:35:00,968.95,148362
2021-05-20 09:35:01,968.2,148394
2021-05-20 09:35:02,968.2,148394
2021-05-20 09:35:03,968.5,148554
2021-05-20 09:35:04,968.2,148555
2021-05-20 09:35:07,968.1,148579
2021-05-20 09:35:08,968.45,148646
2021-05-20 09:35:09,968.45,148646
2021-05-20 09:35:10,968.05,148647
2021-05-20 09:35:13,968.45,148648
2021-05-20 09:35:14,968.45,148648
2021-05-20 09:35:16,968.45,148677
2021-05-20 09:35:17,968.45,148688
2021-05-20 09:35:18,968.45,148702
2021-05-20 09:35:19,968.45,148903
2021-05-20 09:35:20,968.45,148903
2021-05-20 09:35:21,968.45,148916
2021-05-20 09:35:22,968.05,148917
2021-05-20 09:35:23,968.05,148917
2021-05-20 09:35:24,968.05,148917
2021-05-20 09:35:25,968.05,148917
2021-05-20 09:35:26,968.45,148924
2021-05-20 09:35:27,968.05,148934
2021-05-20 09:35:28,968.2,148949
2021-05-20 09:35:30,968.2,148949
2021-05-20 09:35:31,968.45,148961
2021-05-20 09:35:32,968.45,149078
2021-05-20 09:35:34,968.45,149078
2021-05-20 09:35:35,968.45,149078
2021-05-20 09:35:36,968.45,149498
2021-05-20 09:35:37,968.45,149524
2021-05-20 09:35:38,968.25,149555
2021-05-20 09:35:39,968.25,149555
2021-05-20 09:35:42,968.2,149946
2021-05-20 09:35:43,968.2,149946
2021-05-20 09:35:44,968.45,149957
2021-05-20 09:35:45,968.45,149957
2021-05-20 09:35:46,968.45,149962
2021-05-20 09:35:47,968.1,149972
2021-05-20 09:35:48,968.45,150002
2021-05-20 09:35:49,968.45,150002
2021-05-20 09:35:50,968.45,150002
2021-05-20 09:35:51,968.45,150002
2021-05-20 09:35:52,968.45,150017
2021-05-20 09:35:53,968.45,150017
2021-05-20 09:35:54,966.6,153607
2021-05-20 09:35:55,966.8,153800
2021-05-20 09:35:56,966.65,154207
2021-05-20 09:35:57,966.7,154399
2021-05-20 09:35:58,965.8,154959
2021-05-20 09:35:59,965.9,154962
2021-05-20 09:36:00,966.35,154987
2021-05-20 09:36:01,966.35,154999
2021-05-20 09:36:02,965.85,155009
2021-05-20 09:36:03,966.2,156028
2021-05-20 09:36:04,966.2,156338
2021-05-20 09:36:05,966.15,156353
2021-05-20 09:36:07,966.15,156353
2021-05-20 09:36:08,966.05,156553
2021-05-20 09:36:11,966.95,156896
2021-05-20 09:36:12,966.35,156941
2021-05-20 09:36:13,966.6,157119
2021-05-20 09:36:14,966.6,157119
2021-05-20 09:36:15,967.3,157186
2021-05-20 09:36:16,967.3,157186
2021-05-20 09:36:17,967.4,157219
2021-05-20 09:36:18,967.45,157226
2021-05-20 09:36:19,967.0,157232
2021-05-20 09:36:20,967.8,157635
2021-05-20 09:36:21,967.5,157664
2021-05-20 09:36:22,967.5,157670
2021-05-20 09:36:23,967.5,157670
2021-05-20 09:36:24,967.95,157731
2021-05-20 09:36:25,967.95,157762
2021-05-20 09:36:26,967.95,157767
2021-05-20 09:36:27,967.6,157801
2021-05-20 09:36:28,967.6,157821
2021-05-20 09:36:29,968.2,157831
2021-05-20 09:36:30,968.2,157831
2021-05-20 09:36:31,968.2,157831
2021-05-20 09:36:32,968.2,157831
2021-05-20 09:36:33,968.35,157881
2021-05-20 09:36:34,968.45,157895
2021-05-20 09:36:35,968.5,157924
2021-05-20 09:36:36,968.5,157949
2021-05-20 09:36:37,968.5,158303
2021-05-20 09:36:38,968.5,158303
2021-05-20 09:36:39,968.5,158671
2021-05-20 09:36:40,968.95,158701
2021-05-20 09:36:41,968.95,158705
2021-05-20 09:36:43,968.95,158715
2021-05-20 09:36:44,969.0,158986
2021-05-20 09:36:45,969.0,158986
2021-05-20 09:36:46,969.0,158986
2021-05-20 09:36:47,970.0,159060
2021-05-20 09:36:48,970.0,159060
2021-05-20 09:36:49,969.3,159085
2021-05-20 09:36:50,970.0,159098
2021-05-20 09:36:51,970.0,159098
2021-05-20 09:36:52,969.95,159173
2021-05-20 09:36:53,970.3,160137
2021-05-20 09:36:54,970.95,160157
2021-05-20 09:36:55,970.95,160157
2021-05-20 09:36:56,970.25,160371
2021-05-20 09:36:57,970.25,160371
2021-05-20 09:36:58,970.25,160371
2021-05-20 09:36:59,970.25,160371
2021-05-20 09:37:00,970.6,160916
2021-05-20 09:37:01,970.6,160916
2021-05-20 09:37:02,970.6,160916
2021-05-20 09:37:03,971.7,161216
2021-05-20 09:37:04,971.8,161316
2021-05-20 09:37:05,971.95,161366
2021-05-20 09:37:06,971.8,161435
2021-05-20 09:37:07,971.8,161435
2021-05-20 09:37:08,971.8,161435
2021-05-20 09:37:09,971.8,161435
2021-05-20 09:37:10,971.8,162026
2021-05-20 09:37:11,971.95,162104
2021-05-20 09:37:12,972.0,162174
2021-05-20 09:37:13,972.0,162174
2021-05-20 09:37:14,972.0,162174
2021-05-20 09:37:15,971.85,162224
2021-05-20 09:37:16,971.85,162224
2021-05-20 09:37:17,971.85,162224
2021-05-20 09:37:18,972.0,162229
2021-05-20 09:37:19,972.0,162229
2021-05-20 09:37:20,972.0,162229
2021-05-20 09:37:21,971.45,163242
2021-05-20 09:37:22,971.05,163588
2021-05-20 09:37:23,971.05,163588
2021-05-20 09:37:24,970.85,163591
2021-05-20 09:37:25,970.85,163651
2021-05-20 09:37:26,970.45,163742
2021-05-20 09:37:27,970.85,163744
2021-05-20 09:37:28,970.85,163744
2021-05-20 09:37:29,970.85,163744
2021-05-20 09:37:31,970.85,163746
2021-05-20 09:37:30,970.85,163746
2021-05-20 09:37:32,970.85,163746
2021-05-20 09:37:33,970.85,163746
2021-05-20 09:37:34,970.85,163746
2021-05-20 09:37:36,970.85,163746
2021-05-20 09:37:37,970.85,163746
2021-05-20 09:37:38,970.85,163746
2021-05-20 09:37:40,970.55,163970
2021-05-20 09:37:41,970.55,163970
2021-05-20 09:37:42,970.55,163970
2021-05-20 09:37:43,970.55,163997
2021-05-20 09:37:44,970.85,163999
2021-05-20 09:37:45,970.85,163999
2021-05-20 09:37:46,970.55,164024
2021-05-20 09:37:47,970.55,164024
2021-05-20 09:37:48,970.55,164024
2021-05-20 09:37:49,970.55,164024
2021-05-20 09:37:50,970.55,164024
2021-05-20 09:37:51,970.55,164024
2021-05-20 09:37:52,970.55,164032
2021-05-20 09:37:53,970.55,164032
2021-05-20 09:37:54,970.55,164032
2021-05-20 09:37:56,970.55,164114
2021-05-20 09:37:57,970.9,164236
2021-05-20 09:37:58,970.9,164236
2021-05-20 09:37:59,970.9,164236
2021-05-20 09:38:00,970.9,164236
2021-05-20 09:38:01,970.55,164238
2021-05-20 09:38:02,970.55,164293
2021-05-20 09:38:03,970.55,164293
2021-05-20 09:38:04,970.55,164318
2021-05-20 09:38:06,970.55,164323
2021-05-20 09:38:09,970.9,164366
2021-05-20 09:38:11,970.9,164366
2021-05-20 09:38:12,970.9,164366
2021-05-20 09:38:13,970.9,164366
2021-05-20 09:38:14,970.9,164366
2021-05-20 09:38:15,970.95,164656
2021-05-20 09:38:15,970.95,164656
2021-05-20 09:38:16,971.0,164756
2021-05-20 09:38:17,971.0,164756
2021-05-20 09:38:19,971.5,164856
2021-05-20 09:38:20,971.5,164856
2021-05-20 09:38:21,971.5,164856
2021-05-20 09:38:22,971.5,164856
2021-05-20 09:38:23,971.5,164856
2021-05-20 09:38:24,971.4,164962
2021-05-20 09:38:25,971.5,165312
2021-05-20 09:38:26,971.3,165456
2021-05-20 09:38:27,971.3,165456
2021-05-20 09:38:28,971.25,165463
2021-05-20 09:38:29,971.25,165463
2021-05-20 09:38:31,971.5,165754
2021-05-20 09:38:33,971.5,165934
2021-05-20 09:38:33,971.75,165935
2021-05-20 09:38:34,971.75,165935
2021-05-20 09:38:35,971.55,165936
2021-05-20 09:38:36,971.55,165936
2021-05-20 09:38:38,971.55,165956
2021-05-20 09:38:40,971.55,165956
2021-05-20 09:38:39,971.55,165956
2021-05-20 09:38:41,971.55,165957
2021-05-20 09:38:42,971.55,165957
2021-05-20 09:38:43,971.55,166157
2021-05-20 09:38:46,971.8,166177
2021-05-20 09:38:47,971.8,166177
2021-05-20 09:38:47,971.8,166177
2021-05-20 09:38:48,971.65,166187
2021-05-20 09:38:50,971.8,166237
2021-05-20 09:38:52,971.8,166247
2021-05-20 09:38:51,971.8,166237
2021-05-20 09:38:53,971.85,166353
2021-05-20 09:38:54,971.85,166353
2021-05-20 09:38:55,971.85,166353
2021-05-20 09:38:56,971.85,166353
2021-05-20 09:38:57,971.85,166406
2021-05-20 09:38:58,971.85,166406
2021-05-20 09:39:00,971.25,166906
2021-05-20 09:39:00,971.75,166907
2021-05-20 09:39:01,971.75,166907
2021-05-20 09:39:03,971.75,166907
2021-05-20 09:39:05,971.75,166907
2021-05-20 09:39:06,971.3,166964
2021-05-20 09:39:07,971.75,166984
2021-05-20 09:39:08,971.75,166984
2021-05-20 09:39:09,971.75,166984
2021-05-20 09:39:10,971.75,166984
2021-05-20 09:39:11,971.25,167025
2021-05-20 09:39:12,971.25,167025
2021-05-20 09:39:14,971.0,167055
2021-05-20 09:39:13,971.25,167025
2021-05-20 09:39:15,971.0,167055
2021-05-20 09:39:16,971.5,167105
2021-05-20 09:39:17,971.5,167155
2021-05-20 09:39:18,971.0,167165
2021-05-20 09:39:20,971.0,167185
2021-05-20 09:39:20,971.0,167165
2021-05-20 09:39:21,971.5,167186
2021-05-20 09:39:22,971.5,167186
2021-05-20 09:39:24,971.5,167186
2021-05-20 09:39:25,971.5,167186
2021-05-20 09:39:25,971.5,167186
2021-05-20 09:39:27,971.5,167186
2021-05-20 09:39:28,971.6,167486
2021-05-20 09:39:28,971.6,167486
2021-05-20 09:39:29,971.6,167486
2021-05-20 09:39:31,971.6,167486
2021-05-20 09:39:32,971.6,167486
2021-05-20 09:39:33,971.6,167486
2021-05-20 09:39:34,970.65,168987
2021-05-20 09:39:35,970.65,168987
2021-05-20 09:39:36,971.4,169012
2021-05-20 09:39:38,971.4,169012
2021-05-20 09:39:38,971.15,169151
2021-05-20 09:39:39,971.15,169151
2021-05-20 09:39:40,971.5,170337
2021-05-20 09:39:41,971.5,170337
2021-05-20 09:39:42,971.5,170337
2021-05-20 09:39:43,971.5,170337
2021-05-20 09:39:44,971.85,170742
2021-05-20 09:39:45,971.85,170742
2021-05-20 09:39:46,971.45,170859
2021-05-20 09:39:47,972.0,171300
2021-05-20 09:39:48,972.0,171300
2021-05-20 09:39:49,972.05,171330
2021-05-20 09:39:50,972.3,171630
2021-05-20 09:39:51,972.35,171718
2021-05-20 09:39:53,973.15,171944
2021-05-20 09:39:54,973.1,172169
2021-05-20 09:39:55,973.1,172169
2021-05-20 09:39:56,973.1,172169
2021-05-20 09:39:57,972.5,172268
2021-05-20 09:39:58,972.5,172268
2021-05-20 09:39:59,972.85,172373
2021-05-20 09:40:00,972.9,172455
2021-05-20 09:40:01,972.85,172682
2021-05-20 09:40:03,972.85,172692
2021-05-20 09:40:04,972.85,172692
2021-05-20 09:40:05,972.85,172692
2021-05-20 09:40:05,972.85,172692
2021-05-20 09:40:06,972.95,172800
2021-05-20 09:40:07,973.2,172903
2021-05-20 09:40:08,973.5,173453
2021-05-20 09:40:10,973.35,173462
2021-05-20 09:40:12,973.35,173495
2021-05-20 09:40:13,973.35,173495
2021-05-20 09:40:14,973.35,173658
2021-05-20 09:40:15,973.35,173660
2021-05-20 09:40:15,973.35,173660
2021-05-20 09:40:17,973.1,173762
2021-05-20 09:40:18,973.3,173860
2021-05-20 09:40:19,973.2,173880
2021-05-20 09:40:19,973.2,173905
2021-05-20 09:40:20,973.0,173922
2021-05-20 09:40:21,972.8,174009
2021-05-20 09:40:22,972.8,174009
2021-05-20 09:40:23,972.8,174009
2021-05-20 09:40:25,972.8,174019
2021-05-20 09:40:26,972.8,174074
2021-05-20 09:40:26,972.8,174074
2021-05-20 09:40:27,972.85,174077
2021-05-20 09:40:28,972.85,174077
2021-05-20 09:40:29,972.85,174077
2021-05-20 09:40:31,971.6,175647
2021-05-20 09:40:32,972.15,175652
2021-05-20 09:40:32,972.15,175652
2021-05-20 09:40:33,972.15,175757
2021-05-20 09:40:34,972.15,175757
2021-05-20 09:40:35,972.15,175757
2021-05-20 09:40:37,971.55,175828
2021-05-20 09:40:38,971.5,175833
2021-05-20 09:40:40,971.5,175833
2021-05-20 09:40:41,972.1,176003
2021-05-20 09:40:41,972.05,176068
2021-05-20 09:40:42,972.05,176068
2021-05-20 09:40:43,972.05,176078
2021-05-20 09:40:44,972.05,176094
2021-05-20 09:40:46,972.05,176096
2021-05-20 09:40:49,972.05,176096
2021-05-20 09:40:50,972.05,176096
2021-05-20 09:40:51,972.05,176096
2021-05-20 09:40:52,972.05,176096
2021-05-20 09:40:53,971.55,176106
2021-05-20 09:40:54,971.55,176106
2021-05-20 09:40:54,971.55,176206
2021-05-20 09:40:55,971.55,176206
2021-05-20 09:40:56,971.55,176206
2021-05-20 09:40:58,971.6,176226
2021-05-20 09:40:59,971.6,176226
2021-05-20 09:41:01,971.6,176226
2021-05-20 09:41:01,971.6,176226
2021-05-20 09:41:02,971.6,176226
2021-05-20 09:41:03,971.6,176226
2021-05-20 09:41:04,971.6,176301
2021-05-20 09:41:05,971.6,176301
2021-05-20 09:41:06,971.6,176301
2021-05-20 09:41:07,971.6,176301
2021-05-20 09:41:08,971.6,176301
2021-05-20 09:41:09,971.6,176305
2021-05-20 09:41:10,971.6,176305
2021-05-20 09:41:11,971.6,176305
2021-05-20 09:41:12,971.6,176305
2021-05-20 09:41:13,971.6,176305
2021-05-20 09:41:14,971.6,176305
2021-05-20 09:41:19,971.6,176317
2021-05-20 09:41:20,971.6,176317
2021-05-20 09:41:21,972.0,176463
2021-05-20 09:41:22,972.0,176463
2021-05-20 09:41:23,971.65,176505
2021-05-20 09:41:24,971.65,176591
2021-05-20 09:41:25,971.65,176641
2021-05-20 09:41:26,971.7,176728
2021-05-20 09:41:27,971.7,176728
2021-05-20 09:41:28,971.7,176728
2021-05-20 09:41:29,971.7,176728
2021-05-20 09:41:30,971.7,176728
2021-05-20 09:41:31,971.7,176747
2021-05-20 09:41:33,972.0,176769
2021-05-20 09:41:34,971.7,176819
2021-05-20 09:41:35,971.7,176820
2021-05-20 09:41:36,971.7,176820
2021-05-20 09:41:37,972.0,176830
2021-05-20 09:41:38,972.0,176830
2021-05-20 09:41:40,972.0,176841
2021-05-20 09:41:41,972.0,176936
2021-05-20 09:41:42,972.0,176975
2021-05-20 09:41:42,972.0,176975
2021-05-20 09:41:43,972.0,176975
2021-05-20 09:41:44,972.0,177026
2021-05-20 09:41:46,972.55,177377
2021-05-20 09:41:47,972.2,177388
2021-05-20 09:41:48,972.2,177388
2021-05-20 09:41:49,972.2,177388
2021-05-20 09:41:50,972.85,177389
2021-05-20 09:41:51,972.2,177454
2021-05-20 09:41:52,972.2,177454
2021-05-20 09:41:53,972.2,177454
2021-05-20 09:41:54,972.2,177454
2021-05-20 09:41:55,972.2,177454
2021-05-20 09:41:56,972.4,177464
2021-05-20 09:41:57,972.8,177475
2021-05-20 09:41:57,972.4,177482
2021-05-20 09:41:59,972.8,177551
2021-05-20 09:42:00,972.75,177561
2021-05-20 09:42:01,972.75,177561
2021-05-20 09:42:02,972.75,177561
2021-05-20 09:42:03,972.45,177575
2021-05-20 09:42:04,972.45,177575
2021-05-20 09:42:05,972.7,177576
2021-05-20 09:42:06,972.7,177576
2021-05-20 09:42:07,972.75,177592
2021-05-20 09:42:08,972.85,177890
2021-05-20 09:42:09,972.45,177901
2021-05-20 09:42:10,972.85,178037
2021-05-20 09:42:12,972.85,178037
2021-05-20 09:42:12,972.85,178037
2021-05-20 09:42:13,972.95,178047
2021-05-20 09:42:14,972.95,178760
2021-05-20 09:42:15,972.95,179335
2021-05-20 09:42:16,972.9,179341
2021-05-20 09:42:18,973.25,179346
2021-05-20 09:42:19,972.9,179352
2021-05-20 09:42:20,972.9,179352
2021-05-20 09:42:20,973.3,179459
2021-05-20 09:42:21,972.9,179538
2021-05-20 09:42:22,972.9,179544
2021-05-20 09:42:23,973.5,181054
2021-05-20 09:42:24,973.0,181060
2021-05-20 09:42:26,973.0,181139
2021-05-20 09:42:27,972.8,181211
2021-05-20 09:42:27,972.7,181221
2021-05-20 09:42:28,972.5,181240
2021-05-20 09:42:29,972.8,181311
2021-05-20 09:42:34,972.55,181411
2021-05-20 09:42:35,972.55,181510
2021-05-20 09:42:36,972.55,181512
2021-05-20 09:42:37,972.55,181512
2021-05-20 09:42:38,972.55,181512
2021-05-20 09:42:39,972.55,181537
2021-05-20 09:42:39,972.55,181537
2021-05-20 09:42:41,972.55,181546
2021-05-20 09:42:42,972.55,181546
2021-05-20 09:42:43,972.55,181562
2021-05-20 09:42:44,973.35,181564
2021-05-20 09:42:46,973.35,181564
2021-05-20 09:42:47,973.35,181564
2021-05-20 09:42:48,973.35,181564
2021-05-20 09:42:49,972.75,181584
2021-05-20 09:42:50,972.75,181584
2021-05-20 09:42:50,972.75,181584
2021-05-20 09:42:51,972.75,181584
2021-05-20 09:42:52,972.75,181584
2021-05-20 09:42:54,973.35,181600
2021-05-20 09:42:54,972.85,181590
2021-05-20 09:42:55,973.35,181600
2021-05-20 09:42:57,973.35,181705
2021-05-20 09:42:57,972.85,181605
2021-05-20 09:42:58,973.35,181720
2021-05-20 09:42:59,973.35,181720
2021-05-20 09:43:01,973.4,181723
2021-05-20 09:43:02,973.4,181727
2021-05-20 09:43:03,973.4,181727
2021-05-20 09:43:04,973.4,181727
2021-05-20 09:43:05,973.4,181753
2021-05-20 09:43:06,973.4,181753
2021-05-20 09:43:07,973.4,181753
2021-05-20 09:43:08,973.4,181755
2021-05-20 09:43:09,973.4,181755
2021-05-20 09:43:10,973.4,181755
2021-05-20 09:43:11,973.4,181755
2021-05-20 09:43:11,973.4,181755
2021-05-20 09:43:12,973.45,181855
2021-05-20 09:43:13,972.85,182162
2021-05-20 09:43:14,972.85,182162
2021-05-20 09:43:16,973.35,182182
2021-05-20 09:43:17,973.35,182182
2021-05-20 09:43:18,973.35,182182
2021-05-20 09:43:18,973.35,182311
2021-05-20 09:43:19,973.1,182320
2021-05-20 09:43:21,973.1,182330
2021-05-20 09:43:21,973.35,182350
2021-05-20 09:43:22,973.35,182350
2021-05-20 09:43:23,973.1,182379
2021-05-20 09:43:25,973.35,182384
2021-05-20 09:43:25,973.35,182384
2021-05-20 09:43:26,973.35,182384
2021-05-20 09:43:27,973.35,182384
2021-05-20 09:43:28,973.35,182384
2021-05-20 09:43:29,973.35,182384
2021-05-20 09:43:30,973.35,182384
2021-05-20 09:43:31,973.1,182391
2021-05-20 09:43:32,973.1,182391
2021-05-20 09:43:33,973.15,182421
2021-05-20 09:43:34,973.7,183329
2021-05-20 09:43:35,973.1,183430
2021-05-20 09:43:37,973.1,183430
2021-05-20 09:43:37,973.5,183435
2021-05-20 09:43:38,973.5,183435
2021-05-20 09:43:39,973.1,183436
2021-05-20 09:43:40,973.5,183718
2021-05-20 09:43:41,973.5,183718
2021-05-20 09:43:42,973.5,183718
2021-05-20 09:43:44,973.5,183718
2021-05-20 09:43:45,973.5,183718
2021-05-20 09:43:47,973.5,183718
2021-05-20 09:43:48,973.5,183718
2021-05-20 09:43:49,973.5,183718
2021-05-20 09:43:50,973.35,183723
2021-05-20 09:43:51,973.3,183730
2021-05-20 09:43:52,973.35,183737
2021-05-20 09:43:53,973.35,183737
2021-05-20 09:43:54,973.35,183746
2021-05-20 09:43:56,973.3,184293
2021-05-20 09:43:56,973.3,184293
2021-05-20 09:43:58,973.35,184313
2021-05-20 09:43:59,973.35,184323
2021-05-20 09:44:00,973.3,184347
2021-05-20 09:44:01,973.3,184347
2021-05-20 09:44:03,973.3,184347
2021-05-20 09:44:04,973.3,184347
2021-05-20 09:44:05,973.35,184707
2021-05-20 09:44:06,973.3,184727
2021-05-20 09:44:08,973.3,184727
2021-05-20 09:44:09,973.3,184727
2021-05-20 09:44:10,973.3,184727
2021-05-20 09:44:11,973.3,184793
2021-05-20 09:44:12,973.35,184798
2021-05-20 09:44:13,973.35,184798
2021-05-20 09:44:14,973.3,184808
2021-05-20 09:44:16,973.3,184808
2021-05-20 09:44:16,973.3,184808
2021-05-20 09:44:17,973.3,184808
2021-05-20 09:44:18,973.3,184808
2021-05-20 09:44:19,973.3,184808
2021-05-20 09:44:21,973.3,184808
2021-05-20 09:44:22,973.35,184868
2021-05-20 09:44:23,973.35,184868
2021-05-20 09:44:24,973.3,184928
2021-05-20 09:44:25,973.3,184928
2021-05-20 09:44:25,973.3,184928
2021-05-20 09:44:26,973.3,184928
2021-05-20 09:44:28,973.3,185127
2021-05-20 09:44:29,973.3,185127
2021-05-20 09:44:31,973.35,185248
2021-05-20 09:44:32,973.35,185248
2021-05-20 09:44:33,973.35,185248
2021-05-20 09:44:34,973.3,185255
2021-05-20 09:44:35,973.3,185255
2021-05-20 09:44:38,973.3,185268
2021-05-20 09:44:39,973.3,185268
2021-05-20 09:44:40,973.3,185268
2021-05-20 09:44:41,973.3,185268
2021-05-20 09:44:42,973.35,185269
2021-05-20 09:44:43,973.3,185997
2021-05-20 09:44:44,973.35,186008
2021-05-20 09:44:44,973.3,186208
2021-05-20 09:44:46,973.2,186271
2021-05-20 09:44:46,973.2,186271
2021-05-20 09:44:47,973.2,186271
2021-05-20 09:44:48,973.35,186272
2021-05-20 09:44:49,973.35,186274
2021-05-20 09:44:51,973.35,186274
2021-05-20 09:44:52,973.35,186274
2021-05-20 09:44:54,973.35,186474
2021-05-20 09:44:55,973.35,186529
2021-05-20 09:44:56,973.4,186591
2021-05-20 09:44:57,973.3,186743
2021-05-20 09:44:58,973.3,186743
2021-05-20 09:44:59,973.3,187043
2021-05-20 09:45:01,973.3,187043
2021-05-20 09:45:02,973.5,187385
2021-05-20 09:45:02,973.5,187385
2021-05-20 09:45:04,973.5,187385
2021-05-20 09:45:06,973.35,187462
2021-05-20 09:45:07,973.35,187472
2021-05-20 09:45:08,973.25,187911
2021-05-20 09:45:09,973.25,187911
2021-05-20 09:45:10,973.25,187911
2021-05-20 09:45:10,973.25,187911
2021-05-20 09:45:12,973.35,187914
2021-05-20 09:45:13,973.3,187915
2021-05-20 09:45:14,973.3,187915
2021-05-20 09:45:15,973.9,188015
2021-05-20 09:45:16,973.9,188015
2021-05-20 09:45:17,973.5,188080
2021-05-20 09:45:20,973.35,188087
2021-05-20 09:45:21,973.35,188087
2021-05-20 09:45:23,973.8,188232
2021-05-20 09:45:24,973.8,188232
2021-05-20 09:45:25,973.8,188232
2021-05-20 09:45:26,973.8,188232
2021-05-20 09:45:28,973.5,188276
2021-05-20 09:45:29,973.5,188276
2021-05-20 09:45:30,973.5,188281
2021-05-20 09:45:31,973.5,188281
2021-05-20 09:45:32,973.5,188281
2021-05-20 09:45:33,973.5,188281
2021-05-20 09:45:33,973.5,188281
2021-05-20 09:45:34,973.5,188281
2021-05-20 09:45:35,973.5,188281
2021-05-20 09:45:36,973.8,188401
2021-05-20 09:45:37,973.8,188401
2021-05-20 09:45:39,973.8,188401
2021-05-20 09:45:39,973.8,188401
2021-05-20 09:45:40,973.6,188651
2021-05-20 09:45:42,973.45,188712
2021-05-20 09:45:43,973.45,188712
2021-05-20 09:45:44,973.35,188740
2021-05-20 09:45:45,973.35,188743
2021-05-20 09:45:46,973.35,188799
2021-05-20 09:45:47,973.45,189046
2021-05-20 09:45:48,973.45,189046
2021-05-20 09:45:49,973.5,189066
2021-05-20 09:45:49,973.5,189066
2021-05-20 09:45:51,973.55,189070
2021-05-20 09:45:52,973.55,189070
2021-05-20 09:45:53,974.0,189129
2021-05-20 09:45:54,974.0,189154
2021-05-20 09:45:54,974.0,189154
2021-05-20 09:45:56,973.8,189197
2021-05-20 09:45:57,973.8,189197
2021-05-20 09:45:58,974.0,189637
2021-05-20 09:46:01,974.5,190903
2021-05-20 09:46:02,974.5,190903
2021-05-20 09:46:02,974.5,190903
2021-05-20 09:46:03,974.0,190918
2021-05-20 09:46:05,974.0,190918
2021-05-20 09:46:06,973.8,191006
2021-05-20 09:46:07,974.0,191106
2021-05-20 09:46:08,974.0,191208
2021-05-20 09:46:09,974.45,191210
2021-05-20 09:46:11,974.55,191227
2021-05-20 09:46:12,974.0,191327
2021-05-20 09:46:12,974.0,191327
2021-05-20 09:46:13,974.5,191507
2021-05-20 09:46:14,974.5,191507
2021-05-20 09:46:16,974.5,191507
2021-05-20 09:46:17,974.5,191507
2021-05-20 09:46:18,974.6,191607
2021-05-20 09:46:19,974.6,191607
2021-05-20 09:46:20,974.6,191607
2021-05-20 09:46:21,974.6,191607
2021-05-20 09:46:22,974.55,191622
2021-05-20 09:46:23,975.15,192122
2021-05-20 09:46:24,975.0,192139
2021-05-20 09:46:26,974.55,192154
2021-05-20 09:46:27,974.55,192154
2021-05-20 09:46:28,974.55,192154
2021-05-20 09:46:29,975.0,192254
2021-05-20 09:46:30,974.65,192368
2021-05-20 09:46:31,974.65,192368
2021-05-20 09:46:32,974.65,192368
2021-05-20 09:46:33,975.0,192408
2021-05-20 09:46:34,974.65,192420
2021-05-20 09:46:36,974.65,192490
2021-05-20 09:46:37,974.65,192490
2021-05-20 09:46:38,974.65,192490
2021-05-20 09:46:39,974.65,192590
2021-05-20 09:46:40,974.65,192997
2021-05-20 09:46:41,974.65,192997
2021-05-20 09:46:45,975.0,193003
2021-05-20 09:46:46,975.0,193003
2021-05-20 09:46:47,975.0,193003
2021-05-20 09:46:49,975.0,193003
2021-05-20 09:46:50,975.0,193003
2021-05-20 09:46:51,975.0,193103
2021-05-20 09:46:54,975.0,193277
2021-05-20 09:46:55,975.0,193277
2021-05-20 09:46:56,975.35,193389
2021-05-20 09:46:57,975.35,193390
2021-05-20 09:46:58,975.35,193390
2021-05-20 09:46:59,974.85,193780
2021-05-20 09:47:00,974.85,193845
2021-05-20 09:47:01,975.0,194044
2021-05-20 09:47:02,974.85,194196
2021-05-20 09:47:04,975.0,194690
2021-05-20 09:47:06,975.0,194715
2021-05-20 09:47:07,975.0,194715
2021-05-20 09:47:08,974.85,194727
2021-05-20 09:47:09,974.8,194957
2021-05-20 09:47:12,975.0,194959
2021-05-20 09:47:13,974.95,196768
2021-05-20 09:47:14,975.4,196793
2021-05-20 09:47:15,975.7,197469
2021-05-20 09:47:16,975.55,197651
2021-05-20 09:47:17,975.1,197671
2021-05-20 09:47:18,975.5,198259
2021-05-20 09:47:19,975.5,198259
2021-05-20 09:47:20,975.6,198671
2021-05-20 09:47:21,975.0,198770
2021-05-20 09:47:22,975.5,199067
2021-05-20 09:47:23,975.55,199118
2021-05-20 09:47:24,975.1,199843
2021-05-20 09:47:25,975.75,199954
2021-05-20 09:47:26,975.15,200044
2021-05-20 09:47:27,975.3,200274
2021-05-20 09:47:28,975.75,200277
2021-05-20 09:47:29,975.55,200779
2021-05-20 09:47:30,975.55,200779
2021-05-20 09:47:31,975.55,200779
2021-05-20 09:47:32,976.0,200916
2021-05-20 09:47:33,976.0,200961
2021-05-20 09:47:34,976.0,201001
2021-05-20 09:47:35,976.0,201051
2021-05-20 09:47:36,976.0,201151
2021-05-20 09:47:37,976.0,201151
2021-05-20 09:47:38,975.95,201388
2021-05-20 09:47:40,976.0,201448
2021-05-20 09:47:41,975.85,201550
2021-05-20 09:47:42,975.95,202275
2021-05-20 09:47:43,976.1,202767
2021-05-20 09:47:44,976.5,202808
2021-05-20 09:47:45,976.2,202903
2021-05-20 09:47:46,976.5,203037
2021-05-20 09:47:47,978.9,206971
2021-05-20 09:47:48,978.05,207475
2021-05-20 09:47:49,978.8,207495
2021-05-20 09:47:50,978.45,207857
2021-05-20 09:47:51,978.25,208890
2021-05-20 09:47:52,978.25,209234
2021-05-20 09:47:53,978.8,210283
2021-05-20 09:47:54,978.85,210444
2021-05-20 09:47:57,978.6,211257
2021-05-20 09:47:56,978.6,211257
2021-05-20 09:47:58,979.0,211566
2021-05-20 09:47:59,979.05,212245
2021-05-20 09:48:00,979.6,213228
2021-05-20 09:48:03,979.15,214365
2021-05-20 09:48:02,979.15,214365
2021-05-20 09:48:04,978.9,215176
2021-05-20 09:48:05,978.7,215610
2021-05-20 09:48:06,978.85,216264
2021-05-20 09:48:07,979.8,217595
2021-05-20 09:48:08,979.1,217792
2021-05-20 09:48:09,979.4,217812
2021-05-20 09:48:10,979.0,218126
2021-05-20 09:48:13,978.85,218584
2021-05-20 09:48:12,978.85,218584
2021-05-20 09:48:14,978.9,219174
2021-05-20 09:48:15,979.4,220272
2021-05-20 09:48:16,979.65,220708
2021-05-20 09:48:17,979.4,220710
2021-05-20 09:48:18,979.45,221442
2021-05-20 09:48:19,979.55,221661
2021-05-20 09:48:20,979.55,222229
2021-05-20 09:48:21,979.0,222344
2021-05-20 09:48:22,979.0,222344
2021-05-20 09:48:23,979.55,222450
2021-05-20 09:48:25,979.25,222824
2021-05-20 09:48:24,979.25,222577
2021-05-20 09:48:26,979.55,223253
2021-05-20 09:48:27,979.85,223708
2021-05-20 09:48:28,979.95,224099
2021-05-20 09:48:29,981.85,228538
2021-05-20 09:48:30,980.9,229172
2021-05-20 09:48:31,980.95,230396
2021-05-20 09:48:32,980.4,230488
2021-05-20 09:48:33,980.9,230538
2021-05-20 09:48:34,980.2,231691
2021-05-20 09:48:35,980.85,232136
2021-05-20 09:48:36,981.15,232969
2021-05-20 09:48:37,980.95,233334
2021-05-20 09:48:38,980.95,233445
2021-05-20 09:48:39,980.9,234082
2021-05-20 09:48:40,980.4,234175
2021-05-20 09:48:41,980.95,234603
2021-05-20 09:48:42,980.95,234868
2021-05-20 09:48:44,980.95,235301
2021-05-20 09:48:44,980.7,235415
2021-05-20 09:48:45,980.05,235946
2021-05-20 09:48:46,980.8,236493
2021-05-20 09:48:47,980.45,236666
2021-05-20 09:48:48,980.35,237575
2021-05-20 09:48:49,980.0,238524
2021-05-20 09:48:50,980.0,238743
2021-05-20 09:48:51,980.4,238941
2021-05-20 09:48:52,980.5,239241
2021-05-20 09:48:53,980.55,239355
2021-05-20 09:48:54,980.55,239474
2021-05-20 09:48:55,980.6,239786
2021-05-20 09:48:56,980.55,240012
2021-05-20 09:48:57,980.55,240312
2021-05-20 09:48:58,980.5,240423
2021-05-20 09:48:59,980.0,241959
2021-05-20 09:49:00,980.2,242456
2021-05-20 09:49:03,980.0,244866
2021-05-20 09:49:03,980.2,244841
2021-05-20 09:49:04,979.15,245440
2021-05-20 09:49:05,979.8,245984
2021-05-20 09:49:06,979.8,246092
2021-05-20 09:49:07,979.3,247584
2021-05-20 09:49:09,979.05,247699
2021-05-20 09:49:10,978.6,247770
2021-05-20 09:49:12,978.8,248180
2021-05-20 09:49:13,978.5,248266
2021-05-20 09:49:14,978.6,248382
2021-05-20 09:49:15,979.05,248384
2021-05-20 09:49:16,978.8,248394
2021-05-20 09:49:17,979.05,248572
2021-05-20 09:49:18,978.8,248577
2021-05-20 09:49:19,978.55,248591
2021-05-20 09:49:21,978.8,249015
2021-05-20 09:49:23,978.85,249056
2021-05-20 09:49:23,978.85,249046
2021-05-20 09:49:24,978.8,249207
2021-05-20 09:49:25,978.8,250044
2021-05-20 09:49:26,978.9,250107
2021-05-20 09:49:27,978.9,250393
2021-05-20 09:49:28,978.9,250863
2021-05-20 09:49:29,979.15,251486
2021-05-20 09:49:30,978.95,252308
2021-05-20 09:49:31,978.95,252308
2021-05-20 09:49:33,979.8,252620
2021-05-20 09:49:34,979.7,252625
2021-05-20 09:49:34,979.7,252625
2021-05-20 09:49:35,979.75,252740
2021-05-20 09:49:36,979.75,252991
2021-05-20 09:49:38,979.85,253082
2021-05-20 09:49:39,979.15,253182
2021-05-20 09:49:41,979.9,253885
2021-05-20 09:49:42,980.0,253985
2021-05-20 09:49:43,979.55,254160
2021-05-20 09:49:44,980.05,254325
2021-05-20 09:49:45,979.85,254465
2021-05-20 09:49:46,979.8,254530
2021-05-20 09:49:47,979.85,254610
2021-05-20 09:49:50,979.35,255462
2021-05-20 09:49:50,979.35,255734
2021-05-20 09:49:52,979.8,255801
2021-05-20 09:49:52,979.8,255801
2021-05-20 09:49:53,979.85,256001
2021-05-20 09:49:54,979.85,256051
2021-05-20 09:49:55,979.55,256085
2021-05-20 09:49:56,979.4,256284
2021-05-20 09:49:57,979.7,256717
2021-05-20 09:49:58,979.05,256948
2021-05-20 09:49:59,979.55,257161
2021-05-20 09:50:01,979.4,257472
2021-05-20 09:50:02,979.25,257476
2021-05-20 09:50:03,979.7,257496
2021-05-20 09:50:04,979.55,257599
2021-05-20 09:50:05,979.55,257669
2021-05-20 09:50:06,979.2,257753
2021-05-20 09:50:08,979.75,258177
2021-05-20 09:50:08,979.3,258268
2021-05-20 09:50:09,979.75,258433
2021-05-20 09:50:10,979.3,258454
2021-05-20 09:50:12,979.5,258790
2021-05-20 09:50:12,979.5,258790
2021-05-20 09:50:13,979.15,258793
2021-05-20 09:50:14,979.5,258876
2021-05-20 09:50:16,979.1,259089
2021-05-20 09:50:16,979.5,259091
2021-05-20 09:50:17,979.5,259191
2021-05-20 09:50:18,979.5,259191
2021-05-20 09:50:19,979.15,259341
2021-05-20 09:50:20,979.3,260157
2021-05-20 09:50:22,979.05,260940
2021-05-20 09:50:22,979.5,260770
2021-05-20 09:50:23,979.5,261060
2021-05-20 09:50:24,979.5,261110
2021-05-20 09:50:25,979.5,261122
2021-05-20 09:50:26,979.0,261345
2021-05-20 09:50:28,979.5,261380
2021-05-20 09:50:29,979.4,261594
2021-05-20 09:50:30,978.8,262084
2021-05-20 09:50:32,978.85,262659
2021-05-20 09:50:33,978.8,262680
2021-05-20 09:50:33,978.8,262680
2021-05-20 09:50:34,978.8,262694
2021-05-20 09:50:35,978.85,262769
2021-05-20 09:50:36,978.85,262887
2021-05-20 09:50:37,979.0,263179
2021-05-20 09:50:38,979.05,263254
2021-05-20 09:50:39,979.05,263259
2021-05-20 09:50:40,979.0,263289
2021-05-20 09:50:41,979.0,263289
2021-05-20 09:50:42,978.55,263609
2021-05-20 09:50:44,978.55,263651
2021-05-20 09:50:45,978.75,264184
2021-05-20 09:50:45,978.75,264184
2021-05-20 09:50:46,978.75,264184
2021-05-20 09:50:47,979.0,264279
2021-05-20 09:50:48,978.55,264462
2021-05-20 09:50:49,979.0,264722
2021-05-20 09:50:51,978.7,264892
2021-05-20 09:50:51,979.0,264967
2021-05-20 09:50:52,979.0,264971
2021-05-20 09:50:53,978.65,265171
2021-05-20 09:50:54,979.0,265175
2021-05-20 09:50:55,979.1,265208
2021-05-20 09:50:56,978.65,265249
2021-05-20 09:50:58,978.65,265249
2021-05-20 09:50:59,978.55,265384
2021-05-20 09:51:00,978.75,265444
2021-05-20 09:51:01,978.8,265455
2021-05-20 09:51:02,978.95,265473
2021-05-20 09:51:02,978.75,265498
2021-05-20 09:51:03,978.95,265518
2021-05-20 09:51:05,978.75,265550
2021-05-20 09:51:06,978.95,265555
2021-05-20 09:51:07,978.95,265555
2021-05-20 09:51:08,978.95,265560
2021-05-20 09:51:09,978.95,265561
2021-05-20 09:51:09,978.75,265681
2021-05-20 09:51:10,978.75,265959
2021-05-20 09:51:11,978.75,266029
2021-05-20 09:51:12,978.75,266029
2021-05-20 09:51:13,978.95,266059
2021-05-20 09:51:14,978.95,266070
2021-05-20 09:51:15,978.65,266526
2021-05-20 09:51:17,978.6,266556
2021-05-20 09:51:18,978.0,266971
2021-05-20 09:51:19,978.5,266981
2021-05-20 09:51:20,978.05,266983
2021-05-20 09:51:21,978.55,266993
2021-05-20 09:51:22,978.55,267095
2021-05-20 09:51:23,978.65,267195
2021-05-20 09:51:24,978.65,267195
2021-05-20 09:51:25,978.2,267210
2021-05-20 09:51:26,978.5,267230
2021-05-20 09:51:27,978.5,267230
2021-05-20 09:51:29,978.5,267230
2021-05-20 09:51:30,978.25,267331
2021-05-20 09:51:31,978.5,267431
2021-05-20 09:51:32,978.25,267506
2021-05-20 09:51:33,978.5,267624
2021-05-20 09:51:34,978.5,267625
2021-05-20 09:51:35,978.5,267675
2021-05-20 09:51:36,978.2,267745
2021-05-20 09:51:37,978.5,267870
2021-05-20 09:51:38,978.2,267905
2021-05-20 09:51:39,978.5,267995
2021-05-20 09:51:40,978.4,268005
2021-05-20 09:51:41,978.4,268005
2021-05-20 09:51:41,978.4,268005
2021-05-20 09:51:42,978.4,268005
2021-05-20 09:51:43,978.4,268023
2021-05-20 09:51:44,978.4,268127
2021-05-20 09:51:46,978.4,268131
2021-05-20 09:51:47,978.15,268435
2021-05-20 09:51:47,978.4,268436
2021-05-20 09:51:48,978.4,268439
2021-05-20 09:51:49,978.4,268496
2021-05-20 09:51:50,978.4,268659
2021-05-20 09:51:51,978.05,268792
2021-05-20 09:51:52,978.4,268796
2021-05-20 09:51:53,978.4,269007
2021-05-20 09:51:55,978.4,269111
2021-05-20 09:51:56,978.4,269229
2021-05-20 09:51:57,978.4,269384
2021-05-20 09:51:58,978.4,269384
2021-05-20 09:51:59,978.0,269504
2021-05-20 09:52:00,978.35,269632
2021-05-20 09:52:01,978.05,269682
2021-05-20 09:52:02,978.05,269682
2021-05-20 09:52:02,978.25,269683
2021-05-20 09:52:03,978.05,269694
2021-05-20 09:52:04,978.05,269844
2021-05-20 09:52:05,978.05,269844
2021-05-20 09:52:06,978.05,269844
2021-05-20 09:52:07,978.25,269899
2021-05-20 09:52:08,978.0,269909
2021-05-20 09:52:09,978.15,269931
2021-05-20 09:52:11,978.05,270101
2021-05-20 09:52:12,978.0,270421
2021-05-20 09:52:13,978.0,270791
2021-05-20 09:52:14,978.0,270791
2021-05-20 09:52:15,978.0,272430
2021-05-20 09:52:16,977.3,272739
2021-05-20 09:52:17,977.3,272739
2021-05-20 09:52:18,977.55,272969
2021-05-20 09:52:19,977.55,272969
2021-05-20 09:52:20,977.3,273072
2021-05-20 09:52:21,977.0,273381
2021-05-20 09:52:22,977.05,273591
2021-05-20 09:52:24,977.0,273631
2021-05-20 09:52:25,977.0,273631
2021-05-20 09:52:26,977.0,273631
2021-05-20 09:52:26,977.0,273714
2021-05-20 09:52:27,977.0,273735
2021-05-20 09:52:28,976.85,274095
2021-05-20 09:52:29,976.9,274255
2021-05-20 09:52:30,976.9,274255
2021-05-20 09:52:31,976.9,274311
2021-05-20 09:52:33,976.9,274311
2021-05-20 09:52:34,976.9,274311
2021-05-20 09:52:35,976.6,274615
2021-05-20 09:52:36,977.0,274620
2021-05-20 09:52:37,976.7,275630
2021-05-20 09:52:37,976.7,275630
2021-05-20 09:52:38,977.0,275635
2021-05-20 09:52:39,977.15,276557
2021-05-20 09:52:40,976.95,276650
2021-05-20 09:52:42,976.95,276760
2021-05-20 09:52:43,976.95,276760
2021-05-20 09:52:44,976.9,277032
2021-05-20 09:52:45,977.0,277082
2021-05-20 09:52:46,977.0,277082
2021-05-20 09:52:47,977.2,278350
2021-05-20 09:52:48,977.3,278360
2021-05-20 09:52:48,977.2,278460
2021-05-20 09:52:49,977.2,278480
2021-05-20 09:52:50,977.2,278581
2021-05-20 09:52:52,977.2,278609
2021-05-20 09:52:53,977.2,278609
2021-05-20 09:52:54,977.3,278661
2021-05-20 09:52:55,977.3,278661
2021-05-20 09:52:56,977.55,278672
2021-05-20 09:52:56,977.55,278672
2021-05-20 09:52:57,977.6,278679
2021-05-20 09:52:58,977.6,278679
2021-05-20 09:52:59,977.6,278741
2021-05-20 09:53:01,977.6,278744
2021-05-20 09:53:02,977.6,278744
2021-05-20 09:53:03,977.9,278856
2021-05-20 09:53:03,978.0,278956
2021-05-20 09:53:04,977.65,278958
2021-05-20 09:53:05,978.0,279645
2021-05-20 09:53:06,978.0,279645
2021-05-20 09:53:07,978.0,279645
2021-05-20 09:53:09,978.0,279645
2021-05-20 09:53:10,978.0,279785
2021-05-20 09:53:11,977.7,279849
2021-05-20 09:53:12,977.7,279849
2021-05-20 09:53:13,977.7,279851
2021-05-20 09:53:14,977.7,279851
2021-05-20 09:53:14,977.7,279851
2021-05-20 09:53:15,978.0,279921
2021-05-20 09:53:16,978.0,279921
2021-05-20 09:53:17,977.85,279927
2021-05-20 09:53:18,978.0,279937
2021-05-20 09:53:19,977.7,280441
2021-05-20 09:53:20,977.7,280443
2021-05-20 09:53:22,977.7,280458
2021-05-20 09:53:23,977.6,280561
2021-05-20 09:53:24,977.7,280574
2021-05-20 09:53:25,977.7,280574
2021-05-20 09:53:26,977.6,281205
2021-05-20 09:53:27,977.6,281205
2021-05-20 09:53:28,977.6,281205
2021-05-20 09:53:28,977.6,281220
2021-05-20 09:53:29,977.6,281220
2021-05-20 09:53:31,977.6,281297
2021-05-20 09:53:32,977.6,281297
2021-05-20 09:53:33,977.6,281322
2021-05-20 09:53:34,977.6,281322
2021-05-20 09:53:35,977.6,281322
2021-05-20 09:53:36,977.6,281322
2021-05-20 09:53:36,977.7,281422
2021-05-20 09:53:38,977.6,281463
2021-05-20 09:53:39,977.6,281643
2021-05-20 09:53:40,977.2,281810
2021-05-20 09:53:41,977.05,281994
2021-05-20 09:53:42,977.05,282019
2021-05-20 09:53:44,977.05,282019
2021-05-20 09:53:45,977.05,282019
2021-05-20 09:53:46,977.05,282019
2021-05-20 09:53:47,977.4,282020
2021-05-20 09:53:47,977.4,282020
2021-05-20 09:53:49,977.65,282021
2021-05-20 09:53:50,977.25,282256
2021-05-20 09:53:51,977.6,282284
2021-05-20 09:53:52,977.25,282294
2021-05-20 09:53:53,977.15,282394
2021-05-20 09:53:54,977.55,282404
2021-05-20 09:53:56,977.55,282404
2021-05-20 09:53:57,977.55,282504
2021-05-20 09:53:58,977.55,282524
2021-05-20 09:53:59,977.55,282524
2021-05-20 09:54:01,977.55,282591
2021-05-20 09:54:01,977.55,282758
2021-05-20 09:54:02,977.5,282854
2021-05-20 09:54:04,977.5,283154
2021-05-20 09:54:05,977.4,283348
2021-05-20 09:54:06,977.5,283418
2021-05-20 09:54:08,977.5,283418
2021-05-20 09:54:09,977.55,283730
2021-05-20 09:54:10,977.5,283820
2021-05-20 09:54:11,977.5,283820
2021-05-20 09:54:11,977.5,283820
2021-05-20 09:54:12,977.7,283830
2021-05-20 09:54:13,977.7,283835
2021-05-20 09:54:14,977.7,283835
2021-05-20 09:54:16,977.7,283835
2021-05-20 09:54:17,977.7,283935
2021-05-20 09:54:18,977.7,283935
2021-05-20 09:54:19,977.7,284114
2021-05-20 09:54:20,977.7,284114
2021-05-20 09:54:20,977.7,284114
2021-05-20 09:54:21,977.7,284181
2021-05-20 09:54:23,977.7,284181
2021-05-20 09:54:24,977.7,284184
2021-05-20 09:54:25,977.7,284184
2021-05-20 09:54:26,977.7,284203
2021-05-20 09:54:26,977.7,284205
2021-05-20 09:54:27,977.7,284205
2021-05-20 09:54:29,977.65,284305
2021-05-20 09:54:30,977.65,284305
2021-05-20 09:54:31,977.75,285492
2021-05-20 09:54:32,977.75,285492
2021-05-20 09:54:33,977.75,285492
2021-05-20 09:54:34,977.7,285592
2021-05-20 09:54:35,977.85,286320
2021-05-20 09:54:37,977.85,286320
2021-05-20 09:54:38,977.85,286320
2021-05-20 09:54:39,978.5,286358
2021-05-20 09:54:40,978.5,286358
2021-05-20 09:54:41,978.5,286358
2021-05-20 09:54:43,978.5,286368
2021-05-20 09:54:44,978.05,286378
2021-05-20 09:54:45,978.85,286878
2021-05-20 09:54:46,978.1,286934
2021-05-20 09:54:47,978.05,287644
2021-05-20 09:54:48,978.05,287644
2021-05-20 09:54:49,978.7,287654
2021-05-20 09:54:49,978.7,287654
2021-05-20 09:54:50,978.15,287955
2021-05-20 09:54:52,978.15,287955
2021-05-20 09:54:53,978.15,287955
2021-05-20 09:54:54,978.7,288000
2021-05-20 09:54:55,979.15,289100
2021-05-20 09:54:56,978.6,289157
2021-05-20 09:54:57,979.4,289257
2021-05-20 09:54:58,979.4,289257
2021-05-20 09:54:59,979.45,289518
2021-05-20 09:54:59,978.8,289543
2021-05-20 09:55:01,979.5,290193
2021-05-20 09:55:02,978.9,290243
2021-05-20 09:55:03,979.6,290284
2021-05-20 09:55:04,979.3,290415
2021-05-20 09:55:04,979.3,290422
2021-05-20 09:55:05,979.3,290488
2021-05-20 09:55:07,979.85,290676
2021-05-20 09:55:08,979.85,290676
2021-05-20 09:55:09,979.85,290789
2021-05-20 09:55:10,979.95,291089
2021-05-20 09:55:11,979.95,291090
2021-05-20 09:55:12,979.85,293840
2021-05-20 09:55:13,980.0,293910
2021-05-20 09:55:13,980.0,293910
2021-05-20 09:55:14,979.9,294419
2021-05-20 09:55:15,980.5,294761
2021-05-20 09:55:17,980.5,294854
2021-05-20 09:55:18,980.2,295015
2021-05-20 09:55:19,980.2,295046
2021-05-20 09:55:20,980.0,295079
2021-05-20 09:55:21,980.45,295308
2021-05-20 09:55:22,980.0,295315
2021-05-20 09:55:23,980.5,295325
2021-05-20 09:55:24,980.15,295332
2021-05-20 09:55:24,980.15,295332
2021-05-20 09:55:26,980.5,295558
2021-05-20 09:55:28,980.5,295809
2021-05-20 09:55:29,980.15,295864
2021-05-20 09:55:30,980.15,295906
2021-05-20 09:55:31,980.0,297408
2021-05-20 09:55:33,980.05,297483
2021-05-20 09:55:34,980.65,297788
2021-05-20 09:55:35,980.6,297798
2021-05-20 09:55:36,980.7,299164
2021-05-20 09:55:37,980.15,299484
2021-05-20 09:55:38,980.7,299690
2021-05-20 09:55:38,980.7,299690
2021-05-20 09:55:39,980.7,299901
2021-05-20 09:55:41,980.5,300001
2021-05-20 09:55:42,980.7,300208
2021-05-20 09:55:43,980.5,300311
2021-05-20 09:55:45,980.7,300534
2021-05-20 09:55:46,981.0,301191
2021-05-20 09:55:47,981.7,302161
2021-05-20 09:55:48,981.45,302171
2021-05-20 09:55:49,981.45,302375
2021-05-20 09:55:50,981.45,302375
2021-05-20 09:55:50,980.9,302493
2021-05-20 09:55:52,981.4,302593
2021-05-20 09:55:53,981.5,302666
2021-05-20 09:55:54,981.7,303794
2021-05-20 09:55:55,981.85,304059
2021-05-20 09:55:56,981.6,304699
2021-05-20 09:55:56,981.55,304799
2021-05-20 09:55:58,981.4,305408
2021-05-20 09:55:59,981.85,305627
2021-05-20 09:56:00,981.4,305632
2021-05-20 09:56:01,981.4,305915
2021-05-20 09:56:02,981.7,306046
2021-05-20 09:56:03,981.7,306087
2021-05-20 09:56:04,981.45,306137
2021-05-20 09:56:05,981.45,306137
2021-05-20 09:56:05,981.45,306137
2021-05-20 09:56:07,981.5,307019
2021-05-20 09:56:09,981.7,308261
2021-05-20 09:56:10,981.0,311548
2021-05-20 09:56:11,980.8,311852
2021-05-20 09:56:12,981.1,311863
2021-05-20 09:56:13,981.1,311968
2021-05-20 09:56:13,981.1,311968
2021-05-20 09:56:14,981.15,312021
2021-05-20 09:56:15,980.65,312410
2021-05-20 09:56:16,981.3,312614
2021-05-20 09:56:17,981.2,312797
2021-05-20 09:56:19,980.8,313057
2021-05-20 09:56:20,980.8,313074
2021-05-20 09:56:21,981.2,313374
2021-05-20 09:56:22,981.2,313474
2021-05-20 09:56:23,981.55,313675
2021-05-20 09:56:24,980.85,314484
2021-05-20 09:56:25,980.85,314484
2021-05-20 09:56:26,980.8,314677
2021-05-20 09:56:27,981.4,314682
2021-05-20 09:56:28,981.4,314683
2021-05-20 09:56:29,980.85,314753
2021-05-20 09:56:30,980.85,314777
2021-05-20 09:56:31,981.0,315097
2021-05-20 09:56:32,981.0,315157
2021-05-20 09:56:33,981.0,315157
2021-05-20 09:56:34,981.0,315210
2021-05-20 09:56:35,981.0,315210
2021-05-20 09:56:36,981.0,315211
2021-05-20 09:56:37,981.5,315261
2021-05-20 09:56:38,980.75,315570
2021-05-20 09:56:39,981.35,315575
2021-05-20 09:56:40,981.35,315575
2021-05-20 09:56:41,980.6,315664
2021-05-20 09:56:42,981.0,315792
2021-05-20 09:56:43,981.4,315853
2021-05-20 09:56:43,981.4,315853
2021-05-20 09:56:45,981.4,315898
2021-05-20 09:56:45,981.0,315888
2021-05-20 09:56:46,981.0,315908
2021-05-20 09:56:48,981.0,316373
2021-05-20 09:56:49,981.0,316399
2021-05-20 09:56:50,981.3,316449
2021-05-20 09:56:51,981.3,316449
2021-05-20 09:56:52,981.0,316524
2021-05-20 09:56:53,981.0,316724
2021-05-20 09:56:54,981.0,316724
2021-05-20 09:56:55,981.0,316724
2021-05-20 09:56:56,981.3,316825
2021-05-20 09:56:57,981.4,317125
2021-05-20 09:56:58,981.4,317126
2021-05-20 09:56:59,981.4,317136
2021-05-20 09:57:00,981.3,317146
2021-05-20 09:57:00,981.15,317210
2021-05-20 09:57:02,981.15,317300
2021-05-20 09:57:03,981.15,317317
2021-05-20 09:57:04,981.15,317424
2021-05-20 09:57:05,981.1,317468
2021-05-20 09:57:06,981.1,317536
2021-05-20 09:57:07,981.1,317536
2021-05-20 09:57:08,981.3,318043
2021-05-20 09:57:09,981.15,318148
2021-05-20 09:57:10,981.15,318148
2021-05-20 09:57:10,981.4,318178
2021-05-20 09:57:11,981.1,319120
2021-05-20 09:57:13,981.0,319186
2021-05-20 09:57:14,981.3,319196
2021-05-20 09:57:15,981.3,319216
2021-05-20 09:57:16,981.2,319449
2021-05-20 09:57:16,981.0,319359
2021-05-20 09:57:18,981.2,319449
2021-05-20 09:57:19,981.05,319649
2021-05-20 09:57:20,981.3,319705
2021-05-20 09:57:21,981.0,319808
2021-05-20 09:57:22,981.35,320308
2021-05-20 09:57:23,981.0,320316
2021-05-20 09:57:24,981.35,320367
2021-05-20 09:57:25,981.35,320367
2021-05-20 09:57:26,981.35,320367
2021-05-20 09:57:27,981.3,320427
2021-05-20 09:57:28,981.3,320427
2021-05-20 09:57:29,981.3,320427
2021-05-20 09:57:30,981.3,320477
2021-05-20 09:57:31,981.3,320483
2021-05-20 09:57:32,981.3,320483
2021-05-20 09:57:33,981.25,320583
2021-05-20 09:57:34,981.25,320695
2021-05-20 09:57:36,981.05,320925
2021-05-20 09:57:37,981.05,320925
2021-05-20 09:57:39,981.0,321076
2021-05-20 09:57:40,981.0,321296
2021-05-20 09:57:41,981.0,321296
2021-05-20 09:57:42,981.1,321300
2021-05-20 09:57:43,981.1,321300
2021-05-20 09:57:44,981.0,321600
2021-05-20 09:57:45,981.1,321655
2021-05-20 09:57:46,981.1,321663
2021-05-20 09:57:47,981.1,321663
2021-05-20 09:57:48,981.1,321955
2021-05-20 09:57:49,981.1,321955
2021-05-20 09:57:50,981.0,322072
2021-05-20 09:57:51,981.2,322172
2021-05-20 09:57:52,981.2,322172
2021-05-20 09:57:53,981.2,322172
2021-05-20 09:57:54,981.0,322225
2021-05-20 09:57:55,981.15,322426
2021-05-20 09:57:56,981.1,322488
2021-05-20 09:57:57,981.1,322714
2021-05-20 09:57:58,981.3,323943
2021-05-20 09:57:59,981.3,323943
2021-05-20 09:58:01,981.1,324084
2021-05-20 09:58:00,981.4,324013
2021-05-20 09:58:02,981.05,324281
2021-05-20 09:58:03,981.05,324281
2021-05-20 09:58:04,981.05,324281
2021-05-20 09:58:05,981.1,324396
2021-05-20 09:58:06,981.3,324715
2021-05-20 09:58:07,981.35,324725
2021-05-20 09:58:09,981.35,324725
2021-05-20 09:58:08,981.35,324725
2021-05-20 09:58:10,981.1,324729
2021-05-20 09:58:11,981.1,324730
2021-05-20 09:58:12,981.1,324735
2021-05-20 09:58:13,981.1,324760
2021-05-20 09:58:14,981.1,324760
2021-05-20 09:58:15,981.3,324788
2021-05-20 09:58:16,981.3,324908
2021-05-20 09:58:17,981.3,325124
2021-05-20 09:58:18,981.0,326354
2021-05-20 09:58:19,981.3,326475
2021-05-20 09:58:20,981.0,326652
2021-05-20 09:58:22,981.0,326652
2021-05-20 09:58:23,981.3,326752
2021-05-20 09:58:24,981.0,326753
2021-05-20 09:58:25,981.05,327754
2021-05-20 09:58:26,981.05,327804
2021-05-20 09:58:27,981.05,327804
2021-05-20 09:58:28,981.5,327836
2021-05-20 09:58:29,981.1,328236
2021-05-20 09:58:30,981.3,328252
2021-05-20 09:58:31,981.1,328326
2021-05-20 09:58:32,981.1,328336
2021-05-20 09:58:33,981.3,328337
2021-05-20 09:58:34,981.3,328337
2021-05-20 09:58:35,981.0,328387
2021-05-20 09:58:36,981.0,328387
2021-05-20 09:58:37,981.0,328387
2021-05-20 09:58:38,981.0,328387
2021-05-20 09:58:40,981.3,328742
2021-05-20 09:58:39,981.3,328742
2021-05-20 09:58:41,981.3,328742
2021-05-20 09:58:42,981.2,328822
2021-05-20 09:58:44,981.95,329736
2021-05-20 09:58:45,981.95,329788
2021-05-20 09:58:46,982.5,332892
2021-05-20 09:58:48,981.6,333339
2021-05-20 09:58:49,981.6,333339
2021-05-20 09:58:52,982.0,333626
2021-05-20 09:58:53,982.4,333714
2021-05-20 09:58:54,982.0,333830
2021-05-20 09:58:55,982.0,333830
2021-05-20 09:58:56,981.8,333842
2021-05-20 09:58:57,981.8,333842
2021-05-20 09:58:58,981.8,333942
2021-05-20 09:58:59,981.7,334198
2021-05-20 09:59:00,981.7,334218
2021-05-20 09:59:01,981.8,334258
2021-05-20 09:59:02,981.95,334358
2021-05-20 09:59:03,981.95,334358
2021-05-20 09:59:04,981.95,334358
2021-05-20 09:59:05,982.0,335078
2021-05-20 09:59:06,982.0,335636
2021-05-20 09:59:07,982.0,335736
2021-05-20 09:59:08,981.65,335891
2021-05-20 09:59:09,982.0,335991
2021-05-20 09:59:10,981.65,336014
2021-05-20 09:59:11,981.55,336178
2021-05-20 09:59:12,982.2,336257
2021-05-20 09:59:13,982.2,336257
2021-05-20 09:59:14,982.25,336282
2021-05-20 09:59:15,981.8,336301
2021-05-20 09:59:16,982.5,336801
2021-05-20 09:59:17,982.0,336846
2021-05-20 09:59:18,982.0,336848
2021-05-20 09:59:19,982.3,336853
2021-05-20 09:59:20,982.4,337018
2021-05-20 09:59:21,982.05,337125
2021-05-20 09:59:22,982.5,337260
2021-05-20 09:59:23,982.5,337611
2021-05-20 09:59:24,982.5,337897
2021-05-20 09:59:25,982.75,338308
2021-05-20 09:59:26,982.8,338909
2021-05-20 09:59:27,982.15,338917
2021-05-20 09:59:28,982.75,339045
2021-05-20 09:59:29,982.3,339047
2021-05-20 09:59:30,982.75,339177
2021-05-20 09:59:31,982.3,339234
2021-05-20 09:59:32,982.35,339247
2021-05-20 09:59:33,982.75,339431
2021-05-20 09:59:34,982.75,339481
2021-05-20 09:59:35,982.5,339521
2021-05-20 09:59:36,982.75,339557
2021-05-20 09:59:37,982.7,342399
2021-05-20 09:59:38,982.75,342765
2021-05-20 09:59:40,983.0,343352
2021-05-20 09:59:41,983.35,343808
2021-05-20 09:59:42,982.6,344208
2021-05-20 09:59:43,983.35,344210
2021-05-20 09:59:44,983.35,344210
2021-05-20 09:59:45,983.3,344370
2021-05-20 09:59:46,982.7,344380
2021-05-20 09:59:47,982.85,344581
2021-05-20 09:59:48,982.65,344588
2021-05-20 09:59:49,982.85,344659
2021-05-20 09:59:50,982.5,344871
2021-05-20 09:59:51,982.85,345316
2021-05-20 09:59:52,982.75,345516
2021-05-20 09:59:53,982.3,345666
2021-05-20 09:59:55,982.8,345688
2021-05-20 09:59:56,982.8,345688
2021-05-20 09:59:58,983.0,346144
2021-05-20 09:59:59,983.0,346144
2021-05-20 09:59:59,982.8,346244
2021-05-20 10:00:00,983.25,346378
2021-05-20 10:00:02,982.7,346486
2021-05-20 10:00:02,982.7,346486
2021-05-20 10:00:03,982.65,346986
2021-05-20 10:00:04,983.1,349305
2021-05-20 10:00:05,982.4,349311
2021-05-20 10:00:07,982.3,349399
2021-05-20 10:00:08,982.7,349402
2021-05-20 10:00:08,982.05,358739
2021-05-20 10:00:10,982.35,360717
2021-05-20 10:00:11,982.0,361407
2021-05-20 10:00:12,982.0,361407
2021-05-20 10:00:13,982.5,361418
2021-05-20 10:00:14,982.0,361719
2021-05-20 10:00:18,982.35,362174
2021-05-20 10:00:19,982.3,362189
2021-05-20 10:00:20,982.3,362189
2021-05-20 10:00:22,982.4,363179
2021-05-20 10:00:23,981.9,368190
2021-05-20 10:00:25,981.95,368418
2021-05-20 10:00:26,981.95,368722
2021-05-20 10:00:27,981.95,368823
2021-05-20 10:00:28,981.4,369099
2021-05-20 10:00:29,981.15,370723
2021-05-20 10:00:30,981.7,370733
2021-05-20 10:00:31,981.2,370827
2021-05-20 10:00:34,981.25,371178
2021-05-20 10:00:35,981.25,371178
2021-05-20 10:00:37,981.25,371178
2021-05-20 10:00:39,981.7,371655
2021-05-20 10:00:40,981.7,371655
2021-05-20 10:00:41,981.2,371670
2021-05-20 10:00:44,981.65,371726
2021-05-20 10:00:45,981.65,371751
2021-05-20 10:00:46,981.65,371751
2021-05-20 10:00:48,981.7,372451
2021-05-20 10:00:49,981.25,372504
2021-05-20 10:00:50,981.25,372504
2021-05-20 10:00:51,981.65,372629
2021-05-20 10:00:52,981.6,372647
2021-05-20 10:00:53,981.25,372712
2021-05-20 10:00:54,981.25,372712
2021-05-20 10:00:55,981.5,372717
2021-05-20 10:00:56,981.45,372767
2021-05-20 10:00:57,981.45,372767
2021-05-20 10:00:58,981.45,372767
2021-05-20 10:00:59,981.2,373399
2021-05-20 10:01:00,981.0,374035
2021-05-20 10:01:01,980.3,375096
2021-05-20 10:01:02,980.85,375101
2021-05-20 10:01:04,980.35,375124
2021-05-20 10:01:05,980.35,375124
2021-05-20 10:01:06,980.3,375292
2021-05-20 10:01:10,980.3,375298
2021-05-20 10:01:11,980.3,375298
2021-05-20 10:01:11,980.3,375298
2021-05-20 10:01:12,980.8,375428
2021-05-20 10:01:13,980.8,375443
2021-05-20 10:01:15,980.15,375458
2021-05-20 10:01:16,980.15,375498
2021-05-20 10:01:17,980.15,375498
2021-05-20 10:01:18,981.0,375998
2021-05-20 10:01:18,981.0,375998
2021-05-20 10:01:20,980.95,376011
2021-05-20 10:01:21,980.8,376061
2021-05-20 10:01:22,981.0,376402
2021-05-20 10:01:23,980.3,376407
2021-05-20 10:01:23,981.15,376763
2021-05-20 10:01:24,981.2,376963
2021-05-20 10:01:25,981.2,377015
2021-05-20 10:01:26,981.2,377015
2021-05-20 10:01:27,981.2,377015
2021-05-20 10:01:29,981.05,377068
2021-05-20 10:01:31,981.0,377294
2021-05-20 10:01:32,981.0,377610
2021-05-20 10:01:33,981.05,377720
2021-05-20 10:01:35,981.05,377720
2021-05-20 10:01:34,981.05,377720
2021-05-20 10:01:36,981.05,377825
2021-05-20 10:01:37,980.55,377997
2021-05-20 10:01:38,981.0,378028
2021-05-20 10:01:39,981.0,378028
2021-05-20 10:01:40,980.55,378129
2021-05-20 10:01:41,980.55,378129
2021-05-20 10:01:43,980.55,378190
2021-05-20 10:01:44,980.9,378191
2021-05-20 10:01:45,980.9,378191
2021-05-20 10:01:46,980.9,378210
2021-05-20 10:01:47,980.65,378250
2021-05-20 10:01:48,980.9,378504
2021-05-20 10:01:49,980.9,378504
2021-05-20 10:01:50,980.85,378554
2021-05-20 10:01:51,980.65,378559
2021-05-20 10:01:52,980.5,378596
2021-05-20 10:01:53,980.8,378621
2021-05-20 10:01:54,980.4,378871
2021-05-20 10:01:55,980.4,379272
2021-05-20 10:01:56,980.4,379794
2021-05-20 10:01:58,980.45,379824
2021-05-20 10:01:59,980.65,379825
2021-05-20 10:02:00,980.45,380175
2021-05-20 10:02:01,980.45,380175
2021-05-20 10:02:02,980.65,380191
2021-05-20 10:02:03,980.65,380191
2021-05-20 10:02:03,980.65,380191
2021-05-20 10:02:04,980.55,380346
2021-05-20 10:02:07,980.45,380417
2021-05-20 10:02:07,980.65,380565
2021-05-20 10:02:08,980.5,380572
2021-05-20 10:02:09,980.5,380572
2021-05-20 10:02:11,980.5,380741
2021-05-20 10:02:12,980.5,380746
2021-05-20 10:02:13,980.65,380796
2021-05-20 10:02:14,980.5,380807
2021-05-20 10:02:14,980.5,380807
2021-05-20 10:02:16,980.5,381007
2021-05-20 10:02:17,980.5,381017
2021-05-20 10:02:18,980.45,381087
2021-05-20 10:02:20,980.5,381247
2021-05-20 10:02:22,980.5,381247
2021-05-20 10:02:23,980.5,381247
2021-05-20 10:02:23,980.5,381247
2021-05-20 10:02:25,980.5,381247
2021-05-20 10:02:26,980.4,381262
2021-05-20 10:02:27,980.4,381262
2021-05-20 10:02:27,980.4,381262
2021-05-20 10:02:30,980.4,381400
2021-05-20 10:02:31,980.4,381400
2021-05-20 10:02:32,980.4,381400
2021-05-20 10:02:33,980.4,381426
2021-05-20 10:02:34,980.4,381426
2021-05-20 10:02:35,980.4,381436
2021-05-20 10:02:38,980.4,382048
2021-05-20 10:02:39,980.65,382050
2021-05-20 10:02:40,980.4,382236
2021-05-20 10:02:41,980.65,382237
2021-05-20 10:02:42,980.65,382237
2021-05-20 10:02:43,980.65,382237
2021-05-20 10:02:44,980.4,382256
2021-05-20 10:02:46,980.4,382256
2021-05-20 10:02:47,980.4,382256
2021-05-20 10:02:48,980.9,382756
2021-05-20 10:02:49,980.4,382856
2021-05-20 10:02:50,980.4,382856
2021-05-20 10:02:50,980.4,382861
2021-05-20 10:02:51,978.75,392070
2021-05-20 10:02:53,978.0,392179
2021-05-20 10:02:54,978.0,392179
2021-05-20 10:02:57,978.3,392268
2021-05-20 10:02:58,977.65,392356
2021-05-20 10:02:59,977.5,392900
2021-05-20 10:03:00,977.6,393298
2021-05-20 10:03:01,978.0,393386
2021-05-20 10:03:02,978.0,393418
2021-05-20 10:03:03,977.65,393436
2021-05-20 10:03:03,977.7,393507
2021-05-20 10:03:04,977.7,393594
2021-05-20 10:03:05,978.1,393651
2021-05-20 10:03:06,978.1,393662
2021-05-20 10:03:07,978.0,393672
2021-05-20 10:03:08,978.0,393672
2021-05-20 10:03:11,978.0,393672
2021-05-20 10:03:12,978.1,393682
2021-05-20 10:03:13,978.0,393694
2021-05-20 10:03:14,978.0,393694
2021-05-20 10:03:15,978.4,393744
2021-05-20 10:03:16,978.0,394383
2021-05-20 10:03:17,978.4,394593
2021-05-20 10:03:19,978.4,394593
2021-05-20 10:03:20,978.25,394693
2021-05-20 10:03:21,978.25,394942
2021-05-20 10:03:22,978.25,394942
2021-05-20 10:03:23,978.25,394942
2021-05-20 10:03:23,978.25,394942
2021-05-20 10:03:24,978.25,394942
2021-05-20 10:03:26,977.75,394952
2021-05-20 10:03:27,978.4,395125
2021-05-20 10:03:28,978.4,395181
2021-05-20 10:03:31,978.4,395272
2021-05-20 10:03:33,978.0,395325
2021-05-20 10:03:34,978.0,395325
2021-05-20 10:03:35,978.0,395325
2021-05-20 10:03:35,978.0,395325
2021-05-20 10:03:36,978.0,395325
2021-05-20 10:03:37,978.4,395327
2021-05-20 10:03:38,978.4,395327
2021-05-20 10:03:39,978.4,395327
2021-05-20 10:03:40,978.05,395344
2021-05-20 10:03:41,978.55,395982
2021-05-20 10:03:42,978.8,396304
2021-05-20 10:03:44,979.25,396406
2021-05-20 10:03:44,979.25,396406
2021-05-20 10:03:45,978.85,396600
2021-05-20 10:03:47,978.85,396600
2021-05-20 10:03:50,979.1,396699
2021-05-20 10:03:51,979.1,396699
2021-05-20 10:03:51,979.1,396699
2021-05-20 10:03:53,978.85,396721
2021-05-20 10:03:54,978.85,397601
2021-05-20 10:03:57,978.85,397601
2021-05-20 10:03:58,978.85,397701
2021-05-20 10:03:59,979.15,397751
2021-05-20 10:04:00,978.85,397851
2021-05-20 10:04:02,978.85,397931
2021-05-20 10:04:05,979.2,398051
2021-05-20 10:04:07,979.2,398051
2021-05-20 10:04:10,979.2,398051
2021-05-20 10:04:11,979.2,398051
2021-05-20 10:04:12,979.2,398051
2021-05-20 10:04:13,978.85,398053
2021-05-20 10:04:14,979.3,398644
2021-05-20 10:04:15,979.3,398644
2021-05-20 10:04:16,979.3,398644
2021-05-20 10:04:17,978.85,398664
2021-05-20 10:04:18,978.85,398664
2021-05-20 10:04:20,978.85,398664
2021-05-20 10:04:21,978.85,398664
2021-05-20 10:04:22,978.9,398719
2021-05-20 10:04:23,978.9,398719
2021-05-20 10:04:24,978.9,398719
2021-05-20 10:04:25,978.9,398719
2021-05-20 10:04:26,978.9,398819
2021-05-20 10:04:27,978.9,398819
2021-05-20 10:04:27,978.9,398819
2021-05-20 10:04:28,978.9,398819
2021-05-20 10:04:29,978.9,398820
2021-05-20 10:04:30,978.9,398820
2021-05-20 10:04:31,978.9,398820
2021-05-20 10:04:33,978.9,398820
2021-05-20 10:04:34,978.9,398853
2021-05-20 10:04:35,978.9,398853
2021-05-20 10:04:36,978.9,398853
2021-05-20 10:04:37,979.1,398893
2021-05-20 10:04:38,978.9,398919
2021-05-20 10:04:39,978.9,398919
2021-05-20 10:04:41,978.9,398919
2021-05-20 10:04:40,978.9,398919
2021-05-20 10:04:42,978.9,398919
2021-05-20 10:04:43,978.9,398919
2021-05-20 10:04:44,978.9,399019
2021-05-20 10:04:44,978.9,399019
2021-05-20 10:04:45,978.9,399019
2021-05-20 10:04:46,978.9,399019
2021-05-20 10:04:47,978.9,399019
2021-05-20 10:04:49,978.95,399039
2021-05-20 10:04:50,979.1,399544
2021-05-20 10:04:50,979.1,399544
2021-05-20 10:04:52,979.1,399698
2021-05-20 10:04:53,979.1,399698
2021-05-20 10:04:54,979.1,399708
2021-05-20 10:04:55,979.95,401396
2021-05-20 10:04:55,979.95,401396
2021-05-20 10:04:57,979.5,401669
2021-05-20 10:04:58,979.5,401689
2021-05-20 10:04:59,979.5,401715
2021-05-20 10:05:01,979.45,401853
2021-05-20 10:05:02,979.45,401853
2021-05-20 10:05:03,979.45,401853
2021-05-20 10:05:04,979.45,401868
2021-05-20 10:05:05,980.0,401879
2021-05-20 10:05:06,980.0,401879
2021-05-20 10:05:06,980.0,401880
2021-05-20 10:05:08,980.0,401940
2021-05-20 10:05:10,980.0,401940
2021-05-20 10:05:11,980.0,401940
2021-05-20 10:05:12,980.0,401940
2021-05-20 10:05:13,980.0,402393
2021-05-20 10:05:14,980.0,402393
2021-05-20 10:05:15,980.0,402393
2021-05-20 10:05:16,980.0,402393
2021-05-20 10:05:17,980.0,402422
2021-05-20 10:05:17,980.0,402422
2021-05-20 10:05:18,980.0,402422
2021-05-20 10:05:19,980.0,402524
2021-05-20 10:05:20,980.5,402676
2021-05-20 10:05:21,980.0,402756
2021-05-20 10:05:22,980.0,402758
2021-05-20 10:05:24,980.0,402831
2021-05-20 10:05:25,980.05,402841
2021-05-20 10:05:27,980.85,402951
2021-05-20 10:05:28,980.85,402951
2021-05-20 10:05:30,980.15,403063
2021-05-20 10:05:31,981.0,403383
2021-05-20 10:05:32,981.0,403383
2021-05-20 10:05:33,981.0,403883
2021-05-20 10:05:34,981.0,403894
2021-05-20 10:05:35,981.0,403895
2021-05-20 10:05:36,981.0,403957
2021-05-20 10:05:37,981.0,403957
2021-05-20 10:05:38,981.0,403982
2021-05-20 10:05:38,981.0,403982
2021-05-20 10:05:39,981.0,404120
2021-05-20 10:05:41,981.0,404120
2021-05-20 10:05:42,981.0,404120
2021-05-20 10:05:43,981.0,404719
2021-05-20 10:05:44,981.0,406000
2021-05-20 10:05:45,981.0,406000
2021-05-20 10:05:45,981.0,406000
2021-05-20 10:05:47,981.5,406100
2021-05-20 10:05:48,981.5,406121
2021-05-20 10:05:48,981.5,406201
2021-05-20 10:05:49,981.0,406203
2021-05-20 10:05:50,981.05,406205
2021-05-20 10:05:51,981.8,406506
2021-05-20 10:05:52,981.4,406756
2021-05-20 10:05:53,981.65,406849
2021-05-20 10:05:55,981.6,406915
2021-05-20 10:05:55,981.7,407015
2021-05-20 10:05:56,981.1,407017
2021-05-20 10:05:57,981.15,407018
2021-05-20 10:05:59,981.15,407019
2021-05-20 10:06:00,981.6,407119
2021-05-20 10:06:01,981.15,407127
2021-05-20 10:06:02,981.15,407429
2021-05-20 10:06:04,981.15,407442
2021-05-20 10:06:05,981.15,407542
2021-05-20 10:06:06,981.15,407614
2021-05-20 10:06:07,981.15,407615
2021-05-20 10:06:08,981.15,407616
2021-05-20 10:06:10,981.15,407616
2021-05-20 10:06:10,981.7,407640
2021-05-20 10:06:12,981.7,407645
2021-05-20 10:06:13,981.7,407645
2021-05-20 10:06:14,981.7,407805
2021-05-20 10:06:15,981.7,407830
2021-05-20 10:06:16,981.7,407950
2021-05-20 10:06:17,981.3,407952
2021-05-20 10:06:18,981.7,408052
2021-05-20 10:06:19,981.35,408074
2021-05-20 10:06:21,981.75,408624
2021-05-20 10:06:22,981.3,408725
2021-05-20 10:06:23,981.3,408725
2021-05-20 10:06:24,981.5,408735
2021-05-20 10:06:25,981.5,408735
2021-05-20 10:06:26,981.5,408735
2021-05-20 10:06:27,981.5,408919
2021-05-20 10:06:28,981.15,409119
2021-05-20 10:06:29,981.15,409119
2021-05-20 10:06:30,981.15,409119
2021-05-20 10:06:31,981.15,409185
2021-05-20 10:06:32,981.15,409235
2021-05-20 10:06:33,981.5,409285
2021-05-20 10:06:34,981.35,409286
2021-05-20 10:06:35,981.3,409433
2021-05-20 10:06:36,981.3,409488
2021-05-20 10:06:36,982.0,410586
2021-05-20 10:06:38,981.3,410786
2021-05-20 10:06:39,981.3,410786
2021-05-20 10:06:40,982.0,410987
2021-05-20 10:06:41,982.4,411554
2021-05-20 10:06:42,982.4,411554
2021-05-20 10:06:43,982.3,411656
2021-05-20 10:06:44,982.3,411656
2021-05-20 10:06:45,981.65,411711
2021-05-20 10:06:46,981.7,411716
2021-05-20 10:06:47,982.3,411766
2021-05-20 10:06:48,982.0,411891
2021-05-20 10:06:49,982.0,411897
2021-05-20 10:06:50,982.0,411908
2021-05-20 10:06:51,982.35,412008
2021-05-20 10:06:52,982.75,412508
2021-05-20 10:06:52,982.75,412508
2021-05-20 10:06:53,982.15,412518
2021-05-20 10:06:55,982.2,412699
2021-05-20 10:06:56,982.25,412775
2021-05-20 10:06:57,982.25,412775
2021-05-20 10:06:59,982.3,412862
2021-05-20 10:07:00,982.6,412872
2021-05-20 10:07:01,982.25,413041
2021-05-20 10:07:03,981.9,413064
2021-05-20 10:07:04,981.9,413064
2021-05-20 10:07:05,981.9,413064
2021-05-20 10:07:07,981.9,413064
2021-05-20 10:07:08,982.6,413526
2021-05-20 10:07:09,982.8,414026
2021-05-20 10:07:10,982.8,414026
2021-05-20 10:07:11,982.6,414324
2021-05-20 10:07:12,982.6,414579
2021-05-20 10:07:13,982.6,414579
2021-05-20 10:07:14,982.75,414580
2021-05-20 10:07:15,982.8,414605
2021-05-20 10:07:16,982.6,414730
2021-05-20 10:07:17,982.6,414830
2021-05-20 10:07:18,982.75,414880
2021-05-20 10:07:19,982.6,414940
2021-05-20 10:07:20,982.6,414940
2021-05-20 10:07:21,982.55,415024
2021-05-20 10:07:22,982.3,415828
2021-05-20 10:07:23,982.0,416131
2021-05-20 10:07:24,982.05,416141
2021-05-20 10:07:25,982.15,416142
2021-05-20 10:07:26,982.25,416310
2021-05-20 10:07:27,982.25,416310
2021-05-20 10:07:28,981.65,416410
2021-05-20 10:07:28,981.65,416410
2021-05-20 10:07:29,981.65,416410
2021-05-20 10:07:31,981.65,416410
2021-05-20 10:07:32,981.65,416410
2021-05-20 10:07:33,982.05,416440
2021-05-20 10:07:34,981.3,416540
2021-05-20 10:07:35,981.3,416540
2021-05-20 10:07:36,981.3,416667
2021-05-20 10:07:37,981.3,416667
2021-05-20 10:07:38,981.3,416667
2021-05-20 10:07:39,982.0,417267
2021-05-20 10:07:39,982.0,417287
2021-05-20 10:07:40,982.0,417387
2021-05-20 10:07:42,982.0,417587
2021-05-20 10:07:43,981.9,417612
2021-05-20 10:07:44,981.95,417622
2021-05-20 10:07:46,981.35,418184
2021-05-20 10:07:47,981.35,418184
2021-05-20 10:07:48,981.45,418479
2021-05-20 10:07:49,981.45,418494
2021-05-20 10:07:50,981.45,418494
2021-05-20 10:07:52,982.0,418519
2021-05-20 10:07:54,981.95,418530
2021-05-20 10:07:55,982.0,418550
2021-05-20 10:07:56,982.0,418555
2021-05-20 10:07:57,982.0,418555
2021-05-20 10:07:59,982.0,418558
2021-05-20 10:08:00,982.0,418560
2021-05-20 10:08:01,981.95,418630
2021-05-20 10:08:02,981.95,418630
2021-05-20 10:08:03,981.95,419121
2021-05-20 10:08:04,981.95,419121
2021-05-20 10:08:05,981.3,419282
2021-05-20 10:08:06,981.2,419342
2021-05-20 10:08:07,981.2,419362
2021-05-20 10:08:08,981.2,419362
2021-05-20 10:08:09,981.8,419365
2021-05-20 10:08:10,981.8,419468
2021-05-20 10:08:11,981.8,419468
2021-05-20 10:08:12,981.8,419468
2021-05-20 10:08:13,982.0,419968
2021-05-20 10:08:14,982.0,419968
2021-05-20 10:08:15,982.0,419968
2021-05-20 10:08:16,982.0,419968
2021-05-20 10:08:17,981.45,419975
2021-05-20 10:08:18,981.45,419975
2021-05-20 10:08:19,981.8,419985
2021-05-20 10:08:20,981.8,419985
2021-05-20 10:08:21,981.8,419985
2021-05-20 10:08:23,982.0,420096
2021-05-20 10:08:24,981.8,420206
2021-05-20 10:08:25,981.8,420271
2021-05-20 10:08:27,981.8,420273
2021-05-20 10:08:28,981.8,420273
2021-05-20 10:08:29,981.95,421169
2021-05-20 10:08:30,981.95,421169
2021-05-20 10:08:33,982.0,422222
2021-05-20 10:08:34,982.0,422222
2021-05-20 10:08:35,982.0,422226
2021-05-20 10:08:36,981.6,422313
2021-05-20 10:08:37,981.6,422313
2021-05-20 10:08:38,982.0,422330
2021-05-20 10:08:39,982.0,422330
2021-05-20 10:08:40,982.0,422330
2021-05-20 10:08:41,982.0,422330
2021-05-20 10:08:42,982.0,422430
2021-05-20 10:08:43,982.0,422430
2021-05-20 10:08:44,982.0,422430
2021-05-20 10:08:45,982.0,422431
2021-05-20 10:08:46,982.0,422431
2021-05-20 10:08:47,982.0,422466
2021-05-20 10:08:48,982.0,422466
2021-05-20 10:08:49,982.05,423706
2021-05-20 10:08:50,981.65,423836
2021-05-20 10:08:51,981.6,423902
2021-05-20 10:08:52,982.1,423910
2021-05-20 10:08:53,982.1,423910
2021-05-20 10:08:54,982.1,423910
2021-05-20 10:08:55,982.1,423920
2021-05-20 10:08:56,982.1,423920
2021-05-20 10:08:57,982.1,423920
2021-05-20 10:08:58,982.1,423920
2021-05-20 10:08:59,982.1,423920
2021-05-20 10:09:00,981.4,424436
2021-05-20 10:09:01,981.9,424556
2021-05-20 10:09:02,982.05,424656
2021-05-20 10:09:03,981.6,424658
2021-05-20 10:09:04,981.6,424668
2021-05-20 10:09:06,982.0,424673
2021-05-20 10:09:07,982.0,424673
2021-05-20 10:09:08,982.0,424673
2021-05-20 10:09:10,982.0,424708
2021-05-20 10:09:11,982.0,424713
2021-05-20 10:09:12,981.95,424773
2021-05-20 10:09:13,981.95,424773
2021-05-20 10:09:14,981.95,425039
2021-05-20 10:09:15,981.95,425039
2021-05-20 10:09:18,981.95,425039
2021-05-20 10:09:20,981.95,425039
2021-05-20 10:09:21,981.95,425039
2021-05-20 10:09:22,981.95,425039
2021-05-20 10:09:23,981.9,425089
2021-05-20 10:09:24,981.9,425089
2021-05-20 10:09:26,981.9,425198
2021-05-20 10:09:27,981.9,425198
2021-05-20 10:09:28,981.9,425198
2021-05-20 10:09:29,981.7,425218
2021-05-20 10:09:30,981.9,425248
2021-05-20 10:09:31,981.7,425314
2021-05-20 10:09:32,981.7,425317
2021-05-20 10:09:33,981.9,425332
2021-05-20 10:09:34,981.7,425342
2021-05-20 10:09:35,981.7,425342
2021-05-20 10:09:36,981.7,425342
2021-05-20 10:09:37,981.7,425342
2021-05-20 10:09:38,981.7,425352
2021-05-20 10:09:39,981.7,425452
2021-05-20 10:09:40,981.9,425552
2021-05-20 10:09:41,981.9,425552
2021-05-20 10:09:42,981.9,425552
2021-05-20 10:09:43,981.9,425552
2021-05-20 10:09:45,981.9,425552
2021-05-20 10:09:46,981.9,425552
2021-05-20 10:09:47,981.9,425552
2021-05-20 10:09:48,981.9,425552
2021-05-20 10:09:49,981.9,425552
2021-05-20 10:09:50,981.9,425552
2021-05-20 10:09:51,981.9,425552
2021-05-20 10:09:52,981.9,425552
2021-05-20 10:09:53,981.7,425622
2021-05-20 10:09:54,981.8,425623
2021-05-20 10:09:57,981.8,425773
2021-05-20 10:10:00,981.7,425798
2021-05-20 10:10:01,981.7,425798
2021-05-20 10:10:02,981.7,425798
2021-05-20 10:10:03,981.7,425823
2021-05-20 10:10:04,981.8,425924
2021-05-20 10:10:05,981.8,425941
2021-05-20 10:10:07,981.5,427116
2021-05-20 10:10:08,981.5,427116
2021-05-20 10:10:09,981.75,427135
2021-05-20 10:10:10,981.75,427135
2021-05-20 10:10:11,981.5,427213
2021-05-20 10:10:12,981.5,427218
2021-05-20 10:10:13,981.5,427218
2021-05-20 10:10:14,981.5,427218
2021-05-20 10:10:15,981.5,427218
2021-05-20 10:10:16,981.5,427218
2021-05-20 10:10:18,981.7,427239
2021-05-20 10:10:20,981.7,427489
2021-05-20 10:10:21,981.7,427489
2021-05-20 10:10:22,981.7,427514
2021-05-20 10:10:23,981.7,427574
2021-05-20 10:10:24,981.7,427902
2021-05-20 10:10:25,981.7,427902
2021-05-20 10:10:26,981.7,427903
2021-05-20 10:10:27,981.7,427913
2021-05-20 10:10:28,981.7,427913
2021-05-20 10:10:29,981.5,427920
2021-05-20 10:10:30,981.5,427920
2021-05-20 10:10:31,981.5,428758
2021-05-20 10:10:32,981.5,428758
2021-05-20 10:10:33,981.5,428758
2021-05-20 10:10:34,981.7,428768
2021-05-20 10:10:35,981.7,428768
2021-05-20 10:10:36,981.55,429068
2021-05-20 10:10:37,981.55,429068
2021-05-20 10:10:38,981.55,429068
2021-05-20 10:10:40,981.55,429068
2021-05-20 10:10:42,981.75,429153
2021-05-20 10:10:43,981.75,429253
2021-05-20 10:10:44,981.75,429253
2021-05-20 10:10:45,981.55,429263
2021-05-20 10:10:47,981.75,429415
2021-05-20 10:10:48,981.75,429415
2021-05-20 10:10:49,981.75,429415
2021-05-20 10:10:50,981.7,429418
2021-05-20 10:10:51,981.6,429478
2021-05-20 10:10:52,981.65,429505
2021-05-20 10:10:53,981.65,429505
2021-05-20 10:10:54,981.65,429505
2021-05-20 10:10:57,981.65,429531
2021-05-20 10:10:57,981.7,429541
2021-05-20 10:10:59,981.7,429544
2021-05-20 10:11:00,981.7,429544
2021-05-20 10:11:01,981.65,429558
2021-05-20 10:11:02,981.7,429568
2021-05-20 10:11:03,981.6,429818
2021-05-20 10:11:04,981.6,429818
2021-05-20 10:11:06,981.55,429918
2021-05-20 10:11:07,981.7,430018
2021-05-20 10:11:08,981.7,430018
2021-05-20 10:11:09,981.7,430018
2021-05-20 10:11:10,981.65,430118
2021-05-20 10:11:11,981.65,430118
2021-05-20 10:11:12,981.65,430118
2021-05-20 10:11:13,981.65,430118
2021-05-20 10:11:14,981.65,430118
2021-05-20 10:11:16,981.55,430132
2021-05-20 10:11:17,981.6,430186
2021-05-20 10:11:19,981.55,430193
2021-05-20 10:11:19,981.2,433036
2021-05-20 10:11:20,981.05,433043
2021-05-20 10:11:21,981.0,433145
2021-05-20 10:11:22,981.0,433151
2021-05-20 10:11:23,980.6,433602
2021-05-20 10:11:25,980.6,433602
2021-05-20 10:11:25,981.1,433612
2021-05-20 10:11:27,980.5,433680
2021-05-20 10:11:28,980.5,433747
2021-05-20 10:11:29,980.5,433747
2021-05-20 10:11:30,980.45,433754
2021-05-20 10:11:31,980.5,433774
2021-05-20 10:11:32,980.5,433774
2021-05-20 10:11:33,980.45,433833
2021-05-20 10:11:34,980.4,433853
2021-05-20 10:11:35,980.4,433853
2021-05-20 10:11:36,980.4,433853
2021-05-20 10:11:37,980.4,433866
2021-05-20 10:11:40,980.4,433876
2021-05-20 10:11:41,980.5,433878
2021-05-20 10:11:42,980.45,433885
2021-05-20 10:11:43,980.45,433889
2021-05-20 10:11:44,980.5,433940
2021-05-20 10:11:46,980.5,433941
2021-05-20 10:11:47,980.45,433945
2021-05-20 10:11:48,980.45,434534
2021-05-20 10:11:48,980.5,434538
2021-05-20 10:11:49,980.5,434543
2021-05-20 10:11:50,980.5,434573
2021-05-20 10:11:51,980.5,434634
2021-05-20 10:11:52,980.5,434634
2021-05-20 10:11:53,980.45,434637
2021-05-20 10:11:54,980.5,434639
2021-05-20 10:11:55,980.5,434645
2021-05-20 10:11:56,980.5,434645
2021-05-20 10:11:57,980.5,434645
2021-05-20 10:11:58,980.5,434645
2021-05-20 10:11:59,980.5,434645
2021-05-20 10:12:00,980.5,434695
2021-05-20 10:12:01,980.45,434709
2021-05-20 10:12:03,980.45,434715
2021-05-20 10:12:03,980.55,435069
2021-05-20 10:12:05,980.55,435070
2021-05-20 10:12:05,980.55,435070
2021-05-20 10:12:06,980.55,435070
2021-05-20 10:12:07,980.5,435090
2021-05-20 10:12:08,980.5,435091
2021-05-20 10:12:09,980.55,435092
2021-05-20 10:12:10,980.55,435098
2021-05-20 10:12:11,980.5,435099
2021-05-20 10:12:12,980.5,435099
2021-05-20 10:12:14,980.5,435106
2021-05-20 10:12:15,980.55,435121
2021-05-20 10:12:16,980.55,435131
2021-05-20 10:12:17,980.55,435131
2021-05-20 10:12:18,980.55,435131
2021-05-20 10:12:19,980.55,435131
2021-05-20 10:12:20,980.55,435132
2021-05-20 10:12:21,980.5,435133
2021-05-20 10:12:22,980.5,435141
2021-05-20 10:12:23,980.55,435151
2021-05-20 10:12:24,980.55,435151
2021-05-20 10:12:26,980.55,435226
2021-05-20 10:12:28,980.55,435226
2021-05-20 10:12:30,980.5,435230
2021-05-20 10:12:31,980.55,435250
2021-05-20 10:12:32,980.65,436743
2021-05-20 10:12:34,980.95,436764
2021-05-20 10:12:34,980.6,436753
2021-05-20 10:12:35,980.95,436764
2021-05-20 10:12:36,980.55,436852
2021-05-20 10:12:37,980.55,436852
2021-05-20 10:12:38,980.55,436852
2021-05-20 10:12:40,980.95,436853
2021-05-20 10:12:41,980.9,436854
2021-05-20 10:12:41,980.9,436954
2021-05-20 10:12:42,980.9,436954
2021-05-20 10:12:43,980.9,436954
2021-05-20 10:12:45,980.95,436957
2021-05-20 10:12:46,980.95,436957
2021-05-20 10:12:46,981.0,436959
2021-05-20 10:12:47,981.0,436959
2021-05-20 10:12:48,981.0,436959
2021-05-20 10:12:49,980.95,437081
2021-05-20 10:12:51,980.95,437081
2021-05-20 10:12:51,980.95,437081
2021-05-20 10:12:53,980.95,437081
2021-05-20 10:12:54,981.0,437095
2021-05-20 10:12:55,981.0,437096
2021-05-20 10:12:56,981.0,437096
2021-05-20 10:12:59,981.05,437918
2021-05-20 10:13:00,981.65,437925
2021-05-20 10:13:01,981.0,438031
2021-05-20 10:13:01,981.0,438031
2021-05-20 10:13:02,981.0,438031
2021-05-20 10:13:03,981.0,438031
2021-05-20 10:13:04,981.6,438033
2021-05-20 10:13:05,981.7,438116
2021-05-20 10:13:06,981.7,438116
2021-05-20 10:13:07,981.7,438116
2021-05-20 10:13:08,981.7,438166
2021-05-20 10:13:09,981.6,438168
2021-05-20 10:13:10,981.0,438418
2021-05-20 10:13:12,981.55,438518
2021-05-20 10:13:13,981.55,438518
2021-05-20 10:13:14,981.55,438518
2021-05-20 10:13:15,981.55,438518
2021-05-20 10:13:16,981.5,438608
2021-05-20 10:13:17,981.5,438608
2021-05-20 10:13:18,981.6,438852
2021-05-20 10:13:18,981.55,438849
2021-05-20 10:13:19,981.55,438858
2021-05-20 10:13:20,981.55,438863
2021-05-20 10:13:21,981.55,438863
2021-05-20 10:13:22,981.6,438893
2021-05-20 10:13:23,981.6,438893
2021-05-20 10:13:25,981.6,438893
2021-05-20 10:13:26,981.6,438893
2021-05-20 10:13:27,981.6,438899
2021-05-20 10:13:28,981.55,439048
2021-05-20 10:13:30,980.95,440738
2021-05-20 10:13:30,980.95,440738
2021-05-20 10:13:31,981.0,440838
2021-05-20 10:13:32,981.0,440838
2021-05-20 10:13:33,981.0,440838
2021-05-20 10:13:34,981.0,440838
2021-05-20 10:13:35,981.4,440873
2021-05-20 10:13:36,981.2,440961
2021-05-20 10:13:37,981.2,440962
2021-05-20 10:13:38,981.2,440962
2021-05-20 10:13:39,981.2,440962
2021-05-20 10:13:40,981.2,441044
2021-05-20 10:13:41,981.4,441064
2021-05-20 10:13:43,981.4,441064
2021-05-20 10:13:43,981.4,441064
2021-05-20 10:13:45,981.4,441068
2021-05-20 10:13:45,981.4,441068
2021-05-20 10:13:47,981.2,441083
2021-05-20 10:13:48,981.4,441088
2021-05-20 10:13:48,981.2,441089
2021-05-20 10:13:50,981.2,441089
2021-05-20 10:13:51,981.4,441091
2021-05-20 10:13:52,981.4,441091
2021-05-20 10:13:53,981.4,441091
2021-05-20 10:13:54,981.4,441092
2021-05-20 10:13:54,981.4,441092
2021-05-20 10:13:55,981.4,441092
2021-05-20 10:13:56,981.4,441092
2021-05-20 10:13:57,981.4,441092
2021-05-20 10:13:58,981.4,441092
2021-05-20 10:13:59,981.4,441142
2021-05-20 10:14:00,981.4,441192
2021-05-20 10:14:02,981.4,441192
2021-05-20 10:14:04,981.3,441222
2021-05-20 10:14:03,981.4,441212
2021-05-20 10:14:05,981.3,441222
2021-05-20 10:14:06,981.3,441282
2021-05-20 10:14:08,981.4,441934
2021-05-20 10:14:08,981.4,441934
2021-05-20 10:14:09,981.5,441951
2021-05-20 10:14:10,981.3,442059
2021-05-20 10:14:11,981.3,442059
2021-05-20 10:14:12,981.3,442059
2021-05-20 10:14:13,981.3,442059
2021-05-20 10:14:15,981.3,442059
2021-05-20 10:14:16,981.55,442543
2021-05-20 10:14:16,981.55,442543
2021-05-20 10:14:17,981.55,442543
2021-05-20 10:14:18,981.55,442543
2021-05-20 10:14:19,981.55,442543
2021-05-20 10:14:20,981.6,442911
2021-05-20 10:14:22,981.7,442913
2021-05-20 10:14:22,982.05,444288
2021-05-20 10:14:23,982.05,444288
2021-05-20 10:14:24,982.15,444289
2021-05-20 10:14:26,981.6,444377
2021-05-20 10:14:27,981.6,444377
2021-05-20 10:14:28,981.6,444377
2021-05-20 10:14:28,981.6,444377
2021-05-20 10:14:29,981.6,444377
2021-05-20 10:14:30,982.0,444453
2021-05-20 10:14:31,982.0,444453
2021-05-20 10:14:32,981.9,444478
2021-05-20 10:14:34,981.9,444478
2021-05-20 10:14:35,982.2,444523
2021-05-20 10:14:36,982.2,444523
2021-05-20 10:14:37,981.9,444563
2021-05-20 10:14:38,981.8,444603
2021-05-20 10:14:39,982.2,444669
2021-05-20 10:14:40,982.2,444769
2021-05-20 10:14:41,982.2,444769
2021-05-20 10:14:41,982.2,444769
2021-05-20 10:14:42,982.2,444769
2021-05-20 10:14:44,982.2,444789
2021-05-20 10:14:45,982.2,444789
2021-05-20 10:14:46,982.2,444789
2021-05-20 10:14:47,982.2,444789
2021-05-20 10:14:48,982.2,444809
2021-05-20 10:14:49,982.2,444859
2021-05-20 10:14:50,982.2,444859
2021-05-20 10:14:51,982.2,444959
2021-05-20 10:14:52,982.2,444969
2021-05-20 10:14:53,982.2,444969
2021-05-20 10:14:54,982.2,444969
2021-05-20 10:14:55,982.1,444980
2021-05-20 10:14:56,982.1,444980
2021-05-20 10:14:56,982.2,445030
2021-05-20 10:14:57,982.2,445030
2021-05-20 10:14:58,982.2,445130
2021-05-20 10:14:59,982.2,445130
2021-05-20 10:15:00,982.2,445130
2021-05-20 10:15:01,982.0,445184
2021-05-20 10:15:02,982.3,445598
2021-05-20 10:15:03,982.3,445598
2021-05-20 10:15:05,982.65,446136
2021-05-20 10:15:06,982.7,446176
2021-05-20 10:15:06,982.9,446990
2021-05-20 10:15:07,982.25,446991
2021-05-20 10:15:08,982.25,446991
2021-05-20 10:15:09,982.35,447011
2021-05-20 10:15:11,982.45,447089
2021-05-20 10:15:12,982.45,447089
2021-05-20 10:15:13,982.9,447139
2021-05-20 10:15:15,982.45,447209
2021-05-20 10:15:16,982.7,447309
2021-05-20 10:15:16,982.7,447309
2021-05-20 10:15:19,982.55,447512
2021-05-20 10:15:21,982.9,447518
2021-05-20 10:15:22,982.9,447518
2021-05-20 10:15:23,982.9,447561
2021-05-20 10:15:24,982.9,447586
2021-05-20 10:15:25,982.9,447636
2021-05-20 10:15:26,982.9,447636
2021-05-20 10:15:27,982.9,447661
2021-05-20 10:15:28,982.9,447665
2021-05-20 10:15:29,982.9,447725
2021-05-20 10:15:31,982.9,447727
2021-05-20 10:15:31,982.9,447727
2021-05-20 10:15:32,982.95,447827
2021-05-20 10:15:33,982.95,447827
2021-05-20 10:15:34,982.95,447827
2021-05-20 10:15:36,982.9,447828
2021-05-20 10:15:37,982.9,447864
2021-05-20 10:15:39,982.85,448340
2021-05-20 10:15:40,983.0,450523
2021-05-20 10:15:41,982.95,450799
2021-05-20 10:15:42,983.25,450814
2021-05-20 10:15:44,982.9,451014
2021-05-20 10:15:43,983.25,450814
2021-05-20 10:15:45,983.25,451051
2021-05-20 10:15:47,982.7,451339
2021-05-20 10:15:48,983.2,451340
2021-05-20 10:15:49,983.2,451340
2021-05-20 10:15:50,983.2,451382
2021-05-20 10:15:50,983.2,451382
2021-05-20 10:15:52,981.85,459215
2021-05-20 10:15:53,981.3,459663
2021-05-20 10:15:54,981.8,459673
2021-05-20 10:15:55,981.1,460167
2021-05-20 10:15:56,981.15,460255
2021-05-20 10:15:56,981.8,460355
2021-05-20 10:15:57,981.2,460480
2021-05-20 10:15:58,981.2,460480
2021-05-20 10:15:59,981.2,460480
2021-05-20 10:16:00,981.2,460480
2021-05-20 10:16:02,980.85,461458
2021-05-20 10:16:03,980.9,461546
2021-05-20 10:16:04,981.45,461583
2021-05-20 10:16:05,981.45,461583
2021-05-20 10:16:07,981.0,461657
2021-05-20 10:16:08,981.0,461657
2021-05-20 10:16:10,981.45,461688
2021-05-20 10:16:11,981.5,461744
2021-05-20 10:16:12,981.5,461744
2021-05-20 10:16:13,981.5,461754
2021-05-20 10:16:15,980.95,463373
2021-05-20 10:16:16,980.95,463373
2021-05-20 10:16:17,980.95,463373
2021-05-20 10:16:18,980.95,463373
2021-05-20 10:16:19,980.95,463418
2021-05-20 10:16:20,980.95,463418
2021-05-20 10:16:21,980.6,463793
2021-05-20 10:16:22,980.95,463818
2021-05-20 10:16:23,980.95,463818
2021-05-20 10:16:24,980.95,463818
2021-05-20 10:16:25,980.4,463929
2021-05-20 10:16:26,980.4,463954
2021-05-20 10:16:27,980.4,463954
2021-05-20 10:16:28,980.9,463982
2021-05-20 10:16:29,980.4,463997
2021-05-20 10:16:30,980.4,463997
2021-05-20 10:16:33,980.65,464127
2021-05-20 10:16:34,980.65,464127
2021-05-20 10:16:35,980.65,464127
2021-05-20 10:16:35,980.0,464427
2021-05-20 10:16:36,980.2,464429
2021-05-20 10:16:37,980.2,464436
2021-05-20 10:16:39,980.2,464438
2021-05-20 10:16:40,980.2,464438
2021-05-20 10:16:41,980.2,464438
2021-05-20 10:16:41,980.2,464438
2021-05-20 10:16:42,980.2,464438
2021-05-20 10:16:43,980.15,464453
2021-05-20 10:16:45,980.5,464465
2021-05-20 10:16:46,980.2,464475
2021-05-20 10:16:47,980.2,464475
2021-05-20 10:16:48,980.05,465167
2021-05-20 10:16:49,980.0,466367
2021-05-20 10:16:50,980.0,466367
2021-05-20 10:16:51,979.05,466674
2021-05-20 10:16:52,979.65,466681
2021-05-20 10:16:53,979.65,466681
2021-05-20 10:16:54,979.65,466681
2021-05-20 10:16:55,979.65,466681
2021-05-20 10:16:56,979.65,466681
2021-05-20 10:16:57,979.6,466781
2021-05-20 10:17:00,979.1,466901
2021-05-20 10:17:01,979.1,466926
2021-05-20 10:17:02,979.1,466936
2021-05-20 10:17:03,979.35,466942
2021-05-20 10:17:04,979.4,467082
2021-05-20 10:17:05,979.4,467082
2021-05-20 10:17:06,979.4,467196
2021-05-20 10:17:06,979.45,467396
2021-05-20 10:17:07,979.0,467999
2021-05-20 10:17:10,979.0,467999
2021-05-20 10:17:11,979.45,468056
2021-05-20 10:17:12,979.45,468056
2021-05-20 10:17:15,979.05,468295
2021-05-20 10:17:16,979.05,468295
2021-05-20 10:17:16,979.05,468295
2021-05-20 10:17:17,979.55,468310
2021-05-20 10:17:18,979.55,468310
2021-05-20 10:17:20,979.55,468310
2021-05-20 10:17:21,979.05,468387
2021-05-20 10:17:22,979.05,468387
2021-05-20 10:17:23,979.55,468409
2021-05-20 10:17:24,979.55,468409
2021-05-20 10:17:25,979.55,468414
2021-05-20 10:17:26,979.05,468487
2021-05-20 10:17:26,979.55,468489
2021-05-20 10:17:27,979.55,468490
2021-05-20 10:17:28,979.55,468500
2021-05-20 10:17:30,979.55,468700
2021-05-20 10:17:31,979.55,468700
2021-05-20 10:17:33,979.5,468800
2021-05-20 10:17:34,979.5,468800
2021-05-20 10:17:35,979.5,468800
2021-05-20 10:17:36,979.55,468900
2021-05-20 10:17:37,981.25,474482
2021-05-20 10:17:38,981.25,474482
2021-05-20 10:17:39,980.85,474515
2021-05-20 10:17:40,981.4,474592
2021-05-20 10:17:42,981.3,474851
2021-05-20 10:17:43,981.3,474851
2021-05-20 10:17:44,981.35,474950
2021-05-20 10:17:45,981.3,474982
2021-05-20 10:17:46,981.3,474982
2021-05-20 10:17:47,981.3,474982
2021-05-20 10:17:48,981.6,475307
2021-05-20 10:17:49,981.6,475307
2021-05-20 10:17:50,981.3,475310
2021-05-20 10:17:51,981.3,475310
2021-05-20 10:17:54,981.3,475348
2021-05-20 10:17:55,981.3,475393
2021-05-20 10:17:56,981.3,475393
2021-05-20 10:17:57,981.3,475393
2021-05-20 10:17:58,981.3,475393
2021-05-20 10:17:59,981.3,475408
2021-05-20 10:18:00,981.3,475408
2021-05-20 10:18:01,981.05,475414
2021-05-20 10:18:02,981.05,475414
2021-05-20 10:18:03,981.05,475414
2021-05-20 10:18:04,981.05,475414
2021-05-20 10:18:05,981.3,475426
2021-05-20 10:18:06,980.9,475716
2021-05-20 10:18:07,981.3,475966
2021-05-20 10:18:08,981.25,475968
2021-05-20 10:18:09,981.25,475968
2021-05-20 10:18:10,981.3,476078
2021-05-20 10:18:11,980.9,476138
2021-05-20 10:18:12,980.9,476138
2021-05-20 10:18:13,981.25,476140
2021-05-20 10:18:14,980.9,476144
2021-05-20 10:18:15,980.9,476144
2021-05-20 10:18:16,981.05,476177
2021-05-20 10:18:17,981.3,476178
2021-05-20 10:18:18,981.2,476180
2021-05-20 10:18:19,981.2,476182
2021-05-20 10:18:20,981.1,476244
2021-05-20 10:18:21,981.1,476244
2021-05-20 10:18:22,981.1,476244
2021-05-20 10:18:25,981.1,476268
2021-05-20 10:18:26,981.1,476347
2021-05-20 10:18:27,981.0,476351
2021-05-20 10:18:28,981.0,476351
2021-05-20 10:18:29,981.15,476363
2021-05-20 10:18:30,981.15,476363
2021-05-20 10:18:30,981.1,476393
2021-05-20 10:18:31,981.1,476393
2021-05-20 10:18:33,981.15,476443
2021-05-20 10:18:35,981.1,476444
2021-05-20 10:18:36,981.1,476444
2021-05-20 10:18:39,981.1,476444
2021-05-20 10:18:40,981.1,476444
2021-05-20 10:18:41,981.0,476449
2021-05-20 10:18:42,981.0,476469
2021-05-20 10:18:43,981.0,476543
2021-05-20 10:18:44,980.95,476861
2021-05-20 10:18:44,981.0,476891
2021-05-20 10:18:46,980.95,476892
2021-05-20 10:18:47,980.95,476892
2021-05-20 10:18:48,980.95,476892
2021-05-20 10:18:49,980.95,476892
2021-05-20 10:18:52,980.95,476912
2021-05-20 10:18:54,980.95,476912
2021-05-20 10:18:56,980.95,476912
2021-05-20 10:18:57,980.95,476912
2021-05-20 10:18:58,980.95,476912
2021-05-20 10:18:59,980.95,476912
2021-05-20 10:19:00,980.75,476913
2021-05-20 10:19:03,980.75,476913
2021-05-20 10:19:02,980.75,476913
