timestamp,ltp,volume
2021-04-30 09:15:05,2831.05,3117
2021-04-30 09:15:07,2831.05,3248
2021-04-30 09:15:08,2831.05,3301
2021-04-30 09:15:09,2833.25,3722
2021-04-30 09:15:10,2831.75,4263
2021-04-30 09:15:11,2829.05,4503
2021-04-30 09:15:12,2825.3,5138
2021-04-30 09:15:13,2825.35,5216
2021-04-30 09:15:14,2825.0,5439
2021-04-30 09:15:15,2825.05,5656
2021-04-30 09:15:16,2823.55,5999
2021-04-30 09:15:17,2823.35,6103
2021-04-30 09:15:17,2822.2,6100
2021-04-30 09:15:18,2823.15,6159
2021-04-30 09:15:19,2822.1,6249
2021-04-30 09:15:20,2825.35,6846
2021-04-30 09:15:21,2825.2,7491
2021-04-30 09:15:22,2824.45,7676
2021-04-30 09:15:23,2829.65,8564
2021-04-30 09:15:24,2827.1,8585
2021-04-30 09:15:25,2827.95,9035
2021-04-30 09:15:26,2832.2,9391
2021-04-30 09:15:27,2829.95,9396
2021-04-30 09:15:28,2832.2,9573
2021-04-30 09:15:29,2830.0,9807
2021-04-30 09:15:30,2831.7,10169
2021-04-30 09:15:31,2831.7,10463
2021-04-30 09:15:32,2830.0,10592
2021-04-30 09:15:33,2830.45,10729
2021-04-30 09:15:34,2830.85,10844
2021-04-30 09:15:35,2832.15,11215
2021-04-30 09:15:36,2830.85,11231
2021-04-30 09:15:37,2830.95,11232
2021-04-30 09:15:38,2837.0,13678
2021-04-30 09:15:39,2833.4,14713
2021-04-30 09:15:40,2833.0,15132
2021-04-30 09:15:41,2833.35,15346
2021-04-30 09:15:42,2833.0,15710
2021-04-30 09:15:44,2833.35,15876
2021-04-30 09:15:44,2833.45,15916
2021-04-30 09:15:46,2833.1,16079
2021-04-30 09:15:46,2833.1,16079
2021-04-30 09:15:47,2833.3,16106
2021-04-30 09:15:48,2833.3,16106
2021-04-30 09:15:49,2833.3,16106
2021-04-30 09:15:50,2833.1,16111
2021-04-30 09:15:51,2833.1,16111
2021-04-30 09:15:52,2830.65,16760
2021-04-30 09:15:53,2833.0,16813
2021-04-30 09:15:54,2833.25,17224
2021-04-30 09:15:56,2833.25,17229
2021-04-30 09:15:57,2833.25,17262
2021-04-30 09:15:58,2833.25,17334
2021-04-30 09:15:59,2833.45,17475
2021-04-30 09:16:00,2833.25,17551
2021-04-30 09:16:01,2834.85,17612
2021-04-30 09:16:02,2835.0,17768
2021-04-30 09:16:03,2837.85,17944
2021-04-30 09:16:04,2837.95,18091
2021-04-30 09:16:05,2837.9,18159
2021-04-30 09:16:06,2837.85,18187
2021-04-30 09:16:07,2837.8,18301
2021-04-30 09:16:08,2835.35,18686
2021-04-30 09:16:09,2835.1,18703
2021-04-30 09:16:10,2834.85,18796
2021-04-30 09:16:11,2835.0,18805
2021-04-30 09:16:12,2835.05,18815
2021-04-30 09:16:13,2834.85,19154
2021-04-30 09:16:14,2835.1,19369
2021-04-30 09:16:15,2834.85,19824
2021-04-30 09:16:16,2834.2,19863
2021-04-30 09:16:17,2834.2,19902
2021-04-30 09:16:18,2836.2,20281
2021-04-30 09:16:20,2834.95,20360
2021-04-30 09:16:21,2833.6,20481
2021-04-30 09:16:21,2834.2,20486
2021-04-30 09:16:22,2833.95,20658
2021-04-30 09:16:23,2833.3,20725
2021-04-30 09:16:24,2834.85,21056
2021-04-30 09:16:26,2834.75,21250
2021-04-30 09:16:27,2834.75,21301
2021-04-30 09:16:28,2834.75,21314
2021-04-30 09:16:29,2834.85,21406
2021-04-30 09:16:30,2837.85,21608
2021-04-30 09:16:32,2837.9,21672
2021-04-30 09:16:33,2834.15,21890
2021-04-30 09:16:34,2834.15,21890
2021-04-30 09:16:35,2836.3,21947
2021-04-30 09:16:36,2837.75,22060
2021-04-30 09:16:37,2837.75,22060
2021-04-30 09:16:37,2837.75,22060
2021-04-30 09:16:38,2837.15,22212
2021-04-30 09:16:39,2837.75,22257
2021-04-30 09:16:40,2842.2,22793
2021-04-30 09:16:41,2841.85,22948
2021-04-30 09:16:42,2841.1,22953
2021-04-30 09:16:43,2841.05,23069
2021-04-30 09:16:44,2841.4,23080
2021-04-30 09:16:45,2843.25,23480
2021-04-30 09:16:46,2843.25,23480
2021-04-30 09:16:47,2842.25,23799
2021-04-30 09:16:48,2844.8,23861
2021-04-30 09:16:49,2844.8,23880
2021-04-30 09:16:50,2843.85,24051
2021-04-30 09:16:51,2845.7,24572
2021-04-30 09:16:53,2845.7,24572
2021-04-30 09:16:54,2844.85,24717
2021-04-30 09:16:55,2845.65,24757
2021-04-30 09:16:56,2845.65,24757
2021-04-30 09:16:56,2845.6,24963
2021-04-30 09:16:57,2845.05,25193
2021-04-30 09:16:58,2845.6,25221
2021-04-30 09:16:59,2845.6,25286
2021-04-30 09:17:00,2844.85,25441
2021-04-30 09:17:01,2844.8,25540
2021-04-30 09:17:02,2844.8,25975
2021-04-30 09:17:03,2844.95,26002
2021-04-30 09:17:04,2845.0,26420
2021-04-30 09:17:05,2845.0,26610
2021-04-30 09:17:06,2845.0,26706
2021-04-30 09:17:07,2846.85,27062
2021-04-30 09:17:08,2844.85,27952
2021-04-30 09:17:10,2847.25,28267
2021-04-30 09:17:11,2844.25,29089
2021-04-30 09:17:12,2842.7,29393
2021-04-30 09:17:13,2842.7,29408
2021-04-30 09:17:13,2842.7,29408
2021-04-30 09:17:14,2844.3,29410
2021-04-30 09:17:15,2844.25,29442
2021-04-30 09:17:16,2844.3,29487
2021-04-30 09:17:17,2844.3,29487
2021-04-30 09:17:18,2842.85,29591
2021-04-30 09:17:19,2844.05,29592
2021-04-30 09:17:20,2842.7,29785
2021-04-30 09:17:21,2843.4,29807
2021-04-30 09:17:22,2843.95,29817
2021-04-30 09:17:23,2843.95,29817
2021-04-30 09:17:24,2842.7,29827
2021-04-30 09:17:25,2844.05,30127
2021-04-30 09:17:26,2843.1,30275
2021-04-30 09:17:27,2842.75,30365
2021-04-30 09:17:28,2842.7,30387
2021-04-30 09:17:30,2843.65,30497
2021-04-30 09:17:30,2842.4,30580
2021-04-30 09:17:31,2840.55,30928
2021-04-30 09:17:32,2840.05,30995
2021-04-30 09:17:33,2839.95,31057
2021-04-30 09:17:34,2840.0,31117
2021-04-30 09:17:35,2838.85,31121
2021-04-30 09:17:36,2840.05,31149
2021-04-30 09:17:37,2838.9,31169
2021-04-30 09:17:38,2838.35,33134
2021-04-30 09:17:39,2838.15,33149
2021-04-30 09:17:40,2838.15,33182
2021-04-30 09:17:41,2838.1,33236
2021-04-30 09:17:42,2838.3,33444
2021-04-30 09:17:43,2840.0,33480
2021-04-30 09:17:44,2839.3,33481
2021-04-30 09:17:45,2838.2,33501
2021-04-30 09:17:47,2838.2,33501
2021-04-30 09:17:48,2838.0,33576
2021-04-30 09:17:49,2839.3,33726
2021-04-30 09:17:50,2839.4,33780
2021-04-30 09:17:50,2839.4,33780
2021-04-30 09:17:51,2839.8,33859
2021-04-30 09:17:52,2838.25,33900
2021-04-30 09:17:53,2838.25,33900
2021-04-30 09:17:54,2839.75,33999
2021-04-30 09:17:56,2839.7,34008
2021-04-30 09:17:57,2839.7,34028
2021-04-30 09:17:58,2839.0,34083
2021-04-30 09:17:58,2839.0,34083
2021-04-30 09:17:59,2839.0,34453
2021-04-30 09:18:00,2838.25,34659
2021-04-30 09:18:01,2839.0,34722
2021-04-30 09:18:02,2839.7,34932
2021-04-30 09:18:03,2839.6,34933
2021-04-30 09:18:04,2839.0,34941
2021-04-30 09:18:05,2840.95,35204
2021-04-30 09:18:06,2840.75,35205
2021-04-30 09:18:07,2839.7,35216
2021-04-30 09:18:08,2838.0,37007
2021-04-30 09:18:09,2839.75,37022
2021-04-30 09:18:10,2839.0,37070
2021-04-30 09:18:11,2839.7,37072
2021-04-30 09:18:12,2839.7,37072
2021-04-30 09:18:13,2839.7,37072
2021-04-30 09:18:14,2839.45,37074
2021-04-30 09:18:15,2839.45,37318
2021-04-30 09:18:16,2840.75,37779
2021-04-30 09:18:17,2841.95,37781
2021-04-30 09:18:19,2842.25,37786
2021-04-30 09:18:20,2840.65,37852
2021-04-30 09:18:20,2840.65,37852
2021-04-30 09:18:21,2841.7,37857
2021-04-30 09:18:22,2841.7,37892
2021-04-30 09:18:23,2840.85,37901
2021-04-30 09:18:24,2840.8,37909
2021-04-30 09:18:26,2843.95,38079
2021-04-30 09:18:27,2844.0,38100
2021-04-30 09:18:28,2843.7,38193
2021-04-30 09:18:30,2844.3,38730
2021-04-30 09:18:31,2844.3,38730
2021-04-30 09:18:32,2845.7,38834
2021-04-30 09:18:33,2845.7,38834
2021-04-30 09:18:34,2845.65,39134
2021-04-30 09:18:35,2845.65,39134
2021-04-30 09:18:36,2845.45,39139
2021-04-30 09:18:37,2845.45,39139
2021-04-30 09:18:38,2845.45,39344
2021-04-30 09:18:39,2845.35,39357
2021-04-30 09:18:40,2845.55,39529
2021-04-30 09:18:42,2847.8,39581
2021-04-30 09:18:43,2848.0,39632
2021-04-30 09:18:44,2849.05,39958
2021-04-30 09:18:45,2849.05,39975
2021-04-30 09:18:46,2848.85,40044
2021-04-30 09:18:46,2848.85,40044
2021-04-30 09:18:47,2848.85,40085
2021-04-30 09:18:48,2848.85,40085
2021-04-30 09:18:49,2848.85,40085
2021-04-30 09:18:50,2849.35,40214
2021-04-30 09:18:52,2849.35,40272
2021-04-30 09:18:53,2849.35,40272
2021-04-30 09:18:54,2849.35,40294
2021-04-30 09:18:55,2849.25,40392
2021-04-30 09:18:55,2849.25,40359
2021-04-30 09:18:56,2849.25,40395
2021-04-30 09:18:57,2849.35,40422
2021-04-30 09:18:58,2849.35,40527
2021-04-30 09:18:59,2850.0,41539
2021-04-30 09:19:01,2850.2,41683
2021-04-30 09:19:02,2850.2,41693
2021-04-30 09:19:03,2851.05,41700
2021-04-30 09:19:04,2851.05,41700
2021-04-30 09:19:04,2851.05,41700
2021-04-30 09:19:05,2851.05,41801
2021-04-30 09:19:06,2851.05,41838
2021-04-30 09:19:07,2851.05,42073
2021-04-30 09:19:09,2851.05,42112
2021-04-30 09:19:10,2851.05,42167
2021-04-30 09:19:11,2850.8,42171
2021-04-30 09:19:12,2851.05,42207
2021-04-30 09:19:12,2851.05,42207
2021-04-30 09:19:13,2850.3,42276
2021-04-30 09:19:14,2850.25,42277
2021-04-30 09:19:15,2851.0,42353
2021-04-30 09:19:16,2850.35,42423
2021-04-30 09:19:18,2850.35,42423
2021-04-30 09:19:19,2850.3,42429
2021-04-30 09:19:20,2850.3,42429
2021-04-30 09:19:21,2850.3,42429
2021-04-30 09:19:22,2850.25,42532
2021-04-30 09:19:22,2849.25,42610
2021-04-30 09:19:23,2850.0,42735
2021-04-30 09:19:24,2847.75,42980
2021-04-30 09:19:25,2849.4,43083
2021-04-30 09:19:26,2847.35,43086
2021-04-30 09:19:28,2847.35,43087
2021-04-30 09:19:30,2847.65,43340
2021-04-30 09:19:31,2847.35,43391
2021-04-30 09:19:32,2845.0,43485
2021-04-30 09:19:32,2845.4,43490
2021-04-30 09:19:33,2843.7,43648
2021-04-30 09:19:34,2843.7,43889
2021-04-30 09:19:35,2843.75,43913
2021-04-30 09:19:37,2843.7,43953
2021-04-30 09:19:38,2844.1,44012
2021-04-30 09:19:39,2843.7,44133
2021-04-30 09:19:40,2844.1,44158
2021-04-30 09:19:41,2844.1,44161
2021-04-30 09:19:42,2844.1,44161
2021-04-30 09:19:43,2844.0,44162
2021-04-30 09:19:44,2846.35,44395
2021-04-30 09:19:44,2846.35,44395
2021-04-30 09:19:45,2846.45,44424
2021-04-30 09:19:46,2846.45,44424
2021-04-30 09:19:47,2846.45,44424
2021-04-30 09:19:48,2846.45,44424
2021-04-30 09:19:49,2845.1,44524
2021-04-30 09:19:50,2845.1,44535
2021-04-30 09:19:51,2845.1,44535
2021-04-30 09:19:52,2845.5,44540
2021-04-30 09:19:54,2845.5,44610
2021-04-30 09:19:55,2845.1,44611
2021-04-30 09:19:56,2845.1,44615
2021-04-30 09:19:57,2845.5,44620
2021-04-30 09:19:58,2845.1,44643
2021-04-30 09:19:58,2845.1,44643
2021-04-30 09:19:59,2845.1,44643
2021-04-30 09:20:01,2845.4,45222
2021-04-30 09:20:02,2844.15,45428
2021-04-30 09:20:03,2843.7,46213
2021-04-30 09:20:04,2843.75,46426
2021-04-30 09:20:04,2843.75,46441
2021-04-30 09:20:05,2843.8,46460
2021-04-30 09:20:06,2843.8,46460
2021-04-30 09:20:07,2843.8,46460
2021-04-30 09:20:08,2843.8,46460
2021-04-30 09:20:09,2843.8,46460
2021-04-30 09:20:11,2843.85,46614
2021-04-30 09:20:12,2840.8,46931
2021-04-30 09:20:13,2840.75,47005
2021-04-30 09:20:14,2841.35,47029
2021-04-30 09:20:15,2840.4,47103
2021-04-30 09:20:16,2840.85,47130
2021-04-30 09:20:17,2841.6,47143
2021-04-30 09:20:18,2842.3,47393
2021-04-30 09:20:19,2843.45,47558
2021-04-30 09:20:21,2844.15,47713
2021-04-30 09:20:22,2843.7,47728
2021-04-30 09:20:23,2843.75,47734
2021-04-30 09:20:24,2845.8,47950
2021-04-30 09:20:25,2845.85,48021
2021-04-30 09:20:26,2845.85,48021
2021-04-30 09:20:28,2847.0,48036
2021-04-30 09:20:29,2847.65,48402
2021-04-30 09:20:30,2847.95,48509
2021-04-30 09:20:31,2847.35,48511
2021-04-30 09:20:32,2847.35,48516
2021-04-30 09:20:32,2847.35,48511
2021-04-30 09:20:33,2847.9,48517
2021-04-30 09:20:34,2847.4,48521
2021-04-30 09:20:35,2847.9,48531
2021-04-30 09:20:36,2847.9,48596
2021-04-30 09:20:37,2847.5,48612
2021-04-30 09:20:38,2847.9,48871
2021-04-30 09:20:40,2847.4,48925
2021-04-30 09:20:41,2847.0,49268
2021-04-30 09:20:42,2847.6,49312
2021-04-30 09:20:43,2847.2,49356
2021-04-30 09:20:44,2848.4,49643
2021-04-30 09:20:44,2848.65,49609
2021-04-30 09:20:45,2849.6,49644
2021-04-30 09:20:46,2849.6,49644
2021-04-30 09:20:47,2848.4,49674
2021-04-30 09:20:50,2849.5,49795
2021-04-30 09:20:51,2851.7,50286
2021-04-30 09:20:52,2850.2,51288
2021-04-30 09:20:53,2851.0,51558
2021-04-30 09:20:53,2850.45,51576
2021-04-30 09:20:54,2849.05,51885
2021-04-30 09:20:56,2848.8,51957
2021-04-30 09:20:57,2848.4,52017
2021-04-30 09:20:58,2848.4,52017
2021-04-30 09:20:59,2848.6,52027
2021-04-30 09:21:00,2848.6,52028
2021-04-30 09:21:00,2849.5,52630
2021-04-30 09:21:01,2848.8,52684
2021-04-30 09:21:03,2849.0,52781
2021-04-30 09:21:04,2849.45,52842
2021-04-30 09:21:05,2846.45,53079
2021-04-30 09:21:06,2846.25,53200
2021-04-30 09:21:07,2845.9,53220
2021-04-30 09:21:08,2846.3,53225
2021-04-30 09:21:09,2846.4,53240
2021-04-30 09:21:09,2846.4,53240
2021-04-30 09:21:10,2846.4,53240
2021-04-30 09:21:11,2846.35,53242
2021-04-30 09:21:12,2846.35,53246
2021-04-30 09:21:13,2846.4,53276
2021-04-30 09:21:14,2846.35,53277
2021-04-30 09:21:16,2845.55,53327
2021-04-30 09:21:17,2845.55,53337
2021-04-30 09:21:18,2845.95,53338
2021-04-30 09:21:19,2845.95,53339
2021-04-30 09:21:20,2845.0,53386
2021-04-30 09:21:21,2845.75,53429
2021-04-30 09:21:21,2845.75,53429
2021-04-30 09:21:22,2845.75,53429
2021-04-30 09:21:23,2845.75,53429
2021-04-30 09:21:24,2845.75,53429
2021-04-30 09:21:25,2845.0,53529
2021-04-30 09:21:26,2845.0,53551
2021-04-30 09:21:27,2845.8,53552
2021-04-30 09:21:28,2845.85,53582
2021-04-30 09:21:30,2845.95,53706
2021-04-30 09:21:31,2846.0,53736
2021-04-30 09:21:32,2846.0,53736
2021-04-30 09:21:33,2846.0,53736
2021-04-30 09:21:34,2846.0,53736
2021-04-30 09:21:34,2846.0,53736
2021-04-30 09:21:35,2846.0,53736
2021-04-30 09:21:36,2846.0,53802
2021-04-30 09:21:38,2846.0,53802
2021-04-30 09:21:39,2846.0,53817
2021-04-30 09:21:40,2846.0,53817
2021-04-30 09:21:41,2845.8,53897
2021-04-30 09:21:42,2846.15,53916
2021-04-30 09:21:43,2846.15,53916
2021-04-30 09:21:44,2845.65,53926
2021-04-30 09:21:45,2845.65,53926
2021-04-30 09:21:46,2845.65,53926
2021-04-30 09:21:47,2846.35,54240
2021-04-30 09:21:48,2845.5,54263
2021-04-30 09:21:49,2845.25,54295
2021-04-30 09:21:50,2845.5,54388
2021-04-30 09:21:51,2845.4,54390
2021-04-30 09:21:52,2845.5,54415
2021-04-30 09:21:53,2845.5,54415
2021-04-30 09:21:54,2846.35,54455
2021-04-30 09:21:55,2846.35,54455
2021-04-30 09:21:56,2846.35,54525
2021-04-30 09:21:57,2845.25,54655
2021-04-30 09:21:58,2846.45,54964
2021-04-30 09:21:59,2846.45,55001
2021-04-30 09:22:00,2846.45,55001
2021-04-30 09:22:01,2846.45,55001
2021-04-30 09:22:02,2845.7,55017
2021-04-30 09:22:03,2845.1,55061
2021-04-30 09:22:04,2845.45,55063
2021-04-30 09:22:05,2843.1,55550
2021-04-30 09:22:06,2842.15,55601
2021-04-30 09:22:07,2840.35,55647
2021-04-30 09:22:08,2840.2,55651
2021-04-30 09:22:09,2840.0,55683
2021-04-30 09:22:10,2839.95,56468
2021-04-30 09:22:11,2838.45,56663
2021-04-30 09:22:12,2839.0,56702
2021-04-30 09:22:13,2839.0,56702
2021-04-30 09:22:14,2840.7,56705
2021-04-30 09:22:15,2840.7,56734
2021-04-30 09:22:16,2840.65,56739
2021-04-30 09:22:17,2840.4,56822
2021-04-30 09:22:18,2841.55,56832
2021-04-30 09:22:19,2840.7,56833
2021-04-30 09:22:20,2840.7,56833
2021-04-30 09:22:21,2840.7,56833
2021-04-30 09:22:22,2840.7,56838
2021-04-30 09:22:23,2840.7,56838
2021-04-30 09:22:24,2840.7,56838
2021-04-30 09:22:25,2840.7,56838
2021-04-30 09:22:26,2840.7,56841
2021-04-30 09:22:27,2842.6,57224
2021-04-30 09:22:28,2842.6,57224
2021-04-30 09:22:29,2843.0,57433
2021-04-30 09:22:31,2840.7,57588
2021-04-30 09:22:32,2840.7,57588
2021-04-30 09:22:33,2840.7,57588
2021-04-30 09:22:34,2842.9,57725
2021-04-30 09:22:35,2842.9,57725
2021-04-30 09:22:36,2842.9,57725
2021-04-30 09:22:37,2843.0,57765
2021-04-30 09:22:38,2843.0,57765
2021-04-30 09:22:39,2842.75,57767
2021-04-30 09:22:40,2842.75,57767
2021-04-30 09:22:41,2842.75,57767
2021-04-30 09:22:42,2842.7,57788
2021-04-30 09:22:43,2842.7,57788
2021-04-30 09:22:44,2842.7,57788
2021-04-30 09:22:45,2842.7,57788
2021-04-30 09:22:45,2842.7,57788
2021-04-30 09:22:46,2842.6,57798
2021-04-30 09:22:47,2842.6,57798
2021-04-30 09:22:49,2842.6,57798
2021-04-30 09:22:50,2842.05,57873
2021-04-30 09:22:51,2842.6,57897
2021-04-30 09:22:52,2841.45,58041
2021-04-30 09:22:53,2841.45,58041
2021-04-30 09:22:54,2841.45,58041
2021-04-30 09:22:55,2841.45,58041
2021-04-30 09:22:56,2842.3,58047
2021-04-30 09:22:57,2843.5,58772
2021-04-30 09:22:58,2843.5,58772
2021-04-30 09:22:59,2843.15,58782
2021-04-30 09:23:00,2843.15,58782
2021-04-30 09:23:01,2843.15,58782
2021-04-30 09:23:02,2843.9,58792
2021-04-30 09:23:03,2843.9,58792
2021-04-30 09:23:04,2843.15,58814
2021-04-30 09:23:05,2843.15,58814
2021-04-30 09:23:06,2843.15,58814
2021-04-30 09:23:07,2843.85,58820
2021-04-30 09:23:08,2843.85,58820
2021-04-30 09:23:09,2843.85,58821
2021-04-30 09:23:10,2843.85,58838
2021-04-30 09:23:11,2843.15,58839
2021-04-30 09:23:12,2843.85,58998
2021-04-30 09:23:13,2843.85,58998
2021-04-30 09:23:14,2843.85,59050
2021-04-30 09:23:15,2843.85,59060
2021-04-30 09:23:16,2843.9,59089
2021-04-30 09:23:17,2843.9,59089
2021-04-30 09:23:18,2844.0,59154
2021-04-30 09:23:19,2843.85,59263
2021-04-30 09:23:20,2843.5,59398
2021-04-30 09:23:21,2841.15,59779
2021-04-30 09:23:22,2841.15,59807
2021-04-30 09:23:23,2842.3,59817
2021-04-30 09:23:24,2842.3,59817
2021-04-30 09:23:25,2841.1,59862
2021-04-30 09:23:26,2841.1,59897
2021-04-30 09:23:27,2841.0,59948
2021-04-30 09:23:28,2841.0,59948
2021-04-30 09:23:29,2841.0,59948
2021-04-30 09:23:30,2841.0,59948
2021-04-30 09:23:31,2840.05,61206
2021-04-30 09:23:32,2841.1,61474
2021-04-30 09:23:33,2840.0,61527
2021-04-30 09:23:34,2841.15,61529
2021-04-30 09:23:35,2840.0,61611
2021-04-30 09:23:36,2841.05,61616
2021-04-30 09:23:37,2841.05,61616
2021-04-30 09:23:38,2841.05,61616
2021-04-30 09:23:39,2840.15,61617
2021-04-30 09:23:40,2841.05,61627
2021-04-30 09:23:41,2840.65,61628
2021-04-30 09:23:42,2842.5,61892
2021-04-30 09:23:43,2840.9,62033
2021-04-30 09:23:44,2842.65,62039
2021-04-30 09:23:45,2842.6,62137
2021-04-30 09:23:46,2845.8,62488
2021-04-30 09:23:47,2844.5,62544
2021-04-30 09:23:48,2847.6,62565
2021-04-30 09:23:49,2845.6,62574
2021-04-30 09:23:50,2845.55,62578
2021-04-30 09:23:51,2848.6,62700
2021-04-30 09:23:52,2848.2,62726
2021-04-30 09:23:53,2848.25,62735
2021-04-30 09:23:54,2848.25,62770
2021-04-30 09:23:55,2849.05,62808
2021-04-30 09:23:56,2848.25,62813
2021-04-30 09:23:57,2848.3,62819
2021-04-30 09:23:58,2848.3,62827
2021-04-30 09:23:59,2849.65,62877
2021-04-30 09:24:00,2849.65,62877
2021-04-30 09:24:01,2849.0,62889
2021-04-30 09:24:02,2848.3,62954
2021-04-30 09:24:03,2846.9,63005
2021-04-30 09:24:04,2848.7,63215
2021-04-30 09:24:05,2848.15,63283
2021-04-30 09:24:06,2847.55,63288
2021-04-30 09:24:07,2847.7,63292
2021-04-30 09:24:08,2847.7,63292
2021-04-30 09:24:10,2847.1,63393
2021-04-30 09:24:11,2848.0,63396
2021-04-30 09:24:12,2848.0,63396
2021-04-30 09:24:13,2848.0,63785
2021-04-30 09:24:14,2848.0,63799
2021-04-30 09:24:15,2848.0,63799
2021-04-30 09:24:16,2848.55,63800
2021-04-30 09:24:17,2849.85,64139
2021-04-30 09:24:18,2849.0,64245
2021-04-30 09:24:19,2853.35,66720
2021-04-30 09:24:20,2855.0,67078
2021-04-30 09:24:21,2853.15,67129
2021-04-30 09:24:22,2853.15,67129
2021-04-30 09:24:23,2853.15,67129
2021-04-30 09:24:24,2854.0,68034
2021-04-30 09:24:25,2855.0,68609
2021-04-30 09:24:26,2855.0,68609
2021-04-30 09:24:27,2855.0,68629
2021-04-30 09:24:28,2855.1,68800
2021-04-30 09:24:30,2855.1,70073
2021-04-30 09:24:31,2855.1,70073
2021-04-30 09:24:32,2855.0,70327
2021-04-30 09:24:33,2855.1,70380
2021-04-30 09:24:34,2855.9,70613
2021-04-30 09:24:35,2855.7,70776
2021-04-30 09:24:36,2855.7,70776
2021-04-30 09:24:37,2858.35,70976
2021-04-30 09:24:38,2856.9,70988
2021-04-30 09:24:39,2856.95,71042
2021-04-30 09:24:40,2857.15,71062
2021-04-30 09:24:42,2857.15,71088
2021-04-30 09:24:41,2857.15,71088
2021-04-30 09:24:43,2859.85,71903
2021-04-30 09:24:44,2857.15,72145
2021-04-30 09:24:45,2858.1,72160
2021-04-30 09:24:46,2858.1,72160
2021-04-30 09:24:47,2857.15,72264
2021-04-30 09:24:48,2858.0,72462
2021-04-30 09:24:49,2856.95,72637
2021-04-30 09:24:50,2858.0,72649
2021-04-30 09:24:51,2857.45,73671
2021-04-30 09:24:52,2857.0,73679
2021-04-30 09:24:53,2856.0,73824
2021-04-30 09:24:54,2856.85,73909
2021-04-30 09:24:55,2857.1,73950
2021-04-30 09:24:56,2855.05,74151
2021-04-30 09:24:57,2855.05,74151
2021-04-30 09:24:58,2856.0,74156
2021-04-30 09:24:59,2853.7,74982
2021-04-30 09:25:00,2853.0,74999
2021-04-30 09:25:01,2852.65,75037
2021-04-30 09:25:02,2852.65,75038
2021-04-30 09:25:03,2852.8,75123
2021-04-30 09:25:04,2853.55,75923
2021-04-30 09:25:05,2852.65,76033
2021-04-30 09:25:06,2851.0,76133
2021-04-30 09:25:07,2851.0,76133
2021-04-30 09:25:08,2851.0,76133
2021-04-30 09:25:09,2852.6,76134
2021-04-30 09:25:10,2851.95,76138
2021-04-30 09:25:11,2852.6,76263
2021-04-30 09:25:12,2852.6,76288
2021-04-30 09:25:13,2852.6,76480
2021-04-30 09:25:14,2852.65,76490
2021-04-30 09:25:16,2854.5,76500
2021-04-30 09:25:17,2854.5,76500
2021-04-30 09:25:18,2854.5,76500
2021-04-30 09:25:18,2854.5,76500
2021-04-30 09:25:19,2854.5,76500
2021-04-30 09:25:20,2854.4,76546
2021-04-30 09:25:21,2854.4,76556
2021-04-30 09:25:22,2854.4,76556
2021-04-30 09:25:23,2854.4,76568
2021-04-30 09:25:24,2854.45,76603
2021-04-30 09:25:25,2853.6,76913
2021-04-30 09:25:26,2853.35,78025
2021-04-30 09:25:28,2854.45,78056
2021-04-30 09:25:29,2854.45,78071
2021-04-30 09:25:30,2854.45,78071
2021-04-30 09:25:31,2854.45,78081
2021-04-30 09:25:32,2854.45,78081
2021-04-30 09:25:32,2854.45,78081
2021-04-30 09:25:33,2854.45,78181
2021-04-30 09:25:34,2854.45,78261
2021-04-30 09:25:35,2854.45,78261
2021-04-30 09:25:36,2853.6,78321
2021-04-30 09:25:37,2854.4,78331
2021-04-30 09:25:39,2853.55,78336
2021-04-30 09:25:40,2854.4,78421
2021-04-30 09:25:41,2854.5,78685
2021-04-30 09:25:42,2857.1,79135
2021-04-30 09:25:43,2857.1,79140
2021-04-30 09:25:44,2857.1,79222
2021-04-30 09:25:45,2857.1,79227
2021-04-30 09:25:46,2856.9,79326
2021-04-30 09:25:47,2856.8,79372
2021-04-30 09:25:48,2856.8,79372
2021-04-30 09:25:49,2856.0,79388
2021-04-30 09:25:50,2855.45,79463
2021-04-30 09:25:51,2855.2,79478
2021-04-30 09:25:53,2856.6,79493
2021-04-30 09:25:53,2855.4,79497
2021-04-30 09:25:54,2856.5,79518
2021-04-30 09:25:55,2856.7,79586
2021-04-30 09:25:56,2856.35,79658
2021-04-30 09:25:57,2856.9,79776
2021-04-30 09:25:58,2856.9,79818
2021-04-30 09:25:59,2857.0,79862
2021-04-30 09:26:01,2856.0,80148
2021-04-30 09:26:02,2856.95,80359
2021-04-30 09:26:03,2857.25,80426
2021-04-30 09:26:04,2856.6,80581
2021-04-30 09:26:05,2857.0,80617
2021-04-30 09:26:06,2857.0,80617
2021-04-30 09:26:07,2857.0,80623
2021-04-30 09:26:08,2857.1,80631
2021-04-30 09:26:09,2857.1,80636
2021-04-30 09:26:09,2857.1,80637
2021-04-30 09:26:10,2857.1,80638
2021-04-30 09:26:11,2857.1,80638
2021-04-30 09:26:12,2855.65,80756
2021-04-30 09:26:13,2855.45,80857
2021-04-30 09:26:14,2855.45,80857
2021-04-30 09:26:15,2856.8,80967
2021-04-30 09:26:16,2856.8,80967
2021-04-30 09:26:17,2856.8,80977
2021-04-30 09:26:18,2856.8,80987
2021-04-30 09:26:19,2856.8,80987
2021-04-30 09:26:20,2855.25,81115
2021-04-30 09:26:21,2856.8,81123
2021-04-30 09:26:22,2856.8,81123
2021-04-30 09:26:23,2856.1,81154
2021-04-30 09:26:24,2855.35,81260
2021-04-30 09:26:25,2855.5,81270
2021-04-30 09:26:26,2856.75,81271
2021-04-30 09:26:27,2856.75,81274
2021-04-30 09:26:28,2856.75,81274
2021-04-30 09:26:29,2856.75,81296
2021-04-30 09:26:30,2856.0,81356
2021-04-30 09:26:31,2856.0,81356
2021-04-30 09:26:32,2856.0,81356
2021-04-30 09:26:33,2855.2,82056
2021-04-30 09:26:34,2856.4,82076
2021-04-30 09:26:35,2855.05,82082
2021-04-30 09:26:36,2852.65,82485
2021-04-30 09:26:37,2852.65,82485
2021-04-30 09:26:38,2853.2,82495
2021-04-30 09:26:39,2853.2,82499
2021-04-30 09:26:40,2853.2,82499
2021-04-30 09:26:41,2851.0,82783
2021-04-30 09:26:42,2851.6,82788
2021-04-30 09:26:43,2850.3,82789
2021-04-30 09:26:44,2850.3,82789
2021-04-30 09:26:45,2850.25,82791
2021-04-30 09:26:46,2850.25,82801
2021-04-30 09:26:47,2851.4,82901
2021-04-30 09:26:49,2850.0,82972
2021-04-30 09:26:49,2850.0,82972
2021-04-30 09:26:50,2851.3,82983
2021-04-30 09:26:51,2848.65,83766
2021-04-30 09:26:52,2849.4,83818
2021-04-30 09:26:53,2849.4,83818
2021-04-30 09:26:54,2848.4,83873
2021-04-30 09:26:55,2848.4,83873
2021-04-30 09:26:58,2848.45,83877
2021-04-30 09:26:59,2847.55,83962
2021-04-30 09:26:59,2849.55,83902
2021-04-30 09:27:00,2848.8,83964
2021-04-30 09:27:01,2848.75,84057
2021-04-30 09:27:02,2847.65,84138
2021-04-30 09:27:03,2845.95,84908
2021-04-30 09:27:04,2847.0,84986
2021-04-30 09:27:05,2846.3,85044
2021-04-30 09:27:06,2846.3,85044
2021-04-30 09:27:07,2847.65,85076
2021-04-30 09:27:08,2847.65,85076
2021-04-30 09:27:09,2845.55,85077
2021-04-30 09:27:10,2846.05,85084
2021-04-30 09:27:11,2846.15,86085
2021-04-30 09:27:12,2846.15,86110
2021-04-30 09:27:13,2846.05,86129
2021-04-30 09:27:14,2846.05,86129
2021-04-30 09:27:15,2846.1,86130
2021-04-30 09:27:16,2846.1,86130
2021-04-30 09:27:17,2846.1,86131
2021-04-30 09:27:18,2846.1,86131
2021-04-30 09:27:19,2846.1,86136
2021-04-30 09:27:21,2846.0,86246
2021-04-30 09:27:22,2846.0,86246
2021-04-30 09:27:23,2846.0,86246
2021-04-30 09:27:25,2846.0,86246
2021-04-30 09:27:25,2841.45,87734
2021-04-30 09:27:27,2842.7,87784
2021-04-30 09:27:27,2841.8,87789
2021-04-30 09:27:29,2843.05,87892
2021-04-30 09:27:30,2843.05,87892
2021-04-30 09:27:31,2842.75,87897
2021-04-30 09:27:32,2841.25,87997
2021-04-30 09:27:33,2842.65,88005
2021-04-30 09:27:34,2840.85,88023
2021-04-30 09:27:35,2840.85,88023
2021-04-30 09:27:36,2842.5,88033
2021-04-30 09:27:37,2842.5,88037
2021-04-30 09:27:38,2841.4,88051
2021-04-30 09:27:39,2840.45,88076
2021-04-30 09:27:40,2841.9,88089
2021-04-30 09:27:42,2840.7,88091
2021-04-30 09:27:43,2841.9,88096
2021-04-30 09:27:44,2841.9,88096
2021-04-30 09:27:45,2841.9,88096
2021-04-30 09:27:46,2841.9,88096
2021-04-30 09:27:47,2841.9,88096
2021-04-30 09:27:48,2841.9,88250
2021-04-30 09:27:49,2841.9,88285
2021-04-30 09:27:50,2841.85,88405
2021-04-30 09:27:51,2842.0,88491
2021-04-30 09:27:52,2842.35,88539
2021-04-30 09:27:53,2842.35,88539
2021-04-30 09:27:54,2843.05,88540
2021-04-30 09:27:55,2843.1,88542
2021-04-30 09:27:56,2844.0,88555
2021-04-30 09:27:57,2844.0,88555
2021-04-30 09:27:58,2843.95,88605
2021-04-30 09:27:59,2844.0,88606
2021-04-30 09:28:00,2844.0,88606
2021-04-30 09:28:01,2844.0,88606
2021-04-30 09:28:02,2844.0,88606
2021-04-30 09:28:03,2844.0,88616
2021-04-30 09:28:04,2844.0,88619
2021-04-30 09:28:05,2844.85,88716
2021-04-30 09:28:06,2844.85,88717
2021-04-30 09:28:07,2844.0,88732
2021-04-30 09:28:08,2844.0,88732
2021-04-30 09:28:09,2844.0,88732
2021-04-30 09:28:10,2840.5,89428
2021-04-30 09:28:11,2841.7,89438
2021-04-30 09:28:12,2842.15,89538
2021-04-30 09:28:13,2840.0,89712
2021-04-30 09:28:14,2842.05,89747
2021-04-30 09:28:16,2841.0,89767
2021-04-30 09:28:17,2841.0,89767
2021-04-30 09:28:18,2841.0,89767
2021-04-30 09:28:19,2839.2,90904
2021-04-30 09:28:20,2838.05,91214
2021-04-30 09:28:21,2839.05,91223
2021-04-30 09:28:22,2838.05,91244
2021-04-30 09:28:24,2837.7,91250
2021-04-30 09:28:25,2839.15,91546
2021-04-30 09:28:26,2838.0,91550
2021-04-30 09:28:27,2838.1,91552
2021-04-30 09:28:28,2838.0,91562
2021-04-30 09:28:29,2838.0,91563
2021-04-30 09:28:30,2838.0,91563
2021-04-30 09:28:31,2837.1,91615
2021-04-30 09:28:33,2837.95,91934
2021-04-30 09:28:34,2837.6,91954
2021-04-30 09:28:35,2837.55,91955
2021-04-30 09:28:36,2837.5,91972
2021-04-30 09:28:37,2837.5,92039
2021-04-30 09:28:38,2837.5,92358
2021-04-30 09:28:39,2837.5,92718
2021-04-30 09:28:40,2836.55,92786
2021-04-30 09:28:41,2837.5,92790
2021-04-30 09:28:42,2837.5,92866
2021-04-30 09:28:43,2838.1,92947
2021-04-30 09:28:43,2838.1,92947
2021-04-30 09:28:44,2838.1,92947
2021-04-30 09:28:45,2838.0,92957
2021-04-30 09:28:46,2838.0,92957
2021-04-30 09:28:47,2838.0,92975
2021-04-30 09:28:48,2840.05,93471
2021-04-30 09:28:49,2841.1,93695
2021-04-30 09:28:50,2841.1,93695
2021-04-30 09:28:51,2842.85,93741
2021-04-30 09:28:52,2841.15,93771
2021-04-30 09:28:53,2841.2,93772
2021-04-30 09:28:54,2841.2,93772
2021-04-30 09:28:55,2842.8,93776
2021-04-30 09:28:56,2842.8,93776
2021-04-30 09:28:57,2842.8,93776
2021-04-30 09:28:58,2842.8,93876
2021-04-30 09:28:59,2842.8,93876
2021-04-30 09:29:00,2842.8,93876
2021-04-30 09:29:02,2843.15,94083
2021-04-30 09:29:03,2844.6,94093
2021-04-30 09:29:04,2843.05,94219
2021-04-30 09:29:05,2843.05,94219
2021-04-30 09:29:06,2843.05,94219
2021-04-30 09:29:07,2842.8,94229
2021-04-30 09:29:08,2843.05,94287
2021-04-30 09:29:09,2842.5,94305
2021-04-30 09:29:10,2842.5,94305
2021-04-30 09:29:12,2842.95,94311
2021-04-30 09:29:13,2842.95,94311
2021-04-30 09:29:14,2841.35,94336
2021-04-30 09:29:16,2842.9,94342
2021-04-30 09:29:17,2840.3,94738
2021-04-30 09:29:18,2840.2,94817
2021-04-30 09:29:19,2840.45,94819
2021-04-30 09:29:20,2842.85,94992
2021-04-30 09:29:21,2842.85,94993
2021-04-30 09:29:22,2842.85,94993
2021-04-30 09:29:23,2842.3,94995
2021-04-30 09:29:24,2841.3,95081
2021-04-30 09:29:25,2841.3,95081
2021-04-30 09:29:26,2841.3,95096
2021-04-30 09:29:27,2841.3,95156
2021-04-30 09:29:28,2841.3,95156
2021-04-30 09:29:29,2840.05,95175
2021-04-30 09:29:30,2840.0,95351
2021-04-30 09:29:31,2840.0,95351
2021-04-30 09:29:32,2837.25,96040
2021-04-30 09:29:34,2835.8,96288
2021-04-30 09:29:35,2837.35,96588
2021-04-30 09:29:36,2837.35,96588
2021-04-30 09:29:37,2835.25,96783
2021-04-30 09:29:38,2835.25,96783
2021-04-30 09:29:39,2835.25,96783
2021-04-30 09:29:40,2835.25,96784
2021-04-30 09:29:41,2835.0,96786
2021-04-30 09:29:42,2835.8,96997
2021-04-30 09:29:43,2833.55,97256
2021-04-30 09:29:44,2832.0,97469
2021-04-30 09:29:45,2832.9,97554
2021-04-30 09:29:46,2833.0,97564
2021-04-30 09:29:47,2833.0,97564
2021-04-30 09:29:48,2831.45,97565
2021-04-30 09:29:49,2833.05,97595
2021-04-30 09:29:50,2832.9,97621
2021-04-30 09:29:51,2832.95,97670
2021-04-30 09:29:52,2832.85,97680
2021-04-30 09:29:53,2832.9,97791
2021-04-30 09:29:55,2833.45,97992
2021-04-30 09:29:55,2835.0,98063
2021-04-30 09:29:56,2833.85,98118
2021-04-30 09:29:57,2833.85,98118
2021-04-30 09:29:58,2833.6,98253
2021-04-30 09:30:00,2833.65,98254
2021-04-30 09:30:01,2833.6,98297
2021-04-30 09:30:02,2835.25,98337
2021-04-30 09:30:03,2833.05,98382
2021-04-30 09:30:04,2833.55,98392
2021-04-30 09:30:05,2833.55,98392
2021-04-30 09:30:06,2834.85,98397
2021-04-30 09:30:07,2835.05,98500
2021-04-30 09:30:08,2835.05,98500
2021-04-30 09:30:08,2834.9,98541
2021-04-30 09:30:10,2836.35,98572
2021-04-30 09:30:11,2836.35,98572
2021-04-30 09:30:12,2836.35,98572
2021-04-30 09:30:13,2836.35,98572
2021-04-30 09:30:14,2835.05,98673
2021-04-30 09:30:15,2836.3,98744
2021-04-30 09:30:16,2836.3,98761
2021-04-30 09:30:17,2835.6,98801
2021-04-30 09:30:18,2836.8,98802
2021-04-30 09:30:19,2834.85,98840
2021-04-30 09:30:20,2833.7,98967
2021-04-30 09:30:21,2833.05,99257
2021-04-30 09:30:22,2832.2,99681
2021-04-30 09:30:23,2832.0,99757
2021-04-30 09:30:24,2831.2,99832
2021-04-30 09:30:25,2832.2,99843
2021-04-30 09:30:26,2830.4,101187
2021-04-30 09:30:27,2831.0,101190
2021-04-30 09:30:28,2831.05,101191
2021-04-30 09:30:31,2829.75,101286
2021-04-30 09:30:32,2831.05,101287
2021-04-30 09:30:33,2831.05,101327
2021-04-30 09:30:34,2829.3,103030
2021-04-30 09:30:35,2828.75,103111
2021-04-30 09:30:36,2828.65,103177
2021-04-30 09:30:37,2828.8,103209
2021-04-30 09:30:38,2828.85,103239
2021-04-30 09:30:39,2830.95,103531
2021-04-30 09:30:40,2830.75,103536
2021-04-30 09:30:41,2827.3,103569
2021-04-30 09:30:42,2827.05,103570
2021-04-30 09:30:43,2828.6,103831
2021-04-30 09:30:44,2827.95,104742
2021-04-30 09:30:47,2826.7,105260
2021-04-30 09:30:48,2825.45,105520
2021-04-30 09:30:49,2827.55,105570
2021-04-30 09:30:50,2827.6,106021
2021-04-30 09:30:51,2827.3,106151
2021-04-30 09:30:52,2827.3,106202
2021-04-30 09:30:53,2828.2,106302
2021-04-30 09:30:54,2828.2,106329
2021-04-30 09:30:55,2828.3,106373
2021-04-30 09:30:56,2829.45,106387
2021-04-30 09:30:57,2826.9,106407
2021-04-30 09:30:58,2829.4,106437
2021-04-30 09:30:59,2829.4,106446
2021-04-30 09:31:00,2827.6,106511
2021-04-30 09:31:01,2829.2,106536
2021-04-30 09:31:02,2827.6,106599
2021-04-30 09:31:03,2828.05,106649
2021-04-30 09:31:04,2828.05,106649
2021-04-30 09:31:05,2828.95,106851
2021-04-30 09:31:06,2828.95,106851
2021-04-30 09:31:07,2827.65,106887
2021-04-30 09:31:08,2827.6,106978
2021-04-30 09:31:09,2827.6,106983
2021-04-30 09:31:10,2827.6,106983
2021-04-30 09:31:11,2827.0,107010
2021-04-30 09:31:12,2827.4,107099
2021-04-30 09:31:13,2827.6,107150
2021-04-30 09:31:14,2827.6,107150
2021-04-30 09:31:15,2827.0,107190
2021-04-30 09:31:16,2827.35,107232
2021-04-30 09:31:17,2827.6,107282
2021-04-30 09:31:18,2827.0,107382
2021-04-30 09:31:19,2827.6,107544
2021-04-30 09:31:20,2827.45,107546
2021-04-30 09:31:21,2826.2,107548
2021-04-30 09:31:22,2827.5,107563
2021-04-30 09:31:24,2826.3,108022
2021-04-30 09:31:25,2826.3,108027
2021-04-30 09:31:26,2826.3,108027
2021-04-30 09:31:27,2826.3,108027
2021-04-30 09:31:28,2827.4,108079
2021-04-30 09:31:29,2827.4,108099
2021-04-30 09:31:30,2827.4,108099
2021-04-30 09:31:31,2827.0,108100
2021-04-30 09:31:32,2827.0,108100
2021-04-30 09:31:33,2827.35,108102
2021-04-30 09:31:34,2827.4,108134
2021-04-30 09:31:35,2827.35,108143
2021-04-30 09:31:36,2826.1,108343
2021-04-30 09:31:37,2826.1,108408
2021-04-30 09:31:38,2826.1,108463
2021-04-30 09:31:39,2826.1,108463
2021-04-30 09:31:40,2826.4,108566
2021-04-30 09:31:41,2827.4,108571
2021-04-30 09:31:42,2827.4,108573
2021-04-30 09:31:43,2827.35,109335
2021-04-30 09:31:44,2827.35,109336
2021-04-30 09:31:45,2827.35,109336
2021-04-30 09:31:46,2825.6,109436
2021-04-30 09:31:47,2825.6,109436
2021-04-30 09:31:48,2829.2,110084
2021-04-30 09:31:49,2828.75,110251
2021-04-30 09:31:50,2828.75,110251
2021-04-30 09:31:51,2829.75,110254
2021-04-30 09:31:52,2827.4,110337
2021-04-30 09:31:53,2827.4,110337
2021-04-30 09:31:54,2829.7,110487
2021-04-30 09:31:55,2829.6,110711
2021-04-30 09:31:56,2829.6,110711
2021-04-30 09:31:57,2829.25,110722
2021-04-30 09:31:58,2829.65,110732
2021-04-30 09:31:58,2829.7,110757
2021-04-30 09:32:00,2829.65,110759
2021-04-30 09:32:01,2829.65,110784
2021-04-30 09:32:02,2829.8,110823
2021-04-30 09:32:03,2829.8,110823
2021-04-30 09:32:04,2829.8,110823
2021-04-30 09:32:05,2829.7,110839
2021-04-30 09:32:06,2829.7,110839
2021-04-30 09:32:07,2829.25,110863
2021-04-30 09:32:08,2829.8,110883
2021-04-30 09:32:09,2829.8,110883
2021-04-30 09:32:10,2829.8,110893
2021-04-30 09:32:11,2829.0,110952
2021-04-30 09:32:12,2826.05,111361
2021-04-30 09:32:13,2825.3,111995
2021-04-30 09:32:14,2821.85,114645
2021-04-30 09:32:15,2823.9,115031
2021-04-30 09:32:16,2824.1,115032
2021-04-30 09:32:17,2824.85,115243
2021-04-30 09:32:18,2824.85,115243
2021-04-30 09:32:19,2824.85,115417
2021-04-30 09:32:20,2824.85,115418
2021-04-30 09:32:21,2824.85,115418
2021-04-30 09:32:22,2824.85,115468
2021-04-30 09:32:23,2824.85,115479
2021-04-30 09:32:24,2824.8,115519
2021-04-30 09:32:25,2824.75,115524
2021-04-30 09:32:26,2824.8,115526
2021-04-30 09:32:27,2824.85,115552
2021-04-30 09:32:28,2824.85,115552
2021-04-30 09:32:29,2823.4,115555
2021-04-30 09:32:30,2824.4,115618
2021-04-30 09:32:31,2824.75,115899
2021-04-30 09:32:32,2823.4,115959
2021-04-30 09:32:33,2824.45,115969
2021-04-30 09:32:34,2824.45,115971
2021-04-30 09:32:35,2824.45,115971
2021-04-30 09:32:36,2822.9,115991
2021-04-30 09:32:37,2824.35,116006
2021-04-30 09:32:38,2824.35,116006
2021-04-30 09:32:39,2826.7,116681
2021-04-30 09:32:40,2821.15,118178
2021-04-30 09:32:41,2820.05,120092
2021-04-30 09:32:42,2822.25,120096
2021-04-30 09:32:43,2821.5,120113
2021-04-30 09:32:44,2821.05,120128
2021-04-30 09:32:45,2822.2,120144
2021-04-30 09:32:46,2822.2,120144
2021-04-30 09:32:47,2821.5,120216
2021-04-30 09:32:48,2822.6,120396
2021-04-30 09:32:49,2822.55,120446
2021-04-30 09:32:50,2822.55,120446
2021-04-30 09:32:51,2822.55,120457
2021-04-30 09:32:52,2822.25,120509
2021-04-30 09:32:53,2822.55,120559
2021-04-30 09:32:54,2822.55,120578
2021-04-30 09:32:55,2822.55,120600
2021-04-30 09:32:56,2822.55,120600
2021-04-30 09:32:57,2823.45,120601
2021-04-30 09:32:58,2823.0,120638
2021-04-30 09:32:59,2823.0,120638
2021-04-30 09:33:00,2822.55,120647
2021-04-30 09:33:01,2822.55,120647
2021-04-30 09:33:02,2825.25,120747
2021-04-30 09:33:03,2825.25,120754
2021-04-30 09:33:04,2825.25,120754
2021-04-30 09:33:05,2825.1,120795
2021-04-30 09:33:06,2822.7,121095
2021-04-30 09:33:07,2824.65,121107
2021-04-30 09:33:08,2824.6,121135
2021-04-30 09:33:09,2824.6,121136
2021-04-30 09:33:10,2824.6,121136
2021-04-30 09:33:11,2824.6,121176
2021-04-30 09:33:12,2824.6,121234
2021-04-30 09:33:13,2825.0,121236
2021-04-30 09:33:14,2825.0,121236
2021-04-30 09:33:15,2825.2,121403
2021-04-30 09:33:16,2823.05,121443
2021-04-30 09:33:17,2824.75,121444
2021-04-30 09:33:18,2824.65,121450
2021-04-30 09:33:19,2824.5,121451
2021-04-30 09:33:20,2823.0,121510
2021-04-30 09:33:21,2822.45,122492
2021-04-30 09:33:22,2822.5,122574
2021-04-30 09:33:23,2821.0,122896
2021-04-30 09:33:24,2822.4,122973
2021-04-30 09:33:25,2821.0,122983
2021-04-30 09:33:26,2822.4,123085
2021-04-30 09:33:27,2822.4,123085
2021-04-30 09:33:28,2822.25,123088
2021-04-30 09:33:29,2821.0,123158
2021-04-30 09:33:30,2822.25,123369
2021-04-30 09:33:31,2823.75,123623
2021-04-30 09:33:32,2823.75,123623
2021-04-30 09:33:34,2823.0,123734
2021-04-30 09:33:35,2823.0,123734
2021-04-30 09:33:36,2823.0,123734
2021-04-30 09:33:37,2823.0,123734
2021-04-30 09:33:38,2823.0,123734
2021-04-30 09:33:39,2823.2,123747
2021-04-30 09:33:40,2823.25,123752
2021-04-30 09:33:41,2822.75,123910
2021-04-30 09:33:42,2822.45,123913
2021-04-30 09:33:43,2822.7,123937
2021-04-30 09:33:45,2822.65,124139
2021-04-30 09:33:46,2822.7,124151
2021-04-30 09:33:47,2822.7,124158
2021-04-30 09:33:48,2822.75,124378
2021-04-30 09:33:49,2822.75,124423
2021-04-30 09:33:50,2822.95,124772
2021-04-30 09:33:51,2822.75,124792
2021-04-30 09:33:52,2822.75,124972
2021-04-30 09:33:53,2822.4,125040
2021-04-30 09:33:54,2822.4,125040
2021-04-30 09:33:55,2822.75,125125
2021-04-30 09:33:56,2823.5,125529
2021-04-30 09:33:57,2823.65,125539
2021-04-30 09:33:58,2823.65,125539
2021-04-30 09:33:59,2823.65,125539
2021-04-30 09:34:00,2822.0,125739
2021-04-30 09:34:01,2823.45,125741
2021-04-30 09:34:02,2824.2,125947
2021-04-30 09:34:03,2822.75,125948
2021-04-30 09:34:04,2823.45,125958
2021-04-30 09:34:05,2824.5,125967
2021-04-30 09:34:06,2824.75,125969
2021-04-30 09:34:07,2823.55,125977
2021-04-30 09:34:08,2824.65,125979
2021-04-30 09:34:09,2824.65,126029
2021-04-30 09:34:10,2825.35,126250
2021-04-30 09:34:11,2825.35,126250
2021-04-30 09:34:12,2826.0,126524
2021-04-30 09:34:13,2826.0,126546
2021-04-30 09:34:14,2826.0,126546
2021-04-30 09:34:15,2823.5,126580
2021-04-30 09:34:16,2823.75,126668
2021-04-30 09:34:17,2823.75,126668
2021-04-30 09:34:18,2824.65,126670
2021-04-30 09:34:19,2824.65,126670
2021-04-30 09:34:20,2822.0,127182
2021-04-30 09:34:21,2822.0,127182
2021-04-30 09:34:22,2824.65,127262
2021-04-30 09:34:23,2824.65,127290
2021-04-30 09:34:24,2824.65,127300
2021-04-30 09:34:25,2822.3,127373
2021-04-30 09:34:26,2823.95,127383
2021-04-30 09:34:27,2823.95,127387
2021-04-30 09:34:28,2823.55,127394
2021-04-30 09:34:29,2823.55,127395
2021-04-30 09:34:31,2822.5,127416
2021-04-30 09:34:30,2822.5,127416
2021-04-30 09:34:32,2822.5,127427
2021-04-30 09:34:33,2822.0,127468
2021-04-30 09:34:34,2822.0,127542
2021-04-30 09:34:35,2822.45,127580
2021-04-30 09:34:36,2822.5,127593
2021-04-30 09:34:37,2822.5,127693
2021-04-30 09:34:38,2823.55,127698
2021-04-30 09:34:39,2824.6,127877
2021-04-30 09:34:40,2824.6,127877
2021-04-30 09:34:41,2823.35,127900
2021-04-30 09:34:42,2824.65,127901
2021-04-30 09:34:43,2823.05,127941
2021-04-30 09:34:44,2824.95,127992
2021-04-30 09:34:45,2824.95,127992
2021-04-30 09:34:46,2824.95,127996
2021-04-30 09:34:47,2824.95,127996
2021-04-30 09:34:48,2824.65,128115
2021-04-30 09:34:49,2823.5,128325
2021-04-30 09:34:50,2823.5,128325
2021-04-30 09:34:51,2823.65,128326
2021-04-30 09:34:52,2823.5,128365
2021-04-30 09:34:53,2824.3,128396
2021-04-30 09:34:54,2824.3,128396
2021-04-30 09:34:55,2824.3,128396
2021-04-30 09:34:56,2823.0,128399
2021-04-30 09:34:57,2823.5,128404
2021-04-30 09:34:58,2823.5,128406
2021-04-30 09:34:59,2823.5,128420
2021-04-30 09:35:00,2823.35,128455
2021-04-30 09:35:01,2823.35,128455
2021-04-30 09:35:02,2823.35,128455
2021-04-30 09:35:03,2824.0,128612
2021-04-30 09:35:04,2823.5,128631
2021-04-30 09:35:05,2823.05,128645
2021-04-30 09:35:06,2824.55,128680
2021-04-30 09:35:07,2823.6,128702
2021-04-30 09:35:08,2823.6,128702
2021-04-30 09:35:09,2825.0,128794
2021-04-30 09:35:10,2825.0,128794
2021-04-30 09:35:11,2824.9,128799
2021-04-30 09:35:12,2824.9,128799
2021-04-30 09:35:13,2824.9,128799
2021-04-30 09:35:14,2824.95,128815
2021-04-30 09:35:15,2824.95,128815
2021-04-30 09:35:16,2826.55,128928
2021-04-30 09:35:17,2826.55,128928
2021-04-30 09:35:18,2826.55,128928
2021-04-30 09:35:19,2826.55,128928
2021-04-30 09:35:20,2824.9,129120
2021-04-30 09:35:21,2826.5,129251
2021-04-30 09:35:22,2826.5,129251
2021-04-30 09:35:23,2826.0,129521
2021-04-30 09:35:24,2824.95,129525
2021-04-30 09:35:25,2824.75,132381
2021-04-30 09:35:26,2824.75,132381
2021-04-30 09:35:27,2823.85,132389
2021-04-30 09:35:28,2823.7,132392
2021-04-30 09:35:29,2823.75,132393
2021-04-30 09:35:30,2824.5,132394
2021-04-30 09:35:31,2824.5,132412
2021-04-30 09:35:32,2824.0,132534
2021-04-30 09:35:33,2824.45,132538
2021-04-30 09:35:34,2824.45,132538
2021-04-30 09:35:35,2824.45,132538
2021-04-30 09:35:36,2824.45,132543
2021-04-30 09:35:37,2824.45,132563
2021-04-30 09:35:38,2824.45,132568
2021-04-30 09:35:39,2824.45,132573
2021-04-30 09:35:40,2824.45,132573
2021-04-30 09:35:41,2824.45,132573
2021-04-30 09:35:42,2824.45,133111
2021-04-30 09:35:43,2824.45,133111
2021-04-30 09:35:44,2824.45,133112
2021-04-30 09:35:45,2825.55,133163
2021-04-30 09:35:46,2825.55,133163
2021-04-30 09:35:47,2825.0,133172
2021-04-30 09:35:48,2825.0,133173
2021-04-30 09:35:49,2826.0,133213
2021-04-30 09:35:50,2826.0,133223
2021-04-30 09:35:51,2827.45,133367
2021-04-30 09:35:52,2827.45,133367
2021-04-30 09:35:53,2826.65,133406
2021-04-30 09:35:54,2825.7,133421
2021-04-30 09:35:55,2827.85,133466
2021-04-30 09:35:56,2827.85,133491
2021-04-30 09:35:58,2827.85,133496
2021-04-30 09:35:59,2827.85,133506
2021-04-30 09:36:00,2827.85,133506
2021-04-30 09:36:01,2827.85,133769
2021-04-30 09:36:02,2827.85,133769
2021-04-30 09:36:03,2827.85,133769
2021-04-30 09:36:04,2827.85,133769
2021-04-30 09:36:05,2829.55,133789
2021-04-30 09:36:05,2828.95,133790
2021-04-30 09:36:06,2828.95,133790
2021-04-30 09:36:07,2826.05,134593
2021-04-30 09:36:08,2826.05,134593
2021-04-30 09:36:09,2828.75,134603
2021-04-30 09:36:10,2828.75,134603
2021-04-30 09:36:11,2828.65,134635
2021-04-30 09:36:13,2828.65,134636
2021-04-30 09:36:14,2828.65,134636
2021-04-30 09:36:15,2828.65,134636
2021-04-30 09:36:16,2828.65,134636
2021-04-30 09:36:17,2828.4,134687
2021-04-30 09:36:18,2827.15,134748
2021-04-30 09:36:19,2827.15,134748
2021-04-30 09:36:20,2827.15,134748
2021-04-30 09:36:20,2827.15,134848
2021-04-30 09:36:21,2828.35,134898
2021-04-30 09:36:22,2827.25,134912
2021-04-30 09:36:23,2827.25,134947
2021-04-30 09:36:24,2826.6,134953
2021-04-30 09:36:25,2826.6,134953
2021-04-30 09:36:26,2827.5,134999
2021-04-30 09:36:27,2828.35,135007
2021-04-30 09:36:28,2828.35,135007
2021-04-30 09:36:29,2828.35,135007
2021-04-30 09:36:30,2828.35,135007
2021-04-30 09:36:31,2829.65,135037
2021-04-30 09:36:32,2828.15,135041
2021-04-30 09:36:34,2829.2,135047
2021-04-30 09:36:35,2829.0,135056
2021-04-30 09:36:35,2829.0,135056
2021-04-30 09:36:36,2829.0,135056
2021-04-30 09:36:37,2829.75,135218
2021-04-30 09:36:38,2829.75,135218
2021-04-30 09:36:39,2829.75,135233
2021-04-30 09:36:40,2829.25,135238
2021-04-30 09:36:41,2829.55,135263
2021-04-30 09:36:43,2829.25,135323
2021-04-30 09:36:43,2829.25,135323
2021-04-30 09:36:44,2829.8,135329
2021-04-30 09:36:45,2829.8,135329
2021-04-30 09:36:46,2829.8,135329
2021-04-30 09:36:47,2831.35,135377
2021-04-30 09:36:48,2830.0,135545
2021-04-30 09:36:49,2830.0,135545
2021-04-30 09:36:50,2830.35,135633
2021-04-30 09:36:51,2830.0,135658
2021-04-30 09:36:52,2829.8,135659
2021-04-30 09:36:53,2830.0,135664
2021-04-30 09:36:54,2828.7,135679
2021-04-30 09:36:55,2830.0,135736
2021-04-30 09:36:56,2830.0,135775
2021-04-30 09:36:57,2830.15,135827
2021-04-30 09:36:58,2830.15,135827
2021-04-30 09:36:59,2830.15,135827
2021-04-30 09:37:00,2828.6,135857
2021-04-30 09:37:01,2830.0,135880
2021-04-30 09:37:02,2830.0,135904
2021-04-30 09:37:03,2830.1,135907
2021-04-30 09:37:04,2831.0,136012
2021-04-30 09:37:05,2831.0,136625
2021-04-30 09:37:06,2831.85,136991
2021-04-30 09:37:07,2830.0,137296
2021-04-30 09:37:08,2830.0,137321
2021-04-30 09:37:09,2831.0,137322
2021-04-30 09:37:10,2830.1,137328
2021-04-30 09:37:11,2831.25,137332
2021-04-30 09:37:12,2830.95,137537
2021-04-30 09:37:13,2830.3,137538
2021-04-30 09:37:14,2830.9,137747
2021-04-30 09:37:15,2830.9,137747
2021-04-30 09:37:16,2830.0,137786
2021-04-30 09:37:17,2830.0,137786
2021-04-30 09:37:18,2830.0,137786
2021-04-30 09:37:19,2830.8,137788
2021-04-30 09:37:20,2830.0,140616
2021-04-30 09:37:21,2830.0,140626
2021-04-30 09:37:22,2830.0,140926
2021-04-30 09:37:23,2830.0,140931
2021-04-30 09:37:24,2830.8,141366
2021-04-30 09:37:25,2830.8,141366
2021-04-30 09:37:26,2830.0,142383
2021-04-30 09:37:28,2830.0,142383
2021-04-30 09:37:28,2830.0,142383
2021-04-30 09:37:29,2830.5,142389
2021-04-30 09:37:30,2830.5,143101
2021-04-30 09:37:31,2830.5,143134
2021-04-30 09:37:32,2830.5,143189
2021-04-30 09:37:33,2830.5,143189
2021-04-30 09:37:34,2830.45,143191
2021-04-30 09:37:35,2830.5,143217
2021-04-30 09:37:36,2830.45,143222
2021-04-30 09:37:37,2830.05,143227
2021-04-30 09:37:38,2830.05,143227
2021-04-30 09:37:39,2830.45,143232
2021-04-30 09:37:40,2830.45,143232
2021-04-30 09:37:41,2830.45,143374
2021-04-30 09:37:42,2830.45,143376
2021-04-30 09:37:43,2830.45,143376
2021-04-30 09:37:44,2830.45,143432
2021-04-30 09:37:45,2830.45,143457
2021-04-30 09:37:46,2830.45,143457
2021-04-30 09:37:47,2830.45,143478
2021-04-30 09:37:48,2830.45,143478
2021-04-30 09:37:50,2830.45,143478
2021-04-30 09:37:50,2830.0,144076
2021-04-30 09:37:51,2830.0,144256
2021-04-30 09:37:52,2830.4,144262
2021-04-30 09:37:53,2830.0,144866
2021-04-30 09:37:54,2830.0,144866
2021-04-30 09:37:55,2830.0,144955
2021-04-30 09:37:56,2830.0,144955
2021-04-30 09:37:57,2830.4,144957
2021-04-30 09:37:58,2830.4,144957
2021-04-30 09:37:59,2830.4,144967
2021-04-30 09:38:00,2830.4,145045
2021-04-30 09:38:01,2830.4,145056
2021-04-30 09:38:02,2830.0,145061
2021-04-30 09:38:03,2830.0,145061
2021-04-30 09:38:04,2830.0,145061
2021-04-30 09:38:06,2830.35,145082
2021-04-30 09:38:06,2830.35,145082
2021-04-30 09:38:07,2830.0,145115
2021-04-30 09:38:08,2830.35,145119
2021-04-30 09:38:10,2830.0,145219
2021-04-30 09:38:10,2830.35,145249
2021-04-30 09:38:11,2830.35,145270
2021-04-30 09:38:12,2830.35,145271
2021-04-30 09:38:13,2830.75,145532
2021-04-30 09:38:15,2830.75,145532
2021-04-30 09:38:16,2830.75,145532
2021-04-30 09:38:17,2830.85,145533
2021-04-30 09:38:18,2830.85,145533
2021-04-30 09:38:19,2830.85,145581
2021-04-30 09:38:20,2830.85,145686
2021-04-30 09:38:20,2830.85,145686
2021-04-30 09:38:21,2830.85,145686
2021-04-30 09:38:22,2830.85,145689
2021-04-30 09:38:23,2830.85,145692
2021-04-30 09:38:24,2830.8,145785
2021-04-30 09:38:26,2830.95,145815
2021-04-30 09:38:27,2830.35,145840
2021-04-30 09:38:28,2830.35,145840
2021-04-30 09:38:29,2831.0,146092
2021-04-30 09:38:29,2831.0,146092
2021-04-30 09:38:30,2831.0,146092
2021-04-30 09:38:32,2831.0,146098
2021-04-30 09:38:33,2831.0,146098
2021-04-30 09:38:34,2831.0,146098
2021-04-30 09:38:35,2831.95,146138
2021-04-30 09:38:35,2831.95,146138
2021-04-30 09:38:36,2832.0,146149
2021-04-30 09:38:38,2830.85,146153
2021-04-30 09:38:39,2830.55,146168
2021-04-30 09:38:39,2830.55,146168
2021-04-30 09:38:40,2830.75,146170
2021-04-30 09:38:41,2830.75,146185
2021-04-30 09:38:42,2830.75,146185
2021-04-30 09:38:43,2830.75,146185
2021-04-30 09:38:44,2830.75,146185
2021-04-30 09:38:46,2830.75,146221
2021-04-30 09:38:46,2830.75,146221
2021-04-30 09:38:47,2830.75,146221
2021-04-30 09:38:48,2830.75,146221
2021-04-30 09:38:49,2831.85,146222
2021-04-30 09:38:51,2831.85,146228
2021-04-30 09:38:51,2831.85,146228
2021-04-30 09:38:53,2831.8,146303
2021-04-30 09:38:54,2831.8,146313
2021-04-30 09:38:54,2831.8,146313
2021-04-30 09:38:56,2830.75,146667
2021-04-30 09:38:57,2830.75,146667
2021-04-30 09:38:58,2830.75,146687
2021-04-30 09:38:59,2830.75,146687
2021-04-30 09:39:00,2831.25,146713
2021-04-30 09:39:01,2831.2,146755
2021-04-30 09:39:02,2831.2,146757
2021-04-30 09:39:03,2831.2,146757
2021-04-30 09:39:04,2831.2,146757
2021-04-30 09:39:05,2831.2,146767
2021-04-30 09:39:05,2831.2,146767
2021-04-30 09:39:06,2830.15,146769
2021-04-30 09:39:07,2831.15,146793
2021-04-30 09:39:08,2831.0,146803
2021-04-30 09:39:09,2831.15,146853
2021-04-30 09:39:10,2830.0,146971
2021-04-30 09:39:11,2830.0,148052
2021-04-30 09:39:13,2830.0,148188
2021-04-30 09:39:14,2830.0,148188
2021-04-30 09:39:15,2830.0,148292
2021-04-30 09:39:16,2830.0,148302
2021-04-30 09:39:17,2831.0,148482
2021-04-30 09:39:18,2831.0,148482
2021-04-30 09:39:19,2831.0,148482
2021-04-30 09:39:20,2830.0,148622
2021-04-30 09:39:21,2830.0,148622
2021-04-30 09:39:22,2830.0,148922
2021-04-30 09:39:23,2830.0,148952
2021-04-30 09:39:24,2830.2,149003
2021-04-30 09:39:26,2830.0,149109
2021-04-30 09:39:27,2830.0,149262
2021-04-30 09:39:28,2830.75,149283
2021-04-30 09:39:29,2830.75,149389
2021-04-30 09:39:30,2830.75,149389
2021-04-30 09:39:30,2830.75,149389
2021-04-30 09:39:31,2830.8,149419
2021-04-30 09:39:32,2830.8,149499
2021-04-30 09:39:33,2830.8,149551
2021-04-30 09:39:34,2830.25,149592
2021-04-30 09:39:35,2830.15,149673
2021-04-30 09:39:37,2830.8,149686
2021-04-30 09:39:38,2830.8,149686
2021-04-30 09:39:39,2830.15,149704
2021-04-30 09:39:40,2830.25,149714
2021-04-30 09:39:40,2830.75,149716
2021-04-30 09:39:41,2830.75,150216
2021-04-30 09:39:42,2830.05,150232
2021-04-30 09:39:43,2830.6,150265
2021-04-30 09:39:44,2830.6,150265
2021-04-30 09:39:45,2830.6,150265
2021-04-30 09:39:47,2830.6,150265
2021-04-30 09:39:48,2830.6,150265
2021-04-30 09:39:49,2830.6,150265
2021-04-30 09:39:50,2830.0,151900
2021-04-30 09:39:51,2831.9,151930
2021-04-30 09:39:52,2831.9,151930
2021-04-30 09:39:53,2830.15,151944
2021-04-30 09:39:53,2830.15,151944
2021-04-30 09:39:54,2830.15,151944
2021-04-30 09:39:55,2831.4,151949
2021-04-30 09:39:57,2831.1,151964
2021-04-30 09:39:58,2831.4,151977
2021-04-30 09:39:59,2830.6,151988
2021-04-30 09:40:00,2830.6,151988
2021-04-30 09:40:01,2830.6,151988
2021-04-30 09:40:02,2830.6,151988
2021-04-30 09:40:03,2830.6,151988
2021-04-30 09:40:04,2831.25,151993
2021-04-30 09:40:05,2831.25,152023
2021-04-30 09:40:05,2831.25,152023
2021-04-30 09:40:06,2831.25,152033
2021-04-30 09:40:07,2831.25,152085
2021-04-30 09:40:09,2830.75,152088
2021-04-30 09:40:09,2830.75,152088
2021-04-30 09:40:11,2831.2,152091
2021-04-30 09:40:11,2831.2,152091
2021-04-30 09:40:12,2830.75,152143
2021-04-30 09:40:13,2830.75,152143
2021-04-30 09:40:14,2830.75,152143
2021-04-30 09:40:15,2830.75,152143
2021-04-30 09:40:16,2830.6,152147
2021-04-30 09:40:18,2831.15,152150
2021-04-30 09:40:19,2830.75,152156
2021-04-30 09:40:20,2831.2,152161
2021-04-30 09:40:20,2831.2,152161
2021-04-30 09:40:21,2831.2,152161
2021-04-30 09:40:22,2831.2,152161
2021-04-30 09:40:23,2831.15,152162
2021-04-30 09:40:24,2830.05,152255
2021-04-30 09:40:26,2830.8,152274
2021-04-30 09:40:27,2830.8,152274
2021-04-30 09:40:28,2831.15,152324
2021-04-30 09:40:29,2831.15,152325
2021-04-30 09:40:30,2830.05,152383
2021-04-30 09:40:31,2831.15,152398
2021-04-30 09:40:32,2831.15,152398
2021-04-30 09:40:32,2831.15,152398
2021-04-30 09:40:34,2830.0,152530
2021-04-30 09:40:34,2830.0,152530
2021-04-30 09:40:36,2830.0,152530
2021-04-30 09:40:37,2830.5,152541
2021-04-30 09:40:37,2830.5,152541
2021-04-30 09:40:38,2831.0,152546
2021-04-30 09:40:40,2831.0,152546
2021-04-30 09:40:41,2830.0,155043
2021-04-30 09:40:42,2830.8,155074
2021-04-30 09:40:43,2830.0,155078
2021-04-30 09:40:44,2830.85,155083
2021-04-30 09:40:45,2830.85,155083
2021-04-30 09:40:46,2830.9,155088
2021-04-30 09:40:47,2830.9,155088
2021-04-30 09:40:48,2830.9,155188
2021-04-30 09:40:49,2830.85,155189
2021-04-30 09:40:50,2830.85,155194
2021-04-30 09:40:51,2830.85,155194
2021-04-30 09:40:52,2830.85,155199
2021-04-30 09:40:53,2830.85,155239
2021-04-30 09:40:54,2830.85,155239
2021-04-30 09:40:55,2830.1,155495
2021-04-30 09:40:56,2830.85,155515
2021-04-30 09:40:56,2830.85,155515
2021-04-30 09:40:57,2830.75,155600
2021-04-30 09:40:58,2830.85,155620
2021-04-30 09:41:00,2830.85,155620
2021-04-30 09:41:01,2830.85,155620
2021-04-30 09:41:02,2830.0,155844
2021-04-30 09:41:02,2830.0,155844
2021-04-30 09:41:03,2830.8,155845
2021-04-30 09:41:04,2830.0,155875
2021-04-30 09:41:05,2830.0,155925
2021-04-30 09:41:06,2830.0,155925
2021-04-30 09:41:07,2830.85,156137
2021-04-30 09:41:09,2830.0,156436
2021-04-30 09:41:10,2830.0,156436
2021-04-30 09:41:11,2830.0,156436
2021-04-30 09:41:12,2830.0,156436
2021-04-30 09:41:13,2830.85,156486
2021-04-30 09:41:14,2830.85,156486
2021-04-30 09:41:15,2830.85,156496
2021-04-30 09:41:16,2830.85,156496
2021-04-30 09:41:17,2830.85,156499
2021-04-30 09:41:18,2830.85,156500
2021-04-30 09:41:19,2830.85,156500
2021-04-30 09:41:20,2830.45,156501
2021-04-30 09:41:21,2830.45,156516
2021-04-30 09:41:22,2830.0,156525
2021-04-30 09:41:23,2830.4,156530
2021-04-30 09:41:24,2830.0,156535
2021-04-30 09:41:25,2830.0,157324
2021-04-30 09:41:26,2830.0,157334
2021-04-30 09:41:27,2830.0,157477
2021-04-30 09:41:28,2830.1,157784
2021-04-30 09:41:30,2830.25,157789
2021-04-30 09:41:31,2830.0,157803
2021-04-30 09:41:32,2830.15,157809
2021-04-30 09:41:33,2830.0,158155
2021-04-30 09:41:34,2830.15,158191
2021-04-30 09:41:35,2830.25,158194
2021-04-30 09:41:36,2830.25,158214
2021-04-30 09:41:37,2830.0,158342
2021-04-30 09:41:38,2830.0,158347
2021-04-30 09:41:39,2830.0,158548
2021-04-30 09:41:40,2830.25,158588
2021-04-30 09:41:41,2830.25,158588
2021-04-30 09:41:42,2830.25,158603
2021-04-30 09:41:43,2830.25,158608
2021-04-30 09:41:44,2830.25,158613
2021-04-30 09:41:45,2830.1,158616
2021-04-30 09:41:46,2830.1,158617
2021-04-30 09:41:47,2830.0,158676
2021-04-30 09:41:48,2830.0,158676
2021-04-30 09:41:49,2830.0,158676
2021-04-30 09:41:50,2830.05,158701
2021-04-30 09:41:51,2830.25,158751
2021-04-30 09:41:52,2830.25,158751
2021-04-30 09:41:53,2830.25,158755
2021-04-30 09:41:54,2830.25,158755
2021-04-30 09:41:55,2830.0,159072
2021-04-30 09:41:55,2830.2,158757
2021-04-30 09:41:57,2830.0,159072
2021-04-30 09:41:57,2830.0,159072
2021-04-30 09:41:58,2830.0,159072
2021-04-30 09:41:59,2830.0,159072
2021-04-30 09:42:01,2830.0,159212
2021-04-30 09:42:02,2830.0,159212
2021-04-30 09:42:03,2830.0,159212
2021-04-30 09:42:04,2830.15,159213
2021-04-30 09:42:05,2830.15,159213
2021-04-30 09:42:06,2830.05,159219
2021-04-30 09:42:07,2830.05,159219
2021-04-30 09:42:08,2830.0,159244
2021-04-30 09:42:08,2830.0,159349
2021-04-30 09:42:10,2830.15,159407
2021-04-30 09:42:11,2830.15,159478
2021-04-30 09:42:12,2830.15,159478
2021-04-30 09:42:12,2830.15,159478
2021-04-30 09:42:13,2830.0,159483
2021-04-30 09:42:14,2830.25,159533
2021-04-30 09:42:15,2831.0,159949
2021-04-30 09:42:16,2831.0,160043
2021-04-30 09:42:17,2831.0,160043
2021-04-30 09:42:18,2831.0,160076
2021-04-30 09:42:20,2831.5,160086
2021-04-30 09:42:21,2831.5,160086
2021-04-30 09:42:22,2831.45,160088
2021-04-30 09:42:23,2831.4,160110
2021-04-30 09:42:24,2831.4,160110
2021-04-30 09:42:25,2830.2,160115
2021-04-30 09:42:26,2830.2,160115
2021-04-30 09:42:27,2830.2,160115
2021-04-30 09:42:28,2831.0,160235
2021-04-30 09:42:29,2830.15,160240
2021-04-30 09:42:31,2830.15,160263
2021-04-30 09:42:32,2830.15,160263
2021-04-30 09:42:33,2830.85,160265
2021-04-30 09:42:34,2830.05,160277
2021-04-30 09:42:35,2830.85,160282
2021-04-30 09:42:36,2830.05,160290
2021-04-30 09:42:37,2830.05,160318
2021-04-30 09:42:38,2830.85,160320
2021-04-30 09:42:38,2830.85,160320
2021-04-30 09:42:39,2830.75,160367
2021-04-30 09:42:41,2830.75,160377
2021-04-30 09:42:41,2830.75,160511
2021-04-30 09:42:43,2830.05,160526
2021-04-30 09:42:44,2830.05,160526
2021-04-30 09:42:45,2830.05,160526
2021-04-30 09:42:46,2830.05,160526
2021-04-30 09:42:47,2830.15,160663
2021-04-30 09:42:48,2830.75,160665
2021-04-30 09:42:49,2830.75,160665
2021-04-30 09:42:50,2830.2,160679
2021-04-30 09:42:51,2830.5,160690
2021-04-30 09:42:52,2830.5,160690
2021-04-30 09:42:53,2830.5,160690
2021-04-30 09:42:54,2830.1,160705
2021-04-30 09:42:55,2830.1,160705
2021-04-30 09:42:56,2830.1,160705
2021-04-30 09:42:57,2830.05,160724
2021-04-30 09:42:58,2830.75,160829
2021-04-30 09:42:59,2830.75,160829
2021-04-30 09:43:00,2830.75,160829
2021-04-30 09:43:01,2830.75,160829
2021-04-30 09:43:02,2830.0,162225
2021-04-30 09:43:03,2830.0,162779
2021-04-30 09:43:04,2830.0,162894
2021-04-30 09:43:05,2830.0,163199
2021-04-30 09:43:06,2830.0,163299
2021-04-30 09:43:06,2830.0,163299
2021-04-30 09:43:07,2830.0,163309
2021-04-30 09:43:09,2830.0,163416
2021-04-30 09:43:09,2830.0,163491
2021-04-30 09:43:11,2830.0,163567
2021-04-30 09:43:12,2830.0,163887
2021-04-30 09:43:13,2830.0,163897
2021-04-30 09:43:14,2830.2,163898
2021-04-30 09:43:15,2830.2,163898
2021-04-30 09:43:16,2830.2,163903
2021-04-30 09:43:18,2830.2,163903
2021-04-30 09:43:19,2830.2,163903
2021-04-30 09:43:20,2830.2,163903
2021-04-30 09:43:21,2830.2,163903
2021-04-30 09:43:22,2830.0,164048
2021-04-30 09:43:23,2830.15,164050
2021-04-30 09:43:24,2830.15,164050
2021-04-30 09:43:25,2830.15,164050
2021-04-30 09:43:26,2830.0,164102
2021-04-30 09:43:27,2830.0,164102
2021-04-30 09:43:28,2830.15,164120
2021-04-30 09:43:29,2830.15,164120
2021-04-30 09:43:30,2830.85,164724
2021-04-30 09:43:31,2831.0,164729
2021-04-30 09:43:32,2831.0,164729
2021-04-30 09:43:33,2831.0,164729
2021-04-30 09:43:34,2831.0,164729
2021-04-30 09:43:35,2831.0,164739
2021-04-30 09:43:36,2831.0,164739
2021-04-30 09:43:37,2830.95,164740
2021-04-30 09:43:38,2830.95,164740
2021-04-30 09:43:40,2830.95,164827
2021-04-30 09:43:41,2830.95,164872
2021-04-30 09:43:42,2830.95,164872
2021-04-30 09:43:43,2830.95,164872
2021-04-30 09:43:44,2830.95,164872
2021-04-30 09:43:45,2830.95,164872
2021-04-30 09:43:46,2830.95,164872
2021-04-30 09:43:47,2830.2,164951
2021-04-30 09:43:48,2830.2,164951
2021-04-30 09:43:49,2830.2,164951
2021-04-30 09:43:50,2830.15,164982
2021-04-30 09:43:51,2830.9,164984
2021-04-30 09:43:52,2830.9,164994
2021-04-30 09:43:53,2830.05,165004
2021-04-30 09:43:54,2830.05,165004
2021-04-30 09:43:55,2830.9,165022
2021-04-30 09:43:56,2830.9,165023
2021-04-30 09:43:57,2830.9,165023
2021-04-30 09:43:58,2830.9,165023
2021-04-30 09:43:59,2830.9,165027
2021-04-30 09:44:00,2830.3,165037
2021-04-30 09:44:01,2830.3,165037
2021-04-30 09:44:02,2830.3,165037
2021-04-30 09:44:04,2830.9,165043
2021-04-30 09:44:05,2831.5,165589
2021-04-30 09:44:06,2831.5,165589
2021-04-30 09:44:07,2831.7,165689
2021-04-30 09:44:08,2831.7,165689
2021-04-30 09:44:09,2831.0,165694
2021-04-30 09:44:10,2831.0,165694
2021-04-30 09:44:11,2831.0,165698
2021-04-30 09:44:12,2831.7,165699
2021-04-30 09:44:13,2831.0,165738
2021-04-30 09:44:14,2831.0,165738
2021-04-30 09:44:15,2831.0,165738
2021-04-30 09:44:16,2831.0,165738
2021-04-30 09:44:17,2831.0,165743
2021-04-30 09:44:18,2832.3,165958
2021-04-30 09:44:19,2831.05,165964
2021-04-30 09:44:20,2831.0,165977
2021-04-30 09:44:21,2831.0,165977
2021-04-30 09:44:22,2831.0,165977
2021-04-30 09:44:23,2831.0,165977
2021-04-30 09:44:24,2831.65,165982
2021-04-30 09:44:25,2831.65,166007
2021-04-30 09:44:26,2831.65,166007
2021-04-30 09:44:27,2831.65,166007
2021-04-30 09:44:28,2831.65,166007
2021-04-30 09:44:29,2832.5,166112
2021-04-30 09:44:30,2832.5,166112
2021-04-30 09:44:31,2832.5,166112
2021-04-30 09:44:32,2832.5,166112
2021-04-30 09:44:32,2832.5,166112
2021-04-30 09:44:33,2831.65,166115
2021-04-30 09:44:34,2831.65,166132
2021-04-30 09:44:35,2831.75,166812
2021-04-30 09:44:36,2831.75,166812
2021-04-30 09:44:37,2831.9,166912
2021-04-30 09:44:39,2831.9,166912
2021-04-30 09:44:40,2831.9,166912
2021-04-30 09:44:41,2831.9,166912
2021-04-30 09:44:42,2831.6,166942
2021-04-30 09:44:43,2831.75,166944
2021-04-30 09:44:44,2831.75,166944
2021-04-30 09:44:45,2831.75,166964
2021-04-30 09:44:46,2831.75,166989
2021-04-30 09:44:47,2831.75,166989
2021-04-30 09:44:48,2831.75,166990
2021-04-30 09:44:49,2831.7,166991
2021-04-30 09:44:50,2831.75,167016
2021-04-30 09:44:51,2831.75,167016
2021-04-30 09:44:52,2831.7,167029
2021-04-30 09:44:53,2831.7,167029
2021-04-30 09:44:54,2831.7,167034
2021-04-30 09:44:55,2831.7,167034
2021-04-30 09:44:56,2831.9,167074
2021-04-30 09:44:57,2831.9,167074
2021-04-30 09:44:58,2831.9,167074
2021-04-30 09:44:59,2831.9,167074
2021-04-30 09:45:00,2831.9,167074
2021-04-30 09:45:01,2831.9,167074
2021-04-30 09:45:02,2831.9,167074
2021-04-30 09:45:03,2831.9,167144
2021-04-30 09:45:04,2831.9,167144
2021-04-30 09:45:05,2831.9,167144
2021-04-30 09:45:06,2831.9,167144
2021-04-30 09:45:07,2831.9,167144
2021-04-30 09:45:08,2831.7,167154
2021-04-30 09:45:09,2831.85,167155
2021-04-30 09:45:10,2831.85,167155
2021-04-30 09:45:11,2831.85,167160
2021-04-30 09:45:12,2831.85,167160
2021-04-30 09:45:13,2831.85,167160
2021-04-30 09:45:14,2831.85,167160
2021-04-30 09:45:15,2831.85,167161
2021-04-30 09:45:16,2831.85,167161
2021-04-30 09:45:17,2831.85,167168
2021-04-30 09:45:18,2831.85,167168
2021-04-30 09:45:19,2831.85,167168
2021-04-30 09:45:20,2830.15,167310
2021-04-30 09:45:22,2831.2,167315
2021-04-30 09:45:21,2831.2,167314
2021-04-30 09:45:23,2830.1,167316
2021-04-30 09:45:24,2830.1,167316
2021-04-30 09:45:25,2831.2,167392
2021-04-30 09:45:26,2831.2,167392
2021-04-30 09:45:27,2831.2,167394
2021-04-30 09:45:28,2831.2,167395
2021-04-30 09:45:29,2831.2,167395
2021-04-30 09:45:30,2831.2,167395
2021-04-30 09:45:31,2831.2,167400
2021-04-30 09:45:32,2831.2,167405
2021-04-30 09:45:33,2831.25,167407
2021-04-30 09:45:34,2830.25,167429
2021-04-30 09:45:35,2830.25,167429
2021-04-30 09:45:36,2830.25,167429
2021-04-30 09:45:37,2830.25,167429
2021-04-30 09:45:38,2831.15,167432
2021-04-30 09:45:39,2831.15,167432
2021-04-30 09:45:40,2831.15,167451
2021-04-30 09:45:41,2831.15,167451
2021-04-30 09:45:42,2831.15,167451
2021-04-30 09:45:43,2831.15,167451
2021-04-30 09:45:44,2831.15,167451
2021-04-30 09:45:45,2831.0,167452
2021-04-30 09:45:46,2831.0,167452
2021-04-30 09:45:47,2831.1,167458
2021-04-30 09:45:48,2831.05,167459
2021-04-30 09:45:49,2831.1,167469
2021-04-30 09:45:50,2831.1,167474
2021-04-30 09:45:51,2830.45,167478
2021-04-30 09:45:52,2831.1,167484
2021-04-30 09:45:53,2830.45,167486
2021-04-30 09:45:54,2831.0,167496
2021-04-30 09:45:55,2831.0,167496
2021-04-30 09:45:56,2831.0,167546
2021-04-30 09:45:57,2831.0,167811
2021-04-30 09:45:58,2831.0,167811
2021-04-30 09:45:59,2831.0,167811
2021-04-30 09:46:00,2830.2,167846
2021-04-30 09:46:01,2830.2,167846
2021-04-30 09:46:02,2830.2,167846
2021-04-30 09:46:03,2829.35,169810
2021-04-30 09:46:04,2829.35,169810
2021-04-30 09:46:05,2829.35,169810
2021-04-30 09:46:06,2829.35,169810
2021-04-30 09:46:07,2829.35,169810
2021-04-30 09:46:08,2829.35,169810
2021-04-30 09:46:09,2830.65,169818
2021-04-30 09:46:10,2830.65,169830
2021-04-30 09:46:11,2830.0,170959
2021-04-30 09:46:12,2830.0,172102
2021-04-30 09:46:13,2830.0,172259
2021-04-30 09:46:14,2830.05,173093
2021-04-30 09:46:15,2830.05,173093
2021-04-30 09:46:16,2830.05,173093
2021-04-30 09:46:17,2830.05,173093
2021-04-30 09:46:18,2830.05,173093
2021-04-30 09:46:19,2830.05,173094
2021-04-30 09:46:20,2830.05,173338
2021-04-30 09:46:21,2830.05,173823
2021-04-30 09:46:22,2830.0,174135
2021-04-30 09:46:23,2830.0,174597
2021-04-30 09:46:24,2830.0,174602
2021-04-30 09:46:25,2830.0,174602
2021-04-30 09:46:26,2830.0,174602
2021-04-30 09:46:27,2830.0,174602
2021-04-30 09:46:28,2830.0,174602
2021-04-30 09:46:29,2830.05,174613
2021-04-30 09:46:30,2830.05,174613
2021-04-30 09:46:31,2830.0,174866
2021-04-30 09:46:32,2830.0,174866
2021-04-30 09:46:34,2830.0,174868
2021-04-30 09:46:35,2830.0,174868
2021-04-30 09:46:36,2830.0,174868
2021-04-30 09:46:37,2830.05,175201
2021-04-30 09:46:38,2830.05,175231
2021-04-30 09:46:39,2830.0,175261
2021-04-30 09:46:40,2830.05,175266
2021-04-30 09:46:41,2830.05,175300
2021-04-30 09:46:42,2830.05,175305
2021-04-30 09:46:43,2830.05,175305
2021-04-30 09:46:44,2830.05,175305
2021-04-30 09:46:45,2830.05,175305
2021-04-30 09:46:46,2830.05,175327
2021-04-30 09:46:47,2830.0,175357
2021-04-30 09:46:48,2830.0,175694
2021-04-30 09:46:49,2830.0,175694
2021-04-30 09:46:50,2830.0,175694
2021-04-30 09:46:51,2830.05,175698
2021-04-30 09:46:52,2830.0,175706
2021-04-30 09:46:53,2830.0,175706
2021-04-30 09:46:54,2830.0,175706
2021-04-30 09:46:55,2830.05,175711
2021-04-30 09:46:56,2829.0,175971
2021-04-30 09:46:57,2829.0,175971
2021-04-30 09:46:58,2830.05,175972
2021-04-30 09:46:59,2830.05,175972
2021-04-30 09:47:00,2830.05,176002
2021-04-30 09:47:01,2830.05,176002
2021-04-30 09:47:02,2830.05,176003
2021-04-30 09:47:03,2830.0,176006
2021-04-30 09:47:04,2830.15,176666
2021-04-30 09:47:05,2830.05,176671
2021-04-30 09:47:06,2830.5,176735
2021-04-30 09:47:07,2830.3,176753
2021-04-30 09:47:08,2830.3,176773
2021-04-30 09:47:09,2830.3,176773
2021-04-30 09:47:10,2830.3,176773
2021-04-30 09:47:11,2831.15,176777
2021-04-30 09:47:12,2831.15,176777
2021-04-30 09:47:13,2830.85,176779
2021-04-30 09:47:14,2832.0,176780
2021-04-30 09:47:15,2832.0,176780
2021-04-30 09:47:16,2832.0,176780
2021-04-30 09:47:17,2832.0,176780
2021-04-30 09:47:18,2832.0,176780
2021-04-30 09:47:19,2831.8,176786
2021-04-30 09:47:20,2831.8,176786
2021-04-30 09:47:21,2831.8,176792
2021-04-30 09:47:22,2831.8,176792
2021-04-30 09:47:23,2832.0,176802
2021-04-30 09:47:24,2832.0,176982
2021-04-30 09:47:25,2832.0,176982
2021-04-30 09:47:26,2832.0,176982
2021-04-30 09:47:27,2832.0,177052
2021-04-30 09:47:28,2831.85,177351
2021-04-30 09:47:29,2831.9,177361
2021-04-30 09:47:30,2831.9,177361
2021-04-30 09:47:31,2830.25,177369
2021-04-30 09:47:32,2832.2,178482
2021-04-30 09:47:33,2835.0,181534
2021-04-30 09:47:34,2835.0,181960
2021-04-30 09:47:35,2835.05,183286
2021-04-30 09:47:36,2836.0,183287
2021-04-30 09:47:37,2836.0,183287
2021-04-30 09:47:38,2836.0,183287
2021-04-30 09:47:39,2835.9,183424
2021-04-30 09:47:40,2835.95,183434
2021-04-30 09:47:41,2835.95,183434
2021-04-30 09:47:42,2835.85,183439
2021-04-30 09:47:43,2835.85,183439
2021-04-30 09:47:44,2835.0,183442
2021-04-30 09:47:45,2835.85,183446
2021-04-30 09:47:46,2840.7,189067
2021-04-30 09:47:47,2840.0,189166
2021-04-30 09:47:48,2840.75,189168
2021-04-30 09:47:49,2840.05,189170
2021-04-30 09:47:50,2840.05,189180
2021-04-30 09:47:52,2840.75,189310
2021-04-30 09:47:51,2840.75,189309
2021-04-30 09:47:53,2840.75,189837
2021-04-30 09:47:54,2840.0,189946
2021-04-30 09:47:55,2840.0,189946
2021-04-30 09:47:56,2840.6,189962
2021-04-30 09:47:57,2840.65,189972
2021-04-30 09:47:58,2840.0,189975
2021-04-30 09:47:59,2840.0,189988
2021-04-30 09:48:00,2840.6,190158
2021-04-30 09:48:01,2840.6,190159
2021-04-30 09:48:02,2840.0,190239
2021-04-30 09:48:03,2840.0,190239
2021-04-30 09:48:04,2840.6,190419
2021-04-30 09:48:05,2840.0,190424
2021-04-30 09:48:06,2840.6,190739
2021-04-30 09:48:07,2840.0,190828
2021-04-30 09:48:08,2840.0,190833
2021-04-30 09:48:09,2840.0,190833
2021-04-30 09:48:10,2840.0,190883
2021-04-30 09:48:11,2840.6,190983
2021-04-30 09:48:12,2840.0,190984
2021-04-30 09:48:13,2840.6,191002
2021-04-30 09:48:14,2840.0,191052
2021-04-30 09:48:15,2840.0,191052
2021-04-30 09:48:16,2840.0,191227
2021-04-30 09:48:17,2840.0,191227
2021-04-30 09:48:18,2840.0,191227
2021-04-30 09:48:19,2840.6,191262
2021-04-30 09:48:20,2840.6,191265
2021-04-30 09:48:21,2840.0,191889
2021-04-30 09:48:22,2838.45,191891
2021-04-30 09:48:23,2838.45,191891
2021-04-30 09:48:24,2838.45,191891
2021-04-30 09:48:25,2838.45,191891
2021-04-30 09:48:26,2838.6,192018
2021-04-30 09:48:27,2838.6,192018
2021-04-30 09:48:28,2838.6,192025
2021-04-30 09:48:29,2838.8,192040
2021-04-30 09:48:31,2837.95,192149
2021-04-30 09:48:31,2838.2,192223
2021-04-30 09:48:32,2838.2,192223
2021-04-30 09:48:33,2838.2,192223
2021-04-30 09:48:34,2840.0,193254
2021-04-30 09:48:35,2838.45,193258
2021-04-30 09:48:36,2838.45,193258
2021-04-30 09:48:37,2838.45,193258
2021-04-30 09:48:38,2839.85,193358
2021-04-30 09:48:39,2837.55,193363
2021-04-30 09:48:40,2837.55,193363
2021-04-30 09:48:41,2838.75,193375
2021-04-30 09:48:42,2837.4,193377
2021-04-30 09:48:43,2837.4,193377
2021-04-30 09:48:44,2837.4,193377
2021-04-30 09:48:45,2836.5,193411
2021-04-30 09:48:46,2838.55,193441
2021-04-30 09:48:47,2838.55,193441
2021-04-30 09:48:48,2838.55,193441
2021-04-30 09:48:49,2836.5,193452
2021-04-30 09:48:50,2837.4,193629
2021-04-30 09:48:51,2835.6,193633
2021-04-30 09:48:52,2835.6,193633
2021-04-30 09:48:53,2835.4,193666
2021-04-30 09:48:54,2835.4,193666
2021-04-30 09:48:55,2835.4,193666
2021-04-30 09:48:56,2835.4,193666
2021-04-30 09:48:57,2835.4,193666
2021-04-30 09:48:58,2835.65,193679
2021-04-30 09:48:59,2835.65,193679
2021-04-30 09:49:00,2835.65,193679
2021-04-30 09:49:01,2836.2,193868
2021-04-30 09:49:03,2835.35,194068
2021-04-30 09:49:04,2836.9,194248
2021-04-30 09:49:05,2836.9,194248
2021-04-30 09:49:06,2838.0,194265
2021-04-30 09:49:07,2837.85,194346
2021-04-30 09:49:08,2838.6,194348
2021-04-30 09:49:09,2837.9,194384
2021-04-30 09:49:10,2838.6,194394
2021-04-30 09:49:10,2838.6,194394
2021-04-30 09:49:11,2837.6,194409
2021-04-30 09:49:12,2838.0,194415
2021-04-30 09:49:13,2836.25,194416
2021-04-30 09:49:15,2836.25,194416
2021-04-30 09:49:16,2836.25,194416
2021-04-30 09:49:17,2836.25,194416
2021-04-30 09:49:18,2836.05,194460
2021-04-30 09:49:19,2835.0,194798
2021-04-30 09:49:20,2836.0,194998
2021-04-30 09:49:21,2836.65,195003
2021-04-30 09:49:21,2836.65,195003
2021-04-30 09:49:22,2836.65,195003
2021-04-30 09:49:23,2836.65,195003
2021-04-30 09:49:24,2836.65,195003
2021-04-30 09:49:25,2836.65,195003
2021-04-30 09:49:26,2836.8,195127
2021-04-30 09:49:27,2836.5,195130
2021-04-30 09:49:28,2835.75,195156
2021-04-30 09:49:29,2835.75,195156
2021-04-30 09:49:30,2835.75,195156
2021-04-30 09:49:32,2835.75,195156
2021-04-30 09:49:33,2835.75,195156
2021-04-30 09:49:34,2835.75,195156
2021-04-30 09:49:34,2835.65,195203
2021-04-30 09:49:35,2835.65,195203
2021-04-30 09:49:36,2836.45,195208
2021-04-30 09:49:37,2836.45,195208
2021-04-30 09:49:38,2836.0,195256
2021-04-30 09:49:40,2836.45,195286
2021-04-30 09:49:41,2836.45,195286
2021-04-30 09:49:42,2836.45,195286
2021-04-30 09:49:43,2836.0,195386
2021-04-30 09:49:44,2836.0,195514
2021-04-30 09:49:45,2835.75,195604
2021-04-30 09:49:46,2835.75,195604
2021-04-30 09:49:47,2836.35,195643
2021-04-30 09:49:48,2836.35,195643
2021-04-30 09:49:50,2835.7,195654
2021-04-30 09:49:51,2835.7,195654
2021-04-30 09:49:52,2836.0,195656
2021-04-30 09:49:53,2836.0,195673
2021-04-30 09:49:53,2836.0,195674
2021-04-30 09:49:55,2835.7,195675
2021-04-30 09:49:56,2836.0,195686
2021-04-30 09:49:57,2836.05,195687
2021-04-30 09:49:58,2835.75,195692
2021-04-30 09:49:58,2836.05,195698
2021-04-30 09:50:00,2836.1,195807
2021-04-30 09:50:01,2836.1,195807
2021-04-30 09:50:02,2836.1,195820
2021-04-30 09:50:03,2835.8,195876
2021-04-30 09:50:04,2836.15,196045
2021-04-30 09:50:04,2835.8,196044
2021-04-30 09:50:05,2836.15,196045
2021-04-30 09:50:06,2836.15,196045
2021-04-30 09:50:08,2836.0,196050
2021-04-30 09:50:09,2836.0,196050
2021-04-30 09:50:10,2836.0,196056
2021-04-30 09:50:11,2836.0,196056
2021-04-30 09:50:13,2836.0,196075
2021-04-30 09:50:14,2836.0,196075
2021-04-30 09:50:15,2836.0,196075
2021-04-30 09:50:16,2836.35,196475
2021-04-30 09:50:17,2836.0,196480
2021-04-30 09:50:18,2836.0,196518
2021-04-30 09:50:19,2836.0,196518
2021-04-30 09:50:20,2836.0,196518
2021-04-30 09:50:21,2836.0,196518
2021-04-30 09:50:23,2836.45,196524
2021-04-30 09:50:24,2836.45,196524
2021-04-30 09:50:25,2836.45,196524
2021-04-30 09:50:25,2836.45,196524
2021-04-30 09:50:27,2836.45,196524
2021-04-30 09:50:28,2836.45,196524
2021-04-30 09:50:29,2836.45,196525
2021-04-30 09:50:30,2836.05,196575
2021-04-30 09:50:31,2837.0,196595
2021-04-30 09:50:32,2837.0,196612
2021-04-30 09:50:33,2837.2,196620
2021-04-30 09:50:34,2837.2,196620
2021-04-30 09:50:35,2837.2,196620
2021-04-30 09:50:36,2837.25,196625
2021-04-30 09:50:37,2837.25,196629
2021-04-30 09:50:38,2837.25,196629
2021-04-30 09:50:39,2837.25,196629
2021-04-30 09:50:40,2837.25,196660
2021-04-30 09:50:41,2838.0,196665
2021-04-30 09:50:42,2838.0,196665
2021-04-30 09:50:43,2838.0,196665
2021-04-30 09:50:44,2838.0,196942
2021-04-30 09:50:45,2837.95,196947
2021-04-30 09:50:46,2837.95,196947
2021-04-30 09:50:48,2837.95,196949
2021-04-30 09:50:47,2837.95,196949
2021-04-30 09:50:49,2837.95,196949
2021-04-30 09:50:50,2837.95,196949
2021-04-30 09:50:51,2837.9,196959
2021-04-30 09:50:52,2837.9,196959
2021-04-30 09:50:53,2837.3,197001
2021-04-30 09:50:54,2837.9,197133
2021-04-30 09:50:55,2837.9,197133
2021-04-30 09:50:56,2838.2,197161
2021-04-30 09:50:57,2837.05,197231
2021-04-30 09:50:58,2837.95,197298
2021-04-30 09:50:59,2837.95,197298
2021-04-30 09:51:00,2839.45,197348
2021-04-30 09:51:01,2839.45,197348
2021-04-30 09:51:02,2839.75,197398
2021-04-30 09:51:03,2839.75,197398
2021-04-30 09:51:04,2839.75,197398
2021-04-30 09:51:05,2839.75,197398
2021-04-30 09:51:06,2839.75,197398
2021-04-30 09:51:07,2839.75,197398
2021-04-30 09:51:09,2839.5,197811
2021-04-30 09:51:10,2839.5,197811
2021-04-30 09:51:10,2839.5,197898
2021-04-30 09:51:11,2839.5,197898
2021-04-30 09:51:12,2839.25,197948
2021-04-30 09:51:13,2839.25,197948
2021-04-30 09:51:14,2839.25,197948
2021-04-30 09:51:16,2839.5,197998
2021-04-30 09:51:16,2839.5,197998
2021-04-30 09:51:17,2839.5,197998
2021-04-30 09:51:18,2839.5,197998
2021-04-30 09:51:19,2838.9,198022
2021-04-30 09:51:21,2839.15,198058
2021-04-30 09:51:22,2839.9,198158
2021-04-30 09:51:23,2839.9,198158
2021-04-30 09:51:24,2839.15,198160
2021-04-30 09:51:24,2839.15,198160
2021-04-30 09:51:25,2839.1,198168
2021-04-30 09:51:26,2839.0,198188
2021-04-30 09:51:27,2839.1,198258
2021-04-30 09:51:28,2839.15,198288
2021-04-30 09:51:30,2839.15,198288
2021-04-30 09:51:31,2837.35,198297
2021-04-30 09:51:31,2837.35,198297
2021-04-30 09:51:32,2837.35,198297
2021-04-30 09:51:33,2837.35,198297
2021-04-30 09:51:34,2839.15,198399
2021-04-30 09:51:36,2839.15,198399
2021-04-30 09:51:37,2839.15,198399
2021-04-30 09:51:37,2839.15,198399
2021-04-30 09:51:38,2837.4,198401
2021-04-30 09:51:39,2837.4,198401
2021-04-30 09:51:40,2837.4,198401
2021-04-30 09:51:41,2836.9,198601
2021-04-30 09:51:42,2838.0,198665
2021-04-30 09:51:44,2838.0,198667
2021-04-30 09:51:46,2838.0,198884
2021-04-30 09:51:47,2838.0,198884
2021-04-30 09:51:48,2838.0,198884
2021-04-30 09:51:49,2838.7,198935
2021-04-30 09:51:50,2838.7,198935
2021-04-30 09:51:51,2838.65,198988
2021-04-30 09:51:52,2837.6,199008
2021-04-30 09:51:53,2838.95,199009
2021-04-30 09:51:54,2839.15,199039
2021-04-30 09:51:55,2839.0,199044
2021-04-30 09:51:56,2839.15,199099
2021-04-30 09:51:57,2838.1,199235
2021-04-30 09:51:58,2838.1,199235
2021-04-30 09:51:59,2839.15,199237
2021-04-30 09:52:00,2838.75,199347
2021-04-30 09:52:00,2838.75,199347
2021-04-30 09:52:01,2838.75,199347
2021-04-30 09:52:02,2838.75,199347
2021-04-30 09:52:04,2838.45,199397
2021-04-30 09:52:05,2838.45,199397
2021-04-30 09:52:06,2840.0,199417
2021-04-30 09:52:07,2840.0,199420
2021-04-30 09:52:07,2840.0,199420
2021-04-30 09:52:09,2840.0,199420
2021-04-30 09:52:10,2838.8,199422
2021-04-30 09:52:11,2840.0,199472
2021-04-30 09:52:12,2840.0,199472
2021-04-30 09:52:13,2840.0,199482
2021-04-30 09:52:14,2840.0,199485
2021-04-30 09:52:15,2838.8,199587
2021-04-30 09:52:15,2838.8,199702
2021-04-30 09:52:17,2839.95,199802
2021-04-30 09:52:18,2839.95,199802
2021-04-30 09:52:19,2838.8,199832
2021-04-30 09:52:20,2838.8,199832
2021-04-30 09:52:21,2838.8,199832
2021-04-30 09:52:21,2838.8,199832
2021-04-30 09:52:23,2838.8,199832
2021-04-30 09:52:24,2838.8,199832
2021-04-30 09:52:24,2838.8,199832
2021-04-30 09:52:26,2838.8,199858
2021-04-30 09:52:27,2838.8,199863
2021-04-30 09:52:28,2838.8,199863
2021-04-30 09:52:29,2838.8,199868
2021-04-30 09:52:30,2838.8,199868
2021-04-30 09:52:31,2838.8,199868
2021-04-30 09:52:32,2838.8,199903
2021-04-30 09:52:33,2837.6,200034
2021-04-30 09:52:33,2837.6,200034
2021-04-30 09:52:35,2837.6,200035
2021-04-30 09:52:35,2837.6,200035
2021-04-30 09:52:36,2837.6,200035
2021-04-30 09:52:37,2838.75,200045
2021-04-30 09:52:38,2836.75,200228
2021-04-30 09:52:39,2836.75,200228
2021-04-30 09:52:41,2835.65,200557
2021-04-30 09:52:42,2835.65,200557
2021-04-30 09:52:44,2835.05,200584
2021-04-30 09:52:45,2835.05,200584
2021-04-30 09:52:46,2835.05,200584
2021-04-30 09:52:47,2836.15,200585
2021-04-30 09:52:47,2836.15,200585
2021-04-30 09:52:48,2836.15,200585
2021-04-30 09:52:50,2836.15,200585
2021-04-30 09:52:51,2835.0,200685
2021-04-30 09:52:51,2835.0,200874
2021-04-30 09:52:52,2833.35,200967
2021-04-30 09:52:53,2833.95,201077
2021-04-30 09:52:54,2833.95,201234
2021-04-30 09:52:56,2832.45,201239
2021-04-30 09:52:56,2832.45,201239
2021-04-30 09:52:58,2832.45,201239
2021-04-30 09:52:58,2832.45,201239
2021-04-30 09:52:59,2832.45,201239
2021-04-30 09:53:00,2832.3,201274
2021-04-30 09:53:02,2832.3,201281
2021-04-30 09:53:02,2833.75,201331
2021-04-30 09:53:04,2832.25,201411
2021-04-30 09:53:05,2833.6,201426
2021-04-30 09:53:05,2833.6,201426
2021-04-30 09:53:07,2832.15,201438
2021-04-30 09:53:08,2833.55,201460
2021-04-30 09:53:09,2833.55,201460
2021-04-30 09:53:10,2833.55,201462
2021-04-30 09:53:11,2831.55,201694
2021-04-30 09:53:12,2831.55,201694
2021-04-30 09:53:15,2832.3,201788
2021-04-30 09:53:16,2832.3,201788
2021-04-30 09:53:17,2833.2,201803
2021-04-30 09:53:18,2833.55,201834
2021-04-30 09:53:19,2833.55,201834
2021-04-30 09:53:20,2833.55,201834
2021-04-30 09:53:21,2832.6,201844
2021-04-30 09:53:23,2833.55,201864
2021-04-30 09:53:24,2833.55,201864
2021-04-30 09:53:25,2833.0,201865
2021-04-30 09:53:26,2831.4,202165
2021-04-30 09:53:27,2831.4,202165
2021-04-30 09:53:29,2831.4,202165
2021-04-30 09:53:30,2833.2,202265
2021-04-30 09:53:31,2833.2,202265
2021-04-30 09:53:32,2832.95,202266
2021-04-30 09:53:33,2832.95,202266
2021-04-30 09:53:34,2833.55,202268
2021-04-30 09:53:35,2833.55,202269
2021-04-30 09:53:36,2833.0,202274
2021-04-30 09:53:37,2833.0,202274
2021-04-30 09:53:38,2833.0,202274
2021-04-30 09:53:39,2832.0,202280
2021-04-30 09:53:40,2832.0,202280
2021-04-30 09:53:41,2832.0,202280
2021-04-30 09:53:42,2832.0,202280
2021-04-30 09:53:43,2833.45,202301
2021-04-30 09:53:44,2833.45,202301
2021-04-30 09:53:45,2833.45,202301
2021-04-30 09:53:46,2833.45,202301
2021-04-30 09:53:47,2833.45,202301
2021-04-30 09:53:48,2833.45,202301
2021-04-30 09:53:49,2833.45,202301
2021-04-30 09:53:50,2833.4,202302
2021-04-30 09:53:51,2833.4,202304
2021-04-30 09:53:52,2833.4,202304
2021-04-30 09:53:53,2833.4,202304
2021-04-30 09:53:54,2833.4,202304
2021-04-30 09:53:54,2833.4,202304
2021-04-30 09:53:55,2833.4,202304
2021-04-30 09:53:56,2833.35,202308
2021-04-30 09:53:57,2833.35,202313
2021-04-30 09:53:59,2831.2,202373
2021-04-30 09:54:00,2831.2,202373
2021-04-30 09:54:01,2832.0,202505
2021-04-30 09:54:02,2832.9,202556
2021-04-30 09:54:03,2832.9,202556
2021-04-30 09:54:04,2832.9,202556
2021-04-30 09:54:05,2832.9,202556
2021-04-30 09:54:06,2832.9,202561
2021-04-30 09:54:07,2832.9,202561
2021-04-30 09:54:08,2832.85,202562
2021-04-30 09:54:09,2832.85,202562
2021-04-30 09:54:10,2832.85,202573
2021-04-30 09:54:11,2832.85,202573
2021-04-30 09:54:11,2832.85,202573
2021-04-30 09:54:13,2832.85,202578
2021-04-30 09:54:14,2832.85,202578
2021-04-30 09:54:15,2832.9,202593
2021-04-30 09:54:16,2832.9,202593
2021-04-30 09:54:17,2833.4,202595
2021-04-30 09:54:18,2833.4,202595
2021-04-30 09:54:18,2833.4,202595
2021-04-30 09:54:19,2833.4,202606
2021-04-30 09:54:20,2833.4,202606
2021-04-30 09:54:22,2833.55,202616
2021-04-30 09:54:23,2833.55,202616
2021-04-30 09:54:24,2834.0,202759
2021-04-30 09:54:26,2833.95,203476
2021-04-30 09:54:25,2834.25,203330
2021-04-30 09:54:27,2834.1,203576
2021-04-30 09:54:28,2834.1,203576
2021-04-30 09:54:29,2834.1,203576
2021-04-30 09:54:30,2834.1,203576
2021-04-30 09:54:31,2834.1,203576
2021-04-30 09:54:32,2834.1,203576
2021-04-30 09:54:33,2833.5,204001
2021-04-30 09:54:34,2833.5,204001
2021-04-30 09:54:35,2833.5,204001
2021-04-30 09:54:36,2833.5,204001
2021-04-30 09:54:37,2833.5,204001
2021-04-30 09:54:38,2835.9,204158
2021-04-30 09:54:39,2836.1,204162
2021-04-30 09:54:40,2836.0,204172
2021-04-30 09:54:41,2837.0,204222
2021-04-30 09:54:42,2836.2,204232
2021-04-30 09:54:43,2837.0,204247
2021-04-30 09:54:44,2837.0,204247
2021-04-30 09:54:45,2837.0,204247
2021-04-30 09:54:46,2837.0,204247
2021-04-30 09:54:47,2837.0,204247
2021-04-30 09:54:48,2838.0,204447
2021-04-30 09:54:49,2837.0,204460
2021-04-30 09:54:51,2836.95,204465
2021-04-30 09:54:52,2836.95,204465
2021-04-30 09:54:53,2836.95,204465
2021-04-30 09:54:54,2836.95,204465
2021-04-30 09:54:55,2836.95,204467
2021-04-30 09:54:56,2836.95,204470
2021-04-30 09:54:57,2836.55,204475
2021-04-30 09:54:58,2836.35,204519
2021-04-30 09:54:59,2836.35,204519
2021-04-30 09:55:00,2836.35,204519
2021-04-30 09:55:01,2836.95,204521
2021-04-30 09:55:02,2836.95,204521
2021-04-30 09:55:02,2836.0,205146
2021-04-30 09:55:03,2836.0,205146
2021-04-30 09:55:04,2836.95,205156
2021-04-30 09:55:06,2836.9,205171
2021-04-30 09:55:07,2836.9,205171
2021-04-30 09:55:08,2836.9,205171
2021-04-30 09:55:09,2836.9,205171
2021-04-30 09:55:10,2836.9,205172
2021-04-30 09:55:11,2836.9,205222
2021-04-30 09:55:12,2836.9,205222
2021-04-30 09:55:13,2836.9,205222
2021-04-30 09:55:14,2836.9,205223
2021-04-30 09:55:15,2836.9,205223
2021-04-30 09:55:16,2836.9,205238
2021-04-30 09:55:17,2837.8,205439
2021-04-30 09:55:18,2837.0,205440
2021-04-30 09:55:19,2837.0,205440
2021-04-30 09:55:21,2836.2,205863
2021-04-30 09:55:22,2836.2,205863
2021-04-30 09:55:23,2836.0,205864
2021-04-30 09:55:24,2836.0,206059
2021-04-30 09:55:25,2836.0,206059
2021-04-30 09:55:26,2835.0,206117
2021-04-30 09:55:27,2835.0,206117
2021-04-30 09:55:28,2835.0,206117
2021-04-30 09:55:29,2835.0,206117
2021-04-30 09:55:30,2835.0,206117
2021-04-30 09:55:31,2835.0,206117
2021-04-30 09:55:32,2835.0,206117
2021-04-30 09:55:33,2835.9,206198
2021-04-30 09:55:34,2836.7,206302
2021-04-30 09:55:35,2836.0,206322
2021-04-30 09:55:36,2836.0,206322
2021-04-30 09:55:37,2836.0,206322
2021-04-30 09:55:38,2835.1,206372
2021-04-30 09:55:39,2835.9,206377
2021-04-30 09:55:40,2835.9,206377
2021-04-30 09:55:41,2835.9,206377
2021-04-30 09:55:42,2836.95,206482
2021-04-30 09:55:43,2835.0,207024
2021-04-30 09:55:44,2835.0,207024
2021-04-30 09:55:45,2835.0,207024
2021-04-30 09:55:46,2835.0,207024
2021-04-30 09:55:47,2835.0,207024
2021-04-30 09:55:48,2835.7,207049
2021-04-30 09:55:49,2835.0,207051
2021-04-30 09:55:50,2835.0,207053
2021-04-30 09:55:51,2835.0,207065
2021-04-30 09:55:52,2835.0,207065
2021-04-30 09:55:53,2835.0,207065
2021-04-30 09:55:54,2835.0,207065
2021-04-30 09:55:55,2835.0,207065
2021-04-30 09:55:56,2835.0,207065
2021-04-30 09:55:57,2835.0,207065
2021-04-30 09:55:59,2835.0,207075
2021-04-30 09:56:00,2835.0,207075
2021-04-30 09:56:01,2835.0,207075
2021-04-30 09:56:02,2835.0,207075
2021-04-30 09:56:03,2835.0,207075
2021-04-30 09:56:04,2835.0,207075
2021-04-30 09:56:05,2835.0,207075
2021-04-30 09:56:06,2835.0,207075
2021-04-30 09:56:07,2835.0,207075
2021-04-30 09:56:08,2835.0,207075
2021-04-30 09:56:09,2835.0,207131
2021-04-30 09:56:10,2835.0,207131
2021-04-30 09:56:11,2834.0,207138
2021-04-30 09:56:12,2835.0,207158
2021-04-30 09:56:13,2835.0,207158
2021-04-30 09:56:14,2835.0,207158
2021-04-30 09:56:15,2834.95,207168
2021-04-30 09:56:16,2834.95,207178
2021-04-30 09:56:17,2834.95,207178
2021-04-30 09:56:18,2834.95,207178
2021-04-30 09:56:19,2834.95,207178
2021-04-30 09:56:20,2834.95,207178
2021-04-30 09:56:21,2834.95,207178
2021-04-30 09:56:22,2834.95,207178
2021-04-30 09:56:23,2833.25,207232
2021-04-30 09:56:24,2834.45,207242
2021-04-30 09:56:25,2834.6,207243
2021-04-30 09:56:26,2833.2,207245
2021-04-30 09:56:27,2833.2,207245
2021-04-30 09:56:28,2833.2,207245
2021-04-30 09:56:29,2834.6,207249
2021-04-30 09:56:30,2834.6,207249
2021-04-30 09:56:31,2834.0,207496
2021-04-30 09:56:32,2833.95,207497
2021-04-30 09:56:33,2833.95,207497
2021-04-30 09:56:34,2833.95,207497
2021-04-30 09:56:35,2833.95,207497
2021-04-30 09:56:36,2833.95,207497
2021-04-30 09:56:37,2832.5,207534
2021-04-30 09:56:38,2832.5,207534
2021-04-30 09:56:39,2832.5,207534
2021-04-30 09:56:40,2832.5,207534
2021-04-30 09:56:41,2832.6,207536
2021-04-30 09:56:42,2832.6,207536
2021-04-30 09:56:43,2833.85,207548
2021-04-30 09:56:44,2833.85,207548
2021-04-30 09:56:45,2832.1,207607
2021-04-30 09:56:46,2833.0,207707
2021-04-30 09:56:47,2832.05,207708
2021-04-30 09:56:48,2832.05,207708
2021-04-30 09:56:49,2832.05,207708
2021-04-30 09:56:50,2832.05,207708
2021-04-30 09:56:51,2832.05,207708
2021-04-30 09:56:52,2832.5,207709
2021-04-30 09:56:53,2833.4,207711
2021-04-30 09:56:54,2833.4,207711
2021-04-30 09:56:55,2833.4,207761
2021-04-30 09:56:56,2832.5,207762
2021-04-30 09:56:57,2832.5,207762
2021-04-30 09:56:58,2833.4,207763
2021-04-30 09:57:00,2832.5,207798
2021-04-30 09:56:59,2833.4,207763
2021-04-30 09:57:01,2834.15,208135
2021-04-30 09:57:02,2834.25,208189
2021-04-30 09:57:03,2834.25,208189
2021-04-30 09:57:04,2834.25,208189
2021-04-30 09:57:05,2834.25,208189
2021-04-30 09:57:06,2834.25,208189
2021-04-30 09:57:07,2834.25,208189
2021-04-30 09:57:08,2834.25,208189
2021-04-30 09:57:09,2833.95,208191
2021-04-30 09:57:10,2833.9,208207
2021-04-30 09:57:11,2832.9,208209
2021-04-30 09:57:12,2832.9,208209
2021-04-30 09:57:13,2832.9,208209
2021-04-30 09:57:15,2833.4,208232
2021-04-30 09:57:16,2833.4,208232
2021-04-30 09:57:17,2833.4,208232
2021-04-30 09:57:18,2833.4,208232
2021-04-30 09:57:19,2833.85,208240
2021-04-30 09:57:21,2833.85,208240
2021-04-30 09:57:20,2833.85,208240
2021-04-30 09:57:22,2833.85,208240
2021-04-30 09:57:23,2833.85,208240
2021-04-30 09:57:24,2833.9,208243
2021-04-30 09:57:25,2833.95,208306
2021-04-30 09:57:26,2833.95,208311
2021-04-30 09:57:27,2833.95,208312
2021-04-30 09:57:28,2833.0,208317
2021-04-30 09:57:29,2833.0,208317
2021-04-30 09:57:30,2833.0,208317
2021-04-30 09:57:31,2833.0,208317
2021-04-30 09:57:32,2832.9,208321
2021-04-30 09:57:33,2833.0,208409
2021-04-30 09:57:34,2833.0,208409
2021-04-30 09:57:35,2833.0,208409
2021-04-30 09:57:36,2833.0,208409
2021-04-30 09:57:37,2832.95,208410
2021-04-30 09:57:38,2832.95,208410
2021-04-30 09:57:39,2833.0,208446
2021-04-30 09:57:40,2833.0,208446
2021-04-30 09:57:41,2833.0,208446
2021-04-30 09:57:42,2832.85,208456
2021-04-30 09:57:43,2832.85,208457
2021-04-30 09:57:44,2832.0,208469
2021-04-30 09:57:46,2832.0,208469
2021-04-30 09:57:46,2832.85,208471
2021-04-30 09:57:47,2832.0,208546
2021-04-30 09:57:48,2832.0,208546
2021-04-30 09:57:49,2832.3,208547
2021-04-30 09:57:50,2832.0,208550
2021-04-30 09:57:51,2832.0,208600
2021-04-30 09:57:52,2832.0,208600
2021-04-30 09:57:53,2832.3,208602
2021-04-30 09:57:54,2832.3,208602
2021-04-30 09:57:55,2832.3,208602
2021-04-30 09:57:56,2831.55,208603
2021-04-30 09:57:57,2832.3,208604
2021-04-30 09:57:58,2832.3,208604
2021-04-30 09:57:59,2831.0,208717
2021-04-30 09:58:00,2831.0,208717
2021-04-30 09:58:01,2831.0,208717
2021-04-30 09:58:02,2831.0,208717
2021-04-30 09:58:03,2831.0,208792
2021-04-30 09:58:04,2832.4,208863
2021-04-30 09:58:06,2832.25,208873
2021-04-30 09:58:07,2832.25,208873
2021-04-30 09:58:08,2832.25,208874
2021-04-30 09:58:08,2832.25,208874
2021-04-30 09:58:09,2831.95,209879
2021-04-30 09:58:10,2831.95,209879
2021-04-30 09:58:11,2831.9,209881
2021-04-30 09:58:13,2833.15,211393
2021-04-30 09:58:14,2833.35,211395
2021-04-30 09:58:16,2833.35,211395
2021-04-30 09:58:17,2833.35,211395
2021-04-30 09:58:18,2834.9,211405
2021-04-30 09:58:18,2834.85,211406
2021-04-30 09:58:19,2834.85,211409
2021-04-30 09:58:20,2834.85,211409
2021-04-30 09:58:21,2834.85,211409
2021-04-30 09:58:22,2834.85,211409
2021-04-30 09:58:23,2834.85,211409
2021-04-30 09:58:24,2834.85,211409
2021-04-30 09:58:25,2835.0,211616
2021-04-30 09:58:26,2835.65,211685
2021-04-30 09:58:27,2837.0,211709
2021-04-30 09:58:28,2837.0,211709
2021-04-30 09:58:29,2835.9,211712
2021-04-30 09:58:30,2835.9,211712
2021-04-30 09:58:32,2835.9,211712
2021-04-30 09:58:33,2835.9,211712
2021-04-30 09:58:35,2835.9,211712
2021-04-30 09:58:35,2835.9,211712
2021-04-30 09:58:36,2835.9,211712
2021-04-30 09:58:37,2835.9,211712
2021-04-30 09:58:38,2836.8,211713
2021-04-30 09:58:39,2836.8,211713
2021-04-30 09:58:40,2836.8,211713
2021-04-30 09:58:41,2836.8,211715
2021-04-30 09:58:42,2836.8,211730
2021-04-30 09:58:43,2836.8,211730
2021-04-30 09:58:44,2837.0,211830
2021-04-30 09:58:45,2837.0,211830
2021-04-30 09:58:46,2837.0,211830
2021-04-30 09:58:47,2837.0,211831
2021-04-30 09:58:48,2837.0,211831
2021-04-30 09:58:49,2837.0,211831
2021-04-30 09:58:50,2837.0,211861
2021-04-30 09:58:51,2836.95,211862
2021-04-30 09:58:52,2836.95,211862
2021-04-30 09:58:53,2836.95,211866
2021-04-30 09:58:54,2836.95,211873
2021-04-30 09:58:55,2836.95,211873
2021-04-30 09:58:56,2835.15,212100
2021-04-30 09:58:58,2835.15,212100
2021-04-30 09:58:58,2835.15,212100
2021-04-30 09:58:59,2835.15,212100
2021-04-30 09:59:00,2835.15,212100
2021-04-30 09:59:01,2835.15,212100
2021-04-30 09:59:02,2835.15,212100
2021-04-30 09:59:03,2835.15,212100
2021-04-30 09:59:05,2836.85,212172
2021-04-30 09:59:05,2835.3,212173
2021-04-30 09:59:06,2836.9,212223
2021-04-30 09:59:07,2836.9,212223
2021-04-30 09:59:08,2836.9,212223
2021-04-30 09:59:09,2836.9,212223
2021-04-30 09:59:10,2835.55,212392
2021-04-30 09:59:11,2835.55,212392
2021-04-30 09:59:12,2835.55,212392
2021-04-30 09:59:13,2835.55,212392
2021-04-30 09:59:14,2835.55,212392
2021-04-30 09:59:16,2835.55,212392
2021-04-30 09:59:17,2835.55,212392
2021-04-30 09:59:17,2835.55,212392
2021-04-30 09:59:18,2835.55,212392
2021-04-30 09:59:19,2835.0,212396
2021-04-30 09:59:20,2835.0,212396
2021-04-30 09:59:21,2835.0,212396
2021-04-30 09:59:22,2835.4,212406
2021-04-30 09:59:23,2835.4,212406
2021-04-30 09:59:25,2835.35,212441
2021-04-30 09:59:25,2835.3,212456
2021-04-30 09:59:26,2834.1,212459
2021-04-30 09:59:27,2834.1,212459
2021-04-30 09:59:28,2835.35,212463
2021-04-30 09:59:29,2835.35,212463
2021-04-30 09:59:31,2835.35,212473
2021-04-30 09:59:31,2835.35,212473
2021-04-30 09:59:32,2835.35,212483
2021-04-30 09:59:33,2835.35,212483
2021-04-30 09:59:34,2835.35,212483
2021-04-30 09:59:35,2835.35,212483
2021-04-30 09:59:36,2836.0,212583
2021-04-30 09:59:37,2836.0,212583
2021-04-30 09:59:39,2834.5,212585
2021-04-30 09:59:40,2834.5,212585
2021-04-30 09:59:41,2834.5,212585
2021-04-30 09:59:42,2834.5,212585
2021-04-30 09:59:43,2834.5,212585
2021-04-30 09:59:45,2835.35,212595
2021-04-30 09:59:45,2835.35,212595
2021-04-30 09:59:46,2835.35,212595
2021-04-30 09:59:47,2835.35,212595
2021-04-30 09:59:49,2835.35,212595
2021-04-30 09:59:50,2835.35,212595
2021-04-30 09:59:51,2835.35,212595
2021-04-30 09:59:52,2835.35,212595
2021-04-30 09:59:52,2835.35,212595
2021-04-30 09:59:54,2835.35,212595
2021-04-30 09:59:54,2835.3,212605
2021-04-30 09:59:55,2836.0,212634
2021-04-30 09:59:57,2836.0,212634
2021-04-30 09:59:59,2836.1,212636
2021-04-30 09:59:59,2836.1,212647
2021-04-30 10:00:01,2838.0,212879
2021-04-30 10:00:02,2840.0,215674
2021-04-30 10:00:04,2840.0,216007
2021-04-30 10:00:05,2840.0,216007
2021-04-30 10:00:06,2840.0,216132
2021-04-30 10:00:07,2841.2,216153
2021-04-30 10:00:08,2840.0,216787
2021-04-30 10:00:09,2840.85,216936
2021-04-30 10:00:10,2840.85,216937
2021-04-30 10:00:10,2840.85,216937
2021-04-30 10:00:12,2840.0,216972
2021-04-30 10:00:13,2840.85,217273
2021-04-30 10:00:14,2840.85,217293
2021-04-30 10:00:15,2840.85,217293
2021-04-30 10:00:15,2840.85,217293
2021-04-30 10:00:17,2840.85,217293
2021-04-30 10:00:18,2840.85,217293
2021-04-30 10:00:18,2840.85,217293
2021-04-30 10:00:20,2840.85,217293
2021-04-30 10:00:21,2840.0,217348
2021-04-30 10:00:21,2840.0,217348
2021-04-30 10:00:22,2840.0,217348
2021-04-30 10:00:23,2840.0,217348
2021-04-30 10:00:24,2840.0,217348
2021-04-30 10:00:25,2840.0,217388
2021-04-30 10:00:26,2840.0,217411
2021-04-30 10:00:27,2840.8,217471
2021-04-30 10:00:28,2840.0,217524
2021-04-30 10:00:29,2840.0,217524
2021-04-30 10:00:30,2840.4,217526
2021-04-30 10:00:31,2840.35,217537
2021-04-30 10:00:32,2840.0,217550
2021-04-30 10:00:33,2840.0,217550
2021-04-30 10:00:34,2840.0,217550
2021-04-30 10:00:35,2840.0,217550
2021-04-30 10:00:36,2840.0,217550
2021-04-30 10:00:37,2840.0,217550
2021-04-30 10:00:38,2840.3,217612
2021-04-30 10:00:39,2840.4,217772
2021-04-30 10:00:40,2840.0,217804
2021-04-30 10:00:41,2840.75,217838
2021-04-30 10:00:42,2840.75,217843
2021-04-30 10:00:43,2840.35,217847
2021-04-30 10:00:44,2840.3,217853
2021-04-30 10:00:45,2840.3,217853
2021-04-30 10:00:46,2840.3,217853
2021-04-30 10:00:47,2840.3,217853
2021-04-30 10:00:48,2840.7,217854
2021-04-30 10:00:49,2840.7,217856
2021-04-30 10:00:50,2840.7,217856
2021-04-30 10:00:51,2840.75,217860
2021-04-30 10:00:52,2840.75,217860
2021-04-30 10:00:53,2840.75,217877
2021-04-30 10:00:54,2841.3,217950
2021-04-30 10:00:56,2841.3,217954
2021-04-30 10:00:57,2841.3,217954
2021-04-30 10:00:58,2841.3,218024
2021-04-30 10:00:59,2841.3,218026
2021-04-30 10:01:00,2842.0,218190
2021-04-30 10:01:00,2842.0,218190
2021-04-30 10:01:01,2842.0,218190
2021-04-30 10:01:02,2840.3,218265
2021-04-30 10:01:03,2841.5,218266
2021-04-30 10:01:04,2841.5,218266
2021-04-30 10:01:06,2841.5,218276
2021-04-30 10:01:07,2841.5,218276
2021-04-30 10:01:08,2841.5,218331
2021-04-30 10:01:09,2841.5,218331
2021-04-30 10:01:10,2841.3,218341
2021-04-30 10:01:11,2841.3,218341
2021-04-30 10:01:12,2841.5,218342
2021-04-30 10:01:13,2841.5,218342
2021-04-30 10:01:14,2841.5,218342
2021-04-30 10:01:15,2841.5,218342
2021-04-30 10:01:16,2841.5,218345
2021-04-30 10:01:17,2841.5,218345
2021-04-30 10:01:18,2841.5,218355
2021-04-30 10:01:19,2841.5,218356
2021-04-30 10:01:20,2841.5,218376
2021-04-30 10:01:21,2840.75,218427
2021-04-30 10:01:22,2840.75,218427
2021-04-30 10:01:23,2841.5,218434
2021-04-30 10:01:24,2840.75,218435
2021-04-30 10:01:25,2840.75,218435
2021-04-30 10:01:26,2840.75,218549
2021-04-30 10:01:27,2840.75,218549
2021-04-30 10:01:29,2840.75,218549
2021-04-30 10:01:29,2841.45,218554
2021-04-30 10:01:31,2841.45,218919
2021-04-30 10:01:32,2841.45,218920
2021-04-30 10:01:33,2841.45,218922
2021-04-30 10:01:33,2841.45,218922
2021-04-30 10:01:35,2841.0,218927
2021-04-30 10:01:36,2841.4,218997
2021-04-30 10:01:37,2841.4,219097
2021-04-30 10:01:38,2841.45,219100
2021-04-30 10:01:39,2841.5,219112
2021-04-30 10:01:40,2841.45,219117
2021-04-30 10:01:42,2841.5,219126
2021-04-30 10:01:43,2840.85,219216
2021-04-30 10:01:44,2840.85,219216
2021-04-30 10:01:45,2840.85,219216
2021-04-30 10:01:46,2840.85,219216
2021-04-30 10:01:47,2840.85,219216
2021-04-30 10:01:48,2841.95,219236
2021-04-30 10:01:49,2841.95,219236
2021-04-30 10:01:50,2841.45,219254
2021-04-30 10:01:51,2842.0,219622
2021-04-30 10:01:51,2842.0,219622
2021-04-30 10:01:52,2842.0,219622
2021-04-30 10:01:54,2841.85,219623
2021-04-30 10:01:54,2841.85,219623
2021-04-30 10:01:56,2841.85,219667
2021-04-30 10:01:57,2841.85,219722
2021-04-30 10:01:58,2841.85,219722
2021-04-30 10:01:59,2841.8,219777
2021-04-30 10:02:00,2841.8,219794
2021-04-30 10:02:01,2842.0,219965
2021-04-30 10:02:02,2842.7,220001
2021-04-30 10:02:02,2842.7,220001
2021-04-30 10:02:03,2842.7,220001
2021-04-30 10:02:04,2843.95,220433
2021-04-30 10:02:05,2843.45,220673
2021-04-30 10:02:06,2845.2,220724
2021-04-30 10:02:07,2845.2,220724
2021-04-30 10:02:08,2845.65,220864
2021-04-30 10:02:09,2846.85,221229
2021-04-30 10:02:10,2846.1,221239
2021-04-30 10:02:11,2846.1,221239
2021-04-30 10:02:12,2845.4,221249
2021-04-30 10:02:14,2845.4,221370
2021-04-30 10:02:15,2845.4,221370
2021-04-30 10:02:15,2845.4,221370
2021-04-30 10:02:17,2843.95,221390
2021-04-30 10:02:17,2843.95,221390
2021-04-30 10:02:19,2845.0,221410
2021-04-30 10:02:20,2845.0,221410
2021-04-30 10:02:21,2845.0,221412
2021-04-30 10:02:22,2845.0,221412
2021-04-30 10:02:22,2845.0,221412
2021-04-30 10:02:23,2845.0,221422
2021-04-30 10:02:25,2845.4,221460
2021-04-30 10:02:26,2845.8,221570
2021-04-30 10:02:26,2845.8,221570
2021-04-30 10:02:28,2845.0,221580
2021-04-30 10:02:28,2845.0,221581
2021-04-30 10:02:29,2845.0,221598
2021-04-30 10:02:30,2845.0,221598
2021-04-30 10:02:31,2845.0,221673
2021-04-30 10:02:32,2845.0,221673
2021-04-30 10:02:34,2845.0,221673
2021-04-30 10:02:34,2845.0,221673
2021-04-30 10:02:35,2845.0,221673
2021-04-30 10:02:37,2844.95,222032
2021-04-30 10:02:38,2844.95,222032
2021-04-30 10:02:39,2844.95,222032
2021-04-30 10:02:40,2845.05,222046
2021-04-30 10:02:41,2847.0,222476
2021-04-30 10:02:42,2845.8,222526
2021-04-30 10:02:42,2845.8,222526
2021-04-30 10:02:43,2845.8,222526
2021-04-30 10:02:45,2845.8,222526
2021-04-30 10:02:46,2847.0,222528
2021-04-30 10:02:47,2847.1,222534
2021-04-30 10:02:48,2847.0,222564
2021-04-30 10:02:49,2845.75,222582
2021-04-30 10:02:50,2847.85,223087
2021-04-30 10:02:51,2847.85,223087
2021-04-30 10:02:52,2847.0,223097
2021-04-30 10:02:53,2845.85,223117
2021-04-30 10:02:54,2847.0,223144
2021-04-30 10:02:55,2847.0,223162
2021-04-30 10:02:56,2847.0,223162
2021-04-30 10:02:57,2847.0,223163
2021-04-30 10:02:58,2845.8,223206
2021-04-30 10:02:58,2845.8,223206
2021-04-30 10:02:59,2846.75,223210
2021-04-30 10:03:00,2847.0,223245
2021-04-30 10:03:01,2847.0,223245
2021-04-30 10:03:03,2845.55,223276
2021-04-30 10:03:04,2845.55,223276
2021-04-30 10:03:04,2845.55,223276
2021-04-30 10:03:05,2845.55,223276
2021-04-30 10:03:06,2845.55,223276
2021-04-30 10:03:07,2845.2,223281
2021-04-30 10:03:08,2848.45,224350
2021-04-30 10:03:10,2846.75,224654
2021-04-30 10:03:10,2848.55,224664
2021-04-30 10:03:11,2846.3,224689
2021-04-30 10:03:12,2846.3,224689
2021-04-30 10:03:13,2845.6,224697
2021-04-30 10:03:14,2845.6,224697
2021-04-30 10:03:16,2846.0,224856
2021-04-30 10:03:16,2846.0,224856
2021-04-30 10:03:17,2846.0,224856
2021-04-30 10:03:18,2846.75,224882
2021-04-30 10:03:20,2846.75,224882
2021-04-30 10:03:20,2845.9,224912
2021-04-30 10:03:22,2845.9,224912
2021-04-30 10:03:23,2847.4,225084
2021-04-30 10:03:24,2846.0,225112
2021-04-30 10:03:25,2846.0,225112
2021-04-30 10:03:26,2846.0,225112
2021-04-30 10:03:27,2845.5,225205
2021-04-30 10:03:28,2847.8,226251
2021-04-30 10:03:28,2847.8,226251
2021-04-30 10:03:29,2847.8,226251
2021-04-30 10:03:30,2847.8,226251
2021-04-30 10:03:31,2847.8,226251
2021-04-30 10:03:32,2847.8,226251
2021-04-30 10:03:33,2847.2,226261
2021-04-30 10:03:34,2847.2,226261
2021-04-30 10:03:35,2851.25,228808
2021-04-30 10:03:36,2852.55,229799
2021-04-30 10:03:37,2851.15,229840
2021-04-30 10:03:38,2851.15,229840
2021-04-30 10:03:39,2851.15,229840
2021-04-30 10:03:40,2851.15,229840
2021-04-30 10:03:41,2851.25,229871
2021-04-30 10:03:43,2851.45,230044
2021-04-30 10:03:44,2849.4,230305
2021-04-30 10:03:45,2848.15,230362
2021-04-30 10:03:46,2848.25,230372
2021-04-30 10:03:47,2848.25,230372
2021-04-30 10:03:48,2849.65,230401
2021-04-30 10:03:49,2847.85,230501
2021-04-30 10:03:50,2849.65,230541
2021-04-30 10:03:51,2849.65,230541
2021-04-30 10:03:51,2847.25,230613
2021-04-30 10:03:53,2847.25,230613
2021-04-30 10:03:54,2847.25,230613
2021-04-30 10:03:55,2849.65,230633
2021-04-30 10:03:56,2848.0,230657
2021-04-30 10:03:56,2848.8,230661
2021-04-30 10:03:57,2848.8,230661
2021-04-30 10:03:58,2848.0,230811
2021-04-30 10:04:00,2848.8,230828
2021-04-30 10:04:01,2848.8,230828
2021-04-30 10:04:02,2848.8,230828
2021-04-30 10:04:04,2848.8,230829
2021-04-30 10:04:06,2847.1,230872
2021-04-30 10:04:07,2847.1,230872
2021-04-30 10:04:08,2847.0,230917
2021-04-30 10:04:09,2847.0,230917
2021-04-30 10:04:10,2847.0,230917
2021-04-30 10:04:11,2847.0,230942
2021-04-30 10:04:11,2847.0,230942
2021-04-30 10:04:12,2846.0,230943
2021-04-30 10:04:14,2846.0,231043
2021-04-30 10:04:14,2846.0,231043
2021-04-30 10:04:15,2846.9,231751
2021-04-30 10:04:16,2846.25,232091
2021-04-30 10:04:17,2846.25,232091
2021-04-30 10:04:18,2845.1,232147
2021-04-30 10:04:20,2845.1,232147
2021-04-30 10:04:21,2846.0,232162
2021-04-30 10:04:22,2845.2,232272
2021-04-30 10:04:24,2846.0,232355
2021-04-30 10:04:25,2846.0,232365
2021-04-30 10:04:26,2845.95,232369
2021-04-30 10:04:27,2845.85,232419
2021-04-30 10:04:28,2845.85,232422
2021-04-30 10:04:28,2846.0,232427
2021-04-30 10:04:30,2846.0,232427
2021-04-30 10:04:31,2845.95,232431
2021-04-30 10:04:31,2845.95,232431
2021-04-30 10:04:32,2845.5,232435
2021-04-30 10:04:33,2845.5,232435
2021-04-30 10:04:34,2845.5,232445
2021-04-30 10:04:35,2845.5,232445
2021-04-30 10:04:36,2845.05,232505
2021-04-30 10:04:38,2845.9,232511
2021-04-30 10:04:39,2845.9,232511
2021-04-30 10:04:40,2845.9,232521
2021-04-30 10:04:41,2845.9,232525
2021-04-30 10:04:41,2845.9,232525
2021-04-30 10:04:43,2846.0,232728
2021-04-30 10:04:44,2845.25,232767
2021-04-30 10:04:44,2845.0,232772
2021-04-30 10:04:45,2845.0,232776
2021-04-30 10:04:46,2845.8,232782
2021-04-30 10:04:47,2845.8,232782
2021-04-30 10:04:49,2845.8,232782
2021-04-30 10:04:50,2845.8,232782
2021-04-30 10:04:51,2845.8,232782
2021-04-30 10:04:52,2845.8,232782
2021-04-30 10:04:53,2845.8,232782
2021-04-30 10:04:54,2845.8,232782
2021-04-30 10:04:55,2845.8,232782
2021-04-30 10:04:55,2845.8,232782
2021-04-30 10:04:56,2845.05,232785
2021-04-30 10:04:57,2845.05,232785
2021-04-30 10:04:59,2845.05,232785
