timestamp,ltp,volume
2021-04-30 09:15:05,610.0,206099
2021-04-30 09:15:06,609.65,214231
2021-04-30 09:15:08,609.85,224569
2021-04-30 09:15:09,609.55,236045
2021-04-30 09:15:10,609.5,239700
2021-04-30 09:15:11,609.95,244310
2021-04-30 09:15:12,610.15,251039
2021-04-30 09:15:13,609.85,265858
2021-04-30 09:15:14,609.95,270759
2021-04-30 09:15:14,609.85,274885
2021-04-30 09:15:15,610.05,282296
2021-04-30 09:15:16,609.75,290339
2021-04-30 09:15:17,610.0,293205
2021-04-30 09:15:18,609.75,301844
2021-04-30 09:15:19,609.95,316136
2021-04-30 09:15:20,610.3,324486
2021-04-30 09:15:21,610.05,331274
2021-04-30 09:15:22,610.5,333334
2021-04-30 09:15:23,610.75,351460
2021-04-30 09:15:24,610.7,363608
2021-04-30 09:15:25,610.95,373903
2021-04-30 09:15:26,610.9,380051
2021-04-30 09:15:27,611.1,385160
2021-04-30 09:15:28,611.05,390598
2021-04-30 09:15:29,611.4,394415
2021-04-30 09:15:30,611.35,396143
2021-04-30 09:15:31,611.5,399800
2021-04-30 09:15:32,611.05,405145
2021-04-30 09:15:33,611.0,407580
2021-04-30 09:15:34,611.0,411795
2021-04-30 09:15:35,611.0,418227
2021-04-30 09:15:37,611.15,422059
2021-04-30 09:15:37,610.75,425495
2021-04-30 09:15:39,610.7,440077
2021-04-30 09:15:39,610.7,440077
2021-04-30 09:15:40,610.7,444609
2021-04-30 09:15:41,610.25,448421
2021-04-30 09:15:42,610.45,452389
2021-04-30 09:15:44,610.7,455491
2021-04-30 09:15:44,610.6,464552
2021-04-30 09:15:46,611.0,470164
2021-04-30 09:15:47,610.85,472517
2021-04-30 09:15:48,610.95,487869
2021-04-30 09:15:49,611.1,491747
2021-04-30 09:15:49,611.1,491329
2021-04-30 09:15:50,611.0,493648
2021-04-30 09:15:51,610.95,495140
2021-04-30 09:15:52,611.5,498330
2021-04-30 09:15:53,611.45,501240
2021-04-30 09:15:55,611.65,504837
2021-04-30 09:15:55,611.5,506521
2021-04-30 09:15:56,611.5,507765
2021-04-30 09:15:57,611.25,514782
2021-04-30 09:15:58,611.25,517358
2021-04-30 09:15:59,611.35,521035
2021-04-30 09:16:00,611.35,526392
2021-04-30 09:16:01,611.25,527257
2021-04-30 09:16:02,611.05,538387
2021-04-30 09:16:03,611.05,540536
2021-04-30 09:16:04,610.8,541866
2021-04-30 09:16:05,610.8,543011
2021-04-30 09:16:06,611.0,546687
2021-04-30 09:16:08,610.5,555283
2021-04-30 09:16:07,610.75,550630
2021-04-30 09:16:09,610.6,557992
2021-04-30 09:16:10,610.7,566755
2021-04-30 09:16:11,610.7,568053
2021-04-30 09:16:12,610.6,570927
2021-04-30 09:16:13,610.6,577505
2021-04-30 09:16:14,610.45,579449
2021-04-30 09:16:16,609.95,608097
2021-04-30 09:16:16,610.3,610122
2021-04-30 09:16:17,610.05,615600
2021-04-30 09:16:18,610.05,616675
2021-04-30 09:16:19,609.95,618384
2021-04-30 09:16:20,609.7,622967
2021-04-30 09:16:21,609.7,631470
2021-04-30 09:16:22,609.4,639927
2021-04-30 09:16:23,609.7,645076
2021-04-30 09:16:24,609.3,648744
2021-04-30 09:16:26,609.3,655056
2021-04-30 09:16:27,609.6,662292
2021-04-30 09:16:28,609.5,664532
2021-04-30 09:16:29,609.5,665156
2021-04-30 09:16:30,609.35,672023
2021-04-30 09:16:31,609.6,678407
2021-04-30 09:16:32,609.4,683230
2021-04-30 09:16:33,609.3,689803
2021-04-30 09:16:34,609.15,692096
2021-04-30 09:16:35,609.1,698446
2021-04-30 09:16:35,609.05,716709
2021-04-30 09:16:36,609.0,718263
2021-04-30 09:16:38,608.75,727960
2021-04-30 09:16:38,609.0,726966
2021-04-30 09:16:40,608.75,729673
2021-04-30 09:16:41,609.0,733766
2021-04-30 09:16:41,608.7,734380
2021-04-30 09:16:43,608.75,744527
2021-04-30 09:16:44,608.9,746562
2021-04-30 09:16:45,609.4,762410
2021-04-30 09:16:46,609.15,770678
2021-04-30 09:16:47,609.15,772902
2021-04-30 09:16:48,609.55,776781
2021-04-30 09:16:49,609.8,781825
2021-04-30 09:16:49,609.55,781222
2021-04-30 09:16:51,609.7,790666
2021-04-30 09:16:52,609.75,794681
2021-04-30 09:16:53,610.5,798168
2021-04-30 09:16:54,610.35,798730
2021-04-30 09:16:55,610.35,800697
2021-04-30 09:16:56,610.65,805161
2021-04-30 09:16:57,610.8,813297
2021-04-30 09:16:57,610.35,810405
2021-04-30 09:16:58,610.55,816361
2021-04-30 09:16:59,610.45,819735
2021-04-30 09:17:00,610.5,823269
2021-04-30 09:17:01,610.8,825899
2021-04-30 09:17:03,610.75,827400
2021-04-30 09:17:04,610.55,827784
2021-04-30 09:17:05,610.45,828862
2021-04-30 09:17:06,610.8,833289
2021-04-30 09:17:06,610.7,833956
2021-04-30 09:17:07,610.8,840022
2021-04-30 09:17:08,610.8,845216
2021-04-30 09:17:09,610.8,848414
2021-04-30 09:17:10,610.85,853300
2021-04-30 09:17:11,611.2,856291
2021-04-30 09:17:12,611.1,858103
2021-04-30 09:17:13,611.25,859309
2021-04-30 09:17:14,611.2,872550
2021-04-30 09:17:16,611.65,884750
2021-04-30 09:17:17,611.65,886590
2021-04-30 09:17:18,611.65,891051
2021-04-30 09:17:19,611.6,897465
2021-04-30 09:17:20,611.6,900076
2021-04-30 09:17:21,611.85,902841
2021-04-30 09:17:22,611.85,906114
2021-04-30 09:17:23,611.55,910955
2021-04-30 09:17:24,611.65,912810
2021-04-30 09:17:25,612.25,923514
2021-04-30 09:17:26,612.1,926169
2021-04-30 09:17:27,612.0,926914
2021-04-30 09:17:28,612.25,931054
2021-04-30 09:17:29,612.2,937237
2021-04-30 09:17:30,612.0,942367
2021-04-30 09:17:31,612.0,946840
2021-04-30 09:17:32,611.7,949816
2021-04-30 09:17:32,611.95,950706
2021-04-30 09:17:34,611.4,964375
2021-04-30 09:17:35,611.3,973215
2021-04-30 09:17:36,610.8,982464
2021-04-30 09:17:37,610.95,987293
2021-04-30 09:17:38,610.65,988956
2021-04-30 09:17:39,611.35,996118
2021-04-30 09:17:40,611.4,1002609
2021-04-30 09:17:41,611.3,1005456
2021-04-30 09:17:41,611.0,1006930
2021-04-30 09:17:43,611.4,1011019
2021-04-30 09:17:44,611.0,1021251
2021-04-30 09:17:45,611.1,1025006
2021-04-30 09:17:46,611.45,1026518
2021-04-30 09:17:47,611.05,1028989
2021-04-30 09:17:48,611.1,1043885
2021-04-30 09:17:49,611.0,1046681
2021-04-30 09:17:49,611.2,1047191
2021-04-30 09:17:50,611.2,1047811
2021-04-30 09:17:52,611.0,1050795
2021-04-30 09:17:53,610.8,1053145
2021-04-30 09:17:53,610.95,1053599
2021-04-30 09:17:55,610.5,1057722
2021-04-30 09:17:56,610.5,1059466
2021-04-30 09:17:56,610.8,1059809
2021-04-30 09:17:57,610.6,1060559
2021-04-30 09:17:58,610.75,1060946
2021-04-30 09:17:59,610.15,1073371
2021-04-30 09:18:00,609.85,1104828
2021-04-30 09:18:01,610.1,1108808
2021-04-30 09:18:02,609.8,1115617
2021-04-30 09:18:03,609.6,1118474
2021-04-30 09:18:04,610.05,1122936
2021-04-30 09:18:05,609.9,1123340
2021-04-30 09:18:07,609.9,1125728
2021-04-30 09:18:08,609.75,1129236
2021-04-30 09:18:09,609.8,1130501
2021-04-30 09:18:09,609.75,1133300
2021-04-30 09:18:11,609.75,1134775
2021-04-30 09:18:12,609.75,1136331
2021-04-30 09:18:13,609.75,1141034
2021-04-30 09:18:14,609.75,1145068
2021-04-30 09:18:15,609.9,1151324
2021-04-30 09:18:16,609.75,1154418
2021-04-30 09:18:17,609.9,1156866
2021-04-30 09:18:18,610.0,1159831
2021-04-30 09:18:18,610.0,1159891
2021-04-30 09:18:19,609.75,1164026
2021-04-30 09:18:20,610.0,1164842
2021-04-30 09:18:21,609.6,1167230
2021-04-30 09:18:22,609.55,1168669
2021-04-30 09:18:23,609.6,1173535
2021-04-30 09:18:24,609.7,1177692
2021-04-30 09:18:26,609.95,1183321
2021-04-30 09:18:27,610.2,1190733
2021-04-30 09:18:28,610.15,1195964
2021-04-30 09:18:30,610.2,1202928
2021-04-30 09:18:31,610.2,1203527
2021-04-30 09:18:32,610.2,1204996
2021-04-30 09:18:33,610.4,1206354
2021-04-30 09:18:34,610.15,1206939
2021-04-30 09:18:35,610.15,1207364
2021-04-30 09:18:36,610.4,1209932
2021-04-30 09:18:37,610.15,1210550
2021-04-30 09:18:38,610.4,1212168
2021-04-30 09:18:39,610.4,1214064
2021-04-30 09:18:40,610.4,1219016
2021-04-30 09:18:41,610.65,1221940
2021-04-30 09:18:41,610.5,1221990
2021-04-30 09:18:42,610.65,1222294
2021-04-30 09:18:43,610.5,1222596
2021-04-30 09:18:44,610.55,1222669
2021-04-30 09:18:45,610.65,1225740
2021-04-30 09:18:46,610.6,1229525
2021-04-30 09:18:47,610.55,1231240
2021-04-30 09:18:48,610.5,1232863
2021-04-30 09:18:49,610.5,1234136
2021-04-30 09:18:51,610.65,1248258
2021-04-30 09:18:52,610.3,1254392
2021-04-30 09:18:53,610.1,1266130
2021-04-30 09:18:54,610.1,1268158
2021-04-30 09:18:55,609.9,1269691
2021-04-30 09:18:56,609.85,1270961
2021-04-30 09:18:57,610.15,1274528
2021-04-30 09:18:58,609.9,1274838
2021-04-30 09:18:59,610.0,1275755
2021-04-30 09:19:00,610.15,1276965
2021-04-30 09:19:01,610.1,1279688
2021-04-30 09:19:01,609.95,1280381
2021-04-30 09:19:02,609.85,1286438
2021-04-30 09:19:04,609.85,1293947
2021-04-30 09:19:05,610.0,1296341
2021-04-30 09:19:06,609.85,1297328
2021-04-30 09:19:07,609.85,1298052
2021-04-30 09:19:08,610.05,1304449
2021-04-30 09:19:09,610.0,1305573
2021-04-30 09:19:11,609.8,1310857
2021-04-30 09:19:12,609.85,1312378
2021-04-30 09:19:13,609.85,1314294
2021-04-30 09:19:14,609.7,1328446
2021-04-30 09:19:14,609.7,1329397
2021-04-30 09:19:15,609.65,1329641
2021-04-30 09:19:17,609.7,1330400
2021-04-30 09:19:18,609.65,1331364
2021-04-30 09:19:19,609.65,1336791
2021-04-30 09:19:20,609.5,1337316
2021-04-30 09:19:21,609.65,1338505
2021-04-30 09:19:22,609.7,1342053
2021-04-30 09:19:23,609.85,1344354
2021-04-30 09:19:24,610.0,1345342
2021-04-30 09:19:24,610.0,1345442
2021-04-30 09:19:26,610.2,1347818
2021-04-30 09:19:27,610.0,1347828
2021-04-30 09:19:28,610.0,1348400
2021-04-30 09:19:29,610.05,1349931
2021-04-30 09:19:30,610.35,1355540
2021-04-30 09:19:31,610.2,1359067
2021-04-30 09:19:32,610.15,1360838
2021-04-30 09:19:32,610.05,1361327
2021-04-30 09:19:33,610.1,1361807
2021-04-30 09:19:34,610.1,1363034
2021-04-30 09:19:36,610.1,1364156
2021-04-30 09:19:37,610.15,1364831
2021-04-30 09:19:38,610.3,1365146
2021-04-30 09:19:39,610.25,1365842
2021-04-30 09:19:40,610.45,1366411
2021-04-30 09:19:41,610.4,1366895
2021-04-30 09:19:42,610.4,1366906
2021-04-30 09:19:43,610.4,1367539
2021-04-30 09:19:43,610.3,1367708
2021-04-30 09:19:44,610.4,1368136
2021-04-30 09:19:45,610.3,1368733
2021-04-30 09:19:46,610.4,1369047
2021-04-30 09:19:47,610.25,1373944
2021-04-30 09:19:48,610.25,1376408
2021-04-30 09:19:49,610.15,1383718
2021-04-30 09:19:50,610.1,1383997
2021-04-30 09:19:51,610.15,1385960
2021-04-30 09:19:52,610.1,1386817
2021-04-30 09:19:53,610.1,1387422
2021-04-30 09:19:54,610.0,1388680
2021-04-30 09:19:55,610.05,1389070
2021-04-30 09:19:57,610.2,1389952
2021-04-30 09:19:58,610.2,1390563
2021-04-30 09:19:59,610.2,1391020
2021-04-30 09:20:00,610.3,1392149
2021-04-30 09:20:01,610.2,1397154
2021-04-30 09:20:02,610.0,1398378
2021-04-30 09:20:03,609.85,1407786
2021-04-30 09:20:03,609.85,1409582
2021-04-30 09:20:04,609.8,1425103
2021-04-30 09:20:05,609.35,1436660
2021-04-30 09:20:07,609.4,1444419
2021-04-30 09:20:07,609.3,1441119
2021-04-30 09:20:08,609.2,1446182
2021-04-30 09:20:09,609.25,1453859
2021-04-30 09:20:11,608.6,1493198
2021-04-30 09:20:12,608.5,1494402
2021-04-30 09:20:13,608.8,1501113
2021-04-30 09:20:14,608.55,1509552
2021-04-30 09:20:14,608.55,1512314
2021-04-30 09:20:16,608.5,1514957
2021-04-30 09:20:17,608.6,1521520
2021-04-30 09:20:18,608.4,1527266
2021-04-30 09:20:19,608.5,1528397
2021-04-30 09:20:20,608.5,1533040
2021-04-30 09:20:21,608.5,1533607
2021-04-30 09:20:22,608.5,1538101
2021-04-30 09:20:23,608.55,1541020
2021-04-30 09:20:24,608.55,1544793
2021-04-30 09:20:25,608.5,1548084
2021-04-30 09:20:26,608.5,1552701
2021-04-30 09:20:27,608.5,1554644
2021-04-30 09:20:28,608.4,1557995
2021-04-30 09:20:28,608.5,1558814
2021-04-30 09:20:29,608.75,1560726
2021-04-30 09:20:30,608.75,1564886
2021-04-30 09:20:31,608.6,1567065
2021-04-30 09:20:33,608.75,1571373
2021-04-30 09:20:34,608.8,1575858
2021-04-30 09:20:35,609.0,1577253
2021-04-30 09:20:36,609.05,1578741
2021-04-30 09:20:37,609.0,1579694
2021-04-30 09:20:38,608.85,1581015
2021-04-30 09:20:38,608.9,1581650
2021-04-30 09:20:39,609.05,1582617
2021-04-30 09:20:41,609.2,1583293
2021-04-30 09:20:42,608.65,1589313
2021-04-30 09:20:43,608.55,1600318
2021-04-30 09:20:44,608.55,1601571
2021-04-30 09:20:44,608.55,1601627
2021-04-30 09:20:45,608.5,1604804
2021-04-30 09:20:46,608.4,1611404
2021-04-30 09:20:48,608.3,1612862
2021-04-30 09:20:50,608.75,1620768
2021-04-30 09:20:51,608.45,1622023
2021-04-30 09:20:52,608.65,1623268
2021-04-30 09:20:53,609.0,1625151
2021-04-30 09:20:54,608.85,1625840
2021-04-30 09:20:55,609.15,1627202
2021-04-30 09:20:56,608.85,1628207
2021-04-30 09:20:57,608.9,1628859
2021-04-30 09:20:58,608.7,1629534
2021-04-30 09:20:58,608.85,1630206
2021-04-30 09:20:59,608.65,1630714
2021-04-30 09:21:00,608.65,1631793
2021-04-30 09:21:01,608.75,1632051
2021-04-30 09:21:03,608.7,1632519
2021-04-30 09:21:04,608.65,1633593
2021-04-30 09:21:05,608.45,1638361
2021-04-30 09:21:06,608.4,1639370
2021-04-30 09:21:07,608.55,1643041
2021-04-30 09:21:07,608.75,1648091
2021-04-30 09:21:09,608.7,1653111
2021-04-30 09:21:10,608.6,1658801
2021-04-30 09:21:11,609.1,1665646
2021-04-30 09:21:12,609.15,1667037
2021-04-30 09:21:13,609.0,1667766
2021-04-30 09:21:14,609.1,1668136
2021-04-30 09:21:15,608.9,1668436
2021-04-30 09:21:16,609.3,1671908
2021-04-30 09:21:17,609.15,1672018
2021-04-30 09:21:18,609.5,1673231
2021-04-30 09:21:19,609.2,1673819
2021-04-30 09:21:20,609.3,1676936
2021-04-30 09:21:20,609.15,1674936
2021-04-30 09:21:22,609.3,1677222
2021-04-30 09:21:22,609.5,1678311
2021-04-30 09:21:24,609.5,1678733
2021-04-30 09:21:25,609.5,1680589
2021-04-30 09:21:26,609.4,1680891
2021-04-30 09:21:27,609.4,1681361
2021-04-30 09:21:28,609.55,1683004
2021-04-30 09:21:29,609.65,1683718
2021-04-30 09:21:30,609.45,1683911
2021-04-30 09:21:31,609.65,1685492
2021-04-30 09:21:32,609.85,1685686
2021-04-30 09:21:33,609.85,1693051
2021-04-30 09:21:34,609.8,1694266
2021-04-30 09:21:35,609.9,1695498
2021-04-30 09:21:36,610.0,1697050
2021-04-30 09:21:37,610.1,1701705
2021-04-30 09:21:38,610.0,1703854
2021-04-30 09:21:39,610.1,1704218
2021-04-30 09:21:40,610.1,1705194
2021-04-30 09:21:41,610.2,1708323
2021-04-30 09:21:42,610.85,1714984
2021-04-30 09:21:43,610.85,1716670
2021-04-30 09:21:44,610.85,1716831
2021-04-30 09:21:45,610.55,1719141
2021-04-30 09:21:46,610.5,1720744
2021-04-30 09:21:47,610.25,1724151
2021-04-30 09:21:48,610.4,1724878
2021-04-30 09:21:49,610.5,1726405
2021-04-30 09:21:50,610.3,1726827
2021-04-30 09:21:51,610.15,1728761
2021-04-30 09:21:52,610.15,1729948
2021-04-30 09:21:53,610.25,1730197
2021-04-30 09:21:54,610.3,1730704
2021-04-30 09:21:55,610.25,1731434
2021-04-30 09:21:56,610.2,1733036
2021-04-30 09:21:56,610.05,1733088
2021-04-30 09:21:57,610.1,1733284
2021-04-30 09:21:58,610.25,1735373
2021-04-30 09:22:00,610.0,1736403
2021-04-30 09:22:01,610.0,1737437
2021-04-30 09:22:02,609.75,1757875
2021-04-30 09:22:03,609.65,1759005
2021-04-30 09:22:04,609.65,1759823
2021-04-30 09:22:05,609.3,1761366
2021-04-30 09:22:06,609.25,1763291
2021-04-30 09:22:07,609.15,1766068
2021-04-30 09:22:08,609.1,1766515
2021-04-30 09:22:09,609.05,1767978
2021-04-30 09:22:10,609.3,1775491
2021-04-30 09:22:11,609.3,1777600
2021-04-30 09:22:12,609.6,1778899
2021-04-30 09:22:13,609.35,1779412
2021-04-30 09:22:14,609.4,1782168
2021-04-30 09:22:15,609.3,1785924
2021-04-30 09:22:16,609.1,1786391
2021-04-30 09:22:17,609.0,1787352
2021-04-30 09:22:18,609.05,1787640
2021-04-30 09:22:19,609.0,1790194
2021-04-30 09:22:20,609.3,1791685
2021-04-30 09:22:21,609.1,1792054
2021-04-30 09:22:22,609.0,1793417
2021-04-30 09:22:23,609.3,1795676
2021-04-30 09:22:24,609.3,1796239
2021-04-30 09:22:25,609.15,1799038
2021-04-30 09:22:26,609.1,1799443
2021-04-30 09:22:26,609.15,1799570
2021-04-30 09:22:27,609.1,1800033
2021-04-30 09:22:28,609.1,1800856
2021-04-30 09:22:30,609.1,1802570
2021-04-30 09:22:31,609.2,1805123
2021-04-30 09:22:32,609.35,1806701
2021-04-30 09:22:33,609.0,1819404
2021-04-30 09:22:34,609.0,1819866
2021-04-30 09:22:35,609.0,1820278
2021-04-30 09:22:36,609.0,1821283
2021-04-30 09:22:37,608.9,1822222
2021-04-30 09:22:38,608.9,1822832
2021-04-30 09:22:38,608.9,1822520
2021-04-30 09:22:40,608.9,1822987
2021-04-30 09:22:41,608.8,1825205
2021-04-30 09:22:42,608.8,1826361
2021-04-30 09:22:43,609.0,1827141
2021-04-30 09:22:44,608.8,1827250
2021-04-30 09:22:45,609.0,1827332
2021-04-30 09:22:46,608.9,1827630
2021-04-30 09:22:47,608.95,1829356
2021-04-30 09:22:48,609.0,1829953
2021-04-30 09:22:49,608.9,1831111
2021-04-30 09:22:50,608.95,1832595
2021-04-30 09:22:51,609.0,1833852
2021-04-30 09:22:52,609.0,1834450
2021-04-30 09:22:53,609.0,1835618
2021-04-30 09:22:54,609.0,1836589
2021-04-30 09:22:55,609.0,1836639
2021-04-30 09:22:56,609.0,1837016
2021-04-30 09:22:57,609.0,1837779
2021-04-30 09:22:58,609.05,1838202
2021-04-30 09:22:59,609.05,1838287
2021-04-30 09:23:00,609.0,1839051
2021-04-30 09:23:01,609.05,1839776
2021-04-30 09:23:02,609.0,1840042
2021-04-30 09:23:03,609.05,1840347
2021-04-30 09:23:04,609.1,1844340
2021-04-30 09:23:05,609.15,1848736
2021-04-30 09:23:06,609.35,1850124
2021-04-30 09:23:07,609.35,1854274
2021-04-30 09:23:08,609.35,1854950
2021-04-30 09:23:09,609.45,1856733
2021-04-30 09:23:10,609.25,1856833
2021-04-30 09:23:11,609.45,1857524
2021-04-30 09:23:12,609.35,1857809
2021-04-30 09:23:13,609.45,1858231
2021-04-30 09:23:14,609.25,1859300
2021-04-30 09:23:15,609.2,1859506
2021-04-30 09:23:16,609.1,1869421
2021-04-30 09:23:17,609.15,1874742
2021-04-30 09:23:18,608.9,1875163
2021-04-30 09:23:19,608.75,1885570
2021-04-30 09:23:20,609.0,1893581
2021-04-30 09:23:21,608.85,1895547
2021-04-30 09:23:22,608.6,1897076
2021-04-30 09:23:23,608.8,1897656
2021-04-30 09:23:24,608.8,1898797
2021-04-30 09:23:25,608.5,1929063
2021-04-30 09:23:26,608.6,1931364
2021-04-30 09:23:27,608.8,1936825
2021-04-30 09:23:28,608.8,1937603
2021-04-30 09:23:29,608.7,1937910
2021-04-30 09:23:30,608.65,1939623
2021-04-30 09:23:31,608.6,1940399
2021-04-30 09:23:32,608.55,1942147
2021-04-30 09:23:33,608.7,1947237
2021-04-30 09:23:34,608.8,1948356
2021-04-30 09:23:35,608.8,1948920
2021-04-30 09:23:36,608.8,1949198
2021-04-30 09:23:37,608.8,1951039
2021-04-30 09:23:38,608.8,1951465
2021-04-30 09:23:39,608.7,1952887
2021-04-30 09:23:40,608.7,1955323
2021-04-30 09:23:41,608.75,1956522
2021-04-30 09:23:42,609.0,1957958
2021-04-30 09:23:43,609.0,1957973
2021-04-30 09:23:44,609.2,1958712
2021-04-30 09:23:45,609.0,1960513
2021-04-30 09:23:46,608.65,1963030
2021-04-30 09:23:47,608.65,1964848
2021-04-30 09:23:48,608.8,1965685
2021-04-30 09:23:49,608.95,1967423
2021-04-30 09:23:50,608.85,1968164
2021-04-30 09:23:51,608.85,1968467
2021-04-30 09:23:52,608.95,1969313
2021-04-30 09:23:53,609.05,1972700
2021-04-30 09:23:54,608.9,1973898
2021-04-30 09:23:55,608.9,1974719
2021-04-30 09:23:56,608.75,1975681
2021-04-30 09:23:57,608.7,1978034
2021-04-30 09:23:58,609.0,1980194
2021-04-30 09:23:59,608.9,1980765
2021-04-30 09:24:00,608.85,1981159
2021-04-30 09:24:01,608.85,1981753
2021-04-30 09:24:02,608.75,1983626
2021-04-30 09:24:03,608.85,1985398
2021-04-30 09:24:04,608.65,1986501
2021-04-30 09:24:05,608.6,1989487
2021-04-30 09:24:06,608.6,1997084
2021-04-30 09:24:07,608.6,1998202
2021-04-30 09:24:08,608.5,1998336
2021-04-30 09:24:09,608.45,1999588
2021-04-30 09:24:10,608.5,2000397
2021-04-30 09:24:11,608.5,2000656
2021-04-30 09:24:12,608.35,2004235
2021-04-30 09:24:13,608.2,2014288
2021-04-30 09:24:14,608.05,2019381
2021-04-30 09:24:15,608.0,2021616
2021-04-30 09:24:16,608.0,2022921
2021-04-30 09:24:17,608.0,2026168
2021-04-30 09:24:18,608.05,2027767
2021-04-30 09:24:19,608.05,2030783
2021-04-30 09:24:20,608.0,2032501
2021-04-30 09:24:21,608.0,2037033
2021-04-30 09:24:22,608.0,2039459
2021-04-30 09:24:23,608.3,2041636
2021-04-30 09:24:24,608.1,2047618
2021-04-30 09:24:25,608.05,2048704
2021-04-30 09:24:26,608.35,2059784
2021-04-30 09:24:27,608.2,2060769
2021-04-30 09:24:28,608.35,2062220
2021-04-30 09:24:29,608.35,2064977
2021-04-30 09:24:31,608.2,2065312
2021-04-30 09:24:32,608.3,2065739
2021-04-30 09:24:33,608.25,2067688
2021-04-30 09:24:34,608.25,2068293
2021-04-30 09:24:35,608.3,2069830
2021-04-30 09:24:36,608.15,2070050
2021-04-30 09:24:37,608.3,2070549
2021-04-30 09:24:38,608.25,2071228
2021-04-30 09:24:39,608.35,2075466
2021-04-30 09:24:40,608.35,2078582
2021-04-30 09:24:41,608.35,2078742
2021-04-30 09:24:42,608.3,2079542
2021-04-30 09:24:43,608.25,2079667
2021-04-30 09:24:44,608.25,2080517
2021-04-30 09:24:45,608.2,2088365
2021-04-30 09:24:46,608.25,2092330
2021-04-30 09:24:47,608.05,2092721
2021-04-30 09:24:48,608.25,2093258
2021-04-30 09:24:49,608.25,2093329
2021-04-30 09:24:50,608.2,2095092
2021-04-30 09:24:51,608.15,2095577
2021-04-30 09:24:52,608.1,2096755
2021-04-30 09:24:53,608.2,2097714
2021-04-30 09:24:54,608.3,2105230
2021-04-30 09:24:55,608.3,2105870
2021-04-30 09:24:56,608.3,2107480
2021-04-30 09:24:57,608.5,2108480
2021-04-30 09:24:58,608.35,2108948
2021-04-30 09:24:59,608.35,2110028
2021-04-30 09:25:01,608.3,2110303
2021-04-30 09:25:02,608.5,2111755
2021-04-30 09:25:03,608.45,2113243
2021-04-30 09:25:04,608.25,2115886
2021-04-30 09:25:05,608.35,2118525
2021-04-30 09:25:06,608.35,2118888
2021-04-30 09:25:07,608.2,2120038
2021-04-30 09:25:07,608.3,2119784
2021-04-30 09:25:08,608.3,2121163
2021-04-30 09:25:09,608.25,2122712
2021-04-30 09:25:10,608.3,2127333
2021-04-30 09:25:11,608.3,2127972
2021-04-30 09:25:12,608.35,2129092
2021-04-30 09:25:13,608.3,2130523
2021-04-30 09:25:14,608.5,2132725
2021-04-30 09:25:15,608.8,2133493
2021-04-30 09:25:16,608.8,2136922
2021-04-30 09:25:17,608.8,2136962
2021-04-30 09:25:18,608.75,2137581
2021-04-30 09:25:19,608.75,2137869
2021-04-30 09:25:20,608.75,2138331
2021-04-30 09:25:21,608.75,2139600
2021-04-30 09:25:22,608.65,2139963
2021-04-30 09:25:24,608.65,2140511
2021-04-30 09:25:24,608.65,2140506
2021-04-30 09:25:25,608.55,2142044
2021-04-30 09:25:26,608.3,2148171
2021-04-30 09:25:27,608.3,2148470
2021-04-30 09:25:28,608.25,2148707
2021-04-30 09:25:29,608.3,2151518
2021-04-30 09:25:30,608.05,2171620
2021-04-30 09:25:31,608.05,2173624
2021-04-30 09:25:32,608.0,2174414
2021-04-30 09:25:33,608.05,2175584
2021-04-30 09:25:34,608.0,2176611
2021-04-30 09:25:35,608.05,2180671
2021-04-30 09:25:36,608.0,2184149
2021-04-30 09:25:37,608.05,2185249
2021-04-30 09:25:38,608.05,2185447
2021-04-30 09:25:39,608.0,2186629
2021-04-30 09:25:40,608.05,2187321
2021-04-30 09:25:41,608.2,2194655
2021-04-30 09:25:42,608.2,2200855
2021-04-30 09:25:43,608.05,2201350
2021-04-30 09:25:44,608.2,2201602
2021-04-30 09:25:45,608.1,2201913
2021-04-30 09:25:46,608.2,2205841
2021-04-30 09:25:47,608.15,2207945
2021-04-30 09:25:48,608.1,2208020
2021-04-30 09:25:49,608.1,2208270
2021-04-30 09:25:51,608.05,2211157
2021-04-30 09:25:52,608.05,2213169
2021-04-30 09:25:54,608.05,2214290
2021-04-30 09:25:55,608.05,2214783
2021-04-30 09:25:56,608.1,2218598
2021-04-30 09:25:57,608.2,2219318
2021-04-30 09:25:58,608.35,2221242
2021-04-30 09:25:59,608.15,2222330
2021-04-30 09:25:59,608.1,2222456
2021-04-30 09:26:00,608.15,2222594
2021-04-30 09:26:01,608.15,2222837
2021-04-30 09:26:02,608.15,2223013
2021-04-30 09:26:03,608.15,2224253
2021-04-30 09:26:04,608.2,2225301
2021-04-30 09:26:05,608.15,2227353
2021-04-30 09:26:06,608.0,2228929
2021-04-30 09:26:07,608.05,2230349
2021-04-30 09:26:08,608.05,2230873
2021-04-30 09:26:09,608.0,2233895
2021-04-30 09:26:10,608.15,2236228
2021-04-30 09:26:11,608.0,2236886
2021-04-30 09:26:12,608.1,2240420
2021-04-30 09:26:13,608.05,2242051
2021-04-30 09:26:14,608.0,2242883
2021-04-30 09:26:15,608.05,2244108
2021-04-30 09:26:16,608.1,2245258
2021-04-30 09:26:17,608.0,2245958
2021-04-30 09:26:18,608.1,2247270
2021-04-30 09:26:19,608.1,2247631
2021-04-30 09:26:20,608.0,2250405
2021-04-30 09:26:21,608.1,2250759
2021-04-30 09:26:22,608.1,2252304
2021-04-30 09:26:23,607.85,2263475
2021-04-30 09:26:24,607.7,2266761
2021-04-30 09:26:25,607.65,2267476
2021-04-30 09:26:26,607.55,2268636
2021-04-30 09:26:27,607.6,2269798
2021-04-30 09:26:28,607.8,2270191
2021-04-30 09:26:29,607.95,2270539
2021-04-30 09:26:30,608.0,2271083
2021-04-30 09:26:31,608.1,2273471
2021-04-30 09:26:32,608.0,2273601
2021-04-30 09:26:33,607.85,2273881
2021-04-30 09:26:34,607.85,2274674
2021-04-30 09:26:35,607.7,2276094
2021-04-30 09:26:36,607.7,2276231
2021-04-30 09:26:37,607.7,2276394
2021-04-30 09:26:38,607.65,2276664
2021-04-30 09:26:39,607.85,2277175
2021-04-30 09:26:40,607.8,2277314
2021-04-30 09:26:41,607.8,2281506
2021-04-30 09:26:42,607.8,2282759
2021-04-30 09:26:43,608.0,2283156
2021-04-30 09:26:44,607.9,2283367
2021-04-30 09:26:45,608.0,2283937
2021-04-30 09:26:46,608.0,2291122
2021-04-30 09:26:47,607.95,2291447
2021-04-30 09:26:48,608.0,2292336
2021-04-30 09:26:49,608.3,2294826
2021-04-30 09:26:50,608.3,2297820
2021-04-30 09:26:51,608.75,2300146
2021-04-30 09:26:52,608.4,2301926
2021-04-30 09:26:53,608.35,2303219
2021-04-30 09:26:54,608.5,2307459
2021-04-30 09:26:55,608.5,2309486
2021-04-30 09:26:56,608.75,2310275
2021-04-30 09:26:57,608.6,2310376
2021-04-30 09:26:58,608.6,2310422
2021-04-30 09:26:59,608.75,2310582
2021-04-30 09:27:00,608.6,2311126
2021-04-30 09:27:01,608.65,2312618
2021-04-30 09:27:02,608.6,2313122
2021-04-30 09:27:03,608.6,2314423
2021-04-30 09:27:04,608.85,2324642
2021-04-30 09:27:05,608.85,2324796
2021-04-30 09:27:06,608.7,2326393
2021-04-30 09:27:07,608.7,2327349
2021-04-30 09:27:09,608.85,2328185
2021-04-30 09:27:10,608.95,2333353
2021-04-30 09:27:11,608.95,2333883
2021-04-30 09:27:12,608.95,2334838
2021-04-30 09:27:13,608.9,2336493
2021-04-30 09:27:14,609.0,2336624
2021-04-30 09:27:15,608.9,2337111
2021-04-30 09:27:16,609.0,2338091
2021-04-30 09:27:17,608.95,2339980
2021-04-30 09:27:18,609.0,2341450
2021-04-30 09:27:20,609.15,2347563
2021-04-30 09:27:20,609.1,2347583
2021-04-30 09:27:22,609.25,2348800
2021-04-30 09:27:23,609.5,2349682
2021-04-30 09:27:24,609.5,2351312
2021-04-30 09:27:24,609.55,2352202
2021-04-30 09:27:25,609.9,2353154
2021-04-30 09:27:26,609.8,2354815
2021-04-30 09:27:27,609.8,2356135
2021-04-30 09:27:28,609.9,2356867
2021-04-30 09:27:29,610.0,2358812
2021-04-30 09:27:30,610.0,2359137
2021-04-30 09:27:31,610.2,2369118
2021-04-30 09:27:32,610.3,2380713
2021-04-30 09:27:33,610.1,2382544
2021-04-30 09:27:34,610.25,2383097
2021-04-30 09:27:35,610.3,2383382
2021-04-30 09:27:36,610.2,2384053
2021-04-30 09:27:37,610.2,2387462
2021-04-30 09:27:38,610.0,2397343
2021-04-30 09:27:39,610.25,2403657
2021-04-30 09:27:40,610.25,2404963
2021-04-30 09:27:41,610.15,2406671
2021-04-30 09:27:42,610.15,2406914
2021-04-30 09:27:43,610.2,2414412
2021-04-30 09:27:44,610.1,2415835
2021-04-30 09:27:45,610.3,2417861
2021-04-30 09:27:46,610.15,2418890
2021-04-30 09:27:47,610.3,2419361
2021-04-30 09:27:48,610.25,2421049
2021-04-30 09:27:49,610.25,2422572
2021-04-30 09:27:50,610.25,2423058
2021-04-30 09:27:51,610.3,2440526
2021-04-30 09:27:52,610.25,2446169
2021-04-30 09:27:53,610.45,2459841
2021-04-30 09:27:54,610.5,2462089
2021-04-30 09:27:55,610.8,2463741
2021-04-30 09:27:56,610.8,2469002
2021-04-30 09:27:57,610.55,2470862
2021-04-30 09:27:58,610.5,2472334
2021-04-30 09:27:59,610.5,2473563
2021-04-30 09:28:01,610.8,2493403
2021-04-30 09:28:02,610.8,2493862
2021-04-30 09:28:03,610.6,2496615
2021-04-30 09:28:04,610.55,2499660
2021-04-30 09:28:05,610.55,2501288
2021-04-30 09:28:06,610.55,2507780
2021-04-30 09:28:07,610.45,2523115
2021-04-30 09:28:09,610.1,2537459
2021-04-30 09:28:10,610.1,2542816
2021-04-30 09:28:11,610.0,2558276
2021-04-30 09:28:12,609.85,2559114
2021-04-30 09:28:13,609.95,2562272
2021-04-30 09:28:14,609.75,2562589
2021-04-30 09:28:15,609.75,2563992
2021-04-30 09:28:16,609.7,2565195
2021-04-30 09:28:17,609.75,2568129
2021-04-30 09:28:18,609.75,2569318
2021-04-30 09:28:19,609.9,2580491
2021-04-30 09:28:20,610.1,2586314
2021-04-30 09:28:22,610.05,2597192
2021-04-30 09:28:23,609.85,2606725
2021-04-30 09:28:24,610.2,2616312
2021-04-30 09:28:25,610.2,2617561
2021-04-30 09:28:26,610.2,2617783
2021-04-30 09:28:27,610.25,2620021
2021-04-30 09:28:28,610.2,2620560
2021-04-30 09:28:29,610.15,2621649
2021-04-30 09:28:30,610.15,2622105
2021-04-30 09:28:30,610.2,2622883
2021-04-30 09:28:31,610.2,2625922
2021-04-30 09:28:32,610.15,2627878
2021-04-30 09:28:33,610.35,2629438
2021-04-30 09:28:34,610.15,2631712
2021-04-30 09:28:35,610.0,2634468
2021-04-30 09:28:36,610.15,2636711
2021-04-30 09:28:37,610.15,2637767
2021-04-30 09:28:38,610.25,2640134
2021-04-30 09:28:39,610.2,2641048
2021-04-30 09:28:40,610.3,2643136
2021-04-30 09:28:41,610.5,2643950
2021-04-30 09:28:42,610.4,2645836
2021-04-30 09:28:43,610.5,2646542
2021-04-30 09:28:45,610.7,2652999
2021-04-30 09:28:46,610.8,2666384
2021-04-30 09:28:47,610.8,2667962
2021-04-30 09:28:48,610.85,2672345
2021-04-30 09:28:49,610.85,2672526
2021-04-30 09:28:50,611.0,2674222
2021-04-30 09:28:51,611.5,2687441
2021-04-30 09:28:52,611.35,2688743
2021-04-30 09:28:53,611.35,2689568
2021-04-30 09:28:54,611.5,2691115
2021-04-30 09:28:55,611.3,2693134
2021-04-30 09:28:56,611.1,2697359
2021-04-30 09:28:57,611.25,2713896
2021-04-30 09:28:58,611.25,2714748
2021-04-30 09:28:59,611.15,2715819
2021-04-30 09:29:00,611.25,2717624
2021-04-30 09:29:01,611.25,2718264
2021-04-30 09:29:02,611.15,2720583
2021-04-30 09:29:03,611.1,2723518
2021-04-30 09:29:04,611.1,2725252
2021-04-30 09:29:05,611.05,2726547
2021-04-30 09:29:06,611.05,2732870
2021-04-30 09:29:07,611.15,2734619
2021-04-30 09:29:08,611.45,2740379
2021-04-30 09:29:09,611.35,2741998
2021-04-30 09:29:10,611.45,2746948
2021-04-30 09:29:11,611.35,2747543
2021-04-30 09:29:12,611.45,2748964
2021-04-30 09:29:13,611.65,2766334
2021-04-30 09:29:14,611.7,2766983
2021-04-30 09:29:15,611.75,2771085
2021-04-30 09:29:16,611.85,2772312
2021-04-30 09:29:17,612.2,2793697
2021-04-30 09:29:18,612.2,2797279
2021-04-30 09:29:19,612.5,2799564
2021-04-30 09:29:20,612.5,2802997
2021-04-30 09:29:21,612.45,2809354
2021-04-30 09:29:22,612.5,2811819
2021-04-30 09:29:23,612.6,2816507
2021-04-30 09:29:24,612.6,2818184
2021-04-30 09:29:25,612.3,2825247
2021-04-30 09:29:26,612.4,2838729
2021-04-30 09:29:27,612.3,2840658
2021-04-30 09:29:28,612.4,2846923
2021-04-30 09:29:29,612.3,2849578
2021-04-30 09:29:30,612.4,2861400
2021-04-30 09:29:31,612.3,2865668
2021-04-30 09:29:32,612.4,2871762
2021-04-30 09:29:33,612.35,2881847
2021-04-30 09:29:34,612.3,2882357
2021-04-30 09:29:35,612.15,2886078
2021-04-30 09:29:36,612.15,2891501
2021-04-30 09:29:37,612.35,2892987
2021-04-30 09:29:38,612.05,2894336
2021-04-30 09:29:39,612.15,2897490
2021-04-30 09:29:40,612.3,2898239
2021-04-30 09:29:41,612.25,2900416
2021-04-30 09:29:42,612.3,2900918
2021-04-30 09:29:43,612.05,2903367
2021-04-30 09:29:44,612.2,2904784
2021-04-30 09:29:45,612.2,2904941
2021-04-30 09:29:46,612.25,2905943
2021-04-30 09:29:47,612.25,2906608
2021-04-30 09:29:48,612.3,2907893
2021-04-30 09:29:49,612.3,2910752
2021-04-30 09:29:50,612.15,2911495
2021-04-30 09:29:51,612.3,2911895
2021-04-30 09:29:52,612.2,2913477
2021-04-30 09:29:53,612.3,2914570
2021-04-30 09:29:54,612.3,2914916
2021-04-30 09:29:55,612.15,2916500
2021-04-30 09:29:56,612.2,2917003
2021-04-30 09:29:57,612.2,2917929
2021-04-30 09:29:58,612.0,2923450
2021-04-30 09:29:59,612.2,2927863
2021-04-30 09:30:00,612.2,2929333
2021-04-30 09:30:01,612.25,2930813
2021-04-30 09:30:02,612.15,2931906
2021-04-30 09:30:03,612.25,2933188
2021-04-30 09:30:04,612.15,2934155
2021-04-30 09:30:05,612.3,2937438
2021-04-30 09:30:06,612.15,2939236
2021-04-30 09:30:07,612.2,2940441
2021-04-30 09:30:08,612.2,2944049
2021-04-30 09:30:09,612.45,2953408
2021-04-30 09:30:10,612.5,2954601
2021-04-30 09:30:11,612.5,2956807
2021-04-30 09:30:11,612.5,2956807
2021-04-30 09:30:12,612.8,2966971
2021-04-30 09:30:13,613.1,3001406
2021-04-30 09:30:14,613.1,3002125
2021-04-30 09:30:15,613.15,3003339
2021-04-30 09:30:16,613.5,3005451
2021-04-30 09:30:17,613.5,3007646
2021-04-30 09:30:18,613.4,3009429
2021-04-30 09:30:19,613.4,3009579
2021-04-30 09:30:21,613.5,3014415
2021-04-30 09:30:22,613.15,3020765
2021-04-30 09:30:22,613.5,3020775
2021-04-30 09:30:23,613.5,3022648
2021-04-30 09:30:24,613.45,3023257
2021-04-30 09:30:25,613.45,3023842
2021-04-30 09:30:26,613.45,3024365
2021-04-30 09:30:27,613.7,3029352
2021-04-30 09:30:28,613.35,3032409
2021-04-30 09:30:30,613.75,3034640
2021-04-30 09:30:31,613.7,3034881
2021-04-30 09:30:32,613.45,3036383
2021-04-30 09:30:33,613.45,3038173
2021-04-30 09:30:34,613.5,3038692
2021-04-30 09:30:35,613.3,3040542
2021-04-30 09:30:36,613.35,3044732
2021-04-30 09:30:37,613.35,3046553
2021-04-30 09:30:38,613.25,3046818
2021-04-30 09:30:39,613.35,3047022
2021-04-30 09:30:40,613.05,3052380
2021-04-30 09:30:41,613.1,3058744
2021-04-30 09:30:42,612.95,3060883
2021-04-30 09:30:43,613.0,3063268
2021-04-30 09:30:44,613.05,3063752
2021-04-30 09:30:45,613.05,3065128
2021-04-30 09:30:46,612.95,3066725
2021-04-30 09:30:47,613.0,3067686
2021-04-30 09:30:48,612.95,3068343
2021-04-30 09:30:49,613.0,3069480
2021-04-30 09:30:50,613.05,3070194
2021-04-30 09:30:51,612.8,3072023
2021-04-30 09:30:52,612.7,3073310
2021-04-30 09:30:54,612.65,3077529
2021-04-30 09:30:55,612.9,3077813
2021-04-30 09:30:56,612.7,3078460
2021-04-30 09:30:57,612.65,3078769
2021-04-30 09:30:58,612.65,3078864
2021-04-30 09:30:59,612.45,3086835
2021-04-30 09:31:00,612.2,3087041
2021-04-30 09:31:01,612.2,3087805
2021-04-30 09:31:02,612.3,3088014
2021-04-30 09:31:04,612.25,3089577
2021-04-30 09:31:05,612.1,3090144
2021-04-30 09:31:06,612.2,3093876
2021-04-30 09:31:07,612.25,3094263
2021-04-30 09:31:08,612.25,3094520
2021-04-30 09:31:09,611.55,3107276
2021-04-30 09:31:10,612.0,3108398
2021-04-30 09:31:12,611.85,3112880
2021-04-30 09:31:13,612.0,3114548
2021-04-30 09:31:14,611.9,3115001
2021-04-30 09:31:15,611.2,3118552
2021-04-30 09:31:16,611.35,3119032
2021-04-30 09:31:17,612.0,3132837
2021-04-30 09:31:18,611.65,3133704
2021-04-30 09:31:19,611.7,3134216
2021-04-30 09:31:20,611.65,3134387
2021-04-30 09:31:21,611.7,3134891
2021-04-30 09:31:22,611.6,3135898
2021-04-30 09:31:23,611.5,3135901
2021-04-30 09:31:24,611.35,3137864
2021-04-30 09:31:26,611.5,3139690
2021-04-30 09:31:27,611.5,3140065
2021-04-30 09:31:28,611.55,3146848
2021-04-30 09:31:29,611.3,3147593
2021-04-30 09:31:30,611.3,3151081
2021-04-30 09:31:31,611.35,3152486
2021-04-30 09:31:32,611.3,3153051
2021-04-30 09:31:33,611.4,3153441
2021-04-30 09:31:34,611.3,3154969
2021-04-30 09:31:35,611.3,3155503
2021-04-30 09:31:36,611.3,3156069
2021-04-30 09:31:37,611.35,3159016
2021-04-30 09:31:38,611.35,3159731
2021-04-30 09:31:39,611.65,3160592
2021-04-30 09:31:40,611.35,3161841
2021-04-30 09:31:40,611.35,3161679
2021-04-30 09:31:41,611.4,3163873
2021-04-30 09:31:42,611.35,3164543
2021-04-30 09:31:43,611.3,3164656
2021-04-30 09:31:44,611.5,3165486
2021-04-30 09:31:46,611.5,3166297
2021-04-30 09:31:47,611.35,3166408
2021-04-30 09:31:48,611.5,3166912
2021-04-30 09:31:49,611.35,3167267
2021-04-30 09:31:50,611.35,3167452
2021-04-30 09:31:51,611.45,3168863
2021-04-30 09:31:53,611.45,3168912
2021-04-30 09:31:54,611.4,3169088
2021-04-30 09:31:55,611.4,3169684
2021-04-30 09:31:56,611.35,3169998
2021-04-30 09:31:58,611.5,3170772
2021-04-30 09:31:59,611.7,3171322
2021-04-30 09:32:00,611.65,3171965
2021-04-30 09:32:01,611.75,3172314
2021-04-30 09:32:02,611.95,3172855
2021-04-30 09:32:03,611.75,3173091
2021-04-30 09:32:04,611.95,3174501
2021-04-30 09:32:05,612.0,3176345
2021-04-30 09:32:05,612.0,3176345
2021-04-30 09:32:07,612.0,3185905
2021-04-30 09:32:08,612.1,3188415
2021-04-30 09:32:09,612.1,3189473
2021-04-30 09:32:10,611.9,3190927
2021-04-30 09:32:11,611.85,3191592
2021-04-30 09:32:12,612.0,3192824
2021-04-30 09:32:13,612.0,3193255
2021-04-30 09:32:14,611.7,3194871
2021-04-30 09:32:15,611.75,3196181
2021-04-30 09:32:16,611.5,3214406
2021-04-30 09:32:17,611.4,3214458
2021-04-30 09:32:18,611.9,3218246
2021-04-30 09:32:19,611.7,3218476
2021-04-30 09:32:20,611.9,3218987
2021-04-30 09:32:21,611.9,3222698
2021-04-30 09:32:22,611.9,3224033
2021-04-30 09:32:23,611.7,3225293
2021-04-30 09:32:24,611.8,3226861
2021-04-30 09:32:25,611.9,3228462
2021-04-30 09:32:26,611.9,3228471
2021-04-30 09:32:27,611.65,3228525
2021-04-30 09:32:28,611.85,3228530
2021-04-30 09:32:29,611.85,3228592
2021-04-30 09:32:30,611.55,3232368
2021-04-30 09:32:31,611.55,3232795
2021-04-30 09:32:32,611.35,3237007
2021-04-30 09:32:33,611.35,3237489
2021-04-30 09:32:34,611.05,3239701
2021-04-30 09:32:35,611.25,3239886
2021-04-30 09:32:36,611.2,3240935
2021-04-30 09:32:37,611.0,3241974
2021-04-30 09:32:38,611.0,3248712
2021-04-30 09:32:39,611.05,3250746
2021-04-30 09:32:40,611.1,3252872
2021-04-30 09:32:41,611.05,3253455
2021-04-30 09:32:42,611.0,3253855
2021-04-30 09:32:43,611.0,3257394
2021-04-30 09:32:44,611.1,3257819
2021-04-30 09:32:45,611.1,3260157
2021-04-30 09:32:46,611.0,3261234
2021-04-30 09:32:47,611.15,3261339
2021-04-30 09:32:47,611.0,3261564
2021-04-30 09:32:48,611.1,3262284
2021-04-30 09:32:49,611.0,3263594
2021-04-30 09:32:50,610.95,3265702
2021-04-30 09:32:52,610.85,3265987
2021-04-30 09:32:53,610.7,3266549
2021-04-30 09:32:54,610.75,3269169
2021-04-30 09:32:55,610.6,3278998
2021-04-30 09:32:56,610.7,3279061
2021-04-30 09:32:57,610.4,3279485
2021-04-30 09:32:58,610.3,3285310
2021-04-30 09:32:59,610.7,3287562
2021-04-30 09:33:00,610.7,3287937
2021-04-30 09:33:01,610.55,3288576
2021-04-30 09:33:02,610.6,3293029
2021-04-30 09:33:03,610.5,3294030
2021-04-30 09:33:04,610.65,3294165
2021-04-30 09:33:05,610.55,3294986
2021-04-30 09:33:06,610.5,3295767
2021-04-30 09:33:07,610.4,3297241
2021-04-30 09:33:08,610.4,3297784
2021-04-30 09:33:09,610.45,3299539
2021-04-30 09:33:10,610.55,3300220
2021-04-30 09:33:11,610.55,3301154
2021-04-30 09:33:12,610.55,3301257
2021-04-30 09:33:13,610.4,3301768
2021-04-30 09:33:14,610.5,3301869
2021-04-30 09:33:15,610.5,3302317
2021-04-30 09:33:16,610.4,3302660
2021-04-30 09:33:16,610.5,3302870
2021-04-30 09:33:17,610.45,3303967
2021-04-30 09:33:18,610.15,3306489
2021-04-30 09:33:19,610.4,3308995
2021-04-30 09:33:20,610.35,3309406
2021-04-30 09:33:21,610.4,3312554
2021-04-30 09:33:22,610.4,3312864
2021-04-30 09:33:23,610.4,3313978
2021-04-30 09:33:24,610.55,3315027
2021-04-30 09:33:25,610.55,3315315
2021-04-30 09:33:26,610.5,3316813
2021-04-30 09:33:27,610.65,3318680
2021-04-30 09:33:29,610.7,3321882
2021-04-30 09:33:30,610.65,3321938
2021-04-30 09:33:31,610.85,3324690
2021-04-30 09:33:32,610.85,3325344
2021-04-30 09:33:33,611.0,3327447
2021-04-30 09:33:34,611.0,3327483
2021-04-30 09:33:35,610.8,3327775
2021-04-30 09:33:36,610.95,3330600
2021-04-30 09:33:37,610.85,3330850
2021-04-30 09:33:38,610.65,3331309
2021-04-30 09:33:39,610.65,3331887
2021-04-30 09:33:40,610.65,3335643
2021-04-30 09:33:41,610.5,3336288
2021-04-30 09:33:41,610.5,3335864
2021-04-30 09:33:43,610.4,3338740
2021-04-30 09:33:44,610.45,3339289
2021-04-30 09:33:45,610.45,3339436
2021-04-30 09:33:46,610.25,3339597
2021-04-30 09:33:47,610.4,3340953
2021-04-30 09:33:48,610.5,3341191
2021-04-30 09:33:49,610.55,3341215
2021-04-30 09:33:50,610.55,3342020
2021-04-30 09:33:51,610.4,3342054
2021-04-30 09:33:52,610.45,3344249
2021-04-30 09:33:53,610.5,3344501
2021-04-30 09:33:54,610.5,3345030
2021-04-30 09:33:55,610.6,3345812
2021-04-30 09:33:56,610.6,3346171
2021-04-30 09:33:57,610.55,3346541
2021-04-30 09:33:58,610.65,3347289
2021-04-30 09:33:59,610.55,3347785
2021-04-30 09:34:00,610.65,3348104
2021-04-30 09:34:01,610.65,3348276
2021-04-30 09:34:02,610.95,3349338
2021-04-30 09:34:03,610.8,3350235
2021-04-30 09:34:04,610.9,3350755
2021-04-30 09:34:05,611.3,3357937
2021-04-30 09:34:06,611.25,3358492
2021-04-30 09:34:07,611.25,3358719
2021-04-30 09:34:08,611.25,3363894
2021-04-30 09:34:09,611.25,3363894
2021-04-30 09:34:10,611.8,3367341
2021-04-30 09:34:11,611.55,3369890
2021-04-30 09:34:12,612.0,3375043
2021-04-30 09:34:13,611.8,3375997
2021-04-30 09:34:15,611.95,3376456
2021-04-30 09:34:16,611.7,3376662
2021-04-30 09:34:17,611.8,3377167
2021-04-30 09:34:18,611.75,3377222
2021-04-30 09:34:19,611.75,3377700
2021-04-30 09:34:20,611.7,3379471
2021-04-30 09:34:21,611.7,3379491
2021-04-30 09:34:22,611.55,3380179
2021-04-30 09:34:23,611.45,3380434
2021-04-30 09:34:24,611.45,3380649
2021-04-30 09:34:25,611.7,3382487
2021-04-30 09:34:26,611.65,3382848
2021-04-30 09:34:27,611.65,3384881
2021-04-30 09:34:28,611.55,3385427
2021-04-30 09:34:29,611.6,3385690
2021-04-30 09:34:30,611.6,3385973
2021-04-30 09:34:31,611.55,3386215
2021-04-30 09:34:32,611.55,3386268
2021-04-30 09:34:33,611.25,3389075
2021-04-30 09:34:34,611.0,3393374
2021-04-30 09:34:35,611.0,3394856
2021-04-30 09:34:37,611.45,3397727
2021-04-30 09:34:38,611.4,3397933
2021-04-30 09:34:39,611.5,3399640
2021-04-30 09:34:40,611.6,3401076
2021-04-30 09:34:41,611.6,3401691
2021-04-30 09:34:42,611.4,3401813
2021-04-30 09:34:43,611.7,3402835
2021-04-30 09:34:44,611.4,3402945
2021-04-30 09:34:45,611.5,3403150
2021-04-30 09:34:46,611.7,3403368
2021-04-30 09:34:47,611.7,3403698
2021-04-30 09:34:48,611.55,3403789
2021-04-30 09:34:49,611.8,3405952
2021-04-30 09:34:50,611.6,3406697
2021-04-30 09:34:51,611.75,3407272
2021-04-30 09:34:52,611.55,3407772
2021-04-30 09:34:53,611.8,3407867
2021-04-30 09:34:54,611.8,3408117
2021-04-30 09:34:55,611.8,3408812
2021-04-30 09:34:56,611.75,3409723
2021-04-30 09:34:57,611.85,3410016
2021-04-30 09:34:58,611.85,3410176
2021-04-30 09:34:59,611.9,3410177
2021-04-30 09:35:00,611.95,3410945
2021-04-30 09:35:01,612.05,3422968
2021-04-30 09:35:02,611.9,3423801
2021-04-30 09:35:03,612.0,3423851
2021-04-30 09:35:04,612.0,3424014
2021-04-30 09:35:05,611.8,3429213
2021-04-30 09:35:06,612.0,3430583
2021-04-30 09:35:07,612.0,3432170
2021-04-30 09:35:08,611.95,3432537
2021-04-30 09:35:09,612.0,3435586
2021-04-30 09:35:10,612.05,3438617
2021-04-30 09:35:11,611.85,3439478
2021-04-30 09:35:12,612.0,3440433
2021-04-30 09:35:13,612.2,3442616
2021-04-30 09:35:14,612.2,3442706
2021-04-30 09:35:15,612.2,3443008
2021-04-30 09:35:16,612.2,3443201
2021-04-30 09:35:17,612.0,3443369
2021-04-30 09:35:18,612.2,3443574
2021-04-30 09:35:19,612.0,3446767
2021-04-30 09:35:20,611.85,3449497
2021-04-30 09:35:21,611.85,3449578
2021-04-30 09:35:22,611.65,3449609
2021-04-30 09:35:23,611.65,3450258
2021-04-30 09:35:24,611.8,3450637
2021-04-30 09:35:25,611.75,3451037
2021-04-30 09:35:26,611.65,3451637
2021-04-30 09:35:27,611.75,3451957
2021-04-30 09:35:28,611.7,3452152
2021-04-30 09:35:29,611.75,3452902
2021-04-30 09:35:30,611.8,3453108
2021-04-30 09:35:31,612.05,3455203
2021-04-30 09:35:32,612.2,3455462
2021-04-30 09:35:33,612.2,3455520
2021-04-30 09:35:34,612.0,3458011
2021-04-30 09:35:35,612.1,3459082
2021-04-30 09:35:36,612.1,3459715
2021-04-30 09:35:37,612.2,3460212
2021-04-30 09:35:38,612.15,3463837
2021-04-30 09:35:40,612.5,3469148
2021-04-30 09:35:41,612.4,3469524
2021-04-30 09:35:42,612.4,3469545
2021-04-30 09:35:43,612.5,3469846
2021-04-30 09:35:44,612.45,3470186
2021-04-30 09:35:45,612.45,3470452
2021-04-30 09:35:47,612.45,3470690
2021-04-30 09:35:48,612.45,3471029
2021-04-30 09:35:49,612.5,3471745
2021-04-30 09:35:50,612.4,3473018
2021-04-30 09:35:51,612.5,3475414
2021-04-30 09:35:52,612.6,3478390
2021-04-30 09:35:53,612.65,3479325
2021-04-30 09:35:54,612.5,3479369
2021-04-30 09:35:55,612.55,3479957
2021-04-30 09:35:56,612.85,3494843
2021-04-30 09:35:57,612.8,3497158
2021-04-30 09:35:58,613.35,3510173
2021-04-30 09:35:59,613.5,3513839
2021-04-30 09:36:00,613.35,3514304
2021-04-30 09:36:01,613.5,3514802
2021-04-30 09:36:02,612.95,3518189
2021-04-30 09:36:03,613.2,3518669
2021-04-30 09:36:04,612.95,3519087
2021-04-30 09:36:05,612.95,3519400
2021-04-30 09:36:06,612.95,3519465
2021-04-30 09:36:07,613.0,3520337
2021-04-30 09:36:08,612.85,3521147
2021-04-30 09:36:09,612.85,3523599
2021-04-30 09:36:10,612.95,3524285
2021-04-30 09:36:11,612.8,3526866
2021-04-30 09:36:12,612.95,3528440
2021-04-30 09:36:13,612.95,3528965
2021-04-30 09:36:14,612.95,3530583
2021-04-30 09:36:15,612.8,3531768
2021-04-30 09:36:16,612.55,3534256
2021-04-30 09:36:17,612.65,3534786
2021-04-30 09:36:18,612.7,3538262
2021-04-30 09:36:19,612.7,3538569
2021-04-30 09:36:20,612.65,3540068
2021-04-30 09:36:21,612.65,3540489
2021-04-30 09:36:22,612.65,3540847
2021-04-30 09:36:23,612.65,3541726
2021-04-30 09:36:24,612.65,3542737
2021-04-30 09:36:25,612.7,3543325
2021-04-30 09:36:26,612.5,3543983
2021-04-30 09:36:27,612.6,3544686
2021-04-30 09:36:28,612.55,3544967
2021-04-30 09:36:29,612.8,3546922
2021-04-30 09:36:30,612.6,3547184
2021-04-30 09:36:31,612.65,3548094
2021-04-30 09:36:32,612.65,3548358
2021-04-30 09:36:34,612.6,3550946
2021-04-30 09:36:35,612.6,3551633
2021-04-30 09:36:35,612.6,3551639
2021-04-30 09:36:36,612.5,3552974
2021-04-30 09:36:37,612.6,3555184
2021-04-30 09:36:38,612.65,3555234
2021-04-30 09:36:39,612.8,3555409
2021-04-30 09:36:40,612.6,3556160
2021-04-30 09:36:41,612.5,3557818
2021-04-30 09:36:42,612.55,3557993
2021-04-30 09:36:43,612.55,3560118
2021-04-30 09:36:45,612.55,3561561
2021-04-30 09:36:46,612.5,3561986
2021-04-30 09:36:46,612.55,3562039
2021-04-30 09:36:47,612.55,3563720
2021-04-30 09:36:48,612.2,3579103
2021-04-30 09:36:49,612.2,3580823
2021-04-30 09:36:50,612.1,3582454
2021-04-30 09:36:51,612.15,3583099
2021-04-30 09:36:52,612.1,3585691
2021-04-30 09:36:53,612.15,3586594
2021-04-30 09:36:54,612.2,3587447
2021-04-30 09:36:56,612.2,3587511
2021-04-30 09:36:56,612.2,3587713
2021-04-30 09:36:57,612.25,3587906
2021-04-30 09:36:58,612.3,3588978
2021-04-30 09:36:59,612.5,3589709
2021-04-30 09:37:00,612.25,3590214
2021-04-30 09:37:01,612.3,3590714
2021-04-30 09:37:02,612.2,3593124
2021-04-30 09:37:03,612.2,3593590
2021-04-30 09:37:04,612.25,3594210
2021-04-30 09:37:05,612.2,3594223
2021-04-30 09:37:06,612.05,3596209
2021-04-30 09:37:08,612.0,3597962
2021-04-30 09:37:09,612.05,3598064
2021-04-30 09:37:10,612.05,3600453
2021-04-30 09:37:10,612.05,3600453
2021-04-30 09:37:11,612.0,3600693
2021-04-30 09:37:12,612.2,3601477
2021-04-30 09:37:13,612.2,3601502
2021-04-30 09:37:14,612.3,3603632
2021-04-30 09:37:16,612.55,3604000
2021-04-30 09:37:16,612.55,3604025
2021-04-30 09:37:17,612.7,3604743
2021-04-30 09:37:18,612.8,3606067
2021-04-30 09:37:19,612.8,3606276
2021-04-30 09:37:20,612.8,3606391
2021-04-30 09:37:21,612.75,3607531
2021-04-30 09:37:22,612.8,3608183
2021-04-30 09:37:23,612.8,3608183
2021-04-30 09:37:25,612.7,3608195
2021-04-30 09:37:26,612.8,3608297
2021-04-30 09:37:27,612.8,3612651
2021-04-30 09:37:27,612.6,3614652
2021-04-30 09:37:28,612.8,3617320
2021-04-30 09:37:29,612.95,3618571
2021-04-30 09:37:30,612.8,3618624
2021-04-30 09:37:32,612.8,3619319
2021-04-30 09:37:32,612.8,3620695
2021-04-30 09:37:33,612.8,3620739
2021-04-30 09:37:34,612.8,3620930
2021-04-30 09:37:35,612.8,3621090
2021-04-30 09:37:36,612.8,3622231
2021-04-30 09:37:37,612.85,3622606
2021-04-30 09:37:38,612.8,3623036
2021-04-30 09:37:39,612.8,3623175
2021-04-30 09:37:40,612.8,3624596
2021-04-30 09:37:41,612.8,3626350
2021-04-30 09:37:42,612.85,3627686
2021-04-30 09:37:43,612.85,3628042
2021-04-30 09:37:44,612.85,3628603
2021-04-30 09:37:45,612.85,3628605
2021-04-30 09:37:47,612.95,3628939
2021-04-30 09:37:47,612.95,3629216
2021-04-30 09:37:48,612.9,3629846
2021-04-30 09:37:49,612.95,3630144
2021-04-30 09:37:50,612.95,3630260
2021-04-30 09:37:52,612.9,3631414
2021-04-30 09:37:53,612.9,3631977
2021-04-30 09:37:53,612.9,3631972
2021-04-30 09:37:54,612.9,3632149
2021-04-30 09:37:55,612.85,3632394
2021-04-30 09:37:56,612.9,3633506
2021-04-30 09:37:57,613.5,3648260
2021-04-30 09:37:58,613.2,3648491
2021-04-30 09:37:59,613.15,3649741
2021-04-30 09:38:00,613.1,3651315
2021-04-30 09:38:02,613.05,3652781
2021-04-30 09:38:03,612.95,3652871
2021-04-30 09:38:04,613.2,3655618
2021-04-30 09:38:04,613.2,3655617
2021-04-30 09:38:05,613.0,3658020
2021-04-30 09:38:06,613.1,3661796
2021-04-30 09:38:08,613.25,3662952
2021-04-30 09:38:09,613.5,3663295
2021-04-30 09:38:10,613.35,3663571
2021-04-30 09:38:11,613.4,3664218
2021-04-30 09:38:12,613.5,3664237
2021-04-30 09:38:13,613.5,3666967
2021-04-30 09:38:13,613.45,3667237
2021-04-30 09:38:14,613.5,3668490
2021-04-30 09:38:15,613.6,3675508
2021-04-30 09:38:17,613.5,3675531
2021-04-30 09:38:18,613.5,3675981
2021-04-30 09:38:19,613.3,3677185
2021-04-30 09:38:19,613.5,3677626
2021-04-30 09:38:20,613.25,3677967
2021-04-30 09:38:21,613.5,3678584
2021-04-30 09:38:22,613.25,3678871
2021-04-30 09:38:23,613.2,3679483
2021-04-30 09:38:25,613.3,3679641
2021-04-30 09:38:26,613.45,3680917
2021-04-30 09:38:26,613.45,3681945
2021-04-30 09:38:27,613.45,3684710
2021-04-30 09:38:29,613.45,3685278
2021-04-30 09:38:30,613.45,3685453
2021-04-30 09:38:31,613.45,3685794
2021-04-30 09:38:32,613.4,3687215
2021-04-30 09:38:32,613.3,3687342
2021-04-30 09:38:34,613.3,3687544
2021-04-30 09:38:35,613.3,3687900
2021-04-30 09:38:36,613.3,3688652
2021-04-30 09:38:37,613.4,3689042
2021-04-30 09:38:38,613.2,3692122
2021-04-30 09:38:39,613.2,3693277
2021-04-30 09:38:39,613.2,3693276
2021-04-30 09:38:40,613.15,3696120
2021-04-30 09:38:41,613.1,3696637
2021-04-30 09:38:42,613.0,3698412
2021-04-30 09:38:44,613.2,3698557
2021-04-30 09:38:45,613.2,3699192
2021-04-30 09:38:46,613.15,3699708
2021-04-30 09:38:47,613.3,3702761
2021-04-30 09:38:48,613.3,3703462
2021-04-30 09:38:48,613.2,3703354
2021-04-30 09:38:49,613.2,3703489
2021-04-30 09:38:50,613.3,3703690
2021-04-30 09:38:51,613.2,3703710
2021-04-30 09:38:52,613.3,3704648
2021-04-30 09:38:53,613.3,3704778
2021-04-30 09:38:54,613.2,3705355
2021-04-30 09:38:55,613.3,3705601
2021-04-30 09:38:56,613.2,3706189
2021-04-30 09:38:57,613.3,3706691
2021-04-30 09:38:58,613.4,3706943
2021-04-30 09:38:59,613.2,3707526
2021-04-30 09:39:00,613.4,3707749
2021-04-30 09:39:02,613.25,3708153
2021-04-30 09:39:03,613.3,3708450
2021-04-30 09:39:04,613.4,3710340
2021-04-30 09:39:05,613.4,3713237
2021-04-30 09:39:05,613.4,3714187
2021-04-30 09:39:06,613.7,3723053
2021-04-30 09:39:07,613.8,3724470
2021-04-30 09:39:08,613.8,3726716
2021-04-30 09:39:09,613.75,3730378
2021-04-30 09:39:10,613.7,3736050
2021-04-30 09:39:11,613.85,3744109
2021-04-30 09:39:13,613.8,3744190
2021-04-30 09:39:14,613.8,3744491
2021-04-30 09:39:15,613.85,3745995
2021-04-30 09:39:15,613.8,3746289
2021-04-30 09:39:16,613.95,3760440
2021-04-30 09:39:17,613.9,3763540
2021-04-30 09:39:18,613.8,3766346
2021-04-30 09:39:19,614.0,3767280
2021-04-30 09:39:20,613.95,3768350
2021-04-30 09:39:21,613.85,3768378
2021-04-30 09:39:22,613.95,3769979
2021-04-30 09:39:23,613.85,3772161
2021-04-30 09:39:24,613.9,3777457
2021-04-30 09:39:25,613.9,3777590
2021-04-30 09:39:27,613.9,3779599
2021-04-30 09:39:28,613.95,3780445
2021-04-30 09:39:29,614.0,3783998
2021-04-30 09:39:30,614.0,3784941
2021-04-30 09:39:31,613.85,3785806
2021-04-30 09:39:32,613.85,3789158
2021-04-30 09:39:33,613.8,3790626
2021-04-30 09:39:34,613.9,3791106
2021-04-30 09:39:34,613.9,3791140
2021-04-30 09:39:35,613.75,3791433
2021-04-30 09:39:36,613.7,3793600
2021-04-30 09:39:37,613.75,3796892
2021-04-30 09:39:38,613.75,3799839
2021-04-30 09:39:40,613.7,3801379
2021-04-30 09:39:41,613.8,3808695
2021-04-30 09:39:42,613.75,3808803
2021-04-30 09:39:42,613.75,3808803
2021-04-30 09:39:43,614.15,3823440
2021-04-30 09:39:44,614.1,3829668
2021-04-30 09:39:46,614.15,3829928
2021-04-30 09:39:47,614.0,3830208
2021-04-30 09:39:48,614.0,3834928
2021-04-30 09:39:48,613.8,3835056
2021-04-30 09:39:49,614.0,3835668
2021-04-30 09:39:50,613.75,3838762
2021-04-30 09:39:52,613.9,3840870
2021-04-30 09:39:53,614.0,3841122
2021-04-30 09:39:54,613.95,3841558
2021-04-30 09:39:54,613.95,3841534
2021-04-30 09:39:55,613.9,3841653
2021-04-30 09:39:57,613.75,3849022
2021-04-30 09:39:58,613.85,3849390
2021-04-30 09:39:59,613.9,3850140
2021-04-30 09:40:00,613.95,3851507
2021-04-30 09:40:02,613.95,3851607
2021-04-30 09:40:03,613.95,3852282
2021-04-30 09:40:04,614.0,3865803
2021-04-30 09:40:05,613.95,3866157
2021-04-30 09:40:05,613.95,3866007
2021-04-30 09:40:06,614.15,3874662
2021-04-30 09:40:07,614.05,3875210
2021-04-30 09:40:08,614.1,3875747
2021-04-30 09:40:09,614.15,3876887
2021-04-30 09:40:10,614.05,3879042
2021-04-30 09:40:13,614.0,3879631
2021-04-30 09:40:14,614.1,3879902
2021-04-30 09:40:14,614.05,3879957
2021-04-30 09:40:16,614.05,3881530
2021-04-30 09:40:17,614.25,3882279
2021-04-30 09:40:18,614.25,3885334
2021-04-30 09:40:19,614.4,3886525
2021-04-30 09:40:20,614.2,3887844
2021-04-30 09:40:21,614.35,3889482
2021-04-30 09:40:21,614.45,3889490
2021-04-30 09:40:22,614.4,3890478
2021-04-30 09:40:24,614.3,3893977
2021-04-30 09:40:25,614.25,3896071
2021-04-30 09:40:26,614.15,3910416
2021-04-30 09:40:27,614.15,3911964
2021-04-30 09:40:28,614.15,3912065
2021-04-30 09:40:29,614.15,3912310
2021-04-30 09:40:30,614.1,3912969
2021-04-30 09:40:31,614.15,3914012
2021-04-30 09:40:32,614.15,3915124
2021-04-30 09:40:33,614.1,3916364
2021-04-30 09:40:33,614.2,3916549
2021-04-30 09:40:34,614.05,3919919
2021-04-30 09:40:35,614.15,3920744
2021-04-30 09:40:36,613.95,3921698
2021-04-30 09:40:38,614.15,3922117
2021-04-30 09:40:39,614.0,3923042
2021-04-30 09:40:40,614.0,3925339
2021-04-30 09:40:41,614.0,3925407
2021-04-30 09:40:42,613.95,3928082
2021-04-30 09:40:43,613.95,3931703
2021-04-30 09:40:44,613.75,3935883
2021-04-30 09:40:46,613.55,3937413
2021-04-30 09:40:47,613.9,3938125
2021-04-30 09:40:48,613.8,3938929
2021-04-30 09:40:49,613.75,3940599
2021-04-30 09:40:50,613.8,3941114
2021-04-30 09:40:51,613.7,3942530
2021-04-30 09:40:52,613.55,3943440
2021-04-30 09:40:53,613.8,3944665
2021-04-30 09:40:55,613.8,3946345
2021-04-30 09:40:55,613.8,3946315
2021-04-30 09:40:56,613.8,3948281
2021-04-30 09:40:57,613.55,3948709
2021-04-30 09:40:59,613.6,3948949
2021-04-30 09:41:00,613.55,3954076
2021-04-30 09:41:01,613.4,3954580
2021-04-30 09:41:02,613.5,3954997
2021-04-30 09:41:03,613.55,3956480
2021-04-30 09:41:04,613.6,3958948
2021-04-30 09:41:05,613.75,3958996
2021-04-30 09:41:06,613.65,3959238
2021-04-30 09:41:07,613.75,3959359
2021-04-30 09:41:08,613.9,3960981
2021-04-30 09:41:09,614.0,3986591
2021-04-30 09:41:09,613.95,3973657
2021-04-30 09:41:10,614.15,3986667
2021-04-30 09:41:11,614.05,3986968
2021-04-30 09:41:12,614.05,3987519
2021-04-30 09:41:13,613.95,3987926
2021-04-30 09:41:14,614.25,3997831
2021-04-30 09:41:16,614.15,3998909
2021-04-30 09:41:17,614.4,3999045
2021-04-30 09:41:18,614.3,3999395
2021-04-30 09:41:19,614.35,4000095
2021-04-30 09:41:20,614.35,4000335
2021-04-30 09:41:21,614.35,4001083
2021-04-30 09:41:22,614.25,4001134
2021-04-30 09:41:23,614.15,4002851
2021-04-30 09:41:24,614.25,4003316
2021-04-30 09:41:25,614.05,4004827
2021-04-30 09:41:26,614.05,4006334
2021-04-30 09:41:27,614.25,4007459
2021-04-30 09:41:28,614.1,4008381
2021-04-30 09:41:29,614.1,4008491
2021-04-30 09:41:30,614.05,4009835
2021-04-30 09:41:31,614.1,4011265
2021-04-30 09:41:32,613.9,4012520
2021-04-30 09:41:33,613.75,4013038
2021-04-30 09:41:34,614.05,4013415
2021-04-30 09:41:35,613.8,4013543
2021-04-30 09:41:36,614.05,4014913
2021-04-30 09:41:37,613.85,4015652
2021-04-30 09:41:38,614.1,4016315
2021-04-30 09:41:39,613.95,4017479
2021-04-30 09:41:40,614.0,4018293
2021-04-30 09:41:41,614.2,4018623
2021-04-30 09:41:43,614.0,4019487
2021-04-30 09:41:43,613.8,4019682
2021-04-30 09:41:44,614.0,4022382
2021-04-30 09:41:46,613.95,4022773
2021-04-30 09:41:47,613.65,4023733
2021-04-30 09:41:48,613.9,4023944
2021-04-30 09:41:49,613.9,4023964
2021-04-30 09:41:50,613.8,4024380
2021-04-30 09:41:51,613.8,4025889
2021-04-30 09:41:52,613.8,4026311
2021-04-30 09:41:53,613.75,4026991
2021-04-30 09:41:54,613.8,4027541
2021-04-30 09:41:55,613.7,4027956
2021-04-30 09:41:56,613.8,4028084
2021-04-30 09:41:57,613.8,4028170
2021-04-30 09:41:58,613.8,4029718
2021-04-30 09:41:59,613.75,4030245
2021-04-30 09:42:00,613.75,4030371
2021-04-30 09:42:00,613.75,4030371
2021-04-30 09:42:01,613.75,4031231
2021-04-30 09:42:02,613.75,4031484
2021-04-30 09:42:03,613.75,4031893
2021-04-30 09:42:04,613.7,4032116
2021-04-30 09:42:05,613.75,4032736
2021-04-30 09:42:06,613.75,4032786
2021-04-30 09:42:07,613.7,4033337
2021-04-30 09:42:08,613.6,4033609
2021-04-30 09:42:09,613.55,4034559
2021-04-30 09:42:10,613.4,4037997
2021-04-30 09:42:11,613.45,4038329
2021-04-30 09:42:12,613.4,4038613
2021-04-30 09:42:13,613.25,4043324
2021-04-30 09:42:14,613.05,4046125
2021-04-30 09:42:15,613.35,4047501
2021-04-30 09:42:16,613.25,4050417
2021-04-30 09:42:17,613.05,4052270
2021-04-30 09:42:18,613.0,4055834
2021-04-30 09:42:19,613.0,4056401
2021-04-30 09:42:20,613.15,4057695
2021-04-30 09:42:21,613.25,4058421
2021-04-30 09:42:22,613.1,4059086
2021-04-30 09:42:23,613.0,4061293
2021-04-30 09:42:24,613.0,4062032
2021-04-30 09:42:25,613.05,4062485
2021-04-30 09:42:26,613.0,4065210
2021-04-30 09:42:28,613.0,4065736
2021-04-30 09:42:29,612.6,4068126
2021-04-30 09:42:30,612.85,4068286
2021-04-30 09:42:31,612.9,4069687
2021-04-30 09:42:32,612.85,4070337
2021-04-30 09:42:33,612.8,4070412
2021-04-30 09:42:34,612.8,4070909
2021-04-30 09:42:35,612.6,4071075
2021-04-30 09:42:36,612.8,4071144
2021-04-30 09:42:37,612.6,4072791
2021-04-30 09:42:38,612.6,4073252
2021-04-30 09:42:39,612.55,4074312
2021-04-30 09:42:39,612.55,4074312
2021-04-30 09:42:41,612.2,4082039
2021-04-30 09:42:42,612.35,4083664
2021-04-30 09:42:43,612.35,4084664
2021-04-30 09:42:44,612.45,4086215
2021-04-30 09:42:45,612.6,4086431
2021-04-30 09:42:46,612.5,4086561
2021-04-30 09:42:47,612.8,4086607
2021-04-30 09:42:48,612.7,4087458
2021-04-30 09:42:49,612.9,4087599
2021-04-30 09:42:50,612.85,4088170
2021-04-30 09:42:51,612.85,4088196
2021-04-30 09:42:52,613.05,4093553
2021-04-30 09:42:52,613.05,4093553
2021-04-30 09:42:53,613.15,4094532
2021-04-30 09:42:54,612.8,4094754
2021-04-30 09:42:55,612.8,4095604
2021-04-30 09:42:56,612.7,4096491
2021-04-30 09:42:58,612.8,4096522
2021-04-30 09:42:59,612.85,4096628
2021-04-30 09:43:00,612.85,4096630
2021-04-30 09:43:01,612.8,4096648
2021-04-30 09:43:02,612.8,4096743
2021-04-30 09:43:03,612.95,4097009
2021-04-30 09:43:04,612.9,4097204
2021-04-30 09:43:05,612.85,4098182
2021-04-30 09:43:06,613.0,4098185
2021-04-30 09:43:07,613.2,4099654
2021-04-30 09:43:08,613.0,4100210
2021-04-30 09:43:09,612.9,4100410
2021-04-30 09:43:10,612.9,4100597
2021-04-30 09:43:11,612.9,4100607
2021-04-30 09:43:12,612.85,4100697
2021-04-30 09:43:12,613.0,4100705
2021-04-30 09:43:13,612.85,4100720
2021-04-30 09:43:14,612.85,4102237
2021-04-30 09:43:15,612.8,4102468
2021-04-30 09:43:16,612.9,4102593
2021-04-30 09:43:17,612.8,4102595
2021-04-30 09:43:18,612.85,4102655
2021-04-30 09:43:20,613.0,4103912
2021-04-30 09:43:21,612.85,4105756
2021-04-30 09:43:22,613.0,4105869
2021-04-30 09:43:23,613.0,4105941
2021-04-30 09:43:24,613.0,4106251
2021-04-30 09:43:25,612.85,4106640
2021-04-30 09:43:26,612.85,4106890
2021-04-30 09:43:27,613.0,4109925
2021-04-30 09:43:28,613.1,4111563
2021-04-30 09:43:29,613.0,4111631
2021-04-30 09:43:30,613.1,4112197
2021-04-30 09:43:31,613.15,4113197
2021-04-30 09:43:32,613.3,4113659
2021-04-30 09:43:33,613.0,4114747
2021-04-30 09:43:34,613.0,4114772
2021-04-30 09:43:35,613.15,4115472
2021-04-30 09:43:36,613.0,4115509
2021-04-30 09:43:37,613.0,4115756
2021-04-30 09:43:38,613.05,4116001
2021-04-30 09:43:39,613.15,4117211
2021-04-30 09:43:40,612.9,4118496
2021-04-30 09:43:41,613.0,4118666
2021-04-30 09:43:42,613.0,4119302
2021-04-30 09:43:43,612.9,4119524
2021-04-30 09:43:44,613.0,4119532
2021-04-30 09:43:45,612.95,4120470
2021-04-30 09:43:46,613.0,4120940
2021-04-30 09:43:47,613.0,4121522
2021-04-30 09:43:48,613.05,4122554
2021-04-30 09:43:49,613.05,4122644
2021-04-30 09:43:50,613.0,4126409
2021-04-30 09:43:51,613.05,4126910
2021-04-30 09:43:52,613.05,4126940
2021-04-30 09:43:53,613.05,4127076
2021-04-30 09:43:54,613.15,4127114
2021-04-30 09:43:54,613.05,4129026
2021-04-30 09:43:55,613.1,4129051
2021-04-30 09:43:56,613.15,4131322
2021-04-30 09:43:57,613.3,4133289
2021-04-30 09:43:58,613.3,4133542
2021-04-30 09:43:59,613.1,4133763
2021-04-30 09:44:00,613.4,4134204
2021-04-30 09:44:01,613.45,4134424
2021-04-30 09:44:02,613.45,4145460
2021-04-30 09:44:03,613.7,4148401
2021-04-30 09:44:04,613.5,4149071
2021-04-30 09:44:05,613.75,4149192
2021-04-30 09:44:06,613.65,4149536
2021-04-30 09:44:07,613.7,4149646
2021-04-30 09:44:08,613.5,4150496
2021-04-30 09:44:09,613.35,4150936
2021-04-30 09:44:10,613.45,4151012
2021-04-30 09:44:11,613.1,4151266
2021-04-30 09:44:12,613.35,4151461
2021-04-30 09:44:14,613.25,4152427
2021-04-30 09:44:15,613.3,4153073
2021-04-30 09:44:16,613.15,4153173
2021-04-30 09:44:18,613.25,4154920
2021-04-30 09:44:19,613.05,4155189
2021-04-30 09:44:20,613.2,4155542
2021-04-30 09:44:21,613.05,4155763
2021-04-30 09:44:22,613.05,4156883
2021-04-30 09:44:23,613.2,4157016
2021-04-30 09:44:24,613.0,4158567
2021-04-30 09:44:25,612.9,4158600
2021-04-30 09:44:26,612.9,4158954
2021-04-30 09:44:27,613.15,4159554
2021-04-30 09:44:28,613.0,4161479
2021-04-30 09:44:29,613.05,4161749
2021-04-30 09:44:30,613.1,4161779
2021-04-30 09:44:31,613.0,4161794
2021-04-30 09:44:32,612.9,4165922
2021-04-30 09:44:33,612.95,4166962
2021-04-30 09:44:34,612.95,4166962
2021-04-30 09:44:35,612.85,4169845
2021-04-30 09:44:36,612.8,4169864
2021-04-30 09:44:37,612.8,4169930
2021-04-30 09:44:38,612.75,4170770
2021-04-30 09:44:39,612.75,4170825
2021-04-30 09:44:40,612.75,4170985
2021-04-30 09:44:41,612.7,4172175
2021-04-30 09:44:42,612.65,4172499
2021-04-30 09:44:43,612.6,4173320
2021-04-30 09:44:44,612.6,4177767
2021-04-30 09:44:45,612.4,4179192
2021-04-30 09:44:46,612.4,4180476
2021-04-30 09:44:47,612.4,4181067
2021-04-30 09:44:48,612.4,4181067
2021-04-30 09:44:49,612.5,4181218
2021-04-30 09:44:50,612.55,4181720
2021-04-30 09:44:51,612.55,4181726
2021-04-30 09:44:52,612.55,4182360
2021-04-30 09:44:53,612.6,4182398
2021-04-30 09:44:54,612.75,4185471
2021-04-30 09:44:56,612.85,4186597
2021-04-30 09:44:57,613.0,4186806
2021-04-30 09:44:58,613.15,4188524
2021-04-30 09:44:59,613.05,4188581
2021-04-30 09:45:00,613.25,4188906
2021-04-30 09:45:01,613.25,4190123
2021-04-30 09:45:02,613.5,4190223
2021-04-30 09:45:03,613.5,4190323
2021-04-30 09:45:04,613.5,4190350
2021-04-30 09:45:05,613.7,4192224
2021-04-30 09:45:06,613.8,4195235
2021-04-30 09:45:07,613.8,4195472
2021-04-30 09:45:08,613.8,4201817
2021-04-30 09:45:09,613.7,4203272
2021-04-30 09:45:10,613.65,4203504
2021-04-30 09:45:11,613.9,4203549
2021-04-30 09:45:12,613.9,4203610
2021-04-30 09:45:13,613.65,4203960
2021-04-30 09:45:14,613.95,4204504
2021-04-30 09:45:15,613.9,4206055
2021-04-30 09:45:16,614.2,4219705
2021-04-30 09:45:17,614.1,4221065
2021-04-30 09:45:18,614.15,4234682
2021-04-30 09:45:19,614.2,4234742
2021-04-30 09:45:20,614.2,4234791
2021-04-30 09:45:21,614.15,4236291
2021-04-30 09:45:22,614.25,4238224
2021-04-30 09:45:23,614.35,4239633
2021-04-30 09:45:24,614.45,4240860
2021-04-30 09:45:25,614.35,4241423
2021-04-30 09:45:26,614.45,4241448
2021-04-30 09:45:27,614.35,4243617
2021-04-30 09:45:28,614.45,4248561
2021-04-30 09:45:29,614.5,4248928
2021-04-30 09:45:31,614.5,4250813
2021-04-30 09:45:30,614.5,4250311
2021-04-30 09:45:32,614.5,4251734
2021-04-30 09:45:33,614.6,4257406
2021-04-30 09:45:34,614.75,4261564
2021-04-30 09:45:35,614.45,4262189
2021-04-30 09:45:36,614.6,4263281
2021-04-30 09:45:37,614.5,4263339
2021-04-30 09:45:38,614.5,4265522
2021-04-30 09:45:39,614.45,4266522
2021-04-30 09:45:40,614.5,4266653
2021-04-30 09:45:41,614.5,4269141
2021-04-30 09:45:42,614.7,4269828
2021-04-30 09:45:43,614.55,4270316
2021-04-30 09:45:44,614.5,4271813
2021-04-30 09:45:45,614.55,4272007
2021-04-30 09:45:46,614.6,4272256
2021-04-30 09:45:47,614.85,4275659
2021-04-30 09:45:48,614.85,4275953
2021-04-30 09:45:49,614.9,4278800
2021-04-30 09:45:50,614.7,4281825
2021-04-30 09:45:51,614.85,4348704
2021-04-30 09:45:52,614.8,4349263
2021-04-30 09:45:53,614.9,4350381
2021-04-30 09:45:54,615.3,4351889
2021-04-30 09:45:55,615.0,4353132
2021-04-30 09:45:57,615.15,4354654
2021-04-30 09:45:56,615.1,4354354
2021-04-30 09:45:58,615.5,4355942
2021-04-30 09:45:59,615.65,4359134
2021-04-30 09:46:00,615.65,4360619
2021-04-30 09:46:01,615.35,4362598
2021-04-30 09:46:02,615.65,4364016
2021-04-30 09:46:03,615.55,4365074
2021-04-30 09:46:04,615.5,4365561
2021-04-30 09:46:05,615.2,4366522
2021-04-30 09:46:06,615.7,4369563
2021-04-30 09:46:07,615.3,4375939
2021-04-30 09:46:09,615.4,4376537
2021-04-30 09:46:10,615.4,4377966
2021-04-30 09:46:11,615.2,4378608
2021-04-30 09:46:12,615.2,4379035
2021-04-30 09:46:13,615.1,4379841
2021-04-30 09:46:14,615.1,4380663
2021-04-30 09:46:15,615.1,4381479
2021-04-30 09:46:16,615.2,4382009
2021-04-30 09:46:17,615.2,4383517
2021-04-30 09:46:18,615.3,4384479
2021-04-30 09:46:19,615.5,4386772
2021-04-30 09:46:20,615.2,4388702
2021-04-30 09:46:21,614.9,4395956
2021-04-30 09:46:22,615.05,4396294
2021-04-30 09:46:23,615.0,4397210
2021-04-30 09:46:24,614.7,4398992
2021-04-30 09:46:25,614.95,4399186
2021-04-30 09:46:26,614.85,4400728
2021-04-30 09:46:27,614.7,4401511
2021-04-30 09:46:28,614.75,4402024
2021-04-30 09:46:29,614.7,4402454
2021-04-30 09:46:30,614.9,4404668
2021-04-30 09:46:31,614.9,4404668
2021-04-30 09:46:32,614.7,4404700
2021-04-30 09:46:33,614.95,4406249
2021-04-30 09:46:34,615.0,4407758
2021-04-30 09:46:35,615.2,4409256
2021-04-30 09:46:36,614.9,4410313
2021-04-30 09:46:37,615.1,4410679
2021-04-30 09:46:38,615.15,4412675
2021-04-30 09:46:39,615.2,4412831
2021-04-30 09:46:40,615.15,4414117
2021-04-30 09:46:41,615.15,4414160
2021-04-30 09:46:42,614.95,4414972
2021-04-30 09:46:43,614.95,4417333
2021-04-30 09:46:45,615.3,4419199
2021-04-30 09:46:46,615.25,4419631
2021-04-30 09:46:47,615.5,4419646
2021-04-30 09:46:48,615.25,4419986
2021-04-30 09:46:48,615.25,4420288
2021-04-30 09:46:49,615.3,4421119
2021-04-30 09:46:50,615.25,4423833
2021-04-30 09:46:51,615.05,4424924
2021-04-30 09:46:53,615.0,4425714
2021-04-30 09:46:54,615.0,4425831
2021-04-30 09:46:55,614.85,4426939
2021-04-30 09:46:56,614.75,4428643
2021-04-30 09:46:57,615.0,4428808
2021-04-30 09:46:58,615.0,4428859
2021-04-30 09:46:59,614.8,4429077
2021-04-30 09:47:00,615.0,4429713
2021-04-30 09:47:01,614.95,4430275
2021-04-30 09:47:03,614.95,4430532
2021-04-30 09:47:04,614.95,4430707
2021-04-30 09:47:05,614.95,4431148
2021-04-30 09:47:06,615.0,4431703
2021-04-30 09:47:07,614.95,4432057
2021-04-30 09:47:08,615.0,4432590
2021-04-30 09:47:09,614.9,4437438
2021-04-30 09:47:09,614.9,4437438
2021-04-30 09:47:10,614.8,4437744
2021-04-30 09:47:11,614.95,4437874
2021-04-30 09:47:12,615.0,4439293
2021-04-30 09:47:13,614.8,4440597
2021-04-30 09:47:14,614.9,4442332
2021-04-30 09:47:15,614.8,4444358
2021-04-30 09:47:16,614.6,4445540
2021-04-30 09:47:17,614.6,4446364
2021-04-30 09:47:18,614.9,4446698
2021-04-30 09:47:19,614.95,4447946
2021-04-30 09:47:20,614.85,4448272
2021-04-30 09:47:21,614.85,4448445
2021-04-30 09:47:23,614.95,4448761
2021-04-30 09:47:23,614.85,4448661
2021-04-30 09:47:24,615.0,4450606
2021-04-30 09:47:25,614.9,4450706
2021-04-30 09:47:26,615.0,4452063
2021-04-30 09:47:27,614.95,4453888
2021-04-30 09:47:28,614.9,4454556
2021-04-30 09:47:29,615.0,4455258
2021-04-30 09:47:30,614.65,4455781
2021-04-30 09:47:31,614.75,4456803
2021-04-30 09:47:32,614.6,4457475
2021-04-30 09:47:33,614.7,4458246
2021-04-30 09:47:34,614.55,4458407
2021-04-30 09:47:35,614.75,4459973
2021-04-30 09:47:36,614.75,4459998
2021-04-30 09:47:38,614.55,4460133
2021-04-30 09:47:39,614.7,4461560
2021-04-30 09:47:39,614.7,4461560
2021-04-30 09:47:40,614.6,4463759
2021-04-30 09:47:41,614.55,4464109
2021-04-30 09:47:42,614.55,4464409
2021-04-30 09:47:43,614.5,4465986
2021-04-30 09:47:44,614.65,4467591
2021-04-30 09:47:45,614.6,4468731
2021-04-30 09:47:47,614.4,4470888
2021-04-30 09:47:48,614.4,4471590
2021-04-30 09:47:48,614.4,4471595
2021-04-30 09:47:49,614.25,4471795
2021-04-30 09:47:50,614.3,4473182
2021-04-30 09:47:51,614.5,4473602
2021-04-30 09:47:52,614.55,4473808
2021-04-30 09:47:53,614.4,4474117
2021-04-30 09:47:54,614.3,4474211
2021-04-30 09:47:55,614.4,4474532
2021-04-30 09:47:57,614.25,4474574
2021-04-30 09:47:57,614.25,4474699
2021-04-30 09:47:58,614.4,4475414
2021-04-30 09:47:59,614.4,4475683
2021-04-30 09:48:00,614.25,4477602
2021-04-30 09:48:01,614.4,4477908
2021-04-30 09:48:02,614.4,4478037
2021-04-30 09:48:04,614.3,4478064
2021-04-30 09:48:04,614.35,4478055
2021-04-30 09:48:05,614.35,4478135
2021-04-30 09:48:06,614.4,4478695
2021-04-30 09:48:07,614.35,4478715
2021-04-30 09:48:08,614.3,4478798
2021-04-30 09:48:09,614.35,4484472
2021-04-30 09:48:10,614.3,4484604
2021-04-30 09:48:11,614.35,4484879
2021-04-30 09:48:12,614.35,4484879
2021-04-30 09:48:13,614.4,4485911
2021-04-30 09:48:14,614.45,4487943
2021-04-30 09:48:15,614.6,4488433
2021-04-30 09:48:16,614.65,4489115
2021-04-30 09:48:17,614.5,4489133
2021-04-30 09:48:18,614.45,4489358
2021-04-30 09:48:19,614.65,4489481
2021-04-30 09:48:20,614.4,4489554
2021-04-30 09:48:21,614.4,4490496
2021-04-30 09:48:23,614.45,4490582
2021-04-30 09:48:24,614.5,4490708
2021-04-30 09:48:25,614.5,4490915
2021-04-30 09:48:25,614.5,4490915
2021-04-30 09:48:26,614.3,4490972
2021-04-30 09:48:27,614.3,4491523
2021-04-30 09:48:28,614.6,4493084
2021-04-30 09:48:29,614.35,4493963
2021-04-30 09:48:30,614.6,4495430
2021-04-30 09:48:31,614.3,4495695
2021-04-30 09:48:32,614.3,4495695
2021-04-30 09:48:33,614.6,4496645
2021-04-30 09:48:34,614.5,4497174
2021-04-30 09:48:35,614.5,4497442
2021-04-30 09:48:36,614.5,4497645
2021-04-30 09:48:37,614.5,4497939
2021-04-30 09:48:38,614.35,4497996
2021-04-30 09:48:39,614.45,4502674
2021-04-30 09:48:40,614.15,4502935
2021-04-30 09:48:41,614.3,4503017
2021-04-30 09:48:42,614.3,4503522
2021-04-30 09:48:43,614.55,4519027
2021-04-30 09:48:44,614.55,4519052
2021-04-30 09:48:46,614.25,4519782
2021-04-30 09:48:47,614.2,4519925
2021-04-30 09:48:48,614.35,4520231
2021-04-30 09:48:49,614.3,4520741
2021-04-30 09:48:51,614.0,4522819
2021-04-30 09:48:52,613.9,4533288
2021-04-30 09:48:53,613.65,4533627
2021-04-30 09:48:54,613.85,4534182
2021-04-30 09:48:55,614.0,4535608
2021-04-30 09:48:56,613.6,4536903
2021-04-30 09:48:57,613.95,4536918
2021-04-30 09:48:58,614.0,4536970
2021-04-30 09:48:58,614.0,4536970
2021-04-30 09:48:59,613.7,4537030
2021-04-30 09:49:00,613.8,4537360
2021-04-30 09:49:01,614.0,4537713
2021-04-30 09:49:02,614.0,4539041
2021-04-30 09:49:04,614.05,4540171
2021-04-30 09:49:05,614.1,4540246
2021-04-30 09:49:06,614.4,4541991
2021-04-30 09:49:07,614.4,4542422
2021-04-30 09:49:08,614.5,4543279
2021-04-30 09:49:09,614.4,4543469
2021-04-30 09:49:10,614.5,4543479
2021-04-30 09:49:11,614.4,4543570
2021-04-30 09:49:12,614.4,4543620
2021-04-30 09:49:13,614.4,4543770
2021-04-30 09:49:14,614.4,4543865
2021-04-30 09:49:14,614.45,4543872
2021-04-30 09:49:15,614.25,4545553
2021-04-30 09:49:16,614.45,4545720
2021-04-30 09:49:17,614.45,4545800
2021-04-30 09:49:18,614.25,4545815
2021-04-30 09:49:19,614.1,4545956
2021-04-30 09:49:20,614.1,4546167
2021-04-30 09:49:22,614.4,4546620
2021-04-30 09:49:23,614.35,4547127
2021-04-30 09:49:24,614.35,4547227
2021-04-30 09:49:25,614.25,4547354
2021-04-30 09:49:26,614.25,4547887
2021-04-30 09:49:26,614.25,4547887
2021-04-30 09:49:27,614.25,4547890
2021-04-30 09:49:28,614.2,4547976
2021-04-30 09:49:29,614.1,4548112
2021-04-30 09:49:30,614.1,4548184
2021-04-30 09:49:32,614.2,4549348
2021-04-30 09:49:33,614.2,4550628
2021-04-30 09:49:34,614.2,4551910
2021-04-30 09:49:35,614.35,4552060
2021-04-30 09:49:36,614.45,4552558
2021-04-30 09:49:37,614.35,4552861
2021-04-30 09:49:38,614.5,4552988
2021-04-30 09:49:39,614.5,4553602
2021-04-30 09:49:40,614.35,4553617
2021-04-30 09:49:41,614.35,4553750
2021-04-30 09:49:42,614.4,4553900
2021-04-30 09:49:43,614.3,4554734
2021-04-30 09:49:44,614.3,4555133
2021-04-30 09:49:44,614.3,4555135
2021-04-30 09:49:45,614.1,4556135
2021-04-30 09:49:46,614.0,4558722
2021-04-30 09:49:47,614.25,4558962
2021-04-30 09:49:48,614.0,4559017
2021-04-30 09:49:50,614.2,4559046
2021-04-30 09:49:51,614.1,4559077
2021-04-30 09:49:52,614.2,4559729
2021-04-30 09:49:53,614.15,4560113
2021-04-30 09:49:54,614.1,4560713
2021-04-30 09:49:55,614.2,4560953
2021-04-30 09:49:56,613.85,4565241
2021-04-30 09:49:57,613.85,4565360
2021-04-30 09:49:58,614.0,4565639
2021-04-30 09:49:59,614.2,4565649
2021-04-30 09:50:00,614.15,4565801
2021-04-30 09:50:00,614.15,4565801
2021-04-30 09:50:01,614.15,4566162
2021-04-30 09:50:02,613.85,4566622
2021-04-30 09:50:03,614.15,4566624
2021-04-30 09:50:04,614.0,4566742
2021-04-30 09:50:05,613.8,4566919
2021-04-30 09:50:06,613.8,4566920
2021-04-30 09:50:08,613.95,4566967
2021-04-30 09:50:09,614.0,4567196
2021-04-30 09:50:10,613.85,4568988
2021-04-30 09:50:11,613.8,4569531
2021-04-30 09:50:12,613.8,4569895
2021-04-30 09:50:13,613.7,4569918
2021-04-30 09:50:14,613.6,4570474
2021-04-30 09:50:15,613.85,4570588
2021-04-30 09:50:16,613.85,4570651
2021-04-30 09:50:17,613.7,4571481
2021-04-30 09:50:18,613.7,4571838
2021-04-30 09:50:19,613.8,4571906
2021-04-30 09:50:20,613.9,4574443
2021-04-30 09:50:20,613.9,4574443
2021-04-30 09:50:21,614.0,4574523
2021-04-30 09:50:22,613.75,4575074
2021-04-30 09:50:23,613.8,4575076
2021-04-30 09:50:24,614.0,4575781
2021-04-30 09:50:25,614.1,4579492
2021-04-30 09:50:26,614.0,4579552
2021-04-30 09:50:28,614.0,4579743
2021-04-30 09:50:29,614.0,4579758
2021-04-30 09:50:30,613.85,4580311
2021-04-30 09:50:30,613.85,4580311
2021-04-30 09:50:31,614.0,4580316
2021-04-30 09:50:34,614.1,4581738
2021-04-30 09:50:35,613.85,4582358
2021-04-30 09:50:36,614.1,4582413
2021-04-30 09:50:37,614.1,4582493
2021-04-30 09:50:38,614.0,4582868
2021-04-30 09:50:38,613.95,4582878
2021-04-30 09:50:39,614.1,4583559
2021-04-30 09:50:40,614.0,4583629
2021-04-30 09:50:41,614.05,4590698
2021-04-30 09:50:42,614.1,4591116
2021-04-30 09:50:44,614.1,4594096
2021-04-30 09:50:45,614.1,4594261
2021-04-30 09:50:45,614.2,4594263
2021-04-30 09:50:46,614.15,4594268
2021-04-30 09:50:47,614.05,4594552
2021-04-30 09:50:48,614.15,4594587
2021-04-30 09:50:49,614.15,4594637
2021-04-30 09:50:50,614.15,4595012
2021-04-30 09:50:51,614.15,4595099
2021-04-30 09:50:52,614.1,4595183
2021-04-30 09:50:54,614.1,4595213
2021-04-30 09:50:55,614.1,4595513
2021-04-30 09:50:56,614.15,4595621
2021-04-30 09:50:57,614.2,4596642
2021-04-30 09:50:58,614.2,4597340
2021-04-30 09:50:59,614.15,4599360
2021-04-30 09:51:00,614.15,4599374
2021-04-30 09:51:01,614.35,4603337
2021-04-30 09:51:02,614.35,4603422
2021-04-30 09:51:02,614.35,4603422
2021-04-30 09:51:03,614.45,4609163
2021-04-30 09:51:05,614.6,4609583
2021-04-30 09:51:07,614.6,4610702
2021-04-30 09:51:08,614.6,4610760
2021-04-30 09:51:10,614.85,4613922
2021-04-30 09:51:11,614.85,4614170
2021-04-30 09:51:12,614.85,4614222
2021-04-30 09:51:13,614.85,4614552
2021-04-30 09:51:14,614.6,4614590
2021-04-30 09:51:14,614.6,4614590
2021-04-30 09:51:15,614.8,4615680
2021-04-30 09:51:16,614.75,4616157
2021-04-30 09:51:18,614.65,4616183
2021-04-30 09:51:19,614.65,4616378
2021-04-30 09:51:21,614.55,4620224
2021-04-30 09:51:22,614.55,4621160
2021-04-30 09:51:23,614.4,4623978
2021-04-30 09:51:24,614.4,4623980
2021-04-30 09:51:25,614.4,4624111
2021-04-30 09:51:26,614.3,4624236
2021-04-30 09:51:27,614.3,4624343
2021-04-30 09:51:28,614.25,4624847
2021-04-30 09:51:29,614.2,4626350
2021-04-30 09:51:30,614.2,4626450
2021-04-30 09:51:31,614.2,4626570
2021-04-30 09:51:32,614.1,4629840
2021-04-30 09:51:33,614.0,4629911
2021-04-30 09:51:34,614.0,4629912
2021-04-30 09:51:35,614.1,4630084
2021-04-30 09:51:36,614.1,4631134
2021-04-30 09:51:38,614.1,4631299
2021-04-30 09:51:39,614.0,4632591
2021-04-30 09:51:40,614.0,4633191
2021-04-30 09:51:40,614.1,4633196
2021-04-30 09:51:41,614.1,4633586
2021-04-30 09:51:42,614.1,4633586
2021-04-30 09:51:43,614.1,4633647
2021-04-30 09:51:44,614.1,4633679
2021-04-30 09:51:46,614.0,4633694
2021-04-30 09:51:47,614.0,4633695
2021-04-30 09:51:48,614.05,4633999
2021-04-30 09:51:49,614.05,4634027
2021-04-30 09:51:50,614.1,4634538
2021-04-30 09:51:51,614.1,4634539
2021-04-30 09:51:51,614.1,4634539
2021-04-30 09:51:52,614.1,4634654
2021-04-30 09:51:54,614.2,4634692
2021-04-30 09:51:55,614.1,4634792
2021-04-30 09:51:56,614.1,4634800
2021-04-30 09:51:57,614.2,4634801
2021-04-30 09:51:57,614.1,4634805
2021-04-30 09:51:58,614.2,4634960
2021-04-30 09:51:59,614.1,4635061
2021-04-30 09:52:01,614.2,4635064
2021-04-30 09:52:02,614.2,4635188
2021-04-30 09:52:03,614.1,4635839
2021-04-30 09:52:03,614.2,4635919
2021-04-30 09:52:04,614.1,4636154
2021-04-30 09:52:05,614.1,4636242
2021-04-30 09:52:07,614.3,4637457
2021-04-30 09:52:08,614.35,4639400
2021-04-30 09:52:08,614.35,4639400
2021-04-30 09:52:09,614.6,4641064
2021-04-30 09:52:10,614.6,4641234
2021-04-30 09:52:12,614.45,4641364
2021-04-30 09:52:13,614.45,4641771
2021-04-30 09:52:14,614.45,4642296
2021-04-30 09:52:15,614.5,4642411
2021-04-30 09:52:16,614.45,4642412
2021-04-30 09:52:16,614.45,4642457
2021-04-30 09:52:17,614.5,4642487
2021-04-30 09:52:18,614.45,4642733
2021-04-30 09:52:19,614.45,4643125
2021-04-30 09:52:20,614.6,4643565
2021-04-30 09:52:21,614.45,4645037
2021-04-30 09:52:22,614.45,4645052
2021-04-30 09:52:23,614.45,4645052
2021-04-30 09:52:25,614.5,4645090
2021-04-30 09:52:26,614.6,4645455
2021-04-30 09:52:27,614.45,4646170
2021-04-30 09:52:28,614.55,4646760
2021-04-30 09:52:28,614.6,4647337
2021-04-30 09:52:29,614.6,4647562
2021-04-30 09:52:30,614.6,4647562
2021-04-30 09:52:31,614.6,4647709
2021-04-30 09:52:32,614.6,4648528
2021-04-30 09:52:33,614.55,4648538
2021-04-30 09:52:34,614.55,4649407
2021-04-30 09:52:36,614.35,4652891
2021-04-30 09:52:37,614.35,4653078
2021-04-30 09:52:38,614.35,4653363
2021-04-30 09:52:39,614.35,4654325
2021-04-30 09:52:40,614.45,4654869
2021-04-30 09:52:41,614.3,4654997
2021-04-30 09:52:41,614.3,4654998
2021-04-30 09:52:42,614.3,4658872
2021-04-30 09:52:44,614.25,4659143
2021-04-30 09:52:45,614.1,4659268
2021-04-30 09:52:46,614.25,4659269
2021-04-30 09:52:47,614.25,4659271
2021-04-30 09:52:48,614.2,4659288
2021-04-30 09:52:49,614.45,4660524
2021-04-30 09:52:50,614.35,4660629
2021-04-30 09:52:51,614.5,4660730
2021-04-30 09:52:51,614.5,4660730
2021-04-30 09:52:52,614.4,4660852
2021-04-30 09:52:54,614.5,4661033
2021-04-30 09:52:55,614.45,4661111
2021-04-30 09:52:55,614.4,4661045
2021-04-30 09:52:56,614.4,4661264
2021-04-30 09:52:58,614.5,4662291
2021-04-30 09:52:58,614.5,4662291
2021-04-30 09:52:59,614.5,4663004
2021-04-30 09:53:00,614.5,4663005
2021-04-30 09:53:01,614.5,4663005
2021-04-30 09:53:02,614.35,4663666
2021-04-30 09:53:03,614.25,4665288
2021-04-30 09:53:04,614.2,4665350
2021-04-30 09:53:05,614.1,4665353
2021-04-30 09:53:07,614.0,4672488
2021-04-30 09:53:08,613.95,4674102
2021-04-30 09:53:09,614.0,4674104
2021-04-30 09:53:10,613.9,4679228
2021-04-30 09:53:11,613.8,4690812
2021-04-30 09:53:12,613.85,4691312
2021-04-30 09:53:13,613.8,4691627
2021-04-30 09:53:13,613.8,4692894
2021-04-30 09:53:14,613.85,4693144
2021-04-30 09:53:15,613.85,4693273
2021-04-30 09:53:17,613.8,4693323
2021-04-30 09:53:18,613.8,4693343
2021-04-30 09:53:19,613.7,4693730
2021-04-30 09:53:20,613.8,4694135
2021-04-30 09:53:21,613.7,4694254
2021-04-30 09:53:22,613.55,4694770
2021-04-30 09:53:23,613.75,4695002
2021-04-30 09:53:23,613.75,4695012
2021-04-30 09:53:25,613.75,4695095
2021-04-30 09:53:27,613.55,4695481
2021-04-30 09:53:28,613.7,4696041
2021-04-30 09:53:29,613.6,4696870
2021-04-30 09:53:30,613.7,4697190
2021-04-30 09:53:31,613.6,4697250
2021-04-30 09:53:32,613.7,4697352
2021-04-30 09:53:33,613.55,4698132
2021-04-30 09:53:34,613.3,4699720
2021-04-30 09:53:35,613.05,4700686
2021-04-30 09:53:36,613.45,4702699
2021-04-30 09:53:37,613.05,4702864
2021-04-30 09:53:38,613.05,4703482
2021-04-30 09:53:39,612.75,4724006
2021-04-30 09:53:40,613.0,4728564
2021-04-30 09:53:41,612.9,4730394
2021-04-30 09:53:41,612.8,4730744
2021-04-30 09:53:42,613.0,4731120
2021-04-30 09:53:43,613.25,4731900
2021-04-30 09:53:44,613.1,4731903
2021-04-30 09:53:47,613.0,4734624
2021-04-30 09:53:48,613.15,4734847
2021-04-30 09:53:49,613.1,4735205
2021-04-30 09:53:49,613.1,4735205
2021-04-30 09:53:51,612.85,4737038
2021-04-30 09:53:52,613.3,4737143
2021-04-30 09:53:53,613.0,4738581
2021-04-30 09:53:54,612.95,4738712
2021-04-30 09:53:54,613.0,4738722
2021-04-30 09:53:56,612.75,4740705
2021-04-30 09:53:57,612.85,4740867
2021-04-30 09:53:58,612.5,4747853
2021-04-30 09:53:59,612.75,4750673
2021-04-30 09:54:00,612.55,4751116
2021-04-30 09:54:01,612.75,4751258
2021-04-30 09:54:02,612.75,4753333
2021-04-30 09:54:03,612.8,4754043
2021-04-30 09:54:04,613.0,4755733
2021-04-30 09:54:05,613.0,4757474
2021-04-30 09:54:06,613.05,4760470
2021-04-30 09:54:07,613.15,4760485
2021-04-30 09:54:07,613.15,4760485
2021-04-30 09:54:09,613.15,4760815
2021-04-30 09:54:10,613.3,4761124
2021-04-30 09:54:11,613.2,4761239
2021-04-30 09:54:12,613.5,4761975
2021-04-30 09:54:13,613.5,4762175
2021-04-30 09:54:14,613.5,4762215
2021-04-30 09:54:15,613.55,4764121
2021-04-30 09:54:16,613.55,4764393
2021-04-30 09:54:17,613.45,4764527
2021-04-30 09:54:18,613.5,4764698
2021-04-30 09:54:19,613.65,4766446
2021-04-30 09:54:19,613.65,4765930
2021-04-30 09:54:20,613.35,4767347
2021-04-30 09:54:22,613.75,4768460
2021-04-30 09:54:23,613.6,4769415
2021-04-30 09:54:24,613.6,4769765
2021-04-30 09:54:25,613.75,4770072
2021-04-30 09:54:26,613.85,4771610
2021-04-30 09:54:27,613.7,4771613
2021-04-30 09:54:28,613.65,4771826
2021-04-30 09:54:29,613.85,4772850
2021-04-30 09:54:30,613.6,4773887
2021-04-30 09:54:30,613.6,4773887
2021-04-30 09:54:32,613.85,4773892
2021-04-30 09:54:33,613.85,4773893
2021-04-30 09:54:34,613.8,4773911
2021-04-30 09:54:35,613.8,4773913
2021-04-30 09:54:36,613.6,4774064
2021-04-30 09:54:37,613.65,4774189
2021-04-30 09:54:38,613.3,4775015
2021-04-30 09:54:39,613.45,4775087
2021-04-30 09:54:40,613.35,4776204
2021-04-30 09:54:41,613.3,4776736
2021-04-30 09:54:42,613.4,4777242
2021-04-30 09:54:42,613.4,4777242
2021-04-30 09:54:43,613.4,4777242
2021-04-30 09:54:45,613.4,4777271
2021-04-30 09:54:46,613.3,4777291
2021-04-30 09:54:47,613.35,4777321
2021-04-30 09:54:48,613.3,4778290
2021-04-30 09:54:49,613.1,4778658
2021-04-30 09:54:49,613.1,4778405
2021-04-30 09:54:50,613.3,4778750
2021-04-30 09:54:52,613.3,4778907
2021-04-30 09:54:53,613.35,4778973
2021-04-30 09:54:54,613.3,4779158
2021-04-30 09:54:55,613.3,4779158
2021-04-30 09:54:56,613.25,4779170
2021-04-30 09:54:57,613.3,4779290
2021-04-30 09:54:58,613.1,4779488
2021-04-30 09:54:58,613.2,4779518
2021-04-30 09:54:59,613.2,4779518
2021-04-30 09:55:00,613.15,4779559
2021-04-30 09:55:01,613.0,4779788
2021-04-30 09:55:03,613.1,4780065
2021-04-30 09:55:04,613.05,4780140
2021-04-30 09:55:05,613.05,4780551
2021-04-30 09:55:06,613.0,4795030
2021-04-30 09:55:06,613.0,4795033
2021-04-30 09:55:08,612.55,4803490
2021-04-30 09:55:09,612.5,4803864
2021-04-30 09:55:10,612.5,4804904
2021-04-30 09:55:11,612.65,4805419
2021-04-30 09:55:12,612.65,4805493
2021-04-30 09:55:13,612.5,4806302
2021-04-30 09:55:14,612.75,4806739
2021-04-30 09:55:15,612.2,4816206
2021-04-30 09:55:16,612.4,4816586
2021-04-30 09:55:17,612.05,4823616
2021-04-30 09:55:17,612.1,4823626
2021-04-30 09:55:19,612.1,4829139
2021-04-30 09:55:19,612.05,4829147
2021-04-30 09:55:21,612.05,4829566
2021-04-30 09:55:22,612.05,4830791
2021-04-30 09:55:23,612.0,4831620
2021-04-30 09:55:24,612.0,4832110
2021-04-30 09:55:25,612.0,4833826
2021-04-30 09:55:26,612.2,4839499
2021-04-30 09:55:27,611.9,4860522
2021-04-30 09:55:28,611.85,4862818
2021-04-30 09:55:29,611.75,4863690
2021-04-30 09:55:30,611.9,4863962
2021-04-30 09:55:31,612.05,4867392
2021-04-30 09:55:32,611.8,4871445
2021-04-30 09:55:33,611.6,4871470
2021-04-30 09:55:34,611.65,4872947
2021-04-30 09:55:35,611.6,4873607
2021-04-30 09:55:36,611.6,4875550
2021-04-30 09:55:37,611.8,4875976
2021-04-30 09:55:38,611.65,4877528
2021-04-30 09:55:39,611.9,4877609
2021-04-30 09:55:40,612.0,4878516
2021-04-30 09:55:41,611.85,4880075
2021-04-30 09:55:42,611.95,4880211
2021-04-30 09:55:43,612.0,4880283
2021-04-30 09:55:44,611.8,4881707
2021-04-30 09:55:45,611.85,4883224
2021-04-30 09:55:46,612.0,4887382
2021-04-30 09:55:47,612.35,4887618
2021-04-30 09:55:48,612.15,4887653
2021-04-30 09:55:49,612.1,4888035
2021-04-30 09:55:50,612.1,4889114
2021-04-30 09:55:51,612.2,4889565
2021-04-30 09:55:53,612.1,4890735
2021-04-30 09:55:52,612.35,4890725
2021-04-30 09:55:54,612.15,4890896
2021-04-30 09:55:55,612.25,4892166
2021-04-30 09:55:56,612.45,4892822
2021-04-30 09:55:57,612.4,4892830
2021-04-30 09:55:58,612.65,4895494
2021-04-30 09:55:59,612.6,4896521
2021-04-30 09:56:00,612.8,4896986
2021-04-30 09:56:01,612.65,4896992
2021-04-30 09:56:02,612.8,4897377
2021-04-30 09:56:03,612.75,4900074
2021-04-30 09:56:04,612.6,4900818
2021-04-30 09:56:05,612.65,4900968
2021-04-30 09:56:06,612.3,4903507
2021-04-30 09:56:07,612.3,4903507
2021-04-30 09:56:08,612.5,4903539
2021-04-30 09:56:09,612.2,4907554
2021-04-30 09:56:10,612.25,4907967
2021-04-30 09:56:11,612.35,4919223
2021-04-30 09:56:12,612.3,4919503
2021-04-30 09:56:13,612.4,4919647
2021-04-30 09:56:14,612.7,4919860
2021-04-30 09:56:15,612.7,4919860
2021-04-30 09:56:16,612.3,4920311
2021-04-30 09:56:17,612.3,4920311
2021-04-30 09:56:18,612.55,4920412
2021-04-30 09:56:19,612.55,4920417
2021-04-30 09:56:20,612.3,4925590
2021-04-30 09:56:21,612.25,4926180
2021-04-30 09:56:22,612.55,4926285
2021-04-30 09:56:23,612.25,4927097
2021-04-30 09:56:25,612.3,4927540
2021-04-30 09:56:24,612.3,4927540
2021-04-30 09:56:27,612.15,4930927
2021-04-30 09:56:26,612.15,4930927
2021-04-30 09:56:28,612.15,4931487
2021-04-30 09:56:29,611.95,4937881
2021-04-30 09:56:30,611.8,4939219
2021-04-30 09:56:31,612.05,4949544
2021-04-30 09:56:32,611.8,4949794
2021-04-30 09:56:33,611.85,4949991
2021-04-30 09:56:35,611.95,4951219
2021-04-30 09:56:36,611.8,4951239
2021-04-30 09:56:37,611.9,4951296
2021-04-30 09:56:38,611.95,4951344
2021-04-30 09:56:39,612.0,4951659
2021-04-30 09:56:40,611.95,4952031
2021-04-30 09:56:41,612.0,4952540
2021-04-30 09:56:42,612.0,4953094
2021-04-30 09:56:43,611.85,4953149
2021-04-30 09:56:44,612.0,4953154
2021-04-30 09:56:45,612.0,4956171
2021-04-30 09:56:46,612.0,4956171
2021-04-30 09:56:47,611.95,4956221
2021-04-30 09:56:48,612.0,4956480
2021-04-30 09:56:49,611.95,4956580
2021-04-30 09:56:50,611.95,4956713
2021-04-30 09:56:51,612.0,4957413
2021-04-30 09:56:52,611.95,4957510
2021-04-30 09:56:53,611.95,4957510
2021-04-30 09:56:54,612.1,4959218
2021-04-30 09:56:55,611.85,4959553
2021-04-30 09:56:56,612.3,4960439
2021-04-30 09:56:57,612.2,4960461
2021-04-30 09:56:58,612.15,4961056
2021-04-30 09:56:59,612.15,4961301
2021-04-30 09:57:00,612.15,4961349
2021-04-30 09:57:01,612.25,4962363
2021-04-30 09:57:02,612.25,4962925
2021-04-30 09:57:03,612.4,4963012
2021-04-30 09:57:04,612.05,4970090
2021-04-30 09:57:05,612.25,4970762
2021-04-30 09:57:06,612.4,4970804
2021-04-30 09:57:07,611.8,4978806
2021-04-30 09:57:08,611.9,4978906
2021-04-30 09:57:09,611.9,4990029
2021-04-30 09:57:10,611.9,4990179
2021-04-30 09:57:11,611.9,4997233
2021-04-30 09:57:12,612.05,4997354
2021-04-30 09:57:13,611.8,4998207
2021-04-30 09:57:14,612.05,4998382
2021-04-30 09:57:15,611.95,5000473
2021-04-30 09:57:16,611.95,5000473
2021-04-30 09:57:17,611.75,5000621
2021-04-30 09:57:18,611.85,5000684
2021-04-30 09:57:19,611.95,5001811
2021-04-30 09:57:20,611.75,5001856
2021-04-30 09:57:21,612.1,5002526
2021-04-30 09:57:22,612.15,5003742
2021-04-30 09:57:23,612.4,5004972
2021-04-30 09:57:24,612.2,5005196
2021-04-30 09:57:25,611.8,5007560
2021-04-30 09:57:26,612.05,5008257
2021-04-30 09:57:27,612.1,5008845
2021-04-30 09:57:28,612.0,5008860
2021-04-30 09:57:29,612.05,5009571
2021-04-30 09:57:31,612.1,5010036
2021-04-30 09:57:31,612.1,5010074
2021-04-30 09:57:32,612.35,5010456
2021-04-30 09:57:33,612.45,5011490
2021-04-30 09:57:34,612.5,5011778
2021-04-30 09:57:35,612.3,5013169
2021-04-30 09:57:36,612.35,5013173
2021-04-30 09:57:37,612.5,5014777
2021-04-30 09:57:38,612.35,5014826
2021-04-30 09:57:39,612.4,5014981
2021-04-30 09:57:40,612.15,5015508
2021-04-30 09:57:41,612.15,5015959
2021-04-30 09:57:42,612.15,5016340
2021-04-30 09:57:43,612.2,5017340
2021-04-30 09:57:44,612.0,5018026
2021-04-30 09:57:46,612.0,5019766
2021-04-30 09:57:47,612.2,5019846
2021-04-30 09:57:48,612.2,5019846
2021-04-30 09:57:48,612.2,5019846
2021-04-30 09:57:49,612.2,5019956
2021-04-30 09:57:50,612.1,5020115
2021-04-30 09:57:51,612.0,5020551
2021-04-30 09:57:52,612.15,5020598
2021-04-30 09:57:53,612.15,5020700
2021-04-30 09:57:54,612.1,5020706
2021-04-30 09:57:56,612.05,5020796
2021-04-30 09:57:57,612.1,5021599
2021-04-30 09:57:57,612.1,5021599
2021-04-30 09:57:58,612.15,5021818
2021-04-30 09:57:59,612.2,5024711
2021-04-30 09:58:00,612.15,5024814
2021-04-30 09:58:01,612.15,5024820
2021-04-30 09:58:03,612.25,5024835
2021-04-30 09:58:04,612.25,5026330
2021-04-30 09:58:05,612.25,5026380
2021-04-30 09:58:05,612.4,5026620
2021-04-30 09:58:06,612.5,5027570
2021-04-30 09:58:07,612.35,5029528
2021-04-30 09:58:08,612.4,5029606
2021-04-30 09:58:09,612.4,5029712
2021-04-30 09:58:10,612.4,5029862
2021-04-30 09:58:11,612.4,5031054
2021-04-30 09:58:12,612.4,5031139
2021-04-30 09:58:14,612.5,5031169
2021-04-30 09:58:14,612.5,5031169
2021-04-30 09:58:15,612.5,5035588
2021-04-30 09:58:16,612.6,5035688
2021-04-30 09:58:17,612.75,5036035
2021-04-30 09:58:18,612.5,5036212
2021-04-30 09:58:19,612.7,5037227
2021-04-30 09:58:20,612.5,5037423
2021-04-30 09:58:21,612.85,5038643
2021-04-30 09:58:22,612.7,5038650
2021-04-30 09:58:24,612.7,5038863
2021-04-30 09:58:24,612.7,5038867
2021-04-30 09:58:25,613.0,5041243
2021-04-30 09:58:26,612.8,5042145
2021-04-30 09:58:27,612.85,5042182
2021-04-30 09:58:28,613.0,5048720
2021-04-30 09:58:29,612.85,5048880
2021-04-30 09:58:30,613.0,5049536
2021-04-30 09:58:31,613.0,5049548
2021-04-30 09:58:32,612.85,5049603
2021-04-30 09:58:33,613.0,5049876
2021-04-30 09:58:34,612.9,5050066
2021-04-30 09:58:35,613.0,5050683
2021-04-30 09:58:36,613.0,5056264
2021-04-30 09:58:37,612.85,5059372
2021-04-30 09:58:39,612.95,5059494
2021-04-30 09:58:39,612.95,5059494
2021-04-30 09:58:40,612.9,5059615
2021-04-30 09:58:41,613.0,5060091
2021-04-30 09:58:42,612.85,5060194
2021-04-30 09:58:43,612.85,5060228
2021-04-30 09:58:44,612.85,5060239
2021-04-30 09:58:45,612.8,5060386
2021-04-30 09:58:46,612.85,5060395
2021-04-30 09:58:47,612.8,5061545
2021-04-30 09:58:48,612.7,5061672
2021-04-30 09:58:49,612.8,5061887
2021-04-30 09:58:50,612.75,5063378
2021-04-30 09:58:51,612.85,5065392
2021-04-30 09:58:52,612.95,5065417
2021-04-30 09:58:53,612.85,5065867
2021-04-30 09:58:54,612.8,5070208
2021-04-30 09:58:55,612.9,5070355
2021-04-30 09:58:57,612.6,5073892
2021-04-30 09:58:58,612.65,5074869
2021-04-30 09:58:59,612.8,5075374
2021-04-30 09:59:00,612.6,5075484
2021-04-30 09:59:01,612.6,5075514
2021-04-30 09:59:02,612.8,5075575
2021-04-30 09:59:03,612.75,5077615
2021-04-30 09:59:03,612.75,5077615
2021-04-30 09:59:04,612.8,5077880
2021-04-30 09:59:05,612.8,5077880
2021-04-30 09:59:06,612.8,5077930
2021-04-30 09:59:07,612.65,5077931
2021-04-30 09:59:08,612.65,5077961
2021-04-30 09:59:09,612.6,5080255
2021-04-30 09:59:10,612.6,5080368
2021-04-30 09:59:11,612.6,5080744
2021-04-30 09:59:13,612.65,5080847
2021-04-30 09:59:13,612.65,5080847
2021-04-30 09:59:14,612.65,5080931
2021-04-30 09:59:15,612.95,5081684
2021-04-30 09:59:16,612.95,5081684
2021-04-30 09:59:17,613.05,5096601
2021-04-30 09:59:18,613.3,5097104
2021-04-30 09:59:19,613.3,5097124
2021-04-30 09:59:20,613.05,5099136
2021-04-30 09:59:22,613.05,5099141
2021-04-30 09:59:22,613.05,5099151
2021-04-30 09:59:23,613.3,5099304
2021-04-30 09:59:24,613.2,5100175
2021-04-30 09:59:25,613.25,5101175
2021-04-30 09:59:26,613.45,5101905
2021-04-30 09:59:27,613.35,5102381
2021-04-30 09:59:28,613.3,5102496
2021-04-30 09:59:29,613.2,5102544
2021-04-30 09:59:30,613.4,5103044
2021-04-30 09:59:31,613.3,5103046
2021-04-30 09:59:32,613.3,5103075
2021-04-30 09:59:33,613.45,5103506
2021-04-30 09:59:34,613.3,5103775
2021-04-30 09:59:35,613.3,5103834
2021-04-30 09:59:36,613.0,5104317
2021-04-30 09:59:37,613.2,5104348
2021-04-30 09:59:39,613.1,5105722
2021-04-30 09:59:40,613.1,5105922
2021-04-30 09:59:41,613.05,5106083
2021-04-30 09:59:42,613.05,5106118
2021-04-30 09:59:42,613.05,5106143
2021-04-30 09:59:43,613.0,5107162
2021-04-30 09:59:44,613.05,5107224
2021-04-30 09:59:45,613.05,5107226
2021-04-30 09:59:46,613.1,5108726
2021-04-30 09:59:48,613.05,5110246
2021-04-30 09:59:49,613.05,5110274
2021-04-30 09:59:49,613.05,5110274
2021-04-30 09:59:50,613.1,5110286
2021-04-30 09:59:51,613.1,5110578
2021-04-30 09:59:52,613.2,5111379
2021-04-30 09:59:54,613.3,5111425
2021-04-30 09:59:55,613.2,5112237
2021-04-30 09:59:56,613.25,5112792
2021-04-30 09:59:56,613.3,5112793
2021-04-30 09:59:57,613.25,5114050
2021-04-30 09:59:58,613.3,5114200
2021-04-30 09:59:59,613.2,5114319
2021-04-30 10:00:00,613.5,5114571
2021-04-30 10:00:01,613.4,5114822
2021-04-30 10:00:02,613.5,5114842
2021-04-30 10:00:03,613.5,5115084
2021-04-30 10:00:04,613.25,5117096
2021-04-30 10:00:05,613.15,5117224
2021-04-30 10:00:06,613.1,5117331
2021-04-30 10:00:07,613.1,5117587
2021-04-30 10:00:08,613.25,5117603
2021-04-30 10:00:09,613.1,5117653
2021-04-30 10:00:10,613.3,5117660
2021-04-30 10:00:11,613.3,5117919
2021-04-30 10:00:12,613.3,5117919
2021-04-30 10:00:13,613.15,5118119
2021-04-30 10:00:14,613.3,5118255
2021-04-30 10:00:15,613.1,5118540
2021-04-30 10:00:17,613.3,5118665
2021-04-30 10:00:18,613.3,5118873
2021-04-30 10:00:19,613.25,5118947
2021-04-30 10:00:20,613.1,5120505
2021-04-30 10:00:21,612.7,5132510
2021-04-30 10:00:22,612.75,5132512
2021-04-30 10:00:23,612.7,5132777
2021-04-30 10:00:24,612.65,5132803
2021-04-30 10:00:25,612.75,5132864
2021-04-30 10:00:26,612.75,5133052
2021-04-30 10:00:26,612.75,5133062
2021-04-30 10:00:27,612.55,5136558
2021-04-30 10:00:28,612.5,5137507
2021-04-30 10:00:29,612.5,5137585
2021-04-30 10:00:30,612.5,5137881
2021-04-30 10:00:31,612.65,5137901
2021-04-30 10:00:32,612.65,5137902
2021-04-30 10:00:33,612.95,5138295
2021-04-30 10:00:35,612.65,5138446
2021-04-30 10:00:36,612.9,5138519
2021-04-30 10:00:36,612.9,5138519
2021-04-30 10:00:37,612.85,5139130
2021-04-30 10:00:38,613.25,5140706
2021-04-30 10:00:40,613.0,5140756
2021-04-30 10:00:41,613.0,5140956
2021-04-30 10:00:42,613.0,5141616
2021-04-30 10:00:43,613.3,5141731
2021-04-30 10:00:44,613.05,5143180
2021-04-30 10:00:45,612.9,5143785
2021-04-30 10:00:46,612.7,5143835
2021-04-30 10:00:46,612.7,5143835
2021-04-30 10:00:47,612.9,5144070
2021-04-30 10:00:48,612.9,5144831
2021-04-30 10:00:49,612.9,5144831
2021-04-30 10:00:50,612.9,5145028
2021-04-30 10:00:51,612.9,5145028
2021-04-30 10:00:52,612.9,5145160
2021-04-30 10:00:53,612.9,5146163
2021-04-30 10:00:55,612.9,5148450
2021-04-30 10:00:56,612.8,5148455
2021-04-30 10:00:56,612.9,5148467
2021-04-30 10:00:57,612.8,5148468
2021-04-30 10:00:58,612.9,5148541
2021-04-30 10:00:59,612.85,5148638
2021-04-30 10:01:01,612.85,5149145
2021-04-30 10:01:02,612.75,5149146
2021-04-30 10:01:04,613.0,5149671
2021-04-30 10:01:05,613.0,5151147
2021-04-30 10:01:06,613.3,5151682
2021-04-30 10:01:06,613.3,5151682
2021-04-30 10:01:07,613.05,5151768
2021-04-30 10:01:08,613.3,5152281
2021-04-30 10:01:10,613.3,5152691
2021-04-30 10:01:11,613.3,5153464
2021-04-30 10:01:12,613.45,5154071
2021-04-30 10:01:13,613.25,5154077
2021-04-30 10:01:14,613.25,5154457
2021-04-30 10:01:15,613.3,5154632
2021-04-30 10:01:15,613.3,5154632
2021-04-30 10:01:16,613.3,5154632
2021-04-30 10:01:17,613.25,5154747
2021-04-30 10:01:19,613.3,5154806
2021-04-30 10:01:20,613.25,5154885
2021-04-30 10:01:21,613.05,5154941
2021-04-30 10:01:22,613.0,5156049
2021-04-30 10:01:23,613.1,5156051
2021-04-30 10:01:23,613.1,5156051
2021-04-30 10:01:24,613.25,5156284
2021-04-30 10:01:25,613.25,5156284
2021-04-30 10:01:26,613.25,5156284
2021-04-30 10:01:28,613.25,5156463
2021-04-30 10:01:29,613.25,5156785
2021-04-30 10:01:29,613.25,5156735
2021-04-30 10:01:30,613.1,5156895
2021-04-30 10:01:31,613.25,5156971
2021-04-30 10:01:33,613.25,5159368
2021-04-30 10:01:34,613.4,5159369
2021-04-30 10:01:35,613.5,5160352
2021-04-30 10:01:36,613.5,5160352
2021-04-30 10:01:37,613.5,5160353
2021-04-30 10:01:38,613.5,5160730
2021-04-30 10:01:39,613.45,5160792
2021-04-30 10:01:40,613.25,5161032
2021-04-30 10:01:41,613.0,5161766
2021-04-30 10:01:42,613.2,5161868
2021-04-30 10:01:43,613.25,5162232
2021-04-30 10:01:44,613.3,5162473
2021-04-30 10:01:45,613.4,5162832
2021-04-30 10:01:46,613.4,5163059
2021-04-30 10:01:46,613.4,5163059
2021-04-30 10:01:47,613.35,5163212
2021-04-30 10:01:48,613.3,5163344
2021-04-30 10:01:50,613.3,5163490
2021-04-30 10:01:51,613.3,5163520
2021-04-30 10:01:51,613.3,5163520
2021-04-30 10:01:52,613.3,5164020
2021-04-30 10:01:53,613.3,5164041
2021-04-30 10:01:54,613.3,5164138
2021-04-30 10:01:55,613.3,5164154
2021-04-30 10:01:56,613.3,5164384
2021-04-30 10:01:58,613.25,5164871
2021-04-30 10:01:59,613.25,5165165
2021-04-30 10:02:00,613.5,5165211
2021-04-30 10:02:01,613.35,5165231
2021-04-30 10:02:02,613.5,5165331
2021-04-30 10:02:02,613.5,5165331
2021-04-30 10:02:03,613.5,5165581
2021-04-30 10:02:04,613.4,5165615
2021-04-30 10:02:06,613.75,5175736
2021-04-30 10:02:08,613.8,5175859
2021-04-30 10:02:09,613.75,5176001
2021-04-30 10:02:10,613.75,5176362
2021-04-30 10:02:11,613.3,5178368
2021-04-30 10:02:11,613.3,5178368
2021-04-30 10:02:13,613.4,5178541
2021-04-30 10:02:13,613.4,5178741
2021-04-30 10:02:14,613.35,5179989
2021-04-30 10:02:15,613.6,5180024
2021-04-30 10:02:16,613.5,5180230
2021-04-30 10:02:17,613.65,5180385
2021-04-30 10:02:18,613.4,5180445
2021-04-30 10:02:19,613.4,5180513
2021-04-30 10:02:21,613.8,5180789
2021-04-30 10:02:22,613.8,5181108
2021-04-30 10:02:23,613.85,5182268
2021-04-30 10:02:24,613.5,5183052
2021-04-30 10:02:25,613.5,5183212
2021-04-30 10:02:26,613.6,5184296
2021-04-30 10:02:27,613.45,5184433
2021-04-30 10:02:28,613.95,5196106
2021-04-30 10:02:29,613.95,5197553
2021-04-30 10:02:30,613.8,5197869
2021-04-30 10:02:31,613.8,5198001
2021-04-30 10:02:32,613.75,5198202
2021-04-30 10:02:32,613.75,5198202
2021-04-30 10:02:33,613.8,5198355
2021-04-30 10:02:34,613.75,5199640
2021-04-30 10:02:35,613.85,5199645
2021-04-30 10:02:36,613.95,5200164
2021-04-30 10:02:38,613.95,5200243
2021-04-30 10:02:39,613.9,5200693
2021-04-30 10:02:40,613.8,5200703
2021-04-30 10:02:41,613.8,5200704
2021-04-30 10:02:42,613.85,5200720
2021-04-30 10:02:43,613.85,5200720
2021-04-30 10:02:43,613.85,5200720
2021-04-30 10:02:44,613.85,5200919
2021-04-30 10:02:45,613.8,5201039
2021-04-30 10:02:46,613.8,5201506
2021-04-30 10:02:47,613.8,5202594
2021-04-30 10:02:49,613.85,5202772
2021-04-30 10:02:50,613.95,5202969
2021-04-30 10:02:51,613.95,5203571
2021-04-30 10:02:52,613.9,5204031
2021-04-30 10:02:53,613.95,5204294
2021-04-30 10:02:54,613.9,5204305
2021-04-30 10:02:55,613.9,5204556
2021-04-30 10:02:56,613.9,5204656
2021-04-30 10:02:57,613.9,5204767
2021-04-30 10:02:58,613.95,5205178
2021-04-30 10:02:59,613.85,5206050
2021-04-30 10:02:59,613.85,5206050
2021-04-30 10:03:00,613.85,5206084
2021-04-30 10:03:01,613.9,5206335
2021-04-30 10:03:02,613.8,5206639
2021-04-30 10:03:03,613.9,5207744
2021-04-30 10:03:04,613.95,5214662
2021-04-30 10:03:05,613.9,5215033
2021-04-30 10:03:07,613.85,5215812
2021-04-30 10:03:08,613.5,5217679
2021-04-30 10:03:09,613.5,5218338
2021-04-30 10:03:10,613.5,5218956
2021-04-30 10:03:11,613.4,5221231
2021-04-30 10:03:12,613.05,5221811
2021-04-30 10:03:12,613.05,5221811
2021-04-30 10:03:13,613.15,5223828
2021-04-30 10:03:14,613.35,5224430
2021-04-30 10:03:15,613.35,5224480
2021-04-30 10:03:16,613.3,5224515
2021-04-30 10:03:17,613.1,5225517
2021-04-30 10:03:18,613.0,5225580
2021-04-30 10:03:20,613.25,5225738
2021-04-30 10:03:21,613.35,5225889
2021-04-30 10:03:22,613.6,5226280
2021-04-30 10:03:23,613.5,5226380
2021-04-30 10:03:24,613.75,5226847
2021-04-30 10:03:25,613.45,5227147
2021-04-30 10:03:26,613.45,5227147
2021-04-30 10:03:27,613.45,5227147
2021-04-30 10:03:28,613.55,5227202
2021-04-30 10:03:29,613.6,5228053
2021-04-30 10:03:30,613.55,5228158
2021-04-30 10:03:31,613.35,5228330
2021-04-30 10:03:31,613.35,5228330
2021-04-30 10:03:32,613.2,5228409
2021-04-30 10:03:33,613.35,5229964
2021-04-30 10:03:34,613.35,5229974
2021-04-30 10:03:36,613.2,5229979
2021-04-30 10:03:37,613.2,5229979
2021-04-30 10:03:38,613.35,5231304
2021-04-30 10:03:39,613.1,5231841
2021-04-30 10:03:40,613.25,5231846
2021-04-30 10:03:41,613.25,5231930
2021-04-30 10:03:41,613.25,5231930
2021-04-30 10:03:43,613.2,5232135
2021-04-30 10:03:44,613.45,5232254
2021-04-30 10:03:45,613.25,5232512
2021-04-30 10:03:46,613.25,5232512
2021-04-30 10:03:47,613.5,5233047
2021-04-30 10:03:47,613.5,5233047
2021-04-30 10:03:48,613.35,5233202
2021-04-30 10:03:49,613.35,5233733
2021-04-30 10:03:51,613.25,5234109
2021-04-30 10:03:52,613.1,5234226
2021-04-30 10:03:54,613.2,5234229
2021-04-30 10:03:55,613.1,5234296
2021-04-30 10:03:57,613.2,5234343
2021-04-30 10:03:58,613.2,5234346
2021-04-30 10:03:58,613.2,5234347
2021-04-30 10:03:59,613.2,5234399
2021-04-30 10:04:00,613.2,5234399
2021-04-30 10:04:02,613.2,5234599
2021-04-30 10:04:03,613.25,5234840
2021-04-30 10:04:04,613.45,5234931
2021-04-30 10:04:05,613.2,5234951
2021-04-30 10:04:06,613.4,5235017
2021-04-30 10:04:07,613.3,5237917
2021-04-30 10:04:07,613.3,5237942
2021-04-30 10:04:08,613.3,5237942
2021-04-30 10:04:10,613.3,5238045
2021-04-30 10:04:11,613.3,5238047
2021-04-30 10:04:12,613.15,5238133
2021-04-30 10:04:13,613.2,5238157
2021-04-30 10:04:14,613.3,5238311
2021-04-30 10:04:15,613.35,5238361
2021-04-30 10:04:15,613.1,5239736
2021-04-30 10:04:17,613.1,5239736
