timestamp,ltp,volume
2021-04-30 09:15:05,767.85,10587
2021-04-30 09:15:06,767.85,11467
2021-04-30 09:15:07,766.9,11884
2021-04-30 09:15:08,766.3,12456
2021-04-30 09:15:09,767.6,13415
2021-04-30 09:15:10,765.6,14056
2021-04-30 09:15:11,765.3,15222
2021-04-30 09:15:12,765.3,15453
2021-04-30 09:15:13,765.8,18431
2021-04-30 09:15:14,764.85,19522
2021-04-30 09:15:15,765.2,20585
2021-04-30 09:15:16,764.55,21378
2021-04-30 09:15:17,765.0,21573
2021-04-30 09:15:18,764.8,21908
2021-04-30 09:15:19,764.7,21934
2021-04-30 09:15:20,764.7,23957
2021-04-30 09:15:21,764.95,24911
2021-04-30 09:15:22,766.6,26914
2021-04-30 09:15:23,766.15,27168
2021-04-30 09:15:24,767.25,27445
2021-04-30 09:15:25,767.65,29289
2021-04-30 09:15:26,767.85,30109
2021-04-30 09:15:27,770.0,31072
2021-04-30 09:15:28,768.75,31552
2021-04-30 09:15:29,769.15,32515
2021-04-30 09:15:30,769.25,33819
2021-04-30 09:15:31,769.8,33968
2021-04-30 09:15:32,769.8,34141
2021-04-30 09:15:33,768.6,34975
2021-04-30 09:15:34,769.2,35035
2021-04-30 09:15:36,769.8,36569
2021-04-30 09:15:36,769.8,36579
2021-04-30 09:15:37,769.5,36648
2021-04-30 09:15:39,768.75,37280
2021-04-30 09:15:39,768.7,37746
2021-04-30 09:15:40,768.65,38296
2021-04-30 09:15:41,768.65,38610
2021-04-30 09:15:42,769.8,39083
2021-04-30 09:15:44,769.1,39195
2021-04-30 09:15:44,769.4,39419
2021-04-30 09:15:45,769.05,39568
2021-04-30 09:15:46,769.15,39787
2021-04-30 09:15:47,769.1,39896
2021-04-30 09:15:48,768.65,40385
2021-04-30 09:15:49,769.1,40412
2021-04-30 09:15:50,768.4,41087
2021-04-30 09:15:51,769.35,42607
2021-04-30 09:15:52,769.0,42787
2021-04-30 09:15:53,768.5,42979
2021-04-30 09:15:54,768.55,43084
2021-04-30 09:15:55,768.55,43134
2021-04-30 09:15:56,769.0,43384
2021-04-30 09:15:57,769.1,43614
2021-04-30 09:15:58,769.4,43774
2021-04-30 09:15:59,770.0,46898
2021-04-30 09:16:00,769.95,47362
2021-04-30 09:16:01,769.65,50828
2021-04-30 09:16:02,769.5,51407
2021-04-30 09:16:03,769.6,51674
2021-04-30 09:16:04,768.55,53563
2021-04-30 09:16:05,768.55,53673
2021-04-30 09:16:06,768.6,54108
2021-04-30 09:16:07,768.5,54468
2021-04-30 09:16:08,768.5,55287
2021-04-30 09:16:09,768.45,55290
2021-04-30 09:16:10,768.0,56298
2021-04-30 09:16:11,768.3,56328
2021-04-30 09:16:12,767.05,56702
2021-04-30 09:16:13,766.25,57156
2021-04-30 09:16:14,766.8,57383
2021-04-30 09:16:15,766.75,57394
2021-04-30 09:16:16,766.8,57596
2021-04-30 09:16:17,766.8,58221
2021-04-30 09:16:19,766.65,60486
2021-04-30 09:16:20,766.2,60896
2021-04-30 09:16:21,766.5,60957
2021-04-30 09:16:22,766.5,61259
2021-04-30 09:16:23,766.25,61484
2021-04-30 09:16:24,765.35,62053
2021-04-30 09:16:25,765.9,62126
2021-04-30 09:16:26,765.8,63228
2021-04-30 09:16:27,765.8,63288
2021-04-30 09:16:28,766.25,64353
2021-04-30 09:16:29,766.25,64373
2021-04-30 09:16:30,766.25,64489
2021-04-30 09:16:31,766.5,64589
2021-04-30 09:16:32,766.5,64995
2021-04-30 09:16:32,766.25,65095
2021-04-30 09:16:34,766.9,65276
2021-04-30 09:16:34,766.9,65276
2021-04-30 09:16:35,766.7,65288
2021-04-30 09:16:36,767.35,66288
2021-04-30 09:16:38,767.45,67861
2021-04-30 09:16:40,768.3,69986
2021-04-30 09:16:41,768.65,70153
2021-04-30 09:16:42,768.35,70163
2021-04-30 09:16:43,768.55,70575
2021-04-30 09:16:44,768.9,70599
2021-04-30 09:16:45,768.9,70881
2021-04-30 09:16:46,769.3,70950
2021-04-30 09:16:47,769.0,72059
2021-04-30 09:16:47,769.0,72059
2021-04-30 09:16:48,769.35,72409
2021-04-30 09:16:49,768.6,72763
2021-04-30 09:16:50,768.95,72765
2021-04-30 09:16:51,768.6,73009
2021-04-30 09:16:52,768.0,73101
2021-04-30 09:16:54,768.1,73142
2021-04-30 09:16:55,768.1,73147
2021-04-30 09:16:55,768.0,73337
2021-04-30 09:16:56,768.3,73587
2021-04-30 09:16:57,768.3,73591
2021-04-30 09:16:58,768.7,73709
2021-04-30 09:17:00,768.95,74155
2021-04-30 09:17:00,768.95,74155
2021-04-30 09:17:01,768.75,74330
2021-04-30 09:17:02,769.4,75530
2021-04-30 09:17:03,768.75,75730
2021-04-30 09:17:04,768.85,75756
2021-04-30 09:17:05,769.1,76223
2021-04-30 09:17:07,769.1,76248
2021-04-30 09:17:07,769.1,76456
2021-04-30 09:17:08,769.05,76845
2021-04-30 09:17:09,769.0,76941
2021-04-30 09:17:10,768.9,77259
2021-04-30 09:17:11,768.9,77259
2021-04-30 09:17:13,768.95,77871
2021-04-30 09:17:14,769.0,78127
2021-04-30 09:17:14,768.95,78149
2021-04-30 09:17:15,769.05,78266
2021-04-30 09:17:17,769.15,79018
2021-04-30 09:17:18,769.5,79039
2021-04-30 09:17:19,769.5,79052
2021-04-30 09:17:20,769.5,79054
2021-04-30 09:17:20,769.5,79054
2021-04-30 09:17:21,769.3,79079
2021-04-30 09:17:23,769.15,79429
2021-04-30 09:17:23,769.5,79439
2021-04-30 09:17:24,769.6,80139
2021-04-30 09:17:25,770.85,82996
2021-04-30 09:17:26,770.85,83527
2021-04-30 09:17:27,770.85,83527
2021-04-30 09:17:28,770.65,84428
2021-04-30 09:17:29,770.0,84575
2021-04-30 09:17:30,770.1,84682
2021-04-30 09:17:32,770.3,84832
2021-04-30 09:17:32,770.3,84832
2021-04-30 09:17:33,769.95,85251
2021-04-30 09:17:34,769.65,85462
2021-04-30 09:17:36,769.65,85533
2021-04-30 09:17:36,769.65,85533
2021-04-30 09:17:37,769.95,85570
2021-04-30 09:17:38,769.6,85874
2021-04-30 09:17:39,770.0,86074
2021-04-30 09:17:40,769.1,88045
2021-04-30 09:17:42,769.3,88263
2021-04-30 09:17:43,769.85,88318
2021-04-30 09:17:43,769.85,88318
2021-04-30 09:17:44,769.3,88521
2021-04-30 09:17:45,770.0,89521
2021-04-30 09:17:46,770.0,89521
2021-04-30 09:17:47,770.0,89660
2021-04-30 09:17:48,770.0,89660
2021-04-30 09:17:49,769.95,89681
2021-04-30 09:17:50,770.55,89847
2021-04-30 09:17:52,770.75,90630
2021-04-30 09:17:52,770.3,90467
2021-04-30 09:17:54,770.6,92024
2021-04-30 09:17:54,770.6,92024
2021-04-30 09:17:55,770.6,92102
2021-04-30 09:17:57,770.75,92323
2021-04-30 09:17:58,770.75,92333
2021-04-30 09:17:59,770.0,92913
2021-04-30 09:17:59,770.0,92913
2021-04-30 09:18:00,769.85,93748
2021-04-30 09:18:01,769.65,93795
2021-04-30 09:18:02,769.65,94320
2021-04-30 09:18:03,769.3,94391
2021-04-30 09:18:04,769.3,94457
2021-04-30 09:18:05,769.6,95078
2021-04-30 09:18:06,769.8,95079
2021-04-30 09:18:07,769.7,95769
2021-04-30 09:18:08,769.05,95957
2021-04-30 09:18:09,769.0,97212
2021-04-30 09:18:10,769.3,97674
2021-04-30 09:18:11,768.9,97824
2021-04-30 09:18:12,769.1,98837
2021-04-30 09:18:13,769.0,98963
2021-04-30 09:18:15,769.1,98964
2021-04-30 09:18:16,769.25,98976
2021-04-30 09:18:17,769.1,99072
2021-04-30 09:18:18,769.1,99072
2021-04-30 09:18:19,769.5,99179
2021-04-30 09:18:20,769.3,99659
2021-04-30 09:18:20,769.55,99734
2021-04-30 09:18:21,770.35,103591
2021-04-30 09:18:22,770.45,104010
2021-04-30 09:18:23,769.95,104023
2021-04-30 09:18:24,770.35,104274
2021-04-30 09:18:25,770.35,104274
2021-04-30 09:18:26,770.45,106870
2021-04-30 09:18:27,770.0,106921
2021-04-30 09:18:30,770.6,107122
2021-04-30 09:18:31,770.5,107304
2021-04-30 09:18:31,770.5,107304
2021-04-30 09:18:33,770.75,107981
2021-04-30 09:18:33,770.75,107981
2021-04-30 09:18:34,771.0,108791
2021-04-30 09:18:35,770.9,108951
2021-04-30 09:18:36,770.6,109123
2021-04-30 09:18:37,770.45,109507
2021-04-30 09:18:38,770.9,109532
2021-04-30 09:18:39,771.45,112591
2021-04-30 09:18:40,771.75,114095
2021-04-30 09:18:41,771.35,114225
2021-04-30 09:18:43,771.4,115289
2021-04-30 09:18:44,771.45,115789
2021-04-30 09:18:45,771.45,115789
2021-04-30 09:18:46,772.2,117262
2021-04-30 09:18:47,771.8,117328
2021-04-30 09:18:48,771.8,117328
2021-04-30 09:18:49,771.65,117383
2021-04-30 09:18:49,771.75,117387
2021-04-30 09:18:51,771.65,117403
2021-04-30 09:18:51,771.6,117503
2021-04-30 09:18:53,771.6,117636
2021-04-30 09:18:53,771.6,117636
2021-04-30 09:18:55,772.35,118341
2021-04-30 09:18:56,771.8,118349
2021-04-30 09:18:56,771.8,118349
2021-04-30 09:18:57,772.05,118569
2021-04-30 09:18:58,772.15,118584
2021-04-30 09:18:59,772.15,120095
2021-04-30 09:19:01,772.65,120436
2021-04-30 09:19:01,772.65,120436
2021-04-30 09:19:02,772.3,120440
2021-04-30 09:19:03,772.0,120854
2021-04-30 09:19:04,772.95,121864
2021-04-30 09:19:05,772.6,122093
2021-04-30 09:19:06,772.25,122268
2021-04-30 09:19:07,772.25,122268
2021-04-30 09:19:08,773.0,122368
2021-04-30 09:19:09,772.55,122670
2021-04-30 09:19:10,772.75,122784
2021-04-30 09:19:11,772.9,122866
2021-04-30 09:19:12,772.75,122895
2021-04-30 09:19:13,772.55,123532
2021-04-30 09:19:14,772.9,123543
2021-04-30 09:19:15,772.9,123675
2021-04-30 09:19:16,772.85,123699
2021-04-30 09:19:17,772.85,123699
2021-04-30 09:19:18,772.8,123724
2021-04-30 09:19:20,772.5,124179
2021-04-30 09:19:21,772.6,125253
2021-04-30 09:19:22,772.6,125353
2021-04-30 09:19:23,772.75,125553
2021-04-30 09:19:24,773.4,131701
2021-04-30 09:19:25,773.7,132459
2021-04-30 09:19:26,773.75,132843
2021-04-30 09:19:27,773.8,133140
2021-04-30 09:19:28,773.6,133935
2021-04-30 09:19:29,773.55,133955
2021-04-30 09:19:30,773.65,134740
2021-04-30 09:19:31,773.4,134925
2021-04-30 09:19:31,773.4,134925
2021-04-30 09:19:32,773.45,135075
2021-04-30 09:19:33,773.0,135306
2021-04-30 09:19:34,773.0,135306
2021-04-30 09:19:35,773.1,136217
2021-04-30 09:19:36,772.85,136803
2021-04-30 09:19:37,772.85,136803
2021-04-30 09:19:38,773.05,136983
2021-04-30 09:19:40,773.45,137201
2021-04-30 09:19:40,773.7,137251
2021-04-30 09:19:42,773.55,137281
2021-04-30 09:19:43,772.9,137781
2021-04-30 09:19:44,774.15,138854
2021-04-30 09:19:45,773.65,138947
2021-04-30 09:19:46,773.9,139097
2021-04-30 09:19:47,774.15,140347
2021-04-30 09:19:48,773.6,140389
2021-04-30 09:19:49,773.6,140489
2021-04-30 09:19:50,774.0,140623
2021-04-30 09:19:51,773.95,141797
2021-04-30 09:19:52,773.95,141812
2021-04-30 09:19:53,774.15,142111
2021-04-30 09:19:54,774.1,142162
2021-04-30 09:19:55,774.2,142230
2021-04-30 09:19:55,774.2,142441
2021-04-30 09:19:56,774.0,142641
2021-04-30 09:19:58,774.15,142971
2021-04-30 09:19:59,774.0,144389
2021-04-30 09:19:59,773.9,144314
2021-04-30 09:20:01,773.15,145137
2021-04-30 09:20:02,773.4,145497
2021-04-30 09:20:03,773.2,145754
2021-04-30 09:20:04,773.0,150890
2021-04-30 09:20:05,772.5,150946
2021-04-30 09:20:06,771.25,154946
2021-04-30 09:20:06,770.8,154699
2021-04-30 09:20:08,771.65,155232
2021-04-30 09:20:08,771.05,155237
2021-04-30 09:20:10,772.0,155907
2021-04-30 09:20:10,772.0,155907
2021-04-30 09:20:11,772.0,155907
2021-04-30 09:20:13,771.4,155953
2021-04-30 09:20:14,771.65,156182
2021-04-30 09:20:14,771.65,156182
2021-04-30 09:20:15,771.7,156226
2021-04-30 09:20:18,771.95,156579
2021-04-30 09:20:20,772.3,156847
2021-04-30 09:20:21,772.3,156896
2021-04-30 09:20:22,772.4,157198
2021-04-30 09:20:22,772.4,157198
2021-04-30 09:20:23,772.5,157250
2021-04-30 09:20:24,772.5,158173
2021-04-30 09:20:25,772.5,158173
2021-04-30 09:20:27,772.8,158573
2021-04-30 09:20:28,772.5,158574
2021-04-30 09:20:29,773.0,158734
2021-04-30 09:20:30,773.75,164317
2021-04-30 09:20:30,773.85,164383
2021-04-30 09:20:32,773.45,165397
2021-04-30 09:20:32,773.4,165456
2021-04-30 09:20:34,773.85,165499
2021-04-30 09:20:34,773.4,165857
2021-04-30 09:20:35,772.9,165904
2021-04-30 09:20:37,772.9,165979
2021-04-30 09:20:38,773.3,166080
2021-04-30 09:20:39,773.3,166080
2021-04-30 09:20:39,773.3,166080
2021-04-30 09:20:40,773.0,166120
2021-04-30 09:20:41,773.05,166222
2021-04-30 09:20:42,772.2,166624
2021-04-30 09:20:44,772.7,166649
2021-04-30 09:20:45,772.25,166749
2021-04-30 09:20:46,772.2,166893
2021-04-30 09:20:46,772.0,167018
2021-04-30 09:20:47,772.0,167428
2021-04-30 09:20:50,773.3,168672
2021-04-30 09:20:51,773.3,168672
2021-04-30 09:20:52,773.3,168672
2021-04-30 09:20:53,773.5,168723
2021-04-30 09:20:55,773.15,174604
2021-04-30 09:20:56,772.85,174693
2021-04-30 09:20:57,772.85,174693
2021-04-30 09:20:58,772.8,174819
2021-04-30 09:20:59,772.2,174834
2021-04-30 09:21:00,772.8,174894
2021-04-30 09:21:01,772.4,174905
2021-04-30 09:21:02,772.6,176418
2021-04-30 09:21:03,772.1,176424
2021-04-30 09:21:04,772.0,176944
2021-04-30 09:21:05,772.0,176956
2021-04-30 09:21:06,772.0,176956
2021-04-30 09:21:06,772.0,176956
2021-04-30 09:21:08,771.95,177561
2021-04-30 09:21:09,771.95,177561
2021-04-30 09:21:10,772.2,178061
2021-04-30 09:21:11,772.2,178063
2021-04-30 09:21:11,772.25,178713
2021-04-30 09:21:12,772.35,178743
2021-04-30 09:21:13,772.65,178843
2021-04-30 09:21:14,772.35,178933
2021-04-30 09:21:15,772.35,178944
2021-04-30 09:21:16,772.0,179539
2021-04-30 09:21:18,771.6,179564
2021-04-30 09:21:19,771.4,180615
2021-04-30 09:21:20,771.2,181026
2021-04-30 09:21:21,771.0,182907
2021-04-30 09:21:22,770.9,183153
2021-04-30 09:21:23,770.25,184182
2021-04-30 09:21:23,770.25,184182
2021-04-30 09:21:24,770.75,184432
2021-04-30 09:21:25,770.5,185404
2021-04-30 09:21:26,771.0,185705
2021-04-30 09:21:28,770.4,185755
2021-04-30 09:21:29,770.45,185760
2021-04-30 09:21:30,771.0,186245
2021-04-30 09:21:31,770.55,186287
2021-04-30 09:21:32,770.85,186876
2021-04-30 09:21:33,771.4,186877
2021-04-30 09:21:34,770.65,187607
2021-04-30 09:21:35,770.6,188512
2021-04-30 09:21:36,770.6,188512
2021-04-30 09:21:37,770.25,188642
2021-04-30 09:21:38,770.7,188897
2021-04-30 09:21:39,770.8,189100
2021-04-30 09:21:40,770.95,189601
2021-04-30 09:21:41,770.5,189826
2021-04-30 09:21:42,770.6,189954
2021-04-30 09:21:43,772.15,191468
2021-04-30 09:21:44,772.15,191468
2021-04-30 09:21:45,772.9,191669
2021-04-30 09:21:46,772.6,192159
2021-04-30 09:21:47,772.6,192159
2021-04-30 09:21:48,772.85,192172
2021-04-30 09:21:49,772.75,193507
2021-04-30 09:21:49,772.75,193507
2021-04-30 09:21:51,772.8,194209
2021-04-30 09:21:52,772.8,194211
2021-04-30 09:21:53,773.2,194290
2021-04-30 09:21:54,773.3,194313
2021-04-30 09:21:55,772.85,195016
2021-04-30 09:21:56,773.2,195370
2021-04-30 09:21:57,773.25,195492
2021-04-30 09:21:58,773.25,195492
2021-04-30 09:21:59,773.05,195582
2021-04-30 09:22:00,773.05,195603
2021-04-30 09:22:01,773.3,195977
2021-04-30 09:22:02,773.05,196718
2021-04-30 09:22:03,773.05,196758
2021-04-30 09:22:04,773.05,196804
2021-04-30 09:22:05,772.75,196855
2021-04-30 09:22:06,772.05,196888
2021-04-30 09:22:07,772.85,197021
2021-04-30 09:22:08,772.85,197021
2021-04-30 09:22:09,772.8,197071
2021-04-30 09:22:10,772.95,197729
2021-04-30 09:22:11,772.4,197735
2021-04-30 09:22:12,772.95,198538
2021-04-30 09:22:13,772.05,199497
2021-04-30 09:22:14,772.85,199602
2021-04-30 09:22:15,772.8,199706
2021-04-30 09:22:16,772.3,199711
2021-04-30 09:22:17,773.05,200918
2021-04-30 09:22:18,772.8,201028
2021-04-30 09:22:19,772.8,201028
2021-04-30 09:22:20,773.45,201535
2021-04-30 09:22:21,773.45,201535
2021-04-30 09:22:22,772.8,201645
2021-04-30 09:22:23,772.8,201645
2021-04-30 09:22:24,773.3,201648
2021-04-30 09:22:25,773.2,202308
2021-04-30 09:22:26,773.2,202528
2021-04-30 09:22:27,773.5,202728
2021-04-30 09:22:28,773.45,202729
2021-04-30 09:22:29,773.2,203124
2021-04-30 09:22:29,773.2,203124
2021-04-30 09:22:30,773.55,203348
2021-04-30 09:22:32,773.45,203406
2021-04-30 09:22:33,773.6,203409
2021-04-30 09:22:34,773.45,203500
2021-04-30 09:22:35,773.35,203674
2021-04-30 09:22:36,773.05,203705
2021-04-30 09:22:37,773.05,203705
2021-04-30 09:22:38,773.05,203705
2021-04-30 09:22:39,773.05,203705
2021-04-30 09:22:40,773.1,204404
2021-04-30 09:22:41,773.05,204914
2021-04-30 09:22:42,773.15,204922
2021-04-30 09:22:43,773.15,204922
2021-04-30 09:22:44,773.4,204969
2021-04-30 09:22:45,773.4,204969
2021-04-30 09:22:46,773.05,205019
2021-04-30 09:22:47,773.35,205182
2021-04-30 09:22:48,772.8,205332
2021-04-30 09:22:49,773.25,205337
2021-04-30 09:22:50,773.25,205347
2021-04-30 09:22:51,773.2,205364
2021-04-30 09:22:52,773.2,205365
2021-04-30 09:22:53,773.2,205365
2021-04-30 09:22:54,773.2,205458
2021-04-30 09:22:55,773.2,205459
2021-04-30 09:22:56,773.4,205801
2021-04-30 09:22:57,773.4,205801
2021-04-30 09:22:58,773.4,205842
2021-04-30 09:22:59,773.4,205889
2021-04-30 09:23:00,773.5,205989
2021-04-30 09:23:01,773.5,206282
2021-04-30 09:23:02,773.5,206282
2021-04-30 09:23:03,773.5,206287
2021-04-30 09:23:04,773.6,206288
2021-04-30 09:23:05,773.6,206438
2021-04-30 09:23:06,773.2,206724
2021-04-30 09:23:07,773.2,206724
2021-04-30 09:23:08,772.95,206800
2021-04-30 09:23:09,773.45,206803
2021-04-30 09:23:10,773.45,206803
2021-04-30 09:23:11,773.45,206803
2021-04-30 09:23:12,773.0,206804
2021-04-30 09:23:13,773.0,206810
2021-04-30 09:23:14,773.5,207200
2021-04-30 09:23:15,773.0,207258
2021-04-30 09:23:16,773.0,207258
2021-04-30 09:23:17,773.2,207260
2021-04-30 09:23:18,773.5,207502
2021-04-30 09:23:19,773.5,207502
2021-04-30 09:23:20,773.4,207894
2021-04-30 09:23:21,773.4,207954
2021-04-30 09:23:22,773.4,208086
2021-04-30 09:23:23,772.55,209786
2021-04-30 09:23:24,772.55,209786
2021-04-30 09:23:25,772.85,209799
2021-04-30 09:23:26,772.85,209799
2021-04-30 09:23:27,773.1,210071
2021-04-30 09:23:28,773.1,210071
2021-04-30 09:23:29,772.95,210083
2021-04-30 09:23:30,773.0,210166
2021-04-30 09:23:31,773.0,210166
2021-04-30 09:23:32,772.85,210615
2021-04-30 09:23:33,773.15,210915
2021-04-30 09:23:34,773.4,211015
2021-04-30 09:23:35,773.4,211015
2021-04-30 09:23:36,773.0,211125
2021-04-30 09:23:37,773.0,211125
2021-04-30 09:23:38,773.3,211190
2021-04-30 09:23:39,773.0,211240
2021-04-30 09:23:40,773.25,211260
2021-04-30 09:23:41,772.8,211531
2021-04-30 09:23:42,772.9,212245
2021-04-30 09:23:43,773.3,212263
2021-04-30 09:23:44,773.25,212305
2021-04-30 09:23:45,773.25,212657
2021-04-30 09:23:46,773.05,212690
2021-04-30 09:23:47,772.7,212796
2021-04-30 09:23:48,773.75,220007
2021-04-30 09:23:49,773.9,220877
2021-04-30 09:23:50,773.9,220911
2021-04-30 09:23:51,774.5,221021
2021-04-30 09:23:52,774.55,221226
2021-04-30 09:23:53,774.55,221226
2021-04-30 09:23:54,774.6,221841
2021-04-30 09:23:55,774.55,221920
2021-04-30 09:23:56,774.55,221958
2021-04-30 09:23:57,774.45,222401
2021-04-30 09:23:58,774.3,222463
2021-04-30 09:23:59,774.85,222512
2021-04-30 09:24:00,774.85,222517
2021-04-30 09:24:01,774.8,222654
2021-04-30 09:24:02,774.5,222722
2021-04-30 09:24:03,773.15,224918
2021-04-30 09:24:04,773.75,224978
2021-04-30 09:24:05,773.65,224991
2021-04-30 09:24:06,773.25,225189
2021-04-30 09:24:07,773.2,225222
2021-04-30 09:24:08,773.5,225237
2021-04-30 09:24:09,773.5,225237
2021-04-30 09:24:10,773.55,225247
2021-04-30 09:24:11,773.55,225247
2021-04-30 09:24:12,773.5,225485
2021-04-30 09:24:13,773.5,225757
2021-04-30 09:24:14,773.45,226091
2021-04-30 09:24:15,773.45,226091
2021-04-30 09:24:16,773.45,226096
2021-04-30 09:24:17,773.2,226321
2021-04-30 09:24:18,773.55,226372
2021-04-30 09:24:19,773.5,226402
2021-04-30 09:24:20,773.5,226402
2021-04-30 09:24:21,773.5,226402
2021-04-30 09:24:22,773.2,226405
2021-04-30 09:24:23,773.45,226406
2021-04-30 09:24:24,773.7,226884
2021-04-30 09:24:25,773.7,227585
2021-04-30 09:24:26,773.75,227601
2021-04-30 09:24:27,773.8,227626
2021-04-30 09:24:28,773.45,227651
2021-04-30 09:24:29,774.0,227776
2021-04-30 09:24:31,774.2,228276
2021-04-30 09:24:32,774.2,228276
2021-04-30 09:24:33,774.05,228281
2021-04-30 09:24:34,774.05,228281
2021-04-30 09:24:35,774.75,233075
2021-04-30 09:24:36,774.9,233227
2021-04-30 09:24:37,774.55,233267
2021-04-30 09:24:38,774.9,233385
2021-04-30 09:24:39,775.0,233953
2021-04-30 09:24:40,775.0,234153
2021-04-30 09:24:41,775.0,234574
2021-04-30 09:24:42,775.0,234591
2021-04-30 09:24:43,775.0,234634
2021-04-30 09:24:44,775.0,234744
2021-04-30 09:24:45,774.9,234755
2021-04-30 09:24:46,774.9,234764
2021-04-30 09:24:47,775.0,234775
2021-04-30 09:24:48,775.0,234885
2021-04-30 09:24:49,774.8,235505
2021-04-30 09:24:50,774.95,235855
2021-04-30 09:24:51,774.95,235855
2021-04-30 09:24:52,775.4,237243
2021-04-30 09:24:53,775.2,237748
2021-04-30 09:24:54,775.2,237752
2021-04-30 09:24:55,775.9,239641
2021-04-30 09:24:56,776.0,241008
2021-04-30 09:24:57,775.75,241078
2021-04-30 09:24:58,775.7,241434
2021-04-30 09:24:59,775.5,241644
2021-04-30 09:25:00,775.2,242139
2021-04-30 09:25:01,775.95,242197
2021-04-30 09:25:02,775.9,242457
2021-04-30 09:25:03,775.9,242669
2021-04-30 09:25:05,775.05,243482
2021-04-30 09:25:06,775.4,243617
2021-04-30 09:25:07,775.5,243645
2021-04-30 09:25:08,775.5,243645
2021-04-30 09:25:10,775.8,243695
2021-04-30 09:25:11,776.0,244075
2021-04-30 09:25:12,776.0,244175
2021-04-30 09:25:13,776.0,244386
2021-04-30 09:25:14,776.0,244600
2021-04-30 09:25:15,776.0,245538
2021-04-30 09:25:16,776.0,245538
2021-04-30 09:25:17,776.05,245876
2021-04-30 09:25:17,776.05,246076
2021-04-30 09:25:18,776.0,246140
2021-04-30 09:25:19,776.3,246235
2021-04-30 09:25:20,776.0,246285
2021-04-30 09:25:21,775.55,248885
2021-04-30 09:25:22,775.5,249041
2021-04-30 09:25:23,775.85,249106
2021-04-30 09:25:24,775.95,249132
2021-04-30 09:25:25,775.8,249232
2021-04-30 09:25:26,775.85,249337
2021-04-30 09:25:27,775.85,249367
2021-04-30 09:25:28,775.95,249492
2021-04-30 09:25:29,776.0,249671
2021-04-30 09:25:30,775.95,251052
2021-04-30 09:25:31,775.4,251067
2021-04-30 09:25:32,775.4,251067
2021-04-30 09:25:33,775.45,251068
2021-04-30 09:25:34,775.45,251068
2021-04-30 09:25:35,775.5,251180
2021-04-30 09:25:36,775.5,251866
2021-04-30 09:25:37,775.5,251978
2021-04-30 09:25:38,775.5,252001
2021-04-30 09:25:39,775.15,252104
2021-04-30 09:25:40,775.5,252293
2021-04-30 09:25:41,775.9,252307
2021-04-30 09:25:42,775.55,252540
2021-04-30 09:25:43,775.9,252551
2021-04-30 09:25:44,775.9,252551
2021-04-30 09:25:45,775.85,252720
2021-04-30 09:25:46,775.8,252730
2021-04-30 09:25:48,776.0,252760
2021-04-30 09:25:48,775.45,252761
2021-04-30 09:25:49,775.45,252761
2021-04-30 09:25:50,775.45,252809
2021-04-30 09:25:51,775.25,252962
2021-04-30 09:25:52,775.45,253172
2021-04-30 09:25:53,775.9,253406
2021-04-30 09:25:54,775.9,253406
2021-04-30 09:25:55,775.9,253406
2021-04-30 09:25:56,775.75,253700
2021-04-30 09:25:57,775.9,253705
2021-04-30 09:25:58,775.9,253809
2021-04-30 09:25:59,775.75,253925
2021-04-30 09:26:00,775.9,253930
2021-04-30 09:26:01,775.9,253930
2021-04-30 09:26:02,775.9,254631
2021-04-30 09:26:03,775.9,254631
2021-04-30 09:26:04,775.75,255733
2021-04-30 09:26:06,775.75,255733
2021-04-30 09:26:06,775.75,255733
2021-04-30 09:26:07,775.95,255766
2021-04-30 09:26:08,776.0,256466
2021-04-30 09:26:09,775.9,256654
2021-04-30 09:26:10,776.0,256656
2021-04-30 09:26:11,776.0,256660
2021-04-30 09:26:12,776.0,256660
2021-04-30 09:26:13,775.8,257060
2021-04-30 09:26:14,775.9,257226
2021-04-30 09:26:15,775.5,257704
2021-04-30 09:26:16,775.45,257734
2021-04-30 09:26:17,775.75,257764
2021-04-30 09:26:18,775.85,257864
2021-04-30 09:26:19,775.75,258054
2021-04-30 09:26:20,775.75,258054
2021-04-30 09:26:21,775.45,258982
2021-04-30 09:26:22,775.95,259982
2021-04-30 09:26:23,775.9,260616
2021-04-30 09:26:24,776.0,260733
2021-04-30 09:26:25,776.0,261011
2021-04-30 09:26:26,775.85,261018
2021-04-30 09:26:27,775.9,261348
2021-04-30 09:26:28,775.45,262150
2021-04-30 09:26:29,775.45,262170
2021-04-30 09:26:30,775.8,262195
2021-04-30 09:26:31,775.9,262431
2021-04-30 09:26:32,775.6,262607
2021-04-30 09:26:33,775.9,262627
2021-04-30 09:26:34,775.9,262717
2021-04-30 09:26:35,775.75,265063
2021-04-30 09:26:37,775.7,265163
2021-04-30 09:26:37,775.7,265163
2021-04-30 09:26:38,775.95,265938
2021-04-30 09:26:39,775.0,266338
2021-04-30 09:26:40,775.55,268208
2021-04-30 09:26:41,775.7,268728
2021-04-30 09:26:42,775.5,268874
2021-04-30 09:26:43,775.5,268874
2021-04-30 09:26:44,775.95,268894
2021-04-30 09:26:46,775.95,268894
2021-04-30 09:26:46,776.0,268895
2021-04-30 09:26:47,776.0,269012
2021-04-30 09:26:48,776.0,269312
2021-04-30 09:26:49,776.0,269513
2021-04-30 09:26:50,775.7,270098
2021-04-30 09:26:51,775.7,270098
2021-04-30 09:26:53,775.7,270098
2021-04-30 09:26:53,775.7,270098
2021-04-30 09:26:54,775.65,270132
2021-04-30 09:26:55,775.65,270282
2021-04-30 09:26:56,775.65,270282
2021-04-30 09:26:58,775.65,270336
2021-04-30 09:26:59,775.95,270438
2021-04-30 09:26:59,775.95,270440
2021-04-30 09:27:01,775.95,270540
2021-04-30 09:27:01,775.85,270908
2021-04-30 09:27:02,775.5,270974
2021-04-30 09:27:03,775.2,271534
2021-04-30 09:27:04,775.4,271603
2021-04-30 09:27:05,775.35,271728
2021-04-30 09:27:06,775.05,271753
2021-04-30 09:27:07,775.0,271933
2021-04-30 09:27:08,775.0,271933
2021-04-30 09:27:09,775.0,271933
2021-04-30 09:27:11,774.6,273206
2021-04-30 09:27:11,774.8,273326
2021-04-30 09:27:13,774.3,273627
2021-04-30 09:27:14,774.15,273717
2021-04-30 09:27:15,774.2,273737
2021-04-30 09:27:16,774.65,273739
2021-04-30 09:27:16,774.65,273739
2021-04-30 09:27:18,774.25,273786
2021-04-30 09:27:18,774.25,273786
2021-04-30 09:27:19,774.2,273806
2021-04-30 09:27:21,774.15,273960
2021-04-30 09:27:21,774.15,273970
2021-04-30 09:27:22,774.15,274420
2021-04-30 09:27:23,774.15,274420
2021-04-30 09:27:24,774.15,274521
2021-04-30 09:27:25,774.45,274819
2021-04-30 09:27:27,774.45,274819
2021-04-30 09:27:28,774.45,275440
2021-04-30 09:27:29,774.45,275440
2021-04-30 09:27:30,774.45,275741
2021-04-30 09:27:30,774.45,275741
2021-04-30 09:27:31,774.4,276060
2021-04-30 09:27:32,774.45,276065
2021-04-30 09:27:33,774.45,276068
2021-04-30 09:27:35,774.45,276068
2021-04-30 09:27:36,774.4,276216
2021-04-30 09:27:37,774.35,276416
2021-04-30 09:27:37,774.35,276416
2021-04-30 09:27:39,774.45,276749
2021-04-30 09:27:39,774.55,276706
2021-04-30 09:27:40,774.3,276782
2021-04-30 09:27:41,774.3,276782
2021-04-30 09:27:42,774.45,276834
2021-04-30 09:27:43,774.45,276834
2021-04-30 09:27:45,774.45,276834
2021-04-30 09:27:46,774.45,276834
2021-04-30 09:27:47,774.45,276834
2021-04-30 09:27:48,774.4,276914
2021-04-30 09:27:48,774.4,276884
2021-04-30 09:27:49,774.4,276940
2021-04-30 09:27:50,774.35,277269
2021-04-30 09:27:51,774.45,279252
2021-04-30 09:27:52,774.45,279329
2021-04-30 09:27:54,774.45,279343
2021-04-30 09:27:55,774.45,279343
2021-04-30 09:27:56,774.45,279343
2021-04-30 09:27:57,774.75,281171
2021-04-30 09:27:58,774.75,281171
2021-04-30 09:27:58,774.45,281172
2021-04-30 09:27:59,774.75,281182
2021-04-30 09:28:01,775.0,281289
2021-04-30 09:28:02,775.0,281289
2021-04-30 09:28:04,774.75,281294
2021-04-30 09:28:05,774.75,281311
2021-04-30 09:28:06,774.75,281337
2021-04-30 09:28:07,774.75,281337
2021-04-30 09:28:08,774.75,281612
2021-04-30 09:28:09,774.9,282014
2021-04-30 09:28:09,774.9,282014
2021-04-30 09:28:10,774.3,282682
2021-04-30 09:28:11,774.35,282702
2021-04-30 09:28:12,774.05,282762
2021-04-30 09:28:13,774.35,282776
2021-04-30 09:28:16,774.4,282863
2021-04-30 09:28:17,774.3,282913
2021-04-30 09:28:18,774.3,282948
2021-04-30 09:28:18,774.3,283064
2021-04-30 09:28:19,774.3,283153
2021-04-30 09:28:20,774.3,283153
2021-04-30 09:28:21,774.0,283179
2021-04-30 09:28:22,774.3,283229
2021-04-30 09:28:23,774.0,283354
2021-04-30 09:28:24,774.25,283361
2021-04-30 09:28:25,774.3,283546
2021-04-30 09:28:27,774.05,283621
2021-04-30 09:28:28,774.3,283672
2021-04-30 09:28:29,774.3,283744
2021-04-30 09:28:30,774.3,283894
2021-04-30 09:28:30,774.3,283894
2021-04-30 09:28:31,774.25,283904
2021-04-30 09:28:32,774.25,284015
2021-04-30 09:28:33,774.25,284255
2021-04-30 09:28:35,774.3,284426
2021-04-30 09:28:36,774.3,284426
2021-04-30 09:28:37,774.3,284426
2021-04-30 09:28:37,774.3,284426
2021-04-30 09:28:39,774.3,285547
2021-04-30 09:28:40,774.3,285571
2021-04-30 09:28:41,774.3,285681
2021-04-30 09:28:42,774.3,285681
2021-04-30 09:28:43,774.3,285971
2021-04-30 09:28:44,774.3,285971
2021-04-30 09:28:44,774.3,285971
2021-04-30 09:28:45,774.3,285996
2021-04-30 09:28:46,774.2,286076
2021-04-30 09:28:47,774.2,286076
2021-04-30 09:28:48,774.2,286076
2021-04-30 09:28:49,774.25,286091
2021-04-30 09:28:51,774.1,286716
2021-04-30 09:28:52,774.3,287218
2021-04-30 09:28:52,774.3,287218
2021-04-30 09:28:53,774.05,287318
2021-04-30 09:28:54,774.05,287323
2021-04-30 09:28:55,774.05,287323
2021-04-30 09:28:56,774.55,288418
2021-04-30 09:28:58,774.25,288668
2021-04-30 09:28:59,774.55,289381
2021-04-30 09:29:00,774.6,289487
2021-04-30 09:29:01,774.6,289488
2021-04-30 09:29:01,774.6,289488
2021-04-30 09:29:02,775.2,290585
2021-04-30 09:29:03,775.2,290585
2021-04-30 09:29:04,775.25,290635
2021-04-30 09:29:06,775.75,290818
2021-04-30 09:29:07,775.75,290818
2021-04-30 09:29:08,775.85,290843
2021-04-30 09:29:09,775.9,290993
2021-04-30 09:29:09,775.9,290993
2021-04-30 09:29:10,775.65,291068
2021-04-30 09:29:11,775.9,291679
2021-04-30 09:29:12,775.9,291739
2021-04-30 09:29:13,775.9,291739
2021-04-30 09:29:14,775.9,291739
2021-04-30 09:29:16,775.6,292247
2021-04-30 09:29:17,776.0,292297
2021-04-30 09:29:18,776.0,292297
2021-04-30 09:29:19,776.0,292297
2021-04-30 09:29:19,775.9,292298
2021-04-30 09:29:21,775.9,292372
2021-04-30 09:29:23,775.85,292689
2021-04-30 09:29:24,775.65,292817
2021-04-30 09:29:25,775.8,293254
2021-04-30 09:29:26,775.35,293259
2021-04-30 09:29:27,775.9,293709
2021-04-30 09:29:28,775.85,293710
2021-04-30 09:29:29,775.65,293825
2021-04-30 09:29:29,775.65,293825
2021-04-30 09:29:30,775.6,293875
2021-04-30 09:29:31,775.6,293955
2021-04-30 09:29:32,775.2,294485
2021-04-30 09:29:34,775.2,294485
2021-04-30 09:29:35,775.1,294708
2021-04-30 09:29:36,775.1,294751
2021-04-30 09:29:37,775.25,294761
2021-04-30 09:29:38,775.25,294953
2021-04-30 09:29:39,775.0,295154
2021-04-30 09:29:40,775.15,295434
2021-04-30 09:29:41,775.15,295505
2021-04-30 09:29:42,775.0,296188
2021-04-30 09:29:44,774.1,296422
2021-04-30 09:29:45,774.45,296427
2021-04-30 09:29:45,774.45,296427
2021-04-30 09:29:47,774.35,296665
2021-04-30 09:29:47,774.1,296668
2021-04-30 09:29:48,774.1,296668
2021-04-30 09:29:49,774.15,296676
2021-04-30 09:29:50,774.1,297058
2021-04-30 09:29:51,774.1,297058
2021-04-30 09:29:52,774.1,297058
2021-04-30 09:29:53,774.1,297058
2021-04-30 09:29:54,774.1,297058
2021-04-30 09:29:56,774.3,297126
2021-04-30 09:29:57,774.3,297146
2021-04-30 09:29:57,774.3,297146
2021-04-30 09:29:58,774.3,297246
2021-04-30 09:30:00,774.65,297532
2021-04-30 09:30:01,774.2,297534
2021-04-30 09:30:01,774.2,297534
2021-04-30 09:30:02,774.3,297567
2021-04-30 09:30:03,774.3,297567
2021-04-30 09:30:05,774.45,297807
2021-04-30 09:30:06,774.3,297832
2021-04-30 09:30:06,774.3,297832
2021-04-30 09:30:07,774.45,297932
2021-04-30 09:30:08,774.1,298082
2021-04-30 09:30:10,774.45,298092
2021-04-30 09:30:11,774.2,298392
2021-04-30 09:30:12,774.45,298394
2021-04-30 09:30:13,774.45,298457
2021-04-30 09:30:14,774.5,298481
2021-04-30 09:30:15,774.4,298639
2021-04-30 09:30:15,774.4,298639
2021-04-30 09:30:16,775.0,299035
2021-04-30 09:30:17,774.75,299286
2021-04-30 09:30:18,774.75,299286
2021-04-30 09:30:20,774.75,299286
2021-04-30 09:30:21,775.0,299320
2021-04-30 09:30:22,775.0,299448
2021-04-30 09:30:23,775.0,299448
2021-04-30 09:30:24,774.75,299548
2021-04-30 09:30:25,775.0,299620
2021-04-30 09:30:26,775.0,299621
2021-04-30 09:30:27,775.0,299621
2021-04-30 09:30:29,774.95,299663
2021-04-30 09:30:30,775.5,301358
2021-04-30 09:30:31,775.15,301592
2021-04-30 09:30:33,775.45,301622
2021-04-30 09:30:34,775.45,301622
2021-04-30 09:30:34,775.45,301622
2021-04-30 09:30:36,775.45,301650
2021-04-30 09:30:37,775.15,301655
2021-04-30 09:30:38,775.45,301755
2021-04-30 09:30:38,775.45,301755
2021-04-30 09:30:39,775.45,301781
2021-04-30 09:30:41,775.3,302172
2021-04-30 09:30:42,775.3,302177
2021-04-30 09:30:43,775.3,302177
2021-04-30 09:30:44,775.25,302179
2021-04-30 09:30:45,775.1,302452
2021-04-30 09:30:46,775.1,302452
2021-04-30 09:30:46,775.1,302452
2021-04-30 09:30:47,775.35,302560
2021-04-30 09:30:49,775.45,302570
2021-04-30 09:30:50,775.45,302570
2021-04-30 09:30:51,775.45,302645
2021-04-30 09:30:52,775.45,302645
2021-04-30 09:30:53,775.45,302645
2021-04-30 09:30:54,775.45,302645
2021-04-30 09:30:54,775.45,302645
2021-04-30 09:30:56,775.6,303083
2021-04-30 09:30:56,775.6,303083
2021-04-30 09:30:57,775.45,303108
2021-04-30 09:30:59,775.45,303145
2021-04-30 09:30:59,775.45,303145
2021-04-30 09:31:00,775.5,303146
2021-04-30 09:31:01,775.15,303235
2021-04-30 09:31:02,776.0,305250
2021-04-30 09:31:04,775.55,305353
2021-04-30 09:31:05,775.8,306125
2021-04-30 09:31:06,775.8,306125
2021-04-30 09:31:07,775.8,306225
2021-04-30 09:31:08,775.5,306762
2021-04-30 09:31:09,775.5,306762
2021-04-30 09:31:09,775.5,306762
2021-04-30 09:31:10,775.55,306812
2021-04-30 09:31:11,775.9,307315
2021-04-30 09:31:12,775.55,307325
2021-04-30 09:31:14,775.8,307380
2021-04-30 09:31:15,775.9,307384
2021-04-30 09:31:16,775.55,307468
2021-04-30 09:31:17,775.95,308498
2021-04-30 09:31:18,776.0,308633
2021-04-30 09:31:19,775.85,308736
2021-04-30 09:31:20,775.85,309028
2021-04-30 09:31:21,775.85,309128
2021-04-30 09:31:21,775.85,309128
2021-04-30 09:31:23,775.9,309129
2021-04-30 09:31:24,775.6,309137
2021-04-30 09:31:25,775.6,309137
2021-04-30 09:31:26,775.6,309156
2021-04-30 09:31:27,775.9,309166
2021-04-30 09:31:28,775.9,309166
2021-04-30 09:31:29,775.9,309177
2021-04-30 09:31:30,775.9,309277
2021-04-30 09:31:31,775.6,309340
2021-04-30 09:31:32,775.6,309377
2021-04-30 09:31:33,775.6,309377
2021-04-30 09:31:34,775.8,309397
2021-04-30 09:31:36,775.9,309900
2021-04-30 09:31:37,775.85,309902
2021-04-30 09:31:38,775.55,310018
2021-04-30 09:31:39,775.45,310666
2021-04-30 09:31:40,775.45,310666
2021-04-30 09:31:41,775.45,310868
2021-04-30 09:31:42,775.55,310994
2021-04-30 09:31:43,775.55,310994
2021-04-30 09:31:44,775.6,311013
2021-04-30 09:31:45,775.6,311023
2021-04-30 09:31:46,775.55,311058
2021-04-30 09:31:47,775.25,311300
2021-04-30 09:31:48,775.65,311350
2021-04-30 09:31:49,775.65,311350
2021-04-30 09:31:50,775.65,311350
2021-04-30 09:31:51,775.5,311553
2021-04-30 09:31:52,775.65,311703
2021-04-30 09:31:53,775.15,311903
2021-04-30 09:31:54,775.15,311903
2021-04-30 09:31:55,775.65,312058
2021-04-30 09:31:56,775.1,312330
2021-04-30 09:31:57,775.65,312410
2021-04-30 09:31:58,775.65,312410
2021-04-30 09:31:59,775.6,312445
2021-04-30 09:32:00,775.65,312450
2021-04-30 09:32:01,775.3,312682
2021-04-30 09:32:02,775.65,312858
2021-04-30 09:32:03,775.65,313118
2021-04-30 09:32:04,775.65,313221
2021-04-30 09:32:05,775.65,313221
2021-04-30 09:32:06,775.5,313246
2021-04-30 09:32:07,775.5,313246
2021-04-30 09:32:08,775.5,313246
2021-04-30 09:32:09,775.9,313668
2021-04-30 09:32:10,775.85,313749
2021-04-30 09:32:11,775.85,313749
2021-04-30 09:32:12,775.6,313858
2021-04-30 09:32:13,775.85,313950
2021-04-30 09:32:14,775.6,314170
2021-04-30 09:32:15,774.95,317055
2021-04-30 09:32:16,774.6,317793
2021-04-30 09:32:17,774.8,317803
2021-04-30 09:32:18,774.65,317868
2021-04-30 09:32:19,774.65,318348
2021-04-30 09:32:20,774.7,318503
2021-04-30 09:32:21,774.4,318529
2021-04-30 09:32:22,774.4,318529
2021-04-30 09:32:23,774.7,318582
2021-04-30 09:32:24,774.7,318582
2021-04-30 09:32:25,774.7,318582
2021-04-30 09:32:26,774.6,318873
2021-04-30 09:32:27,774.6,318873
2021-04-30 09:32:28,774.2,318973
2021-04-30 09:32:29,774.2,319430
2021-04-30 09:32:30,774.1,320275
2021-04-30 09:32:31,774.15,320950
2021-04-30 09:32:32,774.15,321301
2021-04-30 09:32:33,774.15,321301
2021-04-30 09:32:34,774.15,321311
2021-04-30 09:32:35,774.15,321311
2021-04-30 09:32:36,774.15,321312
2021-04-30 09:32:37,774.2,321378
2021-04-30 09:32:38,774.35,321619
2021-04-30 09:32:39,774.25,323583
2021-04-30 09:32:40,774.05,323712
2021-04-30 09:32:40,774.05,323712
2021-04-30 09:32:41,774.05,323712
2021-04-30 09:32:42,774.2,323817
2021-04-30 09:32:44,774.15,323822
2021-04-30 09:32:45,773.9,323830
2021-04-30 09:32:46,773.85,324127
2021-04-30 09:32:47,773.8,324342
2021-04-30 09:32:48,773.7,324432
2021-04-30 09:32:48,773.15,324939
2021-04-30 09:32:50,772.6,327728
2021-04-30 09:32:51,772.35,327791
2021-04-30 09:32:52,772.7,327893
2021-04-30 09:32:53,772.5,327895
2021-04-30 09:32:54,772.5,327895
2021-04-30 09:32:55,772.8,327995
2021-04-30 09:32:56,772.75,328059
2021-04-30 09:32:57,772.9,328644
2021-04-30 09:32:58,772.9,328644
2021-04-30 09:32:59,772.9,328644
2021-04-30 09:33:00,772.9,328644
2021-04-30 09:33:01,773.45,335684
2021-04-30 09:33:02,773.45,335684
2021-04-30 09:33:03,773.9,335685
2021-04-30 09:33:04,773.55,335885
2021-04-30 09:33:05,774.0,335917
2021-04-30 09:33:06,774.25,336073
2021-04-30 09:33:07,774.2,336329
2021-04-30 09:33:07,774.7,336717
2021-04-30 09:33:08,774.7,336717
2021-04-30 09:33:10,774.7,336717
2021-04-30 09:33:11,774.55,336917
2021-04-30 09:33:12,774.55,336924
2021-04-30 09:33:13,775.1,337182
2021-04-30 09:33:14,774.85,337698
2021-04-30 09:33:15,774.7,337753
2021-04-30 09:33:16,774.7,337753
2021-04-30 09:33:17,774.15,338151
2021-04-30 09:33:18,773.75,338256
2021-04-30 09:33:19,773.7,338258
2021-04-30 09:33:20,773.2,338358
2021-04-30 09:33:21,772.5,338868
2021-04-30 09:33:22,772.85,338909
2021-04-30 09:33:23,772.85,338909
2021-04-30 09:33:24,772.85,338909
2021-04-30 09:33:25,772.5,338989
2021-04-30 09:33:26,772.55,339090
2021-04-30 09:33:27,772.55,339090
2021-04-30 09:33:28,772.95,339169
2021-04-30 09:33:30,772.95,339169
2021-04-30 09:33:31,773.95,339195
2021-04-30 09:33:32,774.0,339210
2021-04-30 09:33:33,774.0,339314
2021-04-30 09:33:34,774.2,339344
2021-04-30 09:33:35,773.85,339632
2021-04-30 09:33:36,773.85,339632
2021-04-30 09:33:37,773.85,339632
2021-04-30 09:33:38,773.85,339632
2021-04-30 09:33:39,773.85,339632
2021-04-30 09:33:40,773.9,339696
2021-04-30 09:33:41,773.7,339896
2021-04-30 09:33:42,774.15,339899
2021-04-30 09:33:43,774.05,339924
2021-04-30 09:33:44,774.0,340165
2021-04-30 09:33:45,774.0,340315
2021-04-30 09:33:46,774.0,340315
2021-04-30 09:33:47,773.95,340415
2021-04-30 09:33:48,773.95,340415
2021-04-30 09:33:49,774.0,340625
2021-04-30 09:33:50,773.9,340675
2021-04-30 09:33:51,773.95,340704
2021-04-30 09:33:52,773.95,340704
2021-04-30 09:33:53,773.5,340720
2021-04-30 09:33:54,773.5,340720
2021-04-30 09:33:55,773.8,340730
2021-04-30 09:33:56,773.85,340882
2021-04-30 09:33:57,773.95,340942
2021-04-30 09:33:58,773.95,340942
2021-04-30 09:33:59,773.95,341133
2021-04-30 09:34:00,773.95,341183
2021-04-30 09:34:01,773.95,341183
2021-04-30 09:34:02,773.55,341398
2021-04-30 09:34:03,773.55,341398
2021-04-30 09:34:04,773.9,341408
2021-04-30 09:34:05,773.9,341408
2021-04-30 09:34:06,773.65,341468
2021-04-30 09:34:07,773.65,341468
2021-04-30 09:34:08,773.65,341468
2021-04-30 09:34:09,774.0,341714
2021-04-30 09:34:10,774.0,341716
2021-04-30 09:34:11,773.95,342016
2021-04-30 09:34:12,773.95,342016
2021-04-30 09:34:13,773.95,342016
2021-04-30 09:34:14,774.0,342572
2021-04-30 09:34:15,773.9,344211
2021-04-30 09:34:16,773.7,344221
2021-04-30 09:34:17,773.7,344221
2021-04-30 09:34:18,773.7,344264
2021-04-30 09:34:19,773.95,344289
2021-04-30 09:34:20,773.95,344289
2021-04-30 09:34:21,773.6,344315
2021-04-30 09:34:22,773.6,344315
2021-04-30 09:34:23,773.95,344556
2021-04-30 09:34:24,773.95,344571
2021-04-30 09:34:25,773.95,344686
2021-04-30 09:34:26,773.95,344686
2021-04-30 09:34:27,773.95,344686
2021-04-30 09:34:28,773.95,344686
2021-04-30 09:34:29,773.95,344686
2021-04-30 09:34:30,773.95,344737
2021-04-30 09:34:31,773.95,344737
2021-04-30 09:34:32,773.95,344743
2021-04-30 09:34:33,773.95,344748
2021-04-30 09:34:34,773.65,344753
2021-04-30 09:34:35,773.9,344829
2021-04-30 09:34:36,773.9,346367
2021-04-30 09:34:37,773.95,346417
2021-04-30 09:34:38,773.95,346462
2021-04-30 09:34:39,773.95,346462
2021-04-30 09:34:40,773.95,346617
2021-04-30 09:34:41,774.25,346662
2021-04-30 09:34:42,774.25,346662
2021-04-30 09:34:43,774.25,346662
2021-04-30 09:34:44,774.25,346662
2021-04-30 09:34:45,774.25,346662
2021-04-30 09:34:46,774.25,346662
2021-04-30 09:34:47,773.95,346762
2021-04-30 09:34:48,774.25,346772
2021-04-30 09:34:49,774.2,346797
2021-04-30 09:34:50,774.2,346797
2021-04-30 09:34:51,774.2,346844
2021-04-30 09:34:52,774.2,346844
2021-04-30 09:34:53,774.25,347035
2021-04-30 09:34:54,774.25,347045
2021-04-30 09:34:55,774.2,347050
2021-04-30 09:34:56,773.95,347067
2021-04-30 09:34:57,773.95,347078
2021-04-30 09:34:58,773.95,347078
2021-04-30 09:34:59,773.95,347078
2021-04-30 09:35:01,774.0,347081
2021-04-30 09:35:00,774.0,347081
2021-04-30 09:35:02,774.0,347586
2021-04-30 09:35:03,774.25,347596
2021-04-30 09:35:04,774.25,347596
2021-04-30 09:35:05,774.25,347596
2021-04-30 09:35:06,774.2,347597
2021-04-30 09:35:07,773.8,347847
2021-04-30 09:35:08,773.8,347947
2021-04-30 09:35:09,773.8,347947
2021-04-30 09:35:10,773.8,347947
2021-04-30 09:35:11,774.2,348234
2021-04-30 09:35:12,774.2,348234
2021-04-30 09:35:13,774.2,348234
2021-04-30 09:35:14,774.2,348237
2021-04-30 09:35:15,774.2,348237
2021-04-30 09:35:16,774.2,348237
2021-04-30 09:35:17,774.2,348335
2021-04-30 09:35:18,774.2,348335
2021-04-30 09:35:19,774.2,348335
2021-04-30 09:35:20,774.25,348361
2021-04-30 09:35:21,774.25,348361
2021-04-30 09:35:22,774.25,348473
2021-04-30 09:35:23,773.8,348746
2021-04-30 09:35:24,774.0,348846
2021-04-30 09:35:25,774.0,348846
2021-04-30 09:35:26,773.8,348877
2021-04-30 09:35:27,773.8,348877
2021-04-30 09:35:28,774.1,348891
2021-04-30 09:35:29,774.1,348896
2021-04-30 09:35:30,774.1,348896
2021-04-30 09:35:31,774.1,348896
2021-04-30 09:35:32,774.1,348976
2021-04-30 09:35:33,774.1,348976
2021-04-30 09:35:34,774.05,349124
2021-04-30 09:35:35,774.05,349124
2021-04-30 09:35:36,773.8,349148
2021-04-30 09:35:37,773.95,349204
2021-04-30 09:35:38,773.95,349204
2021-04-30 09:35:39,773.95,349204
2021-04-30 09:35:40,773.95,349204
2021-04-30 09:35:41,773.95,349231
2021-04-30 09:35:42,773.95,349231
2021-04-30 09:35:43,773.95,349231
2021-04-30 09:35:44,774.0,349281
2021-04-30 09:35:45,774.05,349451
2021-04-30 09:35:46,774.05,349451
2021-04-30 09:35:47,774.2,349590
2021-04-30 09:35:48,774.2,349595
2021-04-30 09:35:49,774.2,349595
2021-04-30 09:35:50,774.1,349605
2021-04-30 09:35:51,774.1,349631
2021-04-30 09:35:52,774.35,351488
2021-04-30 09:35:53,774.9,351500
2021-04-30 09:35:54,774.4,351600
2021-04-30 09:35:55,774.4,351600
2021-04-30 09:35:57,775.0,351711
2021-04-30 09:35:58,775.0,351922
2021-04-30 09:35:59,775.0,351922
2021-04-30 09:36:00,775.0,351929
2021-04-30 09:36:01,774.5,351979
2021-04-30 09:36:03,774.4,352129
2021-04-30 09:36:04,774.4,352144
2021-04-30 09:36:05,774.4,352148
2021-04-30 09:36:05,774.4,352148
2021-04-30 09:36:07,774.7,352313
2021-04-30 09:36:07,774.7,352313
2021-04-30 09:36:08,774.85,352413
2021-04-30 09:36:09,774.95,352463
2021-04-30 09:36:10,774.9,352577
2021-04-30 09:36:11,774.9,352762
2021-04-30 09:36:12,774.9,352767
2021-04-30 09:36:13,774.9,352767
2021-04-30 09:36:14,775.0,352799
2021-04-30 09:36:15,775.0,352899
2021-04-30 09:36:16,774.1,353032
2021-04-30 09:36:17,774.1,353032
2021-04-30 09:36:18,774.15,353033
2021-04-30 09:36:19,774.15,353033
2021-04-30 09:36:20,774.55,353309
2021-04-30 09:36:21,774.8,353360
2021-04-30 09:36:22,774.75,353403
2021-04-30 09:36:23,774.25,353597
2021-04-30 09:36:24,774.8,353680
2021-04-30 09:36:25,774.8,353680
2021-04-30 09:36:26,775.0,353781
2021-04-30 09:36:27,775.0,353781
2021-04-30 09:36:28,775.0,353781
2021-04-30 09:36:29,774.75,353785
2021-04-30 09:36:31,774.8,353786
2021-04-30 09:36:31,774.8,353787
2021-04-30 09:36:32,774.95,354020
2021-04-30 09:36:33,774.5,354259
2021-04-30 09:36:34,774.9,354804
2021-04-30 09:36:36,774.9,354804
2021-04-30 09:36:37,774.85,354821
2021-04-30 09:36:37,774.85,354821
2021-04-30 09:36:38,774.85,354821
2021-04-30 09:36:39,774.85,354821
2021-04-30 09:36:40,774.4,354855
2021-04-30 09:36:41,774.4,354855
2021-04-30 09:36:42,774.75,354863
2021-04-30 09:36:43,774.85,354903
2021-04-30 09:36:44,774.85,354908
2021-04-30 09:36:45,774.85,354908
2021-04-30 09:36:46,774.85,354908
2021-04-30 09:36:47,775.0,355150
2021-04-30 09:36:48,775.0,355160
2021-04-30 09:36:50,775.0,355397
2021-04-30 09:36:50,775.0,355397
2021-04-30 09:36:51,774.85,355402
2021-04-30 09:36:52,774.85,355402
2021-04-30 09:36:53,774.85,355402
2021-04-30 09:36:54,774.85,355435
2021-04-30 09:36:55,774.85,355435
2021-04-30 09:36:56,774.9,355436
2021-04-30 09:36:57,775.0,355496
2021-04-30 09:36:58,775.0,355496
2021-04-30 09:36:59,775.0,355844
2021-04-30 09:37:00,774.85,355877
2021-04-30 09:37:01,774.9,356259
2021-04-30 09:37:02,774.4,357173
2021-04-30 09:37:03,774.3,357206
2021-04-30 09:37:04,774.7,357237
2021-04-30 09:37:05,774.8,357345
2021-04-30 09:37:06,774.7,357380
2021-04-30 09:37:07,774.85,357663
2021-04-30 09:37:08,774.85,357663
2021-04-30 09:37:10,774.9,357665
2021-04-30 09:37:10,775.0,357690
2021-04-30 09:37:11,775.0,357765
2021-04-30 09:37:12,775.0,357765
2021-04-30 09:37:14,775.0,358048
2021-04-30 09:37:14,774.65,358049
2021-04-30 09:37:15,774.65,358049
2021-04-30 09:37:16,774.65,358049
2021-04-30 09:37:17,775.0,358064
2021-04-30 09:37:18,775.0,358064
2021-04-30 09:37:19,775.0,358064
2021-04-30 09:37:21,774.75,358155
2021-04-30 09:37:22,775.0,358185
2021-04-30 09:37:22,775.0,358185
2021-04-30 09:37:23,775.0,358185
2021-04-30 09:37:24,775.0,358192
2021-04-30 09:37:25,774.95,358428
2021-04-30 09:37:26,775.2,366172
2021-04-30 09:37:27,775.2,366172
2021-04-30 09:37:29,775.2,366172
2021-04-30 09:37:29,775.2,366172
2021-04-30 09:37:30,775.2,366172
2021-04-30 09:37:31,775.2,366172
2021-04-30 09:37:32,775.05,366197
2021-04-30 09:37:33,775.05,366197
2021-04-30 09:37:34,775.45,366235
2021-04-30 09:37:35,775.05,366435
2021-04-30 09:37:36,775.4,366465
2021-04-30 09:37:37,775.45,366566
2021-04-30 09:37:38,775.4,366702
2021-04-30 09:37:39,775.4,366702
2021-04-30 09:37:41,775.4,366702
2021-04-30 09:37:41,775.4,366702
2021-04-30 09:37:42,775.35,366706
2021-04-30 09:37:43,775.35,366721
2021-04-30 09:37:44,775.05,366741
2021-04-30 09:37:45,775.05,366742
2021-04-30 09:37:46,775.35,366743
2021-04-30 09:37:47,775.1,366808
2021-04-30 09:37:48,775.1,366808
2021-04-30 09:37:49,775.65,366928
2021-04-30 09:37:50,775.2,366978
2021-04-30 09:37:52,775.2,366978
2021-04-30 09:37:53,775.35,366988
2021-04-30 09:37:53,775.35,366988
2021-04-30 09:37:54,775.35,366988
2021-04-30 09:37:55,775.35,366994
2021-04-30 09:37:56,775.65,367266
2021-04-30 09:37:57,775.65,367266
2021-04-30 09:37:59,775.55,367768
2021-04-30 09:37:59,775.65,367803
2021-04-30 09:38:01,776.0,368061
2021-04-30 09:38:02,775.65,368067
2021-04-30 09:38:03,775.65,368067
2021-04-30 09:38:04,775.65,368067
2021-04-30 09:38:05,775.95,368303
2021-04-30 09:38:06,775.65,368328
2021-04-30 09:38:07,776.0,368397
2021-04-30 09:38:08,776.0,368399
2021-04-30 09:38:09,776.0,368399
2021-04-30 09:38:10,776.0,368424
2021-04-30 09:38:11,776.0,370123
2021-04-30 09:38:11,776.0,370123
2021-04-30 09:38:12,776.0,370123
2021-04-30 09:38:13,776.0,370323
2021-04-30 09:38:14,776.0,370823
2021-04-30 09:38:15,776.0,371023
2021-04-30 09:38:17,776.0,371259
2021-04-30 09:38:18,776.0,371359
2021-04-30 09:38:19,775.65,371698
2021-04-30 09:38:19,775.45,371826
2021-04-30 09:38:20,775.75,371828
2021-04-30 09:38:21,775.7,371855
2021-04-30 09:38:22,775.8,371860
2021-04-30 09:38:23,775.8,371860
2021-04-30 09:38:24,775.8,371910
2021-04-30 09:38:26,775.5,372090
2021-04-30 09:38:28,775.75,372104
2021-04-30 09:38:29,775.7,372106
2021-04-30 09:38:29,775.5,372108
2021-04-30 09:38:30,775.4,372112
2021-04-30 09:38:31,775.35,372973
2021-04-30 09:38:32,775.5,373273
2021-04-30 09:38:33,775.55,373393
2021-04-30 09:38:34,775.45,373399
2021-04-30 09:38:35,775.45,373399
2021-04-30 09:38:37,775.5,373444
2021-04-30 09:38:38,775.45,373527
2021-04-30 09:38:39,775.05,373560
2021-04-30 09:38:39,775.05,373560
2021-04-30 09:38:40,775.05,373577
2021-04-30 09:38:41,775.05,373610
2021-04-30 09:38:42,775.1,374206
2021-04-30 09:38:43,775.1,374206
2021-04-30 09:38:44,775.1,374206
2021-04-30 09:38:46,774.7,374208
2021-04-30 09:38:47,774.7,374208
2021-04-30 09:38:47,774.7,374208
2021-04-30 09:38:48,774.7,374208
2021-04-30 09:38:49,774.7,374208
2021-04-30 09:38:50,774.3,374223
2021-04-30 09:38:51,774.2,374620
2021-04-30 09:38:52,774.0,374928
2021-04-30 09:38:53,774.0,374928
2021-04-30 09:38:54,774.0,374928
2021-04-30 09:38:56,774.2,375298
2021-04-30 09:38:57,774.0,375361
2021-04-30 09:38:58,774.5,375371
2021-04-30 09:38:58,774.0,375361
2021-04-30 09:38:59,774.5,375411
2021-04-30 09:39:00,774.45,375461
2021-04-30 09:39:02,774.4,375462
2021-04-30 09:39:03,774.4,375509
2021-04-30 09:39:04,774.45,375511
2021-04-30 09:39:05,774.45,375790
2021-04-30 09:39:05,774.45,375790
2021-04-30 09:39:06,774.5,375865
2021-04-30 09:39:07,774.5,375870
2021-04-30 09:39:08,774.5,375870
2021-04-30 09:39:09,774.5,375874
2021-04-30 09:39:11,774.5,376000
2021-04-30 09:39:13,774.65,376002
2021-04-30 09:39:14,774.65,376059
2021-04-30 09:39:15,774.65,376059
2021-04-30 09:39:15,774.65,376059
2021-04-30 09:39:16,774.65,376158
2021-04-30 09:39:17,774.65,376158
2021-04-30 09:39:19,774.65,376158
2021-04-30 09:39:20,774.6,376246
2021-04-30 09:39:21,774.6,376272
2021-04-30 09:39:22,774.8,376321
2021-04-30 09:39:23,774.8,376328
2021-04-30 09:39:24,774.8,376328
2021-04-30 09:39:25,774.7,376570
2021-04-30 09:39:26,774.7,376570
2021-04-30 09:39:27,774.7,376570
2021-04-30 09:39:29,774.7,376570
2021-04-30 09:39:30,775.0,376586
2021-04-30 09:39:31,775.0,376586
2021-04-30 09:39:31,775.0,376586
2021-04-30 09:39:32,775.0,376586
2021-04-30 09:39:33,775.0,376586
2021-04-30 09:39:34,774.95,376587
2021-04-30 09:39:36,775.2,376776
2021-04-30 09:39:37,774.95,376786
2021-04-30 09:39:37,774.95,376786
2021-04-30 09:39:38,775.65,377342
2021-04-30 09:39:39,775.65,377342
2021-04-30 09:39:40,775.6,377422
2021-04-30 09:39:41,775.2,377566
2021-04-30 09:39:43,775.6,377666
2021-04-30 09:39:44,775.6,377666
2021-04-30 09:39:45,775.6,377666
2021-04-30 09:39:45,775.6,377666
2021-04-30 09:39:46,775.4,377693
2021-04-30 09:39:47,775.4,377703
2021-04-30 09:39:48,775.4,377703
2021-04-30 09:39:49,775.4,377788
2021-04-30 09:39:51,775.4,377955
2021-04-30 09:39:52,775.45,378005
2021-04-30 09:39:52,775.45,378005
2021-04-30 09:39:53,775.4,378055
2021-04-30 09:39:54,775.4,378065
2021-04-30 09:39:55,775.4,378065
2021-04-30 09:39:56,775.3,378098
2021-04-30 09:39:57,775.2,378103
2021-04-30 09:39:58,775.2,378103
2021-04-30 09:39:59,775.3,378105
2021-04-30 09:40:01,775.05,378155
2021-04-30 09:40:02,775.3,378205
2021-04-30 09:40:03,775.3,378205
2021-04-30 09:40:04,775.3,378306
2021-04-30 09:40:04,775.3,378306
2021-04-30 09:40:05,775.2,378497
2021-04-30 09:40:06,775.3,378720
2021-04-30 09:40:08,775.3,378772
2021-04-30 09:40:09,775.3,378772
2021-04-30 09:40:10,775.4,378874
2021-04-30 09:40:11,775.6,378899
2021-04-30 09:40:11,775.6,378899
2021-04-30 09:40:12,775.6,378899
2021-04-30 09:40:13,775.35,378919
2021-04-30 09:40:14,775.6,379019
2021-04-30 09:40:16,775.5,379024
2021-04-30 09:40:17,775.6,379287
2021-04-30 09:40:18,775.65,379299
2021-04-30 09:40:19,775.65,379299
2021-04-30 09:40:20,775.65,379387
2021-04-30 09:40:20,775.65,379440
2021-04-30 09:40:21,775.65,379583
2021-04-30 09:40:22,775.65,379583
2021-04-30 09:40:23,775.5,379693
2021-04-30 09:40:24,775.5,379693
2021-04-30 09:40:26,775.5,379693
2021-04-30 09:40:27,775.55,379694
2021-04-30 09:40:28,775.55,379694
2021-04-30 09:40:28,775.55,379694
2021-04-30 09:40:29,775.7,379824
2021-04-30 09:40:30,775.65,379836
2021-04-30 09:40:32,775.7,379981
2021-04-30 09:40:33,775.7,380001
2021-04-30 09:40:34,775.7,380084
2021-04-30 09:40:35,775.65,380194
2021-04-30 09:40:36,775.2,380600
2021-04-30 09:40:37,774.8,381344
2021-04-30 09:40:38,774.8,381344
2021-04-30 09:40:39,774.8,381344
2021-04-30 09:40:41,774.8,381658
2021-04-30 09:40:42,774.8,381658
2021-04-30 09:40:43,774.7,381725
2021-04-30 09:40:44,775.1,382225
2021-04-30 09:40:44,775.1,382225
2021-04-30 09:40:45,775.1,382225
2021-04-30 09:40:46,775.1,382225
2021-04-30 09:40:48,775.1,382225
2021-04-30 09:40:49,775.1,382388
2021-04-30 09:40:50,775.1,382403
2021-04-30 09:40:51,774.85,382424
2021-04-30 09:40:51,775.1,382404
2021-04-30 09:40:52,774.85,382424
2021-04-30 09:40:54,774.85,382424
2021-04-30 09:40:55,775.1,382479
2021-04-30 09:40:56,775.0,382538
2021-04-30 09:40:57,775.0,382538
2021-04-30 09:40:58,775.25,382731
2021-04-30 09:40:58,775.0,382538
2021-04-30 09:40:59,775.1,382905
2021-04-30 09:41:01,775.25,382965
2021-04-30 09:41:02,775.25,382965
2021-04-30 09:41:03,775.25,382965
2021-04-30 09:41:04,775.2,383015
2021-04-30 09:41:05,775.05,383042
2021-04-30 09:41:06,775.05,383043
2021-04-30 09:41:07,775.25,383436
2021-04-30 09:41:07,775.25,383436
2021-04-30 09:41:08,775.8,383686
2021-04-30 09:41:09,775.1,384820
2021-04-30 09:41:10,774.8,385070
2021-04-30 09:41:11,774.8,385070
2021-04-30 09:41:13,775.0,385090
2021-04-30 09:41:14,774.85,385110
2021-04-30 09:41:15,774.85,385136
2021-04-30 09:41:16,774.85,385249
2021-04-30 09:41:17,774.85,385250
2021-04-30 09:41:18,774.85,385250
2021-04-30 09:41:19,774.85,385250
2021-04-30 09:41:20,775.1,385281
2021-04-30 09:41:21,775.0,385314
2021-04-30 09:41:22,774.85,385541
2021-04-30 09:41:24,774.95,385574
2021-04-30 09:41:25,774.95,385595
2021-04-30 09:41:26,775.0,385608
2021-04-30 09:41:27,775.0,385808
2021-04-30 09:41:27,775.0,385808
2021-04-30 09:41:28,774.85,385851
2021-04-30 09:41:29,774.85,385851
2021-04-30 09:41:30,774.85,385851
2021-04-30 09:41:32,775.0,385919
2021-04-30 09:41:33,774.4,388251
2021-04-30 09:41:34,774.45,388351
2021-04-30 09:41:35,774.25,388399
2021-04-30 09:41:36,774.15,388488
2021-04-30 09:41:37,774.4,388538
2021-04-30 09:41:38,774.45,388638
2021-04-30 09:41:39,774.55,388640
2021-04-30 09:41:40,774.25,388690
2021-04-30 09:41:41,774.55,388692
2021-04-30 09:41:42,774.25,388702
2021-04-30 09:41:43,774.65,388802
2021-04-30 09:41:44,774.65,388802
2021-04-30 09:41:45,774.2,388803
2021-04-30 09:41:46,774.35,388809
2021-04-30 09:41:47,774.1,389407
2021-04-30 09:41:48,774.35,389432
2021-04-30 09:41:49,774.0,389492
2021-04-30 09:41:50,774.0,389570
2021-04-30 09:41:51,774.0,389646
2021-04-30 09:41:52,774.05,389846
2021-04-30 09:41:53,774.45,389896
2021-04-30 09:41:54,774.6,389996
2021-04-30 09:41:54,774.6,389996
2021-04-30 09:41:55,774.4,389999
2021-04-30 09:41:56,774.4,389999
2021-04-30 09:41:58,774.4,389999
2021-04-30 09:41:59,774.4,390531
2021-04-30 09:42:00,774.4,390531
2021-04-30 09:42:00,774.6,390659
2021-04-30 09:42:01,773.8,394002
2021-04-30 09:42:03,774.0,394022
2021-04-30 09:42:04,773.8,394135
2021-04-30 09:42:05,774.0,394140
2021-04-30 09:42:07,773.9,394225
2021-04-30 09:42:08,773.9,394225
2021-04-30 09:42:09,773.8,394250
2021-04-30 09:42:10,774.0,394297
2021-04-30 09:42:11,773.7,395048
2021-04-30 09:42:12,773.7,395048
2021-04-30 09:42:13,773.7,395048
2021-04-30 09:42:14,773.85,395497
2021-04-30 09:42:15,773.6,395499
2021-04-30 09:42:16,773.3,395799
2021-04-30 09:42:17,773.2,396312
2021-04-30 09:42:18,773.05,396345
2021-04-30 09:42:19,773.05,396345
2021-04-30 09:42:20,773.0,396460
2021-04-30 09:42:21,772.85,396856
2021-04-30 09:42:22,772.85,396856
2021-04-30 09:42:23,772.5,396885
2021-04-30 09:42:24,772.5,396885
2021-04-30 09:42:25,772.5,396885
2021-04-30 09:42:26,772.9,397081
2021-04-30 09:42:27,772.9,397081
2021-04-30 09:42:28,772.8,397175
2021-04-30 09:42:29,772.5,397631
2021-04-30 09:42:30,772.5,398031
2021-04-30 09:42:31,772.5,398031
2021-04-30 09:42:32,772.45,398083
2021-04-30 09:42:33,772.45,398083
2021-04-30 09:42:34,772.55,398594
2021-04-30 09:42:35,772.2,398658
2021-04-30 09:42:36,772.6,398882
2021-04-30 09:42:37,772.55,399074
2021-04-30 09:42:38,772.2,399108
2021-04-30 09:42:39,772.2,399108
2021-04-30 09:42:40,772.25,401128
2021-04-30 09:42:41,772.2,401178
2021-04-30 09:42:42,772.2,401280
2021-04-30 09:42:43,772.2,401813
2021-04-30 09:42:44,772.65,401915
2021-04-30 09:42:45,772.45,403910
2021-04-30 09:42:46,772.45,404023
2021-04-30 09:42:47,772.1,404058
2021-04-30 09:42:48,772.45,404078
2021-04-30 09:42:49,772.1,404095
2021-04-30 09:42:49,772.1,404095
2021-04-30 09:42:50,772.15,404340
2021-04-30 09:42:51,772.15,404340
2021-04-30 09:42:52,772.35,404548
2021-04-30 09:42:53,772.05,404550
2021-04-30 09:42:54,772.05,404550
2021-04-30 09:42:55,772.05,404550
2021-04-30 09:42:56,772.1,404718
2021-04-30 09:42:58,772.1,405014
2021-04-30 09:42:59,772.6,405114
2021-04-30 09:43:00,772.1,405614
2021-04-30 09:43:01,772.25,405679
2021-04-30 09:43:02,772.25,405679
2021-04-30 09:43:03,772.25,405679
2021-04-30 09:43:04,772.1,405789
2021-04-30 09:43:05,772.0,406033
2021-04-30 09:43:06,772.1,406145
2021-04-30 09:43:07,772.1,406245
2021-04-30 09:43:08,772.15,406355
2021-04-30 09:43:09,772.5,406625
2021-04-30 09:43:10,772.5,406625
2021-04-30 09:43:11,772.5,406625
2021-04-30 09:43:11,772.5,406625
2021-04-30 09:43:12,772.5,406625
2021-04-30 09:43:14,772.5,406625
2021-04-30 09:43:15,772.5,406625
2021-04-30 09:43:16,772.5,406625
2021-04-30 09:43:17,772.1,407229
2021-04-30 09:43:18,772.35,407249
2021-04-30 09:43:19,772.1,407269
2021-04-30 09:43:20,772.45,407300
2021-04-30 09:43:20,772.2,407305
2021-04-30 09:43:21,772.2,407305
2021-04-30 09:43:23,772.35,407395
2021-04-30 09:43:24,772.35,407395
2021-04-30 09:43:25,772.5,407396
2021-04-30 09:43:26,772.5,407396
2021-04-30 09:43:27,772.5,407396
2021-04-30 09:43:28,772.35,407467
2021-04-30 09:43:29,772.2,407615
2021-04-30 09:43:30,772.75,408105
2021-04-30 09:43:31,772.8,408305
2021-04-30 09:43:32,773.0,408553
2021-04-30 09:43:33,772.65,408583
2021-04-30 09:43:34,772.65,408583
2021-04-30 09:43:35,772.65,408583
2021-04-30 09:43:36,772.65,408609
2021-04-30 09:43:37,772.65,408609
2021-04-30 09:43:38,772.65,408609
2021-04-30 09:43:39,772.65,408609
2021-04-30 09:43:40,773.0,409109
2021-04-30 09:43:41,773.0,409294
2021-04-30 09:43:42,773.0,409294
2021-04-30 09:43:43,773.0,409958
2021-04-30 09:43:44,773.0,410206
2021-04-30 09:43:45,772.95,410588
2021-04-30 09:43:45,772.95,410588
2021-04-30 09:43:46,772.9,410831
2021-04-30 09:43:47,772.95,410861
2021-04-30 09:43:48,773.0,410871
2021-04-30 09:43:50,773.0,410871
2021-04-30 09:43:51,772.95,410897
2021-04-30 09:43:52,772.95,410957
2021-04-30 09:43:53,772.95,410957
2021-04-30 09:43:54,773.3,410990
2021-04-30 09:43:55,773.3,410990
2021-04-30 09:43:56,773.55,411584
2021-04-30 09:43:57,774.0,411595
2021-04-30 09:43:58,773.9,411641
2021-04-30 09:43:59,773.55,412095
2021-04-30 09:44:00,772.95,412486
2021-04-30 09:44:01,772.95,412486
2021-04-30 09:44:02,773.0,412567
2021-04-30 09:44:03,773.6,412969
2021-04-30 09:44:04,773.55,412970
2021-04-30 09:44:05,773.35,413131
2021-04-30 09:44:06,773.65,413206
2021-04-30 09:44:07,773.35,413246
2021-04-30 09:44:08,773.35,413326
2021-04-30 09:44:09,773.1,413390
2021-04-30 09:44:10,773.1,413415
2021-04-30 09:44:11,773.1,413455
2021-04-30 09:44:12,773.1,413455
2021-04-30 09:44:13,773.1,413455
2021-04-30 09:44:14,773.45,413677
2021-04-30 09:44:15,773.05,413777
2021-04-30 09:44:16,773.05,413777
2021-04-30 09:44:17,773.3,413778
2021-04-30 09:44:18,773.3,413780
2021-04-30 09:44:19,773.3,413810
2021-04-30 09:44:20,773.35,414123
2021-04-30 09:44:21,772.85,414721
2021-04-30 09:44:22,772.85,415114
2021-04-30 09:44:23,772.95,415372
2021-04-30 09:44:24,772.95,415372
2021-04-30 09:44:25,772.85,415543
2021-04-30 09:44:26,773.1,415558
2021-04-30 09:44:27,772.85,415608
2021-04-30 09:44:28,773.2,415710
2021-04-30 09:44:29,773.05,415754
2021-04-30 09:44:30,773.05,415754
2021-04-30 09:44:31,773.05,415754
2021-04-30 09:44:32,773.05,415754
2021-04-30 09:44:33,773.05,415972
2021-04-30 09:44:34,773.05,416221
2021-04-30 09:44:35,773.05,416221
2021-04-30 09:44:36,772.85,416226
2021-04-30 09:44:37,772.75,416236
2021-04-30 09:44:38,772.75,416246
2021-04-30 09:44:39,772.75,416246
2021-04-30 09:44:40,773.05,416342
2021-04-30 09:44:41,772.65,416909
2021-04-30 09:44:42,772.65,416909
2021-04-30 09:44:43,772.3,417513
2021-04-30 09:44:44,772.55,417613
2021-04-30 09:44:45,772.2,417614
2021-04-30 09:44:46,772.4,417665
2021-04-30 09:44:47,772.4,417665
2021-04-30 09:44:48,772.65,417867
2021-04-30 09:44:49,772.8,417868
2021-04-30 09:44:50,773.1,418039
2021-04-30 09:44:51,773.1,418039
2021-04-30 09:44:52,773.1,418039
2021-04-30 09:44:54,772.95,418049
2021-04-30 09:44:53,772.95,418049
2021-04-30 09:44:55,773.1,418258
2021-04-30 09:44:56,773.1,419460
2021-04-30 09:44:57,772.95,419682
2021-04-30 09:44:58,772.95,419682
2021-04-30 09:44:59,773.2,419899
2021-04-30 09:45:00,773.7,420286
2021-04-30 09:45:01,773.8,420464
2021-04-30 09:45:02,773.8,420464
2021-04-30 09:45:03,773.8,420514
2021-04-30 09:45:04,773.8,420663
2021-04-30 09:45:05,773.95,421350
2021-04-30 09:45:06,773.55,424463
2021-04-30 09:45:07,773.8,425059
2021-04-30 09:45:08,773.6,425093
2021-04-30 09:45:09,774.0,425358
2021-04-30 09:45:10,773.65,425448
2021-04-30 09:45:11,773.95,425473
2021-04-30 09:45:12,773.65,425477
2021-04-30 09:45:13,773.65,425497
2021-04-30 09:45:14,774.0,426698
2021-04-30 09:45:15,774.0,426931
2021-04-30 09:45:16,774.15,426944
2021-04-30 09:45:17,774.15,426944
2021-04-30 09:45:18,774.2,426964
2021-04-30 09:45:19,774.2,427026
2021-04-30 09:45:20,774.2,427026
2021-04-30 09:45:21,774.2,427026
2021-04-30 09:45:22,774.2,427026
2021-04-30 09:45:23,774.15,427246
2021-04-30 09:45:24,773.65,428356
2021-04-30 09:45:25,773.5,428406
2021-04-30 09:45:26,773.5,428481
2021-04-30 09:45:27,773.5,428481
2021-04-30 09:45:28,773.75,428541
2021-04-30 09:45:29,773.75,428568
2021-04-30 09:45:30,774.05,428694
2021-04-30 09:45:31,774.0,428695
2021-04-30 09:45:33,773.8,429087
2021-04-30 09:45:32,773.8,429087
2021-04-30 09:45:34,773.8,429087
2021-04-30 09:45:35,773.9,429246
2021-04-30 09:45:36,774.0,429249
2021-04-30 09:45:37,774.2,429274
2021-04-30 09:45:38,774.2,429274
2021-04-30 09:45:39,774.2,429274
2021-04-30 09:45:40,773.8,430007
2021-04-30 09:45:41,773.8,430007
2021-04-30 09:45:42,774.1,430034
2021-04-30 09:45:43,774.15,430434
2021-04-30 09:45:44,774.15,430434
2021-04-30 09:45:45,774.15,430434
2021-04-30 09:45:46,774.15,430434
2021-04-30 09:45:47,774.15,430434
2021-04-30 09:45:49,774.15,430434
2021-04-30 09:45:48,774.15,430434
2021-04-30 09:45:50,774.0,430599
2021-04-30 09:45:51,773.5,431937
2021-04-30 09:45:52,773.5,431937
2021-04-30 09:45:53,773.6,432329
2021-04-30 09:45:54,773.9,432332
2021-04-30 09:45:55,773.75,432420
2021-04-30 09:45:56,774.05,432677
2021-04-30 09:45:57,774.05,432678
2021-04-30 09:45:58,774.05,432678
2021-04-30 09:45:59,774.05,432678
2021-04-30 09:46:00,774.1,432909
2021-04-30 09:46:01,774.1,432909
2021-04-30 09:46:02,773.7,433309
2021-04-30 09:46:03,773.7,433309
2021-04-30 09:46:04,773.9,433314
2021-04-30 09:46:05,773.9,433479
2021-04-30 09:46:07,773.9,433514
2021-04-30 09:46:08,773.9,433770
2021-04-30 09:46:10,773.9,433770
2021-04-30 09:46:11,773.9,433770
2021-04-30 09:46:12,773.9,433871
2021-04-30 09:46:13,773.95,433891
2021-04-30 09:46:14,773.95,433891
2021-04-30 09:46:15,774.0,433995
2021-04-30 09:46:16,773.65,434009
2021-04-30 09:46:17,773.75,434140
2021-04-30 09:46:18,773.75,434265
2021-04-30 09:46:19,773.75,434265
2021-04-30 09:46:20,774.0,434816
2021-04-30 09:46:21,773.75,435270
2021-04-30 09:46:22,773.75,435270
2021-04-30 09:46:23,774.0,435374
2021-04-30 09:46:24,773.75,435407
2021-04-30 09:46:25,773.75,435461
2021-04-30 09:46:26,773.8,435902
2021-04-30 09:46:27,773.5,435932
2021-04-30 09:46:28,773.4,436124
2021-04-30 09:46:29,773.6,436134
2021-04-30 09:46:30,773.3,436213
2021-04-30 09:46:31,773.6,436232
2021-04-30 09:46:32,773.6,436232
2021-04-30 09:46:33,773.65,436237
2021-04-30 09:46:34,773.65,436689
2021-04-30 09:46:35,773.65,437123
2021-04-30 09:46:36,773.65,437123
2021-04-30 09:46:37,773.15,437274
2021-04-30 09:46:38,773.15,437274
2021-04-30 09:46:39,773.15,437274
2021-04-30 09:46:40,773.35,438030
2021-04-30 09:46:41,773.35,438030
2021-04-30 09:46:42,773.15,438230
2021-04-30 09:46:43,773.35,438280
2021-04-30 09:46:44,773.35,438280
2021-04-30 09:46:45,773.65,438300
2021-04-30 09:46:46,773.5,438387
2021-04-30 09:46:47,773.5,438387
2021-04-30 09:46:48,773.5,438456
2021-04-30 09:46:50,773.55,438483
2021-04-30 09:46:51,773.55,438550
2021-04-30 09:46:51,773.55,438550
2021-04-30 09:46:52,773.65,438593
2021-04-30 09:46:53,773.65,438593
2021-04-30 09:46:55,773.8,438643
2021-04-30 09:46:55,773.7,438720
2021-04-30 09:46:57,773.7,438720
2021-04-30 09:46:57,773.8,438735
2021-04-30 09:46:59,773.9,439107
2021-04-30 09:46:59,773.9,439107
2021-04-30 09:47:00,773.9,439107
2021-04-30 09:47:01,773.8,439124
2021-04-30 09:47:02,773.95,439174
2021-04-30 09:47:03,774.1,441439
2021-04-30 09:47:05,773.8,441476
2021-04-30 09:47:05,773.8,441476
2021-04-30 09:47:06,773.8,441476
2021-04-30 09:47:08,773.7,441853
2021-04-30 09:47:08,773.7,441853
2021-04-30 09:47:09,773.95,442153
2021-04-30 09:47:10,773.5,442265
2021-04-30 09:47:11,773.9,442320
2021-04-30 09:47:13,773.6,442337
2021-04-30 09:47:13,773.6,442337
2021-04-30 09:47:14,773.6,442337
2021-04-30 09:47:16,773.7,442666
2021-04-30 09:47:17,773.7,442691
2021-04-30 09:47:18,773.85,442692
2021-04-30 09:47:18,773.85,442692
2021-04-30 09:47:19,773.85,442692
2021-04-30 09:47:20,773.85,442692
2021-04-30 09:47:21,773.6,442719
2021-04-30 09:47:22,773.95,442769
2021-04-30 09:47:23,773.95,442784
2021-04-30 09:47:24,773.95,442789
2021-04-30 09:47:25,773.8,442831
2021-04-30 09:47:26,773.8,442876
2021-04-30 09:47:27,773.95,442886
2021-04-30 09:47:28,774.0,442887
2021-04-30 09:47:29,774.15,442897
2021-04-30 09:47:30,774.0,442947
2021-04-30 09:47:31,774.15,443132
2021-04-30 09:47:33,774.15,443132
2021-04-30 09:47:33,774.15,443132
2021-04-30 09:47:34,774.15,443132
2021-04-30 09:47:36,774.0,443157
2021-04-30 09:47:36,774.05,443158
2021-04-30 09:47:37,774.05,443246
2021-04-30 09:47:39,774.15,443251
2021-04-30 09:47:39,774.15,443251
2021-04-30 09:47:40,774.15,443419
2021-04-30 09:47:41,774.0,443429
2021-04-30 09:47:42,774.0,443429
2021-04-30 09:47:43,774.15,443450
2021-04-30 09:47:44,774.15,443450
2021-04-30 09:47:45,774.2,444000
2021-04-30 09:47:46,774.0,444100
2021-04-30 09:47:47,774.0,444100
2021-04-30 09:47:48,774.0,444100
2021-04-30 09:47:49,774.0,444100
2021-04-30 09:47:50,774.0,444100
2021-04-30 09:47:51,774.05,444176
2021-04-30 09:47:52,774.05,444176
2021-04-30 09:47:53,774.2,444309
2021-04-30 09:47:54,774.2,444309
2021-04-30 09:47:55,774.25,444407
2021-04-30 09:47:56,774.25,444407
2021-04-30 09:47:58,774.25,444407
2021-04-30 09:47:58,774.0,444507
2021-04-30 09:47:59,774.0,444540
2021-04-30 09:48:00,774.0,444540
2021-04-30 09:48:01,774.25,444554
2021-04-30 09:48:02,774.3,444564
2021-04-30 09:48:03,774.3,444579
2021-04-30 09:48:05,774.3,444861
2021-04-30 09:48:05,774.3,444862
2021-04-30 09:48:06,774.3,444863
2021-04-30 09:48:07,774.45,445133
2021-04-30 09:48:08,774.45,445133
2021-04-30 09:48:09,774.35,445134
2021-04-30 09:48:10,774.35,445134
2021-04-30 09:48:11,774.5,445186
2021-04-30 09:48:12,774.5,445186
2021-04-30 09:48:13,774.25,445286
2021-04-30 09:48:14,774.5,445336
2021-04-30 09:48:15,774.35,445347
2021-04-30 09:48:16,774.05,445501
2021-04-30 09:48:17,774.35,445576
2021-04-30 09:48:18,774.4,445577
2021-04-30 09:48:19,774.35,445594
2021-04-30 09:48:20,774.4,445619
2021-04-30 09:48:21,774.4,445701
2021-04-30 09:48:22,774.5,445808
2021-04-30 09:48:23,774.25,445821
2021-04-30 09:48:25,774.15,445916
2021-04-30 09:48:26,774.15,445916
2021-04-30 09:48:26,774.15,445916
2021-04-30 09:48:27,774.15,445916
2021-04-30 09:48:28,774.15,445916
2021-04-30 09:48:29,774.15,445916
2021-04-30 09:48:30,774.2,445949
2021-04-30 09:48:31,774.45,446045
2021-04-30 09:48:32,774.45,446045
2021-04-30 09:48:33,774.4,446101
2021-04-30 09:48:34,774.4,446246
2021-04-30 09:48:35,774.1,446279
2021-04-30 09:48:37,774.45,446685
2021-04-30 09:48:38,774.45,446685
2021-04-30 09:48:39,774.45,446685
2021-04-30 09:48:40,774.05,446718
2021-04-30 09:48:41,774.05,446764
2021-04-30 09:48:42,774.05,446802
2021-04-30 09:48:42,774.05,446815
2021-04-30 09:48:43,774.05,447073
2021-04-30 09:48:44,774.0,447083
2021-04-30 09:48:45,773.85,447168
2021-04-30 09:48:46,773.85,447168
2021-04-30 09:48:47,773.85,447168
2021-04-30 09:48:49,774.05,447268
2021-04-30 09:48:49,774.05,447268
2021-04-30 09:48:50,773.5,447461
2021-04-30 09:48:51,773.1,447521
2021-04-30 09:48:52,773.1,447521
2021-04-30 09:48:53,773.1,447521
2021-04-30 09:48:54,773.1,447521
2021-04-30 09:48:55,773.3,447696
2021-04-30 09:48:56,773.55,447721
2021-04-30 09:48:57,773.55,447733
2021-04-30 09:48:58,773.55,447733
2021-04-30 09:48:59,773.95,447876
2021-04-30 09:49:00,773.95,447876
2021-04-30 09:49:02,773.7,447976
2021-04-30 09:49:02,773.7,447976
2021-04-30 09:49:03,773.7,447976
2021-04-30 09:49:04,773.7,447976
2021-04-30 09:49:05,773.8,448061
2021-04-30 09:49:06,773.75,448286
2021-04-30 09:49:07,773.75,448286
2021-04-30 09:49:09,773.75,448286
2021-04-30 09:49:10,773.95,448287
2021-04-30 09:49:10,773.95,448287
2021-04-30 09:49:11,773.95,448344
2021-04-30 09:49:12,773.95,448344
2021-04-30 09:49:13,773.95,448354
2021-04-30 09:49:14,773.95,448686
2021-04-30 09:49:15,773.95,448686
2021-04-30 09:49:16,773.95,448686
2021-04-30 09:49:17,774.0,448800
2021-04-30 09:49:18,774.15,448824
2021-04-30 09:49:19,774.15,448824
2021-04-30 09:49:20,773.8,449187
2021-04-30 09:49:22,773.8,449187
2021-04-30 09:49:22,773.8,449187
2021-04-30 09:49:23,774.45,449250
2021-04-30 09:49:24,774.45,449250
2021-04-30 09:49:25,774.15,449281
2021-04-30 09:49:26,774.3,449368
2021-04-30 09:49:27,774.3,449368
2021-04-30 09:49:28,774.3,449368
2021-04-30 09:49:30,774.35,449608
2021-04-30 09:49:31,774.0,449609
2021-04-30 09:49:32,774.35,449634
2021-04-30 09:49:33,774.35,449634
2021-04-30 09:49:34,774.0,449749
2021-04-30 09:49:35,774.15,450006
2021-04-30 09:49:35,774.15,450006
2021-04-30 09:49:36,773.85,450101
2021-04-30 09:49:37,773.85,450101
2021-04-30 09:49:38,774.0,450131
2021-04-30 09:49:39,774.0,450176
2021-04-30 09:49:40,774.0,450176
2021-04-30 09:49:42,774.15,451141
2021-04-30 09:49:43,774.15,451143
2021-04-30 09:49:44,774.15,451143
2021-04-30 09:49:45,773.85,451155
2021-04-30 09:49:45,773.85,451155
2021-04-30 09:49:47,773.9,451205
2021-04-30 09:49:48,773.9,451242
2021-04-30 09:49:49,773.95,451243
2021-04-30 09:49:49,773.95,451252
2021-04-30 09:49:50,773.95,451268
2021-04-30 09:49:51,774.15,451298
2021-04-30 09:49:52,774.15,451298
2021-04-30 09:49:53,774.15,451339
2021-04-30 09:49:54,774.15,451365
2021-04-30 09:49:55,774.3,451464
2021-04-30 09:49:57,774.35,451501
2021-04-30 09:49:58,774.3,451549
2021-04-30 09:49:59,774.3,451549
2021-04-30 09:49:59,774.3,451551
2021-04-30 09:50:00,774.0,451552
2021-04-30 09:50:01,774.0,451552
2021-04-30 09:50:02,774.35,451770
2021-04-30 09:50:03,774.35,451770
2021-04-30 09:50:04,774.0,451781
2021-04-30 09:50:05,773.95,452069
2021-04-30 09:50:07,773.95,452094
2021-04-30 09:50:08,773.95,452094
2021-04-30 09:50:09,773.95,452101
2021-04-30 09:50:10,773.8,452516
2021-04-30 09:50:11,774.0,452717
2021-04-30 09:50:11,774.0,452717
2021-04-30 09:50:12,774.0,452717
2021-04-30 09:50:14,774.0,452717
2021-04-30 09:50:15,774.0,452727
2021-04-30 09:50:16,774.0,452727
2021-04-30 09:50:17,774.0,452845
2021-04-30 09:50:18,774.0,452845
2021-04-30 09:50:19,774.0,452848
2021-04-30 09:50:20,774.0,453069
2021-04-30 09:50:21,774.0,453119
2021-04-30 09:50:22,774.0,453119
2021-04-30 09:50:23,774.0,453439
2021-04-30 09:50:24,774.2,457624
2021-04-30 09:50:24,774.2,457624
2021-04-30 09:50:25,774.5,457945
2021-04-30 09:50:26,774.25,457993
2021-04-30 09:50:27,774.25,457993
2021-04-30 09:50:28,774.25,457993
2021-04-30 09:50:30,774.5,458858
2021-04-30 09:50:31,774.5,458858
2021-04-30 09:50:31,774.5,458858
2021-04-30 09:50:32,774.5,458858
2021-04-30 09:50:33,774.05,458939
2021-04-30 09:50:34,774.05,458939
2021-04-30 09:50:35,774.2,458942
2021-04-30 09:50:36,774.0,458967
2021-04-30 09:50:37,774.0,458967
2021-04-30 09:50:38,774.45,459067
2021-04-30 09:50:39,774.45,459067
2021-04-30 09:50:40,774.45,459078
2021-04-30 09:50:41,774.5,459290
2021-04-30 09:50:42,774.5,459298
2021-04-30 09:50:43,774.5,459298
2021-04-30 09:50:44,774.5,459301
2021-04-30 09:50:45,774.8,460380
2021-04-30 09:50:46,774.5,460430
2021-04-30 09:50:47,774.5,460460
2021-04-30 09:50:49,774.5,460460
2021-04-30 09:50:50,774.5,460460
2021-04-30 09:50:51,774.5,460557
2021-04-30 09:50:52,774.5,460572
2021-04-30 09:50:53,774.5,460572
2021-04-30 09:50:54,774.75,460609
2021-04-30 09:50:55,774.5,460610
2021-04-30 09:50:56,774.6,460698
2021-04-30 09:50:57,774.6,460698
2021-04-30 09:50:58,774.8,460708
2021-04-30 09:50:59,774.5,460810
2021-04-30 09:51:00,774.5,460810
2021-04-30 09:51:01,774.5,460810
2021-04-30 09:51:01,774.5,460810
2021-04-30 09:51:02,774.55,460910
2021-04-30 09:51:03,774.9,461060
2021-04-30 09:51:04,774.6,461061
2021-04-30 09:51:06,774.75,461112
2021-04-30 09:51:07,774.75,461112
2021-04-30 09:51:08,774.4,461597
2021-04-30 09:51:08,774.4,461597
2021-04-30 09:51:10,774.4,461597
2021-04-30 09:51:10,774.15,461667
2021-04-30 09:51:12,774.2,461769
2021-04-30 09:51:13,774.2,461769
2021-04-30 09:51:14,774.2,461769
2021-04-30 09:51:15,774.3,462409
2021-04-30 09:51:16,774.3,462409
2021-04-30 09:51:17,774.3,462414
2021-04-30 09:51:18,774.3,462414
2021-04-30 09:51:19,774.3,462414
2021-04-30 09:51:20,774.3,462476
2021-04-30 09:51:21,774.3,462502
2021-04-30 09:51:22,774.3,462502
2021-04-30 09:51:23,774.5,462631
2021-04-30 09:51:23,774.5,462631
2021-04-30 09:51:24,774.5,462631
2021-04-30 09:51:25,774.5,462631
2021-04-30 09:51:27,774.5,462631
2021-04-30 09:51:28,774.5,462631
2021-04-30 09:51:29,774.4,462661
2021-04-30 09:51:30,774.5,462723
2021-04-30 09:51:31,774.2,462758
2021-04-30 09:51:32,773.9,463839
2021-04-30 09:51:32,773.9,463839
2021-04-30 09:51:33,773.9,463839
2021-04-30 09:51:34,774.0,464056
2021-04-30 09:51:35,773.95,464058
2021-04-30 09:51:36,773.75,464456
2021-04-30 09:51:38,773.7,464526
2021-04-30 09:51:39,773.7,464526
2021-04-30 09:51:40,773.4,464612
2021-04-30 09:51:41,773.4,464612
2021-04-30 09:51:41,773.4,464612
2021-04-30 09:51:42,773.4,464612
2021-04-30 09:51:43,773.4,464614
2021-04-30 09:51:44,773.4,464614
2021-04-30 09:51:46,773.8,464925
2021-04-30 09:51:47,773.7,465143
2021-04-30 09:51:48,773.75,465343
2021-04-30 09:51:49,773.75,465343
2021-04-30 09:51:50,773.8,465365
2021-04-30 09:51:51,773.8,465382
2021-04-30 09:51:52,773.8,465382
2021-04-30 09:51:53,773.8,465382
2021-04-30 09:51:54,773.8,465382
2021-04-30 09:51:55,773.8,465382
2021-04-30 09:51:56,774.0,465882
2021-04-30 09:51:57,774.15,466082
2021-04-30 09:51:58,774.15,466082
2021-04-30 09:51:59,774.1,466299
2021-04-30 09:52:00,774.15,466324
2021-04-30 09:52:01,774.15,466324
2021-04-30 09:52:02,774.25,466329
2021-04-30 09:52:03,774.25,466329
2021-04-30 09:52:04,774.25,466329
2021-04-30 09:52:04,774.25,466329
2021-04-30 09:52:05,774.2,466337
2021-04-30 09:52:06,774.0,466362
2021-04-30 09:52:07,774.1,466392
2021-04-30 09:52:08,774.1,466392
2021-04-30 09:52:09,774.1,466393
2021-04-30 09:52:11,774.05,467013
2021-04-30 09:52:11,774.05,467013
2021-04-30 09:52:13,774.05,467013
2021-04-30 09:52:14,774.5,467230
2021-04-30 09:52:15,774.3,467251
2021-04-30 09:52:15,774.3,467251
2021-04-30 09:52:17,774.3,467251
2021-04-30 09:52:18,774.3,467251
2021-04-30 09:52:19,774.3,467251
2021-04-30 09:52:20,774.2,467339
2021-04-30 09:52:21,774.2,467365
2021-04-30 09:52:22,774.2,467365
2021-04-30 09:52:23,774.2,467365
2021-04-30 09:52:24,774.2,467365
2021-04-30 09:52:25,774.2,467365
2021-04-30 09:52:26,774.1,467598
2021-04-30 09:52:27,774.1,467598
2021-04-30 09:52:28,774.1,467598
2021-04-30 09:52:29,774.1,467598
2021-04-30 09:52:30,774.0,467685
2021-04-30 09:52:31,774.0,467685
2021-04-30 09:52:32,774.0,468182
2021-04-30 09:52:32,774.2,468282
2021-04-30 09:52:34,774.2,468282
2021-04-30 09:52:35,774.2,468282
2021-04-30 09:52:35,774.2,468282
2021-04-30 09:52:37,774.0,468307
2021-04-30 09:52:38,774.05,468408
2021-04-30 09:52:39,773.45,471808
2021-04-30 09:52:40,774.0,472380
2021-04-30 09:52:41,774.0,472380
2021-04-30 09:52:42,773.9,473261
2021-04-30 09:52:42,773.9,473291
2021-04-30 09:52:43,773.65,473460
2021-04-30 09:52:44,773.85,473500
2021-04-30 09:52:45,773.85,473500
2021-04-30 09:52:46,773.85,473500
2021-04-30 09:52:47,773.85,473500
2021-04-30 09:52:48,773.85,473500
2021-04-30 09:52:50,773.45,473678
2021-04-30 09:52:51,773.65,473735
2021-04-30 09:52:51,773.65,473735
2021-04-30 09:52:52,773.65,473915
2021-04-30 09:52:53,773.65,473915
2021-04-30 09:52:54,773.65,473915
2021-04-30 09:52:56,773.65,473915
2021-04-30 09:52:57,773.65,473915
2021-04-30 09:52:58,773.65,473915
2021-04-30 09:52:59,773.65,473915
2021-04-30 09:52:59,773.65,473915
2021-04-30 09:53:00,773.5,474003
2021-04-30 09:53:01,773.6,474063
2021-04-30 09:53:02,773.6,474063
2021-04-30 09:53:04,773.6,474063
2021-04-30 09:53:05,773.85,474212
2021-04-30 09:53:06,773.85,474237
2021-04-30 09:53:07,773.6,475055
2021-04-30 09:53:08,773.6,475076
2021-04-30 09:53:09,773.4,475153
2021-04-30 09:53:10,773.4,475591
2021-04-30 09:53:11,773.1,475624
2021-04-30 09:53:12,773.0,475667
2021-04-30 09:53:13,773.0,475667
2021-04-30 09:53:15,773.0,475701
2021-04-30 09:53:16,773.0,475722
2021-04-30 09:53:16,773.2,475810
2021-04-30 09:53:18,773.25,475836
2021-04-30 09:53:18,773.45,475904
2021-04-30 09:53:19,773.45,476008
2021-04-30 09:53:21,773.45,476008
2021-04-30 09:53:22,773.25,476048
2021-04-30 09:53:23,773.25,476048
2021-04-30 09:53:24,773.4,476726
2021-04-30 09:53:25,773.4,476826
2021-04-30 09:53:26,773.4,476826
2021-04-30 09:53:27,773.4,476826
2021-04-30 09:53:28,773.2,476913
2021-04-30 09:53:28,773.2,476913
2021-04-30 09:53:29,773.45,476980
2021-04-30 09:53:30,773.45,476990
2021-04-30 09:53:32,773.7,477098
2021-04-30 09:53:33,773.7,477217
2021-04-30 09:53:34,773.7,477659
2021-04-30 09:53:35,773.7,477746
2021-04-30 09:53:36,773.3,477821
2021-04-30 09:53:37,773.3,477821
2021-04-30 09:53:38,773.3,477821
2021-04-30 09:53:39,773.0,477964
2021-04-30 09:53:40,773.0,478064
2021-04-30 09:53:41,773.0,478064
2021-04-30 09:53:41,773.0,478064
2021-04-30 09:53:42,773.4,478115
2021-04-30 09:53:44,773.45,478592
2021-04-30 09:53:45,773.4,478679
2021-04-30 09:53:46,773.4,479039
2021-04-30 09:53:47,773.45,479140
2021-04-30 09:53:48,773.3,479240
2021-04-30 09:53:49,773.3,479240
2021-04-30 09:53:50,773.3,479240
2021-04-30 09:53:51,773.45,479276
2021-04-30 09:53:51,773.45,479276
2021-04-30 09:53:52,773.45,479276
2021-04-30 09:53:53,773.45,479276
2021-04-30 09:53:54,773.45,479277
2021-04-30 09:53:56,773.45,479540
2021-04-30 09:53:57,773.45,479562
2021-04-30 09:53:58,773.45,479650
2021-04-30 09:53:59,773.3,479730
2021-04-30 09:54:00,773.6,479750
2021-04-30 09:54:01,773.3,480095
2021-04-30 09:54:02,773.3,480095
2021-04-30 09:54:03,773.4,480098
2021-04-30 09:54:03,773.4,480098
2021-04-30 09:54:04,773.4,480181
2021-04-30 09:54:05,773.4,480181
2021-04-30 09:54:06,773.3,480306
2021-04-30 09:54:08,773.3,480306
2021-04-30 09:54:09,773.35,480393
2021-04-30 09:54:10,773.35,480393
2021-04-30 09:54:10,773.4,480523
2021-04-30 09:54:11,773.4,480532
2021-04-30 09:54:12,773.4,480543
2021-04-30 09:54:14,773.4,480543
2021-04-30 09:54:15,773.7,481286
2021-04-30 09:54:16,773.5,481290
2021-04-30 09:54:17,773.5,481290
2021-04-30 09:54:18,773.5,481290
2021-04-30 09:54:19,773.5,481590
2021-04-30 09:54:20,773.5,481640
2021-04-30 09:54:20,773.5,481640
2021-04-30 09:54:21,773.5,481666
2021-04-30 09:54:23,773.75,481773
2021-04-30 09:54:23,773.75,481773
2021-04-30 09:54:24,773.8,481797
2021-04-30 09:54:25,773.95,481995
2021-04-30 09:54:27,773.8,482035
2021-04-30 09:54:28,773.95,482036
2021-04-30 09:54:29,773.95,482036
2021-04-30 09:54:30,773.95,482603
2021-04-30 09:54:31,774.0,483101
2021-04-30 09:54:32,774.0,483101
2021-04-30 09:54:33,774.0,483101
2021-04-30 09:54:34,774.0,483101
2021-04-30 09:54:35,774.15,483318
2021-04-30 09:54:36,774.15,483318
2021-04-30 09:54:37,774.0,483334
2021-04-30 09:54:38,774.0,483354
2021-04-30 09:54:39,774.0,483354
2021-04-30 09:54:40,774.05,483477
2021-04-30 09:54:40,774.05,483477
2021-04-30 09:54:42,774.0,483695
2021-04-30 09:54:43,774.0,483803
2021-04-30 09:54:44,774.0,483803
2021-04-30 09:54:45,774.05,483988
2021-04-30 09:54:45,774.05,483891
2021-04-30 09:54:46,774.05,484052
2021-04-30 09:54:47,774.2,484053
2021-04-30 09:54:49,774.05,484098
2021-04-30 09:54:50,774.2,484123
2021-04-30 09:54:51,774.2,484150
2021-04-30 09:54:51,774.2,484150
2021-04-30 09:54:53,774.3,484316
2021-04-30 09:54:54,774.3,484316
2021-04-30 09:54:55,774.2,484504
2021-04-30 09:54:55,774.2,484504
2021-04-30 09:54:56,774.2,484504
2021-04-30 09:54:57,774.3,484729
2021-04-30 09:54:59,774.3,484796
2021-04-30 09:55:00,774.3,484796
2021-04-30 09:55:01,774.3,484796
2021-04-30 09:55:02,774.3,485024
2021-04-30 09:55:03,774.3,485024
2021-04-30 09:55:04,774.3,485024
2021-04-30 09:55:05,774.3,485121
2021-04-30 09:55:06,774.25,485146
2021-04-30 09:55:07,774.25,485146
2021-04-30 09:55:08,774.15,485646
2021-04-30 09:55:09,774.15,485646
2021-04-30 09:55:11,774.15,485667
2021-04-30 09:55:12,774.3,485673
2021-04-30 09:55:13,774.3,485675
2021-04-30 09:55:14,774.3,485858
2021-04-30 09:55:15,774.3,485858
2021-04-30 09:55:16,774.4,485947
2021-04-30 09:55:17,774.45,485983
2021-04-30 09:55:18,774.4,486033
2021-04-30 09:55:19,774.5,486158
2021-04-30 09:55:20,774.45,486407
2021-04-30 09:55:21,774.45,486407
2021-04-30 09:55:22,774.5,486409
2021-04-30 09:55:23,774.5,486410
2021-04-30 09:55:24,774.5,486410
2021-04-30 09:55:25,774.5,486410
2021-04-30 09:55:26,774.35,486411
2021-04-30 09:55:27,774.35,486411
2021-04-30 09:55:28,774.35,486431
2021-04-30 09:55:29,774.35,486547
2021-04-30 09:55:30,774.35,486547
2021-04-30 09:55:31,774.35,486547
2021-04-30 09:55:32,774.5,486660
2021-04-30 09:55:33,774.5,486660
2021-04-30 09:55:34,774.5,486660
2021-04-30 09:55:35,774.5,486660
2021-04-30 09:55:36,774.25,486685
2021-04-30 09:55:37,774.25,486685
2021-04-30 09:55:38,774.25,486685
2021-04-30 09:55:39,774.25,486685
2021-04-30 09:55:40,774.2,486775
2021-04-30 09:55:41,774.45,486779
2021-04-30 09:55:42,774.45,486779
2021-04-30 09:55:43,774.5,487015
2021-04-30 09:55:44,774.5,487015
2021-04-30 09:55:45,774.3,487030
2021-04-30 09:55:47,774.3,487030
2021-04-30 09:55:46,774.3,487030
2021-04-30 09:55:48,774.4,487130
2021-04-30 09:55:49,774.4,487135
2021-04-30 09:55:50,774.35,487235
2021-04-30 09:55:51,774.5,487435
2021-04-30 09:55:52,774.5,487435
2021-04-30 09:55:53,774.5,487488
2021-04-30 09:55:54,774.4,487497
2021-04-30 09:55:55,774.45,487581
2021-04-30 09:55:56,774.5,487681
2021-04-30 09:55:57,774.5,487681
2021-04-30 09:55:58,774.5,487682
2021-04-30 09:55:59,774.65,487915
2021-04-30 09:56:00,774.65,488024
2021-04-30 09:56:01,774.5,488834
2021-04-30 09:56:02,774.5,488834
2021-04-30 09:56:03,774.5,488834
2021-04-30 09:56:04,774.55,489334
2021-04-30 09:56:05,774.55,489334
2021-04-30 09:56:06,774.8,489432
2021-04-30 09:56:07,774.55,489433
2021-04-30 09:56:08,774.8,489661
2021-04-30 09:56:09,774.8,489731
2021-04-30 09:56:10,774.8,489740
2021-04-30 09:56:11,775.0,491095
2021-04-30 09:56:12,775.0,491406
2021-04-30 09:56:13,775.0,491665
2021-04-30 09:56:14,775.0,491665
2021-04-30 09:56:15,775.0,491960
2021-04-30 09:56:16,775.0,491960
2021-04-30 09:56:17,775.25,491970
2021-04-30 09:56:18,775.25,491970
2021-04-30 09:56:19,775.25,491970
2021-04-30 09:56:20,775.3,492334
2021-04-30 09:56:21,775.25,492354
2021-04-30 09:56:22,775.25,492477
2021-04-30 09:56:23,775.4,492586
2021-04-30 09:56:24,775.4,492586
2021-04-30 09:56:25,775.3,492712
2021-04-30 09:56:26,775.35,492718
2021-04-30 09:56:27,775.35,492718
2021-04-30 09:56:28,775.35,492718
2021-04-30 09:56:29,775.35,492718
2021-04-30 09:56:30,775.3,492749
2021-04-30 09:56:31,775.35,492793
2021-04-30 09:56:32,775.35,492793
2021-04-30 09:56:33,775.4,493252
2021-04-30 09:56:34,775.35,493271
2021-04-30 09:56:35,775.35,493271
2021-04-30 09:56:36,775.3,493296
2021-04-30 09:56:37,775.3,493296
2021-04-30 09:56:38,775.3,493296
2021-04-30 09:56:39,775.3,493296
2021-04-30 09:56:40,775.3,494235
2021-04-30 09:56:41,775.35,494238
2021-04-30 09:56:42,775.35,494288
2021-04-30 09:56:43,774.9,495244
2021-04-30 09:56:44,774.9,495244
2021-04-30 09:56:45,774.8,495335
2021-04-30 09:56:46,774.95,495423
2021-04-30 09:56:47,775.0,495485
2021-04-30 09:56:48,775.0,495485
2021-04-30 09:56:49,775.05,495496
2021-04-30 09:56:50,775.15,495564
2021-04-30 09:56:51,775.15,495564
2021-04-30 09:56:52,775.35,495583
2021-04-30 09:56:53,775.35,495641
2021-04-30 09:56:54,775.5,495841
2021-04-30 09:56:55,775.5,495841
2021-04-30 09:56:56,775.3,495929
2021-04-30 09:56:57,775.15,496049
2021-04-30 09:56:58,775.15,496049
2021-04-30 09:56:59,775.5,496278
2021-04-30 09:57:00,775.5,496284
2021-04-30 09:57:01,775.5,496789
2021-04-30 09:57:02,775.25,496889
2021-04-30 09:57:03,775.25,496889
2021-04-30 09:57:04,775.25,496889
2021-04-30 09:57:05,775.25,496889
2021-04-30 09:57:06,775.2,497000
2021-04-30 09:57:07,775.2,497000
2021-04-30 09:57:08,775.2,497002
2021-04-30 09:57:09,775.0,497004
2021-04-30 09:57:10,774.05,503085
2021-04-30 09:57:11,775.0,503668
2021-04-30 09:57:12,775.0,503668
2021-04-30 09:57:13,774.6,503768
2021-04-30 09:57:14,774.6,503768
2021-04-30 09:57:16,775.15,503856
2021-04-30 09:57:16,775.15,503856
2021-04-30 09:57:17,775.2,503860
2021-04-30 09:57:18,775.2,503860
2021-04-30 09:57:19,775.2,503961
2021-04-30 09:57:20,775.25,504036
2021-04-30 09:57:21,775.5,504136
2021-04-30 09:57:22,775.5,504136
2021-04-30 09:57:23,775.35,504241
2021-04-30 09:57:24,775.35,504241
2021-04-30 09:57:25,775.3,505579
2021-04-30 09:57:26,775.5,505594
2021-04-30 09:57:27,775.5,505594
2021-04-30 09:57:28,775.5,505594
2021-04-30 09:57:29,775.5,505609
2021-04-30 09:57:30,775.3,505624
2021-04-30 09:57:31,775.25,505674
2021-04-30 09:57:32,775.25,505674
2021-04-30 09:57:33,775.5,505839
2021-04-30 09:57:34,775.5,505839
2021-04-30 09:57:35,775.45,505929
2021-04-30 09:57:37,775.5,506064
2021-04-30 09:57:38,775.5,506313
2021-04-30 09:57:38,775.5,506313
2021-04-30 09:57:39,775.5,506313
2021-04-30 09:57:40,775.5,506313
2021-04-30 09:57:42,775.5,506415
2021-04-30 09:57:42,775.5,506416
2021-04-30 09:57:43,775.5,506855
2021-04-30 09:57:44,775.5,506855
2021-04-30 09:57:45,775.5,506955
2021-04-30 09:57:46,775.5,506955
2021-04-30 09:57:47,775.5,506955
2021-04-30 09:57:48,775.5,506955
2021-04-30 09:57:49,775.95,508655
2021-04-30 09:57:50,775.95,508865
2021-04-30 09:57:51,775.95,508865
2021-04-30 09:57:52,775.95,509092
2021-04-30 09:57:53,776.0,509774
2021-04-30 09:57:54,776.0,509774
2021-04-30 09:57:56,775.95,510949
2021-04-30 09:57:57,776.15,511031
2021-04-30 09:57:58,776.0,511288
2021-04-30 09:57:58,776.2,511289
2021-04-30 09:57:59,776.2,511289
2021-04-30 09:58:00,776.2,511289
2021-04-30 09:58:01,776.7,516556
2021-04-30 09:58:02,777.3,520103
2021-04-30 09:58:03,777.35,520403
2021-04-30 09:58:05,777.05,520715
2021-04-30 09:58:06,777.15,520771
2021-04-30 09:58:07,777.15,520952
2021-04-30 09:58:08,777.15,521013
2021-04-30 09:58:08,777.15,521013
2021-04-30 09:58:09,777.35,521173
2021-04-30 09:58:10,777.5,523899
2021-04-30 09:58:11,777.45,523904
2021-04-30 09:58:12,777.55,523994
2021-04-30 09:58:13,777.55,524084
2021-04-30 09:58:14,777.55,524154
2021-04-30 09:58:15,777.1,525442
2021-04-30 09:58:16,777.55,525997
2021-04-30 09:58:17,777.2,526230
2021-04-30 09:58:18,777.2,526230
2021-04-30 09:58:19,777.55,526247
2021-04-30 09:58:20,777.15,526349
2021-04-30 09:58:21,777.25,526359
2021-04-30 09:58:22,777.75,527122
2021-04-30 09:58:23,777.25,527172
2021-04-30 09:58:24,777.55,527612
2021-04-30 09:58:26,777.75,527777
2021-04-30 09:58:27,777.55,527831
2021-04-30 09:58:28,777.3,528141
2021-04-30 09:58:29,777.7,528143
2021-04-30 09:58:29,777.7,528143
2021-04-30 09:58:30,777.7,528147
2021-04-30 09:58:31,777.7,528236
2021-04-30 09:58:32,777.25,528503
2021-04-30 09:58:33,777.25,528503
2021-04-30 09:58:34,777.7,528518
2021-04-30 09:58:35,777.7,528526
2021-04-30 09:58:36,777.45,528556
2021-04-30 09:58:37,777.45,528581
2021-04-30 09:58:38,777.45,528584
2021-04-30 09:58:39,777.45,528626
2021-04-30 09:58:40,777.45,528788
2021-04-30 09:58:41,777.45,528959
2021-04-30 09:58:42,777.7,529259
2021-04-30 09:58:43,777.7,529694
2021-04-30 09:58:44,777.65,530135
2021-04-30 09:58:45,777.55,530161
2021-04-30 09:58:46,777.55,530161
2021-04-30 09:58:47,777.5,530196
2021-04-30 09:58:48,777.65,530387
2021-04-30 09:58:49,777.7,530603
2021-04-30 09:58:50,777.55,531022
2021-04-30 09:58:51,778.0,532839
2021-04-30 09:58:52,777.6,532843
2021-04-30 09:58:53,777.6,533073
2021-04-30 09:58:54,777.55,533093
2021-04-30 09:58:55,777.75,533352
2021-04-30 09:58:56,777.5,535027
2021-04-30 09:58:57,777.5,535027
2021-04-30 09:58:58,777.95,535573
2021-04-30 09:58:59,777.6,535588
2021-04-30 09:59:00,777.6,535873
2021-04-30 09:59:01,778.0,536248
2021-04-30 09:59:02,777.65,536574
2021-04-30 09:59:03,777.65,536574
2021-04-30 09:59:04,777.6,538114
2021-04-30 09:59:05,777.75,538201
2021-04-30 09:59:06,777.95,538271
2021-04-30 09:59:07,777.95,538286
2021-04-30 09:59:08,777.95,538286
2021-04-30 09:59:09,777.9,538311
2021-04-30 09:59:11,777.65,538551
2021-04-30 09:59:11,777.6,538641
2021-04-30 09:59:12,777.6,538641
2021-04-30 09:59:13,777.95,538648
2021-04-30 09:59:15,777.85,538760
2021-04-30 09:59:16,777.7,538964
2021-04-30 09:59:17,777.7,539881
2021-04-30 09:59:17,777.7,539881
2021-04-30 09:59:18,777.7,539991
2021-04-30 09:59:19,777.7,539996
2021-04-30 09:59:21,777.7,540020
2021-04-30 09:59:21,777.7,540076
2021-04-30 09:59:22,777.7,540309
2021-04-30 09:59:23,777.7,540309
2021-04-30 09:59:25,777.6,540471
2021-04-30 09:59:25,777.6,540471
2021-04-30 09:59:26,777.5,540486
2021-04-30 09:59:27,777.6,540604
2021-04-30 09:59:29,777.7,541047
2021-04-30 09:59:30,777.7,541047
2021-04-30 09:59:30,777.7,541048
2021-04-30 09:59:31,777.7,541054
2021-04-30 09:59:32,777.85,541055
2021-04-30 09:59:33,777.7,541555
2021-04-30 09:59:34,777.7,541555
2021-04-30 09:59:35,777.75,541874
2021-04-30 09:59:37,777.75,541909
2021-04-30 09:59:37,777.75,541909
2021-04-30 09:59:39,777.75,541909
2021-04-30 09:59:40,777.7,541949
2021-04-30 09:59:41,777.7,541949
2021-04-30 09:59:42,777.75,542049
2021-04-30 09:59:42,777.7,541949
2021-04-30 09:59:44,777.7,542212
2021-04-30 09:59:45,777.35,546132
2021-04-30 09:59:45,777.35,546132
2021-04-30 09:59:47,777.0,546534
2021-04-30 09:59:48,777.15,547034
2021-04-30 09:59:48,777.15,547034
2021-04-30 09:59:49,777.35,547249
2021-04-30 09:59:50,777.35,547456
2021-04-30 09:59:51,777.35,547732
2021-04-30 09:59:52,777.55,547742
2021-04-30 09:59:53,777.5,547842
2021-04-30 09:59:54,777.4,548042
2021-04-30 09:59:56,777.35,548052
2021-04-30 09:59:57,777.0,554552
2021-04-30 09:59:58,777.0,554552
2021-04-30 09:59:59,777.0,554552
2021-04-30 10:00:00,777.3,554752
2021-04-30 10:00:01,777.0,555262
2021-04-30 10:00:02,777.35,555319
2021-04-30 10:00:03,777.35,555319
2021-04-30 10:00:03,777.35,555319
2021-04-30 10:00:04,777.5,555386
2021-04-30 10:00:05,777.5,555555
2021-04-30 10:00:06,777.2,555696
2021-04-30 10:00:07,777.6,555916
2021-04-30 10:00:08,777.55,555926
2021-04-30 10:00:09,777.55,555926
2021-04-30 10:00:10,777.55,555926
2021-04-30 10:00:11,777.55,555926
2021-04-30 10:00:12,777.35,556000
2021-04-30 10:00:13,777.35,556000
2021-04-30 10:00:15,777.15,556101
2021-04-30 10:00:16,777.25,556254
2021-04-30 10:00:16,777.35,556454
2021-04-30 10:00:17,777.15,556697
2021-04-30 10:00:18,777.35,556927
2021-04-30 10:00:19,777.35,556937
2021-04-30 10:00:21,777.35,556937
2021-04-30 10:00:21,777.45,557261
2021-04-30 10:00:23,777.35,557271
2021-04-30 10:00:23,777.35,557271
2021-04-30 10:00:24,777.25,557316
2021-04-30 10:00:25,777.25,557419
2021-04-30 10:00:26,777.25,557584
2021-04-30 10:00:27,777.25,557589
2021-04-30 10:00:28,777.2,557875
2021-04-30 10:00:29,777.45,558117
2021-04-30 10:00:30,777.25,558318
2021-04-30 10:00:31,777.5,558408
2021-04-30 10:00:32,777.5,558408
2021-04-30 10:00:33,777.35,558458
2021-04-30 10:00:34,777.45,558609
2021-04-30 10:00:36,777.15,558637
2021-04-30 10:00:37,777.15,558637
2021-04-30 10:00:37,777.15,558787
2021-04-30 10:00:38,777.5,558947
2021-04-30 10:00:39,777.35,558952
2021-04-30 10:00:40,777.35,559049
2021-04-30 10:00:41,777.35,559188
2021-04-30 10:00:42,777.35,559209
2021-04-30 10:00:43,777.4,559283
2021-04-30 10:00:44,777.25,559290
2021-04-30 10:00:45,777.25,559290
2021-04-30 10:00:46,777.25,559290
2021-04-30 10:00:47,777.3,559299
2021-04-30 10:00:48,777.3,559304
2021-04-30 10:00:49,777.3,559358
2021-04-30 10:00:50,777.15,559528
2021-04-30 10:00:51,777.3,563496
2021-04-30 10:00:52,777.3,563496
2021-04-30 10:00:53,777.3,563496
2021-04-30 10:00:55,777.0,564196
2021-04-30 10:00:56,777.0,564196
2021-04-30 10:00:57,777.3,564311
2021-04-30 10:00:58,777.0,564416
2021-04-30 10:00:58,777.0,564416
2021-04-30 10:00:59,777.3,564916
2021-04-30 10:01:00,777.3,564917
2021-04-30 10:01:02,777.3,564918
2021-04-30 10:01:02,777.3,565018
2021-04-30 10:01:03,777.3,565018
2021-04-30 10:01:04,777.3,565018
2021-04-30 10:01:05,777.2,565023
2021-04-30 10:01:06,777.2,565130
2021-04-30 10:01:07,777.3,565261
2021-04-30 10:01:08,777.0,565271
2021-04-30 10:01:10,777.0,565271
2021-04-30 10:01:10,777.3,565276
2021-04-30 10:01:11,777.3,565276
2021-04-30 10:01:13,777.25,565531
2021-04-30 10:01:13,777.25,565531
2021-04-30 10:01:15,777.3,565536
2021-04-30 10:01:16,777.0,565666
2021-04-30 10:01:17,777.15,565686
2021-04-30 10:01:18,777.15,565686
2021-04-30 10:01:18,777.0,565691
2021-04-30 10:01:20,777.15,565760
2021-04-30 10:01:21,777.15,565786
2021-04-30 10:01:22,777.15,565786
2021-04-30 10:01:23,777.45,567579
2021-04-30 10:01:24,777.5,567729
2021-04-30 10:01:25,777.5,567781
2021-04-30 10:01:26,777.25,567831
2021-04-30 10:01:26,777.25,567831
2021-04-30 10:01:27,777.4,568281
2021-04-30 10:01:28,777.4,568281
2021-04-30 10:01:29,777.4,568281
2021-04-30 10:01:30,777.0,568318
2021-04-30 10:01:31,777.5,568506
2021-04-30 10:01:33,777.5,568531
2021-04-30 10:01:34,777.5,568531
2021-04-30 10:01:35,777.35,568930
2021-04-30 10:01:35,777.8,571684
2021-04-30 10:01:37,777.55,571935
2021-04-30 10:01:37,777.55,571935
2021-04-30 10:01:39,777.55,571935
2021-04-30 10:01:40,777.5,571999
2021-04-30 10:01:42,777.5,572179
2021-04-30 10:01:43,777.6,572272
2021-04-30 10:01:44,777.6,572272
2021-04-30 10:01:45,777.4,572273
2021-04-30 10:01:46,777.4,572273
2021-04-30 10:01:47,777.4,572359
2021-04-30 10:01:48,777.4,572359
2021-04-30 10:01:49,777.45,572360
2021-04-30 10:01:50,777.45,572405
2021-04-30 10:01:51,777.45,572405
2021-04-30 10:01:52,777.45,572405
2021-04-30 10:01:53,777.5,572508
2021-04-30 10:01:54,777.4,572518
2021-04-30 10:01:55,777.5,572574
2021-04-30 10:01:55,777.5,573212
2021-04-30 10:01:56,777.5,573212
2021-04-30 10:01:57,777.6,573222
2021-04-30 10:01:58,777.6,573303
2021-04-30 10:02:00,777.9,573369
2021-04-30 10:02:01,777.65,573389
2021-04-30 10:02:02,777.9,573469
2021-04-30 10:02:03,777.6,573474
2021-04-30 10:02:04,777.6,573484
2021-04-30 10:02:05,777.9,573722
2021-04-30 10:02:05,777.7,573571
2021-04-30 10:02:06,777.65,573808
2021-04-30 10:02:07,777.65,573958
2021-04-30 10:02:08,777.65,573958
2021-04-30 10:02:09,777.65,573958
2021-04-30 10:02:11,777.65,574058
2021-04-30 10:02:12,777.65,574058
2021-04-30 10:02:13,777.45,574758
2021-04-30 10:02:14,777.65,574788
2021-04-30 10:02:15,777.55,574820
2021-04-30 10:02:16,777.4,574821
2021-04-30 10:02:17,777.4,574821
2021-04-30 10:02:18,777.55,574831
2021-04-30 10:02:19,777.55,574831
2021-04-30 10:02:20,777.4,574905
2021-04-30 10:02:20,777.4,574905
2021-04-30 10:02:21,777.4,574931
2021-04-30 10:02:22,777.4,574931
2021-04-30 10:02:23,777.4,574956
2021-04-30 10:02:24,777.4,574956
2021-04-30 10:02:25,777.45,575190
2021-04-30 10:02:26,777.45,575190
2021-04-30 10:02:27,777.45,575190
2021-04-30 10:02:28,777.4,575192
2021-04-30 10:02:29,777.65,575292
2021-04-30 10:02:30,777.65,575292
2021-04-30 10:02:31,777.65,575292
2021-04-30 10:02:32,777.5,575351
2021-04-30 10:02:33,777.55,575406
2021-04-30 10:02:34,777.65,575488
2021-04-30 10:02:35,777.4,575558
2021-04-30 10:02:36,777.4,575558
2021-04-30 10:02:37,777.6,575682
2021-04-30 10:02:38,777.6,575682
2021-04-30 10:02:40,777.25,575982
2021-04-30 10:02:40,777.25,575982
2021-04-30 10:02:41,777.65,575983
2021-04-30 10:02:42,777.65,576033
2021-04-30 10:02:43,777.6,576038
2021-04-30 10:02:44,777.5,576039
2021-04-30 10:02:45,777.5,576059
2021-04-30 10:02:46,777.3,576143
2021-04-30 10:02:47,777.3,576143
2021-04-30 10:02:48,777.3,576143
2021-04-30 10:02:49,777.55,576145
2021-04-30 10:02:50,777.6,576199
2021-04-30 10:02:51,777.55,576226
2021-04-30 10:02:52,777.6,576531
2021-04-30 10:02:53,777.55,576601
2021-04-30 10:02:55,777.55,576617
2021-04-30 10:02:56,777.3,576764
2021-04-30 10:02:57,777.85,577181
2021-04-30 10:02:58,777.45,577230
2021-04-30 10:02:59,777.45,577230
2021-04-30 10:02:59,777.8,577232
2021-04-30 10:03:00,777.8,577232
2021-04-30 10:03:02,777.8,577232
2021-04-30 10:03:03,777.8,577232
2021-04-30 10:03:04,777.8,577233
2021-04-30 10:03:05,777.8,577367
2021-04-30 10:03:06,777.8,577392
2021-04-30 10:03:06,777.9,577402
2021-04-30 10:03:07,777.9,577477
2021-04-30 10:03:08,777.85,577536
2021-04-30 10:03:09,777.55,577827
2021-04-30 10:03:10,777.95,578656
2021-04-30 10:03:11,778.0,579434
2021-04-30 10:03:12,777.8,579501
2021-04-30 10:03:13,778.0,579701
2021-04-30 10:03:14,777.8,579711
2021-04-30 10:03:16,777.8,579711
2021-04-30 10:03:17,777.9,579829
2021-04-30 10:03:18,777.8,580060
2021-04-30 10:03:19,778.0,580061
2021-04-30 10:03:20,778.0,580062
2021-04-30 10:03:21,777.8,580088
2021-04-30 10:03:22,778.0,580148
2021-04-30 10:03:22,778.0,580148
2021-04-30 10:03:23,778.0,580153
2021-04-30 10:03:24,778.0,580153
2021-04-30 10:03:25,777.9,580203
2021-04-30 10:03:26,778.0,580290
2021-04-30 10:03:27,778.0,580290
2021-04-30 10:03:29,778.0,580290
2021-04-30 10:03:30,777.9,580310
2021-04-30 10:03:31,777.9,580310
2021-04-30 10:03:32,777.95,580323
2021-04-30 10:03:33,778.0,581783
2021-04-30 10:03:34,778.0,581783
2021-04-30 10:03:35,778.0,583068
2021-04-30 10:03:36,778.0,583068
2021-04-30 10:03:37,778.0,583068
2021-04-30 10:03:37,778.0,583068
2021-04-30 10:03:38,778.0,583068
2021-04-30 10:03:40,778.0,583170
2021-04-30 10:03:40,778.0,583170
2021-04-30 10:03:41,778.0,583180
2021-04-30 10:03:43,778.0,583180
2021-04-30 10:03:44,778.0,583499
2021-04-30 10:03:45,778.0,583699
2021-04-30 10:03:46,777.95,583709
2021-04-30 10:03:47,777.95,583714
2021-04-30 10:03:48,777.95,583771
2021-04-30 10:03:49,778.0,584071
2021-04-30 10:03:49,778.0,584071
2021-04-30 10:03:50,778.0,584127
2021-04-30 10:03:51,778.0,584127
2021-04-30 10:03:52,777.8,584179
2021-04-30 10:03:53,777.95,584214
2021-04-30 10:03:54,777.8,584807
2021-04-30 10:03:56,777.75,585091
2021-04-30 10:03:57,777.8,585092
2021-04-30 10:03:58,777.55,585122
2021-04-30 10:03:59,777.5,585172
2021-04-30 10:04:00,777.5,585288
2021-04-30 10:04:01,777.45,585401
2021-04-30 10:04:02,777.45,585401
2021-04-30 10:04:03,777.45,585401
2021-04-30 10:04:04,777.7,585411
2021-04-30 10:04:05,777.7,585411
2021-04-30 10:04:06,777.5,585506
2021-04-30 10:04:07,777.5,585506
2021-04-30 10:04:08,777.5,585506
2021-04-30 10:04:09,777.5,585506
2021-04-30 10:04:10,777.35,585584
2021-04-30 10:04:11,777.2,585803
2021-04-30 10:04:12,777.2,585803
2021-04-30 10:04:13,777.2,585805
2021-04-30 10:04:14,777.2,585805
2021-04-30 10:04:16,777.15,585810
2021-04-30 10:04:17,777.15,585810
2021-04-30 10:04:18,777.3,585812
2021-04-30 10:04:19,777.5,586112
2021-04-30 10:04:19,777.5,586112
2021-04-30 10:04:20,777.5,586112
2021-04-30 10:04:21,777.2,586171
2021-04-30 10:04:23,777.5,586414
2021-04-30 10:04:24,777.5,586589
2021-04-30 10:04:25,777.55,586699
2021-04-30 10:04:26,777.7,586703
2021-04-30 10:04:27,777.65,586808
2021-04-30 10:04:28,777.65,586808
2021-04-30 10:04:29,777.6,586936
2021-04-30 10:04:30,777.6,586936
2021-04-30 10:04:31,777.65,586941
2021-04-30 10:04:32,777.95,587081
2021-04-30 10:04:33,777.75,587114
2021-04-30 10:04:34,777.55,587182
2021-04-30 10:04:35,777.85,587271
2021-04-30 10:04:36,777.85,587296
2021-04-30 10:04:37,777.85,587296
2021-04-30 10:04:37,777.9,587297
2021-04-30 10:04:39,777.6,588226
2021-04-30 10:04:40,777.95,588236
2021-04-30 10:04:41,777.95,588246
2021-04-30 10:04:42,777.95,588246
2021-04-30 10:04:43,777.65,588289
2021-04-30 10:04:43,777.65,588289
2021-04-30 10:04:45,777.7,588489
2021-04-30 10:04:45,777.5,588579
2021-04-30 10:04:46,777.3,588894
2021-04-30 10:04:48,777.55,588966
2021-04-30 10:04:49,777.55,588966
2021-04-30 10:04:50,777.65,589059
2021-04-30 10:04:51,777.7,589101
2021-04-30 10:04:51,777.7,589101
2021-04-30 10:04:53,777.7,589140
2021-04-30 10:04:54,777.95,589150
2021-04-30 10:04:55,777.7,589160
2021-04-30 10:04:56,777.8,589225
2021-04-30 10:04:57,777.8,589253
2021-04-30 10:04:57,777.95,589262
2021-04-30 10:04:58,777.95,589262
2021-04-30 10:04:59,777.8,589265
2021-04-30 10:05:00,777.8,589265
2021-04-30 10:05:01,777.85,592716
2021-04-30 10:05:03,778.05,592718
2021-04-30 10:05:04,778.0,592753
2021-04-30 10:05:05,778.0,592753
2021-04-30 10:05:06,778.15,592906
2021-04-30 10:05:07,778.15,592906
2021-04-30 10:05:08,778.05,592961
2021-04-30 10:05:09,777.85,593494
2021-04-30 10:05:10,778.1,593539
2021-04-30 10:05:11,778.1,593539
2021-04-30 10:05:12,778.2,593540
2021-04-30 10:05:13,778.2,593540
2021-04-30 10:05:14,777.85,593784
2021-04-30 10:05:15,777.95,593844
2021-04-30 10:05:16,778.05,593851
2021-04-30 10:05:17,778.3,593998
2021-04-30 10:05:18,778.3,593998
2021-04-30 10:05:19,778.0,594748
2021-04-30 10:05:19,778.0,594748
2021-04-30 10:05:20,778.35,594754
2021-04-30 10:05:22,778.35,594754
2021-04-30 10:05:23,778.35,594837
2021-04-30 10:05:24,778.0,594895
2021-04-30 10:05:25,778.15,595045
2021-04-30 10:05:26,778.15,595045
2021-04-30 10:05:27,778.15,595068
2021-04-30 10:05:28,778.05,595201
2021-04-30 10:05:28,778.35,595241
2021-04-30 10:05:29,778.35,595304
2021-04-30 10:05:30,778.35,595304
2021-04-30 10:05:31,778.4,595332
2021-04-30 10:05:33,777.5,596727
2021-04-30 10:05:33,777.55,597057
