timestamp,ltp,volume
2021-04-30 09:15:05,297.0,146026
2021-04-30 09:15:07,296.7,184896
2021-04-30 09:15:08,296.4,204789
2021-04-30 09:15:09,296.1,240564
2021-04-30 09:15:10,295.95,256737
2021-04-30 09:15:11,295.85,259091
2021-04-30 09:15:12,295.7,282117
2021-04-30 09:15:13,295.7,290800
2021-04-30 09:15:14,295.5,297348
2021-04-30 09:15:15,295.4,307306
2021-04-30 09:15:16,295.4,315776
2021-04-30 09:15:17,295.5,329152
2021-04-30 09:15:18,295.0,363405
2021-04-30 09:15:19,295.15,387659
2021-04-30 09:15:20,294.8,409651
2021-04-30 09:15:21,295.0,426303
2021-04-30 09:15:22,295.15,440511
2021-04-30 09:15:23,295.0,450872
2021-04-30 09:15:24,295.45,458040
2021-04-30 09:15:25,295.0,478904
2021-04-30 09:15:26,295.8,493499
2021-04-30 09:15:27,295.85,516329
2021-04-30 09:15:28,295.65,533642
2021-04-30 09:15:29,296.3,543456
2021-04-30 09:15:30,295.7,550305
2021-04-30 09:15:31,295.7,582910
2021-04-30 09:15:32,295.75,589988
2021-04-30 09:15:33,296.0,600438
2021-04-30 09:15:34,296.05,603698
2021-04-30 09:15:35,296.0,610762
2021-04-30 09:15:36,295.85,615018
2021-04-30 09:15:37,295.95,618166
2021-04-30 09:15:38,295.95,626523
2021-04-30 09:15:39,296.25,629937
2021-04-30 09:15:40,296.2,636464
2021-04-30 09:15:41,296.0,642500
2021-04-30 09:15:42,296.05,646666
2021-04-30 09:15:43,296.0,650673
2021-04-30 09:15:44,296.15,661211
2021-04-30 09:15:45,296.85,674119
2021-04-30 09:15:46,296.65,677466
2021-04-30 09:15:47,296.85,679985
2021-04-30 09:15:48,296.8,683598
2021-04-30 09:15:49,296.95,689199
2021-04-30 09:15:50,296.75,693407
2021-04-30 09:15:51,296.85,695775
2021-04-30 09:15:52,296.7,699208
2021-04-30 09:15:53,296.9,705191
2021-04-30 09:15:54,296.8,706188
2021-04-30 09:15:55,296.8,713076
2021-04-30 09:15:56,296.95,717954
2021-04-30 09:15:57,296.75,744925
2021-04-30 09:15:58,296.75,753009
2021-04-30 09:15:59,297.0,759759
2021-04-30 09:16:00,297.1,771038
2021-04-30 09:16:01,297.1,777400
2021-04-30 09:16:02,297.15,779204
2021-04-30 09:16:03,297.1,788842
2021-04-30 09:16:04,297.15,793226
2021-04-30 09:16:05,297.0,811045
2021-04-30 09:16:06,297.15,815857
2021-04-30 09:16:07,297.2,818808
2021-04-30 09:16:08,297.0,825484
2021-04-30 09:16:09,297.1,832484
2021-04-30 09:16:10,297.0,834685
2021-04-30 09:16:11,297.0,843892
2021-04-30 09:16:12,296.85,856219
2021-04-30 09:16:13,296.8,860646
2021-04-30 09:16:14,296.45,866339
2021-04-30 09:16:16,296.55,875829
2021-04-30 09:16:17,296.3,881763
2021-04-30 09:16:18,296.45,887365
2021-04-30 09:16:19,296.2,895066
2021-04-30 09:16:20,296.6,897411
2021-04-30 09:16:21,296.25,903801
2021-04-30 09:16:22,296.25,907361
2021-04-30 09:16:23,296.35,913106
2021-04-30 09:16:24,296.35,917020
2021-04-30 09:16:25,296.25,919469
2021-04-30 09:16:26,296.4,921243
2021-04-30 09:16:27,296.45,925357
2021-04-30 09:16:28,296.4,933474
2021-04-30 09:16:29,296.45,936206
2021-04-30 09:16:30,296.6,938340
2021-04-30 09:16:31,296.8,942806
2021-04-30 09:16:32,296.75,949704
2021-04-30 09:16:33,296.6,953383
2021-04-30 09:16:34,296.8,954023
2021-04-30 09:16:35,296.7,954620
2021-04-30 09:16:36,296.8,956804
2021-04-30 09:16:37,296.65,961181
2021-04-30 09:16:38,296.75,964239
2021-04-30 09:16:39,296.75,967605
2021-04-30 09:16:40,296.7,974289
2021-04-30 09:16:41,296.95,976246
2021-04-30 09:16:42,297.0,976802
2021-04-30 09:16:43,297.0,978108
2021-04-30 09:16:45,297.15,1007713
2021-04-30 09:16:46,297.15,1012981
2021-04-30 09:16:47,297.0,1018420
2021-04-30 09:16:48,297.2,1022733
2021-04-30 09:16:49,297.15,1025211
2021-04-30 09:16:50,297.25,1028636
2021-04-30 09:16:51,297.15,1032373
2021-04-30 09:16:52,297.35,1033802
2021-04-30 09:16:53,297.4,1038211
2021-04-30 09:16:53,297.35,1037360
2021-04-30 09:16:54,297.25,1064030
2021-04-30 09:16:55,297.5,1066532
2021-04-30 09:16:56,297.5,1067784
2021-04-30 09:16:57,297.5,1070037
2021-04-30 09:16:58,297.35,1074005
2021-04-30 09:16:59,297.35,1081121
2021-04-30 09:17:00,297.3,1085190
2021-04-30 09:17:01,297.25,1089479
2021-04-30 09:17:02,297.4,1092846
2021-04-30 09:17:03,297.35,1094932
2021-04-30 09:17:04,297.5,1102073
2021-04-30 09:17:05,297.45,1104345
2021-04-30 09:17:06,297.4,1110383
2021-04-30 09:17:07,297.6,1113488
2021-04-30 09:17:08,297.5,1117284
2021-04-30 09:17:10,297.45,1124503
2021-04-30 09:17:11,297.45,1127015
2021-04-30 09:17:12,297.2,1133052
2021-04-30 09:17:13,297.25,1136803
2021-04-30 09:17:14,297.35,1138146
2021-04-30 09:17:15,297.55,1148265
2021-04-30 09:17:16,297.45,1152170
2021-04-30 09:17:17,297.35,1159670
2021-04-30 09:17:17,297.5,1160188
2021-04-30 09:17:18,297.4,1163260
2021-04-30 09:17:19,297.5,1165675
2021-04-30 09:17:20,297.6,1171604
2021-04-30 09:17:21,297.45,1174846
2021-04-30 09:17:22,297.5,1177678
2021-04-30 09:17:23,297.55,1178818
2021-04-30 09:17:24,297.65,1187670
2021-04-30 09:17:25,297.6,1191289
2021-04-30 09:17:27,297.6,1197427
2021-04-30 09:17:28,297.6,1198932
2021-04-30 09:17:29,297.75,1203601
2021-04-30 09:17:30,297.55,1210303
2021-04-30 09:17:31,297.65,1213322
2021-04-30 09:17:31,297.65,1215367
2021-04-30 09:17:32,297.6,1215664
2021-04-30 09:17:33,297.55,1220623
2021-04-30 09:17:34,297.45,1229343
2021-04-30 09:17:35,297.5,1231178
2021-04-30 09:17:36,297.4,1234703
2021-04-30 09:17:37,297.55,1241823
2021-04-30 09:17:38,297.45,1249855
2021-04-30 09:17:39,297.6,1253848
2021-04-30 09:17:40,297.45,1257672
2021-04-30 09:17:41,297.5,1258778
2021-04-30 09:17:43,297.6,1262786
2021-04-30 09:17:44,297.65,1269979
2021-04-30 09:17:45,297.5,1273854
2021-04-30 09:17:46,297.5,1276892
2021-04-30 09:17:47,297.6,1278272
2021-04-30 09:17:48,297.6,1281575
2021-04-30 09:17:49,297.5,1283826
2021-04-30 09:17:49,297.65,1284141
2021-04-30 09:17:50,297.6,1287475
2021-04-30 09:17:51,297.5,1294702
2021-04-30 09:17:53,297.5,1296691
2021-04-30 09:17:54,297.6,1305550
2021-04-30 09:17:55,297.45,1311573
2021-04-30 09:17:56,297.45,1315028
2021-04-30 09:17:56,297.35,1315071
2021-04-30 09:17:57,297.5,1316662
2021-04-30 09:17:59,297.45,1318708
2021-04-30 09:17:59,297.3,1336039
2021-04-30 09:18:00,297.1,1349460
2021-04-30 09:18:01,297.2,1353204
2021-04-30 09:18:02,296.85,1400008
2021-04-30 09:18:03,296.9,1400610
2021-04-30 09:18:04,297.0,1402470
2021-04-30 09:18:05,297.0,1492205
2021-04-30 09:18:06,297.0,1493275
2021-04-30 09:18:07,297.0,1495340
2021-04-30 09:18:08,296.85,1497273
2021-04-30 09:18:09,297.0,1497614
2021-04-30 09:18:10,296.9,1499957
2021-04-30 09:18:11,297.0,1503116
2021-04-30 09:18:12,296.65,1517821
2021-04-30 09:18:13,296.9,1523735
2021-04-30 09:18:14,296.7,1526558
2021-04-30 09:18:15,297.25,1581583
2021-04-30 09:18:17,297.25,1596418
2021-04-30 09:18:18,297.25,1599713
2021-04-30 09:18:18,297.25,1600087
2021-04-30 09:18:19,297.2,1600758
2021-04-30 09:18:20,297.05,1602126
2021-04-30 09:18:21,297.1,1604143
2021-04-30 09:18:22,297.0,1605069
2021-04-30 09:18:23,297.1,1614115
2021-04-30 09:18:24,297.05,1614609
2021-04-30 09:18:25,297.35,1616067
2021-04-30 09:18:26,297.3,1618260
2021-04-30 09:18:27,297.5,1631199
2021-04-30 09:18:29,297.45,1633062
2021-04-30 09:18:31,297.35,1637096
2021-04-30 09:18:32,297.55,1638389
2021-04-30 09:18:33,297.4,1638911
2021-04-30 09:18:33,297.5,1638917
2021-04-30 09:18:34,297.4,1639351
2021-04-30 09:18:35,297.55,1658204
2021-04-30 09:18:36,297.5,1660956
2021-04-30 09:18:37,297.5,1661322
2021-04-30 09:18:38,297.7,1662981
2021-04-30 09:18:40,297.7,1674618
2021-04-30 09:18:41,297.65,1681937
2021-04-30 09:18:42,297.7,1683884
2021-04-30 09:18:42,297.95,1737614
2021-04-30 09:18:44,298.05,1740034
2021-04-30 09:18:45,298.1,1745440
2021-04-30 09:18:46,298.15,1751408
2021-04-30 09:18:47,298.2,1764651
2021-04-30 09:18:47,298.15,1765681
2021-04-30 09:18:48,298.25,1766026
2021-04-30 09:18:49,298.3,1775855
2021-04-30 09:18:51,298.4,1778768
2021-04-30 09:18:52,298.3,1780940
2021-04-30 09:18:53,298.4,1790845
2021-04-30 09:18:54,298.55,1801643
2021-04-30 09:18:56,298.3,1816429
2021-04-30 09:18:57,298.25,1835192
2021-04-30 09:18:58,298.3,1841378
2021-04-30 09:18:59,298.3,1843983
2021-04-30 09:19:00,298.2,1845683
2021-04-30 09:19:01,298.2,1850741
2021-04-30 09:19:02,298.0,1860327
2021-04-30 09:19:03,298.15,1863335
2021-04-30 09:19:03,298.2,1863457
2021-04-30 09:19:05,297.95,1874444
2021-04-30 09:19:06,298.25,1877018
2021-04-30 09:19:07,298.3,1879538
2021-04-30 09:19:08,298.25,1884527
2021-04-30 09:19:09,298.3,1886542
2021-04-30 09:19:10,298.3,1887376
2021-04-30 09:19:11,298.4,1888074
2021-04-30 09:19:12,298.3,1890293
2021-04-30 09:19:13,298.1,1904940
2021-04-30 09:19:14,298.0,1921916
2021-04-30 09:19:15,298.05,1922893
2021-04-30 09:19:15,298.0,1923693
2021-04-30 09:19:16,297.9,1924418
2021-04-30 09:19:18,298.0,1928839
2021-04-30 09:19:18,297.9,1931985
2021-04-30 09:19:19,297.9,1936982
2021-04-30 09:19:21,298.0,1938173
2021-04-30 09:19:22,298.2,1942345
2021-04-30 09:19:22,298.2,1943711
2021-04-30 09:19:24,298.2,1945472
2021-04-30 09:19:25,298.15,1947261
2021-04-30 09:19:25,298.15,1949507
2021-04-30 09:19:27,298.05,1951976
2021-04-30 09:19:28,298.0,1960859
2021-04-30 09:19:29,298.05,1961227
2021-04-30 09:19:29,298.0,1961841
2021-04-30 09:19:30,298.15,1963957
2021-04-30 09:19:31,298.0,1966833
2021-04-30 09:19:32,297.85,1971328
2021-04-30 09:19:33,297.95,1972469
2021-04-30 09:19:34,298.0,1974300
2021-04-30 09:19:35,297.9,1976114
2021-04-30 09:19:36,297.85,1976994
2021-04-30 09:19:37,298.05,1991591
2021-04-30 09:19:38,298.1,1993492
2021-04-30 09:19:39,298.15,2000641
2021-04-30 09:19:40,298.0,2005657
2021-04-30 09:19:41,298.1,2005992
2021-04-30 09:19:42,298.15,2007329
2021-04-30 09:19:43,298.25,2083532
2021-04-30 09:19:44,298.4,2115469
2021-04-30 09:19:46,298.25,2117213
2021-04-30 09:19:46,298.25,2118270
2021-04-30 09:19:47,298.0,2135622
2021-04-30 09:19:48,298.05,2140012
2021-04-30 09:19:49,298.05,2140501
2021-04-30 09:19:51,298.15,2142388
2021-04-30 09:19:52,298.2,2146276
2021-04-30 09:19:53,298.05,2147080
2021-04-30 09:19:54,298.2,2148978
2021-04-30 09:19:54,298.1,2148969
2021-04-30 09:19:55,298.05,2151007
2021-04-30 09:19:56,298.1,2155086
2021-04-30 09:19:57,297.9,2186758
2021-04-30 09:19:59,297.95,2187899
2021-04-30 09:20:00,297.8,2196265
2021-04-30 09:20:01,297.55,2210944
2021-04-30 09:20:01,297.5,2210994
2021-04-30 09:20:03,297.2,2215841
2021-04-30 09:20:04,297.15,2220668
2021-04-30 09:20:04,296.9,2267765
2021-04-30 09:20:05,296.8,2272612
2021-04-30 09:20:06,296.75,2274595
2021-04-30 09:20:07,296.8,2289580
2021-04-30 09:20:08,296.7,2293331
2021-04-30 09:20:09,296.65,2295138
2021-04-30 09:20:10,296.65,2303259
2021-04-30 09:20:11,296.65,2304672
2021-04-30 09:20:13,296.8,2309659
2021-04-30 09:20:14,296.85,2310233
2021-04-30 09:20:15,296.9,2311305
2021-04-30 09:20:16,296.8,2313784
2021-04-30 09:20:18,296.85,2320943
2021-04-30 09:20:19,296.85,2322254
2021-04-30 09:20:20,297.2,2328190
2021-04-30 09:20:21,297.1,2330736
2021-04-30 09:20:24,297.4,2335849
2021-04-30 09:20:25,297.2,2338563
2021-04-30 09:20:25,297.25,2340677
2021-04-30 09:20:26,297.3,2341557
2021-04-30 09:20:27,297.35,2347509
2021-04-30 09:20:28,297.3,2347966
2021-04-30 09:20:29,297.35,2353192
2021-04-30 09:20:30,297.6,2360474
2021-04-30 09:20:31,297.4,2363580
2021-04-30 09:20:32,297.8,2367321
2021-04-30 09:20:33,297.75,2370228
2021-04-30 09:20:34,297.6,2372341
2021-04-30 09:20:36,297.65,2373042
2021-04-30 09:20:37,297.9,2374635
2021-04-30 09:20:38,297.7,2377966
2021-04-30 09:20:38,297.65,2378014
2021-04-30 09:20:39,297.8,2380374
2021-04-30 09:20:40,297.85,2381398
2021-04-30 09:20:41,297.75,2386592
2021-04-30 09:20:42,297.4,2392767
2021-04-30 09:20:43,297.6,2393423
2021-04-30 09:20:44,297.55,2395358
2021-04-30 09:20:45,297.4,2397370
2021-04-30 09:20:47,297.5,2400057
2021-04-30 09:20:48,297.5,2400999
2021-04-30 09:20:50,297.5,2401522
2021-04-30 09:20:51,297.65,2403077
2021-04-30 09:20:52,297.55,2406343
2021-04-30 09:20:52,297.7,2406463
2021-04-30 09:20:54,297.6,2409682
2021-04-30 09:20:55,297.5,2417819
2021-04-30 09:20:56,297.7,2420841
2021-04-30 09:20:57,297.65,2421848
2021-04-30 09:20:58,297.5,2422461
2021-04-30 09:20:59,297.5,2424816
2021-04-30 09:21:00,297.65,2425192
2021-04-30 09:21:01,297.65,2429570
2021-04-30 09:21:02,297.6,2432325
2021-04-30 09:21:03,297.6,2434999
2021-04-30 09:21:03,297.5,2435634
2021-04-30 09:21:04,297.4,2457355
2021-04-30 09:21:05,297.4,2460562
2021-04-30 09:21:06,297.4,2463665
2021-04-30 09:21:07,297.35,2468316
2021-04-30 09:21:08,297.25,2470584
2021-04-30 09:21:10,297.2,2472922
2021-04-30 09:21:10,297.35,2473977
2021-04-30 09:21:12,297.4,2475246
2021-04-30 09:21:13,297.25,2475856
2021-04-30 09:21:14,297.35,2476841
2021-04-30 09:21:15,297.4,2478264
2021-04-30 09:21:16,297.4,2478758
2021-04-30 09:21:17,297.5,2480921
2021-04-30 09:21:17,297.5,2481091
2021-04-30 09:21:19,297.4,2482427
2021-04-30 09:21:20,297.35,2483192
2021-04-30 09:21:21,297.6,2483597
2021-04-30 09:21:22,297.45,2486099
2021-04-30 09:21:23,297.45,2486254
2021-04-30 09:21:24,297.5,2486674
2021-04-30 09:21:25,297.7,2487599
2021-04-30 09:21:26,297.6,2490915
2021-04-30 09:21:27,297.6,2492426
2021-04-30 09:21:28,297.6,2493818
2021-04-30 09:21:28,297.6,2493868
2021-04-30 09:21:30,297.7,2495117
2021-04-30 09:21:31,297.7,2496222
2021-04-30 09:21:32,297.6,2496981
2021-04-30 09:21:33,297.7,2497822
2021-04-30 09:21:34,297.65,2497948
2021-04-30 09:21:35,297.5,2502058
2021-04-30 09:21:36,297.55,2503563
2021-04-30 09:21:37,297.6,2506298
2021-04-30 09:21:38,297.65,2506365
2021-04-30 09:21:39,297.6,2506484
2021-04-30 09:21:39,297.7,2506551
2021-04-30 09:21:40,297.65,2507392
2021-04-30 09:21:41,297.7,2508832
2021-04-30 09:21:42,297.7,2515046
2021-04-30 09:21:43,297.75,2519720
2021-04-30 09:21:44,297.8,2521040
2021-04-30 09:21:46,297.95,2534554
2021-04-30 09:21:47,297.85,2534910
2021-04-30 09:21:48,297.8,2535127
2021-04-30 09:21:49,297.9,2537590
2021-04-30 09:21:50,297.9,2539436
2021-04-30 09:21:51,297.85,2540873
2021-04-30 09:21:52,297.9,2541398
2021-04-30 09:21:53,297.9,2542668
2021-04-30 09:21:54,297.95,2546053
2021-04-30 09:21:55,297.9,2546950
2021-04-30 09:21:56,297.85,2547790
2021-04-30 09:21:57,298.0,2548312
2021-04-30 09:21:58,297.9,2552203
2021-04-30 09:22:00,298.0,2554702
2021-04-30 09:22:01,297.9,2560253
2021-04-30 09:22:02,297.9,2562651
2021-04-30 09:22:03,297.85,2566249
2021-04-30 09:22:04,297.8,2568570
2021-04-30 09:22:05,297.6,2572006
2021-04-30 09:22:06,297.55,2574227
2021-04-30 09:22:07,297.6,2574603
2021-04-30 09:22:08,297.5,2574760
2021-04-30 09:22:09,297.7,2575861
2021-04-30 09:22:10,297.7,2576223
2021-04-30 09:22:11,297.7,2577729
2021-04-30 09:22:12,297.7,2579011
2021-04-30 09:22:13,297.7,2582103
2021-04-30 09:22:14,297.7,2583642
2021-04-30 09:22:15,297.7,2584669
2021-04-30 09:22:16,297.8,2585355
2021-04-30 09:22:16,297.65,2585900
2021-04-30 09:22:17,297.8,2586400
2021-04-30 09:22:18,297.65,2586410
2021-04-30 09:22:19,297.75,2588607
2021-04-30 09:22:21,297.7,2588896
2021-04-30 09:22:22,297.8,2591538
2021-04-30 09:22:23,297.85,2592153
2021-04-30 09:22:24,297.7,2593800
2021-04-30 09:22:25,297.9,2595383
2021-04-30 09:22:26,297.9,2595709
2021-04-30 09:22:27,297.9,2602051
2021-04-30 09:22:28,297.95,2602826
2021-04-30 09:22:29,297.85,2602958
2021-04-30 09:22:30,297.8,2603159
2021-04-30 09:22:31,297.95,2604519
2021-04-30 09:22:32,297.95,2604726
2021-04-30 09:22:33,298.0,2607129
2021-04-30 09:22:34,297.9,2610396
2021-04-30 09:22:35,298.1,2694394
2021-04-30 09:22:36,297.9,2694575
2021-04-30 09:22:38,297.95,2698340
2021-04-30 09:22:39,298.0,2698645
2021-04-30 09:22:40,298.05,2700618
2021-04-30 09:22:40,298.15,2700639
2021-04-30 09:22:41,298.1,2701379
2021-04-30 09:22:42,298.1,2702492
2021-04-30 09:22:43,298.05,2703057
2021-04-30 09:22:44,298.15,2704704
2021-04-30 09:22:45,298.15,2704823
2021-04-30 09:22:46,298.15,2705063
2021-04-30 09:22:47,298.15,2705230
2021-04-30 09:22:48,298.15,2716941
2021-04-30 09:22:50,298.15,2721878
2021-04-30 09:22:51,298.15,2722287
2021-04-30 09:22:52,298.2,2722758
2021-04-30 09:22:53,298.15,2724802
2021-04-30 09:22:54,298.1,2730084
2021-04-30 09:22:54,298.25,2730365
2021-04-30 09:22:55,298.15,2730471
2021-04-30 09:22:57,298.1,2731304
2021-04-30 09:22:58,298.0,2737328
2021-04-30 09:22:59,298.1,2737880
2021-04-30 09:23:00,298.15,2738271
2021-04-30 09:23:01,298.0,2738613
2021-04-30 09:23:02,298.15,2739377
2021-04-30 09:23:03,298.0,2742530
2021-04-30 09:23:04,298.1,2743705
2021-04-30 09:23:05,298.15,2746018
2021-04-30 09:23:06,298.2,2746747
2021-04-30 09:23:07,298.2,2750262
2021-04-30 09:23:08,298.25,2750392
2021-04-30 09:23:09,298.25,2751179
2021-04-30 09:23:10,298.15,2758277
2021-04-30 09:23:11,298.25,2760013
2021-04-30 09:23:12,298.2,2760276
2021-04-30 09:23:14,298.15,2760792
2021-04-30 09:23:13,298.3,2760592
2021-04-30 09:23:15,298.1,2762323
2021-04-30 09:23:16,298.0,2794112
2021-04-30 09:23:17,298.1,2794931
2021-04-30 09:23:18,298.1,2796442
2021-04-30 09:23:19,298.05,2797222
2021-04-30 09:23:20,298.1,2797730
2021-04-30 09:23:21,297.85,2806205
2021-04-30 09:23:22,297.85,2806896
2021-04-30 09:23:23,297.85,2807079
2021-04-30 09:23:24,297.9,2810544
2021-04-30 09:23:25,297.75,2813014
2021-04-30 09:23:26,297.65,2814462
2021-04-30 09:23:27,297.8,2814600
2021-04-30 09:23:28,297.85,2814680
2021-04-30 09:23:29,297.8,2815793
2021-04-30 09:23:30,297.8,2815815
2021-04-30 09:23:31,297.75,2816632
2021-04-30 09:23:32,297.6,2816953
2021-04-30 09:23:33,297.9,2820998
2021-04-30 09:23:34,297.7,2822337
2021-04-30 09:23:35,297.9,2822617
2021-04-30 09:23:36,297.75,2822915
2021-04-30 09:23:37,297.95,2822950
2021-04-30 09:23:38,297.9,2823728
2021-04-30 09:23:39,298.0,2823931
2021-04-30 09:23:40,297.8,2824416
2021-04-30 09:23:41,297.9,2824762
2021-04-30 09:23:42,297.95,2824878
2021-04-30 09:23:43,297.85,2827304
2021-04-30 09:23:44,297.9,2828226
2021-04-30 09:23:45,297.9,2828627
2021-04-30 09:23:46,297.85,2830412
2021-04-30 09:23:47,297.8,2830842
2021-04-30 09:23:48,298.0,2836768
2021-04-30 09:23:49,298.0,2839026
2021-04-30 09:23:50,297.9,2839233
2021-04-30 09:23:51,298.05,2844360
2021-04-30 09:23:52,298.05,2844860
2021-04-30 09:23:53,298.0,2845255
2021-04-30 09:23:54,298.1,2846574
2021-04-30 09:23:55,298.0,2846899
2021-04-30 09:23:56,298.05,2847206
2021-04-30 09:23:57,298.05,2851208
2021-04-30 09:23:58,298.1,2851774
2021-04-30 09:23:59,298.05,2851782
2021-04-30 09:24:00,298.05,2853219
2021-04-30 09:24:01,298.1,2857811
2021-04-30 09:24:02,297.9,2862204
2021-04-30 09:24:03,298.05,2864942
2021-04-30 09:24:04,297.9,2866156
2021-04-30 09:24:05,297.9,2866156
2021-04-30 09:24:06,297.95,2873128
2021-04-30 09:24:07,297.9,2875022
2021-04-30 09:24:08,297.85,2875997
2021-04-30 09:24:09,297.9,2877487
2021-04-30 09:24:10,297.75,2885532
2021-04-30 09:24:11,297.9,2886017
2021-04-30 09:24:12,297.8,2886385
2021-04-30 09:24:13,297.8,2888657
2021-04-30 09:24:14,297.75,2891562
2021-04-30 09:24:15,297.75,2892940
2021-04-30 09:24:17,297.8,2896257
2021-04-30 09:24:16,297.8,2896257
2021-04-30 09:24:18,297.9,2897038
2021-04-30 09:24:19,297.95,2897476
2021-04-30 09:24:20,297.95,2897909
2021-04-30 09:24:21,297.95,2898295
2021-04-30 09:24:22,297.9,2898613
2021-04-30 09:24:23,297.9,2898889
2021-04-30 09:24:24,297.85,2899440
2021-04-30 09:24:25,297.85,2901111
2021-04-30 09:24:26,298.0,2902782
2021-04-30 09:24:27,297.9,2902999
2021-04-30 09:24:28,297.75,2906196
2021-04-30 09:24:29,298.0,2908401
2021-04-30 09:24:31,298.0,2909973
2021-04-30 09:24:32,297.85,2911013
2021-04-30 09:24:33,297.9,2914249
2021-04-30 09:24:34,297.9,2914326
2021-04-30 09:24:36,298.0,2915373
2021-04-30 09:24:37,298.0,2915373
2021-04-30 09:24:38,297.9,2915393
2021-04-30 09:24:39,298.0,2916769
2021-04-30 09:24:40,298.0,2924029
2021-04-30 09:24:41,298.0,2928985
2021-04-30 09:24:42,297.85,2931366
2021-04-30 09:24:43,298.0,2931657
2021-04-30 09:24:44,298.0,2932027
2021-04-30 09:24:45,297.9,2937239
2021-04-30 09:24:46,297.9,2937398
2021-04-30 09:24:47,297.9,2937596
2021-04-30 09:24:48,297.95,2943808
2021-04-30 09:24:49,297.95,2943808
2021-04-30 09:24:50,297.95,2948389
2021-04-30 09:24:51,297.9,2948625
2021-04-30 09:24:52,298.05,2971626
2021-04-30 09:24:53,297.95,2974684
2021-04-30 09:24:54,297.8,2985003
2021-04-30 09:24:55,297.95,2985130
2021-04-30 09:24:56,297.95,2985962
2021-04-30 09:24:57,297.95,2986462
2021-04-30 09:24:58,297.5,3053390
2021-04-30 09:24:59,297.45,3054384
2021-04-30 09:25:00,297.55,3056884
2021-04-30 09:25:01,297.7,3059879
2021-04-30 09:25:02,297.65,3060209
2021-04-30 09:25:03,297.55,3060825
2021-04-30 09:25:04,297.5,3060888
2021-04-30 09:25:05,297.5,3061957
2021-04-30 09:25:06,297.5,3065862
2021-04-30 09:25:08,297.5,3067536
2021-04-30 09:25:07,297.45,3067505
2021-04-30 09:25:09,297.4,3072127
2021-04-30 09:25:10,297.55,3074045
2021-04-30 09:25:11,297.6,3079505
2021-04-30 09:25:13,297.35,3080652
2021-04-30 09:25:13,297.5,3080668
2021-04-30 09:25:14,297.5,3084587
2021-04-30 09:25:15,297.65,3089212
2021-04-30 09:25:16,297.85,3089741
2021-04-30 09:25:18,297.7,3089844
2021-04-30 09:25:18,297.7,3090044
2021-04-30 09:25:19,297.7,3093248
2021-04-30 09:25:20,297.6,3094027
2021-04-30 09:25:21,297.65,3094273
2021-04-30 09:25:23,297.8,3094477
2021-04-30 09:25:23,297.65,3094629
2021-04-30 09:25:24,297.8,3096925
2021-04-30 09:25:25,297.6,3099092
2021-04-30 09:25:26,297.6,3099111
2021-04-30 09:25:27,297.7,3099715
2021-04-30 09:25:28,297.6,3100034
2021-04-30 09:25:29,297.6,3100148
2021-04-30 09:25:30,297.45,3107134
2021-04-30 09:25:32,297.35,3112236
2021-04-30 09:25:32,297.45,3112241
2021-04-30 09:25:33,297.5,3113654
2021-04-30 09:25:34,297.4,3115932
2021-04-30 09:25:35,297.6,3117093
2021-04-30 09:25:38,297.6,3118897
2021-04-30 09:25:39,297.8,3124755
2021-04-30 09:25:39,297.6,3124906
2021-04-30 09:25:40,297.7,3125563
2021-04-30 09:25:41,297.7,3126487
2021-04-30 09:25:42,297.95,3128361
2021-04-30 09:25:43,297.9,3128896
2021-04-30 09:25:44,297.8,3129201
2021-04-30 09:25:45,297.95,3129803
2021-04-30 09:25:46,297.95,3130464
2021-04-30 09:25:47,297.8,3133236
2021-04-30 09:25:48,297.9,3143836
2021-04-30 09:25:50,297.9,3144633
2021-04-30 09:25:50,297.8,3144695
2021-04-30 09:25:51,297.65,3146208
2021-04-30 09:25:52,297.65,3147682
2021-04-30 09:25:53,297.8,3147795
2021-04-30 09:25:54,297.75,3154083
2021-04-30 09:25:55,297.75,3154876
2021-04-30 09:25:57,297.9,3155495
2021-04-30 09:25:57,297.9,3155435
2021-04-30 09:25:58,298.0,3158719
2021-04-30 09:25:59,297.95,3159221
2021-04-30 09:26:00,297.95,3159293
2021-04-30 09:26:01,297.85,3163698
2021-04-30 09:26:02,297.8,3164804
2021-04-30 09:26:03,297.75,3166086
2021-04-30 09:26:04,297.75,3166113
2021-04-30 09:26:06,297.9,3174174
2021-04-30 09:26:07,297.95,3175714
2021-04-30 09:26:08,297.95,3175954
2021-04-30 09:26:09,297.95,3176459
2021-04-30 09:26:10,297.85,3176996
2021-04-30 09:26:11,297.9,3177225
2021-04-30 09:26:12,297.9,3177225
2021-04-30 09:26:13,297.8,3179821
2021-04-30 09:26:14,297.85,3181321
2021-04-30 09:26:15,297.95,3182357
2021-04-30 09:26:16,297.95,3183489
2021-04-30 09:26:16,297.95,3183489
2021-04-30 09:26:17,297.9,3187193
2021-04-30 09:26:18,297.9,3188004
2021-04-30 09:26:19,297.9,3190314
2021-04-30 09:26:20,297.9,3190665
2021-04-30 09:26:21,297.9,3194894
2021-04-30 09:26:22,297.9,3195031
2021-04-30 09:26:24,297.9,3215827
2021-04-30 09:26:25,297.8,3216592
2021-04-30 09:26:26,297.85,3223828
2021-04-30 09:26:26,297.85,3223828
2021-04-30 09:26:27,297.85,3223845
2021-04-30 09:26:28,297.9,3224107
2021-04-30 09:26:29,297.9,3224633
2021-04-30 09:26:30,297.9,3224935
2021-04-30 09:26:31,297.85,3244284
2021-04-30 09:26:32,297.7,3245124
2021-04-30 09:26:33,297.85,3246003
2021-04-30 09:26:34,297.75,3246453
2021-04-30 09:26:35,297.65,3255987
2021-04-30 09:26:36,297.6,3256509
2021-04-30 09:26:37,297.6,3257119
2021-04-30 09:26:39,297.6,3269863
2021-04-30 09:26:39,297.6,3269863
2021-04-30 09:26:40,297.65,3271683
2021-04-30 09:26:41,297.65,3271823
2021-04-30 09:26:42,297.6,3272933
2021-04-30 09:26:43,297.6,3274043
2021-04-30 09:26:44,297.75,3274259
2021-04-30 09:26:45,297.8,3274669
2021-04-30 09:26:46,297.8,3274777
2021-04-30 09:26:47,297.8,3274929
2021-04-30 09:26:48,297.75,3279207
2021-04-30 09:26:49,297.7,3279838
2021-04-30 09:26:50,297.8,3282991
2021-04-30 09:26:51,297.7,3285456
2021-04-30 09:26:52,297.9,3293890
2021-04-30 09:26:53,297.85,3296936
2021-04-30 09:26:54,297.95,3297396
2021-04-30 09:26:56,297.85,3297622
2021-04-30 09:26:56,297.85,3299930
2021-04-30 09:26:58,297.85,3305226
2021-04-30 09:26:58,297.85,3305226
2021-04-30 09:26:59,297.85,3305576
2021-04-30 09:27:00,297.85,3305966
2021-04-30 09:27:01,297.7,3307963
2021-04-30 09:27:02,297.75,3309012
2021-04-30 09:27:03,297.6,3328179
2021-04-30 09:27:04,297.75,3331966
2021-04-30 09:27:05,297.65,3332371
2021-04-30 09:27:06,297.65,3332827
2021-04-30 09:27:07,297.6,3334561
2021-04-30 09:27:08,297.6,3335820
2021-04-30 09:27:10,297.75,3339306
2021-04-30 09:27:11,297.8,3340418
2021-04-30 09:27:12,297.8,3340927
2021-04-30 09:27:13,297.75,3343127
2021-04-30 09:27:14,297.65,3344554
2021-04-30 09:27:15,297.7,3345587
2021-04-30 09:27:16,297.85,3359954
2021-04-30 09:27:17,297.85,3360165
2021-04-30 09:27:18,297.8,3360332
2021-04-30 09:27:19,297.8,3360468
2021-04-30 09:27:20,297.75,3362299
2021-04-30 09:27:21,297.9,3362762
2021-04-30 09:27:22,297.85,3366966
2021-04-30 09:27:23,297.85,3367071
2021-04-30 09:27:25,297.9,3368446
2021-04-30 09:27:26,297.85,3368797
2021-04-30 09:27:27,297.95,3372327
2021-04-30 09:27:28,297.95,3375231
2021-04-30 09:27:29,297.85,3377794
2021-04-30 09:27:30,297.85,3379063
2021-04-30 09:27:31,297.85,3380042
2021-04-30 09:27:32,297.85,3380470
2021-04-30 09:27:33,297.9,3381527
2021-04-30 09:27:35,297.9,3382747
2021-04-30 09:27:36,297.9,3383210
2021-04-30 09:27:37,297.9,3386209
2021-04-30 09:27:38,297.9,3386705
2021-04-30 09:27:38,297.6,3400469
2021-04-30 09:27:39,297.7,3402136
2021-04-30 09:27:40,297.8,3402864
2021-04-30 09:27:41,297.85,3403056
2021-04-30 09:27:42,297.7,3403106
2021-04-30 09:27:43,297.8,3405494
2021-04-30 09:27:44,297.8,3406305
2021-04-30 09:27:45,297.8,3406967
2021-04-30 09:27:46,297.8,3408965
2021-04-30 09:27:47,297.8,3410689
2021-04-30 09:27:49,297.8,3412187
2021-04-30 09:27:51,297.9,3412258
2021-04-30 09:27:51,297.85,3412517
2021-04-30 09:27:52,297.9,3412853
2021-04-30 09:27:53,297.9,3414194
2021-04-30 09:27:54,297.9,3416445
2021-04-30 09:27:55,297.85,3423737
2021-04-30 09:27:56,297.85,3424916
2021-04-30 09:27:57,298.0,3425638
2021-04-30 09:27:58,298.0,3425775
2021-04-30 09:27:59,298.0,3428684
2021-04-30 09:28:01,297.95,3432031
2021-04-30 09:28:02,298.0,3432782
2021-04-30 09:28:03,297.9,3433340
2021-04-30 09:28:04,297.95,3433428
2021-04-30 09:28:05,297.95,3433936
2021-04-30 09:28:06,297.9,3435198
2021-04-30 09:28:07,297.9,3435757
2021-04-30 09:28:08,297.9,3436409
2021-04-30 09:28:09,297.9,3437355
2021-04-30 09:28:10,297.9,3437845
2021-04-30 09:28:11,297.8,3454516
2021-04-30 09:28:12,297.85,3455053
2021-04-30 09:28:13,297.95,3455668
2021-04-30 09:28:14,297.95,3456815
2021-04-30 09:28:15,297.95,3457359
2021-04-30 09:28:17,297.95,3458544
2021-04-30 09:28:18,297.95,3458914
2021-04-30 09:28:19,297.85,3460711
2021-04-30 09:28:20,297.85,3461610
2021-04-30 09:28:20,297.85,3461728
2021-04-30 09:28:21,297.85,3462562
2021-04-30 09:28:22,297.8,3462737
2021-04-30 09:28:23,297.85,3463375
2021-04-30 09:28:24,297.7,3468533
2021-04-30 09:28:26,297.9,3472096
2021-04-30 09:28:27,297.8,3475736
2021-04-30 09:28:28,297.9,3476074
2021-04-30 09:28:29,297.9,3476387
2021-04-30 09:28:30,297.9,3476744
2021-04-30 09:28:31,297.9,3476952
2021-04-30 09:28:32,297.95,3511073
2021-04-30 09:28:33,298.1,3512120
2021-04-30 09:28:34,297.9,3517333
2021-04-30 09:28:35,297.95,3518965
2021-04-30 09:28:36,298.1,3524955
2021-04-30 09:28:38,298.1,3525637
2021-04-30 09:28:39,298.05,3525960
2021-04-30 09:28:40,298.2,3541214
2021-04-30 09:28:41,298.2,3542972
2021-04-30 09:28:42,298.15,3543356
2021-04-30 09:28:43,298.1,3545406
2021-04-30 09:28:46,298.2,3553329
2021-04-30 09:28:46,298.2,3552513
2021-04-30 09:28:47,298.15,3557016
2021-04-30 09:28:48,298.2,3557677
2021-04-30 09:28:49,298.2,3558871
2021-04-30 09:28:50,298.25,3567193
2021-04-30 09:28:51,298.2,3574134
2021-04-30 09:28:52,298.2,3576097
2021-04-30 09:28:53,298.2,3579077
2021-04-30 09:28:54,298.35,3584211
2021-04-30 09:28:55,298.4,3588700
2021-04-30 09:28:56,298.35,3591638
2021-04-30 09:28:57,298.45,3606324
2021-04-30 09:28:58,298.4,3609863
2021-04-30 09:28:59,298.3,3611339
2021-04-30 09:29:00,298.5,3615169
2021-04-30 09:29:01,298.5,3619283
2021-04-30 09:29:04,298.65,3667288
2021-04-30 09:29:05,298.65,3668375
2021-04-30 09:29:06,298.55,3680376
2021-04-30 09:29:07,298.7,3682413
2021-04-30 09:29:08,298.7,3687585
2021-04-30 09:29:09,298.65,3689548
2021-04-30 09:29:10,298.6,3695480
2021-04-30 09:29:11,298.75,3702852
2021-04-30 09:29:13,298.7,3708164
2021-04-30 09:29:14,298.8,3708439
2021-04-30 09:29:15,298.75,3711868
2021-04-30 09:29:16,298.8,3715662
2021-04-30 09:29:17,298.8,3725045
2021-04-30 09:29:18,298.85,3726543
2021-04-30 09:29:18,298.8,3729763
2021-04-30 09:29:19,298.85,3731796
2021-04-30 09:29:21,298.95,3740088
2021-04-30 09:29:21,298.9,3742565
2021-04-30 09:29:23,298.85,3760854
2021-04-30 09:29:24,298.75,3765327
2021-04-30 09:29:25,298.7,3770390
2021-04-30 09:29:26,298.6,3773728
2021-04-30 09:29:27,298.75,3777064
2021-04-30 09:29:27,298.7,3777465
2021-04-30 09:29:28,298.6,3784726
2021-04-30 09:29:29,298.6,3786318
2021-04-30 09:29:30,298.5,3812747
2021-04-30 09:29:31,298.6,3816996
2021-04-30 09:29:32,298.35,3830911
2021-04-30 09:29:34,298.35,3837631
2021-04-30 09:29:35,298.4,3843793
2021-04-30 09:29:37,298.45,3845952
2021-04-30 09:29:38,298.3,3846785
2021-04-30 09:29:39,298.3,3849042
2021-04-30 09:29:40,298.4,3859902
2021-04-30 09:29:41,298.4,3861241
2021-04-30 09:29:41,298.4,3861446
2021-04-30 09:29:42,298.5,3861504
2021-04-30 09:29:43,298.2,3867681
2021-04-30 09:29:44,298.25,3870222
2021-04-30 09:29:45,298.2,3875664
2021-04-30 09:29:47,298.35,3877301
2021-04-30 09:29:48,298.35,3878349
2021-04-30 09:29:49,298.35,3879491
2021-04-30 09:29:49,298.35,3879845
2021-04-30 09:29:50,298.45,3880434
2021-04-30 09:29:52,298.5,3884263
2021-04-30 09:29:52,298.5,3885260
2021-04-30 09:29:53,298.5,3892547
2021-04-30 09:29:54,298.65,3894396
2021-04-30 09:29:55,298.7,3895277
2021-04-30 09:29:56,298.5,3895769
2021-04-30 09:29:58,298.55,3896196
2021-04-30 09:29:59,298.65,3898352
2021-04-30 09:30:00,298.7,3898547
2021-04-30 09:30:02,298.7,3899008
2021-04-30 09:30:03,298.7,3900526
2021-04-30 09:30:04,298.75,3903937
2021-04-30 09:30:05,298.7,3906120
2021-04-30 09:30:06,298.75,3906840
2021-04-30 09:30:07,298.7,3907451
2021-04-30 09:30:09,298.8,3916252
2021-04-30 09:30:10,298.8,3919127
2021-04-30 09:30:10,298.8,3917801
2021-04-30 09:30:11,298.75,3919838
2021-04-30 09:30:12,298.8,3920896
2021-04-30 09:30:13,298.8,3921143
2021-04-30 09:30:14,298.8,3921453
2021-04-30 09:30:15,298.8,3922958
2021-04-30 09:30:17,298.8,3923950
2021-04-30 09:30:18,298.75,3924435
2021-04-30 09:30:18,298.8,3924493
2021-04-30 09:30:19,298.8,3926740
2021-04-30 09:30:20,298.75,3929041
2021-04-30 09:30:21,298.8,3930647
2021-04-30 09:30:22,298.75,3933215
2021-04-30 09:30:23,298.85,3937768
2021-04-30 09:30:24,298.8,3939093
2021-04-30 09:30:25,298.75,3941458
2021-04-30 09:30:26,298.8,3942143
2021-04-30 09:30:28,298.8,3943970
2021-04-30 09:30:29,298.85,3948954
2021-04-30 09:30:30,298.8,3949916
2021-04-30 09:30:31,298.9,3951399
2021-04-30 09:30:32,298.85,3953749
2021-04-30 09:30:33,298.85,3955303
2021-04-30 09:30:34,298.75,3971698
2021-04-30 09:30:36,298.65,3976164
2021-04-30 09:30:37,298.65,3978996
2021-04-30 09:30:38,298.75,3980275
2021-04-30 09:30:39,298.65,3981948
2021-04-30 09:30:40,298.65,3982568
2021-04-30 09:30:41,298.65,3983093
2021-04-30 09:30:42,298.65,3984388
2021-04-30 09:30:43,298.55,3985608
2021-04-30 09:30:44,298.65,3985828
2021-04-30 09:30:45,298.65,3986422
2021-04-30 09:30:46,298.75,3986727
2021-04-30 09:30:46,298.75,3987117
2021-04-30 09:30:48,298.75,3988009
2021-04-30 09:30:49,298.75,3994052
2021-04-30 09:30:49,298.65,3993432
2021-04-30 09:30:50,298.75,3995423
2021-04-30 09:30:51,298.75,4026768
2021-04-30 09:30:52,298.65,4031503
2021-04-30 09:30:54,298.75,4034826
2021-04-30 09:30:54,298.7,4036617
2021-04-30 09:30:55,298.95,4101365
2021-04-30 09:30:56,298.8,4104887
2021-04-30 09:30:57,298.9,4106089
2021-04-30 09:30:58,298.95,4108677
2021-04-30 09:31:00,298.95,4110489
2021-04-30 09:31:00,298.95,4111194
2021-04-30 09:31:01,298.95,4112837
2021-04-30 09:31:02,298.95,4113272
2021-04-30 09:31:03,298.9,4114138
2021-04-30 09:31:04,298.9,4114804
2021-04-30 09:31:05,298.95,4116654
2021-04-30 09:31:06,298.9,4117232
2021-04-30 09:31:08,298.95,4118132
2021-04-30 09:31:09,298.9,4128305
2021-04-30 09:31:10,298.75,4130068
2021-04-30 09:31:11,298.95,4133012
2021-04-30 09:31:12,298.95,4170171
2021-04-30 09:31:13,298.95,4174765
2021-04-30 09:31:14,298.8,4176393
2021-04-30 09:31:16,298.9,4185002
2021-04-30 09:31:17,298.95,4185892
2021-04-30 09:31:18,299.0,4197059
2021-04-30 09:31:18,299.0,4195682
2021-04-30 09:31:19,298.95,4198598
2021-04-30 09:31:20,298.85,4207332
2021-04-30 09:31:21,298.95,4209647
2021-04-30 09:31:23,298.8,4211205
2021-04-30 09:31:24,298.9,4211902
2021-04-30 09:31:25,298.9,4219915
2021-04-30 09:31:26,298.85,4237634
2021-04-30 09:31:27,298.5,4256922
2021-04-30 09:31:29,298.6,4261044
2021-04-30 09:31:30,298.8,4261738
2021-04-30 09:31:31,298.8,4263123
2021-04-30 09:31:32,298.85,4263821
2021-04-30 09:31:33,298.85,4270054
2021-04-30 09:31:34,298.7,4271724
2021-04-30 09:31:35,298.8,4273380
2021-04-30 09:31:37,298.65,4276266
2021-04-30 09:31:37,298.8,4279465
2021-04-30 09:31:38,298.7,4279949
2021-04-30 09:31:39,298.85,4281355
2021-04-30 09:31:40,298.85,4282154
2021-04-30 09:31:42,298.8,4284864
2021-04-30 09:31:43,298.8,4285976
2021-04-30 09:31:44,298.7,4286686
2021-04-30 09:31:45,298.8,4292461
2021-04-30 09:31:46,298.7,4295044
2021-04-30 09:31:47,298.8,4295744
2021-04-30 09:31:48,298.8,4295958
2021-04-30 09:31:50,298.85,4298198
2021-04-30 09:31:51,298.8,4299642
2021-04-30 09:31:52,298.8,4300804
2021-04-30 09:31:53,298.8,4302048
2021-04-30 09:31:54,298.8,4302999
2021-04-30 09:31:55,298.85,4307345
2021-04-30 09:31:56,298.85,4311131
2021-04-30 09:31:57,298.85,4315375
2021-04-30 09:31:58,298.85,4316361
2021-04-30 09:31:58,298.85,4316484
2021-04-30 09:32:00,298.85,4318333
2021-04-30 09:32:00,298.8,4318635
2021-04-30 09:32:01,298.85,4319799
2021-04-30 09:32:02,298.85,4320425
2021-04-30 09:32:03,298.85,4322008
2021-04-30 09:32:04,298.85,4324078
2021-04-30 09:32:05,298.85,4330927
2021-04-30 09:32:06,298.85,4334114
2021-04-30 09:32:07,298.85,4334700
2021-04-30 09:32:08,298.85,4335491
2021-04-30 09:32:09,298.85,4337361
2021-04-30 09:32:10,298.8,4337814
2021-04-30 09:32:12,298.6,4354440
2021-04-30 09:32:13,298.55,4358263
2021-04-30 09:32:14,298.65,4359427
2021-04-30 09:32:15,298.5,4361530
2021-04-30 09:32:16,298.35,4393705
2021-04-30 09:32:17,298.4,4402941
2021-04-30 09:32:18,298.35,4403458
2021-04-30 09:32:19,298.4,4403646
2021-04-30 09:32:20,298.4,4404312
2021-04-30 09:32:21,298.55,4408324
2021-04-30 09:32:22,298.45,4408999
2021-04-30 09:32:23,298.55,4409241
2021-04-30 09:32:24,298.5,4411921
2021-04-30 09:32:25,298.55,4412953
2021-04-30 09:32:26,298.45,4416359
2021-04-30 09:32:27,298.45,4416555
2021-04-30 09:32:27,298.35,4417590
2021-04-30 09:32:29,298.4,4420866
2021-04-30 09:32:30,298.1,4434369
2021-04-30 09:32:31,298.2,4436026
2021-04-30 09:32:32,298.0,4458952
2021-04-30 09:32:33,298.15,4459172
2021-04-30 09:32:34,298.15,4460387
2021-04-30 09:32:35,298.1,4460981
2021-04-30 09:32:36,298.0,4461830
2021-04-30 09:32:37,298.0,4471343
2021-04-30 09:32:38,298.15,4471880
2021-04-30 09:32:39,298.15,4477726
2021-04-30 09:32:40,298.05,4478490
2021-04-30 09:32:41,298.1,4478604
2021-04-30 09:32:42,298.1,4479684
2021-04-30 09:32:42,298.15,4479930
2021-04-30 09:32:44,298.15,4480285
2021-04-30 09:32:45,298.05,4481321
2021-04-30 09:32:46,298.05,4482414
2021-04-30 09:32:47,298.0,4508489
2021-04-30 09:32:48,298.0,4509001
2021-04-30 09:32:49,297.75,4553944
2021-04-30 09:32:50,297.8,4554225
2021-04-30 09:32:52,298.0,4593029
2021-04-30 09:32:53,297.95,4595135
2021-04-30 09:32:54,297.95,4596280
2021-04-30 09:32:54,297.95,4596280
2021-04-30 09:32:56,297.9,4598679
2021-04-30 09:32:57,297.8,4599019
2021-04-30 09:32:58,297.9,4599093
2021-04-30 09:32:59,297.8,4606737
2021-04-30 09:33:00,297.95,4607478
2021-04-30 09:33:01,297.85,4608274
2021-04-30 09:33:02,297.95,4609086
2021-04-30 09:33:03,297.95,4609113
2021-04-30 09:33:03,297.85,4609952
2021-04-30 09:33:04,297.95,4610072
2021-04-30 09:33:05,297.95,4614116
2021-04-30 09:33:07,297.85,4617551
2021-04-30 09:33:08,298.0,4618265
2021-04-30 09:33:08,298.0,4618296
2021-04-30 09:33:09,297.9,4618696
2021-04-30 09:33:11,297.9,4624787
2021-04-30 09:33:12,297.95,4625096
2021-04-30 09:33:13,297.85,4625454
2021-04-30 09:33:14,297.95,4625942
2021-04-30 09:33:15,297.95,4628662
2021-04-30 09:33:16,297.85,4646105
2021-04-30 09:33:17,297.8,4647092
2021-04-30 09:33:18,297.8,4647529
2021-04-30 09:33:19,297.9,4647729
2021-04-30 09:33:20,297.8,4649542
2021-04-30 09:33:21,297.85,4651276
2021-04-30 09:33:22,297.85,4651353
2021-04-30 09:33:23,297.85,4653014
2021-04-30 09:33:23,297.75,4653423
2021-04-30 09:33:24,297.9,4654523
2021-04-30 09:33:25,297.85,4654791
2021-04-30 09:33:26,297.65,4658612
2021-04-30 09:33:27,297.9,4660426
2021-04-30 09:33:28,297.85,4669510
2021-04-30 09:33:29,297.75,4673343
2021-04-30 09:33:30,297.8,4674439
2021-04-30 09:33:31,297.8,4674739
2021-04-30 09:33:33,297.85,4675005
2021-04-30 09:33:33,297.9,4675602
2021-04-30 09:33:34,297.95,4677932
2021-04-30 09:33:35,297.85,4678076
2021-04-30 09:33:37,297.8,4681823
2021-04-30 09:33:38,297.8,4682380
2021-04-30 09:33:39,297.8,4682623
2021-04-30 09:33:40,297.95,4683409
2021-04-30 09:33:41,297.9,4689210
2021-04-30 09:33:43,297.65,4707423
2021-04-30 09:33:44,297.75,4707441
2021-04-30 09:33:45,297.8,4709511
2021-04-30 09:33:46,297.75,4709928
2021-04-30 09:33:47,297.8,4710161
2021-04-30 09:33:48,298.0,4710998
2021-04-30 09:33:49,298.0,4710998
2021-04-30 09:33:50,297.8,4712026
2021-04-30 09:33:51,297.9,4712209
2021-04-30 09:33:52,297.8,4712432
2021-04-30 09:33:53,297.95,4713444
2021-04-30 09:33:54,297.8,4713812
2021-04-30 09:33:55,297.95,4713917
2021-04-30 09:33:56,297.95,4715503
2021-04-30 09:33:57,297.95,4715518
2021-04-30 09:33:58,297.95,4716890
2021-04-30 09:33:59,297.95,4717409
2021-04-30 09:34:01,297.9,4719651
2021-04-30 09:34:02,297.9,4719809
2021-04-30 09:34:03,298.0,4722892
2021-04-30 09:34:04,298.15,4734357
2021-04-30 09:34:05,298.05,4735487
2021-04-30 09:34:06,298.0,4736298
2021-04-30 09:34:07,297.95,4736680
2021-04-30 09:34:09,298.05,4738550
2021-04-30 09:34:10,298.05,4738550
2021-04-30 09:34:11,298.15,4744361
2021-04-30 09:34:12,298.25,4746421
2021-04-30 09:34:13,298.25,4746641
2021-04-30 09:34:14,298.1,4747598
2021-04-30 09:34:15,298.0,4750504
2021-04-30 09:34:16,298.0,4754761
2021-04-30 09:34:17,298.0,4755470
2021-04-30 09:34:18,298.0,4756223
2021-04-30 09:34:19,297.95,4757321
2021-04-30 09:34:20,297.95,4759471
2021-04-30 09:34:21,297.95,4759731
2021-04-30 09:34:22,297.95,4760111
2021-04-30 09:34:23,297.9,4770511
2021-04-30 09:34:24,297.95,4774463
2021-04-30 09:34:25,297.95,4774564
2021-04-30 09:34:26,297.9,4775364
2021-04-30 09:34:27,297.8,4785263
2021-04-30 09:34:28,297.85,4785537
2021-04-30 09:34:29,297.9,4787336
2021-04-30 09:34:30,297.9,4787552
2021-04-30 09:34:31,297.9,4788057
2021-04-30 09:34:32,297.9,4788268
2021-04-30 09:34:33,297.8,4789209
2021-04-30 09:34:34,297.7,4821133
2021-04-30 09:34:35,297.8,4823656
2021-04-30 09:34:36,297.65,4826326
2021-04-30 09:34:37,297.8,4826411
2021-04-30 09:34:38,297.8,4829332
2021-04-30 09:34:39,297.85,4830868
2021-04-30 09:34:40,297.85,4831018
2021-04-30 09:34:41,297.7,4831240
2021-04-30 09:34:42,297.85,4831612
2021-04-30 09:34:43,297.85,4836941
2021-04-30 09:34:44,297.8,4837956
2021-04-30 09:34:45,298.0,4839203
2021-04-30 09:34:46,298.0,4839803
2021-04-30 09:34:47,298.0,4839871
2021-04-30 09:34:48,298.0,4841222
2021-04-30 09:34:49,298.0,4842004
2021-04-30 09:34:50,298.0,4842154
2021-04-30 09:34:51,298.0,4846495
2021-04-30 09:34:52,297.95,4846746
2021-04-30 09:34:53,297.95,4848145
2021-04-30 09:34:54,298.0,4850036
2021-04-30 09:34:55,298.0,4850324
2021-04-30 09:34:56,298.05,4852862
2021-04-30 09:34:57,298.05,4853081
2021-04-30 09:34:58,298.15,4853784
2021-04-30 09:34:59,298.0,4853908
2021-04-30 09:35:00,298.15,4854157
2021-04-30 09:35:01,298.0,4854358
2021-04-30 09:35:02,298.1,4857284
2021-04-30 09:35:03,298.0,4858746
2021-04-30 09:35:04,298.05,4867695
2021-04-30 09:35:05,298.05,4868469
2021-04-30 09:35:06,298.0,4868876
2021-04-30 09:35:07,298.05,4868899
2021-04-30 09:35:08,298.05,4870146
2021-04-30 09:35:09,298.15,4870958
2021-04-30 09:35:11,298.1,4873194
2021-04-30 09:35:12,298.1,4873394
2021-04-30 09:35:13,298.1,4874101
2021-04-30 09:35:14,298.15,4877202
2021-04-30 09:35:15,298.1,4878077
2021-04-30 09:35:16,298.1,4878362
2021-04-30 09:35:17,298.15,4878696
2021-04-30 09:35:18,298.2,4880934
2021-04-30 09:35:19,298.1,4881423
2021-04-30 09:35:20,298.05,4896759
2021-04-30 09:35:21,298.0,4897159
2021-04-30 09:35:22,297.85,4899599
2021-04-30 09:35:23,298.0,4899614
2021-04-30 09:35:24,297.8,4907025
2021-04-30 09:35:25,297.85,4907060
2021-04-30 09:35:27,297.8,4909839
2021-04-30 09:35:28,297.9,4912101
2021-04-30 09:35:29,297.9,4912324
2021-04-30 09:35:30,297.9,4912980
2021-04-30 09:35:31,297.8,4913500
2021-04-30 09:35:32,297.9,4913741
2021-04-30 09:35:33,297.8,4914280
2021-04-30 09:35:34,297.8,4915802
2021-04-30 09:35:35,297.85,4916601
2021-04-30 09:35:36,297.85,4917162
2021-04-30 09:35:37,297.85,4917463
2021-04-30 09:35:38,297.9,4919388
2021-04-30 09:35:39,297.9,4919388
2021-04-30 09:35:40,297.85,4919516
2021-04-30 09:35:41,297.9,4920094
2021-04-30 09:35:42,297.85,4920177
2021-04-30 09:35:43,297.95,4921442
2021-04-30 09:35:45,298.0,4924428
2021-04-30 09:35:46,298.0,4924465
2021-04-30 09:35:47,297.95,4924620
2021-04-30 09:35:48,298.0,4925483
2021-04-30 09:35:49,297.9,4926358
2021-04-30 09:35:50,298.0,4926819
2021-04-30 09:35:52,297.95,4927232
2021-04-30 09:35:53,297.95,4928312
2021-04-30 09:35:54,298.05,4928531
2021-04-30 09:35:55,298.0,4931442
2021-04-30 09:35:57,298.05,4931768
2021-04-30 09:35:58,298.05,4935582
2021-04-30 09:35:59,298.1,4935845
2021-04-30 09:36:00,298.15,4938873
2021-04-30 09:36:01,298.15,4947081
2021-04-30 09:36:02,298.25,4949047
2021-04-30 09:36:03,298.25,4949105
2021-04-30 09:36:04,298.25,4949806
2021-04-30 09:36:06,298.25,4952916
2021-04-30 09:36:06,298.3,4952961
2021-04-30 09:36:07,298.3,4952961
2021-04-30 09:36:08,298.25,4953221
2021-04-30 09:36:09,298.25,4953264
2021-04-30 09:36:10,298.25,4954682
2021-04-30 09:36:11,298.2,4954797
2021-04-30 09:36:12,298.15,4955224
2021-04-30 09:36:13,298.25,4956169
2021-04-30 09:36:14,298.25,4956773
2021-04-30 09:36:15,298.25,4956780
2021-04-30 09:36:16,298.15,4957483
2021-04-30 09:36:17,298.15,4957683
2021-04-30 09:36:18,298.2,4959565
2021-04-30 09:36:19,298.2,4961044
2021-04-30 09:36:20,298.2,4961840
2021-04-30 09:36:21,298.2,4961970
2021-04-30 09:36:22,298.15,4963207
2021-04-30 09:36:23,298.2,4963490
2021-04-30 09:36:24,298.2,4963557
2021-04-30 09:36:25,298.2,4963795
2021-04-30 09:36:26,298.15,4970300
2021-04-30 09:36:27,298.1,4970800
2021-04-30 09:36:28,298.2,4970860
2021-04-30 09:36:29,298.1,4971391
2021-04-30 09:36:31,298.1,4971760
2021-04-30 09:36:30,298.1,4971760
2021-04-30 09:36:33,298.3,4972646
2021-04-30 09:36:33,298.25,4973216
2021-04-30 09:36:34,298.2,4974566
2021-04-30 09:36:35,298.35,4975166
2021-04-30 09:36:36,298.25,4975334
2021-04-30 09:36:37,298.2,4976434
2021-04-30 09:36:38,298.35,4976579
2021-04-30 09:36:39,298.35,4977986
2021-04-30 09:36:40,298.25,4983716
2021-04-30 09:36:41,298.35,4984388
2021-04-30 09:36:42,298.35,4984665
2021-04-30 09:36:43,298.25,4984749
2021-04-30 09:36:44,298.35,4985903
2021-04-30 09:36:45,298.45,5022861
2021-04-30 09:36:46,298.6,5023858
2021-04-30 09:36:47,298.45,5028398
2021-04-30 09:36:48,298.45,5028806
2021-04-30 09:36:49,298.45,5029745
2021-04-30 09:36:50,298.5,5030031
2021-04-30 09:36:51,298.45,5030496
2021-04-30 09:36:53,298.45,5030912
2021-04-30 09:36:54,298.55,5031048
2021-04-30 09:36:55,298.55,5031568
2021-04-30 09:36:56,298.55,5038877
2021-04-30 09:36:57,298.55,5039219
2021-04-30 09:36:58,298.5,5039224
2021-04-30 09:36:59,298.55,5039227
2021-04-30 09:37:00,298.55,5042877
2021-04-30 09:37:01,298.6,5044092
2021-04-30 09:37:02,298.35,5048881
2021-04-30 09:37:03,298.35,5049402
2021-04-30 09:37:04,298.35,5049577
2021-04-30 09:37:05,298.2,5050030
2021-04-30 09:37:06,298.15,5052541
2021-04-30 09:37:07,298.15,5052853
2021-04-30 09:37:08,298.35,5053068
2021-04-30 09:37:09,298.35,5053226
2021-04-30 09:37:10,298.4,5053376
2021-04-30 09:37:11,298.35,5054507
2021-04-30 09:37:12,298.35,5054618
2021-04-30 09:37:13,298.35,5054618
2021-04-30 09:37:14,298.4,5057694
2021-04-30 09:37:15,298.3,5058064
2021-04-30 09:37:16,298.45,5058232
2021-04-30 09:37:17,298.4,5058261
2021-04-30 09:37:18,298.35,5059312
2021-04-30 09:37:19,298.35,5060186
2021-04-30 09:37:20,298.4,5061617
2021-04-30 09:37:21,298.35,5061877
2021-04-30 09:37:22,298.45,5062767
2021-04-30 09:37:25,298.45,5065852
2021-04-30 09:37:26,298.3,5071064
2021-04-30 09:37:27,298.45,5072292
2021-04-30 09:37:28,298.45,5072393
2021-04-30 09:37:29,298.5,5075092
2021-04-30 09:37:30,298.4,5076212
2021-04-30 09:37:31,298.3,5077098
2021-04-30 09:37:32,298.4,5077181
2021-04-30 09:37:33,298.45,5077632
2021-04-30 09:37:34,298.4,5078812
2021-04-30 09:37:35,298.45,5078854
2021-04-30 09:37:36,298.35,5079139
2021-04-30 09:37:38,298.45,5080799
2021-04-30 09:37:38,298.45,5080799
2021-04-30 09:37:39,298.45,5081218
2021-04-30 09:37:40,298.45,5081772
2021-04-30 09:37:41,298.35,5082228
2021-04-30 09:37:42,298.4,5087309
2021-04-30 09:37:43,298.3,5090511
2021-04-30 09:37:44,298.4,5091993
2021-04-30 09:37:45,298.4,5092316
2021-04-30 09:37:46,298.4,5092444
2021-04-30 09:37:47,298.4,5093610
2021-04-30 09:37:48,298.35,5100162
2021-04-30 09:37:49,298.3,5100238
2021-04-30 09:37:51,298.25,5100800
2021-04-30 09:37:52,298.2,5101553
2021-04-30 09:37:53,298.25,5101850
2021-04-30 09:37:54,298.25,5102101
2021-04-30 09:37:54,298.25,5102229
2021-04-30 09:37:55,298.25,5103240
2021-04-30 09:37:56,298.25,5103325
2021-04-30 09:37:57,298.3,5103887
2021-04-30 09:37:58,298.25,5104067
2021-04-30 09:37:59,298.25,5105305
2021-04-30 09:38:00,298.25,5105305
2021-04-30 09:38:01,298.25,5111173
2021-04-30 09:38:02,298.1,5113211
2021-04-30 09:38:03,298.1,5113324
2021-04-30 09:38:04,298.2,5113463
2021-04-30 09:38:05,298.0,5124397
2021-04-30 09:38:06,298.1,5125194
2021-04-30 09:38:07,298.15,5125538
2021-04-30 09:38:08,298.15,5127671
2021-04-30 09:38:09,298.15,5128018
2021-04-30 09:38:10,298.0,5128306
2021-04-30 09:38:11,298.25,5128699
2021-04-30 09:38:13,298.2,5129606
2021-04-30 09:38:14,298.2,5129747
2021-04-30 09:38:14,298.15,5130241
2021-04-30 09:38:16,298.15,5131508
2021-04-30 09:38:17,298.25,5132088
2021-04-30 09:38:18,298.3,5132433
2021-04-30 09:38:19,298.15,5132514
2021-04-30 09:38:20,298.25,5133011
2021-04-30 09:38:21,298.25,5133061
2021-04-30 09:38:22,298.25,5133391
2021-04-30 09:38:23,298.3,5133732
2021-04-30 09:38:24,298.35,5136658
2021-04-30 09:38:24,298.3,5136663
2021-04-30 09:38:25,298.35,5136683
2021-04-30 09:38:26,298.35,5136743
2021-04-30 09:38:27,298.25,5136988
2021-04-30 09:38:29,298.3,5137999
2021-04-30 09:38:30,298.35,5138004
2021-04-30 09:38:30,298.25,5138185
2021-04-30 09:38:31,298.35,5141348
2021-04-30 09:38:32,298.35,5142122
2021-04-30 09:38:33,298.3,5142520
2021-04-30 09:38:34,298.4,5143630
2021-04-30 09:38:35,298.4,5143630
2021-04-30 09:38:36,298.4,5143797
2021-04-30 09:38:37,298.35,5144770
2021-04-30 09:38:38,298.25,5145283
2021-04-30 09:38:39,298.35,5145573
2021-04-30 09:38:40,298.35,5145697
2021-04-30 09:38:42,298.3,5146428
2021-04-30 09:38:42,298.35,5146630
2021-04-30 09:38:44,298.35,5146930
2021-04-30 09:38:45,298.2,5147265
2021-04-30 09:38:46,298.2,5147575
2021-04-30 09:38:47,298.35,5147814
2021-04-30 09:38:48,298.4,5148817
2021-04-30 09:38:49,298.35,5149371
2021-04-30 09:38:50,298.3,5149396
2021-04-30 09:38:51,298.3,5149464
2021-04-30 09:38:52,298.25,5150042
2021-04-30 09:38:52,298.25,5150173
2021-04-30 09:38:54,298.35,5151334
2021-04-30 09:38:55,298.25,5153461
2021-04-30 09:38:56,298.2,5166635
2021-04-30 09:38:57,298.2,5170791
2021-04-30 09:38:58,298.1,5171275
2021-04-30 09:38:59,298.25,5171288
2021-04-30 09:39:00,298.2,5171528
2021-04-30 09:39:01,298.2,5171813
2021-04-30 09:39:01,298.2,5171823
2021-04-30 09:39:02,298.3,5171829
2021-04-30 09:39:03,298.3,5171984
2021-04-30 09:39:04,298.3,5173602
2021-04-30 09:39:05,298.35,5175086
2021-04-30 09:39:06,298.45,5184800
2021-04-30 09:39:07,298.55,5211666
2021-04-30 09:39:08,298.6,5212191
2021-04-30 09:39:09,298.6,5212717
2021-04-30 09:39:10,298.5,5213058
2021-04-30 09:39:11,298.5,5213158
2021-04-30 09:39:13,298.6,5214506
2021-04-30 09:39:14,298.55,5214863
2021-04-30 09:39:15,298.6,5215456
2021-04-30 09:39:16,298.6,5216486
2021-04-30 09:39:17,298.6,5217297
2021-04-30 09:39:18,298.55,5217595
2021-04-30 09:39:19,298.55,5217672
2021-04-30 09:39:20,298.6,5218152
2021-04-30 09:39:21,298.55,5218542
2021-04-30 09:39:22,298.6,5219033
2021-04-30 09:39:24,298.6,5220256
2021-04-30 09:39:25,298.55,5221522
2021-04-30 09:39:26,298.55,5221547
2021-04-30 09:39:27,298.55,5221969
2021-04-30 09:39:28,298.6,5223180
2021-04-30 09:39:29,298.6,5223295
2021-04-30 09:39:30,298.55,5224310
2021-04-30 09:39:31,298.55,5225125
2021-04-30 09:39:32,298.55,5226177
2021-04-30 09:39:32,298.6,5227177
2021-04-30 09:39:34,298.55,5233229
2021-04-30 09:39:35,298.6,5234832
2021-04-30 09:39:35,298.55,5234965
2021-04-30 09:39:36,298.55,5235435
2021-04-30 09:39:37,298.55,5236253
2021-04-30 09:39:38,298.65,5253471
2021-04-30 09:39:39,298.6,5253587
2021-04-30 09:39:40,298.6,5253681
2021-04-30 09:39:41,298.65,5253853
2021-04-30 09:39:42,298.6,5254288
2021-04-30 09:39:43,298.75,5255200
2021-04-30 09:39:44,298.75,5256251
2021-04-30 09:39:46,298.75,5256627
2021-04-30 09:39:47,298.6,5258329
2021-04-30 09:39:48,298.6,5261133
2021-04-30 09:39:49,298.6,5261187
2021-04-30 09:39:50,298.75,5261422
2021-04-30 09:39:51,298.75,5262074
2021-04-30 09:39:51,298.75,5262074
2021-04-30 09:39:53,298.65,5275325
2021-04-30 09:39:54,298.7,5276899
2021-04-30 09:39:55,298.65,5276931
2021-04-30 09:39:55,298.7,5277554
2021-04-30 09:39:56,298.55,5279644
2021-04-30 09:39:57,298.7,5282048
2021-04-30 09:39:58,298.7,5282168
2021-04-30 09:39:59,298.65,5283185
2021-04-30 09:40:00,298.65,5284049
2021-04-30 09:40:01,298.7,5285220
2021-04-30 09:40:03,298.7,5290191
2021-04-30 09:40:04,298.7,5291672
2021-04-30 09:40:05,298.8,5292499
2021-04-30 09:40:06,298.75,5294418
2021-04-30 09:40:07,298.9,5408788
2021-04-30 09:40:08,299.0,5408834
2021-04-30 09:40:09,299.15,5417294
2021-04-30 09:40:10,298.9,5419935
2021-04-30 09:40:11,299.1,5420348
2021-04-30 09:40:12,299.0,5430400
2021-04-30 09:40:13,299.2,5433623
2021-04-30 09:40:14,299.1,5440700
2021-04-30 09:40:15,299.25,5441674
2021-04-30 09:40:16,299.15,5443259
2021-04-30 09:40:17,299.2,5444498
2021-04-30 09:40:18,299.25,5446590
2021-04-30 09:40:19,299.3,5458900
2021-04-30 09:40:19,299.3,5459165
2021-04-30 09:40:20,299.3,5460286
2021-04-30 09:40:22,299.15,5467192
2021-04-30 09:40:23,299.3,5467634
2021-04-30 09:40:24,299.25,5469735
2021-04-30 09:40:25,299.2,5475645
2021-04-30 09:40:26,299.05,5477946
2021-04-30 09:40:28,299.05,5491058
2021-04-30 09:40:28,299.05,5491637
2021-04-30 09:40:29,299.1,5493402
2021-04-30 09:40:30,299.2,5495027
2021-04-30 09:40:31,299.15,5498094
2021-04-30 09:40:32,299.15,5499085
2021-04-30 09:40:34,299.0,5506265
2021-04-30 09:40:35,299.0,5508808
2021-04-30 09:40:36,299.0,5510486
2021-04-30 09:40:37,299.0,5517407
2021-04-30 09:40:38,299.0,5519659
2021-04-30 09:40:39,299.0,5523634
2021-04-30 09:40:40,299.05,5526934
2021-04-30 09:40:41,299.15,5527424
2021-04-30 09:40:41,299.0,5527718
2021-04-30 09:40:42,299.0,5527718
2021-04-30 09:40:43,299.1,5530610
2021-04-30 09:40:44,299.15,5530727
2021-04-30 09:40:45,299.05,5532061
2021-04-30 09:40:46,299.1,5533172
2021-04-30 09:40:47,299.0,5540181
2021-04-30 09:40:48,299.15,5541479
2021-04-30 09:40:51,299.2,5546048
2021-04-30 09:40:51,299.05,5547082
2021-04-30 09:40:52,299.15,5548760
2021-04-30 09:40:53,299.1,5548978
2021-04-30 09:40:54,299.15,5549054
2021-04-30 09:40:56,299.2,5550649
2021-04-30 09:40:57,299.1,5550796
2021-04-30 09:40:58,299.15,5552781
2021-04-30 09:40:58,299.1,5552881
2021-04-30 09:41:00,299.05,5560052
2021-04-30 09:41:01,299.2,5563053
2021-04-30 09:41:02,299.2,5564652
2021-04-30 09:41:03,299.2,5568237
2021-04-30 09:41:04,299.25,5574207
2021-04-30 09:41:05,299.2,5574262
2021-04-30 09:41:06,299.3,5580400
2021-04-30 09:41:07,299.2,5584485
2021-04-30 09:41:08,299.45,5607811
2021-04-30 09:41:09,299.4,5614757
2021-04-30 09:41:10,299.4,5615597
2021-04-30 09:41:11,299.5,5619032
2021-04-30 09:41:12,299.5,5620360
2021-04-30 09:41:13,299.35,5623116
2021-04-30 09:41:14,299.45,5624709
2021-04-30 09:41:15,299.5,5628047
2021-04-30 09:41:16,299.4,5628856
2021-04-30 09:41:17,299.5,5652072
2021-04-30 09:41:18,299.35,5667071
2021-04-30 09:41:19,299.45,5667351
2021-04-30 09:41:20,299.5,5673530
2021-04-30 09:41:21,299.45,5675550
2021-04-30 09:41:22,299.5,5676530
2021-04-30 09:41:23,299.45,5677699
2021-04-30 09:41:24,299.3,5680435
2021-04-30 09:41:25,299.35,5680719
2021-04-30 09:41:26,299.45,5684440
2021-04-30 09:41:27,299.45,5685240
2021-04-30 09:41:28,299.25,5689737
2021-04-30 09:41:29,299.3,5691821
2021-04-30 09:41:30,299.45,5693566
2021-04-30 09:41:30,299.3,5694044
2021-04-30 09:41:31,299.35,5695058
2021-04-30 09:41:32,299.25,5696139
2021-04-30 09:41:33,299.3,5701411
2021-04-30 09:41:34,299.35,5701733
2021-04-30 09:41:35,299.3,5703214
2021-04-30 09:41:36,299.35,5707288
2021-04-30 09:41:37,299.2,5709458
2021-04-30 09:41:38,299.35,5710034
2021-04-30 09:41:39,299.35,5710821
2021-04-30 09:41:40,299.35,5711406
2021-04-30 09:41:41,299.35,5713724
2021-04-30 09:41:42,299.25,5715429
2021-04-30 09:41:43,299.25,5719424
2021-04-30 09:41:44,299.2,5720583
2021-04-30 09:41:45,299.25,5723052
2021-04-30 09:41:46,299.15,5726593
2021-04-30 09:41:47,299.1,5727620
2021-04-30 09:41:48,299.0,5728086
2021-04-30 09:41:49,299.0,5729795
2021-04-30 09:41:50,299.1,5730957
2021-04-30 09:41:51,299.1,5732273
2021-04-30 09:41:52,299.1,5732384
2021-04-30 09:41:53,299.25,5733871
2021-04-30 09:41:54,299.15,5737375
2021-04-30 09:41:55,299.25,5737475
2021-04-30 09:41:56,299.3,5738680
2021-04-30 09:41:57,299.15,5741623
2021-04-30 09:41:58,299.2,5741969
2021-04-30 09:41:59,299.35,5742829
2021-04-30 09:42:00,299.25,5744227
2021-04-30 09:42:01,299.3,5752087
2021-04-30 09:42:02,299.25,5753748
2021-04-30 09:42:03,299.3,5754109
2021-04-30 09:42:04,299.35,5754364
2021-04-30 09:42:05,299.4,5754910
2021-04-30 09:42:06,299.4,5755916
2021-04-30 09:42:07,299.4,5757855
2021-04-30 09:42:08,299.4,5758933
2021-04-30 09:42:09,299.3,5759931
2021-04-30 09:42:11,299.25,5768641
2021-04-30 09:42:11,299.35,5769077
2021-04-30 09:42:13,299.35,5769536
2021-04-30 09:42:14,299.25,5770945
2021-04-30 09:42:15,299.25,5776057
2021-04-30 09:42:15,299.2,5776155
2021-04-30 09:42:16,299.0,5776888
2021-04-30 09:42:17,299.1,5784614
2021-04-30 09:42:18,299.1,5786541
2021-04-30 09:42:19,299.15,5787757
2021-04-30 09:42:20,298.95,5846772
2021-04-30 09:42:21,299.0,5852263
2021-04-30 09:42:22,299.1,5852428
2021-04-30 09:42:23,299.0,5853044
2021-04-30 09:42:24,299.1,5853868
2021-04-30 09:42:26,299.05,5858757
2021-04-30 09:42:27,299.0,5862377
2021-04-30 09:42:29,299.0,5863190
2021-04-30 09:42:30,299.0,5875100
2021-04-30 09:42:30,298.95,5875982
2021-04-30 09:42:31,298.95,5876128
2021-04-30 09:42:32,298.95,5878348
2021-04-30 09:42:33,298.95,5878576
2021-04-30 09:42:34,298.75,5882356
2021-04-30 09:42:36,298.75,5883059
2021-04-30 09:42:37,298.85,5883897
2021-04-30 09:42:37,298.85,5887790
2021-04-30 09:42:38,298.85,5888004
2021-04-30 09:42:39,298.7,5890909
2021-04-30 09:42:40,298.55,5895226
2021-04-30 09:42:41,298.75,5896790
2021-04-30 09:42:42,298.6,5897509
2021-04-30 09:42:44,298.6,5899376
2021-04-30 09:42:45,298.75,5899680
2021-04-30 09:42:45,298.65,5900131
2021-04-30 09:42:46,298.8,5900326
2021-04-30 09:42:47,298.85,5900472
2021-04-30 09:42:48,298.75,5900678
2021-04-30 09:42:49,298.75,5900980
2021-04-30 09:42:51,298.85,5906558
2021-04-30 09:42:52,298.85,5910790
2021-04-30 09:42:53,298.95,5911026
2021-04-30 09:42:54,298.95,5911440
2021-04-30 09:42:55,298.8,5912633
2021-04-30 09:42:56,298.6,6024260
2021-04-30 09:42:57,298.7,6025370
2021-04-30 09:42:58,298.7,6026026
2021-04-30 09:42:59,298.7,6026464
2021-04-30 09:43:00,298.85,6027944
2021-04-30 09:43:01,298.85,6028559
2021-04-30 09:43:02,298.8,6029812
2021-04-30 09:43:03,298.95,6030787
2021-04-30 09:43:04,298.75,6032405
2021-04-30 09:43:05,298.95,6034525
2021-04-30 09:43:06,298.95,6034679
2021-04-30 09:43:07,298.95,6034804
2021-04-30 09:43:08,298.95,6035445
2021-04-30 09:43:09,298.9,6035498
2021-04-30 09:43:10,298.75,6035878
2021-04-30 09:43:11,298.75,6036154
2021-04-30 09:43:12,298.95,6039573
2021-04-30 09:43:12,298.8,6039988
2021-04-30 09:43:13,298.9,6042285
2021-04-30 09:43:15,298.75,6043526
2021-04-30 09:43:16,298.85,6044327
2021-04-30 09:43:17,298.9,6045931
2021-04-30 09:43:18,298.75,6046050
2021-04-30 09:43:19,298.95,6047330
2021-04-30 09:43:20,298.95,6047531
2021-04-30 09:43:21,298.95,6047778
2021-04-30 09:43:22,298.8,6048001
2021-04-30 09:43:23,298.85,6049252
2021-04-30 09:43:24,298.85,6049965
2021-04-30 09:43:25,298.85,6051644
2021-04-30 09:43:26,298.9,6051656
2021-04-30 09:43:27,298.95,6052294
2021-04-30 09:43:27,298.85,6053294
2021-04-30 09:43:28,298.95,6054522
2021-04-30 09:43:30,298.95,6055802
2021-04-30 09:43:30,298.9,6056738
2021-04-30 09:43:31,298.95,6084375
2021-04-30 09:43:33,298.85,6085325
2021-04-30 09:43:34,298.95,6085666
2021-04-30 09:43:34,298.95,6086166
2021-04-30 09:43:35,298.95,6088316
2021-04-30 09:43:37,298.95,6088486
2021-04-30 09:43:37,298.8,6088864
2021-04-30 09:43:39,298.95,6089403
2021-04-30 09:43:41,298.95,6091246
2021-04-30 09:43:42,298.95,6091281
2021-04-30 09:43:43,298.95,6091351
2021-04-30 09:43:44,298.85,6091954
2021-04-30 09:43:44,298.8,6092136
2021-04-30 09:43:45,298.85,6094217
2021-04-30 09:43:46,298.75,6094218
2021-04-30 09:43:47,298.9,6095799
2021-04-30 09:43:48,298.9,6097126
2021-04-30 09:43:50,298.95,6097393
2021-04-30 09:43:50,298.9,6097513
2021-04-30 09:43:51,298.8,6097656
2021-04-30 09:43:52,298.9,6100250
2021-04-30 09:43:53,298.9,6100514
2021-04-30 09:43:54,298.8,6101464
2021-04-30 09:43:55,298.95,6102106
2021-04-30 09:43:56,298.95,6102722
2021-04-30 09:43:57,298.95,6103770
2021-04-30 09:43:58,298.95,6103989
2021-04-30 09:43:59,299.0,6105701
2021-04-30 09:44:01,298.95,6106934
2021-04-30 09:44:02,299.0,6107060
2021-04-30 09:44:04,299.1,6115139
2021-04-30 09:44:05,299.05,6117378
2021-04-30 09:44:05,299.2,6117403
2021-04-30 09:44:06,299.1,6117432
2021-04-30 09:44:08,299.05,6117637
2021-04-30 09:44:09,299.1,6117922
2021-04-30 09:44:09,299.0,6118046
2021-04-30 09:44:10,299.1,6118056
2021-04-30 09:44:11,299.15,6118960
2021-04-30 09:44:12,299.15,6120243
2021-04-30 09:44:14,299.1,6120825
2021-04-30 09:44:15,299.1,6121163
2021-04-30 09:44:16,299.1,6121850
2021-04-30 09:44:17,299.1,6121906
2021-04-30 09:44:18,299.1,6122584
2021-04-30 09:44:19,299.1,6122897
2021-04-30 09:44:20,299.0,6122969
2021-04-30 09:44:21,299.1,6123522
2021-04-30 09:44:22,299.1,6123654
2021-04-30 09:44:23,299.0,6123954
2021-04-30 09:44:24,299.15,6124027
2021-04-30 09:44:25,299.0,6125909
2021-04-30 09:44:26,299.1,6125945
2021-04-30 09:44:27,299.1,6126362
2021-04-30 09:44:28,299.15,6127100
2021-04-30 09:44:29,299.05,6127505
2021-04-30 09:44:30,299.15,6127650
2021-04-30 09:44:31,299.1,6127706
2021-04-30 09:44:32,299.1,6128173
2021-04-30 09:44:33,299.15,6129334
2021-04-30 09:44:34,299.05,6136525
2021-04-30 09:44:35,299.05,6136780
2021-04-30 09:44:36,299.0,6140530
2021-04-30 09:44:37,299.15,6141342
2021-04-30 09:44:38,299.05,6142949
2021-04-30 09:44:39,299.1,6143028
2021-04-30 09:44:40,299.05,6143572
2021-04-30 09:44:41,299.15,6145442
2021-04-30 09:44:42,299.0,6149791
2021-04-30 09:44:43,299.0,6150292
2021-04-30 09:44:44,299.0,6151162
2021-04-30 09:44:45,299.0,6155063
2021-04-30 09:44:46,299.0,6158094
2021-04-30 09:44:47,299.0,6169790
2021-04-30 09:44:48,299.1,6169890
2021-04-30 09:44:49,299.15,6171904
2021-04-30 09:44:50,299.15,6172155
2021-04-30 09:44:51,299.0,6172693
2021-04-30 09:44:52,299.1,6172753
2021-04-30 09:44:53,299.05,6173518
2021-04-30 09:44:54,299.1,6176178
2021-04-30 09:44:55,299.15,6178734
2021-04-30 09:44:56,299.15,6178855
2021-04-30 09:44:57,299.15,6178976
2021-04-30 09:44:58,299.15,6179107
2021-04-30 09:44:59,299.15,6179110
2021-04-30 09:45:00,299.3,6221617
2021-04-30 09:45:01,299.3,6225407
2021-04-30 09:45:02,299.25,6225752
2021-04-30 09:45:03,299.2,6226075
2021-04-30 09:45:04,299.15,6227666
2021-04-30 09:45:06,299.4,6230484
2021-04-30 09:45:07,299.35,6236601
2021-04-30 09:45:08,299.4,6237753
2021-04-30 09:45:09,299.45,6239124
2021-04-30 09:45:10,299.45,6248152
2021-04-30 09:45:11,299.5,6293144
2021-04-30 09:45:12,299.6,6293746
2021-04-30 09:45:13,299.5,6295375
2021-04-30 09:45:14,299.5,6295674
2021-04-30 09:45:15,299.6,6296744
2021-04-30 09:45:16,299.5,6300002
2021-04-30 09:45:17,299.6,6300545
2021-04-30 09:45:18,299.5,6301292
2021-04-30 09:45:19,299.6,6302966
2021-04-30 09:45:20,299.45,6303551
2021-04-30 09:45:21,299.5,6308080
2021-04-30 09:45:22,299.6,6309616
2021-04-30 09:45:23,299.5,6310226
2021-04-30 09:45:24,299.5,6311671
2021-04-30 09:45:25,299.6,6312241
2021-04-30 09:45:27,299.5,6315418
2021-04-30 09:45:28,299.6,6316635
2021-04-30 09:45:29,299.6,6316803
2021-04-30 09:45:30,299.6,6319043
2021-04-30 09:45:31,299.5,6320276
2021-04-30 09:45:32,299.6,6321535
2021-04-30 09:45:33,299.6,6322473
2021-04-30 09:45:34,299.6,6322910
2021-04-30 09:45:35,299.5,6323261
2021-04-30 09:45:36,299.5,6323606
2021-04-30 09:45:37,299.55,6323890
2021-04-30 09:45:38,299.55,6324238
2021-04-30 09:45:39,299.6,6325161
2021-04-30 09:45:40,299.5,6326562
2021-04-30 09:45:41,299.6,6329683
2021-04-30 09:45:42,299.6,6330027
2021-04-30 09:45:44,299.55,6332732
2021-04-30 09:45:43,299.6,6330080
2021-04-30 09:45:45,299.4,6338757
2021-04-30 09:45:46,299.5,6338903
2021-04-30 09:45:47,299.4,6338984
2021-04-30 09:45:48,299.55,6341049
2021-04-30 09:45:49,299.6,6342354
2021-04-30 09:45:50,299.5,6342556
2021-04-30 09:45:51,299.5,6343943
2021-04-30 09:45:52,299.5,6344008
2021-04-30 09:45:53,299.45,6344233
2021-04-30 09:45:54,299.4,6346885
2021-04-30 09:45:55,299.6,6381220
2021-04-30 09:45:56,299.6,6381937
2021-04-30 09:45:57,299.6,6385463
2021-04-30 09:45:58,299.5,6395429
2021-04-30 09:45:59,299.5,6395429
2021-04-30 09:46:00,299.6,6439561
2021-04-30 09:46:01,299.6,6446880
2021-04-30 09:46:02,299.55,6448808
2021-04-30 09:46:03,299.7,6449089
2021-04-30 09:46:04,299.6,6449097
2021-04-30 09:46:05,299.5,6450651
2021-04-30 09:46:06,299.6,6450767
2021-04-30 09:46:07,299.6,6451768
2021-04-30 09:46:08,299.6,6452549
2021-04-30 09:46:09,299.4,6468144
2021-04-30 09:46:10,299.6,6470268
2021-04-30 09:46:11,299.45,6474891
2021-04-30 09:46:12,299.4,6476620
2021-04-30 09:46:13,299.6,6477768
2021-04-30 09:46:14,299.5,6479126
2021-04-30 09:46:15,299.35,6482603
2021-04-30 09:46:16,299.4,6488931
2021-04-30 09:46:17,299.2,6490325
2021-04-30 09:46:18,299.5,6490475
2021-04-30 09:46:19,299.3,6490765
2021-04-30 09:46:20,299.45,6492281
2021-04-30 09:46:21,299.4,6493474
2021-04-30 09:46:22,299.4,6494694
2021-04-30 09:46:23,299.4,6494912
2021-04-30 09:46:24,299.2,6497587
2021-04-30 09:46:25,299.35,6499678
2021-04-30 09:46:26,299.15,6507261
2021-04-30 09:46:28,299.3,6508422
2021-04-30 09:46:29,299.3,6511388
2021-04-30 09:46:30,299.25,6512789
2021-04-30 09:46:32,299.3,6513639
2021-04-30 09:46:32,299.3,6513640
2021-04-30 09:46:33,299.3,6513767
2021-04-30 09:46:34,299.15,6518325
2021-04-30 09:46:35,299.3,6518482
2021-04-30 09:46:37,299.3,6518780
2021-04-30 09:46:37,299.3,6518786
2021-04-30 09:46:38,299.2,6518985
2021-04-30 09:46:39,299.15,6519162
2021-04-30 09:46:40,299.15,6520265
2021-04-30 09:46:42,299.3,6521282
2021-04-30 09:46:42,299.2,6521291
2021-04-30 09:46:43,299.15,6524277
2021-04-30 09:46:44,299.35,6531099
2021-04-30 09:46:45,299.35,6538762
2021-04-30 09:46:46,299.3,6538766
2021-04-30 09:46:48,299.35,6538901
2021-04-30 09:46:48,299.35,6539401
2021-04-30 09:46:49,299.3,6539444
2021-04-30 09:46:50,299.3,6542448
2021-04-30 09:46:51,299.25,6544054
2021-04-30 09:46:52,299.15,6544208
2021-04-30 09:46:54,299.25,6544879
2021-04-30 09:46:54,299.25,6544879
2021-04-30 09:46:55,299.3,6545842
2021-04-30 09:46:56,299.15,6546393
2021-04-30 09:46:57,299.3,6546738
2021-04-30 09:46:58,299.3,6547774
2021-04-30 09:47:00,299.3,6547934
2021-04-30 09:47:00,299.3,6547944
2021-04-30 09:47:01,299.2,6548179
2021-04-30 09:47:02,299.3,6548951
2021-04-30 09:47:03,299.2,6549101
2021-04-30 09:47:05,299.3,6551785
2021-04-30 09:47:05,299.3,6551785
2021-04-30 09:47:06,299.3,6552006
2021-04-30 09:47:07,299.4,6557098
2021-04-30 09:47:08,299.25,6557158
2021-04-30 09:47:09,299.4,6557667
2021-04-30 09:47:10,299.35,6557853
2021-04-30 09:47:11,299.4,6557868
2021-04-30 09:47:12,299.35,6559100
2021-04-30 09:47:14,299.4,6559236
2021-04-30 09:47:14,299.4,6559737
2021-04-30 09:47:15,299.3,6560654
2021-04-30 09:47:16,299.25,6561164
2021-04-30 09:47:17,299.4,6564485
2021-04-30 09:47:18,299.3,6564613
2021-04-30 09:47:20,299.4,6565686
2021-04-30 09:47:20,299.4,6565686
2021-04-30 09:47:21,299.35,6567838
2021-04-30 09:47:22,299.3,6569067
2021-04-30 09:47:23,299.25,6569723
2021-04-30 09:47:24,299.3,6570824
2021-04-30 09:47:25,299.25,6571289
2021-04-30 09:47:26,299.3,6571419
2021-04-30 09:47:28,299.3,6572888
2021-04-30 09:47:29,299.3,6576783
2021-04-30 09:47:29,299.3,6576783
2021-04-30 09:47:30,299.3,6577801
2021-04-30 09:47:31,299.15,6586246
2021-04-30 09:47:32,299.1,6586818
2021-04-30 09:47:33,299.25,6589608
2021-04-30 09:47:34,299.1,6590945
2021-04-30 09:47:35,299.1,6592338
2021-04-30 09:47:37,299.2,6592399
2021-04-30 09:47:37,299.1,6592408
2021-04-30 09:47:38,299.15,6593280
2021-04-30 09:47:39,299.2,6593834
2021-04-30 09:47:40,299.1,6594971
2021-04-30 09:47:41,299.2,6595023
2021-04-30 09:47:42,299.1,6596848
2021-04-30 09:47:44,299.2,6597019
2021-04-30 09:47:44,299.2,6597019
2021-04-30 09:47:45,299.2,6597870
2021-04-30 09:47:46,299.1,6597972
2021-04-30 09:47:47,299.15,6598096
2021-04-30 09:47:48,299.15,6599167
2021-04-30 09:47:49,299.1,6599266
2021-04-30 09:47:50,299.2,6603896
2021-04-30 09:47:51,299.1,6603898
2021-04-30 09:47:52,299.1,6604801
2021-04-30 09:47:54,299.15,6604875
2021-04-30 09:47:54,299.15,6604875
2021-04-30 09:47:55,299.1,6605468
2021-04-30 09:47:56,299.2,6609693
2021-04-30 09:47:57,299.2,6610138
2021-04-30 09:47:59,299.1,6610210
2021-04-30 09:47:59,299.2,6610220
2021-04-30 09:48:00,299.1,6610478
2021-04-30 09:48:01,299.25,6610696
2021-04-30 09:48:02,299.2,6610879
2021-04-30 09:48:04,299.2,6611265
2021-04-30 09:48:04,299.2,6611265
2021-04-30 09:48:05,299.2,6612078
2021-04-30 09:48:06,299.15,6612326
2021-04-30 09:48:07,299.15,6612730
2021-04-30 09:48:09,299.15,6613134
2021-04-30 09:48:09,299.15,6613134
2021-04-30 09:48:10,299.15,6613665
2021-04-30 09:48:11,299.15,6613672
2021-04-30 09:48:12,299.15,6613771
2021-04-30 09:48:13,299.15,6614828
2021-04-30 09:48:15,299.15,6616003
2021-04-30 09:48:15,299.15,6616003
2021-04-30 09:48:16,299.2,6616404
2021-04-30 09:48:17,299.15,6617979
2021-04-30 09:48:18,299.1,6618441
2021-04-30 09:48:19,299.1,6641596
2021-04-30 09:48:21,299.05,6641688
2021-04-30 09:48:21,299.05,6641729
2021-04-30 09:48:22,299.1,6642055
2021-04-30 09:48:23,299.1,6644899
2021-04-30 09:48:24,299.1,6646149
2021-04-30 09:48:26,299.05,6646652
2021-04-30 09:48:26,299.2,6646982
2021-04-30 09:48:27,299.2,6647196
2021-04-30 09:48:28,299.2,6647502
2021-04-30 09:48:30,299.2,6662002
2021-04-30 09:48:31,299.15,6662406
2021-04-30 09:48:31,299.25,6662609
2021-04-30 09:48:32,299.1,6662642
2021-04-30 09:48:33,299.2,6663121
2021-04-30 09:48:34,299.2,6665482
2021-04-30 09:48:36,299.05,6667065
2021-04-30 09:48:37,299.2,6667671
2021-04-30 09:48:37,299.2,6667671
2021-04-30 09:48:38,299.15,6667713
2021-04-30 09:48:39,299.0,6672789
2021-04-30 09:48:41,299.05,6673798
2021-04-30 09:48:42,299.05,6731765
2021-04-30 09:48:43,299.05,6734533
2021-04-30 09:48:43,299.1,6735283
2021-04-30 09:48:44,298.9,6738045
2021-04-30 09:48:45,299.05,6743177
2021-04-30 09:48:47,299.1,6744181
2021-04-30 09:48:48,299.1,6745090
2021-04-30 09:48:48,299.1,6745090
2021-04-30 09:48:49,299.05,6745220
2021-04-30 09:48:50,298.95,6749630
2021-04-30 09:48:52,299.05,6752458
2021-04-30 09:48:53,299.05,6752743
2021-04-30 09:48:54,299.0,6753299
2021-04-30 09:48:54,299.0,6753299
2021-04-30 09:48:55,299.0,6754080
2021-04-30 09:48:56,299.0,6759511
2021-04-30 09:48:58,299.0,6759961
2021-04-30 09:48:59,299.15,6760321
2021-04-30 09:48:59,299.15,6760321
2021-04-30 09:49:00,298.95,6766548
2021-04-30 09:49:01,299.35,6786819
2021-04-30 09:49:02,299.3,6788220
2021-04-30 09:49:04,299.4,6789540
2021-04-30 09:49:05,299.4,6791616
2021-04-30 09:49:06,299.4,6815731
2021-04-30 09:49:06,299.5,6817016
2021-04-30 09:49:07,299.65,6835987
2021-04-30 09:49:08,299.7,6837870
2021-04-30 09:49:09,299.55,6839077
2021-04-30 09:49:10,299.7,6839173
2021-04-30 09:49:12,299.5,6839483
2021-04-30 09:49:13,299.6,6841052
2021-04-30 09:49:13,299.6,6841062
2021-04-30 09:49:14,299.45,6842616
2021-04-30 09:49:15,299.6,6845226
2021-04-30 09:49:17,299.5,6845589
2021-04-30 09:49:18,299.5,6846361
2021-04-30 09:49:19,299.5,6846668
2021-04-30 09:49:19,299.5,6846668
2021-04-30 09:49:20,299.5,6849408
2021-04-30 09:49:21,299.6,6850262
2021-04-30 09:49:22,299.5,6851637
2021-04-30 09:49:24,299.6,6851838
2021-04-30 09:49:25,299.55,6852798
2021-04-30 09:49:25,299.55,6852798
2021-04-30 09:49:26,299.55,6853409
2021-04-30 09:49:27,299.6,6853453
2021-04-30 09:49:29,299.6,6853859
2021-04-30 09:49:30,299.55,6854138
2021-04-30 09:49:31,299.55,6854455
2021-04-30 09:49:31,299.55,6854455
2021-04-30 09:49:32,299.6,6854710
2021-04-30 09:49:33,299.55,6855017
2021-04-30 09:49:35,299.45,6856627
2021-04-30 09:49:36,299.55,6856929
2021-04-30 09:49:36,299.55,6856929
2021-04-30 09:49:37,299.6,6857339
2021-04-30 09:49:38,299.55,6860246
2021-04-30 09:49:40,299.5,6860450
2021-04-30 09:49:41,299.6,6875517
2021-04-30 09:49:41,299.7,6875467
2021-04-30 09:49:42,299.6,6875669
2021-04-30 09:49:43,299.5,6876841
2021-04-30 09:49:45,299.5,6877196
2021-04-30 09:49:46,299.45,6878794
2021-04-30 09:49:46,299.45,6878814
2021-04-30 09:49:47,299.5,6881849
2021-04-30 09:49:48,299.5,6881859
2021-04-30 09:49:49,299.5,6882690
2021-04-30 09:49:51,299.45,6884877
2021-04-30 09:49:52,299.6,6885121
2021-04-30 09:49:52,299.5,6886121
2021-04-30 09:49:53,299.5,6887000
2021-04-30 09:49:54,299.45,6889601
2021-04-30 09:49:56,299.5,6889786
2021-04-30 09:49:57,299.5,6889806
2021-04-30 09:49:58,299.55,6889918
2021-04-30 09:49:59,299.6,6890388
2021-04-30 09:50:00,299.55,6893725
2021-04-30 09:50:02,299.45,6894716
2021-04-30 09:50:03,299.7,6908975
2021-04-30 09:50:03,299.7,6908975
2021-04-30 09:50:04,299.6,6909186
2021-04-30 09:50:05,299.6,6911597
2021-04-30 09:50:06,299.7,6912755
2021-04-30 09:50:07,299.7,6916856
2021-04-30 09:50:09,299.7,6924234
2021-04-30 09:50:10,299.5,6925065
2021-04-30 09:50:10,299.45,6927765
2021-04-30 09:50:11,299.4,6934971
2021-04-30 09:50:12,299.4,6935951
2021-04-30 09:50:13,299.4,6936513
2021-04-30 09:50:14,299.45,6936781
2021-04-30 09:50:16,299.5,6937524
2021-04-30 09:50:17,299.55,6939146
2021-04-30 09:50:17,299.7,6939046
2021-04-30 09:50:18,299.55,6939393
2021-04-30 09:50:21,299.55,6940401
2021-04-30 09:50:22,299.55,6940816
2021-04-30 09:50:22,299.55,6940816
2021-04-30 09:50:23,299.7,6956007
2021-04-30 09:50:24,299.7,6956476
2021-04-30 09:50:26,299.9,6965618
2021-04-30 09:50:27,299.9,6995908
2021-04-30 09:50:27,299.8,6996976
2021-04-30 09:50:28,299.95,7001786
2021-04-30 09:50:29,299.9,7001876
2021-04-30 09:50:30,299.85,7003087
2021-04-30 09:50:31,299.75,7004681
2021-04-30 09:50:33,299.65,7005633
2021-04-30 09:50:34,299.75,7006068
2021-04-30 09:50:35,299.8,7006394
2021-04-30 09:50:35,299.8,7006394
2021-04-30 09:50:36,299.7,7007761
2021-04-30 09:50:38,299.7,7010325
2021-04-30 09:50:39,299.7,7012986
2021-04-30 09:50:40,299.9,7015556
2021-04-30 09:50:41,299.95,7017472
2021-04-30 09:50:43,299.95,7058643
2021-04-30 09:50:44,300.0,7066884
2021-04-30 09:50:45,299.9,7068406
2021-04-30 09:50:45,300.0,7068491
2021-04-30 09:50:46,299.95,7069843
2021-04-30 09:50:47,299.95,7070795
2021-04-30 09:50:50,299.9,7072679
2021-04-30 09:50:51,299.95,7081160
2021-04-30 09:50:51,300.0,7081661
2021-04-30 09:50:52,299.95,7085723
2021-04-30 09:50:53,299.9,7087024
2021-04-30 09:50:54,299.95,7087363
2021-04-30 09:50:55,299.95,7090368
2021-04-30 09:50:57,299.85,7094963
2021-04-30 09:50:58,299.85,7097155
2021-04-30 09:50:59,300.0,7097310
2021-04-30 09:51:00,300.0,7099251
2021-04-30 09:51:00,300.0,7099150
2021-04-30 09:51:01,299.95,7101052
2021-04-30 09:51:03,299.85,7102433
2021-04-30 09:51:04,299.95,7103533
2021-04-30 09:51:05,299.85,7103835
2021-04-30 09:51:06,299.95,7107288
2021-04-30 09:51:07,299.85,7107746
2021-04-30 09:51:07,299.85,7108905
2021-04-30 09:51:08,300.0,7114904
2021-04-30 09:51:09,299.95,7116279
2021-04-30 09:51:11,300.0,7119864
2021-04-30 09:51:12,300.0,7120672
2021-04-30 09:51:13,299.85,7121798
2021-04-30 09:51:14,299.85,7122311
2021-04-30 09:51:15,299.95,7123244
2021-04-30 09:51:15,299.95,7123746
2021-04-30 09:51:16,299.95,7124196
2021-04-30 09:51:17,299.95,7124900
2021-04-30 09:51:19,299.9,7125997
2021-04-30 09:51:20,299.95,7127278
2021-04-30 09:51:21,299.9,7129902
2021-04-30 09:51:21,299.9,7129902
2021-04-30 09:51:22,299.9,7132116
2021-04-30 09:51:24,299.9,7134057
2021-04-30 09:51:25,299.9,7135412
2021-04-30 09:51:26,299.9,7136411
2021-04-30 09:51:26,299.85,7136441
2021-04-30 09:51:27,299.85,7136474
2021-04-30 09:51:28,299.9,7136866
2021-04-30 09:51:29,299.85,7139888
2021-04-30 09:51:30,299.8,7146417
2021-04-30 09:51:31,299.8,7149509
2021-04-30 09:51:32,299.85,7149868
2021-04-30 09:51:33,299.9,7150904
2021-04-30 09:51:35,299.6,7158769
2021-04-30 09:51:36,299.75,7159022
2021-04-30 09:51:37,299.75,7159088
2021-04-30 09:51:38,299.75,7159733
2021-04-30 09:51:39,299.8,7161865
2021-04-30 09:51:40,299.75,7162742
2021-04-30 09:51:40,299.75,7162728
2021-04-30 09:51:42,299.8,7164863
2021-04-30 09:51:43,299.65,7164973
2021-04-30 09:51:44,299.75,7170215
2021-04-30 09:51:45,299.8,7173583
2021-04-30 09:51:46,299.65,7174296
2021-04-30 09:51:46,299.65,7174296
2021-04-30 09:51:47,299.8,7174920
2021-04-30 09:51:48,299.8,7176023
2021-04-30 09:51:49,299.85,7178171
2021-04-30 09:51:50,299.9,7178957
2021-04-30 09:51:51,299.9,7178983
2021-04-30 09:51:52,299.75,7181585
2021-04-30 09:51:53,299.8,7181848
2021-04-30 09:51:54,299.8,7182126
2021-04-30 09:51:56,299.75,7182277
2021-04-30 09:51:57,299.8,7182284
2021-04-30 09:51:58,299.75,7183991
2021-04-30 09:51:59,299.85,7184390
2021-04-30 09:52:00,299.9,7192229
2021-04-30 09:52:01,299.9,7193141
2021-04-30 09:52:02,299.8,7193395
2021-04-30 09:52:03,299.9,7193495
2021-04-30 09:52:03,299.9,7193775
2021-04-30 09:52:04,299.9,7194713
2021-04-30 09:52:05,299.8,7196829
2021-04-30 09:52:06,299.8,7197164
2021-04-30 09:52:07,299.8,7197164
2021-04-30 09:52:08,299.9,7198793
2021-04-30 09:52:09,299.9,7205831
2021-04-30 09:52:11,299.9,7205855
2021-04-30 09:52:11,299.85,7205956
2021-04-30 09:52:13,299.9,7208121
2021-04-30 09:52:13,299.85,7208205
2021-04-30 09:52:14,299.85,7208598
2021-04-30 09:52:15,300.0,7246131
2021-04-30 09:52:17,299.9,7247687
2021-04-30 09:52:18,299.85,7250416
2021-04-30 09:52:19,299.95,7253516
2021-04-30 09:52:19,299.9,7253644
2021-04-30 09:52:21,299.95,7256033
2021-04-30 09:52:22,300.0,7256201
2021-04-30 09:52:23,299.9,7256897
2021-04-30 09:52:23,299.85,7256923
2021-04-30 09:52:25,299.8,7261109
2021-04-30 09:52:25,299.9,7261634
2021-04-30 09:52:26,299.9,7262140
2021-04-30 09:52:28,299.8,7270374
2021-04-30 09:52:29,299.9,7270681
2021-04-30 09:52:30,299.8,7272382
2021-04-30 09:52:30,299.8,7272432
2021-04-30 09:52:32,299.9,7276628
2021-04-30 09:52:33,299.9,7287118
2021-04-30 09:52:33,299.9,7287118
2021-04-30 09:52:34,299.8,7293406
2021-04-30 09:52:35,299.85,7294947
2021-04-30 09:52:37,299.65,7313243
2021-04-30 09:52:37,299.8,7313244
2021-04-30 09:52:38,299.8,7314779
2021-04-30 09:52:39,299.8,7315253
2021-04-30 09:52:41,299.85,7319307
2021-04-30 09:52:42,299.6,7320762
2021-04-30 09:52:42,299.65,7321548
2021-04-30 09:52:44,299.75,7321891
2021-04-30 09:52:45,299.8,7321994
2021-04-30 09:52:46,299.75,7323283
2021-04-30 09:52:47,299.8,7323916
2021-04-30 09:52:48,299.8,7324305
2021-04-30 09:52:49,299.8,7325410
2021-04-30 09:52:50,299.8,7326112
2021-04-30 09:52:51,299.85,7327125
2021-04-30 09:52:52,299.85,7330285
2021-04-30 09:52:53,299.85,7331157
2021-04-30 09:52:54,299.85,7331163
2021-04-30 09:52:55,299.85,7331262
2021-04-30 09:52:56,299.85,7331269
2021-04-30 09:52:57,299.85,7331286
2021-04-30 09:52:58,299.85,7331411
2021-04-30 09:52:59,299.85,7331611
2021-04-30 09:53:00,299.8,7332202
2021-04-30 09:53:01,299.9,7338162
2021-04-30 09:53:02,299.9,7339285
2021-04-30 09:53:03,299.85,7340634
2021-04-30 09:53:04,299.8,7340640
2021-04-30 09:53:05,299.7,7341335
2021-04-30 09:53:05,299.7,7341335
2021-04-30 09:53:07,299.8,7342590
2021-04-30 09:53:08,299.8,7342785
2021-04-30 09:53:09,299.75,7342815
2021-04-30 09:53:10,299.8,7343148
2021-04-30 09:53:11,299.75,7343310
2021-04-30 09:53:12,299.85,7343993
2021-04-30 09:53:13,299.75,7344044
2021-04-30 09:53:14,299.75,7344706
2021-04-30 09:53:15,299.8,7344730
2021-04-30 09:53:16,299.8,7345360
2021-04-30 09:53:17,299.85,7347871
2021-04-30 09:53:18,299.85,7348742
2021-04-30 09:53:19,299.9,7348856
2021-04-30 09:53:20,299.9,7356744
2021-04-30 09:53:21,299.9,7357086
2021-04-30 09:53:22,299.95,7357148
2021-04-30 09:53:23,299.9,7357740
2021-04-30 09:53:24,299.95,7357986
2021-04-30 09:53:25,299.9,7358999
2021-04-30 09:53:26,299.9,7360399
2021-04-30 09:53:26,299.9,7360399
2021-04-30 09:53:27,299.9,7364449
2021-04-30 09:53:29,300.15,7447775
2021-04-30 09:53:30,300.25,7502998
2021-04-30 09:53:30,300.25,7503249
2021-04-30 09:53:31,300.25,7531741
2021-04-30 09:53:33,300.2,7542064
2021-04-30 09:53:33,300.2,7542127
2021-04-30 09:53:34,300.15,7542223
2021-04-30 09:53:35,300.05,7542431
2021-04-30 09:53:37,300.2,7544285
2021-04-30 09:53:38,300.05,7545477
2021-04-30 09:53:39,300.15,7546356
2021-04-30 09:53:40,300.05,7553543
2021-04-30 09:53:41,300.0,7556412
2021-04-30 09:53:42,300.0,7557145
2021-04-30 09:53:42,300.0,7557974
2021-04-30 09:53:43,300.2,7583083
2021-04-30 09:53:45,300.05,7583322
2021-04-30 09:53:46,300.2,7583664
2021-04-30 09:53:47,300.15,7587944
2021-04-30 09:53:48,300.1,7592325
2021-04-30 09:53:49,300.1,7592615
2021-04-30 09:53:50,300.0,7603291
2021-04-30 09:53:51,300.15,7603564
2021-04-30 09:53:52,300.15,7604133
2021-04-30 09:53:53,300.15,7604571
2021-04-30 09:53:54,300.15,7607121
2021-04-30 09:53:55,300.0,7614145
2021-04-30 09:53:56,299.85,7614585
2021-04-30 09:53:57,299.9,7617685
2021-04-30 09:53:58,299.9,7626425
2021-04-30 09:53:59,299.9,7628166
2021-04-30 09:54:00,299.9,7628912
2021-04-30 09:54:01,299.9,7631141
2021-04-30 09:54:02,299.9,7633057
2021-04-30 09:54:03,299.75,7638920
2021-04-30 09:54:04,299.9,7640039
2021-04-30 09:54:05,299.9,7640835
2021-04-30 09:54:06,299.9,7641007
2021-04-30 09:54:07,299.75,7641717
2021-04-30 09:54:08,299.75,7642885
2021-04-30 09:54:09,299.9,7645182
2021-04-30 09:54:10,299.95,7666564
2021-04-30 09:54:11,300.0,7666957
2021-04-30 09:54:12,300.1,7668145
2021-04-30 09:54:13,300.1,7670141
2021-04-30 09:54:14,300.0,7671836
2021-04-30 09:54:15,300.3,7687411
2021-04-30 09:54:15,300.4,7687462
2021-04-30 09:54:16,300.35,7687715
2021-04-30 09:54:18,300.35,7689082
2021-04-30 09:54:19,300.25,7689361
2021-04-30 09:54:20,300.4,7689751
2021-04-30 09:54:21,300.35,7690068
2021-04-30 09:54:22,300.4,7695679
2021-04-30 09:54:23,300.25,7696865
2021-04-30 09:54:24,300.3,7697329
2021-04-30 09:54:25,300.6,7727736
2021-04-30 09:54:26,300.6,7728611
2021-04-30 09:54:26,300.6,7728611
2021-04-30 09:54:28,300.5,7735092
2021-04-30 09:54:29,300.6,7740647
2021-04-30 09:54:30,300.6,7743079
2021-04-30 09:54:31,300.55,7743494
2021-04-30 09:54:32,300.65,7744303
2021-04-30 09:54:33,300.6,7744599
2021-04-30 09:54:34,300.6,7745256
2021-04-30 09:54:35,300.5,7745877
2021-04-30 09:54:36,300.55,7746183
2021-04-30 09:54:37,300.65,7758579
2021-04-30 09:54:38,300.55,7759257
2021-04-30 09:54:39,300.65,7763842
2021-04-30 09:54:40,300.6,7766494
2021-04-30 09:54:41,300.65,7767946
2021-04-30 09:54:41,300.55,7767934
2021-04-30 09:54:42,300.6,7768209
2021-04-30 09:54:43,300.55,7769579
2021-04-30 09:54:44,300.6,7769944
2021-04-30 09:54:45,300.65,7770447
2021-04-30 09:54:46,300.65,7774164
2021-04-30 09:54:48,300.65,7775330
2021-04-30 09:54:49,300.55,7779739
2021-04-30 09:54:50,300.65,7780121
2021-04-30 09:54:51,300.65,7782519
2021-04-30 09:54:52,300.65,7782677
2021-04-30 09:54:53,300.65,7784996
2021-04-30 09:54:54,300.65,7792019
2021-04-30 09:54:55,300.6,7794335
2021-04-30 09:54:56,300.6,7796984
2021-04-30 09:54:57,300.5,7798143
2021-04-30 09:54:58,300.6,7798363
2021-04-30 09:54:59,300.5,7811417
2021-04-30 09:55:00,300.4,7813941
2021-04-30 09:55:01,300.45,7814805
2021-04-30 09:55:02,300.4,7818461
2021-04-30 09:55:03,300.45,7819310
2021-04-30 09:55:04,300.4,7819370
2021-04-30 09:55:05,300.4,7819547
2021-04-30 09:55:06,300.5,7820314
2021-04-30 09:55:07,300.4,7821967
2021-04-30 09:55:08,300.4,7823004
2021-04-30 09:55:09,300.4,7827321
2021-04-30 09:55:10,300.5,7827672
2021-04-30 09:55:11,300.5,7830131
2021-04-30 09:55:12,300.4,7830916
2021-04-30 09:55:13,300.5,7833343
2021-04-30 09:55:14,300.5,7835046
2021-04-30 09:55:15,300.45,7835068
2021-04-30 09:55:16,300.15,7842130
2021-04-30 09:55:17,300.3,7842840
2021-04-30 09:55:18,300.3,7843069
2021-04-30 09:55:19,300.15,7843279
2021-04-30 09:55:20,300.25,7843329
2021-04-30 09:55:21,300.25,7843423
2021-04-30 09:55:22,300.25,7843765
2021-04-30 09:55:23,300.15,7844239
2021-04-30 09:55:24,300.3,7846243
2021-04-30 09:55:25,300.35,7846813
2021-04-30 09:55:26,300.25,7847005
2021-04-30 09:55:27,300.25,7848670
2021-04-30 09:55:28,300.3,7858281
2021-04-30 09:55:29,300.15,7858531
2021-04-30 09:55:30,300.15,7858758
2021-04-30 09:55:31,300.25,7908910
2021-04-30 09:55:32,300.25,7909242
2021-04-30 09:55:33,300.25,7909884
2021-04-30 09:55:34,300.2,7910531
2021-04-30 09:55:35,300.3,7911869
2021-04-30 09:55:36,300.25,7912839
2021-04-30 09:55:37,300.2,7914610
2021-04-30 09:55:38,300.2,7915294
2021-04-30 09:55:39,300.2,7915994
2021-04-30 09:55:40,300.15,7919782
2021-04-30 09:55:41,300.25,7929903
2021-04-30 09:55:42,300.25,7930062
2021-04-30 09:55:43,300.25,7930178
2021-04-30 09:55:44,300.1,7931279
2021-04-30 09:55:45,300.2,7931322
2021-04-30 09:55:46,300.15,7931343
2021-04-30 09:55:47,300.2,7931593
2021-04-30 09:55:48,300.05,7931814
2021-04-30 09:55:49,300.1,7932684
2021-04-30 09:55:50,300.1,7934383
2021-04-30 09:55:51,300.2,7935565
2021-04-30 09:55:52,300.15,7935608
2021-04-30 09:55:53,300.1,7935962
2021-04-30 09:55:54,300.05,7936234
2021-04-30 09:55:55,300.2,7937203
2021-04-30 09:55:56,300.2,7937604
2021-04-30 09:55:57,300.0,7943732
2021-04-30 09:55:58,300.2,7944437
2021-04-30 09:55:59,300.1,7945268
2021-04-30 09:56:00,300.2,7949687
2021-04-30 09:56:01,300.2,7949687
2021-04-30 09:56:02,300.15,7950817
2021-04-30 09:56:03,300.15,7950910
2021-04-30 09:56:04,300.2,7952210
2021-04-30 09:56:05,300.15,7952806
2021-04-30 09:56:06,300.2,7954898
2021-04-30 09:56:07,300.15,7955419
2021-04-30 09:56:08,300.15,7957179
2021-04-30 09:56:09,300.0,7957732
2021-04-30 09:56:10,300.1,7958108
2021-04-30 09:56:11,300.0,7958661
2021-04-30 09:56:12,300.1,7959279
2021-04-30 09:56:13,300.2,7959365
2021-04-30 09:56:14,300.1,7959565
2021-04-30 09:56:15,300.15,7959769
2021-04-30 09:56:16,300.2,7959826
2021-04-30 09:56:17,300.15,7960142
2021-04-30 09:56:18,300.15,7960652
2021-04-30 09:56:19,300.1,7961502
2021-04-30 09:56:20,300.05,7972102
2021-04-30 09:56:21,300.05,7972152
2021-04-30 09:56:22,300.0,7972957
2021-04-30 09:56:23,300.15,7973540
2021-04-30 09:56:24,300.0,7973797
2021-04-30 09:56:25,300.2,7974468
2021-04-30 09:56:26,300.15,7974668
2021-04-30 09:56:27,300.1,7976602
2021-04-30 09:56:28,300.1,8011972
2021-04-30 09:56:29,300.1,8011998
2021-04-30 09:56:30,300.05,8012500
2021-04-30 09:56:31,300.1,8012658
2021-04-30 09:56:32,300.05,8012859
2021-04-30 09:56:33,300.15,8018194
2021-04-30 09:56:34,300.2,8019194
2021-04-30 09:56:35,300.05,8019945
2021-04-30 09:56:36,300.05,8025390
2021-04-30 09:56:37,300.1,8026248
2021-04-30 09:56:38,300.2,8026738
2021-04-30 09:56:39,300.05,8027084
2021-04-30 09:56:40,300.2,8027806
2021-04-30 09:56:41,300.2,8028381
2021-04-30 09:56:42,300.1,8028582
2021-04-30 09:56:43,300.05,8036001
2021-04-30 09:56:44,300.0,8037651
2021-04-30 09:56:45,300.05,8038810
2021-04-30 09:56:46,300.1,8039681
2021-04-30 09:56:47,300.1,8040337
2021-04-30 09:56:48,300.0,8041387
2021-04-30 09:56:49,300.0,8041437
2021-04-30 09:56:50,300.05,8051261
2021-04-30 09:56:51,299.95,8052841
2021-04-30 09:56:52,300.05,8053563
2021-04-30 09:56:53,299.9,8053964
2021-04-30 09:56:54,299.9,8054384
2021-04-30 09:56:55,300.1,8054871
2021-04-30 09:56:56,300.0,8056241
2021-04-30 09:56:57,300.0,8056946
2021-04-30 09:56:59,300.0,8057217
2021-04-30 09:56:59,300.1,8057237
2021-04-30 09:57:00,300.0,8059587
2021-04-30 09:57:02,299.95,8074821
2021-04-30 09:57:02,299.95,8074821
2021-04-30 09:57:03,299.8,8077434
2021-04-30 09:57:04,300.0,8079295
2021-04-30 09:57:05,299.85,8080500
2021-04-30 09:57:07,299.8,8084880
2021-04-30 09:57:07,299.9,8090880
2021-04-30 09:57:08,299.8,8119013
2021-04-30 09:57:09,299.8,8120229
2021-04-30 09:57:10,299.85,8120404
2021-04-30 09:57:11,299.65,8123734
2021-04-30 09:57:12,299.65,8123949
2021-04-30 09:57:14,299.8,8123993
2021-04-30 09:57:14,299.8,8123993
2021-04-30 09:57:15,299.7,8124220
2021-04-30 09:57:16,299.6,8124650
2021-04-30 09:57:17,299.6,8124852
2021-04-30 09:57:18,299.65,8125041
2021-04-30 09:57:20,299.7,8127761
2021-04-30 09:57:21,299.7,8128461
2021-04-30 09:57:23,299.75,8129372
2021-04-30 09:57:24,299.8,8130222
2021-04-30 09:57:25,299.8,8130308
2021-04-30 09:57:26,299.75,8130415
2021-04-30 09:57:27,299.75,8130425
2021-04-30 09:57:28,299.8,8131075
2021-04-30 09:57:29,299.8,8132408
2021-04-30 09:57:31,299.8,8132679
2021-04-30 09:57:31,299.85,8132660
2021-04-30 09:57:32,299.8,8133576
2021-04-30 09:57:33,299.85,8133727
2021-04-30 09:57:34,299.8,8134422
2021-04-30 09:57:35,299.8,8134464
2021-04-30 09:57:36,299.8,8134524
2021-04-30 09:57:37,299.9,8135050
2021-04-30 09:57:39,299.9,8136160
2021-04-30 09:57:39,299.9,8136160
2021-04-30 09:57:40,299.8,8136315
2021-04-30 09:57:41,299.7,8139318
2021-04-30 09:57:43,299.8,8139398
2021-04-30 09:57:43,299.8,8139373
2021-04-30 09:57:44,299.85,8140679
2021-04-30 09:57:45,299.8,8141550
2021-04-30 09:57:46,299.75,8142723
2021-04-30 09:57:47,299.8,8147482
2021-04-30 09:57:48,299.7,8147600
2021-04-30 09:57:49,299.65,8147841
2021-04-30 09:57:50,299.7,8148036
2021-04-30 09:57:52,299.65,8149590
2021-04-30 09:57:53,299.65,8149828
2021-04-30 09:57:53,299.65,8149828
2021-04-30 09:57:54,299.7,8149844
2021-04-30 09:57:55,299.7,8150875
2021-04-30 09:57:56,299.6,8151013
2021-04-30 09:57:57,299.6,8153541
2021-04-30 09:57:58,299.8,8154551
2021-04-30 09:57:59,299.8,8154630
2021-04-30 09:58:00,299.7,8156437
2021-04-30 09:58:01,299.8,8157417
2021-04-30 09:58:02,299.8,8158024
2021-04-30 09:58:03,299.85,8158047
2021-04-30 09:58:04,299.75,8158097
2021-04-30 09:58:06,299.9,8160743
2021-04-30 09:58:06,299.95,8160750
2021-04-30 09:58:07,299.85,8163053
2021-04-30 09:58:08,299.8,8163076
2021-04-30 09:58:09,299.8,8163156
2021-04-30 09:58:10,299.8,8163558
2021-04-30 09:58:11,299.85,8163863
2021-04-30 09:58:12,299.95,8164401
2021-04-30 09:58:13,299.9,8164752
2021-04-30 09:58:14,299.9,8165947
2021-04-30 09:58:15,299.95,8166094
2021-04-30 09:58:16,299.95,8166481
2021-04-30 09:58:17,299.95,8169767
2021-04-30 09:58:18,299.95,8169940
2021-04-30 09:58:19,299.95,8170070
2021-04-30 09:58:20,299.9,8170717
2021-04-30 09:58:22,299.95,8171746
2021-04-30 09:58:22,299.9,8172166
2021-04-30 09:58:23,299.95,8172171
2021-04-30 09:58:24,299.95,8172326
2021-04-30 09:58:25,300.0,8174563
2021-04-30 09:58:26,299.95,8175761
2021-04-30 09:58:27,300.0,8176212
2021-04-30 09:58:28,300.05,8202911
2021-04-30 09:58:29,300.05,8203246
2021-04-30 09:58:31,300.05,8203257
2021-04-30 09:58:32,300.1,8204352
2021-04-30 09:58:32,300.05,8205243
2021-04-30 09:58:33,300.1,8205543
2021-04-30 09:58:34,300.05,8206517
2021-04-30 09:58:35,300.1,8206736
2021-04-30 09:58:36,300.1,8206993
2021-04-30 09:58:38,300.1,8207040
2021-04-30 09:58:38,300.1,8207090
2021-04-30 09:58:39,300.1,8210340
2021-04-30 09:58:40,300.2,8220935
2021-04-30 09:58:41,300.15,8221336
2021-04-30 09:58:42,300.2,8223294
2021-04-30 09:58:43,300.15,8224638
2021-04-30 09:58:44,300.2,8225859
2021-04-30 09:58:45,300.25,8225963
2021-04-30 09:58:46,300.25,8225982
2021-04-30 09:58:47,300.1,8226326
2021-04-30 09:58:48,300.1,8227769
2021-04-30 09:58:49,300.2,8227911
2021-04-30 09:58:50,300.1,8227962
2021-04-30 09:58:51,300.15,8229074
2021-04-30 09:58:52,300.2,8230156
2021-04-30 09:58:53,300.1,8230406
2021-04-30 09:58:54,300.2,8230586
2021-04-30 09:58:55,300.1,8230666
2021-04-30 09:58:56,300.15,8231366
2021-04-30 09:58:57,300.15,8231596
2021-04-30 09:58:58,300.15,8232672
2021-04-30 09:59:00,300.15,8233294
2021-04-30 09:59:00,300.15,8233294
2021-04-30 09:59:01,300.2,8233883
2021-04-30 09:59:03,300.1,8235191
2021-04-30 09:59:04,300.2,8235317
2021-04-30 09:59:05,300.1,8235584
2021-04-30 09:59:06,300.1,8235684
2021-04-30 09:59:06,300.1,8235684
2021-04-30 09:59:07,300.15,8235936
2021-04-30 09:59:08,300.15,8236544
2021-04-30 09:59:09,300.0,8251669
2021-04-30 09:59:10,300.05,8251783
2021-04-30 09:59:11,300.1,8251968
2021-04-30 09:59:12,300.05,8252468
2021-04-30 09:59:13,300.1,8252668
2021-04-30 09:59:15,300.1,8252870
2021-04-30 09:59:16,300.05,8253918
2021-04-30 09:59:16,300.05,8253918
2021-04-30 09:59:17,300.05,8254039
2021-04-30 09:59:18,300.05,8254169
2021-04-30 09:59:19,300.15,8254255
2021-04-30 09:59:20,300.15,8254350
2021-04-30 09:59:21,300.15,8254625
2021-04-30 09:59:22,300.15,8254753
2021-04-30 09:59:24,300.05,8255269
2021-04-30 09:59:25,300.05,8255830
2021-04-30 09:59:26,300.05,8255830
2021-04-30 09:59:27,300.05,8256191
2021-04-30 09:59:27,300.05,8256191
2021-04-30 09:59:28,300.15,8257345
2021-04-30 09:59:29,300.0,8257350
2021-04-30 09:59:30,300.05,8257425
2021-04-30 09:59:31,300.15,8257580
2021-04-30 09:59:32,300.1,8257610
2021-04-30 09:59:34,300.1,8257617
2021-04-30 09:59:35,300.05,8258094
2021-04-30 09:59:36,300.0,8259644
2021-04-30 09:59:37,300.1,8260914
2021-04-30 09:59:38,300.15,8261918
2021-04-30 09:59:39,300.0,8267778
2021-04-30 09:59:39,300.15,8267811
2021-04-30 09:59:41,300.15,8268180
2021-04-30 09:59:42,300.1,8268305
2021-04-30 09:59:43,300.05,8268405
2021-04-30 09:59:44,300.2,8270410
2021-04-30 09:59:45,300.15,8271250
2021-04-30 09:59:46,300.15,8271275
2021-04-30 09:59:46,300.0,8271287
2021-04-30 09:59:47,300.15,8273203
2021-04-30 09:59:48,300.2,8273218
2021-04-30 09:59:49,300.2,8273318
2021-04-30 09:59:50,300.2,8273625
2021-04-30 09:59:51,300.15,8273946
2021-04-30 09:59:52,300.15,8274329
2021-04-30 09:59:54,300.2,8278375
2021-04-30 09:59:55,300.0,8280396
2021-04-30 09:59:56,300.15,8281266
2021-04-30 09:59:57,300.15,8281317
2021-04-30 09:59:58,300.15,8281358
2021-04-30 09:59:59,300.2,8282408
2021-04-30 10:00:00,300.2,8282419
2021-04-30 10:00:02,300.15,8282921
2021-04-30 10:00:03,300.2,8282977
2021-04-30 10:00:04,300.2,8283414
2021-04-30 10:00:05,300.15,8283929
2021-04-30 10:00:06,300.15,8284051
2021-04-30 10:00:07,300.15,8284103
2021-04-30 10:00:08,300.05,8286130
2021-04-30 10:00:08,300.2,8286138
2021-04-30 10:00:09,300.2,8290546
2021-04-30 10:00:10,300.15,8291340
2021-04-30 10:00:11,300.15,8292340
2021-04-30 10:00:12,300.15,8292432
2021-04-30 10:00:13,300.15,8292507
2021-04-30 10:00:14,300.2,8292528
2021-04-30 10:00:15,300.2,8292544
2021-04-30 10:00:16,300.15,8292569
2021-04-30 10:00:17,300.15,8293164
2021-04-30 10:00:19,300.15,8293549
2021-04-30 10:00:20,300.15,8294110
2021-04-30 10:00:21,300.15,8294409
2021-04-30 10:00:22,300.1,8294579
2021-04-30 10:00:22,300.1,8294579
2021-04-30 10:00:23,300.1,8294781
2021-04-30 10:00:24,300.15,8296488
2021-04-30 10:00:25,300.15,8298509
2021-04-30 10:00:26,300.15,8298777
2021-04-30 10:00:27,300.05,8298852
2021-04-30 10:00:29,300.05,8299582
2021-04-30 10:00:30,300.05,8299634
2021-04-30 10:00:31,300.05,8299642
2021-04-30 10:00:32,300.05,8299843
2021-04-30 10:00:33,300.05,8310848
2021-04-30 10:00:34,300.05,8311949
2021-04-30 10:00:35,300.05,8311949
2021-04-30 10:00:36,300.0,8312184
2021-04-30 10:00:37,300.0,8312714
2021-04-30 10:00:38,300.0,8312729
2021-04-30 10:00:39,300.0,8313494
2021-04-30 10:00:39,300.05,8313474
2021-04-30 10:00:40,300.05,8314101
2021-04-30 10:00:41,300.15,8315191
2021-04-30 10:00:42,300.15,8315899
2021-04-30 10:00:43,300.15,8316099
2021-04-30 10:00:44,300.15,8316124
2021-04-30 10:00:45,300.05,8316125
2021-04-30 10:00:46,300.0,8317135
2021-04-30 10:00:48,300.15,8317671
2021-04-30 10:00:48,300.15,8317671
2021-04-30 10:00:49,300.1,8317721
2021-04-30 10:00:50,300.1,8318621
2021-04-30 10:00:51,300.1,8318672
2021-04-30 10:00:53,300.1,8319858
2021-04-30 10:00:54,300.15,8319932
2021-04-30 10:00:56,300.15,8324653
2021-04-30 10:00:56,300.2,8326243
2021-04-30 10:00:57,300.15,8326297
2021-04-30 10:00:58,300.2,8326343
2021-04-30 10:01:00,300.2,8326819
2021-04-30 10:01:01,300.2,8326819
2021-04-30 10:01:02,300.2,8327039
2021-04-30 10:01:03,300.2,8360115
2021-04-30 10:01:04,300.2,8365189
2021-04-30 10:01:04,300.25,8365190
2021-04-30 10:01:05,300.25,8367900
2021-04-30 10:01:06,300.25,8368296
2021-04-30 10:01:07,300.25,8369004
2021-04-30 10:01:09,300.2,8369131
2021-04-30 10:01:10,300.25,8369422
2021-04-30 10:01:11,300.25,8372871
2021-04-30 10:01:11,300.25,8372871
2021-04-30 10:01:12,300.3,8373101
2021-04-30 10:01:13,300.3,8375666
2021-04-30 10:01:14,300.4,8375956
2021-04-30 10:01:15,300.35,8376456
2021-04-30 10:01:16,300.4,8376710
2021-04-30 10:01:18,300.35,8377553
2021-04-30 10:01:19,300.35,8378574
2021-04-30 10:01:20,300.4,8378734
2021-04-30 10:01:21,300.35,8381508
2021-04-30 10:01:22,300.35,8381733
2021-04-30 10:01:23,300.35,8384370
2021-04-30 10:01:23,300.35,8384370
2021-04-30 10:01:24,300.45,8385027
2021-04-30 10:01:25,300.35,8386183
2021-04-30 10:01:26,300.35,8386407
2021-04-30 10:01:27,300.35,8387209
2021-04-30 10:01:28,300.35,8388746
2021-04-30 10:01:29,300.35,8396060
2021-04-30 10:01:30,300.35,8396460
2021-04-30 10:01:31,300.4,8397311
2021-04-30 10:01:32,300.65,8451313
2021-04-30 10:01:33,300.75,8455199
2021-04-30 10:01:34,300.8,8456963
2021-04-30 10:01:35,300.9,8470855
2021-04-30 10:01:36,300.95,8471955
2021-04-30 10:01:37,300.95,8476798
2021-04-30 10:01:38,300.9,8484884
2021-04-30 10:01:39,300.95,8506283
2021-04-30 10:01:40,300.85,8514117
2021-04-30 10:01:42,300.9,8516429
2021-04-30 10:01:43,300.95,8522464
2021-04-30 10:01:44,300.95,8523115
2021-04-30 10:01:45,300.95,8523670
2021-04-30 10:01:46,300.9,8526090
2021-04-30 10:01:47,300.9,8529143
2021-04-30 10:01:48,300.9,8531233
2021-04-30 10:01:48,300.9,8531243
2021-04-30 10:01:49,300.75,8531915
2021-04-30 10:01:50,300.75,8535384
2021-04-30 10:01:51,300.8,8536616
2021-04-30 10:01:52,300.75,8545670
2021-04-30 10:01:53,300.75,8547590
2021-04-30 10:01:54,300.95,8553443
2021-04-30 10:01:55,300.95,8554103
2021-04-30 10:01:56,300.8,8555925
2021-04-30 10:01:57,300.95,8557856
2021-04-30 10:01:58,300.9,8558706
2021-04-30 10:01:59,300.9,8561851
2021-04-30 10:02:01,300.9,8573126
2021-04-30 10:02:01,300.85,8574698
2021-04-30 10:02:02,300.95,8575876
2021-04-30 10:02:04,301.0,8576447
2021-04-30 10:02:05,300.9,8578112
2021-04-30 10:02:06,301.0,8588761
2021-04-30 10:02:07,301.05,8625754
2021-04-30 10:02:08,300.95,8631075
2021-04-30 10:02:09,301.05,8631261
2021-04-30 10:02:10,301.05,8631641
2021-04-30 10:02:11,301.0,8642477
2021-04-30 10:02:11,301.0,8642477
2021-04-30 10:02:12,301.05,8645327
2021-04-30 10:02:13,301.0,8646287
2021-04-30 10:02:14,301.0,8648806
2021-04-30 10:02:15,301.0,8651227
2021-04-30 10:02:16,300.9,8652203
2021-04-30 10:02:17,301.0,8654529
2021-04-30 10:02:18,301.05,8657092
2021-04-30 10:02:19,300.95,8663255
2021-04-30 10:02:20,301.0,8663885
2021-04-30 10:02:21,301.0,8667508
2021-04-30 10:02:22,301.2,8680660
2021-04-30 10:02:23,301.05,8681241
2021-04-30 10:02:24,301.0,8685511
2021-04-30 10:02:25,301.15,8687487
2021-04-30 10:02:27,301.15,8689514
2021-04-30 10:02:28,301.15,8691424
2021-04-30 10:02:29,301.05,8691584
2021-04-30 10:02:30,301.2,8693887
2021-04-30 10:02:31,301.05,8697306
2021-04-30 10:02:32,301.05,8700646
2021-04-30 10:02:34,301.1,8705284
2021-04-30 10:02:34,301.05,8705810
2021-04-30 10:02:35,301.05,8706113
2021-04-30 10:02:36,301.1,8707034
2021-04-30 10:02:37,301.1,8716715
2021-04-30 10:02:38,301.15,8717841
2021-04-30 10:02:39,301.05,8718410
2021-04-30 10:02:41,301.1,8720281
2021-04-30 10:02:42,301.0,8720687
2021-04-30 10:02:43,300.9,8749453
2021-04-30 10:02:43,301.0,8749769
2021-04-30 10:02:45,301.0,8752336
2021-04-30 10:02:46,301.0,8752896
2021-04-30 10:02:47,300.9,8763936
2021-04-30 10:02:48,301.0,8769646
2021-04-30 10:02:49,300.9,8774683
2021-04-30 10:02:49,300.9,8774683
2021-04-30 10:02:50,301.0,8776279
2021-04-30 10:02:52,301.0,8777477
2021-04-30 10:02:52,301.0,8777424
2021-04-30 10:02:53,300.9,8778515
2021-04-30 10:02:54,301.0,8779839
2021-04-30 10:02:55,300.9,8780414
2021-04-30 10:02:56,300.95,8781481
2021-04-30 10:02:57,300.95,8782584
2021-04-30 10:02:58,300.9,8785855
2021-04-30 10:02:59,300.9,8786722
2021-04-30 10:03:00,300.95,8787730
2021-04-30 10:03:01,300.95,8787830
2021-04-30 10:03:02,300.9,8788206
2021-04-30 10:03:03,300.9,8789121
2021-04-30 10:03:05,301.0,8790233
2021-04-30 10:03:05,300.9,8790434
2021-04-30 10:03:07,301.0,8792336
2021-04-30 10:03:07,301.0,8792336
2021-04-30 10:03:08,300.85,8792499
2021-04-30 10:03:09,300.9,8793114
2021-04-30 10:03:10,300.8,8794184
2021-04-30 10:03:11,300.9,8795792
2021-04-30 10:03:13,300.85,8796116
2021-04-30 10:03:14,300.8,8822651
2021-04-30 10:03:14,300.85,8822766
2021-04-30 10:03:16,300.85,8824479
2021-04-30 10:03:16,300.85,8824479
2021-04-30 10:03:17,300.85,8824628
2021-04-30 10:03:18,300.85,8825006
2021-04-30 10:03:19,300.8,8825681
2021-04-30 10:03:20,300.85,8825863
2021-04-30 10:03:21,300.9,8827163
2021-04-30 10:03:22,300.85,8829834
2021-04-30 10:03:23,300.85,8829997
2021-04-30 10:03:24,300.85,8830347
2021-04-30 10:03:25,300.8,8831547
2021-04-30 10:03:27,300.8,8832017
2021-04-30 10:03:28,300.85,8832584
2021-04-30 10:03:29,300.8,8832795
2021-04-30 10:03:30,300.9,8833570
2021-04-30 10:03:31,300.8,8834025
2021-04-30 10:03:32,300.8,8834633
2021-04-30 10:03:33,300.85,8836184
2021-04-30 10:03:34,300.7,8837897
2021-04-30 10:03:35,300.7,8838400
2021-04-30 10:03:35,300.85,8837966
2021-04-30 10:03:37,300.9,8840201
2021-04-30 10:03:38,300.9,8840701
2021-04-30 10:03:39,300.75,8841714
2021-04-30 10:03:40,300.9,8843333
2021-04-30 10:03:41,300.9,8844423
2021-04-30 10:03:41,300.9,8844623
2021-04-30 10:03:43,300.9,8887778
2021-04-30 10:03:44,300.95,8887780
2021-04-30 10:03:45,300.9,8891280
2021-04-30 10:03:46,301.0,8891682
2021-04-30 10:03:47,301.0,8892783
2021-04-30 10:03:47,301.0,8892783
2021-04-30 10:03:48,301.05,8893406
2021-04-30 10:03:49,301.0,8893679
2021-04-30 10:03:50,300.9,8894729
2021-04-30 10:03:51,300.9,8896414
2021-04-30 10:03:53,300.9,8898062
2021-04-30 10:03:54,300.9,8898320
2021-04-30 10:03:55,300.9,8898460
2021-04-30 10:03:56,300.9,8899534
2021-04-30 10:03:57,300.9,8899834
2021-04-30 10:03:58,300.9,8903708
2021-04-30 10:03:59,300.9,8903897
2021-04-30 10:04:00,300.8,8904168
2021-04-30 10:04:01,300.9,8904621
2021-04-30 10:04:02,300.9,8904902
2021-04-30 10:04:02,300.9,8904982
2021-04-30 10:04:04,300.95,8916038
2021-04-30 10:04:05,300.8,8917363
2021-04-30 10:04:06,300.9,8917447
2021-04-30 10:04:07,300.95,8918319
2021-04-30 10:04:08,300.9,8918497
2021-04-30 10:04:09,300.8,8918759
2021-04-30 10:04:10,300.9,8921360
2021-04-30 10:04:11,300.8,8921510
2021-04-30 10:04:11,300.9,8924039
2021-04-30 10:04:12,300.9,8924189
2021-04-30 10:04:13,300.9,8924891
2021-04-30 10:04:15,300.8,8925506
2021-04-30 10:04:16,300.9,8929477
2021-04-30 10:04:17,300.8,8929528
2021-04-30 10:04:18,300.9,8929997
2021-04-30 10:04:19,300.8,8930438
2021-04-30 10:04:20,300.95,8948736
2021-04-30 10:04:21,301.05,8948810
2021-04-30 10:04:21,300.95,8948860
2021-04-30 10:04:22,301.05,8949567
2021-04-30 10:04:23,301.15,8964505
2021-04-30 10:04:24,301.15,8968592
2021-04-30 10:04:25,301.15,8969004
2021-04-30 10:04:26,301.25,8987552
2021-04-30 10:04:27,301.2,8988604
2021-04-30 10:04:29,301.2,8988854
2021-04-30 10:04:29,301.3,8989268
2021-04-30 10:04:31,301.2,8990604
2021-04-30 10:04:32,301.2,8993929
2021-04-30 10:04:33,301.2,8996259
