timestamp,ltp,volume
2021-04-30 09:15:05,965.2,5892
2021-04-30 09:15:06,962.35,6491
2021-04-30 09:15:07,963.75,7579
2021-04-30 09:15:08,963.05,7890
2021-04-30 09:15:09,962.4,8256
2021-04-30 09:15:10,962.0,9424
2021-04-30 09:15:11,963.05,9669
2021-04-30 09:15:12,963.05,9797
2021-04-30 09:15:13,962.8,10349
2021-04-30 09:15:14,962.55,10765
2021-04-30 09:15:15,962.15,11279
2021-04-30 09:15:16,963.0,11720
2021-04-30 09:15:17,964.1,12823
2021-04-30 09:15:17,964.1,13076
2021-04-30 09:15:18,963.0,13185
2021-04-30 09:15:19,963.0,13593
2021-04-30 09:15:20,964.0,13712
2021-04-30 09:15:21,966.5,15063
2021-04-30 09:15:22,966.5,15787
2021-04-30 09:15:23,968.0,16034
2021-04-30 09:15:24,968.45,16213
2021-04-30 09:15:25,968.5,16878
2021-04-30 09:15:26,968.55,17087
2021-04-30 09:15:27,968.95,17494
2021-04-30 09:15:28,969.0,18935
2021-04-30 09:15:29,969.0,19192
2021-04-30 09:15:30,969.0,19683
2021-04-30 09:15:31,969.0,20143
2021-04-30 09:15:32,968.3,20234
2021-04-30 09:15:33,968.3,20368
2021-04-30 09:15:34,968.3,20389
2021-04-30 09:15:35,968.95,20393
2021-04-30 09:15:36,968.95,20493
2021-04-30 09:15:37,968.95,20577
2021-04-30 09:15:38,968.45,20730
2021-04-30 09:15:39,968.45,20760
2021-04-30 09:15:40,968.9,20930
2021-04-30 09:15:41,968.85,21403
2021-04-30 09:15:43,969.0,21621
2021-04-30 09:15:43,969.0,21653
2021-04-30 09:15:46,969.0,23089
2021-04-30 09:15:47,968.45,23584
2021-04-30 09:15:48,968.85,24254
2021-04-30 09:15:49,969.0,24381
2021-04-30 09:15:49,968.85,24364
2021-04-30 09:15:50,969.0,25285
2021-04-30 09:15:51,969.8,25902
2021-04-30 09:15:52,969.65,26451
2021-04-30 09:15:53,970.0,27930
2021-04-30 09:15:54,969.2,28318
2021-04-30 09:15:55,969.1,28388
2021-04-30 09:15:56,969.0,28542
2021-04-30 09:15:58,969.2,28983
2021-04-30 09:15:59,968.85,29344
2021-04-30 09:16:00,969.35,29409
2021-04-30 09:16:01,969.45,29434
2021-04-30 09:16:02,969.7,29472
2021-04-30 09:16:03,970.0,30114
2021-04-30 09:16:04,969.65,30211
2021-04-30 09:16:05,969.2,31709
2021-04-30 09:16:06,969.35,32131
2021-04-30 09:16:07,969.4,32210
2021-04-30 09:16:08,968.6,32250
2021-04-30 09:16:09,968.7,32856
2021-04-30 09:16:10,969.45,32998
2021-04-30 09:16:11,969.65,33019
2021-04-30 09:16:12,969.55,33142
2021-04-30 09:16:15,969.1,33759
2021-04-30 09:16:16,969.6,33823
2021-04-30 09:16:17,969.3,33824
2021-04-30 09:16:18,969.3,33868
2021-04-30 09:16:19,969.75,34133
2021-04-30 09:16:20,970.0,34172
2021-04-30 09:16:21,969.7,36460
2021-04-30 09:16:22,969.55,36803
2021-04-30 09:16:23,969.45,38910
2021-04-30 09:16:24,969.55,39343
2021-04-30 09:16:24,969.55,39439
2021-04-30 09:16:25,969.5,40192
2021-04-30 09:16:27,970.0,40501
2021-04-30 09:16:27,969.35,40461
2021-04-30 09:16:29,970.0,45916
2021-04-30 09:16:29,969.8,46737
2021-04-30 09:16:31,970.0,48499
2021-04-30 09:16:32,970.0,48841
2021-04-30 09:16:33,970.45,48901
2021-04-30 09:16:33,970.45,48893
2021-04-30 09:16:34,970.5,49133
2021-04-30 09:16:35,970.45,49317
2021-04-30 09:16:36,970.45,49506
2021-04-30 09:16:37,971.0,49534
2021-04-30 09:16:38,970.0,52574
2021-04-30 09:16:39,970.0,53463
2021-04-30 09:16:40,970.0,54330
2021-04-30 09:16:41,970.0,56389
2021-04-30 09:16:42,969.8,57889
2021-04-30 09:16:43,970.0,58235
2021-04-30 09:16:44,970.0,58287
2021-04-30 09:16:45,970.0,60301
2021-04-30 09:16:46,970.0,60603
2021-04-30 09:16:47,970.0,60673
2021-04-30 09:16:48,970.0,60884
2021-04-30 09:16:50,970.45,66546
2021-04-30 09:16:51,970.45,67514
2021-04-30 09:16:51,971.0,67664
2021-04-30 09:16:53,970.45,67737
2021-04-30 09:16:54,970.95,67873
2021-04-30 09:16:55,970.95,67893
2021-04-30 09:16:56,971.1,68705
2021-04-30 09:16:56,971.9,68837
2021-04-30 09:16:57,972.9,69195
2021-04-30 09:16:58,972.75,69377
2021-04-30 09:16:59,972.85,69417
2021-04-30 09:17:00,973.0,69648
2021-04-30 09:17:01,973.0,69786
2021-04-30 09:17:02,973.4,70468
2021-04-30 09:17:03,973.0,70670
2021-04-30 09:17:04,973.5,70931
2021-04-30 09:17:05,973.5,71236
2021-04-30 09:17:06,973.15,71486
2021-04-30 09:17:07,973.0,71829
2021-04-30 09:17:08,973.4,71912
2021-04-30 09:17:09,973.0,72334
2021-04-30 09:17:10,973.0,72528
2021-04-30 09:17:11,972.35,73001
2021-04-30 09:17:12,973.2,73072
2021-04-30 09:17:13,973.35,73842
2021-04-30 09:17:15,973.8,74058
2021-04-30 09:17:16,974.0,74777
2021-04-30 09:17:17,973.95,74899
2021-04-30 09:17:18,973.5,75087
2021-04-30 09:17:18,973.5,75087
2021-04-30 09:17:20,973.6,76220
2021-04-30 09:17:21,973.0,77252
2021-04-30 09:17:21,973.8,77450
2021-04-30 09:17:23,973.8,77479
2021-04-30 09:17:24,973.8,77904
2021-04-30 09:17:24,973.8,77967
2021-04-30 09:17:25,972.75,80851
2021-04-30 09:17:26,972.75,81779
2021-04-30 09:17:27,972.75,82829
2021-04-30 09:17:28,972.6,83094
2021-04-30 09:17:29,972.7,83375
2021-04-30 09:17:30,972.6,83604
2021-04-30 09:17:31,971.4,87658
2021-04-30 09:17:33,973.3,89194
2021-04-30 09:17:34,971.9,89905
2021-04-30 09:17:35,971.6,90129
2021-04-30 09:17:35,971.6,90163
2021-04-30 09:17:36,971.6,90178
2021-04-30 09:17:37,971.6,90203
2021-04-30 09:17:38,971.05,90208
2021-04-30 09:17:39,971.6,90214
2021-04-30 09:17:40,971.65,90305
2021-04-30 09:17:41,971.05,90419
2021-04-30 09:17:42,971.9,92187
2021-04-30 09:17:43,971.4,92485
2021-04-30 09:17:44,970.65,92535
2021-04-30 09:17:46,971.5,92705
2021-04-30 09:17:47,971.1,93050
2021-04-30 09:17:48,971.15,93102
2021-04-30 09:17:49,970.65,93357
2021-04-30 09:17:50,971.0,93615
2021-04-30 09:17:51,971.0,93802
2021-04-30 09:17:51,970.65,93930
2021-04-30 09:17:52,971.15,93954
2021-04-30 09:17:53,971.0,94373
2021-04-30 09:17:55,971.5,94445
2021-04-30 09:17:56,971.5,94456
2021-04-30 09:17:57,971.0,94957
2021-04-30 09:17:57,970.9,95232
2021-04-30 09:17:58,971.5,95428
2021-04-30 09:17:59,971.5,95512
2021-04-30 09:18:00,971.4,95525
2021-04-30 09:18:01,970.75,95597
2021-04-30 09:18:02,970.75,95628
2021-04-30 09:18:04,970.75,95733
2021-04-30 09:18:05,971.25,95754
2021-04-30 09:18:06,971.25,95757
2021-04-30 09:18:07,971.25,95907
2021-04-30 09:18:08,971.0,95990
2021-04-30 09:18:10,971.5,100448
2021-04-30 09:18:10,971.25,100538
2021-04-30 09:18:11,971.9,101894
2021-04-30 09:18:13,971.5,102109
2021-04-30 09:18:14,972.1,102152
2021-04-30 09:18:14,972.6,102669
2021-04-30 09:18:15,973.4,102924
2021-04-30 09:18:16,972.95,103916
2021-04-30 09:18:17,972.4,104267
2021-04-30 09:18:18,973.3,104320
2021-04-30 09:18:20,972.65,105015
2021-04-30 09:18:21,971.85,105919
2021-04-30 09:18:21,972.85,106099
2021-04-30 09:18:23,973.65,106175
2021-04-30 09:18:24,973.65,106175
2021-04-30 09:18:25,973.9,106389
2021-04-30 09:18:26,973.3,106497
2021-04-30 09:18:27,973.3,106525
2021-04-30 09:18:29,974.0,107195
2021-04-30 09:18:30,973.35,107533
2021-04-30 09:18:31,973.35,107630
2021-04-30 09:18:33,973.55,108157
2021-04-30 09:18:34,973.55,108236
2021-04-30 09:18:35,973.65,108447
2021-04-30 09:18:35,973.4,108579
2021-04-30 09:18:36,973.35,108639
2021-04-30 09:18:37,973.0,109042
2021-04-30 09:18:38,973.0,109117
2021-04-30 09:18:39,973.0,109329
2021-04-30 09:18:40,972.5,109860
2021-04-30 09:18:41,973.0,109940
2021-04-30 09:18:42,973.0,110152
2021-04-30 09:18:43,973.0,110184
2021-04-30 09:18:44,973.0,112207
2021-04-30 09:18:46,973.5,114051
2021-04-30 09:18:46,973.0,114428
2021-04-30 09:18:47,973.0,114685
2021-04-30 09:18:49,972.5,114724
2021-04-30 09:18:49,972.9,114736
2021-04-30 09:18:50,972.9,114768
2021-04-30 09:18:52,972.5,115292
2021-04-30 09:18:53,972.7,115327
2021-04-30 09:18:54,972.85,115333
2021-04-30 09:18:55,972.5,115986
2021-04-30 09:18:56,972.5,116084
2021-04-30 09:18:57,972.5,116150
2021-04-30 09:18:59,971.85,116282
2021-04-30 09:18:59,972.4,116427
2021-04-30 09:19:01,972.0,116491
2021-04-30 09:19:02,972.0,116551
2021-04-30 09:19:03,972.0,116883
2021-04-30 09:19:04,972.0,116933
2021-04-30 09:19:05,972.0,116961
2021-04-30 09:19:06,972.0,117443
2021-04-30 09:19:06,972.0,118102
2021-04-30 09:19:07,972.0,123753
2021-04-30 09:19:08,972.0,124739
2021-04-30 09:19:10,971.95,125097
2021-04-30 09:19:10,971.8,125155
2021-04-30 09:19:12,971.9,125553
2021-04-30 09:19:13,971.95,126188
2021-04-30 09:19:14,971.95,126447
2021-04-30 09:19:15,972.0,126510
2021-04-30 09:19:16,972.0,126575
2021-04-30 09:19:17,972.0,126585
2021-04-30 09:19:17,972.0,126586
2021-04-30 09:19:18,972.0,130291
2021-04-30 09:19:19,972.0,131236
2021-04-30 09:19:20,972.0,131378
2021-04-30 09:19:21,972.0,131401
2021-04-30 09:19:23,972.05,132968
2021-04-30 09:19:23,972.5,133203
2021-04-30 09:19:24,972.0,135066
2021-04-30 09:19:26,972.9,136091
2021-04-30 09:19:26,972.95,136257
2021-04-30 09:19:28,972.5,136335
2021-04-30 09:19:30,972.2,136493
2021-04-30 09:19:31,972.5,136804
2021-04-30 09:19:31,972.6,136851
2021-04-30 09:19:33,972.5,136867
2021-04-30 09:19:34,972.6,136869
2021-04-30 09:19:35,972.85,137169
2021-04-30 09:19:36,972.9,137264
2021-04-30 09:19:37,972.9,137279
2021-04-30 09:19:38,972.9,137281
2021-04-30 09:19:39,972.9,137281
2021-04-30 09:19:39,972.95,137286
2021-04-30 09:19:40,972.5,137874
2021-04-30 09:19:41,972.85,137962
2021-04-30 09:19:42,972.7,137975
2021-04-30 09:19:43,972.7,137977
2021-04-30 09:19:44,972.7,137978
2021-04-30 09:19:45,972.7,137978
2021-04-30 09:19:47,972.7,138061
2021-04-30 09:19:47,972.5,138050
2021-04-30 09:19:49,972.85,138262
2021-04-30 09:19:50,972.85,138292
2021-04-30 09:19:51,972.45,138482
2021-04-30 09:19:52,972.8,138510
2021-04-30 09:19:53,972.8,138518
2021-04-30 09:19:54,972.8,138520
2021-04-30 09:19:55,972.95,139008
2021-04-30 09:19:56,972.45,139091
2021-04-30 09:19:57,972.6,139103
2021-04-30 09:19:58,972.6,139105
2021-04-30 09:19:58,972.55,139106
2021-04-30 09:19:59,972.55,139106
2021-04-30 09:20:01,972.0,140034
2021-04-30 09:20:01,971.95,140444
2021-04-30 09:20:02,971.95,140527
2021-04-30 09:20:03,971.9,140754
2021-04-30 09:20:05,971.5,140820
2021-04-30 09:20:06,971.25,140852
2021-04-30 09:20:07,971.25,140907
2021-04-30 09:20:08,971.75,140930
2021-04-30 09:20:08,971.7,140933
2021-04-30 09:20:09,971.0,143978
2021-04-30 09:20:10,971.8,144535
2021-04-30 09:20:11,971.95,144818
2021-04-30 09:20:12,971.9,145016
2021-04-30 09:20:13,972.0,145045
2021-04-30 09:20:14,971.7,145060
2021-04-30 09:20:15,971.95,145162
2021-04-30 09:20:17,971.95,145177
2021-04-30 09:20:18,971.35,145257
2021-04-30 09:20:19,971.0,145271
2021-04-30 09:20:20,971.8,145305
2021-04-30 09:20:22,972.15,145885
2021-04-30 09:20:24,972.2,145923
2021-04-30 09:20:25,972.2,145976
2021-04-30 09:20:26,971.7,146024
2021-04-30 09:20:26,971.65,146041
2021-04-30 09:20:28,971.2,146058
2021-04-30 09:20:29,971.65,146126
2021-04-30 09:20:30,971.85,146323
2021-04-30 09:20:31,971.25,151387
2021-04-30 09:20:31,971.9,152157
2021-04-30 09:20:33,971.4,152293
2021-04-30 09:20:34,970.9,153619
2021-04-30 09:20:35,971.0,153818
2021-04-30 09:20:35,970.8,153943
2021-04-30 09:20:36,971.0,153961
2021-04-30 09:20:38,970.65,154114
2021-04-30 09:20:38,971.0,154907
2021-04-30 09:20:40,971.0,155052
2021-04-30 09:20:41,971.0,155074
2021-04-30 09:20:42,970.95,155223
2021-04-30 09:20:43,970.65,155272
2021-04-30 09:20:43,970.95,155280
2021-04-30 09:20:44,971.0,181247
2021-04-30 09:20:45,970.7,185148
2021-04-30 09:20:46,971.0,185778
2021-04-30 09:20:48,970.0,188423
2021-04-30 09:20:49,969.55,188891
2021-04-30 09:20:51,969.9,189127
2021-04-30 09:20:52,970.0,192765
2021-04-30 09:20:53,970.0,200296
2021-04-30 09:20:54,969.8,201703
2021-04-30 09:20:55,970.5,201915
2021-04-30 09:20:56,970.0,201952
2021-04-30 09:20:57,970.6,202058
2021-04-30 09:20:58,970.6,202075
2021-04-30 09:20:59,970.4,202077
2021-04-30 09:21:00,970.4,202081
2021-04-30 09:21:01,970.15,202128
2021-04-30 09:21:02,970.4,202135
2021-04-30 09:21:03,970.05,202138
2021-04-30 09:21:04,970.45,202155
2021-04-30 09:21:05,969.7,202764
2021-04-30 09:21:06,969.9,209014
2021-04-30 09:21:07,970.0,210016
2021-04-30 09:21:08,969.5,210168
2021-04-30 09:21:09,968.7,254545
2021-04-30 09:21:10,968.7,254545
2021-04-30 09:21:11,968.65,254766
2021-04-30 09:21:11,968.65,254799
2021-04-30 09:21:12,968.55,254864
2021-04-30 09:21:13,968.2,255329
2021-04-30 09:21:14,968.6,255464
2021-04-30 09:21:15,969.25,255512
2021-04-30 09:21:17,969.95,255770
2021-04-30 09:21:18,969.95,255828
2021-04-30 09:21:19,969.95,255837
2021-04-30 09:21:20,970.0,257723
2021-04-30 09:21:21,970.05,258371
2021-04-30 09:21:22,970.6,259662
2021-04-30 09:21:23,971.0,259856
2021-04-30 09:21:24,970.6,259955
2021-04-30 09:21:25,971.0,259970
2021-04-30 09:21:26,970.95,260007
2021-04-30 09:21:27,971.25,262270
2021-04-30 09:21:28,971.3,263712
2021-04-30 09:21:29,971.3,264128
2021-04-30 09:21:30,971.4,264206
2021-04-30 09:21:31,971.95,264217
2021-04-30 09:21:32,971.4,264419
2021-04-30 09:21:33,971.9,264449
2021-04-30 09:21:34,971.95,264454
2021-04-30 09:21:34,971.95,264454
2021-04-30 09:21:36,971.4,264604
2021-04-30 09:21:37,971.45,264642
2021-04-30 09:21:38,971.9,264797
2021-04-30 09:21:39,971.9,265274
2021-04-30 09:21:40,972.0,265345
2021-04-30 09:21:41,971.95,265356
2021-04-30 09:21:42,971.95,265797
2021-04-30 09:21:43,972.3,266031
2021-04-30 09:21:44,972.95,266111
2021-04-30 09:21:45,972.95,266123
2021-04-30 09:21:46,972.4,266200
2021-04-30 09:21:47,972.7,266311
2021-04-30 09:21:48,972.7,266331
2021-04-30 09:21:49,972.85,266334
2021-04-30 09:21:50,972.55,266335
2021-04-30 09:21:51,973.25,266957
2021-04-30 09:21:52,973.0,267065
2021-04-30 09:21:53,973.0,267081
2021-04-30 09:21:54,973.4,267707
2021-04-30 09:21:55,974.35,268720
2021-04-30 09:21:56,974.15,269107
2021-04-30 09:21:57,974.5,271854
2021-04-30 09:21:58,975.55,272565
2021-04-30 09:21:59,975.2,272837
2021-04-30 09:22:00,975.85,272950
2021-04-30 09:22:01,976.2,273823
2021-04-30 09:22:01,976.4,273916
2021-04-30 09:22:03,975.35,275933
2021-04-30 09:22:04,975.35,276274
2021-04-30 09:22:05,975.35,276849
2021-04-30 09:22:06,975.3,276936
2021-04-30 09:22:07,975.0,277328
2021-04-30 09:22:08,975.3,277429
2021-04-30 09:22:09,975.5,277442
2021-04-30 09:22:10,975.75,277493
2021-04-30 09:22:11,976.45,277518
2021-04-30 09:22:12,975.9,277551
2021-04-30 09:22:13,975.65,277645
2021-04-30 09:22:14,976.4,278100
2021-04-30 09:22:15,974.9,280165
2021-04-30 09:22:16,975.0,280597
2021-04-30 09:22:17,974.75,280705
2021-04-30 09:22:18,974.05,281619
2021-04-30 09:22:19,974.4,281723
2021-04-30 09:22:20,974.55,281933
2021-04-30 09:22:21,973.6,283014
2021-04-30 09:22:22,973.85,283373
2021-04-30 09:22:22,974.6,283409
2021-04-30 09:22:24,974.55,283413
2021-04-30 09:22:25,973.65,283418
2021-04-30 09:22:26,974.1,283623
2021-04-30 09:22:27,974.0,283899
2021-04-30 09:22:28,974.0,283929
2021-04-30 09:22:28,974.0,285652
2021-04-30 09:22:30,973.55,286026
2021-04-30 09:22:31,973.55,286026
2021-04-30 09:22:32,973.55,286026
2021-04-30 09:22:32,974.0,286083
2021-04-30 09:22:34,974.0,286090
2021-04-30 09:22:35,974.0,286151
2021-04-30 09:22:35,974.0,286420
2021-04-30 09:22:36,974.0,286447
2021-04-30 09:22:38,973.45,286456
2021-04-30 09:22:38,973.15,286758
2021-04-30 09:22:40,973.2,286852
2021-04-30 09:22:41,972.8,287381
2021-04-30 09:22:42,972.9,287561
2021-04-30 09:22:43,972.9,287588
2021-04-30 09:22:44,972.25,287719
2021-04-30 09:22:45,972.85,287838
2021-04-30 09:22:47,972.0,288609
2021-04-30 09:22:48,972.0,288928
2021-04-30 09:22:48,972.0,288981
2021-04-30 09:22:50,971.95,289012
2021-04-30 09:22:50,972.0,289126
2021-04-30 09:22:52,972.0,289143
2021-04-30 09:22:53,972.0,290187
2021-04-30 09:22:54,973.05,290344
2021-04-30 09:22:55,973.05,290367
2021-04-30 09:22:55,973.05,290371
2021-04-30 09:22:57,972.9,290373
2021-04-30 09:22:58,972.9,290373
2021-04-30 09:22:59,972.5,290374
2021-04-30 09:23:01,972.5,290374
2021-04-30 09:23:02,972.5,290374
2021-04-30 09:23:03,972.3,290388
2021-04-30 09:23:04,973.05,290390
2021-04-30 09:23:05,972.9,290391
2021-04-30 09:23:06,972.9,290391
2021-04-30 09:23:07,972.9,290412
2021-04-30 09:23:08,972.9,290415
2021-04-30 09:23:09,972.65,290621
2021-04-30 09:23:10,972.6,290991
2021-04-30 09:23:11,973.2,291047
2021-04-30 09:23:12,973.2,291055
2021-04-30 09:23:13,973.2,291056
2021-04-30 09:23:14,973.2,291056
2021-04-30 09:23:15,973.2,291056
2021-04-30 09:23:16,973.2,291056
2021-04-30 09:23:17,973.2,291056
2021-04-30 09:23:18,972.9,291418
2021-04-30 09:23:19,972.85,291493
2021-04-30 09:23:20,972.8,291529
2021-04-30 09:23:21,972.8,291534
2021-04-30 09:23:22,972.8,291535
2021-04-30 09:23:23,972.8,291535
2021-04-30 09:23:24,973.0,292691
2021-04-30 09:23:25,972.2,292866
2021-04-30 09:23:26,972.6,292892
2021-04-30 09:23:27,972.85,293064
2021-04-30 09:23:28,972.85,293100
2021-04-30 09:23:29,973.0,293105
2021-04-30 09:23:30,973.0,293106
2021-04-30 09:23:31,972.85,293206
2021-04-30 09:23:32,973.0,293221
2021-04-30 09:23:33,973.2,296400
2021-04-30 09:23:34,972.0,305806
2021-04-30 09:23:35,971.65,307277
2021-04-30 09:23:36,972.0,307508
2021-04-30 09:23:37,971.7,307544
2021-04-30 09:23:38,971.7,307839
2021-04-30 09:23:39,972.0,307883
2021-04-30 09:23:40,972.0,307990
2021-04-30 09:23:41,972.0,308007
2021-04-30 09:23:42,972.0,308010
2021-04-30 09:23:43,972.0,308135
2021-04-30 09:23:44,972.0,315231
2021-04-30 09:23:45,971.8,316395
2021-04-30 09:23:46,971.7,317091
2021-04-30 09:23:47,972.0,317286
2021-04-30 09:23:48,972.0,317458
2021-04-30 09:23:49,972.0,317705
2021-04-30 09:23:50,971.75,317789
2021-04-30 09:23:51,972.0,317902
2021-04-30 09:23:52,972.0,317969
2021-04-30 09:23:53,972.0,318735
2021-04-30 09:23:54,971.8,318882
2021-04-30 09:23:55,972.0,319035
2021-04-30 09:23:56,972.0,319120
2021-04-30 09:23:57,972.6,322260
2021-04-30 09:23:58,972.1,322775
2021-04-30 09:23:59,973.2,323473
2021-04-30 09:24:00,973.3,323977
2021-04-30 09:24:01,972.8,324400
2021-04-30 09:24:02,973.4,324463
2021-04-30 09:24:03,972.65,324506
2021-04-30 09:24:04,972.75,324534
2021-04-30 09:24:05,973.0,324539
2021-04-30 09:24:06,972.8,324760
2021-04-30 09:24:07,972.2,324815
2021-04-30 09:24:08,972.8,324824
2021-04-30 09:24:09,973.05,324925
2021-04-30 09:24:10,973.0,324940
2021-04-30 09:24:11,973.0,324942
2021-04-30 09:24:12,973.0,324943
2021-04-30 09:24:13,972.8,325714
2021-04-30 09:24:14,972.8,325871
2021-04-30 09:24:15,972.8,325894
2021-04-30 09:24:16,972.8,325898
2021-04-30 09:24:17,972.8,325900
2021-04-30 09:24:18,972.3,326500
2021-04-30 09:24:19,972.75,326596
2021-04-30 09:24:20,972.75,326611
2021-04-30 09:24:21,972.75,326623
2021-04-30 09:24:22,972.75,326625
2021-04-30 09:24:23,972.2,326650
2021-04-30 09:24:24,972.75,326704
2021-04-30 09:24:25,972.4,326754
2021-04-30 09:24:26,972.75,326762
2021-04-30 09:24:27,972.75,326964
2021-04-30 09:24:28,972.9,326994
2021-04-30 09:24:29,972.95,326999
2021-04-30 09:24:31,973.0,329426
2021-04-30 09:24:32,973.0,329528
2021-04-30 09:24:33,972.9,331525
2021-04-30 09:24:34,973.0,332019
2021-04-30 09:24:35,973.0,332141
2021-04-30 09:24:36,973.0,332160
2021-04-30 09:24:37,973.0,332663
2021-04-30 09:24:38,973.0,333728
2021-04-30 09:24:39,973.0,333898
2021-04-30 09:24:40,973.0,334233
2021-04-30 09:24:41,973.0,334456
2021-04-30 09:24:42,973.0,334589
2021-04-30 09:24:43,972.7,336066
2021-04-30 09:24:44,972.55,336322
2021-04-30 09:24:45,971.9,339184
2021-04-30 09:24:46,971.9,339834
2021-04-30 09:24:47,972.05,339951
2021-04-30 09:24:48,972.05,339979
2021-04-30 09:24:49,972.1,340293
2021-04-30 09:24:50,972.1,340340
2021-04-30 09:24:51,972.05,340357
2021-04-30 09:24:52,972.05,340360
2021-04-30 09:24:53,971.6,340367
2021-04-30 09:24:54,971.6,340370
2021-04-30 09:24:55,971.6,340371
2021-04-30 09:24:56,971.95,340771
2021-04-30 09:24:57,971.3,340973
2021-04-30 09:24:58,971.5,341009
2021-04-30 09:24:59,971.5,341015
2021-04-30 09:25:00,971.5,341016
2021-04-30 09:25:01,971.5,341016
2021-04-30 09:25:02,971.05,341516
2021-04-30 09:25:03,971.0,341927
2021-04-30 09:25:04,971.3,341988
2021-04-30 09:25:05,970.65,342019
2021-04-30 09:25:06,971.1,342023
2021-04-30 09:25:07,971.1,342024
2021-04-30 09:25:08,971.1,342024
2021-04-30 09:25:09,970.7,342224
2021-04-30 09:25:10,971.0,342254
2021-04-30 09:25:11,971.0,342258
2021-04-30 09:25:12,971.0,342259
2021-04-30 09:25:13,971.0,342794
2021-04-30 09:25:14,971.0,342874
2021-04-30 09:25:16,971.0,342886
2021-04-30 09:25:16,971.0,342888
2021-04-30 09:25:17,971.0,342941
2021-04-30 09:25:18,970.2,440204
2021-04-30 09:25:19,969.25,440960
2021-04-30 09:25:20,969.4,441124
2021-04-30 09:25:21,969.25,441698
2021-04-30 09:25:22,969.3,441925
2021-04-30 09:25:23,969.8,441959
2021-04-30 09:25:25,969.8,441979
2021-04-30 09:25:26,969.3,442077
2021-04-30 09:25:26,969.8,442092
2021-04-30 09:25:27,969.8,442145
2021-04-30 09:25:28,969.8,442153
2021-04-30 09:25:29,969.9,442165
2021-04-30 09:25:30,970.5,442167
2021-04-30 09:25:31,970.5,442167
2021-04-30 09:25:32,970.25,442320
2021-04-30 09:25:33,970.25,442343
2021-04-30 09:25:34,970.25,442646
2021-04-30 09:25:35,970.5,443401
2021-04-30 09:25:36,970.55,443548
2021-04-30 09:25:37,970.6,444787
2021-04-30 09:25:38,971.0,444973
2021-04-30 09:25:39,970.6,445521
2021-04-30 09:25:40,971.0,446144
2021-04-30 09:25:41,971.8,448418
2021-04-30 09:25:42,971.55,448841
2021-04-30 09:25:43,972.5,449130
2021-04-30 09:25:44,972.65,449174
2021-04-30 09:25:45,972.85,450580
2021-04-30 09:25:46,972.6,450792
2021-04-30 09:25:47,973.0,450905
2021-04-30 09:25:48,973.25,451386
2021-04-30 09:25:49,973.25,451386
2021-04-30 09:25:50,974.0,451970
2021-04-30 09:25:51,974.0,452097
2021-04-30 09:25:52,974.25,452426
2021-04-30 09:25:53,974.6,452572
2021-04-30 09:25:54,975.0,452636
2021-04-30 09:25:55,974.3,452673
2021-04-30 09:25:56,975.0,452676
2021-04-30 09:25:58,975.0,452677
2021-04-30 09:25:59,975.0,452677
2021-04-30 09:25:59,975.0,452677
2021-04-30 09:26:00,975.0,452677
2021-04-30 09:26:01,974.2,453754
2021-04-30 09:26:02,974.1,453891
2021-04-30 09:26:03,974.4,454337
2021-04-30 09:26:04,974.2,454686
2021-04-30 09:26:05,974.4,454721
2021-04-30 09:26:06,974.4,454724
2021-04-30 09:26:07,973.6,454745
2021-04-30 09:26:08,973.65,454767
2021-04-30 09:26:09,973.8,454770
2021-04-30 09:26:10,973.8,454800
2021-04-30 09:26:11,973.85,455005
2021-04-30 09:26:12,972.55,456086
2021-04-30 09:26:13,972.6,456505
2021-04-30 09:26:14,972.6,456568
2021-04-30 09:26:15,972.6,456642
2021-04-30 09:26:16,972.15,456658
2021-04-30 09:26:17,972.6,456720
2021-04-30 09:26:18,972.8,456734
2021-04-30 09:26:19,972.4,456751
2021-04-30 09:26:20,972.9,456754
2021-04-30 09:26:21,972.5,456759
2021-04-30 09:26:22,972.7,456791
2021-04-30 09:26:23,972.05,457077
2021-04-30 09:26:24,972.3,457120
2021-04-30 09:26:25,972.0,457710
2021-04-30 09:26:26,971.95,457892
2021-04-30 09:26:27,972.0,457919
2021-04-30 09:26:28,972.0,457962
2021-04-30 09:26:29,972.0,458249
2021-04-30 09:26:30,972.7,458292
2021-04-30 09:26:31,972.35,458349
2021-04-30 09:26:32,972.95,458512
2021-04-30 09:26:33,973.15,458537
2021-04-30 09:26:34,973.15,458551
2021-04-30 09:26:35,972.55,458608
2021-04-30 09:26:36,972.95,458769
2021-04-30 09:26:38,972.95,458793
2021-04-30 09:26:38,972.95,458797
2021-04-30 09:26:39,973.2,459068
2021-04-30 09:26:40,972.9,459119
2021-04-30 09:26:41,972.9,459128
2021-04-30 09:26:42,972.75,459171
2021-04-30 09:26:43,972.9,459177
2021-04-30 09:26:44,972.9,459181
2021-04-30 09:26:45,972.9,459182
2021-04-30 09:26:46,972.75,459435
2021-04-30 09:26:47,972.5,460385
2021-04-30 09:26:48,972.05,460528
2021-04-30 09:26:49,972.1,460847
2021-04-30 09:26:50,972.9,460996
2021-04-30 09:26:51,972.9,461019
2021-04-30 09:26:52,973.1,461222
2021-04-30 09:26:53,973.2,461653
2021-04-30 09:26:54,972.65,461738
2021-04-30 09:26:56,973.05,461751
2021-04-30 09:26:57,972.8,461870
2021-04-30 09:26:57,972.8,461888
2021-04-30 09:26:58,972.9,462395
2021-04-30 09:26:59,972.95,462666
2021-04-30 09:27:00,973.25,462706
2021-04-30 09:27:01,972.95,463098
2021-04-30 09:27:02,973.0,463157
2021-04-30 09:27:03,972.3,463259
2021-04-30 09:27:04,972.85,463274
2021-04-30 09:27:05,973.0,463327
2021-04-30 09:27:06,973.0,463334
2021-04-30 09:27:07,972.5,463341
2021-04-30 09:27:08,973.15,463392
2021-04-30 09:27:09,973.0,463404
2021-04-30 09:27:10,972.7,463417
2021-04-30 09:27:11,973.0,463419
2021-04-30 09:27:12,973.0,463419
2021-04-30 09:27:13,973.0,463501
2021-04-30 09:27:14,973.0,463514
2021-04-30 09:27:15,973.0,463602
2021-04-30 09:27:16,973.0,463921
2021-04-30 09:27:17,973.5,463969
2021-04-30 09:27:18,972.7,464176
2021-04-30 09:27:19,973.35,464357
2021-04-30 09:27:20,973.35,464394
2021-04-30 09:27:21,973.35,464400
2021-04-30 09:27:22,973.35,464400
2021-04-30 09:27:23,973.35,464400
2021-04-30 09:27:27,973.4,464918
2021-04-30 09:27:28,973.65,464962
2021-04-30 09:27:29,973.8,464969
2021-04-30 09:27:30,973.75,464970
2021-04-30 09:27:31,973.8,465170
2021-04-30 09:27:32,973.8,465170
2021-04-30 09:27:33,974.0,465200
2021-04-30 09:27:35,973.95,465203
2021-04-30 09:27:36,973.95,465203
2021-04-30 09:27:37,974.0,465204
2021-04-30 09:27:38,973.9,465206
2021-04-30 09:27:38,973.4,465393
2021-04-30 09:27:39,973.4,465442
2021-04-30 09:27:40,973.4,465470
2021-04-30 09:27:41,973.0,466724
2021-04-30 09:27:42,973.65,466913
2021-04-30 09:27:43,973.7,467092
2021-04-30 09:27:44,973.7,467119
2021-04-30 09:27:45,973.0,467228
2021-04-30 09:27:46,973.5,467284
2021-04-30 09:27:47,973.5,467292
2021-04-30 09:27:50,973.5,467344
2021-04-30 09:27:51,973.5,467351
2021-04-30 09:27:51,973.5,467352
2021-04-30 09:27:52,973.45,467357
2021-04-30 09:27:53,973.45,467368
2021-04-30 09:27:54,973.4,467387
2021-04-30 09:27:55,973.45,467438
2021-04-30 09:27:56,973.45,467445
2021-04-30 09:27:57,973.45,467546
2021-04-30 09:27:58,973.4,467562
2021-04-30 09:27:59,973.45,467565
2021-04-30 09:28:01,973.45,467606
2021-04-30 09:28:02,972.3,469470
2021-04-30 09:28:03,972.7,469752
2021-04-30 09:28:04,972.65,469795
2021-04-30 09:28:05,972.65,469851
2021-04-30 09:28:06,972.1,469909
2021-04-30 09:28:07,972.65,469918
2021-04-30 09:28:08,972.65,469920
2021-04-30 09:28:09,972.7,470171
2021-04-30 09:28:10,972.65,470308
2021-04-30 09:28:11,972.55,470329
2021-04-30 09:28:12,972.6,470432
2021-04-30 09:28:13,972.65,470448
2021-04-30 09:28:14,972.85,470650
2021-04-30 09:28:15,972.65,470705
2021-04-30 09:28:17,972.65,470737
2021-04-30 09:28:18,972.65,470742
2021-04-30 09:28:18,972.3,470744
2021-04-30 09:28:19,972.3,470744
2021-04-30 09:28:20,972.05,471431
2021-04-30 09:28:21,972.4,471634
2021-04-30 09:28:22,971.7,473187
2021-04-30 09:28:23,972.0,473455
2021-04-30 09:28:24,972.0,473699
2021-04-30 09:28:26,971.7,473783
2021-04-30 09:28:27,972.0,473790
2021-04-30 09:28:28,971.8,474806
2021-04-30 09:28:29,971.85,480412
2021-04-30 09:28:30,971.4,481289
2021-04-30 09:28:31,972.0,481421
2021-04-30 09:28:32,972.0,481441
2021-04-30 09:28:33,972.0,481444
2021-04-30 09:28:34,971.9,481481
2021-04-30 09:28:35,971.0,481915
2021-04-30 09:28:36,971.0,481980
2021-04-30 09:28:38,971.0,482014
2021-04-30 09:28:39,971.0,482034
2021-04-30 09:28:40,971.0,482037
2021-04-30 09:28:41,971.0,482038
2021-04-30 09:28:42,971.0,482038
2021-04-30 09:28:43,971.0,482111
2021-04-30 09:28:46,971.0,482183
2021-04-30 09:28:46,971.0,482181
2021-04-30 09:28:47,970.2,502427
2021-04-30 09:28:48,971.0,505509
2021-04-30 09:28:49,971.0,505972
2021-04-30 09:28:50,971.0,506043
2021-04-30 09:28:51,971.0,506058
2021-04-30 09:28:52,971.0,506111
2021-04-30 09:28:53,971.0,506122
2021-04-30 09:28:54,971.0,506865
2021-04-30 09:28:55,971.0,507002
2021-04-30 09:28:57,970.6,508299
2021-04-30 09:28:58,971.1,508341
2021-04-30 09:28:59,971.05,508348
2021-04-30 09:29:00,971.0,508353
2021-04-30 09:29:01,971.05,508358
2021-04-30 09:29:03,971.4,508430
2021-04-30 09:29:04,971.2,508531
2021-04-30 09:29:05,971.85,508817
2021-04-30 09:29:06,971.85,508859
2021-04-30 09:29:07,971.55,508866
2021-04-30 09:29:08,971.55,508868
2021-04-30 09:29:09,971.55,508878
2021-04-30 09:29:10,971.55,509020
2021-04-30 09:29:11,971.55,509043
2021-04-30 09:29:13,971.55,509047
2021-04-30 09:29:14,971.55,509049
2021-04-30 09:29:15,971.6,509053
2021-04-30 09:29:16,972.0,509091
2021-04-30 09:29:17,972.3,509112
2021-04-30 09:29:18,971.7,509125
2021-04-30 09:29:19,972.3,509127
2021-04-30 09:29:19,972.3,509127
2021-04-30 09:29:21,972.3,509127
2021-04-30 09:29:21,971.65,509157
2021-04-30 09:29:23,972.2,509162
2021-04-30 09:29:24,972.0,509264
2021-04-30 09:29:25,972.0,509279
2021-04-30 09:29:26,971.95,509281
2021-04-30 09:29:27,971.65,509774
2021-04-30 09:29:27,971.65,509848
2021-04-30 09:29:28,971.65,509859
2021-04-30 09:29:29,971.65,509860
2021-04-30 09:29:30,971.65,509861
2021-04-30 09:29:31,971.8,509961
2021-04-30 09:29:33,972.25,510208
2021-04-30 09:29:34,972.1,510213
2021-04-30 09:29:35,972.0,510214
2021-04-30 09:29:37,972.0,510214
2021-04-30 09:29:38,971.5,510763
2021-04-30 09:29:39,971.6,510845
2021-04-30 09:29:40,971.6,510859
2021-04-30 09:29:41,971.0,511250
2021-04-30 09:29:42,971.65,511309
2021-04-30 09:29:43,971.1,511353
2021-04-30 09:29:44,971.65,511510
2021-04-30 09:29:45,971.85,511621
2021-04-30 09:29:47,971.95,511638
2021-04-30 09:29:48,972.0,511640
2021-04-30 09:29:49,972.0,511641
2021-04-30 09:29:50,972.0,511641
2021-04-30 09:29:51,972.0,511650
2021-04-30 09:29:52,972.0,511651
2021-04-30 09:29:53,972.0,511651
2021-04-30 09:29:54,971.9,511654
2021-04-30 09:29:54,971.25,511705
2021-04-30 09:29:55,971.85,511713
2021-04-30 09:29:57,971.55,511766
2021-04-30 09:29:58,971.55,511774
2021-04-30 09:29:59,971.25,511796
2021-04-30 09:30:00,971.25,511823
2021-04-30 09:30:01,971.25,512064
2021-04-30 09:30:02,971.3,512100
2021-04-30 09:30:03,971.25,512106
2021-04-30 09:30:04,971.25,512107
2021-04-30 09:30:05,971.25,512107
2021-04-30 09:30:06,971.25,512328
2021-04-30 09:30:07,971.3,512361
2021-04-30 09:30:09,971.3,512657
2021-04-30 09:30:09,971.35,512663
2021-04-30 09:30:10,971.7,512664
2021-04-30 09:30:11,971.5,512696
2021-04-30 09:30:12,971.5,512701
2021-04-30 09:30:14,971.0,512732
2021-04-30 09:30:15,971.5,512733
2021-04-30 09:30:17,971.5,512733
2021-04-30 09:30:18,971.5,512733
2021-04-30 09:30:18,971.5,512733
2021-04-30 09:30:19,971.45,512734
2021-04-30 09:30:20,971.45,512734
2021-04-30 09:30:21,970.4,515014
2021-04-30 09:30:22,970.4,515356
2021-04-30 09:30:23,970.4,515407
2021-04-30 09:30:24,970.4,515425
2021-04-30 09:30:25,970.4,515428
2021-04-30 09:30:26,970.35,515445
2021-04-30 09:30:28,970.35,515448
2021-04-30 09:30:30,970.35,515448
2021-04-30 09:30:30,970.35,515448
2021-04-30 09:30:32,970.4,515566
2021-04-30 09:30:33,970.0,517053
2021-04-30 09:30:34,970.45,517303
2021-04-30 09:30:36,970.5,517390
2021-04-30 09:30:37,970.4,517553
2021-04-30 09:30:38,970.0,517583
2021-04-30 09:30:39,970.0,517588
2021-04-30 09:30:40,970.05,517594
2021-04-30 09:30:41,970.0,518920
2021-04-30 09:30:42,970.05,519126
2021-04-30 09:30:43,969.8,519295
2021-04-30 09:30:44,970.0,520398
2021-04-30 09:30:45,970.0,520565
2021-04-30 09:30:46,970.0,520596
2021-04-30 09:30:46,970.0,520604
2021-04-30 09:30:48,970.0,520737
2021-04-30 09:30:49,969.95,520757
2021-04-30 09:30:49,969.85,520760
2021-04-30 09:30:50,969.85,521011
2021-04-30 09:30:51,970.0,521071
2021-04-30 09:30:53,969.5,521313
2021-04-30 09:30:54,969.85,521354
2021-04-30 09:30:54,969.5,521420
2021-04-30 09:30:55,970.1,521930
2021-04-30 09:30:56,970.0,522031
2021-04-30 09:30:57,970.15,522046
2021-04-30 09:30:59,969.7,522074
2021-04-30 09:31:00,970.1,522179
2021-04-30 09:31:00,970.15,522246
2021-04-30 09:31:01,970.0,522265
2021-04-30 09:31:02,970.0,522292
2021-04-30 09:31:03,970.0,522296
2021-04-30 09:31:04,970.1,522402
2021-04-30 09:31:05,970.1,522469
2021-04-30 09:31:07,970.05,522523
2021-04-30 09:31:08,970.05,522533
2021-04-30 09:31:09,970.05,522555
2021-04-30 09:31:10,970.1,522561
2021-04-30 09:31:11,970.1,523137
2021-04-30 09:31:12,970.1,523224
2021-04-30 09:31:13,970.0,523343
2021-04-30 09:31:14,970.1,523361
2021-04-30 09:31:15,970.5,523898
2021-04-30 09:31:16,970.9,523979
2021-04-30 09:31:16,970.85,523991
2021-04-30 09:31:17,970.75,523992
2021-04-30 09:31:18,970.75,523993
2021-04-30 09:31:19,970.9,524539
2021-04-30 09:31:20,970.8,524641
2021-04-30 09:31:21,971.3,524886
2021-04-30 09:31:23,972.0,524888
2021-04-30 09:31:24,971.95,524924
2021-04-30 09:31:25,971.95,524930
2021-04-30 09:31:26,971.8,524941
2021-04-30 09:31:27,971.95,524943
2021-04-30 09:31:29,971.95,524946
2021-04-30 09:31:30,971.95,524947
2021-04-30 09:31:31,971.95,525001
2021-04-30 09:31:32,971.95,525009
2021-04-30 09:31:33,971.95,525010
2021-04-30 09:31:34,971.95,525010
2021-04-30 09:31:35,971.95,525010
2021-04-30 09:31:36,971.95,525166
2021-04-30 09:31:37,972.0,525290
2021-04-30 09:31:38,971.7,525458
2021-04-30 09:31:39,972.0,525484
2021-04-30 09:31:40,972.0,525537
2021-04-30 09:31:41,971.8,525575
2021-04-30 09:31:42,972.0,525581
2021-04-30 09:31:43,972.2,525728
2021-04-30 09:31:44,972.95,525750
2021-04-30 09:31:45,972.85,525754
2021-04-30 09:31:46,972.85,525756
2021-04-30 09:31:47,972.85,525817
2021-04-30 09:31:48,972.85,525976
2021-04-30 09:31:49,972.85,526000
2021-04-30 09:31:50,972.85,526003
2021-04-30 09:31:51,972.85,526004
2021-04-30 09:31:52,972.85,526004
2021-04-30 09:31:53,972.85,526014
2021-04-30 09:31:54,972.85,526015
2021-04-30 09:31:55,972.85,526015
2021-04-30 09:31:56,972.85,526015
2021-04-30 09:31:57,972.3,526410
2021-04-30 09:31:58,972.3,526473
2021-04-30 09:31:59,972.3,526567
2021-04-30 09:32:00,971.55,526681
2021-04-30 09:32:01,972.0,526751
2021-04-30 09:32:02,972.0,526856
2021-04-30 09:32:03,971.55,527248
2021-04-30 09:32:04,972.0,527306
2021-04-30 09:32:05,972.0,527315
2021-04-30 09:32:06,972.0,527362
2021-04-30 09:32:07,971.8,527420
2021-04-30 09:32:08,972.0,528098
2021-04-30 09:32:09,972.0,528251
2021-04-30 09:32:10,971.75,528314
2021-04-30 09:32:11,971.95,528323
2021-04-30 09:32:12,971.95,528325
2021-04-30 09:32:13,971.95,528335
2021-04-30 09:32:14,971.95,528366
2021-04-30 09:32:15,971.6,528675
2021-04-30 09:32:16,971.5,528722
2021-04-30 09:32:17,971.5,528732
2021-04-30 09:32:18,971.8,528743
2021-04-30 09:32:19,971.5,528770
2021-04-30 09:32:20,971.85,528874
2021-04-30 09:32:21,971.95,528940
2021-04-30 09:32:22,971.5,528951
2021-04-30 09:32:23,971.95,528953
2021-04-30 09:32:23,971.95,528953
2021-04-30 09:32:25,971.5,529040
2021-04-30 09:32:26,971.9,529053
2021-04-30 09:32:27,971.85,529055
2021-04-30 09:32:28,971.85,529055
2021-04-30 09:32:29,971.8,529130
2021-04-30 09:32:30,971.85,529142
2021-04-30 09:32:31,971.55,529145
2021-04-30 09:32:32,971.55,529145
2021-04-30 09:32:33,971.55,529145
2021-04-30 09:32:34,971.55,529146
2021-04-30 09:32:35,971.55,529151
2021-04-30 09:32:35,971.9,529152
2021-04-30 09:32:37,971.9,529152
2021-04-30 09:32:38,972.0,529272
2021-04-30 09:32:39,972.0,530185
2021-04-30 09:32:40,971.95,530373
2021-04-30 09:32:41,972.0,530401
2021-04-30 09:32:42,971.95,530455
2021-04-30 09:32:43,972.0,530468
2021-04-30 09:32:44,972.0,530470
2021-04-30 09:32:45,971.95,530675
2021-04-30 09:32:46,972.0,530705
2021-04-30 09:32:47,971.95,530775
2021-04-30 09:32:48,972.0,530834
2021-04-30 09:32:49,971.95,531070
2021-04-30 09:32:50,972.0,531106
2021-04-30 09:32:51,971.9,531115
2021-04-30 09:32:52,971.95,531117
2021-04-30 09:32:52,971.95,531117
2021-04-30 09:32:53,971.95,531117
2021-04-30 09:32:55,971.55,531604
2021-04-30 09:32:56,971.9,531677
2021-04-30 09:32:57,971.9,531688
2021-04-30 09:32:57,971.5,531927
2021-04-30 09:32:58,971.55,531978
2021-04-30 09:32:59,971.7,531998
2021-04-30 09:33:00,972.0,533028
2021-04-30 09:33:01,972.0,533183
2021-04-30 09:33:02,972.25,535464
2021-04-30 09:33:04,972.85,535818
2021-04-30 09:33:05,972.55,535901
2021-04-30 09:33:06,972.8,535914
2021-04-30 09:33:07,972.8,535916
2021-04-30 09:33:08,972.8,536028
2021-04-30 09:33:09,972.8,536145
2021-04-30 09:33:10,972.8,536162
2021-04-30 09:33:11,972.45,536505
2021-04-30 09:33:12,972.45,536633
2021-04-30 09:33:13,973.0,536653
2021-04-30 09:33:14,973.0,536656
2021-04-30 09:33:14,973.0,536692
2021-04-30 09:33:16,973.0,536707
2021-04-30 09:33:17,972.4,536805
2021-04-30 09:33:18,972.8,536819
2021-04-30 09:33:19,972.8,536841
2021-04-30 09:33:19,972.8,536845
2021-04-30 09:33:20,972.8,536845
2021-04-30 09:33:22,972.45,536846
2021-04-30 09:33:23,972.8,536849
2021-04-30 09:33:24,972.8,536849
2021-04-30 09:33:25,972.8,536849
2021-04-30 09:33:26,972.8,536849
2021-04-30 09:33:27,972.95,536852
2021-04-30 09:33:28,973.0,537356
2021-04-30 09:33:29,973.0,537432
2021-04-30 09:33:30,973.0,537443
2021-04-30 09:33:31,973.0,537445
2021-04-30 09:33:32,972.8,537747
2021-04-30 09:33:33,973.0,537806
2021-04-30 09:33:34,973.0,537865
2021-04-30 09:33:35,972.45,537973
2021-04-30 09:33:36,973.0,538090
2021-04-30 09:33:37,973.0,538107
2021-04-30 09:33:38,973.0,538114
2021-04-30 09:33:39,972.45,538242
2021-04-30 09:33:40,972.95,538261
2021-04-30 09:33:41,973.0,538276
2021-04-30 09:33:42,972.5,538498
2021-04-30 09:33:43,972.95,538532
2021-04-30 09:33:45,972.9,538654
2021-04-30 09:33:46,972.5,538680
2021-04-30 09:33:47,972.95,538684
2021-04-30 09:33:48,972.95,538685
2021-04-30 09:33:49,972.95,538685
2021-04-30 09:33:50,972.5,538785
2021-04-30 09:33:51,972.9,538800
2021-04-30 09:33:52,972.9,538832
2021-04-30 09:33:53,972.9,538937
2021-04-30 09:33:54,972.9,538953
2021-04-30 09:33:55,972.9,538956
2021-04-30 09:33:56,972.9,538956
2021-04-30 09:33:57,972.9,538966
2021-04-30 09:33:58,972.95,538970
2021-04-30 09:33:59,972.9,538971
2021-04-30 09:34:00,972.95,538972
2021-04-30 09:34:01,973.0,539293
2021-04-30 09:34:02,973.0,539341
2021-04-30 09:34:03,972.95,540112
2021-04-30 09:34:04,972.95,540248
2021-04-30 09:34:05,972.95,540547
2021-04-30 09:34:06,972.45,541638
2021-04-30 09:34:07,972.75,541806
2021-04-30 09:34:08,972.75,541831
2021-04-30 09:34:09,972.75,541838
2021-04-30 09:34:11,972.4,542061
2021-04-30 09:34:12,972.95,542095
2021-04-30 09:34:14,973.0,542235
2021-04-30 09:34:13,973.0,542200
2021-04-30 09:34:15,973.0,542241
2021-04-30 09:34:16,973.0,542342
2021-04-30 09:34:17,973.0,542419
2021-04-30 09:34:18,973.0,542430
2021-04-30 09:34:19,973.0,542432
2021-04-30 09:34:20,973.0,542432
2021-04-30 09:34:21,973.0,542432
2021-04-30 09:34:22,973.0,542432
2021-04-30 09:34:23,972.95,542656
2021-04-30 09:34:24,972.95,542690
2021-04-30 09:34:25,972.95,542695
2021-04-30 09:34:26,972.95,542706
2021-04-30 09:34:27,972.95,542707
2021-04-30 09:34:28,972.95,542708
2021-04-30 09:34:29,972.9,542789
2021-04-30 09:34:30,972.4,543790
2021-04-30 09:34:31,972.4,543944
2021-04-30 09:34:32,972.4,543995
2021-04-30 09:34:33,972.25,544024
2021-04-30 09:34:34,972.5,544058
2021-04-30 09:34:35,972.25,544083
2021-04-30 09:34:36,972.25,544137
2021-04-30 09:34:37,972.5,544145
2021-04-30 09:34:38,972.5,544146
2021-04-30 09:34:39,972.5,544146
2021-04-30 09:34:40,972.5,544146
2021-04-30 09:34:41,972.2,544358
2021-04-30 09:34:42,972.2,544439
2021-04-30 09:34:43,972.05,550003
2021-04-30 09:34:44,972.35,550987
2021-04-30 09:34:46,972.5,551157
2021-04-30 09:34:45,972.5,551135
2021-04-30 09:34:48,972.25,553338
2021-04-30 09:34:47,972.05,553029
2021-04-30 09:34:49,972.25,553384
2021-04-30 09:34:50,972.2,553391
2021-04-30 09:34:51,972.25,553392
2021-04-30 09:34:52,972.25,553393
2021-04-30 09:34:53,972.5,553693
2021-04-30 09:34:54,972.45,553738
2021-04-30 09:34:55,972.5,553744
2021-04-30 09:34:56,972.5,553746
2021-04-30 09:34:57,972.5,553747
2021-04-30 09:34:58,972.2,553752
2021-04-30 09:34:59,972.5,553753
2021-04-30 09:35:00,972.5,553753
2021-04-30 09:35:01,972.5,553753
2021-04-30 09:35:02,972.5,553753
2021-04-30 09:35:03,972.5,553853
2021-04-30 09:35:04,972.5,553919
2021-04-30 09:35:05,972.5,554030
2021-04-30 09:35:06,972.2,554275
2021-04-30 09:35:07,972.2,554312
2021-04-30 09:35:08,972.2,554318
2021-04-30 09:35:09,972.2,554318
2021-04-30 09:35:10,972.2,555165
2021-04-30 09:35:11,972.5,555292
2021-04-30 09:35:12,972.4,555312
2021-04-30 09:35:13,972.4,555315
2021-04-30 09:35:14,972.4,555315
2021-04-30 09:35:15,972.4,555315
2021-04-30 09:35:16,972.3,555355
2021-04-30 09:35:17,972.5,555871
2021-04-30 09:35:18,972.5,555973
2021-04-30 09:35:19,972.5,555989
2021-04-30 09:35:20,972.5,556189
2021-04-30 09:35:21,972.5,556219
2021-04-30 09:35:22,972.65,556224
2021-04-30 09:35:23,972.35,556306
2021-04-30 09:35:24,972.5,556319
2021-04-30 09:35:25,972.5,556323
2021-04-30 09:35:26,972.5,556350
2021-04-30 09:35:27,972.9,556604
2021-04-30 09:35:28,972.5,556767
2021-04-30 09:35:29,972.9,556792
2021-04-30 09:35:30,972.25,557531
2021-04-30 09:35:31,972.5,557641
2021-04-30 09:35:32,972.25,557703
2021-04-30 09:35:33,972.5,557712
2021-04-30 09:35:34,972.5,557714
2021-04-30 09:35:35,972.5,558114
2021-04-30 09:35:36,972.5,558174
2021-04-30 09:35:37,972.5,558183
2021-04-30 09:35:38,972.5,558234
2021-04-30 09:35:39,972.3,558346
2021-04-30 09:35:40,972.5,558574
2021-04-30 09:35:41,972.3,558683
2021-04-30 09:35:42,972.5,558699
2021-04-30 09:35:43,972.5,558702
2021-04-30 09:35:44,972.5,558702
2021-04-30 09:35:45,972.5,558702
2021-04-30 09:35:46,972.5,558702
2021-04-30 09:35:47,972.5,558729
2021-04-30 09:35:48,972.5,558738
2021-04-30 09:35:49,972.5,558740
2021-04-30 09:35:50,972.5,558752
2021-04-30 09:35:51,972.5,558754
2021-04-30 09:35:53,972.35,558899
2021-04-30 09:35:54,972.5,559001
2021-04-30 09:35:55,972.5,559117
2021-04-30 09:35:56,972.5,559134
2021-04-30 09:35:56,972.5,559136
2021-04-30 09:35:57,972.35,559157
2021-04-30 09:35:58,972.5,559160
2021-04-30 09:35:59,972.5,559160
2021-04-30 09:36:00,972.5,559160
2021-04-30 09:36:01,972.35,559165
2021-04-30 09:36:02,972.5,559167
2021-04-30 09:36:03,972.5,559167
2021-04-30 09:36:04,972.5,559398
2021-04-30 09:36:05,972.5,559433
2021-04-30 09:36:06,972.5,560006
2021-04-30 09:36:07,972.25,560392
2021-04-30 09:36:08,972.5,560450
2021-04-30 09:36:09,972.6,561385
2021-04-30 09:36:10,972.6,561645
2021-04-30 09:36:11,973.0,561695
2021-04-30 09:36:12,973.0,561703
2021-04-30 09:36:13,973.0,561704
2021-04-30 09:36:14,972.55,561729
2021-04-30 09:36:15,973.0,561733
2021-04-30 09:36:17,972.55,561756
2021-04-30 09:36:18,972.95,561759
2021-04-30 09:36:19,972.6,561775
2021-04-30 09:36:20,972.95,561778
2021-04-30 09:36:21,973.0,561798
2021-04-30 09:36:21,973.0,561801
2021-04-30 09:36:22,972.6,561823
2021-04-30 09:36:23,973.0,561853
2021-04-30 09:36:24,972.6,561879
2021-04-30 09:36:25,973.0,561883
2021-04-30 09:36:27,972.9,561924
2021-04-30 09:36:27,972.6,561963
2021-04-30 09:36:28,972.6,562278
2021-04-30 09:36:29,973.0,562326
2021-04-30 09:36:30,973.0,562333
2021-04-30 09:36:31,973.0,562339
2021-04-30 09:36:32,972.6,562362
2021-04-30 09:36:33,973.0,562486
2021-04-30 09:36:34,972.6,562548
2021-04-30 09:36:35,973.0,562589
2021-04-30 09:36:36,973.0,562595
2021-04-30 09:36:37,973.0,562596
2021-04-30 09:36:38,973.0,562596
2021-04-30 09:36:39,973.0,562596
2021-04-30 09:36:40,972.7,562617
2021-04-30 09:36:41,973.0,562766
2021-04-30 09:36:42,973.0,562788
2021-04-30 09:36:43,973.0,562791
2021-04-30 09:36:44,973.0,562802
2021-04-30 09:36:45,973.0,562803
2021-04-30 09:36:46,972.7,562853
2021-04-30 09:36:47,973.0,562861
2021-04-30 09:36:48,973.0,562862
2021-04-30 09:36:49,973.0,562862
2021-04-30 09:36:50,973.0,562862
2021-04-30 09:36:51,973.0,562862
2021-04-30 09:36:52,972.7,562944
2021-04-30 09:36:53,973.0,562956
2021-04-30 09:36:54,972.75,562980
2021-04-30 09:36:55,972.95,562984
2021-04-30 09:36:56,973.0,563014
2021-04-30 09:36:57,973.0,563019
2021-04-30 09:36:58,972.75,563069
2021-04-30 09:36:59,973.0,563077
2021-04-30 09:37:00,972.75,563109
2021-04-30 09:37:01,973.0,563114
2021-04-30 09:37:02,973.0,563115
2021-04-30 09:37:03,973.0,563335
2021-04-30 09:37:04,972.75,563390
2021-04-30 09:37:06,973.0,563434
2021-04-30 09:37:07,972.8,563510
2021-04-30 09:37:08,972.95,563522
2021-04-30 09:37:09,972.95,563523
2021-04-30 09:37:10,972.8,563524
2021-04-30 09:37:11,972.95,563525
2021-04-30 09:37:12,972.95,563525
2021-04-30 09:37:13,972.95,563525
2021-04-30 09:37:14,972.95,563525
2021-04-30 09:37:15,972.95,563525
2021-04-30 09:37:16,972.95,563525
2021-04-30 09:37:17,972.95,563525
2021-04-30 09:37:18,972.95,563525
2021-04-30 09:37:19,972.95,563525
2021-04-30 09:37:20,973.0,563542
2021-04-30 09:37:22,973.0,563594
2021-04-30 09:37:22,973.0,563602
2021-04-30 09:37:23,973.0,563603
2021-04-30 09:37:24,973.0,563604
2021-04-30 09:37:25,973.0,563605
2021-04-30 09:37:26,973.0,563605
2021-04-30 09:37:27,973.0,563605
2021-04-30 09:37:28,973.0,563896
2021-04-30 09:37:29,973.3,567425
2021-04-30 09:37:31,973.05,567994
2021-04-30 09:37:32,973.25,568079
2021-04-30 09:37:33,973.25,568092
2021-04-30 09:37:33,973.25,568094
2021-04-30 09:37:34,973.25,568094
2021-04-30 09:37:35,973.25,568094
2021-04-30 09:37:36,973.25,568094
2021-04-30 09:37:37,973.25,568094
2021-04-30 09:37:38,973.25,568100
2021-04-30 09:37:39,973.25,568101
2021-04-30 09:37:40,973.25,568103
2021-04-30 09:37:41,973.25,568103
2021-04-30 09:37:43,973.45,569103
2021-04-30 09:37:44,973.25,569258
2021-04-30 09:37:46,973.3,569282
2021-04-30 09:37:47,973.3,569328
2021-04-30 09:37:48,973.1,570686
2021-04-30 09:37:49,973.15,570900
2021-04-30 09:37:50,973.25,571432
2021-04-30 09:37:50,973.25,571512
2021-04-30 09:37:51,973.5,571543
2021-04-30 09:37:52,973.5,571548
2021-04-30 09:37:53,973.5,571549
2021-04-30 09:37:54,973.5,571549
2021-04-30 09:37:55,973.45,571569
2021-04-30 09:37:56,973.5,571572
2021-04-30 09:37:57,973.5,571572
2021-04-30 09:37:58,973.5,571572
2021-04-30 09:38:00,973.5,571572
2021-04-30 09:38:01,973.5,571572
2021-04-30 09:38:01,973.5,571572
2021-04-30 09:38:02,973.5,571572
2021-04-30 09:38:03,973.5,571572
2021-04-30 09:38:04,973.45,571573
2021-04-30 09:38:06,973.5,571581
2021-04-30 09:38:07,973.5,571582
2021-04-30 09:38:08,973.5,571687
2021-04-30 09:38:08,973.5,572703
2021-04-30 09:38:10,973.5,573438
2021-04-30 09:38:11,973.5,573948
2021-04-30 09:38:11,973.45,574024
2021-04-30 09:38:12,973.45,574036
2021-04-30 09:38:13,973.45,574037
2021-04-30 09:38:14,973.45,574037
2021-04-30 09:38:15,973.5,574316
2021-04-30 09:38:16,973.5,574358
2021-04-30 09:38:18,973.5,574416
2021-04-30 09:38:19,973.5,574483
2021-04-30 09:38:20,973.5,574493
2021-04-30 09:38:21,973.5,574495
2021-04-30 09:38:22,973.5,574495
2021-04-30 09:38:23,973.25,574831
2021-04-30 09:38:24,973.25,574882
2021-04-30 09:38:26,973.35,574889
2021-04-30 09:38:27,973.3,574890
2021-04-30 09:38:28,973.35,574891
2021-04-30 09:38:28,973.35,574892
2021-04-30 09:38:29,973.35,574892
2021-04-30 09:38:30,973.35,574892
2021-04-30 09:38:31,973.35,574892
2021-04-30 09:38:32,973.35,574892
2021-04-30 09:38:34,973.35,574892
2021-04-30 09:38:35,973.5,574942
2021-04-30 09:38:36,973.35,574975
2021-04-30 09:38:37,973.45,575529
2021-04-30 09:38:38,973.3,575811
2021-04-30 09:38:39,973.0,575875
2021-04-30 09:38:40,973.3,575884
2021-04-30 09:38:41,973.0,575911
2021-04-30 09:38:41,973.35,575889
2021-04-30 09:38:42,973.35,575915
2021-04-30 09:38:43,973.35,575915
2021-04-30 09:38:44,973.35,575940
2021-04-30 09:38:45,973.0,575954
2021-04-30 09:38:46,973.45,575956
2021-04-30 09:38:47,973.45,575956
2021-04-30 09:38:48,973.45,575956
2021-04-30 09:38:49,973.4,575957
2021-04-30 09:38:50,973.4,575957
2021-04-30 09:38:52,973.4,575957
2021-04-30 09:38:53,973.4,575957
2021-04-30 09:38:54,972.85,576950
2021-04-30 09:38:55,973.3,577099
2021-04-30 09:38:56,973.3,577272
2021-04-30 09:38:57,973.3,577298
2021-04-30 09:38:58,973.3,577310
2021-04-30 09:38:59,973.35,577431
2021-04-30 09:39:00,973.0,577517
2021-04-30 09:39:01,973.4,577529
2021-04-30 09:39:02,973.0,577534
2021-04-30 09:39:04,973.35,577535
2021-04-30 09:39:04,973.4,577702
2021-04-30 09:39:05,973.5,578073
2021-04-30 09:39:07,973.45,578129
2021-04-30 09:39:08,973.45,578137
2021-04-30 09:39:09,973.45,578138
2021-04-30 09:39:10,973.35,578140
2021-04-30 09:39:11,973.35,578140
2021-04-30 09:39:13,973.35,578556
2021-04-30 09:39:13,973.4,578618
2021-04-30 09:39:14,973.4,578628
2021-04-30 09:39:15,973.35,578637
2021-04-30 09:39:16,973.3,578807
2021-04-30 09:39:17,973.4,578832
2021-04-30 09:39:18,973.1,578864
2021-04-30 09:39:19,973.25,578869
2021-04-30 09:39:20,973.3,579180
2021-04-30 09:39:21,973.3,579226
2021-04-30 09:39:22,973.3,579291
2021-04-30 09:39:23,973.3,579301
2021-04-30 09:39:24,973.25,579303
2021-04-30 09:39:25,972.95,579897
2021-04-30 09:39:26,973.1,579986
2021-04-30 09:39:27,973.15,579999
2021-04-30 09:39:28,973.0,580001
2021-04-30 09:39:29,972.9,580002
2021-04-30 09:39:30,973.0,580109
2021-04-30 09:39:31,973.0,580125
2021-04-30 09:39:32,972.95,580173
2021-04-30 09:39:33,972.7,580280
2021-04-30 09:39:34,972.75,581908
2021-04-30 09:39:35,972.85,582152
2021-04-30 09:39:36,972.85,582189
2021-04-30 09:39:38,972.85,582199
2021-04-30 09:39:39,972.05,583795
2021-04-30 09:39:39,972.85,584034
2021-04-30 09:39:40,972.5,584070
2021-04-30 09:39:41,972.5,584078
2021-04-30 09:39:43,972.5,584079
2021-04-30 09:39:43,972.45,584088
2021-04-30 09:39:44,972.5,584157
2021-04-30 09:39:45,972.5,584167
2021-04-30 09:39:46,972.5,584169
2021-04-30 09:39:47,972.5,584169
2021-04-30 09:39:48,972.0,585319
2021-04-30 09:39:49,972.4,585492
2021-04-30 09:39:50,972.45,585518
2021-04-30 09:39:51,972.4,585522
2021-04-30 09:39:52,972.5,585722
2021-04-30 09:39:53,972.5,585752
2021-04-30 09:39:54,972.5,585757
2021-04-30 09:39:55,972.5,586658
2021-04-30 09:39:57,972.5,587045
2021-04-30 09:39:58,972.4,587105
2021-04-30 09:39:59,972.5,587114
2021-04-30 09:40:00,972.5,587116
2021-04-30 09:40:01,972.5,587116
2021-04-30 09:40:02,972.5,587142
2021-04-30 09:40:02,972.5,587146
2021-04-30 09:40:03,972.45,587153
2021-04-30 09:40:04,972.5,587155
2021-04-30 09:40:05,972.45,587156
2021-04-30 09:40:06,972.5,587230
2021-04-30 09:40:07,972.5,587241
2021-04-30 09:40:08,972.5,587243
2021-04-30 09:40:09,972.5,587243
2021-04-30 09:40:10,972.45,587295
2021-04-30 09:40:11,972.5,587303
2021-04-30 09:40:12,972.5,587304
2021-04-30 09:40:13,972.1,587740
2021-04-30 09:40:14,972.5,587806
2021-04-30 09:40:15,972.5,587815
2021-04-30 09:40:16,972.5,587823
2021-04-30 09:40:17,972.2,588135
2021-04-30 09:40:18,972.5,588182
2021-04-30 09:40:20,972.5,588189
2021-04-30 09:40:21,972.45,588190
2021-04-30 09:40:22,972.5,589147
2021-04-30 09:40:23,971.5,590107
2021-04-30 09:40:24,971.75,590517
2021-04-30 09:40:25,971.4,590821
2021-04-30 09:40:26,971.8,590867
2021-04-30 09:40:27,971.75,590874
2021-04-30 09:40:27,971.75,590875
2021-04-30 09:40:29,971.75,590895
2021-04-30 09:40:30,971.85,590901
2021-04-30 09:40:31,971.9,590902
2021-04-30 09:40:32,971.9,590902
2021-04-30 09:40:33,971.9,590902
2021-04-30 09:40:33,971.45,590923
2021-04-30 09:40:34,971.9,590926
2021-04-30 09:40:35,971.9,590926
2021-04-30 09:40:36,971.9,590926
2021-04-30 09:40:37,971.9,590930
2021-04-30 09:40:38,971.8,591206
2021-04-30 09:40:39,971.8,591247
2021-04-30 09:40:40,971.45,591381
2021-04-30 09:40:42,971.6,591401
2021-04-30 09:40:43,971.4,591426
2021-04-30 09:40:44,971.0,592589
2021-04-30 09:40:45,971.0,592764
2021-04-30 09:40:46,971.0,592790
2021-04-30 09:40:47,971.0,592804
2021-04-30 09:40:48,971.0,593196
2021-04-30 09:40:49,971.0,593255
2021-04-30 09:40:49,971.0,593265
2021-04-30 09:40:50,970.8,593500
2021-04-30 09:40:52,971.0,593537
2021-04-30 09:40:53,971.0,593542
2021-04-30 09:40:54,971.0,593543
2021-04-30 09:40:55,971.0,593553
2021-04-30 09:40:55,971.0,593565
2021-04-30 09:40:56,970.95,593568
2021-04-30 09:40:57,970.95,593569
2021-04-30 09:40:59,970.95,593569
2021-04-30 09:40:59,970.95,593569
2021-04-30 09:41:00,970.95,593569
2021-04-30 09:41:01,970.95,593584
2021-04-30 09:41:02,970.8,593676
2021-04-30 09:41:03,971.0,593690
2021-04-30 09:41:04,971.2,594453
2021-04-30 09:41:05,971.0,594728
2021-04-30 09:41:06,971.4,594769
2021-04-30 09:41:07,971.4,594775
2021-04-30 09:41:08,971.4,594776
2021-04-30 09:41:09,971.4,594777
2021-04-30 09:41:10,971.4,594778
2021-04-30 09:41:11,971.4,594995
2021-04-30 09:41:12,971.85,595028
2021-04-30 09:41:13,971.5,595053
2021-04-30 09:41:14,971.0,600057
2021-04-30 09:41:16,971.95,600919
2021-04-30 09:41:18,972.0,600941
2021-04-30 09:41:18,971.75,600944
2021-04-30 09:41:20,971.75,600946
2021-04-30 09:41:21,970.8,602303
2021-04-30 09:41:22,971.0,602507
2021-04-30 09:41:22,970.85,602559
2021-04-30 09:41:23,970.85,602593
2021-04-30 09:41:24,971.0,602598
2021-04-30 09:41:25,971.0,602621
2021-04-30 09:41:26,971.0,602724
2021-04-30 09:41:27,969.45,668649
2021-04-30 09:41:28,969.35,669225
2021-04-30 09:41:29,969.35,669518
2021-04-30 09:41:31,969.7,669583
2021-04-30 09:41:32,969.7,669592
2021-04-30 09:41:33,970.35,669743
2021-04-30 09:41:34,970.35,669765
2021-04-30 09:41:35,970.35,669771
2021-04-30 09:41:36,970.6,669806
2021-04-30 09:41:36,970.6,669802
2021-04-30 09:41:37,970.6,669840
2021-04-30 09:41:39,970.2,672248
2021-04-30 09:41:40,970.6,672613
2021-04-30 09:41:41,971.15,672668
2021-04-30 09:41:42,971.15,672668
2021-04-30 09:41:43,971.1,672669
2021-04-30 09:41:44,971.15,672676
2021-04-30 09:41:45,970.8,672727
2021-04-30 09:41:46,971.35,672735
2021-04-30 09:41:47,971.35,672736
2021-04-30 09:41:48,971.25,672741
2021-04-30 09:41:49,971.35,672767
2021-04-30 09:41:50,970.8,672778
2021-04-30 09:41:51,970.6,672880
2021-04-30 09:41:52,971.0,672897
2021-04-30 09:41:53,971.0,672899
2021-04-30 09:41:54,971.0,672900
2021-04-30 09:41:55,971.0,672900
2021-04-30 09:41:56,971.0,672900
2021-04-30 09:41:57,971.0,672900
2021-04-30 09:41:58,971.0,672900
2021-04-30 09:41:59,971.0,672900
2021-04-30 09:42:00,971.0,672918
2021-04-30 09:42:01,971.7,673474
2021-04-30 09:42:02,971.95,673607
2021-04-30 09:42:03,971.95,673627
2021-04-30 09:42:04,971.95,673655
2021-04-30 09:42:05,971.95,673662
2021-04-30 09:42:06,971.95,673663
2021-04-30 09:42:07,971.5,673664
2021-04-30 09:42:08,971.5,673664
2021-04-30 09:42:09,971.5,673664
2021-04-30 09:42:10,971.5,673738
2021-04-30 09:42:10,971.95,673749
2021-04-30 09:42:12,971.4,674111
2021-04-30 09:42:13,971.95,674165
2021-04-30 09:42:14,971.45,674194
2021-04-30 09:42:15,972.0,674344
2021-04-30 09:42:16,972.0,674366
2021-04-30 09:42:17,972.2,674769
2021-04-30 09:42:18,972.0,674851
2021-04-30 09:42:19,972.5,674865
2021-04-30 09:42:20,972.5,674867
2021-04-30 09:42:21,972.5,674867
2021-04-30 09:42:22,971.9,674917
2021-04-30 09:42:23,972.05,674930
2021-04-30 09:42:24,972.45,674932
2021-04-30 09:42:25,972.45,674932
2021-04-30 09:42:26,972.45,674934
2021-04-30 09:42:27,972.45,674934
2021-04-30 09:42:28,972.45,674934
2021-04-30 09:42:28,971.6,674955
2021-04-30 09:42:29,972.2,674958
2021-04-30 09:42:31,972.15,674959
2021-04-30 09:42:32,972.15,674959
2021-04-30 09:42:33,971.7,674989
2021-04-30 09:42:34,972.2,675013
2021-04-30 09:42:35,972.2,675017
2021-04-30 09:42:35,972.2,675018
2021-04-30 09:42:37,971.7,675293
2021-04-30 09:42:38,972.2,675339
2021-04-30 09:42:39,972.2,675346
2021-04-30 09:42:40,971.7,675362
2021-04-30 09:42:41,971.7,675399
2021-04-30 09:42:42,971.7,675426
2021-04-30 09:42:43,972.2,675602
2021-04-30 09:42:43,972.3,675628
2021-04-30 09:42:44,972.3,675632
2021-04-30 09:42:46,972.3,675668
2021-04-30 09:42:47,972.35,675673
2021-04-30 09:42:48,972.5,675674
2021-04-30 09:42:49,972.5,675674
2021-04-30 09:42:50,972.5,675674
2021-04-30 09:42:50,972.5,675674
2021-04-30 09:42:51,972.5,675784
2021-04-30 09:42:52,972.5,675801
2021-04-30 09:42:53,972.5,675803
2021-04-30 09:42:54,972.5,676104
2021-04-30 09:42:56,972.5,676199
2021-04-30 09:42:56,972.2,676235
2021-04-30 09:42:57,972.2,676241
2021-04-30 09:42:58,972.2,676303
2021-04-30 09:42:59,972.5,676313
2021-04-30 09:43:01,972.5,676336
2021-04-30 09:43:02,972.5,676339
2021-04-30 09:43:03,972.5,676340
2021-04-30 09:43:04,972.5,676340
2021-04-30 09:43:05,972.5,676340
2021-04-30 09:43:06,972.5,676346
2021-04-30 09:43:07,972.5,676352
2021-04-30 09:43:08,972.5,676353
2021-04-30 09:43:09,972.5,676353
2021-04-30 09:43:10,972.5,676353
2021-04-30 09:43:11,972.5,676353
2021-04-30 09:43:12,972.5,676353
2021-04-30 09:43:13,972.5,676353
2021-04-30 09:43:14,972.5,676353
2021-04-30 09:43:15,972.2,676398
2021-04-30 09:43:16,972.45,676405
2021-04-30 09:43:16,972.45,676406
2021-04-30 09:43:17,972.45,676407
2021-04-30 09:43:19,972.2,676537
2021-04-30 09:43:20,972.5,676557
2021-04-30 09:43:21,972.5,676560
2021-04-30 09:43:23,972.5,676560
2021-04-30 09:43:24,972.1,676673
2021-04-30 09:43:25,972.45,676690
2021-04-30 09:43:26,972.45,676693
2021-04-30 09:43:27,972.45,676693
2021-04-30 09:43:28,972.2,676754
2021-04-30 09:43:29,972.25,676851
2021-04-30 09:43:29,972.2,676763
2021-04-30 09:43:31,971.85,677328
2021-04-30 09:43:32,971.15,677731
2021-04-30 09:43:32,971.8,677792
2021-04-30 09:43:33,972.0,677801
2021-04-30 09:43:35,971.9,677802
2021-04-30 09:43:36,971.9,677802
2021-04-30 09:43:37,971.9,677808
2021-04-30 09:43:38,971.9,677809
2021-04-30 09:43:39,971.9,677809
2021-04-30 09:43:40,971.9,677809
2021-04-30 09:43:41,971.9,677809
2021-04-30 09:43:42,971.9,677809
2021-04-30 09:43:43,971.9,677809
2021-04-30 09:43:44,971.9,677809
2021-04-30 09:43:45,971.9,677809
2021-04-30 09:43:46,971.6,678212
2021-04-30 09:43:47,972.0,678525
2021-04-30 09:43:48,971.9,678572
2021-04-30 09:43:49,971.9,678579
2021-04-30 09:43:49,971.9,678580
2021-04-30 09:43:51,971.9,678580
2021-04-30 09:43:52,971.85,678586
2021-04-30 09:43:53,971.85,678587
2021-04-30 09:43:54,971.85,678587
2021-04-30 09:43:55,971.85,678587
2021-04-30 09:43:56,971.85,678587
2021-04-30 09:43:57,971.75,678588
2021-04-30 09:43:58,971.75,678614
2021-04-30 09:43:59,971.6,678639
2021-04-30 09:44:00,971.6,678664
2021-04-30 09:44:01,971.6,678686
2021-04-30 09:44:01,971.7,678690
2021-04-30 09:44:02,971.6,678701
2021-04-30 09:44:03,971.6,678703
2021-04-30 09:44:04,971.6,678703
2021-04-30 09:44:06,971.5,678706
2021-04-30 09:44:07,971.9,678914
2021-04-30 09:44:07,971.9,678945
2021-04-30 09:44:08,971.9,678949
2021-04-30 09:44:10,971.5,678999
2021-04-30 09:44:11,971.45,679029
2021-04-30 09:44:12,971.9,679033
2021-04-30 09:44:13,971.9,679034
2021-04-30 09:44:14,971.9,679034
2021-04-30 09:44:15,971.9,679034
2021-04-30 09:44:16,971.9,679034
2021-04-30 09:44:17,971.9,679034
2021-04-30 09:44:18,971.9,679034
2021-04-30 09:44:19,971.45,679055
2021-04-30 09:44:20,971.8,679108
2021-04-30 09:44:21,971.9,679167
2021-04-30 09:44:22,971.9,679176
2021-04-30 09:44:23,971.9,679177
2021-04-30 09:44:24,971.9,679177
2021-04-30 09:44:25,971.9,679177
2021-04-30 09:44:26,971.9,679177
2021-04-30 09:44:27,971.9,679177
2021-04-30 09:44:28,971.9,679177
2021-04-30 09:44:29,971.9,679177
2021-04-30 09:44:30,971.9,679177
2021-04-30 09:44:31,971.9,679177
2021-04-30 09:44:32,971.9,679187
2021-04-30 09:44:33,971.9,679189
2021-04-30 09:44:34,971.9,679189
2021-04-30 09:44:35,971.9,679194
2021-04-30 09:44:36,971.9,679195
2021-04-30 09:44:37,971.5,679245
2021-04-30 09:44:38,971.9,679252
2021-04-30 09:44:39,971.9,679253
2021-04-30 09:44:40,971.9,679254
2021-04-30 09:44:41,971.9,679254
2021-04-30 09:44:42,972.0,680554
2021-04-30 09:44:43,971.6,680750
2021-04-30 09:44:44,972.2,680779
2021-04-30 09:44:45,972.15,680784
2021-04-30 09:44:46,972.15,680809
2021-04-30 09:44:47,972.15,680809
2021-04-30 09:44:48,972.15,680813
2021-04-30 09:44:49,972.25,680814
2021-04-30 09:44:50,972.25,680814
2021-04-30 09:44:51,972.25,680824
2021-04-30 09:44:52,972.25,680825
2021-04-30 09:44:53,972.25,680830
2021-04-30 09:44:54,971.95,682076
2021-04-30 09:44:55,971.95,682313
2021-04-30 09:44:57,972.4,682361
2021-04-30 09:44:56,971.95,682355
2021-04-30 09:44:58,972.0,682370
2021-04-30 09:44:59,972.45,682371
2021-04-30 09:45:00,972.45,682371
2021-04-30 09:45:01,972.45,682371
2021-04-30 09:45:02,972.45,682371
2021-04-30 09:45:03,972.05,682375
2021-04-30 09:45:05,972.5,682418
2021-04-30 09:45:04,972.45,682376
2021-04-30 09:45:06,972.3,682524
2021-04-30 09:45:07,972.5,682540
2021-04-30 09:45:08,972.3,682645
2021-04-30 09:45:09,972.5,682660
2021-04-30 09:45:10,972.3,682686
2021-04-30 09:45:11,972.3,682713
2021-04-30 09:45:12,972.5,682717
2021-04-30 09:45:13,972.3,682732
2021-04-30 09:45:15,972.5,682807
2021-04-30 09:45:16,972.3,682826
2021-04-30 09:45:17,972.45,682829
2021-04-30 09:45:18,972.45,682970
2021-04-30 09:45:19,972.3,683244
2021-04-30 09:45:20,972.25,683287
2021-04-30 09:45:21,972.25,683294
2021-04-30 09:45:22,972.3,683300
2021-04-30 09:45:23,972.3,683302
2021-04-30 09:45:24,972.3,683302
2021-04-30 09:45:25,972.4,683322
2021-04-30 09:45:26,972.5,683325
2021-04-30 09:45:27,972.5,683326
2021-04-30 09:45:28,972.55,683802
2021-04-30 09:45:29,972.8,683873
2021-04-30 09:45:30,972.65,683894
2021-04-30 09:45:31,972.8,683898
2021-04-30 09:45:32,972.8,683925
2021-04-30 09:45:33,972.6,683949
2021-04-30 09:45:34,972.85,683959
2021-04-30 09:45:35,972.85,683961
2021-04-30 09:45:37,972.85,683971
2021-04-30 09:45:38,972.8,683982
2021-04-30 09:45:39,972.85,683984
2021-04-30 09:45:40,972.85,683984
2021-04-30 09:45:41,972.8,683985
2021-04-30 09:45:42,972.8,683985
2021-04-30 09:45:43,972.85,684069
2021-04-30 09:45:44,972.9,684082
2021-04-30 09:45:45,972.85,684084
2021-04-30 09:45:46,972.85,684084
2021-04-30 09:45:47,972.85,684084
2021-04-30 09:45:48,972.85,684084
2021-04-30 09:45:49,972.8,684134
2021-04-30 09:45:50,972.8,684218
2021-04-30 09:45:51,972.6,684252
2021-04-30 09:45:52,972.85,684263
2021-04-30 09:45:53,972.85,684265
2021-04-30 09:45:54,972.85,684265
2021-04-30 09:45:55,972.85,684315
2021-04-30 09:45:56,972.85,684323
2021-04-30 09:45:57,972.65,684334
2021-04-30 09:45:58,972.85,684336
2021-04-30 09:45:59,972.8,684386
2021-04-30 09:46:00,972.8,684414
2021-04-30 09:46:01,972.8,684419
2021-04-30 09:46:02,972.8,684420
2021-04-30 09:46:03,972.8,684420
2021-04-30 09:46:05,972.8,684454
2021-04-30 09:46:06,972.8,684456
2021-04-30 09:46:07,972.8,684456
2021-04-30 09:46:08,972.8,684471
2021-04-30 09:46:09,972.85,684823
2021-04-30 09:46:10,972.85,684879
2021-04-30 09:46:11,972.85,684891
2021-04-30 09:46:13,972.9,684903
2021-04-30 09:46:14,972.9,684903
2021-04-30 09:46:16,972.9,684956
2021-04-30 09:46:15,972.85,684949
2021-04-30 09:46:17,972.9,684957
2021-04-30 09:46:18,972.85,684967
2021-04-30 09:46:19,972.9,684969
2021-04-30 09:46:20,972.9,684985
2021-04-30 09:46:22,972.8,685466
2021-04-30 09:46:22,973.0,685539
2021-04-30 09:46:23,972.95,685550
2021-04-30 09:46:24,972.8,685572
2021-04-30 09:46:26,972.95,685576
2021-04-30 09:46:26,972.95,685576
2021-04-30 09:46:27,972.95,685576
2021-04-30 09:46:28,972.8,685594
2021-04-30 09:46:32,973.0,686647
2021-04-30 09:46:36,972.65,687339
2021-04-30 09:46:40,972.65,687961
2021-04-30 09:46:44,972.5,688317
2021-04-30 09:46:48,972.25,688494
2021-04-30 09:46:52,972.2,688577
2021-04-30 09:46:56,972.0,689226
2021-04-30 09:47:00,972.25,689389
2021-04-30 09:47:04,972.2,689417
2021-04-30 09:47:08,972.25,689443
2021-04-30 09:47:12,972.25,689474
2021-04-30 09:47:16,972.05,689489
2021-04-30 09:47:20,972.15,689721
2021-04-30 09:47:24,972.45,689756
2021-04-30 09:47:29,972.65,689983
2021-04-30 09:47:33,972.55,690070
2021-04-30 09:47:38,972.5,690898
2021-04-30 09:47:41,972.4,691065
2021-04-30 09:47:45,972.5,691090
2021-04-30 09:47:49,972.15,691366
2021-04-30 09:47:53,972.15,691448
2021-04-30 09:47:57,972.45,691473
2021-04-30 09:48:01,972.45,691498
2021-04-30 09:48:05,972.45,691532
2021-04-30 09:48:09,972.45,691737
2021-04-30 09:48:13,972.5,692231
2021-04-30 09:48:18,972.4,693233
2021-04-30 09:48:23,972.0,693439
2021-04-30 09:48:27,971.25,693807
2021-04-30 09:48:32,971.0,695873
2021-04-30 09:48:36,970.65,696513
2021-04-30 09:48:40,970.6,696836
2021-04-30 09:48:45,970.55,697115
2021-04-30 09:48:49,970.9,697396
2021-04-30 09:48:53,970.9,697516
2021-04-30 09:48:57,971.25,697603
2021-04-30 09:49:02,972.15,697835
2021-04-30 09:49:07,972.6,697870
2021-04-30 09:49:12,972.45,698101
2021-04-30 09:49:17,972.55,698342
2021-04-30 09:49:21,972.45,698528
2021-04-30 09:49:25,972.35,698802
2021-04-30 09:49:29,972.55,699139
2021-04-30 09:49:33,973.0,700486
2021-04-30 09:49:37,972.8,700723
2021-04-30 09:49:41,973.0,700759
2021-04-30 09:49:45,972.95,700764
2021-04-30 09:49:49,972.85,700767
2021-04-30 09:49:52,972.85,700929
2021-04-30 09:49:56,972.85,701164
2021-04-30 09:50:00,972.95,701199
2021-04-30 09:50:04,973.0,702835
2021-04-30 09:50:08,973.25,703191
2021-04-30 09:50:12,972.9,703254
2021-04-30 09:50:16,973.35,704674
2021-04-30 09:50:20,973.4,704887
2021-04-30 09:50:24,973.25,704929
2021-04-30 09:50:29,973.35,704935
2021-04-30 09:50:33,973.2,704946
2021-04-30 09:50:36,973.4,705023
2021-04-30 09:50:39,973.5,705735
2021-04-30 09:50:42,973.45,705846
2021-04-30 09:50:46,972.75,707045
2021-04-30 09:50:50,972.5,707230
2021-04-30 09:50:54,972.5,707262
2021-04-30 09:50:57,972.8,707282
2021-04-30 09:51:01,973.0,707515
2021-04-30 09:51:04,973.35,707710
2021-04-30 09:51:08,973.0,707811
2021-04-30 09:51:11,973.35,707838
2021-04-30 09:51:15,973.35,707846
2021-04-30 09:51:19,973.0,707870
2021-04-30 09:51:23,973.0,707936
2021-04-30 09:51:27,973.35,707946
2021-04-30 09:51:29,973.35,707947
2021-04-30 09:51:29,973.35,707947
2021-04-30 09:51:30,973.35,707947
2021-04-30 09:51:31,973.35,707977
2021-04-30 09:51:32,973.35,707982
2021-04-30 09:51:33,973.05,708033
2021-04-30 09:51:35,973.35,708040
2021-04-30 09:51:36,973.35,708041
2021-04-30 09:51:37,973.35,708099
2021-04-30 09:51:37,973.35,708091
2021-04-30 09:51:38,973.35,708100
2021-04-30 09:51:39,973.35,708100
2021-04-30 09:51:41,973.35,708100
2021-04-30 09:51:42,973.35,708100
2021-04-30 09:51:43,973.5,708651
2021-04-30 09:51:43,973.5,708739
2021-04-30 09:51:44,973.45,708752
2021-04-30 09:51:45,973.45,708756
2021-04-30 09:51:46,973.45,708757
2021-04-30 09:51:47,973.45,708757
2021-04-30 09:51:49,973.45,708757
2021-04-30 09:51:50,973.45,708757
2021-04-30 09:51:51,973.45,708792
2021-04-30 09:51:52,973.45,708797
2021-04-30 09:51:53,973.45,708811
2021-04-30 09:51:54,973.45,708813
2021-04-30 09:51:55,973.45,710286
2021-04-30 09:51:55,973.4,710515
2021-04-30 09:51:56,973.5,710549
2021-04-30 09:51:57,973.5,710558
2021-04-30 09:51:58,973.4,710569
2021-04-30 09:51:59,973.45,710571
2021-04-30 09:52:00,973.45,710571
2021-04-30 09:52:01,973.0,710991
2021-04-30 09:52:03,973.15,711065
2021-04-30 09:52:04,973.15,711076
2021-04-30 09:52:05,973.15,711078
2021-04-30 09:52:06,973.15,711078
2021-04-30 09:52:07,973.15,711078
2021-04-30 09:52:08,973.15,711078
2021-04-30 09:52:09,973.25,711096
2021-04-30 09:52:10,973.25,711114
2021-04-30 09:52:11,973.25,711117
2021-04-30 09:52:12,973.25,711277
2021-04-30 09:52:13,973.25,711301
2021-04-30 09:52:14,972.8,711346
2021-04-30 09:52:15,973.15,711379
2021-04-30 09:52:16,972.8,711389
2021-04-30 09:52:17,973.15,711390
2021-04-30 09:52:18,973.15,711390
2021-04-30 09:52:19,972.8,711654
2021-04-30 09:52:20,973.15,711694
2021-04-30 09:52:21,973.3,711850
2021-04-30 09:52:22,973.3,711873
2021-04-30 09:52:23,973.3,711877
2021-04-30 09:52:24,972.8,711907
2021-04-30 09:52:24,973.3,711912
2021-04-30 09:52:25,973.3,711913
2021-04-30 09:52:27,973.3,711913
2021-04-30 09:52:28,973.3,711913
2021-04-30 09:52:29,973.3,711913
2021-04-30 09:52:29,973.3,711913
2021-04-30 09:52:30,973.3,711913
2021-04-30 09:52:31,973.3,711913
2021-04-30 09:52:32,973.3,711913
2021-04-30 09:52:33,973.25,711919
2021-04-30 09:52:34,973.25,711937
2021-04-30 09:52:36,973.25,711940
2021-04-30 09:52:36,973.25,711940
2021-04-30 09:52:37,973.25,711940
2021-04-30 09:52:38,973.25,711940
2021-04-30 09:52:40,973.0,712090
2021-04-30 09:52:40,973.3,712118
2021-04-30 09:52:41,973.3,712122
2021-04-30 09:52:43,972.55,712239
2021-04-30 09:52:44,972.85,712290
2021-04-30 09:52:45,972.9,712298
2021-04-30 09:52:46,972.8,712299
2021-04-30 09:52:47,972.8,712299
2021-04-30 09:52:48,972.8,712299
2021-04-30 09:52:49,972.8,712299
2021-04-30 09:52:50,972.8,712299
2021-04-30 09:52:51,973.15,712389
2021-04-30 09:52:52,973.2,712403
2021-04-30 09:52:53,972.95,712405
2021-04-30 09:52:54,972.95,712405
2021-04-30 09:52:55,972.95,712405
2021-04-30 09:52:55,972.95,712405
2021-04-30 09:52:56,972.9,712415
2021-04-30 09:52:58,972.9,712416
2021-04-30 09:52:59,972.65,712428
2021-04-30 09:53:00,972.9,712429
2021-04-30 09:53:01,972.9,712430
2021-04-30 09:53:02,972.9,712466
2021-04-30 09:53:03,972.9,712471
2021-04-30 09:53:03,972.9,712472
2021-04-30 09:53:04,972.9,712472
2021-04-30 09:53:06,972.5,713095
2021-04-30 09:53:07,972.5,713303
2021-04-30 09:53:09,972.65,713385
2021-04-30 09:53:10,972.3,713419
2021-04-30 09:53:11,972.6,713424
2021-04-30 09:53:12,972.3,713446
2021-04-30 09:53:14,972.3,713522
2021-04-30 09:53:15,972.7,713533
2021-04-30 09:53:16,972.75,713534
2021-04-30 09:53:17,972.75,713534
2021-04-30 09:53:18,972.75,713534
2021-04-30 09:53:19,972.75,713545
2021-04-30 09:53:20,972.75,713546
2021-04-30 09:53:21,972.7,713547
2021-04-30 09:53:22,972.7,713547
2021-04-30 09:53:23,972.7,713547
2021-04-30 09:53:24,972.3,713597
2021-04-30 09:53:25,972.5,713609
2021-04-30 09:53:25,972.5,713626
2021-04-30 09:53:27,972.3,713639
2021-04-30 09:53:28,972.5,713641
2021-04-30 09:53:28,972.5,713661
2021-04-30 09:53:29,972.5,713664
2021-04-30 09:53:31,972.5,713664
2021-04-30 09:53:32,972.5,713664
2021-04-30 09:53:32,972.3,713679
2021-04-30 09:53:34,972.4,713682
2021-04-30 09:53:35,972.35,713684
2021-04-30 09:53:36,972.55,713938
2021-04-30 09:53:37,972.55,713976
2021-04-30 09:53:37,972.5,713981
2021-04-30 09:53:38,972.0,714503
2021-04-30 09:53:39,972.3,714581
2021-04-30 09:53:40,972.35,714613
2021-04-30 09:53:41,972.35,714618
2021-04-30 09:53:43,972.35,714619
2021-04-30 09:53:44,972.35,714619
2021-04-30 09:53:45,972.35,714619
2021-04-30 09:53:46,972.35,714619
2021-04-30 09:53:47,972.35,714619
2021-04-30 09:53:48,972.35,714619
2021-04-30 09:53:49,972.35,714619
2021-04-30 09:53:50,972.35,714619
2021-04-30 09:53:51,972.25,714620
2021-04-30 09:53:52,972.25,714620
2021-04-30 09:53:52,972.25,714620
2021-04-30 09:53:53,972.3,714780
2021-04-30 09:53:54,972.25,714804
2021-04-30 09:53:55,972.2,714809
2021-04-30 09:53:56,972.1,715142
2021-04-30 09:53:57,971.2,715252
2021-04-30 09:53:58,971.7,715269
2021-04-30 09:53:59,971.3,715292
2021-04-30 09:54:00,971.65,715296
2021-04-30 09:54:01,971.65,715296
2021-04-30 09:54:02,971.65,715296
2021-04-30 09:54:04,971.65,715296
2021-04-30 09:54:05,971.7,715297
2021-04-30 09:54:06,971.7,715438
2021-04-30 09:54:07,971.75,715459
2021-04-30 09:54:08,971.8,715462
2021-04-30 09:54:09,971.8,715462
2021-04-30 09:54:10,971.8,715462
2021-04-30 09:54:11,971.25,715962
2021-04-30 09:54:12,971.5,716041
2021-04-30 09:54:13,971.8,716053
2021-04-30 09:54:14,971.5,716081
2021-04-30 09:54:14,971.85,716085
2021-04-30 09:54:16,971.75,716087
2021-04-30 09:54:17,971.75,716087
2021-04-30 09:54:18,971.6,716090
2021-04-30 09:54:19,971.75,716099
2021-04-30 09:54:20,971.8,716100
2021-04-30 09:54:21,971.75,716104
2021-04-30 09:54:22,971.9,716105
2021-04-30 09:54:23,971.9,716105
2021-04-30 09:54:23,971.95,716343
2021-04-30 09:54:25,972.4,716378
2021-04-30 09:54:26,972.8,716383
2021-04-30 09:54:27,973.0,716434
2021-04-30 09:54:28,972.85,716443
2021-04-30 09:54:29,972.85,716444
2021-04-30 09:54:30,972.85,716444
2021-04-30 09:54:31,972.85,716444
2021-04-30 09:54:32,972.85,716444
2021-04-30 09:54:33,972.85,716444
2021-04-30 09:54:33,972.85,716444
2021-04-30 09:54:34,972.85,716444
2021-04-30 09:54:35,972.85,716444
2021-04-30 09:54:36,972.85,716444
2021-04-30 09:54:37,972.85,716444
2021-04-30 09:54:39,972.85,716444
2021-04-30 09:54:40,972.85,716544
2021-04-30 09:54:40,972.85,716559
2021-04-30 09:54:42,972.85,716562
2021-04-30 09:54:43,972.85,716562
2021-04-30 09:54:44,972.55,716588
2021-04-30 09:54:45,972.85,716613
2021-04-30 09:54:46,972.85,716617
2021-04-30 09:54:47,972.85,716619
2021-04-30 09:54:48,972.85,716620
2021-04-30 09:54:49,972.85,716620
2021-04-30 09:54:50,972.85,716620
2021-04-30 09:54:51,972.85,716620
2021-04-30 09:54:53,972.85,716620
2021-04-30 09:54:54,972.85,716621
2021-04-30 09:54:55,972.55,716752
2021-04-30 09:54:56,972.85,716772
2021-04-30 09:54:57,972.85,716779
2021-04-30 09:54:58,972.85,716780
2021-04-30 09:54:59,972.85,716780
2021-04-30 09:55:00,972.85,716780
2021-04-30 09:55:01,972.85,716781
2021-04-30 09:55:02,972.85,716781
2021-04-30 09:55:03,972.85,716791
2021-04-30 09:55:04,972.85,716792
2021-04-30 09:55:05,972.6,716914
2021-04-30 09:55:06,972.85,716932
2021-04-30 09:55:07,972.85,716935
2021-04-30 09:55:08,972.85,716935
2021-04-30 09:55:09,972.85,716935
2021-04-30 09:55:10,972.8,716939
2021-04-30 09:55:11,972.8,716939
2021-04-30 09:55:13,972.8,716939
2021-04-30 09:55:14,972.8,716939
2021-04-30 09:55:15,972.8,716939
2021-04-30 09:55:16,972.8,716939
2021-04-30 09:55:17,973.0,717239
2021-04-30 09:55:18,973.0,717284
2021-04-30 09:55:19,972.65,717356
2021-04-30 09:55:20,973.0,717367
2021-04-30 09:55:21,972.85,717369
2021-04-30 09:55:22,972.85,717369
2021-04-30 09:55:23,972.85,717370
2021-04-30 09:55:24,972.85,717370
2021-04-30 09:55:25,972.85,717376
2021-04-30 09:55:26,973.0,717377
2021-04-30 09:55:27,973.0,717377
2021-04-30 09:55:29,973.0,717877
2021-04-30 09:55:30,973.0,717952
2021-04-30 09:55:31,973.0,717963
2021-04-30 09:55:32,972.95,717965
2021-04-30 09:55:33,972.95,717965
2021-04-30 09:55:34,972.95,717965
2021-04-30 09:55:35,972.95,717965
2021-04-30 09:55:36,973.0,717990
2021-04-30 09:55:37,973.0,717994
2021-04-30 09:55:38,973.0,717995
2021-04-30 09:55:39,973.0,717995
2021-04-30 09:55:40,973.0,717995
2021-04-30 09:55:41,973.0,717995
2021-04-30 09:55:42,973.0,717996
2021-04-30 09:55:43,973.0,717996
2021-04-30 09:55:44,973.0,717996
2021-04-30 09:55:45,973.0,717996
2021-04-30 09:55:46,973.0,717996
2021-04-30 09:55:47,973.0,717996
2021-04-30 09:55:48,973.0,717996
2021-04-30 09:55:49,973.0,717996
2021-04-30 09:55:50,973.0,718291
2021-04-30 09:55:51,973.0,718336
2021-04-30 09:55:52,973.0,718342
2021-04-30 09:55:53,973.0,718431
2021-04-30 09:55:54,973.05,718445
2021-04-30 09:55:55,973.05,718497
2021-04-30 09:55:56,973.05,718505
2021-04-30 09:55:57,973.05,718506
2021-04-30 09:55:58,973.05,718506
2021-04-30 09:55:59,973.05,718506
2021-04-30 09:56:00,973.05,718570
2021-04-30 09:56:01,973.05,718579
2021-04-30 09:56:02,973.05,718581
2021-04-30 09:56:03,973.0,718582
2021-04-30 09:56:04,973.0,718582
2021-04-30 09:56:05,973.0,718697
2021-04-30 09:56:06,973.2,718715
2021-04-30 09:56:07,973.2,718717
2021-04-30 09:56:08,973.2,718718
2021-04-30 09:56:09,973.2,718722
2021-04-30 09:56:10,973.2,718722
2021-04-30 09:56:11,973.2,718722
2021-04-30 09:56:12,973.2,718722
2021-04-30 09:56:13,973.2,718722
2021-04-30 09:56:14,973.2,718722
2021-04-30 09:56:15,973.2,718722
2021-04-30 09:56:16,973.2,718737
2021-04-30 09:56:17,973.2,718740
2021-04-30 09:56:18,973.2,718740
2021-04-30 09:56:19,973.2,718740
2021-04-30 09:56:20,973.2,718940
2021-04-30 09:56:21,973.2,718970
2021-04-30 09:56:22,973.0,718979
2021-04-30 09:56:23,973.0,719249
2021-04-30 09:56:25,973.0,719304
2021-04-30 09:56:24,973.2,719289
2021-04-30 09:56:26,973.2,719308
2021-04-30 09:56:27,972.65,719953
2021-04-30 09:56:28,972.9,720050
2021-04-30 09:56:29,972.9,720064
2021-04-30 09:56:30,973.0,720067
2021-04-30 09:56:31,973.0,720067
2021-04-30 09:56:32,973.0,720267
2021-04-30 09:56:33,973.0,720297
2021-04-30 09:56:34,973.0,720302
2021-04-30 09:56:35,973.0,720302
2021-04-30 09:56:36,972.85,720310
2021-04-30 09:56:37,972.85,720311
2021-04-30 09:56:38,972.85,720312
2021-04-30 09:56:39,972.85,720312
2021-04-30 09:56:40,972.85,720318
2021-04-30 09:56:41,972.95,720319
2021-04-30 09:56:42,972.65,720419
2021-04-30 09:56:43,973.0,720434
2021-04-30 09:56:44,973.0,720436
2021-04-30 09:56:45,973.0,720436
2021-04-30 09:56:46,973.0,720446
2021-04-30 09:56:48,973.0,720448
2021-04-30 09:56:49,973.0,720448
2021-04-30 09:56:50,973.0,720448
2021-04-30 09:56:51,973.0,720463
2021-04-30 09:56:52,972.6,720565
2021-04-30 09:56:53,973.0,720581
2021-04-30 09:56:54,973.0,720584
2021-04-30 09:56:55,973.0,720585
2021-04-30 09:56:56,973.0,720585
2021-04-30 09:56:57,973.0,720585
2021-04-30 09:56:58,973.0,720585
2021-04-30 09:56:59,972.6,720655
2021-04-30 09:57:00,973.0,720665
2021-04-30 09:57:01,973.0,720667
2021-04-30 09:57:03,972.6,720755
2021-04-30 09:57:03,973.0,720768
2021-04-30 09:57:04,973.0,720770
2021-04-30 09:57:05,973.0,720770
2021-04-30 09:57:06,973.0,720770
2021-04-30 09:57:07,973.0,720770
2021-04-30 09:57:09,973.0,720770
2021-04-30 09:57:09,972.55,720820
2021-04-30 09:57:10,973.0,720828
2021-04-30 09:57:11,973.0,720849
2021-04-30 09:57:12,972.65,720852
2021-04-30 09:57:13,972.35,721246
2021-04-30 09:57:14,972.35,721306
2021-04-30 09:57:16,972.55,721315
2021-04-30 09:57:16,972.55,721316
2021-04-30 09:57:17,972.55,721316
2021-04-30 09:57:18,972.55,721316
2021-04-30 09:57:19,972.55,721316
2021-04-30 09:57:20,972.55,721366
2021-04-30 09:57:21,972.5,721422
2021-04-30 09:57:23,972.55,721531
2021-04-30 09:57:23,972.95,721548
2021-04-30 09:57:25,972.5,721790
2021-04-30 09:57:25,972.95,721826
2021-04-30 09:57:26,972.9,721832
2021-04-30 09:57:27,972.9,721833
2021-04-30 09:57:28,972.9,721833
2021-04-30 09:57:29,972.9,721833
2021-04-30 09:57:30,972.9,721833
2021-04-30 09:57:31,972.9,721833
2021-04-30 09:57:33,972.9,721834
2021-04-30 09:57:34,972.9,721834
2021-04-30 09:57:35,972.9,721834
2021-04-30 09:57:35,972.9,721834
2021-04-30 09:57:36,972.9,721909
2021-04-30 09:57:37,972.9,721921
2021-04-30 09:57:38,972.85,721922
2021-04-30 09:57:39,972.9,721927
2021-04-30 09:57:41,972.9,721927
2021-04-30 09:57:41,972.9,721927
2021-04-30 09:57:42,972.9,721927
2021-04-30 09:57:43,972.9,721927
2021-04-30 09:57:45,972.9,721927
2021-04-30 09:57:45,972.4,722557
2021-04-30 09:57:46,972.9,722662
2021-04-30 09:57:47,972.9,722678
2021-04-30 09:57:48,972.9,722682
2021-04-30 09:57:49,972.9,722683
2021-04-30 09:57:50,972.9,722683
2021-04-30 09:57:51,972.9,722683
2021-04-30 09:57:52,972.9,722683
2021-04-30 09:57:53,972.9,722683
2021-04-30 09:57:54,972.9,722683
2021-04-30 09:57:56,973.15,722958
2021-04-30 09:57:56,973.2,722999
2021-04-30 09:57:57,973.2,723006
2021-04-30 09:57:58,973.15,723008
2021-04-30 09:57:59,973.15,723028
2021-04-30 09:58:00,973.15,723031
2021-04-30 09:58:01,973.15,723031
2021-04-30 09:58:02,973.15,723031
2021-04-30 09:58:03,973.15,723031
2021-04-30 09:58:05,973.15,723031
2021-04-30 09:58:07,973.15,723131
2021-04-30 09:58:07,973.15,723146
2021-04-30 09:58:08,973.15,723149
2021-04-30 09:58:09,973.15,723236
2021-04-30 09:58:10,973.2,723249
2021-04-30 09:58:11,973.15,723949
2021-04-30 09:58:12,973.25,724054
2021-04-30 09:58:13,973.25,724070
2021-04-30 09:58:14,973.2,724072
2021-04-30 09:58:15,973.25,724073
2021-04-30 09:58:16,973.25,724073
2021-04-30 09:58:17,973.25,724073
2021-04-30 09:58:18,973.25,724089
2021-04-30 09:58:19,973.0,724094
2021-04-30 09:58:20,973.0,724095
2021-04-30 09:58:21,973.0,724095
2021-04-30 09:58:23,973.0,724095
2021-04-30 09:58:24,973.0,724095
2021-04-30 09:58:24,973.25,724160
2021-04-30 09:58:25,973.3,724204
2021-04-30 09:58:26,973.25,724210
2021-04-30 09:58:27,973.25,724211
2021-04-30 09:58:28,972.95,724411
2021-04-30 09:58:29,973.25,724441
2021-04-30 09:58:30,973.2,724446
2021-04-30 09:58:31,973.25,724447
2021-04-30 09:58:33,973.25,724447
2021-04-30 09:58:33,973.25,724547
2021-04-30 09:58:34,973.25,724602
2021-04-30 09:58:35,973.25,724610
2021-04-30 09:58:36,973.3,724623
2021-04-30 09:58:37,973.0,725085
2021-04-30 09:58:39,973.25,725155
2021-04-30 09:58:39,973.4,725165
2021-04-30 09:58:41,973.45,725187
2021-04-30 09:58:42,973.25,725190
2021-04-30 09:58:42,973.25,725190
2021-04-30 09:58:43,973.25,725192
2021-04-30 09:58:44,973.35,725293
2021-04-30 09:58:45,973.25,725308
2021-04-30 09:58:46,973.25,725320
2021-04-30 09:58:47,973.25,725822
2021-04-30 09:58:48,973.35,725897
2021-04-30 09:58:49,973.25,725918
2021-04-30 09:58:51,973.0,725973
2021-04-30 09:58:51,973.35,725982
2021-04-30 09:58:52,973.35,725983
2021-04-30 09:58:53,973.35,725983
2021-04-30 09:58:54,973.35,725983
2021-04-30 09:58:55,973.0,726020
2021-04-30 09:58:56,973.35,726026
2021-04-30 09:58:57,973.35,726027
2021-04-30 09:58:58,973.0,726048
2021-04-30 09:58:59,973.0,726052
2021-04-30 09:59:00,973.35,726053
2021-04-30 09:59:01,973.35,726153
2021-04-30 09:59:02,973.45,726168
2021-04-30 09:59:03,973.5,726380
2021-04-30 09:59:04,973.5,726412
2021-04-30 09:59:06,973.5,726917
2021-04-30 09:59:07,973.5,727021
2021-04-30 09:59:07,973.5,727007
2021-04-30 09:59:08,973.5,727023
2021-04-30 09:59:09,973.5,727023
2021-04-30 09:59:10,973.5,727035
2021-04-30 09:59:11,973.5,727538
2021-04-30 09:59:12,973.5,727613
2021-04-30 09:59:13,973.5,727625
2021-04-30 09:59:14,973.5,727633
2021-04-30 09:59:15,973.45,728103
2021-04-30 09:59:17,973.5,728173
2021-04-30 09:59:18,973.5,728204
2021-04-30 09:59:18,973.5,728209
2021-04-30 09:59:19,973.5,728210
2021-04-30 09:59:20,973.4,728810
2021-04-30 09:59:22,973.5,729150
2021-04-30 09:59:22,973.4,729221
2021-04-30 09:59:23,973.5,729252
2021-04-30 09:59:24,973.4,729259
2021-04-30 09:59:25,973.5,729260
2021-04-30 09:59:27,973.5,729260
2021-04-30 09:59:28,973.5,729261
2021-04-30 09:59:29,973.5,729261
2021-04-30 09:59:29,973.4,729321
2021-04-30 09:59:30,973.5,729330
2021-04-30 09:59:31,973.5,729371
2021-04-30 09:59:32,973.5,730427
2021-04-30 09:59:33,973.5,730586
2021-04-30 09:59:34,973.5,731102
2021-04-30 09:59:35,973.65,731356
2021-04-30 09:59:36,973.65,731503
2021-04-30 09:59:37,973.75,731525
2021-04-30 09:59:39,973.75,731614
2021-04-30 09:59:40,974.05,735334
2021-04-30 09:59:40,974.05,735757
2021-04-30 09:59:41,973.9,736049
2021-04-30 09:59:42,974.1,736078
2021-04-30 09:59:45,974.0,736211
2021-04-30 09:59:45,974.05,736224
2021-04-30 09:59:47,974.05,736227
2021-04-30 09:59:48,974.05,736227
2021-04-30 09:59:49,974.0,736239
2021-04-30 09:59:49,974.05,736271
2021-04-30 09:59:50,974.05,736275
2021-04-30 09:59:52,974.05,736780
2021-04-30 09:59:52,974.05,736836
2021-04-30 09:59:53,974.05,736841
2021-04-30 09:59:54,974.05,737005
2021-04-30 09:59:55,974.05,737021
2021-04-30 09:59:56,974.05,737023
2021-04-30 09:59:57,974.0,737663
2021-04-30 09:59:58,973.8,737787
2021-04-30 09:59:59,973.75,738387
2021-04-30 10:00:00,974.0,738511
2021-04-30 10:00:01,974.2,738613
2021-04-30 10:00:02,974.2,738624
2021-04-30 10:00:03,974.2,738625
2021-04-30 10:00:04,973.85,739057
2021-04-30 10:00:06,973.85,739428
2021-04-30 10:00:06,973.8,739765
2021-04-30 10:00:08,974.0,739965
2021-04-30 10:00:09,974.0,740044
2021-04-30 10:00:10,974.0,740060
2021-04-30 10:00:11,974.0,740062
2021-04-30 10:00:11,974.0,740062
2021-04-30 10:00:12,974.15,740762
2021-04-30 10:00:13,974.2,740847
2021-04-30 10:00:14,974.15,740935
2021-04-30 10:00:15,973.95,741151
2021-04-30 10:00:16,973.95,741233
2021-04-30 10:00:17,974.0,741241
2021-04-30 10:00:18,973.95,741352
2021-04-30 10:00:19,973.95,741463
2021-04-30 10:00:20,973.95,741474
2021-04-30 10:00:21,973.6,745362
2021-04-30 10:00:23,973.6,745945
2021-04-30 10:00:24,973.55,746039
2021-04-30 10:00:24,973.55,746053
2021-04-30 10:00:25,973.55,746055
2021-04-30 10:00:26,973.55,746305
2021-04-30 10:00:27,973.55,746343
2021-04-30 10:00:28,973.55,746348
2021-04-30 10:00:29,973.5,746377
2021-04-30 10:00:31,973.55,746482
2021-04-30 10:00:31,973.55,746508
2021-04-30 10:00:32,973.2,746562
2021-04-30 10:00:33,973.5,746573
2021-04-30 10:00:34,973.5,746577
2021-04-30 10:00:35,973.5,746577
2021-04-30 10:00:36,973.5,746612
2021-04-30 10:00:37,973.55,746618
2021-04-30 10:00:38,973.65,746687
2021-04-30 10:00:40,973.8,746697
2021-04-30 10:00:41,973.8,746697
2021-04-30 10:00:42,973.8,746698
2021-04-30 10:00:42,973.8,746698
2021-04-30 10:00:43,973.9,746728
2021-04-30 10:00:44,973.9,747331
2021-04-30 10:00:46,974.2,747586
2021-04-30 10:00:46,974.1,747612
2021-04-30 10:00:47,974.0,747645
2021-04-30 10:00:49,974.0,747698
2021-04-30 10:00:50,974.0,747803
2021-04-30 10:00:51,974.0,747816
2021-04-30 10:00:51,974.0,747817
2021-04-30 10:00:52,974.0,747867
2021-04-30 10:00:53,973.95,747872
2021-04-30 10:00:54,973.95,747873
2021-04-30 10:00:55,974.0,748051
2021-04-30 10:00:56,973.9,748088
2021-04-30 10:00:57,974.0,748244
2021-04-30 10:00:58,974.0,748360
2021-04-30 10:00:59,973.95,748376
2021-04-30 10:01:00,974.0,748478
2021-04-30 10:01:01,974.0,748488
2021-04-30 10:01:02,973.95,748489
2021-04-30 10:01:04,973.95,748490
2021-04-30 10:01:05,973.95,748498
2021-04-30 10:01:05,974.0,748500
2021-04-30 10:01:06,974.0,749343
2021-04-30 10:01:07,974.0,749490
2021-04-30 10:01:08,974.0,749514
2021-04-30 10:01:10,974.0,749547
2021-04-30 10:01:11,974.0,749560
2021-04-30 10:01:12,974.0,749561
2021-04-30 10:01:13,974.0,749661
2021-04-30 10:01:13,974.0,749671
2021-04-30 10:01:14,974.0,749774
2021-04-30 10:01:16,974.0,749785
2021-04-30 10:01:16,974.0,749813
2021-04-30 10:01:17,974.0,749816
2021-04-30 10:01:18,974.0,749816
2021-04-30 10:01:20,974.0,749905
2021-04-30 10:01:21,974.0,750024
2021-04-30 10:01:22,973.65,750114
2021-04-30 10:01:23,973.8,750127
2021-04-30 10:01:24,974.0,750727
2021-04-30 10:01:25,974.0,750789
2021-04-30 10:01:26,973.65,750800
2021-04-30 10:01:27,973.65,750802
2021-04-30 10:01:28,973.65,750802
2021-04-30 10:01:29,973.95,760802
2021-04-30 10:01:30,974.0,761802
2021-04-30 10:01:31,974.0,761902
2021-04-30 10:01:32,974.0,761912
2021-04-30 10:01:32,974.0,761913
2021-04-30 10:01:34,974.0,761914
2021-04-30 10:01:35,974.0,761914
2021-04-30 10:01:36,974.0,761914
2021-04-30 10:01:37,974.0,761914
2021-04-30 10:01:38,974.0,761914
2021-04-30 10:01:39,974.0,761924
2021-04-30 10:01:40,973.5,763422
2021-04-30 10:01:41,973.6,763677
2021-04-30 10:01:42,973.25,763746
2021-04-30 10:01:43,973.5,763888
2021-04-30 10:01:43,973.7,763910
2021-04-30 10:01:44,973.7,763943
2021-04-30 10:01:45,973.7,763948
2021-04-30 10:01:46,973.7,763949
2021-04-30 10:01:47,973.7,763953
2021-04-30 10:01:48,973.7,764009
2021-04-30 10:01:49,973.7,764018
2021-04-30 10:01:50,973.7,764019
2021-04-30 10:01:51,973.7,764030
2021-04-30 10:01:53,973.7,764032
2021-04-30 10:01:54,973.7,764032
2021-04-30 10:01:55,973.7,764048
2021-04-30 10:01:56,973.65,764062
2021-04-30 10:01:57,974.0,764071
2021-04-30 10:01:58,973.8,764074
2021-04-30 10:01:59,973.9,764084
2021-04-30 10:02:00,973.9,764085
2021-04-30 10:02:01,973.9,764085
2021-04-30 10:02:02,973.9,764086
2021-04-30 10:02:03,973.9,764086
2021-04-30 10:02:04,973.7,764087
2021-04-30 10:02:04,973.7,764087
2021-04-30 10:02:05,973.9,764097
2021-04-30 10:02:06,973.9,764166
2021-04-30 10:02:07,973.9,764173
2021-04-30 10:02:08,973.9,764174
2021-04-30 10:02:09,973.9,764174
2021-04-30 10:02:10,973.45,764735
2021-04-30 10:02:11,973.7,764819
2021-04-30 10:02:12,973.7,764842
2021-04-30 10:02:13,973.75,764865
2021-04-30 10:02:15,973.75,764869
2021-04-30 10:02:16,973.5,764897
2021-04-30 10:02:17,973.65,764902
2021-04-30 10:02:18,973.65,764902
2021-04-30 10:02:20,973.75,764918
2021-04-30 10:02:20,973.7,765238
2021-04-30 10:02:21,973.75,765663
2021-04-30 10:02:22,973.35,766163
2021-04-30 10:02:24,973.9,766239
2021-04-30 10:02:25,973.9,766316
2021-04-30 10:02:26,973.9,766323
2021-04-30 10:02:26,973.9,766324
2021-04-30 10:02:27,973.9,766324
2021-04-30 10:02:28,973.9,766324
2021-04-30 10:02:29,973.6,766349
2021-04-30 10:02:30,973.6,766349
2021-04-30 10:02:31,973.6,766349
2021-04-30 10:02:32,973.9,766412
2021-04-30 10:02:33,973.9,766418
2021-04-30 10:02:35,973.9,766419
2021-04-30 10:02:36,973.9,766419
2021-04-30 10:02:37,973.9,766419
2021-04-30 10:02:37,973.9,766419
2021-04-30 10:02:38,973.9,766519
2021-04-30 10:02:39,973.75,766572
2021-04-30 10:02:40,973.8,766580
2021-04-30 10:02:41,973.8,766582
2021-04-30 10:02:42,973.8,766583
2021-04-30 10:02:43,973.8,766608
2021-04-30 10:02:44,973.4,766650
2021-04-30 10:02:45,973.75,766656
2021-04-30 10:02:46,973.8,766657
2021-04-30 10:02:47,973.8,766682
2021-04-30 10:02:48,973.8,766686
2021-04-30 10:02:50,973.9,766706
2021-04-30 10:02:51,973.4,766912
2021-04-30 10:02:51,973.4,767106
2021-04-30 10:02:52,973.75,767335
2021-04-30 10:02:53,973.4,767370
2021-04-30 10:02:54,973.4,767410
2021-04-30 10:02:56,973.4,767416
2021-04-30 10:02:57,973.4,767417
2021-04-30 10:02:58,973.4,767456
2021-04-30 10:02:59,973.7,767462
2021-04-30 10:03:00,973.7,767463
2021-04-30 10:03:01,973.7,767463
2021-04-30 10:03:02,973.7,767463
2021-04-30 10:03:03,973.7,767463
2021-04-30 10:03:04,973.9,767563
2021-04-30 10:03:05,973.9,767573
2021-04-30 10:03:06,973.95,769074
2021-04-30 10:03:06,974.0,769224
2021-04-30 10:03:07,973.55,769290
2021-04-30 10:03:08,973.55,769315
2021-04-30 10:03:09,973.85,769366
2021-04-30 10:03:10,973.8,769372
2021-04-30 10:03:12,973.8,769398
2021-04-30 10:03:13,973.8,769443
2021-04-30 10:03:13,973.8,769443
2021-04-30 10:03:14,973.8,769473
2021-04-30 10:03:16,973.65,769478
2021-04-30 10:03:17,973.55,769503
2021-04-30 10:03:18,973.7,769532
2021-04-30 10:03:19,973.8,769556
2021-04-30 10:03:20,973.8,769560
2021-04-30 10:03:21,973.8,769618
2021-04-30 10:03:22,973.8,769626
2021-04-30 10:03:23,973.8,769648
2021-04-30 10:03:24,973.8,769651
2021-04-30 10:03:25,973.8,769657
2021-04-30 10:03:26,973.65,769708
2021-04-30 10:03:27,973.8,769716
2021-04-30 10:03:28,973.8,769717
2021-04-30 10:03:30,973.8,769717
2021-04-30 10:03:30,973.8,769717
2021-04-30 10:03:32,973.8,769717
2021-04-30 10:03:32,973.8,769727
2021-04-30 10:03:33,973.8,769754
2021-04-30 10:03:35,973.8,769758
2021-04-30 10:03:36,973.8,769758
2021-04-30 10:03:36,973.8,769758
2021-04-30 10:03:38,973.8,769849
2021-04-30 10:03:39,973.8,769863
2021-04-30 10:03:40,973.8,769865
2021-04-30 10:03:40,973.8,769865
2021-04-30 10:03:42,973.8,769960
2021-04-30 10:03:43,973.8,769960
2021-04-30 10:03:45,973.8,770134
2021-04-30 10:03:46,973.7,770170
2021-04-30 10:03:47,973.75,770377
2021-04-30 10:03:48,973.7,770428
2021-04-30 10:03:49,973.8,770438
2021-04-30 10:03:50,973.8,770439
2021-04-30 10:03:51,973.8,770441
2021-04-30 10:03:52,973.8,770441
2021-04-30 10:03:53,973.8,770441
2021-04-30 10:03:54,973.7,770577
2021-04-30 10:03:55,973.65,770617
2021-04-30 10:03:56,973.65,770840
2021-04-30 10:03:57,973.85,770879
2021-04-30 10:03:58,973.75,770883
2021-04-30 10:03:58,973.75,770883
2021-04-30 10:04:00,973.75,770883
2021-04-30 10:04:02,973.75,770883
2021-04-30 10:04:03,973.75,770884
2021-04-30 10:04:03,973.7,770885
2021-04-30 10:04:04,973.75,770886
2021-04-30 10:04:05,973.7,772110
2021-04-30 10:04:06,973.75,772294
2021-04-30 10:04:07,973.7,772321
2021-04-30 10:04:08,973.65,772375
2021-04-30 10:04:09,973.6,772389
2021-04-30 10:04:11,973.75,772411
2021-04-30 10:04:12,973.75,772414
2021-04-30 10:04:13,973.75,772414
2021-04-30 10:04:14,973.7,772464
2021-04-30 10:04:14,973.7,772474
2021-04-30 10:04:15,973.7,772475
2021-04-30 10:04:16,973.7,772501
2021-04-30 10:04:18,973.65,772504
2021-04-30 10:04:19,973.65,772505
2021-04-30 10:04:19,973.35,772506
2021-04-30 10:04:20,973.35,772506
2021-04-30 10:04:22,973.35,772527
2021-04-30 10:04:23,973.65,772580
2021-04-30 10:04:24,973.65,772588
2021-04-30 10:04:25,973.65,772590
2021-04-30 10:04:26,973.65,772590
2021-04-30 10:04:27,973.65,772590
2021-04-30 10:04:28,973.65,772640
2021-04-30 10:04:29,973.5,772648
2021-04-30 10:04:30,973.65,772650
2021-04-30 10:04:31,973.65,772659
2021-04-30 10:04:32,973.5,772858
2021-04-30 10:04:33,973.7,772903
2021-04-30 10:04:34,973.65,772910
2021-04-30 10:04:35,973.5,772953
2021-04-30 10:04:36,973.75,772960
2021-04-30 10:04:36,973.75,772961
2021-04-30 10:04:37,973.5,772985
2021-04-30 10:04:38,973.75,772989
2021-04-30 10:04:39,974.0,778112
2021-04-30 10:04:40,974.0,778865
2021-04-30 10:04:42,974.05,778941
2021-04-30 10:04:43,974.1,778961
2021-04-30 10:04:44,973.5,778985
2021-04-30 10:04:45,973.6,779009
2021-04-30 10:04:46,973.8,779104
2021-04-30 10:04:47,973.8,779219
2021-04-30 10:04:48,973.85,779295
2021-04-30 10:04:49,973.85,779303
2021-04-30 10:04:50,973.85,779304
2021-04-30 10:04:51,973.85,779304
2021-04-30 10:04:52,973.25,779914
2021-04-30 10:04:52,973.8,779924
2021-04-30 10:04:53,973.9,779927
2021-04-30 10:04:54,973.9,780010
2021-04-30 10:04:56,973.9,780018
2021-04-30 10:04:57,973.65,780147
2021-04-30 10:04:57,973.25,780177
2021-04-30 10:04:58,973.7,780181
2021-04-30 10:05:00,973.7,780682
2021-04-30 10:05:01,973.4,780882
2021-04-30 10:05:02,973.8,780912
2021-04-30 10:05:03,973.8,780916
2021-04-30 10:05:04,973.8,780917
2021-04-30 10:05:05,973.8,780917
2021-04-30 10:05:06,973.8,780987
2021-04-30 10:05:07,973.8,780998
2021-04-30 10:05:08,973.45,781020
2021-04-30 10:05:09,973.45,781054
2021-04-30 10:05:10,973.8,781059
2021-04-30 10:05:11,973.8,781060
2021-04-30 10:05:12,973.75,781061
2021-04-30 10:05:13,973.75,781061
2021-04-30 10:05:14,973.75,781140
2021-04-30 10:05:15,973.8,781152
2021-04-30 10:05:16,973.8,781250
2021-04-30 10:05:17,973.8,781268
2021-04-30 10:05:18,973.8,781271
2021-04-30 10:05:19,973.8,781271
2021-04-30 10:05:19,973.8,781271
2021-04-30 10:05:21,973.6,781276
2021-04-30 10:05:22,973.85,781377
2021-04-30 10:05:23,973.65,781408
2021-04-30 10:05:24,973.55,781430
2021-04-30 10:05:25,973.55,781485
2021-04-30 10:05:26,973.55,781485
2021-04-30 10:05:27,973.55,781685
2021-04-30 10:05:28,973.55,781685
2021-04-30 10:05:29,973.55,781731
2021-04-30 10:05:30,973.7,781753
2021-04-30 10:05:31,973.7,781753
2021-04-30 10:05:32,973.8,781756
2021-04-30 10:05:33,973.5,782145
2021-04-30 10:05:34,973.15,782279
2021-04-30 10:05:35,973.45,782299
2021-04-30 10:05:36,973.45,782302
2021-04-30 10:05:37,973.45,782303
2021-04-30 10:05:38,972.8,783676
2021-04-30 10:05:39,972.5,783904
2021-04-30 10:05:40,972.55,783959
2021-04-30 10:05:41,973.0,783967
2021-04-30 10:05:42,972.95,783968
2021-04-30 10:05:43,972.95,783996
2021-04-30 10:05:44,972.0,788334
2021-04-30 10:05:45,972.3,789290
2021-04-30 10:05:46,972.6,789434
2021-04-30 10:05:47,972.45,789456
2021-04-30 10:05:48,972.0,789959
2021-04-30 10:05:49,971.95,790475
2021-04-30 10:05:50,971.5,790921
2021-04-30 10:05:51,971.85,790988
2021-04-30 10:05:52,971.35,791104
2021-04-30 10:05:53,971.35,791126
2021-04-30 10:05:54,970.95,792453
2021-04-30 10:05:55,971.5,792653
2021-04-30 10:05:56,971.65,792783
2021-04-30 10:05:57,971.1,792817
2021-04-30 10:05:58,971.65,792842
2021-04-30 10:05:59,971.65,792846
2021-04-30 10:06:00,971.2,792889
2021-04-30 10:06:01,971.2,793487
2021-04-30 10:06:02,971.2,793577
2021-04-30 10:06:03,971.15,793595
2021-04-30 10:06:04,971.15,793598
2021-04-30 10:06:05,971.15,793598
2021-04-30 10:06:07,971.15,793600
2021-04-30 10:06:09,971.15,793620
2021-04-30 10:06:08,971.15,793600
2021-04-30 10:06:10,971.5,793624
2021-04-30 10:06:11,971.5,793824
2021-04-30 10:06:13,971.5,793869
2021-04-30 10:06:14,971.15,793970
2021-04-30 10:06:15,971.5,793985
2021-04-30 10:06:16,971.5,793998
2021-04-30 10:06:17,971.55,794000
2021-04-30 10:06:18,971.15,794072
2021-04-30 10:06:19,971.6,794083
2021-04-30 10:06:20,971.15,794087
2021-04-30 10:06:21,971.0,795688
2021-04-30 10:06:22,970.6,795950
2021-04-30 10:06:23,971.0,796031
2021-04-30 10:06:24,971.0,796043
2021-04-30 10:06:25,970.5,796889
2021-04-30 10:06:26,970.3,797075
2021-04-30 10:06:27,970.5,797103
2021-04-30 10:06:28,970.5,797107
2021-04-30 10:06:29,970.0,898614
2021-04-30 10:06:30,971.0,902955
2021-04-30 10:06:31,970.0,958606
2021-04-30 10:06:32,970.8,958611
2021-04-30 10:06:33,970.95,958781
2021-04-30 10:06:34,970.5,959106
2021-04-30 10:06:35,970.0,968756
2021-04-30 10:06:36,970.4,970331
2021-04-30 10:06:37,970.5,970568
2021-04-30 10:06:38,970.5,970603
2021-04-30 10:06:39,970.1,970610
2021-04-30 10:06:40,970.65,970751
2021-04-30 10:06:41,970.1,970794
2021-04-30 10:06:42,970.0,970848
2021-04-30 10:06:43,970.0,970877
2021-04-30 10:06:44,970.3,970881
2021-04-30 10:06:45,969.9,972348
2021-04-30 10:06:46,970.2,974694
2021-04-30 10:06:48,970.3,975301
2021-04-30 10:06:47,970.8,975048
2021-04-30 10:06:49,970.75,975349
2021-04-30 10:06:50,970.75,975357
2021-04-30 10:06:51,970.75,975378
2021-04-30 10:06:52,970.8,975406
2021-04-30 10:06:53,970.7,975410
2021-04-30 10:06:54,970.1,975611
2021-04-30 10:06:55,970.2,976156
2021-04-30 10:06:56,970.7,976238
2021-04-30 10:06:57,970.5,976250
2021-04-30 10:06:58,970.65,976377
2021-04-30 10:06:59,970.65,976396
2021-04-30 10:07:00,970.15,977892
2021-04-30 10:07:01,970.2,978389
2021-04-30 10:07:02,970.2,978523
2021-04-30 10:07:04,970.4,978547
2021-04-30 10:07:05,970.4,978547
2021-04-30 10:07:06,969.95,978761
2021-04-30 10:07:07,970.25,978793
2021-04-30 10:07:08,970.45,979598
2021-04-30 10:07:09,970.5,979719
2021-04-30 10:07:10,970.55,979739
2021-04-30 10:07:12,970.55,979750
2021-04-30 10:07:13,970.55,979751
2021-04-30 10:07:14,970.4,979781
2021-04-30 10:07:15,970.4,979786
2021-04-30 10:07:16,970.1,979893
2021-04-30 10:07:17,970.5,979909
2021-04-30 10:07:18,970.5,979911
2021-04-30 10:07:19,970.5,979912
2021-04-30 10:07:20,970.65,980962
2021-04-30 10:07:21,970.5,981120
2021-04-30 10:07:22,970.6,981144
2021-04-30 10:07:23,970.6,981148
2021-04-30 10:07:24,970.6,981148
2021-04-30 10:07:25,969.7,981648
2021-04-30 10:07:26,970.55,981724
2021-04-30 10:07:28,970.4,981737
2021-04-30 10:07:29,970.4,981738
2021-04-30 10:07:30,970.4,981837
2021-04-30 10:07:31,970.5,982008
2021-04-30 10:07:32,970.6,982133
2021-04-30 10:07:34,970.6,982152
2021-04-30 10:07:34,970.6,982213
2021-04-30 10:07:36,970.6,982222
2021-04-30 10:07:36,970.65,982223
2021-04-30 10:07:37,970.5,982372
2021-04-30 10:07:38,970.5,982938
2021-04-30 10:07:39,970.45,983507
2021-04-30 10:07:40,970.45,983602
2021-04-30 10:07:41,970.4,983776
2021-04-30 10:07:42,970.45,983802
2021-04-30 10:07:43,970.45,983806
2021-04-30 10:07:44,970.35,983908
2021-04-30 10:07:45,970.5,983929
2021-04-30 10:07:46,970.5,983932
2021-04-30 10:07:47,970.5,983932
2021-04-30 10:07:48,970.5,983932
2021-04-30 10:07:49,970.5,983932
2021-04-30 10:07:50,970.5,984040
2021-04-30 10:07:51,970.5,984058
2021-04-30 10:07:52,970.5,984060
2021-04-30 10:07:54,970.4,984103
2021-04-30 10:07:55,970.4,984108
2021-04-30 10:07:57,970.5,984690
2021-04-30 10:07:58,970.5,984701
2021-04-30 10:07:59,970.5,984703
2021-04-30 10:08:00,970.5,984703
2021-04-30 10:08:01,970.5,984707
2021-04-30 10:08:02,970.35,984858
2021-04-30 10:08:03,970.5,985380
2021-04-30 10:08:04,970.5,985459
2021-04-30 10:08:05,970.25,985552
2021-04-30 10:08:06,970.5,985566
2021-04-30 10:08:07,970.45,985568
2021-04-30 10:08:08,970.45,985568
2021-04-30 10:08:09,970.5,985598
2021-04-30 10:08:10,970.5,985603
2021-04-30 10:08:11,970.5,989250
2021-04-30 10:08:12,970.5,989947
2021-04-30 10:08:13,970.25,990073
2021-04-30 10:08:14,970.25,990113
2021-04-30 10:08:15,970.5,990119
2021-04-30 10:08:16,970.5,990120
2021-04-30 10:08:17,970.25,990133
2021-04-30 10:08:18,970.5,990135
2021-04-30 10:08:19,970.5,990999
2021-04-30 10:08:20,970.75,991129
2021-04-30 10:08:21,970.75,991148
2021-04-30 10:08:22,970.75,991151
2021-04-30 10:08:23,970.75,991152
2021-04-30 10:08:25,970.7,991153
2021-04-30 10:08:26,970.7,991153
2021-04-30 10:08:27,971.05,992043
2021-04-30 10:08:28,971.4,992177
2021-04-30 10:08:29,971.1,992197
2021-04-30 10:08:30,971.1,992212
2021-04-30 10:08:31,971.1,992215
2021-04-30 10:08:33,971.1,992215
2021-04-30 10:08:34,971.1,992215
2021-04-30 10:08:35,971.05,992220
2021-04-30 10:08:35,971.05,992221
2021-04-30 10:08:36,971.05,992221
2021-04-30 10:08:37,971.05,992221
2021-04-30 10:08:39,971.05,992221
2021-04-30 10:08:40,970.75,992231
2021-04-30 10:08:40,971.0,992242
2021-04-30 10:08:41,970.75,992294
2021-04-30 10:08:43,971.0,992342
2021-04-30 10:08:43,970.75,992352
2021-04-30 10:08:44,971.0,992354
2021-04-30 10:08:45,971.0,992355
2021-04-30 10:08:46,971.0,992355
2021-04-30 10:08:47,971.0,992405
2021-04-30 10:08:48,971.0,992413
2021-04-30 10:08:49,971.0,992414
2021-04-30 10:08:50,971.0,992414
2021-04-30 10:08:52,971.0,992414
2021-04-30 10:08:53,971.0,992424
2021-04-30 10:08:53,971.0,992425
2021-04-30 10:08:55,971.0,992449
2021-04-30 10:08:54,971.0,992446
2021-04-30 10:08:56,971.0,992474
2021-04-30 10:08:58,971.0,992536
2021-04-30 10:08:59,971.0,992537
2021-04-30 10:09:00,971.0,992537
2021-04-30 10:09:01,971.0,992537
2021-04-30 10:09:02,971.0,992538
2021-04-30 10:09:03,971.0,992538
2021-04-30 10:09:04,971.0,992538
2021-04-30 10:09:05,971.0,992538
2021-04-30 10:09:06,971.0,992538
2021-04-30 10:09:07,971.0,992538
2021-04-30 10:09:08,971.0,992548
2021-04-30 10:09:09,970.75,992590
2021-04-30 10:09:11,970.95,992596
2021-04-30 10:09:12,970.95,992597
2021-04-30 10:09:13,970.95,992597
2021-04-30 10:09:14,970.75,992697
2021-04-30 10:09:14,970.95,992712
2021-04-30 10:09:15,970.95,992795
2021-04-30 10:09:16,970.95,992807
2021-04-30 10:09:17,970.95,992809
2021-04-30 10:09:18,970.95,992819
2021-04-30 10:09:19,971.0,992971
2021-04-30 10:09:20,971.0,992993
2021-04-30 10:09:21,970.65,993019
2021-04-30 10:09:22,971.0,993023
2021-04-30 10:09:23,970.95,993213
2021-04-30 10:09:24,971.0,993242
2021-04-30 10:09:25,970.6,993271
2021-04-30 10:09:26,971.0,993275
2021-04-30 10:09:27,971.0,993276
2021-04-30 10:09:28,971.0,993276
2021-04-30 10:09:29,971.0,993576
2021-04-30 10:09:30,970.5,993705
2021-04-30 10:09:31,971.0,993725
2021-04-30 10:09:32,971.0,993728
2021-04-30 10:09:33,971.0,993729
2021-04-30 10:09:34,971.0,993734
2021-04-30 10:09:35,971.0,993735
2021-04-30 10:09:36,970.65,993935
2021-04-30 10:09:37,971.0,993965
2021-04-30 10:09:40,970.95,993986
2021-04-30 10:09:41,970.95,993989
2021-04-30 10:09:41,970.95,993989
2021-04-30 10:09:43,970.95,994043
2021-04-30 10:09:45,970.5,994523
2021-04-30 10:09:47,970.7,994644
2021-04-30 10:09:48,970.7,994653
2021-04-30 10:09:49,970.3,994655
2021-04-30 10:09:50,970.85,994656
2021-04-30 10:09:51,970.3,994696
2021-04-30 10:09:52,970.85,994702
2021-04-30 10:09:52,970.85,994703
2021-04-30 10:09:53,970.85,994703
2021-04-30 10:09:55,970.85,994703
2021-04-30 10:09:55,970.85,994704
2021-04-30 10:09:57,970.85,994704
2021-04-30 10:09:58,970.85,994707
2021-04-30 10:09:58,970.85,994708
2021-04-30 10:10:00,970.3,994787
2021-04-30 10:10:01,970.3,994800
2021-04-30 10:10:02,970.1,995212
2021-04-30 10:10:02,970.8,995293
2021-04-30 10:10:03,970.8,995305
