timestamp,ltp,volume
1970-01-01 05:30:00,685.2,5373233
2021-04-22 09:22:10,675.5,267255
2021-04-22 09:40:09,673.95,449918
2021-04-22 09:40:09,673.95,449918
2021-04-22 09:40:10,673.95,449918
2021-04-22 09:40:10,673.95,449918
2021-04-22 09:40:11,673.95,450082
2021-04-22 09:40:11,673.95,450082
2021-04-22 09:40:12,673.95,450111
2021-04-22 09:40:12,673.95,450111
2021-04-22 09:40:14,673.95,450404
2021-04-22 09:40:14,673.95,450404
2021-04-22 09:40:15,674.0,450428
2021-04-22 09:40:15,674.0,450428
2021-04-22 09:40:17,673.95,450966
2021-04-22 09:40:16,673.9,450692
2021-04-22 09:40:16,673.9,450692
2021-04-22 09:40:17,673.95,450966
2021-04-22 09:40:18,673.95,450966
2021-04-22 09:40:18,673.95,450966
2021-04-22 09:40:19,674.0,450986
2021-04-22 09:40:19,674.0,450986
2021-04-22 09:40:20,674.0,450986
2021-04-22 09:40:20,674.0,450986
2021-04-22 09:40:21,674.0,451486
2021-04-22 09:40:21,674.0,451486
2021-04-22 09:40:22,674.0,451492
2021-04-22 09:40:22,674.0,451492
2021-04-22 09:40:23,674.0,451537
2021-04-22 09:40:23,674.0,451537
2021-04-22 09:40:24,674.0,451537
2021-04-22 09:40:24,674.0,451537
2021-04-22 09:40:25,674.0,451538
2021-04-22 09:40:25,674.0,451538
2021-04-22 09:40:27,673.95,451562
2021-04-22 09:40:27,673.95,451562
2021-04-22 09:40:28,673.95,451562
2021-04-22 09:40:28,673.95,451562
2021-04-22 09:40:29,673.9,451569
2021-04-22 09:40:29,673.9,451569
2021-04-22 09:40:30,673.9,451569
2021-04-22 09:40:30,673.9,451569
2021-04-22 09:40:31,673.95,451598
2021-04-22 09:40:31,673.95,451598
2021-04-22 09:40:32,673.9,451669
2021-04-22 09:40:32,673.9,451669
2021-04-22 09:40:33,673.9,451688
2021-04-22 09:40:33,673.9,451688
2021-04-22 09:40:34,674.0,451842
2021-04-22 09:40:34,674.0,451842
2021-04-22 09:40:35,673.9,451852
2021-04-22 09:40:35,673.9,451852
2021-04-22 09:40:37,673.75,451903
2021-04-22 09:40:36,673.75,451903
2021-04-22 09:40:37,673.75,451903
2021-04-22 09:40:36,673.75,451903
2021-04-22 09:40:38,673.95,451904
2021-04-22 09:40:39,673.95,451904
2021-04-22 09:40:38,673.95,451904
2021-04-22 09:40:39,673.95,451904
2021-04-22 09:40:40,673.95,451904
2021-04-22 09:40:40,673.95,451904
2021-04-22 09:40:41,673.8,452139
2021-04-22 09:40:41,673.8,452139
2021-04-22 09:40:42,673.75,452194
2021-04-22 09:40:42,673.75,452194
2021-04-22 09:40:43,673.75,452303
2021-04-22 09:40:43,673.75,452303
2021-04-22 09:40:44,673.7,452507
2021-04-22 09:40:44,673.7,452507
2021-04-22 09:40:45,673.7,452582
2021-04-22 09:40:45,673.7,452582
2021-04-22 09:40:46,673.7,452654
2021-04-22 09:40:46,673.7,452654
2021-04-22 09:40:47,673.55,452770
2021-04-22 09:40:47,673.55,452770
2021-04-22 09:40:48,673.55,452846
2021-04-22 09:40:48,673.55,452846
2021-04-22 09:40:49,673.55,452903
2021-04-22 09:40:49,673.55,452903
2021-04-22 09:40:51,673.7,453354
2021-04-22 09:40:51,673.7,453354
2021-04-22 09:40:54,673.75,453371
2021-04-22 09:40:54,673.75,453371
2021-04-22 09:40:55,673.8,453436
2021-04-22 09:40:55,673.8,453436
2021-04-22 09:40:56,673.85,453590
2021-04-22 09:40:56,673.85,453590
2021-04-22 09:40:57,674.0,456587
2021-04-22 09:40:57,674.0,456587
2021-04-22 09:40:58,674.0,456588
2021-04-22 09:40:58,674.0,456588
2021-04-22 09:40:59,674.0,456588
2021-04-22 09:40:59,674.0,456588
2021-04-22 09:41:00,674.0,456588
2021-04-22 09:41:00,674.0,456588
2021-04-22 09:41:01,673.8,456838
2021-04-22 09:41:01,673.8,456838
2021-04-22 09:41:02,673.95,457604
2021-04-22 09:41:02,673.95,457604
2021-04-22 09:41:03,673.8,457630
2021-04-22 09:41:03,673.8,457630
2021-04-22 09:41:04,673.9,457680
2021-04-22 09:41:04,673.9,457680
2021-04-22 09:41:05,673.95,457869
2021-04-22 09:41:05,673.95,457869
2021-04-22 09:41:06,673.95,458145
2021-04-22 09:41:06,673.95,458145
2021-04-22 09:41:07,673.95,458223
2021-04-22 09:41:07,673.95,458223
2021-04-22 09:41:08,673.95,458223
2021-04-22 09:41:08,673.95,458223
2021-04-22 09:41:10,673.95,458223
2021-04-22 09:41:10,673.95,458223
2021-04-22 09:41:11,673.95,458233
2021-04-22 09:41:11,673.95,458233
2021-04-22 09:41:12,673.95,458233
2021-04-22 09:41:12,673.95,458233
2021-04-22 09:41:13,674.0,458333
2021-04-22 09:41:13,674.0,458333
2021-04-22 09:41:14,674.0,458418
2021-04-22 09:41:14,674.0,458418
2021-04-22 09:41:15,674.1,458439
2021-04-22 09:41:15,674.1,458439
2021-04-22 09:41:16,674.0,462580
2021-04-22 09:41:16,674.0,462580
2021-04-22 09:41:17,674.0,463463
2021-04-22 09:41:17,674.0,463463
2021-04-22 09:41:19,674.05,463467
2021-04-22 09:41:19,674.05,463467
2021-04-22 09:41:20,674.1,464223
2021-04-22 09:41:20,674.1,464223
2021-04-22 09:41:20,674.1,464223
2021-04-22 09:41:20,674.1,464223
2021-04-22 09:41:21,674.2,466012
2021-04-22 09:41:21,674.2,466012
2021-04-22 09:41:22,674.1,466028
2021-04-22 09:41:22,674.1,466028
2021-04-22 09:41:23,674.1,466028
2021-04-22 09:41:23,674.1,466028
2021-04-22 09:41:24,674.4,466043
2021-04-22 09:41:24,674.4,466043
2021-04-22 09:41:25,674.4,466062
2021-04-22 09:41:25,674.4,466062
2021-04-22 09:41:28,674.35,466083
2021-04-22 09:41:28,674.35,466083
2021-04-22 09:41:28,674.35,466083
2021-04-22 09:41:28,674.35,466083
2021-04-22 09:41:29,674.4,466899
2021-04-22 09:41:29,674.4,466899
2021-04-22 09:41:30,674.2,467099
2021-04-22 09:41:30,674.2,467099
2021-04-22 09:41:31,674.2,467099
2021-04-22 09:41:31,674.2,467099
2021-04-22 09:41:32,674.55,467109
2021-04-22 09:41:32,674.55,467109
2021-04-22 09:41:33,674.55,467109
2021-04-22 09:41:33,674.55,467109
2021-04-22 09:41:35,674.5,467488
2021-04-22 09:41:35,674.45,467123
2021-04-22 09:41:35,674.5,467488
2021-04-22 09:41:35,674.45,467123
2021-04-22 09:41:36,674.85,468590
2021-04-22 09:41:36,674.85,468590
2021-04-22 09:41:37,674.85,468590
2021-04-22 09:41:37,674.85,468590
2021-04-22 09:41:38,674.3,468745
2021-04-22 09:41:38,674.3,468745
2021-04-22 09:41:39,674.2,468855
2021-04-22 09:41:39,674.2,468855
2021-04-22 09:41:41,674.45,469062
2021-04-22 09:41:41,674.45,469062
2021-04-22 09:41:41,674.45,469072
2021-04-22 09:41:41,674.45,469072
2021-04-22 09:41:42,674.45,469127
2021-04-22 09:41:42,674.45,469127
2021-04-22 09:41:43,674.45,469151
2021-04-22 09:41:43,674.45,469151
2021-04-22 09:41:44,674.45,469151
2021-04-22 09:41:44,674.45,469151
2021-04-22 09:41:45,674.2,469152
2021-04-22 09:41:45,674.2,469152
2021-04-22 09:41:46,674.2,469371
2021-04-22 09:41:46,674.2,469371
2021-04-22 09:41:48,674.15,470411
2021-04-22 09:41:48,674.15,470411
2021-04-22 09:41:48,674.55,470471
2021-04-22 09:41:48,674.55,470471
2021-04-22 09:41:49,674.15,470551
2021-04-22 09:41:49,674.15,470551
2021-04-22 09:41:50,674.15,470551
2021-04-22 09:41:50,674.15,470551
2021-04-22 09:41:51,674.15,470551
2021-04-22 09:41:51,674.15,470551
2021-04-22 09:41:53,674.45,470572
2021-04-22 09:41:53,674.45,470572
2021-04-22 09:41:53,674.45,470572
2021-04-22 09:41:53,674.45,470572
2021-04-22 09:41:54,674.45,470572
2021-04-22 09:41:54,674.45,470572
2021-04-22 09:41:55,674.25,470602
2021-04-22 09:41:55,674.25,470602
2021-04-22 09:41:56,674.45,470834
2021-04-22 09:41:56,674.45,470834
2021-04-22 09:41:58,674.25,470849
2021-04-22 09:41:58,674.25,470879
2021-04-22 09:41:58,674.25,470849
2021-04-22 09:41:58,674.25,470879
2021-04-22 09:41:59,674.25,470941
2021-04-22 09:41:59,674.25,470941
2021-04-22 09:42:00,674.55,471161
2021-04-22 09:42:00,674.55,471161
2021-04-22 09:42:01,674.55,471180
2021-04-22 09:42:01,674.55,471180
2021-04-22 09:42:02,674.55,471193
2021-04-22 09:42:02,674.55,471193
2021-04-22 09:42:03,674.55,471194
2021-04-22 09:42:03,674.55,471194
2021-04-22 09:42:04,674.7,471204
2021-04-22 09:42:04,674.7,471204
2021-04-22 09:42:05,674.4,471258
2021-04-22 09:42:05,674.4,471258
2021-04-22 09:42:06,674.4,471258
2021-04-22 09:42:06,674.4,471258
2021-04-22 09:42:07,674.6,471259
2021-04-22 09:42:07,674.6,471259
2021-04-22 09:42:09,674.55,471369
2021-04-22 09:42:09,674.55,471369
2021-04-22 09:42:10,674.7,471376
2021-04-22 09:42:10,674.7,471376
2021-04-22 09:42:11,674.7,471408
2021-04-22 09:42:11,674.7,471408
2021-04-22 09:42:12,674.7,471408
2021-04-22 09:42:12,674.7,471408
2021-04-22 09:42:15,674.85,471651
2021-04-22 09:42:15,674.85,471651
2021-04-22 09:42:17,674.8,471687
2021-04-22 09:42:17,674.8,471687
2021-04-22 09:42:17,674.8,471687
2021-04-22 09:42:17,674.8,471687
2021-04-22 09:42:18,674.7,471712
2021-04-22 09:42:18,674.7,471712
2021-04-22 09:42:19,674.85,471714
2021-04-22 09:42:19,674.85,471714
2021-04-22 09:42:20,674.9,472129
2021-04-22 09:42:20,674.9,472129
2021-04-22 09:42:21,674.9,472236
2021-04-22 09:42:21,674.9,472236
2021-04-22 09:42:22,674.85,472261
2021-04-22 09:42:22,674.85,472261
2021-04-22 09:42:23,674.8,472312
2021-04-22 09:42:23,674.8,472312
2021-04-22 09:42:24,674.85,472343
2021-04-22 09:42:24,674.85,472343
2021-04-22 09:42:25,674.9,472415
2021-04-22 09:42:25,674.9,472415
2021-04-22 09:42:26,674.9,472415
2021-04-22 09:42:26,674.9,472415
2021-04-22 09:42:27,674.9,472425
2021-04-22 09:42:27,674.9,472425
2021-04-22 09:42:28,675.0,474019
2021-04-22 09:42:28,675.0,474019
2021-04-22 09:42:29,675.0,474039
2021-04-22 09:42:29,675.0,474039
2021-04-22 09:42:30,675.0,474064
2021-04-22 09:42:30,675.0,474064
2021-04-22 09:42:32,675.0,474169
2021-04-22 09:42:32,675.0,474169
2021-04-22 09:42:34,675.0,474219
2021-04-22 09:42:34,675.0,474219
2021-04-22 09:42:35,675.0,474848
2021-04-22 09:42:35,675.0,474848
2021-04-22 09:42:36,675.0,474892
2021-04-22 09:42:36,675.0,474892
2021-04-22 09:42:37,675.05,474935
2021-04-22 09:42:37,675.05,474935
2021-04-22 09:42:38,675.05,474935
2021-04-22 09:42:38,675.05,474935
2021-04-22 09:42:39,675.05,474940
2021-04-22 09:42:39,675.05,474940
2021-04-22 09:42:40,675.0,474941
2021-04-22 09:42:40,675.0,474941
2021-04-22 09:42:41,675.05,475012
2021-04-22 09:42:41,675.05,475012
2021-04-22 09:42:42,675.05,475194
2021-04-22 09:42:42,675.05,475194
2021-04-22 09:42:43,675.1,475701
2021-04-22 09:42:43,675.1,475701
2021-04-22 09:42:44,675.1,475721
2021-04-22 09:42:44,675.1,475721
2021-04-22 09:42:45,675.2,475903
2021-04-22 09:42:45,675.2,475903
2021-04-22 09:42:46,675.1,475923
2021-04-22 09:42:46,675.1,475923
2021-04-22 09:42:48,675.05,475968
2021-04-22 09:42:48,675.05,475968
2021-04-22 09:42:48,675.05,475988
2021-04-22 09:42:48,675.05,475988
2021-04-22 09:42:49,675.05,476055
2021-04-22 09:42:49,675.05,476055
2021-04-22 09:42:50,675.1,476088
2021-04-22 09:42:50,675.1,476088
2021-04-22 09:42:51,675.2,476105
2021-04-22 09:42:51,675.2,476105
2021-04-22 09:42:52,675.15,476121
2021-04-22 09:42:52,675.15,476121
2021-04-22 09:42:53,675.0,476136
2021-04-22 09:42:54,675.0,476136
2021-04-22 09:42:54,675.0,476136
2021-04-22 09:42:55,675.0,476169
2021-04-22 09:42:55,675.0,476169
2021-04-22 09:42:56,675.0,476169
2021-04-22 09:42:56,675.0,476169
2021-04-22 09:42:57,675.0,476169
2021-04-22 09:42:57,675.0,476169
2021-04-22 09:42:59,675.0,476269
2021-04-22 09:42:59,675.0,476269
2021-04-22 09:43:00,675.0,476487
2021-04-22 09:43:00,675.0,476487
2021-04-22 09:43:00,675.1,476587
2021-04-22 09:43:00,675.1,476587
2021-04-22 09:43:01,675.0,476894
2021-04-22 09:43:02,674.8,476964
2021-04-22 09:43:02,674.8,476964
2021-04-22 09:43:03,675.0,477122
2021-04-22 09:43:03,675.0,477122
2021-04-22 09:43:04,675.0,477143
2021-04-22 09:43:04,675.0,477143
2021-04-22 09:43:05,675.0,477143
2021-04-22 09:43:05,675.0,477143
2021-04-22 09:43:06,675.0,477145
2021-04-22 09:43:06,675.0,477145
2021-04-22 09:43:07,675.0,477145
2021-04-22 09:43:07,675.0,477145
2021-04-22 09:43:08,675.0,477245
2021-04-22 09:43:08,675.0,477245
2021-04-22 09:43:09,675.0,477395
2021-04-22 09:43:09,675.0,477395
2021-04-22 09:43:10,675.0,477395
2021-04-22 09:43:10,675.0,477395
2021-04-22 09:43:11,675.05,477895
2021-04-22 09:43:11,675.05,477895
2021-04-22 09:43:13,675.05,477895
2021-04-22 09:43:13,675.05,477895
2021-04-22 09:43:13,675.0,477907
2021-04-22 09:43:13,675.0,477907
2021-04-22 09:43:15,675.0,477907
2021-04-22 09:43:15,675.0,477907
2021-04-22 09:43:16,675.05,477932
2021-04-22 09:43:16,675.05,477952
2021-04-22 09:43:16,675.05,477932
2021-04-22 09:43:17,675.0,478120
2021-04-22 09:43:17,675.0,478120
2021-04-22 09:43:19,674.45,478344
2021-04-22 09:43:19,674.45,478344
2021-04-22 09:43:20,674.35,478410
2021-04-22 09:43:20,674.35,478410
2021-04-22 09:43:21,674.4,478491
2021-04-22 09:43:21,674.4,478491
2021-04-22 09:43:22,674.25,478606
2021-04-22 09:43:22,674.25,478606
2021-04-22 09:43:23,674.25,478651
2021-04-22 09:43:23,674.25,478651
2021-04-22 09:43:24,674.1,478662
2021-04-22 09:43:24,674.1,478806
2021-04-22 09:43:24,674.1,478806
2021-04-22 09:43:25,674.0,479016
2021-04-22 09:43:25,674.0,479016
2021-04-22 09:43:26,674.0,479016
2021-04-22 09:43:26,674.0,479016
2021-04-22 09:43:27,674.0,479234
2021-04-22 09:43:27,674.0,479234
2021-04-22 09:43:28,674.0,479302
2021-04-22 09:43:28,674.0,479302
2021-04-22 09:43:29,674.05,479713
2021-04-22 09:43:29,674.05,479713
2021-04-22 09:43:31,674.05,479940
2021-04-22 09:43:31,674.05,479940
2021-04-22 09:43:32,674.1,480001
2021-04-22 09:43:32,674.1,480001
2021-04-22 09:43:33,674.6,480282
2021-04-22 09:43:33,674.6,480282
2021-04-22 09:43:33,674.6,480282
2021-04-22 09:43:33,674.6,480282
2021-04-22 09:43:35,674.6,480282
2021-04-22 09:43:35,674.6,480282
2021-04-22 09:43:36,674.6,480282
2021-04-22 09:43:36,674.6,480282
2021-04-22 09:43:37,674.65,480801
2021-04-22 09:43:37,674.65,480801
2021-04-22 09:43:37,674.65,480801
2021-04-22 09:43:37,674.65,480801
2021-04-22 09:43:38,674.6,480804
2021-04-22 09:43:40,674.6,480831
2021-04-22 09:43:41,674.6,480851
2021-04-22 09:43:42,674.6,480868
2021-04-22 09:43:42,674.6,480868
2021-04-22 09:43:43,674.6,480868
2021-04-22 09:43:44,674.6,480974
2021-04-22 09:43:45,674.6,480987
2021-04-22 09:43:47,674.6,481106
2021-04-22 09:43:48,674.5,481155
2021-04-22 09:43:50,674.6,481430
2021-04-22 09:43:52,675.0,481456
2021-04-22 09:43:53,675.0,481456
2021-04-22 09:43:53,675.0,481458
2021-04-22 09:43:54,675.0,481530
2021-04-22 09:43:55,675.05,481807
2021-04-22 09:43:56,675.0,481832
2021-04-22 09:43:58,675.05,481962
2021-04-22 09:43:58,675.05,482483
2021-04-22 09:44:00,675.05,482488
2021-04-22 09:44:01,675.0,482544
2021-04-22 09:44:02,675.05,482555
2021-04-22 09:44:03,674.5,487739
2021-04-22 09:44:03,675.05,482632
2021-04-22 09:44:04,674.75,488379
2021-04-22 09:44:05,674.75,488379
2021-04-22 09:44:06,674.75,488379
2021-04-22 09:44:07,674.55,488404
2021-04-22 09:44:10,674.55,489482
2021-04-22 09:44:11,674.4,489583
2021-04-22 09:44:12,674.5,489660
2021-04-22 09:44:13,674.4,489717
2021-04-22 09:44:13,674.5,489660
2021-04-22 09:44:14,674.35,489737
2021-04-22 09:44:15,674.35,489737
2021-04-22 09:44:16,674.4,489778
2021-04-22 09:44:17,674.7,491588
2021-04-22 09:44:19,674.35,491793
2021-04-22 09:44:20,674.35,491823
2021-04-22 09:44:20,674.4,491825
2021-04-22 09:44:21,674.4,491843
2021-04-22 09:44:22,674.35,491912
2021-04-22 09:44:24,674.35,492035
2021-04-22 09:44:25,674.15,492813
2021-04-22 09:44:25,674.35,492832
2021-04-22 09:44:27,674.25,493002
2021-04-22 09:44:27,674.25,493002
2021-04-22 09:44:28,674.1,496361
2021-04-22 09:44:29,673.9,496468
2021-04-22 09:44:30,673.85,496921
2021-04-22 09:44:31,673.8,497085
2021-04-22 09:44:32,673.75,497978
2021-04-22 09:44:33,673.7,498249
2021-04-22 09:44:35,673.7,498331
2021-04-22 09:44:36,673.65,498462
2021-04-22 09:44:37,673.6,498505
2021-04-22 09:44:37,673.6,498505
2021-04-22 09:44:38,673.6,498525
2021-04-22 09:44:40,673.6,498526
2021-04-22 09:44:41,673.6,498699
2021-04-22 09:44:42,673.6,498900
2021-04-22 09:44:44,673.6,498933
2021-04-22 09:44:44,673.5,499392
2021-04-22 09:44:46,673.5,499475
2021-04-22 09:44:47,673.5,499504
2021-04-22 09:44:47,673.5,499578
2021-04-22 09:44:49,673.5,499678
2021-04-22 09:44:50,673.55,499797
2021-04-22 09:44:51,673.5,499807
2021-04-22 09:44:51,673.55,499812
2021-04-22 09:44:52,673.55,499897
2021-04-22 09:44:53,673.55,499899
2021-04-22 09:44:54,673.55,499928
2021-04-22 09:44:55,673.55,499939
2021-04-22 09:44:57,673.55,499939
2021-04-22 09:44:58,673.55,499944
2021-04-22 09:44:59,673.55,499984
2021-04-22 09:44:59,673.55,499989
2021-04-22 09:45:00,673.5,500128
2021-04-22 09:45:01,673.55,500297
2021-04-22 09:45:02,673.5,500425
2021-04-22 09:45:03,673.5,500454
2021-04-22 09:45:04,673.55,500484
2021-04-22 09:45:05,673.55,500591
2021-04-22 09:45:06,673.55,500591
2021-04-22 09:45:08,673.55,500591
2021-04-22 09:45:09,673.55,500642
2021-04-22 09:45:10,673.55,500642
2021-04-22 09:45:10,673.55,500662
2021-04-22 09:45:11,673.5,500678
2021-04-22 09:45:12,673.55,500722
2021-04-22 09:45:13,673.55,500722
2021-04-22 09:45:14,673.6,500738
2021-04-22 09:45:15,673.6,500739
2021-04-22 09:45:16,674.5,503446
2021-04-22 09:45:17,674.1,504411
2021-04-22 09:45:18,674.45,504512
2021-04-22 09:45:20,674.4,504570
2021-04-22 09:45:21,674.4,504604
2021-04-22 09:45:22,674.9,506063
2021-04-22 09:45:23,675.0,506243
2021-04-22 09:45:24,674.9,506492
2021-04-22 09:45:25,674.9,506492
2021-04-22 09:45:26,674.85,506514
2021-04-22 09:45:27,674.85,506546
2021-04-22 09:45:28,674.85,506590
2021-04-22 09:45:29,675.4,508401
2021-04-22 09:45:30,675.2,508445
2021-04-22 09:45:30,675.2,508445
2021-04-22 09:45:31,675.05,509034
2021-04-22 09:45:32,675.05,509034
2021-04-22 09:45:33,675.05,509058
2021-04-22 09:45:34,675.5,509330
2021-04-22 09:45:36,675.5,509330
2021-04-22 09:45:37,675.4,509365
2021-04-22 09:45:38,675.1,509405
2021-04-22 09:45:38,675.1,509414
2021-04-22 09:45:40,675.1,509444
2021-04-22 09:45:41,675.2,509459
2021-04-22 09:45:42,675.2,509459
2021-04-22 09:45:43,675.2,509493
2021-04-22 09:45:43,675.2,509493
2021-04-22 09:45:44,675.2,509493
2021-04-22 09:45:45,675.2,509496
2021-04-22 09:45:46,675.3,509543
2021-04-22 09:45:47,675.2,509793
2021-04-22 09:45:48,675.2,509799
2021-04-22 09:45:49,675.1,509964
2021-04-22 09:45:50,675.1,509979
2021-04-22 09:45:52,675.0,510040
2021-04-22 09:45:53,675.1,510043
2021-04-22 09:45:54,675.05,510536
2021-04-22 09:45:55,675.2,510573
2021-04-22 09:45:56,675.0,510647
2021-04-22 09:45:57,675.0,510696
2021-04-22 09:45:58,675.0,510699
2021-04-22 09:45:59,675.0,510799
2021-04-22 09:46:00,675.0,510799
2021-04-22 09:46:01,674.95,511818
2021-04-22 09:46:01,674.95,511818
2021-04-22 09:46:02,674.85,512330
2021-04-22 09:46:03,674.8,512352
2021-04-22 09:46:04,674.8,512364
2021-04-22 09:46:06,674.8,512406
2021-04-22 09:46:07,674.8,512411
2021-04-22 09:46:08,674.6,512427
2021-04-22 09:46:09,674.55,512433
2021-04-22 09:46:10,674.5,512463
2021-04-22 09:46:11,674.5,512594
2021-04-22 09:46:12,674.15,512742
2021-04-22 09:46:13,674.4,512887
2021-04-22 09:46:14,674.25,514240
2021-04-22 09:46:15,674.25,514240
2021-04-22 09:46:16,674.2,514294
2021-04-22 09:46:17,674.2,514294
2021-04-22 09:46:18,674.2,514294
2021-04-22 09:46:20,674.25,514978
2021-04-22 09:46:20,674.25,514978
2021-04-22 09:46:21,674.55,515045
2021-04-22 09:46:22,674.6,515116
2021-04-22 09:46:23,674.8,515491
2021-04-22 09:46:24,674.8,515491
2021-04-22 09:46:25,674.8,515491
2021-04-22 09:46:26,674.95,515602
2021-04-22 09:46:28,674.85,515603
2021-04-22 09:46:29,674.8,515604
2021-04-22 09:46:30,674.8,515604
2021-04-22 09:46:31,674.8,515604
2021-04-22 09:46:32,674.6,516213
2021-04-22 09:46:33,674.65,516230
2021-04-22 09:46:34,674.75,516232
2021-04-22 09:46:35,674.75,516243
2021-04-22 09:46:36,674.75,516243
2021-04-22 09:46:37,674.75,516248
2021-04-22 09:46:38,674.85,516421
2021-04-22 09:46:39,674.8,516422
2021-04-22 09:46:40,675.0,516423
2021-04-22 09:46:41,675.0,516445
2021-04-22 09:46:41,675.0,516445
2021-04-22 09:46:42,674.8,516479
2021-04-22 09:46:43,674.8,516479
2021-04-22 09:46:44,674.95,516510
2021-04-22 09:46:46,674.95,516510
2021-04-22 09:46:47,674.95,516511
2021-04-22 09:46:48,674.9,516528
2021-04-22 09:46:49,674.9,516531
2021-04-22 09:46:50,675.0,516583
2021-04-22 09:46:51,674.8,516612
2021-04-22 09:46:51,674.8,516712
2021-04-22 09:46:52,674.75,516875
2021-04-22 09:46:53,674.9,517019
2021-04-22 09:46:55,674.55,517084
2021-04-22 09:46:55,674.55,517084
2021-04-22 09:46:57,674.9,517399
2021-04-22 09:47:00,674.8,517482
2021-04-22 09:47:01,674.8,517511
2021-04-22 09:47:02,674.95,517564
2021-04-22 09:47:03,674.55,517686
2021-04-22 09:47:03,674.55,517708
2021-04-22 09:47:04,674.5,517866
2021-04-22 09:47:05,674.25,517976
2021-04-22 09:47:06,674.4,518508
2021-04-22 09:47:08,674.5,518855
2021-04-22 09:47:09,674.7,519157
2021-04-22 09:47:10,674.7,519157
2021-04-22 09:47:11,674.5,519303
2021-04-22 09:47:12,674.5,519303
2021-04-22 09:47:13,674.7,519428
2021-04-22 09:47:14,674.55,519470
2021-04-22 09:47:15,674.7,519570
2021-04-22 09:47:15,674.7,519585
2021-04-22 09:47:17,674.7,519630
2021-04-22 09:47:18,674.7,519730
2021-04-22 09:47:19,674.7,519754
2021-04-22 09:47:20,674.7,519835
2021-04-22 09:47:21,674.7,519835
2021-04-22 09:47:22,674.7,519835
2021-04-22 09:47:23,674.7,519835
2021-04-22 09:47:24,674.55,520057
2021-04-22 09:47:25,674.7,520058
2021-04-22 09:47:25,674.7,520083
2021-04-22 09:47:26,674.7,520083
2021-04-22 09:47:27,674.7,520083
2021-04-22 09:47:28,674.65,520301
2021-04-22 09:47:30,674.65,520371
2021-04-22 09:47:31,674.4,520546
2021-04-22 09:47:32,674.4,520603
2021-04-22 09:47:33,674.7,520612
2021-04-22 09:47:34,674.7,520674
2021-04-22 09:47:35,674.7,520694
2021-04-22 09:47:36,674.7,520694
2021-04-22 09:47:37,674.55,520723
2021-04-22 09:47:38,674.55,521092
2021-04-22 09:47:39,674.4,521127
2021-04-22 09:47:39,674.55,521092
2021-04-22 09:47:41,674.4,521127
2021-04-22 09:47:42,674.4,521147
2021-04-22 09:47:43,674.55,521222
2021-04-22 09:47:44,674.55,521322
2021-04-22 09:47:45,674.55,521322
2021-04-22 09:47:45,674.55,521322
2021-04-22 09:47:47,674.25,521323
2021-04-22 09:47:48,674.4,521343
2021-04-22 09:47:49,674.4,521344
2021-04-22 09:47:50,674.4,521346
2021-04-22 09:47:51,674.4,521346
2021-04-22 09:47:52,674.4,521364
2021-04-22 09:47:52,674.4,521386
2021-04-22 09:47:54,674.35,521404
2021-04-22 09:47:55,674.35,521404
2021-04-22 09:47:56,674.4,521454
2021-04-22 09:47:57,674.4,521454
2021-04-22 09:47:58,674.4,521475
2021-04-22 09:47:59,674.35,521525
2021-04-22 09:48:00,674.4,521529
2021-04-22 09:48:01,674.4,521679
2021-04-22 09:48:02,674.35,521698
2021-04-22 09:48:03,674.35,521698
2021-04-22 09:48:04,674.35,521698
2021-04-22 09:48:05,674.35,521699
2021-04-22 09:48:06,674.35,521700
2021-04-22 09:48:07,674.4,521728
2021-04-22 09:48:08,674.4,521728
2021-04-22 09:48:09,674.4,521828
2021-04-22 09:48:10,674.4,521828
2021-04-22 09:48:11,674.4,521848
2021-04-22 09:48:12,674.4,521848
2021-04-22 09:48:13,674.55,522178
2021-04-22 09:48:14,674.6,522228
2021-04-22 09:48:15,674.65,522238
2021-04-22 09:48:16,674.7,522253
2021-04-22 09:48:17,674.65,522255
2021-04-22 09:48:18,674.65,522255
2021-04-22 09:48:19,674.65,522255
2021-04-22 09:48:20,674.7,522297
2021-04-22 09:48:21,674.8,522314
2021-04-22 09:48:22,674.65,522328
2021-04-22 09:48:23,674.65,522328
2021-04-22 09:48:24,674.8,522428
2021-04-22 09:48:25,674.8,522533
2021-04-22 09:48:25,674.8,522533
2021-04-22 09:48:26,674.8,522538
2021-04-22 09:48:27,674.8,522538
2021-04-22 09:48:28,674.8,522574
2021-04-22 09:48:29,674.8,522623
2021-04-22 09:48:30,674.8,522667
2021-04-22 09:48:32,674.8,522667
2021-04-22 09:48:33,674.8,522667
2021-04-22 09:48:34,674.35,525490
2021-04-22 09:48:35,674.3,525708
2021-04-22 09:48:36,674.55,525719
2021-04-22 09:48:37,674.55,525838
2021-04-22 09:48:38,674.55,525996
2021-04-22 09:48:38,674.55,525848
2021-04-22 09:48:39,674.55,525996
2021-04-22 09:48:40,674.35,526053
2021-04-22 09:48:41,674.5,526068
2021-04-22 09:48:42,674.6,527063
2021-04-22 09:48:44,674.55,527190
2021-04-22 09:48:45,674.55,527190
2021-04-22 09:48:46,674.4,527293
2021-04-22 09:48:47,674.55,527361
2021-04-22 09:48:48,674.6,527518
2021-04-22 09:48:49,674.6,527518
2021-04-22 09:48:50,674.35,527520
2021-04-22 09:48:51,674.45,527591
2021-04-22 09:48:52,674.4,527593
2021-04-22 09:48:53,674.05,530363
2021-04-22 09:48:54,673.8,530377
2021-04-22 09:48:55,673.95,530418
2021-04-22 09:48:56,673.95,531114
2021-04-22 09:48:57,673.9,531120
2021-04-22 09:48:58,673.8,531140
2021-04-22 09:48:59,673.8,531140
2021-04-22 09:49:00,673.8,531169
2021-04-22 09:49:01,673.75,531902
2021-04-22 09:49:04,674.4,540386
2021-04-22 09:49:05,674.35,540471
2021-04-22 09:49:05,674.35,540471
2021-04-22 09:49:07,674.35,540471
2021-04-22 09:49:08,674.35,540521
2021-04-22 09:49:09,674.35,540559
2021-04-22 09:49:10,674.35,540559
2021-04-22 09:49:10,674.35,540559
2021-04-22 09:49:11,674.35,540560
2021-04-22 09:49:12,674.35,540560
2021-04-22 09:49:14,674.35,540579
2021-04-22 09:49:15,674.35,540583
2021-04-22 09:49:16,674.35,540609
2021-04-22 09:49:17,674.35,540609
2021-04-22 09:49:18,674.35,540610
2021-04-22 09:49:19,674.35,540659
2021-04-22 09:49:20,674.3,540689
2021-04-22 09:49:21,674.35,540777
2021-04-22 09:49:22,674.35,540851
2021-04-22 09:49:23,674.35,540852
2021-04-22 09:49:24,674.3,541064
2021-04-22 09:49:25,674.3,542689
2021-04-22 09:49:26,674.3,542845
2021-04-22 09:49:27,674.3,542845
2021-04-22 09:49:28,674.3,542845
2021-04-22 09:49:30,674.6,542846
2021-04-22 09:49:31,674.6,542848
2021-04-22 09:49:32,674.6,542848
2021-04-22 09:49:33,675.0,543216
2021-04-22 09:49:34,675.0,543216
2021-04-22 09:49:35,675.0,543216
2021-04-22 09:49:36,674.95,543233
2021-04-22 09:49:36,674.95,543233
2021-04-22 09:49:38,674.85,543378
2021-04-22 09:49:39,674.9,543755
2021-04-22 09:49:40,674.9,543826
2021-04-22 09:49:41,674.65,543926
2021-04-22 09:49:42,674.9,544051
2021-04-22 09:49:43,674.9,544052
2021-04-22 09:49:44,674.8,544066
2021-04-22 09:49:45,674.8,544119
2021-04-22 09:49:46,674.8,544192
2021-04-22 09:49:47,674.85,544378
2021-04-22 09:49:48,674.7,545035
2021-04-22 09:49:49,674.7,545054
2021-04-22 09:49:50,674.7,545054
2021-04-22 09:49:51,674.7,545080
2021-04-22 09:49:52,674.7,545080
2021-04-22 09:49:53,674.7,545145
2021-04-22 09:49:54,674.7,545145
2021-04-22 09:49:55,674.7,545311
2021-04-22 09:49:56,674.7,545387
2021-04-22 09:49:57,674.7,545387
2021-04-22 09:49:58,674.7,545387
2021-04-22 09:49:59,674.85,545407
2021-04-22 09:50:00,674.9,545501
2021-04-22 09:50:01,675.1,547169
2021-04-22 09:50:02,675.2,547392
2021-04-22 09:50:03,675.2,547392
2021-04-22 09:50:04,675.0,547633
2021-04-22 09:50:05,675.3,548540
2021-04-22 09:50:06,675.65,550417
2021-04-22 09:50:07,675.65,550543
2021-04-22 09:50:08,675.6,550769
2021-04-22 09:50:09,675.9,550789
2021-04-22 09:50:10,675.9,550889
2021-04-22 09:50:11,675.55,551042
2021-04-22 09:50:12,675.35,551103
2021-04-22 09:50:13,675.35,551103
2021-04-22 09:50:14,675.35,551296
2021-04-22 09:50:15,675.35,551846
2021-04-22 09:50:16,675.35,551878
2021-04-22 09:50:17,675.3,551932
2021-04-22 09:50:18,675.55,552037
2021-04-22 09:50:19,675.35,552043
2021-04-22 09:50:20,675.55,552114
2021-04-22 09:50:21,675.55,552114
2021-04-22 09:50:23,675.35,552120
2021-04-22 09:50:24,675.55,553554
2021-04-22 09:50:25,675.5,553591
2021-04-22 09:50:26,675.2,553758
2021-04-22 09:50:27,675.5,553795
2021-04-22 09:50:28,675.4,554013
2021-04-22 09:50:29,675.25,554015
2021-04-22 09:50:30,675.1,554097
2021-04-22 09:50:31,675.2,554102
2021-04-22 09:50:32,675.1,554117
2021-04-22 09:50:33,675.15,554642
2021-04-22 09:50:34,675.15,554978
2021-04-22 09:50:35,675.15,555064
2021-04-22 09:50:36,675.15,555148
2021-04-22 09:50:38,675.1,555154
2021-04-22 09:50:39,675.1,555179
2021-04-22 09:50:40,675.1,555259
2021-04-22 09:50:41,675.05,555286
2021-04-22 09:50:42,675.05,555333
2021-04-22 09:50:43,675.1,555353
2021-04-22 09:50:44,675.1,555353
2021-04-22 09:50:45,675.1,555590
2021-04-22 09:50:46,675.4,555608
2021-04-22 09:50:47,675.2,555629
2021-04-22 09:50:48,675.2,555629
2021-04-22 09:50:49,675.2,555629
2021-04-22 09:50:50,675.2,555640
2021-04-22 09:50:51,675.35,555641
2021-04-22 09:50:52,675.3,555673
2021-04-22 09:50:53,675.25,555707
2021-04-22 09:50:54,675.2,555710
2021-04-22 09:50:55,675.2,555740
2021-04-22 09:50:56,675.2,555797
2021-04-22 09:50:57,675.2,555799
2021-04-22 09:50:58,675.2,555808
2021-04-22 09:50:59,674.7,557206
2021-04-22 09:51:00,674.95,557441
2021-04-22 09:51:01,674.7,557530
2021-04-22 09:51:02,675.0,557600
2021-04-22 09:51:03,674.95,557822
2021-04-22 09:51:04,675.05,558526
2021-04-22 09:51:05,675.0,558559
2021-04-22 09:51:06,675.05,558767
2021-04-22 09:51:07,675.05,558842
2021-04-22 09:51:08,675.0,558860
2021-04-22 09:51:09,675.05,559089
2021-04-22 09:51:10,675.05,559196
2021-04-22 09:51:11,675.05,559196
2021-04-22 09:51:12,675.0,559218
2021-04-22 09:51:13,675.0,559306
2021-04-22 09:51:14,675.0,559306
2021-04-22 09:51:15,674.95,559310
2021-04-22 09:51:16,674.95,559310
2021-04-22 09:51:17,674.95,559437
2021-04-22 09:51:18,674.95,559437
2021-04-22 09:51:19,674.95,559466
2021-04-22 09:51:20,674.95,559466
2021-04-22 09:51:21,674.95,559469
2021-04-22 09:51:22,674.95,559482
2021-04-22 09:51:23,675.0,559507
2021-04-22 09:51:24,675.0,559677
2021-04-22 09:51:26,675.0,559687
2021-04-22 09:51:28,675.0,559995
2021-04-22 09:51:29,675.0,559995
2021-04-22 09:51:30,675.0,560005
2021-04-22 09:51:32,675.05,560670
2021-04-22 09:51:33,675.0,560679
2021-04-22 09:51:34,675.0,560757
2021-04-22 09:51:35,674.8,560903
2021-04-22 09:51:36,674.8,561012
2021-04-22 09:51:37,674.75,561349
2021-04-22 09:51:38,675.0,561602
2021-04-22 09:51:39,675.0,561988
2021-04-22 09:51:40,674.85,562003
2021-04-22 09:51:41,675.1,562243
2021-04-22 09:51:42,674.8,562768
2021-04-22 09:51:43,674.8,562918
2021-04-22 09:51:44,674.8,563103
2021-04-22 09:51:45,674.8,563246
2021-04-22 09:51:46,675.1,563268
2021-04-22 09:51:47,675.0,563272
2021-04-22 09:51:48,675.0,563276
2021-04-22 09:51:49,675.0,563284
2021-04-22 09:51:50,675.0,563362
2021-04-22 09:51:51,675.1,563662
2021-04-22 09:51:52,675.1,563664
2021-04-22 09:51:53,675.0,563690
2021-04-22 09:51:54,675.0,563690
2021-04-22 09:51:55,675.1,563709
2021-04-22 09:51:56,675.1,563719
2021-04-22 09:51:57,675.1,563719
2021-04-22 09:51:58,675.0,563728
2021-04-22 09:51:59,675.0,563728
2021-04-22 09:52:00,675.1,563828
2021-04-22 09:52:01,675.05,564012
2021-04-22 09:52:02,675.0,564267
2021-04-22 09:52:03,675.3,564937
2021-04-22 09:52:04,675.2,564960
2021-04-22 09:52:05,675.3,564981
2021-04-22 09:52:06,675.2,565174
2021-04-22 09:52:07,675.2,565174
2021-04-22 09:52:08,675.25,565197
2021-04-22 09:52:09,675.25,565197
2021-04-22 09:52:10,675.25,565200
2021-04-22 09:52:11,675.25,565261
2021-04-22 09:52:12,675.25,565266
2021-04-22 09:52:13,675.5,565285
2021-04-22 09:52:14,675.4,565289
2021-04-22 09:52:15,675.4,565289
2021-04-22 09:52:17,675.45,565309
2021-04-22 09:52:17,675.45,565309
2021-04-22 09:52:18,675.25,565322
2021-04-22 09:52:19,675.2,565350
2021-04-22 09:52:20,675.2,565424
2021-04-22 09:52:21,675.35,565513
2021-04-22 09:52:22,675.35,565524
2021-04-22 09:52:23,675.2,565548
2021-04-22 09:52:24,675.25,565549
2021-04-22 09:52:25,675.35,565623
2021-04-22 09:52:26,675.2,565943
2021-04-22 09:52:28,675.05,566723
2021-04-22 09:52:28,675.05,566723
2021-04-22 09:52:29,675.15,566786
2021-04-22 09:52:30,675.3,566951
2021-04-22 09:52:31,675.15,567323
2021-04-22 09:52:32,675.05,567337
2021-04-22 09:52:33,675.05,567370
2021-04-22 09:52:35,675.15,567385
2021-04-22 09:52:35,675.15,567442
2021-04-22 09:52:36,675.05,567548
2021-04-22 09:52:37,675.1,567607
2021-04-22 09:52:38,675.15,567643
2021-04-22 09:52:40,675.15,567731
2021-04-22 09:52:40,675.1,567734
2021-04-22 09:52:41,675.15,567760
2021-04-22 09:52:43,675.1,567769
2021-04-22 09:52:45,675.1,567770
2021-04-22 09:52:46,675.15,567786
2021-04-22 09:52:46,675.1,567789
2021-04-22 09:52:48,675.0,567851
2021-04-22 09:52:49,675.15,567875
2021-04-22 09:52:50,675.0,568014
2021-04-22 09:52:51,675.0,568014
2021-04-22 09:52:52,675.1,568028
2021-04-22 09:52:53,675.1,568028
2021-04-22 09:52:54,675.05,568038
2021-04-22 09:52:55,675.2,568048
2021-04-22 09:52:56,675.1,568068
2021-04-22 09:52:58,675.05,568069
2021-04-22 09:52:58,675.15,568086
2021-04-22 09:52:59,675.15,568086
2021-04-22 09:53:00,675.15,568089
2021-04-22 09:53:02,675.3,568450
2021-04-22 09:53:02,675.3,568450
2021-04-22 09:53:03,675.25,568455
2021-04-22 09:53:04,675.15,568529
2021-04-22 09:53:05,675.15,568607
2021-04-22 09:53:07,675.3,568742
2021-04-22 09:53:07,675.3,568742
2021-04-22 09:53:08,675.15,568804
2021-04-22 09:53:09,675.2,568915
2021-04-22 09:53:10,675.15,569054
2021-04-22 09:53:11,675.05,569103
2021-04-22 09:53:12,675.2,569106
2021-04-22 09:53:13,675.05,569109
2021-04-22 09:53:14,675.2,569113
2021-04-22 09:53:16,675.15,569167
2021-04-22 09:53:16,675.15,569167
2021-04-22 09:53:17,675.15,569188
2021-04-22 09:53:18,675.1,569695
2021-04-22 09:53:19,675.1,569695
2021-04-22 09:53:20,675.05,569739
2021-04-22 09:53:21,675.05,569759
2021-04-22 09:53:22,675.05,569759
2021-04-22 09:53:25,675.15,569805
2021-04-22 09:53:26,675.05,569807
2021-04-22 09:53:27,675.05,569823
2021-04-22 09:53:28,675.05,569905
2021-04-22 09:53:29,675.15,569926
2021-04-22 09:53:30,675.1,569934
2021-04-22 09:53:31,675.05,569999
2021-04-22 09:53:32,675.0,570244
2021-04-22 09:53:34,674.95,570864
2021-04-22 09:53:35,674.75,571443
2021-04-22 09:53:36,675.05,571573
2021-04-22 09:53:37,675.1,571583
2021-04-22 09:53:39,675.1,571583
2021-04-22 09:53:39,675.1,571583
2021-04-22 09:53:40,675.0,571593
2021-04-22 09:53:41,675.0,571597
2021-04-22 09:53:42,675.0,571800
2021-04-22 09:53:44,674.95,571839
2021-04-22 09:53:44,674.95,571839
2021-04-22 09:53:45,674.95,571842
2021-04-22 09:53:46,674.95,571882
2021-04-22 09:53:47,674.95,571884
2021-04-22 09:53:48,674.95,571890
2021-04-22 09:53:49,674.95,571891
2021-04-22 09:53:50,674.95,571945
2021-04-22 09:53:52,674.75,572002
2021-04-22 09:53:53,674.95,572043
2021-04-22 09:53:54,674.95,572044
2021-04-22 09:53:54,674.95,572092
2021-04-22 09:53:55,674.95,572092
2021-04-22 09:53:56,674.85,572106
2021-04-22 09:53:58,674.85,572106
2021-04-22 09:53:59,674.85,572111
2021-04-22 09:54:00,674.85,572221
2021-04-22 09:54:00,674.75,572231
2021-04-22 09:54:01,674.85,572232
2021-04-22 09:54:02,674.85,572253
2021-04-22 09:54:03,674.85,572258
2021-04-22 09:54:04,674.85,572258
2021-04-22 09:54:05,674.85,572463
2021-04-22 09:54:06,674.8,572610
2021-04-22 09:54:08,674.85,572675
2021-04-22 09:54:10,674.95,572769
2021-04-22 09:54:13,674.95,572769
2021-04-22 09:54:14,674.85,573840
2021-04-22 09:54:14,674.85,573840
2021-04-22 09:54:15,674.85,573840
2021-04-22 09:54:16,674.85,573840
2021-04-22 09:54:17,675.0,573865
2021-04-22 09:54:18,675.0,573866
2021-04-22 09:54:20,675.05,574305
2021-04-22 09:54:20,675.1,574659
2021-04-22 09:54:21,675.55,576675
2021-04-22 09:54:23,675.55,576675
2021-04-22 09:54:24,675.5,576839
2021-04-22 09:54:25,675.75,577998
2021-04-22 09:54:26,675.75,578098
2021-04-22 09:54:27,675.75,578098
2021-04-22 09:54:28,675.65,578198
2021-04-22 09:54:29,676.05,578224
2021-04-22 09:54:30,676.1,578440
2021-04-22 09:54:32,676.1,578472
2021-04-22 09:54:33,675.95,578548
2021-04-22 09:54:34,675.95,578572
2021-04-22 09:54:35,675.65,578705
2021-04-22 09:54:35,675.45,578780
2021-04-22 09:54:36,675.95,578897
2021-04-22 09:54:37,675.9,579005
2021-04-22 09:54:38,675.9,579005
2021-04-22 09:54:39,675.55,579012
2021-04-22 09:54:40,675.55,579012
2021-04-22 09:54:41,675.55,579012
2021-04-22 09:54:42,675.55,579012
2021-04-22 09:54:43,675.85,579066
2021-04-22 09:54:44,675.85,579066
2021-04-22 09:54:46,675.75,579070
2021-04-22 09:54:47,675.85,579102
2021-04-22 09:54:48,675.8,579214
2021-04-22 09:54:48,675.55,579217
2021-04-22 09:54:49,675.55,579227
2021-04-22 09:54:50,675.7,579232
2021-04-22 09:54:51,675.7,579232
2021-04-22 09:54:52,675.55,579284
2021-04-22 09:54:53,675.55,579289
2021-04-22 09:54:55,675.7,579337
2021-04-22 09:54:56,675.7,579356
2021-04-22 09:54:57,675.55,579361
2021-04-22 09:54:58,675.7,579376
2021-04-22 09:54:59,675.55,579378
2021-04-22 09:55:00,675.55,579378
2021-04-22 09:55:00,675.7,579379
2021-04-22 09:55:01,675.7,579379
2021-04-22 09:55:03,675.2,579633
2021-04-22 09:55:04,675.55,579741
2021-04-22 09:55:05,675.45,579750
2021-04-22 09:55:07,675.45,579762
2021-04-22 09:55:08,675.45,579762
2021-04-22 09:55:09,675.2,579764
2021-04-22 09:55:10,675.45,579811
2021-04-22 09:55:12,675.2,580086
2021-04-22 09:55:13,675.45,580191
2021-04-22 09:55:14,675.45,580201
2021-04-22 09:55:15,675.25,580213
2021-04-22 09:55:16,675.45,580214
2021-04-22 09:55:17,675.1,580815
2021-04-22 09:55:18,675.45,580957
2021-04-22 09:55:19,675.1,581009
2021-04-22 09:55:20,675.15,581021
2021-04-22 09:55:22,675.35,581022
2021-04-22 09:55:23,675.45,582057
2021-04-22 09:55:24,675.45,582073
2021-04-22 09:55:25,675.4,582224
2021-04-22 09:55:25,675.55,582262
2021-04-22 09:55:27,675.55,582338
2021-04-22 09:55:28,675.55,582338
2021-04-22 09:55:29,675.55,582361
2021-04-22 09:55:29,675.85,582461
2021-04-22 09:55:30,675.85,582466
2021-04-22 09:55:32,676.0,582934
2021-04-22 09:55:33,676.05,583013
2021-04-22 09:55:34,676.05,583013
2021-04-22 09:55:35,676.0,583256
2021-04-22 09:55:36,676.0,583256
2021-04-22 09:55:37,676.0,583410
2021-04-22 09:55:38,676.0,584026
2021-04-22 09:55:39,676.0,584091
2021-04-22 09:55:40,676.15,584138
2021-04-22 09:55:40,675.85,584259
2021-04-22 09:55:41,676.0,584418
2021-04-22 09:55:42,676.0,584418
2021-04-22 09:55:43,675.7,584586
2021-04-22 09:55:44,675.9,584588
2021-04-22 09:55:45,675.8,584702
2021-04-22 09:55:46,675.9,584964
2021-04-22 09:55:48,675.9,585251
2021-04-22 09:55:49,675.9,585252
2021-04-22 09:55:50,675.9,585271
2021-04-22 09:55:51,675.7,585293
2021-04-22 09:55:52,675.75,585295
2021-04-22 09:55:53,675.75,585303
2021-04-22 09:55:54,675.75,585324
2021-04-22 09:55:54,675.75,585324
2021-04-22 09:55:55,675.75,585392
2021-04-22 09:55:56,675.7,585444
2021-04-22 09:55:57,675.7,585454
2021-04-22 09:55:58,675.55,585571
2021-04-22 09:56:00,675.55,585698
2021-04-22 09:56:01,675.55,585709
2021-04-22 09:56:01,675.55,585709
2021-04-22 09:56:02,675.55,585709
2021-04-22 09:56:03,675.55,585761
2021-04-22 09:56:05,675.85,585876
2021-04-22 09:56:06,675.85,585876
2021-04-22 09:56:07,675.6,586185
2021-04-22 09:56:07,675.9,586204
2021-04-22 09:56:08,675.9,586204
2021-04-22 09:56:10,675.9,586279
2021-04-22 09:56:11,676.0,586866
2021-04-22 09:56:12,675.75,586870
2021-04-22 09:56:13,675.75,586992
2021-04-22 09:56:14,675.75,586992
2021-04-22 09:56:15,675.9,587025
2021-04-22 09:56:17,675.9,587061
2021-04-22 09:56:18,675.9,587061
2021-04-22 09:56:19,675.9,587114
2021-04-22 09:56:20,675.9,587114
2021-04-22 09:56:21,675.9,587153
2021-04-22 09:56:22,675.9,587207
2021-04-22 09:56:22,675.9,587207
2021-04-22 09:56:23,675.6,587264
2021-04-22 09:56:24,675.6,587269
2021-04-22 09:56:25,675.9,587331
2021-04-22 09:56:26,675.65,587476
2021-04-22 09:56:27,675.65,587595
2021-04-22 09:56:28,675.7,587604
2021-04-22 09:56:29,675.7,587604
2021-04-22 09:56:31,675.7,587604
2021-04-22 09:56:32,675.9,587619
2021-04-22 09:56:33,675.7,587670
2021-04-22 09:56:34,675.7,587676
2021-04-22 09:56:35,675.7,587848
2021-04-22 09:56:35,675.65,588252
2021-04-22 09:56:37,675.65,588302
2021-04-22 09:56:38,675.65,588315
2021-04-22 09:56:39,675.65,588320
2021-04-22 09:56:40,675.65,588333
2021-04-22 09:56:41,675.9,588334
2021-04-22 09:56:42,675.65,588435
2021-04-22 09:56:43,675.85,588716
2021-04-22 09:56:44,675.85,588816
2021-04-22 09:56:44,675.85,588816
2021-04-22 09:56:45,675.6,588840
2021-04-22 09:56:46,675.75,588863
2021-04-22 09:56:48,675.6,588865
2021-04-22 09:56:49,675.6,588867
2021-04-22 09:56:50,675.8,588868
2021-04-22 09:56:51,675.8,588868
2021-04-22 09:56:52,675.8,588878
2021-04-22 09:56:53,675.8,588899
2021-04-22 09:56:54,675.6,588930
2021-04-22 09:56:54,675.8,588978
2021-04-22 09:56:55,675.6,588980
2021-04-22 09:56:56,675.8,588996
2021-04-22 09:56:57,675.8,589001
2021-04-22 09:56:59,675.6,589202
2021-04-22 09:57:00,675.7,589377
2021-04-22 09:57:01,675.7,589392
2021-04-22 09:57:02,675.95,589903
2021-04-22 09:57:03,675.75,589923
2021-04-22 09:57:04,675.7,589972
2021-04-22 09:57:04,675.7,589972
2021-04-22 09:57:05,675.75,589977
2021-04-22 09:57:07,675.65,590071
2021-04-22 09:57:07,675.65,590071
2021-04-22 09:57:08,675.65,590424
2021-04-22 09:57:10,675.7,590523
2021-04-22 09:57:10,675.7,590523
2021-04-22 09:57:12,675.75,590670
2021-04-22 09:57:13,675.7,590738
2021-04-22 09:57:14,675.7,590931
2021-04-22 09:57:14,675.8,590959
2021-04-22 09:57:15,675.75,591629
2021-04-22 09:57:17,675.95,591661
2021-04-22 09:57:18,675.95,591737
2021-04-22 09:57:19,675.95,591757
2021-04-22 09:57:20,675.75,592002
2021-04-22 09:57:21,675.65,592277
2021-04-22 09:57:22,675.6,592452
2021-04-22 09:57:23,675.7,592467
2021-04-22 09:57:24,675.7,592771
2021-04-22 09:57:25,675.8,592808
2021-04-22 09:57:26,675.8,592825
2021-04-22 09:57:26,675.8,592825
2021-04-22 09:57:27,675.7,592869
2021-04-22 09:57:28,675.8,592890
2021-04-22 09:57:30,676.1,593543
2021-04-22 09:57:31,675.75,593563
2021-04-22 09:57:31,675.75,593563
2021-04-22 09:57:33,676.0,593726
2021-04-22 09:57:34,676.0,593726
2021-04-22 09:57:35,675.8,593736
2021-04-22 09:57:36,675.8,593736
2021-04-22 09:57:37,675.8,593747
2021-04-22 09:57:38,676.0,593995
2021-04-22 09:57:39,676.0,594768
2021-04-22 09:57:40,675.9,595199
2021-04-22 09:57:42,676.0,595902
2021-04-22 09:57:42,676.0,595906
2021-04-22 09:57:43,676.0,596065
2021-04-22 09:57:45,676.0,596173
2021-04-22 09:57:45,676.0,596173
2021-04-22 09:57:47,676.15,596221
2021-04-22 09:57:48,676.15,596221
2021-04-22 09:57:50,676.15,596246
2021-04-22 09:57:50,676.15,596246
2021-04-22 09:57:51,676.15,596266
2021-04-22 09:57:52,676.15,596278
2021-04-22 09:57:53,676.1,596288
2021-04-22 09:57:54,676.15,596524
2021-04-22 09:57:55,676.0,596577
2021-04-22 09:57:56,676.0,596580
2021-04-22 09:57:57,676.0,596607
2021-04-22 09:57:59,676.0,596654
2021-04-22 09:58:00,676.0,596658
2021-04-22 09:58:01,676.2,596813
2021-04-22 09:58:02,676.0,596830
2021-04-22 09:58:02,676.0,596830
2021-04-22 09:58:03,676.35,597140
2021-04-22 09:58:05,676.05,597294
2021-04-22 09:58:06,676.1,597471
2021-04-22 09:58:06,676.05,597501
2021-04-22 09:58:09,676.0,597953
2021-04-22 09:58:10,676.05,598120
2021-04-22 09:58:11,675.95,598164
2021-04-22 09:58:12,675.95,598175
2021-04-22 09:58:13,676.0,598185
2021-04-22 09:58:14,675.95,598294
2021-04-22 09:58:14,676.0,598604
2021-04-22 09:58:15,675.8,599217
2021-04-22 09:58:16,675.85,599440
2021-04-22 09:58:18,675.75,599568
2021-04-22 09:58:18,675.75,599566
2021-04-22 09:58:19,675.75,599689
2021-04-22 09:58:20,675.75,599698
2021-04-22 09:58:21,675.75,599767
2021-04-22 09:58:22,675.8,599817
2021-04-22 09:58:24,675.75,599956
2021-04-22 09:58:25,675.8,600176
2021-04-22 09:58:26,676.3,602059
2021-04-22 09:58:27,676.0,602077
2021-04-22 09:58:27,676.0,602077
2021-04-22 09:58:28,675.85,602239
2021-04-22 09:58:30,675.8,602292
2021-04-22 09:58:31,675.8,602292
2021-04-22 09:58:32,675.95,602312
2021-04-22 09:58:33,675.95,602804
2021-04-22 09:58:34,676.0,602823
2021-04-22 09:58:35,675.75,602840
2021-04-22 09:58:36,675.75,602983
2021-04-22 09:58:37,675.8,603225
2021-04-22 09:58:38,675.8,603225
2021-04-22 09:58:39,676.05,603299
2021-04-22 09:58:39,676.05,603296
2021-04-22 09:58:41,676.05,603320
2021-04-22 09:58:42,676.05,603320
2021-04-22 09:58:43,675.85,603322
2021-04-22 09:58:44,675.85,603322
2021-04-22 09:58:45,675.85,603322
2021-04-22 09:58:46,675.85,603322
2021-04-22 09:58:47,676.0,603323
2021-04-22 09:58:48,676.0,603323
2021-04-22 09:58:48,676.0,603323
2021-04-22 09:58:51,675.95,603380
2021-04-22 09:58:52,675.9,603424
2021-04-22 09:58:53,675.95,603477
2021-04-22 09:58:54,676.0,603597
2021-04-22 09:58:56,676.0,603645
2021-04-22 09:58:57,676.0,603645
2021-04-22 09:58:58,676.0,603691
2021-04-22 09:58:59,676.0,603691
2021-04-22 09:59:00,676.0,603691
2021-04-22 09:59:01,676.1,603791
2021-04-22 09:59:02,676.1,603791
2021-04-22 09:59:02,676.1,603791
2021-04-22 09:59:03,676.1,603791
2021-04-22 09:59:04,676.1,603791
2021-04-22 09:59:06,676.1,603791
2021-04-22 09:59:07,676.0,603820
2021-04-22 09:59:07,676.1,603890
2021-04-22 09:59:08,676.1,603988
2021-04-22 09:59:09,676.1,604035
2021-04-22 09:59:11,676.1,604035
2021-04-22 09:59:11,676.1,604055
2021-04-22 09:59:12,676.1,604070
2021-04-22 09:59:14,676.05,604082
2021-04-22 09:59:15,676.05,604082
2021-04-22 09:59:16,676.1,604119
2021-04-22 09:59:18,676.4,605321
2021-04-22 09:59:19,676.4,605368
2021-04-22 09:59:20,676.45,605468
2021-04-22 09:59:21,676.45,605475
2021-04-22 09:59:22,676.4,605556
2021-04-22 09:59:23,676.45,605571
2021-04-22 09:59:24,676.45,605654
2021-04-22 09:59:24,676.4,605688
2021-04-22 09:59:26,676.45,605707
2021-04-22 09:59:27,676.45,605715
2021-04-22 09:59:28,676.45,605715
2021-04-22 09:59:29,676.4,605915
2021-04-22 09:59:30,676.4,605915
2021-04-22 09:59:31,676.4,605944
2021-04-22 09:59:32,676.4,605944
2021-04-22 09:59:33,676.4,606654
2021-04-22 09:59:34,676.5,607224
2021-04-22 09:59:35,676.45,607291
2021-04-22 09:59:36,676.45,607291
2021-04-22 09:59:37,676.45,607291
2021-04-22 09:59:38,676.45,607301
2021-04-22 09:59:39,676.45,607376
2021-04-22 09:59:40,676.35,607391
2021-04-22 09:59:41,676.45,607392
2021-04-22 09:59:42,676.35,607502
2021-04-22 09:59:43,676.45,607591
2021-04-22 09:59:44,676.5,608533
2021-04-22 09:59:45,676.7,608534
2021-04-22 09:59:46,676.7,608535
2021-04-22 09:59:47,676.75,608685
2021-04-22 09:59:48,676.75,608685
2021-04-22 09:59:49,676.55,608714
2021-04-22 09:59:50,676.75,608814
2021-04-22 09:59:51,676.75,608816
2021-04-22 09:59:52,676.75,608837
2021-04-22 09:59:53,676.8,609912
2021-04-22 09:59:54,677.0,610640
2021-04-22 09:59:55,676.9,610810
2021-04-22 09:59:56,677.0,610914
2021-04-22 09:59:56,677.0,610914
2021-04-22 09:59:57,676.9,610984
2021-04-22 09:59:59,676.9,610997
2021-04-22 10:00:00,676.9,610997
2021-04-22 10:00:01,676.95,611011
2021-04-22 10:00:02,677.0,611030
2021-04-22 10:00:03,676.9,611080
2021-04-22 10:00:04,677.0,611081
2021-04-22 10:00:05,677.0,611081
2021-04-22 10:00:06,676.9,611171
2021-04-22 10:00:07,677.0,611618
2021-04-22 10:00:08,677.0,612066
2021-04-22 10:00:09,677.0,612146
2021-04-22 10:00:10,676.9,612176
2021-04-22 10:00:11,676.9,613022
2021-04-22 10:00:12,676.95,613061
2021-04-22 10:00:13,676.95,613061
2021-04-22 10:00:14,676.85,613917
2021-04-22 10:00:15,676.85,613917
2021-04-22 10:00:16,676.8,614083
2021-04-22 10:00:17,676.8,614083
2021-04-22 10:00:18,676.6,614113
2021-04-22 10:00:19,676.6,614128
2021-04-22 10:00:20,676.55,615914
2021-04-22 10:00:21,676.55,616191
2021-04-22 10:00:22,676.55,616192
2021-04-22 10:00:23,676.55,616192
2021-04-22 10:00:24,676.5,616375
2021-04-22 10:00:25,676.5,616741
2021-04-22 10:00:26,676.65,617247
2021-04-22 10:00:28,676.65,617286
2021-04-22 10:00:27,676.65,617250
2021-04-22 10:00:29,676.6,617293
2021-04-22 10:00:30,677.1,622361
2021-04-22 10:00:31,677.2,623096
2021-04-22 10:00:32,676.75,623541
2021-04-22 10:00:33,676.75,623541
2021-04-22 10:00:34,676.65,623673
2021-04-22 10:00:35,676.85,623997
2021-04-22 10:00:36,676.85,623997
2021-04-22 10:00:37,676.75,624017
2021-04-22 10:00:38,676.7,624018
2021-04-22 10:00:39,676.7,624028
2021-04-22 10:00:40,676.7,624045
2021-04-22 10:00:42,676.75,624220
2021-04-22 10:00:43,676.75,624220
2021-04-22 10:00:44,676.75,624220
2021-04-22 10:00:45,676.7,624331
2021-04-22 10:00:46,676.7,624331
2021-04-22 10:00:47,676.75,624352
2021-04-22 10:00:48,676.75,624352
2021-04-22 10:00:49,676.85,624387
2021-04-22 10:00:50,676.9,624502
2021-04-22 10:00:51,676.9,624505
2021-04-22 10:00:52,676.9,624539
2021-04-22 10:00:53,676.9,624539
2021-04-22 10:00:54,677.0,624542
2021-04-22 10:00:55,677.25,625146
2021-04-22 10:00:56,677.25,625146
2021-04-22 10:00:57,677.25,625146
2021-04-22 10:00:58,677.25,625146
2021-04-22 10:00:59,677.25,625146
2021-04-22 10:01:00,677.0,625246
2021-04-22 10:01:01,677.15,625753
2021-04-22 10:01:02,677.15,625753
2021-04-22 10:01:03,677.15,625848
2021-04-22 10:01:04,677.1,626349
2021-04-22 10:01:05,677.2,627157
2021-04-22 10:01:07,677.35,628480
2021-04-22 10:01:08,677.35,628480
2021-04-22 10:01:09,677.35,628480
2021-04-22 10:01:10,677.2,629161
2021-04-22 10:01:11,677.35,629266
2021-04-22 10:01:12,677.35,629266
2021-04-22 10:01:13,677.0,630291
2021-04-22 10:01:14,677.5,633486
2021-04-22 10:01:15,677.15,633493
2021-04-22 10:01:16,676.95,633659
2021-04-22 10:01:17,676.95,633759
2021-04-22 10:01:18,676.95,633759
2021-04-22 10:01:19,677.3,633935
2021-04-22 10:01:20,677.3,633958
2021-04-22 10:01:21,677.3,633985
2021-04-22 10:01:22,677.3,634035
2021-04-22 10:01:23,677.05,634144
2021-04-22 10:01:24,677.05,634144
2021-04-22 10:01:25,677.4,634498
2021-04-22 10:01:26,677.25,634548
2021-04-22 10:01:27,677.3,634569
2021-04-22 10:01:28,677.3,634569
2021-04-22 10:01:29,677.25,634572
2021-04-22 10:01:31,677.65,637112
2021-04-22 10:01:30,677.65,637112
2021-04-22 10:01:32,677.55,637114
2021-04-22 10:01:33,678.0,637549
2021-04-22 10:01:34,678.0,638054
2021-04-22 10:01:36,678.0,638679
2021-04-22 10:01:37,677.9,639179
2021-04-22 10:01:38,677.9,639282
2021-04-22 10:01:39,677.9,639360
2021-04-22 10:01:40,678.0,639927
2021-04-22 10:01:41,677.9,640235
2021-04-22 10:01:42,677.9,640245
2021-04-22 10:01:43,677.9,640245
2021-04-22 10:01:44,677.6,640425
2021-04-22 10:01:45,678.0,641836
2021-04-22 10:01:46,677.9,641931
2021-04-22 10:01:48,677.95,641934
2021-04-22 10:01:49,677.95,642031
2021-04-22 10:01:50,677.95,642213
2021-04-22 10:01:51,677.9,642226
2021-04-22 10:01:52,677.85,642326
2021-04-22 10:01:53,677.85,642326
2021-04-22 10:01:54,677.9,642374
2021-04-22 10:01:55,677.9,642479
2021-04-22 10:01:56,677.7,642530
2021-04-22 10:01:57,677.7,643047
2021-04-22 10:01:58,677.95,643190
2021-04-22 10:01:59,677.85,643205
2021-04-22 10:02:00,677.85,643205
2021-04-22 10:02:02,677.45,643330
2021-04-22 10:02:03,677.45,643341
2021-04-22 10:02:04,677.45,643351
2021-04-22 10:02:05,677.45,643351
2021-04-22 10:02:06,677.8,643454
2021-04-22 10:02:07,677.75,643556
2021-04-22 10:02:08,677.75,643556
2021-04-22 10:02:09,677.45,643557
2021-04-22 10:02:10,677.8,643615
2021-04-22 10:02:11,677.8,643615
2021-04-22 10:02:14,677.2,644224
2021-04-22 10:02:16,677.15,644262
2021-04-22 10:02:17,677.05,645205
2021-04-22 10:02:18,677.2,645405
2021-04-22 10:02:19,677.05,648323
2021-04-22 10:02:20,677.15,648803
2021-04-22 10:02:21,677.05,648804
2021-04-22 10:02:22,677.05,648890
2021-04-22 10:02:23,676.95,649094
2021-04-22 10:02:24,676.95,649194
2021-04-22 10:02:25,676.95,649243
2021-04-22 10:02:26,676.9,649326
2021-04-22 10:02:27,676.9,649395
2021-04-22 10:02:28,676.9,649396
2021-04-22 10:02:29,676.9,649396
2021-04-22 10:02:30,676.9,649427
2021-04-22 10:02:31,676.9,649429
2021-04-22 10:02:32,676.75,649464
2021-04-22 10:02:33,676.8,649474
2021-04-22 10:02:34,676.65,649864
2021-04-22 10:02:35,676.8,649865
2021-04-22 10:02:37,676.8,649865
2021-04-22 10:02:38,676.8,649921
2021-04-22 10:02:39,676.8,649921
2021-04-22 10:02:40,676.8,650084
2021-04-22 10:02:41,676.8,650084
2021-04-22 10:02:42,676.8,650204
2021-04-22 10:02:43,676.8,650204
2021-04-22 10:02:44,676.8,650269
2021-04-22 10:02:45,676.8,650272
2021-04-22 10:02:46,676.8,650272
2021-04-22 10:02:47,676.8,650284
2021-04-22 10:02:48,676.8,650292
2021-04-22 10:02:49,676.8,650324
2021-04-22 10:02:50,676.8,650324
2021-04-22 10:02:51,676.9,650336
2021-04-22 10:02:52,676.85,650337
2021-04-22 10:02:53,676.8,650357
2021-04-22 10:02:54,676.9,650405
2021-04-22 10:02:56,676.9,650405
2021-04-22 10:02:56,676.9,650405
2021-04-22 10:02:57,676.9,650405
2021-04-22 10:02:58,676.9,650405
2021-04-22 10:02:59,676.9,650439
2021-04-22 10:03:00,676.9,650439
2021-04-22 10:03:02,677.5,661687
2021-04-22 10:03:03,677.55,661761
2021-04-22 10:03:04,677.55,661761
2021-04-22 10:03:05,677.6,663235
2021-04-22 10:03:06,677.6,664782
2021-04-22 10:03:07,677.7,667674
2021-04-22 10:03:08,677.5,667741
2021-04-22 10:03:09,677.7,667941
2021-04-22 10:03:10,677.7,667941
2021-04-22 10:03:11,677.6,667991
2021-04-22 10:03:12,677.6,667991
2021-04-22 10:03:13,677.6,669453
2021-04-22 10:03:14,677.6,669453
2021-04-22 10:03:15,677.6,669746
2021-04-22 10:03:16,677.5,670038
2021-04-22 10:03:17,677.55,670184
2021-04-22 10:03:18,677.6,671716
2021-04-22 10:03:19,677.55,671761
2021-04-22 10:03:20,677.55,671907
2021-04-22 10:03:21,677.55,672305
2021-04-22 10:03:22,677.55,672459
2021-04-22 10:03:23,677.35,672850
2021-04-22 10:03:24,677.35,672850
2021-04-22 10:03:25,677.35,672996
2021-04-22 10:03:26,677.75,673540
2021-04-22 10:03:27,677.3,673619
2021-04-22 10:03:28,677.2,673781
2021-04-22 10:03:29,677.2,673911
2021-04-22 10:03:30,677.15,674204
2021-04-22 10:03:31,677.15,674267
2021-04-22 10:03:32,677.35,674284
2021-04-22 10:03:33,677.35,674284
2021-04-22 10:03:34,677.25,674359
2021-04-22 10:03:35,677.25,674370
2021-04-22 10:03:36,677.15,674493
2021-04-22 10:03:38,677.25,675125
2021-04-22 10:03:39,677.15,675219
2021-04-22 10:03:40,677.15,675333
2021-04-22 10:03:41,677.15,675333
2021-04-22 10:03:42,677.15,675333
2021-04-22 10:03:43,677.3,675344
2021-04-22 10:03:44,677.3,675344
2021-04-22 10:03:45,677.2,675439
2021-04-22 10:03:46,677.3,675562
2021-04-22 10:03:47,677.3,675562
2021-04-22 10:03:48,677.1,675703
2021-04-22 10:03:49,677.35,675733
2021-04-22 10:03:50,677.35,675773
2021-04-22 10:03:52,677.35,675803
2021-04-22 10:03:53,677.35,675803
2021-04-22 10:03:54,677.35,675806
2021-04-22 10:03:55,677.35,675821
2021-04-22 10:03:56,677.35,675821
2021-04-22 10:03:57,677.35,675827
2021-04-22 10:03:58,677.35,675829
2021-04-22 10:04:00,677.35,675834
2021-04-22 10:04:01,677.6,675841
2021-04-22 10:04:02,677.6,675841
2021-04-22 10:04:03,677.6,675841
2021-04-22 10:04:04,677.6,675851
2021-04-22 10:04:05,677.65,675882
2021-04-22 10:04:06,677.65,675882
2021-04-22 10:04:07,677.7,676181
2021-04-22 10:04:08,677.7,676181
2021-04-22 10:04:09,677.3,676308
2021-04-22 10:04:11,677.3,676308
2021-04-22 10:04:11,677.3,676308
2021-04-22 10:04:12,677.65,676318
2021-04-22 10:04:13,677.65,676338
2021-04-22 10:04:14,677.65,676338
2021-04-22 10:04:15,677.65,676372
2021-04-22 10:04:16,677.65,676372
2021-04-22 10:04:18,677.65,676372
2021-04-22 10:04:19,677.65,676372
2021-04-22 10:04:20,677.45,676530
2021-04-22 10:04:21,677.3,676613
2021-04-22 10:04:22,677.3,676686
2021-04-22 10:04:23,677.3,677208
2021-04-22 10:04:24,677.45,677210
2021-04-22 10:04:25,677.45,677210
2021-04-22 10:04:26,677.45,677210
2021-04-22 10:04:27,677.45,677210
2021-04-22 10:04:28,677.65,677326
2021-04-22 10:04:29,677.25,677346
2021-04-22 10:04:30,677.25,677346
2021-04-22 10:04:32,677.2,677631
2021-04-22 10:04:33,677.2,677855
2021-04-22 10:04:34,677.05,677930
2021-04-22 10:04:35,677.05,678769
2021-04-22 10:04:35,677.05,678792
2021-04-22 10:04:36,677.05,678792
2021-04-22 10:04:37,677.2,678892
2021-04-22 10:04:38,677.2,678968
2021-04-22 10:04:39,677.2,678971
2021-04-22 10:04:41,677.2,678972
2021-04-22 10:04:42,677.2,678972
2021-04-22 10:04:44,677.2,678972
2021-04-22 10:04:45,677.2,678972
2021-04-22 10:04:46,677.2,678972
2021-04-22 10:04:47,677.2,678972
2021-04-22 10:04:47,677.05,678983
2021-04-22 10:04:48,677.1,678985
2021-04-22 10:04:49,677.1,678985
2021-04-22 10:04:50,677.2,679010
2021-04-22 10:04:51,677.1,679044
2021-04-22 10:04:52,677.1,679075
2021-04-22 10:04:54,677.1,679409
2021-04-22 10:04:56,677.1,680019
2021-04-22 10:04:57,677.2,680021
2021-04-22 10:04:58,677.1,680099
2021-04-22 10:04:59,677.2,680131
2021-04-22 10:04:59,677.2,680131
2021-04-22 10:05:00,677.2,680193
2021-04-22 10:05:01,677.2,682220
2021-04-22 10:05:02,677.4,682664
2021-04-22 10:05:03,677.2,682669
2021-04-22 10:05:04,677.2,682669
2021-04-22 10:05:05,677.2,682669
2021-04-22 10:05:07,677.05,682678
2021-04-22 10:05:07,677.15,682708
2021-04-22 10:05:08,677.15,682708
2021-04-22 10:05:09,677.1,682710
2021-04-22 10:05:10,677.05,682810
2021-04-22 10:05:11,677.05,682816
2021-04-22 10:05:12,677.1,682823
2021-04-22 10:05:13,677.1,682833
2021-04-22 10:05:14,677.1,682846
2021-04-22 10:05:17,677.1,683225
2021-04-22 10:05:18,677.05,683230
2021-04-22 10:05:19,677.1,683300
2021-04-22 10:05:20,677.1,683327
2021-04-22 10:05:21,677.1,683338
2021-04-22 10:05:23,677.05,683445
2021-04-22 10:05:23,677.05,683445
2021-04-22 10:05:24,677.15,683461
2021-04-22 10:05:25,677.05,683701
2021-04-22 10:05:26,677.05,683701
2021-04-22 10:05:27,677.05,683701
2021-04-22 10:05:28,677.05,683701
2021-04-22 10:05:29,677.05,683797
2021-04-22 10:05:30,677.15,683964
2021-04-22 10:05:31,677.15,683964
2021-04-22 10:05:32,677.1,683974
2021-04-22 10:05:33,677.1,683975
2021-04-22 10:05:34,677.1,683975
2021-04-22 10:05:35,677.15,683986
2021-04-22 10:05:36,677.15,683986
2021-04-22 10:05:37,677.15,684016
2021-04-22 10:05:38,677.35,685099
2021-04-22 10:05:39,677.5,685158
2021-04-22 10:05:40,677.1,685258
2021-04-22 10:05:41,677.1,685258
2021-04-22 10:05:42,677.35,685289
2021-04-22 10:05:43,677.35,685289
2021-04-22 10:05:45,677.25,685304
2021-04-22 10:05:46,677.25,685304
2021-04-22 10:05:47,677.25,685304
2021-04-22 10:05:48,677.25,685304
2021-04-22 10:05:50,677.15,685411
2021-04-22 10:05:51,677.25,685680
2021-04-22 10:05:53,677.25,685680
2021-04-22 10:05:53,677.25,685680
2021-04-22 10:05:54,677.25,686530
2021-04-22 10:05:55,677.65,686711
2021-04-22 10:05:56,677.25,686723
2021-04-22 10:05:57,677.25,686955
2021-04-22 10:05:58,677.1,687463
2021-04-22 10:05:59,677.1,687918
2021-04-22 10:06:00,677.1,687918
2021-04-22 10:06:01,677.5,687927
2021-04-22 10:06:02,677.5,687927
2021-04-22 10:06:03,677.1,688178
2021-04-22 10:06:05,677.1,688178
2021-04-22 10:06:06,677.45,688190
2021-04-22 10:06:07,677.15,688259
2021-04-22 10:06:07,677.15,688259
2021-04-22 10:06:08,677.15,688259
2021-04-22 10:06:09,677.45,688267
2021-04-22 10:06:11,677.45,688317
2021-04-22 10:06:11,677.45,688317
2021-04-22 10:06:12,677.45,688317
2021-04-22 10:06:13,677.25,688418
2021-04-22 10:06:14,677.3,688420
2021-04-22 10:06:15,677.3,688421
2021-04-22 10:06:16,677.2,688487
2021-04-22 10:06:17,677.3,688645
2021-04-22 10:06:18,677.3,688651
2021-04-22 10:06:19,677.3,688665
2021-04-22 10:06:20,677.3,688670
2021-04-22 10:06:21,677.3,688670
2021-04-22 10:06:22,677.3,688752
2021-04-22 10:06:23,677.25,688784
2021-04-22 10:06:24,677.4,689038
2021-04-22 10:06:25,677.45,689039
2021-04-22 10:06:26,677.35,689045
2021-04-22 10:06:27,677.3,689109
2021-04-22 10:06:28,677.3,689145
2021-04-22 10:06:29,677.3,689145
2021-04-22 10:06:31,677.3,689145
2021-04-22 10:06:32,677.3,689145
2021-04-22 10:06:33,677.3,689145
2021-04-22 10:06:34,677.35,689246
2021-04-22 10:06:35,677.3,689366
2021-04-22 10:06:36,677.4,689367
2021-04-22 10:06:37,677.4,689369
2021-04-22 10:06:38,677.3,689381
2021-04-22 10:06:38,677.3,689381
2021-04-22 10:06:39,677.3,689381
2021-04-22 10:06:40,677.3,689381
2021-04-22 10:06:41,677.3,689395
2021-04-22 10:06:42,677.4,689398
2021-04-22 10:06:44,677.4,689398
2021-04-22 10:06:45,677.4,689400
2021-04-22 10:06:46,677.3,689445
2021-04-22 10:06:47,677.3,689476
2021-04-22 10:06:48,677.35,689576
2021-04-22 10:06:49,677.35,689577
2021-04-22 10:06:50,677.35,689587
2021-04-22 10:06:51,677.35,689598
2021-04-22 10:06:52,677.3,689628
2021-04-22 10:06:53,677.3,689628
2021-04-22 10:06:53,677.3,689663
2021-04-22 10:06:54,677.3,689666
2021-04-22 10:06:55,677.25,689671
2021-04-22 10:06:56,677.3,689673
2021-04-22 10:06:57,677.3,689698
2021-04-22 10:06:58,677.3,689711
2021-04-22 10:06:59,677.25,689765
2021-04-22 10:07:00,677.25,689776
2021-04-22 10:07:02,677.0,690398
2021-04-22 10:07:03,677.0,690403
2021-04-22 10:07:04,677.0,690462
2021-04-22 10:07:05,677.0,690478
2021-04-22 10:07:06,677.0,690478
2021-04-22 10:07:07,677.25,690609
2021-04-22 10:07:07,677.25,690609
2021-04-22 10:07:08,677.25,690634
2021-04-22 10:07:09,677.25,690636
2021-04-22 10:07:10,677.25,690636
2021-04-22 10:07:12,677.0,690651
2021-04-22 10:07:13,677.25,690652
2021-04-22 10:07:14,677.25,690822
2021-04-22 10:07:15,677.3,692677
2021-04-22 10:07:17,677.25,693896
2021-04-22 10:07:18,677.4,693967
2021-04-22 10:07:19,677.4,693967
2021-04-22 10:07:19,677.4,694027
2021-04-22 10:07:20,677.65,696652
2021-04-22 10:07:22,677.4,696841
2021-04-22 10:07:22,677.5,696872
2021-04-22 10:07:23,677.4,696902
2021-04-22 10:07:24,677.4,696907
2021-04-22 10:07:26,677.35,696928
2021-04-22 10:07:27,677.35,696928
2021-04-22 10:07:27,677.35,696929
2021-04-22 10:07:28,677.4,696936
2021-04-22 10:07:30,677.4,697263
2021-04-22 10:07:31,677.4,697295
2021-04-22 10:07:31,677.4,697295
2021-04-22 10:07:32,677.5,698775
2021-04-22 10:07:33,677.35,698875
2021-04-22 10:07:34,677.3,698879
2021-04-22 10:07:35,677.5,698886
2021-04-22 10:07:37,677.5,699117
2021-04-22 10:07:38,677.4,699157
2021-04-22 10:07:39,677.5,699162
2021-04-22 10:07:40,677.5,699162
2021-04-22 10:07:42,677.95,702079
2021-04-22 10:07:43,677.95,702079
2021-04-22 10:07:44,677.95,702079
2021-04-22 10:07:45,677.95,702079
2021-04-22 10:07:46,677.95,702079
2021-04-22 10:07:47,678.0,702091
2021-04-22 10:07:48,677.95,702098
2021-04-22 10:07:49,677.9,702119
2021-04-22 10:07:49,677.9,702119
2021-04-22 10:07:50,678.0,702149
2021-04-22 10:07:53,678.0,702180
2021-04-22 10:07:52,678.0,702179
2021-04-22 10:07:55,677.95,702187
2021-04-22 10:07:56,678.5,704047
2021-04-22 10:07:57,678.2,704363
2021-04-22 10:07:58,678.3,704556
2021-04-22 10:07:58,678.3,704581
2021-04-22 10:07:59,678.65,706037
2021-04-22 10:08:01,678.1,706792
2021-04-22 10:08:02,678.1,706792
2021-04-22 10:08:02,678.1,706792
2021-04-22 10:08:03,678.25,707153
2021-04-22 10:08:04,678.25,707179
2021-04-22 10:08:05,678.25,707179
2021-04-22 10:08:07,678.2,707209
2021-04-22 10:08:08,678.2,707214
2021-04-22 10:08:09,678.2,707216
2021-04-22 10:08:11,678.2,707445
2021-04-22 10:08:12,678.0,707973
2021-04-22 10:08:13,678.2,708116
2021-04-22 10:08:14,678.2,708116
2021-04-22 10:08:15,678.2,708116
2021-04-22 10:08:16,678.2,708116
2021-04-22 10:08:17,678.2,708116
2021-04-22 10:08:18,678.15,708118
2021-04-22 10:08:19,678.2,708125
2021-04-22 10:08:20,678.2,708245
2021-04-22 10:08:20,678.2,708256
2021-04-22 10:08:21,678.15,708280
2021-04-22 10:08:23,678.2,708375
2021-04-22 10:08:23,678.2,708375
2021-04-22 10:08:24,678.2,708378
2021-04-22 10:08:25,678.15,708384
2021-04-22 10:08:27,678.2,708386
2021-04-22 10:08:28,678.15,708418
2021-04-22 10:08:29,678.15,708512
2021-04-22 10:08:30,678.15,708525
2021-04-22 10:08:31,678.15,708527
2021-04-22 10:08:32,678.15,708537
2021-04-22 10:08:33,678.15,708545
2021-04-22 10:08:33,678.15,708545
2021-04-22 10:08:35,678.15,708556
2021-04-22 10:08:36,678.15,708577
2021-04-22 10:08:36,678.15,708587
2021-04-22 10:08:38,678.15,708640
2021-04-22 10:08:39,678.0,708652
2021-04-22 10:08:39,678.0,708652
2021-04-22 10:08:40,678.15,708662
2021-04-22 10:08:42,678.15,708689
2021-04-22 10:08:43,677.8,709939
2021-04-22 10:08:44,677.9,710190
2021-04-22 10:08:45,677.9,710193
2021-04-22 10:08:46,677.9,710193
2021-04-22 10:08:47,677.9,710193
2021-04-22 10:08:48,677.95,710203
2021-04-22 10:08:49,678.0,710204
2021-04-22 10:08:50,677.85,710511
2021-04-22 10:08:51,677.75,710531
2021-04-22 10:08:52,677.7,710563
2021-04-22 10:08:53,677.7,711338
2021-04-22 10:08:54,677.3,711381
2021-04-22 10:08:55,677.35,711394
2021-04-22 10:08:56,677.35,711524
2021-04-22 10:08:57,677.3,711683
2021-04-22 10:08:58,677.15,711844
2021-04-22 10:08:59,677.2,711871
2021-04-22 10:09:00,677.1,711917
2021-04-22 10:09:01,677.1,711924
2021-04-22 10:09:02,677.05,712068
2021-04-22 10:09:03,677.0,712117
2021-04-22 10:09:04,677.0,712132
2021-04-22 10:09:05,677.0,712194
2021-04-22 10:09:07,677.0,712656
2021-04-22 10:09:08,676.9,712717
2021-04-22 10:09:09,676.95,712740
2021-04-22 10:09:10,676.95,712749
2021-04-22 10:09:11,676.95,712761
2021-04-22 10:09:12,676.95,712864
2021-04-22 10:09:13,676.95,712949
2021-04-22 10:09:14,676.9,712961
2021-04-22 10:09:15,676.95,712984
2021-04-22 10:09:17,676.95,713069
2021-04-22 10:09:18,676.95,713082
2021-04-22 10:09:19,677.05,714357
2021-04-22 10:09:20,677.05,715215
2021-04-22 10:09:21,676.95,715263
2021-04-22 10:09:21,676.9,715270
2021-04-22 10:09:23,676.95,715350
2021-04-22 10:09:24,676.95,715359
2021-04-22 10:09:26,676.9,715393
2021-04-22 10:09:27,676.9,715610
2021-04-22 10:09:28,676.9,716143
2021-04-22 10:09:29,677.05,716273
2021-04-22 10:09:30,677.1,716494
2021-04-22 10:09:31,677.1,716749
2021-04-22 10:09:31,677.0,716774
2021-04-22 10:09:34,677.0,716795
2021-04-22 10:09:34,677.0,716795
2021-04-22 10:09:36,677.1,717628
2021-04-22 10:09:37,677.05,717764
2021-04-22 10:09:38,677.1,717823
2021-04-22 10:09:39,677.1,717862
2021-04-22 10:09:40,677.15,717960
2021-04-22 10:09:41,677.15,719171
2021-04-22 10:09:41,677.25,719013
2021-04-22 10:09:42,677.4,719351
2021-04-22 10:09:43,677.65,719361
2021-04-22 10:09:45,677.55,719362
2021-04-22 10:09:46,677.4,719512
2021-04-22 10:09:47,677.4,719512
2021-04-22 10:09:48,677.45,719537
2021-04-22 10:09:49,677.9,720259
2021-04-22 10:09:50,677.9,720259
2021-04-22 10:09:51,677.45,720263
2021-04-22 10:09:52,677.5,720797
2021-04-22 10:09:52,677.5,720797
2021-04-22 10:09:54,677.6,721017
2021-04-22 10:09:55,677.85,721060
2021-04-22 10:09:56,677.85,721060
2021-04-22 10:09:57,677.8,721066
2021-04-22 10:09:58,677.8,721066
2021-04-22 10:09:59,677.35,721460
2021-04-22 10:10:00,677.65,721526
2021-04-22 10:10:01,677.75,721527
2021-04-22 10:10:01,677.75,721527
2021-04-22 10:10:02,677.95,721727
2021-04-22 10:10:04,677.95,721938
2021-04-22 10:10:05,677.85,721954
2021-04-22 10:10:06,677.75,721975
2021-04-22 10:10:06,677.75,721978
2021-04-22 10:10:07,677.95,722008
2021-04-22 10:10:09,677.95,722135
2021-04-22 10:10:10,677.75,722155
2021-04-22 10:10:11,677.75,722226
2021-04-22 10:10:12,677.75,722264
2021-04-22 10:10:13,677.75,722293
2021-04-22 10:10:13,677.75,722299
2021-04-22 10:10:14,677.65,722303
2021-04-22 10:10:15,677.75,722304
2021-04-22 10:10:17,677.75,722315
2021-04-22 10:10:18,677.7,722964
2021-04-22 10:10:19,677.65,723188
2021-04-22 10:10:20,677.95,723336
2021-04-22 10:10:21,677.6,723607
2021-04-22 10:10:22,677.75,723610
2021-04-22 10:10:22,677.65,723756
2021-04-22 10:10:23,677.65,723809
2021-04-22 10:10:25,677.75,723855
2021-04-22 10:10:26,677.6,723911
2021-04-22 10:10:27,677.6,723943
2021-04-22 10:10:28,677.6,724039
2021-04-22 10:10:29,677.6,724095
2021-04-22 10:10:30,677.6,724105
2021-04-22 10:10:30,677.65,724136
2021-04-22 10:10:31,677.45,724142
2021-04-22 10:10:33,677.5,724432
2021-04-22 10:10:34,677.5,724432
2021-04-22 10:10:35,677.7,724433
2021-04-22 10:10:35,677.7,724448
2021-04-22 10:10:36,677.6,724508
2021-04-22 10:10:38,677.5,724758
2021-04-22 10:10:40,677.6,724759
2021-04-22 10:10:41,677.6,724759
2021-04-22 10:10:42,677.5,724771
2021-04-22 10:10:43,677.5,724771
2021-04-22 10:10:44,677.35,724881
2021-04-22 10:10:45,677.25,725174
2021-04-22 10:10:46,677.25,725174
2021-04-22 10:10:47,677.25,725174
2021-04-22 10:10:48,677.25,725174
2021-04-22 10:10:49,677.5,725185
2021-04-22 10:10:50,677.5,725260
2021-04-22 10:10:51,677.6,725334
2021-04-22 10:10:52,677.6,725375
2021-04-22 10:10:53,677.4,725465
2021-04-22 10:10:54,677.3,725479
2021-04-22 10:10:55,677.3,725479
2021-04-22 10:10:56,677.25,725561
2021-04-22 10:10:57,677.3,725592
2021-04-22 10:10:58,677.4,725598
2021-04-22 10:10:59,677.4,725598
2021-04-22 10:11:00,677.4,725630
2021-04-22 10:11:01,677.65,725703
2021-04-22 10:11:02,677.6,725713
2021-04-22 10:11:03,677.6,725713
2021-04-22 10:11:04,677.5,725998
2021-04-22 10:11:05,677.7,726085
2021-04-22 10:11:06,677.55,726096
2021-04-22 10:11:07,677.55,726098
2021-04-22 10:11:08,677.45,726099
2021-04-22 10:11:09,677.45,726099
2021-04-22 10:11:10,677.55,726101
2021-04-22 10:11:11,677.55,726123
2021-04-22 10:11:12,677.5,726126
2021-04-22 10:11:13,677.75,727028
2021-04-22 10:11:14,677.75,727028
2021-04-22 10:11:15,677.55,727037
2021-04-22 10:11:16,677.6,727038
2021-04-22 10:11:17,677.6,727039
2021-04-22 10:11:18,677.55,727089
2021-04-22 10:11:19,677.6,727163
2021-04-22 10:11:20,677.6,727186
2021-04-22 10:11:21,677.6,727200
2021-04-22 10:11:22,677.65,727255
2021-04-22 10:11:23,677.6,727269
2021-04-22 10:11:24,677.75,727278
2021-04-22 10:11:25,677.65,727280
2021-04-22 10:11:26,677.75,727379
2021-04-22 10:11:27,677.65,727397
2021-04-22 10:11:28,677.6,727399
2021-04-22 10:11:29,677.65,727402
2021-04-22 10:11:30,677.65,727402
2021-04-22 10:11:31,677.65,727417
2021-04-22 10:11:32,677.65,727433
2021-04-22 10:11:33,677.75,727461
2021-04-22 10:11:34,677.75,727469
2021-04-22 10:11:35,677.75,727513
2021-04-22 10:11:36,677.85,727610
2021-04-22 10:11:37,677.9,727654
2021-04-22 10:11:38,677.8,727659
2021-04-22 10:11:39,678.15,730119
2021-04-22 10:11:40,678.05,730508
2021-04-22 10:11:41,678.05,730537
2021-04-22 10:11:42,678.0,730627
2021-04-22 10:11:43,678.05,731617
2021-04-22 10:11:44,677.95,731851
2021-04-22 10:11:45,677.95,732180
2021-04-22 10:11:46,677.95,732181
2021-04-22 10:11:47,678.05,732191
2021-04-22 10:11:48,677.95,732193
2021-04-22 10:11:49,678.05,732194
2021-04-22 10:11:50,678.05,733024
2021-04-22 10:11:51,677.95,733115
2021-04-22 10:11:52,677.9,733129
2021-04-22 10:11:53,677.9,733188
2021-04-22 10:11:54,677.95,733466
2021-04-22 10:11:55,677.9,733513
2021-04-22 10:11:56,677.9,733606
2021-04-22 10:11:57,677.95,733670
2021-04-22 10:11:58,677.9,733802
2021-04-22 10:11:59,677.85,733822
2021-04-22 10:12:00,677.85,734071
2021-04-22 10:12:02,677.85,734293
2021-04-22 10:12:03,677.95,734300
2021-04-22 10:12:04,677.85,734315
2021-04-22 10:12:06,677.95,734346
2021-04-22 10:12:07,677.95,734409
2021-04-22 10:12:08,677.95,734434
2021-04-22 10:12:09,677.95,734442
2021-04-22 10:12:10,677.85,734443
2021-04-22 10:12:11,678.25,735923
2021-04-22 10:12:12,678.05,735954
2021-04-22 10:12:13,678.05,736279
2021-04-22 10:12:14,678.0,737357
2021-04-22 10:12:16,678.0,737938
2021-04-22 10:12:17,678.05,738050
2021-04-22 10:12:18,677.95,738145
2021-04-22 10:12:19,677.95,738160
2021-04-22 10:12:20,677.95,738162
2021-04-22 10:12:21,677.95,738303
2021-04-22 10:12:22,677.95,738324
2021-04-22 10:12:23,678.0,738388
2021-04-22 10:12:24,678.0,738646
2021-04-22 10:12:25,678.0,738702
2021-04-22 10:12:26,678.0,738725
2021-04-22 10:12:27,678.0,738769
2021-04-22 10:12:28,677.9,738775
2021-04-22 10:12:29,677.9,738775
2021-04-22 10:12:30,678.0,738780
2021-04-22 10:12:31,677.8,742721
2021-04-22 10:12:32,677.8,743312
2021-04-22 10:12:33,677.85,744542
2021-04-22 10:12:34,677.85,744826
2021-04-22 10:12:35,677.85,744880
2021-04-22 10:12:36,677.8,744888
2021-04-22 10:12:37,677.85,744949
2021-04-22 10:12:38,677.8,745000
2021-04-22 10:12:39,677.85,745014
2021-04-22 10:12:40,677.85,745066
2021-04-22 10:12:41,677.8,745101
2021-04-22 10:12:42,677.85,745111
2021-04-22 10:12:43,677.8,745113
2021-04-22 10:12:44,677.85,745127
2021-04-22 10:12:45,677.85,745147
2021-04-22 10:12:46,677.8,745150
2021-04-22 10:12:47,677.85,745177
2021-04-22 10:12:48,677.85,745187
2021-04-22 10:12:49,677.85,745190
2021-04-22 10:12:50,677.85,745190
2021-04-22 10:12:51,677.85,745313
2021-04-22 10:12:52,677.8,745462
2021-04-22 10:12:53,677.85,745551
2021-04-22 10:12:54,677.9,745569
2021-04-22 10:12:55,677.85,745571
2021-04-22 10:12:56,677.85,745839
2021-04-22 10:12:57,677.85,745879
2021-04-22 10:12:58,677.85,745885
2021-04-22 10:12:59,677.85,745886
2021-04-22 10:13:00,677.85,745886
2021-04-22 10:13:01,677.9,745887
2021-04-22 10:13:02,677.9,745888
2021-04-22 10:13:03,677.9,747581
2021-04-22 10:13:04,677.9,747592
2021-04-22 10:13:05,677.9,747621
2021-04-22 10:13:06,677.8,747654
2021-04-22 10:13:07,677.9,747717
2021-04-22 10:13:08,677.85,748477
2021-04-22 10:13:09,677.6,748932
2021-04-22 10:13:11,677.75,749047
2021-04-22 10:13:11,677.6,749064
2021-04-22 10:13:12,677.7,749121
2021-04-22 10:13:13,677.7,749131
2021-04-22 10:13:14,677.6,749133
2021-04-22 10:13:15,677.6,749186
2021-04-22 10:13:16,677.5,750365
2021-04-22 10:13:17,677.6,750602
2021-04-22 10:13:18,677.45,750652
2021-04-22 10:13:19,677.35,750832
2021-04-22 10:13:20,677.15,750861
2021-04-22 10:13:21,677.15,750863
2021-04-22 10:13:22,677.1,750903
2021-04-22 10:13:24,677.1,751049
2021-04-22 10:13:24,677.05,751071
2021-04-22 10:13:25,677.15,751390
2021-04-22 10:13:26,677.05,751437
2021-04-22 10:13:27,677.1,751844
2021-04-22 10:13:28,677.15,752251
2021-04-22 10:13:29,677.15,752513
2021-04-22 10:13:30,677.05,752552
2021-04-22 10:13:31,677.05,752558
2021-04-22 10:13:32,677.05,752638
2021-04-22 10:13:33,677.05,752650
2021-04-22 10:13:34,677.05,752778
2021-04-22 10:13:35,677.05,752798
2021-04-22 10:13:36,677.1,752817
2021-04-22 10:13:37,677.1,752878
2021-04-22 10:13:38,677.1,752933
2021-04-22 10:13:39,677.1,753629
2021-04-22 10:13:40,677.05,753733
2021-04-22 10:13:41,677.05,753759
2021-04-22 10:13:42,677.1,753781
2021-04-22 10:13:43,677.1,753883
2021-04-22 10:13:44,677.1,753908
2021-04-22 10:13:45,677.05,753957
2021-04-22 10:13:47,677.1,754030
2021-04-22 10:13:47,677.05,754041
2021-04-22 10:13:48,677.1,754081
2021-04-22 10:13:49,677.05,754124
2021-04-22 10:13:51,676.5,754827
2021-04-22 10:13:51,676.7,754857
2021-04-22 10:13:52,676.7,754904
2021-04-22 10:13:53,676.45,755100
2021-04-22 10:13:55,676.55,755406
2021-04-22 10:13:56,676.45,756076
2021-04-22 10:13:59,676.6,756450
2021-04-22 10:14:00,676.6,756872
2021-04-22 10:14:01,676.6,757006
2021-04-22 10:14:02,676.6,757110
2021-04-22 10:14:04,676.6,757127
2021-04-22 10:14:05,676.6,757151
2021-04-22 10:14:06,676.3,757658
2021-04-22 10:14:07,676.6,757929
2021-04-22 10:14:08,676.5,757952
2021-04-22 10:14:09,676.45,757956
2021-04-22 10:14:10,676.45,757956
2021-04-22 10:14:11,676.4,758176
2021-04-22 10:14:12,676.55,758342
2021-04-22 10:14:13,676.7,758989
2021-04-22 10:14:14,676.7,759956
2021-04-22 10:14:15,676.6,759961
2021-04-22 10:14:16,676.5,759962
2021-04-22 10:14:17,676.6,759964
2021-04-22 10:14:19,676.6,759965
2021-04-22 10:14:20,676.6,760131
2021-04-22 10:14:20,676.5,760156
2021-04-22 10:14:21,676.6,760170
2021-04-22 10:14:22,676.7,760401
2021-04-22 10:14:23,676.7,760957
2021-04-22 10:14:25,676.7,761094
2021-04-22 10:14:25,676.7,761059
2021-04-22 10:14:26,676.9,761240
2021-04-22 10:14:27,676.9,761240
2021-04-22 10:14:29,676.75,761244
2021-04-22 10:14:30,676.75,761260
2021-04-22 10:14:31,676.75,761266
2021-04-22 10:14:32,676.55,761567
2021-04-22 10:14:33,676.55,761642
2021-04-22 10:14:34,676.7,761655
2021-04-22 10:14:35,676.9,761672
2021-04-22 10:14:37,676.9,761676
2021-04-22 10:14:37,676.9,761705
2021-04-22 10:14:38,676.8,761708
2021-04-22 10:14:39,676.8,761710
2021-04-22 10:14:41,676.9,761790
2021-04-22 10:14:41,676.8,761802
2021-04-22 10:14:42,676.9,761805
2021-04-22 10:14:43,676.95,762085
2021-04-22 10:14:44,676.8,762136
2021-04-22 10:14:45,676.9,762165
2021-04-22 10:14:46,676.8,762170
2021-04-22 10:14:47,676.8,762170
2021-04-22 10:14:48,676.9,762190
2021-04-22 10:14:49,677.0,762463
2021-04-22 10:14:50,676.95,762481
2021-04-22 10:14:52,676.9,762515
2021-04-22 10:14:51,676.85,762484
2021-04-22 10:14:53,676.9,762527
2021-04-22 10:14:54,676.8,762564
2021-04-22 10:14:55,677.2,762762
2021-04-22 10:14:56,677.2,762762
2021-04-22 10:14:58,677.2,762762
2021-04-22 10:14:58,677.2,762762
2021-04-22 10:14:59,677.2,762762
2021-04-22 10:15:00,677.2,762762
2021-04-22 10:15:01,677.35,762932
2021-04-22 10:15:02,677.2,762948
2021-04-22 10:15:03,677.2,762948
2021-04-22 10:15:05,677.2,762948
2021-04-22 10:15:06,677.1,762950
2021-04-22 10:15:07,677.3,762985
2021-04-22 10:15:07,677.3,762985
2021-04-22 10:15:08,677.3,762985
2021-04-22 10:15:09,677.2,762988
2021-04-22 10:15:11,677.2,763005
2021-04-22 10:15:12,677.2,763005
2021-04-22 10:15:13,677.2,763005
2021-04-22 10:15:14,677.2,763141
2021-04-22 10:15:15,677.0,763259
2021-04-22 10:15:16,676.9,763309
2021-04-22 10:15:18,676.8,763605
2021-04-22 10:15:19,676.8,763649
2021-04-22 10:15:20,676.75,763655
2021-04-22 10:15:22,676.75,763927
2021-04-22 10:15:24,676.55,764002
2021-04-22 10:15:24,676.4,764183
2021-04-22 10:15:25,676.5,764901
2021-04-22 10:15:26,676.5,765063
2021-04-22 10:15:27,676.3,765084
2021-04-22 10:15:28,676.25,765087
2021-04-22 10:15:29,676.3,765092
2021-04-22 10:15:32,676.25,765171
2021-04-22 10:15:32,676.25,765180
2021-04-22 10:15:33,676.25,765181
2021-04-22 10:15:34,676.3,765282
2021-04-22 10:15:35,676.2,765297
2021-04-22 10:15:36,676.2,765303
2021-04-22 10:15:37,676.3,765542
2021-04-22 10:15:38,676.2,765578
2021-04-22 10:15:39,676.2,765582
2021-04-22 10:15:40,676.2,765582
2021-04-22 10:15:41,676.2,765582
2021-04-22 10:15:43,676.2,765582
2021-04-22 10:15:44,676.15,765663
2021-04-22 10:15:44,676.2,765677
2021-04-22 10:15:46,676.2,765703
2021-04-22 10:15:49,676.15,765736
2021-04-22 10:15:50,676.15,765737
2021-04-22 10:15:51,676.15,765737
2021-04-22 10:15:52,676.2,765787
2021-04-22 10:15:53,676.1,765790
2021-04-22 10:15:54,676.2,765814
2021-04-22 10:15:55,676.15,765818
2021-04-22 10:15:56,676.15,765819
2021-04-22 10:15:57,676.1,765901
2021-04-22 10:15:58,676.1,766032
2021-04-22 10:15:59,676.05,766052
2021-04-22 10:16:00,676.05,766055
2021-04-22 10:16:01,676.1,766061
2021-04-22 10:16:02,676.05,766062
2021-04-22 10:16:04,676.05,766107
2021-04-22 10:16:04,676.05,766114
2021-04-22 10:16:06,676.1,766131
2021-04-22 10:16:07,676.0,767396
2021-04-22 10:16:08,676.0,767684
2021-04-22 10:16:09,675.9,767709
2021-04-22 10:16:10,675.9,767737
2021-04-22 10:16:10,675.75,767741
2021-04-22 10:16:11,675.75,767742
2021-04-22 10:16:12,675.75,767747
2021-04-22 10:16:13,675.75,767751
2021-04-22 10:16:14,675.75,767752
2021-04-22 10:16:15,675.8,767753
2021-04-22 10:16:16,675.8,767753
2021-04-22 10:16:17,675.75,767804
2021-04-22 10:16:19,675.8,767829
2021-04-22 10:16:19,675.8,767848
2021-04-22 10:16:20,675.75,767851
2021-04-22 10:16:21,675.8,767853
2021-04-22 10:16:23,675.8,767934
2021-04-22 10:16:23,675.75,767946
2021-04-22 10:16:24,675.75,767974
2021-04-22 10:16:26,675.8,767995
2021-04-22 10:16:27,675.75,767998
2021-04-22 10:16:28,675.8,768205
2021-04-22 10:16:29,675.8,768239
2021-04-22 10:16:30,675.8,768251
2021-04-22 10:16:31,675.75,768589
2021-04-22 10:16:33,675.8,768642
2021-04-22 10:16:34,675.8,768650
2021-04-22 10:16:34,675.8,768651
2021-04-22 10:16:35,675.8,768652
2021-04-22 10:16:36,675.8,768652
2021-04-22 10:16:37,675.85,768685
2021-04-22 10:16:38,675.8,768730
2021-04-22 10:16:39,675.85,768843
2021-04-22 10:16:40,675.75,769022
2021-04-22 10:16:41,675.75,769065
2021-04-22 10:16:42,675.75,769327
2021-04-22 10:16:43,675.65,769415
2021-04-22 10:16:44,675.65,769654
2021-04-22 10:16:45,675.65,769744
2021-04-22 10:16:46,675.6,769757
2021-04-22 10:16:48,675.65,769859
2021-04-22 10:16:49,675.6,769890
2021-04-22 10:16:49,675.6,769894
2021-04-22 10:16:50,675.6,769940
2021-04-22 10:16:51,675.65,769958
2021-04-22 10:16:52,675.65,769999
2021-04-22 10:16:53,675.65,770150
2021-04-22 10:16:54,675.6,770200
2021-04-22 10:16:55,675.6,770404
2021-04-22 10:16:57,675.6,770405
2021-04-22 10:16:58,675.6,770405
2021-04-22 10:16:58,675.65,770421
2021-04-22 10:16:59,675.65,770427
2021-04-22 10:17:00,675.6,770435
2021-04-22 10:17:01,675.6,770485
2021-04-22 10:17:02,675.6,770485
2021-04-22 10:17:04,675.6,770485
2021-04-22 10:17:04,675.6,770485
2021-04-22 10:17:08,675.65,770699
2021-04-22 10:17:09,675.65,770713
2021-04-22 10:17:10,675.65,770713
2021-04-22 10:17:12,675.65,770728
2021-04-22 10:17:13,675.65,770729
2021-04-22 10:17:14,675.65,770729
2021-04-22 10:17:15,675.65,770729
2021-04-22 10:17:16,675.65,770730
2021-04-22 10:17:17,675.65,770730
2021-04-22 10:17:18,675.7,770840
2021-04-22 10:17:19,675.7,770840
2021-04-22 10:17:20,675.7,770845
2021-04-22 10:17:21,675.7,770916
2021-04-22 10:17:26,675.7,771006
2021-04-22 10:17:27,675.85,771956
2021-04-22 10:17:27,675.85,771956
2021-04-22 10:17:28,675.85,771956
2021-04-22 10:17:29,675.85,771956
2021-04-22 10:17:30,675.85,771959
2021-04-22 10:17:31,675.85,771979
2021-04-22 10:17:32,675.85,771979
2021-04-22 10:17:33,675.7,771989
2021-04-22 10:17:34,675.85,771999
2021-04-22 10:17:35,675.85,772004
2021-04-22 10:17:37,675.85,772004
2021-04-22 10:17:38,676.2,772464
2021-04-22 10:17:39,676.2,772466
2021-04-22 10:17:39,676.2,772466
2021-04-22 10:17:40,676.2,772466
2021-04-22 10:17:41,676.2,772476
2021-04-22 10:17:42,676.2,772476
2021-04-22 10:17:44,676.2,772480
2021-04-22 10:17:45,676.2,772533
2021-04-22 10:17:47,676.15,772545
2021-04-22 10:17:48,676.25,772578
2021-04-22 10:17:49,676.25,772578
2021-04-22 10:17:49,676.25,772578
2021-04-22 10:17:50,677.0,772580
2021-04-22 10:17:51,676.95,772636
2021-04-22 10:17:52,677.0,772667
2021-04-22 10:17:53,677.0,772667
2021-04-22 10:17:55,677.0,772820
2021-04-22 10:17:56,677.2,773079
2021-04-22 10:17:57,677.0,773080
2021-04-22 10:17:57,677.0,773081
2021-04-22 10:17:59,677.0,773106
2021-04-22 10:18:00,677.05,773261
2021-04-22 10:18:01,677.05,773261
2021-04-22 10:18:02,676.7,773311
2021-04-22 10:18:03,677.0,773313
2021-04-22 10:18:04,677.0,773314
2021-04-22 10:18:05,676.7,773389
2021-04-22 10:18:05,676.7,773389
2021-04-22 10:18:07,677.05,773421
2021-04-22 10:18:08,677.0,773439
2021-04-22 10:18:09,677.25,773442
2021-04-22 10:18:10,676.95,773719
2021-04-22 10:18:12,676.95,773719
2021-04-22 10:18:12,677.0,773722
2021-04-22 10:18:13,676.95,773723
2021-04-22 10:18:15,677.0,773727
2021-04-22 10:18:15,676.75,773737
2021-04-22 10:18:17,676.7,773890
2021-04-22 10:18:18,676.95,773990
2021-04-22 10:18:20,676.6,774136
2021-04-22 10:18:20,676.6,774136
2021-04-22 10:18:21,676.85,774137
2021-04-22 10:18:23,676.9,774172
2021-04-22 10:18:24,676.9,774174
2021-04-22 10:18:25,676.6,774189
2021-04-22 10:18:25,676.9,774211
2021-04-22 10:18:26,676.75,774212
2021-04-22 10:18:27,676.75,774227
2021-04-22 10:18:28,676.75,774227
2021-04-22 10:18:30,676.9,774302
2021-04-22 10:18:31,676.65,774304
2021-04-22 10:18:32,676.8,774309
2021-04-22 10:18:34,676.8,774314
2021-04-22 10:18:34,676.8,774314
2021-04-22 10:18:35,676.6,774692
2021-04-22 10:18:36,677.0,774817
2021-04-22 10:18:37,676.95,774822
2021-04-22 10:18:38,676.6,774870
2021-04-22 10:18:39,676.6,774884
2021-04-22 10:18:40,676.6,774884
2021-04-22 10:18:41,676.8,774886
2021-04-22 10:18:43,676.55,774921
2021-04-22 10:18:44,676.55,774921
2021-04-22 10:18:44,676.55,774921
2021-04-22 10:18:45,676.95,774923
2021-04-22 10:18:46,676.65,774973
2021-04-22 10:18:47,676.95,774975
2021-04-22 10:18:48,676.95,774975
2021-04-22 10:18:49,676.95,774981
2021-04-22 10:18:50,676.75,774990
2021-04-22 10:18:52,677.0,775020
2021-04-22 10:18:53,677.0,775020
2021-04-22 10:18:54,676.65,775070
2021-04-22 10:18:55,676.95,775074
2021-04-22 10:18:56,676.8,775076
2021-04-22 10:18:58,676.95,775080
2021-04-22 10:18:58,676.95,775080
2021-04-22 10:18:59,676.95,775080
2021-04-22 10:19:00,676.95,775080
2021-04-22 10:19:01,676.95,775231
2021-04-22 10:19:02,676.95,775232
2021-04-22 10:19:03,676.95,775232
2021-04-22 10:19:04,676.95,775263
2021-04-22 10:19:05,677.0,775307
2021-04-22 10:19:06,676.95,775325
2021-04-22 10:19:08,677.0,775354
2021-04-22 10:19:09,677.0,775372
2021-04-22 10:19:10,677.0,775378
2021-04-22 10:19:11,676.95,775388
2021-04-22 10:19:12,676.95,775388
2021-04-22 10:19:13,676.95,775388
2021-04-22 10:19:14,677.0,775394
2021-04-22 10:19:15,677.0,775395
2021-04-22 10:19:16,676.95,775430
2021-04-22 10:19:17,676.95,775430
2021-04-22 10:19:18,676.95,775430
2021-04-22 10:19:19,676.95,775430
2021-04-22 10:19:20,677.0,775433
2021-04-22 10:19:21,677.0,775448
2021-04-22 10:19:21,677.0,775448
2021-04-22 10:19:22,677.0,775952
2021-04-22 10:19:23,677.45,776072
2021-04-22 10:19:25,677.15,776076
2021-04-22 10:19:26,677.25,776096
2021-04-22 10:19:27,677.25,776096
2021-04-22 10:19:28,677.3,776135
2021-04-22 10:19:29,677.3,776135
2021-04-22 10:19:30,677.3,776135
2021-04-22 10:19:31,677.4,776146
2021-04-22 10:19:32,677.5,776147
2021-04-22 10:19:33,677.5,776413
2021-04-22 10:19:34,677.4,776543
2021-04-22 10:19:35,677.35,776586
2021-04-22 10:19:36,677.5,776806
2021-04-22 10:19:37,677.5,776865
2021-04-22 10:19:38,677.5,776865
2021-04-22 10:19:39,677.5,776868
2021-04-22 10:19:40,677.5,776868
2021-04-22 10:19:41,677.5,776868
2021-04-22 10:19:42,677.5,777012
2021-04-22 10:19:43,677.5,777012
2021-04-22 10:19:44,677.55,777013
2021-04-22 10:19:44,677.55,777113
2021-04-22 10:19:45,677.55,777139
2021-04-22 10:19:47,677.7,777230
2021-04-22 10:19:48,677.7,777255
2021-04-22 10:19:49,677.7,777260
2021-04-22 10:19:50,677.7,777260
2021-04-22 10:19:51,677.7,777275
2021-04-22 10:19:52,677.7,777305
2021-04-22 10:19:53,677.7,777321
2021-04-22 10:19:54,677.8,777515
2021-04-22 10:19:55,677.8,777515
2021-04-22 10:19:56,677.55,778061
2021-04-22 10:19:57,677.55,778122
2021-04-22 10:19:59,677.55,778122
2021-04-22 10:20:00,677.55,778124
2021-04-22 10:20:01,677.55,778124
2021-04-22 10:20:02,677.5,778332
2021-04-22 10:20:03,677.5,778332
2021-04-22 10:20:04,677.4,778669
2021-04-22 10:20:06,677.5,778867
2021-04-22 10:20:07,677.35,778890
2021-04-22 10:20:08,677.55,779390
2021-04-22 10:20:09,677.55,779390
2021-04-22 10:20:10,677.5,779394
2021-04-22 10:20:11,677.5,779394
2021-04-22 10:20:12,677.5,779427
2021-04-22 10:20:13,677.35,779428
2021-04-22 10:20:14,677.35,779428
2021-04-22 10:20:15,677.35,779442
2021-04-22 10:20:16,677.35,779442
2021-04-22 10:20:17,677.35,779442
2021-04-22 10:20:18,677.35,779442
2021-04-22 10:20:19,677.35,779442
2021-04-22 10:20:20,677.45,779453
2021-04-22 10:20:21,677.45,779453
2021-04-22 10:20:21,677.45,779453
2021-04-22 10:20:22,677.45,779453
2021-04-22 10:20:23,677.45,779453
2021-04-22 10:20:25,677.45,779467
2021-04-22 10:20:26,677.4,779481
2021-04-22 10:20:27,677.5,779516
2021-04-22 10:20:28,677.5,779516
2021-04-22 10:20:29,677.5,779533
2021-04-22 10:20:30,677.5,779556
2021-04-22 10:20:31,677.45,779618
2021-04-22 10:20:32,677.5,779629
2021-04-22 10:20:33,677.5,779659
2021-04-22 10:20:34,677.5,779659
2021-04-22 10:20:35,677.5,779662
2021-04-22 10:20:36,677.7,780185
2021-04-22 10:20:37,677.5,780202
2021-04-22 10:20:38,677.5,780202
2021-04-22 10:20:39,677.5,780202
2021-04-22 10:20:40,677.7,780217
2021-04-22 10:20:41,677.7,780242
2021-04-22 10:20:41,677.8,780276
2021-04-22 10:20:42,677.6,780286
2021-04-22 10:20:43,677.65,780289
2021-04-22 10:20:44,677.65,780289
2021-04-22 10:20:46,677.6,780307
2021-04-22 10:20:47,677.6,780307
2021-04-22 10:20:48,677.7,780308
2021-04-22 10:20:49,677.7,780443
2021-04-22 10:20:50,677.7,780443
2021-04-22 10:20:51,677.7,780443
2021-04-22 10:20:52,677.7,780443
2021-04-22 10:20:53,677.75,780453
2021-04-22 10:20:54,677.7,780468
2021-04-22 10:20:55,678.25,782262
2021-04-22 10:20:56,678.25,782262
2021-04-22 10:20:57,678.4,782297
2021-04-22 10:20:58,678.15,782298
2021-04-22 10:20:59,678.4,782323
2021-04-22 10:21:00,678.4,782323
2021-04-22 10:21:01,678.4,782323
2021-04-22 10:21:02,678.15,782383
2021-04-22 10:21:03,678.4,782863
2021-04-22 10:21:04,678.4,783164
2021-04-22 10:21:05,678.1,783178
2021-04-22 10:21:06,678.05,783193
2021-04-22 10:21:07,678.0,783218
2021-04-22 10:21:08,678.0,783218
2021-04-22 10:21:09,678.1,783334
2021-04-22 10:21:10,678.35,783339
2021-04-22 10:21:11,678.05,783455
2021-04-22 10:21:12,678.0,783617
2021-04-22 10:21:12,678.0,783617
2021-04-22 10:21:13,678.0,783769
2021-04-22 10:21:15,678.2,783879
2021-04-22 10:21:16,678.2,783879
2021-04-22 10:21:17,678.35,783906
2021-04-22 10:21:18,678.15,783916
2021-04-22 10:21:19,678.15,783916
2021-04-22 10:21:20,678.15,783916
2021-04-22 10:21:21,678.1,783930
2021-04-22 10:21:22,678.15,784050
2021-04-22 10:21:23,678.3,784109
2021-04-22 10:21:24,678.3,784209
2021-04-22 10:21:25,678.3,784209
2021-04-22 10:21:26,678.3,784209
2021-04-22 10:21:27,678.3,784561
2021-04-22 10:21:28,678.15,785013
2021-04-22 10:21:29,678.5,785036
2021-04-22 10:21:30,678.5,785036
2021-04-22 10:21:31,678.05,785040
2021-04-22 10:21:32,678.5,785388
2021-04-22 10:21:33,678.0,785651
2021-04-22 10:21:34,677.85,785897
2021-04-22 10:21:35,677.85,786148
2021-04-22 10:21:36,677.8,786313
2021-04-22 10:21:37,678.3,787060
2021-04-22 10:21:38,678.3,787060
2021-04-22 10:21:39,678.0,787110
2021-04-22 10:21:40,678.0,787110
2021-04-22 10:21:41,678.2,787162
2021-04-22 10:21:42,678.3,787254
2021-04-22 10:21:43,678.3,787254
2021-04-22 10:21:44,678.2,787281
2021-04-22 10:21:45,678.0,787449
2021-04-22 10:21:46,678.1,787462
2021-04-22 10:21:47,678.1,787463
2021-04-22 10:21:48,678.1,787468
2021-04-22 10:21:49,678.1,787468
2021-04-22 10:21:50,678.05,787598
2021-04-22 10:21:51,678.1,787600
2021-04-22 10:21:52,678.1,787600
2021-04-22 10:21:53,678.05,787616
2021-04-22 10:21:54,678.05,787616
2021-04-22 10:21:55,678.05,787616
2021-04-22 10:21:56,678.1,787617
2021-04-22 10:21:57,678.1,787653
2021-04-22 10:21:58,678.15,787864
2021-04-22 10:21:59,678.1,787896
2021-04-22 10:22:00,678.1,787896
2021-04-22 10:22:01,678.1,787896
2021-04-22 10:22:02,678.05,788006
2021-04-22 10:22:03,678.05,788095
2021-04-22 10:22:04,678.05,788121
2021-04-22 10:22:05,678.05,788123
2021-04-22 10:22:06,678.05,788227
2021-04-22 10:22:07,678.0,788237
2021-04-22 10:22:08,678.0,788379
2021-04-22 10:22:09,678.0,788379
2021-04-22 10:22:10,677.8,788423
2021-04-22 10:22:11,677.8,788437
2021-04-22 10:22:12,677.65,788456
2021-04-22 10:22:13,677.65,788546
2021-04-22 10:22:14,677.45,788597
2021-04-22 10:22:16,677.45,788608
2021-04-22 10:22:17,677.3,788666
2021-04-22 10:22:18,677.45,788686
2021-04-22 10:22:19,677.25,788719
2021-04-22 10:22:20,677.45,788780
2021-04-22 10:22:21,677.45,788880
2021-04-22 10:22:22,677.25,788897
2021-04-22 10:22:23,677.25,788974
2021-04-22 10:22:24,677.45,789067
2021-04-22 10:22:25,677.15,789125
2021-04-22 10:22:26,677.35,789154
2021-04-22 10:22:27,677.45,789179
2021-04-22 10:22:28,677.45,789219
2021-04-22 10:22:29,677.45,789219
2021-04-22 10:22:30,677.45,789307
2021-04-22 10:22:31,677.45,789307
2021-04-22 10:22:32,677.45,789307
2021-04-22 10:22:33,677.6,789769
2021-04-22 10:22:34,677.6,789769
2021-04-22 10:22:35,677.7,789770
2021-04-22 10:22:36,677.45,789771
2021-04-22 10:22:37,677.7,789772
2021-04-22 10:22:38,677.7,789825
2021-04-22 10:22:39,677.7,789825
2021-04-22 10:22:40,677.95,789826
2021-04-22 10:22:41,677.95,789846
2021-04-22 10:22:42,678.0,789894
2021-04-22 10:22:43,678.0,789894
2021-04-22 10:22:44,678.0,789894
2021-04-22 10:22:45,677.9,789913
2021-04-22 10:22:46,678.0,789947
2021-04-22 10:22:47,678.0,789948
2021-04-22 10:22:48,678.0,789948
2021-04-22 10:22:49,678.0,789948
2021-04-22 10:22:50,678.3,791797
2021-04-22 10:22:51,678.3,791797
2021-04-22 10:22:52,678.55,792227
2021-04-22 10:22:53,678.55,792347
2021-04-22 10:22:54,678.55,792347
2021-04-22 10:22:56,678.25,792387
2021-04-22 10:22:57,678.65,792423
2021-04-22 10:22:58,678.7,792428
2021-04-22 10:22:59,678.7,792428
2021-04-22 10:23:00,678.7,792428
2021-04-22 10:23:01,678.7,792428
2021-04-22 10:23:02,678.3,792559
2021-04-22 10:23:03,678.3,792637
2021-04-22 10:23:05,678.4,793601
2021-04-22 10:23:06,678.4,793601
2021-04-22 10:23:07,678.4,793601
2021-04-22 10:23:09,678.35,793686
2021-04-22 10:23:08,678.35,793686
2021-04-22 10:23:10,678.35,793686
2021-04-22 10:23:11,678.35,793686
2021-04-22 10:23:12,678.55,793687
2021-04-22 10:23:13,678.65,793816
2021-04-22 10:23:14,678.65,793816
2021-04-22 10:23:15,678.85,793826
2021-04-22 10:23:16,678.85,793828
2021-04-22 10:23:17,678.85,793834
2021-04-22 10:23:18,678.55,794345
2021-04-22 10:23:19,678.8,794557
2021-04-22 10:23:20,678.45,794771
2021-04-22 10:23:21,678.45,794771
2021-04-22 10:23:22,678.45,794771
2021-04-22 10:23:23,678.45,794771
2021-04-22 10:23:24,678.8,794782
2021-04-22 10:23:25,678.8,794782
2021-04-22 10:23:26,678.8,794782
2021-04-22 10:23:27,678.95,795567
2021-04-22 10:23:28,678.5,795582
2021-04-22 10:23:29,678.5,795607
2021-04-22 10:23:30,678.75,795616
2021-04-22 10:23:31,678.6,795617
2021-04-22 10:23:32,678.6,795630
2021-04-22 10:23:33,678.6,795631
2021-04-22 10:23:34,678.6,795631
2021-04-22 10:23:35,678.55,795654
2021-04-22 10:23:36,678.6,795869
2021-04-22 10:23:37,678.6,795900
2021-04-22 10:23:38,678.5,795915
2021-04-22 10:23:39,678.6,795918
2021-04-22 10:23:40,678.6,795918
2021-04-22 10:23:41,678.6,795918
2021-04-22 10:23:42,678.6,795937
2021-04-22 10:23:43,678.6,796003
2021-04-22 10:23:45,678.6,796003
2021-04-22 10:23:45,678.6,796003
2021-04-22 10:23:46,678.6,796023
2021-04-22 10:23:48,678.55,796078
2021-04-22 10:23:50,678.9,797163
2021-04-22 10:23:51,678.9,797184
2021-04-22 10:23:52,679.0,797254
2021-04-22 10:23:53,679.0,797272
2021-04-22 10:23:54,678.9,797550
2021-04-22 10:23:55,678.95,797564
2021-04-22 10:23:56,678.95,797564
2021-04-22 10:23:57,678.95,797586
2021-04-22 10:23:58,678.95,797586
2021-04-22 10:23:59,678.9,797616
2021-04-22 10:24:00,678.9,797616
2021-04-22 10:24:01,678.9,797621
2021-04-22 10:24:02,678.95,797726
2021-04-22 10:24:03,678.95,797726
2021-04-22 10:24:04,678.95,797777
2021-04-22 10:24:05,678.95,798095
2021-04-22 10:24:06,678.95,798253
2021-04-22 10:24:07,678.85,798296
2021-04-22 10:24:08,678.9,798370
2021-04-22 10:24:09,678.9,798525
2021-04-22 10:24:10,678.95,798546
2021-04-22 10:24:11,678.9,798596
2021-04-22 10:24:12,678.9,799159
2021-04-22 10:24:13,679.0,799272
2021-04-22 10:24:14,679.0,799278
2021-04-22 10:24:15,679.0,799528
2021-04-22 10:24:16,679.0,802395
2021-04-22 10:24:17,679.0,802398
2021-04-22 10:24:18,679.0,802398
2021-04-22 10:24:19,679.0,802398
2021-04-22 10:24:20,678.9,802399
2021-04-22 10:24:21,678.9,802456
2021-04-22 10:24:22,678.9,802977
2021-04-22 10:24:23,678.9,803002
2021-04-22 10:24:24,679.35,804114
2021-04-22 10:24:25,679.35,804127
2021-04-22 10:24:26,679.4,804186
2021-04-22 10:24:27,679.45,804300
2021-04-22 10:24:28,679.45,804305
2021-04-22 10:24:29,679.4,804427
2021-04-22 10:24:30,679.2,804553
2021-04-22 10:24:31,679.45,804561
2021-04-22 10:24:32,679.2,804572
2021-04-22 10:24:33,679.15,804976
2021-04-22 10:24:34,679.3,804991
2021-04-22 10:24:35,679.1,805028
2021-04-22 10:24:36,679.25,805141
2021-04-22 10:24:37,679.25,805209
2021-04-22 10:24:38,679.2,805213
2021-04-22 10:24:39,679.1,805233
2021-04-22 10:24:40,679.1,805233
2021-04-22 10:24:41,679.45,805453
2021-04-22 10:24:42,679.15,805458
2021-04-22 10:24:43,679.15,805458
2021-04-22 10:24:44,679.45,805643
2021-04-22 10:24:45,679.4,805782
2021-04-22 10:24:47,679.05,805910
2021-04-22 10:24:47,679.05,805910
2021-04-22 10:24:48,679.1,805926
2021-04-22 10:24:49,679.1,805947
2021-04-22 10:24:50,679.1,805967
2021-04-22 10:24:51,679.2,806090
2021-04-22 10:24:52,679.2,806090
2021-04-22 10:24:53,679.3,806102
2021-04-22 10:24:54,679.3,806102
2021-04-22 10:24:55,679.2,806585
2021-04-22 10:24:56,679.2,806585
2021-04-22 10:24:57,679.35,806625
2021-04-22 10:24:58,679.2,806904
2021-04-22 10:24:59,679.2,807095
2021-04-22 10:25:00,679.2,807095
2021-04-22 10:25:01,678.9,809766
2021-04-22 10:25:02,679.05,809924
2021-04-22 10:25:03,679.2,810318
2021-04-22 10:25:04,678.9,810324
2021-04-22 10:25:05,678.9,810324
2021-04-22 10:25:06,679.0,810345
2021-04-22 10:25:07,679.0,811274
2021-04-22 10:25:08,679.1,811316
2021-04-22 10:25:09,679.1,811784
2021-04-22 10:25:10,679.1,811829
2021-04-22 10:25:11,679.0,811857
2021-04-22 10:25:12,679.0,811886
2021-04-22 10:25:13,679.0,811915
2021-04-22 10:25:14,679.2,812171
2021-04-22 10:25:15,679.1,812181
2021-04-22 10:25:16,679.1,812181
2021-04-22 10:25:17,678.95,812381
2021-04-22 10:25:18,679.35,812772
2021-04-22 10:25:19,679.3,812787
2021-04-22 10:25:20,679.4,812895
2021-04-22 10:25:21,679.4,812895
2021-04-22 10:25:22,679.4,812895
2021-04-22 10:25:23,679.4,813617
2021-04-22 10:25:24,679.2,813804
2021-04-22 10:25:25,679.0,814116
2021-04-22 10:25:26,678.95,814240
2021-04-22 10:25:27,679.0,814355
2021-04-22 10:25:28,679.25,814357
2021-04-22 10:25:29,679.0,814400
2021-04-22 10:25:31,679.35,814493
2021-04-22 10:25:32,679.0,814495
2021-04-22 10:25:33,679.0,814495
2021-04-22 10:25:34,679.15,814533
2021-04-22 10:25:35,679.0,814670
2021-04-22 10:25:36,679.15,814712
2021-04-22 10:25:37,679.15,814746
2021-04-22 10:25:38,679.0,814866
2021-04-22 10:25:39,679.35,815067
2021-04-22 10:25:40,679.0,815109
2021-04-22 10:25:41,678.95,815195
2021-04-22 10:25:42,678.95,815353
2021-04-22 10:25:43,678.95,816272
2021-04-22 10:25:45,679.2,817481
2021-04-22 10:25:46,679.3,817733
2021-04-22 10:25:47,679.3,817733
2021-04-22 10:25:48,679.3,817733
2021-04-22 10:25:49,679.15,817741
2021-04-22 10:25:50,679.15,817741
2021-04-22 10:25:51,679.15,818161
2021-04-22 10:25:52,679.15,818173
2021-04-22 10:25:53,679.15,818173
2021-04-22 10:25:54,679.3,818433
2021-04-22 10:25:55,679.4,818723
2021-04-22 10:25:56,679.15,818738
2021-04-22 10:25:57,679.4,818911
2021-04-22 10:25:58,679.2,818918
2021-04-22 10:25:59,679.3,818968
2021-04-22 10:26:00,679.3,818978
2021-04-22 10:26:01,679.25,818988
2021-04-22 10:26:02,679.25,818988
2021-04-22 10:26:03,679.4,819098
2021-04-22 10:26:04,679.2,819245
2021-04-22 10:26:05,679.2,819567
2021-04-22 10:26:06,679.2,819635
2021-04-22 10:26:06,679.2,819635
2021-04-22 10:26:07,679.05,819796
2021-04-22 10:26:08,679.0,819876
2021-04-22 10:26:09,679.05,819930
2021-04-22 10:26:10,679.05,819930
2021-04-22 10:26:11,679.0,820030
2021-04-22 10:26:12,679.0,820030
2021-04-22 10:26:13,678.9,820553
2021-04-22 10:26:14,678.9,820646
2021-04-22 10:26:15,679.0,820662
2021-04-22 10:26:16,679.0,820675
2021-04-22 10:26:18,679.0,820680
2021-04-22 10:26:19,678.85,820785
2021-04-22 10:26:19,678.85,820785
2021-04-22 10:26:20,678.85,820814
2021-04-22 10:26:21,679.0,820824
2021-04-22 10:26:22,679.0,820824
2021-04-22 10:26:23,679.0,820825
2021-04-22 10:26:24,678.85,820840
2021-04-22 10:26:25,678.85,820840
2021-04-22 10:26:27,679.0,820877
2021-04-22 10:26:27,679.0,820886
2021-04-22 10:26:30,679.0,820946
2021-04-22 10:26:31,678.85,820976
2021-04-22 10:26:31,678.85,821062
2021-04-22 10:26:32,679.0,821066
2021-04-22 10:26:33,679.0,821067
2021-04-22 10:26:34,678.9,821085
2021-04-22 10:26:36,678.9,821085
2021-04-22 10:26:37,678.85,821095
2021-04-22 10:26:38,678.9,821110
2021-04-22 10:26:39,678.85,821125
2021-04-22 10:26:39,678.85,821125
2021-04-22 10:26:40,678.9,821175
2021-04-22 10:26:41,678.9,821175
2021-04-22 10:26:42,678.85,821219
2021-04-22 10:26:43,678.9,821224
2021-04-22 10:26:44,678.9,821248
2021-04-22 10:26:45,678.9,821262
2021-04-22 10:26:47,678.9,821262
2021-04-22 10:26:48,678.9,821266
2021-04-22 10:26:48,678.8,821311
2021-04-22 10:26:49,678.85,821378
2021-04-22 10:26:50,678.85,821388
2021-04-22 10:26:51,678.85,821390
2021-04-22 10:26:52,678.6,821516
2021-04-22 10:26:53,678.6,821516
2021-04-22 10:26:54,678.8,821666
2021-04-22 10:26:55,678.8,821897
2021-04-22 10:26:56,678.8,821923
2021-04-22 10:26:58,678.8,821973
2021-04-22 10:26:59,678.7,821987
2021-04-22 10:27:00,678.7,821987
2021-04-22 10:27:01,678.7,821987
2021-04-22 10:27:02,678.7,821987
2021-04-22 10:27:03,678.8,821991
2021-04-22 10:27:04,678.8,821991
2021-04-22 10:27:05,678.6,822560
2021-04-22 10:27:07,678.65,822794
2021-04-22 10:27:08,678.9,822797
2021-04-22 10:27:10,678.9,822797
2021-04-22 10:27:11,678.9,822797
2021-04-22 10:27:12,678.8,822831
2021-04-22 10:27:13,678.6,822856
2021-04-22 10:27:13,678.8,822871
2021-04-22 10:27:14,678.6,823017
2021-04-22 10:27:15,678.6,823053
2021-04-22 10:27:17,679.0,825053
2021-04-22 10:27:18,679.0,825053
2021-04-22 10:27:20,679.0,825053
2021-04-22 10:27:21,678.95,825083
2021-04-22 10:27:22,678.95,825083
2021-04-22 10:27:23,678.95,825083
2021-04-22 10:27:24,678.6,825328
2021-04-22 10:27:25,679.0,825934
2021-04-22 10:27:26,678.6,826226
2021-04-22 10:27:28,678.9,826384
2021-04-22 10:27:29,679.0,826667
2021-04-22 10:27:30,679.0,826696
2021-04-22 10:27:31,679.0,826700
2021-04-22 10:27:33,679.0,826700
2021-04-22 10:27:34,679.0,826700
2021-04-22 10:27:35,679.0,826700
2021-04-22 10:27:36,679.0,826700
2021-04-22 10:27:37,679.0,826700
2021-04-22 10:27:37,679.0,826851
2021-04-22 10:27:38,679.0,826856
2021-04-22 10:27:41,679.0,827781
2021-04-22 10:27:42,679.0,827823
2021-04-22 10:27:43,679.0,827824
2021-04-22 10:27:45,679.0,828355
2021-04-22 10:27:46,678.95,828492
2021-04-22 10:27:47,679.0,828708
2021-04-22 10:27:48,678.85,828718
2021-04-22 10:27:49,679.0,828818
2021-04-22 10:27:50,679.0,828818
2021-04-22 10:27:50,678.7,829064
2021-04-22 10:27:51,678.95,829344
2021-04-22 10:27:53,678.65,829592
2021-04-22 10:27:54,678.95,829594
2021-04-22 10:27:55,678.95,829594
2021-04-22 10:27:56,678.95,829944
2021-04-22 10:27:57,678.95,829980
2021-04-22 10:27:58,678.95,830005
2021-04-22 10:27:59,678.95,830005
2021-04-22 10:28:00,678.95,830005
2021-04-22 10:28:01,679.0,831231
2021-04-22 10:28:02,679.0,831238
2021-04-22 10:28:03,679.0,831238
2021-04-22 10:28:04,679.0,832044
2021-04-22 10:28:05,679.1,832546
2021-04-22 10:28:06,679.0,832648
2021-04-22 10:28:07,679.05,832664
2021-04-22 10:28:08,679.2,832698
2021-04-22 10:28:09,679.2,832698
2021-04-22 10:28:10,679.0,832729
2021-04-22 10:28:11,679.0,832754
2021-04-22 10:28:12,679.0,832754
2021-04-22 10:28:13,679.0,832754
2021-04-22 10:28:14,679.3,832828
2021-04-22 10:28:15,679.35,834079
2021-04-22 10:28:16,679.45,834579
2021-04-22 10:28:17,679.25,834697
2021-04-22 10:28:18,679.25,834697
2021-04-22 10:28:20,679.45,834703
2021-04-22 10:28:21,679.4,834707
2021-04-22 10:28:22,679.4,834711
2021-04-22 10:28:23,679.4,834715
2021-04-22 10:28:24,679.4,834715
2021-04-22 10:28:25,679.4,834715
2021-04-22 10:28:26,679.25,834786
2021-04-22 10:28:27,679.25,834987
2021-04-22 10:28:28,679.45,835037
2021-04-22 10:28:29,679.45,835037
2021-04-22 10:28:30,679.25,835077
2021-04-22 10:28:30,679.3,835076
2021-04-22 10:28:31,679.25,835092
2021-04-22 10:28:32,679.25,835092
2021-04-22 10:28:33,679.4,835192
2021-04-22 10:28:34,679.25,835193
2021-04-22 10:28:35,679.25,835193
2021-04-22 10:28:37,679.45,835293
2021-04-22 10:28:37,679.45,835293
2021-04-22 10:28:38,679.4,835297
2021-04-22 10:28:39,679.4,835297
2021-04-22 10:28:40,679.4,835308
2021-04-22 10:28:42,679.3,835371
2021-04-22 10:28:43,679.45,835372
2021-04-22 10:28:44,679.45,835623
2021-04-22 10:28:45,679.45,835623
2021-04-22 10:28:46,679.45,835797
2021-04-22 10:28:47,679.45,835813
