timestamp,ltp,volume
1970-01-01 05:30:00,845.0,8240669
2021-04-22 09:22:10,820.05,702259
2021-04-22 09:40:09,817.05,1575426
2021-04-22 09:40:09,817.05,1575426
2021-04-22 09:40:10,816.95,1575698
2021-04-22 09:40:10,816.95,1575698
2021-04-22 09:40:11,816.8,1575738
2021-04-22 09:40:11,816.8,1575738
2021-04-22 09:40:12,816.3,1577256
2021-04-22 09:40:12,816.3,1577256
2021-04-22 09:40:13,816.5,1577283
2021-04-22 09:40:13,816.5,1577283
2021-04-22 09:40:14,816.3,1578628
2021-04-22 09:40:14,816.3,1578628
2021-04-22 09:40:16,816.2,1578964
2021-04-22 09:40:15,816.4,1578675
2021-04-22 09:40:15,816.4,1578675
2021-04-22 09:40:16,816.2,1578964
2021-04-22 09:40:17,816.15,1595920
2021-04-22 09:40:17,816.15,1595920
2021-04-22 09:40:18,816.05,1596358
2021-04-22 09:40:18,816.05,1596358
2021-04-22 09:40:19,816.3,1596535
2021-04-22 09:40:19,816.3,1596535
2021-04-22 09:40:20,816.05,1599009
2021-04-22 09:40:21,816.05,1599009
2021-04-22 09:40:20,816.05,1599009
2021-04-22 09:40:21,816.05,1599009
2021-04-22 09:40:22,815.8,1599159
2021-04-22 09:40:22,815.8,1599159
2021-04-22 09:40:23,816.3,1600128
2021-04-22 09:40:23,816.3,1600128
2021-04-22 09:40:24,816.3,1600133
2021-04-22 09:40:24,816.3,1600133
2021-04-22 09:40:25,816.2,1602987
2021-04-22 09:40:25,816.2,1602987
2021-04-22 09:40:27,816.4,1602991
2021-04-22 09:40:26,816.4,1602991
2021-04-22 09:40:27,816.4,1602991
2021-04-22 09:40:26,816.4,1602991
2021-04-22 09:40:28,816.05,1603071
2021-04-22 09:40:28,816.05,1603071
2021-04-22 09:40:29,816.4,1603286
2021-04-22 09:40:29,816.4,1603286
2021-04-22 09:40:30,816.4,1604489
2021-04-22 09:40:30,816.4,1604489
2021-04-22 09:40:31,816.2,1604584
2021-04-22 09:40:31,816.2,1604584
2021-04-22 09:40:32,816.5,1606520
2021-04-22 09:40:32,816.5,1606520
2021-04-22 09:40:33,816.65,1607045
2021-04-22 09:40:34,816.75,1607096
2021-04-22 09:40:33,816.65,1607045
2021-04-22 09:40:34,816.75,1607096
2021-04-22 09:40:35,817.35,1607814
2021-04-22 09:40:35,817.35,1607814
2021-04-22 09:40:36,817.9,1608525
2021-04-22 09:40:36,817.9,1608525
2021-04-22 09:40:37,817.75,1608607
2021-04-22 09:40:37,817.75,1608607
2021-04-22 09:40:38,817.75,1608962
2021-04-22 09:40:38,817.75,1608962
2021-04-22 09:40:39,818.0,1609069
2021-04-22 09:40:40,817.75,1609169
2021-04-22 09:40:39,818.0,1609069
2021-04-22 09:40:40,817.75,1609169
2021-04-22 09:40:41,817.65,1609362
2021-04-22 09:40:41,817.65,1609362
2021-04-22 09:40:42,818.0,1609477
2021-04-22 09:40:42,818.0,1609477
2021-04-22 09:40:43,818.0,1609579
2021-04-22 09:40:43,818.0,1609579
2021-04-22 09:40:44,818.25,1610657
2021-04-22 09:40:44,818.25,1610657
2021-04-22 09:40:45,817.8,1611181
2021-04-22 09:40:45,817.8,1611181
2021-04-22 09:40:46,817.95,1611187
2021-04-22 09:40:46,817.95,1611187
2021-04-22 09:40:47,818.0,1611690
2021-04-22 09:40:47,818.0,1611690
2021-04-22 09:40:48,818.0,1612245
2021-04-22 09:40:48,818.0,1612245
2021-04-22 09:40:49,818.3,1612320
2021-04-22 09:40:49,818.3,1612320
2021-04-22 09:40:50,818.15,1612342
2021-04-22 09:40:50,818.15,1612342
2021-04-22 09:40:52,818.0,1612433
2021-04-22 09:40:52,818.0,1612433
2021-04-22 09:40:53,818.25,1612466
2021-04-22 09:40:54,818.25,1612467
2021-04-22 09:40:53,818.25,1612466
2021-04-22 09:40:54,818.25,1612467
2021-04-22 09:40:55,818.4,1613423
2021-04-22 09:40:55,818.4,1613423
2021-04-22 09:40:56,818.8,1613574
2021-04-22 09:40:56,818.8,1613574
2021-04-22 09:40:57,819.1,1623390
2021-04-22 09:40:57,819.1,1623390
2021-04-22 09:41:00,819.2,1625778
2021-04-22 09:40:59,819.2,1625776
2021-04-22 09:40:59,819.2,1625776
2021-04-22 09:41:00,819.2,1625778
2021-04-22 09:41:01,819.55,1627832
2021-04-22 09:41:01,819.55,1627832
2021-04-22 09:41:02,819.0,1628509
2021-04-22 09:41:02,819.0,1628509
2021-04-22 09:41:03,819.0,1628762
2021-04-22 09:41:03,819.0,1628762
2021-04-22 09:41:04,819.35,1628972
2021-04-22 09:41:04,819.35,1628972
2021-04-22 09:41:06,819.35,1629038
2021-04-22 09:41:06,819.35,1629043
2021-04-22 09:41:06,819.35,1629038
2021-04-22 09:41:06,819.35,1629043
2021-04-22 09:41:07,819.3,1629126
2021-04-22 09:41:07,819.3,1629126
2021-04-22 09:41:08,819.35,1630293
2021-04-22 09:41:08,819.35,1630293
2021-04-22 09:41:09,819.1,1631077
2021-04-22 09:41:09,819.1,1631077
2021-04-22 09:41:11,818.8,1632935
2021-04-22 09:41:11,818.8,1632935
2021-04-22 09:41:11,819.1,1633268
2021-04-22 09:41:11,819.1,1633268
2021-04-22 09:41:12,819.1,1634012
2021-04-22 09:41:12,819.1,1634012
2021-04-22 09:41:13,819.1,1636148
2021-04-22 09:41:13,819.1,1636148
2021-04-22 09:41:14,819.1,1636686
2021-04-22 09:41:14,819.1,1636686
2021-04-22 09:41:16,819.0,1637932
2021-04-22 09:41:16,819.1,1637821
2021-04-22 09:41:16,819.1,1637821
2021-04-22 09:41:16,819.0,1637932
2021-04-22 09:41:17,818.9,1637994
2021-04-22 09:41:17,818.9,1637994
2021-04-22 09:41:18,818.8,1638436
2021-04-22 09:41:18,818.8,1638436
2021-04-22 09:41:19,818.95,1639081
2021-04-22 09:41:19,818.95,1639081
2021-04-22 09:41:21,818.5,1639486
2021-04-22 09:41:21,818.5,1639486
2021-04-22 09:41:22,818.95,1640867
2021-04-22 09:41:22,818.95,1640867
2021-04-22 09:41:23,818.9,1640957
2021-04-22 09:41:23,818.9,1640957
2021-04-22 09:41:24,818.9,1641967
2021-04-22 09:41:24,818.9,1641967
2021-04-22 09:41:25,818.9,1641982
2021-04-22 09:41:25,818.9,1641982
2021-04-22 09:41:26,818.5,1642670
2021-04-22 09:41:26,818.5,1642670
2021-04-22 09:41:28,818.5,1642735
2021-04-22 09:41:28,818.5,1642788
2021-04-22 09:41:28,818.5,1642735
2021-04-22 09:41:28,818.5,1642788
2021-04-22 09:41:29,818.3,1642861
2021-04-22 09:41:29,818.3,1642861
2021-04-22 09:41:30,818.25,1644231
2021-04-22 09:41:30,818.25,1644231
2021-04-22 09:41:31,818.2,1644271
2021-04-22 09:41:31,818.2,1644271
2021-04-22 09:41:33,818.0,1644314
2021-04-22 09:41:33,818.0,1644327
2021-04-22 09:41:33,818.0,1644327
2021-04-22 09:41:33,818.0,1644314
2021-04-22 09:41:34,818.0,1644558
2021-04-22 09:41:34,818.0,1644558
2021-04-22 09:41:35,818.2,1644881
2021-04-22 09:41:35,818.2,1644881
2021-04-22 09:41:36,818.25,1645062
2021-04-22 09:41:36,818.25,1645062
2021-04-22 09:41:38,818.25,1645103
2021-04-22 09:41:38,818.25,1645103
2021-04-22 09:41:38,818.05,1645105
2021-04-22 09:41:38,818.05,1645105
2021-04-22 09:41:39,818.25,1645268
2021-04-22 09:41:39,818.25,1645268
2021-04-22 09:41:40,818.95,1646340
2021-04-22 09:41:40,818.95,1646340
2021-04-22 09:41:41,818.65,1647845
2021-04-22 09:41:41,818.65,1647845
2021-04-22 09:41:43,818.3,1648147
2021-04-22 09:41:43,818.3,1648147
2021-04-22 09:41:43,818.25,1648257
2021-04-22 09:41:43,818.25,1648257
2021-04-22 09:41:44,818.8,1649309
2021-04-22 09:41:44,818.8,1649309
2021-04-22 09:41:45,818.4,1649314
2021-04-22 09:41:45,818.4,1649314
2021-04-22 09:41:46,819.0,1650217
2021-04-22 09:41:46,819.0,1650217
2021-04-22 09:41:48,818.6,1650267
2021-04-22 09:41:48,818.6,1650267
2021-04-22 09:41:49,819.0,1650412
2021-04-22 09:41:49,819.0,1650412
2021-04-22 09:41:49,819.0,1650412
2021-04-22 09:41:49,819.0,1650412
2021-04-22 09:41:50,819.0,1650474
2021-04-22 09:41:50,819.0,1650474
2021-04-22 09:41:51,819.1,1653197
2021-04-22 09:41:51,819.1,1653197
2021-04-22 09:41:52,819.25,1654247
2021-04-22 09:41:52,819.25,1654247
2021-04-22 09:41:53,819.5,1654258
2021-04-22 09:41:53,819.5,1654258
2021-04-22 09:41:54,819.5,1654289
2021-04-22 09:41:54,819.5,1654289
2021-04-22 09:41:56,819.5,1654898
2021-04-22 09:41:56,819.5,1654898
2021-04-22 09:41:57,819.5,1655053
2021-04-22 09:41:57,819.5,1655053
2021-04-22 09:41:58,819.0,1655600
2021-04-22 09:41:58,819.0,1655600
2021-04-22 09:41:59,819.3,1655992
2021-04-22 09:41:59,819.3,1655992
2021-04-22 09:42:01,819.3,1656292
2021-04-22 09:42:01,819.3,1656292
2021-04-22 09:42:02,819.55,1656659
2021-04-22 09:42:02,819.55,1656659
2021-04-22 09:42:03,819.3,1656729
2021-04-22 09:42:03,819.3,1656729
2021-04-22 09:42:04,819.5,1656871
2021-04-22 09:42:04,819.5,1656871
2021-04-22 09:42:05,819.05,1657716
2021-04-22 09:42:05,819.05,1657716
2021-04-22 09:42:06,819.3,1657973
2021-04-22 09:42:06,819.3,1657973
2021-04-22 09:42:07,819.2,1658097
2021-04-22 09:42:07,819.2,1658097
2021-04-22 09:42:09,819.1,1658503
2021-04-22 09:42:09,819.1,1658503
2021-04-22 09:42:10,819.15,1659182
2021-04-22 09:42:10,819.45,1659282
2021-04-22 09:42:10,819.15,1659182
2021-04-22 09:42:10,819.45,1659282
2021-04-22 09:42:11,819.35,1660402
2021-04-22 09:42:11,819.35,1660402
2021-04-22 09:42:12,819.0,1660497
2021-04-22 09:42:12,819.0,1660497
2021-04-22 09:42:14,819.0,1660601
2021-04-22 09:42:14,819.0,1660601
2021-04-22 09:42:15,819.05,1661616
2021-04-22 09:42:15,819.05,1661616
2021-04-22 09:42:17,819.1,1661747
2021-04-22 09:42:17,819.1,1661747
2021-04-22 09:42:17,819.1,1661747
2021-04-22 09:42:17,819.1,1661747
2021-04-22 09:42:18,819.1,1661747
2021-04-22 09:42:18,819.1,1661747
2021-04-22 09:42:19,819.1,1661747
2021-04-22 09:42:19,819.1,1661747
2021-04-22 09:42:20,819.3,1662317
2021-04-22 09:42:20,819.3,1662317
2021-04-22 09:42:21,819.2,1662480
2021-04-22 09:42:21,819.2,1662480
2021-04-22 09:42:22,819.05,1662765
2021-04-22 09:42:22,819.05,1662765
2021-04-22 09:42:23,819.3,1662972
2021-04-22 09:42:23,819.3,1662972
2021-04-22 09:42:25,819.55,1670737
2021-04-22 09:42:25,819.55,1670737
2021-04-22 09:42:25,819.55,1670753
2021-04-22 09:42:25,819.55,1670753
2021-04-22 09:42:26,819.7,1671015
2021-04-22 09:42:26,819.7,1671015
2021-04-22 09:42:28,819.6,1671723
2021-04-22 09:42:28,819.6,1671723
2021-04-22 09:42:29,819.75,1672443
2021-04-22 09:42:29,819.75,1672443
2021-04-22 09:42:31,820.45,1679102
2021-04-22 09:42:31,820.45,1679102
2021-04-22 09:42:31,820.45,1679102
2021-04-22 09:42:31,820.45,1679102
2021-04-22 09:42:33,820.45,1679517
2021-04-22 09:42:33,820.45,1679517
2021-04-22 09:42:34,820.2,1682322
2021-04-22 09:42:34,820.2,1682322
2021-04-22 09:42:36,820.45,1682651
2021-04-22 09:42:36,820.45,1682651
2021-04-22 09:42:37,820.4,1683424
2021-04-22 09:42:37,820.4,1683424
2021-04-22 09:42:38,820.9,1683543
2021-04-22 09:42:38,820.9,1683563
2021-04-22 09:42:38,820.9,1683543
2021-04-22 09:42:38,820.9,1683563
2021-04-22 09:42:39,820.1,1683931
2021-04-22 09:42:39,820.1,1683931
2021-04-22 09:42:40,820.45,1684175
2021-04-22 09:42:40,820.45,1684175
2021-04-22 09:42:41,820.45,1685429
2021-04-22 09:42:41,820.45,1685429
2021-04-22 09:42:42,820.6,1686871
2021-04-22 09:42:42,820.6,1686871
2021-04-22 09:42:43,820.5,1687514
2021-04-22 09:42:43,820.5,1687514
2021-04-22 09:42:44,820.4,1687725
2021-04-22 09:42:44,820.4,1687725
2021-04-22 09:42:45,820.85,1687918
2021-04-22 09:42:45,820.85,1687918
2021-04-22 09:42:47,821.0,1688165
2021-04-22 09:42:47,821.0,1688165
2021-04-22 09:42:47,820.75,1688166
2021-04-22 09:42:47,820.75,1688166
2021-04-22 09:42:48,821.0,1688271
2021-04-22 09:42:48,821.0,1688271
2021-04-22 09:42:49,820.45,1688492
2021-04-22 09:42:49,820.45,1688492
2021-04-22 09:42:50,820.45,1688968
2021-04-22 09:42:50,820.45,1688968
2021-04-22 09:42:51,820.6,1689853
2021-04-22 09:42:51,820.6,1689853
2021-04-22 09:42:53,820.75,1690024
2021-04-22 09:42:53,820.6,1690025
2021-04-22 09:42:53,820.6,1690025
2021-04-22 09:42:54,820.9,1690653
2021-04-22 09:42:55,820.55,1690998
2021-04-22 09:42:56,821.0,1691694
2021-04-22 09:42:56,821.0,1691694
2021-04-22 09:42:55,820.55,1690998
2021-04-22 09:42:57,820.95,1691947
2021-04-22 09:42:57,820.95,1691947
2021-04-22 09:42:58,820.7,1694393
2021-04-22 09:42:58,820.7,1694393
2021-04-22 09:42:59,820.5,1694553
2021-04-22 09:42:59,820.5,1694553
2021-04-22 09:43:01,820.95,1696722
2021-04-22 09:43:01,820.95,1696722
2021-04-22 09:43:02,820.5,1697722
2021-04-22 09:43:02,820.4,1697839
2021-04-22 09:43:02,820.5,1697722
2021-04-22 09:43:02,820.4,1697839
2021-04-22 09:43:03,820.7,1697945
2021-04-22 09:43:03,820.7,1697945
2021-04-22 09:43:04,820.85,1698174
2021-04-22 09:43:04,820.85,1698174
2021-04-22 09:43:05,820.5,1698329
2021-04-22 09:43:05,820.5,1698329
2021-04-22 09:43:06,820.95,1699519
2021-04-22 09:43:06,820.95,1699519
2021-04-22 09:43:07,820.95,1699747
2021-04-22 09:43:08,820.95,1699869
2021-04-22 09:43:08,820.95,1699869
2021-04-22 09:43:10,820.95,1703957
2021-04-22 09:43:10,820.95,1703957
2021-04-22 09:43:11,820.7,1705095
2021-04-22 09:43:11,820.65,1705110
2021-04-22 09:43:11,820.65,1705110
2021-04-22 09:43:11,820.7,1705095
2021-04-22 09:43:12,820.7,1706425
2021-04-22 09:43:12,820.7,1706425
2021-04-22 09:43:13,820.15,1706996
2021-04-22 09:43:13,820.15,1706996
2021-04-22 09:43:14,820.5,1707113
2021-04-22 09:43:14,820.5,1707113
2021-04-22 09:43:15,820.7,1707813
2021-04-22 09:43:15,820.7,1707813
2021-04-22 09:43:16,820.35,1707964
2021-04-22 09:43:17,820.45,1708534
2021-04-22 09:43:17,820.45,1708534
2021-04-22 09:43:19,820.1,1709074
2021-04-22 09:43:19,820.1,1709074
2021-04-22 09:43:20,820.5,1709383
2021-04-22 09:43:20,820.5,1709383
2021-04-22 09:43:21,820.4,1709657
2021-04-22 09:43:21,820.4,1709667
2021-04-22 09:43:21,820.4,1709657
2021-04-22 09:43:21,820.4,1709667
2021-04-22 09:43:22,820.55,1710043
2021-04-22 09:43:22,820.55,1710043
2021-04-22 09:43:23,820.2,1710382
2021-04-22 09:43:23,820.2,1710382
2021-04-22 09:43:25,820.4,1711203
2021-04-22 09:43:25,820.4,1711203
2021-04-22 09:43:26,820.4,1712451
2021-04-22 09:43:26,820.4,1712451
2021-04-22 09:43:26,820.4,1712451
2021-04-22 09:43:26,820.4,1712451
2021-04-22 09:43:27,820.45,1712562
2021-04-22 09:43:27,820.45,1712562
2021-04-22 09:43:28,820.45,1712766
2021-04-22 09:43:28,820.45,1712766
2021-04-22 09:43:29,820.45,1712973
2021-04-22 09:43:31,820.45,1713061
2021-04-22 09:43:31,820.45,1713061
2021-04-22 09:43:32,820.45,1713594
2021-04-22 09:43:32,820.45,1713594
2021-04-22 09:43:32,820.45,1713698
2021-04-22 09:43:32,820.45,1713698
2021-04-22 09:43:33,820.4,1713938
2021-04-22 09:43:33,820.4,1713938
2021-04-22 09:43:34,820.4,1714399
2021-04-22 09:43:34,820.4,1714399
2021-04-22 09:43:35,820.4,1715491
2021-04-22 09:43:35,820.4,1715491
2021-04-22 09:43:37,820.4,1715651
2021-04-22 09:43:37,820.4,1715651
2021-04-22 09:43:38,820.4,1715692
2021-04-22 09:43:38,820.4,1715692
2021-04-22 09:43:39,820.45,1715998
2021-04-22 09:43:39,820.45,1716023
2021-04-22 09:43:40,820.95,1717544
2021-04-22 09:43:41,820.8,1717569
2021-04-22 09:43:43,820.7,1717891
2021-04-22 09:43:44,820.7,1717893
2021-04-22 09:43:44,820.7,1717893
2021-04-22 09:43:45,820.95,1718515
2021-04-22 09:43:46,820.65,1719837
2021-04-22 09:43:48,821.0,1720494
2021-04-22 09:43:49,821.3,1724897
2021-04-22 09:43:50,821.4,1724987
2021-04-22 09:43:50,821.3,1725037
2021-04-22 09:43:51,821.3,1725057
2021-04-22 09:43:52,821.4,1726181
2021-04-22 09:43:53,821.3,1726466
2021-04-22 09:43:54,821.3,1726820
2021-04-22 09:43:56,821.4,1727342
2021-04-22 09:43:57,821.4,1727437
2021-04-22 09:43:57,821.7,1728218
2021-04-22 09:43:58,821.8,1728466
2021-04-22 09:43:59,821.85,1729363
2021-04-22 09:44:00,821.8,1729416
2021-04-22 09:44:02,821.95,1729765
2021-04-22 09:44:03,821.55,1730123
2021-04-22 09:44:04,821.9,1730772
2021-04-22 09:44:04,821.55,1730719
2021-04-22 09:44:05,821.55,1730907
2021-04-22 09:44:08,821.8,1732626
2021-04-22 09:44:09,821.75,1732901
2021-04-22 09:44:09,821.7,1732983
2021-04-22 09:44:10,821.7,1733118
2021-04-22 09:44:11,821.9,1734064
2021-04-22 09:44:13,821.9,1734512
2021-04-22 09:44:14,821.8,1734578
2021-04-22 09:44:14,821.7,1734679
2021-04-22 09:44:15,821.8,1734813
2021-04-22 09:44:16,821.8,1734838
2021-04-22 09:44:18,821.9,1735411
2021-04-22 09:44:19,821.7,1736564
2021-04-22 09:44:19,821.9,1736574
2021-04-22 09:44:20,821.85,1736731
2021-04-22 09:44:21,821.85,1737640
2021-04-22 09:44:22,821.5,1737830
2021-04-22 09:44:24,821.2,1739994
2021-04-22 09:44:25,821.3,1740088
2021-04-22 09:44:26,821.3,1740650
2021-04-22 09:44:27,821.5,1741953
2021-04-22 09:44:28,821.65,1742954
2021-04-22 09:44:29,821.5,1742974
2021-04-22 09:44:29,821.5,1742964
2021-04-22 09:44:30,821.1,1743081
2021-04-22 09:44:31,821.1,1743867
2021-04-22 09:44:33,821.45,1744447
2021-04-22 09:44:34,821.1,1744512
2021-04-22 09:44:34,821.1,1744512
2021-04-22 09:44:35,821.45,1745602
2021-04-22 09:44:36,821.45,1745652
2021-04-22 09:44:38,821.45,1746058
2021-04-22 09:44:39,821.4,1746089
2021-04-22 09:44:40,821.5,1747463
2021-04-22 09:44:40,821.5,1747316
2021-04-22 09:44:41,821.35,1747575
2021-04-22 09:44:42,821.45,1747730
2021-04-22 09:44:43,821.3,1748160
2021-04-22 09:44:44,821.3,1748895
2021-04-22 09:44:46,821.0,1751681
2021-04-22 09:44:47,821.25,1751914
2021-04-22 09:44:48,821.1,1751968
2021-04-22 09:44:48,821.1,1751968
2021-04-22 09:44:49,821.0,1752283
2021-04-22 09:44:50,821.0,1752725
2021-04-22 09:44:52,821.0,1752827
2021-04-22 09:44:53,821.15,1753851
2021-04-22 09:44:53,821.15,1753909
2021-04-22 09:44:54,821.15,1753974
2021-04-22 09:44:55,821.15,1754346
2021-04-22 09:44:57,821.1,1754380
2021-04-22 09:44:58,821.1,1754466
2021-04-22 09:44:58,821.1,1754666
2021-04-22 09:44:59,821.0,1754703
2021-04-22 09:45:00,821.0,1771807
2021-04-22 09:45:02,821.05,1772025
2021-04-22 09:45:03,820.95,1772199
2021-04-22 09:45:03,820.95,1772199
2021-04-22 09:45:04,821.0,1772581
2021-04-22 09:45:05,820.75,1775777
2021-04-22 09:45:07,821.0,1776280
2021-04-22 09:45:08,820.65,1776797
2021-04-22 09:45:09,820.55,1777182
2021-04-22 09:45:12,820.55,1777331
2021-04-22 09:45:13,820.6,1777532
2021-04-22 09:45:13,820.6,1777532
2021-04-22 09:45:14,820.65,1779648
2021-04-22 09:45:15,820.65,1779790
2021-04-22 09:45:17,820.6,1779927
2021-04-22 09:45:18,821.2,1791096
2021-04-22 09:45:18,821.25,1791347
2021-04-22 09:45:21,822.05,1815217
2021-04-22 09:45:22,822.05,1817076
2021-04-22 09:45:23,821.8,1818102
2021-04-22 09:45:24,822.05,1818505
2021-04-22 09:45:24,822.05,1818505
2021-04-22 09:45:25,821.75,1818585
2021-04-22 09:45:26,821.75,1819086
2021-04-22 09:45:27,822.0,1819135
2021-04-22 09:45:30,821.75,1819354
2021-04-22 09:45:31,821.75,1820420
2021-04-22 09:45:31,821.75,1820670
2021-04-22 09:45:32,821.75,1820752
2021-04-22 09:45:34,822.05,1822724
2021-04-22 09:45:35,822.0,1823277
2021-04-22 09:45:36,822.2,1823387
2021-04-22 09:45:36,822.05,1823427
2021-04-22 09:45:37,822.2,1823510
2021-04-22 09:45:38,822.2,1823678
2021-04-22 09:45:40,822.15,1823984
2021-04-22 09:45:41,822.0,1824165
2021-04-22 09:45:42,821.9,1825518
2021-04-22 09:45:42,821.9,1825619
2021-04-22 09:45:43,822.1,1826918
2021-04-22 09:45:44,822.25,1827273
2021-04-22 09:45:46,822.3,1827393
2021-04-22 09:45:47,822.0,1827573
2021-04-22 09:45:48,822.2,1827858
2021-04-22 09:45:49,821.5,1828827
2021-04-22 09:45:50,821.8,1829419
2021-04-22 09:45:52,821.7,1829548
2021-04-22 09:45:53,821.7,1830093
2021-04-22 09:45:54,821.95,1830220
2021-04-22 09:45:55,821.9,1830221
2021-04-22 09:45:55,821.7,1830321
2021-04-22 09:45:56,822.0,1830643
2021-04-22 09:45:58,821.95,1830683
2021-04-22 09:45:59,821.7,1831307
2021-04-22 09:46:00,822.0,1831426
2021-04-22 09:46:00,821.95,1831634
2021-04-22 09:46:03,821.7,1833138
2021-04-22 09:46:04,821.35,1833189
2021-04-22 09:46:05,821.75,1833458
2021-04-22 09:46:05,821.4,1833225
2021-04-22 09:46:06,822.0,1833485
2021-04-22 09:46:08,821.65,1834899
2021-04-22 09:46:09,821.8,1835509
2021-04-22 09:46:10,821.6,1836056
2021-04-22 09:46:10,821.4,1836076
2021-04-22 09:46:13,821.05,1837961
2021-04-22 09:46:14,821.1,1837984
2021-04-22 09:46:15,821.4,1838106
2021-04-22 09:46:15,821.4,1838106
2021-04-22 09:46:16,821.1,1838112
2021-04-22 09:46:17,820.95,1838963
2021-04-22 09:46:19,821.2,1839308
2021-04-22 09:46:20,821.4,1839725
2021-04-22 09:46:21,820.9,1840428
2021-04-22 09:46:21,820.9,1840428
2021-04-22 09:46:22,821.25,1840539
2021-04-22 09:46:24,821.1,1841066
2021-04-22 09:46:25,821.2,1841166
2021-04-22 09:46:26,821.2,1841186
2021-04-22 09:46:26,821.2,1841186
2021-04-22 09:46:29,821.4,1841831
2021-04-22 09:46:30,821.4,1841832
2021-04-22 09:46:31,821.1,1842049
2021-04-22 09:46:32,821.2,1842529
2021-04-22 09:46:33,821.1,1842898
2021-04-22 09:46:33,821.1,1842898
2021-04-22 09:46:35,821.35,1843158
2021-04-22 09:46:36,821.35,1844273
2021-04-22 09:46:37,821.35,1844575
2021-04-22 09:46:38,821.4,1846851
2021-04-22 09:46:38,821.4,1846851
2021-04-22 09:46:39,822.15,1867554
2021-04-22 09:46:41,822.2,1869745
2021-04-22 09:46:42,821.3,1869945
2021-04-22 09:46:43,821.3,1870146
2021-04-22 09:46:43,821.3,1870146
2021-04-22 09:46:44,821.65,1870833
2021-04-22 09:46:46,821.6,1870957
2021-04-22 09:46:47,821.5,1871172
2021-04-22 09:46:48,821.5,1871245
2021-04-22 09:46:48,821.6,1871304
2021-04-22 09:46:49,821.55,1871445
2021-04-22 09:46:51,821.5,1871718
2021-04-22 09:46:52,821.6,1873548
2021-04-22 09:46:53,821.55,1873599
2021-04-22 09:46:53,821.55,1873602
2021-04-22 09:46:54,821.3,1873644
2021-04-22 09:46:55,821.65,1874112
2021-04-22 09:46:57,821.6,1874412
2021-04-22 09:46:58,821.6,1874448
2021-04-22 09:46:59,821.6,1874499
2021-04-22 09:47:00,821.45,1875215
2021-04-22 09:47:00,821.45,1875345
2021-04-22 09:47:01,821.25,1875760
2021-04-22 09:47:03,820.8,1883285
2021-04-22 09:47:05,820.55,1884204
2021-04-22 09:47:05,820.75,1883702
2021-04-22 09:47:06,821.0,1884556
2021-04-22 09:47:07,821.3,1885430
2021-04-22 09:47:09,821.25,1885542
2021-04-22 09:47:10,821.0,1885722
2021-04-22 09:47:11,821.05,1885731
2021-04-22 09:47:12,821.0,1887021
2021-04-22 09:47:12,821.0,1887021
2021-04-22 09:47:13,820.65,1887222
2021-04-22 09:47:15,820.25,1887482
2021-04-22 09:47:16,819.5,1896390
2021-04-22 09:47:17,819.9,1896407
2021-04-22 09:47:18,819.5,1896763
2021-04-22 09:47:18,819.5,1896763
2021-04-22 09:47:19,819.9,1897257
2021-04-22 09:47:20,819.6,1898286
2021-04-22 09:47:21,819.9,1898436
2021-04-22 09:47:22,819.45,1898487
2021-04-22 09:47:24,819.45,1898578
2021-04-22 09:47:25,819.6,1898684
2021-04-22 09:47:26,819.45,1898773
2021-04-22 09:47:26,819.45,1898773
2021-04-22 09:47:27,819.6,1898967
2021-04-22 09:47:28,819.05,1900134
2021-04-22 09:47:30,819.6,1900871
2021-04-22 09:47:31,819.55,1901451
2021-04-22 09:47:32,819.55,1902007
2021-04-22 09:47:33,819.55,1902014
2021-04-22 09:47:34,819.25,1902227
2021-04-22 09:47:35,819.7,1906342
2021-04-22 09:47:37,819.95,1907112
2021-04-22 09:47:38,819.5,1907342
2021-04-22 09:47:39,819.25,1907534
2021-04-22 09:47:40,819.9,1908030
2021-04-22 09:47:41,820.0,1908230
2021-04-22 09:47:42,819.95,1909357
2021-04-22 09:47:44,820.0,1909687
2021-04-22 09:47:45,820.0,1909702
2021-04-22 09:47:46,820.0,1909702
2021-04-22 09:47:47,819.85,1909804
2021-04-22 09:47:48,820.0,1909966
2021-04-22 09:47:49,820.1,1910416
2021-04-22 09:47:50,819.8,1910430
2021-04-22 09:47:51,820.45,1911676
2021-04-22 09:47:52,819.9,1912324
2021-04-22 09:47:53,820.45,1912524
2021-04-22 09:47:53,820.45,1912524
2021-04-22 09:47:55,820.6,1912674
2021-04-22 09:47:56,820.05,1912763
2021-04-22 09:47:57,820.05,1912924
2021-04-22 09:47:58,820.0,1912932
2021-04-22 09:47:59,820.0,1912961
2021-04-22 09:48:00,820.25,1913030
2021-04-22 09:48:01,820.55,1915031
2021-04-22 09:48:03,820.35,1915788
2021-04-22 09:48:04,820.05,1915841
2021-04-22 09:48:05,820.45,1915987
2021-04-22 09:48:06,820.45,1916023
2021-04-22 09:48:07,820.35,1916171
2021-04-22 09:48:08,820.45,1916261
2021-04-22 09:48:09,820.45,1916282
2021-04-22 09:48:10,820.0,1917687
2021-04-22 09:48:11,820.0,1917728
2021-04-22 09:48:11,820.0,1917728
2021-04-22 09:48:13,820.25,1917830
2021-04-22 09:48:14,820.0,1917893
2021-04-22 09:48:15,820.0,1918114
2021-04-22 09:48:16,820.0,1918215
2021-04-22 09:48:17,820.2,1918279
2021-04-22 09:48:18,820.2,1918401
2021-04-22 09:48:19,819.95,1922863
2021-04-22 09:48:20,819.95,1923029
2021-04-22 09:48:20,819.8,1923079
2021-04-22 09:48:21,819.9,1923502
2021-04-22 09:48:23,820.0,1923533
2021-04-22 09:48:25,819.6,1924525
2021-04-22 09:48:26,819.85,1924581
2021-04-22 09:48:26,819.85,1924581
2021-04-22 09:48:29,819.8,1924780
2021-04-22 09:48:30,819.8,1924994
2021-04-22 09:48:31,819.8,1925005
2021-04-22 09:48:32,819.95,1925137
2021-04-22 09:48:32,819.95,1925137
2021-04-22 09:48:34,819.95,1926848
2021-04-22 09:48:35,819.85,1927221
2021-04-22 09:48:36,819.95,1927625
2021-04-22 09:48:37,819.85,1927656
2021-04-22 09:48:37,819.85,1927658
2021-04-22 09:48:39,819.8,1928621
2021-04-22 09:48:40,819.95,1929802
2021-04-22 09:48:41,820.5,1931073
2021-04-22 09:48:42,820.45,1932214
2021-04-22 09:48:42,820.1,1932314
2021-04-22 09:48:44,820.2,1932336
2021-04-22 09:48:45,820.5,1932451
2021-04-22 09:48:46,819.95,1932598
2021-04-22 09:48:47,820.25,1932764
2021-04-22 09:48:48,820.25,1932771
2021-04-22 09:48:49,820.5,1932794
2021-04-22 09:48:50,820.25,1933066
2021-04-22 09:48:50,820.25,1933119
2021-04-22 09:48:51,820.45,1933466
2021-04-22 09:48:52,820.5,1933619
2021-04-22 09:48:54,820.5,1933901
2021-04-22 09:48:55,820.5,1933946
2021-04-22 09:48:56,820.5,1934480
2021-04-22 09:48:57,820.25,1934924
2021-04-22 09:48:57,820.4,1934926
2021-04-22 09:48:59,820.3,1935130
2021-04-22 09:49:00,820.7,1936713
2021-04-22 09:49:01,820.2,1936733
2021-04-22 09:49:03,820.4,1937063
2021-04-22 09:49:04,820.2,1937088
2021-04-22 09:49:05,820.4,1937102
2021-04-22 09:49:06,820.25,1937492
2021-04-22 09:49:07,820.2,1937498
2021-04-22 09:49:08,820.4,1937638
2021-04-22 09:49:08,820.4,1937633
2021-04-22 09:49:09,820.4,1937648
2021-04-22 09:49:10,820.4,1937723
2021-04-22 09:49:11,820.75,1938124
2021-04-22 09:49:13,820.2,1938184
2021-04-22 09:49:14,820.3,1938495
2021-04-22 09:49:15,820.4,1938603
2021-04-22 09:49:16,820.55,1944292
2021-04-22 09:49:16,820.55,1944292
2021-04-22 09:49:18,820.4,1944792
2021-04-22 09:49:19,820.35,1946040
2021-04-22 09:49:20,820.05,1946045
2021-04-22 09:49:21,820.05,1946343
2021-04-22 09:49:22,820.35,1946536
2021-04-22 09:49:22,820.35,1946599
2021-04-22 09:49:24,820.05,1947177
2021-04-22 09:49:25,820.35,1949542
2021-04-22 09:49:26,819.6,1952405
2021-04-22 09:49:27,819.75,1952743
2021-04-22 09:49:27,819.75,1952751
2021-04-22 09:49:29,819.6,1952769
2021-04-22 09:49:30,819.7,1954887
2021-04-22 09:49:31,819.5,1954947
2021-04-22 09:49:32,819.45,1955076
2021-04-22 09:49:33,819.35,1955208
2021-04-22 09:49:33,819.6,1955213
2021-04-22 09:49:35,819.3,1955872
2021-04-22 09:49:36,819.6,1956338
2021-04-22 09:49:37,819.85,1956577
2021-04-22 09:49:38,819.1,1957081
2021-04-22 09:49:39,819.3,1957265
2021-04-22 09:49:40,819.4,1957297
2021-04-22 09:49:41,819.45,1957919
2021-04-22 09:49:42,819.35,1960055
2021-04-22 09:49:43,819.4,1960073
2021-04-22 09:49:44,819.4,1960160
2021-04-22 09:49:45,819.4,1960161
2021-04-22 09:49:46,819.15,1960603
2021-04-22 09:49:47,819.15,1960661
2021-04-22 09:49:48,819.4,1961858
2021-04-22 09:49:49,819.4,1961894
2021-04-22 09:49:50,819.1,1962045
2021-04-22 09:49:51,819.4,1962108
2021-04-22 09:49:52,819.4,1963936
2021-04-22 09:49:53,819.4,1964077
2021-04-22 09:49:54,819.5,1974717
2021-04-22 09:49:55,819.75,1975230
2021-04-22 09:49:56,820.0,1976283
2021-04-22 09:49:57,819.75,1976291
2021-04-22 09:49:58,819.75,1976322
2021-04-22 09:49:59,819.75,1976323
2021-04-22 09:50:00,819.95,1977551
2021-04-22 09:50:01,819.65,1977574
2021-04-22 09:50:02,820.0,1978508
2021-04-22 09:50:03,820.0,1978518
2021-04-22 09:50:04,820.0,1978519
2021-04-22 09:50:05,820.0,1978536
2021-04-22 09:50:06,820.6,1980299
2021-04-22 09:50:07,820.8,1980480
2021-04-22 09:50:08,820.5,1980669
2021-04-22 09:50:09,820.5,1980670
2021-04-22 09:50:11,820.45,1981004
2021-04-22 09:50:12,820.0,1982811
2021-04-22 09:50:13,819.8,1983138
2021-04-22 09:50:14,820.05,1983347
2021-04-22 09:50:15,819.8,1983382
2021-04-22 09:50:16,820.2,1984009
2021-04-22 09:50:17,819.5,1985815
2021-04-22 09:50:18,819.8,1986013
2021-04-22 09:50:19,819.35,1988286
2021-04-22 09:50:20,819.15,1993597
2021-04-22 09:50:21,819.5,1993648
2021-04-22 09:50:22,819.15,1994157
2021-04-22 09:50:23,819.3,1994293
2021-04-22 09:50:24,819.4,1995375
2021-04-22 09:50:25,819.15,1995445
2021-04-22 09:50:26,819.15,1996370
2021-04-22 09:50:27,819.15,1996954
2021-04-22 09:50:28,819.15,1997192
2021-04-22 09:50:29,819.15,1997204
2021-04-22 09:50:30,819.15,1997360
2021-04-22 09:50:31,819.4,1997631
2021-04-22 09:50:32,819.15,1998568
2021-04-22 09:50:33,819.15,1998774
2021-04-22 09:50:34,819.15,1998776
2021-04-22 09:50:35,819.25,1999343
2021-04-22 09:50:36,819.25,1999377
2021-04-22 09:50:38,819.25,1999431
2021-04-22 09:50:39,819.15,1999698
2021-04-22 09:50:40,819.15,2000928
2021-04-22 09:50:41,819.15,2000930
2021-04-22 09:50:42,819.15,2001941
2021-04-22 09:50:43,819.4,2004688
2021-04-22 09:50:44,819.65,2004856
2021-04-22 09:50:45,819.7,2006812
2021-04-22 09:50:46,819.4,2006917
2021-04-22 09:50:47,819.75,2006941
2021-04-22 09:50:48,819.75,2006943
2021-04-22 09:50:49,819.75,2007175
2021-04-22 09:50:50,819.7,2008166
2021-04-22 09:50:51,819.95,2008213
2021-04-22 09:50:52,819.9,2008426
2021-04-22 09:50:53,819.9,2009762
2021-04-22 09:50:54,819.9,2009817
2021-04-22 09:50:56,820.0,2011131
2021-04-22 09:50:57,820.35,2011546
2021-04-22 09:50:58,820.35,2011576
2021-04-22 09:50:59,820.0,2013128
2021-04-22 09:51:00,820.2,2013291
2021-04-22 09:51:01,820.2,2013349
2021-04-22 09:51:03,820.25,2013669
2021-04-22 09:51:04,820.3,2013680
2021-04-22 09:51:05,820.3,2013824
2021-04-22 09:51:06,820.35,2014118
2021-04-22 09:51:07,820.35,2014215
2021-04-22 09:51:09,820.65,2016550
2021-04-22 09:51:08,820.3,2014331
2021-04-22 09:51:10,820.0,2018533
2021-04-22 09:51:11,820.0,2019149
2021-04-22 09:51:12,819.5,2019200
2021-04-22 09:51:13,820.1,2019417
2021-04-22 09:51:14,820.15,2019849
2021-04-22 09:51:15,819.85,2020296
2021-04-22 09:51:16,819.85,2020298
2021-04-22 09:51:17,819.85,2020310
2021-04-22 09:51:18,819.85,2020740
2021-04-22 09:51:19,819.75,2021215
2021-04-22 09:51:20,819.4,2021384
2021-04-22 09:51:21,819.4,2021385
2021-04-22 09:51:22,819.4,2022820
2021-04-22 09:51:24,819.35,2025692
2021-04-22 09:51:25,819.4,2025862
2021-04-22 09:51:26,819.3,2025907
2021-04-22 09:51:27,819.35,2026407
2021-04-22 09:51:28,819.45,2026446
2021-04-22 09:51:29,819.45,2026448
2021-04-22 09:51:30,819.3,2027522
2021-04-22 09:51:31,819.5,2027531
2021-04-22 09:51:32,819.7,2027871
2021-04-22 09:51:33,819.65,2027906
2021-04-22 09:51:34,819.45,2028221
2021-04-22 09:51:35,819.35,2028929
2021-04-22 09:51:36,819.55,2029837
2021-04-22 09:51:37,819.55,2029838
2021-04-22 09:51:38,819.5,2030604
2021-04-22 09:51:39,819.45,2030712
2021-04-22 09:51:40,819.8,2031414
2021-04-22 09:51:41,819.7,2031534
2021-04-22 09:51:42,819.85,2031564
2021-04-22 09:51:44,819.7,2031617
2021-04-22 09:51:44,819.7,2031619
2021-04-22 09:51:45,819.8,2031821
2021-04-22 09:51:46,820.05,2033380
2021-04-22 09:51:47,820.0,2034286
2021-04-22 09:51:48,819.8,2034321
2021-04-22 09:51:50,819.85,2034582
2021-04-22 09:51:52,820.0,2035117
2021-04-22 09:51:53,820.35,2035492
2021-04-22 09:51:53,820.5,2035503
2021-04-22 09:51:54,820.1,2035530
2021-04-22 09:51:55,820.3,2035653
2021-04-22 09:51:56,819.75,2037579
2021-04-22 09:51:57,819.8,2037585
2021-04-22 09:51:58,819.8,2037624
2021-04-22 09:52:00,819.95,2037639
2021-04-22 09:52:00,819.95,2037639
2021-04-22 09:52:01,820.15,2037755
2021-04-22 09:52:02,820.0,2037893
2021-04-22 09:52:03,820.0,2037918
2021-04-22 09:52:04,820.25,2038120
2021-04-22 09:52:05,820.15,2038121
2021-04-22 09:52:07,820.4,2038126
2021-04-22 09:52:08,820.95,2041768
2021-04-22 09:52:09,820.85,2045053
2021-04-22 09:52:10,821.0,2045195
2021-04-22 09:52:11,821.0,2045195
2021-04-22 09:52:13,821.0,2049797
2021-04-22 09:52:13,821.0,2049797
2021-04-22 09:52:14,821.3,2050345
2021-04-22 09:52:15,821.0,2050397
2021-04-22 09:52:16,821.2,2051050
2021-04-22 09:52:17,820.85,2051153
2021-04-22 09:52:19,821.0,2051262
2021-04-22 09:52:19,821.0,2051262
2021-04-22 09:52:20,820.95,2051388
2021-04-22 09:52:21,820.9,2052613
2021-04-22 09:52:22,820.9,2052698
2021-04-22 09:52:24,820.9,2052698
2021-04-22 09:52:24,820.75,2052998
2021-04-22 09:52:25,820.5,2053739
2021-04-22 09:52:26,820.6,2053892
2021-04-22 09:52:27,820.25,2054160
2021-04-22 09:52:28,820.15,2054417
2021-04-22 09:52:29,820.3,2054523
2021-04-22 09:52:31,820.65,2056790
2021-04-22 09:52:31,820.65,2056745
2021-04-22 09:52:32,820.15,2058300
2021-04-22 09:52:33,820.6,2058489
2021-04-22 09:52:34,820.6,2058669
2021-04-22 09:52:35,820.6,2058688
2021-04-22 09:52:37,820.45,2058841
2021-04-22 09:52:37,820.45,2058841
2021-04-22 09:52:38,820.6,2059020
2021-04-22 09:52:39,820.6,2059030
2021-04-22 09:52:40,820.6,2059333
2021-04-22 09:52:41,820.6,2060615
2021-04-22 09:52:43,820.6,2060866
2021-04-22 09:52:43,820.5,2060861
2021-04-22 09:52:44,820.6,2061060
2021-04-22 09:52:45,820.5,2061122
2021-04-22 09:52:46,820.85,2062187
2021-04-22 09:52:48,820.85,2062256
2021-04-22 09:52:48,820.85,2062258
2021-04-22 09:52:49,820.6,2062380
2021-04-22 09:52:50,820.85,2062810
2021-04-22 09:52:51,820.85,2063063
2021-04-22 09:52:53,820.7,2063088
2021-04-22 09:52:53,820.7,2063088
2021-04-22 09:52:54,821.0,2064248
2021-04-22 09:52:55,821.0,2064567
2021-04-22 09:52:56,821.0,2064577
2021-04-22 09:52:57,821.0,2064722
2021-04-22 09:52:58,821.0,2068333
2021-04-22 09:53:00,820.85,2068644
2021-04-22 09:53:00,821.0,2068645
2021-04-22 09:53:01,820.85,2068659
2021-04-22 09:53:02,820.85,2068699
2021-04-22 09:53:03,820.7,2068710
2021-04-22 09:53:04,820.6,2068982
2021-04-22 09:53:06,820.65,2069124
2021-04-22 09:53:06,820.65,2069099
2021-04-22 09:53:07,820.65,2069126
2021-04-22 09:53:08,819.95,2073579
2021-04-22 09:53:09,820.0,2073604
2021-04-22 09:53:10,819.95,2074167
2021-04-22 09:53:12,819.95,2074551
2021-04-22 09:53:12,819.95,2074551
2021-04-22 09:53:13,820.05,2079806
2021-04-22 09:53:14,820.65,2080006
2021-04-22 09:53:15,820.4,2080160
2021-04-22 09:53:17,820.4,2080366
2021-04-22 09:53:17,820.4,2080366
2021-04-22 09:53:19,820.0,2089569
2021-04-22 09:53:20,820.0,2091049
2021-04-22 09:53:21,820.0,2091108
2021-04-22 09:53:22,820.4,2115266
2021-04-22 09:53:24,820.55,2116001
2021-04-22 09:53:24,820.55,2116003
2021-04-22 09:53:25,820.6,2116011
2021-04-22 09:53:26,820.15,2116107
2021-04-22 09:53:27,820.15,2116387
2021-04-22 09:53:29,820.05,2116392
2021-04-22 09:53:29,820.45,2116442
2021-04-22 09:53:30,820.4,2116754
2021-04-22 09:53:31,821.45,2123509
2021-04-22 09:53:32,820.95,2123956
2021-04-22 09:53:33,821.0,2124138
2021-04-22 09:53:35,820.65,2124932
2021-04-22 09:53:35,820.65,2124932
2021-04-22 09:53:36,820.2,2125078
2021-04-22 09:53:37,821.0,2125326
2021-04-22 09:53:38,820.8,2125808
2021-04-22 09:53:40,821.0,2127410
2021-04-22 09:53:42,821.0,2127870
2021-04-22 09:53:42,821.0,2127870
2021-04-22 09:53:43,821.0,2127870
2021-04-22 09:53:44,821.0,2127872
2021-04-22 09:53:45,821.0,2127972
2021-04-22 09:53:46,821.05,2128382
2021-04-22 09:53:48,820.6,2128411
2021-04-22 09:53:48,820.6,2128411
2021-04-22 09:53:49,820.5,2128707
2021-04-22 09:53:50,820.1,2129886
2021-04-22 09:53:51,820.5,2130015
2021-04-22 09:53:53,820.4,2130150
2021-04-22 09:53:54,820.45,2130430
2021-04-22 09:53:55,820.2,2130569
2021-04-22 09:53:55,820.05,2130977
2021-04-22 09:53:56,820.5,2131641
2021-04-22 09:53:57,820.55,2132294
2021-04-22 09:53:59,820.85,2132341
2021-04-22 09:54:00,820.8,2132584
2021-04-22 09:54:00,820.8,2132584
2021-04-22 09:54:01,820.5,2132685
2021-04-22 09:54:02,820.75,2132775
2021-04-22 09:54:04,820.75,2133889
2021-04-22 09:54:05,820.45,2133892
2021-04-22 09:54:06,820.75,2134579
2021-04-22 09:54:06,820.75,2134579
2021-04-22 09:54:07,820.8,2134767
2021-04-22 09:54:08,820.85,2135317
2021-04-22 09:54:11,820.85,2135489
2021-04-22 09:54:12,820.75,2135860
2021-04-22 09:54:12,820.75,2135860
2021-04-22 09:54:13,820.85,2136142
2021-04-22 09:54:14,820.5,2138173
2021-04-22 09:54:15,820.75,2138303
2021-04-22 09:54:17,820.75,2138413
2021-04-22 09:54:18,820.85,2138620
2021-04-22 09:54:19,820.7,2138726
2021-04-22 09:54:19,820.7,2138726
2021-04-22 09:54:20,820.85,2138841
2021-04-22 09:54:21,820.7,2138893
2021-04-22 09:54:22,820.7,2138995
2021-04-22 09:54:23,820.85,2139565
2021-04-22 09:54:24,820.85,2139619
2021-04-22 09:54:25,820.85,2139940
2021-04-22 09:54:27,820.85,2139961
2021-04-22 09:54:28,820.85,2139994
2021-04-22 09:54:29,820.9,2142372
2021-04-22 09:54:29,821.0,2143272
2021-04-22 09:54:30,820.75,2143322
2021-04-22 09:54:31,820.7,2143497
2021-04-22 09:54:32,820.8,2144179
2021-04-22 09:54:34,821.0,2144350
2021-04-22 09:54:35,820.8,2144423
2021-04-22 09:54:36,821.0,2144541
2021-04-22 09:54:37,821.15,2144621
2021-04-22 09:54:38,821.2,2144886
2021-04-22 09:54:39,821.0,2144892
2021-04-22 09:54:41,821.15,2144962
2021-04-22 09:54:42,821.0,2145068
2021-04-22 09:54:43,821.0,2145358
2021-04-22 09:54:44,821.2,2145408
2021-04-22 09:54:45,821.2,2145449
2021-04-22 09:54:47,821.2,2146023
2021-04-22 09:54:48,821.0,2146129
2021-04-22 09:54:49,821.2,2146150
2021-04-22 09:54:49,821.2,2146140
2021-04-22 09:54:50,821.0,2147374
2021-04-22 09:54:51,821.2,2147602
2021-04-22 09:54:53,821.05,2149238
2021-04-22 09:54:54,821.2,2149239
2021-04-22 09:54:55,821.2,2149244
2021-04-22 09:54:55,821.2,2149244
2021-04-22 09:54:56,821.2,2149347
2021-04-22 09:54:57,821.0,2149399
2021-04-22 09:54:58,821.2,2149520
2021-04-22 09:55:00,821.5,2151147
2021-04-22 09:55:01,821.3,2155289
2021-04-22 09:55:01,821.3,2155289
2021-04-22 09:55:02,821.05,2155329
2021-04-22 09:55:03,821.3,2155474
2021-04-22 09:55:04,821.05,2155484
2021-04-22 09:55:06,821.4,2156304
2021-04-22 09:55:07,821.05,2156402
2021-04-22 09:55:07,821.05,2156402
2021-04-22 09:55:08,821.4,2156450
2021-04-22 09:55:09,821.4,2156490
2021-04-22 09:55:11,821.4,2156492
2021-04-22 09:55:12,821.45,2157181
2021-04-22 09:55:12,821.45,2157181
2021-04-22 09:55:13,821.35,2157323
2021-04-22 09:55:14,821.3,2158270
2021-04-22 09:55:16,821.0,2166120
2021-04-22 09:55:17,821.0,2167400
2021-04-22 09:55:18,821.0,2167901
2021-04-22 09:55:19,821.0,2167902
2021-04-22 09:55:19,821.0,2169157
2021-04-22 09:55:20,821.0,2171002
2021-04-22 09:55:21,821.5,2171063
2021-04-22 09:55:23,821.3,2171175
2021-04-22 09:55:24,821.3,2171180
2021-04-22 09:55:24,821.3,2171180
2021-04-22 09:55:25,821.6,2173395
2021-04-22 09:55:26,821.6,2174001
2021-04-22 09:55:27,821.6,2174101
2021-04-22 09:55:29,821.6,2174745
2021-04-22 09:55:30,821.65,2176339
2021-04-22 09:55:31,821.6,2176557
2021-04-22 09:55:32,821.7,2176673
2021-04-22 09:55:32,821.7,2176673
2021-04-22 09:55:33,821.7,2176871
2021-04-22 09:55:34,821.7,2176871
2021-04-22 09:55:35,821.9,2176943
2021-04-22 09:55:36,821.8,2176996
2021-04-22 09:55:38,821.9,2177419
2021-04-22 09:55:39,822.2,2190066
2021-04-22 09:55:39,822.2,2190066
2021-04-22 09:55:40,822.15,2191170
2021-04-22 09:55:41,822.15,2191794
2021-04-22 09:55:43,822.2,2192851
2021-04-22 09:55:44,822.2,2193624
2021-04-22 09:55:44,822.2,2193624
2021-04-22 09:55:45,822.2,2194988
2021-04-22 09:55:46,822.0,2195651
2021-04-22 09:55:47,822.2,2197051
2021-04-22 09:55:49,822.25,2208861
2021-04-22 09:55:50,822.0,2210609
2021-04-22 09:55:50,822.0,2210609
2021-04-22 09:55:52,822.0,2210763
2021-04-22 09:55:54,822.0,2211838
2021-04-22 09:55:55,822.0,2212819
2021-04-22 09:55:55,822.0,2212819
2021-04-22 09:55:56,822.2,2213695
2021-04-22 09:55:58,822.2,2213782
2021-04-22 09:55:59,822.2,2215084
2021-04-22 09:56:00,822.0,2215111
2021-04-22 09:56:00,822.0,2215111
2021-04-22 09:56:01,821.85,2215136
2021-04-22 09:56:02,821.9,2217659
2021-04-22 09:56:03,822.1,2218064
2021-04-22 09:56:04,822.0,2218114
2021-04-22 09:56:06,822.0,2218381
2021-04-22 09:56:07,821.75,2218514
2021-04-22 09:56:08,822.1,2219414
2021-04-22 09:56:09,822.0,2219665
2021-04-22 09:56:09,822.0,2219665
2021-04-22 09:56:10,821.9,2219741
2021-04-22 09:56:11,822.2,2220485
2021-04-22 09:56:13,822.05,2220523
2021-04-22 09:56:14,822.0,2220785
2021-04-22 09:56:15,821.9,2220795
2021-04-22 09:56:16,822.0,2220925
2021-04-22 09:56:17,821.9,2221198
2021-04-22 09:56:18,822.0,2221283
2021-04-22 09:56:18,822.0,2221333
2021-04-22 09:56:19,821.7,2221339
2021-04-22 09:56:21,822.0,2221516
2021-04-22 09:56:22,822.0,2222279
2021-04-22 09:56:23,821.6,2222885
2021-04-22 09:56:23,821.6,2222885
2021-04-22 09:56:24,821.6,2222885
2021-04-22 09:56:26,821.6,2223816
2021-04-22 09:56:27,822.0,2224132
2021-04-22 09:56:29,821.6,2224466
2021-04-22 09:56:29,821.6,2224466
2021-04-22 09:56:30,822.0,2224522
2021-04-22 09:56:32,822.0,2225898
2021-04-22 09:56:33,821.9,2225983
2021-04-22 09:56:34,822.0,2226053
2021-04-22 09:56:34,821.75,2226058
2021-04-22 09:56:35,822.0,2226988
2021-04-22 09:56:36,821.9,2227001
2021-04-22 09:56:38,821.9,2227061
2021-04-22 09:56:39,822.0,2227161
2021-04-22 09:56:40,822.0,2228129
2021-04-22 09:56:41,821.7,2228239
2021-04-22 09:56:42,821.6,2228645
2021-04-22 09:56:43,821.6,2228681
2021-04-22 09:56:44,821.8,2228686
2021-04-22 09:56:44,821.8,2228686
2021-04-22 09:56:45,821.75,2228757
2021-04-22 09:56:46,822.0,2229903
2021-04-22 09:56:47,822.2,2233649
2021-04-22 09:56:48,821.8,2235434
2021-04-22 09:56:50,822.1,2236620
2021-04-22 09:56:51,821.9,2236786
2021-04-22 09:56:52,822.1,2236890
2021-04-22 09:56:52,822.2,2237302
2021-04-22 09:56:53,822.2,2237411
2021-04-22 09:56:54,822.1,2237461
2021-04-22 09:56:56,822.2,2237898
2021-04-22 09:56:57,822.2,2238259
2021-04-22 09:56:58,822.2,2238259
2021-04-22 09:56:59,822.2,2239029
2021-04-22 09:57:00,822.2,2239201
2021-04-22 09:57:01,822.0,2239440
2021-04-22 09:57:02,822.85,2244110
2021-04-22 09:57:03,822.7,2244329
2021-04-22 09:57:04,822.9,2245207
2021-04-22 09:57:05,822.9,2245462
2021-04-22 09:57:06,822.85,2245820
2021-04-22 09:57:07,823.0,2249047
2021-04-22 09:57:08,822.6,2249271
2021-04-22 09:57:08,822.6,2249271
2021-04-22 09:57:09,822.7,2249814
2021-04-22 09:57:10,822.7,2250311
2021-04-22 09:57:11,822.85,2250691
2021-04-22 09:57:12,822.9,2250851
2021-04-22 09:57:15,823.85,2282734
2021-04-22 09:57:16,824.6,2286194
2021-04-22 09:57:17,824.05,2286926
2021-04-22 09:57:18,824.65,2287835
2021-04-22 09:57:18,824.65,2287835
2021-04-22 09:57:19,824.4,2289341
2021-04-22 09:57:21,824.0,2289806
2021-04-22 09:57:22,823.4,2290444
2021-04-22 09:57:23,823.3,2292610
2021-04-22 09:57:24,823.95,2293099
2021-04-22 09:57:25,823.4,2293627
2021-04-22 09:57:26,823.85,2293774
2021-04-22 09:57:26,823.45,2293775
2021-04-22 09:57:27,823.85,2294065
2021-04-22 09:57:29,823.85,2294305
2021-04-22 09:57:30,823.45,2295526
2021-04-22 09:57:31,823.1,2296259
2021-04-22 09:57:32,823.2,2296441
2021-04-22 09:57:33,823.55,2298025
2021-04-22 09:57:34,823.4,2300775
2021-04-22 09:57:35,823.4,2300905
2021-04-22 09:57:36,823.6,2301210
2021-04-22 09:57:37,823.8,2301752
2021-04-22 09:57:37,823.8,2301752
2021-04-22 09:57:38,823.5,2301784
2021-04-22 09:57:39,823.45,2302371
2021-04-22 09:57:40,823.6,2302476
2021-04-22 09:57:41,823.6,2302549
2021-04-22 09:57:42,823.6,2302849
2021-04-22 09:57:44,823.2,2303537
2021-04-22 09:57:45,823.65,2303665
2021-04-22 09:57:46,823.45,2303779
2021-04-22 09:57:47,823.2,2304457
2021-04-22 09:57:47,823.2,2304457
2021-04-22 09:57:48,823.45,2304711
2021-04-22 09:57:49,823.3,2304771
2021-04-22 09:57:50,823.4,2304832
2021-04-22 09:57:52,823.55,2305147
2021-04-22 09:57:53,823.55,2305197
2021-04-22 09:57:54,823.1,2305435
2021-04-22 09:57:55,823.1,2305470
2021-04-22 09:57:56,823.1,2305486
2021-04-22 09:57:57,823.45,2305494
2021-04-22 09:57:58,823.1,2306140
2021-04-22 09:57:59,823.4,2306232
2021-04-22 09:58:00,823.4,2306271
2021-04-22 09:58:01,823.3,2306523
2021-04-22 09:58:02,823.3,2306645
2021-04-22 09:58:02,823.6,2307146
2021-04-22 09:58:03,823.25,2307358
2021-04-22 09:58:06,823.6,2309963
2021-04-22 09:58:04,823.6,2309627
2021-04-22 09:58:07,823.6,2310300
2021-04-22 09:58:08,823.6,2310680
2021-04-22 09:58:09,823.45,2311870
2021-04-22 09:58:10,822.9,2314481
2021-04-22 09:58:11,823.5,2314661
2021-04-22 09:58:12,823.25,2319876
2021-04-22 09:58:13,823.5,2320821
2021-04-22 09:58:14,823.85,2321021
2021-04-22 09:58:16,823.6,2321135
2021-04-22 09:58:17,823.6,2322138
2021-04-22 09:58:18,823.4,2322231
2021-04-22 09:58:18,823.25,2322331
2021-04-22 09:58:20,823.2,2323096
2021-04-22 09:58:21,823.4,2324102
2021-04-22 09:58:22,823.4,2324152
2021-04-22 09:58:23,823.4,2324218
2021-04-22 09:58:24,823.05,2324453
2021-04-22 09:58:25,823.05,2324711
2021-04-22 09:58:25,823.05,2324711
2021-04-22 09:58:27,823.0,2325884
2021-04-22 09:58:28,823.4,2326179
2021-04-22 09:58:29,823.4,2326564
2021-04-22 09:58:30,823.35,2328396
2021-04-22 09:58:31,823.0,2328832
2021-04-22 09:58:31,823.0,2328832
2021-04-22 09:58:33,822.7,2329598
2021-04-22 09:58:34,822.7,2329609
2021-04-22 09:58:35,823.0,2330095
2021-04-22 09:58:36,823.0,2330423
2021-04-22 09:58:37,822.8,2330576
2021-04-22 09:58:38,823.2,2330626
2021-04-22 09:58:40,823.0,2331268
2021-04-22 09:58:41,823.35,2331555
2021-04-22 09:58:41,823.35,2331555
2021-04-22 09:58:43,823.35,2331580
2021-04-22 09:58:44,823.45,2332046
2021-04-22 09:58:45,823.35,2332324
2021-04-22 09:58:46,823.45,2332424
2021-04-22 09:58:47,823.35,2332435
2021-04-22 09:58:47,823.35,2332443
2021-04-22 09:58:49,823.35,2332450
2021-04-22 09:58:50,823.15,2332492
2021-04-22 09:58:51,822.7,2332917
2021-04-22 09:58:52,823.0,2333003
2021-04-22 09:58:53,823.0,2333019
2021-04-22 09:58:54,823.25,2333526
2021-04-22 09:58:55,822.7,2334371
2021-04-22 09:58:55,823.2,2334376
2021-04-22 09:58:57,822.75,2334502
2021-04-22 09:58:58,823.0,2334604
2021-04-22 09:58:59,823.0,2334655
2021-04-22 09:59:00,822.7,2335826
2021-04-22 09:59:01,822.7,2336059
2021-04-22 09:59:02,823.0,2336319
2021-04-22 09:59:02,823.0,2336320
2021-04-22 09:59:03,823.0,2336443
2021-04-22 09:59:05,823.0,2336915
2021-04-22 09:59:06,823.0,2337018
2021-04-22 09:59:07,822.75,2337147
2021-04-22 09:59:08,823.0,2337210
2021-04-22 09:59:09,823.0,2337314
2021-04-22 09:59:12,823.0,2337664
2021-04-22 09:59:12,823.0,2337664
2021-04-22 09:59:13,823.0,2337867
2021-04-22 09:59:15,822.7,2338297
2021-04-22 09:59:16,823.0,2338531
2021-04-22 09:59:17,823.0,2338725
2021-04-22 09:59:18,823.0,2338729
2021-04-22 09:59:19,823.0,2338854
2021-04-22 09:59:20,823.0,2338868
2021-04-22 09:59:20,823.0,2339068
2021-04-22 09:59:22,822.7,2339118
2021-04-22 09:59:23,822.7,2339517
2021-04-22 09:59:24,822.9,2339519
2021-04-22 09:59:25,823.0,2339779
2021-04-22 09:59:25,823.0,2339779
2021-04-22 09:59:27,823.0,2339806
2021-04-22 09:59:28,823.0,2339852
2021-04-22 09:59:29,822.7,2340275
2021-04-22 09:59:30,822.95,2340397
2021-04-22 09:59:31,822.95,2340420
2021-04-22 09:59:31,822.95,2340420
2021-04-22 09:59:33,822.7,2340813
2021-04-22 09:59:34,822.95,2340892
2021-04-22 09:59:35,822.7,2340893
2021-04-22 09:59:37,822.7,2340893
2021-04-22 09:59:38,822.75,2341004
2021-04-22 09:59:39,822.9,2341014
2021-04-22 09:59:41,822.95,2342004
2021-04-22 09:59:42,822.7,2342089
2021-04-22 09:59:43,822.7,2342295
2021-04-22 09:59:44,822.8,2342437
2021-04-22 09:59:45,822.95,2342487
2021-04-22 09:59:46,822.8,2343530
2021-04-22 09:59:47,822.95,2343550
2021-04-22 09:59:48,822.55,2347400
2021-04-22 09:59:49,822.55,2347400
2021-04-22 09:59:50,822.9,2347473
2021-04-22 09:59:51,822.7,2347744
2021-04-22 09:59:51,822.7,2347744
2021-04-22 09:59:53,822.7,2347794
2021-04-22 09:59:54,822.85,2348446
2021-04-22 09:59:55,822.5,2348576
2021-04-22 09:59:56,822.8,2348598
2021-04-22 09:59:56,822.8,2348598
2021-04-22 09:59:57,822.55,2348618
2021-04-22 09:59:58,822.7,2349128
2021-04-22 09:59:59,822.7,2349130
2021-04-22 10:00:00,822.55,2349270
2021-04-22 10:00:01,822.7,2349343
2021-04-22 10:00:03,822.55,2349344
2021-04-22 10:00:04,822.55,2349456
2021-04-22 10:00:05,822.55,2349502
2021-04-22 10:00:06,822.65,2351398
2021-04-22 10:00:07,822.3,2351657
2021-04-22 10:00:07,822.3,2351657
2021-04-22 10:00:09,822.4,2353209
2021-04-22 10:00:10,822.1,2353258
2021-04-22 10:00:12,822.1,2353506
2021-04-22 10:00:13,822.0,2354478
2021-04-22 10:00:14,822.0,2357373
2021-04-22 10:00:15,822.0,2357486
2021-04-22 10:00:16,822.0,2357983
2021-04-22 10:00:17,822.0,2357983
2021-04-22 10:00:18,821.8,2358344
2021-04-22 10:00:19,821.7,2359078
2021-04-22 10:00:20,821.75,2359208
2021-04-22 10:00:21,821.5,2359370
2021-04-22 10:00:22,821.7,2359598
2021-04-22 10:00:23,821.4,2360142
2021-04-22 10:00:24,821.35,2360376
2021-04-22 10:00:25,821.15,2361834
2021-04-22 10:00:26,821.35,2361846
2021-04-22 10:00:27,821.1,2362101
2021-04-22 10:00:28,821.35,2362387
2021-04-22 10:00:29,821.35,2363840
2021-04-22 10:00:30,821.4,2364940
2021-04-22 10:00:31,821.4,2364940
2021-04-22 10:00:32,821.5,2365123
2021-04-22 10:00:33,821.35,2366137
2021-04-22 10:00:34,821.4,2368148
2021-04-22 10:00:36,821.2,2368267
2021-04-22 10:00:37,821.2,2368267
2021-04-22 10:00:38,821.4,2368488
2021-04-22 10:00:39,821.15,2368538
2021-04-22 10:00:40,821.15,2368588
2021-04-22 10:00:41,821.15,2368588
2021-04-22 10:00:42,821.15,2368588
2021-04-22 10:00:43,821.2,2368741
2021-04-22 10:00:44,821.4,2368891
2021-04-22 10:00:45,821.4,2368941
2021-04-22 10:00:47,821.15,2369036
2021-04-22 10:00:46,821.4,2368981
2021-04-22 10:00:48,821.2,2369039
2021-04-22 10:00:49,821.15,2369290
2021-04-22 10:00:50,821.1,2369704
2021-04-22 10:00:51,821.15,2369744
2021-04-22 10:00:52,821.15,2369744
2021-04-22 10:00:53,821.1,2369763
2021-04-22 10:00:54,821.1,2370313
2021-04-22 10:00:55,821.0,2372081
2021-04-22 10:00:56,820.6,2372188
2021-04-22 10:00:57,820.95,2372201
2021-04-22 10:00:58,820.95,2372352
2021-04-22 10:00:59,820.9,2372354
2021-04-22 10:01:00,820.6,2372480
2021-04-22 10:01:01,820.9,2372549
2021-04-22 10:01:02,820.6,2372631
2021-04-22 10:01:03,820.6,2372685
2021-04-22 10:01:04,820.2,2373685
2021-04-22 10:01:07,820.45,2375551
2021-04-22 10:01:08,820.45,2375551
2021-04-22 10:01:09,820.75,2376593
2021-04-22 10:01:10,820.5,2377607
2021-04-22 10:01:11,820.6,2377707
2021-04-22 10:01:12,820.8,2377766
2021-04-22 10:01:13,820.85,2377776
2021-04-22 10:01:14,820.5,2377802
2021-04-22 10:01:15,820.6,2377917
2021-04-22 10:01:16,820.75,2377962
2021-04-22 10:01:17,820.6,2378143
2021-04-22 10:01:18,820.3,2379144
2021-04-22 10:01:19,820.75,2379263
2021-04-22 10:01:20,820.75,2379289
2021-04-22 10:01:21,820.8,2380832
2021-04-22 10:01:23,820.75,2380908
2021-04-22 10:01:22,820.5,2380834
2021-04-22 10:01:24,820.75,2381368
2021-04-22 10:01:25,820.75,2381408
2021-04-22 10:01:26,820.75,2381433
2021-04-22 10:01:27,820.5,2381438
2021-04-22 10:01:28,820.5,2381494
2021-04-22 10:01:29,820.25,2381575
2021-04-22 10:01:30,820.3,2381667
2021-04-22 10:01:31,820.5,2381668
2021-04-22 10:01:32,820.5,2381668
2021-04-22 10:01:33,820.3,2382200
2021-04-22 10:01:34,820.5,2382210
2021-04-22 10:01:35,820.45,2386178
2021-04-22 10:01:36,820.75,2386189
2021-04-22 10:01:37,820.75,2386328
2021-04-22 10:01:38,820.75,2386330
2021-04-22 10:01:39,820.75,2386420
2021-04-22 10:01:40,820.45,2386432
2021-04-22 10:01:41,820.3,2386442
2021-04-22 10:01:42,820.6,2386444
2021-04-22 10:01:43,820.5,2386469
2021-04-22 10:01:44,820.3,2386589
2021-04-22 10:01:45,820.3,2386694
2021-04-22 10:01:46,820.5,2387162
2021-04-22 10:01:47,820.5,2387249
2021-04-22 10:01:48,820.3,2387501
2021-04-22 10:01:49,820.7,2387759
2021-04-22 10:01:50,820.3,2387859
2021-04-22 10:01:51,820.3,2387859
2021-04-22 10:01:52,820.35,2388001
2021-04-22 10:01:53,820.3,2388066
2021-04-22 10:01:54,820.3,2389049
2021-04-22 10:01:55,819.8,2402952
2021-04-22 10:01:56,819.8,2402952
2021-04-22 10:01:57,820.3,2403545
2021-04-22 10:01:58,820.3,2403667
2021-04-22 10:01:59,820.0,2403767
2021-04-22 10:02:00,820.5,2404577
2021-04-22 10:02:02,820.0,2404607
2021-04-22 10:02:03,820.0,2404916
2021-04-22 10:02:04,820.0,2405016
2021-04-22 10:02:05,820.0,2405142
2021-04-22 10:02:07,820.0,2405380
2021-04-22 10:02:06,820.0,2405380
2021-04-22 10:02:08,820.0,2405493
2021-04-22 10:02:09,820.2,2405640
2021-04-22 10:02:10,819.85,2406449
2021-04-22 10:02:11,819.9,2406675
2021-04-22 10:02:12,819.95,2406818
2021-04-22 10:02:13,819.6,2406991
2021-04-22 10:02:15,819.6,2407476
2021-04-22 10:02:16,819.6,2407481
2021-04-22 10:02:17,819.6,2409316
2021-04-22 10:02:21,819.5,2411203
2021-04-22 10:02:21,819.5,2411203
2021-04-22 10:02:22,819.5,2411783
2021-04-22 10:02:23,819.7,2412319
2021-04-22 10:02:24,819.5,2412887
2021-04-22 10:02:25,819.5,2413156
2021-04-22 10:02:27,819.5,2413272
2021-04-22 10:02:27,819.5,2413272
2021-04-22 10:02:28,819.5,2413272
2021-04-22 10:02:29,819.45,2413882
2021-04-22 10:02:30,819.35,2414032
2021-04-22 10:02:31,819.35,2414105
2021-04-22 10:02:33,819.3,2414648
2021-04-22 10:02:33,819.5,2414771
2021-04-22 10:02:34,819.5,2414891
2021-04-22 10:02:36,819.3,2419045
2021-04-22 10:02:37,819.6,2419088
2021-04-22 10:02:38,819.5,2419120
2021-04-22 10:02:40,819.5,2419220
2021-04-22 10:02:41,819.6,2419357
2021-04-22 10:02:42,819.6,2419534
2021-04-22 10:02:43,819.6,2419620
2021-04-22 10:02:44,819.5,2419630
2021-04-22 10:02:46,819.5,2419730
2021-04-22 10:02:47,819.5,2420136
2021-04-22 10:02:47,819.6,2420236
2021-04-22 10:02:48,819.6,2420306
2021-04-22 10:02:49,819.5,2420862
2021-04-22 10:02:50,819.6,2421755
2021-04-22 10:02:51,819.6,2422045
2021-04-22 10:02:53,819.5,2423029
2021-04-22 10:02:53,819.5,2422729
2021-04-22 10:02:54,819.5,2423087
2021-04-22 10:02:55,819.6,2425711
2021-04-22 10:02:57,819.55,2427965
2021-04-22 10:02:58,819.45,2428064
2021-04-22 10:02:59,819.45,2428124
2021-04-22 10:03:01,819.4,2430093
2021-04-22 10:03:01,819.4,2430093
2021-04-22 10:03:02,819.4,2430093
2021-04-22 10:03:03,819.4,2430401
2021-04-22 10:03:04,819.2,2431057
2021-04-22 10:03:05,819.4,2431416
2021-04-22 10:03:06,819.4,2431518
2021-04-22 10:03:07,819.4,2431605
2021-04-22 10:03:09,819.15,2431954
2021-04-22 10:03:10,819.15,2432054
2021-04-22 10:03:11,819.15,2432404
2021-04-22 10:03:12,819.1,2438586
2021-04-22 10:03:13,819.05,2438867
2021-04-22 10:03:14,819.0,2439410
2021-04-22 10:03:15,819.1,2439592
2021-04-22 10:03:16,819.1,2439845
2021-04-22 10:03:18,819.0,2441256
2021-04-22 10:03:19,819.1,2441313
2021-04-22 10:03:19,819.1,2441313
2021-04-22 10:03:20,819.05,2441367
2021-04-22 10:03:21,819.0,2441432
2021-04-22 10:03:22,818.6,2450695
2021-04-22 10:03:23,818.5,2452712
2021-04-22 10:03:24,818.35,2452764
2021-04-22 10:03:26,818.5,2454168
2021-04-22 10:03:27,818.25,2454476
2021-04-22 10:03:27,818.25,2454476
2021-04-22 10:03:28,818.35,2455304
2021-04-22 10:03:29,818.4,2455622
2021-04-22 10:03:31,818.05,2455970
2021-04-22 10:03:33,818.05,2456871
2021-04-22 10:03:33,818.0,2458005
2021-04-22 10:03:34,817.8,2469608
2021-04-22 10:03:35,817.7,2472030
2021-04-22 10:03:36,817.6,2473027
2021-04-22 10:03:37,817.9,2474028
2021-04-22 10:03:39,817.5,2474168
2021-04-22 10:03:39,817.5,2474168
2021-04-22 10:03:40,818.05,2476480
2021-04-22 10:03:41,818.4,2476833
2021-04-22 10:03:42,818.4,2477123
2021-04-22 10:03:43,818.5,2477443
2021-04-22 10:03:44,818.45,2477569
2021-04-22 10:03:46,818.45,2477640
2021-04-22 10:03:46,818.45,2477640
2021-04-22 10:03:47,818.4,2478217
2021-04-22 10:03:49,818.35,2479438
2021-04-22 10:03:50,818.3,2482720
2021-04-22 10:03:52,818.4,2482907
2021-04-22 10:03:53,818.9,2483526
2021-04-22 10:03:54,818.9,2484519
2021-04-22 10:03:55,818.95,2484557
2021-04-22 10:03:56,818.85,2484657
2021-04-22 10:03:57,818.85,2485098
2021-04-22 10:03:59,818.95,2485297
2021-04-22 10:04:00,818.7,2485621
2021-04-22 10:04:01,818.95,2485672
2021-04-22 10:04:02,819.1,2485921
2021-04-22 10:04:03,818.95,2485978
2021-04-22 10:04:05,818.95,2486473
2021-04-22 10:04:05,818.95,2486473
2021-04-22 10:04:06,819.0,2486544
2021-04-22 10:04:07,819.3,2486894
2021-04-22 10:04:08,818.95,2486939
2021-04-22 10:04:10,819.4,2487145
2021-04-22 10:04:10,819.4,2487145
2021-04-22 10:04:11,819.3,2487172
2021-04-22 10:04:12,819.2,2487478
2021-04-22 10:04:13,819.2,2487521
2021-04-22 10:04:15,819.5,2487546
2021-04-22 10:04:15,819.6,2487846
2021-04-22 10:04:16,819.25,2487859
2021-04-22 10:04:18,819.4,2488746
2021-04-22 10:04:19,819.1,2488759
2021-04-22 10:04:21,819.15,2488954
2021-04-22 10:04:22,819.15,2489009
2021-04-22 10:04:22,819.15,2489009
2021-04-22 10:04:23,819.2,2489332
2021-04-22 10:04:24,819.45,2490333
2021-04-22 10:04:27,819.4,2490465
2021-04-22 10:04:28,819.1,2490604
2021-04-22 10:04:28,819.1,2490604
2021-04-22 10:04:29,819.4,2490641
2021-04-22 10:04:30,819.3,2490737
2021-04-22 10:04:31,819.3,2490899
2021-04-22 10:04:33,819.3,2490920
2021-04-22 10:04:34,819.2,2491377
2021-04-22 10:04:35,819.4,2491398
2021-04-22 10:04:36,819.3,2491413
2021-04-22 10:04:37,819.1,2491965
2021-04-22 10:04:38,819.05,2492033
2021-04-22 10:04:40,819.2,2492065
2021-04-22 10:04:41,819.2,2492536
2021-04-22 10:04:41,819.2,2492536
2021-04-22 10:04:42,819.2,2492601
2021-04-22 10:04:43,819.05,2492917
2021-04-22 10:04:45,818.9,2494981
2021-04-22 10:04:46,819.0,2495093
2021-04-22 10:04:47,819.0,2495123
2021-04-22 10:04:48,818.7,2495731
2021-04-22 10:04:48,819.0,2495952
2021-04-22 10:04:49,818.7,2496001
2021-04-22 10:04:50,818.8,2496665
2021-04-22 10:04:51,818.9,2496820
2021-04-22 10:04:53,818.9,2496844
2021-04-22 10:04:54,818.85,2497127
2021-04-22 10:04:54,818.7,2497227
2021-04-22 10:04:55,818.85,2497410
2021-04-22 10:04:56,818.85,2497450
2021-04-22 10:04:57,818.6,2499332
2021-04-22 10:04:59,818.6,2499404
2021-04-22 10:05:00,818.35,2499775
2021-04-22 10:05:00,818.35,2499775
2021-04-22 10:05:01,818.55,2499830
2021-04-22 10:05:02,818.55,2499830
2021-04-22 10:05:03,818.5,2500115
2021-04-22 10:05:05,818.4,2500363
2021-04-22 10:05:06,818.4,2500432
2021-04-22 10:05:07,818.1,2502248
2021-04-22 10:05:08,818.4,2502255
2021-04-22 10:05:09,818.05,2502349
2021-04-22 10:05:09,818.05,2502349
2021-04-22 10:05:10,818.0,2503207
2021-04-22 10:05:11,818.35,2503426
2021-04-22 10:05:13,818.4,2503910
2021-04-22 10:05:14,818.3,2503913
2021-04-22 10:05:14,818.3,2503913
2021-04-22 10:05:15,818.35,2504121
2021-04-22 10:05:16,818.05,2504127
2021-04-22 10:05:18,818.2,2504524
2021-04-22 10:05:19,818.25,2504799
2021-04-22 10:05:19,818.05,2504949
2021-04-22 10:05:20,818.1,2505328
2021-04-22 10:05:23,818.0,2507075
2021-04-22 10:05:24,818.0,2509301
2021-04-22 10:05:24,818.05,2509309
2021-04-22 10:05:25,818.0,2509430
2021-04-22 10:05:26,817.85,2525588
2021-04-22 10:05:27,817.9,2531676
2021-04-22 10:05:28,817.45,2532896
2021-04-22 10:05:29,817.9,2533004
2021-04-22 10:05:31,817.5,2533621
2021-04-22 10:05:32,817.55,2534241
2021-04-22 10:05:32,817.55,2534241
2021-04-22 10:05:33,817.45,2534739
2021-04-22 10:05:34,817.4,2535477
2021-04-22 10:05:36,817.5,2535611
2021-04-22 10:05:37,817.5,2536677
2021-04-22 10:05:37,817.5,2536677
2021-04-22 10:05:38,817.6,2536852
2021-04-22 10:05:39,817.5,2537466
2021-04-22 10:05:41,817.5,2538092
2021-04-22 10:05:42,817.75,2538195
2021-04-22 10:05:43,817.6,2538659
2021-04-22 10:05:43,817.85,2538839
2021-04-22 10:05:44,817.6,2538873
2021-04-22 10:05:45,817.75,2538952
2021-04-22 10:05:46,817.5,2539193
2021-04-22 10:05:48,817.85,2539498
2021-04-22 10:05:49,817.8,2539892
2021-04-22 10:05:50,817.5,2540046
2021-04-22 10:05:51,817.6,2540068
2021-04-22 10:05:52,817.75,2542347
2021-04-22 10:05:54,817.85,2542552
2021-04-22 10:05:55,817.65,2542646
2021-04-22 10:05:55,817.85,2543146
2021-04-22 10:05:56,817.85,2543296
2021-04-22 10:05:57,817.85,2543296
2021-04-22 10:05:58,817.75,2543312
2021-04-22 10:05:59,817.75,2543883
2021-04-22 10:06:01,817.85,2544054
2021-04-22 10:06:02,817.45,2546827
2021-04-22 10:06:02,817.8,2544807
2021-04-22 10:06:03,817.45,2547393
2021-04-22 10:06:04,817.65,2548764
2021-04-22 10:06:05,817.45,2548993
2021-04-22 10:06:07,817.7,2549139
2021-04-22 10:06:08,817.7,2549477
2021-04-22 10:06:08,817.7,2549477
2021-04-22 10:06:09,817.2,2551971
2021-04-22 10:06:10,817.1,2552151
2021-04-22 10:06:12,817.05,2552766
2021-04-22 10:06:13,817.25,2553345
2021-04-22 10:06:13,817.05,2552845
2021-04-22 10:06:14,817.1,2554622
2021-04-22 10:06:15,816.65,2573628
2021-04-22 10:06:16,816.85,2574045
2021-04-22 10:06:18,816.85,2574167
2021-04-22 10:06:19,816.45,2575591
2021-04-22 10:06:21,816.35,2577530
2021-04-22 10:06:21,816.35,2577530
2021-04-22 10:06:22,816.5,2578424
2021-04-22 10:06:23,816.2,2578630
2021-04-22 10:06:25,816.2,2579172
2021-04-22 10:06:26,816.3,2579343
2021-04-22 10:06:26,816.3,2579343
2021-04-22 10:06:27,816.3,2579823
2021-04-22 10:06:28,816.3,2580182
2021-04-22 10:06:30,816.2,2581366
2021-04-22 10:06:31,816.3,2582042
2021-04-22 10:06:31,816.3,2582053
2021-04-22 10:06:33,816.15,2583844
2021-04-22 10:06:33,816.3,2583860
2021-04-22 10:06:34,816.2,2584083
2021-04-22 10:06:35,816.15,2584266
2021-04-22 10:06:36,816.25,2584420
2021-04-22 10:06:37,816.2,2586106
2021-04-22 10:06:38,816.2,2586283
2021-04-22 10:06:40,816.2,2587425
2021-04-22 10:06:41,816.3,2588839
2021-04-22 10:06:42,816.2,2591408
2021-04-22 10:06:43,816.25,2591566
2021-04-22 10:06:44,816.3,2593141
2021-04-22 10:06:45,816.45,2593545
2021-04-22 10:06:46,816.5,2594058
2021-04-22 10:06:47,816.45,2594126
2021-04-22 10:06:48,816.45,2594431
2021-04-22 10:06:49,816.45,2594829
2021-04-22 10:06:50,816.5,2596368
2021-04-22 10:06:51,816.75,2596375
2021-04-22 10:06:52,816.75,2596385
2021-04-22 10:06:53,816.75,2596854
2021-04-22 10:06:55,816.75,2597167
2021-04-22 10:06:56,816.8,2597453
2021-04-22 10:06:57,816.7,2598408
2021-04-22 10:06:58,816.8,2598832
2021-04-22 10:06:59,817.0,2599366
2021-04-22 10:07:00,817.0,2599404
2021-04-22 10:07:02,816.75,2599470
2021-04-22 10:07:03,817.0,2600197
2021-04-22 10:07:04,817.0,2600711
2021-04-22 10:07:05,817.0,2600904
2021-04-22 10:07:05,817.0,2600904
2021-04-22 10:07:06,816.75,2602139
2021-04-22 10:07:08,817.0,2602141
2021-04-22 10:07:09,816.8,2602513
2021-04-22 10:07:10,816.6,2603262
2021-04-22 10:07:10,816.8,2603367
2021-04-22 10:07:11,816.8,2603548
2021-04-22 10:07:13,816.6,2603553
2021-04-22 10:07:14,816.8,2604195
2021-04-22 10:07:15,816.8,2604436
2021-04-22 10:07:16,816.7,2604661
2021-04-22 10:07:16,816.7,2604661
2021-04-22 10:07:17,816.8,2605029
2021-04-22 10:07:19,816.8,2605225
2021-04-22 10:07:20,816.8,2605225
2021-04-22 10:07:21,817.2,2605760
2021-04-22 10:07:22,817.2,2606001
2021-04-22 10:07:23,817.0,2606223
2021-04-22 10:07:23,817.0,2606223
2021-04-22 10:07:24,817.0,2606391
2021-04-22 10:07:26,817.3,2606563
2021-04-22 10:07:27,817.3,2606683
2021-04-22 10:07:28,817.3,2606693
2021-04-22 10:07:29,817.05,2606830
2021-04-22 10:07:30,817.3,2606944
2021-04-22 10:07:31,817.75,2607315
2021-04-22 10:07:31,817.75,2607315
2021-04-22 10:07:32,817.95,2607538
2021-04-22 10:07:33,817.95,2607563
2021-04-22 10:07:34,817.7,2607685
2021-04-22 10:07:36,818.15,2608200
2021-04-22 10:07:37,817.75,2608738
2021-04-22 10:07:38,817.6,2609123
2021-04-22 10:07:38,817.6,2609123
2021-04-22 10:07:40,817.0,2611769
2021-04-22 10:07:42,817.05,2613156
2021-04-22 10:07:44,817.05,2613620
2021-04-22 10:07:45,817.05,2614328
2021-04-22 10:07:46,816.85,2614357
2021-04-22 10:07:47,817.25,2614414
2021-04-22 10:07:47,816.9,2614444
2021-04-22 10:07:48,817.35,2614454
2021-04-22 10:07:49,817.3,2614458
2021-04-22 10:07:52,817.0,2614607
2021-04-22 10:07:53,817.3,2615508
2021-04-22 10:07:54,817.3,2615706
2021-04-22 10:07:55,817.1,2615824
2021-04-22 10:07:55,817.3,2615811
2021-04-22 10:07:56,817.05,2616054
2021-04-22 10:07:57,817.3,2616503
2021-04-22 10:07:59,817.2,2616669
2021-04-22 10:08:00,817.2,2616977
2021-04-22 10:08:01,817.35,2618410
2021-04-22 10:08:02,817.7,2618585
2021-04-22 10:08:03,817.2,2618764
2021-04-22 10:08:04,817.5,2618881
2021-04-22 10:08:05,817.3,2619075
2021-04-22 10:08:06,817.3,2619075
2021-04-22 10:08:08,817.6,2619567
2021-04-22 10:08:09,817.65,2619673
2021-04-22 10:08:10,817.65,2619766
2021-04-22 10:08:11,817.35,2619873
2021-04-22 10:08:12,817.6,2620228
2021-04-22 10:08:12,817.6,2620228
2021-04-22 10:08:13,817.5,2620524
2021-04-22 10:08:14,817.6,2620821
2021-04-22 10:08:16,817.2,2621752
2021-04-22 10:08:18,817.0,2622570
2021-04-22 10:08:19,817.35,2623270
2021-04-22 10:08:21,817.3,2623426
2021-04-22 10:08:22,817.35,2623451
2021-04-22 10:08:23,817.0,2623507
2021-04-22 10:08:24,817.35,2623623
2021-04-22 10:08:25,817.35,2623879
2021-04-22 10:08:26,817.35,2624192
2021-04-22 10:08:27,817.35,2624218
2021-04-22 10:08:27,817.25,2624278
2021-04-22 10:08:28,817.35,2625561
2021-04-22 10:08:30,817.85,2627101
2021-04-22 10:08:31,817.75,2627301
2021-04-22 10:08:32,817.35,2627578
2021-04-22 10:08:32,817.35,2627578
2021-04-22 10:08:33,817.65,2627733
2021-04-22 10:08:36,817.75,2628374
2021-04-22 10:08:37,817.75,2628771
2021-04-22 10:08:38,818.0,2629271
2021-04-22 10:08:39,817.75,2629348
2021-04-22 10:08:40,817.75,2629390
2021-04-22 10:08:41,817.9,2629420
2021-04-22 10:08:41,817.9,2629420
2021-04-22 10:08:43,817.9,2629426
2021-04-22 10:08:45,817.85,2630056
2021-04-22 10:08:47,817.75,2630123
2021-04-22 10:08:48,817.6,2630312
2021-04-22 10:08:49,817.8,2630466
2021-04-22 10:08:51,817.6,2630604
2021-04-22 10:08:52,817.55,2631196
2021-04-22 10:08:53,817.6,2632881
2021-04-22 10:08:54,817.35,2632964
2021-04-22 10:08:55,817.9,2633124
2021-04-22 10:08:56,817.8,2633425
2021-04-22 10:08:57,817.8,2633425
2021-04-22 10:08:57,817.9,2633430
2021-04-22 10:08:59,817.9,2633854
2021-04-22 10:09:00,817.9,2634046
2021-04-22 10:09:01,817.9,2634071
2021-04-22 10:09:02,817.6,2634141
2021-04-22 10:09:03,817.85,2634712
2021-04-22 10:09:04,818.5,2639631
2021-04-22 10:09:05,818.85,2641262
2021-04-22 10:09:05,819.2,2642262
2021-04-22 10:09:07,819.0,2642667
2021-04-22 10:09:08,819.4,2642670
2021-04-22 10:09:09,819.4,2642677
2021-04-22 10:09:10,819.35,2643014
2021-04-22 10:09:11,819.4,2643610
2021-04-22 10:09:11,819.4,2643610
2021-04-22 10:09:13,819.05,2643740
2021-04-22 10:09:14,819.35,2644083
2021-04-22 10:09:15,819.3,2644433
2021-04-22 10:09:16,819.3,2644447
2021-04-22 10:09:16,819.3,2644447
2021-04-22 10:09:18,819.3,2644657
2021-04-22 10:09:19,819.3,2644659
2021-04-22 10:09:20,819.3,2645026
2021-04-22 10:09:21,819.0,2645249
2021-04-22 10:09:22,819.3,2645280
2021-04-22 10:09:23,819.3,2645922
2021-04-22 10:09:24,819.3,2646033
2021-04-22 10:09:25,819.05,2646039
2021-04-22 10:09:26,819.05,2646043
2021-04-22 10:09:26,819.05,2646043
2021-04-22 10:09:28,819.3,2646128
2021-04-22 10:09:29,819.3,2646138
2021-04-22 10:09:30,819.3,2647059
2021-04-22 10:09:31,819.3,2647071
2021-04-22 10:09:32,819.2,2647673
2021-04-22 10:09:33,818.8,2648041
2021-04-22 10:09:34,818.8,2648041
2021-04-22 10:09:35,819.0,2648302
2021-04-22 10:09:36,818.95,2648305
2021-04-22 10:09:36,818.95,2648305
2021-04-22 10:09:38,818.7,2648532
2021-04-22 10:09:39,818.6,2648578
2021-04-22 10:09:40,818.7,2648619
2021-04-22 10:09:41,818.7,2648624
2021-04-22 10:09:42,818.7,2648627
2021-04-22 10:09:43,818.7,2648775
2021-04-22 10:09:43,818.7,2648795
2021-04-22 10:09:45,818.45,2648917
2021-04-22 10:09:46,818.8,2648942
2021-04-22 10:09:47,818.45,2648990
2021-04-22 10:09:48,818.7,2649102
2021-04-22 10:09:48,818.7,2649102
2021-04-22 10:09:50,818.7,2649203
2021-04-22 10:09:51,818.8,2649253
2021-04-22 10:09:52,818.7,2649265
2021-04-22 10:09:53,818.8,2649370
2021-04-22 10:09:54,818.8,2649370
2021-04-22 10:09:54,818.65,2649572
2021-04-22 10:09:56,818.8,2649619
2021-04-22 10:09:57,818.8,2649930
2021-04-22 10:09:58,818.8,2650330
2021-04-22 10:09:59,818.8,2650511
2021-04-22 10:10:00,818.65,2650632
2021-04-22 10:10:01,818.8,2650762
2021-04-22 10:10:01,818.8,2650797
2021-04-22 10:10:03,818.65,2650969
2021-04-22 10:10:04,818.8,2651077
2021-04-22 10:10:05,818.8,2651228
2021-04-22 10:10:06,818.8,2651244
2021-04-22 10:10:06,818.8,2651244
2021-04-22 10:10:08,818.85,2652505
2021-04-22 10:10:09,819.0,2652558
2021-04-22 10:10:10,818.8,2652706
2021-04-22 10:10:11,819.0,2653092
2021-04-22 10:10:11,818.8,2653142
2021-04-22 10:10:13,819.2,2653849
2021-04-22 10:10:14,819.2,2654091
2021-04-22 10:10:15,819.0,2654121
2021-04-22 10:10:16,819.0,2654135
2021-04-22 10:10:17,819.15,2654195
2021-04-22 10:10:18,819.0,2654305
2021-04-22 10:10:19,819.2,2654457
2021-04-22 10:10:20,819.0,2654867
2021-04-22 10:10:21,819.0,2654867
2021-04-22 10:10:22,819.0,2654993
2021-04-22 10:10:23,819.15,2654996
2021-04-22 10:10:24,819.0,2655035
2021-04-22 10:10:25,819.0,2655075
2021-04-22 10:10:26,819.0,2656279
2021-04-22 10:10:26,819.0,2656330
2021-04-22 10:10:27,819.0,2656445
2021-04-22 10:10:29,819.15,2657488
2021-04-22 10:10:30,819.0,2657702
2021-04-22 10:10:31,819.05,2657800
2021-04-22 10:10:32,819.05,2657875
2021-04-22 10:10:32,819.1,2658375
2021-04-22 10:10:34,819.0,2658412
2021-04-22 10:10:35,819.05,2658421
2021-04-22 10:10:36,819.0,2658924
2021-04-22 10:10:37,819.0,2658961
2021-04-22 10:10:38,819.1,2659187
2021-04-22 10:10:39,819.0,2659362
2021-04-22 10:10:39,819.0,2659372
2021-04-22 10:10:41,819.1,2659402
2021-04-22 10:10:42,819.1,2659716
2021-04-22 10:10:43,818.85,2659775
2021-04-22 10:10:44,818.8,2660062
2021-04-22 10:10:45,818.85,2660064
2021-04-22 10:10:46,818.85,2660064
2021-04-22 10:10:47,818.85,2660874
2021-04-22 10:10:48,818.85,2661162
2021-04-22 10:10:49,818.85,2661417
2021-04-22 10:10:50,818.85,2661585
2021-04-22 10:10:51,818.85,2661635
2021-04-22 10:10:53,818.85,2661752
2021-04-22 10:10:52,818.85,2661752
2021-04-22 10:10:54,819.05,2661965
2021-04-22 10:10:55,819.1,2662119
2021-04-22 10:10:56,819.0,2662126
2021-04-22 10:10:57,819.0,2662161
2021-04-22 10:10:58,818.9,2662462
2021-04-22 10:10:59,818.9,2662462
2021-04-22 10:11:00,818.9,2662482
2021-04-22 10:11:01,818.9,2662960
2021-04-22 10:11:02,819.1,2663081
2021-04-22 10:11:03,819.1,2663188
2021-04-22 10:11:04,819.0,2663203
2021-04-22 10:11:05,819.1,2663217
2021-04-22 10:11:06,819.0,2663252
2021-04-22 10:11:07,818.95,2663322
2021-04-22 10:11:08,819.1,2663878
2021-04-22 10:11:09,819.1,2663880
2021-04-22 10:11:10,819.1,2663890
2021-04-22 10:11:11,819.1,2663910
2021-04-22 10:11:12,819.15,2664202
2021-04-22 10:11:13,819.0,2665343
2021-04-22 10:11:14,818.95,2665374
2021-04-22 10:11:15,818.95,2665458
2021-04-22 10:11:16,818.95,2665730
2021-04-22 10:11:17,818.95,2665881
2021-04-22 10:11:18,818.95,2665963
2021-04-22 10:11:19,818.95,2665998
2021-04-22 10:11:20,818.9,2666019
2021-04-22 10:11:21,818.9,2666074
2021-04-22 10:11:22,818.9,2666090
2021-04-22 10:11:23,819.2,2672464
2021-04-22 10:11:24,819.65,2679073
2021-04-22 10:11:25,819.6,2679333
2021-04-22 10:11:26,819.6,2679568
2021-04-22 10:11:27,819.2,2679758
2021-04-22 10:11:28,819.5,2680022
2021-04-22 10:11:29,819.45,2680122
2021-04-22 10:11:30,819.5,2680364
2021-04-22 10:11:31,819.7,2680614
2021-04-22 10:11:32,819.7,2680884
2021-04-22 10:11:33,820.0,2681154
2021-04-22 10:11:34,820.0,2681154
2021-04-22 10:11:35,819.85,2681884
2021-04-22 10:11:36,820.15,2682756
2021-04-22 10:11:37,820.45,2682757
2021-04-22 10:11:38,820.0,2682873
2021-04-22 10:11:39,820.0,2683297
2021-04-22 10:11:40,820.35,2687558
2021-04-22 10:11:41,819.95,2687855
2021-04-22 10:11:42,821.0,2690602
2021-04-22 10:11:43,820.75,2691245
2021-04-22 10:11:44,820.75,2691297
2021-04-22 10:11:45,820.75,2691413
2021-04-22 10:11:46,820.8,2691803
2021-04-22 10:11:47,820.5,2692023
2021-04-22 10:11:48,820.7,2692046
2021-04-22 10:11:49,820.7,2692088
2021-04-22 10:11:50,820.7,2692118
2021-04-22 10:11:51,820.85,2692376
2021-04-22 10:11:52,820.85,2692592
2021-04-22 10:11:53,820.85,2692697
2021-04-22 10:11:54,820.85,2692734
2021-04-22 10:11:55,820.75,2695536
2021-04-22 10:11:56,820.6,2696063
2021-04-22 10:11:57,820.6,2696063
2021-04-22 10:11:58,820.5,2696103
2021-04-22 10:11:59,820.5,2697359
2021-04-22 10:12:00,820.15,2697384
2021-04-22 10:12:02,820.45,2697464
2021-04-22 10:12:03,820.45,2697649
2021-04-22 10:12:04,820.1,2697967
2021-04-22 10:12:05,820.85,2698510
2021-04-22 10:12:06,820.55,2698533
2021-04-22 10:12:07,820.85,2698633
2021-04-22 10:12:08,820.5,2698666
2021-04-22 10:12:09,820.5,2698666
2021-04-22 10:12:10,820.85,2698994
2021-04-22 10:12:11,820.85,2699364
2021-04-22 10:12:12,820.55,2699716
2021-04-22 10:12:13,820.5,2700323
2021-04-22 10:12:14,820.2,2700348
2021-04-22 10:12:15,820.2,2700363
2021-04-22 10:12:16,820.2,2700410
2021-04-22 10:12:17,820.55,2700463
2021-04-22 10:12:18,820.55,2700491
2021-04-22 10:12:19,820.55,2700592
2021-04-22 10:12:20,820.5,2701697
2021-04-22 10:12:21,820.55,2702037
2021-04-22 10:12:22,820.55,2702037
2021-04-22 10:12:23,820.2,2702105
2021-04-22 10:12:24,820.55,2702112
2021-04-22 10:12:25,820.45,2702171
2021-04-22 10:12:26,820.35,2703184
2021-04-22 10:12:27,820.55,2703680
2021-04-22 10:12:28,820.55,2703680
2021-04-22 10:12:29,820.5,2704490
2021-04-22 10:12:30,820.5,2704586
2021-04-22 10:12:31,820.5,2704716
2021-04-22 10:12:32,820.45,2706268
2021-04-22 10:12:34,820.8,2706516
2021-04-22 10:12:35,820.8,2706516
2021-04-22 10:12:36,820.8,2706516
2021-04-22 10:12:37,820.6,2706547
2021-04-22 10:12:38,820.6,2706626
2021-04-22 10:12:39,820.8,2706909
2021-04-22 10:12:40,820.8,2707263
2021-04-22 10:12:41,821.0,2708386
2021-04-22 10:12:42,820.5,2708968
2021-04-22 10:12:43,820.8,2708988
2021-04-22 10:12:44,820.9,2710168
2021-04-22 10:12:45,820.5,2710268
2021-04-22 10:12:46,820.9,2710269
2021-04-22 10:12:47,820.75,2710915
2021-04-22 10:12:48,820.85,2710925
2021-04-22 10:12:49,820.85,2710925
2021-04-22 10:12:50,820.95,2711026
2021-04-22 10:12:51,820.85,2711029
2021-04-22 10:12:52,821.0,2711252
2021-04-22 10:12:53,820.85,2711276
2021-04-22 10:12:54,821.0,2711426
2021-04-22 10:12:56,820.85,2711636
2021-04-22 10:12:56,820.85,2711656
2021-04-22 10:12:57,820.95,2711657
2021-04-22 10:12:58,821.0,2712147
2021-04-22 10:12:59,821.0,2712147
2021-04-22 10:13:00,820.5,2712346
2021-04-22 10:13:01,820.5,2712346
2021-04-22 10:13:02,820.8,2712386
2021-04-22 10:13:03,820.95,2712654
2021-04-22 10:13:05,820.55,2712669
2021-04-22 10:13:05,820.95,2712719
2021-04-22 10:13:07,820.9,2712854
2021-04-22 10:13:08,820.55,2713058
2021-04-22 10:13:08,820.85,2713038
2021-04-22 10:13:09,820.5,2714579
2021-04-22 10:13:10,820.5,2714638
2021-04-22 10:13:11,820.6,2714739
2021-04-22 10:13:12,820.5,2714834
2021-04-22 10:13:14,820.45,2714909
2021-04-22 10:13:14,820.45,2714909
2021-04-22 10:13:15,820.1,2715196
2021-04-22 10:13:16,820.55,2717236
2021-04-22 10:13:17,820.55,2717446
2021-04-22 10:13:19,820.5,2717572
2021-04-22 10:13:19,820.5,2717572
2021-04-22 10:13:20,820.45,2717669
2021-04-22 10:13:21,820.5,2717894
2021-04-22 10:13:22,820.5,2719333
2021-04-22 10:13:23,820.15,2719348
2021-04-22 10:13:24,820.15,2719348
2021-04-22 10:13:25,820.5,2719517
2021-04-22 10:13:26,820.15,2719922
2021-04-22 10:13:27,820.15,2720041
2021-04-22 10:13:28,820.5,2720141
2021-04-22 10:13:30,820.5,2720471
2021-04-22 10:13:31,820.5,2720524
2021-04-22 10:13:32,820.2,2720581
2021-04-22 10:13:33,820.0,2720623
2021-04-22 10:13:34,820.1,2720691
2021-04-22 10:13:35,820.1,2720695
2021-04-22 10:13:36,820.35,2720726
2021-04-22 10:13:38,820.4,2720866
2021-04-22 10:13:38,820.0,2721761
2021-04-22 10:13:39,820.25,2723282
2021-04-22 10:13:40,820.35,2723433
2021-04-22 10:13:41,820.35,2723484
2021-04-22 10:13:42,820.0,2723629
2021-04-22 10:13:43,820.0,2724019
2021-04-22 10:13:44,820.1,2724167
2021-04-22 10:13:45,820.0,2724189
2021-04-22 10:13:47,820.0,2724270
2021-04-22 10:13:48,820.05,2724391
2021-04-22 10:13:48,820.1,2724501
2021-04-22 10:13:49,820.0,2725523
2021-04-22 10:13:50,819.5,2728759
2021-04-22 10:13:51,819.9,2729667
2021-04-22 10:13:52,819.55,2729810
2021-04-22 10:13:53,819.75,2730308
2021-04-22 10:13:54,819.65,2730707
2021-04-22 10:13:56,819.75,2730763
2021-04-22 10:13:56,819.7,2730849
2021-04-22 10:13:58,819.5,2730899
2021-04-22 10:13:59,819.15,2731320
2021-04-22 10:14:00,819.0,2732035
2021-04-22 10:14:01,819.3,2732055
2021-04-22 10:14:02,819.5,2732260
2021-04-22 10:14:04,819.15,2732293
2021-04-22 10:14:05,819.15,2732293
2021-04-22 10:14:05,819.15,2732296
2021-04-22 10:14:06,819.25,2732357
2021-04-22 10:14:07,819.15,2732408
2021-04-22 10:14:08,819.1,2732533
2021-04-22 10:14:10,819.15,2732583
2021-04-22 10:14:11,819.15,2732619
2021-04-22 10:14:11,819.15,2732619
2021-04-22 10:14:12,819.15,2732619
2021-04-22 10:14:13,819.1,2732678
2021-04-22 10:14:14,819.1,2733200
2021-04-22 10:14:15,819.0,2733879
2021-04-22 10:14:16,819.1,2734095
2021-04-22 10:14:17,819.0,2734212
2021-04-22 10:14:19,819.1,2734334
2021-04-22 10:14:20,819.1,2734493
2021-04-22 10:14:20,819.1,2734393
2021-04-22 10:14:21,819.1,2734503
2021-04-22 10:14:22,819.0,2734513
2021-04-22 10:14:23,819.0,2734899
2021-04-22 10:14:24,819.0,2735039
2021-04-22 10:14:25,819.1,2735106
2021-04-22 10:14:26,818.9,2735525
2021-04-22 10:14:27,819.1,2735740
2021-04-22 10:14:29,819.05,2735791
2021-04-22 10:14:29,819.05,2735791
2021-04-22 10:14:30,819.0,2735955
2021-04-22 10:14:31,818.95,2735970
2021-04-22 10:14:32,819.0,2736634
2021-04-22 10:14:33,818.8,2736707
2021-04-22 10:14:35,819.1,2740875
2021-04-22 10:14:35,819.05,2740880
2021-04-22 10:14:36,819.1,2740904
2021-04-22 10:14:37,819.1,2741754
2021-04-22 10:14:38,819.0,2741862
2021-04-22 10:14:39,819.0,2741947
2021-04-22 10:14:41,818.8,2741971
2021-04-22 10:14:41,819.0,2741947
2021-04-22 10:14:42,819.0,2741997
2021-04-22 10:14:43,819.1,2742412
2021-04-22 10:14:44,819.0,2742423
2021-04-22 10:14:45,819.0,2742426
2021-04-22 10:14:46,819.0,2742426
2021-04-22 10:14:47,819.0,2742592
2021-04-22 10:14:48,819.2,2743625
2021-04-22 10:14:49,819.4,2743648
2021-04-22 10:14:50,819.15,2743949
2021-04-22 10:14:52,819.3,2743954
2021-04-22 10:14:53,819.0,2744074
2021-04-22 10:14:54,819.0,2744205
2021-04-22 10:14:54,819.0,2744205
2021-04-22 10:14:55,819.05,2744230
2021-04-22 10:14:56,819.05,2744241
2021-04-22 10:14:57,819.25,2744266
2021-04-22 10:14:58,819.05,2744319
2021-04-22 10:14:59,819.2,2744366
2021-04-22 10:15:00,819.0,2744412
2021-04-22 10:15:02,818.9,2744525
2021-04-22 10:15:03,819.0,2744562
2021-04-22 10:15:04,819.05,2744689
2021-04-22 10:15:06,819.0,2744905
2021-04-22 10:15:07,819.05,2744973
2021-04-22 10:15:08,819.1,2745009
2021-04-22 10:15:08,819.1,2745013
2021-04-22 10:15:09,819.0,2746762
2021-04-22 10:15:10,819.0,2747176
2021-04-22 10:15:11,818.95,2747964
2021-04-22 10:15:12,818.85,2748134
2021-04-22 10:15:13,818.8,2748667
2021-04-22 10:15:14,819.1,2748920
2021-04-22 10:15:15,818.85,2748970
2021-04-22 10:15:16,818.7,2749120
2021-04-22 10:15:17,819.45,2749342
2021-04-22 10:15:18,819.1,2749803
2021-04-22 10:15:20,819.1,2750023
2021-04-22 10:15:22,819.1,2750123
2021-04-22 10:15:22,819.45,2750475
2021-04-22 10:15:23,819.1,2750580
2021-04-22 10:15:24,819.1,2750981
2021-04-22 10:15:26,819.1,2751032
2021-04-22 10:15:28,819.45,2751282
2021-04-22 10:15:30,819.3,2751312
2021-04-22 10:15:31,819.1,2751737
2021-04-22 10:15:32,819.3,2751891
2021-04-22 10:15:33,819.4,2751907
2021-04-22 10:15:33,819.35,2751909
2021-04-22 10:15:34,819.4,2752409
2021-04-22 10:15:35,819.4,2752462
2021-04-22 10:15:36,819.25,2752528
2021-04-22 10:15:37,819.4,2752733
2021-04-22 10:15:38,819.4,2752733
2021-04-22 10:15:40,819.4,2752993
2021-04-22 10:15:41,819.3,2752999
2021-04-22 10:15:42,819.35,2754259
2021-04-22 10:15:42,819.4,2754240
2021-04-22 10:15:43,819.0,2754707
2021-04-22 10:15:44,819.2,2754708
2021-04-22 10:15:45,819.2,2754713
2021-04-22 10:15:46,819.0,2754743
2021-04-22 10:15:47,819.0,2755581
2021-04-22 10:15:48,819.0,2755691
2021-04-22 10:15:49,818.95,2755702
2021-04-22 10:15:51,818.9,2756706
2021-04-22 10:15:52,818.85,2756784
2021-04-22 10:15:53,818.8,2756891
2021-04-22 10:15:54,819.4,2758218
2021-04-22 10:15:55,819.2,2758318
2021-04-22 10:15:56,819.2,2758318
2021-04-22 10:15:57,818.9,2758618
2021-04-22 10:15:59,819.0,2758648
2021-04-22 10:16:00,819.0,2759697
2021-04-22 10:16:01,819.2,2759874
2021-04-22 10:16:02,819.1,2759904
2021-04-22 10:16:03,819.2,2759957
2021-04-22 10:16:05,819.2,2759977
2021-04-22 10:16:06,819.2,2760127
2021-04-22 10:16:06,819.2,2760177
2021-04-22 10:16:07,819.0,2760184
2021-04-22 10:16:08,819.4,2760386
2021-04-22 10:16:09,819.4,2760408
2021-04-22 10:16:10,819.05,2760508
2021-04-22 10:16:11,819.4,2760533
2021-04-22 10:16:13,819.3,2760588
2021-04-22 10:16:14,819.2,2760889
2021-04-22 10:16:15,819.2,2760889
2021-04-22 10:16:16,819.0,2760928
2021-04-22 10:16:16,819.1,2760924
2021-04-22 10:16:17,819.2,2760934
2021-04-22 10:16:18,819.0,2761546
2021-04-22 10:16:19,819.0,2761601
2021-04-22 10:16:20,819.0,2761606
2021-04-22 10:16:21,818.85,2762076
2021-04-22 10:16:22,818.85,2762076
2021-04-22 10:16:24,819.05,2762352
2021-04-22 10:16:25,819.0,2762434
2021-04-22 10:16:26,819.0,2762579
2021-04-22 10:16:27,819.0,2762641
2021-04-22 10:16:28,818.8,2763467
2021-04-22 10:16:29,818.75,2763693
2021-04-22 10:16:30,818.75,2763845
2021-04-22 10:16:32,818.75,2764004
2021-04-22 10:16:33,818.55,2764197
2021-04-22 10:16:33,818.55,2764197
2021-04-22 10:16:35,818.6,2764240
2021-04-22 10:16:36,818.6,2764346
2021-04-22 10:16:36,818.6,2764346
2021-04-22 10:16:37,818.6,2764353
2021-04-22 10:16:38,818.55,2764357
2021-04-22 10:16:39,818.5,2764832
2021-04-22 10:16:41,818.55,2764899
2021-04-22 10:16:42,818.5,2765888
2021-04-22 10:16:43,818.5,2766936
2021-04-22 10:16:43,818.5,2766936
2021-04-22 10:16:44,818.65,2767194
2021-04-22 10:16:45,818.6,2767207
2021-04-22 10:16:46,818.5,2767397
2021-04-22 10:16:48,818.6,2767561
2021-04-22 10:16:49,818.5,2769612
2021-04-22 10:16:50,818.6,2769717
2021-04-22 10:16:51,818.6,2769820
2021-04-22 10:16:51,818.6,2769817
2021-04-22 10:16:52,818.6,2769830
2021-04-22 10:16:53,818.5,2769892
2021-04-22 10:16:54,818.6,2769908
2021-04-22 10:16:56,818.5,2770059
2021-04-22 10:16:57,818.5,2770110
2021-04-22 10:16:58,818.6,2770224
2021-04-22 10:16:59,818.6,2770231
2021-04-22 10:17:00,818.6,2770412
2021-04-22 10:17:00,818.6,2770412
2021-04-22 10:17:01,818.6,2770444
2021-04-22 10:17:03,818.5,2770672
2021-04-22 10:17:03,818.5,2770672
2021-04-22 10:17:04,818.5,2770672
2021-04-22 10:17:07,818.8,2770872
2021-04-22 10:17:08,819.0,2770974
2021-04-22 10:17:09,819.0,2770974
2021-04-22 10:17:10,818.95,2771074
2021-04-22 10:17:11,818.95,2771077
2021-04-22 10:17:12,818.95,2771177
2021-04-22 10:17:12,818.95,2771177
2021-04-22 10:17:13,818.6,2771207
2021-04-22 10:17:14,818.55,2771212
2021-04-22 10:17:15,818.6,2771222
2021-04-22 10:17:17,818.6,2771254
2021-04-22 10:17:18,818.6,2771584
2021-04-22 10:17:19,818.75,2771656
2021-04-22 10:17:20,818.5,2772156
2021-04-22 10:17:21,818.5,2772156
2021-04-22 10:17:21,818.5,2772156
2021-04-22 10:17:25,818.75,2774120
2021-04-22 10:17:26,818.75,2774120
2021-04-22 10:17:26,818.55,2774134
2021-04-22 10:17:27,818.55,2774846
2021-04-22 10:17:29,818.75,2774876
2021-04-22 10:17:30,818.75,2775082
2021-04-22 10:17:31,818.75,2775183
2021-04-22 10:17:31,818.75,2775183
2021-04-22 10:17:32,818.75,2775208
2021-04-22 10:17:34,818.6,2775391
2021-04-22 10:17:35,818.75,2775392
2021-04-22 10:17:36,818.7,2777283
2021-04-22 10:17:37,818.75,2777735
2021-04-22 10:17:38,818.75,2777735
2021-04-22 10:17:38,818.75,2777735
2021-04-22 10:17:39,818.75,2777839
2021-04-22 10:17:42,818.95,2777841
2021-04-22 10:17:43,818.95,2777841
2021-04-22 10:17:43,818.95,2777841
2021-04-22 10:17:44,819.05,2778625
2021-04-22 10:17:47,819.2,2778660
2021-04-22 10:17:48,819.2,2778661
2021-04-22 10:17:49,819.2,2778671
2021-04-22 10:17:50,819.4,2778855
2021-04-22 10:17:51,819.4,2779185
2021-04-22 10:17:52,819.45,2779228
2021-04-22 10:17:52,819.45,2779228
2021-04-22 10:17:53,819.45,2779228
2021-04-22 10:17:55,819.5,2779229
2021-04-22 10:17:56,819.5,2779229
2021-04-22 10:17:57,819.45,2779249
2021-04-22 10:17:58,819.15,2779551
2021-04-22 10:17:59,819.5,2779701
2021-04-22 10:17:59,819.45,2779702
2021-04-22 10:18:00,819.5,2779883
2021-04-22 10:18:01,819.2,2779933
2021-04-22 10:18:03,819.5,2780269
2021-04-22 10:18:04,819.5,2780370
2021-04-22 10:18:05,819.5,2780381
2021-04-22 10:18:06,819.75,2780431
2021-04-22 10:18:07,819.5,2780586
2021-04-22 10:18:07,819.45,2780786
2021-04-22 10:18:08,819.75,2780836
2021-04-22 10:18:10,819.75,2780836
2021-04-22 10:18:11,819.8,2781161
2021-04-22 10:18:12,819.8,2781161
2021-04-22 10:18:13,819.75,2781202
2021-04-22 10:18:13,819.75,2781202
2021-04-22 10:18:14,819.75,2781205
2021-04-22 10:18:15,819.75,2781216
2021-04-22 10:18:16,819.8,2781426
2021-04-22 10:18:17,820.0,2781790
2021-04-22 10:18:19,819.8,2783017
2021-04-22 10:18:20,819.8,2783047
2021-04-22 10:18:21,819.8,2783307
2021-04-22 10:18:22,819.8,2783577
2021-04-22 10:18:22,819.8,2783577
2021-04-22 10:18:23,819.8,2783682
2021-04-22 10:18:24,819.8,2784033
2021-04-22 10:18:25,819.8,2784133
2021-04-22 10:18:27,819.55,2784177
2021-04-22 10:18:28,819.55,2784177
2021-04-22 10:18:29,819.75,2784189
2021-04-22 10:18:30,819.75,2784341
2021-04-22 10:18:32,819.65,2784386
2021-04-22 10:18:33,819.8,2784918
2021-04-22 10:18:34,819.8,2785050
2021-04-22 10:18:35,819.8,2785066
2021-04-22 10:18:36,819.8,2785166
2021-04-22 10:18:37,819.8,2785171
2021-04-22 10:18:37,819.8,2785166
2021-04-22 10:18:38,819.6,2785482
2021-04-22 10:18:40,819.8,2785504
2021-04-22 10:18:41,819.6,2786112
2021-04-22 10:18:42,819.75,2786655
2021-04-22 10:18:43,820.0,2786956
2021-04-22 10:18:43,820.0,2786956
2021-04-22 10:18:44,819.8,2787972
2021-04-22 10:18:46,819.75,2788033
2021-04-22 10:18:47,819.75,2788033
2021-04-22 10:18:48,819.75,2788073
2021-04-22 10:18:49,819.75,2788143
2021-04-22 10:18:49,819.75,2788133
2021-04-22 10:18:50,819.45,2788204
2021-04-22 10:18:51,819.75,2788229
2021-04-22 10:18:53,819.4,2788296
2021-04-22 10:18:54,819.7,2788447
2021-04-22 10:18:55,819.7,2788497
2021-04-22 10:18:56,819.7,2788527
2021-04-22 10:18:57,819.9,2788727
2021-04-22 10:18:57,819.9,2788727
2021-04-22 10:18:58,819.95,2788742
2021-04-22 10:18:59,819.7,2788792
2021-04-22 10:19:01,819.6,2788802
2021-04-22 10:19:02,820.0,2789402
2021-04-22 10:19:03,819.55,2790108
2021-04-22 10:19:03,819.55,2790108
2021-04-22 10:19:04,819.55,2790108
2021-04-22 10:19:05,819.5,2790208
2021-04-22 10:19:07,819.85,2790258
2021-04-22 10:19:08,819.85,2790453
2021-04-22 10:19:09,819.85,2790454
2021-04-22 10:19:09,819.85,2790460
2021-04-22 10:19:10,819.85,2790460
2021-04-22 10:19:12,819.95,2791053
2021-04-22 10:19:13,819.9,2791068
2021-04-22 10:19:14,820.2,2793344
2021-04-22 10:19:15,820.2,2793344
2021-04-22 10:19:16,819.9,2793346
2021-04-22 10:19:16,819.9,2793346
2021-04-22 10:19:18,820.2,2793352
2021-04-22 10:19:18,820.2,2793391
2021-04-22 10:19:20,820.2,2793391
2021-04-22 10:19:21,820.2,2793527
2021-04-22 10:19:22,820.2,2793739
2021-04-22 10:19:23,820.0,2794316
2021-04-22 10:19:24,820.0,2794316
2021-04-22 10:19:25,820.0,2794329
2021-04-22 10:19:25,820.0,2794329
2021-04-22 10:19:27,820.0,2794329
2021-04-22 10:19:28,820.2,2794437
2021-04-22 10:19:29,820.0,2794447
2021-04-22 10:19:30,820.2,2796639
2021-04-22 10:19:31,820.2,2796693
2021-04-22 10:19:31,820.2,2796693
2021-04-22 10:19:34,820.0,2796949
2021-04-22 10:19:35,820.0,2796989
2021-04-22 10:19:36,820.2,2797209
2021-04-22 10:19:36,820.0,2797259
2021-04-22 10:19:38,820.2,2797284
2021-04-22 10:19:39,820.2,2797435
2021-04-22 10:19:40,820.2,2797545
2021-04-22 10:19:41,820.15,2797595
2021-04-22 10:19:42,820.0,2797625
2021-04-22 10:19:42,820.0,2797625
2021-04-22 10:19:44,819.9,2800050
2021-04-22 10:19:45,819.95,2800262
2021-04-22 10:19:46,819.95,2800472
2021-04-22 10:19:47,819.55,2800617
2021-04-22 10:19:48,819.5,2800764
2021-04-22 10:19:49,819.5,2801606
2021-04-22 10:19:49,819.5,2801606
2021-04-22 10:19:51,819.9,2801706
2021-04-22 10:19:52,819.85,2801821
2021-04-22 10:19:53,819.9,2801877
2021-04-22 10:19:54,819.55,2802426
2021-04-22 10:19:54,819.55,2802426
2021-04-22 10:19:56,819.5,2802436
2021-04-22 10:19:57,819.7,2802451
2021-04-22 10:19:59,819.65,2802527
2021-04-22 10:20:00,819.65,2802737
2021-04-22 10:20:00,819.65,2802737
2021-04-22 10:20:02,819.55,2802864
2021-04-22 10:20:03,819.5,2802871
2021-04-22 10:20:04,819.5,2803424
2021-04-22 10:20:05,819.55,2803699
2021-04-22 10:20:06,819.5,2803782
2021-04-22 10:20:07,819.5,2803907
2021-04-22 10:20:07,819.4,2803908
2021-04-22 10:20:09,819.5,2804016
2021-04-22 10:20:10,819.4,2804378
2021-04-22 10:20:11,819.55,2804505
2021-04-22 10:20:12,819.25,2804530
2021-04-22 10:20:12,819.25,2804530
2021-04-22 10:20:14,819.5,2804580
2021-04-22 10:20:15,819.55,2804585
2021-04-22 10:20:16,819.55,2804594
2021-04-22 10:20:17,819.35,2807243
2021-04-22 10:20:18,819.25,2807343
2021-04-22 10:20:19,819.5,2807369
2021-04-22 10:20:19,819.5,2807369
2021-04-22 10:20:21,819.5,2807369
2021-04-22 10:20:22,819.5,2807369
2021-04-22 10:20:23,819.5,2807381
2021-04-22 10:20:24,819.55,2808484
2021-04-22 10:20:25,819.55,2808484
2021-04-22 10:20:26,819.55,2808495
2021-04-22 10:20:27,819.35,2808578
2021-04-22 10:20:27,819.35,2808578
2021-04-22 10:20:28,819.55,2808579
2021-04-22 10:20:30,819.55,2808583
2021-04-22 10:20:31,819.55,2808604
2021-04-22 10:20:32,819.55,2808608
2021-04-22 10:20:34,819.25,2809056
2021-04-22 10:20:34,819.25,2809056
2021-04-22 10:20:36,819.55,2809076
2021-04-22 10:20:37,819.55,2809108
2021-04-22 10:20:38,819.55,2809108
2021-04-22 10:20:39,819.5,2809308
2021-04-22 10:20:39,819.5,2809308
2021-04-22 10:20:41,819.5,2809370
2021-04-22 10:20:42,819.45,2809396
2021-04-22 10:20:43,819.3,2809427
2021-04-22 10:20:44,819.35,2809483
2021-04-22 10:20:45,819.35,2809503
2021-04-22 10:20:46,819.35,2809503
2021-04-22 10:20:47,819.45,2809506
2021-04-22 10:20:48,819.45,2809506
2021-04-22 10:20:48,819.45,2809506
2021-04-22 10:20:50,819.45,2810719
2021-04-22 10:20:51,819.45,2810860
2021-04-22 10:20:52,819.45,2810961
2021-04-22 10:20:53,819.45,2811106
2021-04-22 10:20:53,819.45,2811131
2021-04-22 10:20:55,819.3,2811349
2021-04-22 10:20:56,819.95,2812022
2021-04-22 10:20:57,819.95,2812022
2021-04-22 10:20:58,819.8,2812274
2021-04-22 10:20:58,820.0,2812147
2021-04-22 10:20:59,819.95,2812319
2021-04-22 10:21:01,819.95,2812319
2021-04-22 10:21:02,819.95,2812319
2021-04-22 10:21:03,819.5,2812585
2021-04-22 10:21:04,819.75,2812586
2021-04-22 10:21:05,819.75,2812667
2021-04-22 10:21:05,819.75,2812669
2021-04-22 10:21:07,819.75,2812762
2021-04-22 10:21:07,819.75,2812762
2021-04-22 10:21:08,819.75,2812762
2021-04-22 10:21:10,819.7,2812782
2021-04-22 10:21:11,819.5,2812961
2021-04-22 10:21:12,819.65,2813005
2021-04-22 10:21:12,819.65,2813005
2021-04-22 10:21:13,819.35,2813167
2021-04-22 10:21:15,819.45,2813211
2021-04-22 10:21:16,819.45,2813215
2021-04-22 10:21:17,819.45,2813235
2021-04-22 10:21:18,819.45,2813351
2021-04-22 10:21:19,819.45,2813351
2021-04-22 10:21:20,820.0,2818646
2021-04-22 10:21:21,819.95,2818722
2021-04-22 10:21:22,819.75,2818734
2021-04-22 10:21:23,819.95,2818853
2021-04-22 10:21:24,819.65,2818943
2021-04-22 10:21:25,819.5,2819004
2021-04-22 10:21:26,819.5,2819004
2021-04-22 10:21:27,819.8,2819123
2021-04-22 10:21:28,819.85,2819635
2021-04-22 10:21:29,819.95,2819817
2021-04-22 10:21:30,819.95,2819817
2021-04-22 10:21:31,820.0,2821085
2021-04-22 10:21:32,820.0,2821125
2021-04-22 10:21:33,820.15,2821178
2021-04-22 10:21:34,820.0,2821261
2021-04-22 10:21:35,820.2,2821285
2021-04-22 10:21:36,820.05,2821300
2021-04-22 10:21:37,820.0,2821350
2021-04-22 10:21:38,820.0,2821350
2021-04-22 10:21:39,820.05,2821370
2021-04-22 10:21:40,820.0,2821676
2021-04-22 10:21:41,820.0,2821701
2021-04-22 10:21:42,820.0,2821811
2021-04-22 10:21:43,820.0,2821811
2021-04-22 10:21:44,820.0,2821892
2021-04-22 10:21:45,820.0,2821932
2021-04-22 10:21:46,820.15,2822452
2021-04-22 10:21:47,820.0,2822492
2021-04-22 10:21:48,820.05,2822964
2021-04-22 10:21:49,820.05,2823516
2021-04-22 10:21:50,820.05,2823641
2021-04-22 10:21:51,820.2,2823703
2021-04-22 10:21:52,820.25,2823783
2021-04-22 10:21:53,820.25,2824148
2021-04-22 10:21:54,820.0,2824848
2021-04-22 10:21:55,820.0,2824848
2021-04-22 10:21:56,820.35,2824851
2021-04-22 10:21:57,820.15,2824976
2021-04-22 10:21:58,820.15,2825047
2021-04-22 10:22:00,820.45,2825356
2021-04-22 10:22:01,820.45,2825408
2021-04-22 10:22:02,820.5,2825410
2021-04-22 10:22:03,820.2,2825440
2021-04-22 10:22:04,820.45,2825495
2021-04-22 10:22:05,820.4,2825655
2021-04-22 10:22:06,820.6,2827921
2021-04-22 10:22:07,820.75,2827955
2021-04-22 10:22:09,820.5,2828048
2021-04-22 10:22:10,820.5,2828090
2021-04-22 10:22:11,820.45,2828100
2021-04-22 10:22:12,820.5,2828238
2021-04-22 10:22:13,820.55,2830777
2021-04-22 10:22:14,820.55,2830806
2021-04-22 10:22:15,820.55,2830997
2021-04-22 10:22:16,820.55,2831097
2021-04-22 10:22:17,820.7,2831100
2021-04-22 10:22:18,820.55,2831155
2021-04-22 10:22:19,820.5,2832174
2021-04-22 10:22:20,820.65,2832210
2021-04-22 10:22:21,820.6,2832275
2021-04-22 10:22:22,820.65,2832381
2021-04-22 10:22:23,820.05,2832835
2021-04-22 10:22:24,820.05,2832865
2021-04-22 10:22:25,820.05,2832884
2021-04-22 10:22:26,820.65,2837932
2021-04-22 10:22:27,820.7,2837937
2021-04-22 10:22:28,820.7,2837937
2021-04-22 10:22:29,820.7,2837937
2021-04-22 10:22:30,820.7,2837952
2021-04-22 10:22:31,820.55,2837965
2021-04-22 10:22:32,820.7,2838147
2021-04-22 10:22:33,820.7,2838700
2021-04-22 10:22:34,820.7,2838747
2021-04-22 10:22:35,820.7,2838747
2021-04-22 10:22:36,820.7,2838752
2021-04-22 10:22:37,820.65,2838916
2021-04-22 10:22:38,820.65,2838916
2021-04-22 10:22:39,820.75,2839167
2021-04-22 10:22:40,820.75,2839188
2021-04-22 10:22:41,820.75,2839205
2021-04-22 10:22:42,820.75,2839210
2021-04-22 10:22:43,820.75,2839516
2021-04-22 10:22:44,820.75,2839890
2021-04-22 10:22:45,820.9,2840066
2021-04-22 10:22:46,820.8,2840068
2021-04-22 10:22:47,820.9,2840364
2021-04-22 10:22:48,820.9,2840364
2021-04-22 10:22:49,821.0,2840479
2021-04-22 10:22:50,821.0,2840689
2021-04-22 10:22:51,821.4,2851084
2021-04-22 10:22:52,821.4,2851084
2021-04-22 10:22:53,821.75,2851954
2021-04-22 10:22:54,821.85,2852579
2021-04-22 10:22:57,821.5,2852806
2021-04-22 10:22:58,821.45,2852987
2021-04-22 10:22:59,821.5,2853102
2021-04-22 10:23:00,821.5,2853226
2021-04-22 10:23:01,821.7,2853257
2021-04-22 10:23:02,821.4,2853407
2021-04-22 10:23:04,821.15,2853957
2021-04-22 10:23:05,821.35,2854072
2021-04-22 10:23:06,821.5,2854115
2021-04-22 10:23:07,821.5,2854344
2021-04-22 10:23:08,821.5,2854705
2021-04-22 10:23:09,821.5,2855033
2021-04-22 10:23:10,821.35,2855649
2021-04-22 10:23:11,821.45,2855659
2021-04-22 10:23:12,821.35,2855969
2021-04-22 10:23:13,821.35,2856036
2021-04-22 10:23:14,821.45,2856126
2021-04-22 10:23:15,821.45,2856136
2021-04-22 10:23:16,821.45,2856146
2021-04-22 10:23:17,821.35,2856152
2021-04-22 10:23:18,821.35,2856167
2021-04-22 10:23:19,821.35,2856177
2021-04-22 10:23:20,821.4,2856586
2021-04-22 10:23:21,821.35,2856628
2021-04-22 10:23:22,821.05,2856647
2021-04-22 10:23:23,821.05,2856747
2021-04-22 10:23:24,821.35,2856942
2021-04-22 10:23:25,821.0,2857193
2021-04-22 10:23:26,821.15,2857269
2021-04-22 10:23:27,821.2,2857304
2021-04-22 10:23:28,821.2,2857615
2021-04-22 10:23:29,821.15,2857620
2021-04-22 10:23:30,821.0,2857664
2021-04-22 10:23:31,821.15,2857666
2021-04-22 10:23:32,821.0,2857876
2021-04-22 10:23:33,821.0,2857961
2021-04-22 10:23:34,821.3,2858087
2021-04-22 10:23:35,821.3,2858197
2021-04-22 10:23:36,821.3,2858257
2021-04-22 10:23:37,821.1,2858287
2021-04-22 10:23:38,821.15,2858353
2021-04-22 10:23:40,821.15,2858402
2021-04-22 10:23:40,821.15,2858506
2021-04-22 10:23:41,821.3,2858512
2021-04-22 10:23:42,821.3,2858512
2021-04-22 10:23:43,821.15,2858604
2021-04-22 10:23:44,821.15,2858604
2021-04-22 10:23:45,821.15,2858605
2021-04-22 10:23:46,821.1,2858625
2021-04-22 10:23:47,821.05,2858699
2021-04-22 10:23:48,821.1,2859104
2021-04-22 10:23:49,821.15,2859106
2021-04-22 10:23:50,821.1,2859149
2021-04-22 10:23:51,821.1,2859149
2021-04-22 10:23:52,821.15,2859164
2021-04-22 10:23:53,821.1,2859179
2021-04-22 10:23:55,821.1,2859189
2021-04-22 10:23:55,821.1,2859189
2021-04-22 10:23:57,821.1,2859314
2021-04-22 10:23:58,821.1,2859399
2021-04-22 10:23:59,821.25,2859408
2021-04-22 10:24:00,821.05,2859418
2021-04-22 10:24:01,821.05,2859493
2021-04-22 10:24:02,821.2,2859504
2021-04-22 10:24:03,821.05,2859564
2021-04-22 10:24:04,821.0,2859568
2021-04-22 10:24:05,821.05,2859619
2021-04-22 10:24:06,821.05,2859636
2021-04-22 10:24:07,820.8,2860660
2021-04-22 10:24:08,820.85,2860766
2021-04-22 10:24:09,820.85,2860832
2021-04-22 10:24:10,821.0,2861278
2021-04-22 10:24:11,820.75,2861371
2021-04-22 10:24:12,820.75,2861486
2021-04-22 10:24:13,821.0,2861522
2021-04-22 10:24:14,820.8,2861622
2021-04-22 10:24:15,820.8,2861622
2021-04-22 10:24:16,821.0,2861702
2021-04-22 10:24:17,821.0,2861805
2021-04-22 10:24:18,821.0,2861905
2021-04-22 10:24:19,821.0,2868170
2021-04-22 10:24:20,821.05,2868813
2021-04-22 10:24:21,821.05,2868904
2021-04-22 10:24:22,821.05,2868904
2021-04-22 10:24:23,821.4,2868934
2021-04-22 10:24:24,821.1,2869072
2021-04-22 10:24:25,821.1,2869254
2021-04-22 10:24:26,821.45,2869264
2021-04-22 10:24:27,821.75,2873939
2021-04-22 10:24:28,821.55,2874040
2021-04-22 10:24:29,821.8,2874349
2021-04-22 10:24:30,821.5,2874389
2021-04-22 10:24:31,821.8,2874451
2021-04-22 10:24:32,821.5,2874551
2021-04-22 10:24:33,821.75,2874601
2021-04-22 10:24:34,821.6,2874708
2021-04-22 10:24:36,821.6,2874956
2021-04-22 10:24:37,821.25,2875112
2021-04-22 10:24:38,821.1,2875151
2021-04-22 10:24:39,821.1,2875151
2021-04-22 10:24:40,821.55,2875576
2021-04-22 10:24:41,821.55,2875576
2021-04-22 10:24:42,821.5,2875582
2021-04-22 10:24:43,821.5,2875703
2021-04-22 10:24:44,821.5,2875878
2021-04-22 10:24:45,821.1,2876198
2021-04-22 10:24:46,821.0,2876309
2021-04-22 10:24:47,821.35,2876875
2021-04-22 10:24:48,821.0,2876979
2021-04-22 10:24:49,821.5,2877979
2021-04-22 10:24:50,821.45,2877986
2021-04-22 10:24:52,821.2,2878001
2021-04-22 10:24:53,821.25,2878618
2021-04-22 10:24:54,821.45,2878621
2021-04-22 10:24:55,821.45,2878624
2021-04-22 10:24:56,821.2,2878734
2021-04-22 10:24:57,821.5,2878834
2021-04-22 10:24:58,821.5,2878873
2021-04-22 10:24:59,821.5,2878873
2021-04-22 10:25:00,821.45,2879007
2021-04-22 10:25:01,821.45,2879039
2021-04-22 10:25:02,821.45,2879373
2021-04-22 10:25:03,821.25,2879584
2021-04-22 10:25:04,821.5,2879985
2021-04-22 10:25:05,821.5,2880086
2021-04-22 10:25:06,821.45,2880495
2021-04-22 10:25:07,821.5,2880496
2021-04-22 10:25:08,821.5,2880896
2021-04-22 10:25:09,821.7,2880909
2021-04-22 10:25:10,821.25,2881095
2021-04-22 10:25:11,821.4,2881157
2021-04-22 10:25:12,821.25,2881258
2021-04-22 10:25:13,821.4,2881496
2021-04-22 10:25:14,821.4,2881565
2021-04-22 10:25:15,821.4,2881605
2021-04-22 10:25:16,821.4,2881605
2021-04-22 10:25:17,821.05,2881788
2021-04-22 10:25:18,821.4,2882288
2021-04-22 10:25:19,821.4,2882603
2021-04-22 10:25:20,821.4,2883470
2021-04-22 10:25:21,821.4,2883599
2021-04-22 10:25:22,821.4,2883612
2021-04-22 10:25:23,821.4,2883617
2021-04-22 10:25:24,821.4,2883900
2021-04-22 10:25:25,821.5,2885602
2021-04-22 10:25:26,821.3,2886302
2021-04-22 10:25:27,821.45,2886304
2021-04-22 10:25:28,821.25,2886424
2021-04-22 10:25:29,821.5,2886655
2021-04-22 10:25:30,821.5,2887032
2021-04-22 10:25:31,821.5,2887728
2021-04-22 10:25:32,821.7,2888036
2021-04-22 10:25:33,821.45,2888214
2021-04-22 10:25:34,822.5,2909396
2021-04-22 10:25:35,822.2,2909671
2021-04-22 10:25:37,822.05,2910093
2021-04-22 10:25:38,822.4,2910148
2021-04-22 10:25:39,822.05,2910187
2021-04-22 10:25:40,822.45,2910762
2021-04-22 10:25:41,822.05,2910962
2021-04-22 10:25:42,822.05,2911124
2021-04-22 10:25:43,822.5,2911849
2021-04-22 10:25:43,822.5,2911849
2021-04-22 10:25:44,822.05,2912044
2021-04-22 10:25:45,822.5,2912374
2021-04-22 10:25:46,822.3,2912558
2021-04-22 10:25:47,822.15,2912758
2021-04-22 10:25:48,822.5,2912929
2021-04-22 10:25:49,822.5,2913248
2021-04-22 10:25:50,822.5,2913293
2021-04-22 10:25:51,822.45,2914215
2021-04-22 10:25:52,822.5,2914265
2021-04-22 10:25:53,822.3,2914845
2021-04-22 10:25:54,822.45,2914862
2021-04-22 10:25:55,822.45,2914936
2021-04-22 10:25:56,822.5,2915474
2021-04-22 10:25:57,822.3,2915629
2021-04-22 10:25:58,822.5,2916157
2021-04-22 10:25:59,822.5,2927187
2021-04-22 10:26:00,822.5,2927187
2021-04-22 10:26:01,822.7,2927859
2021-04-22 10:26:02,822.7,2928037
2021-04-22 10:26:03,822.45,2928058
2021-04-22 10:26:04,822.75,2928209
2021-04-22 10:26:05,822.75,2928209
2021-04-22 10:26:06,822.75,2928338
2021-04-22 10:26:07,822.7,2928404
2021-04-22 10:26:08,822.55,2928534
2021-04-22 10:26:09,822.85,2929021
2021-04-22 10:26:11,823.0,2930692
2021-04-22 10:26:12,822.95,2931163
2021-04-22 10:26:13,823.0,2931373
2021-04-22 10:26:14,823.0,2931633
2021-04-22 10:26:15,822.85,2932757
2021-04-22 10:26:16,823.0,2933925
2021-04-22 10:26:16,822.8,2932824
2021-04-22 10:26:17,823.0,2934076
2021-04-22 10:26:18,822.75,2934956
2021-04-22 10:26:19,822.7,2935205
2021-04-22 10:26:20,823.0,2935405
2021-04-22 10:26:21,823.0,2935905
2021-04-22 10:26:22,822.75,2936018
2021-04-22 10:26:23,823.0,2936113
2021-04-22 10:26:24,822.75,2936253
2021-04-22 10:26:25,823.0,2936779
2021-04-22 10:26:26,823.0,2936779
2021-04-22 10:26:27,822.75,2936844
2021-04-22 10:26:28,823.5,2958731
2021-04-22 10:26:30,823.5,2959399
2021-04-22 10:26:31,822.7,2963432
2021-04-22 10:26:32,822.9,2963813
2021-04-22 10:26:33,823.5,2964075
2021-04-22 10:26:35,823.6,2964364
2021-04-22 10:26:36,823.05,2964371
2021-04-22 10:26:37,822.95,2967605
2021-04-22 10:26:39,823.15,2967630
2021-04-22 10:26:40,823.35,2968045
2021-04-22 10:26:40,823.35,2968045
2021-04-22 10:26:41,823.0,2968551
2021-04-22 10:26:42,823.1,2968611
2021-04-22 10:26:44,823.3,2968845
2021-04-22 10:26:45,823.1,2968945
2021-04-22 10:26:46,823.3,2969313
2021-04-22 10:26:46,823.3,2969313
2021-04-22 10:26:47,823.0,2969730
2021-04-22 10:26:48,823.3,2970064
2021-04-22 10:26:50,823.3,2970229
2021-04-22 10:26:51,823.3,2970531
2021-04-22 10:26:51,823.3,2970531
2021-04-22 10:26:52,823.35,2970831
2021-04-22 10:26:53,823.3,2971429
2021-04-22 10:26:55,823.0,2971737
2021-04-22 10:26:56,823.3,2971750
2021-04-22 10:26:57,823.3,2972829
2021-04-22 10:26:57,823.3,2972729
2021-04-22 10:26:58,823.25,2972844
2021-04-22 10:26:59,823.25,2973456
2021-04-22 10:27:01,822.95,2976672
2021-04-22 10:27:02,822.7,2976837
2021-04-22 10:27:02,823.0,2976787
2021-04-22 10:27:03,822.7,2976866
2021-04-22 10:27:04,822.95,2977171
2021-04-22 10:27:05,823.0,2977177
2021-04-22 10:27:06,823.0,2977177
2021-04-22 10:27:07,822.6,2977242
2021-04-22 10:27:08,822.95,2977311
2021-04-22 10:27:10,823.0,2978314
2021-04-22 10:27:11,822.95,2978444
2021-04-22 10:27:12,822.8,2979047
