timestamp,ltp,volume
1970-01-01 05:30:00,1697.7,3317008
2021-04-22 09:22:10,1675.35,293472
2021-04-22 09:40:10,1680.35,442670
2021-04-22 09:40:10,1680.35,442670
2021-04-22 09:40:11,1679.9,442782
2021-04-22 09:40:11,1679.9,442782
2021-04-22 09:40:12,1679.9,442782
2021-04-22 09:40:12,1679.9,442782
2021-04-22 09:40:13,1680.2,442785
2021-04-22 09:40:13,1680.2,442785
2021-04-22 09:40:14,1680.05,442896
2021-04-22 09:40:14,1680.05,442896
2021-04-22 09:40:15,1680.1,442956
2021-04-22 09:40:15,1680.1,442956
2021-04-22 09:40:16,1679.4,443133
2021-04-22 09:40:16,1679.4,443133
2021-04-22 09:40:17,1679.2,443342
2021-04-22 09:40:17,1679.2,443342
2021-04-22 09:40:18,1679.2,443372
2021-04-22 09:40:18,1679.2,443372
2021-04-22 09:40:19,1679.2,443408
2021-04-22 09:40:19,1679.2,443408
2021-04-22 09:40:20,1679.15,443420
2021-04-22 09:40:20,1679.15,443420
2021-04-22 09:40:21,1679.3,443468
2021-04-22 09:40:21,1679.3,443468
2021-04-22 09:40:22,1679.3,443468
2021-04-22 09:40:22,1679.3,443468
2021-04-22 09:40:23,1679.9,443476
2021-04-22 09:40:23,1679.9,443476
2021-04-22 09:40:24,1679.9,443476
2021-04-22 09:40:24,1679.9,443476
2021-04-22 09:40:25,1681.0,444277
2021-04-22 09:40:25,1681.0,444277
2021-04-22 09:40:27,1681.0,444331
2021-04-22 09:40:27,1681.0,444331
2021-04-22 09:40:28,1680.9,444492
2021-04-22 09:40:28,1680.9,444492
2021-04-22 09:40:29,1680.9,444492
2021-04-22 09:40:29,1680.9,444492
2021-04-22 09:40:29,1680.9,444492
2021-04-22 09:40:30,1681.0,444553
2021-04-22 09:40:29,1680.9,444492
2021-04-22 09:40:30,1681.0,444553
2021-04-22 09:40:31,1681.0,444620
2021-04-22 09:40:31,1681.0,444620
2021-04-22 09:40:32,1681.0,444673
2021-04-22 09:40:33,1680.85,444709
2021-04-22 09:40:32,1681.0,444673
2021-04-22 09:40:33,1680.85,444709
2021-04-22 09:40:34,1681.4,444975
2021-04-22 09:40:34,1681.4,444975
2021-04-22 09:40:35,1681.4,444975
2021-04-22 09:40:35,1681.4,444975
2021-04-22 09:40:36,1681.65,444980
2021-04-22 09:40:36,1681.65,444980
2021-04-22 09:40:38,1681.9,445470
2021-04-22 09:40:38,1681.9,445470
2021-04-22 09:40:39,1681.95,445497
2021-04-22 09:40:39,1681.95,445497
2021-04-22 09:40:40,1681.55,445522
2021-04-22 09:40:40,1681.55,445522
2021-04-22 09:40:41,1681.45,445742
2021-04-22 09:40:41,1681.45,445742
2021-04-22 09:40:42,1681.45,445742
2021-04-22 09:40:42,1681.45,445742
2021-04-22 09:40:43,1681.45,445742
2021-04-22 09:40:43,1681.45,445742
2021-04-22 09:40:45,1681.9,445744
2021-04-22 09:40:45,1681.9,445744
2021-04-22 09:40:46,1681.85,445750
2021-04-22 09:40:46,1681.85,445750
2021-04-22 09:40:47,1681.7,445751
2021-04-22 09:40:47,1681.7,445751
2021-04-22 09:40:48,1681.9,445811
2021-04-22 09:40:48,1681.9,445811
2021-04-22 09:40:49,1681.75,445901
2021-04-22 09:40:49,1681.75,445901
2021-04-22 09:40:50,1681.95,445902
2021-04-22 09:40:50,1681.95,445902
2021-04-22 09:40:51,1681.75,445910
2021-04-22 09:40:51,1681.75,445910
2021-04-22 09:40:52,1681.9,445969
2021-04-22 09:40:52,1681.9,445969
2021-04-22 09:40:53,1681.9,445969
2021-04-22 09:40:53,1681.9,445969
2021-04-22 09:40:54,1681.9,445969
2021-04-22 09:40:54,1681.9,445969
2021-04-22 09:40:55,1682.65,448275
2021-04-22 09:40:55,1682.65,448275
2021-04-22 09:40:56,1682.7,448505
2021-04-22 09:40:56,1682.7,448505
2021-04-22 09:40:57,1684.45,449358
2021-04-22 09:40:57,1684.45,449358
2021-04-22 09:40:58,1684.3,449381
2021-04-22 09:40:58,1684.3,449381
2021-04-22 09:40:59,1684.05,449392
2021-04-22 09:40:59,1684.05,449392
2021-04-22 09:41:00,1684.3,449478
2021-04-22 09:41:00,1684.3,449478
2021-04-22 09:41:01,1684.25,449483
2021-04-22 09:41:01,1684.25,449483
2021-04-22 09:41:02,1684.2,449520
2021-04-22 09:41:02,1684.2,449520
2021-04-22 09:41:03,1684.2,449874
2021-04-22 09:41:03,1684.2,449874
2021-04-22 09:41:04,1684.25,450376
2021-04-22 09:41:04,1684.25,450376
2021-04-22 09:41:05,1684.15,450476
2021-04-22 09:41:05,1684.15,450476
2021-04-22 09:41:06,1684.2,450486
2021-04-22 09:41:06,1684.2,450486
2021-04-22 09:41:07,1684.25,450545
2021-04-22 09:41:07,1684.25,450545
2021-04-22 09:41:08,1684.25,450660
2021-04-22 09:41:08,1684.25,450660
2021-04-22 09:41:09,1684.45,450774
2021-04-22 09:41:09,1684.45,450774
2021-04-22 09:41:10,1684.45,450786
2021-04-22 09:41:10,1684.45,450786
2021-04-22 09:41:11,1684.45,450800
2021-04-22 09:41:11,1684.45,450800
2021-04-22 09:41:12,1684.6,450807
2021-04-22 09:41:12,1684.6,450807
2021-04-22 09:41:13,1684.9,451816
2021-04-22 09:41:13,1684.9,451816
2021-04-22 09:41:14,1685.65,451963
2021-04-22 09:41:14,1685.65,451963
2021-04-22 09:41:15,1684.9,452313
2021-04-22 09:41:15,1684.9,452313
2021-04-22 09:41:16,1685.45,452412
2021-04-22 09:41:16,1685.45,452412
2021-04-22 09:41:17,1686.2,454660
2021-04-22 09:41:17,1686.2,454660
2021-04-22 09:41:18,1686.2,454660
2021-04-22 09:41:18,1686.2,454660
2021-04-22 09:41:19,1685.25,454711
2021-04-22 09:41:19,1685.25,454711
2021-04-22 09:41:20,1686.4,455075
2021-04-22 09:41:20,1686.4,455075
2021-04-22 09:41:21,1685.05,455243
2021-04-22 09:41:21,1685.05,455243
2021-04-22 09:41:22,1685.9,455398
2021-04-22 09:41:22,1685.9,455398
2021-04-22 09:41:23,1685.35,455414
2021-04-22 09:41:23,1685.35,455414
2021-04-22 09:41:24,1685.35,455421
2021-04-22 09:41:24,1685.35,455421
2021-04-22 09:41:26,1686.0,455427
2021-04-22 09:41:26,1686.0,455427
2021-04-22 09:41:28,1685.6,455686
2021-04-22 09:41:28,1685.6,455686
2021-04-22 09:41:28,1685.6,455686
2021-04-22 09:41:28,1685.6,455686
2021-04-22 09:41:30,1685.6,456489
2021-04-22 09:41:30,1685.6,456489
2021-04-22 09:41:31,1685.8,456557
2021-04-22 09:41:31,1685.8,456557
2021-04-22 09:41:32,1685.65,456582
2021-04-22 09:41:32,1685.65,456582
2021-04-22 09:41:33,1685.8,456628
2021-04-22 09:41:33,1685.8,456628
2021-04-22 09:41:34,1685.8,456638
2021-04-22 09:41:34,1685.8,456638
2021-04-22 09:41:36,1685.8,456864
2021-04-22 09:41:36,1685.8,456864
2021-04-22 09:41:37,1685.8,456875
2021-04-22 09:41:37,1685.8,456875
2021-04-22 09:41:37,1685.7,457043
2021-04-22 09:41:37,1685.7,457043
2021-04-22 09:41:38,1685.3,457910
2021-04-22 09:41:38,1685.3,457910
2021-04-22 09:41:39,1685.6,457920
2021-04-22 09:41:39,1685.6,457920
2021-04-22 09:41:40,1685.5,457925
2021-04-22 09:41:40,1685.5,457925
2021-04-22 09:41:41,1685.5,457927
2021-04-22 09:41:41,1685.5,457927
2021-04-22 09:41:43,1685.35,458036
2021-04-22 09:41:43,1685.35,458036
2021-04-22 09:41:44,1685.35,458036
2021-04-22 09:41:44,1685.35,458036
2021-04-22 09:41:45,1685.05,458037
2021-04-22 09:41:45,1685.05,458037
2021-04-22 09:41:45,1685.3,458147
2021-04-22 09:41:45,1685.3,458147
2021-04-22 09:41:46,1685.3,458147
2021-04-22 09:41:46,1685.3,458147
2021-04-22 09:41:47,1685.35,458172
2021-04-22 09:41:47,1685.35,458172
2021-04-22 09:41:48,1685.05,458200
2021-04-22 09:41:48,1685.05,458200
2021-04-22 09:41:50,1685.3,458495
2021-04-22 09:41:50,1685.3,458495
2021-04-22 09:41:50,1685.05,458499
2021-04-22 09:41:50,1685.05,458499
2021-04-22 09:41:52,1685.05,458559
2021-04-22 09:41:52,1685.05,458559
2021-04-22 09:41:53,1685.05,458559
2021-04-22 09:41:53,1685.05,458559
2021-04-22 09:41:53,1685.05,458559
2021-04-22 09:41:53,1685.05,458559
2021-04-22 09:41:54,1685.95,458787
2021-04-22 09:41:54,1685.95,458787
2021-04-22 09:41:56,1685.0,459021
2021-04-22 09:41:56,1685.0,459021
2021-04-22 09:41:56,1685.0,459021
2021-04-22 09:41:56,1685.0,459021
2021-04-22 09:41:57,1684.85,459298
2021-04-22 09:41:57,1684.85,459298
2021-04-22 09:41:58,1684.7,459475
2021-04-22 09:41:58,1684.7,459475
2021-04-22 09:42:00,1684.7,459475
2021-04-22 09:42:00,1684.7,459475
2021-04-22 09:42:01,1684.65,459479
2021-04-22 09:42:01,1684.65,459479
2021-04-22 09:42:02,1684.9,459579
2021-04-22 09:42:02,1684.9,459579
2021-04-22 09:42:02,1684.9,459580
2021-04-22 09:42:02,1684.9,459580
2021-04-22 09:42:04,1685.0,459582
2021-04-22 09:42:04,1685.0,459582
2021-04-22 09:42:05,1684.9,459590
2021-04-22 09:42:05,1684.9,459590
2021-04-22 09:42:05,1684.9,459701
2021-04-22 09:42:05,1684.9,459701
2021-04-22 09:42:07,1684.95,459711
2021-04-22 09:42:07,1684.95,459711
2021-04-22 09:42:09,1684.75,459758
2021-04-22 09:42:09,1684.75,459758
2021-04-22 09:42:11,1685.2,459933
2021-04-22 09:42:11,1685.2,459933
2021-04-22 09:42:12,1685.2,459933
2021-04-22 09:42:12,1685.2,459933
2021-04-22 09:42:13,1685.2,459933
2021-04-22 09:42:13,1684.85,459943
2021-04-22 09:42:13,1684.85,459943
2021-04-22 09:42:13,1685.2,459933
2021-04-22 09:42:14,1684.85,459993
2021-04-22 09:42:14,1684.85,459993
2021-04-22 09:42:15,1684.95,459999
2021-04-22 09:42:15,1684.95,459999
2021-04-22 09:42:16,1684.95,460041
2021-04-22 09:42:16,1684.95,460041
2021-04-22 09:42:18,1684.95,460044
2021-04-22 09:42:18,1684.95,460044
2021-04-22 09:42:19,1685.2,460058
2021-04-22 09:42:19,1685.2,460058
2021-04-22 09:42:20,1685.2,460066
2021-04-22 09:42:20,1685.2,460066
2021-04-22 09:42:20,1685.2,460066
2021-04-22 09:42:20,1685.2,460066
2021-04-22 09:42:21,1685.15,460070
2021-04-22 09:42:21,1685.15,460070
2021-04-22 09:42:22,1685.15,460070
2021-04-22 09:42:22,1685.15,460070
2021-04-22 09:42:24,1685.3,460089
2021-04-22 09:42:24,1685.3,460089
2021-04-22 09:42:25,1685.95,460096
2021-04-22 09:42:25,1685.95,460096
2021-04-22 09:42:26,1686.15,460201
2021-04-22 09:42:26,1686.15,460201
2021-04-22 09:42:28,1686.4,460246
2021-04-22 09:42:28,1686.4,460246
2021-04-22 09:42:29,1686.1,460261
2021-04-22 09:42:29,1686.1,460261
2021-04-22 09:42:30,1686.1,460263
2021-04-22 09:42:30,1686.1,460263
2021-04-22 09:42:31,1686.4,460345
2021-04-22 09:42:31,1686.4,460345
2021-04-22 09:42:32,1686.45,460719
2021-04-22 09:42:32,1686.45,460719
2021-04-22 09:42:33,1687.0,460729
2021-04-22 09:42:33,1687.0,460729
2021-04-22 09:42:34,1686.55,460740
2021-04-22 09:42:34,1686.55,460740
2021-04-22 09:42:34,1686.55,460740
2021-04-22 09:42:34,1686.55,460740
2021-04-22 09:42:35,1686.55,460741
2021-04-22 09:42:35,1686.55,460741
2021-04-22 09:42:36,1686.85,460989
2021-04-22 09:42:36,1686.85,460989
2021-04-22 09:42:37,1686.7,460991
2021-04-22 09:42:37,1686.7,460991
2021-04-22 09:42:38,1686.3,461079
2021-04-22 09:42:38,1686.3,461079
2021-04-22 09:42:39,1686.3,461079
2021-04-22 09:42:39,1686.3,461079
2021-04-22 09:42:40,1686.45,461089
2021-04-22 09:42:40,1686.45,461089
2021-04-22 09:42:41,1687.0,461951
2021-04-22 09:42:41,1687.0,461951
2021-04-22 09:42:42,1687.0,464760
2021-04-22 09:42:42,1687.0,464760
2021-04-22 09:42:43,1687.0,464881
2021-04-22 09:42:43,1687.0,464881
2021-04-22 09:42:45,1687.0,464881
2021-04-22 09:42:45,1687.0,464881
2021-04-22 09:42:46,1686.9,464886
2021-04-22 09:42:46,1686.9,464886
2021-04-22 09:42:47,1687.05,464899
2021-04-22 09:42:47,1687.05,464899
2021-04-22 09:42:48,1687.05,464927
2021-04-22 09:42:48,1687.05,464927
2021-04-22 09:42:48,1687.05,464927
2021-04-22 09:42:48,1687.05,464927
2021-04-22 09:42:49,1687.05,464941
2021-04-22 09:42:49,1687.05,464941
2021-04-22 09:42:50,1686.7,465254
2021-04-22 09:42:50,1686.7,465254
2021-04-22 09:42:51,1684.5,465931
2021-04-22 09:42:51,1684.5,465931
2021-04-22 09:42:52,1685.6,466947
2021-04-22 09:42:52,1685.6,466947
2021-04-22 09:42:53,1684.85,467035
2021-04-22 09:42:53,1684.85,467035
2021-04-22 09:42:55,1684.85,467035
2021-04-22 09:42:55,1684.85,467035
2021-04-22 09:42:56,1685.15,467040
2021-04-22 09:42:56,1685.15,467040
2021-04-22 09:42:57,1684.95,467050
2021-04-22 09:42:57,1684.95,467050
2021-04-22 09:42:57,1685.1,467076
2021-04-22 09:42:57,1685.1,467076
2021-04-22 09:42:59,1685.1,467415
2021-04-22 09:42:59,1685.1,467415
2021-04-22 09:42:59,1685.1,467415
2021-04-22 09:42:59,1685.1,467415
2021-04-22 09:43:01,1685.25,467531
2021-04-22 09:43:01,1685.25,467531
2021-04-22 09:43:02,1685.25,467740
2021-04-22 09:43:02,1685.25,467740
2021-04-22 09:43:03,1685.25,467756
2021-04-22 09:43:03,1685.25,467756
2021-04-22 09:43:03,1685.25,467755
2021-04-22 09:43:03,1685.25,467755
2021-04-22 09:43:04,1685.2,467776
2021-04-22 09:43:05,1685.2,467776
2021-04-22 09:43:04,1685.2,467776
2021-04-22 09:43:05,1685.2,467776
2021-04-22 09:43:06,1685.25,467787
2021-04-22 09:43:06,1685.25,467787
2021-04-22 09:43:07,1685.25,467792
2021-04-22 09:43:08,1685.25,467795
2021-04-22 09:43:08,1685.25,467795
2021-04-22 09:43:09,1685.25,467795
2021-04-22 09:43:09,1685.25,467795
2021-04-22 09:43:10,1685.25,467799
2021-04-22 09:43:10,1685.25,467799
2021-04-22 09:43:11,1685.25,467799
2021-04-22 09:43:11,1685.25,467799
2021-04-22 09:43:12,1685.2,467979
2021-04-22 09:43:12,1685.2,467979
2021-04-22 09:43:13,1685.05,468021
2021-04-22 09:43:13,1685.05,468021
2021-04-22 09:43:14,1685.15,468098
2021-04-22 09:43:14,1685.15,468098
2021-04-22 09:43:16,1685.2,468119
2021-04-22 09:43:16,1685.2,468119
2021-04-22 09:43:16,1685.2,468135
2021-04-22 09:43:16,1685.2,468135
2021-04-22 09:43:17,1684.45,468246
2021-04-22 09:43:17,1684.45,468246
2021-04-22 09:43:19,1684.25,468752
2021-04-22 09:43:19,1684.25,468752
2021-04-22 09:43:20,1684.3,468755
2021-04-22 09:43:20,1684.3,468755
2021-04-22 09:43:21,1684.3,468866
2021-04-22 09:43:21,1684.3,468866
2021-04-22 09:43:21,1684.3,468866
2021-04-22 09:43:21,1684.3,468866
2021-04-22 09:43:22,1684.3,468866
2021-04-22 09:43:22,1684.3,468866
2021-04-22 09:43:23,1684.75,468891
2021-04-22 09:43:23,1684.75,468891
2021-04-22 09:43:24,1684.75,468891
2021-04-22 09:43:24,1684.75,468891
2021-04-22 09:43:25,1684.85,468905
2021-04-22 09:43:25,1684.85,468905
2021-04-22 09:43:26,1684.85,468910
2021-04-22 09:43:26,1684.85,468910
2021-04-22 09:43:27,1685.15,469029
2021-04-22 09:43:27,1685.15,469029
2021-04-22 09:43:29,1684.65,469067
2021-04-22 09:43:29,1684.65,469067
2021-04-22 09:43:30,1685.1,469107
2021-04-22 09:43:30,1685.1,469107
2021-04-22 09:43:31,1685.1,469114
2021-04-22 09:43:31,1685.1,469114
2021-04-22 09:43:32,1685.25,469147
2021-04-22 09:43:32,1685.25,469147
2021-04-22 09:43:33,1685.25,469164
2021-04-22 09:43:33,1685.25,469164
2021-04-22 09:43:34,1685.2,469270
2021-04-22 09:43:34,1685.2,469270
2021-04-22 09:43:35,1685.2,469306
2021-04-22 09:43:36,1685.6,469311
2021-04-22 09:43:36,1685.6,469311
2021-04-22 09:43:35,1685.2,469306
2021-04-22 09:43:37,1685.2,469350
2021-04-22 09:43:37,1685.2,469350
2021-04-22 09:43:38,1685.45,469351
2021-04-22 09:43:38,1685.45,469351
2021-04-22 09:43:39,1685.1,469563
2021-04-22 09:43:40,1685.6,469567
2021-04-22 09:43:41,1685.55,469571
2021-04-22 09:43:42,1685.55,469571
2021-04-22 09:43:43,1685.55,469581
2021-04-22 09:43:44,1685.55,469581
2021-04-22 09:43:45,1685.4,469602
2021-04-22 09:43:46,1685.5,469611
2021-04-22 09:43:47,1685.5,469611
2021-04-22 09:43:48,1685.5,469637
2021-04-22 09:43:49,1686.0,469946
2021-04-22 09:43:50,1685.8,469975
2021-04-22 09:43:51,1685.85,470030
2021-04-22 09:43:52,1685.85,470030
2021-04-22 09:43:53,1685.5,470175
2021-04-22 09:43:54,1685.6,470361
2021-04-22 09:43:55,1685.6,470361
2021-04-22 09:43:55,1685.6,470361
2021-04-22 09:43:56,1685.45,470366
2021-04-22 09:43:58,1685.5,470369
2021-04-22 09:43:59,1685.4,470375
2021-04-22 09:44:00,1685.7,470573
2021-04-22 09:44:01,1685.65,470577
2021-04-22 09:44:02,1685.2,470637
2021-04-22 09:44:03,1685.6,470753
2021-04-22 09:44:04,1684.45,473788
2021-04-22 09:44:05,1684.55,474142
2021-04-22 09:44:06,1684.25,474144
2021-04-22 09:44:07,1684.25,474144
2021-04-22 09:44:08,1685.2,474148
2021-04-22 09:44:09,1685.2,474188
2021-04-22 09:44:10,1685.2,474188
2021-04-22 09:44:11,1685.15,474529
2021-04-22 09:44:12,1684.9,474949
2021-04-22 09:44:13,1685.2,474959
2021-04-22 09:44:14,1685.2,475009
2021-04-22 09:44:15,1684.95,475011
2021-04-22 09:44:16,1685.6,475223
2021-04-22 09:44:17,1685.65,475264
2021-04-22 09:44:18,1685.4,475286
2021-04-22 09:44:19,1685.0,475318
2021-04-22 09:44:20,1685.0,475526
2021-04-22 09:44:21,1685.05,475551
2021-04-22 09:44:22,1685.05,475561
2021-04-22 09:44:23,1685.0,475862
2021-04-22 09:44:24,1683.35,475980
2021-04-22 09:44:25,1684.15,476198
2021-04-22 09:44:26,1683.95,476581
2021-04-22 09:44:27,1683.95,476581
2021-04-22 09:44:28,1683.9,476686
2021-04-22 09:44:29,1683.65,476692
2021-04-22 09:44:30,1683.75,476834
2021-04-22 09:44:31,1683.9,476894
2021-04-22 09:44:32,1683.9,476895
2021-04-22 09:44:33,1683.9,476961
2021-04-22 09:44:34,1683.9,476961
2021-04-22 09:44:35,1683.75,476987
2021-04-22 09:44:36,1683.8,477020
2021-04-22 09:44:37,1683.85,477030
2021-04-22 09:44:38,1684.15,477261
2021-04-22 09:44:38,1684.15,477261
2021-04-22 09:44:39,1684.15,477261
2021-04-22 09:44:40,1684.45,477271
2021-04-22 09:44:41,1684.05,477341
2021-04-22 09:44:42,1684.85,477944
2021-04-22 09:44:43,1684.05,478078
2021-04-22 09:44:45,1683.95,478440
2021-04-22 09:44:46,1682.85,479382
2021-04-22 09:44:47,1682.85,479382
2021-04-22 09:44:48,1683.0,479829
2021-04-22 09:44:49,1682.8,479890
2021-04-22 09:44:50,1683.0,480033
2021-04-22 09:44:51,1683.35,480216
2021-04-22 09:44:52,1683.2,480255
2021-04-22 09:44:53,1683.2,480255
2021-04-22 09:44:54,1683.2,480255
2021-04-22 09:44:55,1683.2,480255
2021-04-22 09:44:56,1683.6,480423
2021-04-22 09:44:57,1683.6,480425
2021-04-22 09:44:58,1683.6,480427
2021-04-22 09:44:59,1683.6,480427
2021-04-22 09:45:00,1683.5,480580
2021-04-22 09:45:02,1683.55,480729
2021-04-22 09:45:03,1683.5,480780
2021-04-22 09:45:04,1683.55,480831
2021-04-22 09:45:05,1683.55,480831
2021-04-22 09:45:06,1683.7,480897
2021-04-22 09:45:07,1683.7,480897
2021-04-22 09:45:08,1683.7,480902
2021-04-22 09:45:08,1683.7,480902
2021-04-22 09:45:09,1683.65,480924
2021-04-22 09:45:12,1683.65,481065
2021-04-22 09:45:13,1683.6,481080
2021-04-22 09:45:14,1683.6,481105
2021-04-22 09:45:15,1683.6,481105
2021-04-22 09:45:16,1683.7,481210
2021-04-22 09:45:17,1683.6,481211
2021-04-22 09:45:18,1683.6,481216
2021-04-22 09:45:18,1683.6,481216
2021-04-22 09:45:20,1683.6,481269
2021-04-22 09:45:21,1683.7,481528
2021-04-22 09:45:22,1683.85,481529
2021-04-22 09:45:23,1683.85,481529
2021-04-22 09:45:24,1683.85,481534
2021-04-22 09:45:25,1683.85,481534
2021-04-22 09:45:26,1683.85,481564
2021-04-22 09:45:27,1683.7,481629
2021-04-22 09:45:28,1683.7,481680
2021-04-22 09:45:29,1683.7,481786
2021-04-22 09:45:30,1683.7,481826
2021-04-22 09:45:31,1683.85,481976
2021-04-22 09:45:32,1684.65,482076
2021-04-22 09:45:33,1684.65,482076
2021-04-22 09:45:34,1684.15,482141
2021-04-22 09:45:35,1684.6,482222
2021-04-22 09:45:36,1684.6,482327
2021-04-22 09:45:37,1684.6,482327
2021-04-22 09:45:38,1683.85,482655
2021-04-22 09:45:39,1683.75,483279
2021-04-22 09:45:40,1683.0,483626
2021-04-22 09:45:41,1683.2,483641
2021-04-22 09:45:42,1683.35,483681
2021-04-22 09:45:43,1683.25,483898
2021-04-22 09:45:44,1682.4,483990
2021-04-22 09:45:45,1683.35,486850
2021-04-22 09:45:46,1683.85,487427
2021-04-22 09:45:47,1683.9,487441
2021-04-22 09:45:48,1683.75,487456
2021-04-22 09:45:48,1683.75,487456
2021-04-22 09:45:50,1682.35,488929
2021-04-22 09:45:51,1682.9,489097
2021-04-22 09:45:52,1682.95,489107
2021-04-22 09:45:52,1682.95,489107
2021-04-22 09:45:53,1682.95,489107
2021-04-22 09:45:54,1682.5,489113
2021-04-22 09:45:56,1682.95,489118
2021-04-22 09:45:57,1682.45,489187
2021-04-22 09:45:58,1682.45,489187
2021-04-22 09:45:59,1682.95,489865
2021-04-22 09:46:00,1683.75,489866
2021-04-22 09:46:01,1682.6,490075
2021-04-22 09:46:02,1682.9,490129
2021-04-22 09:46:03,1682.55,490131
2021-04-22 09:46:04,1682.55,490252
2021-04-22 09:46:05,1682.8,490386
2021-04-22 09:46:06,1683.6,490397
2021-04-22 09:46:07,1683.5,490408
2021-04-22 09:46:08,1683.5,490408
2021-04-22 09:46:09,1683.05,490414
2021-04-22 09:46:10,1682.35,490478
2021-04-22 09:46:11,1682.4,490685
2021-04-22 09:46:12,1682.25,490919
2021-04-22 09:46:13,1681.65,491028
2021-04-22 09:46:14,1681.65,491028
2021-04-22 09:46:15,1681.65,491028
2021-04-22 09:46:16,1681.65,491033
2021-04-22 09:46:17,1681.0,491271
2021-04-22 09:46:18,1681.55,491280
2021-04-22 09:46:19,1681.1,491374
2021-04-22 09:46:20,1682.15,491526
2021-04-22 09:46:21,1682.15,491550
2021-04-22 09:46:22,1681.4,491703
2021-04-22 09:46:23,1681.4,491703
2021-04-22 09:46:24,1681.4,491703
2021-04-22 09:46:25,1682.15,491732
2021-04-22 09:46:26,1682.1,491829
2021-04-22 09:46:28,1682.1,491829
2021-04-22 09:46:29,1682.1,491829
2021-04-22 09:46:30,1682.5,491833
2021-04-22 09:46:30,1682.1,491829
2021-04-22 09:46:31,1681.8,492156
2021-04-22 09:46:32,1681.8,492256
2021-04-22 09:46:33,1682.2,492378
2021-04-22 09:46:35,1682.4,492472
2021-04-22 09:46:36,1682.4,492478
2021-04-22 09:46:37,1682.55,492643
2021-04-22 09:46:37,1682.4,492642
2021-04-22 09:46:38,1682.55,492780
2021-04-22 09:46:39,1682.35,492825
2021-04-22 09:46:41,1681.3,493181
2021-04-22 09:46:42,1681.6,493781
2021-04-22 09:46:43,1681.0,493832
2021-04-22 09:46:44,1681.05,493883
2021-04-22 09:46:45,1681.25,493884
2021-04-22 09:46:45,1681.25,493890
2021-04-22 09:46:47,1681.25,493890
2021-04-22 09:46:48,1681.25,493890
2021-04-22 09:46:49,1681.25,493890
2021-04-22 09:46:50,1681.3,493901
2021-04-22 09:46:51,1681.25,494204
2021-04-22 09:46:52,1680.25,495452
2021-04-22 09:46:53,1680.25,495452
2021-04-22 09:46:53,1680.25,495452
2021-04-22 09:46:55,1680.3,495554
2021-04-22 09:46:56,1680.35,495853
2021-04-22 09:46:57,1680.5,495854
2021-04-22 09:46:58,1680.15,495858
2021-04-22 09:47:00,1680.3,495979
2021-04-22 09:47:01,1679.5,497868
2021-04-22 09:47:02,1679.25,497919
2021-04-22 09:47:03,1679.2,498531
2021-04-22 09:47:04,1679.2,498732
2021-04-22 09:47:04,1679.45,498749
2021-04-22 09:47:06,1679.5,499497
2021-04-22 09:47:07,1679.9,499642
2021-04-22 09:47:08,1679.25,501642
2021-04-22 09:47:09,1679.25,501742
2021-04-22 09:47:09,1679.25,501742
2021-04-22 09:47:11,1679.65,502000
2021-04-22 09:47:12,1679.65,502000
2021-04-22 09:47:13,1679.65,502063
2021-04-22 09:47:14,1679.45,502113
2021-04-22 09:47:14,1679.35,502152
2021-04-22 09:47:16,1679.2,502264
2021-04-22 09:47:17,1679.65,502376
2021-04-22 09:47:18,1679.65,502376
2021-04-22 09:47:19,1679.45,502828
2021-04-22 09:47:20,1679.7,503206
2021-04-22 09:47:20,1679.7,503206
2021-04-22 09:47:21,1680.3,503216
2021-04-22 09:47:23,1679.75,503344
2021-04-22 09:47:24,1679.4,503390
2021-04-22 09:47:25,1680.15,504433
2021-04-22 09:47:26,1679.4,504577
2021-04-22 09:47:26,1679.4,504577
2021-04-22 09:47:27,1679.7,504578
2021-04-22 09:47:29,1679.5,504679
2021-04-22 09:47:32,1679.5,504755
2021-04-22 09:47:32,1679.5,504755
2021-04-22 09:47:34,1679.5,504755
2021-04-22 09:47:35,1679.9,505290
2021-04-22 09:47:36,1679.95,505357
2021-04-22 09:47:37,1680.05,505408
2021-04-22 09:47:38,1680.05,507478
2021-04-22 09:47:38,1680.05,507672
2021-04-22 09:47:40,1680.1,507686
2021-04-22 09:47:41,1680.05,507704
2021-04-22 09:47:42,1680.1,507708
2021-04-22 09:47:43,1680.1,507710
2021-04-22 09:47:44,1680.1,507710
2021-04-22 09:47:45,1680.05,507715
2021-04-22 09:47:46,1680.1,507721
2021-04-22 09:47:47,1680.1,507721
2021-04-22 09:47:48,1680.1,507921
2021-04-22 09:47:49,1680.1,507931
2021-04-22 09:47:50,1680.15,508243
2021-04-22 09:47:51,1680.9,509645
2021-04-22 09:47:52,1680.9,509645
2021-04-22 09:47:53,1680.9,509651
2021-04-22 09:47:54,1680.7,509661
2021-04-22 09:47:55,1680.7,509662
2021-04-22 09:47:56,1680.8,509687
2021-04-22 09:47:57,1680.9,509759
2021-04-22 09:47:58,1680.9,509759
2021-04-22 09:47:59,1680.9,510156
2021-04-22 09:48:00,1680.9,510206
2021-04-22 09:48:01,1681.3,510222
2021-04-22 09:48:02,1681.3,510236
2021-04-22 09:48:03,1681.3,510236
2021-04-22 09:48:04,1681.3,510238
2021-04-22 09:48:05,1681.3,510239
2021-04-22 09:48:06,1681.3,510244
2021-04-22 09:48:07,1681.3,510245
2021-04-22 09:48:08,1680.9,510462
2021-04-22 09:48:09,1680.6,510492
2021-04-22 09:48:10,1680.6,510492
2021-04-22 09:48:11,1680.55,510517
2021-04-22 09:48:12,1680.6,510575
2021-04-22 09:48:13,1680.75,510738
2021-04-22 09:48:14,1680.45,511998
2021-04-22 09:48:15,1680.45,511998
2021-04-22 09:48:16,1680.3,512039
2021-04-22 09:48:17,1680.45,512040
2021-04-22 09:48:18,1680.6,512050
2021-04-22 09:48:20,1680.6,512198
2021-04-22 09:48:19,1680.6,512150
2021-04-22 09:48:21,1680.6,512250
2021-04-22 09:48:22,1680.5,512286
2021-04-22 09:48:23,1680.5,512290
2021-04-22 09:48:24,1680.5,512290
2021-04-22 09:48:25,1680.45,512296
2021-04-22 09:48:26,1680.45,512296
2021-04-22 09:48:27,1680.25,512311
2021-04-22 09:48:28,1680.6,512608
2021-04-22 09:48:29,1680.3,512680
2021-04-22 09:48:30,1680.6,512684
2021-04-22 09:48:31,1680.6,512684
2021-04-22 09:48:32,1680.5,512685
2021-04-22 09:48:33,1680.55,512717
2021-04-22 09:48:34,1680.6,512751
2021-04-22 09:48:35,1680.6,512793
2021-04-22 09:48:36,1680.6,512794
2021-04-22 09:48:37,1680.6,512794
2021-04-22 09:48:38,1680.6,512805
2021-04-22 09:48:39,1680.55,512843
2021-04-22 09:48:40,1680.5,512901
2021-04-22 09:48:41,1680.55,512908
2021-04-22 09:48:42,1680.5,513039
2021-04-22 09:48:44,1680.35,513372
2021-04-22 09:48:45,1680.5,513383
2021-04-22 09:48:46,1680.35,513553
2021-04-22 09:48:47,1680.35,513593
2021-04-22 09:48:48,1680.35,513618
2021-04-22 09:48:49,1680.35,513722
2021-04-22 09:48:50,1680.3,513726
2021-04-22 09:48:51,1680.3,513781
2021-04-22 09:48:52,1680.4,513909
2021-04-22 09:48:53,1680.25,513989
2021-04-22 09:48:54,1680.2,514046
2021-04-22 09:48:56,1680.4,514251
2021-04-22 09:48:55,1680.4,514251
2021-04-22 09:48:57,1680.4,514301
2021-04-22 09:48:58,1680.4,514331
2021-04-22 09:48:59,1680.4,514353
2021-04-22 09:49:00,1680.4,514379
2021-04-22 09:49:01,1680.4,514389
2021-04-22 09:49:04,1680.55,514910
2021-04-22 09:49:05,1680.55,514916
2021-04-22 09:49:06,1680.55,514922
2021-04-22 09:49:07,1680.55,514922
2021-04-22 09:49:08,1680.5,514984
2021-04-22 09:49:09,1680.5,514987
2021-04-22 09:49:10,1680.55,515039
2021-04-22 09:49:12,1680.7,515617
2021-04-22 09:49:13,1680.7,515617
2021-04-22 09:49:14,1680.7,515617
2021-04-22 09:49:15,1681.25,515647
2021-04-22 09:49:16,1681.25,515653
2021-04-22 09:49:17,1681.25,515653
2021-04-22 09:49:18,1681.25,515653
2021-04-22 09:49:19,1681.25,515653
2021-04-22 09:49:20,1681.25,515653
2021-04-22 09:49:21,1681.25,516126
2021-04-22 09:49:22,1681.25,516182
2021-04-22 09:49:23,1682.0,516382
2021-04-22 09:49:24,1682.0,516382
2021-04-22 09:49:25,1681.6,516387
2021-04-22 09:49:26,1681.6,516387
2021-04-22 09:49:27,1681.6,516411
2021-04-22 09:49:28,1682.1,516427
2021-04-22 09:49:29,1682.1,516427
2021-04-22 09:49:30,1682.2,516432
2021-04-22 09:49:31,1682.05,516433
2021-04-22 09:49:32,1682.25,516456
2021-04-22 09:49:33,1682.35,516482
2021-04-22 09:49:34,1682.4,516504
2021-04-22 09:49:36,1682.4,516716
2021-04-22 09:49:35,1682.4,516715
2021-04-22 09:49:37,1682.75,516726
2021-04-22 09:49:38,1682.0,516860
2021-04-22 09:49:39,1682.0,516860
2021-04-22 09:49:40,1682.25,516979
2021-04-22 09:49:41,1682.15,516990
2021-04-22 09:49:42,1682.0,517154
2021-04-22 09:49:43,1682.0,517154
2021-04-22 09:49:44,1682.05,517759
2021-04-22 09:49:45,1682.0,517790
2021-04-22 09:49:46,1681.5,517928
2021-04-22 09:49:48,1681.8,517933
2021-04-22 09:49:49,1681.8,517933
2021-04-22 09:49:50,1681.9,517935
2021-04-22 09:49:51,1681.95,517939
2021-04-22 09:49:52,1681.95,517939
2021-04-22 09:49:53,1681.9,517954
2021-04-22 09:49:55,1681.95,517964
2021-04-22 09:49:56,1681.95,517972
2021-04-22 09:49:57,1681.95,518172
2021-04-22 09:49:58,1681.95,518194
2021-04-22 09:49:59,1681.95,518196
2021-04-22 09:50:00,1682.15,518239
2021-04-22 09:50:01,1682.8,518255
2021-04-22 09:50:02,1682.9,518265
2021-04-22 09:50:03,1682.9,518265
2021-04-22 09:50:04,1682.9,518265
2021-04-22 09:50:06,1683.1,518366
2021-04-22 09:50:07,1683.1,518366
2021-04-22 09:50:08,1683.1,518366
2021-04-22 09:50:11,1683.75,520825
2021-04-22 09:50:12,1683.1,521021
2021-04-22 09:50:13,1683.15,521053
2021-04-22 09:50:15,1682.45,521346
2021-04-22 09:50:15,1682.45,521346
2021-04-22 09:50:16,1682.9,521351
2021-04-22 09:50:17,1682.45,521458
2021-04-22 09:50:18,1683.0,521461
2021-04-22 09:50:20,1682.95,521471
2021-04-22 09:50:20,1682.95,521471
2021-04-22 09:50:21,1682.9,521525
2021-04-22 09:50:22,1682.3,521549
2021-04-22 09:50:23,1681.95,521580
2021-04-22 09:50:25,1681.9,521675
2021-04-22 09:50:25,1681.9,521675
2021-04-22 09:50:26,1682.4,522075
2021-04-22 09:50:27,1682.1,522076
2021-04-22 09:50:28,1682.4,522141
2021-04-22 09:50:30,1682.4,522147
2021-04-22 09:50:31,1682.4,522171
2021-04-22 09:50:32,1682.4,522250
2021-04-22 09:50:33,1681.45,523602
2021-04-22 09:50:34,1681.8,523653
2021-04-22 09:50:36,1681.8,524066
2021-04-22 09:50:36,1681.8,524066
2021-04-22 09:50:38,1681.8,524066
2021-04-22 09:50:39,1681.8,524111
2021-04-22 09:50:40,1681.8,524116
2021-04-22 09:50:41,1681.8,524175
2021-04-22 09:50:43,1681.75,524176
2021-04-22 09:50:44,1681.75,524176
2021-04-22 09:50:44,1681.75,524177
2021-04-22 09:50:45,1681.7,524222
2021-04-22 09:50:46,1681.7,524254
2021-04-22 09:50:47,1681.7,524254
2021-04-22 09:50:49,1681.55,524290
2021-04-22 09:50:50,1681.7,524292
2021-04-22 09:50:51,1681.7,524306
2021-04-22 09:50:52,1681.7,524307
2021-04-22 09:50:54,1681.7,524582
2021-04-22 09:50:54,1681.7,524596
2021-04-22 09:50:55,1681.85,524652
2021-04-22 09:50:56,1681.7,524745
2021-04-22 09:50:57,1681.65,524821
2021-04-22 09:50:59,1680.5,525433
2021-04-22 09:50:59,1680.4,525481
2021-04-22 09:51:00,1680.5,525534
2021-04-22 09:51:01,1681.15,525561
2021-04-22 09:51:02,1681.15,525561
2021-04-22 09:51:04,1681.15,525561
2021-04-22 09:51:04,1681.15,525611
2021-04-22 09:51:05,1681.15,525611
2021-04-22 09:51:06,1681.15,525748
2021-04-22 09:51:07,1681.2,525801
2021-04-22 09:51:09,1681.05,525922
2021-04-22 09:51:09,1681.05,525929
2021-04-22 09:51:10,1680.85,525953
2021-04-22 09:51:11,1680.2,526058
2021-04-22 09:51:12,1680.2,526228
2021-04-22 09:51:13,1680.4,526257
2021-04-22 09:51:15,1680.4,526298
2021-04-22 09:51:15,1680.4,526283
2021-04-22 09:51:16,1680.4,526553
2021-04-22 09:51:17,1680.4,526604
2021-04-22 09:51:18,1680.4,526611
2021-04-22 09:51:19,1680.85,526621
2021-04-22 09:51:21,1680.8,526625
2021-04-22 09:51:21,1680.8,526625
2021-04-22 09:51:22,1680.8,526625
2021-04-22 09:51:23,1680.05,526675
2021-04-22 09:51:24,1680.75,526693
2021-04-22 09:51:25,1680.75,526700
2021-04-22 09:51:27,1680.8,526888
2021-04-22 09:51:27,1680.85,526897
2021-04-22 09:51:28,1680.85,526902
2021-04-22 09:51:29,1680.85,526903
2021-04-22 09:51:30,1680.85,526904
2021-04-22 09:51:31,1680.85,526908
2021-04-22 09:51:33,1680.85,526989
2021-04-22 09:51:33,1680.85,526984
2021-04-22 09:51:34,1680.85,526989
2021-04-22 09:51:35,1680.85,526989
2021-04-22 09:51:36,1680.85,526995
2021-04-22 09:51:37,1680.85,526998
2021-04-22 09:51:39,1680.85,526998
2021-04-22 09:51:39,1680.8,527090
2021-04-22 09:51:40,1680.85,527095
2021-04-22 09:51:41,1680.85,527232
2021-04-22 09:51:42,1681.0,527417
2021-04-22 09:51:43,1681.7,527486
2021-04-22 09:51:45,1681.9,527553
2021-04-22 09:51:45,1681.9,527553
2021-04-22 09:51:46,1681.4,527658
2021-04-22 09:51:47,1682.15,527703
2021-04-22 09:51:48,1681.4,527711
2021-04-22 09:51:49,1681.4,527714
2021-04-22 09:51:51,1681.65,527718
2021-04-22 09:51:51,1681.65,527718
2021-04-22 09:51:52,1681.65,527718
2021-04-22 09:51:54,1681.65,528499
2021-04-22 09:51:55,1681.65,528504
2021-04-22 09:51:57,1681.6,528650
2021-04-22 09:51:57,1681.6,528650
2021-04-22 09:51:58,1681.6,528650
2021-04-22 09:51:59,1681.6,528658
2021-04-22 09:52:01,1681.6,528708
2021-04-22 09:52:02,1681.6,528739
2021-04-22 09:52:03,1681.55,528778
2021-04-22 09:52:03,1681.6,528780
2021-04-22 09:52:04,1681.55,528830
2021-04-22 09:52:05,1681.5,528932
2021-04-22 09:52:08,1681.6,528943
2021-04-22 09:52:09,1681.6,529113
2021-04-22 09:52:09,1681.6,529113
2021-04-22 09:52:10,1681.75,529220
2021-04-22 09:52:11,1682.35,529224
2021-04-22 09:52:12,1682.2,529311
2021-04-22 09:52:13,1682.35,529312
2021-04-22 09:52:16,1682.2,529346
2021-04-22 09:52:16,1682.2,529346
2021-04-22 09:52:17,1682.6,529598
2021-04-22 09:52:18,1682.2,529661
2021-04-22 09:52:20,1681.7,529814
2021-04-22 09:52:21,1681.95,530068
2021-04-22 09:52:21,1681.95,530068
2021-04-22 09:52:22,1681.95,530069
2021-04-22 09:52:23,1681.95,530069
2021-04-22 09:52:24,1681.95,530069
2021-04-22 09:52:28,1681.4,530470
2021-04-22 09:52:28,1681.5,530465
2021-04-22 09:52:29,1681.4,530470
2021-04-22 09:52:30,1681.4,530521
2021-04-22 09:52:31,1681.4,530545
2021-04-22 09:52:33,1681.4,530596
2021-04-22 09:52:34,1681.0,530800
2021-04-22 09:52:34,1681.05,530812
2021-04-22 09:52:35,1681.05,530812
2021-04-22 09:52:37,1681.4,531232
2021-04-22 09:52:39,1681.05,531385
2021-04-22 09:52:40,1681.05,531385
2021-04-22 09:52:40,1681.05,531385
2021-04-22 09:52:41,1681.0,531389
2021-04-22 09:52:42,1681.0,531390
2021-04-22 09:52:43,1681.0,531391
2021-04-22 09:52:45,1681.0,531449
2021-04-22 09:52:46,1681.0,531468
2021-04-22 09:52:46,1681.0,531468
2021-04-22 09:52:47,1680.8,531478
2021-04-22 09:52:48,1680.8,531478
2021-04-22 09:52:50,1681.0,532148
2021-04-22 09:52:51,1681.0,532152
2021-04-22 09:52:52,1681.0,532152
2021-04-22 09:52:52,1681.0,532152
2021-04-22 09:52:53,1681.0,532153
2021-04-22 09:52:54,1681.0,532153
2021-04-22 09:52:55,1681.0,532201
2021-04-22 09:52:57,1681.0,532221
2021-04-22 09:52:58,1681.0,532222
2021-04-22 09:52:59,1681.0,532232
2021-04-22 09:52:59,1681.0,532232
2021-04-22 09:53:00,1681.0,532232
2021-04-22 09:53:01,1681.0,532243
2021-04-22 09:53:02,1681.0,532243
2021-04-22 09:53:03,1681.0,532252
2021-04-22 09:53:05,1680.8,532511
2021-04-22 09:53:06,1681.0,532541
2021-04-22 09:53:07,1681.0,532546
2021-04-22 09:53:08,1680.45,533372
2021-04-22 09:53:09,1680.1,533536
2021-04-22 09:53:11,1680.45,533565
2021-04-22 09:53:12,1680.45,533565
2021-04-22 09:53:13,1680.1,533665
2021-04-22 09:53:14,1680.45,533851
2021-04-22 09:53:14,1680.45,533851
2021-04-22 09:53:15,1680.4,533886
2021-04-22 09:53:16,1680.45,533913
2021-04-22 09:53:18,1680.1,534023
2021-04-22 09:53:19,1680.45,534174
2021-04-22 09:53:19,1680.45,534174
2021-04-22 09:53:20,1680.45,534174
2021-04-22 09:53:21,1680.45,534186
2021-04-22 09:53:22,1680.4,534591
2021-04-22 09:53:23,1680.6,534752
2021-04-22 09:53:25,1680.6,534752
2021-04-22 09:53:26,1680.6,534757
2021-04-22 09:53:27,1680.55,534758
2021-04-22 09:53:27,1680.6,534759
2021-04-22 09:53:28,1680.55,534836
2021-04-22 09:53:29,1681.4,536212
2021-04-22 09:53:30,1681.6,536262
2021-04-22 09:53:32,1681.9,538001
2021-04-22 09:53:33,1681.9,538077
2021-04-22 09:53:33,1681.9,538026
2021-04-22 09:53:34,1681.35,538182
2021-04-22 09:53:35,1681.7,538191
2021-04-22 09:53:37,1681.05,538605
2021-04-22 09:53:38,1681.05,538605
2021-04-22 09:53:39,1681.05,538605
2021-04-22 09:53:41,1681.0,538810
2021-04-22 09:53:42,1681.0,538823
2021-04-22 09:53:42,1681.0,538839
2021-04-22 09:53:43,1681.55,539148
2021-04-22 09:53:44,1681.55,539151
2021-04-22 09:53:45,1681.55,539156
2021-04-22 09:53:47,1681.55,539168
2021-04-22 09:53:48,1681.05,539172
2021-04-22 09:53:48,1681.05,539172
2021-04-22 09:53:49,1681.35,539190
2021-04-22 09:53:50,1681.2,539261
2021-04-22 09:53:52,1680.9,539527
2021-04-22 09:53:53,1680.95,539539
2021-04-22 09:53:53,1680.95,539539
2021-04-22 09:53:54,1681.0,539540
2021-04-22 09:53:55,1680.95,539648
2021-04-22 09:53:57,1680.95,539654
2021-04-22 09:53:58,1681.0,539850
2021-04-22 09:53:58,1681.0,539851
2021-04-22 09:53:59,1681.0,539851
2021-04-22 09:54:00,1680.95,539857
2021-04-22 09:54:01,1681.0,539875
2021-04-22 09:54:03,1681.0,539875
2021-04-22 09:54:04,1681.0,539875
2021-04-22 09:54:04,1681.0,539875
2021-04-22 09:54:05,1681.0,539885
2021-04-22 09:54:08,1680.95,540019
2021-04-22 09:54:09,1681.0,540028
2021-04-22 09:54:10,1680.9,540996
2021-04-22 09:54:10,1680.9,540996
2021-04-22 09:54:11,1681.0,541030
2021-04-22 09:54:13,1680.9,541031
2021-04-22 09:54:14,1680.9,541031
2021-04-22 09:54:15,1680.9,541038
2021-04-22 09:54:16,1680.85,541093
2021-04-22 09:54:16,1680.85,541093
2021-04-22 09:54:17,1680.85,541122
2021-04-22 09:54:19,1680.9,541125
2021-04-22 09:54:20,1680.9,541125
2021-04-22 09:54:21,1680.85,541550
2021-04-22 09:54:21,1680.85,541550
2021-04-22 09:54:22,1681.25,541555
2021-04-22 09:54:23,1681.3,541583
2021-04-22 09:54:25,1681.25,541602
2021-04-22 09:54:26,1681.3,541666
2021-04-22 09:54:27,1681.3,541666
2021-04-22 09:54:28,1681.85,542194
2021-04-22 09:54:28,1682.15,542168
2021-04-22 09:54:29,1681.85,542227
2021-04-22 09:54:30,1682.1,542537
2021-04-22 09:54:32,1682.0,542583
2021-04-22 09:54:33,1681.25,542683
2021-04-22 09:54:35,1681.3,542699
2021-04-22 09:54:36,1681.3,542737
2021-04-22 09:54:36,1681.3,542737
2021-04-22 09:54:37,1681.3,542739
2021-04-22 09:54:39,1681.3,542739
2021-04-22 09:54:40,1681.4,542789
2021-04-22 09:54:42,1681.3,542796
2021-04-22 09:54:42,1681.3,542796
2021-04-22 09:54:43,1681.25,542802
2021-04-22 09:54:44,1681.2,542804
2021-04-22 09:54:46,1681.2,542815
2021-04-22 09:54:47,1681.15,542925
2021-04-22 09:54:48,1681.25,543026
2021-04-22 09:54:49,1681.25,543028
2021-04-22 09:54:49,1681.25,543028
2021-04-22 09:54:50,1681.25,543032
2021-04-22 09:54:52,1681.25,543034
2021-04-22 09:54:53,1681.25,543152
2021-04-22 09:54:54,1681.25,543213
2021-04-22 09:54:54,1681.25,543167
2021-04-22 09:54:55,1681.0,543313
2021-04-22 09:54:56,1681.55,543320
2021-04-22 09:54:58,1681.55,543320
2021-04-22 09:54:59,1681.55,543321
2021-04-22 09:55:00,1681.55,543321
2021-04-22 09:55:00,1681.55,543321
2021-04-22 09:55:01,1681.55,543330
2021-04-22 09:55:03,1681.5,543410
2021-04-22 09:55:04,1681.5,543410
2021-04-22 09:55:05,1681.2,543483
2021-04-22 09:55:05,1681.2,543483
2021-04-22 09:55:06,1681.0,543538
2021-04-22 09:55:08,1681.05,543540
2021-04-22 09:55:09,1680.9,543640
2021-04-22 09:55:10,1681.0,543641
2021-04-22 09:55:11,1680.95,544333
2021-04-22 09:55:11,1680.9,544334
2021-04-22 09:55:12,1680.9,544334
2021-04-22 09:55:13,1680.4,544544
2021-04-22 09:55:14,1680.2,544564
2021-04-22 09:55:16,1680.2,544575
2021-04-22 09:55:17,1680.15,544577
2021-04-22 09:55:18,1680.15,544577
2021-04-22 09:55:19,1680.1,544657
2021-04-22 09:55:19,1680.1,544657
2021-04-22 09:55:20,1680.2,544675
2021-04-22 09:55:22,1680.25,544738
2021-04-22 09:55:23,1680.25,544829
2021-04-22 09:55:24,1680.9,544883
2021-04-22 09:55:25,1680.2,544924
2021-04-22 09:55:26,1680.85,545129
2021-04-22 09:55:27,1680.6,545139
2021-04-22 09:55:29,1680.6,545139
2021-04-22 09:55:30,1680.8,545146
2021-04-22 09:55:31,1680.8,545176
2021-04-22 09:55:31,1680.85,545195
2021-04-22 09:55:32,1680.8,545288
2021-04-22 09:55:34,1680.85,545295
2021-04-22 09:55:35,1680.85,545311
2021-04-22 09:55:36,1680.85,545316
2021-04-22 09:55:37,1680.85,545367
2021-04-22 09:55:37,1680.85,545440
2021-04-22 09:55:38,1680.85,545489
2021-04-22 09:55:40,1680.85,545520
2021-04-22 09:55:41,1680.85,545533
2021-04-22 09:55:42,1680.95,545584
2021-04-22 09:55:43,1680.85,545675
2021-04-22 09:55:43,1680.95,545757
2021-04-22 09:55:44,1680.9,545765
2021-04-22 09:55:45,1680.85,545771
2021-04-22 09:55:46,1680.85,545778
2021-04-22 09:55:47,1680.85,545783
2021-04-22 09:55:49,1680.25,545790
2021-04-22 09:55:50,1680.9,545811
2021-04-22 09:55:51,1680.9,545826
2021-04-22 09:55:52,1680.9,545830
2021-04-22 09:55:53,1680.8,545852
2021-04-22 09:55:55,1680.25,545953
2021-04-22 09:55:56,1680.8,546058
2021-04-22 09:55:57,1680.8,546063
2021-04-22 09:55:57,1680.8,546063
2021-04-22 09:55:58,1680.45,546174
2021-04-22 09:56:00,1680.45,546181
2021-04-22 09:56:00,1680.45,546181
2021-04-22 09:56:01,1680.45,546215
2021-04-22 09:56:02,1680.15,546344
2021-04-22 09:56:05,1679.4,549819
2021-04-22 09:56:06,1679.8,550359
2021-04-22 09:56:07,1679.4,550364
2021-04-22 09:56:08,1679.4,550364
2021-04-22 09:56:09,1679.35,550654
2021-04-22 09:56:09,1679.35,550654
2021-04-22 09:56:10,1679.7,550788
2021-04-22 09:56:11,1679.65,550810
2021-04-22 09:56:12,1679.6,550839
2021-04-22 09:56:14,1679.6,550839
2021-04-22 09:56:15,1679.4,550942
2021-04-22 09:56:16,1679.4,550952
2021-04-22 09:56:17,1679.35,550991
2021-04-22 09:56:18,1679.3,551025
2021-04-22 09:56:18,1679.3,551025
2021-04-22 09:56:20,1679.25,551039
2021-04-22 09:56:21,1679.2,551052
2021-04-22 09:56:22,1679.25,551054
2021-04-22 09:56:23,1679.2,551163
2021-04-22 09:56:23,1679.2,551163
2021-04-22 09:56:25,1679.1,551238
2021-04-22 09:56:26,1679.1,551259
2021-04-22 09:56:27,1679.2,551275
2021-04-22 09:56:28,1679.0,551405
2021-04-22 09:56:29,1679.0,551719
2021-04-22 09:56:29,1679.0,551719
2021-04-22 09:56:31,1679.2,551723
2021-04-22 09:56:32,1679.4,552148
2021-04-22 09:56:33,1679.45,552208
2021-04-22 09:56:34,1679.45,552208
2021-04-22 09:56:34,1679.45,552208
2021-04-22 09:56:35,1679.4,552224
2021-04-22 09:56:37,1679.75,552445
2021-04-22 09:56:38,1680.0,552669
2021-04-22 09:56:39,1680.0,552669
2021-04-22 09:56:40,1679.95,552685
2021-04-22 09:56:41,1679.95,552703
2021-04-22 09:56:42,1680.75,552953
2021-04-22 09:56:43,1680.45,553054
2021-04-22 09:56:44,1680.2,553098
2021-04-22 09:56:45,1680.1,553103
2021-04-22 09:56:46,1679.7,553218
2021-04-22 09:56:47,1680.05,553258
2021-04-22 09:56:47,1680.05,553258
2021-04-22 09:56:48,1680.05,553258
2021-04-22 09:56:50,1680.05,553258
2021-04-22 09:56:51,1680.3,553407
2021-04-22 09:56:52,1680.15,553417
2021-04-22 09:56:53,1680.3,553428
2021-04-22 09:56:54,1680.3,553444
2021-04-22 09:56:54,1680.3,553445
2021-04-22 09:56:56,1680.3,553451
2021-04-22 09:56:57,1680.3,553456
2021-04-22 09:56:58,1680.3,553466
2021-04-22 09:56:59,1680.3,553472
2021-04-22 09:57:00,1680.6,553545
2021-04-22 09:57:00,1680.3,553535
2021-04-22 09:57:02,1680.8,553935
2021-04-22 09:57:03,1680.8,553935
2021-04-22 09:57:04,1682.3,554151
2021-04-22 09:57:06,1682.0,554165
2021-04-22 09:57:07,1681.9,554166
2021-04-22 09:57:08,1681.7,554187
2021-04-22 09:57:09,1681.35,554251
2021-04-22 09:57:09,1681.35,554251
2021-04-22 09:57:11,1681.55,554317
2021-04-22 09:57:12,1681.65,554352
2021-04-22 09:57:13,1681.65,554362
2021-04-22 09:57:14,1681.95,554753
2021-04-22 09:57:15,1683.15,554949
2021-04-22 09:57:16,1683.1,555433
2021-04-22 09:57:17,1683.05,555931
2021-04-22 09:57:18,1683.05,555967
2021-04-22 09:57:19,1683.05,555991
2021-04-22 09:57:19,1683.1,556003
2021-04-22 09:57:21,1682.05,556232
2021-04-22 09:57:22,1681.35,556409
2021-04-22 09:57:23,1682.05,556568
2021-04-22 09:57:24,1682.05,556568
2021-04-22 09:57:25,1682.05,556568
2021-04-22 09:57:26,1682.5,556780
2021-04-22 09:57:27,1682.5,556808
2021-04-22 09:57:28,1682.5,556889
2021-04-22 09:57:29,1682.5,556889
2021-04-22 09:57:29,1682.5,556889
2021-04-22 09:57:31,1682.95,556925
2021-04-22 09:57:32,1682.95,557072
2021-04-22 09:57:33,1682.95,557072
2021-04-22 09:57:34,1683.0,557133
2021-04-22 09:57:35,1683.0,557133
2021-04-22 09:57:36,1683.0,557138
2021-04-22 09:57:37,1683.0,557152
2021-04-22 09:57:38,1682.9,557162
2021-04-22 09:57:39,1682.95,557174
2021-04-22 09:57:40,1683.0,557215
2021-04-22 09:57:41,1682.9,557306
2021-04-22 09:57:42,1682.9,557306
2021-04-22 09:57:43,1683.0,557416
2021-04-22 09:57:43,1683.0,557416
2021-04-22 09:57:45,1682.95,557428
2021-04-22 09:57:46,1683.0,557433
2021-04-22 09:57:47,1682.95,557453
2021-04-22 09:57:48,1682.9,557468
2021-04-22 09:57:49,1682.9,557476
2021-04-22 09:57:50,1682.9,558024
2021-04-22 09:57:51,1682.9,558064
2021-04-22 09:57:52,1682.85,558213
2021-04-22 09:57:53,1682.9,558271
2021-04-22 09:57:54,1682.85,558466
2021-04-22 09:57:55,1682.85,558517
2021-04-22 09:57:56,1682.9,558524
2021-04-22 09:57:57,1682.9,558525
2021-04-22 09:57:58,1682.9,558555
2021-04-22 09:57:59,1682.9,558612
2021-04-22 09:58:00,1682.85,558639
2021-04-22 09:58:01,1683.0,558796
2021-04-22 09:58:02,1682.9,558805
2021-04-22 09:58:03,1682.9,558962
2021-04-22 09:58:03,1682.9,558962
2021-04-22 09:58:05,1682.95,559149
2021-04-22 09:58:04,1682.85,559118
2021-04-22 09:58:07,1682.95,559249
2021-04-22 09:58:08,1682.95,559263
2021-04-22 09:58:09,1682.95,559546
2021-04-22 09:58:10,1682.9,559617
2021-04-22 09:58:11,1682.9,559649
2021-04-22 09:58:12,1683.05,560333
2021-04-22 09:58:13,1683.3,560516
2021-04-22 09:58:14,1683.3,560517
2021-04-22 09:58:15,1683.1,560524
2021-04-22 09:58:16,1683.05,560537
2021-04-22 09:58:17,1683.1,560561
2021-04-22 09:58:18,1683.1,560580
2021-04-22 09:58:19,1682.95,560795
2021-04-22 09:58:20,1683.3,560859
2021-04-22 09:58:21,1683.25,560949
2021-04-22 09:58:22,1683.3,560980
2021-04-22 09:58:23,1683.3,561071
2021-04-22 09:58:24,1683.5,561087
2021-04-22 09:58:25,1683.65,561136
2021-04-22 09:58:26,1683.75,561154
2021-04-22 09:58:27,1683.95,561181
2021-04-22 09:58:28,1683.95,561181
2021-04-22 09:58:29,1683.95,561181
2021-04-22 09:58:30,1683.95,561255
2021-04-22 09:58:31,1683.85,561304
2021-04-22 09:58:32,1683.95,561344
2021-04-22 09:58:33,1682.8,561827
2021-04-22 09:58:35,1682.95,561926
2021-04-22 09:58:36,1682.95,562075
2021-04-22 09:58:37,1682.95,562172
2021-04-22 09:58:38,1682.9,562204
2021-04-22 09:58:39,1682.85,562263
2021-04-22 09:58:40,1683.25,562373
2021-04-22 09:58:41,1683.2,562420
2021-04-22 09:58:42,1683.25,562574
2021-04-22 09:58:43,1683.3,562594
2021-04-22 09:58:44,1683.8,562646
2021-04-22 09:58:45,1683.5,562695
2021-04-22 09:58:46,1683.45,562701
2021-04-22 09:58:47,1683.45,562752
2021-04-22 09:58:48,1683.5,562769
2021-04-22 09:58:49,1682.85,563110
2021-04-22 09:58:50,1682.85,563110
2021-04-22 09:58:51,1682.85,563110
2021-04-22 09:58:52,1682.85,563110
2021-04-22 09:58:53,1682.05,563265
2021-04-22 09:58:54,1682.95,563367
2021-04-22 09:58:55,1682.95,563367
2021-04-22 09:58:57,1682.95,563427
2021-04-22 09:58:58,1682.95,563427
2021-04-22 09:58:59,1682.95,563427
2021-04-22 09:59:00,1682.95,563427
2021-04-22 09:59:01,1682.95,563435
2021-04-22 09:59:02,1682.95,563435
2021-04-22 09:59:03,1682.6,563490
2021-04-22 09:59:04,1682.4,563520
2021-04-22 09:59:05,1682.4,563520
2021-04-22 09:59:06,1682.4,563527
2021-04-22 09:59:07,1682.0,563578
2021-04-22 09:59:08,1682.0,563578
2021-04-22 09:59:09,1682.4,563584
2021-04-22 09:59:10,1682.4,563625
2021-04-22 09:59:11,1682.4,563629
2021-04-22 09:59:12,1682.4,563754
2021-04-22 09:59:13,1682.4,563756
2021-04-22 09:59:14,1682.4,563757
2021-04-22 09:59:15,1682.4,563757
2021-04-22 09:59:16,1682.4,563758
2021-04-22 09:59:18,1683.0,564202
2021-04-22 09:59:19,1683.0,564291
2021-04-22 09:59:20,1683.35,564301
2021-04-22 09:59:21,1683.35,564301
2021-04-22 09:59:22,1683.35,564301
2021-04-22 09:59:23,1683.35,564301
2021-04-22 09:59:25,1682.85,564379
2021-04-22 09:59:26,1683.35,564384
2021-04-22 09:59:27,1683.35,564384
2021-04-22 09:59:28,1683.0,564385
2021-04-22 09:59:29,1683.0,564385
2021-04-22 09:59:30,1683.2,564416
2021-04-22 09:59:31,1683.3,564466
2021-04-22 09:59:32,1683.3,564466
2021-04-22 09:59:33,1683.3,564466
2021-04-22 09:59:34,1683.3,564466
2021-04-22 09:59:35,1683.1,564467
2021-04-22 09:59:37,1683.0,564485
2021-04-22 09:59:38,1683.0,564485
2021-04-22 09:59:39,1683.3,564605
2021-04-22 09:59:40,1683.3,564623
2021-04-22 09:59:41,1683.2,564630
2021-04-22 09:59:42,1683.05,564730
2021-04-22 09:59:43,1683.2,564750
2021-04-22 09:59:44,1683.25,564751
2021-04-22 09:59:45,1683.25,564811
2021-04-22 09:59:46,1683.25,564820
2021-04-22 09:59:47,1683.25,564829
2021-04-22 09:59:49,1683.25,564829
2021-04-22 09:59:48,1683.25,564829
2021-04-22 09:59:50,1683.25,564849
2021-04-22 09:59:51,1683.3,564939
2021-04-22 09:59:52,1683.3,564944
2021-04-22 09:59:53,1683.3,564944
2021-04-22 09:59:54,1683.2,565508
2021-04-22 09:59:55,1683.2,565508
2021-04-22 09:59:56,1683.15,565514
2021-04-22 09:59:57,1683.5,566668
2021-04-22 09:59:58,1683.5,566668
2021-04-22 09:59:59,1683.5,566668
2021-04-22 10:00:00,1683.55,566674
2021-04-22 10:00:01,1683.75,566704
2021-04-22 10:00:02,1683.75,566704
2021-04-22 10:00:03,1683.75,566770
2021-04-22 10:00:04,1683.75,566795
2021-04-22 10:00:05,1683.65,567177
2021-04-22 10:00:06,1683.85,567246
2021-04-22 10:00:08,1683.05,567478
2021-04-22 10:00:09,1683.05,567478
2021-04-22 10:00:10,1683.05,567478
2021-04-22 10:00:11,1683.45,567482
2021-04-22 10:00:12,1683.45,567482
2021-04-22 10:00:13,1683.45,567494
2021-04-22 10:00:14,1683.35,567499
2021-04-22 10:00:15,1683.35,567504
2021-04-22 10:00:16,1683.2,567515
2021-04-22 10:00:17,1683.2,567520
2021-04-22 10:00:18,1683.2,567520
2021-04-22 10:00:19,1682.4,567677
2021-04-22 10:00:20,1682.4,567678
2021-04-22 10:00:21,1682.35,567682
2021-04-22 10:00:22,1682.35,567682
2021-04-22 10:00:23,1682.35,567682
2021-04-22 10:00:24,1682.35,567683
2021-04-22 10:00:25,1682.35,567700
2021-04-22 10:00:26,1682.75,567935
2021-04-22 10:00:27,1682.55,567937
2021-04-22 10:00:28,1682.55,567938
2021-04-22 10:00:29,1682.55,567945
2021-04-22 10:00:31,1682.55,568010
2021-04-22 10:00:31,1682.7,568015
2021-04-22 10:00:33,1682.65,568055
2021-04-22 10:00:33,1683.2,568056
2021-04-22 10:00:34,1683.1,568112
2021-04-22 10:00:35,1683.1,568139
2021-04-22 10:00:36,1683.1,568331
2021-04-22 10:00:37,1683.1,568331
2021-04-22 10:00:38,1683.2,568341
2021-04-22 10:00:40,1683.2,568517
2021-04-22 10:00:41,1683.25,568628
2021-04-22 10:00:42,1683.3,568653
2021-04-22 10:00:44,1683.3,568722
2021-04-22 10:00:44,1683.3,568722
2021-04-22 10:00:46,1683.25,568728
2021-04-22 10:00:47,1683.25,568741
2021-04-22 10:00:48,1683.25,568741
2021-04-22 10:00:49,1683.25,568751
2021-04-22 10:00:50,1683.25,568928
2021-04-22 10:00:51,1683.3,568942
2021-04-22 10:00:52,1683.65,569306
2021-04-22 10:00:53,1683.3,569334
2021-04-22 10:00:55,1683.6,569336
2021-04-22 10:00:55,1683.6,569336
2021-04-22 10:00:56,1683.6,569401
2021-04-22 10:00:57,1683.9,569408
2021-04-22 10:00:58,1683.9,569408
2021-04-22 10:00:59,1683.9,569431
2021-04-22 10:01:00,1683.9,569551
2021-04-22 10:01:01,1683.95,569569
2021-04-22 10:01:03,1683.85,570364
2021-04-22 10:01:03,1683.85,570364
2021-04-22 10:01:04,1683.9,570367
2021-04-22 10:01:05,1683.2,570542
2021-04-22 10:01:06,1683.2,570666
2021-04-22 10:01:07,1683.2,570666
2021-04-22 10:01:08,1683.2,570666
2021-04-22 10:01:09,1683.2,570666
2021-04-22 10:01:10,1683.2,570666
2021-04-22 10:01:11,1683.7,570698
2021-04-22 10:01:12,1683.75,570707
2021-04-22 10:01:13,1683.75,570747
2021-04-22 10:01:14,1683.7,570794
2021-04-22 10:01:15,1683.75,570802
2021-04-22 10:01:16,1684.1,571268
2021-04-22 10:01:17,1684.1,571345
2021-04-22 10:01:18,1683.85,571365
2021-04-22 10:01:19,1683.85,571365
2021-04-22 10:01:20,1684.1,571379
2021-04-22 10:01:21,1684.55,571444
2021-04-22 10:01:22,1684.55,571444
2021-04-22 10:01:23,1684.55,571444
2021-04-22 10:01:24,1684.55,571444
2021-04-22 10:01:25,1684.7,571461
2021-04-22 10:01:26,1684.7,571727
2021-04-22 10:01:27,1684.9,571749
2021-04-22 10:01:28,1684.65,571789
2021-04-22 10:01:29,1684.65,571789
2021-04-22 10:01:30,1684.65,571789
2021-04-22 10:01:31,1684.9,572559
2021-04-22 10:01:32,1685.0,572702
2021-04-22 10:01:33,1684.9,572710
2021-04-22 10:01:34,1684.9,572710
2021-04-22 10:01:35,1684.9,572772
2021-04-22 10:01:36,1685.0,572986
2021-04-22 10:01:38,1685.0,572986
2021-04-22 10:01:38,1685.0,572986
2021-04-22 10:01:40,1685.0,573087
2021-04-22 10:01:40,1685.0,573087
2021-04-22 10:01:41,1684.95,573110
2021-04-22 10:01:42,1684.95,573443
2021-04-22 10:01:43,1684.95,573443
2021-04-22 10:01:44,1684.65,573455
2021-04-22 10:01:45,1685.0,575534
2021-04-22 10:01:46,1684.25,575787
2021-04-22 10:01:47,1684.25,575787
2021-04-22 10:01:48,1685.0,576063
2021-04-22 10:01:49,1684.95,576264
2021-04-22 10:01:50,1685.25,576419
2021-04-22 10:01:52,1684.85,576569
2021-04-22 10:01:52,1684.85,576569
2021-04-22 10:01:54,1684.85,576592
2021-04-22 10:01:55,1685.05,576624
2021-04-22 10:01:55,1685.05,576624
2021-04-22 10:01:56,1685.1,576629
2021-04-22 10:01:57,1685.1,576629
2021-04-22 10:01:58,1685.1,576629
2021-04-22 10:01:59,1685.1,576629
2021-04-22 10:02:00,1685.05,576633
2021-04-22 10:02:01,1685.0,577535
2021-04-22 10:02:02,1685.15,577755
2021-04-22 10:02:03,1684.95,577767
2021-04-22 10:02:04,1684.85,578200
2021-04-22 10:02:05,1684.95,578203
2021-04-22 10:02:06,1685.0,578208
2021-04-22 10:02:08,1685.0,578208
2021-04-22 10:02:08,1684.9,578824
2021-04-22 10:02:10,1685.0,578869
2021-04-22 10:02:10,1684.95,578866
2021-04-22 10:02:11,1684.75,578899
2021-04-22 10:02:14,1684.75,578899
2021-04-22 10:02:16,1684.55,579009
2021-04-22 10:02:17,1684.8,579029
2021-04-22 10:02:18,1684.8,579557
2021-04-22 10:02:19,1683.25,579907
2021-04-22 10:02:20,1683.45,580629
2021-04-22 10:02:21,1683.35,580740
2021-04-22 10:02:23,1683.85,580840
2021-04-22 10:02:23,1683.85,580840
2021-04-22 10:02:24,1683.85,580840
2021-04-22 10:02:25,1683.6,581031
2021-04-22 10:02:26,1683.6,581037
2021-04-22 10:02:27,1683.55,581040
2021-04-22 10:02:28,1683.55,581050
2021-04-22 10:02:29,1683.55,581175
2021-04-22 10:02:30,1683.55,581213
2021-04-22 10:02:31,1683.5,581230
2021-04-22 10:02:32,1683.45,581231
2021-04-22 10:02:33,1683.45,581231
2021-04-22 10:02:35,1683.55,581507
2021-04-22 10:02:36,1684.0,581512
2021-04-22 10:02:36,1684.0,581512
2021-04-22 10:02:37,1684.0,581512
2021-04-22 10:02:38,1683.7,581521
2021-04-22 10:02:39,1683.9,581546
2021-04-22 10:02:40,1683.75,581671
2021-04-22 10:02:41,1683.7,581675
2021-04-22 10:02:42,1683.7,581675
2021-04-22 10:02:43,1683.7,581699
2021-04-22 10:02:44,1683.7,581699
2021-04-22 10:02:45,1683.65,581700
2021-04-22 10:02:46,1683.25,581800
2021-04-22 10:02:47,1683.25,581800
2021-04-22 10:02:48,1683.3,581808
2021-04-22 10:02:50,1683.3,581808
2021-04-22 10:02:51,1683.4,581905
2021-04-22 10:02:52,1682.75,582319
2021-04-22 10:02:52,1682.4,582383
2021-04-22 10:02:53,1683.0,582385
2021-04-22 10:02:54,1683.0,582385
2021-04-22 10:02:55,1683.0,582385
2021-04-22 10:02:56,1683.3,582390
2021-04-22 10:02:58,1682.85,582440
2021-04-22 10:02:58,1682.85,582440
2021-04-22 10:02:59,1683.3,582490
2021-04-22 10:03:01,1683.5,583142
2021-04-22 10:03:02,1683.3,583276
2021-04-22 10:03:02,1683.3,583281
2021-04-22 10:03:03,1683.05,583284
2021-04-22 10:03:04,1683.75,583289
2021-04-22 10:03:05,1683.75,583330
2021-04-22 10:03:06,1683.9,583335
2021-04-22 10:03:07,1684.0,583355
2021-04-22 10:03:08,1683.95,583646
2021-04-22 10:03:09,1684.25,583667
2021-04-22 10:03:10,1684.0,583698
2021-04-22 10:03:12,1684.0,583698
2021-04-22 10:03:13,1683.95,583707
2021-04-22 10:03:14,1683.95,583707
2021-04-22 10:03:15,1683.95,583707
2021-04-22 10:03:16,1683.8,583718
2021-04-22 10:03:17,1683.85,583743
2021-04-22 10:03:18,1683.85,583743
2021-04-22 10:03:18,1683.85,583743
2021-04-22 10:03:19,1683.8,583744
2021-04-22 10:03:20,1683.8,583784
2021-04-22 10:03:21,1683.8,583808
2021-04-22 10:03:22,1683.8,583808
2021-04-22 10:03:23,1683.7,583825
2021-04-22 10:03:24,1683.75,583843
2021-04-22 10:03:25,1683.75,583868
2021-04-22 10:03:26,1684.0,583929
2021-04-22 10:03:28,1684.0,583932
2021-04-22 10:03:29,1684.0,583932
2021-04-22 10:03:30,1683.95,583949
2021-04-22 10:03:30,1683.95,583949
2021-04-22 10:03:31,1683.95,584074
2021-04-22 10:03:32,1683.7,584227
2021-04-22 10:03:33,1682.5,584417
2021-04-22 10:03:34,1682.5,584417
2021-04-22 10:03:36,1682.55,584474
2021-04-22 10:03:37,1682.95,584487
2021-04-22 10:03:38,1682.95,584487
2021-04-22 10:03:39,1682.95,584487
2021-04-22 10:03:40,1682.9,584503
2021-04-22 10:03:41,1682.85,584508
2021-04-22 10:03:42,1682.6,584510
2021-04-22 10:03:42,1682.6,584510
2021-04-22 10:03:43,1682.6,584510
2021-04-22 10:03:44,1682.7,584519
2021-04-22 10:03:45,1682.6,584530
2021-04-22 10:03:46,1682.75,584545
2021-04-22 10:03:47,1682.8,584559
2021-04-22 10:03:50,1682.7,584568
2021-04-22 10:03:50,1682.7,584567
2021-04-22 10:03:51,1682.7,584658
2021-04-22 10:03:52,1682.7,584661
2021-04-22 10:03:53,1682.85,584821
2021-04-22 10:03:54,1683.6,584827
2021-04-22 10:03:55,1683.5,584841
2021-04-22 10:03:57,1683.5,584841
2021-04-22 10:03:58,1683.5,584841
2021-04-22 10:04:00,1683.75,584857
2021-04-22 10:04:01,1683.7,584865
2021-04-22 10:04:02,1683.0,584999
2021-04-22 10:04:02,1683.0,584999
2021-04-22 10:04:03,1683.0,584999
2021-04-22 10:04:04,1683.0,584999
2021-04-22 10:04:05,1682.6,585102
2021-04-22 10:04:06,1683.0,585108
2021-04-22 10:04:07,1683.0,585108
2021-04-22 10:04:08,1683.0,585108
2021-04-22 10:04:10,1682.9,585134
2021-04-22 10:04:11,1682.7,585167
2021-04-22 10:04:12,1682.9,585169
2021-04-22 10:04:12,1682.9,585169
2021-04-22 10:04:13,1682.9,585169
2021-04-22 10:04:15,1682.9,585172
2021-04-22 10:04:17,1682.85,585181
2021-04-22 10:04:18,1682.9,585183
2021-04-22 10:04:19,1682.9,585183
2021-04-22 10:04:20,1682.8,585232
2021-04-22 10:04:21,1682.65,585236
2021-04-22 10:04:22,1682.65,585245
2021-04-22 10:04:23,1682.65,585246
2021-04-22 10:04:24,1682.75,585301
2021-04-22 10:04:25,1683.0,585366
2021-04-22 10:04:26,1682.75,585376
2021-04-22 10:04:27,1682.75,585376
2021-04-22 10:04:29,1682.75,585376
2021-04-22 10:04:30,1682.75,585376
2021-04-22 10:04:31,1682.95,585485
2021-04-22 10:04:32,1682.95,585498
2021-04-22 10:04:33,1682.95,585498
2021-04-22 10:04:33,1682.95,585498
2021-04-22 10:04:34,1682.6,585501
2021-04-22 10:04:35,1682.55,585510
2021-04-22 10:04:36,1682.6,585526
2021-04-22 10:04:38,1682.6,585528
2021-04-22 10:04:39,1682.55,585586
2021-04-22 10:04:40,1682.6,585640
2021-04-22 10:04:40,1682.6,585640
2021-04-22 10:04:41,1682.55,585645
2021-04-22 10:04:42,1682.55,585645
2021-04-22 10:04:43,1682.55,585670
2021-04-22 10:04:45,1682.55,585770
2021-04-22 10:04:46,1682.55,585778
2021-04-22 10:04:47,1682.5,585785
2021-04-22 10:04:48,1682.45,585797
2021-04-22 10:04:49,1682.45,585804
2021-04-22 10:04:50,1682.45,585804
2021-04-22 10:04:51,1682.45,585823
2021-04-22 10:04:52,1682.45,585824
2021-04-22 10:04:53,1682.45,585824
2021-04-22 10:04:54,1682.45,585824
2021-04-22 10:04:55,1682.45,585841
2021-04-22 10:04:56,1682.45,585853
2021-04-22 10:04:57,1682.45,585863
2021-04-22 10:04:58,1681.3,586881
2021-04-22 10:04:59,1681.95,587043
2021-04-22 10:05:00,1681.95,587043
2021-04-22 10:05:00,1681.95,587043
2021-04-22 10:05:01,1682.05,587073
2021-04-22 10:05:02,1682.05,587073
2021-04-22 10:05:03,1682.2,587323
2021-04-22 10:05:05,1682.35,587463
2021-04-22 10:05:06,1683.0,587680
2021-04-22 10:05:07,1683.15,587757
2021-04-22 10:05:08,1683.15,587757
2021-04-22 10:05:09,1683.0,587801
2021-04-22 10:05:11,1683.35,587806
2021-04-22 10:05:12,1683.35,587806
2021-04-22 10:05:14,1683.45,587808
2021-04-22 10:05:15,1683.65,587812
2021-04-22 10:05:15,1683.65,587812
2021-04-22 10:05:16,1683.6,587867
2021-04-22 10:05:17,1683.8,587884
2021-04-22 10:05:18,1683.4,587945
2021-04-22 10:05:22,1683.05,587959
2021-04-22 10:05:23,1683.05,587959
2021-04-22 10:05:24,1683.05,587961
2021-04-22 10:05:25,1683.05,587985
2021-04-22 10:05:26,1682.8,588012
2021-04-22 10:05:27,1682.8,588012
2021-04-22 10:05:28,1682.8,588012
2021-04-22 10:05:29,1683.0,588024
2021-04-22 10:05:30,1683.0,588034
2021-04-22 10:05:31,1683.2,588039
2021-04-22 10:05:31,1683.2,588039
2021-04-22 10:05:32,1683.25,588153
2021-04-22 10:05:34,1683.4,588165
2021-04-22 10:05:35,1683.4,588165
2021-04-22 10:05:36,1683.35,588170
2021-04-22 10:05:37,1683.35,588170
2021-04-22 10:05:38,1683.45,588220
2021-04-22 10:05:39,1683.45,588220
2021-04-22 10:05:40,1683.45,588249
2021-04-22 10:05:40,1683.45,588249
2021-04-22 10:05:41,1683.55,588259
2021-04-22 10:05:42,1684.0,591731
2021-04-22 10:05:43,1684.1,591764
2021-04-22 10:05:44,1684.1,592207
2021-04-22 10:05:45,1684.1,592245
2021-04-22 10:05:47,1684.1,592247
2021-04-22 10:05:49,1684.1,592571
2021-04-22 10:05:50,1684.1,592573
2021-04-22 10:05:51,1684.2,593949
2021-04-22 10:05:52,1684.15,594077
2021-04-22 10:05:53,1684.15,594077
2021-04-22 10:05:54,1684.15,594117
2021-04-22 10:05:55,1684.2,594119
2021-04-22 10:05:55,1684.2,594119
2021-04-22 10:05:56,1684.2,594124
2021-04-22 10:05:57,1684.2,594124
2021-04-22 10:05:58,1684.2,594124
2021-04-22 10:06:00,1684.7,594736
2021-04-22 10:06:01,1684.7,595140
2021-04-22 10:06:02,1685.2,595204
2021-04-22 10:06:03,1684.75,595249
2021-04-22 10:06:04,1684.75,595249
2021-04-22 10:06:05,1684.55,595300
2021-04-22 10:06:06,1684.7,595305
2021-04-22 10:06:07,1684.55,595406
2021-04-22 10:06:07,1684.55,595406
2021-04-22 10:06:08,1684.1,595506
2021-04-22 10:06:09,1684.1,595506
2021-04-22 10:06:10,1684.75,595515
2021-04-22 10:06:11,1684.75,595515
2021-04-22 10:06:12,1684.75,595535
2021-04-22 10:06:14,1684.75,595541
2021-04-22 10:06:15,1684.7,595866
2021-04-22 10:06:16,1684.75,595888
2021-04-22 10:06:17,1684.7,595897
2021-04-22 10:06:17,1684.7,595897
2021-04-22 10:06:18,1684.7,595897
2021-04-22 10:06:20,1684.75,595905
2021-04-22 10:06:21,1684.75,595916
2021-04-22 10:06:22,1684.75,595918
2021-04-22 10:06:24,1684.75,595922
2021-04-22 10:06:25,1684.75,596033
2021-04-22 10:06:26,1684.65,597178
2021-04-22 10:06:27,1684.15,597191
2021-04-22 10:06:27,1684.4,597192
2021-04-22 10:06:29,1684.55,597193
2021-04-22 10:06:30,1684.2,597196
2021-04-22 10:06:31,1684.55,597200
2021-04-22 10:06:32,1684.55,597200
2021-04-22 10:06:32,1684.55,597215
2021-04-22 10:06:34,1684.55,597215
2021-04-22 10:06:35,1683.55,598122
2021-04-22 10:06:35,1683.55,598122
2021-04-22 10:06:36,1684.0,598140
2021-04-22 10:06:37,1683.8,598204
2021-04-22 10:06:38,1684.0,599118
2021-04-22 10:06:39,1683.95,599450
2021-04-22 10:06:40,1683.9,599456
2021-04-22 10:06:43,1684.45,599487
2021-04-22 10:06:44,1684.45,599487
2021-04-22 10:06:45,1684.45,599487
2021-04-22 10:06:46,1683.4,599595
2021-04-22 10:06:46,1683.75,599609
2021-04-22 10:06:47,1683.75,599609
2021-04-22 10:06:48,1683.75,599609
2021-04-22 10:06:50,1683.75,599636
2021-04-22 10:06:51,1683.8,599640
2021-04-22 10:06:52,1683.8,599641
2021-04-22 10:06:53,1683.8,599641
2021-04-22 10:06:54,1683.8,599642
2021-04-22 10:06:55,1683.8,599665
2021-04-22 10:06:57,1683.8,599665
2021-04-22 10:06:58,1683.8,599665
2021-04-22 10:06:59,1683.8,599670
2021-04-22 10:07:00,1683.75,599764
2021-04-22 10:07:01,1683.75,599783
2021-04-22 10:07:02,1683.75,599792
2021-04-22 10:07:03,1683.8,599803
2021-04-22 10:07:03,1683.8,599803
2021-04-22 10:07:05,1683.5,599905
2021-04-22 10:07:06,1683.9,599915
2021-04-22 10:07:07,1683.9,599915
2021-04-22 10:07:08,1683.8,599927
2021-04-22 10:07:09,1683.65,600141
2021-04-22 10:07:10,1683.65,600141
2021-04-22 10:07:11,1683.6,600145
2021-04-22 10:07:12,1683.6,600145
2021-04-22 10:07:13,1683.95,600590
2021-04-22 10:07:14,1684.05,600610
2021-04-22 10:07:15,1684.25,600708
2021-04-22 10:07:16,1684.4,600713
2021-04-22 10:07:17,1684.45,600915
2021-04-22 10:07:18,1684.55,600918
2021-04-22 10:07:19,1684.7,600938
2021-04-22 10:07:19,1684.7,600939
2021-04-22 10:07:20,1684.1,601045
2021-04-22 10:07:22,1684.7,601049
2021-04-22 10:07:23,1684.7,601049
2021-04-22 10:07:24,1684.7,601049
2021-04-22 10:07:25,1684.7,601049
2021-04-22 10:07:26,1684.7,601058
2021-04-22 10:07:27,1684.7,601058
2021-04-22 10:07:28,1684.7,601058
2021-04-22 10:07:29,1684.7,601058
2021-04-22 10:07:30,1684.7,601069
2021-04-22 10:07:31,1684.7,601081
2021-04-22 10:07:32,1684.9,601295
2021-04-22 10:07:33,1685.0,601307
2021-04-22 10:07:34,1685.5,603865
2021-04-22 10:07:35,1685.15,604040
2021-04-22 10:07:36,1685.2,604046
2021-04-22 10:07:37,1685.2,604049
2021-04-22 10:07:38,1685.45,604106
2021-04-22 10:07:39,1685.25,604261
2021-04-22 10:07:40,1685.25,604276
2021-04-22 10:07:41,1685.25,604276
2021-04-22 10:07:45,1685.05,604548
2021-04-22 10:07:46,1685.05,605164
2021-04-22 10:07:47,1685.15,605319
2021-04-22 10:07:48,1685.1,605322
2021-04-22 10:07:49,1685.1,605332
2021-04-22 10:07:50,1685.1,605346
2021-04-22 10:07:51,1685.1,605350
2021-04-22 10:07:53,1685.05,605370
2021-04-22 10:07:54,1685.0,605396
2021-04-22 10:07:56,1685.0,605402
2021-04-22 10:07:57,1685.0,605403
2021-04-22 10:07:58,1685.0,605403
2021-04-22 10:07:59,1685.0,605403
2021-04-22 10:08:00,1685.0,606537
2021-04-22 10:08:01,1685.0,606727
2021-04-22 10:08:02,1685.0,606727
2021-04-22 10:08:02,1685.25,606737
2021-04-22 10:08:03,1685.1,606739
2021-04-22 10:08:05,1685.0,606866
2021-04-22 10:08:06,1685.25,606871
2021-04-22 10:08:07,1685.25,606930
2021-04-22 10:08:08,1685.25,606930
2021-04-22 10:08:09,1685.25,606930
2021-04-22 10:08:10,1685.85,607137
2021-04-22 10:08:11,1685.85,607187
2021-04-22 10:08:12,1685.85,607332
2021-04-22 10:08:12,1685.85,607324
2021-04-22 10:08:13,1685.85,607360
2021-04-22 10:08:14,1685.85,607371
2021-04-22 10:08:15,1685.75,607405
2021-04-22 10:08:17,1685.7,607419
2021-04-22 10:08:17,1685.7,607419
2021-04-22 10:08:19,1685.5,607469
2021-04-22 10:08:20,1685.15,607479
2021-04-22 10:08:21,1685.45,607489
2021-04-22 10:08:22,1685.0,607514
2021-04-22 10:08:23,1685.4,607526
2021-04-22 10:08:24,1685.4,607526
2021-04-22 10:08:25,1685.4,607526
2021-04-22 10:08:26,1685.0,607593
2021-04-22 10:08:27,1685.0,607596
2021-04-22 10:08:28,1685.0,607596
2021-04-22 10:08:29,1685.0,607648
2021-04-22 10:08:29,1685.0,607659
2021-04-22 10:08:31,1685.45,607805
2021-04-22 10:08:31,1685.45,607805
2021-04-22 10:08:32,1685.45,607824
2021-04-22 10:08:33,1685.75,607832
2021-04-22 10:08:35,1685.75,607832
2021-04-22 10:08:36,1685.75,607837
2021-04-22 10:08:37,1685.75,607909
2021-04-22 10:08:38,1685.75,607999
2021-04-22 10:08:39,1685.7,608007
2021-04-22 10:08:40,1685.7,608034
2021-04-22 10:08:40,1685.85,608446
2021-04-22 10:08:42,1685.85,608446
2021-04-22 10:08:43,1685.85,608446
2021-04-22 10:08:44,1685.6,608504
2021-04-22 10:08:44,1685.15,608539
2021-04-22 10:08:45,1685.25,608618
2021-04-22 10:08:47,1685.15,608619
2021-04-22 10:08:47,1685.15,608619
2021-04-22 10:08:49,1685.15,608619
2021-04-22 10:08:50,1685.35,608621
2021-04-22 10:08:51,1685.0,608651
2021-04-22 10:08:52,1685.0,608676
2021-04-22 10:08:53,1684.9,609760
2021-04-22 10:08:54,1684.9,609762
2021-04-22 10:08:54,1684.9,609762
2021-04-22 10:08:55,1684.95,609765
2021-04-22 10:08:57,1684.95,609766
2021-04-22 10:08:58,1684.9,609826
2021-04-22 10:08:59,1684.95,609891
2021-04-22 10:09:00,1684.95,609894
2021-04-22 10:09:01,1684.9,609958
2021-04-22 10:09:02,1684.65,610040
2021-04-22 10:09:03,1684.65,610040
2021-04-22 10:09:04,1684.65,610040
2021-04-22 10:09:05,1684.7,610052
2021-04-22 10:09:06,1684.85,610059
2021-04-22 10:09:07,1684.85,610059
2021-04-22 10:09:08,1684.8,610111
2021-04-22 10:09:09,1684.75,610118
2021-04-22 10:09:10,1684.75,610138
2021-04-22 10:09:11,1684.85,610152
2021-04-22 10:09:12,1684.85,610152
2021-04-22 10:09:13,1684.45,610173
2021-04-22 10:09:14,1684.55,610325
2021-04-22 10:09:15,1684.55,610325
2021-04-22 10:09:16,1684.45,610359
2021-04-22 10:09:17,1684.45,610359
2021-04-22 10:09:18,1684.45,610359
2021-04-22 10:09:19,1684.45,610359
2021-04-22 10:09:20,1684.35,610372
2021-04-22 10:09:21,1684.3,610403
2021-04-22 10:09:22,1684.3,610405
2021-04-22 10:09:23,1684.4,610467
2021-04-22 10:09:24,1684.7,610468
2021-04-22 10:09:25,1684.7,610468
2021-04-22 10:09:26,1684.7,610473
2021-04-22 10:09:27,1685.0,610663
2021-04-22 10:09:28,1685.45,610665
2021-04-22 10:09:29,1685.15,610687
2021-04-22 10:09:30,1685.35,610696
2021-04-22 10:09:31,1685.35,610725
2021-04-22 10:09:33,1685.3,610735
2021-04-22 10:09:35,1685.1,610748
2021-04-22 10:09:36,1684.7,610790
2021-04-22 10:09:37,1684.7,610790
2021-04-22 10:09:38,1684.7,610790
2021-04-22 10:09:39,1683.75,610843
2021-04-22 10:09:40,1683.75,610846
2021-04-22 10:09:41,1683.8,610859
2021-04-22 10:09:42,1683.75,610869
2021-04-22 10:09:43,1683.75,610869
2021-04-22 10:09:44,1683.75,610869
2021-04-22 10:09:45,1683.75,610892
2021-04-22 10:09:46,1683.7,610922
2021-04-22 10:09:47,1683.4,610947
2021-04-22 10:09:48,1683.4,610948
2021-04-22 10:09:49,1683.6,610949
2021-04-22 10:09:50,1683.35,611002
2021-04-22 10:09:51,1683.55,611006
2021-04-22 10:09:52,1683.55,611006
2021-04-22 10:09:53,1683.15,611056
2021-04-22 10:09:54,1683.5,611067
2021-04-22 10:09:55,1683.5,611076
2021-04-22 10:09:56,1683.5,611082
2021-04-22 10:09:57,1683.1,611102
2021-04-22 10:09:58,1683.1,611102
2021-04-22 10:09:59,1683.1,611102
2021-04-22 10:10:00,1683.1,611102
2021-04-22 10:10:01,1683.45,611112
2021-04-22 10:10:02,1683.45,611112
2021-04-22 10:10:03,1683.4,611123
2021-04-22 10:10:04,1683.25,611132
2021-04-22 10:10:05,1683.25,611132
2021-04-22 10:10:06,1683.35,611137
2021-04-22 10:10:07,1683.35,611138
2021-04-22 10:10:08,1683.25,611139
2021-04-22 10:10:09,1683.35,611153
2021-04-22 10:10:10,1683.35,611170
2021-04-22 10:10:11,1683.35,611170
2021-04-22 10:10:12,1683.3,611185
2021-04-22 10:10:13,1683.1,611200
2021-04-22 10:10:14,1683.35,611206
2021-04-22 10:10:15,1683.35,611206
2021-04-22 10:10:16,1683.3,611211
2021-04-22 10:10:17,1683.25,611300
2021-04-22 10:10:18,1683.3,611372
2021-04-22 10:10:19,1683.35,611389
2021-04-22 10:10:20,1683.4,611421
2021-04-22 10:10:21,1683.4,611494
2021-04-22 10:10:23,1683.35,611593
2021-04-22 10:10:25,1683.35,611898
2021-04-22 10:10:26,1682.35,612294
2021-04-22 10:10:27,1682.65,612446
2021-04-22 10:10:28,1682.6,612566
2021-04-22 10:10:29,1682.7,612636
2021-04-22 10:10:30,1682.55,613423
2021-04-22 10:10:31,1682.7,613647
2021-04-22 10:10:32,1682.65,613769
2021-04-22 10:10:33,1682.7,613926
2021-04-22 10:10:35,1683.35,613942
2021-04-22 10:10:36,1683.3,613948
2021-04-22 10:10:37,1683.3,613948
2021-04-22 10:10:38,1683.3,613948
2021-04-22 10:10:39,1683.0,613966
2021-04-22 10:10:40,1683.0,613966
2021-04-22 10:10:41,1683.05,613981
2021-04-22 10:10:42,1682.9,614043
2021-04-22 10:10:43,1682.9,614043
2021-04-22 10:10:44,1682.9,614043
2021-04-22 10:10:45,1683.0,614105
2021-04-22 10:10:46,1683.0,614156
2021-04-22 10:10:47,1683.05,614176
2021-04-22 10:10:48,1683.0,614183
2021-04-22 10:10:49,1683.0,614183
2021-04-22 10:10:50,1683.0,614183
2021-04-22 10:10:51,1682.95,614207
2021-04-22 10:10:52,1682.95,614238
2021-04-22 10:10:53,1682.9,614242
2021-04-22 10:10:54,1682.95,614330
2021-04-22 10:10:55,1682.95,614330
2021-04-22 10:10:56,1682.95,614458
2021-04-22 10:10:57,1682.9,614525
2021-04-22 10:10:58,1682.95,614538
2021-04-22 10:10:59,1682.95,614543
2021-04-22 10:11:01,1682.95,614558
2021-04-22 10:11:02,1682.95,614570
2021-04-22 10:11:03,1683.1,616257
2021-04-22 10:11:04,1683.25,616263
2021-04-22 10:11:05,1683.35,616278
2021-04-22 10:11:06,1683.35,616408
2021-04-22 10:11:08,1683.35,616460
2021-04-22 10:11:07,1683.35,616459
2021-04-22 10:11:09,1683.35,616534
2021-04-22 10:11:10,1683.4,616549
2021-04-22 10:11:11,1683.4,616553
2021-04-22 10:11:12,1683.35,616614
2021-04-22 10:11:13,1683.3,616740
2021-04-22 10:11:14,1683.4,616993
2021-04-22 10:11:15,1683.4,617005
2021-04-22 10:11:16,1683.4,617010
2021-04-22 10:11:17,1683.4,617084
2021-04-22 10:11:18,1683.4,617160
2021-04-22 10:11:19,1683.3,617164
2021-04-22 10:11:21,1682.9,617250
2021-04-22 10:11:21,1682.9,617250
2021-04-22 10:11:22,1682.75,617262
2021-04-22 10:11:23,1683.5,618675
2021-04-22 10:11:24,1684.75,618889
2021-04-22 10:11:25,1684.7,619360
2021-04-22 10:11:26,1683.95,619904
2021-04-22 10:11:27,1683.95,619904
2021-04-22 10:11:28,1683.95,619904
2021-04-22 10:11:29,1683.95,619904
2021-04-22 10:11:30,1683.95,619904
2021-04-22 10:11:31,1684.15,619929
2021-04-22 10:11:32,1684.3,619930
2021-04-22 10:11:33,1684.25,619997
2021-04-22 10:11:35,1684.5,620521
2021-04-22 10:11:36,1684.5,620521
2021-04-22 10:11:37,1684.95,620527
2021-04-22 10:11:37,1684.95,620527
2021-04-22 10:11:38,1684.95,620527
2021-04-22 10:11:39,1685.0,620800
2021-04-22 10:11:40,1685.5,620956
2021-04-22 10:11:41,1685.55,621089
2021-04-22 10:11:42,1687.95,623881
2021-04-22 10:11:43,1686.5,625415
2021-04-22 10:11:44,1686.75,625740
2021-04-22 10:11:45,1686.55,625868
2021-04-22 10:11:46,1686.75,625935
2021-04-22 10:11:47,1687.1,626049
2021-04-22 10:11:48,1687.1,626049
2021-04-22 10:11:49,1687.1,626049
2021-04-22 10:11:50,1687.1,626049
2021-04-22 10:11:51,1687.05,626064
2021-04-22 10:11:52,1687.05,626081
2021-04-22 10:11:53,1687.05,626161
2021-04-22 10:11:54,1686.75,626186
2021-04-22 10:11:55,1686.7,626194
2021-04-22 10:11:56,1686.25,626201
2021-04-22 10:11:57,1686.25,626201
2021-04-22 10:11:59,1686.6,626206
2021-04-22 10:12:00,1686.65,626268
2021-04-22 10:12:01,1686.6,626383
2021-04-22 10:12:02,1686.6,626457
2021-04-22 10:12:02,1686.6,626457
2021-04-22 10:12:03,1686.35,626492
2021-04-22 10:12:04,1686.6,626542
2021-04-22 10:12:05,1687.95,627098
2021-04-22 10:12:06,1688.0,627230
2021-04-22 10:12:07,1687.85,627303
2021-04-22 10:12:08,1687.65,627329
2021-04-22 10:12:09,1687.65,627329
2021-04-22 10:12:10,1687.55,627589
2021-04-22 10:12:11,1687.5,627594
2021-04-22 10:12:12,1687.15,628034
2021-04-22 10:12:13,1687.2,628363
2021-04-22 10:12:14,1687.55,628365
2021-04-22 10:12:15,1687.55,628395
2021-04-22 10:12:16,1687.55,628400
2021-04-22 10:12:17,1687.3,628402
2021-04-22 10:12:18,1687.25,628426
2021-04-22 10:12:19,1687.3,628431
2021-04-22 10:12:20,1687.25,628436
2021-04-22 10:12:21,1687.25,628436
2021-04-22 10:12:22,1687.3,628446
2021-04-22 10:12:23,1687.3,628446
2021-04-22 10:12:24,1687.3,628447
2021-04-22 10:12:25,1687.3,628465
2021-04-22 10:12:26,1687.3,628471
2021-04-22 10:12:27,1687.3,628473
2021-04-22 10:12:28,1687.25,628474
2021-04-22 10:12:29,1687.3,628907
2021-04-22 10:12:31,1687.3,628950
2021-04-22 10:12:33,1687.55,629025
2021-04-22 10:12:33,1687.55,629025
2021-04-22 10:12:34,1687.6,629030
2021-04-22 10:12:35,1687.6,629040
2021-04-22 10:12:36,1687.7,629045
2021-04-22 10:12:37,1687.3,629147
2021-04-22 10:12:38,1687.5,629207
2021-04-22 10:12:39,1687.3,629223
2021-04-22 10:12:40,1687.55,629236
2021-04-22 10:12:41,1687.55,629236
2021-04-22 10:12:42,1687.25,630700
2021-04-22 10:12:44,1687.25,630780
2021-04-22 10:12:44,1687.25,630763
2021-04-22 10:12:45,1687.25,630780
2021-04-22 10:12:46,1687.4,630787
2021-04-22 10:12:47,1687.2,630901
2021-04-22 10:12:48,1687.25,630908
2021-04-22 10:12:49,1687.25,630908
2021-04-22 10:12:50,1687.4,630943
2021-04-22 10:12:51,1687.4,630947
2021-04-22 10:12:52,1687.3,631072
2021-04-22 10:12:54,1687.3,631072
2021-04-22 10:12:54,1687.25,631078
2021-04-22 10:12:55,1687.25,631078
2021-04-22 10:12:56,1687.2,631133
2021-04-22 10:12:57,1687.15,631348
2021-04-22 10:12:58,1685.8,631456
2021-04-22 10:12:59,1685.8,631510
2021-04-22 10:13:00,1686.4,632479
2021-04-22 10:13:01,1686.4,632479
2021-04-22 10:13:03,1686.4,632479
2021-04-22 10:13:03,1686.4,632479
2021-04-22 10:13:04,1686.3,632480
2021-04-22 10:13:05,1686.4,632500
2021-04-22 10:13:06,1686.35,632823
2021-04-22 10:13:07,1686.0,633116
2021-04-22 10:13:08,1684.6,633303
2021-04-22 10:13:09,1684.6,633674
2021-04-22 10:13:10,1684.85,633830
2021-04-22 10:13:11,1684.85,633831
2021-04-22 10:13:12,1684.85,633835
2021-04-22 10:13:13,1684.85,633885
2021-04-22 10:13:14,1684.85,633885
2021-04-22 10:13:15,1684.7,633946
2021-04-22 10:13:16,1684.85,633952
2021-04-22 10:13:17,1684.85,633971
2021-04-22 10:13:18,1683.7,634105
2021-04-22 10:13:19,1683.3,634299
2021-04-22 10:13:20,1683.95,634690
2021-04-22 10:13:22,1683.85,634746
2021-04-22 10:13:22,1683.85,634746
2021-04-22 10:13:23,1683.85,634746
2021-04-22 10:13:26,1684.6,634990
2021-04-22 10:13:27,1684.6,634993
2021-04-22 10:13:28,1684.6,635036
2021-04-22 10:13:30,1684.6,635036
2021-04-22 10:13:31,1684.8,635063
2021-04-22 10:13:32,1684.85,635158
2021-04-22 10:13:32,1684.65,635265
2021-04-22 10:13:33,1684.9,635439
2021-04-22 10:13:34,1684.05,635639
2021-04-22 10:13:35,1684.85,635659
2021-04-22 10:13:36,1684.85,635664
2021-04-22 10:13:38,1684.35,635760
2021-04-22 10:13:39,1684.35,635760
2021-04-22 10:13:40,1684.35,635760
2021-04-22 10:13:41,1684.3,635764
2021-04-22 10:13:42,1684.1,635976
2021-04-22 10:13:44,1683.5,638143
2021-04-22 10:13:44,1683.9,638082
2021-04-22 10:13:46,1683.9,638205
2021-04-22 10:13:47,1683.3,638327
2021-04-22 10:13:48,1683.8,638367
2021-04-22 10:13:49,1683.35,638456
2021-04-22 10:13:49,1683.35,638456
2021-04-22 10:13:50,1682.2,639719
2021-04-22 10:13:51,1683.0,640518
2021-04-22 10:13:52,1682.85,640640
2021-04-22 10:13:53,1682.8,641623
2021-04-22 10:13:55,1683.0,641855
2021-04-22 10:13:56,1682.4,642888
2021-04-22 10:13:56,1682.25,642902
2021-04-22 10:13:59,1682.55,644694
2021-04-22 10:13:59,1682.55,644694
2021-04-22 10:14:00,1682.55,644782
2021-04-22 10:14:02,1682.35,644867
2021-04-22 10:14:03,1682.5,644877
2021-04-22 10:14:05,1682.3,645004
2021-04-22 10:14:06,1682.5,645098
2021-04-22 10:14:07,1682.35,645373
2021-04-22 10:14:07,1682.35,645373
2021-04-22 10:14:08,1682.5,645384
2021-04-22 10:14:09,1682.55,645394
2021-04-22 10:14:10,1682.6,645525
2021-04-22 10:14:11,1682.6,645531
2021-04-22 10:14:12,1682.6,645535
2021-04-22 10:14:14,1682.6,645535
2021-04-22 10:14:15,1682.6,645623
2021-04-22 10:14:15,1682.6,645623
2021-04-22 10:14:16,1682.9,645628
2021-04-22 10:14:17,1682.9,645666
2021-04-22 10:14:18,1682.9,645676
2021-04-22 10:14:19,1682.7,645679
2021-04-22 10:14:21,1682.8,645691
2021-04-22 10:14:22,1682.8,645691
2021-04-22 10:14:23,1682.85,645731
2021-04-22 10:14:24,1682.9,645751
2021-04-22 10:14:24,1682.9,645761
2021-04-22 10:14:25,1682.95,646151
2021-04-22 10:14:26,1682.4,646900
2021-04-22 10:14:27,1682.05,647477
2021-04-22 10:14:28,1682.15,647573
2021-04-22 10:14:29,1682.8,647574
2021-04-22 10:14:30,1682.75,647710
2021-04-22 10:14:31,1682.8,647915
2021-04-22 10:14:32,1682.8,647948
2021-04-22 10:14:33,1682.8,647959
2021-04-22 10:14:34,1683.65,650380
2021-04-22 10:14:35,1684.15,650385
2021-04-22 10:14:36,1683.75,650533
2021-04-22 10:14:38,1683.2,650668
2021-04-22 10:14:39,1682.95,650699
2021-04-22 10:14:39,1682.95,650699
2021-04-22 10:14:40,1683.1,650799
2021-04-22 10:14:41,1683.05,650806
2021-04-22 10:14:42,1683.65,651766
2021-04-22 10:14:44,1683.3,651816
2021-04-22 10:14:45,1683.3,651816
2021-04-22 10:14:45,1683.3,651816
2021-04-22 10:14:46,1683.4,651836
2021-04-22 10:14:47,1683.4,651836
2021-04-22 10:14:48,1683.4,651907
2021-04-22 10:14:49,1683.4,651918
2021-04-22 10:14:50,1682.9,651940
2021-04-22 10:14:52,1682.8,651946
2021-04-22 10:14:53,1682.6,652168
2021-04-22 10:14:54,1682.6,652290
2021-04-22 10:14:54,1682.95,652330
2021-04-22 10:14:55,1682.95,652330
2021-04-22 10:14:56,1682.9,652336
2021-04-22 10:14:58,1682.9,652338
2021-04-22 10:14:59,1682.7,652340
2021-04-22 10:15:00,1682.6,652361
2021-04-22 10:15:01,1682.85,652442
2021-04-22 10:15:02,1682.8,652456
2021-04-22 10:15:03,1682.8,652456
2021-04-22 10:15:04,1682.8,652456
2021-04-22 10:15:04,1682.8,652456
2021-04-22 10:15:05,1682.7,653087
2021-04-22 10:15:06,1682.8,653124
2021-04-22 10:15:07,1682.6,653931
2021-04-22 10:15:08,1682.05,654097
2021-04-22 10:15:10,1682.1,654100
2021-04-22 10:15:10,1680.75,657607
2021-04-22 10:15:11,1680.8,657615
2021-04-22 10:15:12,1680.8,657615
2021-04-22 10:15:13,1681.05,657824
2021-04-22 10:15:15,1681.8,657927
2021-04-22 10:15:15,1681.7,657934
2021-04-22 10:15:17,1682.2,658477
2021-04-22 10:15:18,1682.2,658498
2021-04-22 10:15:19,1682.2,658498
2021-04-22 10:15:19,1682.2,658498
2021-04-22 10:15:20,1681.8,658575
2021-04-22 10:15:21,1682.15,658586
2021-04-22 10:15:22,1682.15,658686
2021-04-22 10:15:23,1681.9,658702
2021-04-22 10:15:24,1681.9,659569
2021-04-22 10:15:26,1681.65,659595
2021-04-22 10:15:27,1682.1,659602
2021-04-22 10:15:27,1682.1,659602
2021-04-22 10:15:28,1682.1,659613
2021-04-22 10:15:29,1682.1,659614
2021-04-22 10:15:31,1682.1,659642
2021-04-22 10:15:32,1682.1,659708
2021-04-22 10:15:33,1682.1,660507
2021-04-22 10:15:33,1682.1,660548
2021-04-22 10:15:34,1682.1,660548
2021-04-22 10:15:36,1682.1,660556
2021-04-22 10:15:37,1682.1,660732
2021-04-22 10:15:38,1682.05,660802
2021-04-22 10:15:39,1682.1,660851
2021-04-22 10:15:40,1682.1,660895
2021-04-22 10:15:41,1682.1,660919
2021-04-22 10:15:41,1682.1,660920
2021-04-22 10:15:42,1682.1,660921
2021-04-22 10:15:43,1682.1,660925
2021-04-22 10:15:45,1682.1,660947
2021-04-22 10:15:46,1682.1,660960
2021-04-22 10:15:47,1682.2,660973
2021-04-22 10:15:47,1682.2,660973
2021-04-22 10:15:48,1682.25,661094
2021-04-22 10:15:49,1682.25,661105
2021-04-22 10:15:50,1682.25,661105
2021-04-22 10:15:51,1682.25,661112
2021-04-22 10:15:52,1683.0,661614
2021-04-22 10:15:53,1682.2,661687
2021-04-22 10:15:55,1682.2,661687
2021-04-22 10:15:56,1682.95,661702
2021-04-22 10:15:57,1682.95,661702
2021-04-22 10:15:58,1682.6,661722
2021-04-22 10:15:59,1682.95,661723
2021-04-22 10:16:00,1682.95,661725
2021-04-22 10:16:00,1682.95,661725
2021-04-22 10:16:01,1682.7,662325
2021-04-22 10:16:03,1682.7,662325
2021-04-22 10:16:04,1682.75,662363
2021-04-22 10:16:05,1682.75,662363
2021-04-22 10:16:06,1682.8,662368
2021-04-22 10:16:07,1682.8,662368
2021-04-22 10:16:08,1682.8,662380
2021-04-22 10:16:08,1682.8,662382
2021-04-22 10:16:09,1682.8,662384
2021-04-22 10:16:10,1682.8,662395
2021-04-22 10:16:12,1682.8,662429
2021-04-22 10:16:13,1682.8,662440
2021-04-22 10:16:14,1682.8,662441
2021-04-22 10:16:15,1682.35,662593
2021-04-22 10:16:16,1682.75,662598
2021-04-22 10:16:16,1682.75,662598
2021-04-22 10:16:17,1682.7,662600
2021-04-22 10:16:19,1682.7,662600
2021-04-22 10:16:20,1682.7,662600
2021-04-22 10:16:21,1682.75,662610
2021-04-22 10:16:22,1682.75,662610
2021-04-22 10:16:23,1682.75,662619
2021-04-22 10:16:24,1682.75,662632
2021-04-22 10:16:25,1682.75,662647
2021-04-22 10:16:26,1682.7,662650
2021-04-22 10:16:28,1682.6,662660
2021-04-22 10:16:30,1682.15,662720
2021-04-22 10:16:31,1682.65,662774
2021-04-22 10:16:32,1682.65,662792
2021-04-22 10:16:33,1682.65,662792
2021-04-22 10:16:34,1682.65,662792
2021-04-22 10:16:36,1683.5,663192
2021-04-22 10:16:37,1683.05,663198
2021-04-22 10:16:38,1683.3,663212
2021-04-22 10:16:39,1683.3,663212
2021-04-22 10:16:39,1683.35,663242
2021-04-22 10:16:41,1683.0,663598
2021-04-22 10:16:42,1682.6,663635
2021-04-22 10:16:43,1682.3,663703
2021-04-22 10:16:46,1682.65,663737
2021-04-22 10:16:46,1682.65,663737
2021-04-22 10:16:47,1681.9,663899
2021-04-22 10:16:48,1681.25,663918
2021-04-22 10:16:49,1682.35,664207
2021-04-22 10:16:50,1682.2,664341
2021-04-22 10:16:51,1682.3,664350
2021-04-22 10:16:53,1682.5,664414
2021-04-22 10:16:54,1682.5,664414
2021-04-22 10:16:55,1682.45,664425
2021-04-22 10:16:55,1682.6,664466
2021-04-22 10:16:57,1682.6,664469
2021-04-22 10:16:58,1682.6,664484
2021-04-22 10:16:59,1682.6,664494
2021-04-22 10:16:59,1682.6,664495
2021-04-22 10:17:00,1682.3,664543
2021-04-22 10:17:01,1682.4,664757
2021-04-22 10:17:03,1682.4,664757
2021-04-22 10:17:04,1682.4,664757
2021-04-22 10:17:05,1682.4,664757
2021-04-22 10:17:06,1682.4,664908
2021-04-22 10:17:07,1682.55,664913
2021-04-22 10:17:08,1682.55,664913
2021-04-22 10:17:09,1682.55,664913
2021-04-22 10:17:09,1682.55,664913
2021-04-22 10:17:10,1682.9,664953
2021-04-22 10:17:11,1683.0,664957
2021-04-22 10:17:12,1683.0,664958
2021-04-22 10:17:13,1683.0,664958
2021-04-22 10:17:14,1682.85,664968
2021-04-22 10:17:15,1682.45,664997
2021-04-22 10:17:16,1682.45,665026
2021-04-22 10:17:18,1682.45,665026
2021-04-22 10:17:19,1682.45,665034
2021-04-22 10:17:19,1682.45,665034
2021-04-22 10:17:20,1682.45,665034
2021-04-22 10:17:21,1682.15,665040
2021-04-22 10:17:25,1682.35,665051
2021-04-22 10:17:26,1682.4,665058
2021-04-22 10:17:28,1682.4,665059
2021-04-22 10:17:29,1682.4,665082
2021-04-22 10:17:31,1682.5,665087
2021-04-22 10:17:32,1682.5,665088
2021-04-22 10:17:32,1682.5,665091
2021-04-22 10:17:33,1682.5,665091
2021-04-22 10:17:34,1682.8,665096
2021-04-22 10:17:35,1682.8,665096
2021-04-22 10:17:36,1682.75,665102
2021-04-22 10:17:37,1682.75,665128
2021-04-22 10:17:39,1682.75,665128
2021-04-22 10:17:39,1682.75,665128
2021-04-22 10:17:40,1682.75,665128
2021-04-22 10:17:41,1682.85,665306
2021-04-22 10:17:42,1682.85,665321
2021-04-22 10:17:43,1682.85,665326
2021-04-22 10:17:44,1682.85,665347
2021-04-22 10:17:46,1683.55,665547
2021-04-22 10:17:47,1683.55,665547
2021-04-22 10:17:47,1683.65,665557
2021-04-22 10:17:48,1683.7,665558
2021-04-22 10:17:50,1683.7,665563
2021-04-22 10:17:51,1683.8,665572
2021-04-22 10:17:51,1683.85,665606
2021-04-22 10:17:53,1683.55,665628
2021-04-22 10:17:54,1683.55,665628
2021-04-22 10:17:55,1683.55,665628
2021-04-22 10:17:56,1683.3,665655
2021-04-22 10:17:57,1683.25,665665
2021-04-22 10:17:57,1683.25,665665
2021-04-22 10:17:58,1683.25,665705
2021-04-22 10:17:59,1683.25,665706
2021-04-22 10:18:01,1683.2,665715
2021-04-22 10:18:01,1683.5,665771
2021-04-22 10:18:03,1683.7,665804
2021-04-22 10:18:04,1683.7,665804
2021-04-22 10:18:05,1683.5,665815
2021-04-22 10:18:05,1683.5,665815
2021-04-22 10:18:06,1683.8,665821
2021-04-22 10:18:07,1683.95,665852
2021-04-22 10:18:08,1683.95,665932
2021-04-22 10:18:09,1683.95,665932
2021-04-22 10:18:10,1684.0,665941
2021-04-22 10:18:11,1684.0,665945
2021-04-22 10:18:13,1683.95,665947
2021-04-22 10:18:14,1683.95,665952
2021-04-22 10:18:15,1683.8,666535
2021-04-22 10:18:16,1684.0,666541
2021-04-22 10:18:17,1684.05,666628
2021-04-22 10:18:18,1684.2,666631
2021-04-22 10:18:19,1684.3,666645
2021-04-22 10:18:20,1684.25,666648
2021-04-22 10:18:21,1684.35,666659
2021-04-22 10:18:21,1684.35,666659
2021-04-22 10:18:22,1684.3,666668
2021-04-22 10:18:23,1684.7,666870
2021-04-22 10:18:24,1684.6,667075
2021-04-22 10:18:25,1684.55,667080
2021-04-22 10:18:26,1684.4,667089
2021-04-22 10:18:27,1684.15,667160
2021-04-22 10:18:29,1684.0,667310
2021-04-22 10:18:30,1684.0,667310
2021-04-22 10:18:31,1684.0,667381
2021-04-22 10:18:32,1684.2,667467
2021-04-22 10:18:33,1684.15,667477
2021-04-22 10:18:34,1684.15,667477
2021-04-22 10:18:35,1684.15,667477
2021-04-22 10:18:36,1684.2,667482
2021-04-22 10:18:37,1684.1,667483
2021-04-22 10:18:38,1684.05,667729
2021-04-22 10:18:38,1684.05,667729
2021-04-22 10:18:39,1684.15,667755
2021-04-22 10:18:40,1684.15,667766
2021-04-22 10:18:41,1684.15,667766
2021-04-22 10:18:42,1684.15,667784
2021-04-22 10:18:43,1684.1,667811
2021-04-22 10:18:44,1684.15,667817
2021-04-22 10:18:45,1684.15,667855
2021-04-22 10:18:46,1684.15,667870
2021-04-22 10:18:47,1684.15,667881
2021-04-22 10:18:48,1684.15,667902
2021-04-22 10:18:49,1684.5,668005
2021-04-22 10:18:50,1684.2,668100
2021-04-22 10:18:52,1684.2,668187
2021-04-22 10:18:52,1684.2,668187
2021-04-22 10:18:53,1684.2,668187
2021-04-22 10:18:55,1684.45,668192
2021-04-22 10:18:55,1684.45,668197
2021-04-22 10:18:56,1684.45,668197
2021-04-22 10:18:57,1684.45,668206
2021-04-22 10:18:58,1684.45,668206
2021-04-22 10:18:59,1684.45,668215
2021-04-22 10:19:00,1684.45,668227
2021-04-22 10:19:02,1684.45,668228
2021-04-22 10:19:03,1684.5,668309
2021-04-22 10:19:04,1684.9,668460
2021-04-22 10:19:04,1684.9,668460
2021-04-22 10:19:05,1684.85,668475
2021-04-22 10:19:07,1684.8,668487
2021-04-22 10:19:08,1684.8,668487
2021-04-22 10:19:08,1684.8,668487
2021-04-22 10:19:10,1685.0,668592
2021-04-22 10:19:11,1685.0,668601
2021-04-22 10:19:12,1685.0,668601
2021-04-22 10:19:13,1685.4,668958
2021-04-22 10:19:14,1685.4,669100
2021-04-22 10:19:16,1685.4,669105
2021-04-22 10:19:16,1685.7,669155
2021-04-22 10:19:17,1685.7,669165
2021-04-22 10:19:18,1685.7,669166
2021-04-22 10:19:19,1685.4,669168
2021-04-22 10:19:20,1685.4,669183
2021-04-22 10:19:21,1685.4,669212
2021-04-22 10:19:22,1685.5,669221
2021-04-22 10:19:23,1685.5,669225
2021-04-22 10:19:25,1685.5,669242
2021-04-22 10:19:26,1685.5,669248
2021-04-22 10:19:27,1685.5,669248
2021-04-22 10:19:28,1685.5,669248
2021-04-22 10:19:29,1685.15,669350
2021-04-22 10:19:30,1685.6,669746
2021-04-22 10:19:31,1685.7,669868
2021-04-22 10:19:32,1685.7,669888
2021-04-22 10:19:33,1685.5,670118
2021-04-22 10:19:34,1685.6,670179
2021-04-22 10:19:35,1685.5,670204
2021-04-22 10:19:36,1685.6,670211
2021-04-22 10:19:37,1685.6,670232
2021-04-22 10:19:38,1685.6,670262
2021-04-22 10:19:39,1685.6,670343
2021-04-22 10:19:40,1685.6,670347
2021-04-22 10:19:41,1685.6,670357
2021-04-22 10:19:42,1685.6,670357
2021-04-22 10:19:43,1685.6,670357
2021-04-22 10:19:44,1685.55,670364
2021-04-22 10:19:45,1685.6,670367
2021-04-22 10:19:46,1685.6,670381
2021-04-22 10:19:47,1685.6,670382
2021-04-22 10:19:48,1685.7,670414
2021-04-22 10:19:49,1685.6,670416
2021-04-22 10:19:50,1685.7,670466
2021-04-22 10:19:51,1685.7,670470
2021-04-22 10:19:52,1685.7,670471
2021-04-22 10:19:53,1685.5,670598
2021-04-22 10:19:54,1685.65,670629
2021-04-22 10:19:55,1685.65,670774
2021-04-22 10:19:56,1685.65,670923
2021-04-22 10:19:57,1685.0,670948
2021-04-22 10:19:59,1685.05,670951
2021-04-22 10:20:00,1685.05,670951
2021-04-22 10:20:01,1684.75,671788
2021-04-22 10:20:02,1684.65,671808
2021-04-22 10:20:03,1684.6,671809
2021-04-22 10:20:04,1684.45,671956
2021-04-22 10:20:05,1684.5,671972
2021-04-22 10:20:06,1684.3,672537
2021-04-22 10:20:07,1684.4,672552
2021-04-22 10:20:08,1684.15,672636
2021-04-22 10:20:09,1684.15,672636
2021-04-22 10:20:10,1684.15,672651
2021-04-22 10:20:11,1684.35,672700
2021-04-22 10:20:12,1684.4,672716
2021-04-22 10:20:13,1684.4,672716
2021-04-22 10:20:14,1684.4,672716
2021-04-22 10:20:15,1684.45,672974
2021-04-22 10:20:16,1684.45,673036
2021-04-22 10:20:17,1684.45,673055
2021-04-22 10:20:18,1684.45,673055
2021-04-22 10:20:19,1684.45,673736
2021-04-22 10:20:20,1684.45,673736
2021-04-22 10:20:21,1684.5,673870
2021-04-22 10:20:22,1684.5,673870
2021-04-22 10:20:23,1684.5,673870
2021-04-22 10:20:24,1684.75,673877
2021-04-22 10:20:25,1684.75,673877
2021-04-22 10:20:26,1684.95,673882
2021-04-22 10:20:27,1684.95,673894
2021-04-22 10:20:28,1684.95,673902
2021-04-22 10:20:29,1685.3,673914
2021-04-22 10:20:30,1685.3,673922
2021-04-22 10:20:31,1685.3,673926
2021-04-22 10:20:32,1685.3,673927
2021-04-22 10:20:33,1685.3,673928
2021-04-22 10:20:34,1685.3,673930
2021-04-22 10:20:35,1685.35,674088
2021-04-22 10:20:36,1685.65,674162
2021-04-22 10:20:37,1685.7,674252
2021-04-22 10:20:38,1685.7,674267
2021-04-22 10:20:39,1685.7,674273
2021-04-22 10:20:40,1685.7,674273
2021-04-22 10:20:41,1685.65,674298
2021-04-22 10:20:42,1685.65,674310
2021-04-22 10:20:43,1685.6,674317
2021-04-22 10:20:44,1685.5,674342
2021-04-22 10:20:45,1685.5,674352
2021-04-22 10:20:46,1685.6,674461
2021-04-22 10:20:47,1685.85,674562
2021-04-22 10:20:48,1685.85,674562
2021-04-22 10:20:49,1685.9,674573
2021-04-22 10:20:50,1686.0,674634
2021-04-22 10:20:51,1685.6,674663
2021-04-22 10:20:52,1685.6,674663
2021-04-22 10:20:53,1685.6,674663
2021-04-22 10:20:54,1685.6,674663
2021-04-22 10:20:55,1685.6,674663
2021-04-22 10:20:56,1686.0,674884
2021-04-22 10:20:57,1686.5,674895
2021-04-22 10:20:58,1686.75,674905
2021-04-22 10:20:59,1686.75,674905
2021-04-22 10:21:00,1686.75,674905
2021-04-22 10:21:01,1686.55,674914
2021-04-22 10:21:02,1686.95,674933
2021-04-22 10:21:03,1686.8,675401
2021-04-22 10:21:04,1687.0,675432
2021-04-22 10:21:05,1686.45,675466
2021-04-22 10:21:06,1686.5,675560
2021-04-22 10:21:07,1686.5,675560
2021-04-22 10:21:08,1686.0,675585
2021-04-22 10:21:09,1686.0,675685
2021-04-22 10:21:10,1686.0,675685
2021-04-22 10:21:11,1685.9,676235
2021-04-22 10:21:12,1685.65,676280
2021-04-22 10:21:13,1685.3,676433
2021-04-22 10:21:14,1685.3,676433
2021-04-22 10:21:15,1685.95,677189
2021-04-22 10:21:16,1685.95,677219
2021-04-22 10:21:17,1685.95,677491
2021-04-22 10:21:18,1685.95,677491
2021-04-22 10:21:19,1685.85,677498
2021-04-22 10:21:21,1686.05,677634
2021-04-22 10:21:20,1686.2,677572
2021-04-22 10:21:22,1686.0,677659
2021-04-22 10:21:23,1686.2,677673
2021-04-22 10:21:24,1685.65,677746
2021-04-22 10:21:25,1685.5,677794
2021-04-22 10:21:26,1685.45,677818
2021-04-22 10:21:27,1685.45,678033
2021-04-22 10:21:28,1685.75,678102
2021-04-22 10:21:29,1685.55,678105
2021-04-22 10:21:30,1685.75,678290
2021-04-22 10:21:31,1685.75,678290
2021-04-22 10:21:32,1685.1,678597
2021-04-22 10:21:33,1685.1,678597
2021-04-22 10:21:34,1685.75,678599
2021-04-22 10:21:35,1685.2,678624
2021-04-22 10:21:36,1685.45,678630
2021-04-22 10:21:37,1685.45,678630
2021-04-22 10:21:38,1685.45,678636
2021-04-22 10:21:39,1685.55,678678
2021-04-22 10:21:40,1685.4,678689
2021-04-22 10:21:41,1685.25,678878
2021-04-22 10:21:42,1685.3,678887
2021-04-22 10:21:43,1685.3,678887
2021-04-22 10:21:44,1685.3,678887
2021-04-22 10:21:45,1685.15,679033
2021-04-22 10:21:46,1684.55,679295
2021-04-22 10:21:47,1684.55,679295
2021-04-22 10:21:48,1684.55,679295
2021-04-22 10:21:50,1684.55,679295
2021-04-22 10:21:50,1684.6,679513
2021-04-22 10:21:51,1684.9,679914
2021-04-22 10:21:52,1685.2,680177
2021-04-22 10:21:53,1685.35,680179
2021-04-22 10:21:54,1685.35,680180
2021-04-22 10:21:55,1685.35,680231
2021-04-22 10:21:56,1685.35,680239
2021-04-22 10:21:57,1685.35,680258
2021-04-22 10:21:58,1685.3,680277
2021-04-22 10:21:59,1685.75,680321
2021-04-22 10:22:00,1685.75,680323
2021-04-22 10:22:01,1685.7,680327
2021-04-22 10:22:02,1685.7,680327
2021-04-22 10:22:03,1685.55,680340
2021-04-22 10:22:04,1685.7,680395
2021-04-22 10:22:05,1685.55,680405
2021-04-22 10:22:06,1686.0,680653
2021-04-22 10:22:07,1685.75,680666
2021-04-22 10:22:09,1685.65,680831
2021-04-22 10:22:10,1685.45,680969
2021-04-22 10:22:11,1684.95,681015
2021-04-22 10:22:12,1684.9,681237
2021-04-22 10:22:13,1684.35,681828
2021-04-22 10:22:14,1684.35,681828
2021-04-22 10:22:15,1684.7,682044
2021-04-22 10:22:16,1684.7,682064
2021-04-22 10:22:17,1684.7,682190
2021-04-22 10:22:18,1684.85,682325
2021-04-22 10:22:19,1684.9,682414
2021-04-22 10:22:20,1684.85,682440
2021-04-22 10:22:21,1684.9,682657
2021-04-22 10:22:22,1684.7,682757
2021-04-22 10:22:23,1684.0,683477
2021-04-22 10:22:24,1684.4,683537
2021-04-22 10:22:25,1684.35,683859
2021-04-22 10:22:26,1684.4,683954
2021-04-22 10:22:27,1684.4,683954
2021-04-22 10:22:28,1684.4,683954
2021-04-22 10:22:29,1684.4,683959
2021-04-22 10:22:30,1684.95,684122
2021-04-22 10:22:31,1685.15,684126
2021-04-22 10:22:32,1685.15,684139
2021-04-22 10:22:33,1685.15,684141
2021-04-22 10:22:34,1684.95,684267
2021-04-22 10:22:35,1684.85,684270
2021-04-22 10:22:36,1685.15,684277
2021-04-22 10:22:37,1684.9,684286
2021-04-22 10:22:38,1684.9,684286
2021-04-22 10:22:39,1685.1,684290
2021-04-22 10:22:40,1685.1,684333
2021-04-22 10:22:41,1685.1,684352
2021-04-22 10:22:42,1685.1,684352
2021-04-22 10:22:43,1684.3,684622
2021-04-22 10:22:44,1684.3,684622
2021-04-22 10:22:45,1684.3,684622
2021-04-22 10:22:46,1684.3,684622
2021-04-22 10:22:47,1685.05,684626
2021-04-22 10:22:49,1685.0,684646
2021-04-22 10:22:51,1684.55,684704
2021-04-22 10:22:52,1684.55,684704
2021-04-22 10:22:53,1684.55,684704
2021-04-22 10:22:54,1684.55,684704
2021-04-22 10:22:57,1685.15,684988
2021-04-22 10:22:58,1685.15,684988
2021-04-22 10:22:59,1685.75,685002
2021-04-22 10:23:00,1685.5,685074
2021-04-22 10:23:01,1685.9,685085
2021-04-22 10:23:02,1685.6,685185
2021-04-22 10:23:03,1685.65,685196
2021-04-22 10:23:04,1685.15,685222
2021-04-22 10:23:05,1685.4,685258
2021-04-22 10:23:06,1685.4,685263
2021-04-22 10:23:07,1685.4,685263
2021-04-22 10:23:08,1685.4,685263
2021-04-22 10:23:09,1684.65,685464
2021-04-22 10:23:10,1684.65,685464
2021-04-22 10:23:11,1685.5,685768
2021-04-22 10:23:12,1685.5,685804
2021-04-22 10:23:13,1685.05,685808
2021-04-22 10:23:14,1685.05,685808
2021-04-22 10:23:15,1685.4,685819
2021-04-22 10:23:16,1685.5,685960
2021-04-22 10:23:17,1685.3,685975
2021-04-22 10:23:18,1685.3,685975
2021-04-22 10:23:19,1684.05,686061
2021-04-22 10:23:20,1684.35,686065
2021-04-22 10:23:21,1684.25,686076
2021-04-22 10:23:22,1684.25,686109
2021-04-22 10:23:23,1684.25,686109
2021-04-22 10:23:24,1684.25,686110
2021-04-22 10:23:25,1684.2,686146
2021-04-22 10:23:26,1684.25,686153
2021-04-22 10:23:27,1684.8,686529
2021-04-22 10:23:28,1684.35,686594
2021-04-22 10:23:29,1684.35,686673
2021-04-22 10:23:30,1684.55,686682
2021-04-22 10:23:31,1684.65,686686
2021-04-22 10:23:32,1684.65,686936
2021-04-22 10:23:33,1685.3,686951
2021-04-22 10:23:34,1685.2,686965
2021-04-22 10:23:35,1685.2,686967
2021-04-22 10:23:36,1685.2,686973
2021-04-22 10:23:37,1685.2,686973
2021-04-22 10:23:38,1685.1,686998
2021-04-22 10:23:39,1685.15,687001
2021-04-22 10:23:40,1685.1,687015
2021-04-22 10:23:41,1685.15,687027
2021-04-22 10:23:43,1685.15,687039
2021-04-22 10:23:43,1685.15,687044
2021-04-22 10:23:44,1685.15,687044
2021-04-22 10:23:45,1685.15,687094
2021-04-22 10:23:46,1685.1,687175
2021-04-22 10:23:47,1685.1,687175
2021-04-22 10:23:48,1685.1,687175
2021-04-22 10:23:49,1685.1,687237
2021-04-22 10:23:50,1685.1,687338
2021-04-22 10:23:51,1685.05,687347
2021-04-22 10:23:52,1684.9,687384
2021-04-22 10:23:53,1684.9,687384
2021-04-22 10:23:54,1685.95,687998
2021-04-22 10:23:55,1685.6,689032
2021-04-22 10:23:56,1685.55,689047
2021-04-22 10:23:57,1685.55,689047
2021-04-22 10:23:58,1685.55,689047
2021-04-22 10:23:59,1685.45,689050
2021-04-22 10:24:00,1685.45,689332
2021-04-22 10:24:01,1685.45,689353
2021-04-22 10:24:02,1685.45,689469
2021-04-22 10:24:03,1685.45,689473
2021-04-22 10:24:04,1685.4,689490
2021-04-22 10:24:06,1685.55,689779
2021-04-22 10:24:07,1684.55,689917
2021-04-22 10:24:08,1684.0,690045
2021-04-22 10:24:09,1684.0,690045
2021-04-22 10:24:10,1684.55,690141
2021-04-22 10:24:10,1684.55,690141
2021-04-22 10:24:11,1684.85,690145
2021-04-22 10:24:12,1684.85,690145
2021-04-22 10:24:13,1684.85,690145
2021-04-22 10:24:14,1684.85,690155
2021-04-22 10:24:15,1684.85,690189
2021-04-22 10:24:16,1684.8,690195
2021-04-22 10:24:17,1684.8,690195
2021-04-22 10:24:18,1684.6,690206
2021-04-22 10:24:19,1684.6,690206
2021-04-22 10:24:21,1684.65,690221
2021-04-22 10:24:22,1684.65,690321
2021-04-22 10:24:23,1684.7,690324
2021-04-22 10:24:24,1684.7,690324
2021-04-22 10:24:25,1684.75,690344
2021-04-22 10:24:25,1684.85,690578
2021-04-22 10:24:26,1685.2,690676
2021-04-22 10:24:27,1686.1,692820
2021-04-22 10:24:28,1685.5,693779
2021-04-22 10:24:29,1685.2,694720
2021-04-22 10:24:30,1685.5,694758
2021-04-22 10:24:31,1685.5,694772
2021-04-22 10:24:32,1685.5,694772
2021-04-22 10:24:33,1685.4,694773
2021-04-22 10:24:34,1685.45,694820
2021-04-22 10:24:35,1684.65,695301
2021-04-22 10:24:36,1684.25,695417
2021-04-22 10:24:37,1683.75,695673
2021-04-22 10:24:38,1683.75,695673
2021-04-22 10:24:40,1683.65,695795
2021-04-22 10:24:41,1684.1,695805
2021-04-22 10:24:42,1684.1,695805
2021-04-22 10:24:43,1684.1,695805
2021-04-22 10:24:44,1683.65,695836
2021-04-22 10:24:44,1683.65,695836
2021-04-22 10:24:45,1683.55,695947
2021-04-22 10:24:46,1684.0,695952
2021-04-22 10:24:47,1684.05,695975
2021-04-22 10:24:48,1684.05,695975
2021-04-22 10:24:49,1684.05,695975
2021-04-22 10:24:50,1683.85,695976
2021-04-22 10:24:52,1684.05,695981
2021-04-22 10:24:53,1684.0,695997
2021-04-22 10:24:54,1684.0,695997
2021-04-22 10:24:55,1683.95,696009
2021-04-22 10:24:56,1683.95,696020
2021-04-22 10:24:57,1683.95,696041
2021-04-22 10:24:59,1683.3,696242
2021-04-22 10:24:59,1684.0,696292
2021-04-22 10:25:00,1684.0,696292
2021-04-22 10:25:01,1684.0,696323
2021-04-22 10:25:02,1684.0,696323
2021-04-22 10:25:04,1683.7,696345
2021-04-22 10:25:05,1684.0,696385
2021-04-22 10:25:06,1684.0,696390
2021-04-22 10:25:07,1684.0,696390
2021-04-22 10:25:07,1684.0,696390
2021-04-22 10:25:09,1684.0,696455
2021-04-22 10:25:10,1684.0,696697
2021-04-22 10:25:11,1683.8,696702
2021-04-22 10:25:12,1683.0,696973
2021-04-22 10:25:13,1683.0,697085
2021-04-22 10:25:14,1682.65,697220
2021-04-22 10:25:15,1682.75,697326
2021-04-22 10:25:16,1682.25,697786
2021-04-22 10:25:18,1683.15,697919
2021-04-22 10:25:19,1682.7,697969
2021-04-22 10:25:20,1682.7,697969
2021-04-22 10:25:21,1683.15,697979
2021-04-22 10:25:21,1683.15,697979
2021-04-22 10:25:22,1683.15,697979
2021-04-22 10:25:23,1683.15,697979
2021-04-22 10:25:24,1683.15,698441
2021-04-22 10:25:25,1683.4,699032
2021-04-22 10:25:26,1683.75,699037
2021-04-22 10:25:27,1683.7,699048
2021-04-22 10:25:28,1683.85,699248
2021-04-22 10:25:29,1684.2,699344
2021-04-22 10:25:30,1684.05,700006
2021-04-22 10:25:31,1683.75,700059
2021-04-22 10:25:33,1683.75,700059
2021-04-22 10:25:34,1684.15,700061
2021-04-22 10:25:35,1683.65,700202
2021-04-22 10:25:36,1683.6,700230
2021-04-22 10:25:37,1683.55,700359
2021-04-22 10:25:37,1683.3,700460
2021-04-22 10:25:38,1683.65,700467
2021-04-22 10:25:39,1683.15,700614
2021-04-22 10:25:40,1683.9,700664
2021-04-22 10:25:41,1683.15,700778
2021-04-22 10:25:42,1683.15,700778
2021-04-22 10:25:43,1683.15,700778
2021-04-22 10:25:44,1683.4,700783
2021-04-22 10:25:45,1683.15,701180
2021-04-22 10:25:46,1683.45,701192
2021-04-22 10:25:47,1683.45,701225
2021-04-22 10:25:48,1684.1,701230
2021-04-22 10:25:49,1683.65,701255
2021-04-22 10:25:50,1683.7,701300
2021-04-22 10:25:51,1684.1,701556
2021-04-22 10:25:52,1684.1,701571
2021-04-22 10:25:53,1684.1,701576
2021-04-22 10:25:54,1684.1,701576
2021-04-22 10:25:55,1683.95,701584
2021-04-22 10:25:57,1683.9,701658
2021-04-22 10:25:58,1683.9,701658
2021-04-22 10:25:59,1683.45,701747
2021-04-22 10:26:00,1683.45,701747
2021-04-22 10:26:01,1683.8,701773
2021-04-22 10:26:02,1683.85,701775
2021-04-22 10:26:03,1683.85,701775
2021-04-22 10:26:04,1683.9,701788
2021-04-22 10:26:05,1683.9,701788
2021-04-22 10:26:06,1683.9,701802
2021-04-22 10:26:06,1683.9,701844
2021-04-22 10:26:07,1683.9,701855
2021-04-22 10:26:09,1683.9,701904
2021-04-22 10:26:09,1683.9,701957
2021-04-22 10:26:11,1684.0,702043
2021-04-22 10:26:12,1684.0,702052
2021-04-22 10:26:13,1684.35,702084
2021-04-22 10:26:14,1684.35,702084
2021-04-22 10:26:15,1684.7,702114
2021-04-22 10:26:17,1684.75,702133
2021-04-22 10:26:18,1684.0,702235
2021-04-22 10:26:19,1684.0,702240
2021-04-22 10:26:21,1684.0,702265
2021-04-22 10:26:22,1684.0,702347
2021-04-22 10:26:23,1684.0,702347
2021-04-22 10:26:24,1684.75,702352
2021-04-22 10:26:25,1684.15,702378
2021-04-22 10:26:26,1684.75,702384
2021-04-22 10:26:27,1684.75,702425
2021-04-22 10:26:28,1685.4,702928
2021-04-22 10:26:28,1685.7,703004
2021-04-22 10:26:29,1685.05,703007
2021-04-22 10:26:30,1685.05,703363
2021-04-22 10:26:31,1684.55,703440
2021-04-22 10:26:32,1684.55,703440
2021-04-22 10:26:33,1684.55,703441
2021-04-22 10:26:35,1684.65,703922
2021-04-22 10:26:36,1685.2,703942
2021-04-22 10:26:37,1685.25,703947
2021-04-22 10:26:38,1685.3,704005
2021-04-22 10:26:39,1685.3,704065
2021-04-22 10:26:40,1685.75,704097
2021-04-22 10:26:41,1685.7,704102
2021-04-22 10:26:42,1685.75,704113
2021-04-22 10:26:42,1685.75,704113
2021-04-22 10:26:43,1685.95,704114
2021-04-22 10:26:44,1685.95,704138
2021-04-22 10:26:46,1686.0,704201
2021-04-22 10:26:47,1686.4,704663
2021-04-22 10:26:48,1686.35,704761
2021-04-22 10:26:49,1686.35,704802
2021-04-22 10:26:50,1686.35,704810
2021-04-22 10:26:51,1686.0,704917
2021-04-22 10:26:51,1686.0,704922
2021-04-22 10:26:52,1686.0,704923
