timestamp,ltp,volume
2021-05-07 09:07:49,1796.0,7322
2021-05-07 09:15:00,1798.0,7907
2021-05-07 09:15:01,1798.85,9017
2021-05-07 09:15:02,1800.0,12024
2021-05-07 09:15:03,1805.0,16718
2021-05-07 09:15:04,1802.3,20957
2021-05-07 09:15:05,1806.15,23913
2021-05-07 09:15:06,1807.25,25657
2021-05-07 09:15:07,1807.25,26648
2021-05-07 09:15:08,1809.95,27086
2021-05-07 09:15:09,1808.9,27668
2021-05-07 09:15:10,1809.5,29924
2021-05-07 09:15:11,1809.5,33219
2021-05-07 09:15:12,1807.25,38096
2021-05-07 09:15:13,1806.8,40873
2021-05-07 09:15:14,1806.8,42616
2021-05-07 09:15:15,1806.8,43750
2021-05-07 09:15:16,1807.05,44534
2021-05-07 09:15:17,1807.15,45973
2021-05-07 09:15:18,1806.9,47948
2021-05-07 09:15:19,1806.55,51185
2021-05-07 09:15:20,1805.05,53305
2021-05-07 09:15:21,1806.3,53900
2021-05-07 09:15:22,1805.2,55375
2021-05-07 09:15:23,1807.9,56397
2021-05-07 09:15:24,1806.95,56913
2021-05-07 09:15:25,1807.0,57252
2021-05-07 09:15:26,1806.95,57817
2021-05-07 09:15:28,1806.95,58212
2021-05-07 09:15:29,1807.15,58923
2021-05-07 09:15:29,1807.7,59118
2021-05-07 09:15:31,1807.1,60235
2021-05-07 09:15:32,1807.55,61547
2021-05-07 09:15:32,1807.55,61551
2021-05-07 09:15:33,1809.25,62611
2021-05-07 09:15:34,1807.9,62942
2021-05-07 09:15:35,1808.0,63558
2021-05-07 09:15:36,1808.25,64094
2021-05-07 09:15:37,1808.3,64728
2021-05-07 09:15:39,1808.3,65878
2021-05-07 09:15:40,1807.15,65954
2021-05-07 09:15:41,1807.2,66383
2021-05-07 09:15:42,1807.6,67067
2021-05-07 09:15:43,1807.6,67464
2021-05-07 09:15:43,1807.9,67697
2021-05-07 09:15:44,1807.6,67855
2021-05-07 09:15:45,1808.35,68147
2021-05-07 09:15:46,1807.65,68569
2021-05-07 09:15:47,1808.5,69657
2021-05-07 09:15:49,1807.65,70464
2021-05-07 09:15:50,1808.4,71171
2021-05-07 09:15:51,1809.35,71513
2021-05-07 09:15:52,1809.15,71991
2021-05-07 09:15:53,1807.85,72308
2021-05-07 09:15:54,1807.8,72500
2021-05-07 09:15:55,1808.25,72698
2021-05-07 09:15:56,1808.3,74641
2021-05-07 09:15:56,1809.05,74652
2021-05-07 09:15:57,1809.2,75363
2021-05-07 09:15:58,1808.45,76352
2021-05-07 09:15:59,1808.5,77427
2021-05-07 09:16:01,1808.6,78207
2021-05-07 09:16:02,1809.55,80079
2021-05-07 09:16:03,1808.7,80756
2021-05-07 09:16:04,1808.4,81900
2021-05-07 09:16:05,1808.7,84728
2021-05-07 09:16:05,1808.95,86242
2021-05-07 09:16:06,1810.0,88063
2021-05-07 09:16:09,1809.6,90267
2021-05-07 09:16:10,1809.6,92815
2021-05-07 09:16:11,1810.1,93431
2021-05-07 09:16:12,1809.6,94199
2021-05-07 09:16:12,1809.6,94414
2021-05-07 09:16:13,1809.9,94451
2021-05-07 09:16:14,1810.0,94863
2021-05-07 09:16:16,1809.4,95009
2021-05-07 09:16:17,1808.55,95867
2021-05-07 09:16:18,1809.2,96438
2021-05-07 09:16:18,1809.5,97055
2021-05-07 09:16:19,1809.35,98115
2021-05-07 09:16:21,1808.5,99049
2021-05-07 09:16:22,1808.5,99049
2021-05-07 09:16:23,1809.4,99748
2021-05-07 09:16:24,1808.55,100311
2021-05-07 09:16:25,1808.35,101185
2021-05-07 09:16:26,1808.6,101963
2021-05-07 09:16:26,1809.55,101973
2021-05-07 09:16:27,1809.0,103177
2021-05-07 09:16:29,1808.4,104085
2021-05-07 09:16:30,1808.9,104338
2021-05-07 09:16:31,1808.6,105432
2021-05-07 09:16:31,1808.6,105432
2021-05-07 09:16:32,1808.65,107198
2021-05-07 09:16:34,1809.6,107678
2021-05-07 09:16:35,1807.65,109072
2021-05-07 09:16:36,1807.65,109377
2021-05-07 09:16:37,1807.7,109998
2021-05-07 09:16:37,1808.7,110186
2021-05-07 09:16:38,1807.95,110839
2021-05-07 09:16:40,1809.8,112289
2021-05-07 09:16:41,1809.15,114388
2021-05-07 09:16:42,1810.4,115293
2021-05-07 09:16:42,1809.8,115681
2021-05-07 09:16:43,1809.6,116222
2021-05-07 09:16:45,1810.05,116567
2021-05-07 09:16:46,1810.05,117368
2021-05-07 09:16:47,1809.85,117527
2021-05-07 09:16:48,1809.65,120521
2021-05-07 09:16:48,1810.6,120541
2021-05-07 09:16:49,1810.5,121558
2021-05-07 09:16:51,1809.45,122351
2021-05-07 09:16:52,1810.25,122654
2021-05-07 09:16:53,1809.2,123085
2021-05-07 09:16:53,1809.2,123085
2021-05-07 09:16:54,1809.95,123594
2021-05-07 09:16:55,1810.6,123944
2021-05-07 09:16:57,1810.45,124369
2021-05-07 09:16:58,1810.3,124727
2021-05-07 09:16:59,1810.5,125108
2021-05-07 09:16:59,1809.65,124943
2021-05-07 09:17:00,1809.6,125359
2021-05-07 09:17:01,1810.6,125849
2021-05-07 09:17:03,1809.85,126179
2021-05-07 09:17:05,1811.95,131976
2021-05-07 09:17:05,1811.95,131981
2021-05-07 09:17:06,1811.95,132758
2021-05-07 09:17:08,1812.0,133648
2021-05-07 09:17:09,1812.2,134081
2021-05-07 09:17:10,1812.2,134259
2021-05-07 09:17:10,1812.2,134259
2021-05-07 09:17:11,1812.5,134582
2021-05-07 09:17:13,1812.0,135281
2021-05-07 09:17:14,1812.7,135604
2021-05-07 09:17:15,1812.0,136589
2021-05-07 09:17:16,1812.0,137103
2021-05-07 09:17:17,1812.4,137650
2021-05-07 09:17:18,1811.05,137953
2021-05-07 09:17:18,1811.1,138233
2021-05-07 09:17:19,1811.95,138599
2021-05-07 09:17:21,1811.75,138956
2021-05-07 09:17:22,1811.2,139334
2021-05-07 09:17:23,1811.0,139702
2021-05-07 09:17:24,1810.5,140534
2021-05-07 09:17:24,1811.65,140539
2021-05-07 09:17:25,1811.2,140764
2021-05-07 09:17:26,1811.25,141349
2021-05-07 09:17:28,1811.35,141791
2021-05-07 09:17:29,1810.3,142087
2021-05-07 09:17:30,1810.3,142527
2021-05-07 09:17:31,1811.4,143128
2021-05-07 09:17:32,1810.3,143845
2021-05-07 09:17:34,1811.05,144160
2021-05-07 09:17:35,1810.0,144517
2021-05-07 09:17:36,1810.05,144750
2021-05-07 09:17:37,1811.0,145142
2021-05-07 09:17:38,1810.5,145465
2021-05-07 09:17:38,1810.5,145414
2021-05-07 09:17:39,1810.5,145916
2021-05-07 09:17:41,1811.2,146421
2021-05-07 09:17:42,1811.0,147378
2021-05-07 09:17:43,1810.95,147554
2021-05-07 09:17:44,1810.25,148033
2021-05-07 09:17:44,1810.3,148025
2021-05-07 09:17:45,1811.0,148171
2021-05-07 09:17:46,1810.75,149362
2021-05-07 09:17:48,1810.95,149668
2021-05-07 09:17:49,1810.25,150149
2021-05-07 09:17:50,1810.1,151085
2021-05-07 09:17:50,1810.1,151085
2021-05-07 09:17:51,1810.0,151601
2021-05-07 09:17:53,1810.75,151882
2021-05-07 09:17:54,1809.55,152050
2021-05-07 09:17:55,1810.05,152270
2021-05-07 09:17:56,1809.9,152530
2021-05-07 09:17:56,1810.0,152529
2021-05-07 09:17:57,1809.85,152594
2021-05-07 09:17:59,1809.85,152632
2021-05-07 09:18:00,1810.25,152978
2021-05-07 09:18:01,1810.55,153137
2021-05-07 09:18:02,1809.55,154426
2021-05-07 09:18:03,1809.55,154575
2021-05-07 09:18:04,1809.8,154676
2021-05-07 09:18:05,1809.6,155193
2021-05-07 09:18:05,1809.9,155415
2021-05-07 09:18:06,1810.0,155547
2021-05-07 09:18:08,1810.95,156607
2021-05-07 09:18:09,1810.2,157228
2021-05-07 09:18:10,1811.2,157567
2021-05-07 09:18:11,1811.65,158207
2021-05-07 09:18:12,1811.4,158596
2021-05-07 09:18:13,1810.4,159206
2021-05-07 09:18:16,1810.75,160338
2021-05-07 09:18:17,1810.8,160617
2021-05-07 09:18:18,1810.6,160655
2021-05-07 09:18:18,1809.65,160707
2021-05-07 09:18:19,1810.65,160736
2021-05-07 09:18:21,1811.0,161318
2021-05-07 09:18:22,1810.55,161517
2021-05-07 09:18:23,1809.95,161794
2021-05-07 09:18:24,1809.95,162200
2021-05-07 09:18:25,1810.3,162438
2021-05-07 09:18:25,1810.45,162494
2021-05-07 09:18:26,1810.5,162885
2021-05-07 09:18:28,1810.0,163013
2021-05-07 09:18:29,1810.0,163160
2021-05-07 09:18:30,1810.0,163504
2021-05-07 09:18:31,1810.0,163726
2021-05-07 09:18:32,1810.4,163883
2021-05-07 09:18:33,1811.0,164112
2021-05-07 09:18:33,1810.05,164410
2021-05-07 09:18:34,1810.05,164741
2021-05-07 09:18:35,1810.0,165804
2021-05-07 09:18:38,1810.05,166194
2021-05-07 09:18:40,1810.4,166623
2021-05-07 09:18:41,1810.95,166730
2021-05-07 09:18:42,1810.4,166928
2021-05-07 09:18:43,1810.15,167203
2021-05-07 09:18:44,1810.15,167715
2021-05-07 09:18:45,1810.4,168515
2021-05-07 09:18:45,1810.4,168515
2021-05-07 09:18:48,1810.0,170241
2021-05-07 09:18:49,1810.0,173102
2021-05-07 09:18:50,1810.0,174055
2021-05-07 09:18:51,1810.65,174281
2021-05-07 09:18:51,1810.65,174281
2021-05-07 09:18:52,1810.0,174491
2021-05-07 09:18:54,1810.0,175125
2021-05-07 09:18:55,1810.05,175678
2021-05-07 09:18:56,1810.0,178424
2021-05-07 09:18:57,1809.3,178660
2021-05-07 09:18:58,1809.0,178986
2021-05-07 09:18:59,1809.4,179561
2021-05-07 09:19:00,1809.0,179661
2021-05-07 09:19:01,1809.0,179661
2021-05-07 09:19:01,1809.0,179661
2021-05-07 09:19:03,1809.5,179997
2021-05-07 09:19:04,1808.2,180086
2021-05-07 09:19:05,1808.15,180747
2021-05-07 09:19:06,1808.9,180790
2021-05-07 09:19:06,1808.9,180790
2021-05-07 09:19:08,1808.15,180918
2021-05-07 09:19:09,1808.05,181099
2021-05-07 09:19:10,1808.0,181230
2021-05-07 09:19:11,1808.15,181297
2021-05-07 09:19:14,1808.5,181634
2021-05-07 09:19:15,1807.2,181964
2021-05-07 09:19:16,1808.45,182026
2021-05-07 09:19:17,1807.75,182286
2021-05-07 09:19:17,1807.75,182286
2021-05-07 09:19:19,1808.5,182297
2021-05-07 09:19:20,1808.0,182348
2021-05-07 09:19:20,1807.4,182479
2021-05-07 09:19:22,1807.4,183210
2021-05-07 09:19:23,1807.4,183504
2021-05-07 09:19:24,1807.9,183613
2021-05-07 09:19:25,1807.45,183827
2021-05-07 09:19:27,1807.05,184024
2021-05-07 09:19:28,1807.45,184152
2021-05-07 09:19:28,1807.45,184153
2021-05-07 09:19:29,1807.45,184185
2021-05-07 09:19:31,1807.2,184430
2021-05-07 09:19:32,1807.1,184445
2021-05-07 09:19:33,1806.25,184600
2021-05-07 09:19:35,1806.85,185859
2021-05-07 09:19:36,1806.85,186646
2021-05-07 09:19:37,1807.2,186802
2021-05-07 09:19:37,1806.85,186863
2021-05-07 09:19:38,1807.8,186900
2021-05-07 09:19:40,1807.8,186906
2021-05-07 09:19:41,1807.5,186972
2021-05-07 09:19:42,1807.5,186994
2021-05-07 09:19:43,1808.0,187132
2021-05-07 09:19:44,1807.85,187196
2021-05-07 09:19:45,1807.85,187264
2021-05-07 09:19:45,1807.3,187329
2021-05-07 09:19:47,1807.25,187475
2021-05-07 09:19:48,1807.6,188079
2021-05-07 09:19:49,1807.5,188222
2021-05-07 09:19:50,1807.5,188224
2021-05-07 09:19:51,1807.35,188260
2021-05-07 09:19:52,1808.0,188358
2021-05-07 09:19:53,1807.2,188561
2021-05-07 09:19:54,1807.5,188566
2021-05-07 09:19:54,1808.15,188616
2021-05-07 09:19:55,1807.2,188705
2021-05-07 09:19:57,1807.5,188773
2021-05-07 09:19:58,1807.5,188877
2021-05-07 09:19:59,1807.2,189250
2021-05-07 09:20:00,1807.8,189490
2021-05-07 09:20:00,1807.8,189490
2021-05-07 09:20:01,1807.65,189758
2021-05-07 09:20:03,1808.0,189800
2021-05-07 09:20:04,1808.65,190186
2021-05-07 09:20:05,1808.45,190246
2021-05-07 09:20:06,1808.9,190302
2021-05-07 09:20:07,1808.75,191633
2021-05-07 09:20:08,1808.7,191736
2021-05-07 09:20:08,1808.7,191850
2021-05-07 09:20:10,1808.9,192237
2021-05-07 09:20:11,1808.9,192673
2021-05-07 09:20:12,1808.95,192798
2021-05-07 09:20:13,1808.95,192798
2021-05-07 09:20:13,1807.85,192859
2021-05-07 09:20:14,1808.45,192951
2021-05-07 09:20:16,1807.55,193263
2021-05-07 09:20:17,1807.45,193406
2021-05-07 09:20:18,1808.0,193690
2021-05-07 09:20:19,1807.9,193919
2021-05-07 09:20:19,1807.9,193919
2021-05-07 09:20:21,1807.5,194037
2021-05-07 09:20:22,1807.35,194041
2021-05-07 09:20:23,1807.2,194183
2021-05-07 09:20:24,1807.2,194193
2021-05-07 09:20:25,1807.1,194228
2021-05-07 09:20:27,1807.3,194437
2021-05-07 09:20:28,1807.25,194537
2021-05-07 09:20:29,1806.25,195071
2021-05-07 09:20:30,1806.0,195193
2021-05-07 09:20:31,1806.0,195477
2021-05-07 09:20:32,1805.1,197741
2021-05-07 09:20:33,1805.2,197751
2021-05-07 09:20:34,1805.0,197782
2021-05-07 09:20:35,1805.0,197838
2021-05-07 09:20:36,1805.55,197863
2021-05-07 09:20:37,1805.8,198085
2021-05-07 09:20:38,1806.15,198157
2021-05-07 09:20:39,1805.5,198250
2021-05-07 09:20:40,1805.5,198280
2021-05-07 09:20:41,1805.4,198623
2021-05-07 09:20:42,1805.4,198623
2021-05-07 09:20:43,1805.4,198623
2021-05-07 09:20:44,1805.55,199052
2021-05-07 09:20:45,1806.65,199404
2021-05-07 09:20:46,1806.3,199544
2021-05-07 09:20:47,1806.1,199627
2021-05-07 09:20:48,1805.75,199704
2021-05-07 09:20:49,1805.8,199793
2021-05-07 09:20:50,1806.0,199844
2021-05-07 09:20:51,1806.0,199844
2021-05-07 09:20:52,1806.2,199983
2021-05-07 09:20:53,1805.95,200019
2021-05-07 09:20:54,1806.0,200134
2021-05-07 09:20:55,1806.0,200140
2021-05-07 09:20:56,1806.0,200205
2021-05-07 09:20:58,1806.15,200380
2021-05-07 09:20:59,1807.35,201298
2021-05-07 09:21:00,1808.0,201621
2021-05-07 09:21:02,1806.85,201633
2021-05-07 09:21:05,1806.85,201696
2021-05-07 09:21:06,1807.35,201783
2021-05-07 09:21:08,1806.7,201899
2021-05-07 09:21:10,1806.05,203513
2021-05-07 09:21:11,1806.1,203515
2021-05-07 09:21:12,1807.75,203896
2021-05-07 09:21:13,1807.1,204175
2021-05-07 09:21:14,1806.65,204362
2021-05-07 09:21:15,1806.7,204370
2021-05-07 09:21:16,1807.55,204391
2021-05-07 09:21:17,1807.45,204407
2021-05-07 09:21:18,1807.45,204407
2021-05-07 09:21:19,1806.75,204422
2021-05-07 09:21:20,1807.35,204429
2021-05-07 09:21:21,1807.0,204930
2021-05-07 09:21:22,1807.35,204961
2021-05-07 09:21:23,1806.8,204964
2021-05-07 09:21:24,1807.35,205008
2021-05-07 09:21:25,1807.05,205085
2021-05-07 09:21:26,1807.05,205085
2021-05-07 09:21:27,1807.05,205085
2021-05-07 09:21:28,1806.8,205205
2021-05-07 09:21:29,1806.75,205240
2021-05-07 09:21:30,1806.75,205240
2021-05-07 09:21:31,1807.0,205293
2021-05-07 09:21:32,1807.6,205295
2021-05-07 09:21:33,1807.35,205297
2021-05-07 09:21:34,1807.6,205312
2021-05-07 09:21:35,1806.8,205561
2021-05-07 09:21:36,1807.8,205843
2021-05-07 09:21:37,1807.8,205849
2021-05-07 09:21:38,1807.8,205899
2021-05-07 09:21:39,1807.1,206086
2021-05-07 09:21:40,1807.8,206091
2021-05-07 09:21:41,1807.1,207091
2021-05-07 09:21:42,1807.1,207205
2021-05-07 09:21:43,1807.35,207307
2021-05-07 09:21:44,1807.35,207307
2021-05-07 09:21:45,1808.0,208311
2021-05-07 09:21:46,1808.0,208321
2021-05-07 09:21:47,1808.0,208321
2021-05-07 09:21:48,1807.25,208347
2021-05-07 09:21:49,1807.95,208387
2021-05-07 09:21:50,1809.1,211317
2021-05-07 09:21:51,1808.7,211327
2021-05-07 09:21:52,1808.7,211327
2021-05-07 09:21:53,1807.65,211332
2021-05-07 09:21:54,1807.65,211332
2021-05-07 09:21:55,1807.65,211332
2021-05-07 09:21:56,1808.2,211357
2021-05-07 09:21:57,1808.35,211443
2021-05-07 09:21:58,1808.35,211443
2021-05-07 09:21:59,1808.2,211590
2021-05-07 09:22:00,1808.4,211596
2021-05-07 09:22:01,1808.2,212107
2021-05-07 09:22:02,1808.2,212229
2021-05-07 09:22:03,1808.25,212429
2021-05-07 09:22:04,1808.2,212540
2021-05-07 09:22:05,1808.25,212711
2021-05-07 09:22:06,1808.45,212761
2021-05-07 09:22:07,1808.0,213426
2021-05-07 09:22:08,1807.8,213464
2021-05-07 09:22:09,1807.35,213634
2021-05-07 09:22:10,1807.35,213634
2021-05-07 09:22:11,1807.5,213651
2021-05-07 09:22:12,1807.2,213902
2021-05-07 09:22:13,1807.1,214146
2021-05-07 09:22:14,1807.1,214342
2021-05-07 09:22:15,1807.1,214342
2021-05-07 09:22:16,1807.45,214346
2021-05-07 09:22:17,1807.1,214347
2021-05-07 09:22:18,1807.1,215626
2021-05-07 09:22:19,1806.4,216306
2021-05-07 09:22:20,1806.95,216396
2021-05-07 09:22:21,1807.0,216933
2021-05-07 09:22:22,1806.95,216958
2021-05-07 09:22:23,1806.05,217621
2021-05-07 09:22:24,1806.65,217671
2021-05-07 09:22:25,1806.0,217700
2021-05-07 09:22:26,1806.0,217700
2021-05-07 09:22:27,1806.7,217730
2021-05-07 09:22:28,1806.0,217740
2021-05-07 09:22:30,1806.4,217782
2021-05-07 09:22:31,1806.4,217782
2021-05-07 09:22:32,1806.95,217812
2021-05-07 09:22:33,1806.0,217912
2021-05-07 09:22:34,1806.05,217927
2021-05-07 09:22:35,1806.85,217937
2021-05-07 09:22:36,1806.1,217942
2021-05-07 09:22:37,1806.1,217942
2021-05-07 09:22:38,1806.1,218240
2021-05-07 09:22:38,1806.1,218246
2021-05-07 09:22:39,1806.05,218311
2021-05-07 09:22:40,1806.0,218712
2021-05-07 09:22:41,1806.0,218862
2021-05-07 09:22:42,1806.0,219538
2021-05-07 09:22:44,1806.0,219789
2021-05-07 09:22:45,1806.0,219839
2021-05-07 09:22:46,1806.0,219845
2021-05-07 09:22:48,1805.75,221030
2021-05-07 09:22:48,1805.75,221030
2021-05-07 09:22:49,1805.2,221412
2021-05-07 09:22:50,1805.75,221459
2021-05-07 09:22:51,1805.65,221553
2021-05-07 09:22:52,1805.65,221556
2021-05-07 09:22:54,1805.05,221768
2021-05-07 09:22:54,1805.05,221768
2021-05-07 09:22:55,1805.05,221768
2021-05-07 09:22:56,1805.05,221815
2021-05-07 09:22:57,1805.05,221915
2021-05-07 09:22:58,1805.15,221937
2021-05-07 09:22:59,1805.0,221987
2021-05-07 09:23:00,1805.0,222003
2021-05-07 09:23:01,1805.65,222267
2021-05-07 09:23:02,1805.0,222299
2021-05-07 09:23:03,1805.0,222556
2021-05-07 09:23:04,1804.95,222622
2021-05-07 09:23:05,1805.35,222855
2021-05-07 09:23:07,1805.05,223631
2021-05-07 09:23:08,1805.05,223631
2021-05-07 09:23:09,1805.0,223686
2021-05-07 09:23:10,1804.45,223729
2021-05-07 09:23:11,1804.45,223744
2021-05-07 09:23:12,1804.65,223754
2021-05-07 09:23:16,1804.65,223804
2021-05-07 09:23:16,1804.65,223804
2021-05-07 09:23:17,1805.0,223805
2021-05-07 09:23:18,1805.0,224127
2021-05-07 09:23:19,1805.0,224127
2021-05-07 09:23:20,1805.0,224127
2021-05-07 09:23:21,1804.45,224418
2021-05-07 09:23:22,1804.45,224418
2021-05-07 09:23:23,1804.65,224584
2021-05-07 09:23:25,1804.45,224884
2021-05-07 09:23:27,1804.45,225137
2021-05-07 09:23:28,1804.5,225411
2021-05-07 09:23:28,1803.8,225511
2021-05-07 09:23:29,1804.15,225581
2021-05-07 09:23:31,1804.0,225656
2021-05-07 09:23:31,1803.8,225666
2021-05-07 09:23:32,1804.0,225692
2021-05-07 09:23:33,1804.0,226395
2021-05-07 09:23:34,1805.0,226477
2021-05-07 09:23:35,1805.0,227611
2021-05-07 09:23:36,1805.0,227753
2021-05-07 09:23:37,1805.05,228035
2021-05-07 09:23:38,1805.55,228230
2021-05-07 09:23:39,1804.65,228314
2021-05-07 09:23:40,1804.9,228417
2021-05-07 09:23:41,1804.9,228417
2021-05-07 09:23:42,1804.95,228421
2021-05-07 09:23:44,1804.95,228429
2021-05-07 09:23:45,1804.95,228429
2021-05-07 09:23:46,1804.45,228449
2021-05-07 09:23:47,1804.45,228449
2021-05-07 09:23:47,1804.45,228474
2021-05-07 09:23:48,1804.45,228484
2021-05-07 09:23:49,1804.45,228484
2021-05-07 09:23:50,1804.25,228631
2021-05-07 09:23:51,1804.2,228724
2021-05-07 09:23:52,1804.2,228767
2021-05-07 09:23:53,1804.0,228860
2021-05-07 09:23:54,1804.0,229044
2021-05-07 09:23:55,1804.0,229044
2021-05-07 09:23:56,1804.0,229045
2021-05-07 09:23:57,1804.0,229051
2021-05-07 09:23:58,1804.45,229094
2021-05-07 09:24:00,1804.65,229124
2021-05-07 09:24:00,1804.0,229134
2021-05-07 09:24:01,1804.0,229159
2021-05-07 09:24:02,1804.0,229216
2021-05-07 09:24:03,1804.0,229216
2021-05-07 09:24:04,1804.0,229216
2021-05-07 09:24:06,1804.15,229232
2021-05-07 09:24:07,1804.15,229232
2021-05-07 09:24:08,1804.15,229232
2021-05-07 09:24:10,1804.45,229459
2021-05-07 09:24:10,1804.45,229459
2021-05-07 09:24:14,1804.6,230277
2021-05-07 09:24:15,1804.45,230279
2021-05-07 09:24:16,1804.6,230349
2021-05-07 09:24:17,1805.25,230469
2021-05-07 09:24:18,1805.25,230469
2021-05-07 09:24:19,1804.95,230470
2021-05-07 09:24:20,1804.8,230475
2021-05-07 09:24:21,1804.8,230475
2021-05-07 09:24:22,1804.8,230482
2021-05-07 09:24:23,1805.15,230644
2021-05-07 09:24:24,1805.6,230911
2021-05-07 09:24:25,1805.05,231014
2021-05-07 09:24:26,1805.1,231089
2021-05-07 09:24:27,1805.05,231287
2021-05-07 09:24:28,1805.65,231313
2021-05-07 09:24:29,1806.0,231542
2021-05-07 09:24:31,1806.0,231576
2021-05-07 09:24:32,1805.65,231630
2021-05-07 09:24:33,1806.0,231783
2021-05-07 09:24:34,1805.55,231812
2021-05-07 09:24:35,1805.55,231812
2021-05-07 09:24:36,1805.1,231864
2021-05-07 09:24:37,1806.0,231878
2021-05-07 09:24:37,1806.0,231878
2021-05-07 09:24:38,1805.95,231893
2021-05-07 09:24:39,1805.95,231893
2021-05-07 09:24:40,1805.2,231896
2021-05-07 09:24:41,1805.2,231908
2021-05-07 09:24:42,1805.85,231917
2021-05-07 09:24:44,1805.2,231922
2021-05-07 09:24:45,1805.85,232158
2021-05-07 09:24:46,1805.85,232256
2021-05-07 09:24:47,1805.85,232256
2021-05-07 09:24:48,1805.25,232275
2021-05-07 09:24:49,1805.8,232276
2021-05-07 09:24:49,1805.8,232281
2021-05-07 09:24:50,1805.8,232338
2021-05-07 09:24:51,1805.45,232389
2021-05-07 09:24:52,1805.8,232402
2021-05-07 09:24:53,1805.8,232417
2021-05-07 09:24:54,1805.8,232417
2021-05-07 09:24:55,1805.8,232497
2021-05-07 09:24:56,1805.8,232497
2021-05-07 09:24:57,1805.25,232523
2021-05-07 09:24:59,1805.2,232623
2021-05-07 09:25:00,1805.85,232685
2021-05-07 09:25:01,1805.55,232869
2021-05-07 09:25:02,1805.85,232944
2021-05-07 09:25:03,1805.85,232944
2021-05-07 09:25:04,1805.5,233000
2021-05-07 09:25:05,1805.5,233036
2021-05-07 09:25:05,1805.5,233036
2021-05-07 09:25:06,1805.85,233042
2021-05-07 09:25:07,1805.85,233117
2021-05-07 09:25:08,1805.25,233322
2021-05-07 09:25:09,1805.25,233322
2021-05-07 09:25:10,1805.5,233403
2021-05-07 09:25:11,1805.35,233464
2021-05-07 09:25:12,1805.85,233604
2021-05-07 09:25:13,1805.85,233605
2021-05-07 09:25:14,1805.85,233703
2021-05-07 09:25:15,1805.6,233723
2021-05-07 09:25:16,1805.6,233850
2021-05-07 09:25:17,1805.25,233876
2021-05-07 09:25:18,1805.65,233910
2021-05-07 09:25:19,1805.65,233910
2021-05-07 09:25:20,1805.3,233951
2021-05-07 09:25:21,1805.8,234076
2021-05-07 09:25:22,1805.8,234155
2021-05-07 09:25:23,1805.8,234155
2021-05-07 09:25:24,1805.85,234177
2021-05-07 09:25:25,1805.8,234202
2021-05-07 09:25:26,1805.5,234217
2021-05-07 09:25:27,1805.5,234217
2021-05-07 09:25:28,1805.2,234220
2021-05-07 09:25:29,1805.2,234220
2021-05-07 09:25:30,1805.2,234220
2021-05-07 09:25:31,1805.3,234406
2021-05-07 09:25:32,1806.0,234478
2021-05-07 09:25:33,1805.85,234499
2021-05-07 09:25:34,1806.0,234549
2021-05-07 09:25:35,1805.5,234577
2021-05-07 09:25:36,1805.5,234577
2021-05-07 09:25:38,1805.5,234606
2021-05-07 09:25:39,1805.95,234613
2021-05-07 09:25:39,1805.5,234614
2021-05-07 09:25:40,1805.9,234624
2021-05-07 09:25:41,1805.5,234673
2021-05-07 09:25:42,1805.35,234678
2021-05-07 09:25:44,1805.2,235080
2021-05-07 09:25:45,1805.55,235130
2021-05-07 09:25:46,1805.55,235323
2021-05-07 09:25:46,1805.15,235236
2021-05-07 09:25:47,1805.0,235377
2021-05-07 09:25:48,1805.0,235579
2021-05-07 09:25:49,1805.0,235630
2021-05-07 09:25:50,1805.2,235951
2021-05-07 09:25:51,1805.0,236061
2021-05-07 09:25:52,1805.35,236067
2021-05-07 09:25:53,1804.15,241527
2021-05-07 09:25:54,1803.8,242593
2021-05-07 09:25:55,1804.4,242594
2021-05-07 09:25:56,1804.4,242594
2021-05-07 09:25:57,1804.4,242594
2021-05-07 09:25:58,1804.0,242791
2021-05-07 09:25:59,1803.0,242821
2021-05-07 09:26:00,1804.4,242824
2021-05-07 09:26:02,1804.4,242859
2021-05-07 09:26:03,1805.0,242909
2021-05-07 09:26:04,1804.55,242967
2021-05-07 09:26:05,1805.0,242985
2021-05-07 09:26:05,1805.0,242986
2021-05-07 09:26:06,1805.05,243009
2021-05-07 09:26:07,1804.6,243109
2021-05-07 09:26:08,1805.0,243135
2021-05-07 09:26:09,1804.65,243147
2021-05-07 09:26:10,1805.0,243168
2021-05-07 09:26:11,1805.0,243241
2021-05-07 09:26:12,1805.0,243241
2021-05-07 09:26:13,1805.0,243241
2021-05-07 09:26:14,1804.55,243242
2021-05-07 09:26:15,1804.55,243242
2021-05-07 09:26:16,1804.55,243242
2021-05-07 09:26:17,1804.6,243272
2021-05-07 09:26:18,1804.6,243272
2021-05-07 09:26:20,1805.0,243279
2021-05-07 09:26:21,1804.55,243329
2021-05-07 09:26:22,1804.55,243837
2021-05-07 09:26:23,1805.0,243847
2021-05-07 09:26:24,1805.3,243867
2021-05-07 09:26:25,1805.0,243871
2021-05-07 09:26:26,1804.65,244171
2021-05-07 09:26:27,1804.65,244246
2021-05-07 09:26:28,1804.65,244246
2021-05-07 09:26:29,1804.7,244434
2021-05-07 09:26:30,1804.7,244434
2021-05-07 09:26:31,1804.55,244554
2021-05-07 09:26:32,1804.6,245204
2021-05-07 09:26:33,1804.35,245358
2021-05-07 09:26:35,1804.95,245388
2021-05-07 09:26:36,1804.0,245455
2021-05-07 09:26:37,1804.4,245505
2021-05-07 09:26:39,1804.4,245527
2021-05-07 09:26:40,1804.9,245537
2021-05-07 09:26:41,1804.35,245618
2021-05-07 09:26:42,1804.0,245646
2021-05-07 09:26:43,1804.0,245688
2021-05-07 09:26:44,1804.8,245910
2021-05-07 09:26:46,1804.0,246357
2021-05-07 09:26:47,1804.0,246703
2021-05-07 09:26:48,1803.8,247026
2021-05-07 09:26:49,1803.8,247037
2021-05-07 09:26:49,1803.8,247037
2021-05-07 09:26:50,1804.0,247373
2021-05-07 09:26:51,1804.15,247460
2021-05-07 09:26:52,1803.2,247601
2021-05-07 09:26:53,1804.0,247611
2021-05-07 09:26:54,1804.0,247611
2021-05-07 09:26:55,1804.0,247611
2021-05-07 09:26:56,1804.2,247726
2021-05-07 09:26:58,1804.0,247727
2021-05-07 09:27:00,1803.55,247757
2021-05-07 09:27:01,1803.5,247807
2021-05-07 09:27:02,1803.4,247817
2021-05-07 09:27:03,1803.4,247817
2021-05-07 09:27:04,1803.35,247917
2021-05-07 09:27:04,1803.3,247957
2021-05-07 09:27:05,1804.0,247968
2021-05-07 09:27:06,1804.0,248029
2021-05-07 09:27:07,1804.0,248050
2021-05-07 09:27:10,1803.65,249090
2021-05-07 09:27:11,1803.6,249105
2021-05-07 09:27:12,1803.6,249155
2021-05-07 09:27:13,1803.6,249155
2021-05-07 09:27:14,1804.0,249270
2021-05-07 09:27:14,1804.0,249270
2021-05-07 09:27:15,1803.85,249301
2021-05-07 09:27:16,1803.85,249307
2021-05-07 09:27:17,1803.85,249317
2021-05-07 09:27:18,1803.85,249328
2021-05-07 09:27:19,1803.85,249328
2021-05-07 09:27:20,1803.85,249342
2021-05-07 09:27:21,1803.85,249342
2021-05-07 09:27:23,1803.85,249342
2021-05-07 09:27:24,1803.6,249352
2021-05-07 09:27:25,1803.6,249352
2021-05-07 09:27:26,1803.6,249824
2021-05-07 09:27:26,1803.6,249824
2021-05-07 09:27:27,1803.5,249830
2021-05-07 09:27:28,1803.6,249846
2021-05-07 09:27:29,1803.3,249943
2021-05-07 09:27:30,1803.3,249983
2021-05-07 09:27:31,1803.3,249983
2021-05-07 09:27:32,1803.4,249993
2021-05-07 09:27:33,1803.4,249993
2021-05-07 09:27:34,1803.4,250004
2021-05-07 09:27:36,1803.3,250074
2021-05-07 09:27:37,1803.3,250074
2021-05-07 09:27:38,1803.3,250141
2021-05-07 09:27:39,1803.3,250141
2021-05-07 09:27:40,1803.3,250222
2021-05-07 09:27:41,1803.2,250224
2021-05-07 09:27:41,1803.2,250224
2021-05-07 09:27:42,1803.85,250285
2021-05-07 09:27:43,1803.5,250315
2021-05-07 09:27:44,1803.5,250442
2021-05-07 09:27:46,1803.85,250468
2021-05-07 09:27:47,1803.85,250471
2021-05-07 09:27:48,1804.0,250617
2021-05-07 09:27:49,1803.95,250620
2021-05-07 09:27:50,1803.95,250620
2021-05-07 09:27:51,1804.65,250670
2021-05-07 09:27:51,1804.65,250670
2021-05-07 09:27:52,1804.45,250730
2021-05-07 09:27:53,1803.95,250760
2021-05-07 09:27:54,1804.75,250775
2021-05-07 09:27:55,1803.95,250785
2021-05-07 09:27:57,1804.0,250788
2021-05-07 09:27:58,1804.0,250797
2021-05-07 09:27:59,1804.0,250797
2021-05-07 09:28:00,1804.0,250854
2021-05-07 09:28:01,1804.0,250854
2021-05-07 09:28:02,1804.0,250966
2021-05-07 09:28:03,1804.0,250967
2021-05-07 09:28:03,1804.1,251054
2021-05-07 09:28:05,1804.0,251273
2021-05-07 09:28:06,1803.55,251280
2021-05-07 09:28:07,1804.0,251291
2021-05-07 09:28:11,1804.0,251746
2021-05-07 09:28:11,1804.0,251746
2021-05-07 09:28:12,1803.5,251786
2021-05-07 09:28:13,1804.15,252381
2021-05-07 09:28:15,1804.15,252569
2021-05-07 09:28:16,1804.15,252729
2021-05-07 09:28:17,1804.15,252735
2021-05-07 09:28:18,1804.15,252769
2021-05-07 09:28:19,1804.15,252934
2021-05-07 09:28:21,1803.2,253253
2021-05-07 09:28:21,1803.2,253253
2021-05-07 09:28:22,1803.2,253253
2021-05-07 09:28:23,1803.2,253255
2021-05-07 09:28:24,1803.2,253255
2021-05-07 09:28:25,1803.2,253255
2021-05-07 09:28:26,1803.2,253255
2021-05-07 09:28:27,1803.25,253365
2021-05-07 09:28:28,1803.25,253381
2021-05-07 09:28:29,1803.2,253393
2021-05-07 09:28:30,1803.2,253423
2021-05-07 09:28:31,1803.2,253423
2021-05-07 09:28:32,1803.2,253424
2021-05-07 09:28:33,1803.2,253424
2021-05-07 09:28:34,1803.2,253424
2021-05-07 09:28:36,1803.6,253457
2021-05-07 09:28:37,1803.0,253623
2021-05-07 09:28:38,1803.0,253623
2021-05-07 09:28:39,1803.0,253623
2021-05-07 09:28:40,1803.2,253624
2021-05-07 09:28:41,1803.0,253984
2021-05-07 09:28:42,1803.0,253984
2021-05-07 09:28:43,1802.95,254000
2021-05-07 09:28:44,1802.55,254069
2021-05-07 09:28:45,1802.5,254084
2021-05-07 09:28:46,1802.9,254119
2021-05-07 09:28:47,1802.9,254124
2021-05-07 09:28:49,1802.9,254124
2021-05-07 09:28:50,1803.0,254264
2021-05-07 09:28:51,1803.0,254264
2021-05-07 09:28:52,1803.0,254264
2021-05-07 09:28:53,1803.0,254324
2021-05-07 09:28:54,1802.95,254335
2021-05-07 09:28:55,1802.25,254357
2021-05-07 09:28:56,1802.25,254357
2021-05-07 09:28:57,1802.8,254442
2021-05-07 09:28:58,1802.05,254463
2021-05-07 09:28:59,1802.1,254475
2021-05-07 09:29:01,1802.25,254512
2021-05-07 09:29:02,1802.8,254612
2021-05-07 09:29:03,1802.0,254632
2021-05-07 09:29:04,1802.45,254653
2021-05-07 09:29:05,1802.45,254672
2021-05-07 09:29:06,1802.45,254672
2021-05-07 09:29:07,1802.3,254733
2021-05-07 09:29:08,1802.6,255079
2021-05-07 09:29:08,1802.6,255079
2021-05-07 09:29:09,1802.75,255141
2021-05-07 09:29:11,1802.45,255155
2021-05-07 09:29:12,1802.45,255247
2021-05-07 09:29:13,1802.0,255304
2021-05-07 09:29:14,1802.45,255354
2021-05-07 09:29:15,1802.75,255464
2021-05-07 09:29:16,1802.95,255875
2021-05-07 09:29:17,1802.1,255887
2021-05-07 09:29:18,1802.1,255887
2021-05-07 09:29:19,1802.1,255920
2021-05-07 09:29:20,1802.1,255930
2021-05-07 09:29:21,1802.4,255963
2021-05-07 09:29:24,1802.1,256263
2021-05-07 09:29:27,1802.1,256275
2021-05-07 09:29:28,1802.1,256275
2021-05-07 09:29:29,1802.2,256365
2021-05-07 09:29:30,1802.15,256419
2021-05-07 09:29:31,1802.15,256444
2021-05-07 09:29:32,1802.05,256459
2021-05-07 09:29:33,1802.05,256466
2021-05-07 09:29:34,1802.2,256519
2021-05-07 09:29:34,1802.2,256519
2021-05-07 09:29:35,1802.6,256576
2021-05-07 09:29:36,1802.2,256586
2021-05-07 09:29:37,1802.2,256596
2021-05-07 09:29:38,1802.2,256796
2021-05-07 09:29:39,1802.45,256800
2021-05-07 09:29:40,1802.5,257066
2021-05-07 09:29:42,1802.5,257066
2021-05-07 09:29:43,1802.2,257076
2021-05-07 09:29:44,1802.2,257076
2021-05-07 09:29:45,1802.2,257079
2021-05-07 09:29:46,1802.5,257089
2021-05-07 09:29:47,1802.45,257139
2021-05-07 09:29:48,1802.45,257197
2021-05-07 09:29:49,1802.5,257223
2021-05-07 09:29:50,1802.5,257223
2021-05-07 09:29:51,1802.45,257253
2021-05-07 09:29:52,1802.45,257344
2021-05-07 09:29:53,1802.45,257345
2021-05-07 09:29:54,1802.5,259022
2021-05-07 09:29:55,1802.5,259337
2021-05-07 09:29:56,1802.5,259337
2021-05-07 09:29:57,1802.5,259419
2021-05-07 09:29:57,1802.5,259419
2021-05-07 09:29:59,1803.0,259441
2021-05-07 09:30:00,1802.65,260096
2021-05-07 09:30:01,1803.55,260099
2021-05-07 09:30:02,1803.55,260099
2021-05-07 09:30:03,1803.55,260246
2021-05-07 09:30:04,1803.2,260251
2021-05-07 09:30:05,1803.2,260352
2021-05-07 09:30:06,1803.2,260352
2021-05-07 09:30:07,1803.45,260427
2021-05-07 09:30:08,1803.2,260437
2021-05-07 09:30:09,1803.2,260447
2021-05-07 09:30:10,1803.4,260452
2021-05-07 09:30:11,1803.4,260452
2021-05-07 09:30:12,1803.4,260574
2021-05-07 09:30:13,1803.45,260936
2021-05-07 09:30:14,1803.4,261007
2021-05-07 09:30:15,1803.3,261073
2021-05-07 09:30:15,1803.3,261073
2021-05-07 09:30:16,1803.3,261073
2021-05-07 09:30:18,1803.4,261125
2021-05-07 09:30:19,1803.4,261125
2021-05-07 09:30:20,1803.4,261152
2021-05-07 09:30:21,1803.4,261152
2021-05-07 09:30:22,1803.4,261152
2021-05-07 09:30:23,1803.4,261152
2021-05-07 09:30:24,1804.0,261153
2021-05-07 09:30:25,1804.0,261154
2021-05-07 09:30:26,1803.4,261174
2021-05-07 09:30:27,1804.0,261175
2021-05-07 09:30:28,1804.0,261175
2021-05-07 09:30:29,1803.8,261177
2021-05-07 09:30:30,1803.9,261179
2021-05-07 09:30:30,1803.9,261179
2021-05-07 09:30:31,1803.9,261179
2021-05-07 09:30:33,1803.95,261319
2021-05-07 09:30:34,1803.4,261416
2021-05-07 09:30:35,1803.3,261433
2021-05-07 09:30:36,1803.4,261453
2021-05-07 09:30:37,1803.4,261468
2021-05-07 09:30:38,1803.4,261468
2021-05-07 09:30:39,1803.3,261514
2021-05-07 09:30:40,1803.3,261514
2021-05-07 09:30:41,1804.0,261548
2021-05-07 09:30:41,1804.0,261548
2021-05-07 09:30:42,1804.0,261548
2021-05-07 09:30:43,1804.0,261548
2021-05-07 09:30:45,1803.95,261749
2021-05-07 09:30:46,1803.95,261749
2021-05-07 09:30:47,1803.95,261751
2021-05-07 09:30:48,1803.95,261751
2021-05-07 09:30:49,1803.95,261751
2021-05-07 09:30:50,1804.0,262426
2021-05-07 09:30:51,1804.25,262690
2021-05-07 09:30:52,1804.05,262955
2021-05-07 09:30:53,1804.35,263110
2021-05-07 09:30:54,1804.35,263110
2021-05-07 09:30:55,1804.35,263165
2021-05-07 09:30:56,1804.35,263165
2021-05-07 09:30:57,1804.35,263172
2021-05-07 09:30:58,1804.5,263274
2021-05-07 09:30:59,1804.35,264350
2021-05-07 09:31:00,1804.85,264753
2021-05-07 09:31:01,1804.2,265049
2021-05-07 09:31:02,1804.8,265054
2021-05-07 09:31:03,1804.5,265164
2021-05-07 09:31:04,1804.5,265226
2021-05-07 09:31:05,1804.2,265309
2021-05-07 09:31:06,1804.2,265309
2021-05-07 09:31:07,1804.2,265314
2021-05-07 09:31:08,1804.2,265332
2021-05-07 09:31:09,1804.5,265344
2021-05-07 09:31:10,1804.2,265348
2021-05-07 09:31:11,1804.2,265348
2021-05-07 09:31:12,1804.2,265356
2021-05-07 09:31:13,1804.2,265470
2021-05-07 09:31:14,1804.0,265482
2021-05-07 09:31:15,1804.0,265482
2021-05-07 09:31:16,1804.2,265505
2021-05-07 09:31:17,1804.2,265505
2021-05-07 09:31:18,1804.2,265512
2021-05-07 09:31:19,1804.5,265545
2021-05-07 09:31:20,1804.2,265557
2021-05-07 09:31:21,1804.35,265644
2021-05-07 09:31:22,1804.0,266218
2021-05-07 09:31:23,1804.0,266356
2021-05-07 09:31:24,1804.0,266416
2021-05-07 09:31:25,1804.35,266482
2021-05-07 09:31:26,1804.35,266520
2021-05-07 09:31:27,1804.35,266553
2021-05-07 09:31:28,1804.35,266553
2021-05-07 09:31:29,1803.95,267112
2021-05-07 09:31:30,1804.0,267114
2021-05-07 09:31:31,1804.0,267114
2021-05-07 09:31:32,1804.0,267114
2021-05-07 09:31:33,1804.0,267117
2021-05-07 09:31:34,1804.0,267117
2021-05-07 09:31:35,1804.0,267127
2021-05-07 09:31:36,1803.5,267615
2021-05-07 09:31:37,1803.35,267640
2021-05-07 09:31:38,1804.0,268042
2021-05-07 09:31:39,1804.0,268080
2021-05-07 09:31:40,1804.0,268080
2021-05-07 09:31:41,1804.35,268190
2021-05-07 09:31:42,1803.35,268223
2021-05-07 09:31:43,1803.35,268239
2021-05-07 09:31:44,1803.65,268255
2021-05-07 09:31:45,1804.3,268266
2021-05-07 09:31:46,1803.4,268274
2021-05-07 09:31:47,1803.4,268274
2021-05-07 09:31:48,1803.7,268277
2021-05-07 09:31:50,1803.35,268291
2021-05-07 09:31:51,1803.65,268295
2021-05-07 09:31:52,1803.4,268333
2021-05-07 09:31:53,1803.4,268333
2021-05-07 09:31:54,1803.45,268348
2021-05-07 09:31:55,1804.0,268463
2021-05-07 09:31:56,1804.0,268524
2021-05-07 09:31:57,1804.0,268549
2021-05-07 09:31:58,1803.65,268646
2021-05-07 09:31:59,1803.3,268726
2021-05-07 09:32:01,1804.0,268992
2021-05-07 09:32:03,1803.75,269220
2021-05-07 09:32:04,1803.9,269298
2021-05-07 09:32:06,1803.75,269376
2021-05-07 09:32:07,1803.75,269376
2021-05-07 09:32:08,1804.35,270337
2021-05-07 09:32:09,1803.9,270723
2021-05-07 09:32:10,1804.5,270823
2021-05-07 09:32:11,1803.95,270950
2021-05-07 09:32:12,1803.95,270960
2021-05-07 09:32:13,1803.85,271001
2021-05-07 09:32:14,1803.85,271001
2021-05-07 09:32:15,1804.05,271078
2021-05-07 09:32:16,1804.95,272162
2021-05-07 09:32:17,1806.8,273335
2021-05-07 09:32:18,1806.8,273831
2021-05-07 09:32:19,1806.15,274364
2021-05-07 09:32:20,1806.85,274470
2021-05-07 09:32:21,1806.35,274684
2021-05-07 09:32:22,1806.25,274687
2021-05-07 09:32:23,1805.65,274757
2021-05-07 09:32:24,1806.25,274760
2021-05-07 09:32:25,1805.55,274789
2021-05-07 09:32:26,1806.0,274967
2021-05-07 09:32:27,1805.25,275031
2021-05-07 09:32:28,1806.0,275033
2021-05-07 09:32:29,1805.35,275057
2021-05-07 09:32:30,1806.15,275207
2021-05-07 09:32:31,1805.55,275261
2021-05-07 09:32:32,1806.0,275286
2021-05-07 09:32:33,1805.7,275358
2021-05-07 09:32:34,1806.7,276372
2021-05-07 09:32:35,1805.45,276774
2021-05-07 09:32:36,1806.0,276824
2021-05-07 09:32:37,1805.45,276979
2021-05-07 09:32:38,1805.25,277567
2021-05-07 09:32:39,1805.25,277803
2021-05-07 09:32:40,1805.25,277803
2021-05-07 09:32:41,1805.25,277874
2021-05-07 09:32:42,1806.0,278394
2021-05-07 09:32:43,1805.25,278571
2021-05-07 09:32:44,1805.0,279604
2021-05-07 09:32:45,1804.95,280010
2021-05-07 09:32:46,1804.8,280011
2021-05-07 09:32:47,1804.65,280464
2021-05-07 09:32:48,1805.2,280539
2021-05-07 09:32:49,1804.6,280705
2021-05-07 09:32:50,1805.0,280717
2021-05-07 09:32:51,1804.6,280769
2021-05-07 09:32:52,1805.0,281036
2021-05-07 09:32:53,1804.35,281056
2021-05-07 09:32:54,1804.3,281059
2021-05-07 09:32:55,1804.05,281093
2021-05-07 09:32:56,1804.05,281093
2021-05-07 09:32:57,1804.0,281110
2021-05-07 09:32:58,1803.9,281313
2021-05-07 09:32:59,1803.9,281379
2021-05-07 09:33:00,1804.0,281383
2021-05-07 09:33:01,1804.0,281401
2021-05-07 09:33:02,1803.8,281512
2021-05-07 09:33:03,1803.95,281534
2021-05-07 09:33:04,1804.0,281568
2021-05-07 09:33:05,1804.0,281580
2021-05-07 09:33:06,1804.0,281849
2021-05-07 09:33:07,1803.8,281875
2021-05-07 09:33:08,1803.35,282088
2021-05-07 09:33:09,1803.95,282093
2021-05-07 09:33:10,1803.35,282158
2021-05-07 09:33:11,1803.6,282168
2021-05-07 09:33:12,1803.6,282226
2021-05-07 09:33:13,1803.55,282227
2021-05-07 09:33:14,1803.4,282629
2021-05-07 09:33:15,1803.4,282629
2021-05-07 09:33:16,1803.35,282663
2021-05-07 09:33:17,1804.0,282697
2021-05-07 09:33:18,1804.0,282714
2021-05-07 09:33:19,1803.3,282724
2021-05-07 09:33:20,1803.55,282746
2021-05-07 09:33:21,1803.55,282746
2021-05-07 09:33:22,1803.95,282752
2021-05-07 09:33:23,1803.95,282752
2021-05-07 09:33:24,1803.95,282754
2021-05-07 09:33:25,1803.95,282754
2021-05-07 09:33:26,1804.0,282879
2021-05-07 09:33:27,1804.25,282931
2021-05-07 09:33:28,1804.0,282984
2021-05-07 09:33:29,1804.6,282985
2021-05-07 09:33:30,1804.0,283001
2021-05-07 09:33:31,1804.1,283003
2021-05-07 09:33:32,1804.1,283008
2021-05-07 09:33:33,1804.1,283008
2021-05-07 09:33:34,1804.1,283010
2021-05-07 09:33:35,1804.1,283010
2021-05-07 09:33:37,1804.1,283087
2021-05-07 09:33:38,1804.25,283318
2021-05-07 09:33:40,1803.7,283387
2021-05-07 09:33:40,1803.7,283387
2021-05-07 09:33:42,1804.0,283443
2021-05-07 09:33:42,1804.0,283443
2021-05-07 09:33:44,1804.05,283527
2021-05-07 09:33:44,1804.05,283527
2021-05-07 09:33:45,1804.25,283532
2021-05-07 09:33:46,1804.0,283553
2021-05-07 09:33:47,1804.0,283554
2021-05-07 09:33:48,1804.2,283561
2021-05-07 09:33:49,1804.2,283561
2021-05-07 09:33:50,1804.2,283723
2021-05-07 09:33:51,1804.2,283723
2021-05-07 09:33:52,1804.2,283757
2021-05-07 09:33:53,1804.6,283782
2021-05-07 09:33:54,1804.2,283810
2021-05-07 09:33:55,1804.6,283811
2021-05-07 09:33:56,1804.0,284111
2021-05-07 09:33:58,1804.0,284201
2021-05-07 09:33:58,1804.0,284221
2021-05-07 09:34:00,1804.0,284309
2021-05-07 09:34:01,1804.0,284815
2021-05-07 09:34:02,1804.0,285093
2021-05-07 09:34:02,1804.0,285118
2021-05-07 09:34:03,1804.2,285163
2021-05-07 09:34:04,1804.2,285278
2021-05-07 09:34:05,1804.2,285278
2021-05-07 09:34:06,1804.0,285316
2021-05-07 09:34:07,1804.25,285398
2021-05-07 09:34:08,1804.0,285795
2021-05-07 09:34:09,1804.6,285900
2021-05-07 09:34:10,1804.0,286029
2021-05-07 09:34:11,1804.0,286029
2021-05-07 09:34:12,1804.0,286099
2021-05-07 09:34:13,1804.0,286099
2021-05-07 09:34:15,1804.0,286288
2021-05-07 09:34:15,1803.0,289193
2021-05-07 09:34:16,1803.25,289344
2021-05-07 09:34:17,1803.05,289690
2021-05-07 09:34:18,1802.75,290589
2021-05-07 09:34:19,1803.25,290651
2021-05-07 09:34:20,1802.8,290661
2021-05-07 09:34:21,1803.25,290686
2021-05-07 09:34:22,1803.0,290922
2021-05-07 09:34:23,1803.9,291024
2021-05-07 09:34:24,1803.8,291095
2021-05-07 09:34:25,1803.8,291095
2021-05-07 09:34:26,1803.1,291148
2021-05-07 09:34:28,1803.25,291164
2021-05-07 09:34:28,1803.25,291164
2021-05-07 09:34:29,1803.25,291194
2021-05-07 09:34:30,1803.25,291207
2021-05-07 09:34:31,1803.25,291244
2021-05-07 09:34:32,1803.1,291359
2021-05-07 09:34:33,1803.65,291536
2021-05-07 09:34:34,1803.65,291536
2021-05-07 09:34:35,1802.9,291544
2021-05-07 09:34:36,1802.75,292617
2021-05-07 09:34:37,1803.0,292627
2021-05-07 09:34:38,1803.0,292627
2021-05-07 09:34:39,1803.0,292627
2021-05-07 09:34:40,1802.95,292660
2021-05-07 09:34:41,1802.8,292666
2021-05-07 09:34:43,1802.8,292666
2021-05-07 09:34:44,1802.95,292699
2021-05-07 09:34:47,1802.8,292750
2021-05-07 09:34:48,1802.8,292771
2021-05-07 09:34:49,1802.8,292771
2021-05-07 09:34:50,1802.5,292871
2021-05-07 09:34:51,1802.5,292871
2021-05-07 09:34:52,1802.65,292874
2021-05-07 09:34:53,1802.95,292877
2021-05-07 09:34:54,1802.95,292882
2021-05-07 09:34:55,1802.8,293002
2021-05-07 09:34:56,1802.95,293499
2021-05-07 09:34:57,1802.8,293637
2021-05-07 09:34:58,1802.85,293672
2021-05-07 09:34:59,1802.85,293672
2021-05-07 09:35:00,1802.85,293672
2021-05-07 09:35:01,1802.85,293672
2021-05-07 09:35:02,1802.85,293672
2021-05-07 09:35:03,1804.0,293855
2021-05-07 09:35:04,1803.4,293939
2021-05-07 09:35:05,1803.5,294099
2021-05-07 09:35:06,1804.05,294335
2021-05-07 09:35:07,1804.05,294335
2021-05-07 09:35:08,1803.5,294406
2021-05-07 09:35:09,1803.5,294406
2021-05-07 09:35:10,1803.75,294427
2021-05-07 09:35:11,1803.75,294427
2021-05-07 09:35:12,1803.75,294493
2021-05-07 09:35:13,1803.75,295525
2021-05-07 09:35:14,1803.6,295867
2021-05-07 09:35:15,1804.05,296684
2021-05-07 09:35:16,1803.15,297236
2021-05-07 09:35:17,1803.15,297424
2021-05-07 09:35:18,1803.0,297490
2021-05-07 09:35:20,1802.95,297495
2021-05-07 09:35:20,1802.95,297498
2021-05-07 09:35:21,1802.95,297498
2021-05-07 09:35:23,1803.0,297573
2021-05-07 09:35:24,1802.1,299784
2021-05-07 09:35:25,1802.1,299784
2021-05-07 09:35:26,1803.35,300184
2021-05-07 09:35:27,1802.4,300384
2021-05-07 09:35:28,1802.65,300387
2021-05-07 09:35:29,1802.65,300387
2021-05-07 09:35:29,1802.65,300387
2021-05-07 09:35:30,1802.95,300397
2021-05-07 09:35:31,1802.65,300400
2021-05-07 09:35:32,1802.95,300700
2021-05-07 09:35:33,1802.65,300705
2021-05-07 09:35:34,1802.65,300705
2021-05-07 09:35:35,1802.65,300705
2021-05-07 09:35:36,1802.65,300705
2021-05-07 09:35:38,1803.45,300805
2021-05-07 09:35:39,1803.3,300875
2021-05-07 09:35:40,1803.3,300899
2021-05-07 09:35:41,1803.3,300899
2021-05-07 09:35:41,1803.3,300899
2021-05-07 09:35:42,1803.35,301220
2021-05-07 09:35:43,1803.85,301221
2021-05-07 09:35:44,1803.85,301221
2021-05-07 09:35:45,1803.85,301221
2021-05-07 09:35:47,1803.55,301223
2021-05-07 09:35:48,1803.55,301233
2021-05-07 09:35:49,1803.55,301233
2021-05-07 09:35:49,1803.55,301233
2021-05-07 09:35:50,1803.3,301258
2021-05-07 09:35:51,1803.3,301258
2021-05-07 09:35:52,1804.75,303358
2021-05-07 09:35:53,1804.95,303383
2021-05-07 09:35:54,1804.95,303383
2021-05-07 09:35:55,1804.95,303383
2021-05-07 09:35:56,1803.9,303536
2021-05-07 09:35:57,1803.9,303536
2021-05-07 09:35:59,1803.9,303593
2021-05-07 09:35:59,1803.9,303593
2021-05-07 09:36:00,1803.95,303743
2021-05-07 09:36:01,1803.95,303866
2021-05-07 09:36:02,1805.0,304099
2021-05-07 09:36:03,1804.1,304114
2021-05-07 09:36:05,1805.0,304236
2021-05-07 09:36:06,1805.0,304236
2021-05-07 09:36:07,1805.0,304358
2021-05-07 09:36:07,1805.0,304358
2021-05-07 09:36:08,1805.0,304419
2021-05-07 09:36:09,1804.1,304479
2021-05-07 09:36:10,1804.1,304509
2021-05-07 09:36:11,1804.1,304519
2021-05-07 09:36:12,1804.9,304572
2021-05-07 09:36:14,1804.9,304572
2021-05-07 09:36:15,1804.9,304572
2021-05-07 09:36:15,1804.15,304577
2021-05-07 09:36:16,1804.9,304627
2021-05-07 09:36:17,1804.9,304639
2021-05-07 09:36:18,1804.9,304643
2021-05-07 09:36:19,1804.9,304643
2021-05-07 09:36:20,1804.9,304673
2021-05-07 09:36:22,1804.95,304744
2021-05-07 09:36:23,1805.0,304866
2021-05-07 09:36:23,1805.0,304866
2021-05-07 09:36:24,1804.9,304967
2021-05-07 09:36:25,1804.9,304967
2021-05-07 09:36:26,1804.9,305037
2021-05-07 09:36:27,1804.9,305037
2021-05-07 09:36:28,1805.0,305109
2021-05-07 09:36:30,1805.05,305423
2021-05-07 09:36:31,1805.1,305424
2021-05-07 09:36:31,1805.1,305424
2021-05-07 09:36:32,1805.3,305546
2021-05-07 09:36:33,1806.4,305890
2021-05-07 09:36:34,1805.8,305906
2021-05-07 09:36:35,1805.8,305911
2021-05-07 09:36:36,1805.8,305911
2021-05-07 09:36:37,1806.4,305972
2021-05-07 09:36:39,1806.15,306626
2021-05-07 09:36:40,1806.15,306626
2021-05-07 09:36:41,1806.15,306626
2021-05-07 09:36:41,1806.15,306626
2021-05-07 09:36:42,1806.95,306756
2021-05-07 09:36:43,1806.8,306819
2021-05-07 09:36:45,1805.8,307088
2021-05-07 09:36:46,1805.8,307465
2021-05-07 09:36:47,1806.7,307467
2021-05-07 09:36:47,1806.7,307468
2021-05-07 09:36:48,1806.8,307772
2021-05-07 09:36:49,1806.9,307776
2021-05-07 09:36:50,1806.9,307797
2021-05-07 09:36:51,1807.0,308226
2021-05-07 09:36:52,1807.0,308239
2021-05-07 09:36:54,1806.8,308308
2021-05-07 09:36:56,1807.15,308418
2021-05-07 09:36:57,1807.55,308640
2021-05-07 09:36:57,1807.45,308428
2021-05-07 09:36:58,1807.9,308702
2021-05-07 09:36:59,1807.55,308759
2021-05-07 09:37:01,1808.0,308952
2021-05-07 09:37:02,1808.0,309200
2021-05-07 09:37:02,1808.0,309200
2021-05-07 09:37:03,1808.0,309200
2021-05-07 09:37:04,1807.15,309362
2021-05-07 09:37:05,1807.15,309369
2021-05-07 09:37:06,1807.15,309369
2021-05-07 09:37:07,1807.15,309369
2021-05-07 09:37:09,1807.85,309372
2021-05-07 09:37:10,1807.85,309376
2021-05-07 09:37:11,1807.85,309376
2021-05-07 09:37:12,1807.2,309472
2021-05-07 09:37:12,1807.2,309472
2021-05-07 09:37:13,1807.85,309507
2021-05-07 09:37:14,1807.25,309512
2021-05-07 09:37:15,1807.25,309514
2021-05-07 09:37:16,1807.25,309540
2021-05-07 09:37:18,1807.25,309547
2021-05-07 09:37:19,1807.8,309550
2021-05-07 09:37:19,1807.8,309550
2021-05-07 09:37:20,1807.8,309625
2021-05-07 09:37:21,1807.8,309625
2021-05-07 09:37:22,1807.15,309744
2021-05-07 09:37:24,1807.25,309759
2021-05-07 09:37:25,1807.25,309769
2021-05-07 09:37:26,1807.25,309770
2021-05-07 09:37:26,1807.25,309771
2021-05-07 09:37:27,1807.8,310071
2021-05-07 09:37:28,1807.25,310072
2021-05-07 09:37:29,1807.2,310105
2021-05-07 09:37:30,1807.75,310256
2021-05-07 09:37:32,1807.95,310356
2021-05-07 09:37:33,1807.1,310515
2021-05-07 09:37:34,1807.25,310518
2021-05-07 09:37:35,1807.8,310523
2021-05-07 09:37:37,1807.6,310543
2021-05-07 09:37:36,1807.8,310523
2021-05-07 09:37:38,1807.6,310543
2021-05-07 09:37:39,1807.6,310543
2021-05-07 09:37:39,1807.6,310543
2021-05-07 09:37:40,1807.6,310595
2021-05-07 09:37:41,1807.6,310604
2021-05-07 09:37:42,1807.8,310719
2021-05-07 09:37:44,1807.8,310798
2021-05-07 09:37:45,1808.0,310883
2021-05-07 09:37:45,1808.0,310883
2021-05-07 09:37:47,1807.8,310985
2021-05-07 09:37:48,1808.0,311240
2021-05-07 09:37:49,1808.0,311423
2021-05-07 09:37:49,1808.0,311423
2021-05-07 09:37:51,1808.0,311645
2021-05-07 09:37:52,1808.0,311893
2021-05-07 09:37:53,1807.8,311898
2021-05-07 09:37:55,1808.0,311978
2021-05-07 09:37:56,1807.8,312035
2021-05-07 09:37:57,1807.8,312061
2021-05-07 09:37:58,1807.8,312061
2021-05-07 09:37:59,1807.8,312061
2021-05-07 09:38:00,1807.8,312161
2021-05-07 09:38:01,1808.0,312192
2021-05-07 09:38:02,1807.8,312246
2021-05-07 09:38:02,1808.0,312349
2021-05-07 09:38:03,1807.8,313834
2021-05-07 09:38:04,1808.0,313959
2021-05-07 09:38:05,1807.8,314041
2021-05-07 09:38:06,1808.05,314184
2021-05-07 09:38:08,1808.0,314306
2021-05-07 09:38:09,1807.65,314630
2021-05-07 09:38:10,1807.65,314631
2021-05-07 09:38:11,1807.65,314632
2021-05-07 09:38:12,1807.65,314632
2021-05-07 09:38:12,1807.65,314632
2021-05-07 09:38:13,1807.65,314652
2021-05-07 09:38:15,1807.8,315043
2021-05-07 09:38:14,1807.65,314776
2021-05-07 09:38:16,1807.65,315073
2021-05-07 09:38:17,1807.65,315078
2021-05-07 09:38:19,1807.65,315078
2021-05-07 09:38:20,1807.5,315251
2021-05-07 09:38:21,1807.5,315317
2021-05-07 09:38:22,1807.6,315407
2021-05-07 09:38:23,1807.6,315407
2021-05-07 09:38:24,1807.5,315422
2021-05-07 09:38:24,1807.5,315422
2021-05-07 09:38:25,1807.5,315422
2021-05-07 09:38:26,1807.6,315423
2021-05-07 09:38:28,1807.6,315423
2021-05-07 09:38:29,1807.5,315624
2021-05-07 09:38:30,1807.5,315634
2021-05-07 09:38:30,1807.5,315634
2021-05-07 09:38:31,1807.7,315716
2021-05-07 09:38:32,1807.5,315736
2021-05-07 09:38:34,1807.8,315957
2021-05-07 09:38:35,1807.6,316015
2021-05-07 09:38:36,1807.6,316015
2021-05-07 09:38:37,1807.3,316561
2021-05-07 09:38:37,1807.3,316561
2021-05-07 09:38:38,1807.6,316649
2021-05-07 09:38:40,1807.3,316699
2021-05-07 09:38:41,1807.5,316822
2021-05-07 09:38:42,1807.5,316844
2021-05-07 09:38:43,1807.3,316909
2021-05-07 09:38:44,1807.3,316925
2021-05-07 09:38:45,1806.55,317663
2021-05-07 09:38:46,1806.55,317668
2021-05-07 09:38:47,1806.5,317731
2021-05-07 09:38:47,1807.2,317756
2021-05-07 09:38:48,1807.3,317817
2021-05-07 09:38:49,1807.35,317827
2021-05-07 09:38:50,1806.65,317829
2021-05-07 09:38:52,1806.65,317899
2021-05-07 09:38:53,1807.3,317982
2021-05-07 09:38:54,1807.4,318082
2021-05-07 09:38:55,1807.4,318099
2021-05-07 09:38:56,1807.0,318124
2021-05-07 09:38:56,1807.0,318124
2021-05-07 09:38:57,1806.55,318126
2021-05-07 09:38:58,1806.55,318126
2021-05-07 09:39:00,1806.55,318126
2021-05-07 09:39:01,1807.0,318134
2021-05-07 09:39:02,1806.55,318136
2021-05-07 09:39:03,1807.3,318201
2021-05-07 09:39:04,1806.6,318308
2021-05-07 09:39:05,1806.55,318338
2021-05-07 09:39:06,1806.55,318365
2021-05-07 09:39:07,1807.3,318465
2021-05-07 09:39:08,1807.3,318465
2021-05-07 09:39:08,1807.3,318465
2021-05-07 09:39:09,1807.0,318576
2021-05-07 09:39:10,1807.5,318637
2021-05-07 09:39:12,1807.0,318681
2021-05-07 09:39:13,1807.0,318681
2021-05-07 09:39:14,1806.6,318981
2021-05-07 09:39:14,1806.6,318981
2021-05-07 09:39:15,1807.95,319217
2021-05-07 09:39:16,1807.25,319220
2021-05-07 09:39:17,1807.5,319221
2021-05-07 09:39:18,1807.5,319221
2021-05-07 09:39:19,1806.9,319241
2021-05-07 09:39:20,1807.5,319363
2021-05-07 09:39:22,1807.1,319463
2021-05-07 09:39:23,1807.2,319501
2021-05-07 09:39:24,1807.5,320893
2021-05-07 09:39:25,1808.0,321781
2021-05-07 09:39:26,1808.0,321790
2021-05-07 09:39:27,1808.0,321795
2021-05-07 09:39:27,1808.0,321800
2021-05-07 09:39:28,1808.0,321800
2021-05-07 09:39:29,1807.5,322071
2021-05-07 09:39:31,1807.5,322176
2021-05-07 09:39:32,1808.0,322201
2021-05-07 09:39:33,1808.35,322819
2021-05-07 09:39:34,1808.7,323123
2021-05-07 09:39:35,1808.7,323129
2021-05-07 09:39:35,1808.7,323129
2021-05-07 09:39:36,1808.7,323135
2021-05-07 09:39:38,1808.2,323185
2021-05-07 09:39:39,1808.2,323227
2021-05-07 09:39:40,1808.7,323233
2021-05-07 09:39:41,1808.7,323233
2021-05-07 09:39:42,1808.7,323233
2021-05-07 09:39:43,1808.7,323694
2021-05-07 09:39:44,1808.7,323703
2021-05-07 09:39:44,1808.7,323703
2021-05-07 09:39:45,1808.7,323703
2021-05-07 09:39:47,1808.3,323764
2021-05-07 09:39:48,1808.3,323826
2021-05-07 09:39:49,1808.1,323844
2021-05-07 09:39:50,1807.75,323929
2021-05-07 09:39:51,1807.75,323929
2021-05-07 09:39:52,1807.75,323929
2021-05-07 09:39:53,1807.6,323959
2021-05-07 09:39:54,1808.0,323981
2021-05-07 09:39:55,1808.0,323981
2021-05-07 09:39:56,1807.5,324011
2021-05-07 09:39:57,1808.0,324061
2021-05-07 09:39:58,1808.0,324063
2021-05-07 09:39:59,1808.0,324173
2021-05-07 09:40:00,1808.0,324173
2021-05-07 09:40:01,1807.5,324199
2021-05-07 09:40:02,1807.75,324200
2021-05-07 09:40:03,1807.25,324351
2021-05-07 09:40:03,1807.25,324351
2021-05-07 09:40:04,1807.85,324353
2021-05-07 09:40:06,1807.75,324598
2021-05-07 09:40:07,1807.75,324598
2021-05-07 09:40:08,1807.25,324608
2021-05-07 09:40:09,1806.9,325012
2021-05-07 09:40:10,1806.9,325012
2021-05-07 09:40:11,1806.9,325012
2021-05-07 09:40:12,1806.9,325012
2021-05-07 09:40:12,1806.75,325206
2021-05-07 09:40:13,1806.85,325291
2021-05-07 09:40:15,1806.8,325306
2021-05-07 09:40:16,1806.55,325315
2021-05-07 09:40:17,1806.8,325335
2021-05-07 09:40:18,1806.8,325335
2021-05-07 09:40:19,1806.55,325459
2021-05-07 09:40:21,1806.55,325501
2021-05-07 09:40:22,1806.65,325532
2021-05-07 09:40:23,1806.65,325832
2021-05-07 09:40:24,1806.5,326127
2021-05-07 09:40:25,1806.0,326828
2021-05-07 09:40:26,1806.0,326828
2021-05-07 09:40:28,1806.6,327399
2021-05-07 09:40:29,1806.6,327399
2021-05-07 09:40:30,1806.6,327627
2021-05-07 09:40:31,1806.0,327715
2021-05-07 09:40:31,1806.0,327715
2021-05-07 09:40:33,1805.7,327756
2021-05-07 09:40:34,1805.7,327756
2021-05-07 09:40:35,1805.65,327762
2021-05-07 09:40:36,1805.95,327817
2021-05-07 09:40:37,1805.65,327827
2021-05-07 09:40:39,1805.65,327933
2021-05-07 09:40:40,1805.65,327938
2021-05-07 09:40:41,1806.0,328129
2021-05-07 09:40:42,1806.0,328129
2021-05-07 09:40:42,1806.0,328129
2021-05-07 09:40:44,1806.0,328129
2021-05-07 09:40:45,1806.0,328129
2021-05-07 09:40:46,1806.0,328131
2021-05-07 09:40:47,1805.65,328284
2021-05-07 09:40:48,1805.95,328304
2021-05-07 09:40:49,1806.0,328308
2021-05-07 09:40:49,1805.65,328358
2021-05-07 09:40:52,1805.5,328616
2021-05-07 09:40:53,1805.5,328616
2021-05-07 09:40:54,1806.0,328617
2021-05-07 09:40:54,1806.0,328617
2021-05-07 09:40:55,1806.0,328617
2021-05-07 09:40:56,1805.5,328647
2021-05-07 09:40:58,1806.15,332418
2021-05-07 09:40:59,1806.6,332443
2021-05-07 09:41:00,1806.35,332457
2021-05-07 09:41:01,1806.3,333628
2021-05-07 09:41:02,1806.3,333628
2021-05-07 09:41:03,1806.35,333631
2021-05-07 09:41:04,1807.0,333662
2021-05-07 09:41:05,1807.95,334862
2021-05-07 09:41:06,1807.95,334862
2021-05-07 09:41:07,1807.0,334965
2021-05-07 09:41:07,1807.0,334965
2021-05-07 09:41:08,1807.5,334997
2021-05-07 09:41:09,1807.5,335023
2021-05-07 09:41:11,1807.5,335023
2021-05-07 09:41:11,1807.0,335033
2021-05-07 09:41:12,1808.0,335231
2021-05-07 09:41:13,1808.0,335231
2021-05-07 09:41:15,1807.4,335258
2021-05-07 09:41:16,1807.4,335259
2021-05-07 09:41:17,1807.95,335288
2021-05-07 09:41:18,1807.95,335288
2021-05-07 09:41:19,1807.95,335288
2021-05-07 09:41:21,1807.9,335738
2021-05-07 09:41:22,1808.0,335793
2021-05-07 09:41:23,1807.45,335843
2021-05-07 09:41:24,1807.4,335853
2021-05-07 09:41:25,1807.5,336188
2021-05-07 09:41:26,1807.5,336188
2021-05-07 09:41:27,1808.7,336568
2021-05-07 09:41:28,1808.0,336570
2021-05-07 09:41:28,1808.0,336570
2021-05-07 09:41:30,1807.65,336820
2021-05-07 09:41:31,1807.5,336822
2021-05-07 09:41:32,1807.5,336822
2021-05-07 09:41:33,1808.4,337091
2021-05-07 09:41:34,1807.9,337102
2021-05-07 09:41:35,1807.85,337112
2021-05-07 09:41:36,1808.0,337133
2021-05-07 09:41:37,1808.0,337339
2021-05-07 09:41:38,1808.0,337339
2021-05-07 09:41:39,1808.0,337339
2021-05-07 09:41:40,1808.0,337339
2021-05-07 09:41:41,1807.4,337416
2021-05-07 09:41:42,1807.4,337416
2021-05-07 09:41:43,1807.4,337416
2021-05-07 09:41:44,1807.35,337425
2021-05-07 09:41:45,1807.35,337457
2021-05-07 09:41:46,1807.0,337459
2021-05-07 09:41:47,1806.8,338694
2021-05-07 09:41:48,1807.05,338833
2021-05-07 09:41:49,1807.05,338833
2021-05-07 09:41:50,1807.0,338863
2021-05-07 09:41:51,1807.0,338863
2021-05-07 09:41:52,1807.0,338863
2021-05-07 09:41:53,1807.0,338865
2021-05-07 09:41:54,1807.0,339017
2021-05-07 09:41:55,1807.0,339122
2021-05-07 09:41:56,1807.4,339246
2021-05-07 09:41:57,1807.0,339247
2021-05-07 09:41:58,1807.0,339247
2021-05-07 09:41:59,1807.0,339247
2021-05-07 09:42:01,1807.0,339300
2021-05-07 09:42:02,1807.0,339300
2021-05-07 09:42:04,1807.4,339311
2021-05-07 09:42:05,1807.4,339350
2021-05-07 09:42:06,1807.05,339470
2021-05-07 09:42:07,1807.05,339476
2021-05-07 09:42:08,1807.05,339476
2021-05-07 09:42:09,1807.4,339483
2021-05-07 09:42:10,1807.4,339488
2021-05-07 09:42:11,1807.4,339488
2021-05-07 09:42:12,1807.4,339488
2021-05-07 09:42:13,1807.4,339488
2021-05-07 09:42:14,1807.05,339490
2021-05-07 09:42:16,1807.4,339820
2021-05-07 09:42:17,1807.4,339820
2021-05-07 09:42:18,1807.4,339820
2021-05-07 09:42:19,1807.4,339820
2021-05-07 09:42:20,1807.4,339820
2021-05-07 09:42:21,1807.4,339820
2021-05-07 09:42:22,1807.4,339921
2021-05-07 09:42:23,1807.4,339921
2021-05-07 09:42:24,1807.5,339965
2021-05-07 09:42:25,1808.0,339980
2021-05-07 09:42:26,1808.0,339990
2021-05-07 09:42:27,1808.0,339990
2021-05-07 09:42:28,1807.7,340015
2021-05-07 09:42:29,1807.7,340015
2021-05-07 09:42:30,1807.7,340015
2021-05-07 09:42:31,1807.7,340015
2021-05-07 09:42:32,1807.7,340015
2021-05-07 09:42:33,1807.7,340016
2021-05-07 09:42:34,1807.7,340016
2021-05-07 09:42:35,1807.7,340106
2021-05-07 09:42:36,1808.4,340281
2021-05-07 09:42:37,1807.8,340315
2021-05-07 09:42:38,1807.65,340414
2021-05-07 09:42:39,1807.7,340430
2021-05-07 09:42:42,1807.7,340458
2021-05-07 09:42:43,1807.7,340458
2021-05-07 09:42:44,1807.7,340479
2021-05-07 09:42:45,1807.7,340479
2021-05-07 09:42:46,1807.7,340489
2021-05-07 09:42:47,1807.7,340489
2021-05-07 09:42:48,1807.7,340489
2021-05-07 09:42:49,1807.7,340489
2021-05-07 09:42:50,1807.7,340590
2021-05-07 09:42:51,1807.7,340605
2021-05-07 09:42:52,1807.7,340605
2021-05-07 09:42:53,1808.05,340655
2021-05-07 09:42:54,1808.05,340655
2021-05-07 09:42:55,1808.0,340698
2021-05-07 09:42:56,1807.7,340703
2021-05-07 09:42:57,1807.7,340703
2021-05-07 09:42:58,1808.0,340718
2021-05-07 09:42:59,1808.4,341221
2021-05-07 09:43:00,1807.5,341317
2021-05-07 09:43:02,1808.2,341417
2021-05-07 09:43:01,1807.5,341317
2021-05-07 09:43:03,1807.7,341427
2021-05-07 09:43:04,1807.7,341427
2021-05-07 09:43:05,1808.2,341527
2021-05-07 09:43:06,1808.25,341539
2021-05-07 09:43:07,1808.25,341539
2021-05-07 09:43:08,1808.25,341539
2021-05-07 09:43:09,1808.0,341549
2021-05-07 09:43:10,1808.0,341550
2021-05-07 09:43:11,1808.0,341585
2021-05-07 09:43:12,1807.7,342590
2021-05-07 09:43:13,1808.0,342615
2021-05-07 09:43:14,1808.0,342625
2021-05-07 09:43:15,1808.0,342625
2021-05-07 09:43:16,1808.0,342625
2021-05-07 09:43:17,1808.0,342626
2021-05-07 09:43:18,1808.0,342626
2021-05-07 09:43:19,1807.7,342860
2021-05-07 09:43:20,1807.7,342910
2021-05-07 09:43:21,1807.7,342912
2021-05-07 09:43:24,1807.4,342924
2021-05-07 09:43:25,1807.4,342924
2021-05-07 09:43:26,1807.4,342924
2021-05-07 09:43:27,1807.4,342924
2021-05-07 09:43:28,1807.7,342927
2021-05-07 09:43:29,1807.7,342930
2021-05-07 09:43:30,1807.7,342930
2021-05-07 09:43:31,1807.7,342930
2021-05-07 09:43:32,1807.7,342930
2021-05-07 09:43:33,1807.7,342930
2021-05-07 09:43:34,1807.7,342930
2021-05-07 09:43:35,1807.7,342931
2021-05-07 09:43:36,1807.7,342931
2021-05-07 09:43:37,1807.55,343287
2021-05-07 09:43:38,1807.95,343299
2021-05-07 09:43:39,1807.4,343349
2021-05-07 09:43:40,1807.45,343406
2021-05-07 09:43:41,1807.7,343429
2021-05-07 09:43:42,1807.7,343429
2021-05-07 09:43:43,1807.4,343439
2021-05-07 09:43:44,1807.7,343440
2021-05-07 09:43:45,1807.7,343490
2021-05-07 09:43:46,1807.7,343490
2021-05-07 09:43:47,1807.7,343490
2021-05-07 09:43:48,1807.4,343517
2021-05-07 09:43:49,1807.4,343517
2021-05-07 09:43:50,1806.65,344517
2021-05-07 09:43:51,1807.55,344537
2021-05-07 09:43:52,1807.55,344537
2021-05-07 09:43:53,1807.55,344537
2021-05-07 09:43:54,1807.55,344537
2021-05-07 09:43:55,1807.4,344552
2021-05-07 09:43:56,1806.7,344602
2021-05-07 09:43:57,1806.7,344602
2021-05-07 09:43:58,1806.7,344602
2021-05-07 09:44:00,1806.5,344780
2021-05-07 09:44:00,1806.5,344780
2021-05-07 09:44:01,1807.1,344784
2021-05-07 09:44:02,1807.1,344784
2021-05-07 09:44:04,1806.45,344789
2021-05-07 09:44:05,1806.5,344839
2021-05-07 09:44:08,1807.2,344852
2021-05-07 09:44:09,1807.2,344863
2021-05-07 09:44:10,1807.1,344940
2021-05-07 09:44:11,1807.1,344961
2021-05-07 09:44:12,1807.1,344961
2021-05-07 09:44:13,1807.1,344961
2021-05-07 09:44:14,1807.1,344961
2021-05-07 09:44:15,1807.2,344966
2021-05-07 09:44:16,1807.2,344966
2021-05-07 09:44:17,1807.2,344966
2021-05-07 09:44:18,1807.2,344978
2021-05-07 09:44:19,1807.2,345018
2021-05-07 09:44:20,1807.2,345018
2021-05-07 09:44:21,1807.2,345018
2021-05-07 09:44:22,1807.2,345021
2021-05-07 09:44:23,1807.2,345021
2021-05-07 09:44:24,1807.2,345221
2021-05-07 09:44:25,1807.2,345221
2021-05-07 09:44:26,1807.1,345224
2021-05-07 09:44:27,1807.1,345225
2021-05-07 09:44:28,1807.2,345512
2021-05-07 09:44:30,1807.1,345594
2021-05-07 09:44:31,1807.1,345594
2021-05-07 09:44:31,1807.1,345594
2021-05-07 09:44:32,1807.1,345594
2021-05-07 09:44:33,1807.1,345594
2021-05-07 09:44:34,1807.1,345594
2021-05-07 09:44:35,1807.1,345595
2021-05-07 09:44:36,1807.1,345595
2021-05-07 09:44:38,1807.2,345624
2021-05-07 09:44:39,1807.2,345624
2021-05-07 09:44:40,1807.2,345624
2021-05-07 09:44:42,1807.2,345624
2021-05-07 09:44:42,1807.2,345624
2021-05-07 09:44:43,1807.2,345634
2021-05-07 09:44:44,1807.25,345652
2021-05-07 09:44:45,1807.25,345652
2021-05-07 09:44:46,1807.1,345842
2021-05-07 09:44:47,1807.1,345842
2021-05-07 09:44:49,1807.1,345843
2021-05-07 09:44:50,1807.1,345844
2021-05-07 09:44:51,1807.1,345854
2021-05-07 09:44:52,1806.65,346154
2021-05-07 09:44:53,1806.65,346179
2021-05-07 09:44:54,1807.1,346180
2021-05-07 09:44:55,1807.1,346180
2021-05-07 09:44:56,1806.65,346190
2021-05-07 09:44:58,1806.65,346190
2021-05-07 09:45:00,1806.65,346227
2021-05-07 09:45:00,1806.65,346227
2021-05-07 09:45:01,1806.65,346227
2021-05-07 09:45:02,1806.65,346227
2021-05-07 09:45:03,1806.65,346227
2021-05-07 09:45:04,1806.65,346237
2021-05-07 09:45:05,1806.65,346237
2021-05-07 09:45:06,1806.65,346237
2021-05-07 09:45:07,1806.65,346237
2021-05-07 09:45:08,1806.65,346253
2021-05-07 09:45:09,1806.65,346266
2021-05-07 09:45:10,1806.95,346296
2021-05-07 09:45:11,1806.65,346502
2021-05-07 09:45:12,1806.65,346502
2021-05-07 09:45:13,1807.0,346521
2021-05-07 09:45:14,1807.0,346546
2021-05-07 09:45:16,1807.0,346547
2021-05-07 09:45:17,1807.0,346751
2021-05-07 09:45:17,1807.0,346751
2021-05-07 09:45:18,1806.7,346752
2021-05-07 09:45:19,1806.65,346765
2021-05-07 09:45:20,1806.65,346765
2021-05-07 09:45:21,1806.65,346765
2021-05-07 09:45:22,1806.65,346765
2021-05-07 09:45:23,1806.65,346766
2021-05-07 09:45:24,1806.65,346766
2021-05-07 09:45:25,1807.0,346777
2021-05-07 09:45:27,1807.0,346777
2021-05-07 09:45:27,1807.0,346777
2021-05-07 09:45:28,1807.0,346855
2021-05-07 09:45:29,1807.05,347152
2021-05-07 09:45:30,1807.05,347155
2021-05-07 09:45:31,1807.05,347158
2021-05-07 09:45:32,1806.4,347283
2021-05-07 09:45:33,1806.4,347283
2021-05-07 09:45:34,1806.65,347314
2021-05-07 09:45:35,1806.95,347408
2021-05-07 09:45:37,1806.95,347423
2021-05-07 09:45:39,1806.95,347423
2021-05-07 09:45:39,1806.95,347423
2021-05-07 09:45:40,1806.95,347423
2021-05-07 09:45:41,1806.95,347423
2021-05-07 09:45:42,1806.6,347424
2021-05-07 09:45:43,1806.6,347425
2021-05-07 09:45:44,1806.4,347434
2021-05-07 09:45:46,1806.4,347444
2021-05-07 09:45:47,1806.05,347496
2021-05-07 09:45:48,1806.6,347497
2021-05-07 09:45:49,1806.6,347497
2021-05-07 09:45:50,1806.6,347497
2021-05-07 09:45:51,1806.6,347497
2021-05-07 09:45:52,1806.6,347497
2021-05-07 09:45:53,1806.0,347508
2021-05-07 09:45:54,1806.35,347634
2021-05-07 09:45:56,1806.35,347644
2021-05-07 09:45:56,1806.35,347644
2021-05-07 09:45:58,1806.0,347669
2021-05-07 09:45:58,1806.0,347669
2021-05-07 09:45:59,1806.0,347669
2021-05-07 09:46:00,1806.0,347702
2021-05-07 09:46:01,1806.0,347702
2021-05-07 09:46:02,1806.0,347722
2021-05-07 09:46:03,1806.0,347723
2021-05-07 09:46:04,1806.3,347728
2021-05-07 09:46:05,1806.3,347728
2021-05-07 09:46:06,1806.3,347728
2021-05-07 09:46:07,1806.0,347731
2021-05-07 09:46:08,1806.0,347731
2021-05-07 09:46:09,1806.0,347731
2021-05-07 09:46:10,1806.0,347731
2021-05-07 09:46:11,1806.0,347990
2021-05-07 09:46:12,1805.85,348048
2021-05-07 09:46:14,1805.55,348060
2021-05-07 09:46:15,1805.5,348085
2021-05-07 09:46:16,1805.5,348085
2021-05-07 09:46:17,1805.5,348085
2021-05-07 09:46:18,1805.5,348085
2021-05-07 09:46:19,1805.5,348085
2021-05-07 09:46:20,1805.5,348095
2021-05-07 09:46:21,1805.5,348095
2021-05-07 09:46:22,1805.5,348095
2021-05-07 09:46:22,1805.5,348095
2021-05-07 09:46:23,1805.55,348115
2021-05-07 09:46:24,1805.55,348115
2021-05-07 09:46:25,1805.15,348348
2021-05-07 09:46:26,1805.15,348348
2021-05-07 09:46:27,1805.05,348501
2021-05-07 09:46:28,1805.05,348501
2021-05-07 09:46:29,1805.5,348712
2021-05-07 09:46:30,1805.5,348712
2021-05-07 09:46:31,1805.05,348715
2021-05-07 09:46:32,1805.05,348765
2021-05-07 09:46:33,1805.05,348765
2021-05-07 09:46:34,1805.05,348769
2021-05-07 09:46:35,1805.05,348769
2021-05-07 09:46:37,1805.65,349036
2021-05-07 09:46:38,1805.5,349050
2021-05-07 09:46:39,1805.2,349100
2021-05-07 09:46:39,1805.2,349100
2021-05-07 09:46:40,1805.2,349105
2021-05-07 09:46:41,1805.2,349105
2021-05-07 09:46:42,1805.2,349129
2021-05-07 09:46:43,1805.2,349129
2021-05-07 09:46:44,1805.05,349134
2021-05-07 09:46:45,1805.05,349144
2021-05-07 09:46:46,1805.05,349244
2021-05-07 09:46:47,1805.0,349605
2021-05-07 09:46:49,1805.0,349615
2021-05-07 09:46:50,1805.0,349615
2021-05-07 09:46:51,1805.0,349617
2021-05-07 09:46:52,1805.05,349832
2021-05-07 09:46:53,1805.0,349845
2021-05-07 09:46:53,1805.0,349845
2021-05-07 09:46:54,1805.0,349845
2021-05-07 09:46:55,1805.05,349849
2021-05-07 09:46:56,1805.05,349904
2021-05-07 09:46:57,1805.05,349904
2021-05-07 09:46:58,1805.05,350109
2021-05-07 09:46:59,1805.0,350285
2021-05-07 09:47:00,1804.9,351812
2021-05-07 09:47:01,1804.9,352022
2021-05-07 09:47:02,1804.85,352027
2021-05-07 09:47:03,1805.05,352127
2021-05-07 09:47:04,1804.85,352157
2021-05-07 09:47:05,1805.05,352158
2021-05-07 09:47:07,1804.85,352192
2021-05-07 09:47:07,1804.85,352192
2021-05-07 09:47:08,1805.0,352197
2021-05-07 09:47:09,1804.85,352235
2021-05-07 09:47:11,1804.85,352371
2021-05-07 09:47:12,1804.85,352371
2021-05-07 09:47:13,1804.6,352477
2021-05-07 09:47:14,1804.6,352477
2021-05-07 09:47:15,1804.6,352477
2021-05-07 09:47:16,1804.6,352477
2021-05-07 09:47:17,1804.95,352482
2021-05-07 09:47:18,1804.95,352482
2021-05-07 09:47:18,1804.8,352488
2021-05-07 09:47:21,1804.8,352538
2021-05-07 09:47:22,1804.9,352745
2021-05-07 09:47:23,1804.7,352851
2021-05-07 09:47:24,1804.7,352852
2021-05-07 09:47:25,1804.7,352880
2021-05-07 09:47:26,1804.7,352880
2021-05-07 09:47:27,1804.5,353130
2021-05-07 09:47:30,1804.7,353141
2021-05-07 09:47:32,1804.5,353324
2021-05-07 09:47:33,1804.5,353324
2021-05-07 09:47:34,1804.5,353324
2021-05-07 09:47:35,1804.5,353325
2021-05-07 09:47:36,1804.5,353325
2021-05-07 09:47:37,1804.7,353335
2021-05-07 09:47:38,1804.7,353335
2021-05-07 09:47:39,1804.5,353348
2021-05-07 09:47:40,1804.5,353348
2021-05-07 09:47:41,1804.5,353348
2021-05-07 09:47:43,1804.7,353358
2021-05-07 09:47:45,1804.7,353364
2021-05-07 09:47:46,1804.5,353417
2021-05-07 09:47:47,1804.6,353452
2021-05-07 09:47:48,1804.5,353456
2021-05-07 09:47:49,1804.6,353618
2021-05-07 09:47:50,1804.6,353638
2021-05-07 09:47:50,1804.6,353618
2021-05-07 09:47:51,1804.6,353638
2021-05-07 09:47:52,1804.6,353638
2021-05-07 09:47:55,1804.65,353697
2021-05-07 09:47:55,1804.65,353697
2021-05-07 09:47:56,1804.65,353762
2021-05-07 09:47:57,1804.65,353762
2021-05-07 09:47:58,1804.6,353772
2021-05-07 09:48:01,1804.5,353938
2021-05-07 09:48:02,1804.6,353948
2021-05-07 09:48:02,1804.6,353948
2021-05-07 09:48:03,1804.6,353948
2021-05-07 09:48:04,1804.55,353998
2021-05-07 09:48:05,1804.55,353998
2021-05-07 09:48:06,1804.55,354017
2021-05-07 09:48:07,1804.45,354325
2021-05-07 09:48:08,1804.45,354416
2021-05-07 09:48:09,1804.45,354416
2021-05-07 09:48:10,1804.45,354416
2021-05-07 09:48:11,1804.45,354416
2021-05-07 09:48:13,1804.5,354436
2021-05-07 09:48:14,1804.5,354591
2021-05-07 09:48:15,1804.5,354591
2021-05-07 09:48:16,1804.5,354592
2021-05-07 09:48:17,1804.5,354727
2021-05-07 09:48:18,1804.5,354727
2021-05-07 09:48:19,1804.5,354728
2021-05-07 09:48:19,1804.5,354728
2021-05-07 09:48:20,1804.5,354729
2021-05-07 09:48:21,1804.45,354734
2021-05-07 09:48:22,1804.45,354734
2021-05-07 09:48:23,1804.45,354734
2021-05-07 09:48:24,1804.45,354754
2021-05-07 09:48:26,1804.5,354755
2021-05-07 09:48:27,1804.45,354763
2021-05-07 09:48:29,1804.45,354855
2021-05-07 09:48:30,1804.45,354855
2021-05-07 09:48:31,1804.45,354855
2021-05-07 09:48:32,1804.45,354855
2021-05-07 09:48:33,1804.45,354855
2021-05-07 09:48:34,1804.45,354855
2021-05-07 09:48:34,1804.45,354855
2021-05-07 09:48:36,1804.45,354887
2021-05-07 09:48:36,1804.4,355107
2021-05-07 09:48:37,1804.3,355114
2021-05-07 09:48:38,1804.4,355122
2021-05-07 09:48:40,1804.3,355368
2021-05-07 09:48:41,1804.3,355368
2021-05-07 09:48:41,1804.4,355378
2021-05-07 09:48:43,1804.3,355401
2021-05-07 09:48:44,1804.4,355411
2021-05-07 09:48:45,1804.4,355411
2021-05-07 09:48:46,1804.4,355411
2021-05-07 09:48:47,1804.4,355421
2021-05-07 09:48:48,1804.0,355719
2021-05-07 09:48:49,1804.0,355719
2021-05-07 09:48:50,1803.55,355774
2021-05-07 09:48:51,1803.95,355776
2021-05-07 09:48:52,1803.95,355779
2021-05-07 09:48:53,1803.95,355779
2021-05-07 09:48:54,1803.95,355779
2021-05-07 09:48:55,1804.0,355879
2021-05-07 09:48:55,1804.0,355879
2021-05-07 09:48:56,1803.95,355883
2021-05-07 09:48:57,1803.95,355933
2021-05-07 09:48:58,1803.95,355935
2021-05-07 09:48:59,1803.95,355935
2021-05-07 09:49:00,1803.55,355990
2021-05-07 09:49:01,1803.55,356010
2021-05-07 09:49:02,1803.55,356010
2021-05-07 09:49:03,1803.55,356048
2021-05-07 09:49:05,1803.5,356065
2021-05-07 09:49:06,1803.5,356065
2021-05-07 09:49:07,1803.5,356065
2021-05-07 09:49:08,1803.55,356193
2021-05-07 09:49:09,1803.3,356243
2021-05-07 09:49:10,1803.55,356245
2021-05-07 09:49:11,1803.55,356245
2021-05-07 09:49:12,1803.3,356675
2021-05-07 09:49:13,1803.55,356880
2021-05-07 09:49:14,1803.0,356930
2021-05-07 09:49:15,1803.55,356961
2021-05-07 09:49:16,1803.0,356964
2021-05-07 09:49:17,1803.45,357334
2021-05-07 09:49:18,1803.45,357334
2021-05-07 09:49:19,1803.3,357366
2021-05-07 09:49:20,1803.3,357366
2021-05-07 09:49:20,1803.95,359016
2021-05-07 09:49:21,1804.45,361041
2021-05-07 09:49:22,1804.15,361102
2021-05-07 09:49:23,1804.15,361102
2021-05-07 09:49:24,1804.45,361177
2021-05-07 09:49:25,1803.9,361184
2021-05-07 09:49:26,1804.45,361185
2021-05-07 09:49:27,1804.95,362399
2021-05-07 09:49:28,1804.55,362401
2021-05-07 09:49:29,1804.55,362401
2021-05-07 09:49:30,1805.0,362651
2021-05-07 09:49:31,1805.0,362651
2021-05-07 09:49:32,1805.0,362651
2021-05-07 09:49:35,1804.6,362652
2021-05-07 09:49:36,1804.6,362652
2021-05-07 09:49:37,1804.6,362657
2021-05-07 09:49:38,1804.6,362657
2021-05-07 09:49:39,1804.6,362657
2021-05-07 09:49:40,1804.6,362657
2021-05-07 09:49:41,1805.0,362732
2021-05-07 09:49:42,1805.0,362732
2021-05-07 09:49:43,1805.0,362732
2021-05-07 09:49:44,1804.55,362750
2021-05-07 09:49:45,1804.55,362750
2021-05-07 09:49:45,1804.55,362750
2021-05-07 09:49:46,1805.0,362755
2021-05-07 09:49:47,1805.0,362755
2021-05-07 09:49:48,1805.0,362755
2021-05-07 09:49:49,1805.0,362755
2021-05-07 09:49:50,1805.0,362755
2021-05-07 09:49:51,1805.0,362755
2021-05-07 09:49:53,1805.0,362755
2021-05-07 09:49:54,1805.0,362755
2021-05-07 09:49:55,1805.0,362760
2021-05-07 09:49:55,1804.55,362860
2021-05-07 09:49:56,1805.0,362874
2021-05-07 09:49:57,1804.55,362875
2021-05-07 09:49:59,1804.55,362878
2021-05-07 09:50:00,1804.55,362878
2021-05-07 09:50:01,1804.55,362878
2021-05-07 09:50:02,1804.55,362878
2021-05-07 09:50:02,1804.55,362878
2021-05-07 09:50:03,1804.55,362878
2021-05-07 09:50:04,1804.55,362920
2021-05-07 09:50:05,1804.8,362925
2021-05-07 09:50:06,1804.95,362941
2021-05-07 09:50:07,1804.95,362942
2021-05-07 09:50:08,1804.55,362947
2021-05-07 09:50:09,1804.5,362955
2021-05-07 09:50:10,1804.5,362955
2021-05-07 09:50:11,1804.15,362990
2021-05-07 09:50:12,1804.15,362990
2021-05-07 09:50:13,1804.3,363012
2021-05-07 09:50:14,1804.3,363012
2021-05-07 09:50:15,1804.3,363012
2021-05-07 09:50:17,1804.3,363012
2021-05-07 09:50:18,1804.3,363012
2021-05-07 09:50:19,1804.55,363064
2021-05-07 09:50:20,1804.55,363064
2021-05-07 09:50:21,1804.55,363089
2021-05-07 09:50:22,1804.3,363115
2021-05-07 09:50:23,1803.9,363415
2021-05-07 09:50:24,1805.0,363440
2021-05-07 09:50:25,1803.95,363442
2021-05-07 09:50:26,1803.95,363442
2021-05-07 09:50:27,1803.95,363452
2021-05-07 09:50:28,1803.7,363991
2021-05-07 09:50:29,1803.45,363992
2021-05-07 09:50:30,1803.45,363992
2021-05-07 09:50:31,1803.95,364032
2021-05-07 09:50:32,1803.95,364032
2021-05-07 09:50:33,1803.95,364032
2021-05-07 09:50:34,1803.95,364032
2021-05-07 09:50:35,1803.95,364209
2021-05-07 09:50:35,1803.45,364045
2021-05-07 09:50:36,1803.55,364294
2021-05-07 09:50:38,1803.45,364314
2021-05-07 09:50:39,1803.95,364377
2021-05-07 09:50:40,1804.3,364382
2021-05-07 09:50:41,1803.6,364408
2021-05-07 09:50:42,1804.45,364423
2021-05-07 09:50:43,1804.0,364428
2021-05-07 09:50:44,1803.6,364430
2021-05-07 09:50:45,1803.5,364481
2021-05-07 09:50:46,1804.45,364508
2021-05-07 09:50:47,1804.0,364518
2021-05-07 09:50:48,1804.0,364518
2021-05-07 09:50:49,1803.75,364778
2021-05-07 09:50:50,1804.3,364929
2021-05-07 09:50:51,1804.3,364929
2021-05-07 09:50:52,1804.3,364929
2021-05-07 09:50:53,1804.3,364929
2021-05-07 09:50:54,1804.45,364949
2021-05-07 09:50:55,1804.45,365024
2021-05-07 09:50:56,1804.3,365025
2021-05-07 09:50:58,1803.95,365042
2021-05-07 09:50:59,1803.95,365045
2021-05-07 09:51:00,1803.8,365100
2021-05-07 09:51:01,1803.8,365100
2021-05-07 09:51:02,1803.5,365150
2021-05-07 09:51:03,1803.5,365150
2021-05-07 09:51:04,1803.5,365150
2021-05-07 09:51:05,1803.5,365150
2021-05-07 09:51:06,1803.55,365207
2021-05-07 09:51:07,1803.7,365209
2021-05-07 09:51:09,1803.55,365241
2021-05-07 09:51:10,1804.25,365246
2021-05-07 09:51:11,1803.65,365346
2021-05-07 09:51:11,1803.65,365346
2021-05-07 09:51:13,1804.25,365396
2021-05-07 09:51:14,1803.7,365401
2021-05-07 09:51:15,1803.7,365401
2021-05-07 09:51:16,1804.25,365427
2021-05-07 09:51:17,1804.25,365427
2021-05-07 09:51:18,1803.7,365430
2021-05-07 09:51:19,1803.7,365430
2021-05-07 09:51:20,1803.7,365430
2021-05-07 09:51:21,1803.7,365430
2021-05-07 09:51:22,1803.7,365433
2021-05-07 09:51:23,1803.7,365433
2021-05-07 09:51:24,1803.7,365433
2021-05-07 09:51:25,1804.25,365434
2021-05-07 09:51:26,1804.2,365439
2021-05-07 09:51:27,1804.3,365483
2021-05-07 09:51:28,1803.75,365583
2021-05-07 09:51:30,1804.0,365612
2021-05-07 09:51:31,1804.45,365637
2021-05-07 09:51:31,1804.45,365637
2021-05-07 09:51:32,1804.45,365637
2021-05-07 09:51:34,1804.15,365667
2021-05-07 09:51:34,1804.15,365667
2021-05-07 09:51:35,1804.15,365669
2021-05-07 09:51:37,1804.15,365669
2021-05-07 09:51:38,1804.15,365669
2021-05-07 09:51:39,1804.45,365673
2021-05-07 09:51:40,1804.8,365887
2021-05-07 09:51:41,1804.8,365887
2021-05-07 09:51:42,1804.9,365971
2021-05-07 09:51:43,1804.9,365996
2021-05-07 09:51:44,1804.6,365999
2021-05-07 09:51:44,1804.6,365999
2021-05-07 09:51:45,1804.75,367569
2021-05-07 09:51:47,1804.65,367757
2021-05-07 09:51:48,1804.8,367767
2021-05-07 09:51:49,1804.8,367767
2021-05-07 09:51:50,1804.8,367787
2021-05-07 09:51:51,1804.55,368012
2021-05-07 09:51:52,1804.8,368072
2021-05-07 09:51:53,1804.6,368082
2021-05-07 09:51:54,1804.8,368087
2021-05-07 09:51:55,1804.6,368088
2021-05-07 09:51:56,1804.6,368088
2021-05-07 09:51:57,1804.8,368201
2021-05-07 09:51:59,1804.8,368201
2021-05-07 09:51:58,1804.8,368201
2021-05-07 09:52:00,1804.75,368216
2021-05-07 09:52:01,1804.75,368280
2021-05-07 09:52:02,1804.8,368295
2021-05-07 09:52:03,1804.55,368298
2021-05-07 09:52:04,1804.55,368298
2021-05-07 09:52:05,1804.8,368308
2021-05-07 09:52:06,1804.45,368318
2021-05-07 09:52:07,1804.45,368318
2021-05-07 09:52:08,1804.45,368318
2021-05-07 09:52:09,1804.45,368328
2021-05-07 09:52:10,1804.45,368328
2021-05-07 09:52:11,1804.8,368338
2021-05-07 09:52:12,1804.05,368702
2021-05-07 09:52:13,1804.05,368702
2021-05-07 09:52:14,1804.2,368709
2021-05-07 09:52:15,1804.2,368709
2021-05-07 09:52:16,1804.2,368709
2021-05-07 09:52:17,1804.75,368769
2021-05-07 09:52:17,1804.7,368770
2021-05-07 09:52:18,1804.7,368770
2021-05-07 09:52:19,1804.7,368770
2021-05-07 09:52:21,1804.85,368843
2021-05-07 09:52:22,1804.85,368843
2021-05-07 09:52:23,1804.0,368893
2021-05-07 09:52:24,1804.0,368899
2021-05-07 09:52:25,1804.6,368922
2021-05-07 09:52:26,1804.6,368922
2021-05-07 09:52:27,1804.6,368922
2021-05-07 09:52:28,1804.6,368932
2021-05-07 09:52:29,1804.6,368942
2021-05-07 09:52:30,1804.6,368942
2021-05-07 09:52:31,1804.6,368943
2021-05-07 09:52:32,1804.6,368944
2021-05-07 09:52:33,1804.6,368944
2021-05-07 09:52:34,1804.6,368944
2021-05-07 09:52:35,1804.6,368944
2021-05-07 09:52:36,1804.6,368944
2021-05-07 09:52:37,1804.6,368945
2021-05-07 09:52:39,1804.6,368945
2021-05-07 09:52:40,1804.6,368946
2021-05-07 09:52:41,1804.6,368946
2021-05-07 09:52:42,1804.6,368946
2021-05-07 09:52:43,1804.0,368968
2021-05-07 09:52:45,1804.2,368982
2021-05-07 09:52:46,1804.75,369093
2021-05-07 09:52:47,1804.75,369093
2021-05-07 09:52:48,1804.75,369093
2021-05-07 09:52:49,1804.2,369095
2021-05-07 09:52:50,1804.2,369095
2021-05-07 09:52:51,1804.55,369120
2021-05-07 09:52:52,1804.2,369161
2021-05-07 09:52:53,1804.2,369179
2021-05-07 09:52:54,1804.2,369190
2021-05-07 09:52:55,1804.5,369296
2021-05-07 09:52:56,1804.5,369296
2021-05-07 09:52:57,1804.2,369301
2021-05-07 09:52:58,1804.2,369301
2021-05-07 09:52:59,1804.0,369304
2021-05-07 09:53:00,1804.0,369404
2021-05-07 09:53:01,1804.0,369404
2021-05-07 09:53:02,1804.4,369482
2021-05-07 09:53:03,1804.4,369482
2021-05-07 09:53:04,1804.0,369502
2021-05-07 09:53:05,1803.75,369956
2021-05-07 09:53:06,1804.2,370073
2021-05-07 09:53:07,1804.15,370114
2021-05-07 09:53:08,1804.15,370116
2021-05-07 09:53:09,1804.15,370116
2021-05-07 09:53:10,1804.15,370116
2021-05-07 09:53:11,1803.75,370122
2021-05-07 09:53:12,1803.7,370158
2021-05-07 09:53:13,1803.7,370158
2021-05-07 09:53:14,1803.7,370278
2021-05-07 09:53:15,1803.7,370291
2021-05-07 09:53:16,1803.7,370291
2021-05-07 09:53:17,1803.7,370316
2021-05-07 09:53:18,1803.7,370319
2021-05-07 09:53:19,1803.85,370408
2021-05-07 09:53:20,1803.85,370408
2021-05-07 09:53:21,1803.7,370419
2021-05-07 09:53:23,1803.7,370419
2021-05-07 09:53:22,1803.7,370419
2021-05-07 09:53:24,1803.7,370419
2021-05-07 09:53:25,1803.7,370424
2021-05-07 09:53:26,1803.7,370425
2021-05-07 09:53:27,1803.7,370675
2021-05-07 09:53:28,1803.7,370675
2021-05-07 09:53:29,1803.7,370675
2021-05-07 09:53:30,1803.85,370680
2021-05-07 09:53:31,1803.85,370770
2021-05-07 09:53:32,1803.95,370774
2021-05-07 09:53:33,1803.85,370779
2021-05-07 09:53:34,1803.85,370780
2021-05-07 09:53:35,1803.85,370780
2021-05-07 09:53:36,1803.85,370780
2021-05-07 09:53:38,1803.85,370780
2021-05-07 09:53:37,1803.85,370780
2021-05-07 09:53:39,1803.85,370795
2021-05-07 09:53:40,1803.7,370820
2021-05-07 09:53:41,1803.7,370820
2021-05-07 09:53:42,1803.7,370820
2021-05-07 09:53:43,1803.7,370820
2021-05-07 09:53:44,1803.85,371035
2021-05-07 09:53:45,1803.7,371055
2021-05-07 09:53:47,1803.9,371085
2021-05-07 09:53:48,1804.0,371145
2021-05-07 09:53:49,1804.0,371145
2021-05-07 09:53:50,1804.0,371145
2021-05-07 09:53:52,1804.0,371145
2021-05-07 09:53:53,1803.85,371175
2021-05-07 09:53:54,1803.7,371675
2021-05-07 09:53:55,1803.6,371686
2021-05-07 09:53:56,1803.6,371686
2021-05-07 09:53:57,1803.6,371686
2021-05-07 09:53:58,1803.95,371711
2021-05-07 09:53:59,1803.95,371907
2021-05-07 09:54:00,1803.5,371933
2021-05-07 09:54:01,1803.5,371943
2021-05-07 09:54:02,1803.5,371943
2021-05-07 09:54:03,1803.5,371943
2021-05-07 09:54:04,1803.5,372193
2021-05-07 09:54:05,1803.35,373768
2021-05-07 09:54:06,1803.75,373769
2021-05-07 09:54:07,1803.75,373769
2021-05-07 09:54:08,1803.75,373769
2021-05-07 09:54:09,1803.75,373769
2021-05-07 09:54:10,1803.75,373769
2021-05-07 09:54:11,1803.75,373769
2021-05-07 09:54:12,1803.55,373789
2021-05-07 09:54:13,1803.55,373789
2021-05-07 09:54:14,1803.55,373789
2021-05-07 09:54:15,1803.0,374299
2021-05-07 09:54:16,1803.0,374299
2021-05-07 09:54:17,1803.0,374299
2021-05-07 09:54:18,1803.0,374299
2021-05-07 09:54:19,1803.0,374360
2021-05-07 09:54:20,1803.0,374360
2021-05-07 09:54:21,1803.5,374391
2021-05-07 09:54:22,1803.5,374391
2021-05-07 09:54:23,1803.05,374421
2021-05-07 09:54:24,1803.05,374421
2021-05-07 09:54:25,1803.05,374421
2021-05-07 09:54:26,1803.5,374446
2021-05-07 09:54:27,1803.05,374451
2021-05-07 09:54:29,1803.05,374652
2021-05-07 09:54:30,1803.05,374652
2021-05-07 09:54:31,1803.05,374652
2021-05-07 09:54:32,1803.05,374652
2021-05-07 09:54:33,1803.05,374652
2021-05-07 09:54:34,1803.05,374652
2021-05-07 09:54:35,1803.05,374652
2021-05-07 09:54:36,1803.05,374652
2021-05-07 09:54:37,1803.1,374657
2021-05-07 09:54:38,1803.1,374677
2021-05-07 09:54:39,1803.15,374687
2021-05-07 09:54:40,1803.1,375651
2021-05-07 09:54:41,1803.0,375789
2021-05-07 09:54:42,1803.0,375809
2021-05-07 09:54:43,1803.4,375919
2021-05-07 09:54:44,1803.0,376034
2021-05-07 09:54:45,1803.0,376188
2021-05-07 09:54:46,1803.0,376275
2021-05-07 09:54:47,1803.0,376275
2021-05-07 09:54:48,1803.0,376275
2021-05-07 09:54:49,1803.0,376280
2021-05-07 09:54:50,1803.0,376280
2021-05-07 09:54:51,1803.0,376282
2021-05-07 09:54:52,1803.0,376282
2021-05-07 09:54:53,1803.0,376282
2021-05-07 09:54:54,1803.0,376282
2021-05-07 09:54:55,1803.0,376307
2021-05-07 09:54:56,1803.0,376307
2021-05-07 09:54:57,1803.0,376324
2021-05-07 09:54:58,1803.0,376324
2021-05-07 09:54:59,1803.0,376423
2021-05-07 09:55:00,1802.8,376482
2021-05-07 09:55:01,1802.8,376482
2021-05-07 09:55:02,1802.8,376487
2021-05-07 09:55:03,1802.8,376587
2021-05-07 09:55:04,1802.65,376903
2021-05-07 09:55:05,1802.95,377218
2021-05-07 09:55:06,1802.95,377218
2021-05-07 09:55:07,1802.5,377220
2021-05-07 09:55:08,1802.5,377328
2021-05-07 09:55:09,1802.5,377328
2021-05-07 09:55:10,1802.5,377328
2021-05-07 09:55:11,1802.5,377338
2021-05-07 09:55:12,1803.0,378061
2021-05-07 09:55:14,1803.0,378122
2021-05-07 09:55:14,1803.0,378148
2021-05-07 09:55:15,1802.8,378168
2021-05-07 09:55:16,1803.0,378269
2021-05-07 09:55:18,1802.9,378421
2021-05-07 09:55:19,1802.9,378421
2021-05-07 09:55:20,1802.8,378431
2021-05-07 09:55:21,1802.8,378431
2021-05-07 09:55:22,1802.8,378431
2021-05-07 09:55:23,1803.0,378432
2021-05-07 09:55:24,1803.0,378456
2021-05-07 09:55:25,1803.3,378481
2021-05-07 09:55:26,1803.3,378481
2021-05-07 09:55:27,1803.0,378486
2021-05-07 09:55:28,1803.0,378486
2021-05-07 09:55:29,1803.3,378587
2021-05-07 09:55:31,1802.65,378790
2021-05-07 09:55:31,1802.8,378847
2021-05-07 09:55:32,1802.8,378853
2021-05-07 09:55:33,1802.85,378860
2021-05-07 09:55:34,1802.85,378860
2021-05-07 09:55:35,1802.85,378884
2021-05-07 09:55:38,1802.8,378896
2021-05-07 09:55:38,1802.8,378896
2021-05-07 09:55:39,1802.8,378896
2021-05-07 09:55:40,1802.8,378896
2021-05-07 09:55:41,1802.8,378912
2021-05-07 09:55:42,1802.8,378914
2021-05-07 09:55:43,1802.8,378914
2021-05-07 09:55:45,1802.85,378920
2021-05-07 09:55:45,1802.8,378915
2021-05-07 09:55:46,1802.85,378920
2021-05-07 09:55:47,1802.8,378930
2021-05-07 09:55:48,1802.8,378930
2021-05-07 09:55:49,1802.8,378930
2021-05-07 09:55:50,1802.8,378930
2021-05-07 09:55:51,1802.8,378930
2021-05-07 09:55:52,1802.85,378940
2021-05-07 09:55:53,1802.85,378940
2021-05-07 09:55:54,1802.85,378955
2021-05-07 09:55:55,1802.8,378986
2021-05-07 09:55:56,1802.8,378987
2021-05-07 09:55:57,1802.25,379148
2021-05-07 09:55:58,1802.25,379148
2021-05-07 09:55:59,1802.25,379148
2021-05-07 09:56:00,1802.75,379153
2021-05-07 09:56:01,1802.25,379195
2021-05-07 09:56:02,1802.75,379215
2021-05-07 09:56:03,1802.25,379227
2021-05-07 09:56:04,1802.2,379239
2021-05-07 09:56:05,1802.2,379266
2021-05-07 09:56:06,1802.25,379278
2021-05-07 09:56:07,1802.25,379278
2021-05-07 09:56:08,1802.15,379308
2021-05-07 09:56:09,1802.15,379317
2021-05-07 09:56:10,1802.25,379510
2021-05-07 09:56:11,1802.15,379532
2021-05-07 09:56:13,1802.15,379552
2021-05-07 09:56:13,1802.15,379552
2021-05-07 09:56:14,1802.15,379562
2021-05-07 09:56:15,1802.15,379562
2021-05-07 09:56:16,1802.15,379562
2021-05-07 09:56:17,1802.15,379562
2021-05-07 09:56:18,1802.15,379562
2021-05-07 09:56:19,1802.65,379565
2021-05-07 09:56:20,1802.65,379565
2021-05-07 09:56:22,1802.65,379575
2021-05-07 09:56:22,1802.65,379575
2021-05-07 09:56:23,1802.65,379859
2021-05-07 09:56:24,1802.65,379859
2021-05-07 09:56:25,1802.65,380061
2021-05-07 09:56:26,1802.65,380061
2021-05-07 09:56:27,1802.65,380063
2021-05-07 09:56:28,1802.65,380073
2021-05-07 09:56:29,1802.8,380083
2021-05-07 09:56:30,1802.8,380083
2021-05-07 09:56:31,1802.75,380088
2021-05-07 09:56:33,1802.75,380088
2021-05-07 09:56:34,1802.75,380133
2021-05-07 09:56:34,1802.75,380134
2021-05-07 09:56:35,1802.75,380134
2021-05-07 09:56:36,1802.65,380161
2021-05-07 09:56:37,1802.65,380162
2021-05-07 09:56:38,1802.2,380256
2021-05-07 09:56:39,1802.2,380256
2021-05-07 09:56:40,1802.2,380320
2021-05-07 09:56:41,1802.2,380333
2021-05-07 09:56:42,1802.65,380338
2021-05-07 09:56:43,1802.65,380338
2021-05-07 09:56:44,1802.65,380338
2021-05-07 09:56:45,1802.15,380353
2021-05-07 09:56:46,1802.65,380403
2021-05-07 09:56:47,1802.65,380403
2021-05-07 09:56:48,1802.65,380403
2021-05-07 09:56:49,1802.15,380438
2021-05-07 09:56:50,1802.15,380438
2021-05-07 09:56:52,1802.15,380443
2021-05-07 09:56:53,1802.15,380444
2021-05-07 09:56:54,1802.1,380678
2021-05-07 09:56:55,1802.1,380689
2021-05-07 09:56:56,1802.2,380691
2021-05-07 09:56:56,1802.2,380727
2021-05-07 09:56:58,1801.95,382627
2021-05-07 09:56:59,1801.5,382941
2021-05-07 09:57:00,1801.5,383001
2021-05-07 09:57:00,1801.5,383001
2021-05-07 09:57:01,1801.5,383001
2021-05-07 09:57:02,1801.5,383001
2021-05-07 09:57:04,1801.5,383048
2021-05-07 09:57:05,1801.5,383048
2021-05-07 09:57:06,1801.5,383048
2021-05-07 09:57:06,1801.5,383148
2021-05-07 09:57:07,1801.5,383148
2021-05-07 09:57:09,1801.5,383193
2021-05-07 09:57:10,1801.65,383248
2021-05-07 09:57:11,1801.65,383794
2021-05-07 09:57:12,1801.65,383900
2021-05-07 09:57:13,1801.65,383900
2021-05-07 09:57:14,1801.4,383946
2021-05-07 09:57:15,1801.4,383983
2021-05-07 09:57:16,1801.0,384941
2021-05-07 09:57:17,1801.0,384941
2021-05-07 09:57:18,1800.4,385297
2021-05-07 09:57:19,1800.5,385382
2021-05-07 09:57:20,1800.5,385425
2021-05-07 09:57:21,1800.5,385436
2021-05-07 09:57:22,1800.5,385436
2021-05-07 09:57:23,1800.95,385456
2021-05-07 09:57:24,1800.55,385706
2021-05-07 09:57:25,1800.75,385707
2021-05-07 09:57:27,1800.45,385772
2021-05-07 09:57:27,1800.85,385997
2021-05-07 09:57:29,1800.55,386058
2021-05-07 09:57:29,1800.55,387019
2021-05-07 09:57:31,1801.0,387172
2021-05-07 09:57:32,1801.0,387172
2021-05-07 09:57:33,1801.0,387172
2021-05-07 09:57:35,1801.0,387212
2021-05-07 09:57:36,1800.95,387222
2021-05-07 09:57:36,1800.9,387262
2021-05-07 09:57:38,1800.5,387315
2021-05-07 09:57:39,1800.5,387315
2021-05-07 09:57:40,1800.45,387327
2021-05-07 09:57:41,1800.0,389734
2021-05-07 09:57:41,1799.9,389736
2021-05-07 09:57:43,1800.0,391689
2021-05-07 09:57:43,1800.0,391695
2021-05-07 09:57:45,1799.05,392178
2021-05-07 09:57:46,1800.2,392697
2021-05-07 09:57:47,1800.25,392699
2021-05-07 09:57:48,1800.25,392699
2021-05-07 09:57:48,1799.25,392749
2021-05-07 09:57:49,1799.9,392819
2021-05-07 09:57:50,1800.0,392912
2021-05-07 09:57:51,1800.25,393449
2021-05-07 09:57:52,1800.0,393667
2021-05-07 09:57:54,1800.7,393817
2021-05-07 09:57:57,1799.15,396205
2021-05-07 09:57:59,1799.15,396216
2021-05-07 09:58:01,1799.15,396280
2021-05-07 09:58:02,1799.15,396331
2021-05-07 09:58:04,1799.7,396333
2021-05-07 09:58:05,1799.7,396333
2021-05-07 09:58:05,1799.15,396334
2021-05-07 09:58:06,1799.15,396335
2021-05-07 09:58:09,1799.15,396362
2021-05-07 09:58:09,1799.65,396369
2021-05-07 09:58:10,1800.45,397296
2021-05-07 09:58:11,1800.3,397459
2021-05-07 09:58:12,1800.3,397459
2021-05-07 09:58:13,1800.45,397479
2021-05-07 09:58:14,1800.45,397479
2021-05-07 09:58:15,1801.0,397529
2021-05-07 09:58:16,1799.9,398176
2021-05-07 09:58:17,1800.95,398277
2021-05-07 09:58:19,1800.5,398315
2021-05-07 09:58:20,1800.8,398317
2021-05-07 09:58:21,1800.8,398317
2021-05-07 09:58:22,1800.75,398331
2021-05-07 09:58:23,1800.75,398331
2021-05-07 09:58:24,1800.05,398532
2021-05-07 09:58:25,1800.6,398577
2021-05-07 09:58:25,1800.0,398628
2021-05-07 09:58:26,1800.05,398638
2021-05-07 09:58:27,1800.75,398639
2021-05-07 09:58:29,1800.0,398656
2021-05-07 09:58:30,1800.05,398667
2021-05-07 09:58:31,1800.05,398667
2021-05-07 09:58:31,1800.6,398668
2021-05-07 09:58:33,1800.7,398775
2021-05-07 09:58:34,1800.6,398776
2021-05-07 09:58:35,1800.7,398796
2021-05-07 09:58:36,1800.6,398807
2021-05-07 09:58:37,1800.65,398822
2021-05-07 09:58:37,1800.65,398912
2021-05-07 09:58:38,1800.8,398967
2021-05-07 09:58:39,1800.8,398967
2021-05-07 09:58:40,1800.8,399008
2021-05-07 09:58:41,1799.8,399173
2021-05-07 09:58:42,1800.1,399187
2021-05-07 09:58:43,1800.0,399197
2021-05-07 09:58:45,1800.0,399343
2021-05-07 09:58:46,1800.0,399343
2021-05-07 09:58:47,1799.9,399520
2021-05-07 09:58:49,1799.15,399568
2021-05-07 09:58:50,1799.55,399685
2021-05-07 09:58:51,1799.55,399685
2021-05-07 09:58:52,1800.1,399749
2021-05-07 09:58:53,1800.1,399749
2021-05-07 09:58:53,1800.1,399749
2021-05-07 09:58:54,1799.55,399750
2021-05-07 09:58:55,1799.55,399790
2021-05-07 09:58:56,1799.55,399841
2021-05-07 09:58:57,1799.55,399966
2021-05-07 09:58:58,1799.55,399966
2021-05-07 09:58:59,1799.55,399966
2021-05-07 09:59:02,1799.0,400313
2021-05-07 09:59:03,1799.0,400313
2021-05-07 09:59:04,1799.05,400321
2021-05-07 09:59:05,1799.5,400441
2021-05-07 09:59:07,1799.5,400531
2021-05-07 09:59:09,1799.5,400768
2021-05-07 09:59:11,1799.05,400801
2021-05-07 09:59:12,1799.45,400955
2021-05-07 09:59:13,1799.0,401043
2021-05-07 09:59:14,1799.5,401213
2021-05-07 09:59:15,1799.1,401214
2021-05-07 09:59:16,1799.05,401361
2021-05-07 09:59:17,1798.95,401999
2021-05-07 09:59:18,1798.95,401999
2021-05-07 09:59:19,1798.95,401999
2021-05-07 09:59:21,1799.45,402024
2021-05-07 09:59:22,1799.45,402070
2021-05-07 09:59:24,1798.65,402220
2021-05-07 09:59:25,1798.65,402220
2021-05-07 09:59:26,1799.5,402239
2021-05-07 09:59:27,1798.8,402274
2021-05-07 09:59:28,1798.45,402280
2021-05-07 09:59:29,1798.45,402325
2021-05-07 09:59:30,1798.95,402330
2021-05-07 09:59:31,1798.95,402466
2021-05-07 09:59:32,1798.95,402527
2021-05-07 09:59:33,1798.4,402627
2021-05-07 09:59:34,1798.4,402627
2021-05-07 09:59:35,1798.9,402744
2021-05-07 09:59:36,1798.9,402744
2021-05-07 09:59:37,1798.55,402771
2021-05-07 09:59:38,1798.6,402787
2021-05-07 09:59:39,1799.5,403060
2021-05-07 09:59:39,1799.5,403060
2021-05-07 09:59:41,1799.95,403223
2021-05-07 09:59:41,1798.5,403116
2021-05-07 09:59:42,1799.95,403348
2021-05-07 09:59:44,1799.95,403480
2021-05-07 09:59:45,1799.95,403480
2021-05-07 09:59:46,1799.45,403540
2021-05-07 09:59:47,1799.45,403543
2021-05-07 09:59:49,1798.75,405043
2021-05-07 09:59:50,1798.75,405043
2021-05-07 09:59:51,1799.1,405053
2021-05-07 09:59:52,1799.9,405058
2021-05-07 09:59:52,1799.9,405058
2021-05-07 09:59:54,1799.85,405158
2021-05-07 09:59:55,1799.85,405219
2021-05-07 09:59:55,1799.85,405219
2021-05-07 09:59:56,1799.85,405219
2021-05-07 09:59:57,1799.8,405410
2021-05-07 09:59:58,1799.8,405426
2021-05-07 09:59:59,1799.15,405436
2021-05-07 10:00:00,1799.45,405439
2021-05-07 10:00:01,1799.15,405518
2021-05-07 10:00:02,1799.45,405805
2021-05-07 10:00:03,1799.15,405861
2021-05-07 10:00:04,1799.15,405861
2021-05-07 10:00:06,1799.85,405872
2021-05-07 10:00:06,1799.9,405933
2021-05-07 10:00:07,1799.2,406121
2021-05-07 10:00:08,1799.2,406121
2021-05-07 10:00:09,1799.9,406298
2021-05-07 10:00:11,1800.0,406359
2021-05-07 10:00:12,1800.0,406577
2021-05-07 10:00:13,1800.0,406577
2021-05-07 10:00:13,1800.0,406577
2021-05-07 10:00:14,1799.35,406595
2021-05-07 10:00:15,1799.35,406595
2021-05-07 10:00:16,1800.0,406768
2021-05-07 10:00:17,1800.0,406990
2021-05-07 10:00:18,1800.0,407376
2021-05-07 10:00:20,1800.0,408058
2021-05-07 10:00:21,1800.0,408063
2021-05-07 10:00:22,1800.0,408063
2021-05-07 10:00:23,1800.0,408068
2021-05-07 10:00:24,1800.0,408164
2021-05-07 10:00:24,1800.0,408164
2021-05-07 10:00:25,1800.45,408291
2021-05-07 10:00:26,1800.45,408291
2021-05-07 10:00:27,1800.45,408316
2021-05-07 10:00:28,1800.0,408346
2021-05-07 10:00:29,1800.8,408496
2021-05-07 10:00:30,1801.0,408562
2021-05-07 10:00:31,1801.0,408623
2021-05-07 10:00:32,1801.0,408668
2021-05-07 10:00:33,1801.0,408668
2021-05-07 10:00:34,1801.0,408730
2021-05-07 10:00:35,1800.2,408840
2021-05-07 10:00:36,1801.15,409133
2021-05-07 10:00:37,1801.0,409168
2021-05-07 10:00:38,1801.0,409247
2021-05-07 10:00:40,1801.5,409372
2021-05-07 10:00:41,1801.5,409372
2021-05-07 10:00:42,1801.5,409372
2021-05-07 10:00:43,1801.45,409448
2021-05-07 10:00:44,1801.45,409448
2021-05-07 10:00:45,1801.25,410058
2021-05-07 10:00:46,1801.25,410202
2021-05-07 10:00:46,1801.25,410202
2021-05-07 10:00:47,1801.25,410202
2021-05-07 10:00:48,1801.0,410209
2021-05-07 10:00:49,1800.45,410214
2021-05-07 10:00:50,1800.4,410249
2021-05-07 10:00:51,1800.4,410249
2021-05-07 10:00:53,1800.25,410262
2021-05-07 10:00:53,1800.25,410263
2021-05-07 10:00:54,1800.25,410273
2021-05-07 10:00:56,1800.25,410296
2021-05-07 10:00:57,1800.25,410296
2021-05-07 10:00:58,1800.95,410427
2021-05-07 10:00:58,1800.25,410296
2021-05-07 10:00:59,1800.25,410447
2021-05-07 10:01:01,1800.25,410447
2021-05-07 10:01:02,1800.25,410447
2021-05-07 10:01:03,1800.85,410448
2021-05-07 10:01:04,1800.15,410683
2021-05-07 10:01:05,1800.15,410683
2021-05-07 10:01:06,1800.25,410688
2021-05-07 10:01:07,1800.25,410689
2021-05-07 10:01:08,1800.25,410689
2021-05-07 10:01:09,1800.25,410689
2021-05-07 10:01:10,1800.7,410690
2021-05-07 10:01:11,1800.7,410690
2021-05-07 10:01:12,1800.75,410790
2021-05-07 10:01:13,1800.25,410820
2021-05-07 10:01:14,1800.25,410820
2021-05-07 10:01:15,1800.75,410822
2021-05-07 10:01:16,1800.25,410823
2021-05-07 10:01:17,1800.25,410823
2021-05-07 10:01:18,1800.75,410827
2021-05-07 10:01:19,1800.75,410888
2021-05-07 10:01:20,1800.8,411010
2021-05-07 10:01:21,1801.25,411193
2021-05-07 10:01:22,1801.4,411254
2021-05-07 10:01:23,1801.4,411254
2021-05-07 10:01:24,1801.45,411579
2021-05-07 10:01:26,1801.45,411579
2021-05-07 10:01:28,1801.05,411649
2021-05-07 10:01:29,1801.05,411659
2021-05-07 10:01:30,1802.0,411931
2021-05-07 10:01:31,1801.6,412103
2021-05-07 10:01:32,1802.45,412116
2021-05-07 10:01:33,1802.45,412116
2021-05-07 10:01:34,1801.5,412120
2021-05-07 10:01:35,1801.5,412120
2021-05-07 10:01:36,1801.5,412120
2021-05-07 10:01:37,1802.0,412130
2021-05-07 10:01:38,1802.3,412280
2021-05-07 10:01:40,1801.45,412346
2021-05-07 10:01:42,1801.45,412351
2021-05-07 10:01:43,1801.45,412476
2021-05-07 10:01:44,1802.0,412501
2021-05-07 10:01:45,1802.0,412511
2021-05-07 10:01:46,1801.5,412528
2021-05-07 10:01:47,1802.15,412582
2021-05-07 10:01:48,1802.0,412587
2021-05-07 10:01:49,1802.0,412988
2021-05-07 10:01:51,1801.5,413124
2021-05-07 10:01:52,1801.5,413124
2021-05-07 10:01:53,1801.5,413124
2021-05-07 10:01:54,1801.5,413175
2021-05-07 10:01:54,1801.5,413175
2021-05-07 10:01:55,1801.5,413175
2021-05-07 10:01:56,1801.5,413225
2021-05-07 10:01:57,1801.5,413225
2021-05-07 10:01:59,1801.5,413225
2021-05-07 10:02:01,1801.5,413225
2021-05-07 10:02:02,1801.5,413287
2021-05-07 10:02:03,1801.5,413409
2021-05-07 10:02:04,1802.0,413480
2021-05-07 10:02:05,1801.65,413498
2021-05-07 10:02:06,1802.0,413499
2021-05-07 10:02:08,1802.0,413573
2021-05-07 10:02:09,1802.0,413634
2021-05-07 10:02:10,1802.5,413697
2021-05-07 10:02:11,1802.0,413768
2021-05-07 10:02:12,1802.8,414168
2021-05-07 10:02:13,1802.55,414218
2021-05-07 10:02:13,1802.55,414218
2021-05-07 10:02:15,1801.8,414320
2021-05-07 10:02:18,1801.8,414381
2021-05-07 10:02:19,1801.8,414387
2021-05-07 10:02:20,1802.55,414457
2021-05-07 10:02:21,1801.8,414458
2021-05-07 10:02:22,1801.8,414478
2021-05-07 10:02:23,1802.55,414490
2021-05-07 10:02:24,1802.55,414490
2021-05-07 10:02:25,1802.55,414490
2021-05-07 10:02:26,1802.0,414491
2021-05-07 10:02:27,1802.25,414494
2021-05-07 10:02:28,1802.25,414494
2021-05-07 10:02:29,1802.25,414494
2021-05-07 10:02:30,1802.25,414494
2021-05-07 10:02:33,1802.5,414496
2021-05-07 10:02:35,1802.55,414546
2021-05-07 10:02:36,1802.55,414546
2021-05-07 10:02:36,1802.5,414548
2021-05-07 10:02:37,1802.0,414562
2021-05-07 10:02:39,1802.0,414962
2021-05-07 10:02:40,1802.0,414962
2021-05-07 10:02:40,1802.0,414967
2021-05-07 10:02:41,1802.5,414968
2021-05-07 10:02:42,1802.5,414968
2021-05-07 10:02:43,1802.0,414977
2021-05-07 10:02:44,1802.0,414977
2021-05-07 10:02:45,1802.0,415508
2021-05-07 10:02:46,1802.0,415508
2021-05-07 10:02:47,1802.45,415510
2021-05-07 10:02:48,1802.0,415625
2021-05-07 10:02:50,1802.0,415625
2021-05-07 10:02:51,1802.5,415628
2021-05-07 10:02:52,1802.5,415628
2021-05-07 10:02:53,1802.5,415632
2021-05-07 10:02:54,1802.5,415632
2021-05-07 10:02:55,1802.5,415632
2021-05-07 10:02:56,1802.5,415647
2021-05-07 10:02:57,1802.5,415647
2021-05-07 10:02:58,1802.5,415647
2021-05-07 10:02:59,1802.5,415647
2021-05-07 10:03:00,1802.5,415647
2021-05-07 10:03:01,1802.5,415647
2021-05-07 10:03:01,1802.5,415647
2021-05-07 10:03:02,1802.25,415667
2021-05-07 10:03:03,1802.25,415667
2021-05-07 10:03:06,1802.25,415667
2021-05-07 10:03:07,1802.25,415667
2021-05-07 10:03:08,1802.25,415667
2021-05-07 10:03:09,1802.25,415722
2021-05-07 10:03:10,1802.0,417669
2021-05-07 10:03:11,1802.0,417669
2021-05-07 10:03:12,1802.0,417669
2021-05-07 10:03:13,1802.0,417669
2021-05-07 10:03:15,1802.5,417804
2021-05-07 10:03:14,1802.5,417804
2021-05-07 10:03:16,1802.45,417979
2021-05-07 10:03:17,1802.45,418183
2021-05-07 10:03:18,1802.65,418276
2021-05-07 10:03:19,1802.8,418296
2021-05-07 10:03:20,1802.8,418296
2021-05-07 10:03:21,1802.8,418296
2021-05-07 10:03:22,1802.8,418296
2021-05-07 10:03:23,1802.8,418336
2021-05-07 10:03:24,1803.0,418468
2021-05-07 10:03:25,1803.0,418470
2021-05-07 10:03:26,1803.25,418499
2021-05-07 10:03:27,1803.15,418503
2021-05-07 10:03:28,1803.65,418753
2021-05-07 10:03:30,1803.85,418973
2021-05-07 10:03:29,1803.7,418773
2021-05-07 10:03:31,1803.85,418973
2021-05-07 10:03:32,1803.85,418973
2021-05-07 10:03:33,1803.5,419001
2021-05-07 10:03:34,1803.5,419001
2021-05-07 10:03:35,1803.0,419201
2021-05-07 10:03:36,1803.0,419313
2021-05-07 10:03:37,1803.0,419323
2021-05-07 10:03:38,1803.0,419323
2021-05-07 10:03:39,1803.0,419334
2021-05-07 10:03:40,1803.0,419434
2021-05-07 10:03:41,1803.45,419536
2021-05-07 10:03:42,1803.55,419596
2021-05-07 10:03:43,1803.55,419596
2021-05-07 10:03:45,1803.0,420091
2021-05-07 10:03:46,1803.0,420091
2021-05-07 10:03:47,1803.0,420091
2021-05-07 10:03:49,1803.95,420098
2021-05-07 10:03:48,1803.95,420098
2021-05-07 10:03:50,1803.2,420101
2021-05-07 10:03:51,1803.95,420317
2021-05-07 10:03:52,1804.25,420963
2021-05-07 10:03:53,1804.2,420994
2021-05-07 10:03:54,1804.2,421065
2021-05-07 10:03:55,1804.2,421065
2021-05-07 10:03:56,1804.15,421085
2021-05-07 10:03:57,1803.5,421511
2021-05-07 10:03:58,1803.5,421511
2021-05-07 10:03:59,1803.7,421566
2021-05-07 10:04:00,1803.7,421621
2021-05-07 10:04:01,1803.7,421629
2021-05-07 10:04:03,1803.7,421635
2021-05-07 10:04:04,1803.5,421690
2021-05-07 10:04:05,1803.85,421693
2021-05-07 10:04:06,1803.85,421693
2021-05-07 10:04:07,1803.7,421753
2021-05-07 10:04:08,1803.7,422121
2021-05-07 10:04:09,1803.7,422181
2021-05-07 10:04:10,1803.5,422299
2021-05-07 10:04:11,1803.5,422299
2021-05-07 10:04:13,1803.5,422396
2021-05-07 10:04:14,1803.5,422421
2021-05-07 10:04:15,1803.5,422443
2021-05-07 10:04:16,1803.5,422457
2021-05-07 10:04:17,1803.5,422457
2021-05-07 10:04:18,1803.7,422666
2021-05-07 10:04:19,1803.7,422796
2021-05-07 10:04:20,1803.6,422821
2021-05-07 10:04:21,1803.7,422824
2021-05-07 10:04:22,1803.6,422826
2021-05-07 10:04:24,1803.6,422871
2021-05-07 10:04:25,1803.7,422891
2021-05-07 10:04:26,1803.6,422895
2021-05-07 10:04:27,1803.6,422895
2021-05-07 10:04:29,1803.6,423115
2021-05-07 10:04:30,1803.6,423265
2021-05-07 10:04:31,1803.7,423266
2021-05-07 10:04:32,1804.3,423676
2021-05-07 10:04:33,1803.85,423787
2021-05-07 10:04:34,1804.35,423795
2021-05-07 10:04:36,1804.35,423811
2021-05-07 10:04:37,1804.4,424011
2021-05-07 10:04:38,1804.4,424011
2021-05-07 10:04:39,1803.85,424037
2021-05-07 10:04:40,1803.85,424052
2021-05-07 10:04:41,1804.1,424082
2021-05-07 10:04:42,1804.25,424387
2021-05-07 10:04:43,1803.9,424392
2021-05-07 10:04:44,1803.9,424397
2021-05-07 10:04:45,1803.9,424397
2021-05-07 10:04:47,1804.5,424450
2021-05-07 10:04:49,1803.85,424550
2021-05-07 10:04:50,1804.4,424555
2021-05-07 10:04:52,1804.5,424626
2021-05-07 10:04:53,1804.5,424626
2021-05-07 10:04:54,1804.5,424633
2021-05-07 10:04:55,1804.5,424633
2021-05-07 10:04:56,1804.5,424635
2021-05-07 10:04:57,1804.5,424635
2021-05-07 10:04:58,1804.8,424983
2021-05-07 10:04:59,1804.8,425061
2021-05-07 10:05:03,1805.0,425585
2021-05-07 10:05:05,1804.5,425587
2021-05-07 10:05:06,1804.5,425587
2021-05-07 10:05:07,1804.5,425587
2021-05-07 10:05:08,1805.0,425673
2021-05-07 10:05:09,1805.0,425726
2021-05-07 10:05:10,1805.0,425726
2021-05-07 10:05:11,1804.8,425741
2021-05-07 10:05:15,1804.8,425958
2021-05-07 10:05:17,1804.8,425963
2021-05-07 10:05:17,1804.65,426258
2021-05-07 10:05:19,1804.8,426293
2021-05-07 10:05:19,1804.8,426298
2021-05-07 10:05:20,1804.8,426298
2021-05-07 10:05:21,1804.8,426298
2021-05-07 10:05:22,1804.65,427080
2021-05-07 10:05:23,1805.0,427410
2021-05-07 10:05:24,1805.0,427410
2021-05-07 10:05:25,1804.5,427417
2021-05-07 10:05:26,1804.65,427420
2021-05-07 10:05:27,1804.5,427423
2021-05-07 10:05:28,1804.7,427438
2021-05-07 10:05:29,1804.7,427438
2021-05-07 10:05:31,1804.7,427438
2021-05-07 10:05:31,1804.7,427438
2021-05-07 10:05:32,1804.7,427463
2021-05-07 10:05:33,1804.7,427464
2021-05-07 10:05:34,1804.5,427468
2021-05-07 10:05:35,1804.75,427668
2021-05-07 10:05:36,1804.75,427668
2021-05-07 10:05:37,1804.75,427668
2021-05-07 10:05:38,1804.75,427668
2021-05-07 10:05:39,1804.8,427767
2021-05-07 10:05:40,1804.5,427868
2021-05-07 10:05:41,1804.5,427868
2021-05-07 10:05:42,1805.0,427871
2021-05-07 10:05:43,1805.0,427871
2021-05-07 10:05:44,1805.0,427871
2021-05-07 10:05:45,1805.0,427946
2021-05-07 10:05:46,1805.0,427946
2021-05-07 10:05:47,1805.0,427956
2021-05-07 10:05:48,1804.7,427958
2021-05-07 10:05:49,1804.7,427958
2021-05-07 10:05:51,1805.0,427968
2021-05-07 10:05:53,1804.7,427978
