timestamp,ltp,volume
2021-05-07 09:07:50,6679.0,894
2021-05-07 09:15:00,6682.7,1029
2021-05-07 09:15:01,6679.95,1274
2021-05-07 09:15:02,6680.95,1378
2021-05-07 09:15:03,6697.0,1630
2021-05-07 09:15:04,6690.55,1837
2021-05-07 09:15:05,6690.05,2317
2021-05-07 09:15:06,6693.0,2517
2021-05-07 09:15:07,6686.7,2690
2021-05-07 09:15:08,6689.8,3305
2021-05-07 09:15:09,6697.75,3776
2021-05-07 09:15:10,6694.45,3882
2021-05-07 09:15:11,6695.85,4061
2021-05-07 09:15:12,6695.6,4249
2021-05-07 09:15:13,6689.05,4420
2021-05-07 09:15:14,6690.45,4542
2021-05-07 09:15:15,6693.7,4676
2021-05-07 09:15:16,6697.75,4866
2021-05-07 09:15:17,6692.3,5042
2021-05-07 09:15:17,6697.7,5160
2021-05-07 09:15:18,6699.5,5557
2021-05-07 09:15:19,6703.95,6013
2021-05-07 09:15:20,6699.9,6650
2021-05-07 09:15:21,6700.45,6924
2021-05-07 09:15:22,6706.05,7101
2021-05-07 09:15:23,6702.25,7139
2021-05-07 09:15:24,6707.35,7391
2021-05-07 09:15:25,6707.35,7547
2021-05-07 09:15:26,6707.35,7730
2021-05-07 09:15:28,6706.45,8119
2021-05-07 09:15:29,6713.65,8784
2021-05-07 09:15:30,6712.45,9031
2021-05-07 09:15:31,6713.15,9156
2021-05-07 09:15:32,6716.8,9329
2021-05-07 09:15:33,6716.8,9449
2021-05-07 09:15:33,6716.8,9449
2021-05-07 09:15:34,6716.8,9481
2021-05-07 09:15:35,6716.8,9615
2021-05-07 09:15:36,6716.8,9697
2021-05-07 09:15:37,6716.8,9971
2021-05-07 09:15:38,6716.8,10163
2021-05-07 09:15:40,6716.8,10324
2021-05-07 09:15:41,6716.8,10388
2021-05-07 09:15:42,6716.8,10635
2021-05-07 09:15:43,6716.8,10851
2021-05-07 09:15:43,6716.8,10859
2021-05-07 09:15:44,6717.55,11377
2021-05-07 09:15:45,6717.55,11676
2021-05-07 09:15:46,6719.0,11821
2021-05-07 09:15:47,6720.0,11898
2021-05-07 09:15:48,6717.15,12170
2021-05-07 09:15:49,6716.8,12250
2021-05-07 09:15:50,6718.0,12303
2021-05-07 09:15:51,6719.95,12357
2021-05-07 09:15:52,6717.5,12501
2021-05-07 09:15:54,6717.55,12566
2021-05-07 09:15:54,6721.25,12691
2021-05-07 09:15:56,6720.0,12841
2021-05-07 09:15:57,6718.55,12890
2021-05-07 09:15:57,6722.0,12891
2021-05-07 09:15:58,6721.4,13065
2021-05-07 09:15:59,6721.5,13296
2021-05-07 09:16:01,6721.75,14294
2021-05-07 09:16:02,6721.75,14491
2021-05-07 09:16:03,6722.0,14542
2021-05-07 09:16:04,6721.8,14812
2021-05-07 09:16:05,6722.1,15365
2021-05-07 09:16:05,6722.1,15365
2021-05-07 09:16:06,6722.1,15491
2021-05-07 09:16:09,6724.0,16260
2021-05-07 09:16:10,6712.0,16808
2021-05-07 09:16:11,6714.5,16930
2021-05-07 09:16:12,6710.6,17055
2021-05-07 09:16:13,6714.85,17095
2021-05-07 09:16:13,6714.85,17125
2021-05-07 09:16:14,6714.6,17489
2021-05-07 09:16:16,6717.15,17625
2021-05-07 09:16:17,6710.4,17717
2021-05-07 09:16:18,6714.7,17932
2021-05-07 09:16:19,6710.35,17939
2021-05-07 09:16:19,6710.35,17939
2021-05-07 09:16:20,6702.1,21908
2021-05-07 09:16:22,6708.05,21913
2021-05-07 09:16:23,6706.35,22325
2021-05-07 09:16:24,6702.25,22495
2021-05-07 09:16:25,6701.2,22580
2021-05-07 09:16:26,6701.1,22588
2021-05-07 09:16:27,6708.75,23074
2021-05-07 09:16:27,6708.75,23074
2021-05-07 09:16:28,6701.6,23204
2021-05-07 09:16:30,6708.85,23330
2021-05-07 09:16:31,6707.0,23978
2021-05-07 09:16:32,6704.55,24052
2021-05-07 09:16:32,6704.55,24052
2021-05-07 09:16:33,6704.55,24139
2021-05-07 09:16:35,6707.95,24185
2021-05-07 09:16:36,6709.2,24473
2021-05-07 09:16:37,6708.35,24615
2021-05-07 09:16:38,6704.05,24759
2021-05-07 09:16:38,6707.95,24760
2021-05-07 09:16:39,6704.05,24793
2021-05-07 09:16:42,6704.05,24925
2021-05-07 09:16:43,6706.95,24930
2021-05-07 09:16:43,6704.05,24987
2021-05-07 09:16:44,6707.0,25154
2021-05-07 09:16:46,6704.05,25192
2021-05-07 09:16:47,6707.9,25208
2021-05-07 09:16:48,6704.05,25256
2021-05-07 09:16:48,6704.05,25256
2021-05-07 09:16:49,6705.6,25374
2021-05-07 09:16:51,6705.6,25724
2021-05-07 09:16:52,6704.05,25828
2021-05-07 09:16:53,6704.05,25887
2021-05-07 09:16:53,6704.05,25887
2021-05-07 09:16:54,6704.95,25931
2021-05-07 09:16:55,6704.0,25954
2021-05-07 09:16:56,6702.0,26007
2021-05-07 09:16:58,6701.2,26133
2021-05-07 09:16:59,6701.2,26205
2021-05-07 09:17:00,6703.55,26232
2021-05-07 09:17:00,6701.2,26211
2021-05-07 09:17:01,6702.0,26302
2021-05-07 09:17:02,6701.2,26329
2021-05-07 09:17:04,6701.3,26354
2021-05-07 09:17:05,6705.6,26612
2021-05-07 09:17:06,6702.15,26885
2021-05-07 09:17:06,6702.15,26885
2021-05-07 09:17:07,6702.25,26900
2021-05-07 09:17:09,6702.3,27018
2021-05-07 09:17:11,6704.0,27109
2021-05-07 09:17:11,6705.0,27110
2021-05-07 09:17:12,6703.0,27139
2021-05-07 09:17:14,6707.0,27481
2021-05-07 09:17:14,6706.25,27483
2021-05-07 09:17:15,6710.0,27703
2021-05-07 09:17:17,6711.85,27764
2021-05-07 09:17:18,6708.4,27852
2021-05-07 09:17:19,6709.15,27993
2021-05-07 09:17:19,6708.7,28003
2021-05-07 09:17:20,6710.75,28211
2021-05-07 09:17:22,6710.25,28321
2021-05-07 09:17:23,6710.25,28343
2021-05-07 09:17:24,6710.25,28355
2021-05-07 09:17:25,6710.25,28398
2021-05-07 09:17:25,6710.25,28398
2021-05-07 09:17:26,6710.3,28427
2021-05-07 09:17:27,6710.25,28534
2021-05-07 09:17:29,6711.25,28687
2021-05-07 09:17:30,6716.6,28807
2021-05-07 09:17:31,6711.35,29660
2021-05-07 09:17:32,6711.35,29773
2021-05-07 09:17:32,6711.35,29773
2021-05-07 09:17:33,6710.25,30701
2021-05-07 09:17:34,6715.2,30711
2021-05-07 09:17:35,6710.65,30752
2021-05-07 09:17:37,6715.9,30761
2021-05-07 09:17:38,6710.55,30777
2021-05-07 09:17:39,6710.5,30794
2021-05-07 09:17:39,6710.5,30794
2021-05-07 09:17:40,6714.3,30827
2021-05-07 09:17:42,6714.25,30828
2021-05-07 09:17:43,6710.55,30868
2021-05-07 09:17:44,6710.75,30892
2021-05-07 09:17:44,6710.75,30892
2021-05-07 09:17:45,6709.05,31935
2021-05-07 09:17:46,6705.6,31960
2021-05-07 09:17:48,6705.6,31966
2021-05-07 09:17:49,6705.6,32261
2021-05-07 09:17:50,6702.3,32389
2021-05-07 09:17:51,6703.4,32506
2021-05-07 09:17:52,6703.3,32564
2021-05-07 09:17:54,6705.6,32578
2021-05-07 09:17:55,6705.6,32655
2021-05-07 09:17:56,6703.3,32692
2021-05-07 09:17:57,6705.6,32700
2021-05-07 09:17:57,6703.35,32701
2021-05-07 09:17:58,6703.3,32732
2021-05-07 09:18:00,6703.3,32747
2021-05-07 09:18:01,6703.4,32753
2021-05-07 09:18:02,6703.55,32878
2021-05-07 09:18:03,6703.6,32910
2021-05-07 09:18:04,6706.65,33181
2021-05-07 09:18:05,6709.65,33302
2021-05-07 09:18:05,6706.5,33292
2021-05-07 09:18:07,6706.55,33367
2021-05-07 09:18:09,6710.25,33630
2021-05-07 09:18:10,6707.1,33757
2021-05-07 09:18:11,6711.5,33831
2021-05-07 09:18:12,6715.45,34545
2021-05-07 09:18:13,6713.05,34734
2021-05-07 09:18:16,6716.25,34848
2021-05-07 09:18:17,6713.1,35136
2021-05-07 09:18:18,6713.25,35161
2021-05-07 09:18:19,6718.75,35373
2021-05-07 09:18:20,6719.0,35619
2021-05-07 09:18:20,6716.0,35623
2021-05-07 09:18:22,6716.0,35690
2021-05-07 09:18:23,6716.0,35732
2021-05-07 09:18:24,6716.0,35784
2021-05-07 09:18:25,6716.0,35795
2021-05-07 09:18:25,6716.0,35795
2021-05-07 09:18:26,6716.0,35901
2021-05-07 09:18:28,6718.65,36006
2021-05-07 09:18:29,6716.0,36068
2021-05-07 09:18:30,6716.0,36073
2021-05-07 09:18:31,6716.0,36073
2021-05-07 09:18:32,6716.0,36123
2021-05-07 09:18:33,6718.1,36276
2021-05-07 09:18:34,6718.7,36336
2021-05-07 09:18:35,6716.0,36469
2021-05-07 09:18:36,6711.85,37386
2021-05-07 09:18:36,6714.1,37396
2021-05-07 09:18:38,6717.0,37404
2021-05-07 09:18:40,6713.05,37734
2021-05-07 09:18:41,6713.95,37736
2021-05-07 09:18:42,6713.95,37736
2021-05-07 09:18:43,6712.0,38210
2021-05-07 09:18:44,6711.85,38239
2021-05-07 09:18:45,6711.0,38747
2021-05-07 09:18:46,6711.0,38759
2021-05-07 09:18:46,6711.0,38768
2021-05-07 09:18:48,6711.0,38768
2021-05-07 09:18:49,6712.0,38918
2021-05-07 09:18:50,6711.0,39029
2021-05-07 09:18:51,6713.15,39596
2021-05-07 09:18:52,6713.2,39602
2021-05-07 09:18:52,6713.2,39602
2021-05-07 09:18:54,6713.2,39606
2021-05-07 09:18:55,6716.8,39618
2021-05-07 09:18:56,6717.05,39668
2021-05-07 09:18:57,6716.0,39672
2021-05-07 09:18:58,6717.35,39779
2021-05-07 09:18:59,6713.95,39827
2021-05-07 09:19:00,6723.0,41137
2021-05-07 09:19:01,6724.55,41216
2021-05-07 09:19:01,6724.55,41216
2021-05-07 09:19:02,6725.9,42108
2021-05-07 09:19:04,6726.65,42424
2021-05-07 09:19:05,6720.6,42614
2021-05-07 09:19:06,6727.1,42814
2021-05-07 09:19:07,6728.05,42962
2021-05-07 09:19:07,6728.05,42962
2021-05-07 09:19:08,6724.8,43066
2021-05-07 09:19:10,6728.4,43151
2021-05-07 09:19:11,6726.95,44101
2021-05-07 09:19:12,6730.0,44338
2021-05-07 09:19:13,6729.95,44594
2021-05-07 09:19:14,6726.95,44784
2021-05-07 09:19:15,6726.95,44863
2021-05-07 09:19:16,6728.4,44894
2021-05-07 09:19:17,6730.25,45306
2021-05-07 09:19:17,6730.25,45312
2021-05-07 09:19:18,6730.25,45398
2021-05-07 09:19:19,6730.5,45478
2021-05-07 09:19:20,6733.55,46200
2021-05-07 09:19:21,6728.4,46385
2021-05-07 09:19:23,6730.25,46764
2021-05-07 09:19:24,6727.6,46821
2021-05-07 09:19:25,6736.8,47919
2021-05-07 09:19:27,6732.95,48143
2021-05-07 09:19:28,6728.4,48330
2021-05-07 09:19:28,6728.4,48330
2021-05-07 09:19:29,6733.55,48398
2021-05-07 09:19:30,6730.0,48502
2021-05-07 09:19:32,6730.55,48525
2021-05-07 09:19:33,6732.65,48647
2021-05-07 09:19:35,6731.9,49037
2021-05-07 09:19:36,6729.0,49210
2021-05-07 09:19:37,6732.8,49211
2021-05-07 09:19:37,6732.8,49211
2021-05-07 09:19:38,6730.0,49475
2021-05-07 09:19:39,6730.0,49475
2021-05-07 09:19:41,6729.0,49622
2021-05-07 09:19:42,6729.45,49765
2021-05-07 09:19:43,6728.05,49916
2021-05-07 09:19:44,6728.0,50182
2021-05-07 09:19:45,6725.75,50302
2021-05-07 09:19:45,6725.5,50300
2021-05-07 09:19:47,6727.6,50462
2021-05-07 09:19:48,6724.0,50520
2021-05-07 09:19:49,6723.55,50530
2021-05-07 09:19:50,6723.1,50554
2021-05-07 09:19:51,6724.85,50573
2021-05-07 09:19:52,6724.85,50593
2021-05-07 09:19:53,6724.85,50593
2021-05-07 09:19:54,6725.75,50705
2021-05-07 09:19:55,6721.7,50784
2021-05-07 09:19:55,6724.8,50787
2021-05-07 09:19:56,6723.05,50804
2021-05-07 09:19:58,6723.4,50966
2021-05-07 09:19:59,6724.05,51083
2021-05-07 09:20:00,6725.7,51154
2021-05-07 09:20:01,6726.9,51174
2021-05-07 09:20:01,6728.0,51175
2021-05-07 09:20:03,6725.9,51211
2021-05-07 09:20:04,6731.1,51955
2021-05-07 09:20:05,6740.0,52763
2021-05-07 09:20:06,6740.7,53219
2021-05-07 09:20:07,6740.95,53408
2021-05-07 09:20:08,6743.35,53461
2021-05-07 09:20:08,6743.35,53461
2021-05-07 09:20:10,6740.9,53574
2021-05-07 09:20:11,6740.85,53908
2021-05-07 09:20:12,6738.0,54356
2021-05-07 09:20:13,6738.3,54515
2021-05-07 09:20:14,6739.45,54870
2021-05-07 09:20:14,6735.3,54875
2021-05-07 09:20:16,6735.9,55001
2021-05-07 09:20:17,6738.5,55177
2021-05-07 09:20:18,6738.6,55245
2021-05-07 09:20:19,6736.0,55287
2021-05-07 09:20:19,6739.0,55292
2021-05-07 09:20:21,6740.75,55466
2021-05-07 09:20:22,6738.0,55560
2021-05-07 09:20:23,6740.0,55706
2021-05-07 09:20:24,6738.5,55974
2021-05-07 09:20:25,6735.0,56389
2021-05-07 09:20:26,6736.95,56603
2021-05-07 09:20:27,6735.1,56654
2021-05-07 09:20:28,6735.2,56738
2021-05-07 09:20:29,6739.9,57100
2021-05-07 09:20:30,6739.9,57100
2021-05-07 09:20:31,6736.5,57199
2021-05-07 09:20:32,6736.0,57214
2021-05-07 09:20:33,6736.0,57314
2021-05-07 09:20:34,6739.1,57389
2021-05-07 09:20:35,6739.9,57407
2021-05-07 09:20:36,6739.05,57421
2021-05-07 09:20:37,6740.0,58000
2021-05-07 09:20:38,6740.35,58172
2021-05-07 09:20:39,6740.35,58245
2021-05-07 09:20:40,6740.35,58368
2021-05-07 09:20:41,6742.8,58419
2021-05-07 09:20:42,6743.8,58509
2021-05-07 09:20:43,6741.7,58754
2021-05-07 09:20:44,6745.0,58854
2021-05-07 09:20:45,6742.65,59070
2021-05-07 09:20:46,6745.0,59233
2021-05-07 09:20:47,6746.1,59302
2021-05-07 09:20:48,6747.6,59423
2021-05-07 09:20:49,6745.0,60525
2021-05-07 09:20:50,6747.15,60630
2021-05-07 09:20:51,6745.0,60660
2021-05-07 09:20:52,6745.05,60719
2021-05-07 09:20:53,6747.15,60903
2021-05-07 09:20:54,6747.0,61629
2021-05-07 09:20:55,6747.45,61819
2021-05-07 09:20:56,6745.05,62134
2021-05-07 09:20:57,6748.3,62175
2021-05-07 09:20:58,6746.35,62355
2021-05-07 09:20:59,6749.0,62494
2021-05-07 09:21:00,6749.0,62725
2021-05-07 09:21:01,6751.2,65402
2021-05-07 09:21:02,6751.45,65706
2021-05-07 09:21:03,6748.3,65745
2021-05-07 09:21:04,6750.0,65928
2021-05-07 09:21:05,6749.05,65967
2021-05-07 09:21:06,6750.0,66337
2021-05-07 09:21:07,6748.25,66484
2021-05-07 09:21:08,6750.95,66610
2021-05-07 09:21:09,6748.85,66742
2021-05-07 09:21:10,6750.0,66878
2021-05-07 09:21:11,6750.0,67065
2021-05-07 09:21:12,6750.1,67101
2021-05-07 09:21:13,6750.15,67242
2021-05-07 09:21:14,6754.3,67483
2021-05-07 09:21:15,6753.0,67551
2021-05-07 09:21:16,6753.0,67643
2021-05-07 09:21:17,6751.95,67842
2021-05-07 09:21:18,6753.0,67928
2021-05-07 09:21:19,6753.3,68046
2021-05-07 09:21:20,6754.0,68209
2021-05-07 09:21:21,6753.85,68441
2021-05-07 09:21:22,6753.95,68572
2021-05-07 09:21:23,6753.75,68707
2021-05-07 09:21:24,6750.2,68737
2021-05-07 09:21:25,6753.65,68949
2021-05-07 09:21:26,6753.9,69142
2021-05-07 09:21:27,6750.9,69152
2021-05-07 09:21:28,6749.5,69979
2021-05-07 09:21:29,6749.95,70001
2021-05-07 09:21:30,6749.25,70095
2021-05-07 09:21:31,6749.7,70211
2021-05-07 09:21:32,6749.75,70284
2021-05-07 09:21:33,6750.05,70548
2021-05-07 09:21:34,6747.5,70613
2021-05-07 09:21:35,6749.6,70782
2021-05-07 09:21:37,6749.3,70814
2021-05-07 09:21:36,6745.85,70813
2021-05-07 09:21:38,6746.15,70954
2021-05-07 09:21:39,6747.5,71177
2021-05-07 09:21:40,6749.35,71584
2021-05-07 09:21:41,6749.35,71607
2021-05-07 09:21:42,6749.35,71647
2021-05-07 09:21:43,6749.5,71707
2021-05-07 09:21:44,6746.65,71752
2021-05-07 09:21:45,6749.0,71867
2021-05-07 09:21:46,6746.0,71935
2021-05-07 09:21:47,6749.55,72257
2021-05-07 09:21:48,6749.0,72283
2021-05-07 09:21:49,6746.85,72403
2021-05-07 09:21:50,6749.0,72463
2021-05-07 09:21:51,6747.0,72656
2021-05-07 09:21:52,6747.0,72857
2021-05-07 09:21:53,6747.0,72864
2021-05-07 09:21:54,6749.0,73300
2021-05-07 09:21:55,6745.0,73770
2021-05-07 09:21:56,6745.0,73798
2021-05-07 09:21:57,6747.0,73852
2021-05-07 09:21:58,6747.0,73887
2021-05-07 09:21:59,6745.0,73943
2021-05-07 09:22:00,6745.0,74210
2021-05-07 09:22:01,6745.85,74242
2021-05-07 09:22:02,6742.5,74308
2021-05-07 09:22:03,6740.35,74470
2021-05-07 09:22:04,6740.0,74836
2021-05-07 09:22:05,6739.9,74904
2021-05-07 09:22:06,6739.9,74921
2021-05-07 09:22:07,6741.9,74949
2021-05-07 09:22:08,6736.5,75239
2021-05-07 09:22:09,6736.0,75283
2021-05-07 09:22:10,6736.35,75320
2021-05-07 09:22:11,6740.6,75501
2021-05-07 09:22:12,6740.5,75521
2021-05-07 09:22:13,6741.85,75673
2021-05-07 09:22:14,6737.15,75695
2021-05-07 09:22:15,6740.55,75745
2021-05-07 09:22:16,6739.85,75795
2021-05-07 09:22:17,6740.6,75869
2021-05-07 09:22:18,6739.25,75959
2021-05-07 09:22:19,6738.7,76021
2021-05-07 09:22:20,6741.9,76060
2021-05-07 09:22:21,6740.0,76119
2021-05-07 09:22:22,6738.7,76169
2021-05-07 09:22:23,6738.7,76221
2021-05-07 09:22:24,6740.0,76240
2021-05-07 09:22:25,6738.75,76260
2021-05-07 09:22:26,6738.75,76295
2021-05-07 09:22:27,6738.75,76295
2021-05-07 09:22:28,6739.4,76399
2021-05-07 09:22:29,6739.4,76399
2021-05-07 09:22:30,6739.4,76399
2021-05-07 09:22:31,6738.75,76404
2021-05-07 09:22:32,6738.75,76650
2021-05-07 09:22:33,6738.75,76650
2021-05-07 09:22:34,6739.35,76687
2021-05-07 09:22:35,6738.0,76697
2021-05-07 09:22:36,6740.0,76806
2021-05-07 09:22:37,6739.0,76817
2021-05-07 09:22:38,6739.0,76817
2021-05-07 09:22:39,6739.0,76862
2021-05-07 09:22:40,6738.75,76864
2021-05-07 09:22:41,6738.75,76872
2021-05-07 09:22:42,6739.0,76890
2021-05-07 09:22:44,6738.05,76896
2021-05-07 09:22:45,6738.05,76896
2021-05-07 09:22:46,6738.75,76916
2021-05-07 09:22:48,6738.7,76992
2021-05-07 09:22:48,6738.7,76992
2021-05-07 09:22:49,6738.75,77056
2021-05-07 09:22:50,6739.0,77157
2021-05-07 09:22:51,6739.0,77219
2021-05-07 09:22:52,6739.05,77784
2021-05-07 09:22:54,6738.85,77888
2021-05-07 09:22:54,6738.85,77888
2021-05-07 09:22:55,6740.0,77914
2021-05-07 09:22:56,6738.85,78011
2021-05-07 09:22:57,6739.2,78142
2021-05-07 09:22:58,6741.8,78283
2021-05-07 09:22:59,6739.2,78285
2021-05-07 09:23:00,6738.0,78594
2021-05-07 09:23:01,6738.0,78617
2021-05-07 09:23:02,6738.0,78703
2021-05-07 09:23:03,6740.25,78762
2021-05-07 09:23:04,6738.0,78772
2021-05-07 09:23:06,6739.85,78788
2021-05-07 09:23:07,6738.95,78791
2021-05-07 09:23:08,6739.85,79160
2021-05-07 09:23:10,6738.0,79165
2021-05-07 09:23:11,6738.0,79254
2021-05-07 09:23:12,6738.0,79297
2021-05-07 09:23:13,6738.0,79384
2021-05-07 09:23:14,6738.0,79519
2021-05-07 09:23:15,6738.0,79544
2021-05-07 09:23:16,6738.75,79664
2021-05-07 09:23:18,6732.4,80054
2021-05-07 09:23:19,6732.4,80054
2021-05-07 09:23:20,6731.4,80075
2021-05-07 09:23:21,6731.95,80166
2021-05-07 09:23:22,6732.75,80211
2021-05-07 09:23:24,6735.45,80258
2021-05-07 09:23:24,6735.45,80258
2021-05-07 09:23:25,6732.05,80329
2021-05-07 09:23:26,6732.75,80357
2021-05-07 09:23:27,6732.05,80380
2021-05-07 09:23:28,6732.05,80453
2021-05-07 09:23:29,6732.05,80498
2021-05-07 09:23:31,6732.05,80573
2021-05-07 09:23:31,6732.05,80573
2021-05-07 09:23:32,6732.05,80631
2021-05-07 09:23:33,6732.0,80636
2021-05-07 09:23:34,6732.05,80637
2021-05-07 09:23:35,6732.0,80738
2021-05-07 09:23:36,6732.35,80824
2021-05-07 09:23:37,6732.0,80975
2021-05-07 09:23:38,6732.35,81006
2021-05-07 09:23:39,6730.0,81209
2021-05-07 09:23:40,6732.0,81210
2021-05-07 09:23:41,6731.0,81655
2021-05-07 09:23:42,6731.0,81655
2021-05-07 09:23:44,6730.0,81929
2021-05-07 09:23:45,6730.1,81952
2021-05-07 09:23:46,6729.9,82251
2021-05-07 09:23:47,6729.9,82251
2021-05-07 09:23:47,6729.9,82251
2021-05-07 09:23:48,6729.9,82275
2021-05-07 09:23:49,6730.0,82305
2021-05-07 09:23:50,6729.95,82361
2021-05-07 09:23:51,6729.6,82679
2021-05-07 09:23:52,6726.0,82691
2021-05-07 09:23:53,6725.55,82706
2021-05-07 09:23:54,6725.55,82781
2021-05-07 09:23:55,6728.05,82792
2021-05-07 09:23:56,6727.95,82801
2021-05-07 09:23:57,6725.55,82877
2021-05-07 09:23:58,6725.55,82918
2021-05-07 09:24:00,6726.0,83024
2021-05-07 09:24:00,6726.0,83024
2021-05-07 09:24:01,6727.95,83105
2021-05-07 09:24:02,6727.95,83184
2021-05-07 09:24:03,6727.95,83226
2021-05-07 09:24:04,6729.9,83341
2021-05-07 09:24:06,6730.2,83602
2021-05-07 09:24:07,6726.0,84777
2021-05-07 09:24:08,6726.6,84779
2021-05-07 09:24:10,6730.85,84794
2021-05-07 09:24:10,6726.7,84870
2021-05-07 09:24:14,6728.75,85044
2021-05-07 09:24:15,6730.9,85459
2021-05-07 09:24:16,6730.9,85462
2021-05-07 09:24:17,6728.75,85636
2021-05-07 09:24:18,6730.0,85694
2021-05-07 09:24:19,6728.4,85697
2021-05-07 09:24:20,6728.0,85857
2021-05-07 09:24:21,6730.0,86150
2021-05-07 09:24:22,6728.1,86159
2021-05-07 09:24:23,6730.0,86252
2021-05-07 09:24:24,6728.1,86256
2021-05-07 09:24:25,6728.4,86312
2021-05-07 09:24:26,6728.4,86312
2021-05-07 09:24:27,6728.45,86365
2021-05-07 09:24:28,6728.0,86438
2021-05-07 09:24:29,6728.0,86438
2021-05-07 09:24:31,6728.0,86656
2021-05-07 09:24:32,6729.8,86966
2021-05-07 09:24:33,6729.8,86990
2021-05-07 09:24:34,6726.2,87060
2021-05-07 09:24:35,6728.4,87142
2021-05-07 09:24:36,6726.2,87162
2021-05-07 09:24:37,6728.4,87169
2021-05-07 09:24:38,6728.4,87169
2021-05-07 09:24:38,6726.2,87177
2021-05-07 09:24:39,6728.0,87178
2021-05-07 09:24:40,6728.4,87254
2021-05-07 09:24:42,6728.4,87303
2021-05-07 09:24:43,6728.4,87303
2021-05-07 09:24:44,6728.4,87304
2021-05-07 09:24:45,6729.55,87306
2021-05-07 09:24:46,6729.0,87330
2021-05-07 09:24:47,6728.4,87358
2021-05-07 09:24:47,6728.4,87358
2021-05-07 09:24:48,6728.4,87410
2021-05-07 09:24:49,6728.4,87424
2021-05-07 09:24:50,6728.4,87424
2021-05-07 09:24:51,6728.4,87548
2021-05-07 09:24:52,6729.0,87571
2021-05-07 09:24:53,6729.0,87582
2021-05-07 09:24:54,6729.0,87595
2021-05-07 09:24:55,6728.4,87605
2021-05-07 09:24:58,6730.9,87884
2021-05-07 09:24:59,6730.9,88070
2021-05-07 09:24:59,6730.9,88070
2021-05-07 09:25:00,6730.9,88085
2021-05-07 09:25:01,6728.4,88101
2021-05-07 09:25:02,6729.0,88103
2021-05-07 09:25:03,6730.9,88207
2021-05-07 09:25:04,6729.0,88293
2021-05-07 09:25:05,6729.0,88304
2021-05-07 09:25:06,6730.8,88354
2021-05-07 09:25:07,6729.0,88355
2021-05-07 09:25:08,6729.0,88355
2021-05-07 09:25:09,6730.0,88380
2021-05-07 09:25:10,6730.9,88503
2021-05-07 09:25:11,6729.0,88553
2021-05-07 09:25:12,6729.55,88582
2021-05-07 09:25:13,6729.55,88726
2021-05-07 09:25:14,6730.0,88762
2021-05-07 09:25:15,6730.0,88762
2021-05-07 09:25:16,6732.8,89550
2021-05-07 09:25:17,6733.0,89556
2021-05-07 09:25:18,6729.05,89646
2021-05-07 09:25:19,6733.5,89708
2021-05-07 09:25:20,6729.45,89808
2021-05-07 09:25:21,6733.75,89835
2021-05-07 09:25:22,6733.35,89863
2021-05-07 09:25:23,6733.35,89882
2021-05-07 09:25:24,6734.05,89924
2021-05-07 09:25:25,6730.05,89975
2021-05-07 09:25:26,6733.85,90091
2021-05-07 09:25:27,6732.0,90122
2021-05-07 09:25:28,6736.8,90166
2021-05-07 09:25:29,6734.9,90498
2021-05-07 09:25:30,6734.1,90520
2021-05-07 09:25:31,6734.05,90715
2021-05-07 09:25:32,6730.0,90719
2021-05-07 09:25:33,6732.7,90809
2021-05-07 09:25:34,6732.7,90809
2021-05-07 09:25:35,6732.2,90844
2021-05-07 09:25:37,6732.2,90844
2021-05-07 09:25:38,6731.9,90854
2021-05-07 09:25:38,6731.9,90854
2021-05-07 09:25:39,6732.9,91004
2021-05-07 09:25:40,6732.7,91198
2021-05-07 09:25:41,6730.0,91222
2021-05-07 09:25:42,6732.05,91232
2021-05-07 09:25:44,6731.95,91234
2021-05-07 09:25:45,6730.0,91667
2021-05-07 09:25:46,6730.0,91668
2021-05-07 09:25:46,6730.0,91668
2021-05-07 09:25:47,6732.05,91669
2021-05-07 09:25:48,6732.05,91679
2021-05-07 09:25:49,6732.05,91679
2021-05-07 09:25:50,6730.0,91719
2021-05-07 09:25:51,6730.0,91721
2021-05-07 09:25:52,6732.0,91803
2021-05-07 09:25:53,6732.0,91803
2021-05-07 09:25:54,6730.0,91813
2021-05-07 09:25:55,6730.0,91848
2021-05-07 09:25:56,6730.0,91867
2021-05-07 09:25:57,6730.0,91882
2021-05-07 09:25:58,6730.0,91883
2021-05-07 09:26:00,6730.0,91983
2021-05-07 09:26:01,6732.15,92045
2021-05-07 09:26:02,6730.5,92138
2021-05-07 09:26:02,6733.0,92164
2021-05-07 09:26:03,6730.5,92167
2021-05-07 09:26:04,6733.2,92261
2021-05-07 09:26:06,6732.6,92342
2021-05-07 09:26:07,6735.9,92371
2021-05-07 09:26:08,6736.0,92380
2021-05-07 09:26:08,6736.0,92380
2021-05-07 09:26:09,6732.7,92388
2021-05-07 09:26:10,6735.25,92460
2021-05-07 09:26:11,6735.85,92509
2021-05-07 09:26:12,6736.0,92537
2021-05-07 09:26:14,6736.0,92541
2021-05-07 09:26:15,6735.5,92551
2021-05-07 09:26:15,6736.0,92541
2021-05-07 09:26:16,6736.0,92628
2021-05-07 09:26:17,6735.5,92724
2021-05-07 09:26:18,6735.5,92735
2021-05-07 09:26:19,6735.5,92770
2021-05-07 09:26:21,6735.5,92771
2021-05-07 09:26:22,6735.9,92772
2021-05-07 09:26:23,6735.9,92804
2021-05-07 09:26:24,6735.9,92838
2021-05-07 09:26:24,6735.9,92885
2021-05-07 09:26:25,6736.0,92909
2021-05-07 09:26:26,6735.9,92978
2021-05-07 09:26:28,6736.0,92988
2021-05-07 09:26:29,6735.5,93131
2021-05-07 09:26:29,6735.9,93127
2021-05-07 09:26:30,6735.5,93131
2021-05-07 09:26:31,6735.0,93201
2021-05-07 09:26:33,6736.0,93226
2021-05-07 09:26:34,6735.0,93404
2021-05-07 09:26:35,6736.0,93435
2021-05-07 09:26:36,6735.9,93439
2021-05-07 09:26:37,6735.0,93445
2021-05-07 09:26:39,6733.2,93469
2021-05-07 09:26:40,6733.0,93569
2021-05-07 09:26:40,6733.0,93569
2021-05-07 09:26:41,6733.0,93569
2021-05-07 09:26:42,6734.95,93614
2021-05-07 09:26:43,6734.9,93648
2021-05-07 09:26:45,6734.9,93649
2021-05-07 09:26:46,6734.9,93754
2021-05-07 09:26:46,6734.9,93754
2021-05-07 09:26:47,6734.9,93774
2021-05-07 09:26:49,6733.0,93958
2021-05-07 09:26:50,6733.2,94103
2021-05-07 09:26:51,6733.2,94104
2021-05-07 09:26:52,6732.0,94343
2021-05-07 09:26:53,6732.0,94353
2021-05-07 09:26:53,6732.0,94353
2021-05-07 09:26:54,6732.9,94411
2021-05-07 09:26:55,6730.2,94413
2021-05-07 09:26:57,6730.2,94421
2021-05-07 09:26:58,6730.2,94442
2021-05-07 09:26:59,6730.2,94472
2021-05-07 09:27:00,6732.0,94487
2021-05-07 09:27:00,6732.0,94488
2021-05-07 09:27:03,6732.0,94546
2021-05-07 09:27:04,6731.1,94569
2021-05-07 09:27:05,6732.0,94620
2021-05-07 09:27:06,6732.0,94676
2021-05-07 09:27:06,6732.0,94679
2021-05-07 09:27:07,6731.3,94711
2021-05-07 09:27:10,6731.7,94743
2021-05-07 09:27:11,6732.0,94744
2021-05-07 09:27:11,6732.0,94744
2021-05-07 09:27:12,6732.0,94776
2021-05-07 09:27:14,6732.0,94776
2021-05-07 09:27:15,6732.0,94956
2021-05-07 09:27:16,6732.0,94990
2021-05-07 09:27:17,6732.0,94990
2021-05-07 09:27:18,6731.0,94992
2021-05-07 09:27:18,6731.0,94992
2021-05-07 09:27:19,6731.0,94993
2021-05-07 09:27:21,6731.0,94994
2021-05-07 09:27:22,6731.0,95044
2021-05-07 09:27:23,6731.0,95044
2021-05-07 09:27:24,6730.0,95104
2021-05-07 09:27:25,6732.3,95201
2021-05-07 09:27:25,6734.35,95206
2021-05-07 09:27:26,6731.4,95207
2021-05-07 09:27:27,6734.4,95220
2021-05-07 09:27:29,6734.4,95220
2021-05-07 09:27:30,6734.3,95226
2021-05-07 09:27:30,6731.3,95251
2021-05-07 09:27:32,6730.0,95351
2021-05-07 09:27:33,6730.0,95383
2021-05-07 09:27:34,6731.0,95386
2021-05-07 09:27:35,6730.0,95411
2021-05-07 09:27:35,6731.0,95475
2021-05-07 09:27:36,6731.3,95478
2021-05-07 09:27:37,6731.3,95478
2021-05-07 09:27:39,6730.6,95508
2021-05-07 09:27:41,6730.7,95530
2021-05-07 09:27:42,6730.05,95559
2021-05-07 09:27:43,6730.05,95566
2021-05-07 09:27:44,6734.0,95730
2021-05-07 09:27:44,6734.0,95730
2021-05-07 09:27:45,6732.0,95748
2021-05-07 09:27:47,6733.5,95811
2021-05-07 09:27:48,6731.0,95867
2021-05-07 09:27:49,6731.0,95867
2021-05-07 09:27:50,6733.8,95868
2021-05-07 09:27:50,6733.8,95868
2021-05-07 09:27:51,6733.2,95876
2021-05-07 09:27:53,6733.2,95876
2021-05-07 09:27:54,6731.0,95881
2021-05-07 09:27:55,6733.8,95914
2021-05-07 09:27:55,6733.8,95914
2021-05-07 09:27:56,6734.3,95989
2021-05-07 09:27:57,6733.65,96005
2021-05-07 09:27:59,6733.65,96005
2021-05-07 09:28:00,6730.0,96255
2021-05-07 09:28:01,6734.3,96335
2021-05-07 09:28:02,6734.35,96360
2021-05-07 09:28:02,6734.35,96360
2021-05-07 09:28:03,6734.3,96368
2021-05-07 09:28:04,6734.3,96368
2021-05-07 09:28:06,6734.5,96429
2021-05-07 09:28:07,6735.0,96438
2021-05-07 09:28:08,6735.05,96710
2021-05-07 09:28:08,6735.05,96710
2021-05-07 09:28:09,6735.35,96986
2021-05-07 09:28:11,6735.1,97067
2021-05-07 09:28:12,6735.0,97107
2021-05-07 09:28:13,6734.5,97252
2021-05-07 09:28:15,6735.0,97387
2021-05-07 09:28:15,6735.0,97387
2021-05-07 09:28:16,6737.0,97503
2021-05-07 09:28:18,6735.0,97581
2021-05-07 09:28:19,6735.0,97581
2021-05-07 09:28:20,6737.9,97687
2021-05-07 09:28:20,6737.9,97742
2021-05-07 09:28:21,6737.9,97780
2021-05-07 09:28:23,6737.9,97911
2021-05-07 09:28:25,6737.9,97948
2021-05-07 09:28:26,6737.9,97980
2021-05-07 09:28:26,6735.6,97983
2021-05-07 09:28:27,6735.6,97987
2021-05-07 09:28:29,6735.6,97989
2021-05-07 09:28:30,6735.6,98085
2021-05-07 09:28:31,6737.4,98086
2021-05-07 09:28:31,6737.4,98086
2021-05-07 09:28:32,6737.0,98170
2021-05-07 09:28:33,6735.6,98191
2021-05-07 09:28:35,6737.0,98199
2021-05-07 09:28:36,6735.6,98201
2021-05-07 09:28:37,6734.3,98430
2021-05-07 09:28:37,6734.3,98430
2021-05-07 09:28:38,6735.3,98463
2021-05-07 09:28:41,6732.0,98490
2021-05-07 09:28:42,6735.3,98547
2021-05-07 09:28:42,6735.3,98547
2021-05-07 09:28:43,6732.45,98554
2021-05-07 09:28:45,6735.55,98635
2021-05-07 09:28:46,6735.55,98635
2021-05-07 09:28:47,6735.55,98635
2021-05-07 09:28:47,6735.55,98635
2021-05-07 09:28:48,6734.3,98636
2021-05-07 09:28:49,6732.6,98638
2021-05-07 09:28:51,6734.3,98643
2021-05-07 09:28:52,6732.15,98648
2021-05-07 09:28:53,6731.2,98753
2021-05-07 09:28:53,6731.2,98753
2021-05-07 09:28:55,6732.6,98780
2021-05-07 09:28:56,6734.3,98896
2021-05-07 09:28:57,6735.0,98958
2021-05-07 09:28:58,6735.0,98958
2021-05-07 09:28:58,6735.0,98958
2021-05-07 09:29:00,6735.0,98958
2021-05-07 09:29:01,6732.0,99125
2021-05-07 09:29:02,6732.0,99204
2021-05-07 09:29:03,6731.55,99208
2021-05-07 09:29:04,6730.0,99322
2021-05-07 09:29:05,6728.4,99344
2021-05-07 09:29:07,6729.0,99441
2021-05-07 09:29:08,6730.0,99624
2021-05-07 09:29:09,6730.95,99661
2021-05-07 09:29:10,6728.95,99681
2021-05-07 09:29:10,6728.95,99681
2021-05-07 09:29:12,6730.6,99699
2021-05-07 09:29:13,6720.0,100993
2021-05-07 09:29:14,6716.65,101223
2021-05-07 09:29:15,6715.8,101297
2021-05-07 09:29:15,6720.0,101483
2021-05-07 09:29:17,6721.0,101569
2021-05-07 09:29:18,6717.75,101768
2021-05-07 09:29:19,6722.25,102080
2021-05-07 09:29:20,6721.8,102193
2021-05-07 09:29:22,6724.0,102356
2021-05-07 09:29:23,6720.8,102591
2021-05-07 09:29:24,6723.4,102690
2021-05-07 09:29:25,6720.5,102700
2021-05-07 09:29:26,6720.5,102760
2021-05-07 09:29:26,6720.5,102760
2021-05-07 09:29:28,6723.35,102821
2021-05-07 09:29:29,6722.35,102831
2021-05-07 09:29:30,6725.0,102884
2021-05-07 09:29:31,6725.0,102952
2021-05-07 09:29:31,6724.0,102959
2021-05-07 09:29:33,6724.0,102959
2021-05-07 09:29:34,6722.3,102969
2021-05-07 09:29:35,6725.0,103016
2021-05-07 09:29:36,6725.0,103044
2021-05-07 09:29:36,6725.0,103044
2021-05-07 09:29:38,6723.9,103100
2021-05-07 09:29:39,6726.85,103135
2021-05-07 09:29:40,6725.35,103153
2021-05-07 09:29:41,6725.0,103203
2021-05-07 09:29:41,6725.0,103203
2021-05-07 09:29:43,6726.65,103236
2021-05-07 09:29:44,6727.2,103275
2021-05-07 09:29:45,6726.95,103339
2021-05-07 09:29:46,6726.95,103339
2021-05-07 09:29:47,6727.5,103489
2021-05-07 09:29:48,6724.65,103610
2021-05-07 09:29:48,6724.65,103610
2021-05-07 09:29:51,6725.0,103674
2021-05-07 09:29:52,6727.95,103729
2021-05-07 09:29:53,6728.5,103779
2021-05-07 09:29:54,6728.5,103779
2021-05-07 09:29:55,6729.0,103792
2021-05-07 09:29:55,6726.95,103807
2021-05-07 09:29:57,6724.05,103887
2021-05-07 09:29:58,6726.95,103905
2021-05-07 09:29:59,6724.9,103909
2021-05-07 09:30:00,6724.85,103911
2021-05-07 09:30:01,6727.8,103948
2021-05-07 09:30:02,6724.7,103969
2021-05-07 09:30:03,6725.0,103971
2021-05-07 09:30:03,6725.0,103971
2021-05-07 09:30:05,6726.7,104000
2021-05-07 09:30:06,6725.0,104006
2021-05-07 09:30:07,6723.9,104151
2021-05-07 09:30:08,6724.8,104368
2021-05-07 09:30:08,6721.85,104332
2021-05-07 09:30:10,6706.05,106237
2021-05-07 09:30:11,6707.6,106882
2021-05-07 09:30:12,6705.0,107110
2021-05-07 09:30:13,6707.5,107238
2021-05-07 09:30:14,6702.0,107379
2021-05-07 09:30:14,6706.7,107325
2021-05-07 09:30:15,6703.5,107396
2021-05-07 09:30:17,6703.5,107433
2021-05-07 09:30:18,6703.5,107443
2021-05-07 09:30:19,6703.65,107529
2021-05-07 09:30:21,6705.15,107708
2021-05-07 09:30:22,6705.55,107810
2021-05-07 09:30:22,6705.55,107810
2021-05-07 09:30:23,6706.2,107815
2021-05-07 09:30:25,6703.75,108116
2021-05-07 09:30:26,6703.75,108366
2021-05-07 09:30:27,6702.0,108659
2021-05-07 09:30:28,6695.75,109214
2021-05-07 09:30:29,6697.0,109462
2021-05-07 09:30:29,6697.05,109458
2021-05-07 09:30:31,6697.5,109526
2021-05-07 09:30:32,6697.5,109554
2021-05-07 09:30:33,6697.5,109593
2021-05-07 09:30:34,6702.2,109704
2021-05-07 09:30:35,6700.8,109777
2021-05-07 09:30:35,6705.45,109774
2021-05-07 09:30:37,6703.3,109869
2021-05-07 09:30:38,6700.8,109894
2021-05-07 09:30:39,6700.1,109933
2021-05-07 09:30:40,6700.1,110127
2021-05-07 09:30:41,6700.0,110169
2021-05-07 09:30:42,6700.0,110315
2021-05-07 09:30:42,6698.0,110351
2021-05-07 09:30:44,6700.1,110383
2021-05-07 09:30:45,6700.0,110535
2021-05-07 09:30:46,6700.0,110673
2021-05-07 09:30:47,6697.8,110723
2021-05-07 09:30:48,6700.0,110767
2021-05-07 09:30:49,6700.0,110838
2021-05-07 09:30:49,6702.2,110849
2021-05-07 09:30:51,6700.0,110905
2021-05-07 09:30:52,6701.8,110945
2021-05-07 09:30:53,6702.05,110973
2021-05-07 09:30:54,6701.65,111117
2021-05-07 09:30:55,6698.0,111119
2021-05-07 09:30:57,6700.0,111146
2021-05-07 09:30:58,6698.0,111167
2021-05-07 09:30:59,6700.0,111206
2021-05-07 09:31:00,6697.5,111378
2021-05-07 09:31:01,6698.85,111418
2021-05-07 09:31:02,6698.0,111420
2021-05-07 09:31:03,6698.1,111424
2021-05-07 09:31:04,6698.05,111603
2021-05-07 09:31:05,6698.1,111606
2021-05-07 09:31:06,6698.0,111730
2021-05-07 09:31:07,6698.05,111895
2021-05-07 09:31:08,6695.2,111979
2021-05-07 09:31:09,6695.6,111993
2021-05-07 09:31:10,6695.0,112074
2021-05-07 09:31:11,6697.05,112149
2021-05-07 09:31:12,6695.1,112261
2021-05-07 09:31:13,6698.45,112395
2021-05-07 09:31:14,6695.15,112415
2021-05-07 09:31:15,6695.1,112454
2021-05-07 09:31:16,6695.0,112588
2021-05-07 09:31:17,6695.0,112588
2021-05-07 09:31:18,6698.9,112668
2021-05-07 09:31:19,6695.1,112688
2021-05-07 09:31:20,6695.1,112688
2021-05-07 09:31:21,6696.4,112703
2021-05-07 09:31:22,6695.0,112817
2021-05-07 09:31:23,6696.95,112857
2021-05-07 09:31:24,6696.95,112867
2021-05-07 09:31:25,6695.05,112897
2021-05-07 09:31:26,6695.05,112907
2021-05-07 09:31:27,6696.95,112910
2021-05-07 09:31:28,6693.5,113372
2021-05-07 09:31:29,6690.05,113543
2021-05-07 09:31:32,6690.0,113844
2021-05-07 09:31:33,6690.0,113889
2021-05-07 09:31:34,6688.25,113916
2021-05-07 09:31:35,6690.05,113966
2021-05-07 09:31:36,6690.2,114006
2021-05-07 09:31:37,6690.0,114024
2021-05-07 09:31:38,6688.25,114060
2021-05-07 09:31:39,6688.25,114076
2021-05-07 09:31:40,6690.0,114091
2021-05-07 09:31:41,6688.25,114272
2021-05-07 09:31:42,6692.95,114312
2021-05-07 09:31:43,6688.8,114317
2021-05-07 09:31:44,6688.8,114339
2021-05-07 09:31:45,6688.8,114372
2021-05-07 09:31:46,6688.8,114372
2021-05-07 09:31:47,6685.4,116045
2021-05-07 09:31:48,6684.0,116128
2021-05-07 09:31:49,6687.0,116178
2021-05-07 09:31:50,6689.5,116278
2021-05-07 09:31:51,6689.9,116438
2021-05-07 09:31:52,6694.35,116532
2021-05-07 09:31:53,6689.4,116579
2021-05-07 09:31:54,6687.55,116626
2021-05-07 09:31:55,6692.45,116738
2021-05-07 09:31:56,6694.45,116761
2021-05-07 09:31:57,6694.2,116781
2021-05-07 09:31:58,6694.2,116792
2021-05-07 09:31:59,6690.45,116824
2021-05-07 09:32:00,6693.55,116825
2021-05-07 09:32:01,6690.3,116877
2021-05-07 09:32:02,6693.4,116934
2021-05-07 09:32:03,6690.55,116936
2021-05-07 09:32:04,6693.1,116950
2021-05-07 09:32:05,6693.25,117010
2021-05-07 09:32:06,6690.9,117092
2021-05-07 09:32:07,6693.45,117144
2021-05-07 09:32:08,6695.0,117228
2021-05-07 09:32:09,6695.1,117286
2021-05-07 09:32:10,6693.9,117327
2021-05-07 09:32:11,6696.85,117402
2021-05-07 09:32:12,6695.1,117456
2021-05-07 09:32:13,6695.1,117456
2021-05-07 09:32:14,6697.0,117470
2021-05-07 09:32:15,6697.0,117470
2021-05-07 09:32:16,6698.0,117683
2021-05-07 09:32:17,6700.0,117777
2021-05-07 09:32:18,6703.0,118011
2021-05-07 09:32:19,6700.55,118012
2021-05-07 09:32:20,6700.35,118013
2021-05-07 09:32:21,6700.5,118018
2021-05-07 09:32:22,6703.0,118125
2021-05-07 09:32:23,6700.55,118176
2021-05-07 09:32:24,6703.0,118217
2021-05-07 09:32:25,6700.5,118301
2021-05-07 09:32:26,6703.0,118553
2021-05-07 09:32:27,6703.0,118600
2021-05-07 09:32:28,6703.5,118628
2021-05-07 09:32:29,6704.1,118661
2021-05-07 09:32:30,6703.0,118667
2021-05-07 09:32:31,6701.2,118668
2021-05-07 09:32:32,6703.5,118679
2021-05-07 09:32:33,6704.95,118680
2021-05-07 09:32:34,6701.6,118781
2021-05-07 09:32:35,6705.0,118883
2021-05-07 09:32:36,6705.0,118935
2021-05-07 09:32:37,6704.95,118961
2021-05-07 09:32:38,6703.0,119001
2021-05-07 09:32:39,6704.95,119017
2021-05-07 09:32:40,6704.85,119067
2021-05-07 09:32:41,6704.95,119100
2021-05-07 09:32:42,6705.0,119141
2021-05-07 09:32:43,6705.0,119298
2021-05-07 09:32:44,6705.0,119315
2021-05-07 09:32:45,6705.0,119315
2021-05-07 09:32:46,6703.0,119378
2021-05-07 09:32:47,6697.5,120099
2021-05-07 09:32:48,6697.0,120151
2021-05-07 09:32:49,6697.8,120167
2021-05-07 09:32:50,6696.5,120188
2021-05-07 09:32:51,6696.0,120286
2021-05-07 09:32:52,6701.0,120400
2021-05-07 09:32:53,6699.8,120402
2021-05-07 09:32:54,6696.45,120405
2021-05-07 09:32:55,6701.5,120445
2021-05-07 09:32:56,6701.5,120445
2021-05-07 09:32:57,6698.7,120450
2021-05-07 09:32:58,6697.5,120496
2021-05-07 09:32:59,6697.5,120608
2021-05-07 09:33:00,6697.5,120638
2021-05-07 09:33:01,6697.5,120660
2021-05-07 09:33:02,6697.5,120660
2021-05-07 09:33:03,6697.5,120667
2021-05-07 09:33:04,6697.5,120667
2021-05-07 09:33:05,6699.15,120688
2021-05-07 09:33:06,6699.15,120688
2021-05-07 09:33:07,6699.8,120698
2021-05-07 09:33:08,6699.8,120698
2021-05-07 09:33:09,6699.15,120749
2021-05-07 09:33:10,6699.15,120749
2021-05-07 09:33:11,6699.8,120817
2021-05-07 09:33:13,6701.0,120868
2021-05-07 09:33:14,6701.0,120873
2021-05-07 09:33:14,6701.0,120873
2021-05-07 09:33:15,6701.0,120873
2021-05-07 09:33:16,6701.0,120873
2021-05-07 09:33:17,6701.2,120888
2021-05-07 09:33:18,6701.2,120898
2021-05-07 09:33:19,6701.35,121015
2021-05-07 09:33:20,6701.2,121044
2021-05-07 09:33:21,6701.2,121045
2021-05-07 09:33:22,6699.75,121080
2021-05-07 09:33:23,6701.0,121082
2021-05-07 09:33:24,6701.1,121146
2021-05-07 09:33:25,6701.2,121205
2021-05-07 09:33:26,6699.75,121273
2021-05-07 09:33:27,6699.75,121277
2021-05-07 09:33:28,6700.0,121303
2021-05-07 09:33:30,6703.0,121314
2021-05-07 09:33:31,6704.25,121348
2021-05-07 09:33:32,6704.55,121377
2021-05-07 09:33:32,6704.55,121377
2021-05-07 09:33:33,6704.55,121379
2021-05-07 09:33:34,6702.05,121404
2021-05-07 09:33:35,6702.0,121414
2021-05-07 09:33:37,6702.0,121424
2021-05-07 09:33:38,6704.55,121525
2021-05-07 09:33:40,6704.55,121540
2021-05-07 09:33:40,6702.0,121549
2021-05-07 09:33:41,6702.0,121591
2021-05-07 09:33:42,6704.65,121617
2021-05-07 09:33:43,6704.8,121662
2021-05-07 09:33:44,6705.0,121762
2021-05-07 09:33:45,6704.45,121794
2021-05-07 09:33:46,6702.05,121877
2021-05-07 09:33:47,6702.05,121917
2021-05-07 09:33:48,6702.05,121917
2021-05-07 09:33:50,6702.05,121917
2021-05-07 09:33:51,6701.2,122015
2021-05-07 09:33:51,6701.2,122015
2021-05-07 09:33:52,6701.2,122020
2021-05-07 09:33:53,6702.0,122054
2021-05-07 09:33:54,6701.0,122056
2021-05-07 09:33:55,6701.0,122068
2021-05-07 09:33:56,6701.0,122068
2021-05-07 09:33:57,6701.05,122259
2021-05-07 09:33:59,6699.8,122261
2021-05-07 09:34:00,6698.0,122262
2021-05-07 09:34:01,6698.9,122478
2021-05-07 09:34:02,6699.95,122599
2021-05-07 09:34:02,6700.0,122623
2021-05-07 09:34:03,6699.9,122685
2021-05-07 09:34:04,6697.2,122686
2021-05-07 09:34:05,6696.1,122691
2021-05-07 09:34:06,6696.1,122691
2021-05-07 09:34:07,6696.1,122691
2021-05-07 09:34:08,6695.5,122715
2021-05-07 09:34:10,6695.85,122717
2021-05-07 09:34:10,6699.8,122718
2021-05-07 09:34:11,6699.8,122720
2021-05-07 09:34:12,6696.6,122773
2021-05-07 09:34:13,6693.5,123015
2021-05-07 09:34:14,6690.9,123183
2021-05-07 09:34:15,6690.0,123722
2021-05-07 09:34:16,6690.9,123731
2021-05-07 09:34:17,6690.9,123732
2021-05-07 09:34:19,6688.8,123780
2021-05-07 09:34:19,6688.8,123780
2021-05-07 09:34:20,6688.05,123883
2021-05-07 09:34:21,6690.9,123944
2021-05-07 09:34:22,6690.9,123944
2021-05-07 09:34:23,6689.1,123999
2021-05-07 09:34:24,6689.1,124086
2021-05-07 09:34:25,6690.0,124199
2021-05-07 09:34:26,6690.0,124205
2021-05-07 09:34:27,6690.0,124255
2021-05-07 09:34:28,6690.0,124316
2021-05-07 09:34:29,6689.95,124340
2021-05-07 09:34:31,6690.0,124426
2021-05-07 09:34:31,6689.95,124441
2021-05-07 09:34:32,6689.1,124453
2021-05-07 09:34:33,6690.85,124494
2021-05-07 09:34:34,6690.2,124599
2021-05-07 09:34:35,6690.9,124629
2021-05-07 09:34:36,6694.8,124665
2021-05-07 09:34:37,6694.5,124675
2021-05-07 09:34:39,6694.45,124680
2021-05-07 09:34:40,6691.1,124721
2021-05-07 09:34:40,6691.1,124721
2021-05-07 09:34:41,6691.1,124721
2021-05-07 09:34:42,6691.1,124721
2021-05-07 09:34:43,6693.35,124742
2021-05-07 09:34:45,6691.5,124743
2021-05-07 09:34:45,6691.5,124743
2021-05-07 09:34:47,6691.5,124743
2021-05-07 09:34:49,6698.2,124863
2021-05-07 09:34:50,6698.45,124888
2021-05-07 09:34:51,6698.9,124919
2021-05-07 09:34:52,6698.9,124923
2021-05-07 09:34:54,6695.45,124937
2021-05-07 09:34:55,6698.0,124942
2021-05-07 09:34:55,6698.0,124942
2021-05-07 09:34:56,6695.45,124962
2021-05-07 09:34:57,6698.0,124988
2021-05-07 09:34:58,6698.75,125008
2021-05-07 09:35:00,6696.85,125022
2021-05-07 09:35:00,6696.85,125022
2021-05-07 09:35:02,6692.85,125059
2021-05-07 09:35:03,6694.5,125069
2021-05-07 09:35:04,6692.0,125169
2021-05-07 09:35:05,6694.5,125281
2021-05-07 09:35:06,6694.5,125339
2021-05-07 09:35:07,6692.7,125349
2021-05-07 09:35:08,6692.7,125350
2021-05-07 09:35:09,6690.7,125360
2021-05-07 09:35:10,6687.1,125695
2021-05-07 09:35:12,6687.0,125741
2021-05-07 09:35:13,6687.0,125744
2021-05-07 09:35:14,6689.15,125754
2021-05-07 09:35:15,6689.15,125754
2021-05-07 09:35:17,6687.0,125846
2021-05-07 09:35:17,6687.0,125846
2021-05-07 09:35:18,6689.15,125848
2021-05-07 09:35:19,6687.0,125849
2021-05-07 09:35:21,6687.6,125928
2021-05-07 09:35:23,6687.15,125971
2021-05-07 09:35:24,6691.25,126054
2021-05-07 09:35:25,6691.15,126073
2021-05-07 09:35:26,6687.7,126159
2021-05-07 09:35:27,6690.6,126195
2021-05-07 09:35:29,6688.0,126210
2021-05-07 09:35:30,6688.0,126210
2021-05-07 09:35:31,6688.0,126210
2021-05-07 09:35:31,6688.0,126210
2021-05-07 09:35:32,6689.5,126212
2021-05-07 09:35:33,6690.0,126341
2021-05-07 09:35:34,6688.0,126368
2021-05-07 09:35:36,6688.0,126463
2021-05-07 09:35:37,6688.0,126489
2021-05-07 09:35:37,6688.0,126489
2021-05-07 09:35:38,6688.0,126499
2021-05-07 09:35:39,6687.15,126525
2021-05-07 09:35:40,6687.15,126542
2021-05-07 09:35:42,6686.0,126831
2021-05-07 09:35:43,6687.75,126833
2021-05-07 09:35:43,6687.75,126833
2021-05-07 09:35:44,6687.15,126834
2021-05-07 09:35:45,6687.7,126859
2021-05-07 09:35:46,6687.7,126859
2021-05-07 09:35:47,6688.0,126889
2021-05-07 09:35:48,6688.0,126905
2021-05-07 09:35:50,6687.0,127023
2021-05-07 09:35:51,6685.05,127127
2021-05-07 09:35:52,6688.0,127165
2021-05-07 09:35:53,6688.0,127216
2021-05-07 09:35:54,6688.0,127236
2021-05-07 09:35:54,6688.0,127236
2021-05-07 09:35:55,6685.1,127259
2021-05-07 09:35:56,6688.0,127298
2021-05-07 09:35:58,6688.0,127331
2021-05-07 09:35:59,6687.0,127974
2021-05-07 09:36:00,6687.0,127974
2021-05-07 09:36:01,6687.0,127976
2021-05-07 09:36:02,6687.0,128098
2021-05-07 09:36:02,6687.0,128098
2021-05-07 09:36:03,6687.0,128140
2021-05-07 09:36:04,6686.95,128141
2021-05-07 09:36:05,6685.5,128202
2021-05-07 09:36:06,6685.5,128267
2021-05-07 09:36:08,6685.05,128339
2021-05-07 09:36:09,6685.05,129051
2021-05-07 09:36:10,6685.0,129127
2021-05-07 09:36:11,6685.0,129282
2021-05-07 09:36:12,6685.0,129293
2021-05-07 09:36:12,6685.0,129293
2021-05-07 09:36:13,6685.0,129293
2021-05-07 09:36:14,6687.0,129344
2021-05-07 09:36:16,6687.0,129344
2021-05-07 09:36:17,6687.0,129344
2021-05-07 09:36:18,6687.95,129354
2021-05-07 09:36:19,6687.95,129354
2021-05-07 09:36:19,6687.95,129354
2021-05-07 09:36:20,6688.35,129726
2021-05-07 09:36:21,6688.25,129751
2021-05-07 09:36:22,6688.25,129751
2021-05-07 09:36:24,6688.25,129751
2021-05-07 09:36:25,6688.25,129751
2021-05-07 09:36:26,6688.5,129834
2021-05-07 09:36:27,6690.0,129859
2021-05-07 09:36:28,6690.0,129869
2021-05-07 09:36:28,6690.0,129861
2021-05-07 09:36:29,6688.0,130070
2021-05-07 09:36:30,6688.5,130184
2021-05-07 09:36:32,6690.0,130245
2021-05-07 09:36:33,6691.0,130292
2021-05-07 09:36:35,6694.35,130373
2021-05-07 09:36:35,6695.0,130416
2021-05-07 09:36:36,6696.2,130491
2021-05-07 09:36:37,6697.0,130515
2021-05-07 09:36:38,6694.9,130542
2021-05-07 09:36:39,6694.9,130542
2021-05-07 09:36:40,6698.35,130547
2021-05-07 09:36:42,6695.05,130549
2021-05-07 09:36:43,6695.05,130549
2021-05-07 09:36:43,6695.05,130549
2021-05-07 09:36:44,6699.8,130559
2021-05-07 09:36:45,6699.5,130613
2021-05-07 09:36:46,6695.75,130628
2021-05-07 09:36:48,6694.5,130639
2021-05-07 09:36:49,6694.5,130639
2021-05-07 09:36:50,6694.5,130639
2021-05-07 09:36:51,6691.5,131696
2021-05-07 09:36:52,6691.0,131707
2021-05-07 09:36:53,6691.0,131707
2021-05-07 09:36:54,6693.85,131722
2021-05-07 09:36:54,6693.85,131722
2021-05-07 09:36:55,6692.35,131726
2021-05-07 09:36:56,6690.5,131761
2021-05-07 09:36:58,6691.0,131811
2021-05-07 09:36:59,6691.5,131840
2021-05-07 09:37:00,6691.5,131851
2021-05-07 09:37:01,6691.0,131852
2021-05-07 09:37:03,6691.5,132171
2021-05-07 09:37:04,6691.0,132185
2021-05-07 09:37:05,6691.5,132186
2021-05-07 09:37:06,6691.5,132191
2021-05-07 09:37:07,6692.0,132249
2021-05-07 09:37:08,6693.3,132282
2021-05-07 09:37:09,6693.3,132365
2021-05-07 09:37:10,6690.95,132405
2021-05-07 09:37:11,6690.95,132405
2021-05-07 09:37:13,6690.95,132405
2021-05-07 09:37:14,6692.1,132441
2021-05-07 09:37:16,6692.1,132482
2021-05-07 09:37:17,6692.1,132482
2021-05-07 09:37:18,6694.4,132483
2021-05-07 09:37:20,6696.1,132644
2021-05-07 09:37:21,6696.95,132692
2021-05-07 09:37:22,6692.1,132800
2021-05-07 09:37:22,6691.7,132805
2021-05-07 09:37:23,6695.0,132819
2021-05-07 09:37:24,6695.6,132824
2021-05-07 09:37:26,6694.4,132839
2021-05-07 09:37:27,6695.95,132858
2021-05-07 09:37:28,6696.15,132918
2021-05-07 09:37:28,6696.15,132918
2021-05-07 09:37:30,6692.1,132919
2021-05-07 09:37:31,6692.25,132943
2021-05-07 09:37:32,6696.05,132946
2021-05-07 09:37:32,6696.05,132946
2021-05-07 09:37:33,6696.45,132971
2021-05-07 09:37:35,6695.0,132972
2021-05-07 09:37:36,6697.0,132989
2021-05-07 09:37:37,6693.3,132990
2021-05-07 09:37:38,6695.95,133010
2021-05-07 09:37:39,6693.3,133014
2021-05-07 09:37:40,6695.0,133024
2021-05-07 09:37:41,6695.0,133056
2021-05-07 09:37:42,6695.0,133057
2021-05-07 09:37:43,6695.0,133057
2021-05-07 09:37:43,6695.0,133057
2021-05-07 09:37:44,6695.0,133057
2021-05-07 09:37:46,6693.9,133116
2021-05-07 09:37:46,6692.8,133117
2021-05-07 09:37:49,6691.0,133144
2021-05-07 09:37:50,6691.0,133144
2021-05-07 09:37:51,6691.55,133156
2021-05-07 09:37:52,6691.55,133156
2021-05-07 09:37:53,6691.55,133156
2021-05-07 09:37:54,6694.0,133183
2021-05-07 09:37:54,6694.0,133185
2021-05-07 09:37:55,6694.6,133229
2021-05-07 09:37:56,6690.5,133314
2021-05-07 09:37:57,6693.2,133320
2021-05-07 09:37:58,6693.2,133320
2021-05-07 09:37:59,6691.0,133321
2021-05-07 09:38:00,6693.2,133627
2021-05-07 09:38:02,6692.9,133631
2021-05-07 09:38:03,6692.9,133631
2021-05-07 09:38:04,6692.9,133633
2021-05-07 09:38:05,6690.35,133638
2021-05-07 09:38:06,6693.0,133708
2021-05-07 09:38:07,6693.0,133708
2021-05-07 09:38:07,6690.1,133715
2021-05-07 09:38:08,6690.05,133958
2021-05-07 09:38:09,6690.0,133982
2021-05-07 09:38:11,6688.5,134116
2021-05-07 09:38:12,6688.5,134116
2021-05-07 09:38:13,6688.0,134132
2021-05-07 09:38:14,6685.65,134249
2021-05-07 09:38:15,6688.65,134280
2021-05-07 09:38:16,6685.3,134311
2021-05-07 09:38:17,6685.3,134333
2021-05-07 09:38:17,6685.3,134333
2021-05-07 09:38:18,6685.3,134480
2021-05-07 09:38:19,6685.0,134564
2021-05-07 09:38:20,6680.45,134820
2021-05-07 09:38:21,6682.5,134903
2021-05-07 09:38:23,6682.5,134907
2021-05-07 09:38:24,6682.3,134970
2021-05-07 09:38:25,6680.2,135069
2021-05-07 09:38:26,6682.45,135115
2021-05-07 09:38:27,6680.15,135146
2021-05-07 09:38:28,6680.15,135146
2021-05-07 09:38:28,6680.15,135150
2021-05-07 09:38:30,6674.7,137332
2021-05-07 09:38:31,6677.9,137535
2021-05-07 09:38:32,6678.0,137566
2021-05-07 09:38:33,6674.7,137747
2021-05-07 09:38:33,6674.7,137660
2021-05-07 09:38:34,6674.55,137842
2021-05-07 09:38:36,6674.6,137962
2021-05-07 09:38:37,6674.95,138014
2021-05-07 09:38:38,6674.6,138116
2021-05-07 09:38:39,6674.45,138228
2021-05-07 09:38:39,6674.95,138211
2021-05-07 09:38:40,6674.35,138253
2021-05-07 09:38:41,6678.0,138357
2021-05-07 09:38:42,6678.0,138609
2021-05-07 09:38:43,6674.9,138704
2021-05-07 09:38:44,6677.85,138886
2021-05-07 09:38:45,6676.7,139005
2021-05-07 09:38:47,6675.05,139017
2021-05-07 09:38:48,6676.6,139058
2021-05-07 09:38:49,6676.7,139084
2021-05-07 09:38:50,6676.7,139089
2021-05-07 09:38:51,6675.05,139091
2021-05-07 09:38:51,6675.05,139091
2021-05-07 09:38:52,6676.7,139155
2021-05-07 09:38:53,6675.15,139466
2021-05-07 09:38:55,6676.0,139557
2021-05-07 09:38:56,6677.45,139632
2021-05-07 09:38:57,6677.95,139649
2021-05-07 09:38:58,6675.3,139669
2021-05-07 09:38:59,6678.0,139898
2021-05-07 09:38:59,6678.0,139898
2021-05-07 09:39:00,6676.05,139910
2021-05-07 09:39:01,6677.75,139943
2021-05-07 09:39:02,6677.75,140042
2021-05-07 09:39:04,6678.85,140107
2021-05-07 09:39:05,6678.9,140162
2021-05-07 09:39:06,6680.5,140262
2021-05-07 09:39:07,6678.9,140272
2021-05-07 09:39:08,6677.15,140281
2021-05-07 09:39:09,6677.1,140285
2021-05-07 09:39:11,6678.9,140372
2021-05-07 09:39:11,6679.0,140375
2021-05-07 09:39:12,6680.05,140435
2021-05-07 09:39:14,6681.0,140483
2021-05-07 09:39:15,6682.5,140486
2021-05-07 09:39:17,6685.3,140541
2021-05-07 09:39:18,6685.2,140624
2021-05-07 09:39:19,6685.2,140624
2021-05-07 09:39:20,6681.5,140705
2021-05-07 09:39:21,6684.8,140738
2021-05-07 09:39:21,6684.8,140738
2021-05-07 09:39:22,6684.8,140738
2021-05-07 09:39:23,6684.8,140738
2021-05-07 09:39:25,6684.15,140762
2021-05-07 09:39:26,6682.15,140793
2021-05-07 09:39:27,6684.2,140795
2021-05-07 09:39:28,6682.15,140796
2021-05-07 09:39:30,6684.5,140861
2021-05-07 09:39:30,6684.5,140861
2021-05-07 09:39:31,6684.75,140895
2021-05-07 09:39:32,6684.8,140900
2021-05-07 09:39:33,6684.8,140950
2021-05-07 09:39:35,6683.0,141002
2021-05-07 09:39:36,6684.8,141075
2021-05-07 09:39:37,6685.0,141133
2021-05-07 09:39:38,6683.0,141138
2021-05-07 09:39:38,6685.0,141140
2021-05-07 09:39:39,6685.0,141161
2021-05-07 09:39:40,6684.5,141172
2021-05-07 09:39:41,6683.9,141187
2021-05-07 09:39:43,6683.9,141187
2021-05-07 09:39:44,6683.9,141187
2021-05-07 09:39:45,6685.0,141237
2021-05-07 09:39:46,6685.0,141396
2021-05-07 09:39:48,6685.0,141408
2021-05-07 09:39:51,6685.0,141558
2021-05-07 09:39:52,6685.0,141568
2021-05-07 09:39:53,6682.0,141724
2021-05-07 09:39:53,6682.0,141724
2021-05-07 09:39:54,6682.45,141726
2021-05-07 09:39:55,6681.0,141794
2021-05-07 09:39:57,6680.2,141817
2021-05-07 09:39:58,6682.45,141819
2021-05-07 09:39:59,6682.45,141819
2021-05-07 09:40:00,6680.2,141843
2021-05-07 09:40:01,6680.2,141843
2021-05-07 09:40:02,6680.2,141897
2021-05-07 09:40:03,6680.7,142077
2021-05-07 09:40:04,6680.0,142208
2021-05-07 09:40:05,6680.4,142240
2021-05-07 09:40:06,6680.8,142249
2021-05-07 09:40:07,6678.05,142260
2021-05-07 09:40:08,6678.05,142260
2021-05-07 09:40:10,6678.05,142329
2021-05-07 09:40:11,6678.05,142331
2021-05-07 09:40:11,6678.05,142331
2021-05-07 09:40:13,6680.0,142332
2021-05-07 09:40:14,6680.2,142342
2021-05-07 09:40:15,6676.0,142510
2021-05-07 09:40:16,6676.5,142517
2021-05-07 09:40:16,6680.95,142585
2021-05-07 09:40:18,6682.0,142592
2021-05-07 09:40:19,6679.05,142603
2021-05-07 09:40:20,6678.05,142604
2021-05-07 09:40:21,6681.1,142672
2021-05-07 09:40:23,6681.1,142672
2021-05-07 09:40:24,6681.05,142760
2021-05-07 09:40:25,6677.15,142764
2021-05-07 09:40:26,6677.15,142764
2021-05-07 09:40:27,6678.4,142780
2021-05-07 09:40:28,6678.3,142840
2021-05-07 09:40:30,6678.75,142908
2021-05-07 09:40:31,6681.35,142939
2021-05-07 09:40:32,6681.35,142939
2021-05-07 09:40:33,6680.9,142989
2021-05-07 09:40:34,6680.9,142989
2021-05-07 09:40:35,6678.75,142998
2021-05-07 09:40:36,6678.75,142998
2021-05-07 09:40:37,6678.25,143013
2021-05-07 09:40:38,6680.9,143015
2021-05-07 09:40:39,6681.7,143028
2021-05-07 09:40:39,6681.65,143029
2021-05-07 09:40:41,6678.75,143036
2021-05-07 09:40:42,6679.0,143043
2021-05-07 09:40:43,6678.3,143093
2021-05-07 09:40:44,6678.3,143093
2021-05-07 09:40:45,6678.3,143093
2021-05-07 09:40:45,6678.3,143093
2021-05-07 09:40:46,6678.0,143219
2021-05-07 09:40:48,6678.0,143220
2021-05-07 09:40:49,6678.0,143268
2021-05-07 09:40:50,6678.0,143279
2021-05-07 09:40:51,6678.0,143279
2021-05-07 09:40:51,6678.0,143279
2021-05-07 09:40:53,6678.0,143289
2021-05-07 09:40:54,6678.0,143341
2021-05-07 09:40:55,6677.0,143508
2021-05-07 09:40:56,6676.0,143594
2021-05-07 09:40:57,6676.0,143601
2021-05-07 09:40:59,6675.9,143949
2021-05-07 09:41:00,6675.9,143959
2021-05-07 09:41:01,6677.0,143965
2021-05-07 09:41:02,6675.5,143977
2021-05-07 09:41:03,6675.5,143977
2021-05-07 09:41:04,6677.0,143982
2021-05-07 09:41:05,6676.1,143989
2021-05-07 09:41:06,6675.5,144223
2021-05-07 09:41:07,6676.3,144225
2021-05-07 09:41:08,6676.3,144274
2021-05-07 09:41:08,6676.3,144274
2021-05-07 09:41:09,6675.5,144277
2021-05-07 09:41:10,6675.5,144585
2021-05-07 09:41:11,6675.45,144594
2021-05-07 09:41:12,6675.45,144651
2021-05-07 09:41:13,6675.0,144663
2021-05-07 09:41:14,6675.05,144738
2021-05-07 09:41:16,6675.0,144980
2021-05-07 09:41:17,6674.5,144988
2021-05-07 09:41:18,6674.45,145104
2021-05-07 09:41:19,6674.45,145126
2021-05-07 09:41:21,6674.45,145142
2021-05-07 09:41:23,6675.6,145833
2021-05-07 09:41:26,6678.0,147732
2021-05-07 09:41:27,6678.0,147739
2021-05-07 09:41:28,6678.4,147777
2021-05-07 09:41:28,6679.95,147808
2021-05-07 09:41:29,6677.05,147812
2021-05-07 09:41:31,6677.1,147913
2021-05-07 09:41:32,6677.1,147913
2021-05-07 09:41:33,6677.15,147919
2021-05-07 09:41:34,6680.0,147984
2021-05-07 09:41:34,6680.0,147995
2021-05-07 09:41:36,6680.0,147997
2021-05-07 09:41:37,6680.0,147997
2021-05-07 09:41:38,6680.0,148021
2021-05-07 09:41:38,6677.7,148026
2021-05-07 09:41:40,6677.65,148054
2021-05-07 09:41:41,6681.85,148145
2021-05-07 09:41:42,6681.8,148153
2021-05-07 09:41:43,6681.8,148153
2021-05-07 09:41:44,6681.8,148153
2021-05-07 09:41:45,6682.0,148250
2021-05-07 09:41:46,6678.45,148264
2021-05-07 09:41:47,6678.45,148264
2021-05-07 09:41:48,6682.0,148332
2021-05-07 09:41:49,6682.8,148502
2021-05-07 09:41:50,6682.8,148502
2021-05-07 09:41:51,6680.0,148503
2021-05-07 09:41:52,6680.0,148518
2021-05-07 09:41:53,6683.05,148519
2021-05-07 09:41:54,6683.05,148519
2021-05-07 09:41:55,6683.3,148602
2021-05-07 09:41:56,6684.5,148627
2021-05-07 09:41:57,6681.9,148631
2021-05-07 09:41:58,6681.9,148631
2021-05-07 09:41:59,6685.0,148633
2021-05-07 09:42:01,6685.0,148737
2021-05-07 09:42:02,6683.3,148763
2021-05-07 09:42:04,6683.3,148763
2021-05-07 09:42:05,6685.0,148765
2021-05-07 09:42:06,6685.0,148792
2021-05-07 09:42:07,6685.0,148796
2021-05-07 09:42:08,6685.0,148806
2021-05-07 09:42:09,6683.3,148808
2021-05-07 09:42:10,6683.3,148869
2021-05-07 09:42:11,6683.3,148869
2021-05-07 09:42:12,6685.0,148913
2021-05-07 09:42:13,6685.0,148913
2021-05-07 09:42:14,6685.0,148916
2021-05-07 09:42:15,6685.0,149024
2021-05-07 09:42:16,6685.0,149025
2021-05-07 09:42:17,6683.3,149051
2021-05-07 09:42:18,6685.0,149059
2021-05-07 09:42:19,6685.0,149064
2021-05-07 09:42:20,6685.0,149064
2021-05-07 09:42:21,6685.0,149065
2021-05-07 09:42:22,6685.95,149146
2021-05-07 09:42:23,6683.3,149149
2021-05-07 09:42:24,6683.3,149149
2021-05-07 09:42:25,6684.0,149152
2021-05-07 09:42:26,6685.9,149182
2021-05-07 09:42:27,6687.3,149238
2021-05-07 09:42:28,6686.7,149261
2021-05-07 09:42:29,6686.7,149290
2021-05-07 09:42:30,6686.7,149369
2021-05-07 09:42:32,6684.0,149370
2021-05-07 09:42:31,6684.0,149370
2021-05-07 09:42:33,6686.6,149454
2021-05-07 09:42:34,6688.0,149458
2021-05-07 09:42:35,6688.0,149458
2021-05-07 09:42:36,6689.0,149501
2021-05-07 09:42:37,6688.8,149521
2021-05-07 09:42:38,6685.05,149562
2021-05-07 09:42:39,6685.05,149562
2021-05-07 09:42:40,6687.15,149667
2021-05-07 09:42:42,6685.0,149677
2021-05-07 09:42:43,6687.4,149716
2021-05-07 09:42:44,6684.05,149717
2021-05-07 09:42:45,6685.0,149718
2021-05-07 09:42:46,6685.0,149816
2021-05-07 09:42:47,6685.8,149861
2021-05-07 09:42:48,6685.8,149866
2021-05-07 09:42:49,6682.3,149872
2021-05-07 09:42:50,6682.0,149886
2021-05-07 09:42:51,6683.0,149904
2021-05-07 09:42:52,6685.0,149954
2021-05-07 09:42:53,6685.0,149954
2021-05-07 09:42:54,6682.05,149964
2021-05-07 09:42:55,6682.0,149986
2021-05-07 09:42:56,6682.9,150005
2021-05-07 09:42:57,6682.85,150009
2021-05-07 09:42:58,6682.85,150009
2021-05-07 09:42:59,6683.75,150019
2021-05-07 09:43:00,6684.0,150021
2021-05-07 09:43:01,6684.0,150021
2021-05-07 09:43:02,6682.05,150132
2021-05-07 09:43:04,6682.0,150137
2021-05-07 09:43:03,6682.0,150137
2021-05-07 09:43:05,6682.0,150160
2021-05-07 09:43:06,6682.0,150160
2021-05-07 09:43:07,6683.85,150180
2021-05-07 09:43:08,6683.95,150200
2021-05-07 09:43:09,6683.0,150269
2021-05-07 09:43:10,6680.5,150283
2021-05-07 09:43:11,6681.05,150285
2021-05-07 09:43:12,6681.05,150285
2021-05-07 09:43:13,6678.85,150516
2021-05-07 09:43:14,6678.8,150535
2021-05-07 09:43:15,6677.0,150581
2021-05-07 09:43:16,6677.0,150598
2021-05-07 09:43:17,6679.25,150736
2021-05-07 09:43:18,6679.0,150746
2021-05-07 09:43:19,6677.0,150750
2021-05-07 09:43:20,6677.0,150805
2021-05-07 09:43:21,6680.15,150819
2021-05-07 09:43:22,6680.2,150820
2021-05-07 09:43:23,6680.2,150820
2021-05-07 09:43:24,6680.2,150820
2021-05-07 09:43:25,6680.2,150820
2021-05-07 09:43:27,6680.2,150851
2021-05-07 09:43:28,6680.2,150851
2021-05-07 09:43:29,6682.4,150956
2021-05-07 09:43:30,6680.0,150957
2021-05-07 09:43:31,6682.1,150971
2021-05-07 09:43:32,6682.4,150976
2021-05-07 09:43:33,6682.5,151011
2021-05-07 09:43:34,6681.0,151016
2021-05-07 09:43:35,6681.0,151016
2021-05-07 09:43:36,6681.0,151016
2021-05-07 09:43:37,6681.0,151024
2021-05-07 09:43:38,6681.0,151024
2021-05-07 09:43:39,6681.0,151034
2021-05-07 09:43:40,6681.0,151040
2021-05-07 09:43:41,6681.0,151040
2021-05-07 09:43:42,6679.1,151100
2021-05-07 09:43:43,6679.1,151100
2021-05-07 09:43:44,6681.0,151125
2021-05-07 09:43:45,6681.95,151182
2021-05-07 09:43:46,6681.95,151182
2021-05-07 09:43:47,6681.95,151182
2021-05-07 09:43:48,6681.0,151183
2021-05-07 09:43:49,6681.0,151183
2021-05-07 09:43:50,6681.0,151198
2021-05-07 09:43:51,6681.0,151198
2021-05-07 09:43:52,6678.0,151219
2021-05-07 09:43:53,6678.0,151229
2021-05-07 09:43:54,6679.75,151249
2021-05-07 09:43:55,6676.5,151290
2021-05-07 09:43:56,6678.0,151316
2021-05-07 09:43:57,6678.0,151316
2021-05-07 09:43:58,6677.85,151332
2021-05-07 09:43:59,6675.35,151334
2021-05-07 09:44:01,6677.5,151354
2021-05-07 09:44:01,6677.5,151354
2021-05-07 09:44:02,6677.5,151354
2021-05-07 09:44:03,6677.5,151354
2021-05-07 09:44:04,6677.9,151389
2021-05-07 09:44:05,6675.0,151439
2021-05-07 09:44:07,6677.45,151444
2021-05-07 09:44:08,6677.45,151451
2021-05-07 09:44:09,6675.0,151457
2021-05-07 09:44:10,6675.0,151457
2021-05-07 09:44:11,6675.0,151457
2021-05-07 09:44:12,6675.0,151487
2021-05-07 09:44:13,6675.0,151487
2021-05-07 09:44:14,6675.0,151487
2021-05-07 09:44:15,6675.0,151487
2021-05-07 09:44:16,6677.0,151770
2021-05-07 09:44:17,6660.3,154021
2021-05-07 09:44:18,6660.0,154312
2021-05-07 09:44:19,6662.05,154584
2021-05-07 09:44:20,6659.0,154618
2021-05-07 09:44:21,6661.85,154642
2021-05-07 09:44:22,6660.4,154661
2021-05-07 09:44:23,6661.75,154673
2021-05-07 09:44:24,6660.4,154703
2021-05-07 09:44:25,6663.6,154797
2021-05-07 09:44:26,6663.7,154798
2021-05-07 09:44:27,6665.0,154849
2021-05-07 09:44:28,6665.0,154849
2021-05-07 09:44:29,6662.5,154860
2021-05-07 09:44:30,6663.6,155108
2021-05-07 09:44:31,6666.55,155251
2021-05-07 09:44:33,6667.4,155275
2021-05-07 09:44:33,6665.4,155270
2021-05-07 09:44:34,6667.4,155276
2021-05-07 09:44:35,6665.4,155279
2021-05-07 09:44:36,6668.4,155381
2021-05-07 09:44:37,6669.45,155387
2021-05-07 09:44:38,6666.1,155396
2021-05-07 09:44:39,6666.1,155396
2021-05-07 09:44:40,6669.0,155397
2021-05-07 09:44:41,6670.0,155631
2021-05-07 09:44:43,6669.7,155638
2021-05-07 09:44:43,6669.7,155638
2021-05-07 09:44:44,6669.75,155651
2021-05-07 09:44:45,6669.75,155651
2021-05-07 09:44:46,6666.7,155657
2021-05-07 09:44:47,6666.55,155773
2021-05-07 09:44:48,6666.55,155773
2021-05-07 09:44:49,6669.25,155777
2021-05-07 09:44:50,6666.55,155837
2021-05-07 09:44:51,6666.7,155852
2021-05-07 09:44:52,6666.7,155852
2021-05-07 09:44:53,6666.05,156044
2021-05-07 09:44:54,6666.0,156173
2021-05-07 09:44:55,6664.05,156190
2021-05-07 09:44:56,6666.7,156212
2021-05-07 09:44:57,6666.65,156243
2021-05-07 09:44:58,6666.7,156250
2021-05-07 09:44:59,6669.15,156351
2021-05-07 09:45:01,6664.55,156401
2021-05-07 09:45:01,6664.55,156401
2021-05-07 09:45:02,6666.0,156419
2021-05-07 09:45:03,6664.55,156424
2021-05-07 09:45:04,6664.65,156456
2021-05-07 09:45:05,6666.0,156480
2021-05-07 09:45:06,6664.65,156536
2021-05-07 09:45:07,6664.55,156542
2021-05-07 09:45:08,6665.0,156544
2021-05-07 09:45:09,6666.7,156648
2021-05-07 09:45:10,6666.7,156650
2021-05-07 09:45:11,6664.75,156682
2021-05-07 09:45:12,6665.0,156732
2021-05-07 09:45:13,6665.0,156733
2021-05-07 09:45:14,6665.0,156762
2021-05-07 09:45:15,6665.0,156791
2021-05-07 09:45:16,6665.0,156811
2021-05-07 09:45:18,6665.0,156812
2021-05-07 09:45:18,6666.0,157061
2021-05-07 09:45:19,6664.65,157313
2021-05-07 09:45:20,6666.7,157696
2021-05-07 09:45:21,6664.6,157791
2021-05-07 09:45:22,6667.0,157809
2021-05-07 09:45:23,6665.0,157814
2021-05-07 09:45:24,6664.55,157824
2021-05-07 09:45:25,6666.7,157843
2021-05-07 09:45:26,6664.55,157893
2021-05-07 09:45:27,6665.0,157895
2021-05-07 09:45:29,6665.0,157899
2021-05-07 09:45:29,6665.0,157951
2021-05-07 09:45:30,6667.55,158031
2021-05-07 09:45:31,6667.7,158037
2021-05-07 09:45:32,6665.0,158038
2021-05-07 09:45:33,6665.0,158084
2021-05-07 09:45:34,6666.0,158085
2021-05-07 09:45:35,6665.0,158090
2021-05-07 09:45:36,6671.15,159318
2021-05-07 09:45:37,6671.15,159318
2021-05-07 09:45:38,6671.6,159320
2021-05-07 09:45:39,6671.55,159322
2021-05-07 09:45:40,6674.6,159330
2021-05-07 09:45:41,6674.6,159330
2021-05-07 09:45:42,6674.65,159378
2021-05-07 09:45:43,6672.9,159382
2021-05-07 09:45:44,6672.9,159382
2021-05-07 09:45:45,6672.95,159384
2021-05-07 09:45:47,6673.25,159433
2021-05-07 09:45:48,6676.2,159469
2021-05-07 09:45:49,6675.0,159545
2021-05-07 09:45:50,6677.45,159548
2021-05-07 09:45:51,6678.5,159579
2021-05-07 09:45:52,6679.95,159662
2021-05-07 09:45:53,6679.95,159662
2021-05-07 09:45:54,6676.9,159733
2021-05-07 09:45:55,6678.35,159768
2021-05-07 09:45:56,6676.9,159789
2021-05-07 09:45:57,6677.95,160320
2021-05-07 09:45:58,6675.9,160455
2021-05-07 09:46:00,6675.85,160483
2021-05-07 09:46:00,6674.0,160684
2021-05-07 09:46:01,6673.5,160699
2021-05-07 09:46:02,6676.0,160723
2021-05-07 09:46:04,6679.45,160792
2021-05-07 09:46:05,6679.45,160792
2021-05-07 09:46:05,6679.45,160792
2021-05-07 09:46:06,6679.45,160792
2021-05-07 09:46:07,6677.55,160830
2021-05-07 09:46:09,6677.55,160874
2021-05-07 09:46:10,6680.0,160896
2021-05-07 09:46:11,6677.55,160897
2021-05-07 09:46:12,6680.0,160906
2021-05-07 09:46:13,6680.0,160906
2021-05-07 09:46:14,6678.3,161042
2021-05-07 09:46:16,6678.3,161042
2021-05-07 09:46:16,6681.9,161067
2021-05-07 09:46:18,6681.9,161071
2021-05-07 09:46:19,6681.3,161176
2021-05-07 09:46:19,6680.0,161212
2021-05-07 09:46:20,6681.15,161264
2021-05-07 09:46:22,6681.15,161264
2021-05-07 09:46:23,6682.4,161349
2021-05-07 09:46:23,6680.0,161350
2021-05-07 09:46:24,6680.0,161351
2021-05-07 09:46:25,6680.0,161370
2021-05-07 09:46:26,6680.15,161371
2021-05-07 09:46:28,6683.5,161409
2021-05-07 09:46:29,6684.0,161546
2021-05-07 09:46:29,6681.0,161547
2021-05-07 09:46:30,6682.0,161557
2021-05-07 09:46:31,6684.0,161587
2021-05-07 09:46:32,6683.95,161589
2021-05-07 09:46:34,6683.95,161600
2021-05-07 09:46:35,6683.95,161610
2021-05-07 09:46:35,6683.95,161610
2021-05-07 09:46:36,6684.8,161679
2021-05-07 09:46:37,6684.8,161679
2021-05-07 09:46:38,6681.0,161710
2021-05-07 09:46:39,6683.8,161766
2021-05-07 09:46:40,6683.75,161768
2021-05-07 09:46:42,6684.0,161872
2021-05-07 09:46:43,6684.0,161872
2021-05-07 09:46:44,6684.0,161872
2021-05-07 09:46:45,6684.0,161872
2021-05-07 09:46:45,6684.0,161875
2021-05-07 09:46:48,6682.0,161980
2021-05-07 09:46:50,6685.0,162230
2021-05-07 09:46:51,6684.95,162233
2021-05-07 09:46:51,6684.95,162233
2021-05-07 09:46:52,6684.0,162235
2021-05-07 09:46:53,6693.65,163829
2021-05-07 09:46:54,6695.0,164016
2021-05-07 09:46:55,6694.45,164058
2021-05-07 09:46:56,6694.4,164082
2021-05-07 09:46:58,6691.8,164182
2021-05-07 09:46:58,6694.45,164329
2021-05-07 09:46:59,6694.45,164329
2021-05-07 09:47:00,6694.5,164336
2021-05-07 09:47:01,6691.8,164388
2021-05-07 09:47:03,6691.8,164757
2021-05-07 09:47:04,6693.3,164921
2021-05-07 09:47:04,6693.3,164921
2021-05-07 09:47:05,6693.3,164921
2021-05-07 09:47:06,6689.45,164942
2021-05-07 09:47:07,6691.8,165053
2021-05-07 09:47:09,6691.7,165058
2021-05-07 09:47:10,6690.25,165080
2021-05-07 09:47:10,6690.25,165080
2021-05-07 09:47:11,6689.9,165082
2021-05-07 09:47:12,6691.8,165124
2021-05-07 09:47:13,6691.8,165124
2021-05-07 09:47:14,6694.0,165274
2021-05-07 09:47:15,6689.95,165330
2021-05-07 09:47:18,6689.9,165338
2021-05-07 09:47:19,6692.9,165368
2021-05-07 09:47:19,6692.9,165368
2021-05-07 09:47:20,6692.5,165388
2021-05-07 09:47:21,6692.95,165404
2021-05-07 09:47:22,6692.5,165406
2021-05-07 09:47:24,6692.5,165406
2021-05-07 09:47:25,6690.0,165547
2021-05-07 09:47:25,6690.0,165547
2021-05-07 09:47:26,6690.05,165548
2021-05-07 09:47:27,6690.05,165568
2021-05-07 09:47:28,6693.9,165679
2021-05-07 09:47:29,6692.5,165696
2021-05-07 09:47:30,6690.6,165759
2021-05-07 09:47:32,6690.6,165777
2021-05-07 09:47:34,6690.6,165778
2021-05-07 09:47:35,6690.6,165778
2021-05-07 09:47:35,6690.4,165779
2021-05-07 09:47:36,6690.5,165810
2021-05-07 09:47:37,6690.45,166035
2021-05-07 09:47:38,6689.4,166180
2021-05-07 09:47:40,6689.4,166198
2021-05-07 09:47:41,6691.75,166201
2021-05-07 09:47:42,6689.0,166204
2021-05-07 09:47:43,6689.0,166214
2021-05-07 09:47:43,6689.0,166214
2021-05-07 09:47:44,6690.0,166239
2021-05-07 09:47:45,6689.0,166241
2021-05-07 09:47:46,6690.0,166273
2021-05-07 09:47:49,6689.0,166308
2021-05-07 09:47:50,6689.4,166442
2021-05-07 09:47:50,6686.5,166470
2021-05-07 09:47:51,6686.5,166471
2021-05-07 09:47:52,6689.0,166483
2021-05-07 09:47:53,6686.5,166485
2021-05-07 09:47:54,6686.5,166485
2021-05-07 09:47:57,6686.5,166485
2021-05-07 09:47:57,6688.6,166515
2021-05-07 09:47:58,6688.6,166533
2021-05-07 09:47:59,6688.6,166551
2021-05-07 09:48:00,6686.5,166569
2021-05-07 09:48:01,6689.95,166625
2021-05-07 09:48:03,6686.5,166647
2021-05-07 09:48:04,6686.05,166649
2021-05-07 09:48:05,6686.05,166650
2021-05-07 09:48:06,6686.05,166650
2021-05-07 09:48:07,6686.05,166650
2021-05-07 09:48:07,6686.05,166650
2021-05-07 09:48:08,6686.05,166650
2021-05-07 09:48:09,6686.5,166712
2021-05-07 09:48:10,6686.5,166733
2021-05-07 09:48:12,6686.0,166833
2021-05-07 09:48:13,6686.0,166833
2021-05-07 09:48:14,6688.0,166835
2021-05-07 09:48:15,6688.0,166884
2021-05-07 09:48:16,6688.0,166914
2021-05-07 09:48:16,6686.05,166924
2021-05-07 09:48:17,6688.0,166961
2021-05-07 09:48:19,6685.0,167011
2021-05-07 09:48:20,6685.0,167011
2021-05-07 09:48:21,6685.0,167011
2021-05-07 09:48:22,6685.0,167011
2021-05-07 09:48:23,6685.0,167011
2021-05-07 09:48:25,6689.0,167031
2021-05-07 09:48:27,6685.55,167146
2021-05-07 09:48:28,6688.5,167190
2021-05-07 09:48:29,6688.5,167190
2021-05-07 09:48:30,6688.5,167190
2021-05-07 09:48:31,6688.85,167213
2021-05-07 09:48:31,6688.85,167213
2021-05-07 09:48:32,6685.55,167223
2021-05-07 09:48:33,6688.8,167240
2021-05-07 09:48:35,6688.85,167250
2021-05-07 09:48:36,6688.85,167250
2021-05-07 09:48:37,6688.85,167250
2021-05-07 09:48:38,6688.85,167250
2021-05-07 09:48:39,6688.85,167250
2021-05-07 09:48:40,6688.85,167250
2021-05-07 09:48:41,6688.85,167250
2021-05-07 09:48:42,6688.0,167253
2021-05-07 09:48:43,6688.0,167253
2021-05-07 09:48:44,6688.0,167253
2021-05-07 09:48:45,6688.0,167254
2021-05-07 09:48:45,6688.0,167254
2021-05-07 09:48:46,6688.0,167254
2021-05-07 09:48:47,6688.0,167254
2021-05-07 09:48:48,6686.0,167257
2021-05-07 09:48:50,6686.0,167262
2021-05-07 09:48:51,6685.0,167312
2021-05-07 09:48:52,6684.0,167337
2021-05-07 09:48:53,6686.0,167389
2021-05-07 09:48:53,6683.1,167387
2021-05-07 09:48:54,6686.0,167389
2021-05-07 09:48:56,6686.0,167389
2021-05-07 09:48:57,6686.0,167389
2021-05-07 09:48:58,6686.0,167389
2021-05-07 09:48:59,6684.95,167484
2021-05-07 09:49:00,6684.95,167535
2021-05-07 09:49:01,6684.1,167549
2021-05-07 09:49:02,6681.35,167550
2021-05-07 09:49:03,6685.0,167650
2021-05-07 09:49:05,6685.0,167650
2021-05-07 09:49:06,6685.0,167650
2021-05-07 09:49:07,6685.0,167650
2021-05-07 09:49:08,6682.5,167693
2021-05-07 09:49:09,6682.5,167693
2021-05-07 09:49:10,6682.5,167693
2021-05-07 09:49:10,6682.5,167693
2021-05-07 09:49:11,6682.5,167693
2021-05-07 09:49:13,6684.95,167695
2021-05-07 09:49:14,6684.85,167718
2021-05-07 09:49:15,6682.0,167719
2021-05-07 09:49:16,6682.05,167769
2021-05-07 09:49:16,6680.5,167770
2021-05-07 09:49:17,6680.0,167857
2021-05-07 09:49:18,6680.0,167860
2021-05-07 09:49:20,6679.5,167897
2021-05-07 09:49:21,6678.5,167900
2021-05-07 09:49:22,6678.0,167901
2021-05-07 09:49:23,6675.0,168392
2021-05-07 09:49:23,6673.2,168432
2021-05-07 09:49:24,6674.9,168582
2021-05-07 09:49:26,6673.95,168739
2021-05-07 09:49:27,6673.95,168739
2021-05-07 09:49:28,6673.95,168739
2021-05-07 09:49:29,6675.0,168813
2021-05-07 09:49:30,6675.0,168813
2021-05-07 09:49:31,6675.0,168926
2021-05-07 09:49:31,6675.0,168926
2021-05-07 09:49:32,6675.0,168941
2021-05-07 09:49:35,6675.0,168941
2021-05-07 09:49:36,6676.5,169075
2021-05-07 09:49:37,6676.5,169075
2021-05-07 09:49:38,6676.45,169080
2021-05-07 09:49:39,6676.45,169080
2021-05-07 09:49:39,6676.45,169080
2021-05-07 09:49:40,6676.45,169080
2021-05-07 09:49:42,6675.8,169092
2021-05-07 09:49:43,6675.0,169138
2021-05-07 09:49:44,6676.45,169141
2021-05-07 09:49:45,6676.45,169146
2021-05-07 09:49:46,6676.45,169146
2021-05-07 09:49:47,6675.1,169147
2021-05-07 09:49:48,6676.45,169201
2021-05-07 09:49:48,6676.45,169201
2021-05-07 09:49:49,6676.45,169201
2021-05-07 09:49:51,6676.45,169201
2021-05-07 09:49:52,6676.45,169201
2021-05-07 09:49:53,6676.45,169211
2021-05-07 09:49:54,6675.1,169212
2021-05-07 09:49:55,6677.75,169256
2021-05-07 09:49:56,6677.75,169256
2021-05-07 09:49:58,6677.4,169271
2021-05-07 09:49:59,6679.4,169312
2021-05-07 09:50:00,6679.4,169312
2021-05-07 09:50:01,6680.0,169331
2021-05-07 09:50:02,6677.0,169442
2021-05-07 09:50:02,6676.55,169542
2021-05-07 09:50:03,6676.2,169610
2021-05-07 09:50:05,6676.05,169663
2021-05-07 09:50:06,6676.45,169906
2021-05-07 09:50:07,6680.0,170106
2021-05-07 09:50:08,6680.0,170171
2021-05-07 09:50:08,6680.0,170231
2021-05-07 09:50:09,6676.5,170232
2021-05-07 09:50:10,6676.7,170240
2021-05-07 09:50:11,6676.7,170240
2021-05-07 09:50:13,6676.7,170241
2021-05-07 09:50:14,6676.7,170268
2021-05-07 09:50:15,6676.7,170268
2021-05-07 09:50:16,6676.7,170268
2021-05-07 09:50:17,6676.7,170268
2021-05-07 09:50:17,6676.7,170268
2021-05-07 09:50:19,6676.7,170268
2021-05-07 09:50:20,6676.7,170268
2021-05-07 09:50:21,6676.7,170268
2021-05-07 09:50:22,6676.7,170268
2021-05-07 09:50:23,6676.7,170269
2021-05-07 09:50:24,6676.7,170274
2021-05-07 09:50:25,6676.7,170290
2021-05-07 09:50:25,6676.7,170290
2021-05-07 09:50:27,6676.05,170292
2021-05-07 09:50:28,6676.05,170298
2021-05-07 09:50:29,6676.05,170298
2021-05-07 09:50:30,6676.7,170318
2021-05-07 09:50:31,6676.7,170319
2021-05-07 09:50:32,6676.7,170319
2021-05-07 09:50:33,6676.05,170322
2021-05-07 09:50:34,6676.7,170400
2021-05-07 09:50:34,6676.7,170400
2021-05-07 09:50:35,6678.0,170426
2021-05-07 09:50:37,6678.0,170426
2021-05-07 09:50:38,6678.0,170426
2021-05-07 09:50:39,6678.5,170476
2021-05-07 09:50:40,6676.7,170486
2021-05-07 09:50:41,6676.0,170488
2021-05-07 09:50:42,6675.55,170512
2021-05-07 09:50:42,6675.55,170512
2021-05-07 09:50:43,6672.3,170614
2021-05-07 09:50:45,6675.55,170644
2021-05-07 09:50:46,6673.1,170747
2021-05-07 09:50:47,6673.4,170750
2021-05-07 09:50:48,6673.4,170750
2021-05-07 09:50:49,6674.85,170799
2021-05-07 09:50:50,6674.85,170799
2021-05-07 09:50:51,6673.0,170831
2021-05-07 09:50:52,6672.0,170839
2021-05-07 09:50:52,6672.0,170839
2021-05-07 09:50:54,6671.0,170879
2021-05-07 09:50:55,6671.0,170879
2021-05-07 09:50:56,6673.5,171419
2021-05-07 09:50:57,6673.5,171419
2021-05-07 09:50:58,6673.5,171419
2021-05-07 09:50:58,6673.0,171436
2021-05-07 09:50:59,6673.0,171436
2021-05-07 09:51:01,6673.0,171453
2021-05-07 09:51:01,6673.0,171436
2021-05-07 09:51:02,6673.0,171453
2021-05-07 09:51:04,6673.0,171483
2021-05-07 09:51:05,6673.5,171515
2021-05-07 09:51:06,6673.0,171577
2021-05-07 09:51:07,6673.3,171593
2021-05-07 09:51:08,6673.0,171721
2021-05-07 09:51:08,6673.0,171743
2021-05-07 09:51:10,6673.0,171747
2021-05-07 09:51:12,6673.3,171778
2021-05-07 09:51:11,6673.25,171751
2021-05-07 09:51:12,6673.3,171782
2021-05-07 09:51:14,6675.0,171949
2021-05-07 09:51:15,6674.5,171950
2021-05-07 09:51:16,6674.5,171952
2021-05-07 09:51:16,6673.0,171957
2021-05-07 09:51:17,6674.5,171982
2021-05-07 09:51:18,6674.5,171982
2021-05-07 09:51:20,6675.0,172301
2021-05-07 09:51:20,6676.5,172306
2021-05-07 09:51:22,6673.6,172309
2021-05-07 09:51:22,6678.0,172452
2021-05-07 09:51:24,6678.0,172452
2021-05-07 09:51:25,6678.0,172452
2021-05-07 09:51:26,6674.8,172453
2021-05-07 09:51:27,6678.05,172499
2021-05-07 09:51:28,6678.05,172499
2021-05-07 09:51:29,6678.05,172499
2021-05-07 09:51:30,6678.05,172499
2021-05-07 09:51:31,6678.15,172500
2021-05-07 09:51:32,6678.15,172503
2021-05-07 09:51:33,6678.25,172563
2021-05-07 09:51:34,6678.25,172563
2021-05-07 09:51:35,6678.0,172617
2021-05-07 09:51:36,6677.05,172621
2021-05-07 09:51:37,6677.05,172621
2021-05-07 09:51:38,6677.05,172621
2021-05-07 09:51:39,6677.05,172621
2021-05-07 09:51:40,6678.0,172685
2021-05-07 09:51:41,6676.95,172751
2021-05-07 09:51:42,6678.0,172752
2021-05-07 09:51:43,6678.0,172752
2021-05-07 09:51:44,6678.0,172757
2021-05-07 09:51:45,6678.0,172757
2021-05-07 09:51:46,6678.0,172757
2021-05-07 09:51:47,6678.0,172761
2021-05-07 09:51:47,6680.0,172781
2021-05-07 09:51:48,6678.0,172782
2021-05-07 09:51:49,6680.0,172792
2021-05-07 09:51:50,6678.0,172812
2021-05-07 09:51:51,6678.0,172827
2021-05-07 09:51:52,6679.45,172831
2021-05-07 09:51:53,6678.0,172851
2021-05-07 09:51:54,6679.45,172862
2021-05-07 09:51:55,6678.0,172863
2021-05-07 09:51:56,6678.0,172863
2021-05-07 09:51:58,6678.0,172863
2021-05-07 09:52:00,6680.0,172911
2021-05-07 09:52:01,6680.0,172911
2021-05-07 09:52:02,6680.0,172911
2021-05-07 09:52:04,6680.0,172911
2021-05-07 09:52:05,6680.0,172911
2021-05-07 09:52:06,6675.25,172963
2021-05-07 09:52:07,6675.25,172963
2021-05-07 09:52:08,6678.0,172964
2021-05-07 09:52:09,6678.0,172964
2021-05-07 09:52:10,6674.65,173049
2021-05-07 09:52:11,6680.0,173099
2021-05-07 09:52:12,6676.75,173146
2021-05-07 09:52:13,6678.05,173185
2021-05-07 09:52:13,6675.55,173187
2021-05-07 09:52:14,6675.45,173188
2021-05-07 09:52:16,6679.45,173208
2021-05-07 09:52:17,6679.45,173208
2021-05-07 09:52:18,6675.75,173213
2021-05-07 09:52:19,6675.75,173213
2021-05-07 09:52:20,6675.75,173213
2021-05-07 09:52:20,6676.65,173228
2021-05-07 09:52:21,6676.55,173233
2021-05-07 09:52:23,6676.55,173233
2021-05-07 09:52:24,6676.55,173233
2021-05-07 09:52:25,6676.55,173233
2021-05-07 09:52:26,6676.55,173233
2021-05-07 09:52:27,6679.0,173235
2021-05-07 09:52:28,6679.0,173235
2021-05-07 09:52:29,6679.0,173235
2021-05-07 09:52:30,6679.0,173235
2021-05-07 09:52:31,6679.0,173235
2021-05-07 09:52:33,6675.0,173364
2021-05-07 09:52:34,6675.05,173365
2021-05-07 09:52:35,6676.35,173425
2021-05-07 09:52:36,6678.55,173459
2021-05-07 09:52:37,6678.6,173489
2021-05-07 09:52:38,6675.0,173534
2021-05-07 09:52:39,6678.15,173536
2021-05-07 09:52:40,6678.25,173537
2021-05-07 09:52:41,6678.25,173537
2021-05-07 09:52:42,6676.8,173539
2021-05-07 09:52:43,6676.8,173539
2021-05-07 09:52:44,6676.8,173542
2021-05-07 09:52:45,6676.8,173542
2021-05-07 09:52:47,6676.8,173543
2021-05-07 09:52:46,6676.8,173543
2021-05-07 09:52:49,6676.8,173543
2021-05-07 09:52:48,6676.8,173543
2021-05-07 09:52:50,6676.8,173543
2021-05-07 09:52:51,6676.8,173543
2021-05-07 09:52:52,6676.8,173543
2021-05-07 09:52:53,6675.15,173545
2021-05-07 09:52:54,6675.15,173545
2021-05-07 09:52:55,6675.15,173545
2021-05-07 09:52:56,6675.15,173545
2021-05-07 09:52:57,6675.15,173546
2021-05-07 09:52:58,6675.1,173547
2021-05-07 09:52:59,6675.1,173564
2021-05-07 09:53:00,6675.1,173568
2021-05-07 09:53:01,6675.1,173568
2021-05-07 09:53:02,6675.1,173606
2021-05-07 09:53:05,6675.15,173607
2021-05-07 09:53:04,6675.15,173607
2021-05-07 09:53:06,6675.15,173607
2021-05-07 09:53:07,6675.15,173607
2021-05-07 09:53:08,6675.15,173607
2021-05-07 09:53:09,6675.15,173607
2021-05-07 09:53:10,6675.15,173607
2021-05-07 09:53:12,6675.15,173607
2021-05-07 09:53:13,6675.15,173754
2021-05-07 09:53:15,6675.15,173791
2021-05-07 09:53:14,6675.15,173791
2021-05-07 09:53:16,6675.15,173791
2021-05-07 09:53:17,6675.15,173798
2021-05-07 09:53:18,6675.15,173798
2021-05-07 09:53:19,6675.15,173798
2021-05-07 09:53:20,6675.15,173798
2021-05-07 09:53:21,6675.15,173804
2021-05-07 09:53:22,6677.05,173823
2021-05-07 09:53:23,6674.5,173841
2021-05-07 09:53:24,6674.5,173841
2021-05-07 09:53:25,6675.0,173842
2021-05-07 09:53:26,6675.0,173842
2021-05-07 09:53:27,6675.0,173842
2021-05-07 09:53:28,6677.5,173844
2021-05-07 09:53:29,6675.0,173849
2021-05-07 09:53:30,6675.0,173849
2021-05-07 09:53:31,6675.0,173849
2021-05-07 09:53:32,6675.15,173881
2021-05-07 09:53:33,6678.2,173931
2021-05-07 09:53:34,6675.15,173971
2021-05-07 09:53:35,6678.25,173981
2021-05-07 09:53:36,6675.6,174045
2021-05-07 09:53:37,6675.6,174045
2021-05-07 09:53:38,6678.25,174082
2021-05-07 09:53:39,6678.25,174082
2021-05-07 09:53:40,6676.0,174187
2021-05-07 09:53:42,6675.85,174197
2021-05-07 09:53:43,6675.15,174226
2021-05-07 09:53:44,6675.15,174226
2021-05-07 09:53:45,6673.95,174271
2021-05-07 09:53:46,6677.25,174305
2021-05-07 09:53:47,6677.25,174305
2021-05-07 09:53:48,6677.25,174305
2021-05-07 09:53:49,6677.25,174305
2021-05-07 09:53:50,6677.25,174305
2021-05-07 09:53:51,6677.25,174305
2021-05-07 09:53:52,6675.0,174308
2021-05-07 09:53:54,6674.95,174314
2021-05-07 09:53:55,6674.95,174314
2021-05-07 09:53:56,6673.5,174326
2021-05-07 09:53:57,6673.5,174326
2021-05-07 09:53:58,6673.5,174334
2021-05-07 09:53:59,6674.95,174339
2021-05-07 09:54:00,6672.1,174351
2021-05-07 09:54:01,6672.1,174351
2021-05-07 09:54:02,6673.0,174352
2021-05-07 09:54:04,6672.6,174455
2021-05-07 09:54:05,6672.6,174455
2021-05-07 09:54:06,6672.6,174455
2021-05-07 09:54:07,6672.55,174456
2021-05-07 09:54:08,6669.75,174709
2021-05-07 09:54:09,6672.4,174759
2021-05-07 09:54:10,6670.1,174819
2021-05-07 09:54:11,6670.25,174899
2021-05-07 09:54:12,6670.25,174923
2021-05-07 09:54:13,6672.9,174927
2021-05-07 09:54:14,6670.25,174931
2021-05-07 09:54:15,6670.25,174936
2021-05-07 09:54:16,6672.2,175368
2021-05-07 09:54:17,6672.2,175368
2021-05-07 09:54:18,6670.3,175478
2021-05-07 09:54:19,6670.0,175489
2021-05-07 09:54:20,6671.45,175490
2021-05-07 09:54:21,6671.45,175490
2021-05-07 09:54:22,6670.0,175500
2021-05-07 09:54:23,6670.0,175500
2021-05-07 09:54:24,6671.45,175574
2021-05-07 09:54:25,6671.45,175574
2021-05-07 09:54:26,6672.2,175604
2021-05-07 09:54:28,6669.8,175704
2021-05-07 09:54:29,6672.2,175712
2021-05-07 09:54:30,6670.7,175808
2021-05-07 09:54:31,6670.7,175808
2021-05-07 09:54:32,6674.6,175810
2021-05-07 09:54:33,6674.05,175821
2021-05-07 09:54:34,6670.8,175870
2021-05-07 09:54:35,6673.25,175895
2021-05-07 09:54:36,6673.25,175895
2021-05-07 09:54:37,6670.0,175948
2021-05-07 09:54:38,6670.0,175948
2021-05-07 09:54:39,6673.8,175958
2021-05-07 09:54:40,6673.8,175958
2021-05-07 09:54:42,6673.8,175958
2021-05-07 09:54:43,6673.8,175958
2021-05-07 09:54:44,6673.8,175958
2021-05-07 09:54:44,6673.8,175958
2021-05-07 09:54:45,6673.9,175992
2021-05-07 09:54:46,6671.15,176043
2021-05-07 09:54:47,6674.45,176103
2021-05-07 09:54:48,6674.45,176103
2021-05-07 09:54:49,6674.95,176113
2021-05-07 09:54:50,6674.95,176113
2021-05-07 09:54:51,6674.95,176113
2021-05-07 09:54:52,6674.95,176113
2021-05-07 09:54:53,6674.95,176113
2021-05-07 09:54:54,6671.15,176118
2021-05-07 09:54:55,6673.0,176128
2021-05-07 09:54:56,6673.0,176128
2021-05-07 09:54:57,6674.55,176165
2021-05-07 09:54:58,6675.0,176258
2021-05-07 09:55:01,6671.75,176284
2021-05-07 09:55:03,6671.85,176315
2021-05-07 09:55:04,6670.25,176335
2021-05-07 09:55:07,6670.25,176335
2021-05-07 09:55:08,6670.25,176335
2021-05-07 09:55:09,6673.45,176355
2021-05-07 09:55:10,6673.45,176355
2021-05-07 09:55:11,6673.45,176355
2021-05-07 09:55:12,6673.45,176355
2021-05-07 09:55:13,6673.45,176355
2021-05-07 09:55:14,6673.45,176358
2021-05-07 09:55:15,6673.45,176358
2021-05-07 09:55:16,6673.45,176358
2021-05-07 09:55:17,6670.3,176372
2021-05-07 09:55:18,6671.55,176469
2021-05-07 09:55:19,6673.45,176505
2021-05-07 09:55:20,6673.45,176510
2021-05-07 09:55:21,6675.0,176540
2021-05-07 09:55:22,6675.0,176540
2021-05-07 09:55:23,6675.0,176545
2021-05-07 09:55:24,6675.0,176545
2021-05-07 09:55:25,6675.0,176545
2021-05-07 09:55:26,6673.45,176547
2021-05-07 09:55:28,6671.5,176548
2021-05-07 09:55:27,6673.45,176547
2021-05-07 09:55:29,6671.5,176548
2021-05-07 09:55:30,6674.1,176553
2021-05-07 09:55:31,6671.45,176554
2021-05-07 09:55:32,6674.0,176556
2021-05-07 09:55:33,6674.1,176609
2021-05-07 09:55:34,6674.1,176609
2021-05-07 09:55:35,6674.1,176609
2021-05-07 09:55:36,6674.1,176609
2021-05-07 09:55:37,6674.1,176609
2021-05-07 09:55:39,6670.65,176689
2021-05-07 09:55:40,6670.65,176689
2021-05-07 09:55:41,6670.65,176689
2021-05-07 09:55:43,6674.1,176690
2021-05-07 09:55:44,6674.1,176700
2021-05-07 09:55:45,6671.15,176751
2021-05-07 09:55:46,6674.0,176780
2021-05-07 09:55:47,6674.0,176780
2021-05-07 09:55:48,6674.0,176780
2021-05-07 09:55:49,6673.95,176782
2021-05-07 09:55:50,6672.0,176783
2021-05-07 09:55:51,6672.0,176792
2021-05-07 09:55:52,6672.0,176792
2021-05-07 09:55:53,6670.25,176892
2021-05-07 09:55:54,6674.0,176901
2021-05-07 09:55:55,6674.0,176901
2021-05-07 09:55:56,6671.0,176957
2021-05-07 09:55:57,6671.0,176957
2021-05-07 09:55:58,6670.5,176967
2021-05-07 09:55:59,6670.5,176967
2021-05-07 09:56:00,6671.5,177002
2021-05-07 09:56:02,6671.5,177002
2021-05-07 09:56:02,6671.5,177002
2021-05-07 09:56:03,6671.5,177002
2021-05-07 09:56:04,6672.0,177006
2021-05-07 09:56:05,6670.05,177111
2021-05-07 09:56:06,6670.05,177111
2021-05-07 09:56:07,6670.05,177111
2021-05-07 09:56:08,6670.05,177111
2021-05-07 09:56:09,6672.0,177125
2021-05-07 09:56:11,6672.0,177160
2021-05-07 09:56:11,6672.0,177125
2021-05-07 09:56:12,6672.0,177180
2021-05-07 09:56:13,6672.0,177180
2021-05-07 09:56:14,6671.0,177189
2021-05-07 09:56:15,6671.0,177189
2021-05-07 09:56:16,6670.5,177191
2021-05-07 09:56:17,6668.4,177617
2021-05-07 09:56:18,6668.2,177733
2021-05-07 09:56:19,6668.2,177733
2021-05-07 09:56:20,6668.0,177834
2021-05-07 09:56:22,6668.0,177843
2021-05-07 09:56:22,6668.0,177843
2021-05-07 09:56:23,6668.0,177923
2021-05-07 09:56:24,6670.5,177998
2021-05-07 09:56:25,6669.85,177999
2021-05-07 09:56:26,6669.85,178000
2021-05-07 09:56:27,6671.1,178100
2021-05-07 09:56:28,6668.25,178103
2021-05-07 09:56:29,6668.25,178103
2021-05-07 09:56:30,6669.0,178335
2021-05-07 09:56:31,6669.0,178336
2021-05-07 09:56:32,6666.1,178337
2021-05-07 09:56:33,6667.95,178355
2021-05-07 09:56:35,6667.95,178355
2021-05-07 09:56:36,6667.95,178383
2021-05-07 09:56:36,6667.95,178383
2021-05-07 09:56:37,6667.95,178383
2021-05-07 09:56:38,6667.95,178408
2021-05-07 09:56:39,6667.95,178408
2021-05-07 09:56:40,6668.0,178456
2021-05-07 09:56:41,6668.0,178456
2021-05-07 09:56:42,6667.5,178561
2021-05-07 09:56:43,6670.0,178562
2021-05-07 09:56:44,6667.5,178569
2021-05-07 09:56:45,6671.35,178608
2021-05-07 09:56:47,6671.6,178640
2021-05-07 09:56:48,6671.6,178640
2021-05-07 09:56:50,6672.25,178642
2021-05-07 09:56:51,6672.25,178642
2021-05-07 09:56:52,6670.0,178810
2021-05-07 09:56:53,6671.3,178896
2021-05-07 09:56:54,6671.1,178899
2021-05-07 09:56:54,6671.1,178899
2021-05-07 09:56:55,6667.65,178903
2021-05-07 09:56:56,6666.0,179057
2021-05-07 09:56:57,6666.0,179153
2021-05-07 09:56:58,6666.0,179155
2021-05-07 09:56:59,6669.1,179248
2021-05-07 09:57:00,6668.4,179259
2021-05-07 09:57:02,6667.5,179264
2021-05-07 09:57:03,6666.0,179446
2021-05-07 09:57:04,6667.0,179476
2021-05-07 09:57:05,6669.1,179477
2021-05-07 09:57:05,6669.1,179477
2021-05-07 09:57:06,6669.1,179477
2021-05-07 09:57:07,6667.65,179482
2021-05-07 09:57:08,6667.65,179482
2021-05-07 09:57:09,6667.65,179487
2021-05-07 09:57:10,6669.35,179525
2021-05-07 09:57:11,6669.35,179525
2021-05-07 09:57:12,6669.35,179525
2021-05-07 09:57:14,6670.0,179526
2021-05-07 09:57:15,6667.25,179576
2021-05-07 09:57:15,6668.45,179589
2021-05-07 09:57:17,6672.0,179642
2021-05-07 09:57:17,6671.9,179646
2021-05-07 09:57:18,6671.9,179646
2021-05-07 09:57:19,6671.85,179705
2021-05-07 09:57:20,6671.85,179705
2021-05-07 09:57:22,6668.75,179715
2021-05-07 09:57:23,6670.0,179881
2021-05-07 09:57:24,6670.0,179881
2021-05-07 09:57:26,6668.75,180535
2021-05-07 09:57:28,6668.75,180535
2021-05-07 09:57:28,6670.0,180536
2021-05-07 09:57:30,6670.0,180579
2021-05-07 09:57:31,6670.0,180627
2021-05-07 09:57:32,6668.0,180628
2021-05-07 09:57:33,6668.0,180628
2021-05-07 09:57:34,6670.0,180636
2021-05-07 09:57:35,6670.0,180636
2021-05-07 09:57:36,6668.0,180724
2021-05-07 09:57:37,6670.0,180754
2021-05-07 09:57:38,6668.0,180764
2021-05-07 09:57:39,6668.0,180764
2021-05-07 09:57:41,6668.0,180764
2021-05-07 09:57:42,6670.0,180765
2021-05-07 09:57:44,6669.9,180766
2021-05-07 09:57:45,6670.0,180796
2021-05-07 09:57:46,6668.0,180811
2021-05-07 09:57:47,6670.0,180812
2021-05-07 09:57:48,6668.0,180905
2021-05-07 09:57:48,6668.0,180905
2021-05-07 09:57:49,6668.0,180935
2021-05-07 09:57:50,6670.0,180950
2021-05-07 09:57:51,6669.0,181048
2021-05-07 09:57:52,6669.0,181048
2021-05-07 09:57:53,6669.7,181060
2021-05-07 09:57:54,6669.7,181060
2021-05-07 09:57:55,6667.05,181061
2021-05-07 09:57:57,6667.05,181074
2021-05-07 09:57:58,6667.0,181106
2021-05-07 09:57:59,6667.65,181118
2021-05-07 09:58:00,6667.0,181581
2021-05-07 09:58:00,6666.0,181582
2021-05-07 09:58:02,6667.65,181686
2021-05-07 09:58:03,6667.65,181686
2021-05-07 09:58:04,6667.65,181686
2021-05-07 09:58:05,6669.0,181721
2021-05-07 09:58:06,6669.0,181754
2021-05-07 09:58:06,6669.0,181754
2021-05-07 09:58:08,6666.05,182034
2021-05-07 09:58:09,6667.8,182036
2021-05-07 09:58:10,6667.05,182046
2021-05-07 09:58:11,6667.8,182079
2021-05-07 09:58:12,6666.0,182086
2021-05-07 09:58:14,6666.0,182086
2021-05-07 09:58:15,6665.0,182196
2021-05-07 09:58:15,6665.0,182206
2021-05-07 09:58:16,6665.0,182306
2021-05-07 09:58:17,6665.0,182306
2021-05-07 09:58:18,6664.95,182312
2021-05-07 09:58:19,6664.9,182319
2021-05-07 09:58:20,6665.0,182326
2021-05-07 09:58:21,6667.6,182594
2021-05-07 09:58:22,6667.6,182594
2021-05-07 09:58:23,6667.8,182622
2021-05-07 09:58:24,6667.8,182622
2021-05-07 09:58:25,6667.8,182622
2021-05-07 09:58:26,6665.75,182630
2021-05-07 09:58:27,6665.75,182630
2021-05-07 09:58:29,6667.8,182653
2021-05-07 09:58:30,6665.75,182654
2021-05-07 09:58:33,6667.8,182660
2021-05-07 09:58:34,6667.8,182660
2021-05-07 09:58:35,6667.8,182660
2021-05-07 09:58:35,6667.8,182660
2021-05-07 09:58:36,6665.75,182661
2021-05-07 09:58:37,6667.6,182669
2021-05-07 09:58:38,6665.55,182739
2021-05-07 09:58:39,6665.55,182739
2021-05-07 09:58:40,6665.55,182739
2021-05-07 09:58:41,6667.6,182740
2021-05-07 09:58:42,6666.0,182756
2021-05-07 09:58:43,6666.0,182756
2021-05-07 09:58:45,6667.8,182760
2021-05-07 09:58:46,6665.55,182771
2021-05-07 09:58:47,6665.25,182807
2021-05-07 09:58:48,6665.55,182818
2021-05-07 09:58:49,6665.55,182818
2021-05-07 09:58:50,6667.8,182821
2021-05-07 09:58:51,6665.1,182847
2021-05-07 09:58:51,6665.1,182847
2021-05-07 09:58:52,6665.1,182847
2021-05-07 09:58:54,6667.8,182852
2021-05-07 09:58:55,6665.0,182958
2021-05-07 09:58:57,6666.0,183003
2021-05-07 09:58:58,6666.0,183004
2021-05-07 09:58:59,6665.0,183007
2021-05-07 09:58:59,6665.0,183007
2021-05-07 09:59:00,6665.0,183007
2021-05-07 09:59:01,6665.0,183019
2021-05-07 09:59:02,6667.35,183053
2021-05-07 09:59:03,6666.0,183055
2021-05-07 09:59:04,6666.0,183062
2021-05-07 09:59:07,6666.0,183065
2021-05-07 09:59:09,6666.9,183230
2021-05-07 09:59:11,6666.9,183264
2021-05-07 09:59:12,6666.9,183264
2021-05-07 09:59:13,6666.9,183264
2021-05-07 09:59:14,6664.55,183314
2021-05-07 09:59:14,6664.55,183314
2021-05-07 09:59:15,6664.0,183434
2021-05-07 09:59:16,6666.0,183439
2021-05-07 09:59:17,6664.0,183453
2021-05-07 09:59:18,6664.0,183453
2021-05-07 09:59:19,6667.0,183546
2021-05-07 09:59:20,6667.0,183574
2021-05-07 09:59:21,6667.0,183574
2021-05-07 09:59:24,6664.5,183860
2021-05-07 09:59:25,6661.2,183894
2021-05-07 09:59:26,6661.15,183934
2021-05-07 09:59:27,6661.6,183960
2021-05-07 09:59:28,6661.6,183960
2021-05-07 09:59:29,6661.95,183967
2021-05-07 09:59:30,6665.05,183987
2021-05-07 09:59:31,6661.95,183997
2021-05-07 09:59:31,6661.95,183997
2021-05-07 09:59:32,6666.6,184141
2021-05-07 09:59:33,6662.5,184156
2021-05-07 09:59:34,6662.9,184163
2021-05-07 09:59:35,6662.9,184163
2021-05-07 09:59:37,6666.55,184274
2021-05-07 09:59:38,6662.85,184275
2021-05-07 09:59:38,6662.85,184275
2021-05-07 09:59:39,6666.1,184282
2021-05-07 09:59:40,6663.95,184386
2021-05-07 09:59:41,6666.9,184394
2021-05-07 09:59:42,6666.9,184397
2021-05-07 09:59:43,6664.5,184403
2021-05-07 09:59:45,6664.5,184403
2021-05-07 09:59:46,6666.0,184451
2021-05-07 09:59:47,6666.0,184453
2021-05-07 09:59:48,6666.9,184595
2021-05-07 09:59:49,6663.9,184628
2021-05-07 09:59:50,6663.9,184651
2021-05-07 09:59:52,6666.8,184693
2021-05-07 09:59:53,6666.8,184693
2021-05-07 09:59:54,6666.8,184718
2021-05-07 09:59:55,6666.8,184718
2021-05-07 09:59:56,6666.8,184718
2021-05-07 09:59:57,6666.0,184829
2021-05-07 09:59:58,6663.6,184883
2021-05-07 09:59:59,6663.6,184883
2021-05-07 10:00:00,6663.35,184915
2021-05-07 10:00:01,6666.0,184918
2021-05-07 10:00:02,6662.85,184937
2021-05-07 10:00:03,6663.65,184941
2021-05-07 10:00:04,6663.65,184941
2021-05-07 10:00:05,6663.65,184946
2021-05-07 10:00:05,6663.65,184946
2021-05-07 10:00:06,6663.65,184946
2021-05-07 10:00:07,6663.65,184946
2021-05-07 10:00:08,6663.65,184946
2021-05-07 10:00:09,6663.65,184946
2021-05-07 10:00:10,6663.0,184948
2021-05-07 10:00:11,6655.0,186607
2021-05-07 10:00:12,6651.6,186805
2021-05-07 10:00:14,6654.65,186852
2021-05-07 10:00:15,6651.25,186854
2021-05-07 10:00:16,6651.0,186901
2021-05-07 10:00:17,6652.35,186997
2021-05-07 10:00:18,6655.8,187014
2021-05-07 10:00:19,6655.75,187058
2021-05-07 10:00:20,6654.05,187349
2021-05-07 10:00:21,6658.95,187384
2021-05-07 10:00:22,6656.3,187387
2021-05-07 10:00:23,6656.15,187398
2021-05-07 10:00:24,6656.15,187413
2021-05-07 10:00:27,6657.35,187607
2021-05-07 10:00:28,6658.3,187610
2021-05-07 10:00:29,6658.5,187653
2021-05-07 10:00:30,6658.9,187654
2021-05-07 10:00:31,6658.95,187655
2021-05-07 10:00:32,6660.85,187683
2021-05-07 10:00:32,6660.85,187683
2021-05-07 10:00:33,6658.2,187710
2021-05-07 10:00:34,6662.45,187717
2021-05-07 10:00:35,6659.2,187722
2021-05-07 10:00:36,6658.0,187986
2021-05-07 10:00:37,6662.4,188021
2021-05-07 10:00:38,6661.95,188026
2021-05-07 10:00:39,6658.45,188065
2021-05-07 10:00:41,6663.5,188138
2021-05-07 10:00:42,6662.95,188149
2021-05-07 10:00:43,6663.4,188277
2021-05-07 10:00:44,6659.75,188327
2021-05-07 10:00:45,6659.55,188377
2021-05-07 10:00:46,6663.15,188379
2021-05-07 10:00:47,6663.15,188379
2021-05-07 10:00:48,6662.95,188496
2021-05-07 10:00:49,6662.7,188503
2021-05-07 10:00:50,6662.7,188503
2021-05-07 10:00:51,6662.7,188527
2021-05-07 10:00:52,6662.7,188527
2021-05-07 10:00:53,6660.5,188544
2021-05-07 10:00:54,6660.6,188633
2021-05-07 10:00:55,6660.6,188633
2021-05-07 10:00:56,6664.6,188638
2021-05-07 10:00:57,6664.65,188688
2021-05-07 10:00:58,6664.95,188694
2021-05-07 10:00:59,6664.95,188694
2021-05-07 10:01:00,6664.95,188694
2021-05-07 10:01:01,6665.0,188698
2021-05-07 10:01:01,6665.0,188698
2021-05-07 10:01:02,6665.0,188708
2021-05-07 10:01:04,6665.1,188768
2021-05-07 10:01:05,6665.0,188769
2021-05-07 10:01:06,6665.1,188784
2021-05-07 10:01:07,6664.95,188794
2021-05-07 10:01:08,6664.0,188795
2021-05-07 10:01:09,6666.0,188884
2021-05-07 10:01:09,6666.0,188884
2021-05-07 10:01:10,6665.1,188885
2021-05-07 10:01:12,6666.45,189108
2021-05-07 10:01:13,6665.1,189130
2021-05-07 10:01:15,6666.75,189155
2021-05-07 10:01:16,6665.1,189156
2021-05-07 10:01:17,6665.1,189156
2021-05-07 10:01:18,6666.8,189162
2021-05-07 10:01:18,6666.9,189167
2021-05-07 10:01:19,6666.0,189181
2021-05-07 10:01:21,6665.1,189230
2021-05-07 10:01:22,6666.8,189286
2021-05-07 10:01:23,6666.8,189286
2021-05-07 10:01:24,6665.1,189339
2021-05-07 10:01:25,6667.15,189496
2021-05-07 10:01:26,6667.75,189521
2021-05-07 10:01:27,6665.4,189523
2021-05-07 10:01:27,6665.4,189523
2021-05-07 10:01:28,6666.8,189529
2021-05-07 10:01:30,6666.8,189529
2021-05-07 10:01:31,6666.8,189556
2021-05-07 10:01:32,6666.8,189576
2021-05-07 10:01:33,6665.4,189935
2021-05-07 10:01:34,6665.4,189935
2021-05-07 10:01:35,6664.8,189936
2021-05-07 10:01:37,6666.5,190036
2021-05-07 10:01:38,6663.0,190140
2021-05-07 10:01:39,6665.65,190141
2021-05-07 10:01:40,6665.65,190141
2021-05-07 10:01:41,6665.65,190141
2021-05-07 10:01:42,6665.65,190141
2021-05-07 10:01:43,6665.65,190141
2021-05-07 10:01:43,6665.65,190141
2021-05-07 10:01:45,6665.65,190141
2021-05-07 10:01:46,6663.0,190151
2021-05-07 10:01:47,6666.0,190275
2021-05-07 10:01:48,6666.0,190275
2021-05-07 10:01:49,6663.5,190285
2021-05-07 10:01:50,6663.5,190285
2021-05-07 10:01:51,6663.5,190287
2021-05-07 10:01:51,6663.5,190287
2021-05-07 10:01:52,6663.5,190287
2021-05-07 10:01:53,6663.5,190317
2021-05-07 10:01:54,6663.5,190337
2021-05-07 10:01:55,6663.5,190337
2021-05-07 10:01:56,6663.5,190339
2021-05-07 10:01:58,6663.5,190339
2021-05-07 10:01:59,6665.0,190400
2021-05-07 10:02:00,6663.65,190663
2021-05-07 10:02:01,6663.65,190663
2021-05-07 10:02:02,6663.05,190683
2021-05-07 10:02:03,6663.05,190683
2021-05-07 10:02:04,6663.05,190683
2021-05-07 10:02:05,6663.05,190683
2021-05-07 10:02:05,6663.05,190683
2021-05-07 10:02:06,6663.05,190683
2021-05-07 10:02:08,6663.05,190683
2021-05-07 10:02:09,6666.0,190749
2021-05-07 10:02:10,6666.0,190750
2021-05-07 10:02:11,6667.0,190782
2021-05-07 10:02:12,6667.0,190782
2021-05-07 10:02:13,6667.0,190782
2021-05-07 10:02:13,6667.0,190782
2021-05-07 10:02:16,6668.25,190931
2021-05-07 10:02:17,6665.0,190941
2021-05-07 10:02:18,6668.55,190991
2021-05-07 10:02:19,6668.15,191031
2021-05-07 10:02:20,6668.15,191031
2021-05-07 10:02:20,6668.75,191081
2021-05-07 10:02:21,6668.75,191081
2021-05-07 10:02:22,6668.75,191081
2021-05-07 10:02:23,6668.15,191113
2021-05-07 10:02:24,6669.4,191481
2021-05-07 10:02:25,6667.2,191486
2021-05-07 10:02:27,6667.2,191486
2021-05-07 10:02:28,6667.2,191493
2021-05-07 10:02:29,6668.75,191523
2021-05-07 10:02:30,6668.75,191523
2021-05-07 10:02:31,6668.75,191543
2021-05-07 10:02:34,6668.75,191569
2021-05-07 10:02:35,6667.0,191571
2021-05-07 10:02:36,6668.75,191616
2021-05-07 10:02:36,6667.0,191629
2021-05-07 10:02:37,6668.75,191630
2021-05-07 10:02:38,6667.0,191640
2021-05-07 10:02:39,6668.85,191641
2021-05-07 10:02:41,6669.0,191691
2021-05-07 10:02:42,6669.0,191741
2021-05-07 10:02:43,6669.0,191788
2021-05-07 10:02:44,6669.0,191792
2021-05-07 10:02:45,6669.0,191793
2021-05-07 10:02:48,6668.7,191921
2021-05-07 10:02:49,6668.95,191925
2021-05-07 10:02:50,6668.95,191925
2021-05-07 10:02:51,6667.0,191926
2021-05-07 10:02:52,6667.0,191926
2021-05-07 10:02:53,6669.0,192374
2021-05-07 10:02:54,6669.0,192374
2021-05-07 10:02:55,6669.0,192374
2021-05-07 10:02:55,6669.0,192374
2021-05-07 10:02:57,6670.0,192399
2021-05-07 10:02:58,6670.0,192399
2021-05-07 10:02:59,6670.0,192431
2021-05-07 10:03:00,6670.0,192432
2021-05-07 10:03:01,6668.75,192448
2021-05-07 10:03:02,6668.75,192451
2021-05-07 10:03:03,6668.75,192451
2021-05-07 10:03:04,6669.0,192485
2021-05-07 10:03:05,6669.0,192485
2021-05-07 10:03:06,6669.0,192501
2021-05-07 10:03:07,6669.0,192501
2021-05-07 10:03:08,6669.0,192501
2021-05-07 10:03:09,6669.0,192501
2021-05-07 10:03:10,6669.0,192501
2021-05-07 10:03:12,6668.75,192556
2021-05-07 10:03:11,6669.0,192553
2021-05-07 10:03:13,6668.75,192556
2021-05-07 10:03:14,6669.0,192613
2021-05-07 10:03:15,6669.0,192613
2021-05-07 10:03:16,6668.05,192713
2021-05-07 10:03:17,6669.0,192715
2021-05-07 10:03:18,6667.0,192862
2021-05-07 10:03:19,6667.0,192862
2021-05-07 10:03:20,6667.05,192868
2021-05-07 10:03:21,6665.95,193086
2021-05-07 10:03:23,6665.95,193086
2021-05-07 10:03:24,6665.95,193086
2021-05-07 10:03:25,6665.95,193086
2021-05-07 10:03:26,6665.95,193086
2021-05-07 10:03:27,6663.65,193088
2021-05-07 10:03:28,6666.15,193090
2021-05-07 10:03:29,6663.55,193140
2021-05-07 10:03:30,6663.55,193140
2021-05-07 10:03:31,6663.55,193140
2021-05-07 10:03:32,6663.55,193140
2021-05-07 10:03:33,6663.6,193142
2021-05-07 10:03:34,6663.6,193142
2021-05-07 10:03:35,6663.6,193142
2021-05-07 10:03:38,6665.95,193187
2021-05-07 10:03:37,6664.0,193167
2021-05-07 10:03:39,6665.95,193212
2021-05-07 10:03:40,6663.25,193222
2021-05-07 10:03:41,6663.25,193222
2021-05-07 10:03:42,6665.95,193223
2021-05-07 10:03:43,6665.95,193223
2021-05-07 10:03:45,6665.95,193237
2021-05-07 10:03:46,6665.95,193261
2021-05-07 10:03:47,6663.6,193266
2021-05-07 10:03:48,6663.6,193266
2021-05-07 10:03:49,6663.6,193266
2021-05-07 10:03:50,6663.6,193266
2021-05-07 10:03:51,6663.6,193266
2021-05-07 10:03:52,6666.4,193285
2021-05-07 10:03:53,6663.95,193287
2021-05-07 10:03:54,6667.0,193288
2021-05-07 10:03:55,6667.0,193288
2021-05-07 10:03:56,6667.0,193288
2021-05-07 10:03:57,6667.0,193288
2021-05-07 10:03:58,6666.85,193293
2021-05-07 10:03:59,6666.85,193293
2021-05-07 10:04:00,6663.6,193307
2021-05-07 10:04:01,6666.2,193308
2021-05-07 10:04:03,6666.3,193311
2021-05-07 10:04:02,6666.3,193311
2021-05-07 10:04:05,6666.0,193352
2021-05-07 10:04:06,6666.0,193352
2021-05-07 10:04:07,6666.0,193352
2021-05-07 10:04:08,6666.0,193402
2021-05-07 10:04:09,6666.0,193402
2021-05-07 10:04:11,6666.9,193412
2021-05-07 10:04:12,6664.0,193413
2021-05-07 10:04:13,6664.0,193413
2021-05-07 10:04:14,6665.85,193423
2021-05-07 10:04:15,6666.0,193454
2021-05-07 10:04:16,6666.0,193454
2021-05-07 10:04:17,6664.1,193456
2021-05-07 10:04:18,6664.1,193458
2021-05-07 10:04:19,6664.1,193458
2021-05-07 10:04:20,6665.0,193463
2021-05-07 10:04:21,6664.1,193464
2021-05-07 10:04:22,6665.0,193491
2021-05-07 10:04:24,6665.0,193491
2021-05-07 10:04:25,6665.0,193491
2021-05-07 10:04:26,6665.0,193491
2021-05-07 10:04:27,6665.0,193494
2021-05-07 10:04:28,6663.15,193514
2021-05-07 10:04:29,6662.6,193544
2021-05-07 10:04:30,6662.6,193544
2021-05-07 10:04:31,6662.6,193544
2021-05-07 10:04:32,6662.6,193547
2021-05-07 10:04:34,6665.0,193562
2021-05-07 10:04:35,6665.0,193562
2021-05-07 10:04:36,6663.0,193577
2021-05-07 10:04:37,6663.0,193581
2021-05-07 10:04:38,6663.0,193581
2021-05-07 10:04:39,6663.0,193581
2021-05-07 10:04:40,6663.0,193582
2021-05-07 10:04:41,6665.0,193583
2021-05-07 10:04:42,6665.0,193583
2021-05-07 10:04:43,6663.6,193588
2021-05-07 10:04:44,6663.6,193588
2021-05-07 10:04:45,6663.6,193588
2021-05-07 10:04:46,6663.0,193590
2021-05-07 10:04:47,6665.0,193592
2021-05-07 10:04:48,6665.0,193592
2021-05-07 10:04:49,6665.0,193592
2021-05-07 10:04:50,6665.0,193612
2021-05-07 10:04:51,6664.0,193614
2021-05-07 10:04:53,6665.0,193636
2021-05-07 10:04:54,6662.55,193686
2021-05-07 10:04:55,6662.55,193686
2021-05-07 10:04:56,6662.55,193686
2021-05-07 10:04:57,6662.55,193686
2021-05-07 10:04:58,6662.55,193686
2021-05-07 10:04:59,6662.0,193741
2021-05-07 10:05:00,6662.0,193741
2021-05-07 10:05:01,6662.0,193741
2021-05-07 10:05:03,6664.95,193766
2021-05-07 10:05:05,6664.95,193766
2021-05-07 10:05:06,6662.55,193826
2021-05-07 10:05:07,6662.55,193846
2021-05-07 10:05:08,6665.0,193851
2021-05-07 10:05:10,6665.0,193923
2021-05-07 10:05:11,6666.95,193924
2021-05-07 10:05:12,6666.95,193924
2021-05-07 10:05:14,6665.0,193944
2021-05-07 10:05:15,6666.95,193946
2021-05-07 10:05:16,6666.95,193977
2021-05-07 10:05:18,6667.5,193997
2021-05-07 10:05:18,6667.5,193997
2021-05-07 10:05:19,6667.5,193997
2021-05-07 10:05:20,6667.5,194009
2021-05-07 10:05:22,6667.5,194052
2021-05-07 10:05:23,6667.0,194217
2021-05-07 10:05:23,6667.0,194217
2021-05-07 10:05:24,6667.5,194218
2021-05-07 10:05:25,6667.5,194235
2021-05-07 10:05:26,6669.0,194270
2021-05-07 10:05:27,6669.0,194295
2021-05-07 10:05:28,6669.0,194300
2021-05-07 10:05:29,6669.0,194300
2021-05-07 10:05:31,6669.0,194300
2021-05-07 10:05:31,6669.0,194300
2021-05-07 10:05:32,6669.0,194326
2021-05-07 10:05:33,6667.85,194336
2021-05-07 10:05:34,6670.0,194359
2021-05-07 10:05:35,6669.0,194360
2021-05-07 10:05:36,6672.4,194620
2021-05-07 10:05:37,6670.0,194645
2021-05-07 10:05:39,6672.3,194650
2021-05-07 10:05:39,6672.3,194650
2021-05-07 10:05:40,6673.0,194703
2021-05-07 10:05:41,6672.9,194718
2021-05-07 10:05:42,6673.2,194768
2021-05-07 10:05:43,6673.2,194802
2021-05-07 10:05:44,6673.2,194832
2021-05-07 10:05:45,6670.0,194847
2021-05-07 10:05:46,6673.1,194848
2021-05-07 10:05:47,6673.1,194848
2021-05-07 10:05:50,6673.1,194848
2021-05-07 10:05:50,6673.1,194848
2021-05-07 10:05:51,6673.1,194848
2021-05-07 10:05:52,6673.1,194848
2021-05-07 10:05:53,6672.9,194871
2021-05-07 10:05:55,6672.9,194871
2021-05-07 10:05:56,6672.9,194891
2021-05-07 10:05:56,6672.9,194891
2021-05-07 10:05:58,6672.9,194893
2021-05-07 10:05:59,6672.0,194896
2021-05-07 10:06:01,6672.0,194896
2021-05-07 10:06:02,6672.0,194901
2021-05-07 10:06:02,6672.0,194901
2021-05-07 10:06:03,6672.65,194906
2021-05-07 10:06:04,6672.0,194915
2021-05-07 10:06:05,6672.0,194915
2021-05-07 10:06:06,6672.0,194915
2021-05-07 10:06:07,6672.0,194917
2021-05-07 10:06:08,6669.0,194987
2021-05-07 10:06:09,6669.0,194995
2021-05-07 10:06:10,6669.0,194995
