timestamp,ltp,volume
2021-05-07 09:07:49,681.0,9047
2021-05-07 09:15:00,681.0,9047
2021-05-07 09:15:01,681.0,11760
2021-05-07 09:15:02,682.0,12685
2021-05-07 09:15:03,682.2,14204
2021-05-07 09:15:04,681.3,18622
2021-05-07 09:15:05,682.3,19527
2021-05-07 09:15:06,682.2,19923
2021-05-07 09:15:07,682.45,22536
2021-05-07 09:15:08,682.6,24415
2021-05-07 09:15:09,683.05,28489
2021-05-07 09:15:10,683.0,29288
2021-05-07 09:15:11,683.15,29777
2021-05-07 09:15:12,683.25,30238
2021-05-07 09:15:13,683.15,30564
2021-05-07 09:15:14,682.55,32507
2021-05-07 09:15:15,683.05,32895
2021-05-07 09:15:16,683.25,33408
2021-05-07 09:15:17,682.85,36230
2021-05-07 09:15:18,683.25,37198
2021-05-07 09:15:19,682.85,37364
2021-05-07 09:15:20,683.05,39005
2021-05-07 09:15:21,683.05,39191
2021-05-07 09:15:22,682.6,40588
2021-05-07 09:15:23,682.5,46474
2021-05-07 09:15:24,682.6,53417
2021-05-07 09:15:25,682.85,54041
2021-05-07 09:15:26,682.7,54542
2021-05-07 09:15:27,682.8,54596
2021-05-07 09:15:28,683.05,54726
2021-05-07 09:15:29,682.7,54919
2021-05-07 09:15:30,683.8,62758
2021-05-07 09:15:31,683.55,71218
2021-05-07 09:15:32,683.35,72981
2021-05-07 09:15:33,684.05,74273
2021-05-07 09:15:34,683.85,75206
2021-05-07 09:15:35,683.9,75952
2021-05-07 09:15:36,683.75,76151
2021-05-07 09:15:37,683.75,76758
2021-05-07 09:15:38,683.75,77289
2021-05-07 09:15:39,683.95,78358
2021-05-07 09:15:40,683.95,78719
2021-05-07 09:15:41,683.65,82068
2021-05-07 09:15:42,683.6,82543
2021-05-07 09:15:43,683.8,83469
2021-05-07 09:15:44,683.9,86346
2021-05-07 09:15:45,683.15,90662
2021-05-07 09:15:46,683.5,91185
2021-05-07 09:15:47,683.35,92614
2021-05-07 09:15:48,683.9,94161
2021-05-07 09:15:49,683.9,94161
2021-05-07 09:15:50,683.15,96720
2021-05-07 09:15:52,683.0,100666
2021-05-07 09:15:53,683.1,101045
2021-05-07 09:15:54,683.0,101629
2021-05-07 09:15:55,683.4,101641
2021-05-07 09:15:56,683.35,103751
2021-05-07 09:15:57,682.8,104840
2021-05-07 09:15:58,683.45,105570
2021-05-07 09:15:59,683.05,106015
2021-05-07 09:16:00,683.1,106110
2021-05-07 09:16:01,683.05,106807
2021-05-07 09:16:02,683.4,107230
2021-05-07 09:16:03,683.05,107841
2021-05-07 09:16:04,683.5,117270
2021-05-07 09:16:05,683.15,118575
2021-05-07 09:16:07,683.35,119422
2021-05-07 09:16:06,683.05,119421
2021-05-07 09:16:08,683.15,121250
2021-05-07 09:16:09,683.25,121646
2021-05-07 09:16:10,683.05,123866
2021-05-07 09:16:11,682.45,129793
2021-05-07 09:16:12,682.5,130336
2021-05-07 09:16:13,681.95,130865
2021-05-07 09:16:14,682.0,131297
2021-05-07 09:16:15,682.35,131307
2021-05-07 09:16:16,681.95,131568
2021-05-07 09:16:17,682.4,132423
2021-05-07 09:16:18,682.1,133759
2021-05-07 09:16:19,682.35,133942
2021-05-07 09:16:20,681.9,137710
2021-05-07 09:16:21,681.6,137821
2021-05-07 09:16:22,681.7,139441
2021-05-07 09:16:23,682.05,139545
2021-05-07 09:16:24,682.0,140010
2021-05-07 09:16:25,682.15,140485
2021-05-07 09:16:26,681.4,142715
2021-05-07 09:16:27,681.95,143178
2021-05-07 09:16:28,681.95,147202
2021-05-07 09:16:29,681.45,147972
2021-05-07 09:16:30,681.7,148187
2021-05-07 09:16:31,681.6,150107
2021-05-07 09:16:32,681.6,151349
2021-05-07 09:16:33,681.5,151890
2021-05-07 09:16:34,681.7,152090
2021-05-07 09:16:35,681.9,152131
2021-05-07 09:16:36,681.9,152196
2021-05-07 09:16:37,681.55,153678
2021-05-07 09:16:38,681.75,153995
2021-05-07 09:16:39,682.05,157071
2021-05-07 09:16:40,681.9,158856
2021-05-07 09:16:41,681.85,158899
2021-05-07 09:16:42,681.95,158900
2021-05-07 09:16:43,681.95,158900
2021-05-07 09:16:44,682.0,159578
2021-05-07 09:16:45,682.2,159637
2021-05-07 09:16:46,682.9,161091
2021-05-07 09:16:47,682.5,161485
2021-05-07 09:16:48,682.5,161525
2021-05-07 09:16:49,682.75,161685
2021-05-07 09:16:50,682.4,161845
2021-05-07 09:16:51,682.45,162346
2021-05-07 09:16:52,682.75,162586
2021-05-07 09:16:53,682.85,163626
2021-05-07 09:16:54,682.9,165632
2021-05-07 09:16:55,682.75,166503
2021-05-07 09:16:56,682.7,166809
2021-05-07 09:16:57,682.7,168555
2021-05-07 09:16:58,683.0,169097
2021-05-07 09:16:59,682.75,169727
2021-05-07 09:17:00,683.0,170114
2021-05-07 09:17:01,683.0,170124
2021-05-07 09:17:02,683.1,170389
2021-05-07 09:17:03,683.0,170815
2021-05-07 09:17:04,683.0,171028
2021-05-07 09:17:05,683.3,171880
2021-05-07 09:17:06,683.3,172087
2021-05-07 09:17:07,683.05,174338
2021-05-07 09:17:08,683.0,175825
2021-05-07 09:17:09,683.05,176300
2021-05-07 09:17:10,683.15,176520
2021-05-07 09:17:11,682.95,177680
2021-05-07 09:17:12,683.05,179338
2021-05-07 09:17:13,683.15,180344
2021-05-07 09:17:14,683.0,180512
2021-05-07 09:17:15,683.3,180791
2021-05-07 09:17:16,683.15,180937
2021-05-07 09:17:17,683.25,185263
2021-05-07 09:17:18,682.95,185633
2021-05-07 09:17:19,683.3,185806
2021-05-07 09:17:20,683.3,185861
2021-05-07 09:17:21,682.85,186546
2021-05-07 09:17:22,683.2,187145
2021-05-07 09:17:23,682.95,188097
2021-05-07 09:17:24,682.85,189595
2021-05-07 09:17:25,683.15,189655
2021-05-07 09:17:26,683.1,189926
2021-05-07 09:17:27,682.7,193397
2021-05-07 09:17:28,682.95,194228
2021-05-07 09:17:29,682.6,194247
2021-05-07 09:17:30,683.0,195049
2021-05-07 09:17:32,682.95,197632
2021-05-07 09:17:33,683.0,197845
2021-05-07 09:17:34,682.3,205446
2021-05-07 09:17:35,682.6,206369
2021-05-07 09:17:36,682.45,206750
2021-05-07 09:17:37,682.15,207230
2021-05-07 09:17:38,682.15,207883
2021-05-07 09:17:39,682.45,207921
2021-05-07 09:17:40,682.55,207941
2021-05-07 09:17:41,682.55,208055
2021-05-07 09:17:42,682.45,208565
2021-05-07 09:17:43,682.4,209233
2021-05-07 09:17:44,682.4,209393
2021-05-07 09:17:45,682.45,210393
2021-05-07 09:17:46,682.0,214176
2021-05-07 09:17:47,682.0,215126
2021-05-07 09:17:49,681.85,217634
2021-05-07 09:17:49,681.85,217624
2021-05-07 09:17:50,681.5,219668
2021-05-07 09:17:51,681.2,225932
2021-05-07 09:17:52,681.5,230077
2021-05-07 09:17:53,681.15,230577
2021-05-07 09:17:54,681.5,231027
2021-05-07 09:17:55,681.5,231491
2021-05-07 09:17:56,681.5,231492
2021-05-07 09:17:57,681.85,231931
2021-05-07 09:17:58,681.75,232001
2021-05-07 09:18:01,681.7,233226
2021-05-07 09:18:02,681.5,234931
2021-05-07 09:18:03,681.85,235426
2021-05-07 09:18:05,682.3,239022
2021-05-07 09:18:08,682.4,239591
2021-05-07 09:18:09,682.15,240105
2021-05-07 09:18:10,682.1,240107
2021-05-07 09:18:11,682.3,240134
2021-05-07 09:18:12,682.4,241800
2021-05-07 09:18:13,682.55,243366
2021-05-07 09:18:14,682.55,243410
2021-05-07 09:18:15,682.55,243520
2021-05-07 09:18:16,682.55,243521
2021-05-07 09:18:17,682.95,246054
2021-05-07 09:18:18,683.0,249325
2021-05-07 09:18:19,683.0,249478
2021-05-07 09:18:20,683.0,249667
2021-05-07 09:18:21,683.0,249745
2021-05-07 09:18:23,683.25,251926
2021-05-07 09:18:23,683.0,251903
2021-05-07 09:18:24,683.3,252332
2021-05-07 09:18:25,683.4,252987
2021-05-07 09:18:26,683.1,253179
2021-05-07 09:18:27,683.3,253412
2021-05-07 09:18:28,683.1,263148
2021-05-07 09:18:29,683.4,263170
2021-05-07 09:18:30,683.75,263662
2021-05-07 09:18:32,683.8,267402
2021-05-07 09:18:33,683.55,267845
2021-05-07 09:18:34,683.65,267870
2021-05-07 09:18:35,683.75,267887
2021-05-07 09:18:36,683.9,268096
2021-05-07 09:18:37,683.9,268264
2021-05-07 09:18:38,684.0,268289
2021-05-07 09:18:39,684.0,268602
2021-05-07 09:18:40,684.0,271762
2021-05-07 09:18:41,684.2,275021
2021-05-07 09:18:42,683.9,275101
2021-05-07 09:18:43,684.0,276001
2021-05-07 09:18:44,683.75,277602
2021-05-07 09:18:45,684.0,278564
2021-05-07 09:18:46,684.05,279087
2021-05-07 09:18:47,684.05,279270
2021-05-07 09:18:48,684.35,280224
2021-05-07 09:18:49,684.45,282319
2021-05-07 09:18:50,684.2,283079
2021-05-07 09:18:51,684.2,283089
2021-05-07 09:18:52,684.5,283317
2021-05-07 09:18:53,684.25,286084
2021-05-07 09:18:54,684.6,286738
2021-05-07 09:18:55,684.25,287158
2021-05-07 09:18:56,684.25,289099
2021-05-07 09:18:57,684.45,289249
2021-05-07 09:18:58,684.0,291797
2021-05-07 09:18:59,684.4,292390
2021-05-07 09:19:01,684.7,294550
2021-05-07 09:19:02,684.35,295101
2021-05-07 09:19:03,684.1,295417
2021-05-07 09:19:04,684.6,295933
2021-05-07 09:19:05,684.15,296628
2021-05-07 09:19:07,684.35,299101
2021-05-07 09:19:07,683.8,308393
2021-05-07 09:19:09,683.9,309390
2021-05-07 09:19:09,683.9,310623
2021-05-07 09:19:10,683.4,311814
2021-05-07 09:19:12,683.4,312970
2021-05-07 09:19:13,683.7,313753
2021-05-07 09:19:14,683.25,315975
2021-05-07 09:19:15,683.4,316354
2021-05-07 09:19:15,683.6,316919
2021-05-07 09:19:16,683.35,317199
2021-05-07 09:19:17,683.25,318700
2021-05-07 09:19:18,683.45,319289
2021-05-07 09:19:19,683.15,322363
2021-05-07 09:19:20,682.85,322420
2021-05-07 09:19:21,682.85,322643
2021-05-07 09:19:23,683.1,322663
2021-05-07 09:19:23,682.85,322798
2021-05-07 09:19:24,683.15,322906
2021-05-07 09:19:25,682.7,323761
2021-05-07 09:19:26,682.8,323781
2021-05-07 09:19:28,682.7,325646
2021-05-07 09:19:29,682.6,326533
2021-05-07 09:19:30,682.5,327242
2021-05-07 09:19:31,682.5,327290
2021-05-07 09:19:32,682.85,327578
2021-05-07 09:19:32,682.85,327578
2021-05-07 09:19:33,682.8,327910
2021-05-07 09:19:35,682.6,328226
2021-05-07 09:19:36,682.65,328411
2021-05-07 09:19:37,682.85,328614
2021-05-07 09:19:38,682.7,328935
2021-05-07 09:19:39,683.0,328976
2021-05-07 09:19:41,683.0,329166
2021-05-07 09:19:41,683.0,329298
2021-05-07 09:19:42,683.0,330950
2021-05-07 09:19:43,682.85,331262
2021-05-07 09:19:44,682.85,331262
2021-05-07 09:19:45,683.25,332654
2021-05-07 09:19:46,683.45,333189
2021-05-07 09:19:47,683.35,334344
2021-05-07 09:19:48,683.9,334759
2021-05-07 09:19:49,683.9,334823
2021-05-07 09:19:50,683.65,334943
2021-05-07 09:19:52,683.9,335219
2021-05-07 09:19:53,684.0,335925
2021-05-07 09:19:54,684.0,336203
2021-05-07 09:19:55,683.95,337178
2021-05-07 09:19:56,683.65,337512
2021-05-07 09:19:56,683.9,337629
2021-05-07 09:19:57,684.0,340244
2021-05-07 09:19:59,684.0,340304
2021-05-07 09:20:00,684.0,340374
2021-05-07 09:20:01,684.0,340404
2021-05-07 09:20:02,683.95,340730
2021-05-07 09:20:02,683.65,342470
2021-05-07 09:20:03,683.65,342747
2021-05-07 09:20:05,683.8,342779
2021-05-07 09:20:05,683.75,342834
2021-05-07 09:20:06,683.9,343481
2021-05-07 09:20:07,683.95,345464
2021-05-07 09:20:08,683.85,346065
2021-05-07 09:20:09,684.0,346365
2021-05-07 09:20:10,683.8,347428
2021-05-07 09:20:11,683.9,347728
2021-05-07 09:20:13,683.9,348378
2021-05-07 09:20:14,684.0,348421
2021-05-07 09:20:14,684.0,348881
2021-05-07 09:20:15,683.65,350825
2021-05-07 09:20:16,683.65,350825
2021-05-07 09:20:17,683.85,350990
2021-05-07 09:20:18,683.8,351040
2021-05-07 09:20:20,684.15,368222
2021-05-07 09:20:19,683.7,351505
2021-05-07 09:20:21,684.15,368222
2021-05-07 09:20:22,683.7,368930
2021-05-07 09:20:24,684.35,371561
2021-05-07 09:20:25,684.15,371606
2021-05-07 09:20:26,684.15,371723
2021-05-07 09:20:27,684.35,372652
2021-05-07 09:20:28,684.3,374509
2021-05-07 09:20:29,684.2,375603
2021-05-07 09:20:30,684.65,377834
2021-05-07 09:20:32,684.35,378861
2021-05-07 09:20:33,684.75,379640
2021-05-07 09:20:34,684.65,380090
2021-05-07 09:20:34,684.65,380202
2021-05-07 09:20:36,684.7,380458
2021-05-07 09:20:36,684.7,381224
2021-05-07 09:20:38,684.65,381729
2021-05-07 09:20:38,684.65,381729
2021-05-07 09:20:40,684.7,382186
2021-05-07 09:20:40,684.55,383706
2021-05-07 09:20:41,684.7,383902
2021-05-07 09:20:44,684.45,384044
2021-05-07 09:20:44,684.55,384253
2021-05-07 09:20:45,684.5,385620
2021-05-07 09:20:46,684.65,389600
2021-05-07 09:20:47,684.7,393980
2021-05-07 09:20:48,684.9,394140
2021-05-07 09:20:49,684.9,394590
2021-05-07 09:20:51,684.7,394905
2021-05-07 09:20:52,684.95,394932
2021-05-07 09:20:53,684.9,395148
2021-05-07 09:20:54,684.65,397055
2021-05-07 09:20:56,684.8,398604
2021-05-07 09:20:57,684.65,398711
2021-05-07 09:20:57,684.8,398759
2021-05-07 09:20:58,684.75,398777
2021-05-07 09:20:59,684.65,398812
2021-05-07 09:21:01,684.8,399037
2021-05-07 09:21:02,684.85,399064
2021-05-07 09:21:03,684.85,399626
2021-05-07 09:21:04,684.8,400351
2021-05-07 09:21:05,684.95,402357
2021-05-07 09:21:07,684.95,402358
2021-05-07 09:21:08,684.95,402358
2021-05-07 09:21:09,685.0,403435
2021-05-07 09:21:10,684.85,403550
2021-05-07 09:21:10,684.85,403550
2021-05-07 09:21:11,685.05,411929
2021-05-07 09:21:12,685.0,412152
2021-05-07 09:21:13,684.9,412455
2021-05-07 09:21:14,684.65,413956
2021-05-07 09:21:15,684.1,421405
2021-05-07 09:21:17,684.05,421471
2021-05-07 09:21:18,684.05,421497
2021-05-07 09:21:18,684.05,421606
2021-05-07 09:21:19,684.15,421656
2021-05-07 09:21:21,684.25,421900
2021-05-07 09:21:22,684.3,422513
2021-05-07 09:21:22,684.05,422526
2021-05-07 09:21:23,683.7,424645
2021-05-07 09:21:24,683.6,426049
2021-05-07 09:21:25,683.5,426480
2021-05-07 09:21:26,683.15,426515
2021-05-07 09:21:27,683.45,426545
2021-05-07 09:21:28,683.3,429876
2021-05-07 09:21:29,683.0,430255
2021-05-07 09:21:30,683.0,431518
2021-05-07 09:21:32,682.7,431725
2021-05-07 09:21:32,683.0,431975
2021-05-07 09:21:33,683.0,432021
2021-05-07 09:21:34,683.0,432043
2021-05-07 09:21:35,682.75,432466
2021-05-07 09:21:36,683.0,432573
2021-05-07 09:21:37,683.0,432881
2021-05-07 09:21:38,683.15,433196
2021-05-07 09:21:39,683.15,433196
2021-05-07 09:21:40,682.8,433580
2021-05-07 09:21:42,683.05,434624
2021-05-07 09:21:43,682.75,434904
2021-05-07 09:21:44,682.95,435044
2021-05-07 09:21:45,682.95,435300
2021-05-07 09:21:46,682.95,435606
2021-05-07 09:21:47,682.75,435952
2021-05-07 09:21:48,682.85,436286
2021-05-07 09:21:49,682.85,436287
2021-05-07 09:21:50,682.85,436792
2021-05-07 09:21:51,682.95,437038
2021-05-07 09:21:52,682.95,438163
2021-05-07 09:21:53,682.8,438172
2021-05-07 09:21:54,682.95,438278
2021-05-07 09:21:55,682.95,438378
2021-05-07 09:21:55,682.95,438378
2021-05-07 09:21:57,682.85,438682
2021-05-07 09:21:58,682.3,446506
2021-05-07 09:21:58,682.45,446834
2021-05-07 09:22:00,682.35,446869
2021-05-07 09:22:01,682.7,446879
2021-05-07 09:22:01,682.6,447239
2021-05-07 09:22:02,682.25,447321
2021-05-07 09:22:03,682.3,447391
2021-05-07 09:22:04,682.6,447668
2021-05-07 09:22:05,682.5,448305
2021-05-07 09:22:06,682.5,448327
2021-05-07 09:22:07,682.5,448327
2021-05-07 09:22:08,682.6,448337
2021-05-07 09:22:09,682.4,448381
2021-05-07 09:22:10,682.6,448386
2021-05-07 09:22:11,682.35,448513
2021-05-07 09:22:12,682.35,448515
2021-05-07 09:22:13,682.6,448817
2021-05-07 09:22:15,682.6,449002
2021-05-07 09:22:16,682.7,449102
2021-05-07 09:22:17,682.5,449202
2021-05-07 09:22:18,682.7,449257
2021-05-07 09:22:19,682.6,449495
2021-05-07 09:22:20,682.6,449905
2021-05-07 09:22:21,682.2,452155
2021-05-07 09:22:22,682.2,452347
2021-05-07 09:22:23,682.2,452708
2021-05-07 09:22:24,682.55,453020
2021-05-07 09:22:25,682.0,455270
2021-05-07 09:22:26,682.2,455310
2021-05-07 09:22:27,682.3,456654
2021-05-07 09:22:27,682.0,456756
2021-05-07 09:22:29,682.2,460240
2021-05-07 09:22:29,682.35,460274
2021-05-07 09:22:30,682.35,460274
2021-05-07 09:22:31,682.35,460274
2021-05-07 09:22:33,682.3,460841
2021-05-07 09:22:33,682.4,460842
2021-05-07 09:22:36,682.25,461563
2021-05-07 09:22:37,682.35,461748
2021-05-07 09:22:38,682.45,462402
2021-05-07 09:22:39,682.35,462407
2021-05-07 09:22:39,682.5,462569
2021-05-07 09:22:41,682.25,463030
2021-05-07 09:22:41,682.25,463030
2021-05-07 09:22:42,682.45,463080
2021-05-07 09:22:43,682.55,464160
2021-05-07 09:22:44,682.55,464335
2021-05-07 09:22:45,682.35,464691
2021-05-07 09:22:46,682.45,464906
2021-05-07 09:22:49,682.45,465051
2021-05-07 09:22:50,682.45,465051
2021-05-07 09:22:50,682.45,465223
2021-05-07 09:22:52,682.35,465848
2021-05-07 09:22:54,682.5,467182
2021-05-07 09:22:55,682.55,467235
2021-05-07 09:22:56,682.95,467729
2021-05-07 09:22:56,682.85,467784
2021-05-07 09:22:57,682.9,467916
2021-05-07 09:22:59,682.6,468592
2021-05-07 09:23:00,682.6,469002
2021-05-07 09:23:02,682.6,469241
2021-05-07 09:23:03,683.0,469521
2021-05-07 09:23:04,683.0,469721
2021-05-07 09:23:04,683.0,469797
2021-05-07 09:23:05,683.0,469816
2021-05-07 09:23:08,683.0,470252
2021-05-07 09:23:09,683.0,470417
2021-05-07 09:23:10,683.0,470418
2021-05-07 09:23:11,682.7,470434
2021-05-07 09:23:12,683.0,470748
2021-05-07 09:23:13,683.15,471494
2021-05-07 09:23:14,683.0,471872
2021-05-07 09:23:15,682.85,473457
2021-05-07 09:23:16,682.85,473465
2021-05-07 09:23:17,683.0,473695
2021-05-07 09:23:18,683.0,473895
2021-05-07 09:23:19,683.0,474057
2021-05-07 09:23:20,683.0,474207
2021-05-07 09:23:22,682.95,475265
2021-05-07 09:23:23,682.95,475758
2021-05-07 09:23:24,682.9,476305
2021-05-07 09:23:25,682.9,476321
2021-05-07 09:23:25,682.75,477321
2021-05-07 09:23:27,682.7,477941
2021-05-07 09:23:28,682.7,480301
2021-05-07 09:23:29,682.7,480332
2021-05-07 09:23:30,682.35,480481
2021-05-07 09:23:31,682.35,480516
2021-05-07 09:23:32,682.35,480516
2021-05-07 09:23:33,682.75,480741
2021-05-07 09:23:34,682.85,481680
2021-05-07 09:23:35,682.4,481794
2021-05-07 09:23:36,682.7,482050
2021-05-07 09:23:37,682.5,482311
2021-05-07 09:23:38,682.5,482545
2021-05-07 09:23:39,682.7,484027
2021-05-07 09:23:40,682.9,484228
2021-05-07 09:23:41,682.9,484248
2021-05-07 09:23:42,682.6,484260
2021-05-07 09:23:42,682.6,484265
2021-05-07 09:23:43,682.9,484652
2021-05-07 09:23:44,682.9,484762
2021-05-07 09:23:46,682.6,484887
2021-05-07 09:23:47,682.6,484964
2021-05-07 09:23:48,682.6,484976
2021-05-07 09:23:49,682.55,485727
2021-05-07 09:23:50,682.75,485880
2021-05-07 09:23:51,682.85,485885
2021-05-07 09:23:52,682.85,485885
2021-05-07 09:23:53,682.75,485895
2021-05-07 09:23:54,682.75,485903
2021-05-07 09:23:55,682.65,485928
2021-05-07 09:23:56,682.55,490648
2021-05-07 09:23:57,682.3,490748
2021-05-07 09:23:58,682.55,490768
2021-05-07 09:23:59,682.3,490937
2021-05-07 09:24:00,682.55,491051
2021-05-07 09:24:02,682.45,492738
2021-05-07 09:24:03,682.45,492738
2021-05-07 09:24:04,682.75,492838
2021-05-07 09:24:05,682.5,493148
2021-05-07 09:24:06,682.55,493183
2021-05-07 09:24:07,682.55,493193
2021-05-07 09:24:08,682.6,494362
2021-05-07 09:24:09,682.3,494364
2021-05-07 09:24:10,682.45,494435
2021-05-07 09:24:11,682.65,494562
2021-05-07 09:24:13,682.45,495455
2021-05-07 09:24:13,682.45,495445
2021-05-07 09:24:15,682.45,495542
2021-05-07 09:24:16,682.35,495547
2021-05-07 09:24:17,682.35,495547
2021-05-07 09:24:18,682.45,495577
2021-05-07 09:24:19,682.45,495755
2021-05-07 09:24:20,682.0,499501
2021-05-07 09:24:21,682.45,499721
2021-05-07 09:24:22,682.45,499721
2021-05-07 09:24:23,682.45,499726
2021-05-07 09:24:24,682.1,499786
2021-05-07 09:24:25,682.35,499818
2021-05-07 09:24:26,682.45,499938
2021-05-07 09:24:27,682.35,499959
2021-05-07 09:24:28,682.4,499989
2021-05-07 09:24:29,682.15,500049
2021-05-07 09:24:30,682.15,500049
2021-05-07 09:24:31,682.4,500123
2021-05-07 09:24:32,682.4,500324
2021-05-07 09:24:33,682.45,500394
2021-05-07 09:24:35,682.1,501139
2021-05-07 09:24:34,682.35,500539
2021-05-07 09:24:36,682.1,501196
2021-05-07 09:24:37,682.1,501200
2021-05-07 09:24:38,682.35,501201
2021-05-07 09:24:39,682.35,501213
2021-05-07 09:24:40,682.35,501213
2021-05-07 09:24:41,682.25,501958
2021-05-07 09:24:42,682.25,502058
2021-05-07 09:24:43,682.25,502216
2021-05-07 09:24:44,682.25,502216
2021-05-07 09:24:45,682.3,502470
2021-05-07 09:24:46,682.05,502520
2021-05-07 09:24:47,682.3,502547
2021-05-07 09:24:48,682.3,502639
2021-05-07 09:24:49,682.3,502702
2021-05-07 09:24:50,682.15,502733
2021-05-07 09:24:51,682.25,502734
2021-05-07 09:24:52,682.25,503259
2021-05-07 09:24:53,681.75,518016
2021-05-07 09:24:55,682.0,519619
2021-05-07 09:24:54,681.8,519569
2021-05-07 09:24:56,682.0,519684
2021-05-07 09:24:57,681.75,520089
2021-05-07 09:24:58,681.95,520189
2021-05-07 09:24:59,681.95,520289
2021-05-07 09:25:00,682.0,520624
2021-05-07 09:25:01,681.8,521959
2021-05-07 09:25:02,681.95,522434
2021-05-07 09:25:03,681.8,522444
2021-05-07 09:25:04,681.8,523391
2021-05-07 09:25:05,681.8,523698
2021-05-07 09:25:06,681.5,523718
2021-05-07 09:25:08,681.5,525191
2021-05-07 09:25:09,681.5,525872
2021-05-07 09:25:10,681.5,525872
2021-05-07 09:25:11,681.0,528020
2021-05-07 09:25:12,680.6,540734
2021-05-07 09:25:13,680.85,540749
2021-05-07 09:25:14,680.85,540849
2021-05-07 09:25:15,680.95,541001
2021-05-07 09:25:16,680.55,541714
2021-05-07 09:25:17,681.0,542800
2021-05-07 09:25:18,680.6,543630
2021-05-07 09:25:19,680.85,543845
2021-05-07 09:25:20,680.6,543858
2021-05-07 09:25:21,680.85,543919
2021-05-07 09:25:22,680.85,544252
2021-05-07 09:25:23,680.5,544582
2021-05-07 09:25:24,680.3,545804
2021-05-07 09:25:25,680.2,546875
2021-05-07 09:25:26,680.4,547103
2021-05-07 09:25:27,680.5,547408
2021-05-07 09:25:28,680.1,547615
2021-05-07 09:25:29,680.1,548110
2021-05-07 09:25:30,680.4,549012
2021-05-07 09:25:31,680.5,549465
2021-05-07 09:25:32,680.25,550840
2021-05-07 09:25:33,680.45,551400
2021-05-07 09:25:34,680.5,551470
2021-05-07 09:25:35,680.5,551569
2021-05-07 09:25:36,680.25,551584
2021-05-07 09:25:37,680.45,553485
2021-05-07 09:25:38,680.35,554199
2021-05-07 09:25:39,680.4,554417
2021-05-07 09:25:40,680.5,555203
2021-05-07 09:25:41,680.45,555244
2021-05-07 09:25:42,680.3,556131
2021-05-07 09:25:43,680.25,556216
2021-05-07 09:25:44,680.4,556426
2021-05-07 09:25:45,680.4,556526
2021-05-07 09:25:46,680.4,556536
2021-05-07 09:25:47,680.3,556936
2021-05-07 09:25:48,680.45,557067
2021-05-07 09:25:50,680.4,559541
2021-05-07 09:25:51,680.5,561938
2021-05-07 09:25:52,680.8,562283
2021-05-07 09:25:53,680.8,562286
2021-05-07 09:25:54,680.55,562386
2021-05-07 09:25:55,680.25,565280
2021-05-07 09:25:56,680.1,565311
2021-05-07 09:25:57,680.45,566336
2021-05-07 09:25:58,680.45,566336
2021-05-07 09:25:59,680.35,566391
2021-05-07 09:26:00,680.45,569221
2021-05-07 09:26:01,680.5,569361
2021-05-07 09:26:02,680.55,569412
2021-05-07 09:26:03,680.55,569412
2021-05-07 09:26:04,680.8,569656
2021-05-07 09:26:05,680.8,569726
2021-05-07 09:26:06,680.8,569903
2021-05-07 09:26:07,680.9,569946
2021-05-07 09:26:08,680.65,570063
2021-05-07 09:26:09,680.65,570425
2021-05-07 09:26:10,680.85,570627
2021-05-07 09:26:11,680.85,571009
2021-05-07 09:26:12,680.8,572310
2021-05-07 09:26:13,680.8,572310
2021-05-07 09:26:15,680.9,573101
2021-05-07 09:26:16,680.9,573187
2021-05-07 09:26:17,680.85,573332
2021-05-07 09:26:18,680.9,573412
2021-05-07 09:26:19,680.85,573746
2021-05-07 09:26:20,680.85,573746
2021-05-07 09:26:21,680.9,573997
2021-05-07 09:26:22,680.9,574208
2021-05-07 09:26:23,681.75,577970
2021-05-07 09:26:24,681.8,578495
2021-05-07 09:26:25,681.7,578768
2021-05-07 09:26:26,681.65,578802
2021-05-07 09:26:27,681.55,578935
2021-05-07 09:26:28,681.9,578954
2021-05-07 09:26:29,682.0,579398
2021-05-07 09:26:30,681.8,579413
2021-05-07 09:26:31,682.0,579521
2021-05-07 09:26:32,682.0,580321
2021-05-07 09:26:33,681.85,580381
2021-05-07 09:26:35,681.65,582233
2021-05-07 09:26:36,681.35,582234
2021-05-07 09:26:37,681.35,582234
2021-05-07 09:26:38,681.0,583734
2021-05-07 09:26:39,681.15,584154
2021-05-07 09:26:40,681.45,584159
2021-05-07 09:26:41,682.0,586312
2021-05-07 09:26:42,682.0,587605
2021-05-07 09:26:43,681.65,587665
2021-05-07 09:26:44,681.65,587665
2021-05-07 09:26:45,681.95,587679
2021-05-07 09:26:46,681.95,587679
2021-05-07 09:26:47,682.0,587991
2021-05-07 09:26:48,682.0,588111
2021-05-07 09:26:49,682.2,588452
2021-05-07 09:26:50,682.1,588616
2021-05-07 09:26:51,682.1,588676
2021-05-07 09:26:52,682.0,588784
2021-05-07 09:26:53,681.95,588785
2021-05-07 09:26:54,681.95,588785
2021-05-07 09:26:55,682.0,589072
2021-05-07 09:26:56,682.0,589112
2021-05-07 09:26:57,681.95,589136
2021-05-07 09:26:58,681.95,589186
2021-05-07 09:26:59,681.95,590123
2021-05-07 09:27:00,682.0,590157
2021-05-07 09:27:01,682.0,592238
2021-05-07 09:27:02,681.7,594922
2021-05-07 09:27:03,681.8,595130
2021-05-07 09:27:04,681.9,595686
2021-05-07 09:27:05,681.95,595794
2021-05-07 09:27:06,681.95,595794
2021-05-07 09:27:07,681.65,596138
2021-05-07 09:27:08,681.65,596138
2021-05-07 09:27:09,681.95,596178
2021-05-07 09:27:10,681.95,596179
2021-05-07 09:27:11,681.7,596986
2021-05-07 09:27:12,682.1,597186
2021-05-07 09:27:13,681.75,597286
2021-05-07 09:27:14,681.75,597286
2021-05-07 09:27:15,682.0,597547
2021-05-07 09:27:16,682.0,597547
2021-05-07 09:27:17,681.8,597772
2021-05-07 09:27:18,681.8,597772
2021-05-07 09:27:19,682.05,598497
2021-05-07 09:27:20,682.05,598497
2021-05-07 09:27:21,681.75,598537
2021-05-07 09:27:22,681.8,598637
2021-05-07 09:27:26,682.2,599587
2021-05-07 09:27:26,682.2,599577
2021-05-07 09:27:27,682.0,599987
2021-05-07 09:27:29,682.2,600118
2021-05-07 09:27:32,682.0,600519
2021-05-07 09:27:33,682.15,600539
2021-05-07 09:27:34,682.25,601399
2021-05-07 09:27:34,682.2,602404
2021-05-07 09:27:35,682.3,602412
2021-05-07 09:27:36,682.0,602437
2021-05-07 09:27:37,682.05,602457
2021-05-07 09:27:38,682.05,602457
2021-05-07 09:27:39,682.4,603644
2021-05-07 09:27:40,682.4,603761
2021-05-07 09:27:41,682.05,603980
2021-05-07 09:27:42,682.1,603985
2021-05-07 09:27:43,682.05,604218
2021-05-07 09:27:44,682.05,604336
2021-05-07 09:27:45,682.25,604423
2021-05-07 09:27:47,682.35,604911
2021-05-07 09:27:47,682.35,604911
2021-05-07 09:27:49,682.35,604936
2021-05-07 09:27:49,682.05,605181
2021-05-07 09:27:50,682.05,605281
2021-05-07 09:27:51,682.5,605782
2021-05-07 09:27:52,682.15,606048
2021-05-07 09:27:53,682.5,606113
2021-05-07 09:27:54,682.5,606113
2021-05-07 09:27:55,682.35,606131
2021-05-07 09:27:56,682.35,606155
2021-05-07 09:27:57,682.5,606692
2021-05-07 09:27:58,682.5,607137
2021-05-07 09:27:59,682.35,607338
2021-05-07 09:28:01,682.35,607338
2021-05-07 09:28:02,682.35,607338
2021-05-07 09:28:02,682.35,607482
2021-05-07 09:28:03,682.35,607482
2021-05-07 09:28:04,682.5,607903
2021-05-07 09:28:05,682.25,608691
2021-05-07 09:28:06,682.5,608697
2021-05-07 09:28:08,682.25,609817
2021-05-07 09:28:08,682.55,609865
2021-05-07 09:28:10,682.55,609865
2021-05-07 09:28:12,682.55,610079
2021-05-07 09:28:13,682.6,610089
2021-05-07 09:28:14,682.6,610089
2021-05-07 09:28:15,682.65,610339
2021-05-07 09:28:16,682.75,610370
2021-05-07 09:28:18,682.75,610377
2021-05-07 09:28:18,682.65,610382
2021-05-07 09:28:20,682.75,610422
2021-05-07 09:28:20,682.75,610422
2021-05-07 09:28:21,682.55,611602
2021-05-07 09:28:22,682.75,611753
2021-05-07 09:28:23,682.7,612095
2021-05-07 09:28:24,682.7,612095
2021-05-07 09:28:25,682.75,612115
2021-05-07 09:28:27,682.6,612125
2021-05-07 09:28:28,682.35,612953
2021-05-07 09:28:29,682.1,615445
2021-05-07 09:28:28,682.05,613260
2021-05-07 09:28:30,682.3,615565
2021-05-07 09:28:31,681.8,616798
2021-05-07 09:28:32,681.8,616985
2021-05-07 09:28:33,682.25,617060
2021-05-07 09:28:34,682.0,617110
2021-05-07 09:28:35,682.3,617130
2021-05-07 09:28:36,682.65,617242
2021-05-07 09:28:37,682.65,617368
2021-05-07 09:28:38,682.65,617368
2021-05-07 09:28:39,682.7,617602
2021-05-07 09:28:40,682.7,617602
2021-05-07 09:28:43,682.65,617889
2021-05-07 09:28:44,682.8,621735
2021-05-07 09:28:45,682.75,621872
2021-05-07 09:28:46,682.8,627830
2021-05-07 09:28:47,683.0,629233
2021-05-07 09:28:49,683.0,629233
2021-05-07 09:28:49,683.0,629233
2021-05-07 09:28:51,683.0,629558
2021-05-07 09:28:50,683.0,629308
2021-05-07 09:28:52,682.8,629762
2021-05-07 09:28:53,683.05,629763
2021-05-07 09:28:54,682.8,630391
2021-05-07 09:28:55,682.8,630546
2021-05-07 09:28:57,682.8,631592
2021-05-07 09:28:57,682.75,631617
2021-05-07 09:28:58,682.8,632432
2021-05-07 09:28:59,682.8,632432
2021-05-07 09:29:00,682.55,632467
2021-05-07 09:29:01,682.8,632587
2021-05-07 09:29:02,682.5,632727
2021-05-07 09:29:03,682.2,634127
2021-05-07 09:29:04,682.2,634127
2021-05-07 09:29:05,682.35,634177
2021-05-07 09:29:06,682.7,634227
2021-05-07 09:29:08,682.5,634554
2021-05-07 09:29:10,682.7,634754
2021-05-07 09:29:11,682.75,635187
2021-05-07 09:29:12,682.5,635193
2021-05-07 09:29:13,682.6,635437
2021-05-07 09:29:14,682.6,635437
2021-05-07 09:29:15,682.5,635803
2021-05-07 09:29:18,683.5,646690
2021-05-07 09:29:17,682.95,645571
2021-05-07 09:29:19,683.5,646940
2021-05-07 09:29:20,683.6,647176
2021-05-07 09:29:21,683.6,647176
2021-05-07 09:29:22,683.4,647729
2021-05-07 09:29:23,683.8,648363
2021-05-07 09:29:24,683.6,648364
2021-05-07 09:29:25,683.7,648374
2021-05-07 09:29:26,683.8,648434
2021-05-07 09:29:27,683.95,648454
2021-05-07 09:29:28,684.0,650871
2021-05-07 09:29:29,683.8,650946
2021-05-07 09:29:30,683.6,651071
2021-05-07 09:29:31,683.6,651371
2021-05-07 09:29:32,683.6,651371
2021-05-07 09:29:33,683.8,651432
2021-05-07 09:29:34,683.8,651693
2021-05-07 09:29:35,683.65,652485
2021-05-07 09:29:36,683.8,652992
2021-05-07 09:29:37,683.65,653017
2021-05-07 09:29:38,683.8,653155
2021-05-07 09:29:39,683.8,653255
2021-05-07 09:29:40,683.8,653316
2021-05-07 09:29:41,683.8,653316
2021-05-07 09:29:42,684.0,653876
2021-05-07 09:29:43,683.65,653887
2021-05-07 09:29:44,684.0,654122
2021-05-07 09:29:45,684.0,654615
2021-05-07 09:29:46,683.95,654770
2021-05-07 09:29:48,684.0,654840
2021-05-07 09:29:48,684.0,654840
2021-05-07 09:29:50,684.0,655286
2021-05-07 09:29:51,683.95,655500
2021-05-07 09:29:52,683.95,655605
2021-05-07 09:29:53,684.0,655985
2021-05-07 09:29:54,683.95,656193
2021-05-07 09:29:56,683.9,657007
2021-05-07 09:29:57,683.95,657734
2021-05-07 09:29:58,683.75,658250
2021-05-07 09:29:58,683.75,658250
2021-05-07 09:30:00,684.0,658521
2021-05-07 09:30:00,684.0,658621
2021-05-07 09:30:02,683.65,659356
2021-05-07 09:30:02,683.8,660856
2021-05-07 09:30:04,683.6,661067
2021-05-07 09:30:04,683.6,661117
2021-05-07 09:30:05,683.3,661796
2021-05-07 09:30:06,683.3,661796
2021-05-07 09:30:07,683.7,662184
2021-05-07 09:30:08,683.7,662184
2021-05-07 09:30:09,683.6,662540
2021-05-07 09:30:10,683.6,662640
2021-05-07 09:30:11,683.6,662941
2021-05-07 09:30:13,683.15,665407
2021-05-07 09:30:14,683.0,665620
2021-05-07 09:30:15,683.1,665640
2021-05-07 09:30:16,683.0,666414
2021-05-07 09:30:17,683.0,666519
2021-05-07 09:30:18,683.05,666799
2021-05-07 09:30:19,682.95,666889
2021-05-07 09:30:20,682.6,667382
2021-05-07 09:30:21,682.55,667542
2021-05-07 09:30:22,682.55,668303
2021-05-07 09:30:23,682.6,668517
2021-05-07 09:30:24,682.2,668732
2021-05-07 09:30:25,682.5,668787
2021-05-07 09:30:27,682.2,668819
2021-05-07 09:30:28,682.5,668929
2021-05-07 09:30:28,682.5,668929
2021-05-07 09:30:29,682.45,669019
2021-05-07 09:30:30,682.0,670679
2021-05-07 09:30:31,682.55,670785
2021-05-07 09:30:32,682.5,671425
2021-05-07 09:30:34,682.2,671530
2021-05-07 09:30:34,682.2,671530
2021-05-07 09:30:35,682.5,671541
2021-05-07 09:30:37,682.2,671624
2021-05-07 09:30:38,682.3,671634
2021-05-07 09:30:39,682.25,671649
2021-05-07 09:30:40,682.5,671944
2021-05-07 09:30:41,682.5,672074
2021-05-07 09:30:42,682.25,672166
2021-05-07 09:30:43,682.4,673026
2021-05-07 09:30:44,682.4,673041
2021-05-07 09:30:45,682.4,673041
2021-05-07 09:30:46,682.4,673041
2021-05-07 09:30:47,682.5,673381
2021-05-07 09:30:48,682.25,673631
2021-05-07 09:30:49,682.25,673631
2021-05-07 09:30:50,682.25,675346
2021-05-07 09:30:51,682.25,675346
2021-05-07 09:30:52,682.5,675378
2021-05-07 09:30:53,682.5,675378
2021-05-07 09:30:54,682.5,675473
2021-05-07 09:30:55,682.25,675714
2021-05-07 09:30:56,682.25,675714
2021-05-07 09:30:57,682.25,676046
2021-05-07 09:30:58,682.25,676246
2021-05-07 09:31:00,682.25,676272
2021-05-07 09:31:01,682.25,676531
2021-05-07 09:31:01,682.25,676581
2021-05-07 09:31:03,682.25,676981
2021-05-07 09:31:04,682.45,677342
2021-05-07 09:31:04,682.3,677399
2021-05-07 09:31:06,682.45,677524
2021-05-07 09:31:07,682.45,677524
2021-05-07 09:31:07,682.45,677524
2021-05-07 09:31:08,682.45,677670
2021-05-07 09:31:09,682.4,677874
2021-05-07 09:31:10,682.45,678360
2021-05-07 09:31:11,682.3,678375
2021-05-07 09:31:12,682.3,678476
2021-05-07 09:31:13,682.5,678531
2021-05-07 09:31:14,682.5,678531
2021-05-07 09:31:15,682.5,678531
2021-05-07 09:31:16,682.5,678571
2021-05-07 09:31:17,682.35,679787
2021-05-07 09:31:19,682.1,680062
2021-05-07 09:31:19,682.1,682246
2021-05-07 09:31:20,682.1,682439
2021-05-07 09:31:22,682.4,682637
2021-05-07 09:31:23,682.4,682837
2021-05-07 09:31:24,682.3,682849
2021-05-07 09:31:24,682.3,682849
2021-05-07 09:31:25,682.3,682849
2021-05-07 09:31:26,682.25,683095
2021-05-07 09:31:27,681.65,691389
2021-05-07 09:31:28,681.9,691559
2021-05-07 09:31:29,681.6,692985
2021-05-07 09:31:30,681.6,692985
2021-05-07 09:31:31,681.75,693190
2021-05-07 09:31:32,681.5,693230
2021-05-07 09:31:33,681.8,693535
2021-05-07 09:31:35,681.8,693635
2021-05-07 09:31:36,681.8,693635
2021-05-07 09:31:37,681.75,693687
2021-05-07 09:31:38,681.2,699763
2021-05-07 09:31:39,681.25,699896
2021-05-07 09:31:40,681.25,699896
2021-05-07 09:31:41,681.65,702991
2021-05-07 09:31:42,681.5,703096
2021-05-07 09:31:42,681.5,703096
2021-05-07 09:31:43,681.5,703096
2021-05-07 09:31:44,681.75,703196
2021-05-07 09:31:46,681.85,703244
2021-05-07 09:31:47,681.85,703244
2021-05-07 09:31:48,681.85,703347
2021-05-07 09:31:50,681.55,703349
2021-05-07 09:31:51,681.8,703359
2021-05-07 09:31:52,681.7,703478
2021-05-07 09:31:53,681.6,703532
2021-05-07 09:31:54,681.6,703632
2021-05-07 09:31:55,681.8,703746
2021-05-07 09:31:56,681.8,703876
2021-05-07 09:31:57,681.6,703976
2021-05-07 09:31:58,681.6,704336
2021-05-07 09:31:59,681.6,704871
2021-05-07 09:32:00,681.75,705012
2021-05-07 09:32:01,681.75,705012
2021-05-07 09:32:02,681.6,705014
2021-05-07 09:32:03,681.6,705445
2021-05-07 09:32:03,681.6,705445
2021-05-07 09:32:05,681.9,705495
2021-05-07 09:32:05,681.9,705495
2021-05-07 09:32:06,681.9,706045
2021-05-07 09:32:07,681.65,706276
2021-05-07 09:32:09,682.0,709030
2021-05-07 09:32:10,681.9,709319
2021-05-07 09:32:11,681.9,709428
2021-05-07 09:32:12,682.0,709790
2021-05-07 09:32:13,682.1,712646
2021-05-07 09:32:14,682.1,712646
2021-05-07 09:32:15,682.25,713121
2021-05-07 09:32:15,682.25,713121
2021-05-07 09:32:16,682.3,713364
2021-05-07 09:32:17,682.55,714432
2021-05-07 09:32:18,682.5,714505
2021-05-07 09:32:19,682.2,714688
2021-05-07 09:32:20,682.25,714901
2021-05-07 09:32:21,682.3,715085
2021-05-07 09:32:22,682.3,715085
2021-05-07 09:32:23,682.3,715862
2021-05-07 09:32:24,682.3,715862
2021-05-07 09:32:25,682.3,715862
2021-05-07 09:32:26,682.45,716988
2021-05-07 09:32:28,682.4,717037
2021-05-07 09:32:31,682.05,719105
2021-05-07 09:32:33,682.2,719442
2021-05-07 09:32:34,682.4,719443
2021-05-07 09:32:35,682.3,719523
2021-05-07 09:32:36,682.3,719523
2021-05-07 09:32:37,682.3,719523
2021-05-07 09:32:38,682.05,719733
2021-05-07 09:32:39,682.05,719785
2021-05-07 09:32:41,682.2,719817
2021-05-07 09:32:42,682.25,719976
2021-05-07 09:32:43,682.25,719976
2021-05-07 09:32:44,682.15,720096
2021-05-07 09:32:45,682.15,720097
2021-05-07 09:32:46,681.9,721853
2021-05-07 09:32:47,681.95,721938
2021-05-07 09:32:48,681.95,722445
2021-05-07 09:32:49,681.6,722475
2021-05-07 09:32:50,681.75,723978
2021-05-07 09:32:51,681.85,725328
2021-05-07 09:32:52,681.9,725329
2021-05-07 09:32:52,681.85,725328
2021-05-07 09:32:54,681.6,729645
2021-05-07 09:32:56,681.35,729695
2021-05-07 09:32:57,681.65,729845
2021-05-07 09:32:58,681.35,730120
2021-05-07 09:32:59,681.35,730120
2021-05-07 09:33:00,681.3,730155
2021-05-07 09:33:02,681.4,730198
2021-05-07 09:33:03,681.75,731116
2021-05-07 09:33:04,681.75,731144
2021-05-07 09:33:05,681.75,731155
2021-05-07 09:33:06,681.75,731155
2021-05-07 09:33:07,681.45,731160
2021-05-07 09:33:08,681.45,731160
2021-05-07 09:33:10,681.65,731330
2021-05-07 09:33:11,681.6,732179
2021-05-07 09:33:12,681.75,732181
2021-05-07 09:33:13,681.6,732589
2021-05-07 09:33:14,681.7,732603
2021-05-07 09:33:15,681.45,732853
2021-05-07 09:33:16,681.45,734109
2021-05-07 09:33:16,681.45,734110
2021-05-07 09:33:18,681.65,734187
2021-05-07 09:33:19,681.5,734287
2021-05-07 09:33:20,681.75,734650
2021-05-07 09:33:21,681.75,734650
2021-05-07 09:33:22,681.8,734700
2021-05-07 09:33:23,681.8,734700
2021-05-07 09:33:24,681.8,734701
2021-05-07 09:33:25,681.7,734901
2021-05-07 09:33:25,681.7,734901
2021-05-07 09:33:26,681.85,735001
2021-05-07 09:33:27,682.0,735151
2021-05-07 09:33:28,682.0,735151
2021-05-07 09:33:30,681.75,735152
2021-05-07 09:33:31,681.7,735344
2021-05-07 09:33:32,681.95,735676
2021-05-07 09:33:33,682.0,735868
2021-05-07 09:33:34,681.75,735870
2021-05-07 09:33:35,681.75,735870
2021-05-07 09:33:36,681.75,735870
2021-05-07 09:33:37,681.95,736338
2021-05-07 09:33:38,681.95,736338
2021-05-07 09:33:39,681.75,736392
2021-05-07 09:33:40,682.0,736447
2021-05-07 09:33:41,682.0,736548
2021-05-07 09:33:42,682.0,736765
2021-05-07 09:33:43,682.0,736800
2021-05-07 09:33:44,682.0,736800
2021-05-07 09:33:45,682.0,737064
2021-05-07 09:33:46,681.8,737164
2021-05-07 09:33:47,681.8,737264
2021-05-07 09:33:48,682.0,737691
2021-05-07 09:33:49,681.8,737791
2021-05-07 09:33:50,682.0,737822
2021-05-07 09:33:51,681.8,737872
2021-05-07 09:33:52,681.8,737872
2021-05-07 09:33:53,682.05,738672
2021-05-07 09:33:54,682.1,738674
2021-05-07 09:33:55,682.4,738951
2021-05-07 09:33:56,682.4,739174
2021-05-07 09:33:57,682.15,739274
2021-05-07 09:33:58,682.4,739278
2021-05-07 09:33:59,682.35,739870
2021-05-07 09:34:00,682.3,740521
2021-05-07 09:34:01,682.3,740660
2021-05-07 09:34:02,682.3,740700
2021-05-07 09:34:03,682.4,740793
2021-05-07 09:34:04,682.15,741726
2021-05-07 09:34:05,682.1,741854
2021-05-07 09:34:06,682.25,741865
2021-05-07 09:34:07,682.3,742084
2021-05-07 09:34:08,682.0,743032
2021-05-07 09:34:09,681.8,743096
2021-05-07 09:34:10,682.0,743172
2021-05-07 09:34:11,682.0,743187
2021-05-07 09:34:12,681.8,743207
2021-05-07 09:34:13,682.0,743297
2021-05-07 09:34:14,681.8,743829
2021-05-07 09:34:15,681.8,743829
2021-05-07 09:34:16,681.8,744571
2021-05-07 09:34:17,682.0,744584
2021-05-07 09:34:18,681.8,744589
2021-05-07 09:34:19,681.8,744618
2021-05-07 09:34:19,681.8,744626
2021-05-07 09:34:20,681.8,745235
2021-05-07 09:34:21,681.95,745253
2021-05-07 09:34:23,681.95,745253
2021-05-07 09:34:24,681.8,745303
2021-05-07 09:34:24,681.8,745303
2021-05-07 09:34:25,681.8,745332
2021-05-07 09:34:26,681.8,745332
2021-05-07 09:34:27,681.8,745334
2021-05-07 09:34:28,681.8,745374
2021-05-07 09:34:30,681.8,745872
2021-05-07 09:34:31,681.8,746178
2021-05-07 09:34:31,681.8,746178
2021-05-07 09:34:32,682.0,746461
2021-05-07 09:34:34,682.0,746461
2021-05-07 09:34:35,681.85,746468
2021-05-07 09:34:36,682.0,746850
2021-05-07 09:34:36,682.0,746850
2021-05-07 09:34:37,682.0,746850
2021-05-07 09:34:41,682.05,747392
2021-05-07 09:34:43,682.15,747430
2021-05-07 09:34:44,681.85,748354
2021-05-07 09:34:45,681.85,748409
2021-05-07 09:34:46,682.2,748921
2021-05-07 09:34:47,682.05,749229
2021-05-07 09:34:47,682.05,749329
2021-05-07 09:34:48,682.0,749331
2021-05-07 09:34:49,682.0,749331
2021-05-07 09:34:50,681.8,751221
2021-05-07 09:34:51,681.95,751231
2021-05-07 09:34:52,681.95,751482
2021-05-07 09:34:53,681.95,751483
2021-05-07 09:34:54,681.95,751495
2021-05-07 09:34:56,681.8,752496
2021-05-07 09:34:57,681.8,752496
2021-05-07 09:34:58,681.6,753486
2021-05-07 09:34:59,681.65,753609
2021-05-07 09:35:00,681.6,754609
2021-05-07 09:35:02,681.45,755707
2021-05-07 09:35:03,681.45,755707
2021-05-07 09:35:04,681.35,756087
2021-05-07 09:35:05,681.6,756124
2021-05-07 09:35:06,681.6,756124
2021-05-07 09:35:07,681.65,756126
2021-05-07 09:35:08,681.75,756325
2021-05-07 09:35:09,681.7,756336
2021-05-07 09:35:12,681.4,757226
2021-05-07 09:35:13,681.3,759258
2021-05-07 09:35:14,681.3,759258
2021-05-07 09:35:15,681.7,767211
2021-05-07 09:35:16,681.45,767212
2021-05-07 09:35:17,681.65,767327
2021-05-07 09:35:18,681.4,767654
2021-05-07 09:35:19,681.35,770303
2021-05-07 09:35:21,681.45,770526
2021-05-07 09:35:22,681.4,770527
2021-05-07 09:35:23,681.65,770541
2021-05-07 09:35:25,681.45,770552
2021-05-07 09:35:25,681.55,770557
2021-05-07 09:35:28,681.65,771205
2021-05-07 09:35:29,681.65,771207
2021-05-07 09:35:30,681.65,771307
2021-05-07 09:35:31,681.65,771307
2021-05-07 09:35:32,682.0,777155
2021-05-07 09:35:33,681.8,777430
2021-05-07 09:35:34,681.75,777580
2021-05-07 09:35:35,681.8,777640
2021-05-07 09:35:36,681.85,777752
2021-05-07 09:35:36,682.0,777952
2021-05-07 09:35:38,681.85,777988
2021-05-07 09:35:39,682.0,778108
2021-05-07 09:35:40,682.0,778789
2021-05-07 09:35:41,682.0,778789
2021-05-07 09:35:42,682.0,778793
2021-05-07 09:35:43,682.2,778818
2021-05-07 09:35:44,682.2,778819
2021-05-07 09:35:46,682.2,778825
2021-05-07 09:35:47,682.3,779353
2021-05-07 09:35:48,682.3,779353
2021-05-07 09:35:49,682.2,779383
2021-05-07 09:35:50,682.25,779629
2021-05-07 09:35:51,682.25,779629
2021-05-07 09:35:52,682.25,779629
2021-05-07 09:35:53,682.2,779657
2021-05-07 09:35:54,682.05,779668
2021-05-07 09:35:56,682.2,780331
2021-05-07 09:35:57,682.2,780538
2021-05-07 09:35:58,682.2,780735
2021-05-07 09:35:59,682.05,781096
2021-05-07 09:36:00,682.15,781101
2021-05-07 09:36:01,682.05,781114
2021-05-07 09:36:02,682.0,782028
2021-05-07 09:36:03,682.0,782028
2021-05-07 09:36:04,682.15,782058
2021-05-07 09:36:05,682.0,782059
2021-05-07 09:36:06,682.0,782059
2021-05-07 09:36:07,682.0,782059
2021-05-07 09:36:08,682.05,782062
2021-05-07 09:36:09,682.05,782062
2021-05-07 09:36:10,682.05,782062
2021-05-07 09:36:11,682.35,782125
2021-05-07 09:36:12,682.35,782125
2021-05-07 09:36:13,682.0,783277
2021-05-07 09:36:14,682.25,783377
2021-05-07 09:36:15,682.25,783407
2021-05-07 09:36:16,682.3,783587
2021-05-07 09:36:17,682.0,784112
2021-05-07 09:36:18,682.1,784652
2021-05-07 09:36:19,682.8,790424
2021-05-07 09:36:20,682.85,790426
2021-05-07 09:36:21,682.95,790907
2021-05-07 09:36:22,682.85,792229
2021-05-07 09:36:23,682.95,792579
2021-05-07 09:36:25,682.95,792729
2021-05-07 09:36:26,682.8,792740
2021-05-07 09:36:27,682.95,792991
2021-05-07 09:36:28,682.95,796513
2021-05-07 09:36:29,682.95,796538
2021-05-07 09:36:30,682.95,796541
2021-05-07 09:36:31,683.25,796939
2021-05-07 09:36:32,682.95,796944
2021-05-07 09:36:33,682.95,797094
2021-05-07 09:36:35,682.95,797875
2021-05-07 09:36:36,682.95,797880
2021-05-07 09:36:37,683.2,798062
2021-05-07 09:36:38,683.2,798072
2021-05-07 09:36:39,682.95,798084
2021-05-07 09:36:40,682.95,798084
2021-05-07 09:36:41,682.95,798180
2021-05-07 09:36:42,683.15,798633
2021-05-07 09:36:43,682.85,799561
2021-05-07 09:36:44,682.9,799864
2021-05-07 09:36:45,682.6,799869
2021-05-07 09:36:46,682.6,799869
2021-05-07 09:36:47,682.65,799894
2021-05-07 09:36:48,682.95,800404
2021-05-07 09:36:49,682.7,800510
2021-05-07 09:36:50,682.95,800710
2021-05-07 09:36:51,682.95,800710
2021-05-07 09:36:52,682.95,800710
2021-05-07 09:36:53,682.95,800710
2021-05-07 09:36:54,682.85,800717
2021-05-07 09:36:55,683.15,801567
2021-05-07 09:36:56,683.1,801787
2021-05-07 09:36:58,682.9,802002
2021-05-07 09:36:59,682.9,802002
2021-05-07 09:37:00,683.0,802602
2021-05-07 09:37:02,682.95,802772
2021-05-07 09:37:03,683.1,803077
2021-05-07 09:37:05,683.0,803404
2021-05-07 09:37:06,683.25,803624
2021-05-07 09:37:07,683.05,803764
2021-05-07 09:37:08,683.25,803983
2021-05-07 09:37:09,683.25,804194
2021-05-07 09:37:10,683.25,804194
2021-05-07 09:37:11,683.25,804517
2021-05-07 09:37:12,683.3,804522
2021-05-07 09:37:13,683.15,805121
2021-05-07 09:37:14,683.3,805137
2021-05-07 09:37:15,683.3,805137
2021-05-07 09:37:16,683.3,806162
2021-05-07 09:37:17,683.45,806386
2021-05-07 09:37:18,683.4,806930
2021-05-07 09:37:19,683.4,807195
2021-05-07 09:37:20,683.5,807713
2021-05-07 09:37:21,683.35,807911
2021-05-07 09:37:22,683.35,807911
2021-05-07 09:37:23,683.35,808581
2021-05-07 09:37:24,683.35,808581
2021-05-07 09:37:25,683.35,808581
2021-05-07 09:37:26,683.35,808581
2021-05-07 09:37:27,683.35,808581
2021-05-07 09:37:28,683.35,808592
2021-05-07 09:37:31,683.9,817804
2021-05-07 09:37:30,683.9,817804
2021-05-07 09:37:32,683.65,818224
2021-05-07 09:37:33,683.95,818418
2021-05-07 09:37:34,683.95,818418
2021-05-07 09:37:35,684.0,819366
2021-05-07 09:37:36,683.9,819602
2021-05-07 09:37:37,684.0,819966
2021-05-07 09:37:39,683.5,821121
2021-05-07 09:37:40,683.75,822607
2021-05-07 09:37:41,683.75,822612
2021-05-07 09:37:42,683.4,822632
2021-05-07 09:37:43,683.75,822732
2021-05-07 09:37:44,683.75,822732
2021-05-07 09:37:45,683.85,823275
2021-05-07 09:37:46,683.8,823375
2021-05-07 09:37:47,683.85,824663
2021-05-07 09:37:48,683.55,824770
2021-05-07 09:37:49,683.55,824770
2021-05-07 09:37:50,683.75,824821
2021-05-07 09:37:51,683.75,824821
2021-05-07 09:37:52,683.5,825111
2021-05-07 09:37:53,683.75,825113
2021-05-07 09:37:54,683.7,825128
2021-05-07 09:37:55,683.5,825228
2021-05-07 09:37:56,683.5,825229
2021-05-07 09:37:57,683.8,825500
2021-05-07 09:37:59,683.55,825757
2021-05-07 09:37:59,683.85,825857
2021-05-07 09:38:01,683.6,826567
2021-05-07 09:38:02,683.65,827027
2021-05-07 09:38:02,683.95,826827
2021-05-07 09:38:03,683.95,827330
2021-05-07 09:38:04,683.95,827330
2021-05-07 09:38:05,683.75,827336
2021-05-07 09:38:06,683.95,827508
2021-05-07 09:38:07,683.75,827536
2021-05-07 09:38:08,683.95,827991
2021-05-07 09:38:09,683.95,827991
2021-05-07 09:38:10,683.75,828301
2021-05-07 09:38:13,684.0,835556
2021-05-07 09:38:13,684.0,835557
2021-05-07 09:38:14,683.9,835584
2021-05-07 09:38:15,684.0,835684
2021-05-07 09:38:16,683.9,836234
2021-05-07 09:38:17,684.0,836617
2021-05-07 09:38:18,684.0,836722
2021-05-07 09:38:19,683.95,836985
2021-05-07 09:38:20,684.0,837543
2021-05-07 09:38:21,684.4,838274
2021-05-07 09:38:22,684.45,838775
2021-05-07 09:38:23,684.45,838816
2021-05-07 09:38:24,684.15,839052
2021-05-07 09:38:26,684.15,839340
2021-05-07 09:38:26,684.15,839415
2021-05-07 09:38:27,684.15,841195
2021-05-07 09:38:28,684.2,841489
2021-05-07 09:38:29,684.15,841963
2021-05-07 09:38:30,684.15,842968
2021-05-07 09:38:31,683.8,843601
2021-05-07 09:38:32,683.8,843651
2021-05-07 09:38:33,683.8,843711
2021-05-07 09:38:34,683.9,843904
2021-05-07 09:38:35,683.85,843906
2021-05-07 09:38:36,683.75,844131
2021-05-07 09:38:37,683.75,844649
2021-05-07 09:38:38,684.05,845041
2021-05-07 09:38:39,684.05,845077
2021-05-07 09:38:41,684.0,845098
2021-05-07 09:38:41,684.0,845098
2021-05-07 09:38:42,684.0,845098
2021-05-07 09:38:43,683.65,846114
2021-05-07 09:38:44,683.75,846135
2021-05-07 09:38:45,683.75,846135
2021-05-07 09:38:46,684.0,846201
2021-05-07 09:38:47,684.0,846271
2021-05-07 09:38:48,683.75,846300
2021-05-07 09:38:49,683.75,847320
2021-05-07 09:38:50,684.0,847330
2021-05-07 09:38:51,683.75,847351
2021-05-07 09:38:52,684.0,847405
2021-05-07 09:38:53,684.0,847694
2021-05-07 09:38:55,684.0,847694
2021-05-07 09:38:55,684.0,847694
2021-05-07 09:38:56,683.75,848464
2021-05-07 09:38:57,683.75,848464
2021-05-07 09:38:58,684.0,848964
2021-05-07 09:38:59,683.7,850464
2021-05-07 09:39:00,683.75,850540
2021-05-07 09:39:02,683.75,851165
2021-05-07 09:39:02,683.75,851165
2021-05-07 09:39:03,683.95,852174
2021-05-07 09:39:04,683.6,854379
2021-05-07 09:39:05,683.75,854404
2021-05-07 09:39:06,683.5,854418
2021-05-07 09:39:07,683.7,854548
2021-05-07 09:39:08,683.55,856942
2021-05-07 09:39:09,683.55,857042
2021-05-07 09:39:10,683.15,857076
2021-05-07 09:39:12,683.4,857606
2021-05-07 09:39:12,683.1,857737
2021-05-07 09:39:13,682.9,860824
2021-05-07 09:39:15,683.2,861578
2021-05-07 09:39:16,683.4,862327
2021-05-07 09:39:17,683.4,862327
2021-05-07 09:39:18,683.4,862327
2021-05-07 09:39:19,683.35,862337
2021-05-07 09:39:20,683.2,862378
2021-05-07 09:39:21,683.2,862378
2021-05-07 09:39:22,683.4,862408
2021-05-07 09:39:23,683.7,871203
2021-05-07 09:39:24,684.0,871248
2021-05-07 09:39:25,684.0,871249
2021-05-07 09:39:26,683.8,871258
2021-05-07 09:39:28,683.8,871298
2021-05-07 09:39:28,684.0,872006
2021-05-07 09:39:29,684.0,872006
2021-05-07 09:39:30,683.9,873334
2021-05-07 09:39:32,683.6,873486
2021-05-07 09:39:32,683.6,873486
2021-05-07 09:39:34,683.8,873732
2021-05-07 09:39:34,683.8,873732
2021-05-07 09:39:35,683.8,873757
2021-05-07 09:39:36,683.8,873858
2021-05-07 09:39:37,683.8,873858
2021-05-07 09:39:38,683.55,874139
2021-05-07 09:39:39,683.55,874385
2021-05-07 09:39:40,683.75,874386
2021-05-07 09:39:41,683.0,881722
2021-05-07 09:39:42,683.25,881763
2021-05-07 09:39:43,683.3,881813
2021-05-07 09:39:44,683.05,881863
2021-05-07 09:39:45,683.3,881883
2021-05-07 09:39:46,683.05,881983
2021-05-07 09:39:47,682.8,885813
2021-05-07 09:39:48,682.7,885820
2021-05-07 09:39:49,682.7,886132
2021-05-07 09:39:50,682.7,886189
2021-05-07 09:39:51,682.7,886289
2021-05-07 09:39:52,682.7,886289
2021-05-07 09:39:53,682.25,887014
2021-05-07 09:39:55,682.1,887064
2021-05-07 09:39:56,682.1,887064
2021-05-07 09:39:57,682.15,887194
2021-05-07 09:39:57,682.15,887194
2021-05-07 09:39:59,682.15,887384
2021-05-07 09:40:00,682.15,887643
2021-05-07 09:40:01,682.3,887743
2021-05-07 09:40:03,682.25,888981
2021-05-07 09:40:03,682.25,888981
2021-05-07 09:40:05,682.05,889044
2021-05-07 09:40:05,682.05,889044
2021-05-07 09:40:06,682.15,889414
2021-05-07 09:40:07,682.0,889914
2021-05-07 09:40:08,682.0,896894
2021-05-07 09:40:09,681.95,896956
2021-05-07 09:40:10,681.95,896956
2021-05-07 09:40:12,681.95,896996
2021-05-07 09:40:13,681.85,897227
2021-05-07 09:40:14,681.9,897280
2021-05-07 09:40:15,681.6,897310
2021-05-07 09:40:16,681.6,897410
2021-05-07 09:40:18,681.6,897530
2021-05-07 09:40:18,681.9,899443
2021-05-07 09:40:22,681.75,901417
2021-05-07 09:40:23,681.75,901617
2021-05-07 09:40:24,681.75,901617
2021-05-07 09:40:25,681.5,901717
2021-05-07 09:40:28,681.8,901889
2021-05-07 09:40:31,681.55,902234
2021-05-07 09:40:32,681.75,902269
2021-05-07 09:40:33,681.8,902374
2021-05-07 09:40:34,681.8,902374
2021-05-07 09:40:35,681.8,902876
2021-05-07 09:40:36,681.55,903031
2021-05-07 09:40:36,681.55,903031
2021-05-07 09:40:37,681.75,903111
2021-05-07 09:40:38,681.75,905603
2021-05-07 09:40:40,681.75,905714
2021-05-07 09:40:40,681.75,905714
2021-05-07 09:40:41,681.55,905816
2021-05-07 09:40:42,681.65,905827
2021-05-07 09:40:43,681.55,905828
2021-05-07 09:40:44,681.6,905879
2021-05-07 09:40:45,681.6,905978
2021-05-07 09:40:46,681.65,905988
2021-05-07 09:40:50,681.45,913553
2021-05-07 09:40:51,681.45,913555
2021-05-07 09:40:51,681.15,913580
2021-05-07 09:40:52,681.3,913630
2021-05-07 09:40:53,681.15,913640
2021-05-07 09:40:54,681.15,913640
2021-05-07 09:40:55,681.45,913810
2021-05-07 09:40:56,681.4,914812
2021-05-07 09:40:57,681.1,914862
2021-05-07 09:40:58,681.1,915044
2021-05-07 09:41:00,680.6,924596
2021-05-07 09:41:01,680.5,927069
2021-05-07 09:41:02,680.8,927114
2021-05-07 09:41:03,680.85,927145
2021-05-07 09:41:04,680.85,927378
2021-05-07 09:41:05,680.85,929299
2021-05-07 09:41:05,680.85,929299
2021-05-07 09:41:06,680.8,929321
2021-05-07 09:41:07,680.75,929422
2021-05-07 09:41:08,680.8,929629
2021-05-07 09:41:09,680.75,929696
2021-05-07 09:41:10,680.75,930437
2021-05-07 09:41:11,680.8,930657
2021-05-07 09:41:12,680.85,931259
2021-05-07 09:41:13,680.65,931289
2021-05-07 09:41:14,680.75,931659
2021-05-07 09:41:15,681.05,931677
2021-05-07 09:41:16,681.05,931677
2021-05-07 09:41:18,681.0,931952
2021-05-07 09:41:20,681.15,933426
2021-05-07 09:41:21,681.45,933639
2021-05-07 09:41:22,681.15,933677
2021-05-07 09:41:23,681.15,933895
2021-05-07 09:41:24,681.35,933985
2021-05-07 09:41:25,681.35,933985
2021-05-07 09:41:27,681.35,934043
2021-05-07 09:41:28,681.8,935103
2021-05-07 09:41:29,681.8,935103
2021-05-07 09:41:29,681.65,935912
2021-05-07 09:41:31,681.65,935977
2021-05-07 09:41:32,681.35,935978
2021-05-07 09:41:33,681.35,936158
2021-05-07 09:41:34,681.65,936178
2021-05-07 09:41:34,681.65,936178
2021-05-07 09:41:35,681.35,936179
2021-05-07 09:41:36,681.15,936875
2021-05-07 09:41:37,681.45,936979
2021-05-07 09:41:38,681.5,937004
2021-05-07 09:41:39,681.2,937351
2021-05-07 09:41:40,681.5,937361
2021-05-07 09:41:41,681.5,937396
2021-05-07 09:41:42,681.25,937406
2021-05-07 09:41:43,681.45,938056
2021-05-07 09:41:44,681.25,938279
2021-05-07 09:41:46,681.25,938279
2021-05-07 09:41:46,681.45,938352
2021-05-07 09:41:47,681.45,938352
2021-05-07 09:41:48,681.45,938754
2021-05-07 09:41:49,681.25,938757
2021-05-07 09:41:50,681.55,939012
2021-05-07 09:41:51,681.55,939012
2021-05-07 09:41:52,681.25,939062
2021-05-07 09:41:53,681.6,939262
2021-05-07 09:41:54,681.45,939496
2021-05-07 09:41:55,681.45,939496
2021-05-07 09:41:56,681.3,939597
2021-05-07 09:41:57,681.7,941597
2021-05-07 09:41:58,681.7,941597
2021-05-07 09:41:59,681.55,942525
2021-05-07 09:42:01,681.3,944099
2021-05-07 09:42:02,681.3,944401
2021-05-07 09:42:04,681.45,944701
2021-05-07 09:42:05,681.45,944746
2021-05-07 09:42:06,681.45,944746
2021-05-07 09:42:07,681.45,944796
2021-05-07 09:42:08,681.45,944796
2021-05-07 09:42:09,681.45,944811
2021-05-07 09:42:10,681.45,944811
2021-05-07 09:42:11,681.5,945334
2021-05-07 09:42:12,681.35,945344
2021-05-07 09:42:13,681.35,945344
2021-05-07 09:42:14,681.35,945439
2021-05-07 09:42:14,681.5,945444
2021-05-07 09:42:15,681.5,945444
2021-05-07 09:42:16,681.65,945656
2021-05-07 09:42:18,681.65,945656
2021-05-07 09:42:19,681.35,945752
2021-05-07 09:42:20,681.35,945752
2021-05-07 09:42:21,681.6,950427
2021-05-07 09:42:22,681.3,950553
2021-05-07 09:42:23,681.35,950563
2021-05-07 09:42:23,681.35,950576
2021-05-07 09:42:24,681.3,950586
2021-05-07 09:42:25,681.5,950796
2021-05-07 09:42:26,681.35,950816
2021-05-07 09:42:29,681.25,953558
2021-05-07 09:42:30,681.25,953558
2021-05-07 09:42:31,681.45,954660
2021-05-07 09:42:32,681.45,954706
2021-05-07 09:42:33,681.45,954715
2021-05-07 09:42:34,681.45,954715
2021-05-07 09:42:35,681.25,954815
2021-05-07 09:42:36,681.25,955304
2021-05-07 09:42:36,681.1,955306
2021-05-07 09:42:38,681.1,955306
2021-05-07 09:42:39,681.35,955344
2021-05-07 09:42:42,681.0,962672
2021-05-07 09:42:43,681.0,962682
2021-05-07 09:42:44,680.75,962684
2021-05-07 09:42:45,680.75,963245
2021-05-07 09:42:46,680.95,963278
2021-05-07 09:42:47,681.0,963606
2021-05-07 09:42:48,681.0,963906
2021-05-07 09:42:49,680.7,964114
2021-05-07 09:42:50,680.7,964189
2021-05-07 09:42:51,680.7,964189
2021-05-07 09:42:52,680.7,964189
2021-05-07 09:42:53,680.7,964589
2021-05-07 09:42:53,680.7,964639
2021-05-07 09:42:54,681.0,964729
2021-05-07 09:42:55,680.95,968369
2021-05-07 09:42:56,680.9,968404
2021-05-07 09:42:57,680.75,968644
2021-05-07 09:42:59,680.75,968675
2021-05-07 09:43:00,680.7,968740
2021-05-07 09:43:01,680.6,969340
2021-05-07 09:43:01,680.9,969395
2021-05-07 09:43:02,680.7,969402
2021-05-07 09:43:03,680.7,969402
2021-05-07 09:43:04,681.0,969607
2021-05-07 09:43:05,680.95,969668
2021-05-07 09:43:06,680.75,969928
2021-05-07 09:43:07,680.7,970428
2021-05-07 09:43:09,681.0,970436
2021-05-07 09:43:11,680.85,972075
2021-05-07 09:43:12,681.2,972419
2021-05-07 09:43:12,681.2,972419
2021-05-07 09:43:13,680.8,972529
2021-05-07 09:43:14,681.0,972543
2021-05-07 09:43:17,681.15,973895
2021-05-07 09:43:18,681.15,974050
2021-05-07 09:43:18,681.3,974154
2021-05-07 09:43:20,681.15,974521
2021-05-07 09:43:21,681.15,974521
2021-05-07 09:43:24,681.15,974521
2021-05-07 09:43:25,681.15,974521
2021-05-07 09:43:25,681.15,974521
2021-05-07 09:43:28,681.4,975523
2021-05-07 09:43:29,681.15,976033
2021-05-07 09:43:30,681.15,976039
2021-05-07 09:43:31,681.4,976049
2021-05-07 09:43:32,681.3,976050
2021-05-07 09:43:33,681.15,976055
2021-05-07 09:43:34,681.4,976091
2021-05-07 09:43:35,681.15,976371
2021-05-07 09:43:36,681.15,976510
2021-05-07 09:43:36,681.0,976560
2021-05-07 09:43:37,681.05,976720
2021-05-07 09:43:38,681.1,976780
2021-05-07 09:43:39,681.35,976841
2021-05-07 09:43:40,681.35,976841
2021-05-07 09:43:41,681.15,977096
2021-05-07 09:43:42,681.15,977096
2021-05-07 09:43:43,681.3,977106
2021-05-07 09:43:44,681.35,978076
2021-05-07 09:43:45,681.35,978186
2021-05-07 09:43:46,681.05,978415
2021-05-07 09:43:47,681.4,978425
2021-05-07 09:43:48,681.4,978425
2021-05-07 09:43:50,681.35,979091
2021-05-07 09:43:51,681.35,979105
2021-05-07 09:43:53,681.35,979105
2021-05-07 09:43:54,681.3,979155
2021-05-07 09:43:55,681.3,979164
2021-05-07 09:43:56,681.05,979445
2021-05-07 09:43:57,681.3,979545
2021-05-07 09:43:58,681.25,979565
2021-05-07 09:43:58,681.3,979555
2021-05-07 09:44:00,681.25,980025
2021-05-07 09:44:01,681.05,981614
2021-05-07 09:44:01,681.05,981739
2021-05-07 09:44:02,681.2,982029
2021-05-07 09:44:04,681.2,982329
2021-05-07 09:44:05,681.2,982332
2021-05-07 09:44:05,681.2,982332
2021-05-07 09:44:06,681.2,982332
2021-05-07 09:44:07,681.2,982803
2021-05-07 09:44:09,681.05,982885
2021-05-07 09:44:10,681.05,982885
2021-05-07 09:44:11,681.05,982906
2021-05-07 09:44:12,681.05,982906
2021-05-07 09:44:13,681.05,982956
2021-05-07 09:44:14,681.2,983552
2021-05-07 09:44:15,681.35,983720
2021-05-07 09:44:16,681.35,983720
2021-05-07 09:44:17,681.1,983870
2021-05-07 09:44:18,681.1,983870
2021-05-07 09:44:19,681.2,983917
2021-05-07 09:44:20,681.2,983917
2021-05-07 09:44:21,681.2,983945
2021-05-07 09:44:22,681.25,983950
2021-05-07 09:44:22,681.25,983950
2021-05-07 09:44:24,681.35,984242
2021-05-07 09:44:25,681.35,984242
2021-05-07 09:44:26,681.2,984302
2021-05-07 09:44:27,681.2,984302
2021-05-07 09:44:28,681.6,1012908
2021-05-07 09:44:29,681.6,1012908
2021-05-07 09:44:30,681.6,1012908
2021-05-07 09:44:31,681.6,1013008
2021-05-07 09:44:32,681.9,1013708
2021-05-07 09:44:33,681.9,1013708
2021-05-07 09:44:34,681.55,1014147
2021-05-07 09:44:35,681.55,1014177
2021-05-07 09:44:35,681.55,1014177
2021-05-07 09:44:36,681.6,1014237
2021-05-07 09:44:37,681.85,1016217
2021-05-07 09:44:38,682.1,1016695
2021-05-07 09:44:40,681.75,1016705
2021-05-07 09:44:41,681.8,1016720
2021-05-07 09:44:42,681.8,1016720
2021-05-07 09:44:43,682.1,1017088
2021-05-07 09:44:44,682.05,1017314
2021-05-07 09:44:45,682.0,1017346
2021-05-07 09:44:46,682.0,1017356
2021-05-07 09:44:47,682.0,1017406
2021-05-07 09:44:48,682.0,1017406
2021-05-07 09:44:49,682.15,1017854
2021-05-07 09:44:50,682.15,1017854
2021-05-07 09:44:51,682.0,1017876
2021-05-07 09:44:52,681.75,1019785
2021-05-07 09:44:52,681.75,1019785
2021-05-07 09:44:54,681.75,1019785
2021-05-07 09:44:55,681.75,1019785
2021-05-07 09:44:55,681.75,1019785
2021-05-07 09:44:57,681.6,1019790
2021-05-07 09:44:58,681.6,1019840
2021-05-07 09:44:59,681.8,1019873
2021-05-07 09:45:00,681.75,1019888
2021-05-07 09:45:00,681.75,1019888
2021-05-07 09:45:02,681.9,1019998
2021-05-07 09:45:03,681.75,1020098
2021-05-07 09:45:04,681.75,1020103
2021-05-07 09:45:05,681.75,1020103
2021-05-07 09:45:06,682.05,1020311
2021-05-07 09:45:07,681.85,1021295
2021-05-07 09:45:08,682.0,1021301
2021-05-07 09:45:09,682.1,1021801
2021-05-07 09:45:11,682.0,1021819
2021-05-07 09:45:12,682.0,1021819
2021-05-07 09:45:12,681.75,1021869
2021-05-07 09:45:13,682.05,1022869
2021-05-07 09:45:14,681.85,1022890
2021-05-07 09:45:15,681.85,1022903
2021-05-07 09:45:16,681.95,1022970
2021-05-07 09:45:17,682.25,1023502
2021-05-07 09:45:19,682.25,1023502
2021-05-07 09:45:20,681.85,1023512
2021-05-07 09:45:21,682.15,1023562
2021-05-07 09:45:21,682.15,1023602
2021-05-07 09:45:22,682.0,1023662
2021-05-07 09:45:24,681.8,1024407
2021-05-07 09:45:25,682.0,1024432
2021-05-07 09:45:26,681.75,1024498
2021-05-07 09:45:27,681.75,1024573
2021-05-07 09:45:28,681.75,1024751
2021-05-07 09:45:29,681.85,1024802
2021-05-07 09:45:30,681.75,1024971
2021-05-07 09:45:31,681.75,1024971
2021-05-07 09:45:32,681.7,1025754
2021-05-07 09:45:33,681.6,1025977
2021-05-07 09:45:34,681.6,1025977
2021-05-07 09:45:35,681.4,1027283
2021-05-07 09:45:36,681.7,1027466
2021-05-07 09:45:37,681.4,1027720
2021-05-07 09:45:38,681.4,1027736
2021-05-07 09:45:39,681.5,1027752
2021-05-07 09:45:39,681.5,1027752
2021-05-07 09:45:40,681.4,1028200
2021-05-07 09:45:41,681.6,1028205
2021-05-07 09:45:42,681.6,1028205
2021-05-07 09:45:44,681.4,1028319
2021-05-07 09:45:45,681.4,1028539
2021-05-07 09:45:46,681.4,1028559
2021-05-07 09:45:46,681.4,1028559
2021-05-07 09:45:47,681.25,1029916
2021-05-07 09:45:49,681.55,1029920
2021-05-07 09:45:50,681.25,1029970
2021-05-07 09:45:51,681.25,1029970
2021-05-07 09:45:52,681.5,1029971
2021-05-07 09:45:53,681.5,1030546
2021-05-07 09:45:54,681.5,1030546
2021-05-07 09:45:55,681.3,1030547
2021-05-07 09:45:56,681.3,1030570
2021-05-07 09:45:57,681.25,1030909
2021-05-07 09:45:58,681.1,1031969
2021-05-07 09:45:59,681.0,1032186
2021-05-07 09:46:00,680.9,1032942
2021-05-07 09:46:01,681.0,1032961
2021-05-07 09:46:02,681.2,1033066
2021-05-07 09:46:03,681.0,1033181
2021-05-07 09:46:03,681.0,1033181
2021-05-07 09:46:04,681.0,1033207
2021-05-07 09:46:05,681.0,1033207
2021-05-07 09:46:07,681.0,1033307
2021-05-07 09:46:08,681.0,1033307
2021-05-07 09:46:11,681.25,1033456
2021-05-07 09:46:12,681.0,1034484
2021-05-07 09:46:13,681.0,1034484
2021-05-07 09:46:14,681.0,1034484
2021-05-07 09:46:15,680.8,1034544
2021-05-07 09:46:16,680.8,1035739
2021-05-07 09:46:18,680.8,1035971
2021-05-07 09:46:19,680.85,1036528
2021-05-07 09:46:20,680.85,1036528
2021-05-07 09:46:21,680.85,1036528
2021-05-07 09:46:22,680.85,1036939
2021-05-07 09:46:23,680.9,1037221
2021-05-07 09:46:24,680.9,1037222
2021-05-07 09:46:25,681.2,1037652
2021-05-07 09:46:26,681.0,1037662
2021-05-07 09:46:27,681.0,1037763
2021-05-07 09:46:28,681.0,1037873
2021-05-07 09:46:29,681.0,1037923
2021-05-07 09:46:30,681.0,1037923
2021-05-07 09:46:31,680.95,1037930
2021-05-07 09:46:32,680.95,1037930
2021-05-07 09:46:33,680.95,1038145
2021-05-07 09:46:34,681.0,1038146
2021-05-07 09:46:35,681.0,1038146
2021-05-07 09:46:36,680.95,1038519
2021-05-07 09:46:37,681.1,1041322
2021-05-07 09:46:38,680.8,1043363
2021-05-07 09:46:39,680.75,1043380
2021-05-07 09:46:40,681.1,1043525
2021-05-07 09:46:41,681.1,1043525
2021-05-07 09:46:42,680.75,1043530
2021-05-07 09:46:43,680.75,1043530
2021-05-07 09:46:44,680.75,1045277
2021-05-07 09:46:45,680.75,1045292
2021-05-07 09:46:49,681.0,1046620
2021-05-07 09:46:50,680.8,1046640
2021-05-07 09:46:51,680.8,1046780
2021-05-07 09:46:52,680.75,1046901
2021-05-07 09:46:53,681.0,1047227
2021-05-07 09:46:54,680.75,1047847
2021-05-07 09:46:55,680.75,1047847
2021-05-07 09:46:56,681.0,1047902
2021-05-07 09:46:57,680.75,1047962
2021-05-07 09:46:58,680.7,1048962
2021-05-07 09:46:59,680.7,1048986
2021-05-07 09:47:00,680.7,1048986
2021-05-07 09:47:01,681.0,1049021
2021-05-07 09:47:02,681.0,1049509
2021-05-07 09:47:03,680.75,1049819
2021-05-07 09:47:04,681.0,1050556
2021-05-07 09:47:05,681.0,1050700
2021-05-07 09:47:06,681.0,1052025
2021-05-07 09:47:07,680.75,1052745
2021-05-07 09:47:08,680.75,1052766
2021-05-07 09:47:09,681.0,1052767
2021-05-07 09:47:11,681.0,1052783
2021-05-07 09:47:10,681.0,1052768
2021-05-07 09:47:12,680.75,1052807
2021-05-07 09:47:13,680.75,1053012
2021-05-07 09:47:14,680.75,1053012
2021-05-07 09:47:15,680.75,1053102
2021-05-07 09:47:16,680.75,1053102
2021-05-07 09:47:17,680.95,1053668
2021-05-07 09:47:18,680.95,1053678
2021-05-07 09:47:19,680.75,1054086
2021-05-07 09:47:21,680.8,1054110
2021-05-07 09:47:23,680.9,1054163
2021-05-07 09:47:24,680.9,1054163
2021-05-07 09:47:25,681.0,1055474
2021-05-07 09:47:26,680.8,1055489
2021-05-07 09:47:27,680.8,1055580
2021-05-07 09:47:28,680.8,1055624
2021-05-07 09:47:29,680.9,1055662
2021-05-07 09:47:30,680.95,1055692
2021-05-07 09:47:31,680.9,1055867
2021-05-07 09:47:32,680.9,1055942
2021-05-07 09:47:33,680.9,1055955
2021-05-07 09:47:34,681.0,1055970
2021-05-07 09:47:35,680.8,1055978
2021-05-07 09:47:36,680.8,1055978
2021-05-07 09:47:37,681.0,1056009
2021-05-07 09:47:38,680.8,1057039
2021-05-07 09:47:39,680.95,1057354
2021-05-07 09:47:40,681.0,1057441
2021-05-07 09:47:41,680.95,1057461
2021-05-07 09:47:42,681.0,1057993
2021-05-07 09:47:44,680.95,1058981
2021-05-07 09:47:43,681.0,1057993
2021-05-07 09:47:45,680.95,1058981
2021-05-07 09:47:46,680.95,1058981
2021-05-07 09:47:47,681.0,1059021
2021-05-07 09:47:48,681.0,1059021
2021-05-07 09:47:49,681.0,1059021
2021-05-07 09:47:50,680.85,1059034
2021-05-07 09:47:51,680.85,1059034
2021-05-07 09:47:52,680.85,1059034
2021-05-07 09:47:53,680.85,1059074
2021-05-07 09:47:55,680.9,1059174
2021-05-07 09:47:54,680.9,1059174
2021-05-07 09:47:56,680.9,1059174
2021-05-07 09:47:58,680.85,1059395
2021-05-07 09:47:59,680.9,1059440
2021-05-07 09:48:00,680.9,1059478
2021-05-07 09:48:01,680.95,1060390
2021-05-07 09:48:02,680.95,1060390
2021-05-07 09:48:03,681.0,1060416
2021-05-07 09:48:04,680.8,1060565
2021-05-07 09:48:05,680.8,1060565
2021-05-07 09:48:06,680.75,1060765
2021-05-07 09:48:07,680.75,1060765
2021-05-07 09:48:08,680.75,1060765
2021-05-07 09:48:09,681.0,1060767
2021-05-07 09:48:10,680.95,1060768
2021-05-07 09:48:11,680.95,1060768
2021-05-07 09:48:12,680.95,1064276
2021-05-07 09:48:13,681.0,1064928
2021-05-07 09:48:14,681.0,1064946
2021-05-07 09:48:15,681.0,1064946
2021-05-07 09:48:16,680.95,1064956
2021-05-07 09:48:17,681.15,1067362
2021-05-07 09:48:18,681.15,1067713
2021-05-07 09:48:19,681.2,1067743
2021-05-07 09:48:20,681.2,1067843
2021-05-07 09:48:21,681.2,1067843
2021-05-07 09:48:22,681.1,1067844
2021-05-07 09:48:23,681.2,1067882
2021-05-07 09:48:25,681.3,1067894
2021-05-07 09:48:25,681.3,1067920
2021-05-07 09:48:26,681.3,1067920
2021-05-07 09:48:28,681.1,1068170
2021-05-07 09:48:29,681.1,1069136
2021-05-07 09:48:30,681.35,1069181
2021-05-07 09:48:31,681.05,1069943
2021-05-07 09:48:32,681.05,1069943
2021-05-07 09:48:34,681.1,1069953
2021-05-07 09:48:34,681.1,1069953
2021-05-07 09:48:35,681.1,1069953
2021-05-07 09:48:36,681.4,1069983
2021-05-07 09:48:37,681.1,1070039
2021-05-07 09:48:38,681.1,1070039
2021-05-07 09:48:39,681.1,1070080
2021-05-07 09:48:40,681.1,1070190
2021-05-07 09:48:41,681.1,1070190
2021-05-07 09:48:42,681.1,1070190
2021-05-07 09:48:44,681.1,1070191
2021-05-07 09:48:44,681.1,1070191
2021-05-07 09:48:45,681.1,1070291
2021-05-07 09:48:46,681.35,1070477
2021-05-07 09:48:47,681.3,1070500
2021-05-07 09:48:48,681.3,1070510
2021-05-07 09:48:49,681.4,1070835
2021-05-07 09:48:50,681.4,1070845
2021-05-07 09:48:51,681.1,1070895
2021-05-07 09:48:52,681.1,1070895
2021-05-07 09:48:53,681.1,1070895
2021-05-07 09:48:54,681.1,1070895
2021-05-07 09:48:55,681.1,1070895
2021-05-07 09:48:56,681.4,1071233
2021-05-07 09:48:57,681.2,1071454
2021-05-07 09:48:58,681.2,1071463
2021-05-07 09:48:59,681.2,1071478
2021-05-07 09:49:00,681.35,1072161
2021-05-07 09:49:01,681.35,1072251
2021-05-07 09:49:03,681.1,1073129
2021-05-07 09:49:04,681.3,1073419
2021-05-07 09:49:06,681.1,1073642
2021-05-07 09:49:07,680.65,1076740
2021-05-07 09:49:07,680.9,1076750
2021-05-07 09:49:08,680.95,1076820
2021-05-07 09:49:09,680.5,1080448
2021-05-07 09:49:10,680.5,1080498
2021-05-07 09:49:11,680.75,1080652
2021-05-07 09:49:12,680.8,1080675
2021-05-07 09:49:13,680.55,1080777
2021-05-07 09:49:14,680.75,1080803
2021-05-07 09:49:15,680.75,1080810
2021-05-07 09:49:17,680.75,1080810
2021-05-07 09:49:17,680.85,1080825
2021-05-07 09:49:18,680.5,1080833
2021-05-07 09:49:19,680.45,1081628
2021-05-07 09:49:20,680.3,1083018
2021-05-07 09:49:21,680.3,1083018
2021-05-07 09:49:22,680.5,1083069
2021-05-07 09:49:23,680.75,1083319
2021-05-07 09:49:25,680.35,1083507
2021-05-07 09:49:25,680.35,1083507
2021-05-07 09:49:26,680.35,1083507
2021-05-07 09:49:27,680.35,1083507
2021-05-07 09:49:28,680.25,1083882
2021-05-07 09:49:29,680.1,1085144
2021-05-07 09:49:30,680.1,1085160
2021-05-07 09:49:31,680.4,1085211
2021-05-07 09:49:32,680.1,1085337
2021-05-07 09:49:33,680.1,1085408
2021-05-07 09:49:34,680.1,1085433
2021-05-07 09:49:35,680.3,1086142
2021-05-07 09:49:36,680.3,1086184
2021-05-07 09:49:38,680.1,1086186
2021-05-07 09:49:39,680.1,1086451
2021-05-07 09:49:40,680.05,1086804
2021-05-07 09:49:40,680.05,1086804
2021-05-07 09:49:41,680.35,1086912
2021-05-07 09:49:42,680.1,1086922
2021-05-07 09:49:43,680.35,1086923
2021-05-07 09:49:44,680.35,1087258
2021-05-07 09:49:45,680.6,1087363
2021-05-07 09:49:46,680.6,1087494
2021-05-07 09:49:47,680.4,1087505
2021-05-07 09:49:48,680.4,1087676
2021-05-07 09:49:49,680.5,1087682
2021-05-07 09:49:51,680.4,1087722
2021-05-07 09:49:52,680.7,1087995
2021-05-07 09:49:53,680.7,1087995
2021-05-07 09:49:54,680.4,1088010
2021-05-07 09:49:54,680.4,1088010
2021-05-07 09:49:55,680.45,1088110
2021-05-07 09:49:56,680.5,1088765
2021-05-07 09:49:57,680.5,1088777
2021-05-07 09:49:58,680.5,1088777
2021-05-07 09:49:59,680.5,1088777
2021-05-07 09:50:00,680.15,1090565
2021-05-07 09:50:01,680.15,1090676
2021-05-07 09:50:02,680.4,1090776
2021-05-07 09:50:03,680.1,1091326
2021-05-07 09:50:04,680.35,1091396
2021-05-07 09:50:05,680.35,1091396
2021-05-07 09:50:06,680.35,1091396
2021-05-07 09:50:07,680.35,1091396
2021-05-07 09:50:08,680.3,1091406
2021-05-07 09:50:09,680.05,1091906
2021-05-07 09:50:10,680.05,1091906
2021-05-07 09:50:12,680.1,1092153
2021-05-07 09:50:12,680.1,1092153
2021-05-07 09:50:13,680.1,1092163
2021-05-07 09:50:14,680.5,1092286
2021-05-07 09:50:15,680.25,1092386
2021-05-07 09:50:16,680.15,1092686
2021-05-07 09:50:17,680.25,1092697
2021-05-07 09:50:18,680.2,1092798
2021-05-07 09:50:19,680.5,1093174
2021-05-07 09:50:20,680.9,1093910
2021-05-07 09:50:21,680.7,1094180
2021-05-07 09:50:23,680.7,1094258
2021-05-07 09:50:23,680.7,1094258
2021-05-07 09:50:24,680.9,1094264
2021-05-07 09:50:25,680.7,1094268
2021-05-07 09:50:26,680.7,1094268
2021-05-07 09:50:27,680.85,1094356
2021-05-07 09:50:28,680.85,1094356
2021-05-07 09:50:29,680.7,1094672
2021-05-07 09:50:30,681.0,1094969
2021-05-07 09:50:31,680.7,1095006
2021-05-07 09:50:33,681.0,1095016
2021-05-07 09:50:34,680.7,1095094
2021-05-07 09:50:34,680.7,1095094
2021-05-07 09:50:35,680.7,1095104
2021-05-07 09:50:36,680.7,1095104
2021-05-07 09:50:37,680.8,1095106
2021-05-07 09:50:38,680.8,1095106
2021-05-07 09:50:39,680.8,1095121
2021-05-07 09:50:40,680.85,1095440
2021-05-07 09:50:41,680.9,1095448
2021-05-07 09:50:42,680.9,1095548
2021-05-07 09:50:44,680.9,1095608
2021-05-07 09:50:46,680.85,1095666
2021-05-07 09:50:47,680.9,1096106
2021-05-07 09:50:47,680.9,1096106
2021-05-07 09:50:48,680.85,1096137
2021-05-07 09:50:49,680.9,1096142
2021-05-07 09:50:50,681.0,1096177
2021-05-07 09:50:51,681.0,1096197
2021-05-07 09:50:52,681.2,1096557
2021-05-07 09:50:53,680.9,1096892
2021-05-07 09:50:55,681.3,1097234
2021-05-07 09:50:57,681.3,1097234
2021-05-07 09:50:57,681.3,1097359
2021-05-07 09:50:58,681.0,1097384
2021-05-07 09:50:59,681.0,1097450
2021-05-07 09:51:00,681.0,1097452
2021-05-07 09:51:01,681.0,1097452
2021-05-07 09:51:02,681.3,1097857
2021-05-07 09:51:04,681.3,1097904
2021-05-07 09:51:05,681.3,1098025
2021-05-07 09:51:06,681.3,1098254
2021-05-07 09:51:07,681.0,1098356
2021-05-07 09:51:08,681.0,1098356
2021-05-07 09:51:09,681.0,1098426
2021-05-07 09:51:10,681.0,1098893
2021-05-07 09:51:11,680.85,1101580
2021-05-07 09:51:12,681.0,1101598
2021-05-07 09:51:13,681.0,1101817
2021-05-07 09:51:14,680.75,1102120
2021-05-07 09:51:15,680.9,1102239
2021-05-07 09:51:16,680.7,1103230
2021-05-07 09:51:17,680.95,1103281
2021-05-07 09:51:18,680.95,1103291
2021-05-07 09:51:19,680.95,1103291
2021-05-07 09:51:20,680.75,1103363
2021-05-07 09:51:21,680.75,1103363
2021-05-07 09:51:22,680.75,1103363
2021-05-07 09:51:23,680.75,1103408
2021-05-07 09:51:25,680.9,1103506
2021-05-07 09:51:26,680.9,1103512
2021-05-07 09:51:27,680.9,1103512
2021-05-07 09:51:28,680.9,1103522
2021-05-07 09:51:28,680.75,1103524
2021-05-07 09:51:29,680.75,1103524
2021-05-07 09:51:30,680.95,1103825
2021-05-07 09:51:31,681.0,1104382
2021-05-07 09:51:32,681.0,1104393
2021-05-07 09:51:33,680.75,1104398
2021-05-07 09:51:34,680.75,1104398
2021-05-07 09:51:36,680.9,1104408
2021-05-07 09:51:37,681.0,1104662
2021-05-07 09:51:37,680.75,1104957
2021-05-07 09:51:38,680.95,1105061
2021-05-07 09:51:39,680.75,1105186
2021-05-07 09:51:40,680.75,1106073
2021-05-07 09:51:41,680.75,1106076
2021-05-07 09:51:42,680.75,1106076
2021-05-07 09:51:43,680.75,1106076
2021-05-07 09:51:44,680.9,1106226
2021-05-07 09:51:45,680.95,1106236
2021-05-07 09:51:46,680.75,1106436
2021-05-07 09:51:47,680.75,1106436
2021-05-07 09:51:48,680.75,1106436
2021-05-07 09:51:49,680.75,1106446
2021-05-07 09:51:51,680.75,1106476
2021-05-07 09:51:51,680.75,1106476
2021-05-07 09:51:52,680.9,1106494
2021-05-07 09:51:53,680.9,1106513
2021-05-07 09:51:54,680.75,1106543
2021-05-07 09:51:55,680.75,1106543
2021-05-07 09:51:57,680.75,1106573
2021-05-07 09:51:57,680.75,1106573
2021-05-07 09:52:00,680.75,1107153
2021-05-07 09:52:01,680.75,1107153
2021-05-07 09:52:03,680.75,1107153
2021-05-07 09:52:04,680.75,1107153
2021-05-07 09:52:04,680.75,1107153
2021-05-07 09:52:05,680.75,1107153
2021-05-07 09:52:06,680.9,1107386
2021-05-07 09:52:07,680.9,1107386
2021-05-07 09:52:08,680.9,1107386
2021-05-07 09:52:09,680.9,1107836
2021-05-07 09:52:10,680.9,1107846
2021-05-07 09:52:11,680.75,1108273
2021-05-07 09:52:12,680.9,1108429
2021-05-07 09:52:13,680.9,1108429
2021-05-07 09:52:14,681.0,1108672
2021-05-07 09:52:15,681.0,1108677
2021-05-07 09:52:16,681.0,1108677
2021-05-07 09:52:17,681.0,1108677
2021-05-07 09:52:19,681.0,1108937
2021-05-07 09:52:18,681.0,1108937
2021-05-07 09:52:20,681.0,1111079
2021-05-07 09:52:21,681.0,1111088
2021-05-07 09:52:22,681.3,1111329
2021-05-07 09:52:24,681.3,1111329
2021-05-07 09:52:25,681.3,1111329
2021-05-07 09:52:25,681.3,1111329
2021-05-07 09:52:27,681.05,1111351
2021-05-07 09:52:27,681.05,1111355
2021-05-07 09:52:28,681.05,1111355
2021-05-07 09:52:30,681.05,1111355
2021-05-07 09:52:31,681.3,1111839
2021-05-07 09:52:31,681.3,1111839
2021-05-07 09:52:32,681.1,1111895
2021-05-07 09:52:33,681.1,1111946
2021-05-07 09:52:34,681.3,1112129
2021-05-07 09:52:36,681.1,1112201
2021-05-07 09:52:37,681.1,1112201
2021-05-07 09:52:37,681.1,1112230
2021-05-07 09:52:39,681.3,1112497
2021-05-07 09:52:39,681.3,1112497
2021-05-07 09:52:40,681.3,1112497
2021-05-07 09:52:42,681.1,1113157
2021-05-07 09:52:43,681.1,1113157
2021-05-07 09:52:44,681.7,1120273
2021-05-07 09:52:45,681.7,1120273
2021-05-07 09:52:46,681.7,1120273
2021-05-07 09:52:46,681.7,1120273
2021-05-07 09:52:47,682.0,1120879
2021-05-07 09:52:48,682.0,1121253
2021-05-07 09:52:49,682.0,1121253
2021-05-07 09:52:50,682.0,1121253
2021-05-07 09:52:52,682.0,1122776
2021-05-07 09:52:53,681.95,1122826
2021-05-07 09:52:54,682.1,1123237
2021-05-07 09:52:54,682.1,1123237
2021-05-07 09:52:55,682.0,1123238
2021-05-07 09:52:56,682.0,1123238
2021-05-07 09:52:57,682.0,1123238
2021-05-07 09:52:58,682.15,1123409
2021-05-07 09:53:00,682.2,1123773
2021-05-07 09:53:01,682.2,1124030
2021-05-07 09:53:01,682.2,1124030
2021-05-07 09:53:02,682.25,1124342
2021-05-07 09:53:03,682.45,1124531
2021-05-07 09:53:05,682.75,1126193
2021-05-07 09:53:05,682.5,1126194
2021-05-07 09:53:06,682.4,1126319
2021-05-07 09:53:07,682.4,1126569
2021-05-07 09:53:08,682.75,1127064
2021-05-07 09:53:10,682.45,1127310
2021-05-07 09:53:12,682.4,1128491
2021-05-07 09:53:13,682.4,1129211
2021-05-07 09:53:14,682.7,1130211
2021-05-07 09:53:15,682.4,1130567
2021-05-07 09:53:16,682.65,1130699
2021-05-07 09:53:17,682.45,1130709
2021-05-07 09:53:17,682.45,1130709
2021-05-07 09:53:18,682.5,1130710
2021-05-07 09:53:19,682.7,1130952
2021-05-07 09:53:20,682.7,1131098
2021-05-07 09:53:22,682.45,1131108
2021-05-07 09:53:23,682.7,1132513
2021-05-07 09:53:24,682.75,1133099
2021-05-07 09:53:25,682.75,1133457
2021-05-07 09:53:26,682.95,1135391
2021-05-07 09:53:27,682.95,1135728
2021-05-07 09:53:28,682.75,1136156
2021-05-07 09:53:30,682.75,1136156
2021-05-07 09:53:30,682.7,1136176
2021-05-07 09:53:31,683.0,1137364
2021-05-07 09:53:32,682.75,1137365
2021-05-07 09:53:34,682.7,1137741
2021-05-07 09:53:35,682.95,1137751
2021-05-07 09:53:35,682.7,1137983
2021-05-07 09:53:37,682.95,1138043
2021-05-07 09:53:38,682.95,1138044
2021-05-07 09:53:39,682.8,1138234
2021-05-07 09:53:39,682.7,1138254
2021-05-07 09:53:40,682.55,1139026
2021-05-07 09:53:41,682.55,1139031
2021-05-07 09:53:43,682.55,1139036
2021-05-07 09:53:43,682.55,1139039
2021-05-07 09:53:45,682.55,1139391
2021-05-07 09:53:45,682.4,1139667
2021-05-07 09:53:46,682.55,1139898
2021-05-07 09:53:47,682.55,1139902
2021-05-07 09:53:49,682.55,1139909
2021-05-07 09:53:49,682.55,1139929
2021-05-07 09:53:50,682.55,1139947
2021-05-07 09:53:51,682.8,1140697
2021-05-07 09:53:52,682.8,1140697
2021-05-07 09:53:53,682.75,1140919
2021-05-07 09:53:54,682.75,1140919
2021-05-07 09:53:55,682.6,1141017
2021-05-07 09:53:57,682.9,1141118
2021-05-07 09:53:58,682.9,1141118
2021-05-07 09:53:59,682.6,1141139
2021-05-07 09:54:00,682.6,1141139
2021-05-07 09:54:01,682.9,1141340
2021-05-07 09:54:01,682.65,1141390
2021-05-07 09:54:03,682.75,1143111
2021-05-07 09:54:04,682.95,1143161
2021-05-07 09:54:06,682.75,1143261
2021-05-07 09:54:07,682.95,1143797
2021-05-07 09:54:08,682.95,1143948
2021-05-07 09:54:08,682.95,1143948
2021-05-07 09:54:10,682.75,1144648
2021-05-07 09:54:11,682.95,1144907
2021-05-07 09:54:12,683.0,1145012
2021-05-07 09:54:12,683.0,1145012
2021-05-07 09:54:13,682.7,1146698
2021-05-07 09:54:15,682.7,1146698
2021-05-07 09:54:15,682.7,1146698
2021-05-07 09:54:16,682.7,1146698
2021-05-07 09:54:18,682.9,1146700
2021-05-07 09:54:18,682.9,1146700
2021-05-07 09:54:19,682.9,1146980
2021-05-07 09:54:20,682.95,1147000
2021-05-07 09:54:22,683.2,1151759
2021-05-07 09:54:23,683.2,1151829
2021-05-07 09:54:25,683.65,1153432
2021-05-07 09:54:26,683.25,1153582
2021-05-07 09:54:28,683.4,1154311
2021-05-07 09:54:29,683.4,1154378
2021-05-07 09:54:30,683.7,1155165
2021-05-07 09:54:31,683.65,1155313
2021-05-07 09:54:32,683.65,1155313
2021-05-07 09:54:33,683.3,1155469
2021-05-07 09:54:33,683.3,1155448
2021-05-07 09:54:34,683.6,1155889
2021-05-07 09:54:36,683.5,1156444
2021-05-07 09:54:36,683.4,1156490
2021-05-07 09:54:38,683.3,1156650
2021-05-07 09:54:39,683.3,1156852
2021-05-07 09:54:40,683.3,1156867
2021-05-07 09:54:41,683.55,1157152
2021-05-07 09:54:42,683.6,1157208
2021-05-07 09:54:43,683.4,1157223
2021-05-07 09:54:44,683.4,1157350
2021-05-07 09:54:45,683.4,1157677
2021-05-07 09:54:46,683.4,1157703
2021-05-07 09:54:47,683.5,1158068
2021-05-07 09:54:48,683.5,1158113
2021-05-07 09:54:49,683.25,1158613
2021-05-07 09:54:50,683.5,1158693
2021-05-07 09:54:51,683.5,1158693
2021-05-07 09:54:52,683.25,1158696
2021-05-07 09:54:53,683.3,1158721
2021-05-07 09:54:54,683.3,1158781
2021-05-07 09:54:55,683.5,1158799
2021-05-07 09:54:56,684.1,1179901
2021-05-07 09:54:57,684.0,1181779
2021-05-07 09:55:00,683.9,1183248
2021-05-07 09:55:01,684.0,1183283
2021-05-07 09:55:03,684.0,1184100
2021-05-07 09:55:04,683.75,1184200
2021-05-07 09:55:05,683.8,1187453
2021-05-07 09:55:07,684.0,1189149
2021-05-07 09:55:08,683.9,1190852
2021-05-07 09:55:09,683.5,1191092
2021-05-07 09:55:11,683.7,1191708
2021-05-07 09:55:12,683.5,1191915
2021-05-07 09:55:12,683.5,1191915
2021-05-07 09:55:13,683.8,1192330
2021-05-07 09:55:14,683.5,1192378
2021-05-07 09:55:15,683.5,1193876
2021-05-07 09:55:17,683.5,1193876
2021-05-07 09:55:18,683.85,1195225
2021-05-07 09:55:19,683.85,1195255
2021-05-07 09:55:20,683.8,1196100
2021-05-07 09:55:21,683.8,1196200
2021-05-07 09:55:22,683.8,1196200
2021-05-07 09:55:23,684.0,1196348
2021-05-07 09:55:24,684.0,1196600
2021-05-07 09:55:25,683.85,1196640
2021-05-07 09:55:26,683.85,1196640
2021-05-07 09:55:27,683.85,1196734
2021-05-07 09:55:28,684.45,1199463
2021-05-07 09:55:29,684.45,1200810
2021-05-07 09:55:30,684.05,1203973
2021-05-07 09:55:31,684.15,1204194
2021-05-07 09:55:32,684.15,1204203
2021-05-07 09:55:33,684.2,1204312
2021-05-07 09:55:34,684.2,1206267
2021-05-07 09:55:34,684.4,1206667
2021-05-07 09:55:35,684.15,1206693
2021-05-07 09:55:36,684.4,1206702
2021-05-07 09:55:39,684.1,1207148
2021-05-07 09:55:40,684.1,1207208
2021-05-07 09:55:41,684.1,1207432
2021-05-07 09:55:43,684.35,1208171
2021-05-07 09:55:44,684.5,1209901
2021-05-07 09:55:45,684.1,1210310
2021-05-07 09:55:45,684.4,1210410
2021-05-07 09:55:47,684.5,1210970
2021-05-07 09:55:47,684.5,1211124
2021-05-07 09:55:48,684.3,1211654
2021-05-07 09:55:49,684.3,1211681
2021-05-07 09:55:50,684.35,1211753
2021-05-07 09:55:51,684.2,1211853
2021-05-07 09:55:53,684.3,1211859
2021-05-07 09:55:54,684.2,1212036
2021-05-07 09:55:55,684.3,1212041
2021-05-07 09:55:56,684.4,1212167
2021-05-07 09:55:57,684.45,1212658
2021-05-07 09:55:58,684.15,1212869
2021-05-07 09:55:59,684.35,1212890
2021-05-07 09:56:00,684.35,1212922
2021-05-07 09:56:01,684.5,1216093
2021-05-07 09:56:02,684.45,1216113
2021-05-07 09:56:03,684.4,1216183
2021-05-07 09:56:04,684.65,1216477
2021-05-07 09:56:05,684.7,1216733
2021-05-07 09:56:06,684.45,1216835
2021-05-07 09:56:07,684.75,1217067
2021-05-07 09:56:08,684.45,1217097
2021-05-07 09:56:09,684.7,1217659
2021-05-07 09:56:10,684.3,1220939
2021-05-07 09:56:11,684.5,1221111
2021-05-07 09:56:12,684.5,1221196
2021-05-07 09:56:12,684.5,1221197
2021-05-07 09:56:14,684.5,1221257
2021-05-07 09:56:15,684.65,1221259
2021-05-07 09:56:16,684.65,1221269
2021-05-07 09:56:17,684.5,1221639
2021-05-07 09:56:18,684.85,1223808
2021-05-07 09:56:19,684.9,1224160
2021-05-07 09:56:20,684.65,1224205
2021-05-07 09:56:21,684.9,1224450
2021-05-07 09:56:22,684.9,1224452
2021-05-07 09:56:23,684.65,1224982
2021-05-07 09:56:24,684.7,1225567
2021-05-07 09:56:25,684.9,1225584
2021-05-07 09:56:26,684.7,1225610
2021-05-07 09:56:27,684.7,1225615
2021-05-07 09:56:28,684.7,1225636
2021-05-07 09:56:28,684.7,1225636
2021-05-07 09:56:30,684.9,1225776
2021-05-07 09:56:31,684.9,1226515
2021-05-07 09:56:32,685.0,1238616
2021-05-07 09:56:33,685.0,1238726
2021-05-07 09:56:34,684.75,1238831
2021-05-07 09:56:35,685.0,1239290
2021-05-07 09:56:36,685.0,1239365
2021-05-07 09:56:37,685.0,1239485
2021-05-07 09:56:37,684.75,1239535
2021-05-07 09:56:39,684.95,1241067
2021-05-07 09:56:40,684.75,1241985
2021-05-07 09:56:41,685.0,1242229
2021-05-07 09:56:42,685.0,1242389
2021-05-07 09:56:43,684.8,1242539
2021-05-07 09:56:44,685.0,1242719
2021-05-07 09:56:45,685.0,1242782
2021-05-07 09:56:46,685.0,1242782
2021-05-07 09:56:47,684.8,1242807
2021-05-07 09:56:48,685.6,1273737
2021-05-07 09:56:49,685.4,1274692
2021-05-07 09:56:50,685.5,1276723
2021-05-07 09:56:51,685.2,1277023
2021-05-07 09:56:52,685.5,1277175
2021-05-07 09:56:53,685.25,1278588
2021-05-07 09:56:54,685.2,1278667
2021-05-07 09:56:55,685.5,1279474
2021-05-07 09:56:56,685.3,1279816
2021-05-07 09:56:57,685.4,1280134
2021-05-07 09:56:58,685.4,1280652
2021-05-07 09:56:59,685.3,1280715
2021-05-07 09:57:00,685.5,1281518
2021-05-07 09:57:01,685.3,1282067
2021-05-07 09:57:02,685.4,1282325
2021-05-07 09:57:04,685.4,1283013
2021-05-07 09:57:03,685.2,1282963
2021-05-07 09:57:05,685.5,1283087
2021-05-07 09:57:06,685.5,1283541
2021-05-07 09:57:07,685.5,1286017
2021-05-07 09:57:08,685.4,1286702
2021-05-07 09:57:09,685.35,1286715
2021-05-07 09:57:10,685.4,1286765
2021-05-07 09:57:11,685.15,1287425
2021-05-07 09:57:12,685.4,1287713
2021-05-07 09:57:13,685.3,1287733
2021-05-07 09:57:14,685.3,1290840
2021-05-07 09:57:15,685.4,1291353
2021-05-07 09:57:16,685.5,1291827
2021-05-07 09:57:17,685.65,1292113
2021-05-07 09:57:18,685.65,1292352
2021-05-07 09:57:22,685.9,1292953
2021-05-07 09:57:23,685.9,1292979
2021-05-07 09:57:24,685.85,1294341
2021-05-07 09:57:25,686.0,1306880
2021-05-07 09:57:27,686.3,1310035
2021-05-07 09:57:28,686.5,1310051
2021-05-07 09:57:29,686.55,1311810
2021-05-07 09:57:30,686.65,1312550
2021-05-07 09:57:31,686.5,1313417
2021-05-07 09:57:32,686.5,1314520
2021-05-07 09:57:33,687.0,1316200
2021-05-07 09:57:34,687.0,1316459
2021-05-07 09:57:35,687.0,1318879
2021-05-07 09:57:36,686.7,1319383
2021-05-07 09:57:37,686.7,1319593
2021-05-07 09:57:38,686.9,1322375
2021-05-07 09:57:39,687.0,1328043
2021-05-07 09:57:40,687.0,1328090
2021-05-07 09:57:41,686.85,1329424
2021-05-07 09:57:42,686.55,1330211
2021-05-07 09:57:43,686.7,1331938
2021-05-07 09:57:44,686.9,1331995
2021-05-07 09:57:45,686.75,1333301
2021-05-07 09:57:46,686.9,1336972
2021-05-07 09:57:47,686.9,1337034
2021-05-07 09:57:48,687.2,1339274
2021-05-07 09:57:49,687.1,1340422
2021-05-07 09:57:50,687.15,1340523
2021-05-07 09:57:51,687.5,1341558
2021-05-07 09:57:52,687.5,1341840
2021-05-07 09:57:53,687.5,1346864
2021-05-07 09:57:54,687.5,1347289
2021-05-07 09:57:55,688.0,1356648
2021-05-07 09:57:56,688.1,1356808
2021-05-07 09:57:57,688.0,1358546
2021-05-07 09:57:59,688.45,1361122
2021-05-07 09:58:01,688.3,1362379
2021-05-07 09:58:02,688.55,1373414
2021-05-07 09:58:03,688.45,1374911
2021-05-07 09:58:04,688.8,1375488
2021-05-07 09:58:05,688.55,1375538
2021-05-07 09:58:06,688.85,1381567
2021-05-07 09:58:07,688.65,1382921
2021-05-07 09:58:08,688.65,1383091
2021-05-07 09:58:09,688.65,1384803
2021-05-07 09:58:10,688.9,1385868
2021-05-07 09:58:11,689.0,1385947
2021-05-07 09:58:12,688.9,1387646
2021-05-07 09:58:13,688.9,1387992
2021-05-07 09:58:14,689.0,1390988
2021-05-07 09:58:15,688.55,1393942
2021-05-07 09:58:16,688.6,1395367
2021-05-07 09:58:17,688.95,1396533
2021-05-07 09:58:18,689.0,1399238
2021-05-07 09:58:19,688.95,1401441
2021-05-07 09:58:20,688.9,1401942
2021-05-07 09:58:21,689.1,1404272
2021-05-07 09:58:22,689.0,1404602
2021-05-07 09:58:23,689.05,1405403
2021-05-07 09:58:25,689.5,1408539
2021-05-07 09:58:24,689.55,1408485
2021-05-07 09:58:26,689.5,1411830
2021-05-07 09:58:27,689.4,1414480
2021-05-07 09:58:28,689.15,1415482
2021-05-07 09:58:29,689.55,1417008
2021-05-07 09:58:30,689.25,1418369
2021-05-07 09:58:31,689.1,1418731
2021-05-07 09:58:33,689.65,1424691
2021-05-07 09:58:34,689.9,1432141
2021-05-07 09:58:35,689.9,1433470
2021-05-07 09:58:36,689.5,1433638
2021-05-07 09:58:37,689.55,1435414
2021-05-07 09:58:38,689.9,1436401
2021-05-07 09:58:39,689.8,1436626
2021-05-07 09:58:40,689.8,1437008
2021-05-07 09:58:41,689.7,1439477
2021-05-07 09:58:42,690.0,1441903
2021-05-07 09:58:43,689.9,1442718
2021-05-07 09:58:44,690.0,1444563
2021-05-07 09:58:45,690.0,1444948
2021-05-07 09:58:47,689.55,1452313
2021-05-07 09:58:48,689.9,1453144
2021-05-07 09:58:50,689.55,1454154
2021-05-07 09:58:50,689.7,1453815
2021-05-07 09:58:51,689.9,1455913
2021-05-07 09:58:52,689.6,1460868
2021-05-07 09:58:53,689.85,1461582
2021-05-07 09:58:54,689.55,1461932
2021-05-07 09:58:55,689.8,1469365
2021-05-07 09:58:56,689.4,1470196
2021-05-07 09:58:57,689.55,1470725
2021-05-07 09:58:58,689.55,1470775
2021-05-07 09:59:00,689.9,1472616
2021-05-07 09:59:00,689.9,1472616
2021-05-07 09:59:02,689.75,1499865
2021-05-07 09:59:02,690.05,1500644
2021-05-07 09:59:04,690.15,1504880
2021-05-07 09:59:04,689.9,1504990
2021-05-07 09:59:06,689.6,1509004
2021-05-07 09:59:09,690.0,1510402
2021-05-07 09:59:09,689.95,1511868
2021-05-07 09:59:11,689.85,1514637
2021-05-07 09:59:12,689.55,1516406
2021-05-07 09:59:12,689.7,1516586
2021-05-07 09:59:15,689.8,1517800
2021-05-07 09:59:15,689.8,1517940
2021-05-07 09:59:16,689.4,1518605
2021-05-07 09:59:17,689.15,1520691
2021-05-07 09:59:18,689.35,1521131
2021-05-07 09:59:19,689.45,1525113
2021-05-07 09:59:20,690.45,1530927
2021-05-07 09:59:21,690.2,1535953
2021-05-07 09:59:22,690.3,1536379
2021-05-07 09:59:23,690.25,1537957
2021-05-07 09:59:24,690.0,1538187
2021-05-07 09:59:25,690.3,1539199
2021-05-07 09:59:26,690.2,1541367
2021-05-07 09:59:27,690.35,1543056
2021-05-07 09:59:28,690.55,1548132
2021-05-07 09:59:29,690.75,1550363
2021-05-07 09:59:30,690.75,1551262
2021-05-07 09:59:31,690.65,1553360
2021-05-07 09:59:32,690.6,1553812
2021-05-07 09:59:33,690.4,1554203
2021-05-07 09:59:34,689.9,1557647
2021-05-07 09:59:35,690.0,1558268
2021-05-07 09:59:36,690.05,1560727
2021-05-07 09:59:37,690.15,1563828
2021-05-07 09:59:38,690.0,1564933
2021-05-07 09:59:39,690.0,1565215
2021-05-07 09:59:40,689.8,1568535
2021-05-07 09:59:41,690.25,1568958
2021-05-07 09:59:42,690.5,1570586
2021-05-07 09:59:43,690.5,1571677
2021-05-07 09:59:44,690.25,1577421
2021-05-07 09:59:45,690.15,1579833
2021-05-07 09:59:46,690.1,1580071
2021-05-07 09:59:47,690.5,1581332
2021-05-07 09:59:49,690.35,1586045
2021-05-07 09:59:49,690.5,1586714
2021-05-07 09:59:50,690.4,1587247
2021-05-07 09:59:51,690.45,1588333
2021-05-07 09:59:52,690.3,1589082
2021-05-07 09:59:53,690.0,1590845
2021-05-07 09:59:55,690.25,1592573
2021-05-07 09:59:56,690.2,1593869
2021-05-07 09:59:57,690.05,1599878
2021-05-07 09:59:58,690.0,1600238
2021-05-07 09:59:59,689.8,1600277
2021-05-07 10:00:00,690.1,1600738
2021-05-07 10:00:01,689.8,1601261
2021-05-07 10:00:02,689.95,1602321
2021-05-07 10:00:03,689.7,1603426
2021-05-07 10:00:04,689.7,1609968
2021-05-07 10:00:05,689.15,1610942
2021-05-07 10:00:06,688.8,1620883
2021-05-07 10:00:07,688.4,1623624
2021-05-07 10:00:08,688.4,1624791
2021-05-07 10:00:09,688.0,1627047
2021-05-07 10:00:10,687.9,1628439
2021-05-07 10:00:11,687.75,1633140
2021-05-07 10:00:12,687.4,1634362
2021-05-07 10:00:13,687.35,1635322
2021-05-07 10:00:14,687.9,1640333
2021-05-07 10:00:15,687.75,1645410
2021-05-07 10:00:16,687.95,1648175
2021-05-07 10:00:17,687.75,1648397
2021-05-07 10:00:18,687.75,1648701
2021-05-07 10:00:19,687.75,1650535
2021-05-07 10:00:21,687.85,1651315
2021-05-07 10:00:23,688.0,1653053
2021-05-07 10:00:24,688.25,1653390
2021-05-07 10:00:26,688.0,1654678
2021-05-07 10:00:27,688.35,1655708
2021-05-07 10:00:28,688.05,1656017
2021-05-07 10:00:29,688.1,1657519
2021-05-07 10:00:30,688.4,1658339
2021-05-07 10:00:31,688.15,1658787
2021-05-07 10:00:32,688.2,1660293
2021-05-07 10:00:33,688.5,1660609
2021-05-07 10:00:34,688.55,1660833
2021-05-07 10:00:35,688.35,1661071
2021-05-07 10:00:36,688.45,1661443
2021-05-07 10:00:37,688.45,1661475
2021-05-07 10:00:38,688.5,1661713
2021-05-07 10:00:39,688.5,1661904
2021-05-07 10:00:40,688.5,1662974
2021-05-07 10:00:41,688.7,1665071
2021-05-07 10:00:42,688.95,1665271
2021-05-07 10:00:43,688.7,1665281
2021-05-07 10:00:44,688.55,1666088
2021-05-07 10:00:45,688.85,1666213
2021-05-07 10:00:46,688.55,1666292
2021-05-07 10:00:48,688.65,1669277
2021-05-07 10:00:48,688.55,1669338
2021-05-07 10:00:49,688.55,1669477
2021-05-07 10:00:50,688.55,1669923
2021-05-07 10:00:51,688.55,1670024
2021-05-07 10:00:52,688.55,1672362
2021-05-07 10:00:53,688.3,1672717
2021-05-07 10:00:54,688.7,1673411
2021-05-07 10:00:55,688.35,1673967
2021-05-07 10:00:56,688.6,1674548
2021-05-07 10:00:58,688.45,1674745
2021-05-07 10:00:58,688.45,1674815
2021-05-07 10:00:59,688.85,1675112
2021-05-07 10:01:00,689.0,1677029
2021-05-07 10:01:01,689.25,1678329
2021-05-07 10:01:03,689.15,1680053
2021-05-07 10:01:04,688.95,1680887
2021-05-07 10:01:04,689.2,1680776
2021-05-07 10:01:05,688.95,1681458
2021-05-07 10:01:06,689.2,1681658
2021-05-07 10:01:08,688.9,1682419
2021-05-07 10:01:09,688.8,1685435
2021-05-07 10:01:10,688.7,1685680
2021-05-07 10:01:10,688.85,1685700
2021-05-07 10:01:11,688.25,1692336
2021-05-07 10:01:12,688.45,1692783
2021-05-07 10:01:14,688.1,1693952
2021-05-07 10:01:15,688.5,1694104
2021-05-07 10:01:16,688.1,1694591
2021-05-07 10:01:16,688.1,1694591
2021-05-07 10:01:17,688.0,1695764
2021-05-07 10:01:18,688.3,1696139
2021-05-07 10:01:19,688.2,1696349
2021-05-07 10:01:21,688.0,1702315
2021-05-07 10:01:22,688.0,1703002
2021-05-07 10:01:22,688.15,1703142
2021-05-07 10:01:23,688.2,1704267
2021-05-07 10:01:24,688.2,1706049
2021-05-07 10:01:26,688.3,1706614
2021-05-07 10:01:27,688.0,1706694
2021-05-07 10:01:27,688.25,1706697
2021-05-07 10:01:28,688.15,1706922
2021-05-07 10:01:29,688.25,1707527
2021-05-07 10:01:30,688.25,1708037
2021-05-07 10:01:32,688.1,1708287
2021-05-07 10:01:33,688.1,1708387
2021-05-07 10:01:33,688.15,1708388
2021-05-07 10:01:34,688.05,1710018
2021-05-07 10:01:35,688.0,1710082
2021-05-07 10:01:37,688.2,1710525
2021-05-07 10:01:38,688.0,1711530
2021-05-07 10:01:38,688.2,1711773
2021-05-07 10:01:39,688.05,1711859
2021-05-07 10:01:40,688.0,1713588
2021-05-07 10:01:41,688.05,1714150
2021-05-07 10:01:43,688.0,1714665
2021-05-07 10:01:44,688.1,1715738
2021-05-07 10:01:44,688.1,1715738
2021-05-07 10:01:45,688.1,1716580
2021-05-07 10:01:46,687.85,1717056
2021-05-07 10:01:48,687.95,1717267
2021-05-07 10:01:49,687.95,1718274
2021-05-07 10:01:49,687.95,1718274
2021-05-07 10:01:50,688.0,1718304
2021-05-07 10:01:51,687.6,1718494
2021-05-07 10:01:53,687.55,1718943
2021-05-07 10:01:54,687.85,1719222
2021-05-07 10:01:55,687.5,1720872
2021-05-07 10:01:56,687.5,1721072
2021-05-07 10:01:57,687.85,1721082
2021-05-07 10:01:59,688.35,1737941
2021-05-07 10:02:00,688.45,1738516
2021-05-07 10:02:00,688.45,1738516
2021-05-07 10:02:01,688.45,1738872
2021-05-07 10:02:02,688.7,1739035
2021-05-07 10:02:04,688.9,1739704
2021-05-07 10:02:05,688.85,1740834
2021-05-07 10:02:06,688.7,1740934
2021-05-07 10:02:07,688.7,1742415
2021-05-07 10:02:08,688.9,1743130
2021-05-07 10:02:09,688.95,1743137
2021-05-07 10:02:11,689.05,1748785
2021-05-07 10:02:12,688.95,1749175
2021-05-07 10:02:13,689.15,1750640
2021-05-07 10:02:14,689.2,1750700
2021-05-07 10:02:15,689.2,1752431
2021-05-07 10:02:17,689.8,1754486
2021-05-07 10:02:18,689.6,1754502
2021-05-07 10:02:18,689.85,1754652
2021-05-07 10:02:20,690.25,1776189
2021-05-07 10:02:20,690.0,1759451
2021-05-07 10:02:21,690.3,1776326
2021-05-07 10:02:22,690.35,1777040
2021-05-07 10:02:23,690.3,1777328
2021-05-07 10:02:25,690.5,1783090
2021-05-07 10:02:26,690.6,1784929
2021-05-07 10:02:26,690.3,1783230
2021-05-07 10:02:27,690.05,1788381
2021-05-07 10:02:28,690.5,1788660
2021-05-07 10:02:29,690.0,1792190
2021-05-07 10:02:33,690.5,1794458
2021-05-07 10:02:33,690.5,1794442
2021-05-07 10:02:34,690.45,1794617
2021-05-07 10:02:35,690.75,1799112
2021-05-07 10:02:37,690.65,1799876
2021-05-07 10:02:38,690.65,1801551
2021-05-07 10:02:38,690.65,1802326
2021-05-07 10:02:39,690.4,1803352
2021-05-07 10:02:40,690.3,1804584
2021-05-07 10:02:41,690.5,1805201
2021-05-07 10:02:42,690.3,1807367
2021-05-07 10:02:44,690.7,1807937
2021-05-07 10:02:45,690.65,1808612
2021-05-07 10:02:45,690.65,1808612
2021-05-07 10:02:47,690.65,1811856
2021-05-07 10:02:48,690.75,1814898
2021-05-07 10:02:50,690.75,1815254
2021-05-07 10:02:51,690.9,1815909
2021-05-07 10:02:51,690.9,1815909
2021-05-07 10:02:52,690.8,1816715
2021-05-07 10:02:53,691.0,1818724
2021-05-07 10:02:54,691.0,1821209
2021-05-07 10:02:55,690.8,1822462
2021-05-07 10:02:57,691.0,1825324
2021-05-07 10:02:58,690.7,1830157
2021-05-07 10:02:58,690.7,1830157
2021-05-07 10:02:59,690.35,1838887
2021-05-07 10:03:00,690.7,1845501
2021-05-07 10:03:02,690.45,1850220
2021-05-07 10:03:03,690.5,1851539
2021-05-07 10:03:03,690.5,1851639
2021-05-07 10:03:04,690.5,1852489
2021-05-07 10:03:06,690.3,1853232
2021-05-07 10:03:07,690.15,1854346
2021-05-07 10:03:08,690.25,1854849
2021-05-07 10:03:09,689.85,1855629
2021-05-07 10:03:09,689.85,1855679
2021-05-07 10:03:10,689.65,1857848
2021-05-07 10:03:12,689.3,1859573
2021-05-07 10:03:13,689.25,1860765
2021-05-07 10:03:14,689.65,1862360
2021-05-07 10:03:14,689.6,1862517
2021-05-07 10:03:17,689.6,1862852
2021-05-07 10:03:18,689.25,1863772
2021-05-07 10:03:19,689.7,1865174
2021-05-07 10:03:19,689.7,1865174
2021-05-07 10:03:20,689.2,1870507
2021-05-07 10:03:22,689.5,1870861
2021-05-07 10:03:23,689.2,1870976
2021-05-07 10:03:24,689.55,1871296
2021-05-07 10:03:25,689.6,1873382
2021-05-07 10:03:27,689.5,1874353
2021-05-07 10:03:28,689.6,1874741
2021-05-07 10:03:29,689.3,1874761
2021-05-07 10:03:29,689.3,1874761
2021-05-07 10:03:30,689.5,1874901
2021-05-07 10:03:31,689.45,1875229
2021-05-07 10:03:33,689.45,1875367
2021-05-07 10:03:34,689.5,1876274
2021-05-07 10:03:35,689.25,1876286
2021-05-07 10:03:35,689.25,1876436
2021-05-07 10:03:38,688.7,1886292
2021-05-07 10:03:39,688.85,1886621
2021-05-07 10:03:40,688.45,1888324
2021-05-07 10:03:40,688.45,1888324
2021-05-07 10:03:41,688.75,1888441
2021-05-07 10:03:43,688.2,1890461
2021-05-07 10:03:44,688.5,1890609
2021-05-07 10:03:45,688.5,1890910
2021-05-07 10:03:46,688.3,1891331
2021-05-07 10:03:46,688.3,1891316
2021-05-07 10:03:47,688.6,1891513
2021-05-07 10:03:49,688.3,1892843
2021-05-07 10:03:50,688.8,1893844
2021-05-07 10:03:51,688.5,1893895
2021-05-07 10:03:51,688.5,1893895
2021-05-07 10:03:52,688.6,1893945
2021-05-07 10:03:56,688.5,1894853
2021-05-07 10:03:57,688.75,1896074
2021-05-07 10:03:57,688.5,1896076
2021-05-07 10:03:58,688.75,1896626
2021-05-07 10:04:01,688.5,1898507
2021-05-07 10:04:02,688.7,1899316
2021-05-07 10:04:02,688.7,1899316
2021-05-07 10:04:03,688.35,1899371
2021-05-07 10:04:05,688.7,1899772
2021-05-07 10:04:06,688.7,1899804
2021-05-07 10:04:07,688.45,1900546
2021-05-07 10:04:08,688.35,1901136
2021-05-07 10:04:08,688.35,1901136
2021-05-07 10:04:11,688.7,1901896
2021-05-07 10:04:12,688.6,1901957
2021-05-07 10:04:13,688.65,1902853
2021-05-07 10:04:13,688.65,1902853
2021-05-07 10:04:14,688.3,1902874
2021-05-07 10:04:17,688.6,1903136
2021-05-07 10:04:18,688.5,1903142
2021-05-07 10:04:19,688.5,1903174
2021-05-07 10:04:19,688.6,1903274
2021-05-07 10:04:20,688.5,1903472
2021-05-07 10:04:22,688.7,1904475
2021-05-07 10:04:23,688.5,1904581
2021-05-07 10:04:24,688.7,1905156
2021-05-07 10:04:25,688.5,1905656
2021-05-07 10:04:26,688.45,1905986
2021-05-07 10:04:28,688.45,1905986
2021-05-07 10:04:30,688.7,1906037
2021-05-07 10:04:30,688.5,1906137
2021-05-07 10:04:31,688.65,1906304
2021-05-07 10:04:33,688.5,1906759
2021-05-07 10:04:35,688.7,1907043
2021-05-07 10:04:36,688.7,1907115
2021-05-07 10:04:36,688.5,1907120
2021-05-07 10:04:37,688.7,1907131
2021-05-07 10:04:39,689.1,1916708
2021-05-07 10:04:40,689.1,1916859
2021-05-07 10:04:41,689.3,1917124
2021-05-07 10:04:41,689.3,1917124
2021-05-07 10:04:42,689.3,1917299
2021-05-07 10:04:43,689.3,1917577
2021-05-07 10:04:45,689.5,1918044
2021-05-07 10:04:46,689.3,1918439
2021-05-07 10:04:47,689.35,1919754
2021-05-07 10:04:47,689.35,1919753
2021-05-07 10:04:48,689.35,1919860
2021-05-07 10:04:49,689.2,1919885
2021-05-07 10:04:51,689.25,1920050
2021-05-07 10:04:53,689.7,1922462
2021-05-07 10:04:53,689.6,1922490
2021-05-07 10:04:54,689.6,1922490
2021-05-07 10:04:56,689.95,1922500
2021-05-07 10:04:58,689.7,1922742
2021-05-07 10:04:59,689.8,1923290
2021-05-07 10:05:01,689.95,1923525
2021-05-07 10:05:03,690.0,1924751
2021-05-07 10:05:03,690.0,1924855
2021-05-07 10:05:04,690.0,1924910
2021-05-07 10:05:08,690.0,1927028
2021-05-07 10:05:09,690.0,1929028
2021-05-07 10:05:09,690.0,1929028
2021-05-07 10:05:10,690.15,1932519
2021-05-07 10:05:12,690.0,1933400
2021-05-07 10:05:13,690.4,1934421
2021-05-07 10:05:14,690.1,1935061
2021-05-07 10:05:15,690.0,1935378
2021-05-07 10:05:17,689.75,1937693
2021-05-07 10:05:18,689.9,1937732
2021-05-07 10:05:19,690.1,1937905
2021-05-07 10:05:20,690.0,1938412
2021-05-07 10:05:22,689.7,1941069
2021-05-07 10:05:23,689.7,1941069
2021-05-07 10:05:24,690.0,1941111
2021-05-07 10:05:25,689.8,1941122
2021-05-07 10:05:26,690.0,1941692
2021-05-07 10:05:26,690.0,1941692
2021-05-07 10:05:28,689.9,1941722
2021-05-07 10:05:29,689.9,1941750
2021-05-07 10:05:30,689.95,1942815
2021-05-07 10:05:31,689.8,1942956
2021-05-07 10:05:31,689.8,1942956
2021-05-07 10:05:33,689.8,1944111
2021-05-07 10:05:34,690.0,1944261
2021-05-07 10:05:35,690.0,1944831
2021-05-07 10:05:36,690.0,1945143
2021-05-07 10:05:36,690.0,1945143
2021-05-07 10:05:37,689.8,1945276
2021-05-07 10:05:39,689.8,1945400
2021-05-07 10:05:40,689.8,1945433
2021-05-07 10:05:41,689.85,1947010
2021-05-07 10:05:42,689.9,1947090
2021-05-07 10:05:42,689.6,1947092
2021-05-07 10:05:44,689.7,1947201
2021-05-07 10:05:45,689.6,1947398
2021-05-07 10:05:46,689.6,1947538
2021-05-07 10:05:47,689.65,1947774
2021-05-07 10:05:47,689.6,1947763
2021-05-07 10:05:49,689.6,1947894
2021-05-07 10:05:50,689.5,1947998
2021-05-07 10:05:52,689.2,1951038
2021-05-07 10:05:54,689.3,1951288
2021-05-07 10:05:55,689.15,1951535
2021-05-07 10:05:56,689.3,1951645
2021-05-07 10:05:57,688.55,1957796
2021-05-07 10:05:58,689.0,1958076
2021-05-07 10:05:59,689.05,1958576
2021-05-07 10:05:59,689.15,1959201
2021-05-07 10:06:01,688.7,1960452
2021-05-07 10:06:02,688.75,1960522
2021-05-07 10:06:03,689.0,1960542
2021-05-07 10:06:04,688.75,1960834
2021-05-07 10:06:05,688.5,1963659
2021-05-07 10:06:05,688.5,1963809
2021-05-07 10:06:06,688.5,1963889
2021-05-07 10:06:07,688.5,1964005
2021-05-07 10:06:08,688.45,1964770
2021-05-07 10:06:10,688.2,1965427
2021-05-07 10:06:13,688.0,1967119
2021-05-07 10:06:14,688.0,1967339
2021-05-07 10:06:15,688.0,1967380
2021-05-07 10:06:16,688.0,1967384
2021-05-07 10:06:17,688.0,1967481
2021-05-07 10:06:19,688.0,1968112
2021-05-07 10:06:18,688.0,1968097
2021-05-07 10:06:20,688.5,1968629
2021-05-07 10:06:21,688.25,1968653
2021-05-07 10:06:22,688.25,1968653
2021-05-07 10:06:22,688.6,1968743
2021-05-07 10:06:24,688.55,1969018
2021-05-07 10:06:25,688.55,1969100
2021-05-07 10:06:28,688.4,1970015
2021-05-07 10:06:29,688.4,1970015
2021-05-07 10:06:30,688.4,1970015
2021-05-07 10:06:31,688.25,1970115
2021-05-07 10:06:32,688.25,1970115
2021-05-07 10:06:33,688.35,1970140
2021-05-07 10:06:34,688.45,1970195
2021-05-07 10:06:36,688.25,1970439
2021-05-07 10:06:37,688.25,1970486
2021-05-07 10:06:38,688.45,1970601
2021-05-07 10:06:38,688.45,1970601
2021-05-07 10:06:40,688.3,1971001
2021-05-07 10:06:41,688.45,1971110
2021-05-07 10:06:42,688.45,1971117
2021-05-07 10:06:43,688.5,1971212
2021-05-07 10:06:44,688.4,1971216
2021-05-07 10:06:44,688.4,1971216
2021-05-07 10:06:46,688.25,1971890
2021-05-07 10:06:47,688.3,1972191
2021-05-07 10:06:48,688.25,1972296
2021-05-07 10:06:49,688.3,1972375
2021-05-07 10:06:50,688.5,1974535
2021-05-07 10:06:51,688.3,1974765
2021-05-07 10:06:51,688.3,1974765
2021-05-07 10:06:53,688.5,1974925
2021-05-07 10:06:52,688.35,1974865
2021-05-07 10:06:54,688.5,1974925
2021-05-07 10:06:55,688.7,1975545
2021-05-07 10:06:56,688.15,1979295
2021-05-07 10:06:57,688.4,1979335
2021-05-07 10:06:58,688.4,1980835
2021-05-07 10:06:59,688.2,1981029
2021-05-07 10:07:00,688.55,1981175
2021-05-07 10:07:02,688.35,1981333
2021-05-07 10:07:04,688.5,1984545
