timestamp,ltp,volume
2021-05-07 09:07:50,636.0,55002
2021-05-07 09:15:00,635.05,63088
2021-05-07 09:15:01,636.7,63748
2021-05-07 09:15:02,638.35,85615
2021-05-07 09:15:03,638.15,99717
2021-05-07 09:15:04,637.75,113249
2021-05-07 09:15:05,638.3,124846
2021-05-07 09:15:06,638.45,139764
2021-05-07 09:15:07,637.95,143072
2021-05-07 09:15:08,639.75,189125
2021-05-07 09:15:09,639.9,193999
2021-05-07 09:15:10,638.95,211527
2021-05-07 09:15:11,639.4,216551
2021-05-07 09:15:12,638.6,228052
2021-05-07 09:15:13,638.4,231819
2021-05-07 09:15:14,639.1,236420
2021-05-07 09:15:15,638.8,239145
2021-05-07 09:15:16,639.05,248082
2021-05-07 09:15:17,638.75,250225
2021-05-07 09:15:18,639.25,253594
2021-05-07 09:15:19,639.75,260599
2021-05-07 09:15:20,638.85,266194
2021-05-07 09:15:21,638.85,277021
2021-05-07 09:15:23,639.7,292713
2021-05-07 09:15:22,639.4,284693
2021-05-07 09:15:24,639.8,295492
2021-05-07 09:15:25,639.85,299191
2021-05-07 09:15:26,640.0,321891
2021-05-07 09:15:27,639.35,340980
2021-05-07 09:15:28,639.75,353164
2021-05-07 09:15:29,639.85,358386
2021-05-07 09:15:30,639.75,359397
2021-05-07 09:15:31,639.95,369675
2021-05-07 09:15:32,639.95,371509
2021-05-07 09:15:33,641.65,432871
2021-05-07 09:15:34,640.6,437546
2021-05-07 09:15:35,640.65,444319
2021-05-07 09:15:36,640.55,446198
2021-05-07 09:15:37,641.6,453539
2021-05-07 09:15:38,641.0,465869
2021-05-07 09:15:39,640.85,477604
2021-05-07 09:15:40,641.0,480106
2021-05-07 09:15:41,640.0,483841
2021-05-07 09:15:42,640.0,486599
2021-05-07 09:15:43,639.65,491875
2021-05-07 09:15:44,640.0,492640
2021-05-07 09:15:45,639.95,502544
2021-05-07 09:15:46,639.5,506908
2021-05-07 09:15:47,639.95,508290
2021-05-07 09:15:48,639.8,510214
2021-05-07 09:15:49,639.45,524219
2021-05-07 09:15:51,638.65,528718
2021-05-07 09:15:52,638.95,539073
2021-05-07 09:15:53,638.8,540006
2021-05-07 09:15:54,638.8,541693
2021-05-07 09:15:55,638.7,545123
2021-05-07 09:15:56,638.5,548712
2021-05-07 09:15:57,637.65,551262
2021-05-07 09:15:58,637.45,551821
2021-05-07 09:15:59,636.8,554328
2021-05-07 09:16:00,636.65,557304
2021-05-07 09:16:01,636.1,565949
2021-05-07 09:16:02,635.75,567843
2021-05-07 09:16:03,635.15,574857
2021-05-07 09:16:04,634.0,578277
2021-05-07 09:16:05,634.8,584036
2021-05-07 09:16:06,633.85,590278
2021-05-07 09:16:07,634.1,590290
2021-05-07 09:16:08,633.85,594241
2021-05-07 09:16:09,634.05,602550
2021-05-07 09:16:10,633.3,604304
2021-05-07 09:16:11,633.7,605455
2021-05-07 09:16:12,632.8,607397
2021-05-07 09:16:14,632.25,614771
2021-05-07 09:16:13,632.2,614769
2021-05-07 09:16:15,633.25,620626
2021-05-07 09:16:16,632.7,626476
2021-05-07 09:16:17,632.35,630905
2021-05-07 09:16:18,631.8,636078
2021-05-07 09:16:20,632.3,642261
2021-05-07 09:16:19,631.65,640192
2021-05-07 09:16:21,632.8,649717
2021-05-07 09:16:22,631.55,653138
2021-05-07 09:16:23,631.95,653785
2021-05-07 09:16:24,632.05,656819
2021-05-07 09:16:25,632.7,661178
2021-05-07 09:16:26,633.3,665378
2021-05-07 09:16:27,632.0,673838
2021-05-07 09:16:28,632.8,675624
2021-05-07 09:16:29,632.85,675716
2021-05-07 09:16:30,633.65,678685
2021-05-07 09:16:31,632.95,680245
2021-05-07 09:16:32,633.05,682049
2021-05-07 09:16:33,633.0,683399
2021-05-07 09:16:34,634.0,685221
2021-05-07 09:16:35,634.75,688124
2021-05-07 09:16:36,634.2,690439
2021-05-07 09:16:37,635.0,692752
2021-05-07 09:16:38,635.0,694295
2021-05-07 09:16:39,635.3,697177
2021-05-07 09:16:40,635.0,697638
2021-05-07 09:16:41,634.55,705070
2021-05-07 09:16:42,635.05,708567
2021-05-07 09:16:43,634.9,710327
2021-05-07 09:16:44,635.45,712070
2021-05-07 09:16:45,635.0,713515
2021-05-07 09:16:46,635.3,715675
2021-05-07 09:16:47,635.95,717911
2021-05-07 09:16:48,635.8,722012
2021-05-07 09:16:49,634.5,735804
2021-05-07 09:16:51,634.75,740292
2021-05-07 09:16:50,634.85,739877
2021-05-07 09:16:52,634.7,744154
2021-05-07 09:16:53,633.9,746344
2021-05-07 09:16:54,634.75,746883
2021-05-07 09:16:55,634.6,747551
2021-05-07 09:16:56,633.95,749748
2021-05-07 09:16:57,634.0,752274
2021-05-07 09:16:58,633.45,753183
2021-05-07 09:16:59,634.15,754177
2021-05-07 09:17:00,634.0,756053
2021-05-07 09:17:01,634.45,757877
2021-05-07 09:17:03,634.2,758782
2021-05-07 09:17:03,633.75,758841
2021-05-07 09:17:05,633.6,759756
2021-05-07 09:17:06,635.35,783165
2021-05-07 09:17:07,635.4,784319
2021-05-07 09:17:08,635.65,788583
2021-05-07 09:17:09,635.95,799993
2021-05-07 09:17:10,635.5,801069
2021-05-07 09:17:12,635.45,802309
2021-05-07 09:17:12,635.55,802313
2021-05-07 09:17:13,635.7,803829
2021-05-07 09:17:14,635.35,810462
2021-05-07 09:17:15,635.85,812281
2021-05-07 09:17:16,636.25,814425
2021-05-07 09:17:18,635.95,816932
2021-05-07 09:17:18,636.15,821991
2021-05-07 09:17:20,636.15,829804
2021-05-07 09:17:21,636.4,831821
2021-05-07 09:17:22,636.35,836618
2021-05-07 09:17:23,635.05,840671
2021-05-07 09:17:24,636.3,854053
2021-05-07 09:17:26,636.65,854976
2021-05-07 09:17:26,636.65,855048
2021-05-07 09:17:27,637.7,856527
2021-05-07 09:17:29,636.2,874082
2021-05-07 09:17:31,635.6,877373
2021-05-07 09:17:32,635.5,880044
2021-05-07 09:17:32,635.1,880204
2021-05-07 09:17:33,635.55,881209
2021-05-07 09:17:34,635.45,881683
2021-05-07 09:17:35,636.0,883687
2021-05-07 09:17:36,636.0,886978
2021-05-07 09:17:37,636.1,888469
2021-05-07 09:17:38,636.0,888879
2021-05-07 09:17:39,634.1,898838
2021-05-07 09:17:40,634.95,902672
2021-05-07 09:17:41,634.85,907194
2021-05-07 09:17:43,634.65,909418
2021-05-07 09:17:43,634.85,909443
2021-05-07 09:17:44,635.0,912190
2021-05-07 09:17:45,635.0,914061
2021-05-07 09:17:46,633.7,916722
2021-05-07 09:17:48,632.8,931622
2021-05-07 09:17:48,632.55,931062
2021-05-07 09:17:49,632.45,935475
2021-05-07 09:17:50,632.0,941187
2021-05-07 09:17:51,633.7,978918
2021-05-07 09:17:52,633.65,984344
2021-05-07 09:17:53,633.25,987414
2021-05-07 09:17:54,634.0,989994
2021-05-07 09:17:56,632.85,992896
2021-05-07 09:17:56,632.95,992228
2021-05-07 09:17:57,632.85,993538
2021-05-07 09:18:00,633.25,996948
2021-05-07 09:18:01,633.25,997440
2021-05-07 09:18:02,632.45,1001770
2021-05-07 09:18:03,632.95,1003164
2021-05-07 09:18:05,633.7,1007176
2021-05-07 09:18:06,634.1,1009249
2021-05-07 09:18:06,633.8,1012656
2021-05-07 09:18:07,633.35,1013921
2021-05-07 09:18:08,634.15,1014212
2021-05-07 09:18:09,633.4,1018674
2021-05-07 09:18:10,632.9,1020606
2021-05-07 09:18:11,632.85,1028591
2021-05-07 09:18:12,633.3,1029463
2021-05-07 09:18:14,634.0,1030324
2021-05-07 09:18:14,633.95,1030503
2021-05-07 09:18:15,633.7,1031701
2021-05-07 09:18:16,633.65,1032063
2021-05-07 09:18:17,632.25,1035176
2021-05-07 09:18:19,632.2,1037863
2021-05-07 09:18:21,631.65,1048097
2021-05-07 09:18:21,631.15,1048127
2021-05-07 09:18:22,632.7,1050783
2021-05-07 09:18:23,632.55,1051813
2021-05-07 09:18:24,632.0,1053937
2021-05-07 09:18:25,632.15,1055476
2021-05-07 09:18:26,633.0,1057069
2021-05-07 09:18:27,632.5,1057521
2021-05-07 09:18:29,632.65,1060767
2021-05-07 09:18:31,632.0,1061751
2021-05-07 09:18:31,632.0,1062751
2021-05-07 09:18:32,632.5,1063495
2021-05-07 09:18:33,632.55,1063919
2021-05-07 09:18:34,632.5,1065025
2021-05-07 09:18:35,632.7,1065726
2021-05-07 09:18:37,632.25,1067001
2021-05-07 09:18:37,633.05,1070517
2021-05-07 09:18:39,633.0,1073660
2021-05-07 09:18:39,633.35,1073751
2021-05-07 09:18:40,633.45,1074667
2021-05-07 09:18:41,633.0,1075065
2021-05-07 09:18:42,633.0,1075482
2021-05-07 09:18:43,633.45,1076062
2021-05-07 09:18:45,633.6,1076837
2021-05-07 09:18:45,633.4,1077875
2021-05-07 09:18:46,633.05,1078051
2021-05-07 09:18:47,633.0,1083212
2021-05-07 09:18:48,633.05,1083738
2021-05-07 09:18:49,633.3,1085545
2021-05-07 09:18:50,633.35,1088792
2021-05-07 09:18:51,633.3,1090947
2021-05-07 09:18:53,633.3,1092101
2021-05-07 09:18:54,633.4,1092843
2021-05-07 09:18:55,633.05,1093625
2021-05-07 09:18:55,633.05,1093633
2021-05-07 09:18:56,633.2,1094957
2021-05-07 09:18:57,633.3,1097335
2021-05-07 09:18:58,633.4,1097710
2021-05-07 09:18:59,633.2,1101385
2021-05-07 09:19:00,633.3,1103027
2021-05-07 09:19:01,633.5,1105119
2021-05-07 09:19:03,634.2,1109224
2021-05-07 09:19:04,633.9,1110375
2021-05-07 09:19:05,632.95,1116597
2021-05-07 09:19:06,633.6,1118239
2021-05-07 09:19:08,633.7,1118991
2021-05-07 09:19:11,633.65,1134108
2021-05-07 09:19:12,633.0,1134844
2021-05-07 09:19:13,632.5,1139343
2021-05-07 09:19:14,632.6,1142434
2021-05-07 09:19:15,632.7,1147275
2021-05-07 09:19:16,631.2,1180648
2021-05-07 09:19:17,631.1,1180852
2021-05-07 09:19:18,631.65,1181194
2021-05-07 09:19:20,631.25,1182617
2021-05-07 09:19:21,632.1,1183864
2021-05-07 09:19:21,632.4,1183866
2021-05-07 09:19:22,632.75,1184941
2021-05-07 09:19:23,632.0,1186996
2021-05-07 09:19:24,631.95,1188303
2021-05-07 09:19:26,630.7,1198205
2021-05-07 09:19:27,630.4,1202780
2021-05-07 09:19:27,630.35,1202839
2021-05-07 09:19:28,630.15,1206716
2021-05-07 09:19:29,628.6,1248620
2021-05-07 09:19:31,630.75,1252343
2021-05-07 09:19:32,630.9,1253341
2021-05-07 09:19:32,631.45,1253890
2021-05-07 09:19:33,630.85,1255815
2021-05-07 09:19:34,631.25,1256575
2021-05-07 09:19:35,630.5,1258445
2021-05-07 09:19:37,631.35,1259221
2021-05-07 09:19:38,630.75,1261906
2021-05-07 09:19:39,631.45,1262899
2021-05-07 09:19:40,631.0,1263724
2021-05-07 09:19:41,631.15,1266194
2021-05-07 09:19:42,631.35,1268353
2021-05-07 09:19:43,631.55,1271284
2021-05-07 09:19:43,631.45,1271638
2021-05-07 09:19:45,631.1,1275000
2021-05-07 09:19:46,630.85,1281361
2021-05-07 09:19:46,631.0,1282630
2021-05-07 09:19:47,630.8,1283149
2021-05-07 09:19:48,630.6,1286689
2021-05-07 09:19:49,630.25,1294088
2021-05-07 09:19:50,630.1,1295610
2021-05-07 09:19:52,630.6,1296947
2021-05-07 09:19:53,630.45,1298779
2021-05-07 09:19:53,630.05,1299386
2021-05-07 09:19:54,630.0,1303624
2021-05-07 09:19:56,630.45,1307896
2021-05-07 09:19:58,630.1,1308320
2021-05-07 09:19:59,629.5,1313751
2021-05-07 09:19:59,629.1,1314388
2021-05-07 09:20:00,629.65,1316704
2021-05-07 09:20:01,629.8,1324862
2021-05-07 09:20:02,630.3,1327129
2021-05-07 09:20:04,629.95,1332731
2021-05-07 09:20:05,630.0,1334219
2021-05-07 09:20:06,628.5,1353867
2021-05-07 09:20:06,628.35,1357102
2021-05-07 09:20:07,628.7,1359110
2021-05-07 09:20:08,628.2,1360504
2021-05-07 09:20:09,628.55,1366725
2021-05-07 09:20:11,627.85,1369769
2021-05-07 09:20:12,626.95,1392505
2021-05-07 09:20:13,626.25,1400423
2021-05-07 09:20:13,625.8,1401986
2021-05-07 09:20:14,624.5,1420933
2021-05-07 09:20:15,622.4,1436400
2021-05-07 09:20:16,621.7,1442967
2021-05-07 09:20:17,621.4,1448731
2021-05-07 09:20:18,621.55,1468666
2021-05-07 09:20:20,623.4,1475685
2021-05-07 09:20:21,623.35,1480704
2021-05-07 09:20:22,623.2,1483868
2021-05-07 09:20:22,623.05,1484167
2021-05-07 09:20:23,622.9,1485784
2021-05-07 09:20:24,623.7,1488041
2021-05-07 09:20:25,623.85,1497315
2021-05-07 09:20:26,624.3,1498622
2021-05-07 09:20:28,624.8,1499931
2021-05-07 09:20:29,624.65,1502302
2021-05-07 09:20:29,625.0,1502048
2021-05-07 09:20:30,624.6,1504446
2021-05-07 09:20:31,625.15,1506575
2021-05-07 09:20:33,625.2,1508643
2021-05-07 09:20:34,625.9,1510569
2021-05-07 09:20:35,626.5,1512537
2021-05-07 09:20:35,626.65,1513242
2021-05-07 09:20:36,626.7,1513552
2021-05-07 09:20:37,626.8,1519059
2021-05-07 09:20:38,626.55,1522270
2021-05-07 09:20:39,626.8,1523298
2021-05-07 09:20:40,625.2,1532898
2021-05-07 09:20:42,626.15,1538237
2021-05-07 09:20:43,625.45,1541205
2021-05-07 09:20:43,626.25,1540524
2021-05-07 09:20:44,625.55,1542904
2021-05-07 09:20:45,625.55,1553959
2021-05-07 09:20:46,625.45,1559886
2021-05-07 09:20:47,625.95,1561115
2021-05-07 09:20:48,626.0,1562383
2021-05-07 09:20:49,625.6,1562985
2021-05-07 09:20:51,626.3,1566524
2021-05-07 09:20:53,625.75,1569161
2021-05-07 09:20:54,626.0,1573282
2021-05-07 09:20:54,625.45,1573648
2021-05-07 09:20:55,625.65,1574633
2021-05-07 09:20:56,625.6,1576205
2021-05-07 09:20:57,625.75,1579706
2021-05-07 09:20:58,625.5,1581123
2021-05-07 09:20:59,625.9,1584053
2021-05-07 09:21:02,625.65,1590086
2021-05-07 09:21:03,626.2,1590984
2021-05-07 09:21:04,626.65,1593850
2021-05-07 09:21:05,626.5,1594862
2021-05-07 09:21:06,626.0,1595488
2021-05-07 09:21:06,626.15,1597575
2021-05-07 09:21:07,625.9,1599675
2021-05-07 09:21:09,625.75,1600691
2021-05-07 09:21:10,626.3,1605866
2021-05-07 09:21:11,625.45,1609252
2021-05-07 09:21:11,625.7,1609953
2021-05-07 09:21:12,625.15,1613205
2021-05-07 09:21:13,625.45,1626562
2021-05-07 09:21:14,625.0,1627810
2021-05-07 09:21:16,625.25,1630168
2021-05-07 09:21:17,625.05,1632505
2021-05-07 09:21:18,625.05,1634653
2021-05-07 09:21:19,625.0,1635730
2021-05-07 09:21:19,624.4,1636822
2021-05-07 09:21:20,624.85,1638605
2021-05-07 09:21:21,624.6,1639525
2021-05-07 09:21:22,624.75,1640107
2021-05-07 09:21:23,625.3,1641387
2021-05-07 09:21:25,625.25,1641792
2021-05-07 09:21:26,625.1,1642862
2021-05-07 09:21:27,625.4,1645102
2021-05-07 09:21:28,624.95,1647323
2021-05-07 09:21:29,624.9,1647880
2021-05-07 09:21:30,625.45,1648429
2021-05-07 09:21:31,625.4,1649091
2021-05-07 09:21:32,625.0,1650920
2021-05-07 09:21:33,624.75,1651804
2021-05-07 09:21:34,624.9,1652962
2021-05-07 09:21:34,624.9,1653086
2021-05-07 09:21:35,624.9,1653878
2021-05-07 09:21:36,625.45,1654954
2021-05-07 09:21:37,625.4,1656457
2021-05-07 09:21:38,625.5,1658556
2021-05-07 09:21:39,625.6,1659286
2021-05-07 09:21:40,625.05,1660387
2021-05-07 09:21:42,624.2,1668461
2021-05-07 09:21:43,624.15,1669688
2021-05-07 09:21:44,624.3,1670992
2021-05-07 09:21:45,624.3,1674728
2021-05-07 09:21:46,624.1,1676574
2021-05-07 09:21:48,624.05,1677588
2021-05-07 09:21:49,623.45,1682007
2021-05-07 09:21:50,623.45,1682972
2021-05-07 09:21:51,623.05,1684314
2021-05-07 09:21:52,623.75,1686240
2021-05-07 09:21:53,623.0,1693862
2021-05-07 09:21:53,623.3,1693959
2021-05-07 09:21:54,623.0,1697286
2021-05-07 09:21:55,622.55,1699598
2021-05-07 09:21:57,623.25,1702094
2021-05-07 09:21:58,623.45,1704955
2021-05-07 09:21:59,622.05,1710968
2021-05-07 09:22:00,622.75,1713656
2021-05-07 09:22:01,622.6,1715926
2021-05-07 09:22:02,622.7,1718449
2021-05-07 09:22:02,622.3,1718639
2021-05-07 09:22:03,621.0,1750363
2021-05-07 09:22:04,620.85,1754833
2021-05-07 09:22:05,621.1,1756880
2021-05-07 09:22:06,621.5,1762666
2021-05-07 09:22:07,620.85,1768084
2021-05-07 09:22:08,620.5,1769782
2021-05-07 09:22:09,621.05,1772035
2021-05-07 09:22:10,621.1,1774125
2021-05-07 09:22:11,621.55,1775762
2021-05-07 09:22:13,621.5,1777753
2021-05-07 09:22:14,621.15,1781555
2021-05-07 09:22:15,621.35,1785146
2021-05-07 09:22:16,620.85,1786383
2021-05-07 09:22:17,621.0,1787772
2021-05-07 09:22:18,621.4,1793946
2021-05-07 09:22:19,621.35,1797014
2021-05-07 09:22:20,621.25,1802550
2021-05-07 09:22:21,621.65,1803927
2021-05-07 09:22:22,621.25,1804807
2021-05-07 09:22:23,621.35,1807588
2021-05-07 09:22:24,621.0,1811353
2021-05-07 09:22:25,620.95,1814636
2021-05-07 09:22:26,620.8,1819055
2021-05-07 09:22:27,621.0,1824069
2021-05-07 09:22:28,620.45,1828338
2021-05-07 09:22:29,619.5,1873958
2021-05-07 09:22:30,619.6,1883794
2021-05-07 09:22:31,619.65,1889061
2021-05-07 09:22:32,620.5,1893483
2021-05-07 09:22:33,619.15,1903637
2021-05-07 09:22:34,618.25,1907643
2021-05-07 09:22:35,618.95,1910506
2021-05-07 09:22:36,619.55,1915488
2021-05-07 09:22:37,619.8,1917128
2021-05-07 09:22:38,619.1,1919407
2021-05-07 09:22:39,619.65,1924135
2021-05-07 09:22:40,620.45,1930759
2021-05-07 09:22:41,620.0,1932273
2021-05-07 09:22:42,620.95,1935673
2021-05-07 09:22:42,620.5,1936768
2021-05-07 09:22:43,620.45,1939685
2021-05-07 09:22:44,620.4,1941420
2021-05-07 09:22:45,620.55,1942237
2021-05-07 09:22:46,620.45,1945207
2021-05-07 09:22:49,619.8,1952223
2021-05-07 09:22:50,620.2,1953658
2021-05-07 09:22:51,619.8,1954918
2021-05-07 09:22:52,620.45,1962453
2021-05-07 09:22:52,619.25,1965686
2021-05-07 09:22:53,619.45,1974562
2021-05-07 09:22:55,619.6,1977749
2021-05-07 09:22:56,619.45,1979450
2021-05-07 09:22:57,619.0,1981437
2021-05-07 09:22:59,619.2,1984940
2021-05-07 09:23:00,619.5,1987318
2021-05-07 09:23:01,619.8,1988301
2021-05-07 09:23:02,620.0,1995357
2021-05-07 09:23:02,620.35,1997546
2021-05-07 09:23:03,619.8,1999754
2021-05-07 09:23:04,620.1,2001135
2021-05-07 09:23:05,620.25,2003114
2021-05-07 09:23:07,620.1,2004232
2021-05-07 09:23:09,620.15,2014100
2021-05-07 09:23:10,620.35,2017694
2021-05-07 09:23:11,620.0,2018460
2021-05-07 09:23:12,620.35,2019500
2021-05-07 09:23:13,619.9,2027120
2021-05-07 09:23:13,620.15,2022831
2021-05-07 09:23:15,619.65,2029673
2021-05-07 09:23:16,620.05,2031325
2021-05-07 09:23:17,620.0,2036529
2021-05-07 09:23:18,620.0,2047517
2021-05-07 09:23:19,619.7,2052446
2021-05-07 09:23:20,619.65,2060371
2021-05-07 09:23:22,619.75,2065068
2021-05-07 09:23:23,619.65,2068424
2021-05-07 09:23:23,619.8,2068349
2021-05-07 09:23:25,620.0,2070717
2021-05-07 09:23:26,619.9,2074339
2021-05-07 09:23:27,620.35,2074643
2021-05-07 09:23:28,620.0,2077716
2021-05-07 09:23:29,620.2,2079700
2021-05-07 09:23:30,619.95,2086813
2021-05-07 09:23:31,620.0,2088723
2021-05-07 09:23:31,620.0,2090352
2021-05-07 09:23:33,620.3,2091863
2021-05-07 09:23:35,620.3,2096118
2021-05-07 09:23:36,620.9,2097148
2021-05-07 09:23:37,620.8,2100498
2021-05-07 09:23:38,621.35,2100864
2021-05-07 09:23:38,621.45,2100952
2021-05-07 09:23:40,621.3,2105035
2021-05-07 09:23:41,621.85,2107772
2021-05-07 09:23:42,622.0,2109112
2021-05-07 09:23:43,622.15,2122965
2021-05-07 09:23:44,621.85,2129275
2021-05-07 09:23:45,621.25,2130915
2021-05-07 09:23:46,621.0,2132719
2021-05-07 09:23:47,620.9,2136809
2021-05-07 09:23:47,620.85,2136798
2021-05-07 09:23:48,620.25,2138584
2021-05-07 09:23:49,620.45,2140398
2021-05-07 09:23:50,620.05,2160614
2021-05-07 09:23:51,620.0,2164330
2021-05-07 09:23:53,620.2,2168154
2021-05-07 09:23:54,620.4,2170553
2021-05-07 09:23:56,620.9,2172946
2021-05-07 09:23:57,620.55,2174773
2021-05-07 09:23:57,620.95,2174742
2021-05-07 09:23:58,621.45,2175944
2021-05-07 09:24:00,621.55,2183950
2021-05-07 09:24:01,621.4,2186428
2021-05-07 09:24:02,621.2,2188241
2021-05-07 09:24:03,621.8,2188607
2021-05-07 09:24:04,621.7,2190497
2021-05-07 09:24:05,621.55,2191417
2021-05-07 09:24:06,621.25,2191840
2021-05-07 09:24:08,621.4,2201564
2021-05-07 09:24:09,621.55,2203209
2021-05-07 09:24:10,621.25,2204557
2021-05-07 09:24:11,621.3,2206075
2021-05-07 09:24:12,621.0,2212179
2021-05-07 09:24:12,621.4,2210729
2021-05-07 09:24:14,621.4,2221864
2021-05-07 09:24:15,621.5,2222264
2021-05-07 09:24:16,621.2,2222490
2021-05-07 09:24:17,621.45,2227645
2021-05-07 09:24:18,621.5,2231548
2021-05-07 09:24:19,621.5,2234564
2021-05-07 09:24:20,620.9,2242678
2021-05-07 09:24:21,621.25,2244658
2021-05-07 09:24:22,619.6,2280396
2021-05-07 09:24:23,619.7,2281674
2021-05-07 09:24:24,619.45,2287416
2021-05-07 09:24:25,619.85,2290939
2021-05-07 09:24:26,620.3,2293470
2021-05-07 09:24:26,619.8,2293555
2021-05-07 09:24:28,620.8,2294530
2021-05-07 09:24:29,620.9,2295490
2021-05-07 09:24:30,620.75,2295515
2021-05-07 09:24:31,620.8,2295991
2021-05-07 09:24:32,620.75,2296941
2021-05-07 09:24:33,620.4,2298650
2021-05-07 09:24:33,620.8,2298540
2021-05-07 09:24:34,620.65,2299858
2021-05-07 09:24:36,620.7,2300198
2021-05-07 09:24:37,620.7,2301072
2021-05-07 09:24:38,620.5,2301247
2021-05-07 09:24:40,621.0,2305415
2021-05-07 09:24:40,621.0,2305903
2021-05-07 09:24:42,621.0,2306377
2021-05-07 09:24:43,621.25,2307982
2021-05-07 09:24:44,621.3,2308589
2021-05-07 09:24:45,621.1,2309414
2021-05-07 09:24:46,620.7,2312975
2021-05-07 09:24:46,620.8,2318151
2021-05-07 09:24:47,621.0,2320000
2021-05-07 09:24:49,620.9,2321412
2021-05-07 09:24:50,621.0,2322889
2021-05-07 09:24:51,620.5,2324519
2021-05-07 09:24:52,620.95,2325822
2021-05-07 09:24:53,620.8,2326505
2021-05-07 09:24:54,620.9,2327485
2021-05-07 09:24:55,620.75,2329228
2021-05-07 09:24:56,620.55,2333760
2021-05-07 09:24:57,620.65,2336041
2021-05-07 09:24:58,620.65,2336372
2021-05-07 09:24:59,620.75,2337591
2021-05-07 09:25:00,620.75,2338185
2021-05-07 09:25:01,620.25,2338890
2021-05-07 09:25:02,619.65,2350758
2021-05-07 09:25:03,619.65,2355649
2021-05-07 09:25:03,619.05,2355861
2021-05-07 09:25:05,619.5,2357172
2021-05-07 09:25:06,619.2,2359073
2021-05-07 09:25:07,619.7,2359957
2021-05-07 09:25:08,619.6,2361664
2021-05-07 09:25:09,619.45,2364092
2021-05-07 09:25:10,619.5,2366388
2021-05-07 09:25:11,620.15,2367615
2021-05-07 09:25:12,620.0,2368413
2021-05-07 09:25:13,620.2,2371835
2021-05-07 09:25:14,620.3,2373229
2021-05-07 09:25:15,619.75,2375469
2021-05-07 09:25:16,620.4,2376902
2021-05-07 09:25:17,620.25,2378379
2021-05-07 09:25:18,620.0,2379309
2021-05-07 09:25:19,619.6,2381273
2021-05-07 09:25:20,620.0,2382602
2021-05-07 09:25:21,618.3,2430148
2021-05-07 09:25:22,618.95,2430429
2021-05-07 09:25:23,618.75,2436143
2021-05-07 09:25:24,618.05,2438447
2021-05-07 09:25:25,617.55,2442769
2021-05-07 09:25:26,617.45,2445787
2021-05-07 09:25:27,617.1,2451667
2021-05-07 09:25:28,617.2,2457491
2021-05-07 09:25:29,617.0,2460048
2021-05-07 09:25:30,617.0,2461981
2021-05-07 09:25:31,616.7,2465667
2021-05-07 09:25:32,617.2,2469440
2021-05-07 09:25:33,616.95,2471757
2021-05-07 09:25:34,617.2,2473537
2021-05-07 09:25:35,617.2,2473809
2021-05-07 09:25:36,617.1,2476713
2021-05-07 09:25:37,617.6,2478847
2021-05-07 09:25:39,617.7,2482862
2021-05-07 09:25:40,617.5,2483279
2021-05-07 09:25:41,617.7,2484669
2021-05-07 09:25:42,617.45,2488688
2021-05-07 09:25:43,618.2,2494658
2021-05-07 09:25:44,617.85,2495865
2021-05-07 09:25:45,619.5,2508891
2021-05-07 09:25:46,619.05,2510324
2021-05-07 09:25:47,618.8,2511223
2021-05-07 09:25:48,619.2,2515132
2021-05-07 09:25:49,619.25,2515840
2021-05-07 09:25:50,619.7,2517042
2021-05-07 09:25:51,619.7,2517841
2021-05-07 09:25:52,619.65,2518893
2021-05-07 09:25:54,619.8,2521059
2021-05-07 09:25:53,619.35,2520804
2021-05-07 09:25:55,618.85,2526374
2021-05-07 09:25:56,618.8,2530945
2021-05-07 09:25:57,619.0,2532554
2021-05-07 09:25:58,618.95,2535945
2021-05-07 09:25:59,619.75,2545461
2021-05-07 09:26:00,619.75,2546804
2021-05-07 09:26:01,620.0,2547739
2021-05-07 09:26:02,619.7,2549979
2021-05-07 09:26:03,620.0,2551287
2021-05-07 09:26:04,619.75,2551734
2021-05-07 09:26:05,619.55,2552821
2021-05-07 09:26:06,619.65,2556957
2021-05-07 09:26:07,619.5,2558681
2021-05-07 09:26:08,620.25,2562745
2021-05-07 09:26:09,619.8,2563364
2021-05-07 09:26:10,619.55,2564210
2021-05-07 09:26:11,619.55,2564850
2021-05-07 09:26:12,620.2,2570843
2021-05-07 09:26:13,620.2,2573129
2021-05-07 09:26:15,619.6,2578120
2021-05-07 09:26:16,619.9,2578925
2021-05-07 09:26:17,619.4,2581504
2021-05-07 09:26:18,619.5,2582791
2021-05-07 09:26:19,619.55,2583340
2021-05-07 09:26:20,619.4,2584553
2021-05-07 09:26:21,619.0,2590724
2021-05-07 09:26:23,618.8,2592144
2021-05-07 09:26:25,618.5,2592778
2021-05-07 09:26:24,618.8,2592754
2021-05-07 09:26:26,618.5,2594548
2021-05-07 09:26:27,618.15,2595092
2021-05-07 09:26:28,618.45,2595297
2021-05-07 09:26:29,618.55,2595871
2021-05-07 09:26:30,618.75,2598840
2021-05-07 09:26:31,618.75,2599648
2021-05-07 09:26:32,619.95,2620118
2021-05-07 09:26:33,619.5,2623430
2021-05-07 09:26:34,619.7,2624533
2021-05-07 09:26:35,619.65,2624764
2021-05-07 09:26:36,619.45,2627866
2021-05-07 09:26:37,619.4,2628900
2021-05-07 09:26:38,619.2,2629155
2021-05-07 09:26:39,619.25,2629327
2021-05-07 09:26:40,619.5,2629543
2021-05-07 09:26:41,619.6,2630575
2021-05-07 09:26:42,619.55,2632643
2021-05-07 09:26:43,619.7,2633324
2021-05-07 09:26:44,619.95,2634242
2021-05-07 09:26:45,619.95,2635914
2021-05-07 09:26:46,620.0,2639384
2021-05-07 09:26:47,620.2,2640100
2021-05-07 09:26:48,620.15,2644319
2021-05-07 09:26:49,620.4,2648675
2021-05-07 09:26:50,620.2,2649489
2021-05-07 09:26:51,620.15,2649733
2021-05-07 09:26:52,620.45,2650773
2021-05-07 09:26:53,620.45,2651178
2021-05-07 09:26:55,620.45,2651883
2021-05-07 09:26:54,620.45,2651867
2021-05-07 09:26:56,620.4,2652619
2021-05-07 09:26:57,620.45,2653854
2021-05-07 09:26:58,620.35,2655109
2021-05-07 09:26:59,620.65,2658997
2021-05-07 09:27:00,620.55,2661260
2021-05-07 09:27:01,620.95,2661870
2021-05-07 09:27:02,620.9,2663664
2021-05-07 09:27:03,620.6,2668808
2021-05-07 09:27:04,621.0,2671278
2021-05-07 09:27:05,621.4,2673586
2021-05-07 09:27:06,621.4,2675613
2021-05-07 09:27:07,621.8,2677883
2021-05-07 09:27:08,621.7,2679085
2021-05-07 09:27:09,622.0,2684973
2021-05-07 09:27:10,622.0,2689790
2021-05-07 09:27:11,621.7,2692800
2021-05-07 09:27:12,622.15,2697140
2021-05-07 09:27:13,623.0,2703771
2021-05-07 09:27:14,623.45,2706032
2021-05-07 09:27:15,623.8,2708439
2021-05-07 09:27:16,623.7,2708800
2021-05-07 09:27:17,623.65,2711563
2021-05-07 09:27:18,623.25,2712627
2021-05-07 09:27:19,622.9,2720101
2021-05-07 09:27:20,622.95,2722665
2021-05-07 09:27:21,622.95,2723575
2021-05-07 09:27:22,622.85,2725741
2021-05-07 09:27:23,622.75,2727053
2021-05-07 09:27:25,621.95,2735626
2021-05-07 09:27:26,622.35,2736831
2021-05-07 09:27:27,622.05,2740027
2021-05-07 09:27:28,621.9,2743744
2021-05-07 09:27:29,621.55,2744029
2021-05-07 09:27:30,621.55,2744824
2021-05-07 09:27:31,621.65,2745221
2021-05-07 09:27:32,621.7,2747206
2021-05-07 09:27:33,621.2,2748953
2021-05-07 09:27:34,621.0,2750729
2021-05-07 09:27:35,621.55,2754305
2021-05-07 09:27:36,621.4,2756463
2021-05-07 09:27:37,621.35,2757047
2021-05-07 09:27:38,621.05,2759346
2021-05-07 09:27:39,621.0,2763347
2021-05-07 09:27:40,620.95,2764555
2021-05-07 09:27:42,620.95,2764901
2021-05-07 09:27:43,621.0,2765928
2021-05-07 09:27:43,621.0,2766059
2021-05-07 09:27:44,620.95,2766601
2021-05-07 09:27:45,621.15,2767460
2021-05-07 09:27:46,621.2,2769006
2021-05-07 09:27:47,621.5,2770642
2021-05-07 09:27:48,621.45,2771368
2021-05-07 09:27:49,621.5,2773552
2021-05-07 09:27:50,621.05,2774127
2021-05-07 09:27:51,621.65,2775010
2021-05-07 09:27:52,620.65,2798115
2021-05-07 09:27:54,620.15,2801262
2021-05-07 09:27:55,620.5,2801864
2021-05-07 09:27:55,620.5,2801888
2021-05-07 09:27:56,619.55,2818065
2021-05-07 09:27:57,619.5,2819662
2021-05-07 09:27:58,619.95,2821900
2021-05-07 09:27:59,620.05,2823089
2021-05-07 09:28:02,620.65,2834568
2021-05-07 09:28:03,620.65,2835379
2021-05-07 09:28:04,620.5,2835669
2021-05-07 09:28:05,621.3,2840186
2021-05-07 09:28:06,621.3,2840972
2021-05-07 09:28:07,621.05,2841404
2021-05-07 09:28:08,621.5,2841764
2021-05-07 09:28:09,621.45,2843150
2021-05-07 09:28:11,621.45,2843313
2021-05-07 09:28:12,621.65,2848100
2021-05-07 09:28:13,621.85,2858611
2021-05-07 09:28:14,622.25,2860159
2021-05-07 09:28:15,622.5,2860426
2021-05-07 09:28:16,621.85,2864716
2021-05-07 09:28:17,621.7,2866086
2021-05-07 09:28:18,622.35,2866415
2021-05-07 09:28:20,622.25,2866936
2021-05-07 09:28:20,621.7,2868016
2021-05-07 09:28:21,622.05,2870228
2021-05-07 09:28:22,622.5,2871208
2021-05-07 09:28:23,622.35,2871895
2021-05-07 09:28:24,622.5,2873470
2021-05-07 09:28:25,622.35,2874037
2021-05-07 09:28:26,622.45,2876440
2021-05-07 09:28:28,622.5,2876552
2021-05-07 09:28:28,622.5,2876570
2021-05-07 09:28:29,622.5,2877545
2021-05-07 09:28:30,622.2,2879720
2021-05-07 09:28:31,622.1,2880438
2021-05-07 09:28:32,622.1,2881253
2021-05-07 09:28:33,622.1,2881376
2021-05-07 09:28:35,622.05,2882353
2021-05-07 09:28:35,622.15,2882853
2021-05-07 09:28:37,622.0,2884602
2021-05-07 09:28:38,621.85,2885267
2021-05-07 09:28:39,622.05,2886745
2021-05-07 09:28:40,622.0,2888005
2021-05-07 09:28:41,622.0,2888365
2021-05-07 09:28:43,621.45,2889285
2021-05-07 09:28:43,622.0,2889510
2021-05-07 09:28:44,622.0,2890216
2021-05-07 09:28:46,622.0,2891962
2021-05-07 09:28:47,622.05,2893611
2021-05-07 09:28:49,622.9,2898698
2021-05-07 09:28:49,622.9,2898698
2021-05-07 09:28:50,622.9,2898860
2021-05-07 09:28:51,622.8,2900210
2021-05-07 09:28:52,622.8,2901941
2021-05-07 09:28:53,622.85,2902253
2021-05-07 09:28:54,622.8,2902372
2021-05-07 09:28:55,622.9,2903259
2021-05-07 09:28:56,622.8,2904634
2021-05-07 09:28:57,622.6,2905107
2021-05-07 09:28:58,622.9,2905908
2021-05-07 09:28:59,623.15,2911227
2021-05-07 09:29:00,623.2,2912028
2021-05-07 09:29:01,623.05,2912828
2021-05-07 09:29:03,623.55,2913601
2021-05-07 09:29:04,623.4,2915166
2021-05-07 09:29:05,623.55,2916475
2021-05-07 09:29:06,623.65,2917165
2021-05-07 09:29:07,623.5,2917383
2021-05-07 09:29:08,623.5,2918159
2021-05-07 09:29:09,623.5,2919064
2021-05-07 09:29:10,623.6,2941417
2021-05-07 09:29:10,623.9,2941117
2021-05-07 09:29:11,623.15,2942266
2021-05-07 09:29:12,623.4,2943415
2021-05-07 09:29:13,623.4,2944203
2021-05-07 09:29:14,623.25,2944820
2021-05-07 09:29:15,623.45,2945501
2021-05-07 09:29:16,623.8,2946212
2021-05-07 09:29:17,623.9,2947932
2021-05-07 09:29:18,623.75,2948215
2021-05-07 09:29:19,623.75,2949869
2021-05-07 09:29:20,623.5,2950990
2021-05-07 09:29:21,623.5,2951800
2021-05-07 09:29:23,623.5,2953474
2021-05-07 09:29:25,623.65,2954198
2021-05-07 09:29:26,623.5,2954739
2021-05-07 09:29:27,623.6,2955411
2021-05-07 09:29:28,623.75,2956959
2021-05-07 09:29:28,623.75,2956934
2021-05-07 09:29:29,623.7,2957269
2021-05-07 09:29:30,623.7,2957350
2021-05-07 09:29:31,623.65,2957697
2021-05-07 09:29:32,623.5,2957910
2021-05-07 09:29:33,622.65,2972565
2021-05-07 09:29:34,622.8,2973286
2021-05-07 09:29:35,623.0,2973906
2021-05-07 09:29:36,622.85,2974336
2021-05-07 09:29:37,623.25,2974844
2021-05-07 09:29:38,622.95,2981495
2021-05-07 09:29:39,622.95,2981879
2021-05-07 09:29:40,622.9,2983775
2021-05-07 09:29:41,622.9,2985110
2021-05-07 09:29:42,622.9,2985274
2021-05-07 09:29:43,622.35,2986207
2021-05-07 09:29:44,623.0,2986584
2021-05-07 09:29:46,622.6,2986831
2021-05-07 09:29:48,622.65,2989794
2021-05-07 09:29:49,622.85,2991223
2021-05-07 09:29:50,622.75,2991561
2021-05-07 09:29:51,622.5,2992792
2021-05-07 09:29:52,622.65,2993314
2021-05-07 09:29:53,622.7,2996404
2021-05-07 09:29:54,622.8,2997470
2021-05-07 09:29:55,622.4,2997662
2021-05-07 09:29:55,622.4,2997662
2021-05-07 09:29:56,622.5,2998040
2021-05-07 09:29:57,622.35,2998362
2021-05-07 09:29:58,622.1,3002265
2021-05-07 09:29:59,622.6,3003751
2021-05-07 09:30:00,622.2,3005258
2021-05-07 09:30:01,622.3,3005644
2021-05-07 09:30:02,622.1,3006527
2021-05-07 09:30:03,622.75,3009990
2021-05-07 09:30:04,622.6,3010166
2021-05-07 09:30:06,622.6,3010367
2021-05-07 09:30:07,622.2,3011579
2021-05-07 09:30:08,622.2,3011612
2021-05-07 09:30:09,622.5,3011982
2021-05-07 09:30:10,622.05,3019481
2021-05-07 09:30:11,621.85,3021668
2021-05-07 09:30:11,621.85,3021668
2021-05-07 09:30:12,621.2,3023181
2021-05-07 09:30:13,621.65,3023816
2021-05-07 09:30:14,621.45,3024023
2021-05-07 09:30:15,621.0,3026925
2021-05-07 09:30:16,620.0,3045840
2021-05-07 09:30:17,620.45,3047347
2021-05-07 09:30:18,620.05,3053579
2021-05-07 09:30:20,620.1,3054515
2021-05-07 09:30:21,619.65,3057230
2021-05-07 09:30:22,619.1,3060362
2021-05-07 09:30:23,619.65,3060666
2021-05-07 09:30:24,619.7,3062571
2021-05-07 09:30:25,619.8,3062822
2021-05-07 09:30:26,619.55,3065791
2021-05-07 09:30:26,619.65,3065823
2021-05-07 09:30:27,619.45,3066146
2021-05-07 09:30:28,619.8,3067040
2021-05-07 09:30:29,619.45,3069761
2021-05-07 09:30:30,619.7,3071645
2021-05-07 09:30:31,619.9,3072588
2021-05-07 09:30:33,619.8,3073961
2021-05-07 09:30:34,620.0,3074687
2021-05-07 09:30:35,620.7,3076160
2021-05-07 09:30:36,620.1,3076876
2021-05-07 09:30:36,620.6,3077146
2021-05-07 09:30:37,620.8,3077842
2021-05-07 09:30:38,620.7,3078540
2021-05-07 09:30:39,620.6,3079434
2021-05-07 09:30:40,621.0,3080727
2021-05-07 09:30:41,620.45,3086234
2021-05-07 09:30:42,620.75,3087287
2021-05-07 09:30:43,620.7,3087463
2021-05-07 09:30:44,620.55,3090260
2021-05-07 09:30:45,621.3,3093713
2021-05-07 09:30:46,621.45,3093849
2021-05-07 09:30:49,621.45,3096314
2021-05-07 09:30:50,621.45,3097288
2021-05-07 09:30:52,621.4,3097822
2021-05-07 09:30:53,621.0,3098824
2021-05-07 09:30:54,621.0,3100192
2021-05-07 09:30:55,621.4,3100530
2021-05-07 09:30:56,620.0,3125516
2021-05-07 09:30:57,620.0,3130954
2021-05-07 09:30:58,620.0,3131684
2021-05-07 09:30:59,620.0,3133171
2021-05-07 09:31:01,619.8,3134589
2021-05-07 09:31:02,620.0,3135713
2021-05-07 09:31:03,620.0,3136365
2021-05-07 09:31:04,620.0,3139450
2021-05-07 09:31:05,620.0,3143352
2021-05-07 09:31:06,619.75,3144169
2021-05-07 09:31:07,619.75,3144389
2021-05-07 09:31:08,620.0,3146557
2021-05-07 09:31:10,620.0,3148877
2021-05-07 09:31:11,620.0,3149335
2021-05-07 09:31:12,620.0,3150292
2021-05-07 09:31:13,620.0,3153098
2021-05-07 09:31:13,620.0,3153098
2021-05-07 09:31:14,620.0,3154352
2021-05-07 09:31:15,619.95,3156757
2021-05-07 09:31:16,619.95,3156995
2021-05-07 09:31:17,619.65,3174545
2021-05-07 09:31:19,619.7,3175039
2021-05-07 09:31:20,619.7,3175323
2021-05-07 09:31:21,619.75,3176724
2021-05-07 09:31:22,619.75,3177160
2021-05-07 09:31:23,619.75,3177386
2021-05-07 09:31:23,619.75,3177249
2021-05-07 09:31:24,619.65,3178462
2021-05-07 09:31:25,619.75,3179146
2021-05-07 09:31:30,619.0,3200372
2021-05-07 09:31:31,618.95,3205351
2021-05-07 09:31:33,618.95,3205748
2021-05-07 09:31:34,618.95,3207560
2021-05-07 09:31:35,618.95,3208494
2021-05-07 09:31:36,619.0,3210316
2021-05-07 09:31:36,619.0,3210416
2021-05-07 09:31:37,618.9,3211008
2021-05-07 09:31:39,618.85,3212193
2021-05-07 09:31:40,618.9,3214001
2021-05-07 09:31:41,618.4,3214685
2021-05-07 09:31:42,618.85,3215301
2021-05-07 09:31:43,618.75,3217767
2021-05-07 09:31:44,618.35,3220059
2021-05-07 09:31:45,618.8,3222527
2021-05-07 09:31:46,618.35,3225278
2021-05-07 09:31:46,618.65,3225599
2021-05-07 09:31:47,618.2,3227907
2021-05-07 09:31:48,618.75,3229623
2021-05-07 09:31:50,618.6,3230106
2021-05-07 09:31:51,618.65,3231438
2021-05-07 09:31:52,618.9,3231797
2021-05-07 09:31:53,618.85,3231893
2021-05-07 09:31:54,618.9,3232272
2021-05-07 09:31:55,619.6,3241757
2021-05-07 09:31:55,619.6,3241777
2021-05-07 09:31:56,619.65,3242030
2021-05-07 09:31:57,619.65,3242393
2021-05-07 09:31:58,619.6,3248077
2021-05-07 09:31:59,619.5,3249168
2021-05-07 09:32:01,619.5,3249435
2021-05-07 09:32:03,619.0,3251415
2021-05-07 09:32:04,619.0,3251991
2021-05-07 09:32:05,618.4,3255355
2021-05-07 09:32:06,619.0,3255972
2021-05-07 09:32:07,618.95,3257722
2021-05-07 09:32:07,618.85,3257727
2021-05-07 09:32:08,618.9,3258687
2021-05-07 09:32:09,618.6,3259411
2021-05-07 09:32:10,618.6,3260660
2021-05-07 09:32:11,618.95,3260928
2021-05-07 09:32:13,618.5,3262197
2021-05-07 09:32:14,618.4,3262845
2021-05-07 09:32:15,619.0,3267433
2021-05-07 09:32:15,619.0,3268063
2021-05-07 09:32:16,619.0,3268542
2021-05-07 09:32:17,619.0,3268949
2021-05-07 09:32:18,618.6,3270321
2021-05-07 09:32:19,618.55,3270560
2021-05-07 09:32:20,618.55,3271337
2021-05-07 09:32:21,618.95,3271817
2021-05-07 09:32:23,619.0,3272203
2021-05-07 09:32:24,619.5,3291360
2021-05-07 09:32:25,619.0,3292066
2021-05-07 09:32:25,619.0,3292237
2021-05-07 09:32:26,618.9,3293215
2021-05-07 09:32:28,618.85,3294404
2021-05-07 09:32:32,618.85,3298626
2021-05-07 09:32:32,618.85,3298866
2021-05-07 09:32:33,618.75,3300433
2021-05-07 09:32:34,618.8,3303655
2021-05-07 09:32:35,618.8,3303977
2021-05-07 09:32:37,618.85,3304917
2021-05-07 09:32:38,618.85,3304985
2021-05-07 09:32:39,618.8,3308807
2021-05-07 09:32:40,618.9,3309883
2021-05-07 09:32:41,618.9,3309900
2021-05-07 09:32:42,618.45,3311248
2021-05-07 09:32:43,618.0,3327116
2021-05-07 09:32:44,618.8,3329825
2021-05-07 09:32:45,618.05,3349739
2021-05-07 09:32:46,618.8,3357236
2021-05-07 09:32:46,618.7,3357136
2021-05-07 09:32:47,618.8,3357286
2021-05-07 09:32:48,619.15,3360080
2021-05-07 09:32:49,619.5,3360464
2021-05-07 09:32:51,619.55,3360662
2021-05-07 09:32:52,619.65,3361644
2021-05-07 09:32:53,619.55,3365826
2021-05-07 09:32:54,619.55,3366447
2021-05-07 09:32:56,619.8,3422258
2021-05-07 09:32:56,620.0,3422358
2021-05-07 09:32:57,619.45,3425153
2021-05-07 09:32:59,619.75,3427376
2021-05-07 09:33:00,619.75,3429247
2021-05-07 09:33:01,619.55,3429978
2021-05-07 09:33:02,620.0,3430572
2021-05-07 09:33:03,620.0,3434664
2021-05-07 09:33:04,619.45,3435789
2021-05-07 09:33:05,619.55,3436351
2021-05-07 09:33:06,619.95,3437342
2021-05-07 09:33:08,619.9,3437643
2021-05-07 09:33:09,619.95,3438111
2021-05-07 09:33:10,620.0,3438286
2021-05-07 09:33:11,619.9,3440372
2021-05-07 09:33:12,619.4,3442066
2021-05-07 09:33:12,619.55,3441846
2021-05-07 09:33:13,619.1,3445218
2021-05-07 09:33:15,618.6,3447218
2021-05-07 09:33:16,619.3,3451001
2021-05-07 09:33:17,619.3,3451431
2021-05-07 09:33:18,619.1,3452557
2021-05-07 09:33:18,619.15,3452649
2021-05-07 09:33:19,618.5,3454620
2021-05-07 09:33:20,618.45,3456909
2021-05-07 09:33:22,618.75,3459408
2021-05-07 09:33:23,618.8,3461316
2021-05-07 09:33:24,618.8,3462897
2021-05-07 09:33:25,618.8,3464370
2021-05-07 09:33:25,618.8,3464376
2021-05-07 09:33:26,618.8,3468397
2021-05-07 09:33:27,618.8,3468590
2021-05-07 09:33:28,618.5,3470838
2021-05-07 09:33:29,618.7,3470921
2021-05-07 09:33:30,618.65,3486260
2021-05-07 09:33:32,618.35,3486871
2021-05-07 09:33:33,618.1,3489175
2021-05-07 09:33:34,618.1,3489985
2021-05-07 09:33:35,617.95,3492668
2021-05-07 09:33:36,617.85,3493324
2021-05-07 09:33:37,617.95,3494500
2021-05-07 09:33:37,617.95,3494500
2021-05-07 09:33:39,617.65,3495477
2021-05-07 09:33:40,618.0,3497200
2021-05-07 09:33:41,617.55,3497857
2021-05-07 09:33:42,617.55,3499755
2021-05-07 09:33:43,617.95,3500227
2021-05-07 09:33:44,618.1,3500959
2021-05-07 09:33:45,618.5,3502829
2021-05-07 09:33:46,618.45,3503059
2021-05-07 09:33:47,618.75,3504226
2021-05-07 09:33:48,618.8,3504619
2021-05-07 09:33:48,618.55,3511549
2021-05-07 09:33:49,618.85,3513732
2021-05-07 09:33:51,618.5,3513941
2021-05-07 09:33:52,618.8,3513972
2021-05-07 09:33:53,619.25,3516397
2021-05-07 09:33:54,618.45,3517240
2021-05-07 09:33:55,618.15,3520900
2021-05-07 09:33:55,618.15,3520900
2021-05-07 09:33:57,618.2,3521117
2021-05-07 09:33:58,618.45,3522723
2021-05-07 09:33:59,618.5,3523709
2021-05-07 09:34:00,618.5,3524961
2021-05-07 09:34:01,618.5,3525038
2021-05-07 09:34:02,618.7,3525978
2021-05-07 09:34:03,618.6,3526405
2021-05-07 09:34:03,618.65,3526605
2021-05-07 09:34:05,618.3,3526823
2021-05-07 09:34:06,618.4,3527397
2021-05-07 09:34:07,618.85,3527869
2021-05-07 09:34:08,619.0,3528154
2021-05-07 09:34:09,619.2,3532871
2021-05-07 09:34:10,619.7,3532882
2021-05-07 09:34:11,619.6,3533916
2021-05-07 09:34:11,619.55,3533946
2021-05-07 09:34:13,619.2,3535451
2021-05-07 09:34:14,619.15,3536249
2021-05-07 09:34:15,618.35,3556257
2021-05-07 09:34:17,617.85,3561023
2021-05-07 09:34:18,618.3,3563170
2021-05-07 09:34:19,618.4,3563532
2021-05-07 09:34:20,618.6,3563975
2021-05-07 09:34:21,618.2,3566024
2021-05-07 09:34:22,618.25,3566777
2021-05-07 09:34:23,618.0,3569561
2021-05-07 09:34:24,617.6,3570711
2021-05-07 09:34:25,617.7,3573623
2021-05-07 09:34:25,618.0,3573638
2021-05-07 09:34:26,618.0,3574065
2021-05-07 09:34:27,617.45,3582687
2021-05-07 09:34:29,617.9,3583391
2021-05-07 09:34:30,617.85,3587215
2021-05-07 09:34:31,617.85,3587396
2021-05-07 09:34:32,618.0,3588070
2021-05-07 09:34:33,617.8,3588474
2021-05-07 09:34:34,617.8,3589780
2021-05-07 09:34:34,617.8,3589784
2021-05-07 09:34:36,618.0,3590187
2021-05-07 09:34:37,617.85,3590977
2021-05-07 09:34:38,617.9,3591428
2021-05-07 09:34:39,617.65,3592210
2021-05-07 09:34:40,618.0,3594756
2021-05-07 09:34:41,617.9,3596572
2021-05-07 09:34:42,617.45,3599821
2021-05-07 09:34:43,617.45,3602404
2021-05-07 09:34:43,617.6,3602474
2021-05-07 09:34:45,618.7,3624429
2021-05-07 09:34:46,618.7,3624693
2021-05-07 09:34:48,618.9,3625586
2021-05-07 09:34:49,618.55,3626939
2021-05-07 09:34:49,618.5,3627230
2021-05-07 09:34:51,617.95,3628316
2021-05-07 09:34:52,617.95,3629228
2021-05-07 09:34:53,618.25,3629951
2021-05-07 09:34:54,618.0,3630864
2021-05-07 09:34:55,618.0,3631105
2021-05-07 09:34:55,618.0,3631105
2021-05-07 09:34:57,618.4,3631487
2021-05-07 09:34:58,618.1,3632153
2021-05-07 09:34:59,618.0,3634655
2021-05-07 09:35:00,618.35,3635146
2021-05-07 09:35:01,618.0,3635482
2021-05-07 09:35:02,618.2,3635903
2021-05-07 09:35:03,618.5,3636448
2021-05-07 09:35:04,618.5,3636586
2021-05-07 09:35:05,618.5,3637166
2021-05-07 09:35:06,618.3,3638505
2021-05-07 09:35:07,618.0,3638743
2021-05-07 09:35:08,618.45,3639574
2021-05-07 09:35:09,618.35,3640133
2021-05-07 09:35:10,618.4,3640676
2021-05-07 09:35:11,618.35,3640709
2021-05-07 09:35:12,618.15,3646843
2021-05-07 09:35:13,618.15,3647036
2021-05-07 09:35:14,618.4,3648474
2021-05-07 09:35:15,617.95,3649650
2021-05-07 09:35:16,617.55,3650406
2021-05-07 09:35:16,618.0,3650453
2021-05-07 09:35:18,617.9,3650618
2021-05-07 09:35:19,617.55,3652061
2021-05-07 09:35:20,617.85,3653820
2021-05-07 09:35:21,616.5,3774518
2021-05-07 09:35:23,616.4,3778478
2021-05-07 09:35:25,615.85,3784175
2021-05-07 09:35:25,615.85,3783192
2021-05-07 09:35:26,616.0,3785300
2021-05-07 09:35:28,616.0,3789367
2021-05-07 09:35:29,616.2,3796641
2021-05-07 09:35:30,617.3,3812346
2021-05-07 09:35:31,616.75,3815541
2021-05-07 09:35:32,616.4,3816519
2021-05-07 09:35:32,616.8,3816619
2021-05-07 09:35:33,616.75,3817688
2021-05-07 09:35:35,616.35,3821055
2021-05-07 09:35:36,616.4,3822777
2021-05-07 09:35:37,616.35,3823858
2021-05-07 09:35:38,616.0,3827473
2021-05-07 09:35:39,616.25,3830507
2021-05-07 09:35:40,616.0,3832249
2021-05-07 09:35:41,615.7,3833239
2021-05-07 09:35:42,616.25,3833658
2021-05-07 09:35:43,616.1,3835635
2021-05-07 09:35:44,616.25,3837414
2021-05-07 09:35:45,616.05,3838320
2021-05-07 09:35:46,616.3,3843244
2021-05-07 09:35:47,616.45,3843688
2021-05-07 09:35:48,616.45,3844815
2021-05-07 09:35:49,616.05,3845549
2021-05-07 09:35:50,616.25,3846692
2021-05-07 09:35:51,616.45,3847623
2021-05-07 09:35:52,616.25,3848177
2021-05-07 09:35:53,615.8,3849767
2021-05-07 09:35:54,615.85,3850899
2021-05-07 09:35:55,616.0,3852500
2021-05-07 09:35:56,616.15,3852930
2021-05-07 09:35:57,616.6,3855719
2021-05-07 09:35:58,616.15,3857012
2021-05-07 09:35:59,616.3,3859103
2021-05-07 09:36:00,616.4,3859694
2021-05-07 09:36:01,616.0,3861097
2021-05-07 09:36:03,616.25,3861879
2021-05-07 09:36:02,616.4,3861776
2021-05-07 09:36:04,616.45,3862325
2021-05-07 09:36:05,616.5,3863888
2021-05-07 09:36:06,616.45,3864221
2021-05-07 09:36:07,616.4,3864670
2021-05-07 09:36:09,616.2,3867276
2021-05-07 09:36:08,616.5,3867251
2021-05-07 09:36:10,616.6,3869111
2021-05-07 09:36:11,616.45,3869813
2021-05-07 09:36:12,616.5,3870796
2021-05-07 09:36:13,616.6,3871747
2021-05-07 09:36:14,616.5,3871817
2021-05-07 09:36:15,616.6,3872104
2021-05-07 09:36:16,616.45,3873630
2021-05-07 09:36:17,616.65,3875296
2021-05-07 09:36:18,616.3,3876193
2021-05-07 09:36:19,616.2,3876540
2021-05-07 09:36:20,616.25,3890631
2021-05-07 09:36:21,616.25,3891226
2021-05-07 09:36:22,616.25,3891817
2021-05-07 09:36:23,616.1,3893170
2021-05-07 09:36:24,616.05,3893235
2021-05-07 09:36:25,616.05,3893400
2021-05-07 09:36:26,616.05,3895107
2021-05-07 09:36:27,615.95,3899923
2021-05-07 09:36:28,615.95,3901796
2021-05-07 09:36:29,615.8,3906943
2021-05-07 09:36:30,615.65,3908587
2021-05-07 09:36:31,615.35,3909880
2021-05-07 09:36:32,616.5,3916846
2021-05-07 09:36:33,616.05,3919373
2021-05-07 09:36:34,615.95,3919790
2021-05-07 09:36:35,615.95,3919948
2021-05-07 09:36:36,615.75,3920295
2021-05-07 09:36:37,615.85,3920699
2021-05-07 09:36:38,615.8,3921784
2021-05-07 09:36:39,615.65,3922138
2021-05-07 09:36:40,615.35,3922321
2021-05-07 09:36:41,615.35,3932108
2021-05-07 09:36:42,615.3,3934925
2021-05-07 09:36:43,615.0,3979710
2021-05-07 09:36:44,615.0,3983372
2021-05-07 09:36:45,615.0,3986285
2021-05-07 09:36:46,615.0,3986285
2021-05-07 09:36:47,615.0,3988283
2021-05-07 09:36:48,615.0,3994429
2021-05-07 09:36:49,614.25,4015863
2021-05-07 09:36:50,614.85,4017698
2021-05-07 09:36:51,615.3,4021313
2021-05-07 09:36:52,615.0,4024759
2021-05-07 09:36:53,615.0,4027686
2021-05-07 09:36:54,615.0,4028724
2021-05-07 09:36:55,614.55,4031523
2021-05-07 09:36:56,614.9,4031565
2021-05-07 09:36:58,614.05,4041008
2021-05-07 09:36:59,614.75,4042607
2021-05-07 09:37:00,614.95,4058562
2021-05-07 09:37:01,615.8,4065363
2021-05-07 09:37:02,616.5,4070732
2021-05-07 09:37:03,616.7,4079037
2021-05-07 09:37:04,616.5,4082761
2021-05-07 09:37:05,616.5,4090229
2021-05-07 09:37:06,617.15,4093842
2021-05-07 09:37:07,617.45,4097401
2021-05-07 09:37:10,618.4,4110332
2021-05-07 09:37:11,618.0,4119587
2021-05-07 09:37:12,618.0,4127155
2021-05-07 09:37:13,618.3,4128858
2021-05-07 09:37:14,618.0,4134378
2021-05-07 09:37:15,616.8,4143379
2021-05-07 09:37:16,616.8,4147321
2021-05-07 09:37:17,616.8,4151591
2021-05-07 09:37:18,616.85,4153212
2021-05-07 09:37:19,617.55,4157959
2021-05-07 09:37:20,617.65,4158710
2021-05-07 09:37:21,617.0,4162428
2021-05-07 09:37:22,617.0,4163555
2021-05-07 09:37:23,617.5,4174030
2021-05-07 09:37:24,617.6,4178188
2021-05-07 09:37:25,617.8,4181619
2021-05-07 09:37:26,617.65,4189560
2021-05-07 09:37:27,617.9,4190532
2021-05-07 09:37:28,618.0,4192670
2021-05-07 09:37:30,617.65,4194452
2021-05-07 09:37:31,618.0,4196106
2021-05-07 09:37:32,618.15,4197618
2021-05-07 09:37:33,617.0,4201826
2021-05-07 09:37:34,617.8,4205417
2021-05-07 09:37:35,617.8,4205517
2021-05-07 09:37:36,617.3,4206164
2021-05-07 09:37:37,618.0,4217725
2021-05-07 09:37:38,618.0,4218191
2021-05-07 09:37:39,617.75,4218549
2021-05-07 09:37:40,617.65,4219014
2021-05-07 09:37:41,617.65,4221062
2021-05-07 09:37:42,617.95,4221714
2021-05-07 09:37:43,617.65,4222034
2021-05-07 09:37:44,617.65,4222504
2021-05-07 09:37:45,617.65,4222629
2021-05-07 09:37:46,617.55,4222909
2021-05-07 09:37:47,617.6,4225793
2021-05-07 09:37:48,617.85,4226789
2021-05-07 09:37:49,617.9,4227309
2021-05-07 09:37:50,617.65,4228017
2021-05-07 09:37:51,617.05,4229852
2021-05-07 09:37:52,617.55,4231463
2021-05-07 09:37:53,617.55,4231659
2021-05-07 09:37:54,617.4,4231855
2021-05-07 09:37:55,617.35,4232453
2021-05-07 09:37:57,617.65,4233517
2021-05-07 09:37:57,617.4,4232986
2021-05-07 09:37:58,617.4,4233947
2021-05-07 09:37:59,617.45,4234162
2021-05-07 09:38:00,618.45,4253313
2021-05-07 09:38:01,618.15,4256485
2021-05-07 09:38:02,618.5,4256658
2021-05-07 09:38:04,618.05,4258401
2021-05-07 09:38:04,618.05,4258296
2021-05-07 09:38:05,618.4,4259106
2021-05-07 09:38:06,618.1,4259610
2021-05-07 09:38:07,618.1,4259692
2021-05-07 09:38:08,618.1,4260125
2021-05-07 09:38:09,618.5,4262428
2021-05-07 09:38:11,618.45,4263341
2021-05-07 09:38:11,618.15,4263401
2021-05-07 09:38:12,618.5,4264235
2021-05-07 09:38:13,618.45,4265865
2021-05-07 09:38:14,618.1,4266467
2021-05-07 09:38:15,618.45,4266733
2021-05-07 09:38:16,617.65,4273527
2021-05-07 09:38:18,618.05,4273963
2021-05-07 09:38:18,617.55,4274153
2021-05-07 09:38:19,617.75,4275640
2021-05-07 09:38:20,617.75,4276039
2021-05-07 09:38:21,617.4,4279127
2021-05-07 09:38:23,618.05,4284742
2021-05-07 09:38:24,618.1,4285650
2021-05-07 09:38:25,618.05,4291022
2021-05-07 09:38:25,618.05,4291030
2021-05-07 09:38:26,617.55,4304365
2021-05-07 09:38:27,617.6,4305673
2021-05-07 09:38:28,618.0,4309825
2021-05-07 09:38:29,617.95,4310365
2021-05-07 09:38:31,618.0,4310904
2021-05-07 09:38:31,618.0,4311007
2021-05-07 09:38:32,618.25,4313431
2021-05-07 09:38:33,618.05,4314009
2021-05-07 09:38:34,618.0,4314404
2021-05-07 09:38:36,618.4,4314500
2021-05-07 09:38:37,618.5,4316105
2021-05-07 09:38:37,618.5,4316413
2021-05-07 09:38:38,618.15,4316656
2021-05-07 09:38:39,618.45,4327864
2021-05-07 09:38:40,618.35,4329093
2021-05-07 09:38:41,618.1,4331876
2021-05-07 09:38:42,617.95,4333458
2021-05-07 09:38:43,618.25,4334064
2021-05-07 09:38:45,618.2,4334322
2021-05-07 09:38:45,618.25,4334344
2021-05-07 09:38:46,617.7,4338891
2021-05-07 09:38:47,617.95,4339848
2021-05-07 09:38:48,618.2,4340200
2021-05-07 09:38:50,618.05,4342051
2021-05-07 09:38:50,617.75,4341921
2021-05-07 09:38:51,618.25,4342648
2021-05-07 09:38:52,618.4,4343150
2021-05-07 09:38:53,618.15,4343721
2021-05-07 09:38:55,618.05,4346304
2021-05-07 09:38:56,618.45,4346530
2021-05-07 09:38:56,618.45,4346540
2021-05-07 09:38:57,618.5,4346655
2021-05-07 09:38:58,618.5,4346876
2021-05-07 09:38:59,618.4,4347282
2021-05-07 09:39:01,618.9,4355807
2021-05-07 09:39:01,618.95,4356204
2021-05-07 09:39:02,618.5,4357602
2021-05-07 09:39:03,618.5,4358120
2021-05-07 09:39:04,618.9,4358200
2021-05-07 09:39:06,619.0,4365595
2021-05-07 09:39:06,619.0,4365595
2021-05-07 09:39:07,618.9,4369404
2021-05-07 09:39:08,619.5,4370282
2021-05-07 09:39:09,619.5,4371030
2021-05-07 09:39:10,619.45,4371496
2021-05-07 09:39:12,618.9,4373694
2021-05-07 09:39:12,618.9,4373694
2021-05-07 09:39:13,619.3,4374130
2021-05-07 09:39:14,619.05,4375598
2021-05-07 09:39:15,619.35,4376213
2021-05-07 09:39:16,619.05,4376565
2021-05-07 09:39:17,619.35,4377002
2021-05-07 09:39:19,619.4,4378031
2021-05-07 09:39:19,619.4,4378031
2021-05-07 09:39:20,619.2,4381271
2021-05-07 09:39:21,619.5,4383126
2021-05-07 09:39:22,619.35,4383294
2021-05-07 09:39:23,619.5,4383998
2021-05-07 09:39:25,619.2,4384215
2021-05-07 09:39:25,619.2,4384215
2021-05-07 09:39:26,619.45,4385973
2021-05-07 09:39:27,619.5,4388318
2021-05-07 09:39:28,619.5,4389551
2021-05-07 09:39:30,619.35,4390083
2021-05-07 09:39:31,619.45,4390174
2021-05-07 09:39:31,619.45,4390224
2021-05-07 09:39:32,619.5,4390578
2021-05-07 09:39:33,619.55,4392029
2021-05-07 09:39:34,619.4,4392371
2021-05-07 09:39:35,619.5,4394823
2021-05-07 09:39:36,619.0,4397396
2021-05-07 09:39:37,619.3,4397759
2021-05-07 09:39:39,619.45,4397992
2021-05-07 09:39:39,619.5,4398497
2021-05-07 09:39:40,619.1,4401863
2021-05-07 09:39:41,619.45,4402707
2021-05-07 09:39:42,619.2,4405081
2021-05-07 09:39:43,619.1,4405208
2021-05-07 09:39:45,619.45,4405480
2021-05-07 09:39:46,619.45,4405696
2021-05-07 09:39:46,619.45,4405718
2021-05-07 09:39:47,619.5,4406880
2021-05-07 09:39:48,619.5,4407292
2021-05-07 09:39:49,619.5,4408028
2021-05-07 09:39:50,619.5,4408321
2021-05-07 09:39:52,619.5,4409082
2021-05-07 09:39:53,619.5,4410489
2021-05-07 09:39:54,619.55,4413813
2021-05-07 09:39:54,619.5,4413816
2021-05-07 09:39:55,619.55,4414095
2021-05-07 09:39:56,619.45,4414432
2021-05-07 09:39:57,619.5,4416327
2021-05-07 09:39:58,619.5,4416704
2021-05-07 09:39:59,619.55,4417681
2021-05-07 09:40:00,619.7,4419303
2021-05-07 09:40:01,619.4,4422819
2021-05-07 09:40:02,619.55,4423576
2021-05-07 09:40:04,619.55,4425046
2021-05-07 09:40:05,619.65,4425253
2021-05-07 09:40:06,619.65,4425354
2021-05-07 09:40:06,619.65,4425354
2021-05-07 09:40:07,619.7,4426290
2021-05-07 09:40:10,618.7,4432811
2021-05-07 09:40:11,618.95,4435431
2021-05-07 09:40:12,619.45,4435476
2021-05-07 09:40:12,619.3,4435587
2021-05-07 09:40:13,619.45,4438030
2021-05-07 09:40:14,619.2,4438668
2021-05-07 09:40:16,619.7,4439710
2021-05-07 09:40:17,619.8,4440375
2021-05-07 09:40:18,619.35,4440595
2021-05-07 09:40:19,619.75,4442976
2021-05-07 09:40:19,619.75,4442983
2021-05-07 09:40:20,619.5,4443687
2021-05-07 09:40:21,619.5,4444121
2021-05-07 09:40:25,619.75,4454543
2021-05-07 09:40:26,619.8,4455397
2021-05-07 09:40:26,620.0,4456402
2021-05-07 09:40:27,620.0,4457203
2021-05-07 09:40:28,619.05,4465698
2021-05-07 09:40:31,619.8,4474617
2021-05-07 09:40:32,619.95,4476883
2021-05-07 09:40:32,619.8,4476899
2021-05-07 09:40:33,619.85,4477674
2021-05-07 09:40:34,619.8,4479122
2021-05-07 09:40:36,619.55,4479315
2021-05-07 09:40:37,619.65,4479894
2021-05-07 09:40:37,619.55,4479896
2021-05-07 09:40:38,619.75,4480590
2021-05-07 09:40:39,619.7,4480837
2021-05-07 09:40:40,619.7,4482382
2021-05-07 09:40:42,619.55,4482846
2021-05-07 09:40:43,619.8,4483201
2021-05-07 09:40:43,619.8,4483248
2021-05-07 09:40:44,619.75,4483459
2021-05-07 09:40:45,619.8,4484895
2021-05-07 09:40:47,619.75,4485281
2021-05-07 09:40:48,619.8,4486925
2021-05-07 09:40:48,619.8,4486978
2021-05-07 09:40:49,619.8,4487160
2021-05-07 09:40:50,619.8,4487483
2021-05-07 09:40:53,619.55,4494712
2021-05-07 09:40:54,619.1,4496484
2021-05-07 09:40:54,619.5,4496534
2021-05-07 09:40:55,619.5,4497089
2021-05-07 09:40:56,619.45,4498893
2021-05-07 09:40:57,619.45,4499325
2021-05-07 09:40:58,619.55,4501039
2021-05-07 09:41:00,619.4,4501975
2021-05-07 09:41:01,619.35,4508183
2021-05-07 09:41:02,619.4,4508649
2021-05-07 09:41:03,619.0,4508849
2021-05-07 09:41:04,619.45,4512061
2021-05-07 09:41:04,619.45,4512499
2021-05-07 09:41:05,619.0,4512700
2021-05-07 09:41:06,619.5,4512807
2021-05-07 09:41:07,619.4,4513070
2021-05-07 09:41:08,619.3,4513244
2021-05-07 09:41:10,619.4,4514158
2021-05-07 09:41:11,619.05,4514370
2021-05-07 09:41:11,619.4,4514388
2021-05-07 09:41:12,619.4,4514883
2021-05-07 09:41:13,619.5,4515163
2021-05-07 09:41:14,619.45,4516831
2021-05-07 09:41:15,619.0,4517447
2021-05-07 09:41:16,619.5,4517478
2021-05-07 09:41:17,619.1,4518342
2021-05-07 09:41:18,619.1,4518659
2021-05-07 09:41:19,619.45,4519214
2021-05-07 09:41:20,619.4,4519534
2021-05-07 09:41:21,619.5,4519949
2021-05-07 09:41:22,619.5,4520078
2021-05-07 09:41:23,619.3,4520485
2021-05-07 09:41:24,619.2,4520759
2021-05-07 09:41:25,619.4,4520952
2021-05-07 09:41:26,619.3,4521083
2021-05-07 09:41:27,619.45,4521159
2021-05-07 09:41:28,619.3,4521810
2021-05-07 09:41:29,619.5,4521893
2021-05-07 09:41:31,619.4,4522037
2021-05-07 09:41:32,619.5,4522147
2021-05-07 09:41:33,619.5,4522332
2021-05-07 09:41:34,619.5,4522722
2021-05-07 09:41:34,619.5,4522622
2021-05-07 09:41:35,619.45,4522759
2021-05-07 09:41:36,619.5,4522846
2021-05-07 09:41:37,619.5,4523016
2021-05-07 09:41:38,619.4,4523792
2021-05-07 09:41:39,619.5,4523892
2021-05-07 09:41:40,619.5,4524090
2021-05-07 09:41:41,619.2,4524788
2021-05-07 09:41:42,619.5,4524961
2021-05-07 09:41:44,619.35,4526127
2021-05-07 09:41:45,619.35,4526298
2021-05-07 09:41:46,619.45,4526597
2021-05-07 09:41:47,619.4,4529364
2021-05-07 09:41:48,619.4,4529673
2021-05-07 09:41:49,619.4,4529906
2021-05-07 09:41:51,619.5,4531430
2021-05-07 09:41:51,619.5,4531430
2021-05-07 09:41:52,619.5,4531598
2021-05-07 09:41:53,619.5,4531809
2021-05-07 09:41:54,619.5,4532095
2021-05-07 09:41:55,619.6,4547016
2021-05-07 09:41:56,619.5,4547980
2021-05-07 09:41:57,619.6,4547983
2021-05-07 09:41:58,619.75,4548300
2021-05-07 09:42:00,619.5,4548915
2021-05-07 09:42:01,619.75,4549032
2021-05-07 09:42:02,619.6,4549390
2021-05-07 09:42:03,619.75,4550233
2021-05-07 09:42:04,619.8,4550825
2021-05-07 09:42:05,619.75,4551050
2021-05-07 09:42:06,619.6,4553200
2021-05-07 09:42:06,619.5,4553280
2021-05-07 09:42:07,619.8,4553720
2021-05-07 09:42:08,619.8,4554458
2021-05-07 09:42:10,619.95,4577512
2021-05-07 09:42:11,620.0,4578409
2021-05-07 09:42:12,620.35,4613260
2021-05-07 09:42:13,620.4,4613281
2021-05-07 09:42:13,620.4,4613291
2021-05-07 09:42:14,620.5,4615128
2021-05-07 09:42:15,620.5,4617199
2021-05-07 09:42:16,620.35,4618956
2021-05-07 09:42:17,620.5,4621221
2021-05-07 09:42:18,620.5,4625586
2021-05-07 09:42:19,620.65,4635217
2021-05-07 09:42:20,620.3,4636827
2021-05-07 09:42:21,620.65,4637719
2021-05-07 09:42:23,620.65,4638170
2021-05-07 09:42:24,620.65,4639532
2021-05-07 09:42:25,620.95,4644015
2021-05-07 09:42:25,620.65,4644540
2021-05-07 09:42:26,620.65,4645612
2021-05-07 09:42:29,620.5,4647320
2021-05-07 09:42:30,620.95,4648844
2021-05-07 09:42:31,620.7,4651045
2021-05-07 09:42:32,620.5,4651612
2021-05-07 09:42:32,620.5,4651687
2021-05-07 09:42:33,620.55,4652454
2021-05-07 09:42:36,620.55,4658401
2021-05-07 09:42:37,620.55,4658693
2021-05-07 09:42:38,621.0,4658895
2021-05-07 09:42:39,621.05,4660648
2021-05-07 09:42:40,620.65,4661252
2021-05-07 09:42:41,620.75,4662583
2021-05-07 09:42:42,620.8,4664843
2021-05-07 09:42:43,621.0,4666674
2021-05-07 09:42:44,620.8,4666814
2021-05-07 09:42:44,620.8,4666984
2021-05-07 09:42:45,621.2,4668443
2021-05-07 09:42:46,621.0,4668736
2021-05-07 09:42:48,621.0,4669371
2021-05-07 09:42:49,620.9,4671151
2021-05-07 09:42:50,621.1,4673747
2021-05-07 09:42:50,621.0,4673129
2021-05-07 09:42:51,620.45,4679586
2021-05-07 09:42:53,620.3,4687848
2021-05-07 09:42:54,620.0,4692685
2021-05-07 09:42:55,619.8,4694933
2021-05-07 09:42:56,619.95,4695242
2021-05-07 09:42:56,619.95,4695342
2021-05-07 09:42:57,619.9,4696091
2021-05-07 09:42:58,619.95,4696508
2021-05-07 09:42:59,619.85,4696648
2021-05-07 09:43:01,619.95,4697492
2021-05-07 09:43:02,619.9,4697646
2021-05-07 09:43:03,619.5,4698359
2021-05-07 09:43:04,619.9,4698632
2021-05-07 09:43:05,619.9,4699188
2021-05-07 09:43:05,619.95,4699303
2021-05-07 09:43:06,619.6,4699353
2021-05-07 09:43:07,619.95,4699942
2021-05-07 09:43:08,619.75,4701019
2021-05-07 09:43:11,619.95,4702489
2021-05-07 09:43:12,620.0,4702625
2021-05-07 09:43:13,620.0,4702769
2021-05-07 09:43:13,620.0,4702768
2021-05-07 09:43:14,620.0,4703338
2021-05-07 09:43:17,620.0,4704300
2021-05-07 09:43:18,620.0,4704538
2021-05-07 09:43:19,619.95,4705020
2021-05-07 09:43:19,620.0,4704780
2021-05-07 09:43:20,620.0,4705114
2021-05-07 09:43:21,620.0,4705491
2021-05-07 09:43:22,620.0,4705638
2021-05-07 09:43:24,620.0,4706257
2021-05-07 09:43:25,620.35,4706429
2021-05-07 09:43:26,620.35,4706670
2021-05-07 09:43:27,620.4,4706991
2021-05-07 09:43:28,620.2,4711303
2021-05-07 09:43:29,620.0,4711456
2021-05-07 09:43:30,620.0,4712136
2021-05-07 09:43:30,619.95,4712106
2021-05-07 09:43:31,620.35,4712699
2021-05-07 09:43:32,620.2,4713054
2021-05-07 09:43:33,620.0,4713264
2021-05-07 09:43:34,620.0,4713264
2021-05-07 09:43:35,620.2,4714017
2021-05-07 09:43:36,620.4,4714349
2021-05-07 09:43:37,620.0,4714545
2021-05-07 09:43:38,620.0,4715002
2021-05-07 09:43:39,620.0,4715329
2021-05-07 09:43:40,620.35,4716021
2021-05-07 09:43:41,620.0,4716246
2021-05-07 09:43:42,620.0,4716712
2021-05-07 09:43:43,620.2,4716817
2021-05-07 09:43:44,619.5,4726608
2021-05-07 09:43:46,619.65,4730300
2021-05-07 09:43:47,619.45,4732252
2021-05-07 09:43:48,619.5,4732835
2021-05-07 09:43:49,619.5,4733012
2021-05-07 09:43:51,619.5,4733248
2021-05-07 09:43:52,619.5,4734510
2021-05-07 09:43:54,619.5,4735017
2021-05-07 09:43:55,619.8,4736440
2021-05-07 09:43:55,619.8,4736440
2021-05-07 09:43:56,619.5,4736514
2021-05-07 09:43:58,619.85,4737100
2021-05-07 09:43:59,619.45,4737380
2021-05-07 09:44:01,619.7,4737981
2021-05-07 09:44:00,619.7,4737833
2021-05-07 09:44:02,619.6,4738725
2021-05-07 09:44:03,619.85,4738835
2021-05-07 09:44:04,619.4,4742801
2021-05-07 09:44:05,619.45,4745683
2021-05-07 09:44:06,619.5,4746337
2021-05-07 09:44:06,619.5,4746137
2021-05-07 09:44:07,619.5,4746419
2021-05-07 09:44:08,619.45,4752504
2021-05-07 09:44:09,619.45,4752630
2021-05-07 09:44:10,619.65,4754303
2021-05-07 09:44:11,619.65,4754353
2021-05-07 09:44:13,619.5,4754355
2021-05-07 09:44:14,619.7,4755088
2021-05-07 09:44:15,619.3,4755618
2021-05-07 09:44:16,619.55,4757281
2021-05-07 09:44:16,619.55,4757281
2021-05-07 09:44:17,619.45,4757476
2021-05-07 09:44:19,619.5,4765590
2021-05-07 09:44:20,619.0,4766903
2021-05-07 09:44:21,619.45,4767595
2021-05-07 09:44:22,619.35,4768168
2021-05-07 09:44:23,619.4,4768319
2021-05-07 09:44:23,619.45,4768320
2021-05-07 09:44:24,619.25,4768594
2021-05-07 09:44:25,619.4,4768614
2021-05-07 09:44:27,619.4,4769113
2021-05-07 09:44:28,619.0,4773188
2021-05-07 09:44:29,619.0,4773468
2021-05-07 09:44:30,618.8,4773597
2021-05-07 09:44:31,619.0,4774079
2021-05-07 09:44:32,618.95,4774149
2021-05-07 09:44:33,618.95,4774197
2021-05-07 09:44:35,618.8,4774406
2021-05-07 09:44:36,618.95,4777305
2021-05-07 09:44:37,618.9,4777585
2021-05-07 09:44:38,618.9,4778056
2021-05-07 09:44:39,618.5,4778512
2021-05-07 09:44:40,618.95,4778642
2021-05-07 09:44:41,619.0,4778842
2021-05-07 09:44:41,618.8,4778867
2021-05-07 09:44:43,618.25,4781430
2021-05-07 09:44:44,618.65,4781695
2021-05-07 09:44:45,618.65,4782454
2021-05-07 09:44:46,618.7,4783464
2021-05-07 09:44:47,618.75,4783474
2021-05-07 09:44:48,618.55,4783619
2021-05-07 09:44:49,618.55,4783837
2021-05-07 09:44:50,618.55,4784083
2021-05-07 09:44:50,618.55,4784083
2021-05-07 09:44:52,618.7,4784478
2021-05-07 09:44:53,618.9,4784885
2021-05-07 09:44:54,618.8,4785125
2021-05-07 09:44:55,619.0,4785289
2021-05-07 09:44:56,619.0,4785536
2021-05-07 09:44:57,618.8,4786853
2021-05-07 09:44:58,619.0,4786958
2021-05-07 09:44:59,619.0,4787783
2021-05-07 09:45:00,619.0,4788697
2021-05-07 09:45:01,619.0,4789048
2021-05-07 09:45:02,619.0,4789625
2021-05-07 09:45:03,619.0,4789681
2021-05-07 09:45:04,618.65,4789823
2021-05-07 09:45:05,619.0,4791711
2021-05-07 09:45:06,618.65,4794348
2021-05-07 09:45:07,619.0,4794710
2021-05-07 09:45:08,619.0,4794781
2021-05-07 09:45:09,619.0,4796437
2021-05-07 09:45:10,618.7,4796503
2021-05-07 09:45:11,618.85,4797813
2021-05-07 09:45:12,619.0,4797874
2021-05-07 09:45:13,618.75,4797888
2021-05-07 09:45:14,619.0,4798162
2021-05-07 09:45:15,618.7,4799372
2021-05-07 09:45:16,619.0,4800476
2021-05-07 09:45:17,619.0,4800548
2021-05-07 09:45:18,619.0,4801098
2021-05-07 09:45:19,619.0,4801250
2021-05-07 09:45:20,619.0,4801295
2021-05-07 09:45:20,619.0,4802795
2021-05-07 09:45:22,618.75,4802797
2021-05-07 09:45:23,619.0,4802945
2021-05-07 09:45:24,618.7,4802987
2021-05-07 09:45:25,619.0,4803615
2021-05-07 09:45:26,619.0,4803654
2021-05-07 09:45:27,619.0,4804116
2021-05-07 09:45:28,618.75,4804194
2021-05-07 09:45:29,619.0,4804342
2021-05-07 09:45:30,620.0,4837962
2021-05-07 09:45:31,620.2,4839741
2021-05-07 09:45:31,620.0,4839990
2021-05-07 09:45:32,619.65,4842884
2021-05-07 09:45:33,619.2,4843734
2021-05-07 09:45:36,619.35,4844387
2021-05-07 09:45:37,619.8,4844417
2021-05-07 09:45:38,619.8,4844464
2021-05-07 09:45:39,619.55,4844919
2021-05-07 09:45:39,619.55,4844919
2021-05-07 09:45:40,619.9,4844949
2021-05-07 09:45:41,619.4,4845570
2021-05-07 09:45:43,619.8,4845649
2021-05-07 09:45:45,619.95,4846323
2021-05-07 09:45:46,619.5,4846927
2021-05-07 09:45:47,620.0,4847410
2021-05-07 09:45:48,619.95,4847416
2021-05-07 09:45:48,619.95,4847416
2021-05-07 09:45:49,619.8,4847475
2021-05-07 09:45:51,620.0,4849143
2021-05-07 09:45:52,620.25,4856051
2021-05-07 09:45:53,620.0,4857097
2021-05-07 09:45:54,620.0,4858448
2021-05-07 09:45:55,619.95,4859023
2021-05-07 09:45:56,619.95,4859277
2021-05-07 09:45:57,620.0,4859635
2021-05-07 09:45:58,620.0,4859777
2021-05-07 09:45:59,619.95,4860001
2021-05-07 09:46:00,619.95,4860292
2021-05-07 09:46:01,619.55,4860487
2021-05-07 09:46:02,619.95,4860797
2021-05-07 09:46:02,619.95,4860801
2021-05-07 09:46:04,619.55,4861084
2021-05-07 09:46:05,619.55,4861711
2021-05-07 09:46:06,619.75,4861851
2021-05-07 09:46:07,619.95,4862256
2021-05-07 09:46:08,619.95,4862288
2021-05-07 09:46:09,620.0,4862467
2021-05-07 09:46:09,619.7,4862469
2021-05-07 09:46:11,619.8,4862901
2021-05-07 09:46:12,619.95,4863011
2021-05-07 09:46:14,618.7,4870660
2021-05-07 09:46:15,619.0,4870869
2021-05-07 09:46:16,619.0,4870919
2021-05-07 09:46:17,619.0,4871827
2021-05-07 09:46:19,619.3,4872426
2021-05-07 09:46:20,619.45,4872462
2021-05-07 09:46:21,619.45,4872597
2021-05-07 09:46:22,619.45,4872645
2021-05-07 09:46:23,619.5,4872719
2021-05-07 09:46:24,619.4,4872856
2021-05-07 09:46:25,619.15,4873095
2021-05-07 09:46:26,619.5,4873106
2021-05-07 09:46:27,619.15,4873315
2021-05-07 09:46:28,619.5,4874391
2021-05-07 09:46:29,619.45,4874521
2021-05-07 09:46:30,619.5,4874685
2021-05-07 09:46:31,619.3,4874762
2021-05-07 09:46:32,619.6,4874767
2021-05-07 09:46:33,619.45,4875354
2021-05-07 09:46:34,619.45,4875389
2021-05-07 09:46:35,619.5,4875464
2021-05-07 09:46:36,619.5,4875740
2021-05-07 09:46:37,619.5,4876001
2021-05-07 09:46:38,619.5,4876001
2021-05-07 09:46:39,619.4,4876367
2021-05-07 09:46:40,619.5,4876742
2021-05-07 09:46:41,619.5,4876807
2021-05-07 09:46:42,619.5,4876932
2021-05-07 09:46:43,619.5,4876933
2021-05-07 09:46:44,619.5,4876974
2021-05-07 09:46:45,619.5,4877219
2021-05-07 09:46:47,619.5,4877881
2021-05-07 09:46:48,619.5,4877881
2021-05-07 09:46:49,619.95,4878434
2021-05-07 09:46:50,619.95,4878481
2021-05-07 09:46:51,620.0,4878735
2021-05-07 09:46:52,620.0,4878783
2021-05-07 09:46:53,619.95,4878844
2021-05-07 09:46:54,619.65,4878871
2021-05-07 09:46:55,619.7,4879288
2021-05-07 09:46:56,620.0,4879472
2021-05-07 09:46:57,620.0,4879474
2021-05-07 09:46:58,620.0,4879509
2021-05-07 09:46:59,620.0,4879556
2021-05-07 09:47:00,620.0,4879556
2021-05-07 09:47:01,620.0,4881161
2021-05-07 09:47:02,620.0,4881913
2021-05-07 09:47:03,620.0,4881950
2021-05-07 09:47:04,620.0,4882250
2021-05-07 09:47:05,620.0,4882255
2021-05-07 09:47:06,619.9,4882349
2021-05-07 09:47:07,620.0,4883282
2021-05-07 09:47:08,620.0,4883710
2021-05-07 09:47:09,620.0,4884225
2021-05-07 09:47:10,619.95,4884266
2021-05-07 09:47:11,620.0,4884366
2021-05-07 09:47:12,620.0,4884601
2021-05-07 09:47:13,619.8,4884809
2021-05-07 09:47:14,620.0,4886330
2021-05-07 09:47:15,620.0,4886664
2021-05-07 09:47:17,620.0,4887136
2021-05-07 09:47:18,619.8,4888281
2021-05-07 09:47:19,619.95,4889093
2021-05-07 09:47:20,619.95,4889331
2021-05-07 09:47:21,619.95,4889512
2021-05-07 09:47:22,619.95,4889529
2021-05-07 09:47:24,619.8,4891025
2021-05-07 09:47:25,619.8,4891450
2021-05-07 09:47:26,619.8,4891742
2021-05-07 09:47:27,619.8,4899343
2021-05-07 09:47:28,619.8,4899593
2021-05-07 09:47:29,619.8,4899963
2021-05-07 09:47:30,619.8,4900059
2021-05-07 09:47:31,619.65,4900151
2021-05-07 09:47:32,619.8,4900499
2021-05-07 09:47:33,619.8,4900641
2021-05-07 09:47:34,619.8,4901496
2021-05-07 09:47:35,619.8,4901582
2021-05-07 09:47:36,619.8,4902356
2021-05-07 09:47:38,619.8,4902523
2021-05-07 09:47:37,619.8,4902522
2021-05-07 09:47:39,619.8,4902873
2021-05-07 09:47:40,619.8,4903105
2021-05-07 09:47:41,619.8,4903433
2021-05-07 09:47:42,619.8,4903526
2021-05-07 09:47:43,619.8,4903937
2021-05-07 09:47:44,619.5,4904080
2021-05-07 09:47:45,619.8,4904131
2021-05-07 09:47:46,619.65,4905471
2021-05-07 09:47:47,619.75,4905546
2021-05-07 09:47:48,619.75,4905573
2021-05-07 09:47:50,619.8,4905737
2021-05-07 09:47:49,619.8,4905705
2021-05-07 09:47:52,619.8,4906247
2021-05-07 09:47:53,619.75,4906291
2021-05-07 09:47:54,619.75,4906384
2021-05-07 09:47:55,619.75,4906468
2021-05-07 09:47:56,619.75,4906682
2021-05-07 09:47:57,619.75,4907305
2021-05-07 09:47:58,619.8,4911430
2021-05-07 09:47:59,619.65,4911768
2021-05-07 09:48:00,619.55,4914556
2021-05-07 09:48:01,619.5,4914835
2021-05-07 09:48:02,619.5,4915931
2021-05-07 09:48:03,619.55,4916290
2021-05-07 09:48:04,619.65,4916337
2021-05-07 09:48:05,619.6,4917804
2021-05-07 09:48:06,619.5,4918012
2021-05-07 09:48:07,619.4,4921220
2021-05-07 09:48:08,619.4,4921374
2021-05-07 09:48:10,619.0,4933206
2021-05-07 09:48:12,618.9,4936750
2021-05-07 09:48:11,618.9,4936727
2021-05-07 09:48:13,618.85,4937179
2021-05-07 09:48:14,618.9,4937490
2021-05-07 09:48:15,618.55,4937651
2021-05-07 09:48:16,618.9,4937708
2021-05-07 09:48:17,618.9,4938299
2021-05-07 09:48:19,618.7,4939034
2021-05-07 09:48:19,619.2,4939078
2021-05-07 09:48:20,618.9,4939510
2021-05-07 09:48:21,618.85,4939819
2021-05-07 09:48:22,618.9,4939840
2021-05-07 09:48:24,618.85,4940070
2021-05-07 09:48:24,618.85,4940092
2021-05-07 09:48:25,619.0,4940288
2021-05-07 09:48:26,618.35,4943319
2021-05-07 09:48:27,618.35,4943391
2021-05-07 09:48:28,618.4,4944032
2021-05-07 09:48:30,618.5,4944153
2021-05-07 09:48:30,618.5,4944157
2021-05-07 09:48:31,618.5,4946062
2021-05-07 09:48:32,618.5,4949080
2021-05-07 09:48:33,618.5,4950537
2021-05-07 09:48:34,618.5,4950680
2021-05-07 09:48:36,618.8,4952755
2021-05-07 09:48:36,618.45,4952806
2021-05-07 09:48:37,618.95,4953646
2021-05-07 09:48:38,618.95,4953678
2021-05-07 09:48:39,618.95,4953840
2021-05-07 09:48:41,618.95,4954187
2021-05-07 09:48:41,618.95,4954189
2021-05-07 09:48:42,618.9,4955659
2021-05-07 09:48:43,618.9,4955726
2021-05-07 09:48:44,618.9,4957367
2021-05-07 09:48:46,618.95,4957993
2021-05-07 09:48:46,618.95,4958020
2021-05-07 09:48:47,618.95,4964199
2021-05-07 09:48:48,618.5,4969667
2021-05-07 09:48:49,618.7,4969894
2021-05-07 09:48:50,618.7,4969962
2021-05-07 09:48:51,618.85,4970494
2021-05-07 09:48:53,618.9,4971006
2021-05-07 09:48:54,618.85,4971429
2021-05-07 09:48:54,618.85,4971431
2021-05-07 09:48:55,618.95,4978765
2021-05-07 09:48:56,618.7,4978896
2021-05-07 09:48:57,618.8,4982316
2021-05-07 09:48:58,619.0,4982442
2021-05-07 09:48:59,619.0,4982929
2021-05-07 09:49:00,619.0,4983033
2021-05-07 09:49:02,618.9,4983149
2021-05-07 09:49:02,618.85,4983171
2021-05-07 09:49:03,618.9,4983448
2021-05-07 09:49:04,618.95,4983808
2021-05-07 09:49:05,618.9,4984030
2021-05-07 09:49:06,619.0,4984431
2021-05-07 09:49:08,618.85,4984844
2021-05-07 09:49:08,618.85,4984856
2021-05-07 09:49:09,619.0,4986493
2021-05-07 09:49:10,619.0,4987600
2021-05-07 09:49:11,618.85,4989653
2021-05-07 09:49:13,618.85,4989749
2021-05-07 09:49:13,618.95,4989751
2021-05-07 09:49:14,618.1,4998502
2021-05-07 09:49:15,618.1,5008423
2021-05-07 09:49:16,618.45,5011632
2021-05-07 09:49:17,618.55,5012152
2021-05-07 09:49:19,618.6,5012225
2021-05-07 09:49:19,618.6,5012221
2021-05-07 09:49:20,618.6,5012283
2021-05-07 09:49:21,618.6,5013194
2021-05-07 09:49:22,618.5,5013373
2021-05-07 09:49:24,618.5,5013563
2021-05-07 09:49:24,618.8,5013575
2021-05-07 09:49:25,618.8,5013648
2021-05-07 09:49:26,618.55,5013750
2021-05-07 09:49:27,618.5,5013768
2021-05-07 09:49:28,618.45,5013989
2021-05-07 09:49:29,618.5,5014213
2021-05-07 09:49:31,618.65,5014288
2021-05-07 09:49:32,619.0,5020713
2021-05-07 09:49:33,619.0,5021146
2021-05-07 09:49:33,619.0,5021148
2021-05-07 09:49:34,619.0,5021356
2021-05-07 09:49:35,619.45,5021862
2021-05-07 09:49:36,619.5,5021878
2021-05-07 09:49:37,619.5,5022086
2021-05-07 09:49:38,619.4,5022452
2021-05-07 09:49:39,619.1,5022716
2021-05-07 09:49:40,619.5,5023945
2021-05-07 09:49:43,619.5,5025637
2021-05-07 09:49:43,619.5,5025672
2021-05-07 09:49:44,619.65,5025891
2021-05-07 09:49:45,619.5,5026178
2021-05-07 09:49:46,619.2,5026389
2021-05-07 09:49:47,619.3,5026510
2021-05-07 09:49:48,619.3,5027589
2021-05-07 09:49:49,619.3,5027709
2021-05-07 09:49:51,619.15,5027771
2021-05-07 09:49:51,619.1,5027773
2021-05-07 09:49:52,619.4,5028327
2021-05-07 09:49:53,619.3,5028556
2021-05-07 09:49:54,619.6,5029632
2021-05-07 09:49:55,619.3,5029681
2021-05-07 09:49:56,619.3,5030958
2021-05-07 09:49:57,619.3,5031999
2021-05-07 09:49:58,619.3,5032417
2021-05-07 09:49:59,619.45,5032436
2021-05-07 09:50:00,619.2,5032606
2021-05-07 09:50:01,619.1,5032892
2021-05-07 09:50:02,619.3,5033223
2021-05-07 09:50:04,619.0,5034494
2021-05-07 09:50:05,619.0,5034507
2021-05-07 09:50:05,619.0,5034508
2021-05-07 09:50:06,619.25,5034566
2021-05-07 09:50:07,619.05,5034616
2021-05-07 09:50:08,619.1,5035295
2021-05-07 09:50:10,619.1,5035556
2021-05-07 09:50:10,619.2,5035665
2021-05-07 09:50:11,619.45,5035874
2021-05-07 09:50:12,619.3,5035963
2021-05-07 09:50:13,619.55,5039874
2021-05-07 09:50:14,619.4,5040002
2021-05-07 09:50:15,619.35,5040218
2021-05-07 09:50:16,619.35,5040330
2021-05-07 09:50:17,619.45,5040495
2021-05-07 09:50:18,619.5,5041049
2021-05-07 09:50:19,619.7,5041136
2021-05-07 09:50:21,619.7,5041502
2021-05-07 09:50:21,619.45,5041604
2021-05-07 09:50:22,619.7,5041706
2021-05-07 09:50:23,619.75,5041871
2021-05-07 09:50:25,619.7,5042432
2021-05-07 09:50:26,619.5,5043573
2021-05-07 09:50:26,619.5,5043573
2021-05-07 09:50:27,619.9,5043595
2021-05-07 09:50:28,619.5,5043649
2021-05-07 09:50:29,619.9,5043692
2021-05-07 09:50:30,619.85,5045486
2021-05-07 09:50:32,619.9,5045518
2021-05-07 09:50:33,619.95,5046785
2021-05-07 09:50:33,619.85,5046885
2021-05-07 09:50:34,620.0,5049426
2021-05-07 09:50:35,619.85,5049607
2021-05-07 09:50:36,619.9,5049609
2021-05-07 09:50:38,619.9,5050893
2021-05-07 09:50:39,620.0,5051705
2021-05-07 09:50:40,620.0,5052775
2021-05-07 09:50:41,619.95,5052911
2021-05-07 09:50:42,620.0,5053694
2021-05-07 09:50:43,620.1,5065986
2021-05-07 09:50:45,619.95,5066608
2021-05-07 09:50:45,619.5,5068693
2021-05-07 09:50:46,620.05,5069742
2021-05-07 09:50:48,619.95,5070205
2021-05-07 09:50:49,619.95,5070877
2021-05-07 09:50:49,619.95,5070872
2021-05-07 09:50:50,620.0,5071022
2021-05-07 09:50:51,619.95,5071177
2021-05-07 09:50:52,619.8,5071183
2021-05-07 09:50:53,619.95,5071232
2021-05-07 09:50:56,619.9,5071742
2021-05-07 09:50:57,619.95,5072026
2021-05-07 09:50:58,620.0,5073086
2021-05-07 09:50:58,619.85,5073106
2021-05-07 09:50:59,619.6,5073244
2021-05-07 09:51:00,619.8,5073378
2021-05-07 09:51:01,620.0,5075608
2021-05-07 09:51:02,619.9,5076600
2021-05-07 09:51:03,619.95,5076866
2021-05-07 09:51:05,619.5,5079615
2021-05-07 09:51:05,619.65,5079885
2021-05-07 09:51:07,619.5,5080899
2021-05-07 09:51:07,619.9,5081182
2021-05-07 09:51:08,619.9,5081214
2021-05-07 09:51:09,619.5,5082309
2021-05-07 09:51:10,619.75,5082310
2021-05-07 09:51:11,619.85,5082453
2021-05-07 09:51:12,619.9,5082630
2021-05-07 09:51:13,619.95,5082670
2021-05-07 09:51:14,619.65,5082738
2021-05-07 09:51:15,619.95,5083187
2021-05-07 09:51:16,619.6,5083676
2021-05-07 09:51:17,619.95,5083792
2021-05-07 09:51:18,619.85,5084593
2021-05-07 09:51:20,620.0,5085312
2021-05-07 09:51:21,619.8,5085344
2021-05-07 09:51:22,619.8,5085466
2021-05-07 09:51:22,619.8,5085466
2021-05-07 09:51:24,619.8,5085661
2021-05-07 09:51:25,619.8,5087066
2021-05-07 09:51:26,619.8,5087303
2021-05-07 09:51:28,619.65,5087845
2021-05-07 09:51:29,620.0,5088611
2021-05-07 09:51:29,620.0,5088612
2021-05-07 09:51:30,620.0,5088657
2021-05-07 09:51:31,620.0,5090291
2021-05-07 09:51:32,620.0,5090291
2021-05-07 09:51:33,619.95,5090329
2021-05-07 09:51:34,619.75,5090689
2021-05-07 09:51:35,619.75,5093430
2021-05-07 09:51:36,619.95,5093617
2021-05-07 09:51:37,620.2,5095178
2021-05-07 09:51:39,619.95,5095527
2021-05-07 09:51:40,619.8,5096212
2021-05-07 09:51:41,619.95,5096324
2021-05-07 09:51:42,619.75,5096447
2021-05-07 09:51:43,620.0,5096510
2021-05-07 09:51:44,619.75,5096727
2021-05-07 09:51:44,620.0,5096827
2021-05-07 09:51:45,619.95,5097401
2021-05-07 09:51:46,619.9,5097645
2021-05-07 09:51:47,620.15,5097945
2021-05-07 09:51:48,620.2,5098181
2021-05-07 09:51:49,620.25,5099556
2021-05-07 09:51:50,620.0,5099992
2021-05-07 09:51:51,620.0,5100138
2021-05-07 09:51:52,620.0,5100745
2021-05-07 09:51:53,619.9,5101165
2021-05-07 09:51:54,619.85,5101798
2021-05-07 09:51:56,620.0,5102810
2021-05-07 09:51:57,620.0,5104713
2021-05-07 09:51:58,619.5,5106212
2021-05-07 09:51:59,620.0,5107577
2021-05-07 09:52:00,619.9,5108175
2021-05-07 09:52:01,619.7,5108860
2021-05-07 09:52:02,619.9,5108983
2021-05-07 09:52:02,619.6,5108984
2021-05-07 09:52:03,619.95,5109146
2021-05-07 09:52:04,619.6,5110011
2021-05-07 09:52:05,619.9,5110029
2021-05-07 09:52:06,619.95,5110239
2021-05-07 09:52:08,619.7,5111796
2021-05-07 09:52:09,620.0,5112053
2021-05-07 09:52:10,620.0,5112240
2021-05-07 09:52:10,620.0,5112210
2021-05-07 09:52:11,620.0,5112951
2021-05-07 09:52:12,620.0,5113015
2021-05-07 09:52:13,619.5,5114477
2021-05-07 09:52:14,619.9,5114655
2021-05-07 09:52:15,619.85,5114812
2021-05-07 09:52:16,619.9,5114932
2021-05-07 09:52:18,619.9,5115472
2021-05-07 09:52:19,619.85,5115901
2021-05-07 09:52:20,620.0,5115934
2021-05-07 09:52:21,619.65,5116090
2021-05-07 09:52:22,620.0,5116385
2021-05-07 09:52:22,620.0,5116445
2021-05-07 09:52:23,619.8,5116561
2021-05-07 09:52:24,619.75,5116639
2021-05-07 09:52:25,620.1,5117403
2021-05-07 09:52:27,619.75,5117521
2021-05-07 09:52:29,619.75,5119332
2021-05-07 09:52:30,619.6,5122456
2021-05-07 09:52:30,619.6,5122750
2021-05-07 09:52:31,619.65,5123078
2021-05-07 09:52:32,619.75,5123359
2021-05-07 09:52:34,619.8,5123690
2021-05-07 09:52:35,619.85,5123907
2021-05-07 09:52:38,619.8,5124201
2021-05-07 09:52:38,619.7,5125090
2021-05-07 09:52:39,619.5,5125184
2021-05-07 09:52:40,619.5,5125517
2021-05-07 09:52:42,619.5,5125724
2021-05-07 09:52:43,619.25,5126096
2021-05-07 09:52:44,619.5,5126463
2021-05-07 09:52:44,619.5,5126463
2021-05-07 09:52:45,619.45,5126526
2021-05-07 09:52:46,619.45,5126649
2021-05-07 09:52:48,619.5,5127303
2021-05-07 09:52:49,619.5,5127395
2021-05-07 09:52:50,619.45,5127500
2021-05-07 09:52:51,619.5,5127525
2021-05-07 09:52:52,619.5,5127928
2021-05-07 09:52:52,619.45,5127833
2021-05-07 09:52:53,619.5,5128007
2021-05-07 09:52:54,619.5,5129272
2021-05-07 09:52:55,619.45,5129979
2021-05-07 09:52:56,619.5,5130141
2021-05-07 09:52:57,619.5,5130360
2021-05-07 09:52:59,619.5,5130425
2021-05-07 09:53:00,619.5,5130496
2021-05-07 09:53:01,619.1,5130870
2021-05-07 09:53:02,619.5,5131713
2021-05-07 09:53:03,619.45,5132390
2021-05-07 09:53:04,619.5,5132437
2021-05-07 09:53:05,619.45,5132601
2021-05-07 09:53:06,619.45,5132655
2021-05-07 09:53:08,619.5,5133036
2021-05-07 09:53:09,619.5,5133558
2021-05-07 09:53:11,619.5,5133913
2021-05-07 09:53:12,619.8,5140293
2021-05-07 09:53:13,619.5,5140727
2021-05-07 09:53:14,619.5,5140835
2021-05-07 09:53:15,619.8,5141188
2021-05-07 09:53:16,619.85,5141651
2021-05-07 09:53:16,619.85,5141646
2021-05-07 09:53:17,619.9,5141759
2021-05-07 09:53:19,619.75,5141779
2021-05-07 09:53:20,619.75,5141865
2021-05-07 09:53:21,619.75,5141870
2021-05-07 09:53:22,619.75,5141886
2021-05-07 09:53:23,619.7,5141929
2021-05-07 09:53:23,619.7,5142079
2021-05-07 09:53:24,619.65,5142192
2021-05-07 09:53:25,619.65,5142283
2021-05-07 09:53:26,619.7,5142592
2021-05-07 09:53:28,619.75,5143196
2021-05-07 09:53:29,619.8,5143269
2021-05-07 09:53:30,619.75,5143279
2021-05-07 09:53:31,619.8,5143453
2021-05-07 09:53:32,619.6,5143601
2021-05-07 09:53:33,619.5,5144101
2021-05-07 09:53:34,619.55,5144428
2021-05-07 09:53:34,619.75,5144438
2021-05-07 09:53:35,619.75,5144544
2021-05-07 09:53:37,619.9,5144917
2021-05-07 09:53:38,619.6,5145112
2021-05-07 09:53:39,619.8,5145222
2021-05-07 09:53:40,620.0,5145322
2021-05-07 09:53:41,619.7,5145523
2021-05-07 09:53:42,619.8,5145552
2021-05-07 09:53:43,620.0,5145589
2021-05-07 09:53:44,619.9,5145597
2021-05-07 09:53:45,619.9,5147301
2021-05-07 09:53:46,619.8,5147309
2021-05-07 09:53:47,619.9,5147387
2021-05-07 09:53:47,619.9,5147397
2021-05-07 09:53:48,619.9,5151139
2021-05-07 09:53:49,619.9,5151454
2021-05-07 09:53:50,619.85,5151458
2021-05-07 09:53:52,620.0,5151697
2021-05-07 09:53:53,620.0,5152093
2021-05-07 09:53:54,619.9,5152107
2021-05-07 09:53:55,620.0,5157945
2021-05-07 09:53:56,620.0,5158507
2021-05-07 09:53:57,619.85,5159829
2021-05-07 09:53:58,620.25,5160144
2021-05-07 09:53:58,620.25,5160144
2021-05-07 09:53:59,620.6,5165396
2021-05-07 09:54:00,620.0,5166969
2021-05-07 09:54:01,620.0,5167272
2021-05-07 09:54:03,619.85,5167579
2021-05-07 09:54:04,620.25,5167884
2021-05-07 09:54:05,620.2,5168073
2021-05-07 09:54:06,620.4,5168477
2021-05-07 09:54:06,620.4,5168510
2021-05-07 09:54:07,620.25,5168599
2021-05-07 09:54:08,620.0,5168664
2021-05-07 09:54:09,620.45,5169168
2021-05-07 09:54:10,620.6,5169521
2021-05-07 09:54:11,620.2,5169629
2021-05-07 09:54:13,620.55,5169853
2021-05-07 09:54:14,620.4,5170028
2021-05-07 09:54:15,620.15,5170731
2021-05-07 09:54:16,620.5,5171415
2021-05-07 09:54:17,620.6,5171708
2021-05-07 09:54:18,620.25,5172004
2021-05-07 09:54:19,620.25,5172390
2021-05-07 09:54:20,620.05,5172979
2021-05-07 09:54:20,620.1,5173103
2021-05-07 09:54:21,620.35,5173542
2021-05-07 09:54:23,620.05,5176048
2021-05-07 09:54:24,620.0,5177750
2021-05-07 09:54:25,620.0,5182408
2021-05-07 09:54:26,619.7,5186846
2021-05-07 09:54:27,619.6,5188530
2021-05-07 09:54:27,619.6,5188535
2021-05-07 09:54:28,619.85,5188713
2021-05-07 09:54:29,620.0,5188810
2021-05-07 09:54:30,619.95,5188883
2021-05-07 09:54:31,620.0,5189131
2021-05-07 09:54:32,619.45,5189511
2021-05-07 09:54:33,619.95,5189548
2021-05-07 09:54:35,619.9,5189669
2021-05-07 09:54:36,620.0,5189982
2021-05-07 09:54:37,620.0,5190143
2021-05-07 09:54:38,620.0,5190188
2021-05-07 09:54:39,619.9,5190319
2021-05-07 09:54:40,619.9,5190600
2021-05-07 09:54:41,620.0,5190955
2021-05-07 09:54:42,619.9,5191231
2021-05-07 09:54:42,620.0,5191262
2021-05-07 09:54:44,620.0,5191587
2021-05-07 09:54:45,619.95,5191630
2021-05-07 09:54:46,619.95,5191800
2021-05-07 09:54:47,619.95,5191889
2021-05-07 09:54:48,620.0,5192477
2021-05-07 09:54:49,619.95,5192752
2021-05-07 09:54:50,620.0,5193077
2021-05-07 09:54:51,619.8,5196108
2021-05-07 09:54:51,619.8,5196108
2021-05-07 09:54:53,619.6,5196659
2021-05-07 09:54:54,619.8,5197564
2021-05-07 09:54:55,619.6,5197622
2021-05-07 09:54:56,619.75,5197907
2021-05-07 09:54:58,619.95,5200500
2021-05-07 09:54:59,620.0,5200860
2021-05-07 09:55:00,619.8,5202293
2021-05-07 09:55:01,619.65,5203113
2021-05-07 09:55:02,620.0,5206272
2021-05-07 09:55:03,620.0,5209360
2021-05-07 09:55:04,619.95,5209697
2021-05-07 09:55:04,620.0,5209696
2021-05-07 09:55:06,619.95,5209877
2021-05-07 09:55:07,620.0,5210372
2021-05-07 09:55:08,620.1,5210535
2021-05-07 09:55:09,620.0,5212484
2021-05-07 09:55:10,620.0,5212712
2021-05-07 09:55:11,620.0,5212715
2021-05-07 09:55:12,620.0,5216172
2021-05-07 09:55:13,620.0,5216301
2021-05-07 09:55:14,620.0,5216498
2021-05-07 09:55:15,620.0,5217110
2021-05-07 09:55:16,620.0,5217872
2021-05-07 09:55:18,620.0,5219593
2021-05-07 09:55:19,620.0,5219830
2021-05-07 09:55:19,620.0,5219825
2021-05-07 09:55:21,620.0,5219987
2021-05-07 09:55:22,620.0,5220093
2021-05-07 09:55:23,620.0,5220230
2021-05-07 09:55:24,620.0,5220736
2021-05-07 09:55:25,619.95,5220910
2021-05-07 09:55:26,620.2,5221184
2021-05-07 09:55:27,620.2,5221271
2021-05-07 09:55:28,620.0,5223729
2021-05-07 09:55:28,620.0,5223732
2021-05-07 09:55:30,620.0,5223857
2021-05-07 09:55:31,620.0,5224021
2021-05-07 09:55:32,620.0,5224791
2021-05-07 09:55:33,620.0,5224982
2021-05-07 09:55:33,620.0,5224996
2021-05-07 09:55:35,619.95,5225109
2021-05-07 09:55:36,619.9,5225428
2021-05-07 09:55:37,619.85,5226083
2021-05-07 09:55:39,619.85,5227138
2021-05-07 09:55:40,619.8,5227164
2021-05-07 09:55:40,619.8,5227164
2021-05-07 09:55:42,620.0,5227655
2021-05-07 09:55:43,619.65,5228372
2021-05-07 09:55:44,619.95,5231935
2021-05-07 09:55:45,619.9,5231962
2021-05-07 09:55:45,619.85,5232562
2021-05-07 09:55:46,619.95,5233072
2021-05-07 09:55:47,619.95,5233130
2021-05-07 09:55:49,619.95,5233391
2021-05-07 09:55:50,619.8,5233527
2021-05-07 09:55:51,619.95,5233693
2021-05-07 09:55:53,619.95,5234246
2021-05-07 09:55:54,619.95,5234422
2021-05-07 09:55:55,619.9,5236026
2021-05-07 09:55:56,619.95,5236376
2021-05-07 09:55:56,619.95,5236406
2021-05-07 09:55:57,619.95,5236570
2021-05-07 09:55:59,619.95,5240307
2021-05-07 09:56:00,619.8,5240519
2021-05-07 09:56:01,619.9,5241267
2021-05-07 09:56:02,619.95,5241346
2021-05-07 09:56:03,619.9,5241354
2021-05-07 09:56:04,619.9,5241457
2021-05-07 09:56:04,619.9,5241471
2021-05-07 09:56:05,619.95,5241631
2021-05-07 09:56:07,619.95,5242269
2021-05-07 09:56:08,619.95,5245001
2021-05-07 09:56:09,620.0,5245208
2021-05-07 09:56:10,620.0,5245279
2021-05-07 09:56:11,620.0,5246445
2021-05-07 09:56:12,619.95,5246486
2021-05-07 09:56:12,620.0,5248543
2021-05-07 09:56:13,620.0,5248548
2021-05-07 09:56:15,620.0,5249361
2021-05-07 09:56:17,620.0,5249867
2021-05-07 09:56:18,619.8,5250882
2021-05-07 09:56:19,619.5,5253885
2021-05-07 09:56:20,619.8,5254244
2021-05-07 09:56:21,620.0,5254585
2021-05-07 09:56:22,619.85,5254683
2021-05-07 09:56:22,619.9,5254678
2021-05-07 09:56:24,619.8,5254960
2021-05-07 09:56:25,619.8,5255406
2021-05-07 09:56:26,619.8,5255455
2021-05-07 09:56:27,620.1,5259728
2021-05-07 09:56:27,620.1,5259728
2021-05-07 09:56:29,619.95,5259850
2021-05-07 09:56:30,619.85,5260892
2021-05-07 09:56:31,619.95,5261034
2021-05-07 09:56:32,619.85,5261551
2021-05-07 09:56:33,619.95,5261800
2021-05-07 09:56:34,619.55,5262071
2021-05-07 09:56:35,619.6,5262108
2021-05-07 09:56:35,619.95,5262408
2021-05-07 09:56:37,619.95,5262461
2021-05-07 09:56:38,619.95,5262715
2021-05-07 09:56:39,619.95,5262958
2021-05-07 09:56:40,619.85,5264718
2021-05-07 09:56:41,619.95,5265404
2021-05-07 09:56:42,619.9,5265624
2021-05-07 09:56:43,619.95,5265637
2021-05-07 09:56:44,619.85,5265721
2021-05-07 09:56:45,619.9,5265726
2021-05-07 09:56:47,619.8,5265935
2021-05-07 09:56:48,620.0,5266475
2021-05-07 09:56:49,620.0,5266889
2021-05-07 09:56:50,619.95,5267040
2021-05-07 09:56:51,619.95,5267056
2021-05-07 09:56:52,619.95,5267109
2021-05-07 09:56:53,619.95,5267146
2021-05-07 09:56:54,619.9,5267956
2021-05-07 09:56:55,619.95,5268258
2021-05-07 09:56:56,619.95,5268358
2021-05-07 09:56:57,619.8,5268703
2021-05-07 09:56:58,619.95,5268793
2021-05-07 09:56:59,619.95,5269396
2021-05-07 09:57:01,619.9,5269801
2021-05-07 09:57:00,619.95,5269400
2021-05-07 09:57:02,619.9,5269829
2021-05-07 09:57:03,619.9,5269846
2021-05-07 09:57:04,619.7,5270070
2021-05-07 09:57:05,619.85,5270276
2021-05-07 09:57:06,619.9,5270486
2021-05-07 09:57:07,619.9,5270574
2021-05-07 09:57:08,619.9,5271377
2021-05-07 09:57:09,619.6,5272441
2021-05-07 09:57:10,619.9,5272495
2021-05-07 09:57:11,619.95,5277668
2021-05-07 09:57:12,619.95,5277668
2021-05-07 09:57:13,619.95,5277740
2021-05-07 09:57:14,619.95,5277791
2021-05-07 09:57:15,619.9,5277976
2021-05-07 09:57:16,619.95,5278276
2021-05-07 09:57:17,619.95,5278406
2021-05-07 09:57:18,619.6,5278808
2021-05-07 09:57:19,619.95,5279099
2021-05-07 09:57:20,620.0,5279663
2021-05-07 09:57:21,620.0,5279890
2021-05-07 09:57:22,619.75,5280222
2021-05-07 09:57:23,619.75,5280222
2021-05-07 09:57:24,619.75,5280402
2021-05-07 09:57:25,619.7,5280504
2021-05-07 09:57:27,619.75,5280761
2021-05-07 09:57:28,619.95,5281025
2021-05-07 09:57:29,620.0,5281200
2021-05-07 09:57:30,620.0,5288421
2021-05-07 09:57:31,619.95,5288492
2021-05-07 09:57:32,620.0,5288597
2021-05-07 09:57:33,620.0,5288607
2021-05-07 09:57:35,619.95,5289293
2021-05-07 09:57:36,619.75,5289416
2021-05-07 09:57:37,619.95,5289506
2021-05-07 09:57:38,619.95,5289532
2021-05-07 09:57:40,619.9,5289706
2021-05-07 09:57:41,620.0,5290289
2021-05-07 09:57:42,620.0,5290407
2021-05-07 09:57:43,620.0,5290420
2021-05-07 09:57:44,619.9,5290563
2021-05-07 09:57:45,619.95,5290677
2021-05-07 09:57:46,619.95,5291141
2021-05-07 09:57:47,619.95,5291223
2021-05-07 09:57:48,619.9,5291706
2021-05-07 09:57:49,620.0,5291820
2021-05-07 09:57:50,620.0,5292747
2021-05-07 09:57:51,620.0,5292947
2021-05-07 09:57:53,620.0,5293009
2021-05-07 09:57:52,620.0,5292999
2021-05-07 09:57:54,619.95,5293904
2021-05-07 09:57:55,620.0,5294276
2021-05-07 09:57:56,620.0,5294322
2021-05-07 09:57:57,620.0,5294817
2021-05-07 09:57:58,620.0,5295083
2021-05-07 09:57:59,620.05,5295178
2021-05-07 09:58:00,620.2,5295960
2021-05-07 09:58:01,619.95,5296194
2021-05-07 09:58:02,620.0,5296308
2021-05-07 09:58:03,620.0,5296319
2021-05-07 09:58:04,620.0,5297016
2021-05-07 09:58:05,620.15,5297685
2021-05-07 09:58:06,620.0,5297888
2021-05-07 09:58:08,620.0,5298212
2021-05-07 09:58:09,620.0,5298966
2021-05-07 09:58:10,620.0,5299125
2021-05-07 09:58:11,620.25,5299267
2021-05-07 09:58:12,620.05,5299457
2021-05-07 09:58:13,620.0,5299617
2021-05-07 09:58:14,620.2,5299770
2021-05-07 09:58:15,620.15,5299818
2021-05-07 09:58:16,620.15,5299895
2021-05-07 09:58:17,620.15,5300028
2021-05-07 09:58:18,620.15,5300741
2021-05-07 09:58:19,620.2,5300842
2021-05-07 09:58:20,620.05,5300964
2021-05-07 09:58:21,620.25,5300992
2021-05-07 09:58:23,620.5,5302734
2021-05-07 09:58:22,620.35,5302595
2021-05-07 09:58:24,620.3,5302882
2021-05-07 09:58:25,620.25,5304974
2021-05-07 09:58:26,620.15,5305044
2021-05-07 09:58:27,620.35,5305394
2021-05-07 09:58:29,620.5,5305829
2021-05-07 09:58:30,620.55,5306256
2021-05-07 09:58:31,620.5,5306374
2021-05-07 09:58:32,620.3,5306557
2021-05-07 09:58:33,620.5,5306723
2021-05-07 09:58:34,620.45,5307139
2021-05-07 09:58:35,620.3,5307517
2021-05-07 09:58:36,620.3,5307692
2021-05-07 09:58:37,620.3,5307714
2021-05-07 09:58:38,620.3,5307776
2021-05-07 09:58:39,620.3,5307850
2021-05-07 09:58:40,620.3,5308010
2021-05-07 09:58:41,620.3,5308132
2021-05-07 09:58:42,620.45,5308197
2021-05-07 09:58:43,620.35,5311002
2021-05-07 09:58:44,620.3,5311875
2021-05-07 09:58:45,620.3,5312416
2021-05-07 09:58:46,620.5,5312644
2021-05-07 09:58:47,620.5,5312762
2021-05-07 09:58:48,620.55,5312943
2021-05-07 09:58:49,620.4,5320031
2021-05-07 09:58:50,620.3,5321342
2021-05-07 09:58:51,620.7,5322106
2021-05-07 09:58:52,620.5,5322372
2021-05-07 09:58:53,620.35,5322483
2021-05-07 09:58:55,620.3,5322907
2021-05-07 09:58:55,620.5,5322814
2021-05-07 09:58:56,620.35,5322979
2021-05-07 09:58:57,620.3,5326319
2021-05-07 09:58:58,620.3,5326935
2021-05-07 09:58:59,620.2,5329952
2021-05-07 09:59:02,620.1,5333081
2021-05-07 09:59:03,620.05,5333407
2021-05-07 09:59:03,620.25,5333461
2021-05-07 09:59:04,620.25,5333580
2021-05-07 09:59:05,620.2,5333617
2021-05-07 09:59:06,620.0,5341045
2021-05-07 09:59:07,620.15,5343399
2021-05-07 09:59:08,620.25,5343996
2021-05-07 09:59:09,620.0,5344652
2021-05-07 09:59:10,619.95,5345441
2021-05-07 09:59:11,620.0,5345665
2021-05-07 09:59:12,620.0,5347210
2021-05-07 09:59:13,620.0,5348129
2021-05-07 09:59:14,620.3,5349155
2021-05-07 09:59:16,619.95,5349321
2021-05-07 09:59:16,619.9,5349300
2021-05-07 09:59:18,619.85,5350860
2021-05-07 09:59:19,620.0,5351150
2021-05-07 09:59:20,620.3,5351251
2021-05-07 09:59:21,620.05,5351277
2021-05-07 09:59:22,620.0,5351492
2021-05-07 09:59:23,620.05,5351599
2021-05-07 09:59:24,620.1,5353756
2021-05-07 09:59:25,620.15,5354737
2021-05-07 09:59:26,620.5,5355905
2021-05-07 09:59:27,620.0,5356549
2021-05-07 09:59:29,620.05,5356820
2021-05-07 09:59:30,620.45,5356983
2021-05-07 09:59:31,620.05,5357126
2021-05-07 09:59:32,620.0,5357251
2021-05-07 09:59:33,620.4,5357404
2021-05-07 09:59:34,620.45,5358409
2021-05-07 09:59:35,620.4,5358713
2021-05-07 09:59:36,620.3,5358929
2021-05-07 09:59:37,620.0,5359230
2021-05-07 09:59:39,620.3,5359770
2021-05-07 09:59:39,620.05,5360249
2021-05-07 09:59:41,620.4,5362351
2021-05-07 09:59:42,620.05,5363415
2021-05-07 09:59:43,620.05,5363677
2021-05-07 09:59:44,620.0,5363926
2021-05-07 09:59:45,620.0,5364146
2021-05-07 09:59:46,620.2,5364321
2021-05-07 09:59:47,620.3,5365388
2021-05-07 09:59:48,620.05,5366292
2021-05-07 09:59:49,620.0,5366585
2021-05-07 09:59:50,620.3,5366885
2021-05-07 09:59:51,620.0,5367062
2021-05-07 09:59:52,620.2,5367140
2021-05-07 09:59:54,620.3,5367238
2021-05-07 09:59:55,620.25,5367299
2021-05-07 09:59:56,620.0,5367475
2021-05-07 09:59:57,620.3,5367960
2021-05-07 09:59:58,620.0,5368307
2021-05-07 10:00:00,620.0,5368492
2021-05-07 10:00:00,620.05,5368557
2021-05-07 10:00:01,620.0,5368956
2021-05-07 10:00:02,620.25,5369221
2021-05-07 10:00:03,620.05,5369627
2021-05-07 10:00:04,620.3,5370281
2021-05-07 10:00:05,620.3,5371323
2021-05-07 10:00:06,620.35,5371481
2021-05-07 10:00:07,620.65,5376773
2021-05-07 10:00:08,620.4,5376785
2021-05-07 10:00:09,620.5,5376879
2021-05-07 10:00:11,620.05,5377866
2021-05-07 10:00:12,620.0,5378452
2021-05-07 10:00:12,620.0,5378559
2021-05-07 10:00:13,620.0,5379451
2021-05-07 10:00:14,620.0,5380242
2021-05-07 10:00:15,620.0,5382389
2021-05-07 10:00:16,620.25,5383351
2021-05-07 10:00:17,620.3,5384097
2021-05-07 10:00:18,620.5,5384936
2021-05-07 10:00:20,619.95,5388204
2021-05-07 10:00:21,620.1,5388485
2021-05-07 10:00:23,620.25,5389081
2021-05-07 10:00:24,620.0,5389595
2021-05-07 10:00:25,620.0,5390089
2021-05-07 10:00:26,620.25,5390320
2021-05-07 10:00:28,620.2,5390993
2021-05-07 10:00:29,620.0,5391456
2021-05-07 10:00:29,620.0,5391407
2021-05-07 10:00:30,620.3,5391517
2021-05-07 10:00:31,620.25,5391806
2021-05-07 10:00:32,620.0,5391992
2021-05-07 10:00:33,620.0,5392186
2021-05-07 10:00:34,620.3,5392319
2021-05-07 10:00:35,620.3,5392641
2021-05-07 10:00:36,620.2,5392797
2021-05-07 10:00:37,620.25,5392930
2021-05-07 10:00:38,620.15,5393440
2021-05-07 10:00:39,620.15,5393780
2021-05-07 10:00:40,620.2,5395042
2021-05-07 10:00:41,620.3,5395842
2021-05-07 10:00:42,620.4,5396438
2021-05-07 10:00:43,620.05,5396760
2021-05-07 10:00:44,620.4,5397411
2021-05-07 10:00:46,620.2,5397644
2021-05-07 10:00:46,620.0,5397681
2021-05-07 10:00:47,620.0,5398168
2021-05-07 10:00:48,620.15,5398519
2021-05-07 10:00:51,620.35,5400504
2021-05-07 10:00:52,620.1,5400874
2021-05-07 10:00:53,620.05,5401067
2021-05-07 10:00:55,620.0,5401550
2021-05-07 10:00:56,620.35,5401913
2021-05-07 10:00:56,620.1,5401806
2021-05-07 10:00:57,620.4,5402396
2021-05-07 10:00:58,620.4,5402613
2021-05-07 10:00:59,620.45,5402678
2021-05-07 10:01:01,620.1,5403141
2021-05-07 10:01:02,620.45,5404237
2021-05-07 10:01:02,620.0,5404046
2021-05-07 10:01:03,620.4,5404535
2021-05-07 10:01:04,620.4,5404734
2021-05-07 10:01:06,620.0,5404926
2021-05-07 10:01:07,620.4,5405514
2021-05-07 10:01:07,620.05,5405644
2021-05-07 10:01:08,620.0,5406226
2021-05-07 10:01:09,620.4,5406935
2021-05-07 10:01:10,620.35,5407547
2021-05-07 10:01:12,620.0,5407840
2021-05-07 10:01:13,620.05,5408432
2021-05-07 10:01:13,620.05,5408538
2021-05-07 10:01:14,620.1,5408685
2021-05-07 10:01:15,620.25,5408763
2021-05-07 10:01:16,620.35,5409346
2021-05-07 10:01:17,620.35,5409361
2021-05-07 10:01:19,620.4,5409539
2021-05-07 10:01:20,620.0,5410973
2021-05-07 10:01:20,620.0,5410909
2021-05-07 10:01:21,620.35,5411269
2021-05-07 10:01:22,620.3,5412738
2021-05-07 10:01:24,620.3,5413719
2021-05-07 10:01:25,620.0,5414939
2021-05-07 10:01:25,620.0,5415239
2021-05-07 10:01:26,620.35,5415759
2021-05-07 10:01:27,620.35,5415896
2021-05-07 10:01:28,620.3,5415968
2021-05-07 10:01:30,620.25,5416316
2021-05-07 10:01:31,620.25,5416610
2021-05-07 10:01:31,620.0,5416676
2021-05-07 10:01:32,620.0,5417265
2021-05-07 10:01:33,620.05,5418571
2021-05-07 10:01:35,620.25,5419910
2021-05-07 10:01:36,620.1,5420121
2021-05-07 10:01:37,620.0,5420285
2021-05-07 10:01:38,620.05,5420416
2021-05-07 10:01:39,620.1,5420670
2021-05-07 10:01:41,620.25,5420987
2021-05-07 10:01:42,620.25,5421253
2021-05-07 10:01:43,620.0,5421434
2021-05-07 10:01:44,620.0,5421849
2021-05-07 10:01:46,620.3,5422578
2021-05-07 10:01:47,620.3,5423027
2021-05-07 10:01:47,620.4,5424753
2021-05-07 10:01:48,620.0,5425909
2021-05-07 10:01:49,620.0,5426494
2021-05-07 10:01:51,620.0,5426774
2021-05-07 10:01:52,620.05,5427243
2021-05-07 10:01:52,620.25,5427300
2021-05-07 10:01:53,620.35,5430385
2021-05-07 10:01:54,620.1,5432403
2021-05-07 10:01:55,620.05,5433365
2021-05-07 10:01:57,620.0,5434905
2021-05-07 10:01:58,620.3,5435667
2021-05-07 10:01:59,620.0,5436206
2021-05-07 10:02:00,620.35,5436591
2021-05-07 10:02:02,620.0,5438232
2021-05-07 10:02:03,619.9,5439352
2021-05-07 10:02:03,620.0,5439662
2021-05-07 10:02:04,620.3,5439807
2021-05-07 10:02:05,620.0,5439875
2021-05-07 10:02:06,620.2,5441030
2021-05-07 10:02:08,620.15,5441693
2021-05-07 10:02:09,620.25,5441965
2021-05-07 10:02:10,620.0,5442189
2021-05-07 10:02:10,620.0,5442162
2021-05-07 10:02:11,620.0,5442431
2021-05-07 10:02:12,620.35,5443091
2021-05-07 10:02:13,620.0,5443297
2021-05-07 10:02:15,620.0,5443400
2021-05-07 10:02:16,620.0,5443639
2021-05-07 10:02:16,620.15,5443779
2021-05-07 10:02:17,620.0,5444525
2021-05-07 10:02:18,620.05,5444698
2021-05-07 10:02:19,620.05,5445666
2021-05-07 10:02:20,620.05,5446404
2021-05-07 10:02:21,620.3,5446681
2021-05-07 10:02:23,620.3,5446810
2021-05-07 10:02:24,620.0,5447252
2021-05-07 10:02:24,620.35,5447158
2021-05-07 10:02:25,620.05,5447631
2021-05-07 10:02:26,620.0,5447807
2021-05-07 10:02:27,620.05,5448125
2021-05-07 10:02:29,619.95,5448310
2021-05-07 10:02:30,620.0,5448618
2021-05-07 10:02:30,619.9,5448665
2021-05-07 10:02:33,620.1,5450904
2021-05-07 10:02:35,620.0,5451691
2021-05-07 10:02:36,620.0,5452451
2021-05-07 10:02:36,619.8,5452552
2021-05-07 10:02:37,620.0,5452844
2021-05-07 10:02:38,620.0,5453310
2021-05-07 10:02:39,620.0,5453729
2021-05-07 10:02:40,620.0,5453917
2021-05-07 10:02:42,620.0,5455857
2021-05-07 10:02:43,620.0,5457224
2021-05-07 10:02:43,619.8,5457575
2021-05-07 10:02:44,619.95,5458016
2021-05-07 10:02:45,619.95,5458283
2021-05-07 10:02:46,619.95,5458520
2021-05-07 10:02:48,620.0,5459428
2021-05-07 10:02:49,620.0,5460310
2021-05-07 10:02:49,619.8,5460573
2021-05-07 10:02:50,619.8,5461276
2021-05-07 10:02:51,620.0,5461406
2021-05-07 10:02:52,620.0,5461489
2021-05-07 10:02:53,620.1,5461555
2021-05-07 10:02:55,620.0,5462066
2021-05-07 10:02:56,620.0,5463834
2021-05-07 10:02:56,620.0,5464349
2021-05-07 10:02:57,620.0,5465131
2021-05-07 10:02:58,619.8,5465675
2021-05-07 10:03:00,620.0,5466390
2021-05-07 10:03:01,620.0,5467082
2021-05-07 10:03:01,619.8,5467213
2021-05-07 10:03:02,619.8,5467822
2021-05-07 10:03:03,620.0,5468688
2021-05-07 10:03:05,619.75,5469460
2021-05-07 10:03:06,619.8,5470040
2021-05-07 10:03:06,619.95,5470127
2021-05-07 10:03:07,620.0,5475631
2021-05-07 10:03:10,619.75,5476847
2021-05-07 10:03:11,619.95,5478243
2021-05-07 10:03:12,619.9,5478846
2021-05-07 10:03:12,619.8,5479096
2021-05-07 10:03:13,619.8,5479339
2021-05-07 10:03:15,619.95,5482279
2021-05-07 10:03:16,620.0,5483300
2021-05-07 10:03:17,619.75,5485360
2021-05-07 10:03:17,620.0,5486214
2021-05-07 10:03:18,619.75,5486517
2021-05-07 10:03:20,620.0,5486941
2021-05-07 10:03:21,620.0,5487103
2021-05-07 10:03:22,620.0,5487465
2021-05-07 10:03:22,620.0,5487682
2021-05-07 10:03:23,619.9,5491473
2021-05-07 10:03:25,620.0,5493203
2021-05-07 10:03:26,619.9,5494393
2021-05-07 10:03:27,620.0,5495724
2021-05-07 10:03:27,620.0,5496151
2021-05-07 10:03:28,620.05,5496771
2021-05-07 10:03:29,620.0,5496891
2021-05-07 10:03:31,620.05,5499002
2021-05-07 10:03:32,620.0,5499184
2021-05-07 10:03:33,620.0,5500195
2021-05-07 10:03:33,620.0,5500444
2021-05-07 10:03:34,619.85,5501016
2021-05-07 10:03:36,619.95,5501470
2021-05-07 10:03:37,619.65,5501858
2021-05-07 10:03:38,619.65,5502173
2021-05-07 10:03:38,619.6,5502263
2021-05-07 10:03:39,619.65,5502380
2021-05-07 10:03:41,619.6,5502792
2021-05-07 10:03:42,619.95,5503044
2021-05-07 10:03:43,619.95,5503388
2021-05-07 10:03:43,619.55,5503495
2021-05-07 10:03:44,619.55,5504015
2021-05-07 10:03:45,619.9,5504313
2021-05-07 10:03:47,619.9,5504614
2021-05-07 10:03:48,619.9,5504905
2021-05-07 10:03:49,619.9,5505451
2021-05-07 10:03:49,619.65,5505545
2021-05-07 10:03:50,619.65,5505871
2021-05-07 10:03:51,620.0,5506108
2021-05-07 10:03:54,619.6,5506711
2021-05-07 10:03:55,619.55,5507229
2021-05-07 10:03:55,619.8,5507179
2021-05-07 10:03:56,619.9,5507542
2021-05-07 10:03:58,619.9,5508570
2021-05-07 10:03:59,619.95,5509088
2021-05-07 10:04:00,619.9,5509826
2021-05-07 10:04:00,619.9,5509672
2021-05-07 10:04:01,619.9,5509945
2021-05-07 10:04:03,620.0,5510433
2021-05-07 10:04:04,619.9,5511944
2021-05-07 10:04:05,619.9,5512357
2021-05-07 10:04:05,619.65,5512521
2021-05-07 10:04:07,620.0,5512908
2021-05-07 10:04:09,619.9,5513222
2021-05-07 10:04:10,619.9,5513394
2021-05-07 10:04:11,619.9,5513597
2021-05-07 10:04:11,619.9,5513630
2021-05-07 10:04:12,619.95,5513650
2021-05-07 10:04:13,619.9,5513833
2021-05-07 10:04:15,619.9,5514477
2021-05-07 10:04:16,619.9,5514798
2021-05-07 10:04:17,620.0,5515235
2021-05-07 10:04:17,620.0,5515370
2021-05-07 10:04:18,619.65,5516355
2021-05-07 10:04:20,620.0,5516614
2021-05-07 10:04:21,620.0,5516803
2021-05-07 10:04:22,620.0,5517022
2021-05-07 10:04:22,619.7,5517051
2021-05-07 10:04:23,619.9,5517172
2021-05-07 10:04:24,619.65,5517512
2021-05-07 10:04:26,619.9,5517962
2021-05-07 10:04:27,620.0,5518082
2021-05-07 10:04:28,619.75,5518574
2021-05-07 10:04:28,620.0,5518860
2021-05-07 10:04:29,619.7,5519321
2021-05-07 10:04:34,620.0,5520646
2021-05-07 10:04:34,619.7,5520709
2021-05-07 10:04:35,619.9,5520970
2021-05-07 10:04:37,619.9,5521134
2021-05-07 10:04:38,619.7,5521182
2021-05-07 10:04:39,619.65,5521737
2021-05-07 10:04:39,619.7,5522023
2021-05-07 10:04:40,619.65,5522755
2021-05-07 10:04:42,619.7,5523248
2021-05-07 10:04:45,619.95,5526366
2021-05-07 10:04:45,619.95,5526201
2021-05-07 10:04:46,619.85,5526908
2021-05-07 10:04:47,620.0,5527629
2021-05-07 10:04:49,620.0,5528050
2021-05-07 10:04:50,619.75,5528204
2021-05-07 10:04:51,619.8,5528637
2021-05-07 10:04:51,620.0,5528830
2021-05-07 10:04:52,619.95,5528880
2021-05-07 10:04:54,619.8,5529240
2021-05-07 10:04:56,619.95,5529713
2021-05-07 10:04:57,619.9,5529768
2021-05-07 10:04:59,619.7,5532328
2021-05-07 10:05:01,619.9,5540810
2021-05-07 10:05:02,619.8,5543011
2021-05-07 10:05:04,620.0,5543771
2021-05-07 10:05:06,620.1,5544835
2021-05-07 10:05:06,620.1,5544799
2021-05-07 10:05:07,620.05,5544897
2021-05-07 10:05:08,620.2,5545212
2021-05-07 10:05:10,620.2,5545444
2021-05-07 10:05:11,620.2,5546863
2021-05-07 10:05:12,620.0,5549399
2021-05-07 10:05:14,620.15,5549773
2021-05-07 10:05:15,620.0,5550691
2021-05-07 10:05:16,620.0,5550996
2021-05-07 10:05:17,620.0,5551394
2021-05-07 10:05:18,620.0,5551798
2021-05-07 10:05:20,620.0,5552045
2021-05-07 10:05:21,620.0,5552413
2021-05-07 10:05:22,620.1,5552605
2021-05-07 10:05:23,620.1,5552671
2021-05-07 10:05:23,620.0,5552675
2021-05-07 10:05:24,620.05,5552798
2021-05-07 10:05:26,620.05,5553189
2021-05-07 10:05:27,620.2,5553476
2021-05-07 10:05:28,620.1,5553954
2021-05-07 10:05:29,620.1,5554382
2021-05-07 10:05:29,620.2,5554464
2021-05-07 10:05:31,620.2,5555228
2021-05-07 10:05:32,620.0,5555728
2021-05-07 10:05:33,620.2,5555870
2021-05-07 10:05:34,620.0,5556680
2021-05-07 10:05:34,619.85,5556790
2021-05-07 10:05:36,620.15,5557175
2021-05-07 10:05:37,620.0,5557355
2021-05-07 10:05:38,619.85,5558041
2021-05-07 10:05:39,619.85,5559891
2021-05-07 10:05:40,619.8,5560729
2021-05-07 10:05:40,619.8,5560851
2021-05-07 10:05:42,620.15,5560901
