timestamp,ltp,volume
2021-04-06 09:16:29,1417.75,448267
2021-04-06 09:16:30,1418.25,448966
2021-04-06 09:16:31,1418.6,451960
2021-04-06 09:16:32,1418.6,452389
2021-04-06 09:16:34,1418.6,454177
2021-04-06 09:16:35,1418.6,455963
2021-04-06 09:16:36,1420.0,458386
2021-04-06 09:16:36,1419.6,458989
2021-04-06 09:16:37,1419.0,461167
2021-04-06 09:16:38,1419.7,461875
2021-04-06 09:16:39,1418.95,464469
2021-04-06 09:16:40,1418.7,465840
2021-04-06 09:16:41,1418.5,467891
2021-04-06 09:16:43,1418.85,468789
2021-04-06 09:16:44,1418.6,469481
2021-04-06 09:16:45,1419.4,469913
2021-04-06 09:16:46,1419.0,470903
2021-04-06 09:16:47,1419.3,476916
2021-04-06 09:16:48,1419.65,479409
2021-04-06 09:16:48,1419.1,479925
2021-04-06 09:16:49,1418.65,481110
2021-04-06 09:16:50,1418.6,483330
2021-04-06 09:16:51,1418.0,486640
2021-04-06 09:16:52,1418.65,489766
2021-04-06 09:16:53,1418.0,490221
2021-04-06 09:16:54,1418.5,490439
2021-04-06 09:16:56,1418.3,490940
2021-04-06 09:16:57,1418.35,494797
2021-04-06 09:16:58,1418.3,496063
2021-04-06 09:16:59,1418.3,497846
2021-04-06 09:17:00,1417.95,499691
2021-04-06 09:17:01,1417.8,501463
2021-04-06 09:17:02,1417.5,502156
2021-04-06 09:17:03,1417.2,502682
2021-04-06 09:17:04,1417.1,503674
2021-04-06 09:17:05,1417.1,504578
2021-04-06 09:17:05,1417.75,505092
2021-04-06 09:17:06,1418.0,506101
2021-04-06 09:17:07,1417.75,506667
2021-04-06 09:17:08,1417.1,507190
2021-04-06 09:17:09,1417.4,507471
2021-04-06 09:17:10,1416.2,511836
2021-04-06 09:17:11,1417.2,516052
2021-04-06 09:17:12,1416.2,517280
2021-04-06 09:17:13,1416.4,517394
2021-04-06 09:17:14,1416.05,521037
2021-04-06 09:17:15,1415.55,521944
2021-04-06 09:17:17,1416.1,523022
2021-04-06 09:17:18,1416.0,523434
2021-04-06 09:17:19,1416.4,527404
2021-04-06 09:17:19,1416.1,527411
2021-04-06 09:17:20,1416.1,528010
2021-04-06 09:17:21,1415.3,528886
2021-04-06 09:17:22,1415.55,529545
2021-04-06 09:17:23,1415.55,530418
2021-04-06 09:17:24,1416.0,531454
2021-04-06 09:17:25,1416.05,532093
2021-04-06 09:17:26,1416.0,532198
2021-04-06 09:17:27,1416.0,532539
2021-04-06 09:17:28,1415.55,532840
2021-04-06 09:17:30,1416.35,533421
2021-04-06 09:17:31,1416.35,535925
2021-04-06 09:17:32,1416.15,536212
2021-04-06 09:17:33,1416.15,536350
2021-04-06 09:17:34,1416.05,537280
2021-04-06 09:17:34,1416.05,537195
2021-04-06 09:17:35,1416.0,538639
2021-04-06 09:17:36,1416.0,538876
2021-04-06 09:17:37,1415.8,540229
2021-04-06 09:17:38,1416.05,541007
2021-04-06 09:17:39,1416.05,543234
2021-04-06 09:17:41,1416.0,545555
2021-04-06 09:17:42,1416.0,546348
2021-04-06 09:17:42,1415.55,546699
2021-04-06 09:17:44,1416.0,547439
2021-04-06 09:17:45,1415.5,550126
2021-04-06 09:17:45,1416.0,550326
2021-04-06 09:17:46,1415.65,550989
2021-04-06 09:17:47,1416.05,552254
2021-04-06 09:17:48,1416.0,554131
2021-04-06 09:17:49,1416.0,554988
2021-04-06 09:17:50,1416.0,555627
2021-04-06 09:17:51,1416.0,556925
2021-04-06 09:17:53,1416.05,559353
2021-04-06 09:17:54,1416.35,560980
2021-04-06 09:17:54,1416.35,560990
2021-04-06 09:17:55,1416.35,561988
2021-04-06 09:17:56,1416.35,562096
2021-04-06 09:17:57,1416.35,562899
2021-04-06 09:17:58,1416.25,563045
2021-04-06 09:17:59,1416.1,563450
2021-04-06 09:18:00,1415.75,567692
2021-04-06 09:18:02,1415.8,571701
2021-04-06 09:18:03,1416.0,574340
2021-04-06 09:18:04,1415.9,578167
2021-04-06 09:18:05,1415.25,579107
2021-04-06 09:18:06,1414.25,595967
2021-04-06 09:18:06,1415.15,597071
2021-04-06 09:18:07,1414.05,602562
2021-04-06 09:18:08,1414.0,608327
2021-04-06 09:18:09,1413.6,617106
2021-04-06 09:18:10,1412.6,619913
2021-04-06 09:18:11,1412.0,621306
2021-04-06 09:18:13,1412.25,628951
2021-04-06 09:18:14,1412.15,630379
2021-04-06 09:18:15,1412.75,632355
2021-04-06 09:18:15,1413.3,632376
2021-04-06 09:18:16,1413.25,634455
2021-04-06 09:18:17,1413.05,634644
2021-04-06 09:18:18,1413.0,635398
2021-04-06 09:18:19,1413.05,636978
2021-04-06 09:18:21,1413.0,639294
2021-04-06 09:18:22,1412.6,641407
2021-04-06 09:18:22,1412.55,641607
2021-04-06 09:18:23,1413.55,644250
2021-04-06 09:18:24,1412.6,645930
2021-04-06 09:18:25,1412.65,646205
2021-04-06 09:18:26,1413.05,647392
2021-04-06 09:18:27,1413.0,648453
2021-04-06 09:18:28,1413.0,650294
2021-04-06 09:18:29,1413.0,651018
2021-04-06 09:18:30,1413.65,651874
2021-04-06 09:18:32,1413.05,652283
2021-04-06 09:18:33,1413.6,652441
2021-04-06 09:18:34,1413.25,652788
2021-04-06 09:18:35,1413.05,653010
2021-04-06 09:18:36,1413.0,653356
2021-04-06 09:18:37,1413.3,654559
2021-04-06 09:18:37,1413.55,654560
2021-04-06 09:18:38,1413.6,654611
2021-04-06 09:18:39,1413.55,654751
2021-04-06 09:18:40,1413.35,654875
2021-04-06 09:18:42,1413.35,654927
2021-04-06 09:18:43,1413.35,655457
2021-04-06 09:18:44,1413.5,657247
2021-04-06 09:18:45,1413.6,657943
2021-04-06 09:18:45,1413.55,658168
2021-04-06 09:18:46,1413.5,658409
2021-04-06 09:18:47,1413.6,658520
2021-04-06 09:18:48,1413.6,658881
2021-04-06 09:18:49,1413.85,659266
2021-04-06 09:18:50,1414.0,659471
2021-04-06 09:18:52,1413.9,662115
2021-04-06 09:18:53,1413.85,663476
2021-04-06 09:18:54,1414.3,665876
2021-04-06 09:18:55,1414.3,666392
2021-04-06 09:18:56,1414.0,666393
2021-04-06 09:18:57,1414.0,666677
2021-04-06 09:18:58,1414.3,667198
2021-04-06 09:18:58,1414.0,667704
2021-04-06 09:18:59,1414.0,668641
2021-04-06 09:19:00,1414.0,672497
2021-04-06 09:19:01,1413.85,673861
2021-04-06 09:19:02,1413.8,675824
2021-04-06 09:19:03,1413.55,676541
2021-04-06 09:19:05,1413.6,676881
2021-04-06 09:19:06,1413.6,677086
2021-04-06 09:19:07,1413.3,677899
2021-04-06 09:19:08,1413.5,680125
2021-04-06 09:19:08,1413.85,681237
2021-04-06 09:19:10,1414.2,683972
2021-04-06 09:19:10,1414.0,681774
2021-04-06 09:19:11,1413.65,684342
2021-04-06 09:19:12,1413.9,684825
2021-04-06 09:19:13,1414.0,685276
2021-04-06 09:19:14,1414.0,685830
2021-04-06 09:19:15,1414.05,687095
2021-04-06 09:19:16,1414.0,688126
2021-04-06 09:19:18,1414.1,689627
2021-04-06 09:19:18,1414.1,688479
2021-04-06 09:19:19,1414.45,690069
2021-04-06 09:19:20,1414.3,690513
2021-04-06 09:19:21,1414.45,690615
2021-04-06 09:19:22,1414.1,690837
2021-04-06 09:19:23,1414.0,690970
2021-04-06 09:19:24,1414.1,692224
2021-04-06 09:19:25,1414.0,693170
2021-04-06 09:19:26,1414.1,694491
2021-04-06 09:19:27,1414.25,695306
2021-04-06 09:19:29,1414.15,695707
2021-04-06 09:19:30,1414.15,695743
2021-04-06 09:19:31,1414.3,696126
2021-04-06 09:19:32,1414.3,696400
2021-04-06 09:19:32,1414.3,696404
2021-04-06 09:19:33,1414.35,697551
2021-04-06 09:19:35,1414.35,698138
2021-04-06 09:19:36,1414.3,698886
2021-04-06 09:19:37,1414.1,699228
2021-04-06 09:19:37,1414.1,699780
2021-04-06 09:19:38,1414.25,699892
2021-04-06 09:19:39,1414.25,699906
2021-04-06 09:19:40,1414.2,699976
2021-04-06 09:19:42,1414.1,700943
2021-04-06 09:19:43,1414.15,701260
2021-04-06 09:19:44,1414.1,701927
2021-04-06 09:19:45,1414.2,702220
2021-04-06 09:19:46,1414.1,703667
2021-04-06 09:19:47,1414.0,706773
2021-04-06 09:19:48,1413.85,711499
2021-04-06 09:19:49,1413.6,717000
2021-04-06 09:19:50,1413.5,718998
2021-04-06 09:19:50,1413.55,720090
2021-04-06 09:19:51,1414.15,726446
2021-04-06 09:19:53,1414.0,727785
2021-04-06 09:19:54,1414.2,729038
2021-04-06 09:19:55,1414.2,732701
2021-04-06 09:19:56,1414.35,733637
2021-04-06 09:19:57,1414.4,733866
2021-04-06 09:19:58,1414.4,734727
2021-04-06 09:19:59,1414.2,734973
2021-04-06 09:19:59,1414.2,735091
2021-04-06 09:20:00,1414.05,736236
2021-04-06 09:20:01,1414.1,736467
2021-04-06 09:20:02,1414.05,737836
2021-04-06 09:20:03,1413.25,740450
2021-04-06 09:20:04,1413.2,741593
2021-04-06 09:20:05,1413.2,744480
2021-04-06 09:20:06,1413.1,744989
2021-04-06 09:20:07,1413.0,745933
2021-04-06 09:20:08,1413.05,746814
2021-04-06 09:20:10,1413.05,748084
2021-04-06 09:20:11,1413.5,749179
2021-04-06 09:20:12,1413.5,750148
2021-04-06 09:20:13,1413.75,750360
2021-04-06 09:20:14,1413.5,753021
2021-04-06 09:20:15,1413.5,753697
2021-04-06 09:20:16,1413.5,754090
2021-04-06 09:20:17,1413.55,755668
2021-04-06 09:20:17,1413.55,755680
2021-04-06 09:20:18,1413.4,757233
2021-04-06 09:20:19,1413.05,758314
2021-04-06 09:20:21,1413.0,759125
2021-04-06 09:20:22,1412.95,759330
2021-04-06 09:20:23,1412.6,760869
2021-04-06 09:20:24,1412.95,760904
2021-04-06 09:20:24,1413.0,762511
2021-04-06 09:20:25,1412.75,763077
2021-04-06 09:20:26,1412.3,764832
2021-04-06 09:20:27,1412.4,765172
2021-04-06 09:20:28,1412.45,765660
2021-04-06 09:20:29,1412.15,767315
2021-04-06 09:20:30,1412.8,767806
2021-04-06 09:20:32,1412.05,769205
2021-04-06 09:20:33,1412.0,773734
2021-04-06 09:20:34,1412.0,774068
2021-04-06 09:20:35,1411.7,778248
2021-04-06 09:20:35,1411.7,779098
2021-04-06 09:20:36,1411.4,780663
2021-04-06 09:20:37,1411.65,781461
2021-04-06 09:20:39,1411.0,782318
2021-04-06 09:20:40,1411.05,782329
2021-04-06 09:20:41,1411.0,783490
2021-04-06 09:20:42,1410.65,783670
2021-04-06 09:20:43,1411.0,784033
2021-04-06 09:20:44,1410.7,785359
2021-04-06 09:20:45,1411.0,785937
2021-04-06 09:20:46,1411.3,790171
2021-04-06 09:20:47,1411.25,790432
2021-04-06 09:20:48,1411.25,790579
2021-04-06 09:20:49,1411.65,790616
2021-04-06 09:20:50,1411.25,792375
2021-04-06 09:20:51,1411.8,792875
2021-04-06 09:20:51,1411.8,792875
2021-04-06 09:20:53,1412.35,794027
2021-04-06 09:20:54,1412.4,794199
2021-04-06 09:20:55,1412.8,794313
2021-04-06 09:20:56,1413.0,795440
2021-04-06 09:20:57,1412.2,796077
2021-04-06 09:20:58,1412.25,796286
2021-04-06 09:20:59,1412.25,796345
2021-04-06 09:21:00,1412.2,797191
2021-04-06 09:21:01,1412.1,797680
2021-04-06 09:21:01,1412.2,797613
2021-04-06 09:21:03,1412.15,799282
2021-04-06 09:21:04,1411.95,800516
2021-04-06 09:21:05,1412.0,800801
2021-04-06 09:21:06,1412.85,802251
2021-04-06 09:21:07,1412.0,803570
2021-04-06 09:21:07,1411.95,803750
2021-04-06 09:21:09,1412.35,803873
2021-04-06 09:21:10,1411.4,806088
2021-04-06 09:21:11,1411.65,807141
2021-04-06 09:21:12,1412.45,808216
2021-04-06 09:21:13,1412.1,808477
2021-04-06 09:21:14,1411.8,808712
2021-04-06 09:21:15,1411.9,809072
2021-04-06 09:21:16,1412.35,809270
2021-04-06 09:21:17,1412.25,809773
2021-04-06 09:21:18,1412.25,809818
2021-04-06 09:21:19,1412.25,809950
2021-04-06 09:21:20,1411.8,810263
2021-04-06 09:21:21,1411.9,810475
2021-04-06 09:21:22,1411.9,810639
2021-04-06 09:21:23,1412.25,812270
2021-04-06 09:21:24,1411.8,812470
2021-04-06 09:21:25,1412.1,812798
2021-04-06 09:21:26,1412.3,814472
2021-04-06 09:21:27,1412.3,814600
2021-04-06 09:21:27,1412.3,814600
2021-04-06 09:21:28,1412.3,814616
2021-04-06 09:21:29,1412.1,814967
2021-04-06 09:21:31,1412.05,815265
2021-04-06 09:21:32,1412.3,815652
2021-04-06 09:21:33,1412.25,815812
2021-04-06 09:21:34,1412.5,816955
2021-04-06 09:21:34,1412.1,815944
2021-04-06 09:21:35,1411.15,821635
2021-04-06 09:21:37,1411.3,822018
2021-04-06 09:21:38,1412.0,822753
2021-04-06 09:21:39,1412.35,822958
2021-04-06 09:21:40,1412.7,826309
2021-04-06 09:21:41,1412.1,827594
2021-04-06 09:21:42,1412.4,828262
2021-04-06 09:21:43,1412.55,828532
2021-04-06 09:21:44,1413.15,829141
2021-04-06 09:21:45,1412.4,829547
2021-04-06 09:21:46,1412.75,829927
2021-04-06 09:21:47,1412.7,830141
2021-04-06 09:21:48,1412.2,830342
2021-04-06 09:21:49,1412.2,833104
2021-04-06 09:21:49,1412.2,833170
2021-04-06 09:21:50,1411.5,833848
2021-04-06 09:21:52,1412.7,835217
2021-04-06 09:21:53,1412.75,835235
2021-04-06 09:21:54,1412.9,835877
2021-04-06 09:21:55,1412.85,836109
2021-04-06 09:21:56,1412.85,836757
2021-04-06 09:21:57,1413.1,837008
2021-04-06 09:21:58,1412.8,837178
2021-04-06 09:21:59,1412.55,838028
2021-04-06 09:21:59,1413.1,838038
2021-04-06 09:22:01,1413.1,838114
2021-04-06 09:22:02,1413.1,838287
2021-04-06 09:22:03,1413.5,838798
2021-04-06 09:22:04,1413.5,838940
2021-04-06 09:22:05,1413.25,839222
2021-04-06 09:22:05,1413.25,839222
2021-04-06 09:22:06,1413.85,840551
2021-04-06 09:22:07,1413.85,840841
2021-04-06 09:22:09,1413.85,841336
2021-04-06 09:22:10,1414.55,842731
2021-04-06 09:22:11,1414.5,842805
2021-04-06 09:22:12,1414.35,843401
2021-04-06 09:22:13,1414.15,844154
2021-04-06 09:22:14,1414.15,844694
2021-04-06 09:22:14,1414.1,844749
2021-04-06 09:22:16,1414.1,845027
2021-04-06 09:22:17,1414.05,845161
2021-04-06 09:22:18,1414.05,845167
2021-04-06 09:22:19,1414.05,845232
2021-04-06 09:22:20,1413.9,846463
2021-04-06 09:22:21,1413.55,846690
2021-04-06 09:22:22,1413.4,846936
2021-04-06 09:22:23,1413.4,847025
2021-04-06 09:22:24,1413.8,849372
2021-04-06 09:22:24,1412.9,849598
2021-04-06 09:22:25,1412.5,851030
2021-04-06 09:22:27,1413.75,855223
2021-04-06 09:22:28,1413.55,857240
2021-04-06 09:22:29,1413.7,858861
2021-04-06 09:22:30,1414.15,860956
2021-04-06 09:22:30,1413.9,860057
2021-04-06 09:22:32,1414.05,862157
2021-04-06 09:22:33,1414.45,864815
2021-04-06 09:22:34,1415.15,867647
2021-04-06 09:22:35,1415.05,867929
2021-04-06 09:22:36,1415.05,868139
2021-04-06 09:22:37,1415.05,868347
2021-04-06 09:22:37,1414.75,868557
2021-04-06 09:22:39,1415.05,869388
2021-04-06 09:22:40,1414.85,870310
2021-04-06 09:22:41,1414.85,870860
2021-04-06 09:22:42,1414.8,875461
2021-04-06 09:22:42,1414.8,875286
2021-04-06 09:22:44,1414.45,877286
2021-04-06 09:22:45,1415.2,879061
2021-04-06 09:22:46,1415.2,879162
2021-04-06 09:22:47,1415.0,881988
2021-04-06 09:22:48,1415.0,884540
2021-04-06 09:22:49,1415.05,884697
2021-04-06 09:22:50,1414.55,887043
2021-04-06 09:22:51,1415.0,887164
2021-04-06 09:22:52,1415.0,887507
2021-04-06 09:22:53,1415.0,887623
2021-04-06 09:22:54,1414.95,888604
2021-04-06 09:22:55,1413.95,893555
2021-04-06 09:22:56,1415.0,895917
2021-04-06 09:22:57,1415.0,899470
2021-04-06 09:22:58,1415.05,899945
2021-04-06 09:22:59,1415.05,901103
2021-04-06 09:23:00,1415.0,901115
2021-04-06 09:23:01,1415.0,901273
2021-04-06 09:23:02,1414.55,901315
2021-04-06 09:23:03,1415.0,901630
2021-04-06 09:23:04,1415.2,902440
2021-04-06 09:23:05,1415.2,902443
2021-04-06 09:23:06,1415.2,904511
2021-04-06 09:23:07,1415.0,904516
2021-04-06 09:23:08,1415.0,904516
2021-04-06 09:23:09,1415.2,904739
2021-04-06 09:23:10,1415.0,905350
2021-04-06 09:23:11,1415.0,905978
2021-04-06 09:23:12,1415.0,906120
2021-04-06 09:23:13,1415.0,906920
2021-04-06 09:23:14,1414.95,907385
2021-04-06 09:23:15,1414.95,909006
2021-04-06 09:23:16,1415.0,913774
2021-04-06 09:23:17,1415.0,914791
2021-04-06 09:23:18,1415.05,915793
2021-04-06 09:23:19,1415.3,915819
2021-04-06 09:23:20,1415.3,915937
2021-04-06 09:23:21,1415.05,916144
2021-04-06 09:23:22,1415.05,916913
2021-04-06 09:23:23,1415.3,917245
2021-04-06 09:23:24,1415.7,918427
2021-04-06 09:23:25,1415.35,918613
2021-04-06 09:23:26,1415.05,918773
2021-04-06 09:23:27,1415.2,919237
2021-04-06 09:23:28,1415.3,919526
2021-04-06 09:23:29,1415.25,919710
2021-04-06 09:23:31,1415.05,920927
2021-04-06 09:23:30,1415.05,920839
2021-04-06 09:23:32,1415.05,921445
2021-04-06 09:23:33,1415.35,922096
2021-04-06 09:23:34,1415.35,922503
2021-04-06 09:23:35,1415.05,922753
2021-04-06 09:23:36,1415.2,922975
2021-04-06 09:23:37,1415.15,923069
2021-04-06 09:23:38,1415.0,923201
2021-04-06 09:23:39,1415.35,923297
2021-04-06 09:23:40,1415.35,923300
2021-04-06 09:23:41,1415.35,923627
2021-04-06 09:23:42,1415.4,924577
2021-04-06 09:23:43,1415.3,924676
2021-04-06 09:23:44,1415.4,925287
2021-04-06 09:23:45,1415.35,927179
2021-04-06 09:23:46,1416.0,927526
2021-04-06 09:23:47,1415.8,927578
2021-04-06 09:23:48,1416.45,928276
2021-04-06 09:23:49,1416.45,928320
2021-04-06 09:23:50,1415.85,928550
2021-04-06 09:23:51,1416.0,928821
2021-04-06 09:23:52,1416.45,929061
2021-04-06 09:23:53,1416.45,929244
2021-04-06 09:23:54,1416.0,929255
2021-04-06 09:23:55,1417.05,931824
2021-04-06 09:23:56,1417.1,932556
2021-04-06 09:23:57,1417.95,933828
2021-04-06 09:23:58,1416.9,934197
2021-04-06 09:23:59,1417.3,934394
2021-04-06 09:24:00,1416.35,935755
2021-04-06 09:24:01,1416.35,935765
2021-04-06 09:24:02,1416.35,936344
2021-04-06 09:24:03,1416.45,936464
2021-04-06 09:24:04,1416.1,936465
2021-04-06 09:24:05,1417.0,938552
2021-04-06 09:24:06,1416.85,938802
2021-04-06 09:24:07,1417.0,939112
2021-04-06 09:24:08,1417.0,939175
2021-04-06 09:24:09,1417.0,939449
2021-04-06 09:24:10,1417.75,941622
2021-04-06 09:24:11,1417.75,941622
2021-04-06 09:24:12,1417.75,941819
2021-04-06 09:24:13,1417.2,943284
2021-04-06 09:24:14,1417.5,943488
2021-04-06 09:24:15,1417.8,943597
2021-04-06 09:24:16,1417.8,943870
2021-04-06 09:24:17,1417.5,944610
2021-04-06 09:24:18,1418.1,945808
2021-04-06 09:24:19,1418.0,945955
2021-04-06 09:24:20,1417.3,946087
2021-04-06 09:24:21,1418.5,949131
2021-04-06 09:24:22,1417.9,954451
2021-04-06 09:24:24,1418.0,957046
2021-04-06 09:24:23,1418.45,956946
2021-04-06 09:24:25,1418.4,957325
2021-04-06 09:24:26,1418.0,957590
2021-04-06 09:24:27,1418.0,958274
2021-04-06 09:24:28,1418.0,958499
2021-04-06 09:24:29,1418.05,958756
2021-04-06 09:24:30,1418.05,958756
2021-04-06 09:24:31,1418.05,959462
2021-04-06 09:24:32,1418.05,960222
2021-04-06 09:24:33,1418.0,960804
2021-04-06 09:24:35,1418.0,961399
2021-04-06 09:24:34,1418.45,961192
2021-04-06 09:24:36,1418.35,961962
2021-04-06 09:24:37,1418.05,963240
2021-04-06 09:24:38,1418.15,963927
2021-04-06 09:24:39,1418.15,964293
2021-04-06 09:24:40,1418.05,964626
2021-04-06 09:24:41,1418.05,965972
2021-04-06 09:24:42,1418.0,966088
2021-04-06 09:24:43,1418.05,966531
2021-04-06 09:24:44,1418.05,966615
2021-04-06 09:24:45,1418.0,967181
2021-04-06 09:24:46,1418.05,967845
2021-04-06 09:24:47,1418.05,968703
2021-04-06 09:24:48,1418.0,969419
2021-04-06 09:24:49,1418.05,969859
2021-04-06 09:24:50,1418.0,970272
2021-04-06 09:24:51,1418.0,970337
2021-04-06 09:24:52,1418.05,970892
2021-04-06 09:24:53,1418.25,971613
2021-04-06 09:24:54,1418.5,972095
2021-04-06 09:24:56,1418.5,972127
2021-04-06 09:24:57,1418.65,972932
2021-04-06 09:24:58,1419.7,975099
2021-04-06 09:24:58,1419.55,974444
2021-04-06 09:24:59,1419.1,975205
2021-04-06 09:25:00,1419.7,975633
2021-04-06 09:25:01,1419.7,976695
2021-04-06 09:25:02,1419.9,979191
2021-04-06 09:25:03,1420.0,979598
2021-04-06 09:25:05,1420.2,983256
2021-04-06 09:25:06,1420.0,984095
2021-04-06 09:25:07,1419.8,984139
2021-04-06 09:25:07,1419.8,984139
2021-04-06 09:25:08,1420.55,985633
2021-04-06 09:25:09,1420.0,985972
2021-04-06 09:25:10,1420.05,986323
2021-04-06 09:25:11,1420.05,986708
2021-04-06 09:25:12,1420.3,987468
2021-04-06 09:25:14,1420.0,987785
2021-04-06 09:25:14,1420.0,987835
2021-04-06 09:25:15,1420.0,988681
2021-04-06 09:25:16,1420.75,989428
2021-04-06 09:25:17,1420.85,990399
2021-04-06 09:25:18,1420.65,991309
2021-04-06 09:25:20,1420.9,992792
2021-04-06 09:25:21,1420.3,993028
2021-04-06 09:25:21,1420.3,993028
2021-04-06 09:25:22,1420.75,994668
2021-04-06 09:25:23,1420.75,994702
2021-04-06 09:25:24,1420.9,995075
2021-04-06 09:25:25,1420.9,996042
2021-04-06 09:25:27,1420.75,998589
2021-04-06 09:25:27,1421.0,998890
2021-04-06 09:25:28,1421.0,999446
2021-04-06 09:25:29,1420.55,999944
2021-04-06 09:25:30,1420.4,999966
2021-04-06 09:25:31,1420.55,1000082
2021-04-06 09:25:33,1420.05,1000369
2021-04-06 09:25:33,1420.55,1000368
2021-04-06 09:25:34,1420.55,1000732
2021-04-06 09:25:35,1420.55,1001147
2021-04-06 09:25:36,1420.55,1001633
2021-04-06 09:25:37,1420.75,1002044
2021-04-06 09:25:38,1420.9,1004096
2021-04-06 09:25:40,1420.9,1004417
2021-04-06 09:25:40,1420.7,1004527
2021-04-06 09:25:41,1420.7,1005094
2021-04-06 09:25:42,1420.9,1005488
2021-04-06 09:25:43,1420.9,1006038
2021-04-06 09:25:44,1420.5,1007936
2021-04-06 09:25:45,1420.5,1010912
2021-04-06 09:25:47,1420.75,1011365
2021-04-06 09:25:48,1420.75,1011650
2021-04-06 09:25:48,1420.75,1011647
2021-04-06 09:25:49,1420.7,1012448
2021-04-06 09:25:50,1420.85,1013120
2021-04-06 09:25:51,1420.0,1013511
2021-04-06 09:25:52,1420.5,1013999
2021-04-06 09:25:53,1419.75,1016920
2021-04-06 09:25:54,1419.55,1017878
2021-04-06 09:25:55,1419.5,1018536
2021-04-06 09:25:56,1418.8,1019230
2021-04-06 09:25:57,1418.8,1019630
2021-04-06 09:25:59,1418.8,1020332
2021-04-06 09:25:59,1418.8,1020332
2021-04-06 09:26:00,1418.8,1020647
2021-04-06 09:26:01,1418.45,1020851
2021-04-06 09:26:02,1418.25,1021824
2021-04-06 09:26:03,1418.4,1021912
2021-04-06 09:26:04,1419.4,1022026
2021-04-06 09:26:05,1419.0,1022264
2021-04-06 09:26:06,1419.0,1022450
2021-04-06 09:26:07,1419.0,1022884
2021-04-06 09:26:08,1419.0,1023157
2021-04-06 09:26:09,1418.75,1023485
2021-04-06 09:26:10,1418.85,1023856
2021-04-06 09:26:11,1418.7,1024029
2021-04-06 09:26:12,1418.75,1024110
2021-04-06 09:26:13,1418.8,1024448
2021-04-06 09:26:15,1419.4,1025862
2021-04-06 09:26:15,1419.4,1025862
2021-04-06 09:26:16,1419.1,1026092
2021-04-06 09:26:17,1418.7,1026238
2021-04-06 09:26:18,1418.25,1032358
2021-04-06 09:26:19,1418.3,1032530
2021-04-06 09:26:20,1419.1,1032894
2021-04-06 09:26:21,1418.7,1033144
2021-04-06 09:26:22,1419.2,1033266
2021-04-06 09:26:23,1419.2,1033376
2021-04-06 09:26:24,1420.15,1054255
2021-04-06 09:26:25,1419.95,1054371
2021-04-06 09:26:26,1419.9,1054423
2021-04-06 09:26:27,1420.1,1054527
2021-04-06 09:26:28,1420.55,1054566
2021-04-06 09:26:29,1420.55,1054856
2021-04-06 09:26:30,1420.5,1055488
2021-04-06 09:26:32,1420.2,1076591
2021-04-06 09:26:33,1420.25,1077041
2021-04-06 09:26:33,1420.25,1077041
2021-04-06 09:26:34,1420.35,1077451
2021-04-06 09:26:35,1420.85,1077691
2021-04-06 09:26:36,1420.8,1078158
2021-04-06 09:26:37,1420.8,1078730
2021-04-06 09:26:39,1420.8,1079050
2021-04-06 09:26:39,1420.8,1079262
2021-04-06 09:26:40,1420.05,1079563
2021-04-06 09:26:41,1420.5,1079677
2021-04-06 09:26:42,1420.8,1080222
2021-04-06 09:26:44,1420.85,1080652
2021-04-06 09:26:44,1420.55,1080792
2021-04-06 09:26:45,1420.6,1081147
2021-04-06 09:26:46,1420.7,1081556
2021-04-06 09:26:47,1420.8,1082903
2021-04-06 09:26:48,1421.0,1083321
2021-04-06 09:26:49,1420.9,1083623
2021-04-06 09:26:51,1421.0,1085803
2021-04-06 09:26:52,1421.0,1086303
2021-04-06 09:26:53,1420.35,1086524
2021-04-06 09:26:53,1420.35,1086574
2021-04-06 09:26:54,1420.5,1086783
2021-04-06 09:26:55,1420.85,1087234
2021-04-06 09:26:56,1421.0,1088553
2021-04-06 09:26:57,1421.0,1088891
2021-04-06 09:26:58,1420.5,1088913
2021-04-06 09:27:00,1420.9,1089295
2021-04-06 09:27:00,1420.9,1089476
2021-04-06 09:27:01,1420.9,1089691
2021-04-06 09:27:02,1420.9,1089804
2021-04-06 09:27:03,1420.55,1090617
2021-04-06 09:27:05,1420.8,1090683
2021-04-06 09:27:06,1420.75,1090850
2021-04-06 09:27:07,1420.45,1092063
2021-04-06 09:27:07,1420.45,1092063
2021-04-06 09:27:08,1420.45,1092163
2021-04-06 09:27:09,1420.0,1092329
2021-04-06 09:27:10,1419.55,1094206
2021-04-06 09:27:12,1419.75,1094533
2021-04-06 09:27:13,1419.75,1094680
2021-04-06 09:27:13,1419.7,1094755
2021-04-06 09:27:14,1419.2,1094916
2021-04-06 09:27:15,1419.65,1095239
2021-04-06 09:27:16,1419.6,1095498
2021-04-06 09:27:17,1419.6,1095760
2021-04-06 09:27:19,1419.6,1095782
2021-04-06 09:27:20,1419.25,1096235
2021-04-06 09:27:20,1419.25,1096235
2021-04-06 09:27:21,1419.3,1096352
2021-04-06 09:27:22,1419.35,1096498
2021-04-06 09:27:24,1419.3,1096662
2021-04-06 09:27:25,1419.9,1096720
2021-04-06 09:27:25,1419.9,1096859
2021-04-06 09:27:26,1419.75,1097181
2021-04-06 09:27:27,1419.7,1097334
2021-04-06 09:27:29,1419.25,1097415
2021-04-06 09:27:30,1419.9,1097737
2021-04-06 09:27:30,1419.75,1097744
2021-04-06 09:27:31,1419.45,1099471
2021-04-06 09:27:32,1419.0,1099686
2021-04-06 09:27:33,1419.45,1099965
2021-04-06 09:27:34,1419.45,1100027
2021-04-06 09:27:36,1419.45,1100067
2021-04-06 09:27:37,1419.5,1100167
2021-04-06 09:27:38,1419.45,1100232
2021-04-06 09:27:38,1419.45,1100232
2021-04-06 09:27:39,1419.55,1100733
2021-04-06 09:27:40,1419.55,1100835
2021-04-06 09:27:41,1419.45,1101082
2021-04-06 09:27:42,1419.2,1101137
2021-04-06 09:27:44,1419.0,1102887
2021-04-06 09:27:45,1419.0,1103165
2021-04-06 09:27:45,1418.75,1103662
2021-04-06 09:27:46,1418.75,1103964
2021-04-06 09:27:47,1418.75,1104134
2021-04-06 09:27:48,1418.5,1104637
2021-04-06 09:27:50,1418.1,1105049
2021-04-06 09:27:51,1418.35,1106348
2021-04-06 09:27:51,1418.35,1106348
2021-04-06 09:27:52,1418.3,1107861
2021-04-06 09:27:53,1417.95,1107972
2021-04-06 09:27:54,1418.0,1111459
2021-04-06 09:27:55,1417.4,1112562
2021-04-06 09:27:57,1417.9,1112644
2021-04-06 09:27:58,1417.85,1112759
2021-04-06 09:27:58,1417.85,1112768
2021-04-06 09:27:59,1417.75,1113024
2021-04-06 09:28:00,1417.2,1113356
2021-04-06 09:28:01,1417.75,1113411
2021-04-06 09:28:03,1417.15,1113861
2021-04-06 09:28:04,1417.1,1114000
2021-04-06 09:28:04,1417.2,1113991
2021-04-06 09:28:05,1417.1,1115828
2021-04-06 09:28:06,1416.4,1119126
2021-04-06 09:28:08,1416.3,1119238
2021-04-06 09:28:09,1416.0,1119799
2021-04-06 09:28:09,1416.3,1119868
2021-04-06 09:28:10,1416.2,1120397
2021-04-06 09:28:11,1416.75,1123783
2021-04-06 09:28:13,1417.0,1123850
2021-04-06 09:28:14,1417.0,1124231
2021-04-06 09:28:14,1417.0,1124231
2021-04-06 09:28:15,1416.35,1124377
2021-04-06 09:28:16,1416.35,1125292
2021-04-06 09:28:18,1416.35,1125292
2021-04-06 09:28:19,1415.5,1126104
2021-04-06 09:28:19,1415.5,1126104
2021-04-06 09:28:20,1415.95,1126173
2021-04-06 09:28:21,1416.4,1126564
2021-04-06 09:28:23,1416.05,1126819
2021-04-06 09:28:24,1416.4,1126848
2021-04-06 09:28:25,1416.9,1127370
2021-04-06 09:28:25,1416.4,1127170
2021-04-06 09:28:26,1416.7,1128471
2021-04-06 09:28:27,1416.55,1128641
2021-04-06 09:28:28,1416.15,1128941
2021-04-06 09:28:30,1416.8,1129177
2021-04-06 09:28:31,1416.65,1129550
2021-04-06 09:28:31,1416.65,1129546
2021-04-06 09:28:32,1416.75,1130875
2021-04-06 09:28:33,1416.45,1131480
2021-04-06 09:28:34,1416.2,1131998
2021-04-06 09:28:36,1416.7,1132131
2021-04-06 09:28:37,1416.8,1132487
2021-04-06 09:28:37,1416.75,1132987
2021-04-06 09:28:38,1416.75,1132987
2021-04-06 09:28:39,1416.1,1134020
2021-04-06 09:28:40,1416.15,1134100
2021-04-06 09:28:41,1416.55,1134577
2021-04-06 09:28:42,1416.55,1134585
2021-04-06 09:28:44,1416.6,1134765
2021-04-06 09:28:45,1416.6,1134824
2021-04-06 09:28:45,1416.4,1134826
2021-04-06 09:28:46,1416.6,1134941
2021-04-06 09:28:47,1416.75,1135596
2021-04-06 09:28:49,1416.7,1135943
2021-04-06 09:28:50,1416.7,1136263
2021-04-06 09:28:50,1416.8,1136264
2021-04-06 09:28:51,1417.25,1136314
2021-04-06 09:28:52,1417.2,1136322
2021-04-06 09:28:53,1417.2,1136377
2021-04-06 09:28:55,1417.0,1136774
2021-04-06 09:28:56,1417.35,1136930
2021-04-06 09:28:56,1417.35,1137000
2021-04-06 09:28:57,1417.25,1137010
2021-04-06 09:28:58,1417.3,1137092
2021-04-06 09:29:00,1417.2,1137495
2021-04-06 09:29:01,1417.2,1137661
2021-04-06 09:29:01,1417.2,1137661
2021-04-06 09:29:02,1416.65,1137684
2021-04-06 09:29:03,1417.2,1137875
2021-04-06 09:29:05,1417.1,1138002
2021-04-06 09:29:06,1417.0,1138059
2021-04-06 09:29:06,1416.95,1138060
2021-04-06 09:29:07,1416.6,1139044
2021-04-06 09:29:08,1416.35,1139174
2021-04-06 09:29:09,1416.3,1139457
2021-04-06 09:29:11,1416.1,1140045
2021-04-06 09:29:12,1415.95,1140103
2021-04-06 09:29:12,1415.95,1140303
2021-04-06 09:29:13,1416.1,1140556
2021-04-06 09:29:14,1416.6,1140938
2021-04-06 09:29:16,1416.45,1141104
2021-04-06 09:29:17,1416.65,1141320
2021-04-06 09:29:18,1416.55,1141600
2021-04-06 09:29:18,1416.55,1141600
2021-04-06 09:29:19,1417.0,1149373
2021-04-06 09:29:21,1417.1,1149546
2021-04-06 09:29:22,1417.0,1149551
2021-04-06 09:29:23,1417.0,1150404
2021-04-06 09:29:23,1417.05,1150411
2021-04-06 09:29:24,1417.25,1151427
2021-04-06 09:29:26,1417.0,1151964
2021-04-06 09:29:27,1417.15,1152997
2021-04-06 09:29:28,1417.15,1153145
2021-04-06 09:29:28,1417.0,1153288
2021-04-06 09:29:29,1417.0,1153289
2021-04-06 09:29:31,1417.0,1153289
2021-04-06 09:29:32,1417.15,1153406
2021-04-06 09:29:33,1417.1,1153688
2021-04-06 09:29:33,1417.1,1153688
2021-04-06 09:29:34,1417.05,1153801
2021-04-06 09:29:36,1417.0,1153899
2021-04-06 09:29:37,1417.4,1154262
2021-04-06 09:29:38,1417.4,1154469
2021-04-06 09:29:38,1417.4,1154469
2021-04-06 09:29:39,1417.4,1154485
2021-04-06 09:29:40,1417.4,1154505
2021-04-06 09:29:42,1417.4,1154550
2021-04-06 09:29:43,1417.25,1154551
2021-04-06 09:29:44,1417.2,1154568
2021-04-06 09:29:44,1417.25,1154565
2021-04-06 09:29:45,1417.2,1154646
2021-04-06 09:29:47,1417.75,1160141
2021-04-06 09:29:48,1417.75,1162590
2021-04-06 09:29:49,1417.75,1162705
2021-04-06 09:29:50,1417.95,1162719
2021-04-06 09:29:51,1418.0,1165952
2021-04-06 09:29:51,1418.0,1165952
2021-04-06 09:29:52,1418.45,1166125
2021-04-06 09:29:54,1418.15,1166647
2021-04-06 09:29:55,1418.7,1168272
2021-04-06 09:29:56,1418.5,1169012
2021-04-06 09:29:57,1419.2,1169159
2021-04-06 09:29:58,1418.9,1169290
2021-04-06 09:29:59,1418.9,1169342
2021-04-06 09:29:59,1418.45,1169340
2021-04-06 09:30:00,1418.9,1169381
2021-04-06 09:30:02,1418.6,1169643
2021-04-06 09:30:03,1418.75,1170542
2021-04-06 09:30:04,1418.75,1170903
2021-04-06 09:30:04,1418.7,1171003
2021-04-06 09:30:05,1419.0,1173466
2021-04-06 09:30:06,1419.4,1174065
2021-04-06 09:30:08,1418.8,1174954
2021-04-06 09:30:09,1419.4,1175417
2021-04-06 09:30:10,1419.4,1175519
2021-04-06 09:30:11,1418.75,1176179
2021-04-06 09:30:12,1419.15,1176210
2021-04-06 09:30:13,1419.15,1176393
2021-04-06 09:30:13,1419.0,1176403
2021-04-06 09:30:14,1419.0,1176403
2021-04-06 09:30:15,1418.9,1176511
2021-04-06 09:30:16,1418.9,1176544
2021-04-06 09:30:17,1419.2,1178243
2021-04-06 09:30:19,1418.7,1178493
2021-04-06 09:30:20,1418.65,1179112
2021-04-06 09:30:21,1418.6,1179437
2021-04-06 09:30:21,1418.6,1179437
2021-04-06 09:30:22,1418.75,1179792
2021-04-06 09:30:24,1418.95,1180525
2021-04-06 09:30:25,1418.2,1180987
2021-04-06 09:30:26,1418.7,1181414
2021-04-06 09:30:26,1418.7,1181414
2021-04-06 09:30:27,1418.7,1181844
2021-04-06 09:30:28,1418.4,1181856
2021-04-06 09:30:29,1418.55,1182150
2021-04-06 09:30:31,1418.6,1182360
2021-04-06 09:30:32,1418.85,1184138
2021-04-06 09:30:33,1418.85,1184358
2021-04-06 09:30:34,1419.0,1184697
2021-04-06 09:30:35,1418.85,1184865
2021-04-06 09:30:36,1418.8,1185081
2021-04-06 09:30:37,1419.05,1185174
2021-04-06 09:30:38,1419.4,1185574
2021-04-06 09:30:38,1419.4,1185574
2021-04-06 09:30:39,1419.0,1185735
2021-04-06 09:30:41,1418.9,1185824
2021-04-06 09:30:42,1418.9,1186142
2021-04-06 09:30:43,1419.45,1186296
2021-04-06 09:30:43,1419.4,1186305
2021-04-06 09:30:44,1419.45,1186498
2021-04-06 09:30:45,1419.1,1186612
2021-04-06 09:30:47,1419.5,1187569
2021-04-06 09:30:48,1419.7,1187867
2021-04-06 09:30:49,1419.7,1188355
2021-04-06 09:30:49,1419.45,1188360
2021-04-06 09:30:50,1419.65,1188668
2021-04-06 09:30:52,1419.25,1188826
2021-04-06 09:30:53,1419.6,1190070
2021-04-06 09:30:54,1419.95,1190693
2021-04-06 09:30:54,1419.5,1190694
2021-04-06 09:30:55,1419.8,1197017
2021-04-06 09:30:57,1419.55,1197062
2021-04-06 09:30:58,1420.0,1199154
2021-04-06 09:30:59,1420.25,1199429
2021-04-06 09:30:59,1420.6,1199469
2021-04-06 09:31:00,1420.9,1199780
2021-04-06 09:31:02,1421.0,1201091
2021-04-06 09:31:03,1420.35,1203187
2021-04-06 09:31:04,1420.5,1203423
2021-04-06 09:31:04,1420.5,1203422
2021-04-06 09:31:05,1420.0,1205518
2021-04-06 09:31:07,1420.65,1206097
2021-04-06 09:31:08,1420.65,1206678
2021-04-06 09:31:09,1420.1,1207002
2021-04-06 09:31:09,1420.05,1207454
2021-04-06 09:31:10,1420.0,1208084
2021-04-06 09:31:12,1420.5,1208128
2021-04-06 09:31:13,1419.75,1208607
2021-04-06 09:31:14,1420.6,1208811
2021-04-06 09:31:15,1419.85,1210433
2021-04-06 09:31:15,1420.3,1210454
2021-04-06 09:31:16,1420.1,1210676
2021-04-06 09:31:18,1420.3,1210959
2021-04-06 09:31:19,1421.0,1212349
2021-04-06 09:31:20,1420.05,1212889
2021-04-06 09:31:20,1420.05,1212889
2021-04-06 09:31:22,1419.95,1214119
2021-04-06 09:31:23,1420.65,1214859
2021-04-06 09:31:24,1420.6,1215734
2021-04-06 09:31:25,1420.9,1216507
2021-04-06 09:31:26,1420.6,1216710
2021-04-06 09:31:26,1420.85,1216821
2021-04-06 09:31:27,1420.8,1220213
2021-04-06 09:31:28,1420.15,1220662
2021-04-06 09:31:29,1420.6,1221278
2021-04-06 09:31:30,1420.7,1221349
2021-04-06 09:31:31,1420.2,1221475
2021-04-06 09:31:32,1420.5,1221888
2021-04-06 09:31:33,1420.7,1221945
2021-04-06 09:31:34,1420.7,1222128
2021-04-06 09:31:36,1420.3,1222149
2021-04-06 09:31:37,1420.65,1222334
2021-04-06 09:31:38,1420.5,1222537
2021-04-06 09:31:39,1420.5,1222558
2021-04-06 09:31:40,1420.2,1223427
2021-04-06 09:31:41,1419.9,1225413
2021-04-06 09:31:42,1420.1,1225503
2021-04-06 09:31:43,1420.1,1225718
2021-04-06 09:31:44,1419.7,1225738
2021-04-06 09:31:45,1420.1,1225905
2021-04-06 09:31:46,1420.1,1227883
2021-04-06 09:31:47,1420.0,1228269
2021-04-06 09:31:48,1419.75,1228503
2021-04-06 09:31:49,1419.75,1228569
2021-04-06 09:31:50,1419.75,1229337
2021-04-06 09:31:51,1419.9,1229411
2021-04-06 09:31:52,1419.75,1229419
2021-04-06 09:31:53,1419.35,1229612
2021-04-06 09:31:54,1419.4,1229622
2021-04-06 09:31:55,1419.3,1229751
2021-04-06 09:31:56,1419.15,1229787
2021-04-06 09:31:57,1419.3,1229990
2021-04-06 09:31:58,1419.25,1230865
2021-04-06 09:31:59,1419.2,1230894
2021-04-06 09:32:00,1420.0,1239910
2021-04-06 09:32:01,1420.0,1240505
2021-04-06 09:32:01,1420.2,1240530
2021-04-06 09:32:02,1420.0,1245549
2021-04-06 09:32:03,1420.0,1246249
2021-04-06 09:32:04,1420.0,1246447
2021-04-06 09:32:05,1420.0,1246519
2021-04-06 09:32:06,1420.0,1247631
2021-04-06 09:32:07,1420.0,1248161
2021-04-06 09:32:09,1420.0,1248382
2021-04-06 09:32:10,1420.0,1248392
2021-04-06 09:32:11,1420.0,1248392
2021-04-06 09:32:12,1420.05,1248417
2021-04-06 09:32:13,1420.05,1248559
2021-04-06 09:32:14,1420.05,1248881
2021-04-06 09:32:15,1420.0,1249952
2021-04-06 09:32:16,1420.05,1251112
2021-04-06 09:32:17,1420.05,1253562
2021-04-06 09:32:18,1420.05,1253562
2021-04-06 09:32:19,1420.0,1253881
2021-04-06 09:32:20,1420.0,1254810
2021-04-06 09:32:21,1420.0,1255488
2021-04-06 09:32:22,1420.0,1255695
2021-04-06 09:32:23,1420.0,1255750
2021-04-06 09:32:24,1420.05,1255971
2021-04-06 09:32:24,1420.0,1255972
2021-04-06 09:32:26,1420.0,1256090
2021-04-06 09:32:27,1420.0,1256617
2021-04-06 09:32:28,1420.05,1256655
2021-04-06 09:32:29,1420.0,1256827
2021-04-06 09:32:30,1420.0,1257412
2021-04-06 09:32:31,1420.05,1259230
2021-04-06 09:32:32,1420.0,1260499
2021-04-06 09:32:32,1420.05,1260513
2021-04-06 09:32:34,1420.0,1260527
2021-04-06 09:32:35,1420.0,1260583
2021-04-06 09:32:36,1420.0,1261393
2021-04-06 09:32:37,1420.05,1261599
2021-04-06 09:32:38,1420.05,1261701
2021-04-06 09:32:39,1420.0,1262198
2021-04-06 09:32:40,1420.05,1262526
2021-04-06 09:32:41,1420.0,1262627
2021-04-06 09:32:42,1420.05,1262729
2021-04-06 09:32:43,1420.0,1264016
2021-04-06 09:32:44,1420.45,1266257
2021-04-06 09:32:45,1420.05,1267154
2021-04-06 09:32:46,1420.0,1267557
2021-04-06 09:32:47,1420.05,1267579
2021-04-06 09:32:48,1420.0,1267589
2021-04-06 09:32:49,1420.05,1267680
2021-04-06 09:32:49,1420.05,1267680
2021-04-06 09:32:50,1420.0,1267781
2021-04-06 09:32:52,1420.0,1268908
2021-04-06 09:32:53,1420.05,1269043
2021-04-06 09:32:54,1420.05,1269083
2021-04-06 09:32:55,1420.05,1269097
2021-04-06 09:32:56,1420.0,1271521
2021-04-06 09:32:57,1420.0,1271585
2021-04-06 09:32:58,1420.0,1272223
2021-04-06 09:32:59,1420.05,1272301
2021-04-06 09:33:00,1420.0,1272694
2021-04-06 09:33:01,1420.75,1273388
2021-04-06 09:33:02,1420.85,1281319
2021-04-06 09:33:02,1420.95,1281572
2021-04-06 09:33:03,1420.8,1282395
2021-04-06 09:33:05,1420.8,1282411
2021-04-06 09:33:06,1420.3,1282511
2021-04-06 09:33:07,1420.85,1282521
2021-04-06 09:33:08,1420.4,1282877
2021-04-06 09:33:09,1420.85,1283035
2021-04-06 09:33:10,1420.85,1283681
2021-04-06 09:33:11,1420.3,1283683
2021-04-06 09:33:12,1420.3,1284912
2021-04-06 09:33:13,1420.85,1284972
2021-04-06 09:33:14,1420.85,1285289
2021-04-06 09:33:15,1420.55,1285319
2021-04-06 09:33:16,1421.1,1296062
2021-04-06 09:33:16,1421.0,1295377
2021-04-06 09:33:18,1421.0,1298762
2021-04-06 09:33:19,1421.0,1302117
2021-04-06 09:33:20,1421.0,1302869
2021-04-06 09:33:21,1421.05,1303790
2021-04-06 09:33:22,1421.05,1304728
2021-04-06 09:33:23,1421.05,1306803
2021-04-06 09:33:24,1421.0,1308228
2021-04-06 09:33:25,1421.0,1311410
2021-04-06 09:33:26,1421.05,1312844
2021-04-06 09:33:27,1421.0,1316170
2021-04-06 09:33:28,1421.05,1316295
2021-04-06 09:33:29,1421.05,1316745
2021-04-06 09:33:31,1421.05,1318145
2021-04-06 09:33:30,1421.05,1318135
2021-04-06 09:33:32,1421.05,1320662
2021-04-06 09:33:33,1421.05,1321367
2021-04-06 09:33:34,1421.0,1321377
2021-04-06 09:33:35,1421.05,1321548
2021-04-06 09:33:36,1421.05,1321583
2021-04-06 09:33:37,1421.0,1322584
2021-04-06 09:33:38,1421.05,1325393
2021-04-06 09:33:39,1421.05,1325750
2021-04-06 09:33:40,1421.05,1325982
2021-04-06 09:33:41,1421.05,1326282
2021-04-06 09:33:42,1421.0,1326430
2021-04-06 09:33:43,1421.0,1326563
2021-04-06 09:33:44,1421.0,1328446
2021-04-06 09:33:45,1421.05,1328496
2021-04-06 09:33:46,1421.05,1328524
2021-04-06 09:33:47,1421.0,1330238
2021-04-06 09:33:48,1421.05,1331076
2021-04-06 09:33:49,1421.05,1331134
2021-04-06 09:33:50,1421.0,1333763
2021-04-06 09:33:51,1421.05,1335115
2021-04-06 09:33:52,1421.0,1336188
2021-04-06 09:33:53,1421.0,1336328
2021-04-06 09:33:54,1421.05,1337401
2021-04-06 09:33:55,1421.05,1337555
2021-04-06 09:33:56,1421.05,1337639
2021-04-06 09:33:57,1421.05,1338032
2021-04-06 09:33:58,1421.05,1338990
2021-04-06 09:33:59,1421.05,1338991
2021-04-06 09:34:00,1421.0,1339453
2021-04-06 09:34:01,1421.0,1340302
2021-04-06 09:34:02,1421.05,1340419
2021-04-06 09:34:03,1421.0,1341363
2021-04-06 09:34:04,1421.05,1341418
2021-04-06 09:34:05,1421.0,1341463
2021-04-06 09:34:06,1421.05,1342480
2021-04-06 09:34:07,1421.0,1344047
2021-04-06 09:34:08,1421.05,1345742
2021-04-06 09:34:09,1421.05,1345742
2021-04-06 09:34:10,1420.8,1346012
2021-04-06 09:34:11,1420.25,1346809
2021-04-06 09:34:12,1420.2,1346851
2021-04-06 09:34:13,1420.2,1346902
2021-04-06 09:34:14,1420.6,1348909
2021-04-06 09:34:15,1420.5,1349026
2021-04-06 09:34:16,1420.0,1351769
2021-04-06 09:34:17,1420.2,1351891
2021-04-06 09:34:18,1420.3,1352214
2021-04-06 09:34:19,1420.3,1352233
2021-04-06 09:34:20,1420.0,1352243
2021-04-06 09:34:21,1420.0,1352478
2021-04-06 09:34:22,1420.4,1353363
2021-04-06 09:34:23,1420.0,1353739
2021-04-06 09:34:24,1419.9,1353744
2021-04-06 09:34:25,1419.3,1353864
2021-04-06 09:34:26,1419.3,1353877
2021-04-06 09:34:27,1419.7,1353906
2021-04-06 09:34:28,1419.0,1354433
2021-04-06 09:34:29,1419.45,1354657
2021-04-06 09:34:30,1419.4,1354692
2021-04-06 09:34:31,1419.0,1354993
2021-04-06 09:34:32,1418.7,1355449
2021-04-06 09:34:33,1418.7,1355499
2021-04-06 09:34:34,1418.7,1355499
2021-04-06 09:34:35,1419.0,1355528
2021-04-06 09:34:36,1418.7,1356108
2021-04-06 09:34:37,1418.65,1356612
2021-04-06 09:34:38,1418.15,1356760
2021-04-06 09:34:39,1418.9,1357120
2021-04-06 09:34:40,1418.4,1357142
2021-04-06 09:34:41,1418.5,1357167
2021-04-06 09:34:42,1418.1,1357234
2021-04-06 09:34:43,1418.1,1357273
2021-04-06 09:34:44,1418.5,1357274
2021-04-06 09:34:45,1418.5,1357330
2021-04-06 09:34:46,1418.5,1357501
2021-04-06 09:34:47,1418.5,1357826
2021-04-06 09:34:48,1418.7,1357859
2021-04-06 09:34:49,1418.7,1357880
2021-04-06 09:34:50,1419.05,1359079
2021-04-06 09:34:51,1419.4,1359155
2021-04-06 09:34:52,1419.4,1359242
2021-04-06 09:34:53,1419.45,1359607
2021-04-06 09:34:54,1419.4,1359613
2021-04-06 09:34:55,1419.4,1359643
2021-04-06 09:34:56,1419.4,1359766
2021-04-06 09:34:57,1419.15,1359831
2021-04-06 09:34:58,1419.05,1359854
2021-04-06 09:34:59,1419.05,1360124
2021-04-06 09:35:00,1419.4,1360369
2021-04-06 09:35:01,1419.4,1360428
2021-04-06 09:35:02,1419.4,1360428
2021-04-06 09:35:03,1419.0,1360442
2021-04-06 09:35:04,1418.85,1360446
2021-04-06 09:35:05,1419.0,1360468
2021-04-06 09:35:06,1419.0,1360700
2021-04-06 09:35:07,1419.0,1360816
2021-04-06 09:35:08,1419.05,1361151
2021-04-06 09:35:09,1419.0,1361217
2021-04-06 09:35:10,1419.0,1361384
2021-04-06 09:35:11,1419.0,1361939
2021-04-06 09:35:12,1419.4,1362040
2021-04-06 09:35:13,1419.0,1362064
2021-04-06 09:35:14,1419.0,1362302
2021-04-06 09:35:15,1419.0,1362342
2021-04-06 09:35:16,1419.35,1362739
2021-04-06 09:35:17,1419.4,1362897
2021-04-06 09:35:19,1419.35,1362937
2021-04-06 09:35:20,1419.2,1362999
2021-04-06 09:35:21,1419.35,1363104
2021-04-06 09:35:22,1419.4,1363143
2021-04-06 09:35:23,1419.05,1363331
2021-04-06 09:35:24,1419.4,1363471
2021-04-06 09:35:25,1419.0,1363576
2021-04-06 09:35:26,1419.4,1363577
2021-04-06 09:35:27,1419.55,1363670
2021-04-06 09:35:28,1419.45,1363708
2021-04-06 09:35:29,1419.0,1363769
2021-04-06 09:35:30,1419.45,1364319
2021-04-06 09:35:31,1419.4,1364469
2021-04-06 09:35:32,1419.45,1364663
2021-04-06 09:35:33,1419.45,1364722
2021-04-06 09:35:34,1419.45,1364750
2021-04-06 09:35:36,1419.15,1364800
2021-04-06 09:35:35,1419.15,1364800
2021-04-06 09:35:37,1419.05,1365070
2021-04-06 09:35:38,1419.4,1365100
2021-04-06 09:35:39,1419.4,1365210
2021-04-06 09:35:40,1419.0,1365465
2021-04-06 09:35:41,1419.4,1365630
2021-04-06 09:35:42,1419.4,1365630
2021-04-06 09:35:43,1419.2,1365644
2021-04-06 09:35:44,1419.2,1365874
2021-04-06 09:35:45,1419.4,1365952
2021-04-06 09:35:46,1419.4,1365970
2021-04-06 09:35:47,1419.2,1365986
2021-04-06 09:35:48,1419.35,1366186
2021-04-06 09:35:49,1419.3,1366251
2021-04-06 09:35:50,1419.3,1366251
2021-04-06 09:35:51,1419.2,1366351
2021-04-06 09:35:52,1419.2,1366433
2021-04-06 09:35:53,1419.3,1366434
2021-04-06 09:35:55,1419.3,1366544
2021-04-06 09:35:55,1419.3,1366844
2021-04-06 09:35:56,1419.25,1366989
2021-04-06 09:35:57,1419.3,1367323
2021-04-06 09:35:58,1419.3,1367323
2021-04-06 09:35:59,1419.2,1367779
2021-04-06 09:36:00,1419.2,1367789
2021-04-06 09:36:01,1419.2,1367789
2021-04-06 09:36:02,1419.2,1367789
2021-04-06 09:36:03,1419.2,1367789
2021-04-06 09:36:04,1419.2,1367856
2021-04-06 09:36:05,1419.0,1368376
2021-04-06 09:36:06,1419.0,1368663
2021-04-06 09:36:08,1418.85,1369081
2021-04-06 09:36:08,1418.85,1369465
2021-04-06 09:36:10,1418.5,1369575
2021-04-06 09:36:10,1418.85,1369595
2021-04-06 09:36:11,1418.75,1369726
2021-04-06 09:36:12,1418.5,1370091
2021-04-06 09:36:13,1418.75,1370137
2021-04-06 09:36:14,1418.7,1370150
2021-04-06 09:36:15,1418.7,1370150
2021-04-06 09:36:16,1418.7,1370200
2021-04-06 09:36:17,1418.7,1370200
2021-04-06 09:36:18,1418.65,1370816
2021-04-06 09:36:20,1418.65,1371051
2021-04-06 09:36:20,1418.65,1371051
2021-04-06 09:36:21,1418.65,1371203
2021-04-06 09:36:22,1418.5,1371309
2021-04-06 09:36:23,1418.7,1371570
2021-04-06 09:36:24,1418.5,1371705
2021-04-06 09:36:25,1418.65,1371744
2021-04-06 09:36:26,1418.55,1372109
2021-04-06 09:36:27,1418.5,1372129
2021-04-06 09:36:28,1418.15,1372295
2021-04-06 09:36:29,1418.4,1372540
2021-04-06 09:36:30,1418.35,1372545
2021-04-06 09:36:31,1418.35,1372580
2021-04-06 09:36:33,1418.1,1372797
2021-04-06 09:36:33,1418.1,1372797
2021-04-06 09:36:34,1418.25,1372800
2021-04-06 09:36:35,1418.1,1373013
2021-04-06 09:36:36,1418.1,1373391
2021-04-06 09:36:37,1418.1,1373619
2021-04-06 09:36:39,1418.25,1373759
2021-04-06 09:36:39,1418.25,1373759
2021-04-06 09:36:40,1418.1,1373769
2021-04-06 09:36:41,1418.1,1374028
2021-04-06 09:36:42,1418.1,1374217
2021-04-06 09:36:43,1418.1,1374237
2021-04-06 09:36:45,1418.1,1374303
2021-04-06 09:36:46,1418.1,1374420
2021-04-06 09:36:47,1418.1,1374470
2021-04-06 09:36:47,1418.1,1374470
2021-04-06 09:36:48,1418.4,1375459
2021-04-06 09:36:49,1418.05,1375572
2021-04-06 09:36:50,1418.25,1375640
2021-04-06 09:36:51,1418.1,1375815
2021-04-06 09:36:52,1418.25,1376054
2021-04-06 09:36:53,1418.4,1376098
2021-04-06 09:36:54,1418.1,1376404
2021-04-06 09:36:56,1418.15,1376405
2021-04-06 09:36:57,1418.4,1376425
2021-04-06 09:36:57,1418.4,1376425
2021-04-06 09:36:58,1418.2,1376573
2021-04-06 09:36:59,1418.35,1376875
2021-04-06 09:37:00,1418.65,1377227
2021-04-06 09:37:01,1418.45,1377427
2021-04-06 09:37:02,1418.5,1377428
2021-04-06 09:37:03,1418.35,1377851
2021-04-06 09:37:04,1418.35,1377851
2021-04-06 09:37:06,1418.55,1378082
2021-04-06 09:37:07,1418.95,1378097
2021-04-06 09:37:08,1418.9,1378107
2021-04-06 09:37:08,1418.9,1378107
2021-04-06 09:37:09,1418.9,1378219
2021-04-06 09:37:10,1418.9,1378232
2021-04-06 09:37:11,1418.5,1378611
2021-04-06 09:37:12,1418.5,1378611
2021-04-06 09:37:13,1418.8,1378674
2021-04-06 09:37:14,1418.8,1378705
2021-04-06 09:37:15,1418.7,1379060
2021-04-06 09:37:16,1418.3,1379145
2021-04-06 09:37:17,1418.7,1379319
2021-04-06 09:37:18,1418.1,1379529
2021-04-06 09:37:19,1418.1,1379731
2021-04-06 09:37:20,1418.55,1380745
2021-04-06 09:37:21,1418.4,1380841
2021-04-06 09:37:22,1418.4,1381061
2021-04-06 09:37:24,1418.35,1381591
2021-04-06 09:37:24,1418.35,1381691
2021-04-06 09:37:25,1418.5,1381970
2021-04-06 09:37:26,1418.5,1381985
2021-04-06 09:37:27,1418.4,1382165
2021-04-06 09:37:28,1418.15,1382315
2021-04-06 09:37:29,1418.25,1382340
2021-04-06 09:37:31,1418.85,1382967
2021-04-06 09:37:31,1418.85,1382967
2021-04-06 09:37:32,1418.85,1382992
2021-04-06 09:37:33,1418.9,1383037
2021-04-06 09:37:34,1418.7,1383184
2021-04-06 09:37:35,1418.55,1383390
2021-04-06 09:37:36,1418.8,1383403
2021-04-06 09:37:37,1418.5,1383503
2021-04-06 09:37:39,1418.55,1383713
2021-04-06 09:37:39,1418.55,1383713
2021-04-06 09:37:40,1418.8,1383734
2021-04-06 09:37:41,1418.6,1383876
2021-04-06 09:37:42,1418.6,1383876
2021-04-06 09:37:43,1419.15,1384928
2021-04-06 09:37:44,1419.5,1386484
2021-04-06 09:37:45,1420.0,1387980
2021-04-06 09:37:47,1420.0,1387980
2021-04-06 09:37:47,1420.0,1388023
2021-04-06 09:37:48,1420.0,1388267
2021-04-06 09:37:49,1419.9,1390449
2021-04-06 09:37:50,1419.9,1390524
2021-04-06 09:37:51,1419.95,1390601
2021-04-06 09:37:52,1419.5,1390820
2021-04-06 09:37:53,1419.65,1390920
2021-04-06 09:37:54,1419.65,1390920
2021-04-06 09:37:55,1418.8,1391009
2021-04-06 09:37:56,1419.45,1391239
2021-04-06 09:37:57,1419.45,1391312
2021-04-06 09:37:59,1419.25,1391340
2021-04-06 09:38:00,1419.45,1391537
2021-04-06 09:38:00,1419.0,1391560
2021-04-06 09:38:01,1419.0,1391560
2021-04-06 09:38:02,1419.0,1391974
2021-04-06 09:38:03,1418.55,1392026
2021-04-06 09:38:05,1419.1,1392242
2021-04-06 09:38:06,1419.15,1392287
2021-04-06 09:38:07,1419.1,1392387
2021-04-06 09:38:08,1418.95,1392503
2021-04-06 09:38:09,1419.1,1392504
2021-04-06 09:38:10,1419.1,1392504
2021-04-06 09:38:11,1419.0,1392524
2021-04-06 09:38:12,1418.95,1392559
2021-04-06 09:38:12,1418.95,1392559
2021-04-06 09:38:13,1418.8,1392718
2021-04-06 09:38:14,1419.0,1394016
2021-04-06 09:38:15,1419.35,1395587
2021-04-06 09:38:16,1420.0,1395773
2021-04-06 09:38:17,1420.0,1397358
2021-04-06 09:38:18,1419.4,1397557
2021-04-06 09:38:19,1419.15,1397942
2021-04-06 09:38:20,1420.0,1398517
2021-04-06 09:38:21,1420.05,1398621
2021-04-06 09:38:22,1420.0,1398697
2021-04-06 09:38:23,1420.0,1398904
2021-04-06 09:38:24,1420.0,1399474
2021-04-06 09:38:25,1420.3,1399615
2021-04-06 09:38:26,1420.05,1399625
2021-04-06 09:38:28,1420.05,1399805
2021-04-06 09:38:29,1420.35,1399981
2021-04-06 09:38:29,1420.3,1399968
2021-04-06 09:38:30,1420.3,1400058
2021-04-06 09:38:31,1420.05,1400153
2021-04-06 09:38:33,1420.05,1400333
2021-04-06 09:38:34,1420.3,1400484
2021-04-06 09:38:34,1420.3,1400484
2021-04-06 09:38:35,1420.4,1400624
2021-04-06 09:38:36,1420.4,1400767
2021-04-06 09:38:38,1420.05,1400911
2021-04-06 09:38:39,1420.0,1401288
2021-04-06 09:38:40,1420.0,1401388
2021-04-06 09:38:40,1420.05,1401529
2021-04-06 09:38:41,1420.05,1402020
2021-04-06 09:38:42,1420.3,1402092
2021-04-06 09:38:44,1420.2,1402205
2021-04-06 09:38:45,1420.2,1403206
2021-04-06 09:38:46,1419.75,1403402
2021-04-06 09:38:46,1420.0,1403613
2021-04-06 09:38:47,1420.2,1403627
2021-04-06 09:38:48,1420.0,1403955
2021-04-06 09:38:50,1420.0,1404028
2021-04-06 09:38:51,1420.1,1404103
2021-04-06 09:38:52,1420.0,1404298
2021-04-06 09:38:52,1420.1,1404211
2021-04-06 09:38:53,1420.0,1404384
2021-04-06 09:38:54,1420.1,1404484
2021-04-06 09:38:55,1420.1,1404626
2021-04-06 09:38:56,1420.2,1404831
2021-04-06 09:38:57,1420.0,1404881
2021-04-06 09:38:58,1420.0,1405010
2021-04-06 09:39:00,1420.15,1405181
2021-04-06 09:39:01,1420.15,1405231
2021-04-06 09:39:01,1420.15,1405231
2021-04-06 09:39:02,1420.0,1405293
2021-04-06 09:39:03,1420.1,1405330
2021-04-06 09:39:04,1420.05,1405349
2021-04-06 09:39:05,1420.1,1405512
2021-04-06 09:39:06,1420.05,1405525
2021-04-06 09:39:08,1420.05,1405675
2021-04-06 09:39:09,1420.1,1405949
2021-04-06 09:39:09,1420.1,1405949
2021-04-06 09:39:10,1420.05,1406321
2021-04-06 09:39:11,1420.0,1406371
2021-04-06 09:39:12,1420.4,1406610
2021-04-06 09:39:14,1420.4,1406628
2021-04-06 09:39:15,1420.35,1407166
2021-04-06 09:39:16,1420.4,1407190
2021-04-06 09:39:17,1420.35,1407550
2021-04-06 09:39:18,1420.0,1407859
2021-04-06 09:39:19,1420.35,1407874
2021-04-06 09:39:20,1420.2,1407879
2021-04-06 09:39:21,1420.0,1408459
2021-04-06 09:39:22,1420.2,1408476
2021-04-06 09:39:23,1420.4,1408986
2021-04-06 09:39:23,1420.2,1409016
2021-04-06 09:39:24,1420.2,1409043
2021-04-06 09:39:25,1420.15,1409138
2021-04-06 09:39:27,1420.2,1409220
2021-04-06 09:39:28,1420.2,1409381
2021-04-06 09:39:28,1420.2,1409381
2021-04-06 09:39:29,1420.2,1409421
2021-04-06 09:39:30,1420.15,1409434
2021-04-06 09:39:31,1420.2,1409509
2021-04-06 09:39:32,1420.2,1409522
2021-04-06 09:39:33,1420.2,1409629
2021-04-06 09:39:34,1420.0,1410810
2021-04-06 09:39:35,1420.0,1410880
2021-04-06 09:39:37,1420.05,1410922
2021-04-06 09:39:38,1420.0,1411028
2021-04-06 09:39:38,1420.0,1411028
2021-04-06 09:39:39,1420.15,1411069
2021-04-06 09:39:40,1420.15,1411073
2021-04-06 09:39:41,1420.15,1411120
2021-04-06 09:39:42,1420.15,1411160
2021-04-06 09:39:43,1420.15,1411177
2021-04-06 09:39:45,1420.15,1411430
2021-04-06 09:39:46,1420.15,1411687
2021-04-06 09:39:46,1420.15,1411687
2021-04-06 09:39:47,1420.0,1411747
2021-04-06 09:39:48,1420.0,1412086
2021-04-06 09:39:49,1420.15,1412270
2021-04-06 09:39:50,1420.1,1412439
2021-04-06 09:39:51,1420.1,1412440
2021-04-06 09:39:53,1420.1,1412442
2021-04-06 09:39:54,1420.1,1412465
2021-04-06 09:39:55,1420.0,1412476
2021-04-06 09:39:56,1420.1,1412480
2021-04-06 09:39:56,1420.1,1412480
2021-04-06 09:39:57,1420.1,1412531
2021-04-06 09:39:59,1420.0,1412591
2021-04-06 09:40:00,1420.05,1412598
2021-04-06 09:40:01,1420.0,1412820
2021-04-06 09:40:02,1420.1,1412899
2021-04-06 09:40:03,1420.0,1412905
2021-04-06 09:40:03,1420.0,1412905
2021-04-06 09:40:04,1420.5,1414859
2021-04-06 09:40:05,1420.15,1415669
2021-04-06 09:40:06,1420.25,1415675
2021-04-06 09:40:08,1420.3,1415720
2021-04-06 09:40:09,1420.3,1415725
2021-04-06 09:40:10,1420.6,1416143
2021-04-06 09:40:11,1420.8,1417302
2021-04-06 09:40:12,1420.8,1417816
2021-04-06 09:40:12,1420.8,1417311
2021-04-06 09:40:13,1420.55,1417877
2021-04-06 09:40:14,1420.4,1418028
2021-04-06 09:40:16,1420.2,1418125
2021-04-06 09:40:17,1420.1,1418150
2021-04-06 09:40:18,1420.2,1418174
2021-04-06 09:40:19,1420.2,1418331
2021-04-06 09:40:19,1420.15,1418349
2021-04-06 09:40:20,1420.2,1418454
2021-04-06 09:40:21,1420.2,1418559
2021-04-06 09:40:23,1420.1,1418700
2021-04-06 09:40:24,1420.1,1418721
2021-04-06 09:40:25,1420.0,1418847
2021-04-06 09:40:26,1420.2,1419010
2021-04-06 09:40:26,1420.2,1419010
2021-04-06 09:40:27,1420.2,1419081
2021-04-06 09:40:29,1420.6,1419394
2021-04-06 09:40:30,1420.2,1419451
2021-04-06 09:40:31,1420.2,1419485
2021-04-06 09:40:31,1420.2,1419485
2021-04-06 09:40:32,1420.2,1419503
2021-04-06 09:40:33,1420.15,1419609
2021-04-06 09:40:34,1420.05,1421988
2021-04-06 09:40:36,1420.0,1422605
2021-04-06 09:40:36,1420.0,1422633
2021-04-06 09:40:38,1420.0,1422726
2021-04-06 09:40:39,1420.0,1422732
2021-04-06 09:40:40,1422.0,1435503
2021-04-06 09:40:40,1422.1,1454804
2021-04-06 09:40:41,1422.85,1466615
2021-04-06 09:40:43,1423.0,1480300
2021-04-06 09:40:44,1423.1,1483849
2021-04-06 09:40:45,1423.05,1486220
2021-04-06 09:40:45,1423.05,1486220
2021-04-06 09:40:46,1423.0,1487559
2021-04-06 09:40:47,1423.0,1489720
2021-04-06 09:40:48,1423.0,1490183
2021-04-06 09:40:50,1423.0,1490802
2021-04-06 09:40:51,1423.05,1492668
2021-04-06 09:40:52,1423.0,1492674
2021-04-06 09:40:53,1423.05,1492853
2021-04-06 09:40:54,1423.05,1492956
2021-04-06 09:40:54,1423.05,1492956
2021-04-06 09:40:55,1423.05,1493503
2021-04-06 09:40:56,1423.0,1494099
2021-04-06 09:40:58,1423.05,1495078
2021-04-06 09:40:59,1423.0,1496434
2021-04-06 09:41:00,1423.05,1497646
2021-04-06 09:41:00,1423.05,1497819
2021-04-06 09:41:01,1422.5,1499131
2021-04-06 09:41:03,1423.05,1500228
2021-04-06 09:41:04,1423.05,1504836
2021-04-06 09:41:05,1423.05,1504891
2021-04-06 09:41:05,1423.05,1504974
2021-04-06 09:41:06,1423.05,1507645
2021-04-06 09:41:07,1423.0,1509196
2021-04-06 09:41:08,1423.0,1510290
2021-04-06 09:41:09,1423.0,1511257
2021-04-06 09:41:11,1423.05,1512361
2021-04-06 09:41:12,1423.0,1512834
2021-04-06 09:41:13,1423.05,1513747
2021-04-06 09:41:14,1423.05,1514377
2021-04-06 09:41:15,1423.0,1515013
2021-04-06 09:41:16,1423.05,1515582
2021-04-06 09:41:17,1423.05,1518599
2021-04-06 09:41:18,1423.05,1518765
2021-04-06 09:41:19,1423.65,1519853
2021-04-06 09:41:20,1423.05,1519881
2021-04-06 09:41:21,1423.05,1520800
2021-04-06 09:41:21,1423.35,1520801
2021-04-06 09:41:22,1423.35,1522180
2021-04-06 09:41:23,1423.35,1522825
2021-04-06 09:41:24,1423.4,1523343
2021-04-06 09:41:26,1423.4,1523573
2021-04-06 09:41:26,1423.65,1523716
2021-04-06 09:41:27,1423.05,1524028
2021-04-06 09:41:29,1423.85,1524319
2021-04-06 09:41:30,1423.45,1525084
2021-04-06 09:41:31,1423.95,1525876
2021-04-06 09:41:32,1423.9,1526234
2021-04-06 09:41:33,1423.85,1526826
2021-04-06 09:41:34,1423.7,1527363
2021-04-06 09:41:35,1423.85,1529253
2021-04-06 09:41:36,1424.0,1529398
2021-04-06 09:41:37,1424.0,1530079
2021-04-06 09:41:38,1424.8,1535932
2021-04-06 09:41:39,1424.0,1536342
2021-04-06 09:41:40,1424.9,1537336
2021-04-06 09:41:41,1424.85,1537564
2021-04-06 09:41:42,1424.8,1537884
2021-04-06 09:41:43,1424.8,1541003
2021-04-06 09:41:44,1424.4,1543252
2021-04-06 09:41:45,1424.1,1543699
2021-04-06 09:41:46,1424.65,1543908
2021-04-06 09:41:47,1424.85,1544429
2021-04-06 09:41:48,1424.9,1545277
2021-04-06 09:41:48,1424.85,1545026
2021-04-06 09:41:49,1424.85,1545663
2021-04-06 09:41:50,1424.65,1547628
2021-04-06 09:41:51,1424.1,1547826
2021-04-06 09:41:52,1424.7,1548384
2021-04-06 09:41:53,1424.8,1548830
2021-04-06 09:41:54,1424.15,1549368
2021-04-06 09:41:55,1424.7,1549699
2021-04-06 09:41:56,1424.7,1549913
2021-04-06 09:41:58,1424.65,1550171
2021-04-06 09:41:59,1424.75,1550883
2021-04-06 09:42:00,1424.7,1552269
2021-04-06 09:42:01,1424.2,1552372
2021-04-06 09:42:02,1424.7,1556985
2021-04-06 09:42:03,1424.8,1557909
2021-04-06 09:42:03,1424.8,1557910
2021-04-06 09:42:05,1424.8,1558303
2021-04-06 09:42:06,1424.65,1558844
2021-04-06 09:42:07,1424.4,1559517
2021-04-06 09:42:08,1424.8,1559582
2021-04-06 09:42:09,1424.4,1559972
2021-04-06 09:42:09,1424.8,1559956
2021-04-06 09:42:11,1424.4,1560309
2021-04-06 09:42:12,1424.8,1560724
2021-04-06 09:42:13,1424.7,1561850
2021-04-06 09:42:14,1424.85,1562112
2021-04-06 09:42:15,1425.8,1593392
2021-04-06 09:42:16,1425.6,1593918
2021-04-06 09:42:17,1425.1,1594329
2021-04-06 09:42:18,1425.65,1595836
2021-04-06 09:42:19,1424.95,1596945
2021-04-06 09:42:20,1424.95,1597669
2021-04-06 09:42:21,1425.6,1599152
2021-04-06 09:42:22,1425.0,1599360
2021-04-06 09:42:23,1425.75,1601099
2021-04-06 09:42:23,1425.65,1601100
2021-04-06 09:42:25,1425.5,1601239
2021-04-06 09:42:26,1425.0,1602238
2021-04-06 09:42:27,1425.05,1604752
2021-04-06 09:42:28,1425.3,1604989
2021-04-06 09:42:29,1425.45,1605406
2021-04-06 09:42:30,1425.4,1606494
2021-04-06 09:42:31,1425.35,1607962
2021-04-06 09:42:32,1425.4,1608696
2021-04-06 09:42:33,1425.1,1609140
2021-04-06 09:42:33,1425.45,1609250
2021-04-06 09:42:35,1425.5,1609813
2021-04-06 09:42:36,1425.2,1610018
2021-04-06 09:42:37,1425.0,1610859
2021-04-06 09:42:38,1425.35,1611114
2021-04-06 09:42:38,1425.3,1611124
2021-04-06 09:42:39,1425.5,1611335
2021-04-06 09:42:40,1425.2,1613398
2021-04-06 09:42:41,1425.5,1613848
2021-04-06 09:42:43,1425.8,1614405
2021-04-06 09:42:44,1425.4,1614560
2021-04-06 09:42:45,1425.7,1615793
2021-04-06 09:42:46,1425.7,1616914
2021-04-06 09:42:47,1425.15,1619224
2021-04-06 09:42:47,1425.75,1619334
2021-04-06 09:42:49,1425.8,1622105
2021-04-06 09:42:50,1425.4,1622335
2021-04-06 09:42:51,1425.4,1623992
2021-04-06 09:42:52,1425.4,1624280
2021-04-06 09:42:53,1425.15,1624731
2021-04-06 09:42:54,1425.4,1625482
2021-04-06 09:42:55,1425.25,1625541
2021-04-06 09:42:56,1425.2,1626196
2021-04-06 09:42:56,1425.4,1626296
2021-04-06 09:42:57,1425.05,1626498
2021-04-06 09:42:59,1425.15,1628728
2021-04-06 09:43:00,1424.7,1630356
2021-04-06 09:43:01,1424.9,1631013
2021-04-06 09:43:02,1424.7,1632058
2021-04-06 09:43:03,1424.7,1632299
2021-04-06 09:43:04,1423.95,1635775
2021-04-06 09:43:04,1423.2,1635785
2021-04-06 09:43:06,1423.9,1636087
2021-04-06 09:43:07,1423.7,1636307
2021-04-06 09:43:08,1423.2,1637068
2021-04-06 09:43:09,1423.2,1640179
2021-04-06 09:43:09,1423.2,1640180
2021-04-06 09:43:10,1423.2,1640397
2021-04-06 09:43:12,1424.15,1641450
2021-04-06 09:43:13,1423.25,1641823
2021-04-06 09:43:14,1424.0,1642606
2021-04-06 09:43:15,1423.55,1642725
2021-04-06 09:43:16,1423.1,1642788
2021-04-06 09:43:16,1423.5,1643056
2021-04-06 09:43:18,1423.05,1643250
2021-04-06 09:43:19,1423.05,1643311
2021-04-06 09:43:20,1422.65,1647309
2021-04-06 09:43:21,1423.3,1648777
2021-04-06 09:43:22,1423.05,1651947
2021-04-06 09:43:22,1423.05,1651999
2021-04-06 09:43:24,1422.7,1654279
2021-04-06 09:43:25,1423.3,1654282
2021-04-06 09:43:26,1423.3,1654293
2021-04-06 09:43:27,1423.0,1654794
2021-04-06 09:43:27,1423.0,1654801
2021-04-06 09:43:29,1423.0,1654952
2021-04-06 09:43:30,1425.0,1666145
2021-04-06 09:43:31,1424.0,1666885
2021-04-06 09:43:32,1425.0,1668931
2021-04-06 09:43:33,1425.0,1669115
2021-04-06 09:43:33,1425.0,1669115
2021-04-06 09:43:34,1425.0,1670350
2021-04-06 09:43:36,1425.0,1672469
2021-04-06 09:43:37,1424.9,1673151
2021-04-06 09:43:38,1425.0,1679404
2021-04-06 09:43:39,1425.0,1681011
2021-04-06 09:43:39,1425.05,1681032
2021-04-06 09:43:41,1425.05,1682991
2021-04-06 09:43:42,1425.0,1683367
2021-04-06 09:43:43,1425.15,1683754
2021-04-06 09:43:44,1425.0,1685267
2021-04-06 09:43:45,1425.2,1686319
2021-04-06 09:43:45,1425.0,1686350
2021-04-06 09:43:47,1425.0,1689606
2021-04-06 09:43:48,1425.0,1689808
2021-04-06 09:43:49,1425.0,1690946
2021-04-06 09:43:50,1425.1,1693191
2021-04-06 09:43:51,1425.15,1695903
2021-04-06 09:43:51,1425.0,1695973
2021-04-06 09:43:53,1425.15,1696361
2021-04-06 09:43:54,1425.0,1696743
2021-04-06 09:43:55,1425.1,1696819
2021-04-06 09:43:56,1424.95,1704366
2021-04-06 09:43:57,1425.0,1706973
2021-04-06 09:43:58,1425.05,1707096
2021-04-06 09:43:59,1425.05,1707562
2021-04-06 09:44:00,1424.3,1708440
2021-04-06 09:44:01,1425.0,1708908
2021-04-06 09:44:02,1424.45,1710539
2021-04-06 09:44:02,1425.0,1710423
2021-04-06 09:44:04,1425.0,1710929
2021-04-06 09:44:05,1425.05,1711421
2021-04-06 09:44:06,1425.05,1711650
2021-04-06 09:44:07,1425.05,1712370
2021-04-06 09:44:08,1425.05,1712749
2021-04-06 09:44:10,1425.1,1713446
2021-04-06 09:44:09,1425.1,1713446
2021-04-06 09:44:11,1425.0,1713642
2021-04-06 09:44:12,1425.0,1714350
2021-04-06 09:44:13,1425.1,1715670
2021-04-06 09:44:14,1425.15,1716111
2021-04-06 09:44:15,1425.0,1716296
2021-04-06 09:44:16,1425.0,1717512
2021-04-06 09:44:17,1425.0,1717533
2021-04-06 09:44:18,1425.1,1718054
2021-04-06 09:44:19,1425.0,1718082
2021-04-06 09:44:20,1425.1,1718125
2021-04-06 09:44:21,1425.1,1718420
2021-04-06 09:44:22,1425.2,1719681
2021-04-06 09:44:23,1425.05,1720218
2021-04-06 09:44:24,1424.85,1721405
2021-04-06 09:44:25,1424.6,1721701
2021-04-06 09:44:26,1424.75,1721999
2021-04-06 09:44:27,1424.85,1722866
2021-04-06 09:44:28,1424.8,1722868
2021-04-06 09:44:29,1424.0,1723046
2021-04-06 09:44:30,1424.0,1723086
2021-04-06 09:44:31,1423.35,1726458
2021-04-06 09:44:32,1423.35,1726804
2021-04-06 09:44:33,1423.6,1726979
2021-04-06 09:44:34,1423.05,1727397
2021-04-06 09:44:35,1423.45,1727475
2021-04-06 09:44:36,1423.0,1729320
2021-04-06 09:44:37,1423.0,1729439
2021-04-06 09:44:38,1423.05,1729575
2021-04-06 09:44:39,1422.65,1729952
2021-04-06 09:44:40,1423.0,1730049
2021-04-06 09:44:41,1423.15,1731780
2021-04-06 09:44:42,1423.95,1732091
2021-04-06 09:44:43,1423.45,1732731
2021-04-06 09:44:44,1423.0,1732733
2021-04-06 09:44:45,1423.0,1732828
2021-04-06 09:44:46,1423.25,1732985
2021-04-06 09:44:47,1423.25,1733145
2021-04-06 09:44:48,1423.25,1733145
2021-04-06 09:44:49,1423.0,1735325
2021-04-06 09:44:50,1423.05,1735684
2021-04-06 09:44:51,1423.0,1736364
2021-04-06 09:44:52,1422.75,1736464
2021-04-06 09:44:53,1423.05,1736567
2021-04-06 09:44:54,1423.1,1736787
2021-04-06 09:44:55,1423.0,1736893
2021-04-06 09:44:56,1423.1,1737377
2021-04-06 09:44:57,1423.45,1737532
2021-04-06 09:44:58,1422.0,1741314
2021-04-06 09:44:59,1422.45,1741421
2021-04-06 09:45:00,1422.35,1741693
2021-04-06 09:45:01,1421.4,1749401
2021-04-06 09:45:02,1421.6,1749619
2021-04-06 09:45:03,1421.05,1749699
2021-04-06 09:45:04,1421.35,1750494
2021-04-06 09:45:05,1421.35,1750769
2021-04-06 09:45:06,1421.6,1751406
2021-04-06 09:45:07,1421.05,1751436
2021-04-06 09:45:08,1421.0,1751794
2021-04-06 09:45:09,1421.6,1751882
2021-04-06 09:45:10,1421.25,1753037
2021-04-06 09:45:11,1421.25,1754143
2021-04-06 09:45:12,1421.5,1754230
2021-04-06 09:45:13,1421.25,1754747
2021-04-06 09:45:14,1421.25,1754771
2021-04-06 09:45:15,1421.5,1755104
2021-04-06 09:45:16,1421.3,1755131
2021-04-06 09:45:17,1421.35,1755871
2021-04-06 09:45:18,1421.4,1756021
2021-04-06 09:45:19,1421.25,1756641
2021-04-06 09:45:20,1421.45,1756713
2021-04-06 09:45:21,1421.2,1757160
2021-04-06 09:45:22,1421.45,1757231
2021-04-06 09:45:23,1421.6,1757611
2021-04-06 09:45:24,1421.25,1758709
2021-04-06 09:45:25,1421.8,1758951
2021-04-06 09:45:26,1422.05,1759272
2021-04-06 09:45:27,1422.55,1759422
2021-04-06 09:45:28,1422.65,1759602
2021-04-06 09:45:29,1422.0,1759709
2021-04-06 09:45:30,1422.0,1759799
2021-04-06 09:45:31,1422.0,1760023
2021-04-06 09:45:32,1422.0,1760270
2021-04-06 09:45:34,1421.8,1760463
2021-04-06 09:45:33,1421.95,1760333
2021-04-06 09:45:35,1421.95,1760700
2021-04-06 09:45:36,1421.95,1760732
2021-04-06 09:45:37,1421.8,1760948
2021-04-06 09:45:38,1421.8,1761393
2021-04-06 09:45:39,1422.0,1761800
2021-04-06 09:45:40,1422.05,1762240
2021-04-06 09:45:41,1422.5,1762291
2021-04-06 09:45:42,1422.5,1762472
2021-04-06 09:45:43,1422.5,1762583
2021-04-06 09:45:44,1422.5,1762744
2021-04-06 09:45:45,1422.5,1762810
2021-04-06 09:45:46,1422.5,1763222
2021-04-06 09:45:47,1422.7,1763856
2021-04-06 09:45:48,1422.7,1764361
2021-04-06 09:45:49,1423.0,1766461
2021-04-06 09:45:50,1422.9,1767211
2021-04-06 09:45:51,1423.35,1767361
2021-04-06 09:45:52,1422.9,1767501
2021-04-06 09:45:53,1423.25,1768076
2021-04-06 09:45:54,1422.65,1768082
2021-04-06 09:45:55,1423.2,1768113
2021-04-06 09:45:56,1423.25,1768540
2021-04-06 09:45:57,1423.25,1768544
2021-04-06 09:45:58,1423.5,1768794
2021-04-06 09:45:59,1423.3,1768840
2021-04-06 09:46:00,1423.4,1768929
2021-04-06 09:46:01,1422.9,1769039
2021-04-06 09:46:02,1423.25,1769086
2021-04-06 09:46:03,1423.25,1769086
2021-04-06 09:46:04,1423.1,1769191
2021-04-06 09:46:05,1423.15,1771824
2021-04-06 09:46:06,1423.0,1771919
2021-04-06 09:46:07,1422.8,1772616
2021-04-06 09:46:08,1422.8,1772777
2021-04-06 09:46:09,1422.75,1772926
2021-04-06 09:46:10,1422.7,1773053
2021-04-06 09:46:11,1422.7,1773210
2021-04-06 09:46:12,1422.7,1773857
2021-04-06 09:46:13,1422.65,1773903
2021-04-06 09:46:14,1422.5,1774093
2021-04-06 09:46:15,1422.45,1774578
2021-04-06 09:46:16,1422.45,1774883
2021-04-06 09:46:18,1422.05,1775108
2021-04-06 09:46:18,1422.25,1775112
2021-04-06 09:46:19,1422.4,1775278
2021-04-06 09:46:20,1422.4,1775278
2021-04-06 09:46:21,1422.3,1775407
2021-04-06 09:46:22,1422.35,1775451
2021-04-06 09:46:23,1422.4,1775551
2021-04-06 09:46:24,1422.3,1777357
2021-04-06 09:46:25,1422.35,1777379
2021-04-06 09:46:26,1422.0,1777674
2021-04-06 09:46:27,1422.2,1777711
2021-04-06 09:46:28,1422.1,1777727
2021-04-06 09:46:29,1422.3,1778013
2021-04-06 09:46:30,1422.3,1778173
2021-04-06 09:46:31,1422.05,1778366
2021-04-06 09:46:33,1422.2,1778375
2021-04-06 09:46:34,1422.05,1778478
2021-04-06 09:46:35,1422.05,1778532
2021-04-06 09:46:36,1422.15,1778607
2021-04-06 09:46:37,1422.15,1778832
2021-04-06 09:46:38,1422.1,1778965
2021-04-06 09:46:38,1422.1,1778965
2021-04-06 09:46:39,1422.1,1779092
2021-04-06 09:46:40,1422.1,1779155
2021-04-06 09:46:43,1421.8,1780279
2021-04-06 09:46:44,1421.7,1780675
2021-04-06 09:46:45,1421.9,1781025
2021-04-06 09:46:46,1421.5,1781293
2021-04-06 09:46:47,1421.1,1781303
2021-04-06 09:46:47,1421.1,1781303
2021-04-06 09:46:48,1421.45,1781543
2021-04-06 09:46:49,1421.1,1781701
2021-04-06 09:46:50,1421.0,1781857
2021-04-06 09:46:51,1421.5,1782208
2021-04-06 09:46:52,1421.5,1782208
2021-04-06 09:46:53,1421.1,1782223
2021-04-06 09:46:55,1421.5,1782335
2021-04-06 09:46:56,1421.1,1783199
2021-04-06 09:46:56,1421.0,1783195
2021-04-06 09:46:57,1421.1,1783264
2021-04-06 09:46:58,1421.35,1783311
2021-04-06 09:46:59,1421.0,1783611
2021-04-06 09:47:00,1421.0,1783662
2021-04-06 09:47:01,1421.0,1783906
2021-04-06 09:47:02,1421.1,1784737
2021-04-06 09:47:03,1421.1,1785345
2021-04-06 09:47:04,1421.0,1785417
2021-04-06 09:47:05,1421.1,1785698
2021-04-06 09:47:06,1421.1,1786022
2021-04-06 09:47:08,1421.1,1786137
2021-04-06 09:47:09,1421.0,1786367
2021-04-06 09:47:09,1421.1,1786442
2021-04-06 09:47:10,1421.0,1786453
2021-04-06 09:47:11,1421.0,1786952
2021-04-06 09:47:12,1421.05,1787019
2021-04-06 09:47:13,1421.1,1787315
2021-04-06 09:47:15,1421.0,1787813
2021-04-06 09:47:15,1421.0,1787813
2021-04-06 09:47:16,1421.1,1788519
2021-04-06 09:47:17,1421.05,1788806
2021-04-06 09:47:18,1421.0,1789005
2021-04-06 09:47:19,1421.1,1790438
2021-04-06 09:47:20,1421.1,1790438
2021-04-06 09:47:21,1421.25,1790768
2021-04-06 09:47:23,1421.35,1790988
2021-04-06 09:47:24,1421.05,1791671
2021-04-06 09:47:24,1421.15,1791672
2021-04-06 09:47:25,1421.2,1791697
2021-04-06 09:47:26,1421.4,1792208
2021-04-06 09:47:27,1421.4,1792294
2021-04-06 09:47:28,1421.4,1792295
2021-04-06 09:47:29,1421.2,1792988
2021-04-06 09:47:31,1421.1,1793019
2021-04-06 09:47:31,1421.1,1793053
2021-04-06 09:47:32,1421.05,1794178
2021-04-06 09:47:33,1421.15,1794266
2021-04-06 09:47:34,1421.25,1794601
2021-04-06 09:47:35,1421.45,1794710
2021-04-06 09:47:36,1421.45,1794723
2021-04-06 09:47:37,1421.45,1794953
2021-04-06 09:47:39,1421.55,1795605
2021-04-06 09:47:39,1421.55,1795605
2021-04-06 09:47:40,1420.7,1798918
2021-04-06 09:47:41,1420.7,1798987
2021-04-06 09:47:42,1420.7,1799147
2021-04-06 09:47:43,1420.8,1799187
2021-04-06 09:47:45,1420.3,1799268
2021-04-06 09:47:46,1420.7,1799276
2021-04-06 09:47:47,1420.6,1799318
2021-04-06 09:47:47,1420.65,1799314
2021-04-06 09:47:48,1420.1,1799461
2021-04-06 09:47:49,1420.35,1802175
2021-04-06 09:47:50,1420.0,1804277
2021-04-06 09:47:51,1420.0,1804524
2021-04-06 09:47:52,1420.15,1805834
2021-04-06 09:47:53,1420.05,1805909
2021-04-06 09:47:54,1420.3,1806411
2021-04-06 09:47:55,1420.1,1806725
2021-04-06 09:47:56,1420.8,1807025
2021-04-06 09:47:57,1420.6,1807180
2021-04-06 09:47:58,1420.4,1807190
2021-04-06 09:48:00,1420.6,1808250
2021-04-06 09:48:01,1420.0,1808304
2021-04-06 09:48:02,1420.0,1809400
2021-04-06 09:48:02,1420.0,1809400
2021-04-06 09:48:03,1420.4,1809405
2021-04-06 09:48:04,1420.4,1809405
2021-04-06 09:48:05,1420.0,1809679
2021-04-06 09:48:06,1420.0,1809682
2021-04-06 09:48:07,1420.2,1809835
2021-04-06 09:48:08,1420.35,1810071
2021-04-06 09:48:10,1420.05,1810482
2021-04-06 09:48:10,1420.0,1810527
2021-04-06 09:48:11,1420.05,1811164
2021-04-06 09:48:12,1420.05,1811308
2021-04-06 09:48:13,1420.0,1811472
2021-04-06 09:48:15,1420.05,1812270
2021-04-06 09:48:16,1420.0,1812399
2021-04-06 09:48:16,1420.0,1812399
2021-04-06 09:48:17,1420.0,1812459
2021-04-06 09:48:18,1420.05,1812515
2021-04-06 09:48:19,1420.4,1813118
2021-04-06 09:48:20,1420.2,1813169
2021-04-06 09:48:22,1420.0,1813240
2021-04-06 09:48:22,1420.0,1813240
2021-04-06 09:48:23,1420.0,1813285
2021-04-06 09:48:24,1420.35,1813540
2021-04-06 09:48:25,1419.6,1813654
2021-04-06 09:48:27,1419.85,1813690
2021-04-06 09:48:28,1420.45,1814187
2021-04-06 09:48:28,1420.45,1814187
2021-04-06 09:48:29,1420.0,1814446
2021-04-06 09:48:30,1419.7,1814478
2021-04-06 09:48:32,1420.0,1814532
2021-04-06 09:48:33,1419.8,1814563
2021-04-06 09:48:33,1419.8,1814566
2021-04-06 09:48:34,1420.0,1814824
2021-04-06 09:48:35,1419.9,1816135
2021-04-06 09:48:36,1419.75,1816720
2021-04-06 09:48:37,1419.75,1816720
2021-04-06 09:48:38,1419.7,1816775
2021-04-06 09:48:39,1419.25,1816804
2021-04-06 09:48:41,1419.7,1816912
2021-04-06 09:48:42,1419.7,1817241
2021-04-06 09:48:42,1419.7,1817245
2021-04-06 09:48:43,1419.7,1818024
2021-04-06 09:48:44,1419.7,1818169
2021-04-06 09:48:45,1419.7,1818264
2021-04-06 09:48:46,1419.55,1818266
2021-04-06 09:48:48,1419.7,1818390
2021-04-06 09:48:49,1419.55,1818803
2021-04-06 09:48:49,1419.25,1818959
2021-04-06 09:48:50,1419.3,1818984
2021-04-06 09:48:51,1419.3,1819075
2021-04-06 09:48:52,1419.3,1819097
2021-04-06 09:48:53,1419.3,1819211
2021-04-06 09:48:54,1419.3,1819238
2021-04-06 09:48:56,1419.2,1820575
2021-04-06 09:48:57,1419.15,1821556
2021-04-06 09:48:58,1419.1,1821605
2021-04-06 09:48:59,1419.1,1821733
2021-04-06 09:49:00,1419.1,1821786
2021-04-06 09:49:01,1419.3,1821936
2021-04-06 09:49:02,1419.1,1822150
2021-04-06 09:49:02,1419.3,1822192
2021-04-06 09:49:03,1419.3,1823626
2021-04-06 09:49:04,1419.1,1823636
2021-04-06 09:49:05,1419.0,1826386
2021-04-06 09:49:06,1419.2,1826414
2021-04-06 09:49:08,1419.5,1826539
2021-04-06 09:49:09,1419.75,1828909
2021-04-06 09:49:09,1420.0,1828813
2021-04-06 09:49:10,1420.0,1829166
2021-04-06 09:49:11,1419.55,1829251
2021-04-06 09:49:12,1419.95,1830163
2021-04-06 09:49:13,1420.5,1830308
2021-04-06 09:49:14,1420.0,1830402
2021-04-06 09:49:16,1420.35,1830483
2021-04-06 09:49:17,1420.5,1831064
2021-04-06 09:49:17,1420.3,1831119
2021-04-06 09:49:18,1419.8,1831644
2021-04-06 09:49:19,1420.5,1832670
2021-04-06 09:49:20,1420.15,1832857
2021-04-06 09:49:21,1420.15,1832942
2021-04-06 09:49:23,1420.5,1833068
2021-04-06 09:49:24,1420.15,1833073
2021-04-06 09:49:25,1420.8,1833204
2021-04-06 09:49:25,1420.8,1833204
2021-04-06 09:49:26,1420.75,1833206
2021-04-06 09:49:27,1420.7,1833510
2021-04-06 09:49:28,1420.65,1833545
2021-04-06 09:49:30,1420.4,1833757
2021-04-06 09:49:31,1420.7,1834181
2021-04-06 09:49:31,1420.7,1834181
2021-04-06 09:49:32,1420.0,1834212
2021-04-06 09:49:33,1420.0,1834363
2021-04-06 09:49:34,1420.0,1834440
2021-04-06 09:49:35,1420.25,1839740
2021-04-06 09:49:36,1420.0,1840460
2021-04-06 09:49:38,1420.0,1840951
2021-04-06 09:49:39,1420.6,1844775
2021-04-06 09:49:39,1420.6,1844775
2021-04-06 09:49:40,1420.7,1844895
2021-04-06 09:49:41,1420.6,1846081
2021-04-06 09:49:42,1420.6,1846224
2021-04-06 09:49:43,1420.7,1846271
2021-04-06 09:49:44,1420.7,1846451
2021-04-06 09:49:45,1420.7,1846460
2021-04-06 09:49:46,1420.8,1846660
2021-04-06 09:49:47,1420.7,1846661
2021-04-06 09:49:48,1421.0,1848142
2021-04-06 09:49:50,1421.3,1848625
2021-04-06 09:49:51,1421.25,1848675
2021-04-06 09:49:51,1421.25,1848675
2021-04-06 09:49:52,1421.15,1848677
2021-04-06 09:49:53,1421.25,1848692
2021-04-06 09:49:54,1421.0,1850890
2021-04-06 09:49:56,1421.25,1852165
2021-04-06 09:49:57,1421.0,1852212
2021-04-06 09:49:58,1421.25,1852892
2021-04-06 09:49:58,1421.25,1852892
2021-04-06 09:49:59,1421.25,1853034
2021-04-06 09:50:00,1421.25,1853416
2021-04-06 09:50:01,1421.25,1853416
2021-04-06 09:50:02,1421.25,1854527
2021-04-06 09:50:03,1421.25,1854537
2021-04-06 09:50:04,1421.0,1854637
2021-04-06 09:50:05,1421.15,1854686
2021-04-06 09:50:06,1421.15,1854686
2021-04-06 09:50:07,1421.15,1854733
2021-04-06 09:50:08,1421.15,1855502
2021-04-06 09:50:09,1421.0,1855702
2021-04-06 09:50:10,1421.15,1855703
2021-04-06 09:50:11,1421.1,1855707
2021-04-06 09:50:12,1421.15,1855990
2021-04-06 09:50:14,1421.2,1856091
2021-04-06 09:50:15,1421.1,1856093
2021-04-06 09:50:15,1421.1,1856094
2021-04-06 09:50:16,1421.1,1856689
2021-04-06 09:50:17,1421.15,1856744
2021-04-06 09:50:18,1421.05,1856954
2021-04-06 09:50:19,1421.15,1857015
2021-04-06 09:50:20,1421.2,1857123
2021-04-06 09:50:22,1421.25,1857194
2021-04-06 09:50:23,1421.2,1857199
2021-04-06 09:50:24,1421.25,1858225
2021-04-06 09:50:25,1421.25,1858231
2021-04-06 09:50:25,1421.25,1858231
2021-04-06 09:50:26,1421.2,1858235
2021-04-06 09:50:27,1421.25,1858344
2021-04-06 09:50:28,1421.25,1858420
2021-04-06 09:50:29,1421.25,1858464
2021-04-06 09:50:31,1421.05,1858495
2021-04-06 09:50:32,1421.15,1858639
2021-04-06 09:50:32,1421.25,1858641
2021-04-06 09:50:33,1421.25,1858711
2021-04-06 09:50:34,1421.0,1858841
2021-04-06 09:50:36,1421.25,1859212
2021-04-06 09:50:37,1421.0,1859242
2021-04-06 09:50:38,1421.25,1859361
2021-04-06 09:50:39,1421.0,1859411
2021-04-06 09:50:40,1421.3,1859523
2021-04-06 09:50:41,1421.5,1859546
2021-04-06 09:50:42,1421.3,1859585
2021-04-06 09:50:43,1421.85,1860889
2021-04-06 09:50:44,1421.4,1861524
2021-04-06 09:50:44,1421.0,1861499
2021-04-06 09:50:45,1421.4,1861568
2021-04-06 09:50:46,1421.4,1862278
2021-04-06 09:50:47,1421.4,1862302
2021-04-06 09:50:49,1421.2,1862327
2021-04-06 09:50:50,1421.2,1862327
2021-04-06 09:50:51,1421.3,1862409
2021-04-06 09:50:52,1421.3,1862409
2021-04-06 09:50:53,1421.3,1862510
2021-04-06 09:50:54,1421.0,1863110
2021-04-06 09:50:55,1421.3,1863473
2021-04-06 09:50:56,1421.3,1863487
2021-04-06 09:50:57,1421.25,1863798
2021-04-06 09:50:57,1421.4,1863788
2021-04-06 09:50:58,1421.0,1864005
2021-04-06 09:51:00,1421.0,1864005
2021-04-06 09:51:01,1421.25,1864082
2021-04-06 09:51:02,1421.25,1864082
2021-04-06 09:51:03,1421.25,1864083
2021-04-06 09:51:04,1421.15,1864098
2021-04-06 09:51:04,1421.15,1864093
2021-04-06 09:51:05,1421.15,1864262
2021-04-06 09:51:06,1421.15,1864262
2021-04-06 09:51:07,1421.7,1866285
2021-04-06 09:51:09,1421.0,1866292
2021-04-06 09:51:10,1421.15,1866337
2021-04-06 09:51:11,1421.0,1866830
2021-04-06 09:51:12,1421.15,1867597
2021-04-06 09:51:13,1421.15,1867677
2021-04-06 09:51:14,1421.15,1867702
2021-04-06 09:51:15,1421.0,1867715
2021-04-06 09:51:16,1421.15,1867961
2021-04-06 09:51:16,1421.15,1867961
2021-04-06 09:51:17,1421.05,1868121
2021-04-06 09:51:18,1421.05,1868264
2021-04-06 09:51:19,1421.05,1868264
2021-04-06 09:51:20,1421.15,1868315
2021-04-06 09:51:22,1421.15,1868819
2021-04-06 09:51:23,1421.15,1869119
2021-04-06 09:51:24,1421.2,1869155
2021-04-06 09:51:25,1421.25,1869200
2021-04-06 09:51:26,1421.15,1869390
2021-04-06 09:51:27,1421.2,1869398
2021-04-06 09:51:28,1421.2,1869398
2021-04-06 09:51:28,1421.15,1869399
2021-04-06 09:51:29,1421.2,1869479
2021-04-06 09:51:30,1421.15,1869635
2021-04-06 09:51:32,1421.3,1869845
2021-04-06 09:51:33,1421.15,1870098
2021-04-06 09:51:34,1421.15,1870098
2021-04-06 09:51:34,1421.15,1870098
2021-04-06 09:51:35,1421.25,1870117
2021-04-06 09:51:36,1421.15,1870130
2021-04-06 09:51:37,1421.15,1870130
2021-04-06 09:51:39,1421.25,1870268
2021-04-06 09:51:40,1421.25,1870398
2021-04-06 09:51:41,1421.4,1870723
2021-04-06 09:51:41,1421.4,1870723
2021-04-06 09:51:42,1421.25,1870831
2021-04-06 09:51:43,1421.2,1871435
2021-04-06 09:51:44,1421.25,1871446
2021-04-06 09:51:46,1421.2,1871592
2021-04-06 09:51:47,1421.2,1871842
2021-04-06 09:51:48,1421.2,1871842
2021-04-06 09:51:48,1421.2,1871842
2021-04-06 09:51:49,1421.2,1872813
2021-04-06 09:51:51,1421.25,1873185
2021-04-06 09:51:52,1421.2,1873372
2021-04-06 09:51:53,1421.2,1875013
2021-04-06 09:51:53,1421.2,1875013
2021-04-06 09:51:54,1421.2,1875142
2021-04-06 09:51:56,1421.2,1875203
2021-04-06 09:51:57,1421.2,1875736
2021-04-06 09:51:58,1421.2,1876053
2021-04-06 09:51:59,1421.25,1876504
2021-04-06 09:52:00,1421.25,1876665
2021-04-06 09:52:01,1421.1,1876696
2021-04-06 09:52:01,1421.1,1876722
2021-04-06 09:52:02,1421.1,1876753
2021-04-06 09:52:04,1421.2,1876809
2021-04-06 09:52:05,1421.2,1876853
2021-04-06 09:52:06,1421.2,1876853
2021-04-06 09:52:07,1421.05,1876868
2021-04-06 09:52:08,1421.05,1876868
2021-04-06 09:52:08,1421.2,1876886
2021-04-06 09:52:09,1421.15,1877020
2021-04-06 09:52:10,1421.2,1877245
2021-04-06 09:52:12,1421.2,1877245
2021-04-06 09:52:13,1421.1,1877485
2021-04-06 09:52:14,1421.2,1877512
2021-04-06 09:52:14,1421.2,1877512
2021-04-06 09:52:15,1421.1,1877517
2021-04-06 09:52:16,1421.3,1877938
2021-04-06 09:52:18,1421.2,1878094
2021-04-06 09:52:19,1421.25,1878144
2021-04-06 09:52:20,1421.3,1879064
2021-04-06 09:52:21,1421.3,1879194
2021-04-06 09:52:22,1421.3,1879395
2021-04-06 09:52:22,1421.3,1879395
2021-04-06 09:52:23,1421.3,1879405
2021-04-06 09:52:24,1421.3,1880252
2021-04-06 09:52:26,1421.4,1880652
2021-04-06 09:52:27,1421.4,1880652
2021-04-06 09:52:28,1421.15,1880659
2021-04-06 09:52:29,1421.2,1880708
2021-04-06 09:52:30,1421.3,1880919
2021-04-06 09:52:30,1421.2,1880921
2021-04-06 09:52:31,1421.2,1880933
2021-04-06 09:52:32,1421.2,1880990
2021-04-06 09:52:34,1421.2,1881872
2021-04-06 09:52:35,1421.4,1881879
2021-04-06 09:52:35,1421.75,1881873
2021-04-06 09:52:36,1421.75,1882900
2021-04-06 09:52:38,1421.75,1882950
2021-04-06 09:52:39,1421.7,1883116
2021-04-06 09:52:40,1421.15,1883127
2021-04-06 09:52:41,1421.2,1883384
2021-04-06 09:52:42,1421.45,1884206
2021-04-06 09:52:42,1421.0,1884181
2021-04-06 09:52:43,1421.45,1884217
2021-04-06 09:52:44,1421.45,1884230
2021-04-06 09:52:45,1421.15,1884425
2021-04-06 09:52:47,1421.4,1884661
2021-04-06 09:52:48,1421.4,1884661
2021-04-06 09:52:49,1421.15,1884717
2021-04-06 09:52:50,1421.45,1885348
2021-04-06 09:52:51,1421.45,1885409
2021-04-06 09:52:52,1421.45,1885426
2021-04-06 09:52:52,1421.45,1885426
2021-04-06 09:52:53,1421.55,1885509
2021-04-06 09:52:54,1421.45,1885514
2021-04-06 09:52:56,1421.5,1885627
2021-04-06 09:52:57,1421.45,1885655
2021-04-06 09:52:57,1421.5,1885629
2021-04-06 09:52:58,1421.5,1885669
2021-04-06 09:53:00,1421.85,1886271
2021-04-06 09:53:01,1421.95,1886514
2021-04-06 09:53:02,1421.95,1886514
2021-04-06 09:53:03,1421.95,1886534
2021-04-06 09:53:04,1421.75,1886538
2021-04-06 09:53:04,1421.75,1886538
2021-04-06 09:53:06,1421.75,1887130
2021-04-06 09:53:07,1421.75,1887145
2021-04-06 09:53:08,1421.65,1887163
2021-04-06 09:53:09,1421.75,1887277
2021-04-06 09:53:10,1421.75,1887408
2021-04-06 09:53:11,1421.95,1887415
2021-04-06 09:53:12,1421.95,1887470
2021-04-06 09:53:13,1421.95,1887470
2021-04-06 09:53:14,1421.9,1887551
2021-04-06 09:53:14,1421.9,1887551
2021-04-06 09:53:15,1421.95,1887993
2021-04-06 09:53:17,1421.95,1887993
2021-04-06 09:53:18,1421.95,1888157
2021-04-06 09:53:19,1421.75,1888177
2021-04-06 09:53:20,1421.85,1888182
2021-04-06 09:53:21,1421.85,1888234
2021-04-06 09:53:21,1421.85,1888235
2021-04-06 09:53:22,1421.85,1888425
2021-04-06 09:53:24,1421.75,1888426
2021-04-06 09:53:25,1421.85,1888572
2021-04-06 09:53:26,1421.85,1888586
2021-04-06 09:53:27,1421.95,1888829
2021-04-06 09:53:28,1421.85,1888834
2021-04-06 09:53:28,1421.85,1888840
2021-04-06 09:53:30,1421.7,1890036
2021-04-06 09:53:31,1421.75,1890291
2021-04-06 09:53:32,1421.85,1890477
2021-04-06 09:53:33,1421.95,1890599
2021-04-06 09:53:34,1422.0,1890727
2021-04-06 09:53:34,1422.4,1890783
2021-04-06 09:53:36,1422.4,1890786
2021-04-06 09:53:37,1422.5,1890866
2021-04-06 09:53:38,1422.0,1890898
2021-04-06 09:53:39,1422.0,1890910
2021-04-06 09:53:40,1422.0,1890910
2021-04-06 09:53:41,1422.35,1891208
2021-04-06 09:53:41,1422.35,1891205
2021-04-06 09:53:42,1422.35,1891208
2021-04-06 09:53:44,1422.3,1891391
2021-04-06 09:53:45,1422.3,1891451
2021-04-06 09:53:46,1422.0,1891532
2021-04-06 09:53:47,1422.3,1891538
2021-04-06 09:53:48,1422.3,1891557
2021-04-06 09:53:48,1422.3,1891557
2021-04-06 09:53:50,1422.05,1891653
2021-04-06 09:53:51,1422.15,1891708
2021-04-06 09:53:52,1422.0,1891823
2021-04-06 09:53:53,1422.15,1891855
2021-04-06 09:53:54,1422.05,1891966
2021-04-06 09:53:54,1422.05,1891966
2021-04-06 09:53:56,1422.0,1893071
2021-04-06 09:53:57,1422.0,1893071
2021-04-06 09:53:58,1422.2,1893285
2021-04-06 09:53:59,1422.15,1893286
2021-04-06 09:54:00,1422.0,1894037
2021-04-06 09:54:01,1422.15,1894041
2021-04-06 09:54:02,1422.1,1894097
2021-04-06 09:54:03,1422.15,1894101
2021-04-06 09:54:03,1422.15,1894101
2021-04-06 09:54:04,1422.15,1894107
2021-04-06 09:54:05,1422.15,1894169
2021-04-06 09:54:07,1422.15,1894171
2021-04-06 09:54:08,1422.0,1894177
2021-04-06 09:54:09,1422.15,1894209
2021-04-06 09:54:10,1422.15,1894229
2021-04-06 09:54:11,1422.15,1894240
2021-04-06 09:54:12,1422.15,1894295
2021-04-06 09:54:13,1422.15,1894443
2021-04-06 09:54:13,1422.15,1894443
2021-04-06 09:54:14,1422.15,1894495
2021-04-06 09:54:16,1422.15,1894614
2021-04-06 09:54:17,1422.15,1894616
2021-04-06 09:54:18,1422.15,1894628
2021-04-06 09:54:19,1422.15,1894641
2021-04-06 09:54:20,1422.15,1894744
2021-04-06 09:54:21,1422.0,1894995
2021-04-06 09:54:21,1422.0,1894895
2021-04-06 09:54:23,1421.8,1895033
2021-04-06 09:54:24,1422.0,1895664
2021-04-06 09:54:25,1422.0,1895670
2021-04-06 09:54:26,1422.1,1896199
2021-04-06 09:54:27,1422.15,1896217
2021-04-06 09:54:28,1422.15,1896232
2021-04-06 09:54:29,1422.15,1896277
2021-04-06 09:54:30,1421.9,1896475
2021-04-06 09:54:31,1422.15,1896536
2021-04-06 09:54:31,1422.15,1896536
2021-04-06 09:54:32,1422.0,1896596
2021-04-06 09:54:34,1422.0,1896598
2021-04-06 09:54:35,1422.0,1896634
2021-04-06 09:54:36,1422.15,1896654
2021-04-06 09:54:37,1422.1,1899240
2021-04-06 09:54:38,1421.85,1900522
2021-04-06 09:54:39,1422.15,1900649
2021-04-06 09:54:40,1422.1,1900814
2021-04-06 09:54:41,1422.1,1900851
2021-04-06 09:54:42,1422.1,1900851
2021-04-06 09:54:42,1422.1,1900851
2021-04-06 09:54:43,1422.1,1900851
2021-04-06 09:54:45,1421.95,1904300
2021-04-06 09:54:46,1422.15,1905475
2021-04-06 09:54:47,1422.0,1905505
2021-04-06 09:54:48,1421.55,1905932
2021-04-06 09:54:49,1422.0,1906094
2021-04-06 09:54:50,1422.0,1906142
2021-04-06 09:54:50,1422.1,1906192
2021-04-06 09:54:51,1422.15,1906217
2021-04-06 09:54:53,1422.15,1907322
2021-04-06 09:54:54,1422.0,1907370
2021-04-06 09:54:55,1421.85,1910452
2021-04-06 09:54:56,1421.95,1910555
2021-04-06 09:54:57,1421.85,1910667
2021-04-06 09:54:58,1421.8,1911456
2021-04-06 09:54:59,1421.8,1911456
2021-04-06 09:55:00,1421.8,1911456
2021-04-06 09:55:01,1421.85,1912915
2021-04-06 09:55:02,1421.85,1913645
2021-04-06 09:55:03,1421.8,1914396
2021-04-06 09:55:04,1421.8,1914396
2021-04-06 09:55:05,1421.85,1914446
2021-04-06 09:55:06,1421.4,1914597
2021-04-06 09:55:07,1421.4,1914598
2021-04-06 09:55:08,1421.35,1914811
2021-04-06 09:55:09,1421.75,1914880
2021-04-06 09:55:10,1421.65,1914945
2021-04-06 09:55:11,1421.7,1914990
2021-04-06 09:55:12,1421.65,1915204
2021-04-06 09:55:13,1421.65,1915214
2021-04-06 09:55:14,1421.75,1915264
2021-04-06 09:55:15,1421.4,1915502
2021-04-06 09:55:16,1421.5,1915521
2021-04-06 09:55:17,1421.6,1915565
2021-04-06 09:55:18,1421.35,1915600
2021-04-06 09:55:19,1421.35,1915600
2021-04-06 09:55:20,1421.5,1915691
2021-04-06 09:55:21,1421.6,1916001
2021-04-06 09:55:22,1421.95,1961447
2021-04-06 09:55:23,1422.0,1961489
2021-04-06 09:55:24,1421.75,1961490
2021-04-06 09:55:25,1421.5,1961668
2021-04-06 09:55:26,1421.5,1961668
2021-04-06 09:55:27,1421.65,1962268
2021-04-06 09:55:28,1421.65,1962275
2021-04-06 09:55:29,1421.6,1962305
2021-04-06 09:55:30,1421.6,1962305
2021-04-06 09:55:31,1421.65,1962465
2021-04-06 09:55:32,1421.65,1962508
2021-04-06 09:55:33,1421.7,1962585
2021-04-06 09:55:34,1421.7,1962614
2021-04-06 09:55:35,1421.7,1962630
2021-04-06 09:55:36,1421.7,1962630
2021-04-06 09:55:37,1421.7,1962656
2021-04-06 09:55:38,1421.7,1962661
2021-04-06 09:55:39,1421.95,1962676
2021-04-06 09:55:40,1421.7,1962702
2021-04-06 09:55:41,1421.9,1962754
2021-04-06 09:55:42,1421.9,1962914
2021-04-06 09:55:43,1421.9,1962964
2021-04-06 09:55:44,1421.9,1962964
2021-04-06 09:55:45,1421.9,1962984
2021-04-06 09:55:46,1421.85,1962994
2021-04-06 09:55:47,1421.85,1962994
2021-04-06 09:55:48,1421.85,1963072
2021-04-06 09:55:49,1421.85,1963072
2021-04-06 09:55:50,1421.7,1975257
2021-04-06 09:55:51,1421.9,1975326
2021-04-06 09:55:52,1421.85,1975541
2021-04-06 09:55:53,1421.95,1975610
2021-04-06 09:55:54,1421.9,1975660
2021-04-06 09:55:55,1421.9,1975708
2021-04-06 09:55:56,1422.05,1975737
2021-04-06 09:55:57,1421.9,1977184
2021-04-06 09:55:58,1421.9,1977184
2021-04-06 09:55:59,1422.05,1977198
2021-04-06 09:56:00,1422.0,1977217
2021-04-06 09:56:01,1422.0,1978052
2021-04-06 09:56:02,1422.2,1978102
2021-04-06 09:56:03,1422.2,1978127
2021-04-06 09:56:04,1422.2,1978129
2021-04-06 09:56:05,1422.0,1978254
2021-04-06 09:56:06,1422.2,1978408
2021-04-06 09:56:07,1422.2,1978523
2021-04-06 09:56:08,1422.2,1978801
2021-04-06 09:56:09,1422.0,1978811
2021-04-06 09:56:10,1422.0,1978891
2021-04-06 09:56:11,1421.7,1978942
2021-04-06 09:56:12,1422.05,1978952
2021-04-06 09:56:13,1421.95,1979024
2021-04-06 09:56:14,1421.95,1979573
2021-04-06 09:56:15,1422.0,1979773
2021-04-06 09:56:16,1422.0,1979964
2021-04-06 09:56:17,1422.0,1980031
2021-04-06 09:56:18,1422.0,1980042
2021-04-06 09:56:19,1422.15,1980053
2021-04-06 09:56:20,1422.15,1980282
2021-04-06 09:56:21,1422.2,1980476
2021-04-06 09:56:22,1422.1,1980629
2021-04-06 09:56:23,1422.1,1980640
2021-04-06 09:56:24,1422.0,1980655
2021-04-06 09:56:25,1422.0,1980721
2021-04-06 09:56:26,1422.0,1983671
2021-04-06 09:56:27,1422.05,1983727
2021-04-06 09:56:28,1422.05,1983742
2021-04-06 09:56:29,1421.95,1983790
2021-04-06 09:56:30,1422.05,1984594
2021-04-06 09:56:31,1422.05,1985001
2021-04-06 09:56:32,1422.05,1985012
2021-04-06 09:56:33,1422.0,1985158
2021-04-06 09:56:34,1422.0,1985891
2021-04-06 09:56:35,1422.0,1986140
2021-04-06 09:56:37,1421.7,1986193
2021-04-06 09:56:36,1421.95,1986183
2021-04-06 09:56:38,1421.75,1986376
2021-04-06 09:56:39,1422.15,1988922
2021-04-06 09:56:40,1422.15,1988922
2021-04-06 09:56:41,1421.85,1988961
2021-04-06 09:56:42,1421.85,1988961
2021-04-06 09:56:43,1421.7,1988997
2021-04-06 09:56:44,1421.7,1988997
2021-04-06 09:56:45,1422.0,1989042
2021-04-06 09:56:46,1422.0,1989193
2021-04-06 09:56:47,1422.0,1989193
2021-04-06 09:56:48,1421.75,1992737
2021-04-06 09:56:49,1422.0,1992819
2021-04-06 09:56:50,1421.85,1992872
2021-04-06 09:56:51,1421.85,1992989
2021-04-06 09:56:52,1422.0,1993000
2021-04-06 09:56:53,1422.15,1993067
2021-04-06 09:56:54,1422.0,1993184
2021-04-06 09:56:55,1422.15,1993793
2021-04-06 09:56:56,1422.15,1993793
2021-04-06 09:56:57,1422.15,1993818
2021-04-06 09:56:58,1422.0,1994066
2021-04-06 09:56:59,1422.15,1994071
2021-04-06 09:57:00,1422.15,1994191
2021-04-06 09:57:01,1422.2,1994236
2021-04-06 09:57:02,1422.0,1994436
2021-04-06 09:57:03,1422.2,1994437
2021-04-06 09:57:04,1422.15,1994442
2021-04-06 09:57:05,1422.2,1994460
2021-04-06 09:57:06,1422.2,1994461
2021-04-06 09:57:07,1422.0,1994499
2021-04-06 09:57:09,1421.95,1995109
2021-04-06 09:57:09,1422.0,1995124
2021-04-06 09:57:10,1422.0,1995194
2021-04-06 09:57:11,1422.15,1996182
2021-04-06 09:57:12,1422.0,1996192
2021-04-06 09:57:13,1422.05,1996204
2021-04-06 09:57:14,1422.1,1996384
2021-04-06 09:57:16,1422.0,1996582
2021-04-06 09:57:16,1422.0,1996582
2021-04-06 09:57:17,1422.05,1997352
2021-04-06 09:57:18,1422.2,1997591
2021-04-06 09:57:19,1422.2,1997591
2021-04-06 09:57:20,1422.0,1997691
2021-04-06 09:57:22,1422.0,1997826
2021-04-06 09:57:23,1422.0,1997979
2021-04-06 09:57:23,1422.0,1998099
2021-04-06 09:57:24,1422.15,1998124
2021-04-06 09:57:25,1422.0,1998289
2021-04-06 09:57:26,1422.05,1998340
2021-04-06 09:57:28,1421.9,1998492
2021-04-06 09:57:28,1421.9,1998492
2021-04-06 09:57:29,1422.15,1999192
2021-04-06 09:57:30,1422.15,1999344
2021-04-06 09:57:31,1422.15,1999360
2021-04-06 09:57:32,1422.0,1999460
2021-04-06 09:57:34,1422.0,1999696
2021-04-06 09:57:34,1422.0,1999696
2021-04-06 09:57:35,1422.0,1999700
2021-04-06 09:57:36,1422.0,1999700
2021-04-06 09:57:37,1422.15,2000055
2021-04-06 09:57:38,1422.0,2000080
2021-04-06 09:57:40,1422.15,2000114
2021-04-06 09:57:40,1422.6,2003577
2021-04-06 09:57:41,1422.7,2004103
2021-04-06 09:57:42,1422.45,2004269
2021-04-06 09:57:43,1422.45,2004269
2021-04-06 09:57:45,1422.8,2004520
2021-04-06 09:57:45,1422.85,2004571
2021-04-06 09:57:46,1422.55,2005157
2021-04-06 09:57:47,1423.0,2005470
2021-04-06 09:57:48,1423.0,2005545
2021-04-06 09:57:49,1423.1,2011223
2021-04-06 09:57:51,1423.2,2011354
2021-04-06 09:57:51,1423.2,2011354
2021-04-06 09:57:52,1423.2,2011587
2021-04-06 09:57:53,1423.05,2012296
2021-04-06 09:57:54,1423.25,2012358
2021-04-06 09:57:56,1423.1,2012663
2021-04-06 09:57:56,1423.1,2012663
2021-04-06 09:57:57,1423.45,2012749
2021-04-06 09:57:59,1424.25,2019235
2021-04-06 09:58:00,1424.0,2019563
2021-04-06 09:58:01,1424.0,2019563
2021-04-06 09:58:03,1424.0,2020446
2021-04-06 09:58:03,1423.55,2019965
2021-04-06 09:58:04,1423.7,2023781
2021-04-06 09:58:05,1423.95,2025755
2021-04-06 09:58:06,1423.75,2026346
2021-04-06 09:58:08,1424.05,2026417
2021-04-06 09:58:08,1424.0,2026428
2021-04-06 09:58:09,1424.0,2026715
2021-04-06 09:58:10,1424.05,2030549
2021-04-06 09:58:11,1424.0,2031473
2021-04-06 09:58:12,1424.2,2031863
2021-04-06 09:58:14,1424.0,2034604
2021-04-06 09:58:14,1424.05,2032210
2021-04-06 09:58:15,1424.15,2034739
2021-04-06 09:58:16,1424.05,2035448
2021-04-06 09:58:17,1424.0,2035625
2021-04-06 09:58:18,1424.0,2035991
2021-04-06 09:58:21,1424.1,2043179
2021-04-06 09:58:21,1424.05,2042587
2021-04-06 09:58:22,1424.0,2044015
2021-04-06 09:58:23,1424.0,2044238
2021-04-06 09:58:24,1424.0,2044403
2021-04-06 09:58:26,1424.0,2044404
2021-04-06 09:58:26,1424.0,2044744
2021-04-06 09:58:27,1424.0,2045580
2021-04-06 09:58:28,1424.0,2045610
2021-04-06 09:58:29,1424.0,2046002
2021-04-06 09:58:30,1424.05,2049083
2021-04-06 09:58:32,1424.0,2050312
2021-04-06 09:58:32,1424.0,2050554
2021-04-06 09:58:33,1424.05,2050779
2021-04-06 09:58:34,1424.0,2051203
2021-04-06 09:58:35,1424.0,2051472
2021-04-06 09:58:36,1424.1,2051610
2021-04-06 09:58:38,1424.0,2054307
2021-04-06 09:58:38,1424.0,2053334
2021-04-06 09:58:39,1424.0,2055008
2021-04-06 09:58:40,1424.0,2057490
2021-04-06 09:58:41,1424.1,2058710
2021-04-06 09:58:43,1424.05,2058866
2021-04-06 09:58:43,1424.05,2058896
2021-04-06 09:58:44,1424.0,2058912
2021-04-06 09:58:45,1424.0,2059014
2021-04-06 09:58:46,1424.05,2059922
2021-04-06 09:58:47,1424.0,2060314
2021-04-06 09:58:48,1424.0,2060617
2021-04-06 09:58:49,1424.0,2061331
2021-04-06 09:58:50,1423.7,2062193
2021-04-06 09:58:52,1423.1,2063288
2021-04-06 09:58:52,1423.1,2063288
2021-04-06 09:58:53,1423.75,2064075
2021-04-06 09:58:54,1423.55,2064139
2021-04-06 09:58:55,1423.45,2064167
2021-04-06 09:58:56,1423.4,2064170
2021-04-06 09:58:57,1423.4,2064184
2021-04-06 09:58:59,1423.4,2066312
2021-04-06 09:58:59,1422.55,2066595
2021-04-06 09:59:00,1422.1,2066653
2021-04-06 09:59:01,1422.25,2067247
2021-04-06 09:59:02,1422.15,2067252
2021-04-06 09:59:03,1422.6,2067315
2021-04-06 09:59:05,1422.6,2067315
2021-04-06 09:59:05,1422.6,2067315
2021-04-06 09:59:06,1422.3,2067366
2021-04-06 09:59:07,1422.1,2067400
2021-04-06 09:59:08,1422.1,2067409
2021-04-06 09:59:09,1422.0,2067653
2021-04-06 09:59:10,1422.05,2067685
2021-04-06 09:59:12,1422.0,2067705
2021-04-06 09:59:12,1422.05,2067709
2021-04-06 09:59:13,1422.0,2067981
2021-04-06 09:59:14,1421.9,2068213
2021-04-06 09:59:15,1422.0,2068295
2021-04-06 09:59:17,1422.0,2068349
2021-04-06 09:59:18,1421.8,2068433
2021-04-06 09:59:18,1421.8,2068433
2021-04-06 09:59:19,1422.0,2069162
2021-04-06 09:59:20,1421.8,2069311
2021-04-06 09:59:21,1421.9,2069468
2021-04-06 09:59:23,1421.75,2069527
2021-04-06 09:59:24,1421.7,2069540
2021-04-06 09:59:24,1421.7,2069538
2021-04-06 09:59:25,1421.8,2069633
2021-04-06 09:59:26,1421.7,2069723
2021-04-06 09:59:27,1421.75,2069736
2021-04-06 09:59:28,1421.75,2069749
2021-04-06 09:59:30,1421.75,2069767
2021-04-06 09:59:31,1421.75,2069824
2021-04-06 09:59:31,1421.7,2069833
2021-04-06 09:59:32,1421.7,2070156
2021-04-06 09:59:33,1421.8,2070243
2021-04-06 09:59:34,1421.65,2070254
2021-04-06 09:59:36,1421.65,2070266
2021-04-06 09:59:37,1421.15,2070816
2021-04-06 09:59:37,1421.15,2070816
2021-04-06 09:59:38,1421.15,2071999
2021-04-06 09:59:39,1420.6,2072030
2021-04-06 09:59:41,1420.5,2072136
2021-04-06 09:59:42,1420.4,2072623
2021-04-06 09:59:42,1420.5,2072618
2021-04-06 09:59:43,1420.2,2072712
2021-04-06 09:59:44,1420.2,2072841
2021-04-06 09:59:45,1420.0,2073492
2021-04-06 09:59:46,1420.1,2073505
2021-04-06 09:59:47,1420.05,2076758
2021-04-06 09:59:49,1420.05,2076762
2021-04-06 09:59:50,1420.0,2077021
2021-04-06 09:59:50,1420.0,2077021
2021-04-06 09:59:51,1420.0,2077127
2021-04-06 09:59:52,1420.0,2077531
2021-04-06 09:59:53,1420.0,2078066
2021-04-06 09:59:55,1420.05,2078183
2021-04-06 09:59:56,1420.1,2078203
2021-04-06 09:59:57,1420.1,2078370
2021-04-06 09:59:57,1420.15,2078395
2021-04-06 09:59:58,1420.2,2078457
2021-04-06 09:59:59,1420.1,2078553
2021-04-06 10:00:01,1420.0,2078824
2021-04-06 10:00:02,1420.0,2079525
2021-04-06 10:00:03,1420.55,2079749
2021-04-06 10:00:03,1420.1,2079632
2021-04-06 10:00:04,1420.1,2079757
2021-04-06 10:00:05,1420.1,2079803
2021-04-06 10:00:07,1420.05,2080188
2021-04-06 10:00:08,1420.05,2080291
2021-04-06 10:00:09,1420.1,2080641
2021-04-06 10:00:09,1420.0,2080691
2021-04-06 10:00:10,1420.3,2081853
2021-04-06 10:00:11,1420.15,2081858
2021-04-06 10:00:12,1420.3,2081859
2021-04-06 10:00:14,1420.55,2082231
2021-04-06 10:00:15,1420.25,2082287
2021-04-06 10:00:15,1420.25,2082287
2021-04-06 10:00:16,1420.5,2082583
2021-04-06 10:00:17,1420.0,2082678
2021-04-06 10:00:19,1420.1,2082744
2021-04-06 10:00:20,1420.0,2082796
2021-04-06 10:00:20,1420.05,2082788
2021-04-06 10:00:21,1420.5,2083382
2021-04-06 10:00:22,1420.5,2083575
2021-04-06 10:00:24,1420.5,2084797
2021-04-06 10:00:25,1420.25,2084897
2021-04-06 10:00:26,1420.0,2085504
2021-04-06 10:00:26,1420.0,2085514
2021-04-06 10:00:27,1420.05,2085519
2021-04-06 10:00:28,1420.05,2086090
2021-04-06 10:00:30,1420.0,2086252
2021-04-06 10:00:31,1420.05,2086456
2021-04-06 10:00:32,1420.1,2086527
2021-04-06 10:00:32,1420.3,2086542
2021-04-06 10:00:33,1420.0,2086870
2021-04-06 10:00:34,1420.1,2087331
2021-04-06 10:00:35,1420.05,2087419
2021-04-06 10:00:36,1420.0,2087499
2021-04-06 10:00:37,1420.0,2087675
2021-04-06 10:00:38,1419.0,2089120
2021-04-06 10:00:39,1419.35,2089280
2021-04-06 10:00:41,1419.0,2089317
2021-04-06 10:00:42,1419.0,2089542
2021-04-06 10:00:43,1419.0,2089822
2021-04-06 10:00:43,1419.7,2090164
2021-04-06 10:00:44,1419.1,2090167
2021-04-06 10:00:45,1419.35,2090212
2021-04-06 10:00:46,1419.15,2091393
2021-04-06 10:00:47,1419.0,2091622
2021-04-06 10:00:49,1419.05,2091676
2021-04-06 10:00:50,1419.0,2092234
2021-04-06 10:00:51,1419.1,2092370
2021-04-06 10:00:51,1419.1,2092490
2021-04-06 10:00:52,1419.1,2093092
2021-04-06 10:00:53,1419.7,2093139
2021-04-06 10:00:54,1419.65,2093145
2021-04-06 10:00:56,1419.1,2093221
2021-04-06 10:00:57,1419.1,2093222
2021-04-06 10:00:57,1419.05,2093232
2021-04-06 10:00:58,1419.05,2093293
2021-04-06 10:00:59,1419.05,2093319
2021-04-06 10:01:00,1419.05,2093332
2021-04-06 10:01:02,1419.6,2093854
2021-04-06 10:01:03,1419.65,2093958
2021-04-06 10:01:03,1419.05,2094080
2021-04-06 10:01:04,1419.1,2094350
2021-04-06 10:01:05,1419.05,2094390
2021-04-06 10:01:06,1419.35,2094475
2021-04-06 10:01:08,1419.5,2094730
2021-04-06 10:01:09,1419.5,2095019
2021-04-06 10:01:10,1419.5,2095213
2021-04-06 10:01:11,1419.5,2095412
2021-04-06 10:01:12,1419.65,2095548
2021-04-06 10:01:12,1419.65,2095548
2021-04-06 10:01:13,1419.1,2095581
2021-04-06 10:01:14,1419.5,2095803
2021-04-06 10:01:16,1419.5,2096504
2021-04-06 10:01:17,1419.2,2096547
2021-04-06 10:01:18,1419.1,2096661
2021-04-06 10:01:18,1419.1,2096661
2021-04-06 10:01:19,1419.0,2096913
2021-04-06 10:01:20,1419.2,2097042
2021-04-06 10:01:22,1419.2,2097272
2021-04-06 10:01:23,1419.0,2097872
2021-04-06 10:01:24,1419.05,2098087
2021-04-06 10:01:24,1419.0,2098119
2021-04-06 10:01:25,1419.1,2098407
2021-04-06 10:01:26,1419.1,2098475
2021-04-06 10:01:27,1419.1,2098532
2021-04-06 10:01:28,1419.15,2098541
2021-04-06 10:01:29,1419.15,2098541
2021-04-06 10:01:30,1419.1,2098596
2021-04-06 10:01:31,1419.0,2098744
2021-04-06 10:01:32,1419.05,2098770
2021-04-06 10:01:33,1419.45,2099016
2021-04-06 10:01:35,1419.0,2099253
2021-04-06 10:01:36,1419.0,2099278
2021-04-06 10:01:37,1419.05,2099290
2021-04-06 10:01:38,1419.0,2099302
2021-04-06 10:01:39,1419.3,2099980
2021-04-06 10:01:40,1419.0,2100120
2021-04-06 10:01:41,1419.0,2100145
2021-04-06 10:01:42,1419.15,2100179
2021-04-06 10:01:42,1419.1,2100185
2021-04-06 10:01:43,1419.15,2100195
2021-04-06 10:01:44,1419.05,2100370
2021-04-06 10:01:45,1419.05,2100405
2021-04-06 10:01:47,1419.05,2100414
2021-04-06 10:01:48,1419.05,2100418
2021-04-06 10:01:49,1419.0,2100884
2021-04-06 10:01:50,1419.0,2101169
2021-04-06 10:01:50,1419.0,2101132
2021-04-06 10:01:51,1419.05,2101224
2021-04-06 10:01:52,1419.05,2101236
2021-04-06 10:01:53,1419.05,2101367
2021-04-06 10:01:54,1419.0,2101523
2021-04-06 10:01:56,1419.05,2101573
2021-04-06 10:01:57,1419.05,2101626
2021-04-06 10:01:58,1419.05,2102246
2021-04-06 10:01:58,1419.0,2102389
2021-04-06 10:01:59,1419.0,2102465
2021-04-06 10:02:00,1419.05,2102935
2021-04-06 10:02:02,1419.0,2103395
2021-04-06 10:02:03,1419.05,2103726
2021-04-06 10:02:04,1419.0,2103802
2021-04-06 10:02:05,1419.0,2112004
2021-04-06 10:02:05,1418.5,2112101
2021-04-06 10:02:06,1418.6,2112131
2021-04-06 10:02:07,1418.6,2112271
2021-04-06 10:02:09,1418.75,2112363
2021-04-06 10:02:10,1418.4,2112734
2021-04-06 10:02:11,1418.4,2112850
2021-04-06 10:02:12,1418.2,2112980
2021-04-06 10:02:12,1418.2,2113023
2021-04-06 10:02:13,1418.2,2113095
2021-04-06 10:02:15,1418.2,2113113
2021-04-06 10:02:15,1418.2,2113409
2021-04-06 10:02:16,1418.0,2115544
2021-04-06 10:02:17,1418.05,2115710
2021-04-06 10:02:19,1418.0,2116903
2021-04-06 10:02:20,1418.0,2117126
2021-04-06 10:02:21,1418.0,2118280
2021-04-06 10:02:22,1418.0,2120292
2021-04-06 10:02:22,1417.5,2121268
2021-04-06 10:02:23,1417.35,2121887
2021-04-06 10:02:24,1417.0,2124788
2021-04-06 10:02:26,1417.0,2125641
2021-04-06 10:02:27,1417.45,2126693
2021-04-06 10:02:28,1416.6,2126864
2021-04-06 10:02:29,1417.0,2127454
2021-04-06 10:02:30,1416.75,2127611
2021-04-06 10:02:30,1416.3,2127711
2021-04-06 10:02:31,1416.25,2127945
2021-04-06 10:02:33,1417.25,2128983
2021-04-06 10:02:34,1416.6,2129156
2021-04-06 10:02:35,1416.75,2129192
2021-04-06 10:02:36,1416.65,2129244
2021-04-06 10:02:36,1416.7,2129275
2021-04-06 10:02:37,1416.65,2129590
2021-04-06 10:02:38,1416.65,2130022
2021-04-06 10:02:40,1416.6,2130536
2021-04-06 10:02:41,1416.65,2131625
2021-04-06 10:02:42,1416.65,2131805
2021-04-06 10:02:43,1416.6,2131943
2021-04-06 10:02:43,1416.65,2131986
2021-04-06 10:02:44,1416.7,2134012
2021-04-06 10:02:45,1416.65,2134261
2021-04-06 10:02:46,1416.1,2134586
2021-04-06 10:02:48,1416.25,2135364
2021-04-06 10:02:49,1416.1,2135462
2021-04-06 10:02:50,1416.0,2135601
2021-04-06 10:02:50,1416.0,2135601
2021-04-06 10:02:51,1416.1,2135707
2021-04-06 10:02:52,1416.4,2136154
2021-04-06 10:02:53,1416.5,2136635
2021-04-06 10:02:55,1416.0,2137104
2021-04-06 10:02:56,1416.0,2137134
2021-04-06 10:02:57,1416.0,2137287
2021-04-06 10:02:58,1416.05,2138112
2021-04-06 10:02:59,1416.1,2138337
2021-04-06 10:03:00,1416.0,2139007
2021-04-06 10:03:00,1416.0,2139007
2021-04-06 10:03:01,1416.0,2139401
2021-04-06 10:03:02,1416.05,2139668
2021-04-06 10:03:04,1416.0,2139826
2021-04-06 10:03:05,1416.05,2140331
2021-04-06 10:03:06,1416.4,2140604
2021-04-06 10:03:06,1416.1,2140620
2021-04-06 10:03:07,1416.1,2140653
2021-04-06 10:03:08,1416.5,2141421
2021-04-06 10:03:10,1416.5,2141646
2021-04-06 10:03:11,1416.5,2141678
2021-04-06 10:03:12,1416.55,2141759
2021-04-06 10:03:12,1416.55,2141774
2021-04-06 10:03:13,1416.5,2141782
2021-04-06 10:03:14,1416.0,2142273
2021-04-06 10:03:16,1416.15,2142409
2021-04-06 10:03:17,1415.85,2181169
2021-04-06 10:03:18,1415.45,2183741
2021-04-06 10:03:18,1415.4,2183763
2021-04-06 10:03:19,1415.4,2184241
2021-04-06 10:03:21,1415.65,2185349
2021-04-06 10:03:22,1415.2,2185401
2021-04-06 10:03:23,1415.2,2186448
2021-04-06 10:03:24,1415.1,2187818
2021-04-06 10:03:24,1415.15,2186493
2021-04-06 10:03:25,1415.15,2187951
2021-04-06 10:03:26,1415.05,2188249
2021-04-06 10:03:27,1415.0,2188708
2021-04-06 10:03:29,1414.35,2189088
2021-04-06 10:03:30,1414.65,2189236
2021-04-06 10:03:31,1414.45,2193403
2021-04-06 10:03:32,1413.75,2194662
2021-04-06 10:03:32,1414.2,2194866
2021-04-06 10:03:33,1413.7,2195063
2021-04-06 10:03:35,1413.55,2195525
2021-04-06 10:03:36,1413.4,2196000
2021-04-06 10:03:37,1413.0,2196231
2021-04-06 10:03:38,1412.65,2198925
2021-04-06 10:03:38,1412.6,2200175
2021-04-06 10:03:39,1412.65,2200516
2021-04-06 10:03:40,1412.95,2201692
2021-04-06 10:03:41,1412.95,2202385
2021-04-06 10:03:43,1413.35,2206390
2021-04-06 10:03:44,1412.55,2206931
2021-04-06 10:03:45,1413.5,2207672
2021-04-06 10:03:46,1413.45,2208177
2021-04-06 10:03:46,1413.5,2208178
2021-04-06 10:03:47,1413.5,2208328
2021-04-06 10:03:49,1413.2,2209267
2021-04-06 10:03:50,1413.85,2211231
2021-04-06 10:03:51,1413.75,2211493
2021-04-06 10:03:52,1413.9,2213459
2021-04-06 10:03:52,1413.9,2213200
2021-04-06 10:03:54,1414.0,2214708
2021-04-06 10:03:55,1414.0,2214799
2021-04-06 10:03:56,1414.05,2215102
