timestamp,ltp,volume
2021-04-06 09:16:29,1007.65,78088
2021-04-06 09:16:30,1007.6,78720
2021-04-06 09:16:31,1007.1,79275
2021-04-06 09:16:32,1007.4,80167
2021-04-06 09:16:33,1007.45,80836
2021-04-06 09:16:34,1007.65,80846
2021-04-06 09:16:36,1007.3,81185
2021-04-06 09:16:37,1007.65,81693
2021-04-06 09:16:37,1007.65,81731
2021-04-06 09:16:38,1007.6,81787
2021-04-06 09:16:39,1007.6,81997
2021-04-06 09:16:40,1007.45,82215
2021-04-06 09:16:42,1007.6,83623
2021-04-06 09:16:43,1007.55,83922
2021-04-06 09:16:44,1007.55,84618
2021-04-06 09:16:44,1007.55,84618
2021-04-06 09:16:45,1007.55,84731
2021-04-06 09:16:46,1007.1,85175
2021-04-06 09:16:47,1004.85,88549
2021-04-06 09:16:48,1004.85,89034
2021-04-06 09:16:50,1004.1,90106
2021-04-06 09:16:51,1004.6,90472
2021-04-06 09:16:51,1004.6,90472
2021-04-06 09:16:52,1004.7,90964
2021-04-06 09:16:53,1004.95,91173
2021-04-06 09:16:55,1006.45,92067
2021-04-06 09:16:56,1006.7,92468
2021-04-06 09:16:57,1006.75,92566
2021-04-06 09:16:57,1005.75,92610
2021-04-06 09:16:58,1005.2,93452
2021-04-06 09:17:00,1005.2,93463
2021-04-06 09:17:01,1004.9,94404
2021-04-06 09:17:02,1004.9,94521
2021-04-06 09:17:03,1005.15,94545
2021-04-06 09:17:04,1005.4,94572
2021-04-06 09:17:05,1005.2,94577
2021-04-06 09:17:06,1005.2,94577
2021-04-06 09:17:07,1006.85,99153
2021-04-06 09:17:08,1006.35,100221
2021-04-06 09:17:08,1006.35,100221
2021-04-06 09:17:09,1006.15,100499
2021-04-06 09:17:10,1006.7,100801
2021-04-06 09:17:12,1006.2,100915
2021-04-06 09:17:13,1005.5,100985
2021-04-06 09:17:14,1005.65,101305
2021-04-06 09:17:15,1005.25,101362
2021-04-06 09:17:16,1005.9,101462
2021-04-06 09:17:17,1005.4,102029
2021-04-06 09:17:17,1005.9,102229
2021-04-06 09:17:18,1005.75,102277
2021-04-06 09:17:20,1006.1,102741
2021-04-06 09:17:21,1005.75,102866
2021-04-06 09:17:22,1006.15,103206
2021-04-06 09:17:22,1006.15,103206
2021-04-06 09:17:23,1005.45,103216
2021-04-06 09:17:24,1006.0,103320
2021-04-06 09:17:25,1005.4,103394
2021-04-06 09:17:26,1005.65,103671
2021-04-06 09:17:28,1005.6,104453
2021-04-06 09:17:29,1005.35,105123
2021-04-06 09:17:30,1005.1,105466
2021-04-06 09:17:30,1005.1,105466
2021-04-06 09:17:31,1005.15,105501
2021-04-06 09:17:32,1005.1,105562
2021-04-06 09:17:33,1004.95,106027
2021-04-06 09:17:35,1004.95,106043
2021-04-06 09:17:36,1005.25,106573
2021-04-06 09:17:37,1004.7,106624
2021-04-06 09:17:37,1004.7,106624
2021-04-06 09:17:38,1004.9,106793
2021-04-06 09:17:40,1004.5,107039
2021-04-06 09:17:41,1004.55,107134
2021-04-06 09:17:42,1004.55,108145
2021-04-06 09:17:42,1005.0,108301
2021-04-06 09:17:43,1004.95,108536
2021-04-06 09:17:44,1004.55,108636
2021-04-06 09:17:46,1004.55,108636
2021-04-06 09:17:47,1004.55,108640
2021-04-06 09:17:48,1005.0,109015
2021-04-06 09:17:49,1004.45,109055
2021-04-06 09:17:50,1004.4,109205
2021-04-06 09:17:50,1004.4,109205
2021-04-06 09:17:51,1004.85,109212
2021-04-06 09:17:52,1004.85,109274
2021-04-06 09:17:54,1004.7,109277
2021-04-06 09:17:55,1004.6,109314
2021-04-06 09:17:56,1004.6,109314
2021-04-06 09:17:57,1004.45,109801
2021-04-06 09:17:57,1004.45,109801
2021-04-06 09:17:58,1004.6,109839
2021-04-06 09:18:00,1004.0,110565
2021-04-06 09:18:01,1004.0,110815
2021-04-06 09:18:02,1003.3,112282
2021-04-06 09:18:03,1003.3,112454
2021-04-06 09:18:04,1002.6,113802
2021-04-06 09:18:05,1003.25,114038
2021-04-06 09:18:06,1001.3,115052
2021-04-06 09:18:06,1001.3,115052
2021-04-06 09:18:07,1001.95,115397
2021-04-06 09:18:09,1001.9,115505
2021-04-06 09:18:10,1001.5,115946
2021-04-06 09:18:11,1002.15,117027
2021-04-06 09:18:12,1002.45,117236
2021-04-06 09:18:13,1001.75,117508
2021-04-06 09:18:14,1002.6,118019
2021-04-06 09:18:16,1001.9,118521
2021-04-06 09:18:17,1002.1,118562
2021-04-06 09:18:18,1002.55,118600
2021-04-06 09:18:19,1001.9,118790
2021-04-06 09:18:19,1002.1,118810
2021-04-06 09:18:20,1002.1,118915
2021-04-06 09:18:21,1001.9,119299
2021-04-06 09:18:22,1002.6,119590
2021-04-06 09:18:24,1002.9,119626
2021-04-06 09:18:25,1002.2,119767
2021-04-06 09:18:26,1002.0,119893
2021-04-06 09:18:27,1001.6,119943
2021-04-06 09:18:27,1001.6,119943
2021-04-06 09:18:28,1002.35,120143
2021-04-06 09:18:30,1002.0,121034
2021-04-06 09:18:31,1002.4,121223
2021-04-06 09:18:32,1002.7,121460
2021-04-06 09:18:33,1002.15,121735
2021-04-06 09:18:33,1002.15,121735
2021-04-06 09:18:34,1002.35,121886
2021-04-06 09:18:36,1002.2,121986
2021-04-06 09:18:37,1002.15,121996
2021-04-06 09:18:38,1002.35,122057
2021-04-06 09:18:39,1002.15,122247
2021-04-06 09:18:40,1002.45,122272
2021-04-06 09:18:41,1002.45,122372
2021-04-06 09:18:42,1002.45,122444
2021-04-06 09:18:43,1002.45,122567
2021-04-06 09:18:43,1002.35,122573
2021-04-06 09:18:44,1001.9,123321
2021-04-06 09:18:45,1001.9,123321
2021-04-06 09:18:47,1002.4,124516
2021-04-06 09:18:48,1001.85,124734
2021-04-06 09:18:49,1002.1,124835
2021-04-06 09:18:49,1002.4,125035
2021-04-06 09:18:50,1002.0,125256
2021-04-06 09:18:51,1001.6,125846
2021-04-06 09:18:53,1001.5,126190
2021-04-06 09:18:54,1001.5,126517
2021-04-06 09:18:55,1001.95,126801
2021-04-06 09:18:55,1001.95,126801
2021-04-06 09:18:56,1001.8,126926
2021-04-06 09:18:58,1001.7,127146
2021-04-06 09:18:59,1001.15,127937
2021-04-06 09:19:00,1001.15,127937
2021-04-06 09:19:01,1001.8,128838
2021-04-06 09:19:01,1001.8,128838
2021-04-06 09:19:02,1001.15,129498
2021-04-06 09:19:04,1001.0,129813
2021-04-06 09:19:05,1001.0,130394
2021-04-06 09:19:06,1001.5,130544
2021-04-06 09:19:07,1001.4,131221
2021-04-06 09:19:08,1001.55,131391
2021-04-06 09:19:09,1001.45,132437
2021-04-06 09:19:10,1001.55,132760
2021-04-06 09:19:11,1001.55,132835
2021-04-06 09:19:12,1001.55,132835
2021-04-06 09:19:13,1001.95,132837
2021-04-06 09:19:13,1002.2,133387
2021-04-06 09:19:15,1001.8,133456
2021-04-06 09:19:16,1001.75,133811
2021-04-06 09:19:17,1001.75,134007
2021-04-06 09:19:18,1001.4,134031
2021-04-06 09:19:19,1001.25,134131
2021-04-06 09:19:20,1001.3,134152
2021-04-06 09:19:20,1001.3,134152
2021-04-06 09:19:22,1001.75,134662
2021-04-06 09:19:23,1001.65,134793
2021-04-06 09:19:24,1001.0,135311
2021-04-06 09:19:25,1001.0,135421
2021-04-06 09:19:26,1001.35,135530
2021-04-06 09:19:27,1001.65,135659
2021-04-06 09:19:27,1001.65,135659
2021-04-06 09:19:29,1002.0,136174
2021-04-06 09:19:30,1001.3,136389
2021-04-06 09:19:31,1001.6,136624
2021-04-06 09:19:32,1001.6,136645
2021-04-06 09:19:33,1001.6,136645
2021-04-06 09:19:34,1001.6,136645
2021-04-06 09:19:34,1001.6,136645
2021-04-06 09:19:35,1001.6,136752
2021-04-06 09:19:36,1001.45,136852
2021-04-06 09:19:38,1001.5,136854
2021-04-06 09:19:39,1001.6,138593
2021-04-06 09:19:40,1002.0,139005
2021-04-06 09:19:41,1001.6,139055
2021-04-06 09:19:42,1001.6,139055
2021-04-06 09:19:42,1001.6,139055
2021-04-06 09:19:44,1001.6,139080
2021-04-06 09:19:45,1001.65,139099
2021-04-06 09:19:46,1002.0,139509
2021-04-06 09:19:47,1001.3,140051
2021-04-06 09:19:47,1000.95,142106
2021-04-06 09:19:49,1000.9,143183
2021-04-06 09:19:50,1000.6,143511
2021-04-06 09:19:51,1000.6,143511
2021-04-06 09:19:52,1001.25,143665
2021-04-06 09:19:53,1000.85,144375
2021-04-06 09:19:53,1000.85,144375
2021-04-06 09:19:54,1000.5,144525
2021-04-06 09:19:55,1001.0,144983
2021-04-06 09:19:57,1000.35,145168
2021-04-06 09:19:58,1000.2,145187
2021-04-06 09:19:59,1000.3,145220
2021-04-06 09:20:00,999.85,147071
2021-04-06 09:20:01,999.85,147218
2021-04-06 09:20:01,999.25,147097
2021-04-06 09:20:03,999.35,147249
2021-04-06 09:20:04,999.1,147599
2021-04-06 09:20:05,999.0,149050
2021-04-06 09:20:06,998.3,149381
2021-04-06 09:20:07,998.0,149605
2021-04-06 09:20:07,998.0,149671
2021-04-06 09:20:09,998.0,150171
2021-04-06 09:20:10,998.0,150372
2021-04-06 09:20:11,998.8,150694
2021-04-06 09:20:12,999.0,150805
2021-04-06 09:20:13,998.45,150865
2021-04-06 09:20:14,998.55,150885
2021-04-06 09:20:15,998.55,150904
2021-04-06 09:20:16,999.0,151454
2021-04-06 09:20:16,998.1,151538
2021-04-06 09:20:17,998.1,151559
2021-04-06 09:20:19,997.6,154577
2021-04-06 09:20:20,997.0,155080
2021-04-06 09:20:21,997.0,155318
2021-04-06 09:20:22,998.15,155596
2021-04-06 09:20:23,998.95,156138
2021-04-06 09:20:24,997.95,156350
2021-04-06 09:20:24,998.55,156364
2021-04-06 09:20:26,997.65,156477
2021-04-06 09:20:27,997.65,156477
2021-04-06 09:20:28,997.95,156683
2021-04-06 09:20:29,997.8,157277
2021-04-06 09:20:30,997.95,157291
2021-04-06 09:20:31,997.2,158255
2021-04-06 09:20:31,997.2,158366
2021-04-06 09:20:32,997.85,158417
2021-04-06 09:20:33,997.65,158427
2021-04-06 09:20:35,997.65,158427
2021-04-06 09:20:36,998.35,159121
2021-04-06 09:20:37,998.15,159171
2021-04-06 09:20:38,998.15,159181
2021-04-06 09:20:39,998.15,159421
2021-04-06 09:20:40,998.5,159732
2021-04-06 09:20:40,998.5,159732
2021-04-06 09:20:42,998.05,159782
2021-04-06 09:20:43,998.05,159782
2021-04-06 09:20:44,999.9,160328
2021-04-06 09:20:45,999.85,160348
2021-04-06 09:20:46,999.3,161332
2021-04-06 09:20:46,999.0,161382
2021-04-06 09:20:47,999.0,161412
2021-04-06 09:20:49,999.1,162177
2021-04-06 09:20:50,999.1,162177
2021-04-06 09:20:51,999.1,162177
2021-04-06 09:20:52,999.0,162620
2021-04-06 09:20:53,999.1,162935
2021-04-06 09:20:54,999.1,162935
2021-04-06 09:20:55,999.65,163132
2021-04-06 09:20:55,999.65,163132
2021-04-06 09:20:57,999.65,163257
2021-04-06 09:20:58,999.25,163267
2021-04-06 09:20:59,999.6,163357
2021-04-06 09:21:00,999.85,163672
2021-04-06 09:21:01,1000.0,163897
2021-04-06 09:21:02,999.9,164291
2021-04-06 09:21:03,999.9,164291
2021-04-06 09:21:04,999.6,165559
2021-04-06 09:21:05,999.6,165669
2021-04-06 09:21:06,999.4,165700
2021-04-06 09:21:07,999.3,165712
2021-04-06 09:21:07,999.3,165712
2021-04-06 09:21:09,998.8,167318
2021-04-06 09:21:10,998.05,167628
2021-04-06 09:21:11,998.05,168163
2021-04-06 09:21:12,998.8,168183
2021-04-06 09:21:13,998.8,168183
2021-04-06 09:21:14,998.8,168183
2021-04-06 09:21:15,999.0,168285
2021-04-06 09:21:16,998.65,168335
2021-04-06 09:21:17,999.0,168372
2021-04-06 09:21:18,998.15,168872
2021-04-06 09:21:19,998.8,168882
2021-04-06 09:21:20,998.45,168909
2021-04-06 09:21:21,998.5,169735
2021-04-06 09:21:22,998.25,169742
2021-04-06 09:21:23,998.25,169742
2021-04-06 09:21:24,998.25,169743
2021-04-06 09:21:25,998.8,170277
2021-04-06 09:21:26,999.0,170501
2021-04-06 09:21:27,999.0,170711
2021-04-06 09:21:28,999.0,170711
2021-04-06 09:21:30,998.55,170830
2021-04-06 09:21:29,998.7,170754
2021-04-06 09:21:31,998.7,170916
2021-04-06 09:21:32,999.15,171016
2021-04-06 09:21:33,999.0,171116
2021-04-06 09:21:34,998.5,171511
2021-04-06 09:21:35,997.95,171611
2021-04-06 09:21:36,998.0,171612
2021-04-06 09:21:37,998.0,171612
2021-04-06 09:21:38,998.0,171762
2021-04-06 09:21:39,998.1,171764
2021-04-06 09:21:40,998.1,171764
2021-04-06 09:21:41,998.25,171870
2021-04-06 09:21:42,998.25,172090
2021-04-06 09:21:43,998.25,172090
2021-04-06 09:21:44,998.45,173340
2021-04-06 09:21:46,998.65,173485
2021-04-06 09:21:47,998.65,173496
2021-04-06 09:21:48,999.0,173806
2021-04-06 09:21:49,998.65,173838
2021-04-06 09:21:50,998.55,175519
2021-04-06 09:21:51,998.45,175774
2021-04-06 09:21:52,998.05,176040
2021-04-06 09:21:53,998.9,176400
2021-04-06 09:21:54,998.25,176409
2021-04-06 09:21:55,998.25,176509
2021-04-06 09:21:56,999.0,176958
2021-04-06 09:21:57,999.0,176960
2021-04-06 09:21:58,999.1,176971
2021-04-06 09:21:59,999.1,177062
2021-04-06 09:22:00,999.1,177162
2021-04-06 09:22:01,999.55,177166
2021-04-06 09:22:02,1000.1,177836
2021-04-06 09:22:03,1000.35,177986
2021-04-06 09:22:04,999.5,178002
2021-04-06 09:22:05,1000.1,178064
2021-04-06 09:22:06,1000.15,178101
2021-04-06 09:22:07,1000.15,178101
2021-04-06 09:22:08,1000.1,178668
2021-04-06 09:22:09,1000.1,178779
2021-04-06 09:22:10,1000.1,178779
2021-04-06 09:22:11,1000.1,178779
2021-04-06 09:22:12,1000.55,178818
2021-04-06 09:22:13,1000.55,179124
2021-04-06 09:22:14,1000.2,179213
2021-04-06 09:22:15,1000.1,179565
2021-04-06 09:22:16,1000.1,179565
2021-04-06 09:22:17,1000.1,179565
2021-04-06 09:22:18,1000.1,179781
2021-04-06 09:22:19,1000.5,179803
2021-04-06 09:22:20,999.85,182405
2021-04-06 09:22:21,1000.1,182507
2021-04-06 09:22:22,999.5,182520
2021-04-06 09:22:23,999.15,182531
2021-04-06 09:22:24,999.15,182645
2021-04-06 09:22:25,999.1,182762
2021-04-06 09:22:26,999.0,182792
2021-04-06 09:22:27,999.15,182809
2021-04-06 09:22:28,999.25,182874
2021-04-06 09:22:29,999.25,182874
2021-04-06 09:22:30,999.65,182902
2021-04-06 09:22:31,999.65,182902
2021-04-06 09:22:32,1000.1,182931
2021-04-06 09:22:33,1000.1,182932
2021-04-06 09:22:34,1000.1,182933
2021-04-06 09:22:35,1000.1,182933
2021-04-06 09:22:36,999.75,182944
2021-04-06 09:22:37,999.75,182964
2021-04-06 09:22:38,999.65,182996
2021-04-06 09:22:39,1000.0,183930
2021-04-06 09:22:40,1000.0,184044
2021-04-06 09:22:41,1000.0,184260
2021-04-06 09:22:42,999.5,184747
2021-04-06 09:22:43,999.1,184845
2021-04-06 09:22:44,999.45,184994
2021-04-06 09:22:45,999.5,185004
2021-04-06 09:22:46,1000.25,185656
2021-04-06 09:22:47,1000.25,185656
2021-04-06 09:22:48,1000.65,186639
2021-04-06 09:22:49,1000.8,186689
2021-04-06 09:22:50,1000.8,186689
2021-04-06 09:22:51,1000.05,186800
2021-04-06 09:22:52,1000.65,186832
2021-04-06 09:22:53,1000.55,186942
2021-04-06 09:22:54,1000.55,187042
2021-04-06 09:22:55,1000.5,188315
2021-04-06 09:22:56,1000.6,188350
2021-04-06 09:22:57,1000.4,189502
2021-04-06 09:22:58,1000.0,189919
2021-04-06 09:23:00,1000.45,189939
2021-04-06 09:22:59,1000.45,189939
2021-04-06 09:23:01,1000.45,189949
2021-04-06 09:23:02,1000.05,189959
2021-04-06 09:23:03,1000.5,189962
2021-04-06 09:23:04,1000.0,189973
2021-04-06 09:23:05,1000.0,189978
2021-04-06 09:23:06,1000.0,189978
2021-04-06 09:23:07,1000.25,190028
2021-04-06 09:23:08,1000.1,190047
2021-04-06 09:23:09,1000.1,190047
2021-04-06 09:23:10,1000.05,190057
2021-04-06 09:23:11,1000.2,190107
2021-04-06 09:23:12,1000.1,190118
2021-04-06 09:23:13,1001.15,190626
2021-04-06 09:23:14,1000.5,190830
2021-04-06 09:23:15,1001.25,190866
2021-04-06 09:23:16,999.6,192801
2021-04-06 09:23:17,999.6,192801
2021-04-06 09:23:18,999.6,192801
2021-04-06 09:23:19,1000.0,192831
2021-04-06 09:23:20,999.8,193194
2021-04-06 09:23:21,1000.05,193200
2021-04-06 09:23:22,1000.05,193200
2021-04-06 09:23:23,999.5,193220
2021-04-06 09:23:24,999.7,193281
2021-04-06 09:23:25,1000.0,193342
2021-04-06 09:23:26,999.75,193454
2021-04-06 09:23:27,1000.3,193456
2021-04-06 09:23:29,999.8,193482
2021-04-06 09:23:31,999.65,193621
2021-04-06 09:23:32,999.5,193845
2021-04-06 09:23:32,999.8,193950
2021-04-06 09:23:33,999.8,193950
2021-04-06 09:23:34,999.8,193951
2021-04-06 09:23:35,1000.0,194254
2021-04-06 09:23:36,1000.7,195016
2021-04-06 09:23:38,1000.7,195016
2021-04-06 09:23:39,1000.5,195216
2021-04-06 09:23:40,1001.05,195677
2021-04-06 09:23:40,1001.05,195677
2021-04-06 09:23:41,1001.05,195697
2021-04-06 09:23:42,1001.05,195788
2021-04-06 09:23:43,1001.05,195788
2021-04-06 09:23:44,1001.05,195788
2021-04-06 09:23:45,1000.9,195793
2021-04-06 09:23:46,1001.3,196007
2021-04-06 09:23:47,1001.3,196007
2021-04-06 09:23:48,1001.1,196008
2021-04-06 09:23:49,1001.4,196139
2021-04-06 09:23:50,1001.4,196139
2021-04-06 09:23:51,1001.9,196577
2021-04-06 09:23:52,1002.0,196677
2021-04-06 09:23:53,1001.6,196719
2021-04-06 09:23:54,1001.6,196719
2021-04-06 09:23:55,1001.6,196719
2021-04-06 09:23:57,1001.85,196824
2021-04-06 09:23:58,1001.75,198049
2021-04-06 09:23:58,1001.75,198049
2021-04-06 09:24:00,1001.3,199340
2021-04-06 09:24:01,1001.05,199350
2021-04-06 09:24:02,1001.45,199789
2021-04-06 09:24:03,1001.1,200010
2021-04-06 09:24:04,1001.05,200082
2021-04-06 09:24:05,1001.05,200082
2021-04-06 09:24:06,1001.5,200106
2021-04-06 09:24:07,1001.5,200106
2021-04-06 09:24:08,1001.5,200175
2021-04-06 09:24:09,1001.55,200335
2021-04-06 09:24:10,1001.45,201335
2021-04-06 09:24:11,1001.05,201580
2021-04-06 09:24:12,1001.05,201615
2021-04-06 09:24:13,1002.0,201715
2021-04-06 09:24:14,1001.55,202426
2021-04-06 09:24:15,1001.55,202426
2021-04-06 09:24:16,1001.55,202426
2021-04-06 09:24:17,1002.2,202529
2021-04-06 09:24:18,1002.2,202579
2021-04-06 09:24:19,1001.8,202613
2021-04-06 09:24:20,1001.8,202613
2021-04-06 09:24:21,1002.0,202618
2021-04-06 09:24:22,1002.0,202618
2021-04-06 09:24:23,1001.8,202966
2021-04-06 09:24:24,1002.35,203556
2021-04-06 09:24:25,1002.35,203556
2021-04-06 09:24:26,1002.35,203656
2021-04-06 09:24:27,1002.35,203656
2021-04-06 09:24:28,1002.35,204019
2021-04-06 09:24:29,1002.4,204276
2021-04-06 09:24:30,1002.2,204286
2021-04-06 09:24:31,1002.5,204566
2021-04-06 09:24:32,1002.5,204566
2021-04-06 09:24:33,1002.5,204566
2021-04-06 09:24:34,1002.95,204592
2021-04-06 09:24:35,1002.7,204620
2021-04-06 09:24:36,1002.95,204710
2021-04-06 09:24:37,1002.45,204721
2021-04-06 09:24:38,1002.95,204910
2021-04-06 09:24:39,1002.45,204939
2021-04-06 09:24:40,1002.9,205064
2021-04-06 09:24:42,1002.9,205064
2021-04-06 09:24:43,1002.9,205313
2021-04-06 09:24:44,1002.9,205313
2021-04-06 09:24:44,1002.45,205413
2021-04-06 09:24:45,1002.9,205481
2021-04-06 09:24:46,1002.9,205558
2021-04-06 09:24:47,1002.9,205558
2021-04-06 09:24:48,1002.85,205568
2021-04-06 09:24:49,1002.85,205623
2021-04-06 09:24:50,1002.85,205623
2021-04-06 09:24:51,1002.85,205623
2021-04-06 09:24:52,1002.85,205663
2021-04-06 09:24:53,1002.5,205763
2021-04-06 09:24:54,1002.5,205770
2021-04-06 09:24:55,1002.5,205770
2021-04-06 09:24:56,1002.8,205977
2021-04-06 09:24:57,1003.5,209797
2021-04-06 09:24:58,1004.0,209799
2021-04-06 09:24:59,1003.15,210571
2021-04-06 09:25:01,1003.15,210571
2021-04-06 09:25:02,1003.15,210845
2021-04-06 09:25:02,1003.15,210845
2021-04-06 09:25:03,1003.15,210845
2021-04-06 09:25:04,1003.65,210869
2021-04-06 09:25:05,1003.7,210879
2021-04-06 09:25:06,1003.7,210879
2021-04-06 09:25:07,1003.35,211268
2021-04-06 09:25:08,1003.25,211545
2021-04-06 09:25:09,1003.25,211545
2021-04-06 09:25:10,1003.8,211549
2021-04-06 09:25:11,1003.8,211574
2021-04-06 09:25:12,1003.7,211632
2021-04-06 09:25:13,1003.7,211632
2021-04-06 09:25:14,1003.7,211652
2021-04-06 09:25:15,1003.95,211873
2021-04-06 09:25:16,1003.4,211913
2021-04-06 09:25:17,1003.4,212000
2021-04-06 09:25:18,1003.4,212000
2021-04-06 09:25:19,1003.8,212009
2021-04-06 09:25:20,1003.8,212079
2021-04-06 09:25:21,1003.45,212201
2021-04-06 09:25:22,1003.85,212471
2021-04-06 09:25:23,1003.8,212500
2021-04-06 09:25:24,1003.8,212500
2021-04-06 09:25:25,1003.8,212500
2021-04-06 09:25:26,1003.55,212735
2021-04-06 09:25:27,1003.85,213259
2021-04-06 09:25:29,1003.35,213698
2021-04-06 09:25:30,1003.8,213713
2021-04-06 09:25:30,1003.8,213713
2021-04-06 09:25:31,1003.2,214114
2021-04-06 09:25:32,1003.2,214114
2021-04-06 09:25:33,1003.6,214187
2021-04-06 09:25:34,1003.05,214230
2021-04-06 09:25:35,1003.55,214255
2021-04-06 09:25:36,1003.55,214255
2021-04-06 09:25:37,1003.55,214255
2021-04-06 09:25:38,1003.55,214255
2021-04-06 09:25:39,1004.0,214999
2021-04-06 09:25:40,1004.0,215099
2021-04-06 09:25:41,1004.0,215099
2021-04-06 09:25:42,1004.0,215235
2021-04-06 09:25:43,1003.3,215402
2021-04-06 09:25:45,1002.8,217382
2021-04-06 09:25:45,1003.0,217404
2021-04-06 09:25:46,1002.3,217510
2021-04-06 09:25:47,1002.3,217510
2021-04-06 09:25:49,1002.3,217592
2021-04-06 09:25:49,1002.2,217624
2021-04-06 09:25:51,1002.2,218054
2021-04-06 09:25:52,1002.2,218087
2021-04-06 09:25:53,1001.5,219056
2021-04-06 09:25:54,1001.25,219087
2021-04-06 09:25:55,1001.25,219133
2021-04-06 09:25:56,1001.2,219499
2021-04-06 09:25:57,1001.0,219714
2021-04-06 09:25:58,1001.0,219714
2021-04-06 09:25:59,1001.0,219714
2021-04-06 09:26:00,1001.1,220036
2021-04-06 09:26:01,1001.1,220057
2021-04-06 09:26:01,1001.1,220057
2021-04-06 09:26:02,1001.0,220257
2021-04-06 09:26:03,1000.75,220292
2021-04-06 09:26:04,1000.75,220292
2021-04-06 09:26:05,1000.75,220292
2021-04-06 09:26:06,1001.6,220333
2021-04-06 09:26:07,1001.1,220385
2021-04-06 09:26:08,1001.15,220401
2021-04-06 09:26:10,1001.5,220484
2021-04-06 09:26:11,1001.5,220509
2021-04-06 09:26:12,1001.5,220509
2021-04-06 09:26:13,1001.4,220609
2021-04-06 09:26:13,1001.4,220609
2021-04-06 09:26:14,1001.5,220709
2021-04-06 09:26:15,1002.0,220711
2021-04-06 09:26:16,1001.55,221011
2021-04-06 09:26:17,1001.75,221033
2021-04-06 09:26:18,1001.75,221033
2021-04-06 09:26:20,1001.5,221091
2021-04-06 09:26:21,1002.0,221591
2021-04-06 09:26:22,1002.1,221592
2021-04-06 09:26:23,1002.1,221592
2021-04-06 09:26:24,1002.0,221768
2021-04-06 09:26:25,1002.0,221768
2021-04-06 09:26:26,1002.55,221868
2021-04-06 09:26:27,1002.05,221953
2021-04-06 09:26:28,1001.95,222104
2021-04-06 09:26:30,1002.5,222155
2021-04-06 09:26:30,1002.05,222165
2021-04-06 09:26:31,1002.05,222165
2021-04-06 09:26:32,1002.0,222170
2021-04-06 09:26:33,1002.0,222170
2021-04-06 09:26:35,1002.5,222394
2021-04-06 09:26:36,1002.5,222394
2021-04-06 09:26:36,1002.8,222894
2021-04-06 09:26:37,1002.8,222894
2021-04-06 09:26:38,1002.8,222894
2021-04-06 09:26:39,1002.9,222904
2021-04-06 09:26:40,1002.95,223159
2021-04-06 09:26:41,1002.2,223162
2021-04-06 09:26:42,1002.3,223744
2021-04-06 09:26:43,1002.3,223744
2021-04-06 09:26:44,1002.55,223766
2021-04-06 09:26:45,1002.55,223766
2021-04-06 09:26:46,1002.2,224130
2021-04-06 09:26:47,1002.6,224132
2021-04-06 09:26:49,1002.6,224399
2021-04-06 09:26:50,1002.55,224443
2021-04-06 09:26:51,1002.55,224478
2021-04-06 09:26:51,1002.25,225539
2021-04-06 09:26:52,1002.25,225539
2021-04-06 09:26:53,1002.25,225539
2021-04-06 09:26:54,1003.0,225567
2021-04-06 09:26:55,1002.2,225575
2021-04-06 09:26:57,1002.2,225575
2021-04-06 09:26:57,1002.2,225575
2021-04-06 09:26:59,1002.2,225821
2021-04-06 09:27:00,1002.2,225821
2021-04-06 09:27:01,1002.2,225821
2021-04-06 09:27:01,1002.2,225821
2021-04-06 09:27:02,1002.2,225821
2021-04-06 09:27:03,1002.5,225846
2021-04-06 09:27:04,1002.5,225846
2021-04-06 09:27:06,1002.0,225996
2021-04-06 09:27:07,1002.0,225996
2021-04-06 09:27:08,1001.4,226262
2021-04-06 09:27:09,1001.4,226262
2021-04-06 09:27:10,1001.65,226292
2021-04-06 09:27:10,1001.65,226292
2021-04-06 09:27:11,1001.0,227426
2021-04-06 09:27:12,1001.0,227426
2021-04-06 09:27:13,1001.5,227526
2021-04-06 09:27:14,1001.5,227526
2021-04-06 09:27:15,1001.6,227571
2021-04-06 09:27:16,1001.6,227571
2021-04-06 09:27:17,1001.6,227571
2021-04-06 09:27:18,1001.6,227571
2021-04-06 09:27:19,1001.55,227631
2021-04-06 09:27:20,1001.55,227631
2021-04-06 09:27:21,1001.55,227631
2021-04-06 09:27:22,1001.55,227631
2021-04-06 09:27:23,1001.9,227657
2021-04-06 09:27:24,1001.6,227693
2021-04-06 09:27:25,999.95,231414
2021-04-06 09:27:27,1000.15,231418
2021-04-06 09:27:28,999.95,231419
2021-04-06 09:27:29,999.55,231484
2021-04-06 09:27:30,1000.0,231497
2021-04-06 09:27:31,1000.0,231497
2021-04-06 09:27:32,1000.0,231497
2021-04-06 09:27:32,1000.0,231497
2021-04-06 09:27:33,999.85,231597
2021-04-06 09:27:34,999.85,231681
2021-04-06 09:27:35,1000.0,231731
2021-04-06 09:27:37,999.9,231853
2021-04-06 09:27:38,1000.25,231903
2021-04-06 09:27:39,1000.45,231933
2021-04-06 09:27:40,1000.45,231933
2021-04-06 09:27:41,1000.45,231938
2021-04-06 09:27:43,1000.0,231948
2021-04-06 09:27:43,999.95,231986
2021-04-06 09:27:44,1000.4,231999
2021-04-06 09:27:45,1000.4,231999
2021-04-06 09:27:47,1000.55,232049
2021-04-06 09:27:48,999.55,232850
2021-04-06 09:27:49,1000.1,232975
2021-04-06 09:27:50,1000.1,232975
2021-04-06 09:27:51,999.95,233051
2021-04-06 09:27:52,999.95,233051
2021-04-06 09:27:53,999.55,233082
2021-04-06 09:27:54,999.55,233082
2021-04-06 09:27:54,999.55,233082
2021-04-06 09:27:55,999.5,233095
2021-04-06 09:27:56,998.85,238353
2021-04-06 09:27:58,998.85,238503
2021-04-06 09:27:59,999.2,239031
2021-04-06 09:28:00,999.2,239031
2021-04-06 09:28:01,999.4,239033
2021-04-06 09:28:02,998.85,239036
2021-04-06 09:28:03,998.85,239167
2021-04-06 09:28:03,998.85,239167
2021-04-06 09:28:04,998.9,239329
2021-04-06 09:28:05,998.95,239432
2021-04-06 09:28:06,999.0,239435
2021-04-06 09:28:07,999.0,239435
2021-04-06 09:28:09,998.85,239685
2021-04-06 09:28:10,998.8,239922
2021-04-06 09:28:11,999.0,239972
2021-04-06 09:28:12,999.05,240246
2021-04-06 09:28:13,999.25,240289
2021-04-06 09:28:14,999.25,240289
2021-04-06 09:28:15,999.25,240289
2021-04-06 09:28:16,999.25,240289
2021-04-06 09:28:17,999.0,240458
2021-04-06 09:28:18,998.55,242174
2021-04-06 09:28:18,998.55,242174
2021-04-06 09:28:19,998.55,242174
2021-04-06 09:28:20,998.05,242194
2021-04-06 09:28:21,998.6,242426
2021-04-06 09:28:23,998.7,242526
2021-04-06 09:28:24,998.1,242546
2021-04-06 09:28:25,998.1,242546
2021-04-06 09:28:26,998.95,242697
2021-04-06 09:28:27,998.65,242723
2021-04-06 09:28:28,998.7,242823
2021-04-06 09:28:29,998.7,242823
2021-04-06 09:28:30,998.6,242888
2021-04-06 09:28:31,998.6,242888
2021-04-06 09:28:32,998.6,242888
2021-04-06 09:28:33,998.85,242938
2021-04-06 09:28:34,998.9,242993
2021-04-06 09:28:35,998.9,243037
2021-04-06 09:28:36,999.15,243043
2021-04-06 09:28:37,998.95,243393
2021-04-06 09:28:38,999.1,243394
2021-04-06 09:28:39,999.05,243414
2021-04-06 09:28:41,998.95,243419
2021-04-06 09:28:42,999.05,243429
2021-04-06 09:28:42,999.05,243429
2021-04-06 09:28:44,999.0,243498
2021-04-06 09:28:45,999.0,243498
2021-04-06 09:28:46,999.0,243503
2021-04-06 09:28:47,999.25,243867
2021-04-06 09:28:48,999.6,244272
2021-04-06 09:28:49,999.6,244272
2021-04-06 09:28:50,999.6,244272
2021-04-06 09:28:50,999.6,244272
2021-04-06 09:28:51,999.7,244487
2021-04-06 09:28:52,999.7,244487
2021-04-06 09:28:54,999.7,244487
2021-04-06 09:28:55,999.95,244587
2021-04-06 09:28:56,999.45,244635
2021-04-06 09:28:57,999.45,245269
2021-04-06 09:28:57,999.45,245402
2021-04-06 09:28:59,999.45,245402
2021-04-06 09:28:59,999.45,245402
2021-04-06 09:29:01,999.45,245402
2021-04-06 09:29:02,1000.05,245404
2021-04-06 09:29:03,999.4,245584
2021-04-06 09:29:04,999.4,245594
2021-04-06 09:29:05,999.95,245645
2021-04-06 09:29:06,999.95,245645
2021-04-06 09:29:07,999.55,245737
2021-04-06 09:29:08,999.9,245748
2021-04-06 09:29:09,1000.05,246023
2021-04-06 09:29:10,999.95,246035
2021-04-06 09:29:11,1000.0,246085
2021-04-06 09:29:12,1000.0,246085
2021-04-06 09:29:13,1000.35,246213
2021-04-06 09:29:14,1000.35,246213
2021-04-06 09:29:15,1000.35,246213
2021-04-06 09:29:16,1000.35,246213
2021-04-06 09:29:17,1000.35,246213
2021-04-06 09:29:18,1000.35,246213
2021-04-06 09:29:19,1000.2,246717
2021-04-06 09:29:20,1000.7,246897
2021-04-06 09:29:21,1001.5,246923
2021-04-06 09:29:22,1000.75,247018
2021-04-06 09:29:23,1000.85,247066
2021-04-06 09:29:24,1000.8,247266
2021-04-06 09:29:25,1000.8,247266
2021-04-06 09:29:26,1000.75,247288
2021-04-06 09:29:26,1000.75,247288
2021-04-06 09:29:27,1000.75,247288
2021-04-06 09:29:29,1001.4,247289
2021-04-06 09:29:29,1001.4,247289
2021-04-06 09:29:30,1000.95,247398
2021-04-06 09:29:32,1000.95,247398
2021-04-06 09:29:33,1000.95,247398
2021-04-06 09:29:34,1000.95,247398
2021-04-06 09:29:35,1000.95,247398
2021-04-06 09:29:36,1001.2,247429
2021-04-06 09:29:37,1001.2,247429
2021-04-06 09:29:38,1001.2,247498
2021-04-06 09:29:39,1001.2,247686
2021-04-06 09:29:40,1001.2,247686
2021-04-06 09:29:41,1001.2,247686
2021-04-06 09:29:41,1001.2,247696
2021-04-06 09:29:43,1001.2,247807
2021-04-06 09:29:44,1001.55,247808
2021-04-06 09:29:45,1002.0,248294
2021-04-06 09:29:46,1002.0,248294
2021-04-06 09:29:47,1001.95,248324
2021-04-06 09:29:48,1001.95,248324
2021-04-06 09:29:49,1001.95,248424
2021-04-06 09:29:50,1001.95,248424
2021-04-06 09:29:51,1001.95,248461
2021-04-06 09:29:53,1001.95,248461
2021-04-06 09:29:54,1001.95,248461
2021-04-06 09:29:55,1001.95,248566
2021-04-06 09:29:56,1001.95,248566
2021-04-06 09:29:57,1001.95,248566
2021-04-06 09:29:58,1001.65,248608
2021-04-06 09:29:59,1001.95,248634
2021-04-06 09:30:00,1001.95,248634
2021-04-06 09:30:01,1001.5,249194
2021-04-06 09:30:02,1002.0,251780
2021-04-06 09:30:03,1002.0,252346
2021-04-06 09:30:04,1002.0,252446
2021-04-06 09:30:05,1002.45,252478
2021-04-06 09:30:07,1003.05,254581
2021-04-06 09:30:08,1003.05,254581
2021-04-06 09:30:09,1003.0,254690
2021-04-06 09:30:10,1003.05,255032
2021-04-06 09:30:11,1002.5,256150
2021-04-06 09:30:12,1001.95,257569
2021-04-06 09:30:13,1001.85,257590
2021-04-06 09:30:13,1001.85,257590
2021-04-06 09:30:14,1002.8,258090
2021-04-06 09:30:15,1002.8,258090
2021-04-06 09:30:17,1002.6,258191
2021-04-06 09:30:18,1002.6,258191
2021-04-06 09:30:19,1002.3,258199
2021-04-06 09:30:20,1002.6,258629
2021-04-06 09:30:21,1002.85,258655
2021-04-06 09:30:22,1002.85,258655
2021-04-06 09:30:23,1002.5,258657
2021-04-06 09:30:24,1002.5,258657
2021-04-06 09:30:25,1002.5,258657
2021-04-06 09:30:25,1002.5,258657
2021-04-06 09:30:26,1002.5,258657
2021-04-06 09:30:27,1002.8,258674
2021-04-06 09:30:29,1002.8,259024
2021-04-06 09:30:30,1002.75,259025
2021-04-06 09:30:31,1002.75,259025
2021-04-06 09:30:32,1003.0,259452
2021-04-06 09:30:33,1003.0,259552
2021-04-06 09:30:34,1003.0,259552
2021-04-06 09:30:35,1003.0,259564
2021-04-06 09:30:36,1003.0,259613
2021-04-06 09:30:37,1003.0,260481
2021-04-06 09:30:38,1003.0,260481
2021-04-06 09:30:39,1003.0,260491
2021-04-06 09:30:40,1003.0,260491
2021-04-06 09:30:41,1003.0,260791
2021-04-06 09:30:41,1003.0,260791
2021-04-06 09:30:42,1003.0,260791
2021-04-06 09:30:43,1003.0,260791
2021-04-06 09:30:45,1002.95,261845
2021-04-06 09:30:46,1002.75,262269
2021-04-06 09:30:47,1002.75,262269
2021-04-06 09:30:48,1002.75,262269
2021-04-06 09:30:49,1002.9,262278
2021-04-06 09:30:50,1002.9,262278
2021-04-06 09:30:51,1002.85,262354
2021-04-06 09:30:52,1003.0,262359
2021-04-06 09:30:52,1003.0,262359
2021-04-06 09:30:54,1003.25,262567
2021-04-06 09:30:55,1003.25,262598
2021-04-06 09:30:56,1003.05,262698
2021-04-06 09:30:57,1003.0,262732
2021-04-06 09:30:58,1003.05,262735
2021-04-06 09:30:59,1003.0,263353
2021-04-06 09:31:00,1003.0,263507
2021-04-06 09:31:01,1003.0,263507
2021-04-06 09:31:02,1003.0,263507
2021-04-06 09:31:02,1003.0,263507
2021-04-06 09:31:04,1003.5,263592
2021-04-06 09:31:05,1003.5,263592
2021-04-06 09:31:06,1003.4,263652
2021-04-06 09:31:07,1003.4,263652
2021-04-06 09:31:08,1003.45,263706
2021-04-06 09:31:09,1003.45,263706
2021-04-06 09:31:10,1002.5,264410
2021-04-06 09:31:11,1002.4,264500
2021-04-06 09:31:12,1002.0,264555
2021-04-06 09:31:13,1002.4,264561
2021-04-06 09:31:14,1001.65,265008
2021-04-06 09:31:15,1001.65,265008
2021-04-06 09:31:16,1001.65,265008
2021-04-06 09:31:17,1002.3,265308
2021-04-06 09:31:18,1002.05,265309
2021-04-06 09:31:19,1002.05,265409
2021-04-06 09:31:20,1001.9,265411
2021-04-06 09:31:21,1001.9,265438
2021-04-06 09:31:22,1001.8,265453
2021-04-06 09:31:22,1001.85,265440
2021-04-06 09:31:23,1002.05,265458
2021-04-06 09:31:25,1001.8,266070
2021-04-06 09:31:26,1002.25,266071
2021-04-06 09:31:27,1002.25,266071
2021-04-06 09:31:28,1002.25,266071
2021-04-06 09:31:29,1002.25,266071
2021-04-06 09:31:30,1002.25,266071
2021-04-06 09:31:31,1002.25,266071
2021-04-06 09:31:32,1002.7,266233
2021-04-06 09:31:33,1002.7,266233
2021-04-06 09:31:33,1002.8,266338
2021-04-06 09:31:34,1002.8,266438
2021-04-06 09:31:35,1002.8,266438
2021-04-06 09:31:36,1002.15,266538
2021-04-06 09:31:38,1002.15,266538
2021-04-06 09:31:39,1002.15,266538
2021-04-06 09:31:40,1002.15,266538
2021-04-06 09:31:41,1002.5,266563
2021-04-06 09:31:42,1002.95,266566
2021-04-06 09:31:43,1002.95,266567
2021-04-06 09:31:43,1002.35,266576
2021-04-06 09:31:44,1003.15,267076
2021-04-06 09:31:45,1003.3,267176
2021-04-06 09:31:46,1003.3,267176
2021-04-06 09:31:47,1002.45,267417
2021-04-06 09:31:48,1002.45,267417
2021-04-06 09:31:49,1002.45,267432
2021-04-06 09:31:50,1002.8,267458
2021-04-06 09:31:51,1002.45,267470
2021-04-06 09:31:52,1002.45,267470
2021-04-06 09:31:53,1002.8,267522
2021-04-06 09:31:56,1002.8,267522
2021-04-06 09:31:57,1002.75,267550
2021-04-06 09:31:58,1002.75,267550
2021-04-06 09:31:59,1002.45,267820
2021-04-06 09:32:00,1002.6,267950
2021-04-06 09:32:01,1002.45,267952
2021-04-06 09:32:02,1002.05,268379
2021-04-06 09:32:03,1002.45,268455
2021-04-06 09:32:04,1002.45,268455
2021-04-06 09:32:05,1002.0,268535
2021-04-06 09:32:06,1002.0,268535
2021-04-06 09:32:07,1002.0,268559
2021-04-06 09:32:08,1002.0,268559
2021-04-06 09:32:09,1002.0,268794
2021-04-06 09:32:10,1002.1,268804
2021-04-06 09:32:11,1001.3,269021
2021-04-06 09:32:12,1001.35,269100
2021-04-06 09:32:13,1001.35,269100
2021-04-06 09:32:14,1001.2,269151
2021-04-06 09:32:15,1001.2,269151
2021-04-06 09:32:16,1001.2,269188
2021-04-06 09:32:17,1001.2,269188
2021-04-06 09:32:18,1001.2,269193
2021-04-06 09:32:20,1001.1,269258
2021-04-06 09:32:21,1001.45,269284
2021-04-06 09:32:22,1001.45,269284
2021-04-06 09:32:23,1001.45,269294
2021-04-06 09:32:24,1001.45,269294
2021-04-06 09:32:25,1001.45,269369
2021-04-06 09:32:26,1001.7,269512
2021-04-06 09:32:27,1001.2,269562
2021-04-06 09:32:28,1001.2,269562
2021-04-06 09:32:29,1001.2,269562
2021-04-06 09:32:30,1001.2,269562
2021-04-06 09:32:31,1001.2,269612
2021-04-06 09:32:32,1001.0,270067
2021-04-06 09:32:33,1001.0,270067
2021-04-06 09:32:34,1001.0,270067
2021-04-06 09:32:35,1001.0,270067
2021-04-06 09:32:36,1001.05,270072
2021-04-06 09:32:37,1001.05,270072
2021-04-06 09:32:38,1001.4,270195
2021-04-06 09:32:39,1001.1,270210
2021-04-06 09:32:40,1001.1,270215
2021-04-06 09:32:41,1001.1,270215
2021-04-06 09:32:42,1001.1,270358
2021-04-06 09:32:43,1001.8,270359
2021-04-06 09:32:44,1001.45,270414
2021-04-06 09:32:45,1001.4,270580
2021-04-06 09:32:46,1001.4,270580
2021-04-06 09:32:47,1001.45,270660
2021-04-06 09:32:48,1001.45,270660
2021-04-06 09:32:49,1001.45,270660
2021-04-06 09:32:50,1001.45,270779
2021-04-06 09:32:51,1001.4,270806
2021-04-06 09:32:52,1001.4,270816
2021-04-06 09:32:53,1001.15,270823
2021-04-06 09:32:54,1001.45,270825
2021-04-06 09:32:55,1001.45,270825
2021-04-06 09:32:56,1001.45,270825
2021-04-06 09:32:57,1001.45,271041
2021-04-06 09:32:58,1001.45,271072
2021-04-06 09:32:59,1001.85,271097
2021-04-06 09:33:00,1001.5,271277
2021-04-06 09:33:01,1001.5,271277
2021-04-06 09:33:02,1001.85,271282
2021-04-06 09:33:03,1001.35,271286
2021-04-06 09:33:05,1001.45,271305
2021-04-06 09:33:04,1001.45,271305
2021-04-06 09:33:06,1001.4,271331
2021-04-06 09:33:07,1001.4,271331
2021-04-06 09:33:08,1001.4,271350
2021-04-06 09:33:09,1001.4,271350
2021-04-06 09:33:10,1001.85,271361
2021-04-06 09:33:11,1001.85,271371
2021-04-06 09:33:12,1001.85,271425
2021-04-06 09:33:13,1001.85,271425
2021-04-06 09:33:14,1001.85,271425
2021-04-06 09:33:15,1001.85,271425
2021-04-06 09:33:16,1001.45,271500
2021-04-06 09:33:17,1001.45,271500
2021-04-06 09:33:18,1001.45,271720
2021-04-06 09:33:19,1001.45,271720
2021-04-06 09:33:20,1001.45,271771
2021-04-06 09:33:21,1001.6,271847
2021-04-06 09:33:22,1001.45,271880
2021-04-06 09:33:23,1001.45,271880
2021-04-06 09:33:24,1001.45,271888
2021-04-06 09:33:25,1001.25,271931
2021-04-06 09:33:26,1001.25,271931
2021-04-06 09:33:27,1001.45,272622
2021-04-06 09:33:28,1001.45,272622
2021-04-06 09:33:29,1002.05,273013
2021-04-06 09:33:30,1002.05,273013
2021-04-06 09:33:31,1002.05,273013
2021-04-06 09:33:32,1001.6,273047
2021-04-06 09:33:33,1001.6,273057
2021-04-06 09:33:34,1002.2,273067
2021-04-06 09:33:35,1002.2,273067
2021-04-06 09:33:36,1002.2,273067
2021-04-06 09:33:37,1002.2,273067
2021-04-06 09:33:38,1002.2,273067
2021-04-06 09:33:39,1002.2,273067
2021-04-06 09:33:40,1002.15,273070
2021-04-06 09:33:41,1002.15,273070
2021-04-06 09:33:42,1002.15,273083
2021-04-06 09:33:43,1002.1,273095
2021-04-06 09:33:44,1002.0,273143
2021-04-06 09:33:45,1002.05,273343
2021-04-06 09:33:46,1002.05,273343
2021-04-06 09:33:47,1002.4,273543
2021-04-06 09:33:48,1002.4,273543
2021-04-06 09:33:49,1002.6,273568
2021-04-06 09:33:50,1002.6,273568
2021-04-06 09:33:51,1002.6,273594
2021-04-06 09:33:52,1002.6,273594
2021-04-06 09:33:53,1002.6,273594
2021-04-06 09:33:54,1002.6,273594
2021-04-06 09:33:55,1002.6,273594
2021-04-06 09:33:56,1002.6,273594
2021-04-06 09:33:57,1002.6,273594
2021-04-06 09:33:58,1002.05,273960
2021-04-06 09:33:59,1002.0,273987
2021-04-06 09:34:00,1001.95,274084
2021-04-06 09:34:01,1002.05,274134
2021-04-06 09:34:02,1002.05,274134
2021-04-06 09:34:03,1002.05,274134
2021-04-06 09:34:04,1002.05,274134
2021-04-06 09:34:05,1002.05,274134
2021-04-06 09:34:06,1002.05,274134
2021-04-06 09:34:07,1002.05,274134
2021-04-06 09:34:08,1002.05,274134
2021-04-06 09:34:09,1002.0,274234
2021-04-06 09:34:10,1002.0,274234
2021-04-06 09:34:11,1001.15,274241
2021-04-06 09:34:12,1001.15,274241
2021-04-06 09:34:14,1001.9,274291
2021-04-06 09:34:14,1001.9,274291
2021-04-06 09:34:15,1001.9,274291
2021-04-06 09:34:16,1002.0,274513
2021-04-06 09:34:17,1002.0,274563
2021-04-06 09:34:18,1002.0,274563
2021-04-06 09:34:19,1002.0,274614
2021-04-06 09:34:20,1001.55,274714
2021-04-06 09:34:21,1002.0,274741
2021-04-06 09:34:22,1002.0,274741
2021-04-06 09:34:23,1002.0,274741
2021-04-06 09:34:24,1001.35,274941
2021-04-06 09:34:25,1001.65,274943
2021-04-06 09:34:26,1000.3,275900
2021-04-06 09:34:27,1000.8,276042
2021-04-06 09:34:28,1000.8,276042
2021-04-06 09:34:29,1000.25,276093
2021-04-06 09:34:30,1000.05,276318
2021-04-06 09:34:31,1000.05,276318
2021-04-06 09:34:32,1000.6,276468
2021-04-06 09:34:34,1000.6,276468
2021-04-06 09:34:34,1000.6,276468
2021-04-06 09:34:36,1000.6,276468
2021-04-06 09:34:37,1000.3,276548
2021-04-06 09:34:38,1000.1,276625
2021-04-06 09:34:39,1000.1,276625
2021-04-06 09:34:40,1000.3,276628
2021-04-06 09:34:41,1000.25,276674
2021-04-06 09:34:42,1000.25,276674
2021-04-06 09:34:43,1000.25,276674
2021-04-06 09:34:44,1000.25,276674
2021-04-06 09:34:45,1000.3,276909
2021-04-06 09:34:46,1000.75,277016
2021-04-06 09:34:47,1000.6,277023
2021-04-06 09:34:48,1000.6,277023
2021-04-06 09:34:49,1000.75,277025
2021-04-06 09:34:50,1001.2,277083
2021-04-06 09:34:51,1001.2,277109
2021-04-06 09:34:52,1001.2,277188
2021-04-06 09:34:53,1001.2,277193
2021-04-06 09:34:54,1001.2,277193
2021-04-06 09:34:56,1001.2,277193
2021-04-06 09:34:55,1001.2,277193
2021-04-06 09:34:57,1001.2,277193
2021-04-06 09:34:58,1001.2,277199
2021-04-06 09:34:59,1001.0,277200
2021-04-06 09:35:01,1000.95,277250
2021-04-06 09:35:01,1000.95,277250
2021-04-06 09:35:02,1001.25,277355
2021-04-06 09:35:03,1001.25,277355
2021-04-06 09:35:04,1001.25,277355
2021-04-06 09:35:05,1001.25,277355
2021-04-06 09:35:06,1001.35,277420
2021-04-06 09:35:07,1001.35,277420
2021-04-06 09:35:08,1001.35,277420
2021-04-06 09:35:09,1001.35,277420
2021-04-06 09:35:10,1001.4,277425
2021-04-06 09:35:11,1001.4,277425
2021-04-06 09:35:12,1001.4,277425
2021-04-06 09:35:13,1001.1,277432
2021-04-06 09:35:14,1001.4,277437
2021-04-06 09:35:15,1001.4,277437
2021-04-06 09:35:16,1001.35,277448
2021-04-06 09:35:17,1001.1,277483
2021-04-06 09:35:18,1001.1,277483
2021-04-06 09:35:20,1001.25,277506
2021-04-06 09:35:19,1001.1,277483
2021-04-06 09:35:21,1001.25,277590
2021-04-06 09:35:22,1001.1,277690
2021-04-06 09:35:23,1001.1,277691
2021-04-06 09:35:24,1001.1,277691
2021-04-06 09:35:25,1001.25,277706
2021-04-06 09:35:26,1001.25,277753
2021-04-06 09:35:27,1001.25,277753
2021-04-06 09:35:28,1001.6,277754
2021-04-06 09:35:29,1001.3,277790
2021-04-06 09:35:30,1001.3,277790
2021-04-06 09:35:31,1001.3,277790
2021-04-06 09:35:32,1001.3,277790
2021-04-06 09:35:33,1001.3,277790
2021-04-06 09:35:34,1001.6,277868
2021-04-06 09:35:35,1001.6,277888
2021-04-06 09:35:37,1001.65,277955
2021-04-06 09:35:37,1001.6,277968
2021-04-06 09:35:38,1001.6,278017
2021-04-06 09:35:39,1001.6,278017
2021-04-06 09:35:40,1001.6,278017
2021-04-06 09:35:41,1001.4,278378
2021-04-06 09:35:42,1001.4,278378
2021-04-06 09:35:43,1001.2,278381
2021-04-06 09:35:44,1001.15,278406
2021-04-06 09:35:46,1001.15,278406
2021-04-06 09:35:47,1001.2,278506
2021-04-06 09:35:48,1001.2,278506
2021-04-06 09:35:49,1001.4,278532
2021-04-06 09:35:50,1001.4,278532
2021-04-06 09:35:51,1001.4,278559
2021-04-06 09:35:52,1001.4,278588
2021-04-06 09:35:53,1001.4,278588
2021-04-06 09:35:54,1001.35,278612
2021-04-06 09:35:55,1001.2,278692
2021-04-06 09:35:56,1001.2,278705
2021-04-06 09:35:57,1001.2,278705
2021-04-06 09:35:58,1001.2,278705
2021-04-06 09:35:59,1001.2,278705
2021-04-06 09:36:00,1001.4,278714
2021-04-06 09:36:01,1001.4,278734
2021-04-06 09:36:02,1001.4,278734
2021-04-06 09:36:04,1001.05,278979
2021-04-06 09:36:04,1001.05,278979
2021-04-06 09:36:05,1001.4,279004
2021-04-06 09:36:06,1001.4,279004
2021-04-06 09:36:07,1001.4,279007
2021-04-06 09:36:08,1001.0,279043
2021-04-06 09:36:09,1001.0,279286
2021-04-06 09:36:10,1000.75,279316
2021-04-06 09:36:11,1000.3,279326
2021-04-06 09:36:12,1000.7,279336
2021-04-06 09:36:13,1000.7,279336
2021-04-06 09:36:14,1000.7,279336
2021-04-06 09:36:15,1000.3,279353
2021-04-06 09:36:17,1000.3,279353
2021-04-06 09:36:18,1000.3,279353
2021-04-06 09:36:19,1001.05,279355
2021-04-06 09:36:20,1000.55,279402
2021-04-06 09:36:21,1001.05,279453
2021-04-06 09:36:22,1001.05,279453
2021-04-06 09:36:23,1001.05,279453
2021-04-06 09:36:24,1001.05,279453
2021-04-06 09:36:25,1001.05,279453
2021-04-06 09:36:29,1001.05,279453
2021-04-06 09:36:33,1000.9,279644
2021-04-06 09:36:38,1000.95,280202
2021-04-06 09:36:41,1001.05,280307
2021-04-06 09:36:45,1001.0,280340
2021-04-06 09:36:50,1000.35,281045
2021-04-06 09:36:54,1000.8,281154
2021-04-06 09:36:58,999.4,286099
2021-04-06 09:37:02,999.05,286171
2021-04-06 09:37:06,999.05,286230
2021-04-06 09:37:10,999.9,286443
2021-04-06 09:37:15,999.15,286696
2021-04-06 09:37:20,999.2,286857
2021-04-06 09:37:24,1000.3,287663
2021-04-06 09:37:28,1000.4,287865
2021-04-06 09:37:32,1000.25,287994
2021-04-06 09:37:36,1000.25,287994
2021-04-06 09:37:41,1000.3,288204
2021-04-06 09:37:45,1001.05,288454
2021-04-06 09:37:49,1001.2,288487
2021-04-06 09:37:53,1001.1,289017
2021-04-06 09:37:58,1000.75,289177
2021-04-06 09:38:01,1001.05,289302
2021-04-06 09:38:06,1001.15,289786
2021-04-06 09:38:11,1001.5,290336
2021-04-06 09:38:15,1001.8,290576
2021-04-06 09:38:19,1001.15,290827
2021-04-06 09:38:24,1001.45,290883
2021-04-06 09:38:29,1002.0,291067
2021-04-06 09:38:34,1002.05,292181
2021-04-06 09:38:38,1001.95,292407
2021-04-06 09:38:42,1002.0,293442
2021-04-06 09:38:46,1002.45,293490
2021-04-06 09:38:51,1002.5,293601
2021-04-06 09:38:55,1002.5,294148
2021-04-06 09:38:59,1002.9,294712
2021-04-06 09:39:04,1002.9,294712
2021-04-06 09:39:08,1003.0,295387
2021-04-06 09:39:12,1002.9,295433
2021-04-06 09:39:16,1003.2,297726
2021-04-06 09:39:20,1003.2,297776
2021-04-06 09:39:25,1003.2,298237
2021-04-06 09:39:29,1002.95,298599
2021-04-06 09:39:34,1002.95,298899
2021-04-06 09:39:38,1003.15,298999
2021-04-06 09:39:43,1003.1,299123
2021-04-06 09:39:47,1002.8,299143
2021-04-06 09:39:51,1003.45,300306
2021-04-06 09:39:56,1003.5,300601
2021-04-06 09:40:01,1003.6,302852
2021-04-06 09:40:05,1003.3,302899
2021-04-06 09:40:09,1004.2,307441
2021-04-06 09:40:13,1003.85,308550
2021-04-06 09:40:18,1004.2,308698
2021-04-06 09:40:22,1004.4,308751
2021-04-06 09:40:26,1004.55,309020
2021-04-06 09:40:30,1004.85,309674
2021-04-06 09:40:34,1004.55,309934
2021-04-06 09:40:38,1004.5,310201
2021-04-06 09:40:41,1004.05,310361
2021-04-06 09:40:45,1004.45,310362
2021-04-06 09:40:49,1004.2,310436
2021-04-06 09:40:54,1004.35,311173
2021-04-06 09:40:58,1004.55,311533
2021-04-06 09:41:02,1004.85,311664
2021-04-06 09:41:06,1004.8,311726
2021-04-06 09:41:10,1004.55,312683
2021-04-06 09:41:14,1005.1,316595
2021-04-06 09:41:19,1006.0,319383
2021-04-06 09:41:23,1005.5,320093
2021-04-06 09:41:26,1005.0,320196
2021-04-06 09:41:27,1005.4,320202
2021-04-06 09:41:28,1005.4,320202
2021-04-06 09:41:29,1005.4,320202
2021-04-06 09:41:30,1005.4,320207
2021-04-06 09:41:31,1005.4,320208
2021-04-06 09:41:32,1005.4,320208
2021-04-06 09:41:33,1005.75,320535
2021-04-06 09:41:34,1005.9,320764
2021-04-06 09:41:35,1005.9,320764
2021-04-06 09:41:36,1005.2,320833
2021-04-06 09:41:37,1005.75,320868
2021-04-06 09:41:38,1005.75,320918
2021-04-06 09:41:39,1005.1,320938
2021-04-06 09:41:40,1005.1,320938
2021-04-06 09:41:41,1005.0,321418
2021-04-06 09:41:42,1005.4,321568
2021-04-06 09:41:43,1005.0,321588
2021-04-06 09:41:44,1005.0,322515
2021-04-06 09:41:45,1005.1,322934
2021-04-06 09:41:46,1004.6,322967
2021-04-06 09:41:46,1005.1,322934
2021-04-06 09:41:48,1005.05,323017
2021-04-06 09:41:49,1005.3,323317
2021-04-06 09:41:50,1005.3,323317
2021-04-06 09:41:51,1004.75,323985
2021-04-06 09:41:52,1004.85,324070
2021-04-06 09:41:53,1004.95,324220
2021-04-06 09:41:54,1004.95,324220
2021-04-06 09:41:55,1004.95,324370
2021-04-06 09:41:56,1004.95,324380
2021-04-06 09:41:57,1004.95,324380
2021-04-06 09:41:58,1004.95,324381
2021-04-06 09:41:58,1004.6,324411
2021-04-06 09:41:59,1004.95,324462
2021-04-06 09:42:00,1004.95,324462
2021-04-06 09:42:02,1004.95,324463
2021-04-06 09:42:02,1004.95,324463
2021-04-06 09:42:03,1004.95,324463
2021-04-06 09:42:04,1004.95,324592
2021-04-06 09:42:06,1004.95,324592
2021-04-06 09:42:07,1005.0,325066
2021-04-06 09:42:08,1005.0,325066
2021-04-06 09:42:09,1005.0,325241
2021-04-06 09:42:10,1005.0,325371
2021-04-06 09:42:11,1005.0,325470
2021-04-06 09:42:12,1005.0,325724
2021-04-06 09:42:13,1005.0,325734
2021-04-06 09:42:14,1005.0,325910
2021-04-06 09:42:15,1005.0,325934
2021-04-06 09:42:16,1005.7,326134
2021-04-06 09:42:17,1005.1,326140
2021-04-06 09:42:18,1005.7,326150
2021-04-06 09:42:19,1005.7,326150
2021-04-06 09:42:20,1005.2,326224
2021-04-06 09:42:21,1005.6,326251
2021-04-06 09:42:22,1005.25,326282
2021-04-06 09:42:23,1005.25,326732
2021-04-06 09:42:23,1005.25,326732
2021-04-06 09:42:24,1005.75,327043
2021-04-06 09:42:26,1005.0,327078
2021-04-06 09:42:26,1005.0,327078
2021-04-06 09:42:28,1005.45,327103
2021-04-06 09:42:29,1005.45,327103
2021-04-06 09:42:30,1005.45,327103
2021-04-06 09:42:31,1005.05,327175
2021-04-06 09:42:32,1005.45,327195
2021-04-06 09:42:33,1005.45,327196
2021-04-06 09:42:34,1005.45,327196
2021-04-06 09:42:35,1005.45,327263
2021-04-06 09:42:36,1005.45,327263
2021-04-06 09:42:37,1005.05,327337
2021-04-06 09:42:38,1005.05,327339
2021-04-06 09:42:39,1005.05,327339
2021-04-06 09:42:40,1005.05,327345
2021-04-06 09:42:41,1005.0,327370
2021-04-06 09:42:42,1005.0,327370
2021-04-06 09:42:43,1005.05,327450
2021-04-06 09:42:44,1005.55,327454
2021-04-06 09:42:44,1005.55,327494
2021-04-06 09:42:46,1005.55,327494
2021-04-06 09:42:47,1005.45,327500
2021-04-06 09:42:48,1005.45,327500
2021-04-06 09:42:49,1005.45,327623
2021-04-06 09:42:50,1005.45,327659
2021-04-06 09:42:51,1005.4,327690
2021-04-06 09:42:52,1005.4,327690
2021-04-06 09:42:53,1005.05,327698
2021-04-06 09:42:54,1005.05,327698
2021-04-06 09:42:55,1005.4,327853
2021-04-06 09:42:56,1005.05,327925
2021-04-06 09:42:58,1005.4,327930
2021-04-06 09:42:59,1005.4,327930
2021-04-06 09:43:00,1005.4,327931
2021-04-06 09:43:01,1005.45,328516
2021-04-06 09:43:02,1005.4,328631
2021-04-06 09:43:03,1005.05,329260
2021-04-06 09:43:04,1005.0,329555
2021-04-06 09:43:05,1004.65,329571
2021-04-06 09:43:06,1004.65,329571
2021-04-06 09:43:07,1004.65,329571
2021-04-06 09:43:08,1004.55,329614
2021-04-06 09:43:09,1004.55,329686
2021-04-06 09:43:10,1004.9,329700
2021-04-06 09:43:11,1004.55,329710
2021-04-06 09:43:12,1004.55,329787
2021-04-06 09:43:13,1004.55,329787
2021-04-06 09:43:14,1004.55,329787
2021-04-06 09:43:15,1004.95,329861
2021-04-06 09:43:16,1004.95,329861
2021-04-06 09:43:17,1005.05,330090
2021-04-06 09:43:18,1005.35,330190
2021-04-06 09:43:19,1005.35,330190
2021-04-06 09:43:20,1005.35,330190
2021-04-06 09:43:21,1005.15,330217
2021-04-06 09:43:22,1004.8,330317
2021-04-06 09:43:23,1004.8,330317
2021-04-06 09:43:24,1004.8,330317
2021-04-06 09:43:25,1004.8,330317
2021-04-06 09:43:26,1005.0,330337
2021-04-06 09:43:27,1005.0,330340
2021-04-06 09:43:28,1004.55,330481
2021-04-06 09:43:29,1004.55,330518
2021-04-06 09:43:30,1004.85,330525
2021-04-06 09:43:31,1004.85,330600
2021-04-06 09:43:32,1004.55,330682
2021-04-06 09:43:33,1004.9,330782
2021-04-06 09:43:34,1004.9,330792
2021-04-06 09:43:35,1004.55,330864
2021-04-06 09:43:36,1004.35,331352
2021-04-06 09:43:37,1004.35,331352
2021-04-06 09:43:38,1004.35,331352
2021-04-06 09:43:39,1004.35,331352
2021-04-06 09:43:40,1004.35,331352
2021-04-06 09:43:41,1004.5,331452
2021-04-06 09:43:42,1004.5,331502
2021-04-06 09:43:43,1004.35,331509
2021-04-06 09:43:44,1004.35,331509
2021-04-06 09:43:45,1004.35,331509
2021-04-06 09:43:46,1004.2,331536
2021-04-06 09:43:47,1004.4,331636
2021-04-06 09:43:48,1004.5,331643
2021-04-06 09:43:49,1004.9,332143
2021-04-06 09:43:50,1004.8,332213
2021-04-06 09:43:51,1004.75,332254
2021-04-06 09:43:52,1004.75,332254
2021-04-06 09:43:53,1004.2,332256
2021-04-06 09:43:54,1004.2,332256
2021-04-06 09:43:55,1004.15,332289
2021-04-06 09:43:56,1004.15,332339
2021-04-06 09:43:57,1004.2,332349
2021-04-06 09:43:58,1004.2,332358
2021-04-06 09:43:59,1004.4,332458
2021-04-06 09:44:00,1004.2,332463
2021-04-06 09:44:01,1004.2,332470
2021-04-06 09:44:02,1004.2,332470
2021-04-06 09:44:03,1004.2,332470
2021-04-06 09:44:04,1004.4,332490
2021-04-06 09:44:05,1004.2,332559
2021-04-06 09:44:06,1004.2,332578
2021-04-06 09:44:07,1004.9,332763
2021-04-06 09:44:09,1004.9,332763
2021-04-06 09:44:08,1004.9,332763
2021-04-06 09:44:10,1004.9,332763
2021-04-06 09:44:11,1004.65,332797
2021-04-06 09:44:12,1004.65,332798
2021-04-06 09:44:13,1004.65,332798
2021-04-06 09:44:14,1004.65,332798
2021-04-06 09:44:15,1004.9,332799
2021-04-06 09:44:16,1004.9,332802
2021-04-06 09:44:17,1004.65,332852
2021-04-06 09:44:18,1004.9,332952
2021-04-06 09:44:19,1004.9,332952
2021-04-06 09:44:20,1004.65,332962
2021-04-06 09:44:21,1004.85,332988
2021-04-06 09:44:22,1004.65,333172
2021-04-06 09:44:23,1004.55,333176
2021-04-06 09:44:24,1004.55,333176
2021-04-06 09:44:26,1004.5,333215
2021-04-06 09:44:25,1004.5,333215
2021-04-06 09:44:27,1004.5,333215
2021-04-06 09:44:28,1004.05,333325
2021-04-06 09:44:29,1004.2,333332
2021-04-06 09:44:30,1004.2,333332
2021-04-06 09:44:31,1004.5,333434
2021-04-06 09:44:32,1004.5,333434
2021-04-06 09:44:33,1004.5,333639
2021-04-06 09:44:34,1004.5,333639
2021-04-06 09:44:35,1004.45,333739
2021-04-06 09:44:36,1004.05,333774
2021-04-06 09:44:37,1004.3,333874
2021-04-06 09:44:38,1004.3,333874
2021-04-06 09:44:39,1004.3,333874
2021-04-06 09:44:40,1004.3,333874
2021-04-06 09:44:41,1004.3,333874
2021-04-06 09:44:42,1004.3,333874
2021-04-06 09:44:43,1004.3,333874
2021-04-06 09:44:45,1004.0,334174
2021-04-06 09:44:46,1003.9,334607
2021-04-06 09:44:47,1003.55,334712
2021-04-06 09:44:48,1003.7,334713
2021-04-06 09:44:49,1003.7,334718
2021-04-06 09:44:50,1003.7,334747
2021-04-06 09:44:51,1003.55,334752
2021-04-06 09:44:52,1003.55,334852
2021-04-06 09:44:53,1003.55,334852
2021-04-06 09:44:54,1003.8,334865
2021-04-06 09:44:55,1003.55,334875
2021-04-06 09:44:57,1003.55,334875
2021-04-06 09:44:57,1003.55,334875
2021-04-06 09:44:58,1003.0,335344
2021-04-06 09:44:59,1002.35,336603
2021-04-06 09:45:00,1002.35,336603
2021-04-06 09:45:01,1002.35,336603
2021-04-06 09:45:02,1001.8,337380
2021-04-06 09:45:03,1001.8,337380
2021-04-06 09:45:04,1002.2,337399
2021-04-06 09:45:05,1001.6,337429
2021-04-06 09:45:06,1001.6,337429
2021-04-06 09:45:07,1001.6,337429
2021-04-06 09:45:08,1001.6,337429
2021-04-06 09:45:09,1001.6,337429
2021-04-06 09:45:10,1001.6,337429
2021-04-06 09:45:11,1001.6,337429
2021-04-06 09:45:12,1001.6,337429
2021-04-06 09:45:13,1002.0,337499
2021-04-06 09:45:14,1002.0,337499
2021-04-06 09:45:15,1002.0,337499
2021-04-06 09:45:16,1002.35,338010
2021-04-06 09:45:17,1002.35,338010
2021-04-06 09:45:18,1002.35,338010
2021-04-06 09:45:19,1001.95,338030
2021-04-06 09:45:20,1002.05,338040
2021-04-06 09:45:21,1002.35,338066
2021-04-06 09:45:23,1002.75,338406
2021-04-06 09:45:24,1002.7,338617
2021-04-06 09:45:25,1002.35,338628
2021-04-06 09:45:26,1002.75,338908
2021-04-06 09:45:27,1003.0,338958
2021-04-06 09:45:28,1003.15,339268
2021-04-06 09:45:30,1003.0,339318
2021-04-06 09:45:30,1003.0,339318
2021-04-06 09:45:31,1003.0,339318
2021-04-06 09:45:32,1003.0,339318
2021-04-06 09:45:33,1003.35,339418
2021-04-06 09:45:34,1003.25,339533
2021-04-06 09:45:35,1003.2,339583
2021-04-06 09:45:36,1003.2,339583
2021-04-06 09:45:37,1003.7,339586
2021-04-06 09:45:38,1003.7,339586
2021-04-06 09:45:39,1003.95,339643
2021-04-06 09:45:40,1003.95,339653
2021-04-06 09:45:41,1003.5,339682
2021-04-06 09:45:42,1003.5,339682
2021-04-06 09:45:43,1003.9,339797
2021-04-06 09:45:44,1003.9,339797
2021-04-06 09:45:45,1004.0,339970
2021-04-06 09:45:46,1004.0,339970
2021-04-06 09:45:47,1004.5,341706
2021-04-06 09:45:48,1004.1,341974
2021-04-06 09:45:49,1004.6,341994
2021-04-06 09:45:50,1004.6,341994
2021-04-06 09:45:51,1004.55,342030
2021-04-06 09:45:52,1004.55,342046
2021-04-06 09:45:54,1004.55,342066
2021-04-06 09:45:53,1004.55,342066
2021-04-06 09:45:55,1004.55,342066
2021-04-06 09:45:56,1004.2,342638
2021-04-06 09:45:57,1004.5,342738
2021-04-06 09:45:58,1004.15,342831
2021-04-06 09:46:00,1004.5,342842
2021-04-06 09:46:00,1004.15,342934
2021-04-06 09:46:01,1004.5,342953
2021-04-06 09:46:02,1004.15,342954
2021-04-06 09:46:03,1004.15,342954
2021-04-06 09:46:04,1004.15,342954
2021-04-06 09:46:05,1004.45,342969
2021-04-06 09:46:06,1004.45,342979
2021-04-06 09:46:07,1003.8,343752
2021-04-06 09:46:09,1003.8,343752
2021-04-06 09:46:09,1003.8,343752
2021-04-06 09:46:10,1003.8,344056
2021-04-06 09:46:11,1003.0,344233
2021-04-06 09:46:12,1003.0,344233
2021-04-06 09:46:13,1003.25,344234
2021-04-06 09:46:14,1003.0,344556
2021-04-06 09:46:15,1003.2,344566
2021-04-06 09:46:16,1002.75,344611
2021-04-06 09:46:17,1002.75,344611
2021-04-06 09:46:18,1003.2,344652
2021-04-06 09:46:19,1002.85,344683
2021-04-06 09:46:20,1002.85,344683
2021-04-06 09:46:21,1003.2,344720
2021-04-06 09:46:22,1003.2,344820
2021-04-06 09:46:23,1003.2,344820
2021-04-06 09:46:24,1003.2,344820
2021-04-06 09:46:26,1003.2,344820
2021-04-06 09:46:30,1003.0,344979
2021-04-06 09:46:34,1002.95,345051
2021-04-06 09:46:39,1003.45,345540
2021-04-06 09:46:43,1002.95,346673
2021-04-06 09:46:47,1003.5,348468
2021-04-06 09:46:51,1003.5,348504
2021-04-06 09:46:55,1003.1,349277
2021-04-06 09:46:59,1003.1,349357
2021-04-06 09:47:04,1003.5,349471
2021-04-06 09:47:08,1003.95,349987
2021-04-06 09:47:13,1003.9,350014
2021-04-06 09:47:17,1003.95,350096
2021-04-06 09:47:21,1004.0,350199
2021-04-06 09:47:25,1004.0,350406
2021-04-06 09:47:30,1004.0,350566
2021-04-06 09:47:34,1004.0,350759
2021-04-06 09:47:37,1003.95,350926
2021-04-06 09:47:41,1003.2,351505
2021-04-06 09:47:45,1002.6,352323
2021-04-06 09:47:49,1002.6,352353
2021-04-06 09:47:53,1002.7,352947
2021-04-06 09:47:58,1002.65,352999
2021-04-06 09:48:02,1002.1,353154
2021-04-06 09:48:06,1002.15,353184
2021-04-06 09:48:09,1002.6,353191
2021-04-06 09:48:13,1002.6,353254
2021-04-06 09:48:17,1002.7,353569
2021-04-06 09:48:20,1002.65,353584
2021-04-06 09:48:24,1003.0,353615
2021-04-06 09:48:27,1003.0,353705
2021-04-06 09:48:31,1002.75,354146
2021-04-06 09:48:34,1002.75,354199
2021-04-06 09:48:38,1002.95,354229
2021-04-06 09:48:42,1002.75,354247
2021-04-06 09:48:45,1002.75,354327
2021-04-06 09:48:49,1002.95,354497
2021-04-06 09:48:53,1002.95,354552
2021-04-06 09:48:56,1003.15,354882
2021-04-06 09:49:00,1003.2,354894
2021-04-06 09:49:04,1002.95,354936
2021-04-06 09:49:08,1003.45,355237
2021-04-06 09:49:12,1003.9,355319
2021-04-06 09:49:15,1003.9,355358
2021-04-06 09:49:19,1003.9,355413
2021-04-06 09:49:23,1003.9,355482
2021-04-06 09:49:26,1003.5,355507
2021-04-06 09:49:30,1004.3,355930
2021-04-06 09:49:33,1004.0,355938
2021-04-06 09:49:37,1004.0,356199
2021-04-06 09:49:40,1004.0,356367
2021-04-06 09:49:43,1004.2,356368
2021-04-06 09:49:47,1004.2,356384
2021-04-06 09:49:51,1004.2,356440
2021-04-06 09:49:55,1004.2,357117
2021-04-06 09:50:00,1004.2,357278
2021-04-06 09:50:04,1004.05,357381
2021-04-06 09:50:08,1004.0,358036
2021-04-06 09:50:13,1003.7,359455
2021-04-06 09:50:17,1003.7,359695
2021-04-06 09:50:21,1003.7,359820
2021-04-06 09:50:25,1003.7,359850
2021-04-06 09:50:28,1003.4,360874
2021-04-06 09:50:31,1003.35,360884
2021-04-06 09:50:35,1003.15,361484
2021-04-06 09:50:38,1003.15,361484
2021-04-06 09:50:42,1003.0,361509
2021-04-06 09:50:46,1003.0,361509
2021-04-06 09:50:50,1003.5,361814
2021-04-06 09:50:54,1003.35,361906
2021-04-06 09:50:59,1002.95,361989
2021-04-06 09:51:02,1003.4,362277
2021-04-06 09:51:06,1003.95,362282
2021-04-06 09:51:09,1003.4,362407
2021-04-06 09:51:13,1003.7,362537
2021-04-06 09:51:16,1003.7,362582
2021-04-06 09:51:20,1003.4,362647
2021-04-06 09:51:24,1003.1,362685
2021-04-06 09:51:26,1003.5,362695
2021-04-06 09:51:27,1003.0,362700
2021-04-06 09:51:28,1003.0,362700
2021-04-06 09:51:29,1003.0,362700
2021-04-06 09:51:30,1002.8,362702
2021-04-06 09:51:31,1002.8,362702
2021-04-06 09:51:32,1002.8,362702
2021-04-06 09:51:33,1002.8,362702
2021-04-06 09:51:34,1002.8,362702
2021-04-06 09:51:35,1003.05,362726
2021-04-06 09:51:36,1003.4,362727
2021-04-06 09:51:37,1003.05,362734
2021-04-06 09:51:38,1003.05,362744
2021-04-06 09:51:39,1003.4,362769
2021-04-06 09:51:40,1003.4,362769
2021-04-06 09:51:41,1003.4,362769
2021-04-06 09:51:42,1003.4,362788
2021-04-06 09:51:43,1003.4,362788
2021-04-06 09:51:43,1003.4,362788
2021-04-06 09:51:45,1003.4,362788
2021-04-06 09:51:45,1003.4,362788
2021-04-06 09:51:46,1003.4,362788
2021-04-06 09:51:47,1003.1,362812
2021-04-06 09:51:48,1003.1,362812
2021-04-06 09:51:49,1003.1,362812
2021-04-06 09:51:50,1003.1,362812
2021-04-06 09:51:51,1003.35,362845
2021-04-06 09:51:53,1003.35,362846
2021-04-06 09:51:53,1003.1,362896
2021-04-06 09:51:55,1003.1,362896
2021-04-06 09:51:56,1003.6,363310
2021-04-06 09:51:57,1003.6,363310
2021-04-06 09:51:57,1002.95,363810
2021-04-06 09:51:58,1002.95,363810
2021-04-06 09:52:00,1003.25,363863
2021-04-06 09:52:01,1003.25,363863
2021-04-06 09:52:02,1003.25,363863
2021-04-06 09:52:03,1003.25,363863
2021-04-06 09:52:04,1003.25,363863
2021-04-06 09:52:05,1003.25,363863
2021-04-06 09:52:06,1003.25,363863
2021-04-06 09:52:07,1003.25,363863
2021-04-06 09:52:08,1003.0,363868
2021-04-06 09:52:09,1003.0,363868
2021-04-06 09:52:09,1003.0,363868
2021-04-06 09:52:10,1003.4,363883
2021-04-06 09:52:11,1003.55,363983
2021-04-06 09:52:13,1003.6,364059
2021-04-06 09:52:14,1003.6,364059
2021-04-06 09:52:15,1003.6,364059
2021-04-06 09:52:16,1003.25,364559
2021-04-06 09:52:17,1003.6,364569
2021-04-06 09:52:18,1003.6,364580
2021-04-06 09:52:19,1003.6,364580
2021-04-06 09:52:20,1003.6,364580
2021-04-06 09:52:21,1003.6,364607
2021-04-06 09:52:22,1003.6,364608
2021-04-06 09:52:23,1003.6,364608
2021-04-06 09:52:24,1003.6,364608
2021-04-06 09:52:25,1003.55,364638
2021-04-06 09:52:26,1003.6,364688
2021-04-06 09:52:27,1003.25,364715
2021-04-06 09:52:28,1003.65,364815
2021-04-06 09:52:29,1003.65,364815
2021-04-06 09:52:30,1003.65,364815
2021-04-06 09:52:31,1003.65,364815
2021-04-06 09:52:32,1003.4,364832
2021-04-06 09:52:33,1003.5,364862
2021-04-06 09:52:34,1003.5,364862
2021-04-06 09:52:35,1003.5,364863
2021-04-06 09:52:35,1003.5,364863
2021-04-06 09:52:37,1003.5,364863
2021-04-06 09:52:38,1003.4,364929
2021-04-06 09:52:39,1003.4,364929
2021-04-06 09:52:40,1003.4,364929
2021-04-06 09:52:41,1003.4,364929
2021-04-06 09:52:42,1003.5,364952
2021-04-06 09:52:43,1003.5,364952
2021-04-06 09:52:44,1003.5,364952
2021-04-06 09:52:45,1003.5,364952
2021-04-06 09:52:46,1003.5,364952
2021-04-06 09:52:47,1003.5,364964
2021-04-06 09:52:48,1003.5,364964
2021-04-06 09:52:49,1003.5,364964
2021-04-06 09:52:50,1003.5,364964
2021-04-06 09:52:51,1003.5,364990
2021-04-06 09:52:52,1003.5,365140
2021-04-06 09:52:53,1003.5,365140
2021-04-06 09:52:54,1003.5,365140
2021-04-06 09:52:55,1003.5,365140
2021-04-06 09:52:56,1003.5,365140
2021-04-06 09:52:56,1003.5,365140
2021-04-06 09:52:57,1003.5,365140
2021-04-06 09:52:58,1003.5,365140
2021-04-06 09:52:59,1002.75,365385
2021-04-06 09:53:01,1003.1,365596
2021-04-06 09:53:02,1003.1,365596
2021-04-06 09:53:03,1003.1,365596
2021-04-06 09:53:04,1003.1,365596
2021-04-06 09:53:05,1003.1,365693
2021-04-06 09:53:06,1003.1,365693
2021-04-06 09:53:07,1003.1,365693
2021-04-06 09:53:09,1003.1,365693
2021-04-06 09:53:10,1003.05,365715
2021-04-06 09:53:11,1002.85,365720
2021-04-06 09:53:12,1003.05,365746
2021-04-06 09:53:13,1003.05,365746
2021-04-06 09:53:14,1003.15,365755
2021-04-06 09:53:15,1002.8,365835
2021-04-06 09:53:15,1002.8,365835
2021-04-06 09:53:16,1002.8,365863
2021-04-06 09:53:18,1003.35,365928
2021-04-06 09:53:19,1002.8,365932
2021-04-06 09:53:19,1003.35,365928
2021-04-06 09:53:20,1003.15,365958
2021-04-06 09:53:22,1002.8,366193
2021-04-06 09:53:23,1002.8,366193
2021-04-06 09:53:24,1002.8,366193
2021-04-06 09:53:24,1002.8,366193
2021-04-06 09:53:26,1002.8,366193
2021-04-06 09:53:27,1002.8,366193
2021-04-06 09:53:28,1002.8,366193
2021-04-06 09:53:29,1003.0,366293
2021-04-06 09:53:30,1003.0,366293
2021-04-06 09:53:31,1003.0,366293
2021-04-06 09:53:32,1003.5,366589
2021-04-06 09:53:33,1003.35,366638
2021-04-06 09:53:34,1003.1,366738
2021-04-06 09:53:35,1003.1,366738
2021-04-06 09:53:36,1003.1,366838
2021-04-06 09:53:37,1003.1,366838
2021-04-06 09:53:38,1003.1,366838
2021-04-06 09:53:39,1003.1,366838
2021-04-06 09:53:40,1003.5,366855
2021-04-06 09:53:41,1003.5,366855
2021-04-06 09:53:42,1003.5,366855
2021-04-06 09:53:43,1003.5,366856
2021-04-06 09:53:44,1003.1,366880
2021-04-06 09:53:45,1003.1,366880
2021-04-06 09:53:46,1003.1,366885
2021-04-06 09:53:47,1003.1,366885
2021-04-06 09:53:48,1003.1,366885
2021-04-06 09:53:49,1003.1,366961
2021-04-06 09:53:50,1003.1,366961
2021-04-06 09:53:51,1003.4,366998
2021-04-06 09:53:52,1003.4,366998
2021-04-06 09:53:53,1003.4,366998
2021-04-06 09:53:54,1003.4,366998
2021-04-06 09:53:55,1003.4,366998
2021-04-06 09:53:56,1003.25,367065
2021-04-06 09:53:57,1003.35,367104
2021-04-06 09:53:58,1003.4,367254
2021-04-06 09:53:59,1003.1,367274
2021-04-06 09:54:00,1003.1,367274
2021-04-06 09:54:01,1003.1,367274
2021-04-06 09:54:04,1003.1,367274
2021-04-06 09:54:05,1003.1,367274
2021-04-06 09:54:06,1003.4,367275
2021-04-06 09:54:07,1003.15,367276
2021-04-06 09:54:08,1003.05,367605
2021-04-06 09:54:09,1003.05,367605
2021-04-06 09:54:10,1003.05,367605
2021-04-06 09:54:11,1002.75,367629
2021-04-06 09:54:12,1002.75,367629
2021-04-06 09:54:13,1002.8,367630
2021-04-06 09:54:14,1002.8,367630
2021-04-06 09:54:16,1002.8,367630
2021-04-06 09:54:17,1003.0,367727
2021-04-06 09:54:19,1002.8,367777
2021-04-06 09:54:20,1002.8,367777
2021-04-06 09:54:21,1003.1,367803
2021-04-06 09:54:22,1002.7,368128
2021-04-06 09:54:23,1002.65,368779
2021-04-06 09:54:24,1002.65,368779
2021-04-06 09:54:25,1002.6,368806
2021-04-06 09:54:26,1002.6,368806
2021-04-06 09:54:27,1002.6,368806
2021-04-06 09:54:28,1002.6,368806
2021-04-06 09:54:29,1002.6,368806
2021-04-06 09:54:30,1002.35,368856
2021-04-06 09:54:31,1002.35,368856
2021-04-06 09:54:32,1002.35,368866
2021-04-06 09:54:33,1002.35,368866
2021-04-06 09:54:34,1002.35,368891
2021-04-06 09:54:35,1002.35,368898
2021-04-06 09:54:36,1002.35,368898
2021-04-06 09:54:37,1002.35,368898
2021-04-06 09:54:38,1002.65,369048
2021-04-06 09:54:39,1002.65,369058
2021-04-06 09:54:40,1002.5,369062
2021-04-06 09:54:41,1002.5,369072
2021-04-06 09:54:42,1002.65,369089
2021-04-06 09:54:43,1002.65,369089
2021-04-06 09:54:44,1002.65,369089
2021-04-06 09:54:45,1002.15,370274
2021-04-06 09:54:46,1002.05,370299
2021-04-06 09:54:47,1002.05,370299
2021-04-06 09:54:48,1002.05,370299
2021-04-06 09:54:49,1002.05,370323
2021-04-06 09:54:50,1002.05,370324
2021-04-06 09:54:51,1002.3,370350
2021-04-06 09:54:52,1002.3,370350
2021-04-06 09:54:53,1002.3,370578
2021-04-06 09:54:54,1002.05,370638
2021-04-06 09:54:55,1002.3,370642
2021-04-06 09:54:56,1002.3,370642
2021-04-06 09:54:57,1002.05,370645
2021-04-06 09:54:58,1002.05,371064
2021-04-06 09:54:59,1002.1,371114
2021-04-06 09:55:00,1002.1,371114
2021-04-06 09:55:01,1002.05,371211
2021-04-06 09:55:02,1001.5,371834
2021-04-06 09:55:03,1001.4,371952
2021-04-06 09:55:04,1001.4,371956
2021-04-06 09:55:05,1001.4,371961
2021-04-06 09:55:06,1001.4,371961
2021-04-06 09:55:07,1001.4,371961
2021-04-06 09:55:08,1001.0,372650
2021-04-06 09:55:09,1001.0,372650
2021-04-06 09:55:10,1000.8,373276
2021-04-06 09:55:11,1000.8,373276
2021-04-06 09:55:12,1000.8,373276
2021-04-06 09:55:13,1001.3,373326
2021-04-06 09:55:14,1000.85,373327
2021-04-06 09:55:15,1001.2,373332
2021-04-06 09:55:16,1000.85,373355
2021-04-06 09:55:17,1001.0,373535
2021-04-06 09:55:18,1001.0,373535
2021-04-06 09:55:19,1001.0,373535
2021-04-06 09:55:20,1000.5,374656
2021-04-06 09:55:21,1000.85,374818
2021-04-06 09:55:23,1000.65,375000
2021-04-06 09:55:24,1001.0,375010
2021-04-06 09:55:25,1000.65,375139
2021-04-06 09:55:26,1000.65,375139
2021-04-06 09:55:27,1000.65,375139
2021-04-06 09:55:28,1000.55,375264
2021-04-06 09:55:29,1000.55,375264
2021-04-06 09:55:30,1000.55,375264
2021-04-06 09:55:31,1000.55,375264
2021-04-06 09:55:32,1000.85,375285
2021-04-06 09:55:33,1000.85,375285
2021-04-06 09:55:34,1000.85,375314
2021-04-06 09:55:35,1000.5,375334
2021-04-06 09:55:36,1000.5,375707
2021-04-06 09:55:37,1000.5,375707
2021-04-06 09:55:38,1000.5,375707
2021-04-06 09:55:39,1000.5,375707
2021-04-06 09:55:40,1000.5,375732
2021-04-06 09:55:41,1000.9,375901
2021-04-06 09:55:42,1001.0,375904
2021-04-06 09:55:44,1001.0,375904
2021-04-06 09:55:46,1001.0,375904
2021-04-06 09:55:47,1000.9,375934
2021-04-06 09:55:48,1001.0,375944
2021-04-06 09:55:49,1001.0,375994
2021-04-06 09:55:50,1000.9,376044
2021-04-06 09:55:51,1001.0,376170
2021-04-06 09:55:52,1001.0,376170
2021-04-06 09:55:53,1001.0,376170
2021-04-06 09:55:54,1001.0,376198
2021-04-06 09:55:55,1001.0,376198
2021-04-06 09:55:56,1001.0,376198
2021-04-06 09:55:57,1001.0,376198
2021-04-06 09:55:58,1000.95,376224
2021-04-06 09:55:59,1001.0,376234
2021-04-06 09:56:00,1001.0,376249
2021-04-06 09:56:01,1000.9,376300
2021-04-06 09:56:02,1001.0,376532
2021-04-06 09:56:03,1001.0,376532
2021-04-06 09:56:04,1001.0,376632
2021-04-06 09:56:05,1001.0,376632
2021-04-06 09:56:06,1001.0,376668
2021-04-06 09:56:07,1000.95,376718
2021-04-06 09:56:08,1000.95,376741
2021-04-06 09:56:09,1000.95,376741
2021-04-06 09:56:10,1000.95,376741
2021-04-06 09:56:11,1001.25,376744
2021-04-06 09:56:12,1000.95,376768
2021-04-06 09:56:13,1000.95,376820
2021-04-06 09:56:14,1000.95,376820
2021-04-06 09:56:15,1000.95,376820
2021-04-06 09:56:16,1000.95,376830
2021-04-06 09:56:17,1000.95,376830
2021-04-06 09:56:18,1001.0,376880
2021-04-06 09:56:19,1000.95,376903
2021-04-06 09:56:20,1000.95,376953
2021-04-06 09:56:21,1001.0,376979
2021-04-06 09:56:22,1001.0,376993
2021-04-06 09:56:23,1001.0,376995
2021-04-06 09:56:24,1001.0,376995
2021-04-06 09:56:25,1001.0,376995
2021-04-06 09:56:26,1001.0,376995
2021-04-06 09:56:28,1001.0,376995
2021-04-06 09:56:32,1001.0,377030
2021-04-06 09:56:35,1001.0,377067
2021-04-06 09:56:39,1000.95,377186
2021-04-06 09:56:42,1000.55,377846
2021-04-06 09:56:46,1000.5,377862
2021-04-06 09:56:49,1000.9,377951
2021-04-06 09:56:52,1000.9,377978
2021-04-06 09:56:55,1000.5,377984
2021-04-06 09:56:58,1000.9,378042
2021-04-06 09:57:01,1000.5,378525
2021-04-06 09:57:04,1000.5,379230
2021-04-06 09:57:06,1000.3,379370
2021-04-06 09:57:09,1000.3,379370
2021-04-06 09:57:13,1000.5,379470
2021-04-06 09:57:17,1000.3,379931
2021-04-06 09:57:21,1000.25,380563
2021-04-06 09:57:24,1000.3,380916
2021-04-06 09:57:27,1000.3,383170
2021-04-06 09:57:31,1000.3,383170
2021-04-06 09:57:34,1000.1,383290
2021-04-06 09:57:37,1000.05,383338
2021-04-06 09:57:40,1000.0,384302
2021-04-06 09:57:43,1000.15,384399
2021-04-06 09:57:47,1000.35,384614
2021-04-06 09:57:50,1000.6,385585
2021-04-06 09:57:54,1000.65,385941
2021-04-06 09:57:58,1000.95,386319
2021-04-06 09:58:01,1000.95,386319
2021-04-06 09:58:05,1001.55,386759
2021-04-06 09:58:09,1001.15,386901
2021-04-06 09:58:12,1001.55,386902
2021-04-06 09:58:15,1001.05,387124
2021-04-06 09:58:18,1001.1,387127
2021-04-06 09:58:20,1001.05,387144
2021-04-06 09:58:23,1001.05,387216
2021-04-06 09:58:26,1001.05,387247
2021-04-06 09:58:29,1001.05,387248
2021-04-06 09:58:31,1001.05,387275
2021-04-06 09:58:34,1001.05,387315
2021-04-06 09:58:37,1001.5,387326
2021-04-06 09:58:41,1001.05,387455
2021-04-06 09:58:44,1001.45,387493
2021-04-06 09:58:48,1001.1,387514
2021-04-06 09:58:51,1001.55,387540
2021-04-06 09:58:55,1001.55,387647
2021-04-06 09:58:59,1001.5,387692
2021-04-06 09:59:02,1001.55,387764
2021-04-06 09:59:05,1001.8,387864
2021-04-06 09:59:08,1001.8,387864
2021-04-06 09:59:11,1001.6,387987
2021-04-06 09:59:14,1001.55,388532
2021-04-06 09:59:18,1001.5,388916
2021-04-06 09:59:22,1001.3,389095
2021-04-06 09:59:26,1000.7,389337
2021-04-06 09:59:29,1000.6,389344
2021-04-06 09:59:32,1000.75,389419
2021-04-06 09:59:35,1000.75,389530
2021-04-06 09:59:38,1000.75,389582
2021-04-06 09:59:41,1001.1,389583
2021-04-06 09:59:45,1000.7,389771
2021-04-06 09:59:49,1000.65,389793
2021-04-06 09:59:52,1000.75,389839
2021-04-06 09:59:55,1000.75,389850
2021-04-06 09:59:58,1000.7,389894
2021-04-06 10:00:01,1000.7,389904
2021-04-06 10:00:04,1000.7,389968
2021-04-06 10:00:07,1000.7,389968
2021-04-06 10:00:10,1000.75,390006
2021-04-06 10:00:13,1000.2,392048
2021-04-06 10:00:18,1000.0,392234
2021-04-06 10:00:22,1000.0,392311
2021-04-06 10:00:25,1000.0,392311
2021-04-06 10:00:29,1000.05,392409
2021-04-06 10:00:32,1000.0,392698
2021-04-06 10:00:37,1000.2,393535
2021-04-06 10:00:40,1000.2,393570
2021-04-06 10:00:44,1000.0,393594
2021-04-06 10:00:47,1000.0,393899
2021-04-06 10:00:54,999.95,397349
2021-04-06 10:00:57,999.8,397372
2021-04-06 10:01:00,999.8,397907
2021-04-06 10:01:04,999.5,399636
2021-04-06 10:01:07,999.45,399644
2021-04-06 10:01:10,999.4,399669
2021-04-06 10:01:13,999.35,399754
2021-04-06 10:01:17,999.05,399925
2021-04-06 10:01:21,999.4,399984
2021-04-06 10:01:25,999.4,400144
2021-04-06 10:01:29,999.4,400144
2021-04-06 10:01:32,999.05,400160
2021-04-06 10:01:35,999.1,400220
2021-04-06 10:01:39,999.3,400271
2021-04-06 10:01:42,999.3,400325
2021-04-06 10:01:46,999.35,400676
2021-04-06 10:01:50,999.35,400709
2021-04-06 10:01:54,999.4,400884
2021-04-06 10:01:57,999.1,400934
2021-04-06 10:02:00,999.4,400968
2021-04-06 10:02:04,999.2,400993
2021-04-06 10:02:07,999.4,401013
2021-04-06 10:02:10,999.1,401768
2021-04-06 10:02:13,999.1,401788
2021-04-06 10:02:15,999.1,402079
2021-04-06 10:02:18,999.05,402441
2021-04-06 10:02:22,999.05,402441
2021-04-06 10:02:25,999.0,408523
2021-04-06 10:02:28,998.8,409777
2021-04-06 10:02:32,998.75,409948
2021-04-06 10:02:36,998.3,410144
2021-04-06 10:02:40,998.75,410411
2021-04-06 10:02:43,998.75,410411
2021-04-06 10:02:46,998.6,410486
2021-04-06 10:02:49,998.6,410486
2021-04-06 10:02:52,998.75,410833
2021-04-06 10:02:55,998.6,411006
2021-04-06 10:02:59,999.0,411007
2021-04-06 10:03:01,999.0,411161
2021-04-06 10:03:05,998.35,411262
2021-04-06 10:03:09,998.65,411450
2021-04-06 10:03:12,998.65,411460
2021-04-06 10:03:14,998.8,411555
2021-04-06 10:03:17,998.65,411756
2021-04-06 10:03:21,998.35,411780
2021-04-06 10:03:24,998.65,411792
2021-04-06 10:03:27,998.75,411807
2021-04-06 10:03:30,998.75,411807
2021-04-06 10:03:34,998.7,411959
2021-04-06 10:03:38,998.55,412075
2021-04-06 10:03:42,998.5,412079
2021-04-06 10:03:45,998.5,412540
2021-04-06 10:03:48,998.5,412540
2021-04-06 10:03:52,998.75,413073
2021-04-06 10:03:56,998.2,413353
2021-04-06 10:04:00,998.45,414193
2021-04-06 10:04:03,998.75,414666
2021-04-06 10:04:07,998.75,414666
2021-04-06 10:04:11,998.7,414713
2021-04-06 10:04:13,998.45,414827
2021-04-06 10:04:16,998.4,414828
2021-04-06 10:04:19,998.15,414843
2021-04-06 10:04:21,998.75,415093
2021-04-06 10:04:23,998.7,415246
2021-04-06 10:04:26,998.6,415266
2021-04-06 10:04:29,998.6,415266
2021-04-06 10:04:33,1000.15,417748
2021-04-06 10:04:36,999.5,417811
2021-04-06 10:04:40,999.75,418095
2021-04-06 10:04:44,999.95,418249
2021-04-06 10:04:48,999.95,418249
2021-04-06 10:04:51,1000.0,418298
2021-04-06 10:04:54,1000.0,418308
2021-04-06 10:04:57,999.75,418326
2021-04-06 10:05:01,999.8,418881
2021-04-06 10:05:04,1000.25,418909
2021-04-06 10:05:08,999.8,419036
2021-04-06 10:05:11,1000.0,419038
2021-04-06 10:05:13,999.8,419057
2021-04-06 10:05:16,999.75,419438
2021-04-06 10:05:19,999.75,419463
2021-04-06 10:05:22,1000.0,419994
2021-04-06 10:05:26,1000.0,420024
2021-04-06 10:05:29,1000.25,420758
2021-04-06 10:05:31,1000.25,420758
2021-04-06 10:05:33,999.95,420759
2021-04-06 10:05:36,999.8,420887
2021-04-06 10:05:39,999.95,420893
2021-04-06 10:05:42,999.95,420919
2021-04-06 10:05:44,1000.0,420979
2021-04-06 10:05:47,1000.3,422204
2021-04-06 10:05:51,1000.55,422676
2021-04-06 10:05:54,1000.55,422726
2021-04-06 10:05:57,1000.25,422734
2021-04-06 10:06:00,1000.25,422734
2021-04-06 10:06:02,1000.25,422734
2021-04-06 10:06:05,1000.5,422735
2021-04-06 10:06:08,1000.25,422759
2021-04-06 10:06:12,1000.5,422829
2021-04-06 10:06:15,1000.0,422995
2021-04-06 10:06:18,999.8,423451
2021-04-06 10:06:21,1000.0,423553
2021-04-06 10:06:24,999.75,423705
2021-04-06 10:06:26,999.85,424210
2021-04-06 10:06:27,999.85,424210
2021-04-06 10:06:28,999.85,424210
2021-04-06 10:06:29,999.85,424210
2021-04-06 10:06:30,999.35,424211
2021-04-06 10:06:31,999.35,424218
2021-04-06 10:06:32,999.35,424218
2021-04-06 10:06:33,999.35,424218
2021-04-06 10:06:34,999.35,424218
2021-04-06 10:06:35,999.65,424243
2021-04-06 10:06:37,999.1,424493
2021-04-06 10:06:38,999.1,424493
2021-04-06 10:06:39,999.15,424503
2021-04-06 10:06:40,999.15,424503
2021-04-06 10:06:41,999.1,424553
2021-04-06 10:06:42,999.1,424554
2021-04-06 10:06:43,999.1,424654
2021-04-06 10:06:44,999.5,424655
2021-04-06 10:06:45,999.5,424655
2021-04-06 10:06:46,999.1,424679
2021-04-06 10:06:47,999.4,424729
2021-04-06 10:06:48,999.4,424743
2021-04-06 10:06:49,999.4,424743
2021-04-06 10:06:50,999.4,424825
2021-04-06 10:06:51,999.5,424851
2021-04-06 10:06:52,999.5,424851
2021-04-06 10:06:53,999.45,424951
2021-04-06 10:06:54,999.45,425101
2021-04-06 10:06:55,999.75,425230
2021-04-06 10:06:56,999.75,425230
2021-04-06 10:06:57,999.75,425230
2021-04-06 10:06:58,1000.05,425255
2021-04-06 10:06:59,1000.05,425255
2021-04-06 10:07:00,1000.4,425423
2021-04-06 10:07:01,1000.4,425423
2021-04-06 10:07:02,1000.4,425423
2021-04-06 10:07:03,1000.4,425423
2021-04-06 10:07:05,1000.4,425423
2021-04-06 10:07:05,1000.4,425423
2021-04-06 10:07:06,1000.6,425669
2021-04-06 10:07:07,1000.6,425669
2021-04-06 10:07:08,1000.4,425694
2021-04-06 10:07:09,1000.7,425844
2021-04-06 10:07:10,1000.4,425845
2021-04-06 10:07:11,1000.4,425845
2021-04-06 10:07:12,1000.4,425845
2021-04-06 10:07:13,1000.4,425845
2021-04-06 10:07:14,1000.65,425873
2021-04-06 10:07:16,1000.65,425873
2021-04-06 10:07:16,1000.65,425873
2021-04-06 10:07:18,1000.8,426073
2021-04-06 10:07:18,1000.8,426073
2021-04-06 10:07:19,1000.6,426074
2021-04-06 10:07:20,1000.6,426074
2021-04-06 10:07:21,1000.6,426101
2021-04-06 10:07:22,1000.6,426101
2021-04-06 10:07:23,1000.6,426101
2021-04-06 10:07:24,1000.4,426139
2021-04-06 10:07:25,1000.15,426232
2021-04-06 10:07:26,1000.0,426235
2021-04-06 10:07:27,1000.0,426235
2021-04-06 10:07:28,999.6,426246
2021-04-06 10:07:29,999.5,426256
2021-04-06 10:07:30,999.5,426256
2021-04-06 10:07:31,999.5,426256
2021-04-06 10:07:34,999.85,426417
2021-04-06 10:07:35,999.85,426417
2021-04-06 10:07:35,999.85,426417
2021-04-06 10:07:36,999.85,426417
2021-04-06 10:07:37,999.85,426417
2021-04-06 10:07:38,999.85,426417
2021-04-06 10:07:39,999.8,426441
2021-04-06 10:07:40,999.8,426441
2021-04-06 10:07:41,999.8,426441
2021-04-06 10:07:43,999.8,426443
2021-04-06 10:07:43,999.8,426443
2021-04-06 10:07:44,999.8,426443
2021-04-06 10:07:45,999.8,426444
2021-04-06 10:07:46,1000.3,426505
2021-04-06 10:07:47,1000.3,426526
2021-04-06 10:07:48,1000.3,426617
2021-04-06 10:07:50,1000.3,426617
2021-04-06 10:07:50,1000.3,426617
2021-04-06 10:07:52,1000.25,426642
2021-04-06 10:07:52,1000.25,426642
2021-04-06 10:07:53,1000.25,426642
2021-04-06 10:07:54,1000.3,426643
2021-04-06 10:07:55,1000.3,426643
2021-04-06 10:07:56,1000.3,426643
2021-04-06 10:07:57,1000.45,426843
2021-04-06 10:07:58,1000.45,426843
2021-04-06 10:07:59,1000.45,426843
2021-04-06 10:08:00,1000.45,426843
2021-04-06 10:08:01,999.95,426893
2021-04-06 10:08:02,999.95,426893
2021-04-06 10:08:04,999.95,426893
2021-04-06 10:08:04,999.95,426893
2021-04-06 10:08:05,999.95,426932
2021-04-06 10:08:06,999.95,426932
2021-04-06 10:08:07,999.95,426982
2021-04-06 10:08:08,999.95,427010
2021-04-06 10:08:09,999.95,427010
2021-04-06 10:08:10,999.95,427025
2021-04-06 10:08:11,999.95,427025
2021-04-06 10:08:12,999.95,427025
2021-04-06 10:08:13,999.85,427241
2021-04-06 10:08:14,999.85,427241
2021-04-06 10:08:15,999.85,427258
2021-04-06 10:08:16,999.8,427279
2021-04-06 10:08:17,999.55,427280
2021-04-06 10:08:18,999.55,427280
2021-04-06 10:08:20,999.55,427333
2021-04-06 10:08:20,999.55,427333
2021-04-06 10:08:21,999.55,427357
2021-04-06 10:08:22,999.55,427372
2021-04-06 10:08:23,999.55,427372
2021-04-06 10:08:24,999.8,427477
2021-04-06 10:08:25,999.8,427477
2021-04-06 10:08:26,1000.0,427522
2021-04-06 10:08:27,1000.25,429059
2021-04-06 10:08:28,1000.0,429209
2021-04-06 10:08:30,1000.3,429253
2021-04-06 10:08:30,1000.45,429359
2021-04-06 10:08:31,1000.0,429369
2021-04-06 10:08:33,1000.5,429409
2021-04-06 10:08:33,1000.5,429409
2021-04-06 10:08:34,1000.5,429469
2021-04-06 10:08:36,1000.5,429491
2021-04-06 10:08:37,1000.5,429491
2021-04-06 10:08:37,1000.5,429491
2021-04-06 10:08:38,1000.6,429922
2021-04-06 10:08:39,1000.6,429922
2021-04-06 10:08:40,1000.6,429922
2021-04-06 10:08:41,1000.2,429972
2021-04-06 10:08:42,1000.55,429983
2021-04-06 10:08:43,1000.5,430157
2021-04-06 10:08:45,1000.75,430615
2021-04-06 10:08:46,1000.75,430615
2021-04-06 10:08:47,1001.25,432045
2021-04-06 10:08:48,1001.5,432403
2021-04-06 10:08:49,1001.5,432438
2021-04-06 10:08:51,1001.5,432465
2021-04-06 10:08:52,1001.8,432983
2021-04-06 10:08:53,1001.25,433049
2021-04-06 10:08:54,1000.85,433300
2021-04-06 10:08:56,1001.45,433310
2021-04-06 10:08:57,1001.45,433310
2021-04-06 10:08:58,1000.85,433313
2021-04-06 10:08:59,1000.75,433315
2021-04-06 10:09:00,1000.75,433335
2021-04-06 10:09:00,1000.75,433335
2021-04-06 10:09:01,1001.25,433364
2021-04-06 10:09:02,1001.55,433865
2021-04-06 10:09:03,1000.85,433870
2021-04-06 10:09:04,1000.85,433870
2021-04-06 10:09:05,1000.85,433870
2021-04-06 10:09:06,1000.85,433870
2021-04-06 10:09:07,1001.45,433891
2021-04-06 10:09:08,1001.45,433891
2021-04-06 10:09:10,1001.55,433913
2021-04-06 10:09:11,1001.1,433939
2021-04-06 10:09:11,1001.5,433940
2021-04-06 10:09:13,1000.95,433950
2021-04-06 10:09:14,1000.95,433950
2021-04-06 10:09:15,1000.95,433950
2021-04-06 10:09:16,1000.95,433950
2021-04-06 10:09:16,1000.95,433950
2021-04-06 10:09:17,1000.75,434457
2021-04-06 10:09:18,1000.85,434527
2021-04-06 10:09:19,1000.85,434527
2021-04-06 10:09:21,1000.85,434563
2021-04-06 10:09:22,1000.85,434563
2021-04-06 10:09:23,1000.5,434573
2021-04-06 10:09:23,1000.5,434573
2021-04-06 10:09:24,1000.5,434573
2021-04-06 10:09:26,1000.15,434576
2021-04-06 10:09:27,1000.15,434631
2021-04-06 10:09:28,1000.15,434631
2021-04-06 10:09:28,1000.15,434631
2021-04-06 10:09:29,1000.15,434631
2021-04-06 10:09:30,1000.15,434631
2021-04-06 10:09:31,1000.15,434631
2021-04-06 10:09:32,1000.15,434631
2021-04-06 10:09:33,1000.55,434633
2021-04-06 10:09:34,1000.2,434657
2021-04-06 10:09:35,1000.2,434657
2021-04-06 10:09:36,1000.8,435265
2021-04-06 10:09:37,1000.8,435265
2021-04-06 10:09:38,1000.65,435293
2021-04-06 10:09:39,1000.65,435293
2021-04-06 10:09:40,1000.5,435343
2021-04-06 10:09:41,1000.5,435343
2021-04-06 10:09:42,1000.5,435343
2021-04-06 10:09:43,1000.2,435593
2021-04-06 10:09:44,1000.2,435593
2021-04-06 10:09:46,1000.2,435593
2021-04-06 10:09:47,1000.7,435595
2021-04-06 10:09:48,1000.7,435595
2021-04-06 10:09:49,1000.7,435595
2021-04-06 10:09:50,1000.5,435619
2021-04-06 10:09:51,1000.65,435668
2021-04-06 10:09:52,1000.8,435670
2021-04-06 10:09:52,1000.8,435670
2021-04-06 10:09:54,1000.8,435676
2021-04-06 10:09:55,1000.8,435676
2021-04-06 10:09:56,1000.8,435676
2021-04-06 10:09:57,1000.8,435676
2021-04-06 10:09:58,1000.8,435676
2021-04-06 10:09:58,1000.8,435676
2021-04-06 10:09:59,1000.8,435676
2021-04-06 10:10:00,1000.8,435676
2021-04-06 10:10:01,1000.55,435682
2021-04-06 10:10:02,1000.55,435706
2021-04-06 10:10:03,1000.55,435713
2021-04-06 10:10:04,1000.55,435713
2021-04-06 10:10:05,1000.55,435713
2021-04-06 10:10:06,1000.55,435713
2021-04-06 10:10:08,1000.55,435713
2021-04-06 10:10:09,1000.3,435815
2021-04-06 10:10:10,1000.3,435815
2021-04-06 10:10:11,1000.75,436065
2021-04-06 10:10:12,1000.75,436065
2021-04-06 10:10:13,1000.75,436065
2021-04-06 10:10:14,1000.75,436065
2021-04-06 10:10:15,1000.7,436066
2021-04-06 10:10:17,1000.4,436089
2021-04-06 10:10:19,1000.4,436089
2021-04-06 10:10:19,1000.4,436089
2021-04-06 10:10:20,1000.4,436089
2021-04-06 10:10:21,1000.75,436116
2021-04-06 10:10:22,1000.75,436116
2021-04-06 10:10:23,1000.75,436116
2021-04-06 10:10:25,1000.75,436127
2021-04-06 10:10:26,1000.75,436127
2021-04-06 10:10:27,1000.75,436127
2021-04-06 10:10:27,1000.75,436127
2021-04-06 10:10:28,1000.75,436127
2021-04-06 10:10:29,1000.35,436158
2021-04-06 10:10:30,1000.35,436158
2021-04-06 10:10:32,1000.35,436258
2021-04-06 10:10:33,1000.35,436258
2021-04-06 10:10:34,1000.85,436808
2021-04-06 10:10:35,1001.0,436829
2021-04-06 10:10:36,1001.0,436829
2021-04-06 10:10:37,1001.0,436829
2021-04-06 10:10:38,1001.0,436848
2021-04-06 10:10:39,1001.0,436859
2021-04-06 10:10:40,1000.75,436883
2021-04-06 10:10:41,1000.75,436883
2021-04-06 10:10:43,1000.75,436883
2021-04-06 10:10:43,1000.75,436883
2021-04-06 10:10:45,1000.75,436883
2021-04-06 10:10:46,1000.75,436883
2021-04-06 10:10:47,1000.75,436883
2021-04-06 10:10:47,1000.75,436883
2021-04-06 10:10:48,1000.75,436883
2021-04-06 10:10:50,1000.85,436890
2021-04-06 10:10:51,1001.0,436916
2021-04-06 10:10:51,1001.7,439271
2021-04-06 10:10:52,1001.7,439271
2021-04-06 10:10:53,1001.7,439271
2021-04-06 10:10:54,1001.85,439300
2021-04-06 10:10:56,1001.45,439548
2021-04-06 10:10:57,1001.8,439570
2021-04-06 10:10:58,1001.8,439580
2021-04-06 10:10:59,1001.8,439590
2021-04-06 10:11:00,1001.8,439590
2021-04-06 10:11:01,1001.7,439595
2021-04-06 10:11:02,1002.3,440651
2021-04-06 10:11:03,1002.5,441341
2021-04-06 10:11:04,1002.3,441481
2021-04-06 10:11:05,1002.3,441481
2021-04-06 10:11:06,1002.3,441481
2021-04-06 10:11:07,1001.9,441483
2021-04-06 10:11:08,1001.85,441507
2021-04-06 10:11:09,1002.25,441509
2021-04-06 10:11:10,1002.25,441509
2021-04-06 10:11:11,1001.95,441554
2021-04-06 10:11:12,1002.25,441714
2021-04-06 10:11:13,1002.25,441714
2021-04-06 10:11:15,1002.3,441894
2021-04-06 10:11:16,1002.3,441900
2021-04-06 10:11:17,1002.35,441961
2021-04-06 10:11:17,1002.3,442665
2021-04-06 10:11:18,1002.3,442665
2021-04-06 10:11:19,1002.3,442665
2021-04-06 10:11:20,1002.3,442773
2021-04-06 10:11:22,1002.3,442799
2021-04-06 10:11:23,1002.3,443438
2021-04-06 10:11:24,1002.3,443438
2021-04-06 10:11:25,1002.55,443800
2021-04-06 10:11:26,1002.45,443869
2021-04-06 10:11:28,1002.45,443869
2021-04-06 10:11:29,1002.1,443870
2021-04-06 10:11:30,1002.1,443870
2021-04-06 10:11:31,1002.45,443883
2021-04-06 10:11:32,1002.45,444089
2021-04-06 10:11:33,1002.45,444096
2021-04-06 10:11:33,1002.45,444096
2021-04-06 10:11:34,1002.5,444213
2021-04-06 10:11:35,1002.5,444213
2021-04-06 10:11:36,1002.55,444905
2021-04-06 10:11:38,1002.5,444910
2021-04-06 10:11:38,1002.7,444930
2021-04-06 10:11:39,1002.7,444930
2021-04-06 10:11:41,1002.7,444940
2021-04-06 10:11:42,1002.8,445264
2021-04-06 10:11:43,1002.8,445264
2021-04-06 10:11:44,1002.95,445276
2021-04-06 10:11:45,1002.95,445276
2021-04-06 10:11:46,1003.0,446175
2021-04-06 10:11:47,1003.0,446176
2021-04-06 10:11:47,1003.0,446196
2021-04-06 10:11:49,1003.0,446196
2021-04-06 10:11:50,1002.5,446221
2021-04-06 10:11:51,1003.0,446248
2021-04-06 10:11:52,1003.3,448732
2021-04-06 10:11:53,1002.9,449257
2021-04-06 10:11:53,1002.9,449257
2021-04-06 10:11:54,1002.9,449267
2021-04-06 10:11:55,1002.9,449267
2021-04-06 10:11:56,1002.85,449367
2021-04-06 10:11:57,1002.85,449367
2021-04-06 10:11:58,1002.85,449367
2021-04-06 10:11:59,1002.7,449467
2021-04-06 10:12:00,1002.7,449548
2021-04-06 10:12:01,1002.7,449548
2021-04-06 10:12:02,1002.7,450019
2021-04-06 10:12:03,1002.7,450019
2021-04-06 10:12:04,1003.05,450131
2021-04-06 10:12:05,1003.05,450227
2021-04-06 10:12:07,1003.35,450618
2021-04-06 10:12:07,1003.05,450621
2021-04-06 10:12:09,1003.35,450632
2021-04-06 10:12:09,1003.35,450632
2021-04-06 10:12:10,1003.35,450632
2021-04-06 10:12:11,1003.3,450647
2021-04-06 10:12:13,1003.35,451364
2021-04-06 10:12:14,1003.5,451421
2021-04-06 10:12:15,1003.5,451521
2021-04-06 10:12:16,1003.5,451887
2021-04-06 10:12:17,1003.5,451887
2021-04-06 10:12:18,1003.5,451887
2021-04-06 10:12:19,1003.5,451887
2021-04-06 10:12:20,1003.5,451956
2021-04-06 10:12:20,1003.5,451958
2021-04-06 10:12:21,1003.4,452021
2021-04-06 10:12:22,1003.4,453824
2021-04-06 10:12:24,1003.15,454086
2021-04-06 10:12:25,1003.7,454091
2021-04-06 10:12:26,1003.7,454151
2021-04-06 10:12:27,1003.5,454461
2021-04-06 10:12:28,1003.75,454536
2021-04-06 10:12:28,1003.75,454561
2021-04-06 10:12:29,1003.3,454691
2021-04-06 10:12:30,1003.3,454691
2021-04-06 10:12:31,1003.2,455291
2021-04-06 10:12:32,1003.75,455827
2021-04-06 10:12:33,1003.7,455937
2021-04-06 10:12:35,1003.85,455982
2021-04-06 10:12:36,1004.2,459278
2021-04-06 10:12:37,1003.85,459920
2021-04-06 10:12:38,1004.3,460282
2021-04-06 10:12:38,1004.3,460282
2021-04-06 10:12:39,1003.6,461362
2021-04-06 10:12:40,1003.6,461362
2021-04-06 10:12:41,1002.9,462562
2021-04-06 10:12:42,1003.8,463428
2021-04-06 10:12:43,1003.8,463428
2021-04-06 10:12:45,1003.8,463583
2021-04-06 10:12:45,1003.8,463586
2021-04-06 10:12:46,1003.3,463596
2021-04-06 10:12:47,1003.3,463596
2021-04-06 10:12:48,1003.3,463596
2021-04-06 10:12:49,1003.8,463611
2021-04-06 10:12:50,1003.8,463611
2021-04-06 10:12:52,1003.75,464089
2021-04-06 10:12:52,1003.75,464089
2021-04-06 10:12:54,1003.8,464459
2021-04-06 10:12:55,1003.8,464459
2021-04-06 10:12:56,1004.15,464944
2021-04-06 10:12:57,1004.15,464944
2021-04-06 10:12:58,1004.45,465205
2021-04-06 10:12:59,1004.3,465318
2021-04-06 10:13:00,1004.3,465318
2021-04-06 10:13:01,1004.05,465326
2021-04-06 10:13:02,1004.1,466037
2021-04-06 10:13:02,1004.1,466037
2021-04-06 10:13:03,1004.1,466038
2021-04-06 10:13:04,1004.0,466401
2021-04-06 10:13:05,1004.3,466410
2021-04-06 10:13:06,1004.3,466410
2021-04-06 10:13:08,1003.7,466496
2021-04-06 10:13:09,1003.7,466496
2021-04-06 10:13:10,1004.15,467046
2021-04-06 10:13:11,1004.15,467046
2021-04-06 10:13:12,1004.2,467554
2021-04-06 10:13:13,1004.2,467692
2021-04-06 10:13:14,1004.2,468067
2021-04-06 10:13:15,1004.2,468217
2021-04-06 10:13:16,1004.15,468220
2021-04-06 10:13:17,1003.75,468264
2021-04-06 10:13:18,1003.75,468264
2021-04-06 10:13:19,1004.2,468268
2021-04-06 10:13:20,1004.2,468279
2021-04-06 10:13:21,1003.65,468331
2021-04-06 10:13:22,1004.2,469354
2021-04-06 10:13:22,1004.2,469355
2021-04-06 10:13:23,1004.2,469355
2021-04-06 10:13:24,1004.2,469355
2021-04-06 10:13:25,1004.2,469355
2021-04-06 10:13:27,1004.2,469355
2021-04-06 10:13:28,1004.2,469365
2021-04-06 10:13:29,1004.2,469365
2021-04-06 10:13:30,1004.0,470393
2021-04-06 10:13:31,1003.55,470600
2021-04-06 10:13:32,1004.05,471039
2021-04-06 10:13:33,1004.2,471106
2021-04-06 10:13:34,1004.2,471123
2021-04-06 10:13:35,1004.2,471170
2021-04-06 10:13:36,1004.45,471250
2021-04-06 10:13:37,1004.45,471250
2021-04-06 10:13:38,1004.45,471821
2021-04-06 10:13:39,1003.85,472071
2021-04-06 10:13:39,1003.85,472071
2021-04-06 10:13:40,1004.5,472471
2021-04-06 10:13:41,1004.5,472471
2021-04-06 10:13:42,1003.9,474584
2021-04-06 10:13:43,1004.0,475094
2021-04-06 10:13:45,1003.75,475151
2021-04-06 10:13:46,1003.95,475152
2021-04-06 10:13:47,1003.55,475252
2021-04-06 10:13:48,1003.95,475263
2021-04-06 10:13:49,1003.95,475276
2021-04-06 10:13:50,1003.95,475276
2021-04-06 10:13:51,1004.2,475410
2021-04-06 10:13:52,1004.2,475410
2021-04-06 10:13:53,1004.4,475620
2021-04-06 10:13:54,1004.4,475620
2021-04-06 10:13:55,1004.4,475620
2021-04-06 10:13:56,1003.95,475643
2021-04-06 10:13:57,1003.95,475664
2021-04-06 10:13:58,1003.95,475724
2021-04-06 10:13:59,1003.95,475724
2021-04-06 10:13:59,1003.95,475724
2021-04-06 10:14:00,1003.95,475724
2021-04-06 10:14:01,1003.95,475724
2021-04-06 10:14:03,1004.8,476242
2021-04-06 10:14:04,1004.8,476242
2021-04-06 10:14:05,1004.2,476272
2021-04-06 10:14:06,1004.75,476275
2021-04-06 10:14:07,1004.05,476300
2021-04-06 10:14:08,1004.05,476300
2021-04-06 10:14:09,1004.5,476306
2021-04-06 10:14:10,1004.2,476413
2021-04-06 10:14:11,1003.95,476414
2021-04-06 10:14:12,1003.95,476432
2021-04-06 10:14:13,1003.95,476432
2021-04-06 10:14:14,1004.45,476434
2021-04-06 10:14:15,1004.1,476441
2021-04-06 10:14:16,1004.1,476441
2021-04-06 10:14:16,1004.1,476441
2021-04-06 10:14:17,1004.1,476441
2021-04-06 10:14:18,1004.45,476443
2021-04-06 10:14:19,1004.1,476455
2021-04-06 10:14:20,1004.0,476713
2021-04-06 10:14:21,1004.4,476741
2021-04-06 10:14:22,1003.9,476750
2021-04-06 10:14:24,1003.75,476752
2021-04-06 10:14:25,1003.75,476752
2021-04-06 10:14:26,1004.1,476767
2021-04-06 10:14:27,1004.1,476767
2021-04-06 10:14:28,1004.1,476767
2021-04-06 10:14:29,1004.1,476767
2021-04-06 10:14:30,1004.1,476767
2021-04-06 10:14:31,1004.1,476767
2021-04-06 10:14:32,1004.0,476820
2021-04-06 10:14:32,1004.0,476820
2021-04-06 10:14:34,1004.0,477009
2021-04-06 10:14:35,1003.75,477033
2021-04-06 10:14:36,1003.75,477033
2021-04-06 10:14:37,1003.75,477033
2021-04-06 10:14:38,1003.6,477233
2021-04-06 10:14:39,1003.6,477275
2021-04-06 10:14:40,1003.6,477275
2021-04-06 10:14:41,1003.6,477275
2021-04-06 10:14:42,1004.1,477775
2021-04-06 10:14:42,1003.6,477875
2021-04-06 10:14:43,1003.6,477875
2021-04-06 10:14:44,1004.05,477881
2021-04-06 10:14:45,1003.6,477978
2021-04-06 10:14:46,1003.6,477978
2021-04-06 10:14:47,1003.6,477978
2021-04-06 10:14:48,1003.6,478203
2021-04-06 10:14:50,1003.6,478226
2021-04-06 10:14:51,1003.95,478253
2021-04-06 10:14:52,1003.5,478734
2021-04-06 10:14:53,1003.5,478734
2021-04-06 10:14:54,1003.5,478734
2021-04-06 10:14:55,1003.35,478788
2021-04-06 10:14:56,1003.35,478788
2021-04-06 10:14:57,1003.35,478788
2021-04-06 10:14:58,1003.35,478788
2021-04-06 10:14:59,1003.5,478808
2021-04-06 10:15:00,1003.5,478808
2021-04-06 10:15:01,1003.5,478808
2021-04-06 10:15:02,1003.35,478833
2021-04-06 10:15:02,1003.05,478933
2021-04-06 10:15:03,1003.35,478936
2021-04-06 10:15:04,1003.35,478936
2021-04-06 10:15:06,1003.1,478990
2021-04-06 10:15:06,1003.5,479006
2021-04-06 10:15:08,1003.75,479506
2021-04-06 10:15:08,1003.05,479544
2021-04-06 10:15:10,1003.05,479544
2021-04-06 10:15:11,1003.05,479551
2021-04-06 10:15:12,1002.85,479809
2021-04-06 10:15:13,1002.85,479809
2021-04-06 10:15:14,1002.75,479936
2021-04-06 10:15:15,1002.75,479936
2021-04-06 10:15:16,1002.4,479986
2021-04-06 10:15:17,1002.4,480011
2021-04-06 10:15:18,1002.4,480011
2021-04-06 10:15:19,1002.4,480011
2021-04-06 10:15:20,1002.4,480011
2021-04-06 10:15:22,1002.85,480134
2021-04-06 10:15:23,1002.4,480177
2021-04-06 10:15:24,1002.4,480177
2021-04-06 10:15:25,1002.4,480177
2021-04-06 10:15:26,1002.4,480177
2021-04-06 10:15:27,1002.4,480177
2021-04-06 10:15:28,1002.4,480177
2021-04-06 10:15:29,1002.4,480202
2021-04-06 10:15:30,1002.4,480202
2021-04-06 10:15:31,1002.4,480202
2021-04-06 10:15:32,1002.4,480202
2021-04-06 10:15:33,1002.15,481143
2021-04-06 10:15:34,1002.0,481213
2021-04-06 10:15:35,1002.55,481279
2021-04-06 10:15:36,1002.3,481392
2021-04-06 10:15:37,1002.25,481401
2021-04-06 10:15:38,1002.25,481401
2021-04-06 10:15:39,1002.9,482401
2021-04-06 10:15:40,1002.3,482487
2021-04-06 10:15:41,1002.15,482492
2021-04-06 10:15:42,1002.15,482492
2021-04-06 10:15:43,1002.7,482927
2021-04-06 10:15:44,1003.3,483227
2021-04-06 10:15:45,1003.1,483332
2021-04-06 10:15:46,1003.1,483371
2021-04-06 10:15:47,1002.6,483451
2021-04-06 10:15:48,1003.1,483480
2021-04-06 10:15:49,1003.1,483480
2021-04-06 10:15:50,1003.1,483480
2021-04-06 10:15:51,1003.05,483506
2021-04-06 10:15:52,1003.05,483526
2021-04-06 10:15:53,1003.05,483526
2021-04-06 10:15:54,1003.0,483530
2021-04-06 10:15:55,1002.7,483723
2021-04-06 10:15:56,1002.6,483840
2021-04-06 10:15:57,1002.6,483840
2021-04-06 10:15:58,1002.95,483863
2021-04-06 10:15:59,1002.6,483864
2021-04-06 10:16:00,1002.6,483864
2021-04-06 10:16:01,1002.6,483864
2021-04-06 10:16:02,1002.6,483864
2021-04-06 10:16:03,1002.6,483864
2021-04-06 10:16:04,1002.6,483864
2021-04-06 10:16:05,1002.6,483864
2021-04-06 10:16:06,1002.6,483864
2021-04-06 10:16:07,1002.6,483864
2021-04-06 10:16:08,1002.55,484481
2021-04-06 10:16:09,1002.55,484621
2021-04-06 10:16:10,1002.55,484621
2021-04-06 10:16:11,1002.75,484868
2021-04-06 10:16:12,1002.75,484868
2021-04-06 10:16:13,1002.3,484878
2021-04-06 10:16:14,1002.3,484878
2021-04-06 10:16:15,1002.3,484878
2021-04-06 10:16:16,1002.0,485088
2021-04-06 10:16:17,1002.0,485130
2021-04-06 10:16:18,1002.0,485130
2021-04-06 10:16:19,1002.5,485205
2021-04-06 10:16:20,1002.05,485230
2021-04-06 10:16:21,1002.45,485258
2021-04-06 10:16:22,1002.5,485273
2021-04-06 10:16:23,1002.5,485273
2021-04-06 10:16:24,1002.15,485340
2021-04-06 10:16:26,1002.15,485340
2021-04-06 10:16:27,1002.5,485350
2021-04-06 10:16:28,1002.5,485373
2021-04-06 10:16:29,1002.5,485373
2021-04-06 10:16:30,1002.5,485373
2021-04-06 10:16:31,1002.5,485373
2021-04-06 10:16:32,1002.5,485401
2021-04-06 10:16:33,1002.5,485401
2021-04-06 10:16:34,1002.5,485401
2021-04-06 10:16:35,1002.15,485426
2021-04-06 10:16:36,1002.15,485426
2021-04-06 10:16:38,1002.45,485427
2021-04-06 10:16:39,1002.45,485427
2021-04-06 10:16:40,1002.15,485530
2021-04-06 10:16:41,1002.15,485530
2021-04-06 10:16:42,1002.0,487142
2021-04-06 10:16:43,1002.0,487142
2021-04-06 10:16:44,1002.3,488147
2021-04-06 10:16:45,1001.6,488221
2021-04-06 10:16:46,1001.6,488221
2021-04-06 10:16:47,1001.6,488235
2021-04-06 10:16:48,1001.6,488235
2021-04-06 10:16:49,1001.55,488246
2021-04-06 10:16:50,1001.55,488246
2021-04-06 10:16:51,1001.9,488272
2021-04-06 10:16:52,1001.5,488296
2021-04-06 10:16:53,1001.6,488496
2021-04-06 10:16:54,1001.6,488496
2021-04-06 10:16:55,1001.6,488496
2021-04-06 10:16:56,1001.6,488496
2021-04-06 10:16:57,1001.6,488520
2021-04-06 10:16:58,1001.6,488717
2021-04-06 10:16:59,1001.6,488756
2021-04-06 10:17:00,1001.6,488756
2021-04-06 10:17:01,1001.85,488781
2021-04-06 10:17:02,1001.85,488781
2021-04-06 10:17:03,1001.85,488811
2021-04-06 10:17:04,1001.85,488811
2021-04-06 10:17:05,1001.85,488811
2021-04-06 10:17:06,1001.85,488828
2021-04-06 10:17:07,1001.85,488828
2021-04-06 10:17:08,1001.85,488829
2021-04-06 10:17:09,1001.85,488881
2021-04-06 10:17:10,1001.85,488881
2021-04-06 10:17:11,1001.85,488894
2021-04-06 10:17:12,1001.85,488894
2021-04-06 10:17:13,1001.75,488904
2021-04-06 10:17:14,1001.8,488920
2021-04-06 10:17:15,1001.8,488920
2021-04-06 10:17:16,1001.8,488947
2021-04-06 10:17:17,1001.8,488947
2021-04-06 10:17:20,1001.8,488969
2021-04-06 10:17:21,1002.5,489942
2021-04-06 10:17:22,1002.9,490872
2021-04-06 10:17:23,1002.9,490991
2021-04-06 10:17:25,1002.9,491211
2021-04-06 10:17:25,1002.9,491211
2021-04-06 10:17:26,1002.9,491257
2021-04-06 10:17:27,1002.6,491277
2021-04-06 10:17:28,1002.9,491340
2021-04-06 10:17:29,1002.9,491340
2021-04-06 10:17:30,1002.9,491393
2021-04-06 10:17:31,1002.9,491393
2021-04-06 10:17:32,1002.9,491393
2021-04-06 10:17:33,1003.0,491627
2021-04-06 10:17:34,1002.6,491679
2021-04-06 10:17:35,1002.6,491679
2021-04-06 10:17:36,1002.6,491689
2021-04-06 10:17:38,1002.6,491753
2021-04-06 10:17:38,1002.6,491765
2021-04-06 10:17:40,1002.6,491854
2021-04-06 10:17:40,1002.6,491854
2021-04-06 10:17:41,1002.6,491855
2021-04-06 10:17:42,1002.55,492030
2021-04-06 10:17:43,1002.55,492058
2021-04-06 10:17:44,1002.2,492088
2021-04-06 10:17:45,1002.2,492088
2021-04-06 10:17:46,1002.2,492088
2021-04-06 10:17:47,1002.2,492088
2021-04-06 10:17:48,1002.2,492088
2021-04-06 10:17:49,1002.55,492139
2021-04-06 10:17:50,1001.8,493110
2021-04-06 10:17:52,1001.6,493288
2021-04-06 10:17:53,1001.6,493606
2021-04-06 10:17:53,1001.6,493630
2021-04-06 10:17:54,1001.6,493630
2021-04-06 10:17:55,1001.6,493630
2021-04-06 10:17:56,1001.6,493907
2021-04-06 10:17:57,1001.7,494016
2021-04-06 10:17:58,1001.7,494039
2021-04-06 10:17:59,1001.6,494047
2021-04-06 10:18:00,1001.6,494047
2021-04-06 10:18:01,1001.6,494047
2021-04-06 10:18:02,1001.6,494174
2021-04-06 10:18:03,1001.25,494194
2021-04-06 10:18:04,1001.25,494194
2021-04-06 10:18:05,1001.2,494205
2021-04-06 10:18:06,1001.2,494205
2021-04-06 10:18:08,1001.0,494219
2021-04-06 10:18:09,1001.0,494219
2021-04-06 10:18:09,1001.0,494544
2021-04-06 10:18:10,1001.1,494639
2021-04-06 10:18:12,1001.0,494790
2021-04-06 10:18:13,1001.0,494790
2021-04-06 10:18:14,1000.55,494840
2021-04-06 10:18:16,1000.6,494901
2021-04-06 10:18:17,1000.55,494931
2021-04-06 10:18:18,1000.6,494936
2021-04-06 10:18:19,1000.6,494938
2021-04-06 10:18:20,1000.6,494972
2021-04-06 10:18:21,1000.95,495073
2021-04-06 10:18:22,1000.95,495073
2021-04-06 10:18:23,1000.95,495073
2021-04-06 10:18:24,1000.95,495083
2021-04-06 10:18:26,1000.8,495120
2021-04-06 10:18:26,1000.8,495120
2021-04-06 10:18:28,1000.95,495142
2021-04-06 10:18:28,1000.95,495142
2021-04-06 10:18:29,1000.95,495226
2021-04-06 10:18:30,1000.95,495226
2021-04-06 10:18:31,1001.25,495243
2021-04-06 10:18:32,1001.1,495306
2021-04-06 10:18:33,1001.65,495317
2021-04-06 10:18:34,1001.75,495318
2021-04-06 10:18:35,1001.75,495321
2021-04-06 10:18:36,1001.75,495324
2021-04-06 10:18:37,1001.75,495527
2021-04-06 10:18:38,1001.95,495568
2021-04-06 10:18:39,1002.0,495580
2021-04-06 10:18:40,1002.0,495583
2021-04-06 10:18:41,1002.0,495697
2021-04-06 10:18:42,1001.75,495796
2021-04-06 10:18:43,1001.75,495821
2021-04-06 10:18:44,1001.75,495956
2021-04-06 10:18:46,1001.7,495958
2021-04-06 10:18:47,1001.7,495962
2021-04-06 10:18:47,1001.7,495963
2021-04-06 10:18:48,1001.7,495967
2021-04-06 10:18:49,1001.7,495971
2021-04-06 10:18:50,1001.7,495976
2021-04-06 10:18:51,1001.7,495977
2021-04-06 10:18:52,1001.95,496006
2021-04-06 10:18:53,1001.95,496006
2021-04-06 10:18:54,1001.95,496058
2021-04-06 10:18:55,1001.75,496123
2021-04-06 10:18:56,1001.7,496132
2021-04-06 10:18:57,1001.75,496328
2021-04-06 10:18:58,1001.75,496425
2021-04-06 10:18:59,1001.75,496439
2021-04-06 10:19:00,1001.95,496491
2021-04-06 10:19:02,1001.95,496553
2021-04-06 10:19:02,1001.95,496554
2021-04-06 10:19:03,1001.95,496556
2021-04-06 10:19:04,1001.95,496556
2021-04-06 10:19:06,1001.95,496556
2021-04-06 10:19:06,1001.95,496556
2021-04-06 10:19:07,1001.9,496569
2021-04-06 10:19:08,1001.9,496569
2021-04-06 10:19:10,1001.8,496574
2021-04-06 10:19:10,1001.8,496574
2021-04-06 10:19:12,1001.9,497108
2021-04-06 10:19:12,1001.7,497162
2021-04-06 10:19:13,1001.9,497194
2021-04-06 10:19:14,1001.9,497194
2021-04-06 10:19:15,1001.9,497194
2021-04-06 10:19:16,1001.9,497194
2021-04-06 10:19:17,1001.9,497194
2021-04-06 10:19:18,1001.9,497194
2021-04-06 10:19:19,1002.0,497444
2021-04-06 10:19:20,1002.0,497444
2021-04-06 10:19:21,1002.0,497603
2021-04-06 10:19:22,1002.3,497606
2021-04-06 10:19:23,1002.0,497614
2021-04-06 10:19:24,1002.0,497616
2021-04-06 10:19:25,1002.0,497616
2021-04-06 10:19:27,1001.8,497629
2021-04-06 10:19:28,1001.8,497629
2021-04-06 10:19:29,1002.0,497652
2021-04-06 10:19:29,1001.7,497689
2021-04-06 10:19:30,1001.7,497689
2021-04-06 10:19:31,1001.7,497703
2021-04-06 10:19:32,1001.7,497703
2021-04-06 10:19:33,1001.7,497703
2021-04-06 10:19:34,1001.7,497703
2021-04-06 10:19:35,1001.7,497748
2021-04-06 10:19:36,1001.7,497748
2021-04-06 10:19:37,1001.95,497756
2021-04-06 10:19:39,1001.95,497756
2021-04-06 10:19:40,1001.95,497756
2021-04-06 10:19:41,1001.95,497756
2021-04-06 10:19:42,1001.95,497767
2021-04-06 10:19:43,1001.95,497767
2021-04-06 10:19:44,1001.95,497767
2021-04-06 10:19:46,1001.95,497767
2021-04-06 10:19:47,1001.95,497767
2021-04-06 10:19:48,1001.9,497792
2021-04-06 10:19:49,1001.9,497797
2021-04-06 10:19:49,1001.9,497797
2021-04-06 10:19:50,1002.35,498297
2021-04-06 10:19:51,1002.2,498406
2021-04-06 10:19:53,1002.25,498640
2021-04-06 10:19:54,1002.25,498640
2021-04-06 10:19:55,1002.25,498640
2021-04-06 10:19:56,1002.25,498640
2021-04-06 10:19:57,1002.2,498663
2021-04-06 10:19:58,1002.2,498663
2021-04-06 10:19:59,1002.2,498663
2021-04-06 10:20:00,1002.25,498763
2021-04-06 10:20:01,1001.95,498775
2021-04-06 10:20:02,1001.35,498790
2021-04-06 10:20:03,1001.35,498794
2021-04-06 10:20:04,1001.35,498798
2021-04-06 10:20:06,1001.6,498804
2021-04-06 10:20:07,1001.6,498808
2021-04-06 10:20:08,1001.6,498813
2021-04-06 10:20:09,1001.6,498817
2021-04-06 10:20:09,1001.6,498817
2021-04-06 10:20:11,1001.65,498833
2021-04-06 10:20:13,1002.3,499234
2021-04-06 10:20:13,1001.9,499219
2021-04-06 10:20:14,1002.3,499234
2021-04-06 10:20:15,1001.35,499360
2021-04-06 10:20:16,1001.55,499463
2021-04-06 10:20:17,1001.0,499740
2021-04-06 10:20:18,1001.05,499742
2021-04-06 10:20:19,1001.05,499745
2021-04-06 10:20:20,1000.8,499765
2021-04-06 10:20:21,1001.4,499899
2021-04-06 10:20:22,1001.4,499899
