timestamp,ltp,volume
2021-04-08 09:15:21,33180.65,0
2021-04-08 09:15:21,33180.65,0
2021-04-08 09:15:22,33182.35,0
2021-04-08 09:15:23,33196.0,0
2021-04-08 09:15:24,33194.7,0
2021-04-08 09:15:25,33196.45,0
2021-04-08 09:15:26,33211.45,0
2021-04-08 09:15:27,33219.5,0
2021-04-08 09:15:28,33213.2,0
2021-04-08 09:15:29,33229.85,0
2021-04-08 09:15:30,33218.8,0
2021-04-08 09:15:31,33211.55,0
2021-04-08 09:15:32,33223.25,0
2021-04-08 09:15:33,33225.1,0
2021-04-08 09:15:34,33233.75,0
2021-04-08 09:15:35,33222.75,0
2021-04-08 09:15:36,33220.7,0
2021-04-08 09:15:37,33234.15,0
2021-04-08 09:15:38,33235.35,0
2021-04-08 09:15:39,33231.85,0
2021-04-08 09:15:40,33242.1,0
2021-04-08 09:15:41,33244.95,0
2021-04-08 09:15:42,33245.7,0
2021-04-08 09:15:43,33250.6,0
2021-04-08 09:15:44,33246.65,0
2021-04-08 09:15:45,33240.75,0
2021-04-08 09:15:47,33228.5,0
2021-04-08 09:15:48,33220.35,0
2021-04-08 09:15:49,33220.05,0
2021-04-08 09:15:50,33216.95,0
2021-04-08 09:15:51,33213.95,0
2021-04-08 09:15:52,33217.15,0
2021-04-08 09:15:53,33226.55,0
2021-04-08 09:15:54,33225.25,0
2021-04-08 09:15:55,33218.2,0
2021-04-08 09:15:56,33220.15,0
2021-04-08 09:15:58,33224.0,0
2021-04-08 09:15:59,33210.65,0
2021-04-08 09:16:00,33218.6,0
2021-04-08 09:16:01,33223.85,0
2021-04-08 09:16:03,33231.45,0
2021-04-08 09:16:05,33244.1,0
2021-04-08 09:16:06,33249.0,0
2021-04-08 09:16:07,33255.55,0
2021-04-08 09:16:08,33260.25,0
2021-04-08 09:16:09,33260.15,0
2021-04-08 09:16:10,33259.55,0
2021-04-08 09:16:11,33256.7,0
2021-04-08 09:16:12,33251.8,0
2021-04-08 09:16:13,33261.6,0
2021-04-08 09:16:14,33252.85,0
2021-04-08 09:16:15,33253.2,0
2021-04-08 09:16:16,33249.8,0
2021-04-08 09:16:17,33249.6,0
2021-04-08 09:16:18,33234.45,0
2021-04-08 09:16:19,33238.45,0
2021-04-08 09:16:20,33239.05,0
2021-04-08 09:16:21,33240.8,0
2021-04-08 09:16:22,33240.7,0
2021-04-08 09:16:23,33242.35,0
2021-04-08 09:16:24,33243.25,0
2021-04-08 09:16:25,33240.45,0
2021-04-08 09:16:26,33244.45,0
2021-04-08 09:16:27,33245.0,0
2021-04-08 09:16:29,33243.8,0
2021-04-08 09:16:30,33244.15,0
2021-04-08 09:16:32,33241.85,0
2021-04-08 09:16:34,33246.25,0
2021-04-08 09:16:35,33241.95,0
2021-04-08 09:16:36,33247.25,0
2021-04-08 09:16:37,33246.35,0
2021-04-08 09:16:38,33245.45,0
2021-04-08 09:16:39,33241.35,0
2021-04-08 09:16:40,33239.05,0
2021-04-08 09:16:41,33236.5,0
2021-04-08 09:16:42,33238.85,0
2021-04-08 09:16:43,33241.0,0
2021-04-08 09:16:44,33237.45,0
2021-04-08 09:16:45,33233.8,0
2021-04-08 09:16:46,33230.5,0
2021-04-08 09:16:48,33222.05,0
2021-04-08 09:16:49,33216.2,0
2021-04-08 09:16:50,33216.95,0
2021-04-08 09:16:51,33216.15,0
2021-04-08 09:16:54,33233.4,0
2021-04-08 09:16:55,33230.2,0
2021-04-08 09:16:56,33230.9,0
2021-04-08 09:16:57,33231.1,0
2021-04-08 09:16:58,33234.05,0
2021-04-08 09:16:59,33234.65,0
2021-04-08 09:17:00,33233.9,0
2021-04-08 09:17:01,33242.25,0
2021-04-08 09:17:02,33240.4,0
2021-04-08 09:17:03,33237.95,0
2021-04-08 09:17:04,33236.3,0
2021-04-08 09:17:05,33234.3,0
2021-04-08 09:17:08,33240.1,0
2021-04-08 09:17:09,33242.85,0
2021-04-08 09:17:10,33247.3,0
2021-04-08 09:17:11,33246.25,0
2021-04-08 09:17:12,33248.45,0
2021-04-08 09:17:13,33245.75,0
2021-04-08 09:17:15,33246.1,0
2021-04-08 09:17:16,33249.0,0
2021-04-08 09:17:17,33246.35,0
2021-04-08 09:17:18,33240.45,0
2021-04-08 09:17:19,33237.85,0
2021-04-08 09:17:21,33236.7,0
2021-04-08 09:17:22,33240.05,0
2021-04-08 09:17:23,33238.15,0
2021-04-08 09:17:24,33238.95,0
2021-04-08 09:17:25,33234.05,0
2021-04-08 09:17:27,33234.5,0
2021-04-08 09:17:28,33235.3,0
2021-04-08 09:17:29,33221.15,0
2021-04-08 09:17:30,33221.7,0
2021-04-08 09:17:32,33225.8,0
2021-04-08 09:17:33,33224.95,0
2021-04-08 09:17:34,33228.35,0
2021-04-08 09:17:35,33233.3,0
2021-04-08 09:17:36,33231.85,0
2021-04-08 09:17:37,33224.55,0
2021-04-08 09:17:38,33227.3,0
2021-04-08 09:17:39,33224.65,0
2021-04-08 09:17:40,33225.3,0
2021-04-08 09:17:41,33221.1,0
2021-04-08 09:17:43,33225.3,0
2021-04-08 09:17:44,33226.7,0
2021-04-08 09:17:45,33226.0,0
2021-04-08 09:17:46,33225.8,0
2021-04-08 09:17:47,33227.3,0
2021-04-08 09:17:48,33224.65,0
2021-04-08 09:17:49,33224.4,0
2021-04-08 09:17:50,33228.8,0
2021-04-08 09:17:51,33228.15,0
2021-04-08 09:17:52,33226.8,0
2021-04-08 09:17:54,33231.95,0
2021-04-08 09:17:55,33235.6,0
2021-04-08 09:17:56,33234.0,0
2021-04-08 09:17:57,33240.1,0
2021-04-08 09:17:58,33238.4,0
2021-04-08 09:17:59,33242.5,0
2021-04-08 09:18:00,33240.3,0
2021-04-08 09:18:01,33240.4,0
2021-04-08 09:18:02,33240.4,0
2021-04-08 09:18:03,33240.4,0
2021-04-08 09:18:04,33242.1,0
2021-04-08 09:18:05,33242.05,0
2021-04-08 09:18:06,33242.9,0
2021-04-08 09:18:07,33243.9,0
2021-04-08 09:18:09,33245.4,0
2021-04-08 09:18:11,33246.65,0
2021-04-08 09:18:12,33243.0,0
2021-04-08 09:18:13,33245.05,0
2021-04-08 09:18:14,33244.9,0
2021-04-08 09:18:15,33244.75,0
2021-04-08 09:18:16,33240.3,0
2021-04-08 09:18:18,33238.0,0
2021-04-08 09:18:19,33236.35,0
2021-04-08 09:18:20,33236.95,0
2021-04-08 09:18:21,33237.35,0
2021-04-08 09:18:22,33232.9,0
2021-04-08 09:18:23,33235.15,0
2021-04-08 09:18:24,33234.05,0
2021-04-08 09:18:25,33234.0,0
2021-04-08 09:18:26,33234.95,0
2021-04-08 09:18:27,33235.05,0
2021-04-08 09:18:28,33236.05,0
2021-04-08 09:18:29,33234.35,0
2021-04-08 09:18:30,33239.85,0
2021-04-08 09:18:31,33236.2,0
2021-04-08 09:18:32,33239.25,0
2021-04-08 09:18:34,33235.2,0
2021-04-08 09:18:35,33239.25,0
2021-04-08 09:18:36,33237.7,0
2021-04-08 09:18:37,33238.9,0
2021-04-08 09:18:38,33240.6,0
2021-04-08 09:18:39,33242.5,0
2021-04-08 09:18:40,33244.15,0
2021-04-08 09:18:41,33243.95,0
2021-04-08 09:18:42,33243.15,0
2021-04-08 09:18:43,33246.25,0
2021-04-08 09:18:44,33247.45,0
2021-04-08 09:18:45,33248.05,0
2021-04-08 09:18:46,33245.55,0
2021-04-08 09:18:48,33246.35,0
2021-04-08 09:18:49,33244.35,0
2021-04-08 09:18:50,33242.3,0
2021-04-08 09:18:51,33243.8,0
2021-04-08 09:18:53,33244.55,0
2021-04-08 09:18:54,33241.25,0
2021-04-08 09:18:55,33239.45,0
2021-04-08 09:18:56,33243.65,0
2021-04-08 09:18:57,33243.55,0
2021-04-08 09:18:58,33242.85,0
2021-04-08 09:18:59,33244.4,0
2021-04-08 09:19:00,33239.2,0
2021-04-08 09:19:01,33235.05,0
2021-04-08 09:19:02,33236.75,0
2021-04-08 09:19:04,33234.35,0
2021-04-08 09:19:05,33232.45,0
2021-04-08 09:19:06,33233.2,0
2021-04-08 09:19:07,33234.0,0
2021-04-08 09:19:08,33228.3,0
2021-04-08 09:19:09,33228.7,0
2021-04-08 09:19:10,33232.4,0
2021-04-08 09:19:11,33236.2,0
2021-04-08 09:19:12,33234.7,0
2021-04-08 09:19:13,33233.3,0
2021-04-08 09:19:15,33235.0,0
2021-04-08 09:19:16,33236.65,0
2021-04-08 09:19:17,33238.45,0
2021-04-08 09:19:18,33243.3,0
2021-04-08 09:19:19,33241.65,0
2021-04-08 09:19:20,33240.9,0
2021-04-08 09:19:21,33242.05,0
2021-04-08 09:19:22,33246.15,0
2021-04-08 09:19:23,33246.85,0
2021-04-08 09:19:25,33251.3,0
2021-04-08 09:19:26,33252.45,0
2021-04-08 09:19:27,33251.25,0
2021-04-08 09:19:28,33252.3,0
2021-04-08 09:19:29,33250.95,0
2021-04-08 09:19:30,33252.3,0
2021-04-08 09:19:31,33254.5,0
2021-04-08 09:19:32,33251.6,0
2021-04-08 09:19:33,33253.5,0
2021-04-08 09:19:34,33252.8,0
2021-04-08 09:19:35,33254.15,0
2021-04-08 09:19:36,33253.15,0
2021-04-08 09:19:37,33249.65,0
2021-04-08 09:19:38,33251.6,0
2021-04-08 09:19:39,33250.3,0
2021-04-08 09:19:40,33253.25,0
2021-04-08 09:19:41,33248.4,0
2021-04-08 09:19:42,33249.95,0
2021-04-08 09:19:43,33248.2,0
2021-04-08 09:19:44,33247.65,0
2021-04-08 09:19:45,33248.15,0
2021-04-08 09:19:46,33250.35,0
2021-04-08 09:19:47,33250.5,0
2021-04-08 09:19:48,33250.65,0
2021-04-08 09:19:49,33256.2,0
2021-04-08 09:19:50,33249.85,0
2021-04-08 09:19:51,33251.1,0
2021-04-08 09:19:52,33253.35,0
2021-04-08 09:19:53,33249.45,0
2021-04-08 09:19:54,33247.25,0
2021-04-08 09:19:55,33256.25,0
2021-04-08 09:19:56,33252.5,0
2021-04-08 09:19:57,33250.0,0
2021-04-08 09:19:58,33255.25,0
2021-04-08 09:19:59,33254.15,0
2021-04-08 09:20:00,33253.7,0
2021-04-08 09:20:01,33241.4,0
2021-04-08 09:20:03,33252.85,0
2021-04-08 09:20:05,33260.4,0
2021-04-08 09:20:06,33260.6,0
2021-04-08 09:20:07,33264.6,0
2021-04-08 09:20:09,33257.9,0
2021-04-08 09:20:10,33261.6,0
2021-04-08 09:20:11,33259.55,0
2021-04-08 09:20:12,33257.05,0
2021-04-08 09:20:13,33258.5,0
2021-04-08 09:20:15,33252.9,0
2021-04-08 09:20:16,33252.8,0
2021-04-08 09:20:17,33248.65,0
2021-04-08 09:20:18,33248.65,0
2021-04-08 09:20:19,33251.7,0
2021-04-08 09:20:20,33249.1,0
2021-04-08 09:20:22,33248.0,0
2021-04-08 09:20:23,33246.7,0
2021-04-08 09:20:24,33239.55,0
2021-04-08 09:20:25,33246.8,0
2021-04-08 09:20:27,33241.4,0
2021-04-08 09:20:28,33242.15,0
2021-04-08 09:20:29,33239.3,0
2021-04-08 09:20:30,33240.4,0
2021-04-08 09:20:31,33240.15,0
2021-04-08 09:20:32,33237.55,0
2021-04-08 09:20:33,33235.2,0
2021-04-08 09:20:34,33233.2,0
2021-04-08 09:20:35,33241.1,0
2021-04-08 09:20:37,33242.3,0
2021-04-08 09:20:38,33240.45,0
2021-04-08 09:20:39,33239.9,0
2021-04-08 09:20:40,33240.6,0
2021-04-08 09:20:41,33241.35,0
2021-04-08 09:20:42,33241.5,0
2021-04-08 09:20:43,33236.75,0
2021-04-08 09:20:44,33236.2,0
2021-04-08 09:20:45,33237.1,0
2021-04-08 09:20:46,33237.4,0
2021-04-08 09:20:47,33238.85,0
2021-04-08 09:20:48,33233.85,0
2021-04-08 09:20:49,33230.8,0
2021-04-08 09:20:50,33230.5,0
2021-04-08 09:20:51,33230.5,0
2021-04-08 09:20:52,33229.1,0
2021-04-08 09:20:53,33238.25,0
2021-04-08 09:20:54,33240.45,0
2021-04-08 09:20:55,33241.85,0
2021-04-08 09:20:56,33246.65,0
2021-04-08 09:20:57,33237.05,0
2021-04-08 09:20:58,33241.4,0
2021-04-08 09:20:59,33241.0,0
2021-04-08 09:21:00,33254.35,0
2021-04-08 09:21:01,33257.45,0
2021-04-08 09:21:02,33260.2,0
2021-04-08 09:21:03,33254.45,0
2021-04-08 09:21:04,33268.25,0
2021-04-08 09:21:05,33262.55,0
2021-04-08 09:21:06,33270.6,0
2021-04-08 09:21:07,33272.5,0
2021-04-08 09:21:08,33270.4,0
2021-04-08 09:21:09,33269.2,0
2021-04-08 09:21:10,33268.3,0
2021-04-08 09:21:11,33272.85,0
2021-04-08 09:21:12,33269.35,0
2021-04-08 09:21:13,33270.2,0
2021-04-08 09:21:14,33270.05,0
2021-04-08 09:21:15,33273.65,0
2021-04-08 09:21:16,33273.8,0
2021-04-08 09:21:17,33274.45,0
2021-04-08 09:21:18,33272.5,0
2021-04-08 09:21:19,33274.1,0
2021-04-08 09:21:20,33271.25,0
2021-04-08 09:21:21,33266.6,0
2021-04-08 09:21:22,33265.25,0
2021-04-08 09:21:23,33264.3,0
2021-04-08 09:21:24,33265.65,0
2021-04-08 09:21:25,33264.5,0
2021-04-08 09:21:26,33263.5,0
2021-04-08 09:21:27,33266.0,0
2021-04-08 09:21:28,33264.8,0
2021-04-08 09:21:29,33267.95,0
2021-04-08 09:21:30,33263.5,0
2021-04-08 09:21:31,33264.9,0
2021-04-08 09:21:32,33263.5,0
2021-04-08 09:21:33,33267.55,0
2021-04-08 09:21:34,33266.65,0
2021-04-08 09:21:35,33267.1,0
2021-04-08 09:21:36,33264.9,0
2021-04-08 09:21:37,33267.9,0
2021-04-08 09:21:38,33264.4,0
2021-04-08 09:21:39,33262.15,0
2021-04-08 09:21:40,33266.15,0
2021-04-08 09:21:41,33267.25,0
2021-04-08 09:21:42,33264.65,0
2021-04-08 09:21:43,33264.05,0
2021-04-08 09:21:44,33270.85,0
2021-04-08 09:21:45,33265.4,0
2021-04-08 09:21:46,33262.45,0
2021-04-08 09:21:47,33257.35,0
2021-04-08 09:21:48,33258.1,0
2021-04-08 09:21:49,33262.45,0
2021-04-08 09:21:50,33257.65,0
2021-04-08 09:21:52,33245.6,0
2021-04-08 09:21:53,33236.7,0
2021-04-08 09:21:54,33236.8,0
2021-04-08 09:21:55,33230.35,0
2021-04-08 09:21:56,33233.45,0
2021-04-08 09:21:57,33235.35,0
2021-04-08 09:21:58,33230.0,0
2021-04-08 09:21:59,33232.4,0
2021-04-08 09:22:00,33231.15,0
2021-04-08 09:22:01,33231.7,0
2021-04-08 09:22:02,33228.75,0
2021-04-08 09:22:03,33228.0,0
2021-04-08 09:22:05,33230.7,0
2021-04-08 09:22:06,33224.2,0
2021-04-08 09:22:07,33224.8,0
2021-04-08 09:22:10,33225.85,0
2021-04-08 09:22:11,33224.4,0
2021-04-08 09:22:12,33224.9,0
2021-04-08 09:22:13,33221.25,0
2021-04-08 09:22:14,33221.95,0
2021-04-08 09:22:15,33225.1,0
2021-04-08 09:22:16,33225.7,0
2021-04-08 09:22:17,33240.1,0
2021-04-08 09:22:18,33238.05,0
2021-04-08 09:22:19,33235.8,0
2021-04-08 09:22:20,33251.45,0
2021-04-08 09:22:21,33252.85,0
2021-04-08 09:22:22,33242.9,0
2021-04-08 09:22:23,33242.05,0
2021-04-08 09:22:24,33234.8,0
2021-04-08 09:22:25,33240.7,0
2021-04-08 09:22:26,33242.35,0
2021-04-08 09:22:27,33240.7,0
2021-04-08 09:22:28,33243.3,0
2021-04-08 09:22:29,33246.1,0
2021-04-08 09:22:30,33238.75,0
2021-04-08 09:22:31,33241.55,0
2021-04-08 09:22:32,33250.3,0
2021-04-08 09:22:33,33246.95,0
2021-04-08 09:22:34,33251.65,0
2021-04-08 09:22:35,33239.95,0
2021-04-08 09:22:36,33243.3,0
2021-04-08 09:22:37,33238.7,0
2021-04-08 09:22:38,33232.65,0
2021-04-08 09:22:39,33233.2,0
2021-04-08 09:22:40,33231.2,0
2021-04-08 09:22:41,33235.4,0
2021-04-08 09:22:42,33230.1,0
2021-04-08 09:22:43,33237.35,0
2021-04-08 09:22:44,33237.8,0
2021-04-08 09:22:46,33236.1,0
2021-04-08 09:22:47,33229.05,0
2021-04-08 09:22:48,33232.6,0
2021-04-08 09:22:49,33228.2,0
2021-04-08 09:22:50,33233.9,0
2021-04-08 09:22:51,33237.65,0
2021-04-08 09:22:52,33232.55,0
2021-04-08 09:22:53,33232.75,0
2021-04-08 09:22:54,33230.95,0
2021-04-08 09:22:55,33230.75,0
2021-04-08 09:22:56,33233.35,0
2021-04-08 09:22:57,33227.85,0
2021-04-08 09:22:58,33226.9,0
2021-04-08 09:22:59,33227.25,0
2021-04-08 09:23:01,33224.15,0
2021-04-08 09:23:02,33226.1,0
2021-04-08 09:23:03,33220.35,0
2021-04-08 09:23:04,33224.5,0
2021-04-08 09:23:05,33224.75,0
2021-04-08 09:23:06,33225.8,0
2021-04-08 09:23:08,33227.95,0
2021-04-08 09:23:09,33228.8,0
2021-04-08 09:23:10,33228.45,0
2021-04-08 09:23:11,33231.75,0
2021-04-08 09:23:13,33235.0,0
2021-04-08 09:23:14,33243.0,0
2021-04-08 09:23:15,33246.9,0
2021-04-08 09:23:16,33246.3,0
2021-04-08 09:23:17,33245.9,0
2021-04-08 09:23:18,33245.8,0
2021-04-08 09:23:19,33239.5,0
2021-04-08 09:23:21,33233.15,0
2021-04-08 09:23:22,33229.95,0
2021-04-08 09:23:23,33228.55,0
2021-04-08 09:23:25,33239.55,0
2021-04-08 09:23:26,33240.75,0
2021-04-08 09:23:27,33239.8,0
2021-04-08 09:23:28,33235.7,0
2021-04-08 09:23:29,33235.0,0
2021-04-08 09:23:30,33231.7,0
2021-04-08 09:23:31,33235.0,0
2021-04-08 09:23:32,33235.25,0
2021-04-08 09:23:33,33237.25,0
2021-04-08 09:23:34,33236.1,0
2021-04-08 09:23:35,33236.6,0
2021-04-08 09:23:36,33235.15,0
2021-04-08 09:23:37,33234.0,0
2021-04-08 09:23:38,33230.95,0
2021-04-08 09:23:39,33228.4,0
2021-04-08 09:23:40,33229.2,0
2021-04-08 09:23:41,33231.5,0
2021-04-08 09:23:42,33235.6,0
2021-04-08 09:23:45,33234.1,0
2021-04-08 09:23:46,33233.4,0
2021-04-08 09:23:47,33233.8,0
2021-04-08 09:23:48,33233.0,0
2021-04-08 09:23:49,33232.15,0
2021-04-08 09:23:51,33225.9,0
2021-04-08 09:23:52,33231.9,0
2021-04-08 09:23:53,33232.4,0
2021-04-08 09:23:54,33229.35,0
2021-04-08 09:23:55,33231.05,0
2021-04-08 09:23:56,33226.5,0
2021-04-08 09:23:57,33224.65,0
2021-04-08 09:23:58,33223.5,0
2021-04-08 09:23:59,33224.55,0
2021-04-08 09:24:00,33223.8,0
2021-04-08 09:24:01,33224.55,0
2021-04-08 09:24:02,33237.65,0
2021-04-08 09:24:04,33241.7,0
2021-04-08 09:24:05,33239.7,0
2021-04-08 09:24:06,33242.95,0
2021-04-08 09:24:08,33242.2,0
2021-04-08 09:24:09,33243.85,0
2021-04-08 09:24:10,33244.35,0
2021-04-08 09:24:11,33244.25,0
2021-04-08 09:24:12,33242.35,0
2021-04-08 09:24:13,33241.8,0
2021-04-08 09:24:14,33240.4,0
2021-04-08 09:24:15,33241.0,0
2021-04-08 09:24:16,33236.6,0
2021-04-08 09:24:17,33239.85,0
2021-04-08 09:24:18,33238.55,0
2021-04-08 09:24:19,33239.1,0
2021-04-08 09:24:20,33232.75,0
2021-04-08 09:24:21,33233.4,0
2021-04-08 09:24:22,33233.25,0
2021-04-08 09:24:23,33234.4,0
2021-04-08 09:24:24,33230.75,0
2021-04-08 09:24:25,33225.6,0
2021-04-08 09:24:26,33225.4,0
2021-04-08 09:24:28,33226.6,0
2021-04-08 09:24:29,33228.05,0
2021-04-08 09:24:30,33232.45,0
2021-04-08 09:24:31,33235.2,0
2021-04-08 09:24:32,33233.0,0
2021-04-08 09:24:33,33233.95,0
2021-04-08 09:24:34,33231.8,0
2021-04-08 09:24:35,33229.3,0
2021-04-08 09:24:36,33238.9,0
2021-04-08 09:24:37,33239.7,0
2021-04-08 09:24:38,33235.0,0
2021-04-08 09:24:39,33235.35,0
2021-04-08 09:24:40,33235.6,0
2021-04-08 09:24:41,33233.5,0
2021-04-08 09:24:42,33234.35,0
2021-04-08 09:24:43,33236.65,0
2021-04-08 09:24:44,33232.45,0
2021-04-08 09:24:45,33232.0,0
2021-04-08 09:24:46,33232.5,0
2021-04-08 09:24:47,33226.8,0
2021-04-08 09:24:48,33229.15,0
2021-04-08 09:24:49,33225.65,0
2021-04-08 09:24:51,33225.3,0
2021-04-08 09:24:52,33230.6,0
2021-04-08 09:24:53,33233.35,0
2021-04-08 09:24:56,33222.8,0
2021-04-08 09:24:57,33227.15,0
2021-04-08 09:24:58,33225.45,0
2021-04-08 09:24:59,33228.95,0
2021-04-08 09:25:00,33229.8,0
2021-04-08 09:25:01,33228.45,0
2021-04-08 09:25:02,33230.0,0
2021-04-08 09:25:03,33232.6,0
2021-04-08 09:25:04,33226.15,0
2021-04-08 09:25:05,33227.85,0
2021-04-08 09:25:06,33227.85,0
2021-04-08 09:25:07,33229.1,0
2021-04-08 09:25:08,33231.55,0
2021-04-08 09:25:09,33230.5,0
2021-04-08 09:25:10,33230.7,0
2021-04-08 09:25:11,33229.85,0
2021-04-08 09:25:12,33232.1,0
2021-04-08 09:25:13,33232.75,0
2021-04-08 09:25:14,33231.8,0
2021-04-08 09:25:15,33237.75,0
2021-04-08 09:25:16,33238.4,0
2021-04-08 09:25:18,33239.65,0
2021-04-08 09:25:19,33241.9,0
2021-04-08 09:25:20,33239.1,0
2021-04-08 09:25:21,33242.8,0
2021-04-08 09:25:22,33243.15,0
2021-04-08 09:25:23,33240.55,0
2021-04-08 09:25:24,33241.6,0
2021-04-08 09:25:25,33242.6,0
2021-04-08 09:25:26,33239.8,0
2021-04-08 09:25:27,33241.15,0
2021-04-08 09:25:28,33240.9,0
2021-04-08 09:25:29,33241.95,0
2021-04-08 09:25:30,33239.3,0
2021-04-08 09:25:31,33242.05,0
2021-04-08 09:25:32,33243.75,0
2021-04-08 09:25:33,33237.6,0
2021-04-08 09:25:34,33240.25,0
2021-04-08 09:25:35,33234.9,0
2021-04-08 09:25:36,33235.1,0
2021-04-08 09:25:37,33236.1,0
2021-04-08 09:25:38,33237.6,0
2021-04-08 09:25:39,33236.65,0
2021-04-08 09:25:40,33239.0,0
2021-04-08 09:25:41,33240.3,0
2021-04-08 09:25:42,33241.2,0
2021-04-08 09:25:43,33239.75,0
2021-04-08 09:25:44,33240.55,0
2021-04-08 09:25:46,33234.1,0
2021-04-08 09:25:49,33234.05,0
2021-04-08 09:25:50,33234.75,0
2021-04-08 09:25:51,33234.6,0
2021-04-08 09:25:52,33234.1,0
2021-04-08 09:25:53,33235.4,0
2021-04-08 09:25:54,33232.05,0
2021-04-08 09:25:55,33233.75,0
2021-04-08 09:25:56,33231.9,0
2021-04-08 09:25:57,33231.55,0
2021-04-08 09:25:58,33232.65,0
2021-04-08 09:25:59,33232.5,0
2021-04-08 09:26:00,33231.8,0
2021-04-08 09:26:01,33229.35,0
2021-04-08 09:26:02,33228.45,0
2021-04-08 09:26:03,33229.65,0
2021-04-08 09:26:04,33225.15,0
2021-04-08 09:26:05,33227.6,0
2021-04-08 09:26:07,33226.35,0
2021-04-08 09:26:08,33225.05,0
2021-04-08 09:26:09,33223.65,0
2021-04-08 09:26:10,33224.45,0
2021-04-08 09:26:11,33226.85,0
2021-04-08 09:26:12,33225.7,0
2021-04-08 09:26:13,33224.05,0
2021-04-08 09:26:14,33221.65,0
2021-04-08 09:26:15,33222.7,0
2021-04-08 09:26:17,33222.75,0
2021-04-08 09:26:19,33221.3,0
2021-04-08 09:26:20,33223.2,0
2021-04-08 09:26:22,33223.35,0
2021-04-08 09:26:23,33223.55,0
2021-04-08 09:26:25,33227.1,0
2021-04-08 09:26:27,33226.55,0
2021-04-08 09:26:28,33223.4,0
2021-04-08 09:26:29,33224.55,0
2021-04-08 09:26:30,33220.8,0
2021-04-08 09:26:31,33224.15,0
2021-04-08 09:26:32,33219.65,0
2021-04-08 09:26:33,33222.9,0
2021-04-08 09:26:34,33219.85,0
2021-04-08 09:26:35,33223.45,0
2021-04-08 09:26:37,33218.05,0
2021-04-08 09:26:38,33217.75,0
2021-04-08 09:26:39,33221.2,0
2021-04-08 09:26:40,33219.0,0
2021-04-08 09:26:41,33219.35,0
2021-04-08 09:26:42,33217.4,0
2021-04-08 09:26:43,33212.5,0
2021-04-08 09:26:47,33206.95,0
2021-04-08 09:26:48,33208.4,0
2021-04-08 09:26:49,33209.85,0
2021-04-08 09:26:50,33208.95,0
2021-04-08 09:26:51,33208.25,0
2021-04-08 09:26:52,33204.45,0
2021-04-08 09:26:53,33206.8,0
2021-04-08 09:26:54,33209.15,0
2021-04-08 09:26:56,33206.35,0
2021-04-08 09:26:58,33203.45,0
2021-04-08 09:26:59,33201.1,0
2021-04-08 09:27:00,33202.8,0
2021-04-08 09:27:01,33197.7,0
2021-04-08 09:27:02,33198.45,0
2021-04-08 09:27:03,33194.8,0
2021-04-08 09:27:04,33194.05,0
2021-04-08 09:27:05,33192.85,0
2021-04-08 09:27:06,33190.3,0
2021-04-08 09:27:07,33190.45,0
2021-04-08 09:27:08,33193.15,0
2021-04-08 09:27:09,33192.5,0
2021-04-08 09:27:10,33194.2,0
2021-04-08 09:27:12,33194.75,0
2021-04-08 09:27:13,33195.3,0
2021-04-08 09:27:14,33199.8,0
2021-04-08 09:27:15,33196.1,0
2021-04-08 09:27:16,33194.7,0
2021-04-08 09:27:17,33198.9,0
2021-04-08 09:27:18,33198.25,0
2021-04-08 09:27:19,33203.3,0
2021-04-08 09:27:20,33202.4,0
2021-04-08 09:27:21,33202.25,0
2021-04-08 09:27:22,33203.45,0
2021-04-08 09:27:23,33202.4,0
2021-04-08 09:27:24,33204.0,0
2021-04-08 09:27:25,33203.2,0
2021-04-08 09:27:26,33211.05,0
2021-04-08 09:27:27,33218.6,0
2021-04-08 09:27:28,33220.05,0
2021-04-08 09:27:30,33217.25,0
2021-04-08 09:27:31,33214.65,0
2021-04-08 09:27:32,33219.0,0
2021-04-08 09:27:34,33212.65,0
2021-04-08 09:27:35,33215.85,0
2021-04-08 09:27:36,33214.3,0
2021-04-08 09:27:37,33218.2,0
2021-04-08 09:27:39,33209.8,0
2021-04-08 09:27:40,33217.2,0
2021-04-08 09:27:41,33216.5,0
2021-04-08 09:27:42,33219.4,0
2021-04-08 09:27:43,33220.25,0
2021-04-08 09:27:44,33220.9,0
2021-04-08 09:27:45,33222.2,0
2021-04-08 09:27:46,33216.5,0
2021-04-08 09:27:47,33218.45,0
2021-04-08 09:27:48,33215.35,0
2021-04-08 09:27:49,33215.5,0
2021-04-08 09:27:50,33213.75,0
2021-04-08 09:27:51,33216.5,0
2021-04-08 09:27:53,33218.9,0
2021-04-08 09:27:54,33217.1,0
2021-04-08 09:27:55,33211.85,0
2021-04-08 09:27:56,33212.2,0
2021-04-08 09:27:57,33217.05,0
2021-04-08 09:27:58,33217.5,0
2021-04-08 09:27:59,33219.4,0
2021-04-08 09:28:00,33218.8,0
2021-04-08 09:28:01,33216.65,0
2021-04-08 09:28:02,33217.8,0
2021-04-08 09:28:04,33219.2,0
2021-04-08 09:28:05,33217.6,0
2021-04-08 09:28:06,33217.4,0
2021-04-08 09:28:07,33217.9,0
2021-04-08 09:28:08,33218.4,0
2021-04-08 09:28:09,33216.4,0
2021-04-08 09:28:10,33214.1,0
2021-04-08 09:28:11,33215.3,0
2021-04-08 09:28:12,33213.1,0
2021-04-08 09:28:13,33213.55,0
2021-04-08 09:28:15,33212.65,0
2021-04-08 09:28:16,33211.95,0
2021-04-08 09:28:17,33213.75,0
2021-04-08 09:28:19,33211.55,0
2021-04-08 09:28:20,33215.9,0
2021-04-08 09:28:21,33215.85,0
2021-04-08 09:28:23,33217.25,0
2021-04-08 09:28:24,33217.45,0
2021-04-08 09:28:26,33217.7,0
2021-04-08 09:28:27,33220.1,0
2021-04-08 09:28:28,33224.2,0
2021-04-08 09:28:29,33225.05,0
2021-04-08 09:28:30,33230.15,0
2021-04-08 09:28:31,33230.9,0
2021-04-08 09:28:32,33227.8,0
2021-04-08 09:28:33,33226.4,0
2021-04-08 09:28:34,33225.2,0
2021-04-08 09:28:35,33224.9,0
2021-04-08 09:28:36,33226.5,0
2021-04-08 09:28:37,33224.0,0
2021-04-08 09:28:38,33226.25,0
2021-04-08 09:28:39,33226.7,0
2021-04-08 09:28:40,33226.0,0
2021-04-08 09:28:41,33227.65,0
2021-04-08 09:28:42,33229.0,0
2021-04-08 09:28:43,33227.45,0
2021-04-08 09:28:45,33228.8,0
2021-04-08 09:28:47,33223.65,0
2021-04-08 09:28:48,33225.65,0
2021-04-08 09:28:49,33227.95,0
2021-04-08 09:28:50,33227.8,0
2021-04-08 09:28:51,33226.5,0
2021-04-08 09:28:52,33223.35,0
2021-04-08 09:28:53,33228.25,0
2021-04-08 09:28:54,33225.3,0
2021-04-08 09:28:55,33224.4,0
2021-04-08 09:28:56,33224.1,0
2021-04-08 09:28:57,33225.85,0
2021-04-08 09:28:58,33223.8,0
2021-04-08 09:29:00,33224.65,0
2021-04-08 09:29:01,33223.7,0
2021-04-08 09:29:03,33221.15,0
2021-04-08 09:29:04,33216.9,0
2021-04-08 09:29:05,33222.1,0
2021-04-08 09:29:06,33222.7,0
2021-04-08 09:29:08,33218.75,0
2021-04-08 09:29:09,33217.85,0
2021-04-08 09:29:10,33217.4,0
2021-04-08 09:29:11,33215.15,0
2021-04-08 09:29:12,33216.3,0
2021-04-08 09:29:13,33212.85,0
2021-04-08 09:29:14,33216.1,0
2021-04-08 09:29:15,33219.1,0
2021-04-08 09:29:17,33218.0,0
2021-04-08 09:29:18,33213.35,0
2021-04-08 09:29:19,33217.4,0
2021-04-08 09:29:20,33218.85,0
2021-04-08 09:29:21,33219.45,0
2021-04-08 09:29:22,33220.0,0
2021-04-08 09:29:23,33219.1,0
2021-04-08 09:29:24,33220.9,0
2021-04-08 09:29:25,33224.25,0
2021-04-08 09:29:26,33218.85,0
2021-04-08 09:29:27,33224.15,0
2021-04-08 09:29:28,33224.55,0
2021-04-08 09:29:29,33228.1,0
2021-04-08 09:29:30,33231.75,0
2021-04-08 09:29:32,33233.05,0
2021-04-08 09:29:33,33233.85,0
2021-04-08 09:29:34,33235.9,0
2021-04-08 09:29:35,33247.9,0
2021-04-08 09:29:36,33249.05,0
2021-04-08 09:29:37,33253.55,0
2021-04-08 09:29:38,33255.65,0
2021-04-08 09:29:39,33257.3,0
2021-04-08 09:29:40,33257.85,0
2021-04-08 09:29:41,33256.4,0
2021-04-08 09:29:42,33257.0,0
2021-04-08 09:29:43,33259.1,0
2021-04-08 09:29:44,33256.75,0
2021-04-08 09:29:45,33261.55,0
2021-04-08 09:29:46,33261.1,0
2021-04-08 09:29:47,33265.6,0
2021-04-08 09:29:48,33261.5,0
2021-04-08 09:29:49,33261.1,0
2021-04-08 09:29:50,33261.45,0
2021-04-08 09:29:51,33260.1,0
2021-04-08 09:29:52,33263.1,0
2021-04-08 09:29:53,33263.6,0
2021-04-08 09:29:54,33264.9,0
2021-04-08 09:29:55,33263.35,0
2021-04-08 09:29:56,33261.75,0
2021-04-08 09:29:57,33261.15,0
2021-04-08 09:29:58,33257.2,0
2021-04-08 09:29:59,33258.75,0
2021-04-08 09:30:00,33267.25,0
2021-04-08 09:30:01,33269.6,0
2021-04-08 09:30:02,33266.5,0
2021-04-08 09:30:04,33266.9,0
2021-04-08 09:30:05,33269.35,0
2021-04-08 09:30:06,33269.8,0
2021-04-08 09:30:07,33272.4,0
2021-04-08 09:30:08,33268.15,0
2021-04-08 09:30:09,33269.8,0
2021-04-08 09:30:10,33297.95,0
2021-04-08 09:30:11,33287.0,0
2021-04-08 09:30:12,33297.3,0
2021-04-08 09:30:13,33293.95,0
2021-04-08 09:30:15,33302.25,0
2021-04-08 09:30:16,33302.65,0
2021-04-08 09:30:18,33301.0,0
2021-04-08 09:30:19,33303.45,0
2021-04-08 09:30:20,33292.4,0
2021-04-08 09:30:21,33291.05,0
2021-04-08 09:30:22,33291.3,0
2021-04-08 09:30:23,33287.45,0
2021-04-08 09:30:25,33284.65,0
2021-04-08 09:30:26,33282.7,0
2021-04-08 09:30:27,33286.2,0
2021-04-08 09:30:28,33284.55,0
2021-04-08 09:30:29,33290.45,0
2021-04-08 09:30:30,33291.75,0
2021-04-08 09:30:31,33295.25,0
2021-04-08 09:30:32,33285.75,0
2021-04-08 09:30:34,33288.0,0
2021-04-08 09:30:35,33292.05,0
2021-04-08 09:30:36,33293.95,0
2021-04-08 09:30:37,33293.25,0
2021-04-08 09:30:39,33288.5,0
2021-04-08 09:30:40,33284.25,0
2021-04-08 09:30:41,33287.25,0
2021-04-08 09:30:42,33285.4,0
2021-04-08 09:30:43,33286.0,0
2021-04-08 09:30:44,33284.85,0
2021-04-08 09:30:46,33288.85,0
2021-04-08 09:30:47,33289.9,0
2021-04-08 09:30:48,33288.55,0
2021-04-08 09:30:49,33284.5,0
2021-04-08 09:30:50,33280.0,0
2021-04-08 09:30:51,33283.6,0
2021-04-08 09:30:52,33281.5,0
2021-04-08 09:30:53,33282.9,0
2021-04-08 09:30:54,33285.15,0
2021-04-08 09:30:55,33286.3,0
2021-04-08 09:30:56,33286.85,0
2021-04-08 09:30:57,33283.6,0
2021-04-08 09:30:58,33283.1,0
2021-04-08 09:30:59,33286.0,0
2021-04-08 09:31:00,33287.95,0
2021-04-08 09:31:01,33286.5,0
2021-04-08 09:31:02,33286.0,0
2021-04-08 09:31:03,33286.75,0
2021-04-08 09:31:04,33286.65,0
2021-04-08 09:31:05,33286.5,0
2021-04-08 09:31:06,33291.85,0
2021-04-08 09:31:07,33287.8,0
2021-04-08 09:31:08,33289.6,0
2021-04-08 09:31:09,33291.15,0
2021-04-08 09:31:10,33287.65,0
2021-04-08 09:31:11,33289.85,0
2021-04-08 09:31:12,33289.95,0
2021-04-08 09:31:13,33288.95,0
2021-04-08 09:31:14,33287.7,0
2021-04-08 09:31:15,33286.35,0
2021-04-08 09:31:16,33290.5,0
2021-04-08 09:31:17,33290.4,0
2021-04-08 09:31:18,33285.25,0
2021-04-08 09:31:19,33290.55,0
2021-04-08 09:31:20,33293.25,0
2021-04-08 09:31:21,33293.0,0
2021-04-08 09:31:22,33291.05,0
2021-04-08 09:31:23,33290.05,0
2021-04-08 09:31:24,33290.15,0
2021-04-08 09:31:25,33291.6,0
2021-04-08 09:31:26,33292.45,0
2021-04-08 09:31:27,33290.9,0
2021-04-08 09:31:28,33289.35,0
2021-04-08 09:31:29,33292.1,0
2021-04-08 09:31:30,33290.55,0
2021-04-08 09:31:31,33291.25,0
2021-04-08 09:31:32,33290.3,0
2021-04-08 09:31:33,33291.0,0
2021-04-08 09:31:34,33292.95,0
2021-04-08 09:31:35,33291.2,0
2021-04-08 09:31:36,33287.35,0
2021-04-08 09:31:37,33289.4,0
2021-04-08 09:31:38,33292.05,0
2021-04-08 09:31:39,33291.65,0
2021-04-08 09:31:40,33292.25,0
2021-04-08 09:31:41,33295.4,0
2021-04-08 09:31:42,33296.6,0
2021-04-08 09:31:43,33295.7,0
2021-04-08 09:31:44,33293.95,0
2021-04-08 09:31:45,33296.35,0
2021-04-08 09:31:46,33297.45,0
2021-04-08 09:31:47,33298.05,0
2021-04-08 09:31:48,33297.3,0
2021-04-08 09:31:49,33292.8,0
2021-04-08 09:31:50,33290.2,0
2021-04-08 09:31:51,33283.15,0
2021-04-08 09:31:52,33285.8,0
2021-04-08 09:31:53,33285.95,0
2021-04-08 09:31:54,33282.4,0
2021-04-08 09:31:55,33285.7,0
2021-04-08 09:31:56,33284.3,0
2021-04-08 09:31:57,33282.45,0
2021-04-08 09:31:58,33282.95,0
2021-04-08 09:32:00,33275.5,0
2021-04-08 09:32:01,33275.75,0
2021-04-08 09:32:02,33275.7,0
2021-04-08 09:32:03,33274.2,0
2021-04-08 09:32:04,33277.4,0
2021-04-08 09:32:05,33277.25,0
2021-04-08 09:32:06,33281.05,0
2021-04-08 09:32:07,33277.15,0
2021-04-08 09:32:08,33274.95,0
2021-04-08 09:32:09,33277.05,0
2021-04-08 09:32:10,33273.75,0
2021-04-08 09:32:11,33272.95,0
2021-04-08 09:32:12,33275.65,0
2021-04-08 09:32:13,33274.35,0
2021-04-08 09:32:14,33273.25,0
2021-04-08 09:32:15,33274.5,0
2021-04-08 09:32:16,33274.3,0
2021-04-08 09:32:18,33272.15,0
2021-04-08 09:32:19,33273.45,0
2021-04-08 09:32:20,33270.55,0
2021-04-08 09:32:21,33269.9,0
2021-04-08 09:32:22,33265.4,0
2021-04-08 09:32:23,33258.45,0
2021-04-08 09:32:24,33255.85,0
2021-04-08 09:32:25,33258.6,0
2021-04-08 09:32:26,33259.5,0
2021-04-08 09:32:27,33252.3,0
2021-04-08 09:32:28,33254.0,0
2021-04-08 09:32:29,33254.9,0
2021-04-08 09:32:31,33251.1,0
2021-04-08 09:32:32,33254.55,0
2021-04-08 09:32:33,33252.75,0
2021-04-08 09:32:34,33250.0,0
2021-04-08 09:32:35,33249.1,0
2021-04-08 09:32:36,33248.1,0
2021-04-08 09:32:37,33252.4,0
2021-04-08 09:32:39,33253.65,0
2021-04-08 09:32:40,33254.45,0
2021-04-08 09:32:41,33253.6,0
2021-04-08 09:32:42,33255.25,0
2021-04-08 09:32:43,33254.35,0
2021-04-08 09:32:44,33254.3,0
2021-04-08 09:32:45,33252.95,0
2021-04-08 09:32:46,33253.6,0
2021-04-08 09:32:48,33260.65,0
2021-04-08 09:32:49,33261.6,0
2021-04-08 09:32:50,33261.95,0
2021-04-08 09:32:51,33263.15,0
2021-04-08 09:32:52,33267.85,0
2021-04-08 09:32:53,33267.25,0
2021-04-08 09:32:54,33273.65,0
2021-04-08 09:32:55,33273.8,0
2021-04-08 09:32:56,33270.4,0
2021-04-08 09:32:57,33274.6,0
2021-04-08 09:32:58,33273.65,0
2021-04-08 09:32:59,33273.55,0
2021-04-08 09:33:00,33270.9,0
2021-04-08 09:33:01,33275.9,0
2021-04-08 09:33:02,33278.15,0
2021-04-08 09:33:03,33275.6,0
2021-04-08 09:33:04,33278.4,0
2021-04-08 09:33:05,33278.5,0
2021-04-08 09:33:07,33276.85,0
2021-04-08 09:33:08,33280.5,0
2021-04-08 09:33:09,33279.45,0
2021-04-08 09:33:10,33278.65,0
2021-04-08 09:33:11,33276.35,0
2021-04-08 09:33:12,33275.85,0
2021-04-08 09:33:13,33276.95,0
2021-04-08 09:33:14,33274.35,0
2021-04-08 09:33:15,33273.35,0
2021-04-08 09:33:16,33277.4,0
2021-04-08 09:33:17,33275.95,0
2021-04-08 09:33:18,33279.15,0
2021-04-08 09:33:19,33278.7,0
2021-04-08 09:33:20,33274.8,0
2021-04-08 09:33:21,33278.7,0
2021-04-08 09:33:22,33275.5,0
2021-04-08 09:33:23,33277.65,0
2021-04-08 09:33:25,33277.5,0
2021-04-08 09:33:26,33279.35,0
2021-04-08 09:33:27,33278.1,0
2021-04-08 09:33:28,33276.85,0
2021-04-08 09:33:29,33275.1,0
2021-04-08 09:33:30,33278.45,0
2021-04-08 09:33:31,33273.55,0
2021-04-08 09:33:32,33277.4,0
2021-04-08 09:33:33,33277.4,0
2021-04-08 09:33:34,33277.6,0
2021-04-08 09:33:35,33278.45,0
2021-04-08 09:33:36,33279.25,0
2021-04-08 09:33:37,33275.2,0
2021-04-08 09:33:38,33278.0,0
2021-04-08 09:33:39,33277.55,0
2021-04-08 09:33:40,33279.4,0
2021-04-08 09:33:41,33279.6,0
2021-04-08 09:33:42,33275.05,0
2021-04-08 09:33:43,33274.8,0
2021-04-08 09:33:44,33275.6,0
2021-04-08 09:33:45,33270.75,0
2021-04-08 09:33:46,33272.5,0
2021-04-08 09:33:47,33271.55,0
2021-04-08 09:33:48,33273.7,0
2021-04-08 09:33:49,33268.6,0
2021-04-08 09:33:50,33272.5,0
2021-04-08 09:33:51,33273.85,0
2021-04-08 09:33:52,33275.65,0
2021-04-08 09:33:53,33273.45,0
2021-04-08 09:33:54,33271.1,0
2021-04-08 09:33:55,33274.5,0
2021-04-08 09:33:56,33275.4,0
2021-04-08 09:33:57,33275.75,0
2021-04-08 09:33:58,33274.15,0
2021-04-08 09:33:59,33276.8,0
2021-04-08 09:34:00,33277.5,0
2021-04-08 09:34:01,33277.25,0
2021-04-08 09:34:02,33277.25,0
2021-04-08 09:34:03,33274.8,0
2021-04-08 09:34:04,33274.5,0
2021-04-08 09:34:06,33274.95,0
2021-04-08 09:34:07,33275.85,0
2021-04-08 09:34:08,33275.05,0
2021-04-08 09:34:09,33274.65,0
2021-04-08 09:34:10,33277.15,0
2021-04-08 09:34:11,33272.35,0
2021-04-08 09:34:12,33276.25,0
2021-04-08 09:34:13,33275.65,0
2021-04-08 09:34:14,33277.75,0
2021-04-08 09:34:15,33275.65,0
2021-04-08 09:34:16,33275.35,0
2021-04-08 09:34:18,33267.7,0
2021-04-08 09:34:19,33268.2,0
2021-04-08 09:34:20,33268.4,0
2021-04-08 09:34:21,33267.1,0
2021-04-08 09:34:23,33266.6,0
2021-04-08 09:34:24,33261.6,0
2021-04-08 09:34:25,33257.75,0
2021-04-08 09:34:27,33263.8,0
2021-04-08 09:34:28,33271.0,0
2021-04-08 09:34:30,33265.55,0
2021-04-08 09:34:31,33267.2,0
2021-04-08 09:34:32,33269.0,0
2021-04-08 09:34:33,33270.45,0
2021-04-08 09:34:34,33267.2,0
2021-04-08 09:34:36,33269.7,0
2021-04-08 09:34:37,33268.3,0
2021-04-08 09:34:39,33266.8,0
2021-04-08 09:34:40,33268.9,0
2021-04-08 09:34:41,33264.35,0
2021-04-08 09:34:42,33263.7,0
2021-04-08 09:34:43,33263.6,0
2021-04-08 09:34:44,33263.95,0
2021-04-08 09:34:45,33265.6,0
2021-04-08 09:34:46,33256.7,0
2021-04-08 09:34:48,33259.4,0
2021-04-08 09:34:49,33260.15,0
2021-04-08 09:34:50,33259.15,0
2021-04-08 09:34:51,33258.4,0
2021-04-08 09:34:53,33260.15,0
2021-04-08 09:34:54,33261.1,0
2021-04-08 09:34:55,33257.15,0
2021-04-08 09:34:56,33254.85,0
2021-04-08 09:34:57,33259.8,0
2021-04-08 09:34:59,33257.5,0
2021-04-08 09:35:00,33260.65,0
2021-04-08 09:35:01,33266.35,0
2021-04-08 09:35:02,33266.7,0
2021-04-08 09:35:03,33263.35,0
2021-04-08 09:35:04,33267.75,0
2021-04-08 09:35:05,33265.75,0
2021-04-08 09:35:07,33268.5,0
2021-04-08 09:35:08,33267.9,0
2021-04-08 09:35:09,33266.15,0
2021-04-08 09:35:10,33268.9,0
2021-04-08 09:35:11,33268.0,0
2021-04-08 09:35:12,33267.55,0
2021-04-08 09:35:13,33264.95,0
2021-04-08 09:35:14,33264.8,0
2021-04-08 09:35:15,33265.15,0
2021-04-08 09:35:17,33253.5,0
2021-04-08 09:35:18,33256.4,0
2021-04-08 09:35:19,33252.75,0
2021-04-08 09:35:20,33254.05,0
2021-04-08 09:35:22,33254.5,0
2021-04-08 09:35:23,33258.75,0
2021-04-08 09:35:24,33257.65,0
2021-04-08 09:35:25,33258.65,0
2021-04-08 09:35:26,33257.15,0
2021-04-08 09:35:27,33253.35,0
2021-04-08 09:35:28,33255.6,0
2021-04-08 09:35:31,33252.75,0
2021-04-08 09:35:32,33251.95,0
2021-04-08 09:35:33,33254.4,0
2021-04-08 09:35:34,33250.55,0
2021-04-08 09:35:35,33251.55,0
2021-04-08 09:35:36,33254.55,0
2021-04-08 09:35:38,33253.05,0
2021-04-08 09:35:39,33249.05,0
2021-04-08 09:35:40,33251.65,0
2021-04-08 09:35:41,33243.8,0
2021-04-08 09:35:42,33240.95,0
2021-04-08 09:35:43,33239.85,0
2021-04-08 09:35:44,33242.95,0
2021-04-08 09:35:45,33244.3,0
2021-04-08 09:35:46,33251.7,0
2021-04-08 09:35:47,33252.15,0
2021-04-08 09:35:48,33253.55,0
2021-04-08 09:35:49,33254.25,0
2021-04-08 09:35:50,33252.65,0
2021-04-08 09:35:51,33252.85,0
2021-04-08 09:35:52,33250.05,0
2021-04-08 09:35:53,33250.35,0
2021-04-08 09:35:54,33250.5,0
2021-04-08 09:35:55,33253.15,0
2021-04-08 09:35:56,33255.1,0
2021-04-08 09:35:57,33254.35,0
2021-04-08 09:35:58,33258.25,0
2021-04-08 09:35:59,33259.45,0
2021-04-08 09:36:00,33258.55,0
2021-04-08 09:36:01,33255.95,0
2021-04-08 09:36:02,33266.3,0
2021-04-08 09:36:03,33264.15,0
2021-04-08 09:36:04,33263.9,0
2021-04-08 09:36:05,33261.7,0
2021-04-08 09:36:06,33261.6,0
2021-04-08 09:36:07,33263.05,0
2021-04-08 09:36:08,33261.9,0
2021-04-08 09:36:10,33269.05,0
2021-04-08 09:36:11,33275.2,0
2021-04-08 09:36:12,33276.65,0
2021-04-08 09:36:13,33278.3,0
2021-04-08 09:36:14,33283.85,0
2021-04-08 09:36:15,33282.85,0
2021-04-08 09:36:16,33283.75,0
2021-04-08 09:36:18,33280.45,0
2021-04-08 09:36:19,33280.25,0
2021-04-08 09:36:20,33281.2,0
2021-04-08 09:36:21,33285.85,0
2021-04-08 09:36:22,33286.7,0
2021-04-08 09:36:23,33284.1,0
2021-04-08 09:36:24,33290.35,0
2021-04-08 09:36:25,33290.6,0
2021-04-08 09:36:26,33290.75,0
2021-04-08 09:36:27,33289.95,0
2021-04-08 09:36:28,33288.0,0
2021-04-08 09:36:29,33290.0,0
2021-04-08 09:36:30,33286.6,0
2021-04-08 09:36:31,33283.15,0
2021-04-08 09:36:32,33287.8,0
2021-04-08 09:36:33,33289.65,0
2021-04-08 09:36:34,33292.25,0
2021-04-08 09:36:35,33293.15,0
2021-04-08 09:36:36,33291.7,0
2021-04-08 09:36:37,33289.45,0
2021-04-08 09:36:38,33289.65,0
2021-04-08 09:36:39,33290.1,0
2021-04-08 09:36:40,33292.6,0
2021-04-08 09:36:41,33292.9,0
2021-04-08 09:36:42,33293.2,0
2021-04-08 09:36:43,33295.6,0
2021-04-08 09:36:44,33296.0,0
2021-04-08 09:36:45,33297.15,0
2021-04-08 09:36:46,33296.35,0
2021-04-08 09:36:47,33298.0,0
2021-04-08 09:36:48,33294.85,0
2021-04-08 09:36:49,33297.45,0
2021-04-08 09:36:50,33301.75,0
2021-04-08 09:36:51,33299.95,0
2021-04-08 09:36:52,33301.35,0
2021-04-08 09:36:53,33299.7,0
2021-04-08 09:36:55,33299.45,0
2021-04-08 09:36:56,33300.5,0
2021-04-08 09:36:57,33303.8,0
2021-04-08 09:36:58,33303.7,0
2021-04-08 09:36:59,33298.25,0
2021-04-08 09:37:00,33297.8,0
2021-04-08 09:37:02,33296.0,0
2021-04-08 09:37:03,33297.0,0
2021-04-08 09:37:04,33296.95,0
2021-04-08 09:37:05,33298.55,0
2021-04-08 09:37:06,33296.6,0
2021-04-08 09:37:07,33297.1,0
2021-04-08 09:37:08,33297.6,0
2021-04-08 09:37:09,33296.7,0
2021-04-08 09:37:10,33293.55,0
2021-04-08 09:37:11,33297.1,0
2021-04-08 09:37:12,33296.5,0
2021-04-08 09:37:13,33292.65,0
2021-04-08 09:37:15,33292.85,0
2021-04-08 09:37:16,33294.95,0
2021-04-08 09:37:17,33290.65,0
2021-04-08 09:37:18,33294.55,0
2021-04-08 09:37:19,33294.35,0
2021-04-08 09:37:20,33290.95,0
2021-04-08 09:37:21,33290.95,0
2021-04-08 09:37:23,33292.25,0
2021-04-08 09:37:24,33291.55,0
2021-04-08 09:37:25,33292.15,0
2021-04-08 09:37:26,33284.4,0
2021-04-08 09:37:27,33288.35,0
2021-04-08 09:37:28,33289.1,0
2021-04-08 09:37:30,33286.1,0
2021-04-08 09:37:31,33288.85,0
2021-04-08 09:37:32,33283.4,0
2021-04-08 09:37:33,33286.6,0
2021-04-08 09:37:34,33290.6,0
2021-04-08 09:37:35,33284.55,0
2021-04-08 09:37:36,33285.45,0
2021-04-08 09:37:37,33282.55,0
2021-04-08 09:37:38,33280.65,0
2021-04-08 09:37:39,33277.15,0
2021-04-08 09:37:40,33280.25,0
2021-04-08 09:37:41,33280.3,0
2021-04-08 09:37:42,33280.8,0
2021-04-08 09:37:43,33279.1,0
2021-04-08 09:37:45,33277.45,0
2021-04-08 09:37:46,33277.6,0
2021-04-08 09:37:47,33276.1,0
2021-04-08 09:37:48,33275.85,0
2021-04-08 09:37:49,33277.8,0
2021-04-08 09:37:50,33275.1,0
2021-04-08 09:37:51,33272.35,0
2021-04-08 09:37:52,33273.4,0
2021-04-08 09:37:53,33274.45,0
2021-04-08 09:37:54,33274.7,0
2021-04-08 09:37:55,33276.8,0
2021-04-08 09:37:56,33276.6,0
2021-04-08 09:37:57,33276.6,0
2021-04-08 09:37:58,33277.5,0
2021-04-08 09:38:00,33275.95,0
2021-04-08 09:38:01,33276.6,0
2021-04-08 09:38:02,33277.05,0
2021-04-08 09:38:03,33276.9,0
2021-04-08 09:38:04,33283.55,0
2021-04-08 09:38:05,33285.05,0
2021-04-08 09:38:06,33282.55,0
2021-04-08 09:38:07,33283.25,0
2021-04-08 09:38:08,33282.15,0
2021-04-08 09:38:10,33282.05,0
2021-04-08 09:38:11,33282.55,0
2021-04-08 09:38:12,33283.4,0
2021-04-08 09:38:13,33282.75,0
2021-04-08 09:38:14,33280.65,0
2021-04-08 09:38:15,33282.3,0
2021-04-08 09:38:16,33279.95,0
2021-04-08 09:38:17,33279.6,0
2021-04-08 09:38:18,33284.7,0
2021-04-08 09:38:19,33279.85,0
2021-04-08 09:38:20,33283.05,0
2021-04-08 09:38:22,33278.55,0
2021-04-08 09:38:23,33279.65,0
2021-04-08 09:38:25,33277.7,0
2021-04-08 09:38:26,33279.25,0
2021-04-08 09:38:27,33278.9,0
2021-04-08 09:38:28,33275.25,0
2021-04-08 09:38:29,33276.8,0
2021-04-08 09:38:30,33278.15,0
2021-04-08 09:38:32,33273.65,0
2021-04-08 09:38:33,33275.9,0
2021-04-08 09:38:34,33278.85,0
2021-04-08 09:38:35,33278.0,0
2021-04-08 09:38:36,33276.85,0
2021-04-08 09:38:37,33275.3,0
2021-04-08 09:38:38,33277.75,0
2021-04-08 09:38:39,33276.25,0
2021-04-08 09:38:40,33276.6,0
2021-04-08 09:38:41,33276.4,0
2021-04-08 09:38:42,33271.5,0
2021-04-08 09:38:43,33275.5,0
2021-04-08 09:38:45,33271.3,0
2021-04-08 09:38:46,33268.05,0
2021-04-08 09:38:47,33272.95,0
2021-04-08 09:38:50,33272.7,0
2021-04-08 09:38:51,33267.4,0
2021-04-08 09:38:52,33270.1,0
2021-04-08 09:38:53,33269.95,0
2021-04-08 09:38:54,33267.5,0
2021-04-08 09:38:55,33269.15,0
2021-04-08 09:38:56,33265.7,0
2021-04-08 09:38:57,33266.15,0
2021-04-08 09:38:58,33265.5,0
2021-04-08 09:38:59,33267.45,0
2021-04-08 09:39:00,33263.3,0
2021-04-08 09:39:01,33266.2,0
2021-04-08 09:39:02,33266.0,0
2021-04-08 09:39:03,33261.95,0
2021-04-08 09:39:04,33255.05,0
2021-04-08 09:39:05,33256.35,0
2021-04-08 09:39:06,33256.55,0
2021-04-08 09:39:07,33263.9,0
2021-04-08 09:39:08,33263.7,0
2021-04-08 09:39:09,33260.1,0
2021-04-08 09:39:11,33254.7,0
2021-04-08 09:39:12,33255.95,0
2021-04-08 09:39:13,33251.85,0
2021-04-08 09:39:15,33257.35,0
2021-04-08 09:39:16,33248.1,0
2021-04-08 09:39:17,33244.1,0
2021-04-08 09:39:18,33245.3,0
2021-04-08 09:39:19,33250.05,0
2021-04-08 09:39:20,33247.35,0
2021-04-08 09:39:21,33249.85,0
2021-04-08 09:39:22,33250.95,0
2021-04-08 09:39:23,33257.0,0
2021-04-08 09:39:24,33258.35,0
2021-04-08 09:39:25,33258.5,0
2021-04-08 09:39:26,33259.4,0
2021-04-08 09:39:27,33262.9,0
2021-04-08 09:39:28,33256.8,0
2021-04-08 09:39:29,33263.3,0
2021-04-08 09:39:30,33259.45,0
2021-04-08 09:39:32,33260.0,0
2021-04-08 09:39:33,33258.0,0
2021-04-08 09:39:34,33255.55,0
2021-04-08 09:39:35,33257.15,0
2021-04-08 09:39:36,33254.95,0
2021-04-08 09:39:37,33254.75,0
2021-04-08 09:39:38,33253.9,0
2021-04-08 09:39:39,33253.25,0
2021-04-08 09:39:40,33253.75,0
2021-04-08 09:39:41,33254.95,0
2021-04-08 09:39:42,33253.5,0
2021-04-08 09:39:43,33251.1,0
2021-04-08 09:39:44,33252.8,0
2021-04-08 09:39:45,33251.0,0
2021-04-08 09:39:46,33249.55,0
2021-04-08 09:39:47,33250.15,0
2021-04-08 09:39:48,33251.15,0
2021-04-08 09:39:49,33249.3,0
2021-04-08 09:39:50,33249.4,0
2021-04-08 09:39:51,33245.35,0
2021-04-08 09:39:52,33246.35,0
2021-04-08 09:39:53,33242.55,0
2021-04-08 09:39:54,33243.6,0
2021-04-08 09:39:55,33244.75,0
2021-04-08 09:39:57,33243.55,0
2021-04-08 09:39:58,33241.55,0
2021-04-08 09:40:00,33240.45,0
2021-04-08 09:40:01,33236.4,0
2021-04-08 09:40:02,33236.85,0
2021-04-08 09:40:03,33234.65,0
2021-04-08 09:40:04,33236.3,0
2021-04-08 09:40:05,33233.9,0
2021-04-08 09:40:06,33239.6,0
2021-04-08 09:40:07,33238.45,0
2021-04-08 09:40:08,33240.7,0
2021-04-08 09:40:09,33241.4,0
2021-04-08 09:40:10,33240.35,0
2021-04-08 09:40:11,33241.0,0
2021-04-08 09:40:13,33237.8,0
2021-04-08 09:40:14,33239.2,0
2021-04-08 09:40:15,33239.9,0
2021-04-08 09:40:16,33241.0,0
2021-04-08 09:40:17,33239.35,0
2021-04-08 09:40:19,33245.3,0
2021-04-08 09:40:20,33244.55,0
2021-04-08 09:40:22,33246.1,0
2021-04-08 09:40:23,33247.85,0
2021-04-08 09:40:24,33247.0,0
2021-04-08 09:40:25,33250.35,0
2021-04-08 09:40:26,33247.15,0
2021-04-08 09:40:27,33248.85,0
2021-04-08 09:40:28,33243.25,0
2021-04-08 09:40:29,33241.2,0
2021-04-08 09:40:30,33240.85,0
2021-04-08 09:40:31,33235.9,0
2021-04-08 09:40:32,33231.85,0
2021-04-08 09:40:33,33232.7,0
2021-04-08 09:40:34,33232.7,0
2021-04-08 09:40:35,33232.7,0
2021-04-08 09:40:36,33232.45,0
2021-04-08 09:40:37,33229.6,0
2021-04-08 09:40:38,33232.9,0
2021-04-08 09:40:39,33229.85,0
2021-04-08 09:40:40,33233.2,0
2021-04-08 09:40:41,33231.3,0
2021-04-08 09:40:42,33232.35,0
2021-04-08 09:40:43,33229.3,0
2021-04-08 09:40:44,33226.0,0
2021-04-08 09:40:45,33224.5,0
2021-04-08 09:40:46,33216.45,0
2021-04-08 09:40:47,33220.35,0
2021-04-08 09:40:48,33217.95,0
2021-04-08 09:40:49,33219.55,0
2021-04-08 09:40:50,33222.15,0
2021-04-08 09:40:51,33220.7,0
2021-04-08 09:40:52,33232.55,0
2021-04-08 09:40:53,33235.35,0
2021-04-08 09:40:54,33235.5,0
2021-04-08 09:40:55,33233.5,0
2021-04-08 09:40:56,33233.8,0
2021-04-08 09:40:57,33225.45,0
2021-04-08 09:40:58,33232.6,0
2021-04-08 09:40:59,33229.1,0
2021-04-08 09:41:00,33229.55,0
2021-04-08 09:41:01,33228.25,0
2021-04-08 09:41:02,33232.2,0
2021-04-08 09:41:03,33234.1,0
2021-04-08 09:41:04,33233.95,0
2021-04-08 09:41:05,33231.3,0
2021-04-08 09:41:06,33229.7,0
2021-04-08 09:41:07,33229.3,0
2021-04-08 09:41:08,33231.4,0
2021-04-08 09:41:09,33228.25,0
2021-04-08 09:41:10,33230.0,0
2021-04-08 09:41:11,33230.55,0
2021-04-08 09:41:12,33234.0,0
2021-04-08 09:41:13,33232.7,0
2021-04-08 09:41:15,33232.3,0
2021-04-08 09:41:17,33232.85,0
2021-04-08 09:41:18,33229.5,0
2021-04-08 09:41:19,33228.55,0
2021-04-08 09:41:20,33231.95,0
2021-04-08 09:41:22,33233.25,0
2021-04-08 09:41:23,33234.0,0
2021-04-08 09:41:24,33234.1,0
2021-04-08 09:41:26,33234.1,0
2021-04-08 09:41:27,33234.5,0
2021-04-08 09:41:28,33230.5,0
2021-04-08 09:41:30,33230.75,0
2021-04-08 09:41:32,33230.35,0
2021-04-08 09:41:33,33231.75,0
2021-04-08 09:41:35,33229.5,0
2021-04-08 09:41:36,33234.05,0
2021-04-08 09:41:37,33237.1,0
2021-04-08 09:41:38,33239.05,0
2021-04-08 09:41:39,33237.55,0
2021-04-08 09:41:40,33238.6,0
2021-04-08 09:41:41,33238.55,0
2021-04-08 09:41:42,33240.95,0
2021-04-08 09:41:43,33244.35,0
2021-04-08 09:41:44,33239.35,0
2021-04-08 09:41:45,33246.7,0
2021-04-08 09:41:46,33245.45,0
2021-04-08 09:41:48,33244.5,0
2021-04-08 09:41:49,33246.25,0
2021-04-08 09:41:50,33246.65,0
2021-04-08 09:41:51,33249.4,0
2021-04-08 09:41:52,33247.55,0
2021-04-08 09:41:55,33250.35,0
2021-04-08 09:41:56,33252.65,0
2021-04-08 09:41:57,33252.4,0
2021-04-08 09:41:58,33253.5,0
2021-04-08 09:41:59,33255.8,0
2021-04-08 09:42:01,33251.75,0
2021-04-08 09:42:02,33254.45,0
2021-04-08 09:42:03,33253.7,0
2021-04-08 09:42:04,33256.0,0
2021-04-08 09:42:05,33254.55,0
2021-04-08 09:42:06,33253.3,0
2021-04-08 09:42:07,33254.25,0
2021-04-08 09:42:08,33255.25,0
2021-04-08 09:42:09,33252.3,0
2021-04-08 09:42:10,33253.85,0
2021-04-08 09:42:11,33253.6,0
2021-04-08 09:42:12,33251.7,0
2021-04-08 09:42:14,33249.8,0
2021-04-08 09:42:15,33251.25,0
2021-04-08 09:42:16,33252.25,0
2021-04-08 09:42:17,33249.3,0
2021-04-08 09:42:18,33249.05,0
2021-04-08 09:42:19,33244.9,0
2021-04-08 09:42:21,33236.55,0
2021-04-08 09:42:22,33236.75,0
2021-04-08 09:42:23,33235.5,0
2021-04-08 09:42:24,33235.75,0
2021-04-08 09:42:25,33234.1,0
2021-04-08 09:42:26,33237.55,0
2021-04-08 09:42:27,33237.2,0
2021-04-08 09:42:28,33236.7,0
2021-04-08 09:42:29,33232.75,0
2021-04-08 09:42:30,33236.85,0
2021-04-08 09:42:31,33236.65,0
2021-04-08 09:42:32,33236.15,0
2021-04-08 09:42:33,33230.25,0
2021-04-08 09:42:34,33230.9,0
2021-04-08 09:42:36,33231.35,0
2021-04-08 09:42:37,33231.65,0
2021-04-08 09:42:38,33229.1,0
2021-04-08 09:42:39,33229.2,0
2021-04-08 09:42:41,33226.45,0
2021-04-08 09:42:42,33226.85,0
2021-04-08 09:42:43,33227.3,0
2021-04-08 09:42:44,33228.4,0
2021-04-08 09:42:45,33228.3,0
2021-04-08 09:42:46,33230.0,0
2021-04-08 09:42:47,33225.8,0
2021-04-08 09:42:48,33228.8,0
2021-04-08 09:42:49,33229.9,0
2021-04-08 09:42:50,33226.75,0
2021-04-08 09:42:51,33225.9,0
2021-04-08 09:42:52,33227.65,0
2021-04-08 09:42:53,33227.0,0
2021-04-08 09:42:55,33231.1,0
2021-04-08 09:42:56,33233.85,0
2021-04-08 09:42:57,33232.15,0
2021-04-08 09:42:58,33231.8,0
2021-04-08 09:42:59,33232.05,0
2021-04-08 09:43:00,33231.65,0
2021-04-08 09:43:01,33230.15,0
2021-04-08 09:43:02,33232.85,0
2021-04-08 09:43:03,33226.8,0
2021-04-08 09:43:04,33227.15,0
2021-04-08 09:43:05,33223.5,0
2021-04-08 09:43:07,33225.1,0
2021-04-08 09:43:08,33221.7,0
2021-04-08 09:43:09,33221.8,0
2021-04-08 09:43:10,33218.1,0
2021-04-08 09:43:11,33226.95,0
2021-04-08 09:43:12,33231.25,0
2021-04-08 09:43:13,33227.25,0
2021-04-08 09:43:14,33230.5,0
2021-04-08 09:43:15,33228.7,0
2021-04-08 09:43:16,33229.75,0
2021-04-08 09:43:17,33229.4,0
2021-04-08 09:43:18,33229.15,0
2021-04-08 09:43:19,33227.7,0
2021-04-08 09:43:20,33232.95,0
2021-04-08 09:43:21,33230.5,0
2021-04-08 09:43:22,33233.1,0
2021-04-08 09:43:23,33237.7,0
2021-04-08 09:43:24,33236.9,0
2021-04-08 09:43:25,33239.35,0
2021-04-08 09:43:26,33244.3,0
2021-04-08 09:43:27,33242.5,0
2021-04-08 09:43:28,33242.1,0
2021-04-08 09:43:31,33243.15,0
2021-04-08 09:43:32,33245.75,0
2021-04-08 09:43:34,33245.6,0
2021-04-08 09:43:35,33245.9,0
2021-04-08 09:43:36,33246.15,0
2021-04-08 09:43:37,33249.4,0
2021-04-08 09:43:38,33248.1,0
2021-04-08 09:43:39,33247.05,0
2021-04-08 09:43:40,33249.2,0
2021-04-08 09:43:41,33249.3,0
2021-04-08 09:43:42,33247.35,0
2021-04-08 09:43:43,33252.65,0
2021-04-08 09:43:44,33248.15,0
2021-04-08 09:43:45,33249.75,0
2021-04-08 09:43:46,33249.4,0
2021-04-08 09:43:48,33246.7,0
2021-04-08 09:43:49,33242.0,0
2021-04-08 09:43:51,33237.6,0
2021-04-08 09:43:52,33232.9,0
2021-04-08 09:43:53,33234.95,0
2021-04-08 09:43:54,33231.6,0
2021-04-08 09:43:55,33232.15,0
2021-04-08 09:43:56,33231.6,0
2021-04-08 09:43:57,33229.9,0
2021-04-08 09:43:58,33229.65,0
2021-04-08 09:43:59,33228.3,0
2021-04-08 09:44:00,33230.2,0
2021-04-08 09:44:01,33225.55,0
2021-04-08 09:44:02,33228.4,0
2021-04-08 09:44:03,33230.45,0
2021-04-08 09:44:04,33226.35,0
2021-04-08 09:44:06,33226.45,0
2021-04-08 09:44:07,33228.2,0
2021-04-08 09:44:08,33228.8,0
2021-04-08 09:44:09,33227.95,0
2021-04-08 09:44:10,33229.2,0
2021-04-08 09:44:11,33225.4,0
2021-04-08 09:44:12,33225.45,0
2021-04-08 09:44:13,33223.7,0
2021-04-08 09:44:14,33224.0,0
2021-04-08 09:44:15,33217.0,0
2021-04-08 09:44:16,33211.5,0
2021-04-08 09:44:17,33216.0,0
2021-04-08 09:44:18,33216.15,0
2021-04-08 09:44:20,33216.5,0
2021-04-08 09:44:21,33219.7,0
2021-04-08 09:44:22,33220.45,0
2021-04-08 09:44:23,33218.95,0
2021-04-08 09:44:24,33217.1,0
2021-04-08 09:44:25,33222.65,0
2021-04-08 09:44:26,33220.7,0
2021-04-08 09:44:27,33225.0,0
2021-04-08 09:44:28,33224.5,0
2021-04-08 09:44:29,33219.6,0
2021-04-08 09:44:30,33221.55,0
2021-04-08 09:44:31,33220.7,0
2021-04-08 09:44:32,33222.5,0
2021-04-08 09:44:33,33222.1,0
2021-04-08 09:44:34,33220.65,0
2021-04-08 09:44:35,33222.05,0
2021-04-08 09:44:36,33223.2,0
2021-04-08 09:44:37,33222.7,0
2021-04-08 09:44:38,33223.85,0
2021-04-08 09:44:39,33221.35,0
2021-04-08 09:44:40,33224.1,0
2021-04-08 09:44:41,33222.35,0
2021-04-08 09:44:42,33224.3,0
2021-04-08 09:44:43,33224.3,0
2021-04-08 09:44:44,33226.85,0
2021-04-08 09:44:45,33226.6,0
2021-04-08 09:44:46,33226.8,0
2021-04-08 09:44:47,33226.1,0
2021-04-08 09:44:48,33228.6,0
2021-04-08 09:44:49,33225.05,0
2021-04-08 09:44:50,33223.05,0
2021-04-08 09:44:51,33229.1,0
2021-04-08 09:44:52,33229.9,0
2021-04-08 09:44:53,33228.6,0
2021-04-08 09:44:54,33230.8,0
2021-04-08 09:44:55,33232.05,0
2021-04-08 09:44:56,33232.65,0
2021-04-08 09:44:57,33234.95,0
2021-04-08 09:44:58,33239.6,0
2021-04-08 09:44:59,33238.65,0
2021-04-08 09:45:00,33238.25,0
2021-04-08 09:45:01,33238.95,0
2021-04-08 09:45:02,33238.6,0
2021-04-08 09:45:03,33235.95,0
2021-04-08 09:45:04,33237.95,0
2021-04-08 09:45:05,33237.3,0
2021-04-08 09:45:06,33239.75,0
2021-04-08 09:45:07,33236.95,0
2021-04-08 09:45:08,33237.05,0
2021-04-08 09:45:09,33236.9,0
2021-04-08 09:45:10,33237.8,0
2021-04-08 09:45:12,33232.95,0
2021-04-08 09:45:13,33229.7,0
2021-04-08 09:45:14,33230.55,0
2021-04-08 09:45:15,33226.4,0
2021-04-08 09:45:16,33226.55,0
2021-04-08 09:45:17,33214.15,0
2021-04-08 09:45:18,33215.2,0
2021-04-08 09:45:19,33217.7,0
2021-04-08 09:45:20,33209.1,0
2021-04-08 09:45:21,33209.9,0
2021-04-08 09:45:22,33207.4,0
2021-04-08 09:45:23,33206.45,0
2021-04-08 09:45:24,33174.7,0
2021-04-08 09:45:25,33165.6,0
2021-04-08 09:45:26,33170.2,0
2021-04-08 09:45:27,33148.9,0
2021-04-08 09:45:28,33162.6,0
2021-04-08 09:45:29,33158.0,0
2021-04-08 09:45:30,33159.5,0
2021-04-08 09:45:31,33160.55,0
2021-04-08 09:45:32,33162.3,0
2021-04-08 09:45:33,33161.05,0
2021-04-08 09:45:34,33163.05,0
2021-04-08 09:45:35,33165.25,0
2021-04-08 09:45:36,33165.3,0
2021-04-08 09:45:37,33174.25,0
2021-04-08 09:45:39,33180.7,0
2021-04-08 09:45:40,33184.7,0
2021-04-08 09:45:41,33189.3,0
2021-04-08 09:45:42,33184.6,0
2021-04-08 09:45:43,33186.6,0
2021-04-08 09:45:44,33188.6,0
2021-04-08 09:45:45,33184.5,0
2021-04-08 09:45:46,33187.6,0
2021-04-08 09:45:47,33189.4,0
2021-04-08 09:45:48,33189.85,0
2021-04-08 09:45:50,33195.0,0
2021-04-08 09:45:51,33199.2,0
2021-04-08 09:45:52,33196.55,0
2021-04-08 09:45:53,33191.45,0
2021-04-08 09:45:54,33189.7,0
2021-04-08 09:45:55,33188.2,0
2021-04-08 09:45:56,33191.05,0
2021-04-08 09:45:57,33191.25,0
2021-04-08 09:45:58,33185.4,0
2021-04-08 09:46:00,33187.75,0
2021-04-08 09:46:02,33186.7,0
2021-04-08 09:46:03,33182.05,0
2021-04-08 09:46:04,33183.4,0
2021-04-08 09:46:05,33184.6,0
2021-04-08 09:46:06,33183.4,0
2021-04-08 09:46:07,33182.0,0
2021-04-08 09:46:08,33184.45,0
2021-04-08 09:46:09,33181.7,0
2021-04-08 09:46:10,33179.9,0
2021-04-08 09:46:11,33177.8,0
2021-04-08 09:46:13,33181.35,0
2021-04-08 09:46:14,33180.8,0
2021-04-08 09:46:15,33180.3,0
2021-04-08 09:46:16,33181.0,0
2021-04-08 09:46:18,33181.6,0
2021-04-08 09:46:19,33179.55,0
2021-04-08 09:46:20,33181.5,0
2021-04-08 09:46:21,33181.15,0
2021-04-08 09:46:22,33181.6,0
2021-04-08 09:46:23,33185.2,0
2021-04-08 09:46:24,33185.35,0
2021-04-08 09:46:26,33185.4,0
2021-04-08 09:46:27,33182.8,0
2021-04-08 09:46:28,33180.75,0
2021-04-08 09:46:29,33184.6,0
2021-04-08 09:46:30,33184.2,0
2021-04-08 09:46:31,33183.95,0
2021-04-08 09:46:32,33184.85,0
2021-04-08 09:46:33,33186.9,0
2021-04-08 09:46:34,33185.1,0
2021-04-08 09:46:35,33184.15,0
2021-04-08 09:46:36,33184.9,0
2021-04-08 09:46:37,33185.95,0
2021-04-08 09:46:38,33182.95,0
2021-04-08 09:46:39,33182.7,0
2021-04-08 09:46:40,33180.9,0
2021-04-08 09:46:41,33180.55,0
2021-04-08 09:46:42,33183.8,0
2021-04-08 09:46:43,33183.05,0
2021-04-08 09:46:45,33181.7,0
2021-04-08 09:46:46,33184.55,0
2021-04-08 09:46:47,33182.9,0
2021-04-08 09:46:48,33185.7,0
2021-04-08 09:46:49,33185.0,0
2021-04-08 09:46:50,33187.3,0
2021-04-08 09:46:51,33187.15,0
2021-04-08 09:46:52,33184.15,0
2021-04-08 09:46:53,33184.15,0
2021-04-08 09:46:54,33185.4,0
2021-04-08 09:46:55,33182.95,0
2021-04-08 09:46:56,33185.35,0
2021-04-08 09:46:57,33187.65,0
2021-04-08 09:46:59,33183.05,0
2021-04-08 09:47:00,33184.95,0
2021-04-08 09:47:01,33182.55,0
2021-04-08 09:47:02,33183.0,0
2021-04-08 09:47:04,33183.6,0
2021-04-08 09:47:05,33182.35,0
2021-04-08 09:47:06,33187.35,0
2021-04-08 09:47:07,33186.75,0
2021-04-08 09:47:08,33186.75,0
2021-04-08 09:47:09,33186.25,0
2021-04-08 09:47:11,33183.95,0
2021-04-08 09:47:12,33184.15,0
2021-04-08 09:47:13,33184.0,0
2021-04-08 09:47:14,33182.45,0
2021-04-08 09:47:15,33184.3,0
2021-04-08 09:47:16,33184.4,0
2021-04-08 09:47:17,33183.6,0
2021-04-08 09:47:18,33181.9,0
2021-04-08 09:47:19,33182.05,0
2021-04-08 09:47:20,33181.8,0
2021-04-08 09:47:21,33180.85,0
2021-04-08 09:47:22,33182.3,0
2021-04-08 09:47:23,33181.3,0
2021-04-08 09:47:24,33178.65,0
2021-04-08 09:47:25,33179.7,0
2021-04-08 09:47:26,33178.55,0
2021-04-08 09:47:27,33181.25,0
2021-04-08 09:47:28,33181.8,0
2021-04-08 09:47:29,33179.55,0
2021-04-08 09:47:30,33176.7,0
2021-04-08 09:47:31,33175.5,0
2021-04-08 09:47:32,33175.65,0
2021-04-08 09:47:34,33174.45,0
2021-04-08 09:47:35,33166.9,0
2021-04-08 09:47:36,33165.3,0
2021-04-08 09:47:37,33165.9,0
2021-04-08 09:47:38,33166.65,0
2021-04-08 09:47:39,33165.7,0
2021-04-08 09:47:40,33167.35,0
2021-04-08 09:47:41,33165.2,0
2021-04-08 09:47:42,33166.25,0
2021-04-08 09:47:43,33170.9,0
2021-04-08 09:47:44,33166.65,0
2021-04-08 09:47:45,33169.35,0
2021-04-08 09:47:46,33170.55,0
2021-04-08 09:47:47,33171.35,0
2021-04-08 09:47:48,33171.25,0
2021-04-08 09:47:49,33172.2,0
2021-04-08 09:47:50,33171.05,0
2021-04-08 09:47:51,33173.0,0
2021-04-08 09:47:52,33171.75,0
2021-04-08 09:47:53,33169.45,0
2021-04-08 09:47:54,33172.65,0
2021-04-08 09:47:55,33168.65,0
2021-04-08 09:47:56,33170.35,0
2021-04-08 09:47:57,33172.65,0
2021-04-08 09:47:58,33170.4,0
2021-04-08 09:47:59,33168.4,0
2021-04-08 09:48:00,33167.15,0
2021-04-08 09:48:01,33168.05,0
2021-04-08 09:48:02,33174.3,0
2021-04-08 09:48:04,33163.9,0
2021-04-08 09:48:05,33164.95,0
2021-04-08 09:48:06,33165.7,0
2021-04-08 09:48:07,33164.1,0
2021-04-08 09:48:08,33169.5,0
2021-04-08 09:48:09,33168.7,0
2021-04-08 09:48:10,33165.55,0
2021-04-08 09:48:11,33165.45,0
2021-04-08 09:48:12,33167.75,0
2021-04-08 09:48:13,33169.65,0
2021-04-08 09:48:14,33164.95,0
2021-04-08 09:48:15,33166.25,0
2021-04-08 09:48:16,33167.25,0
2021-04-08 09:48:19,33168.7,0
2021-04-08 09:48:20,33169.85,0
2021-04-08 09:48:21,33170.65,0
2021-04-08 09:48:22,33171.55,0
2021-04-08 09:48:24,33170.8,0
2021-04-08 09:48:25,33174.35,0
2021-04-08 09:48:26,33173.0,0
2021-04-08 09:48:27,33176.7,0
2021-04-08 09:48:28,33177.8,0
2021-04-08 09:48:29,33176.3,0
2021-04-08 09:48:30,33176.35,0
2021-04-08 09:48:32,33175.95,0
2021-04-08 09:48:33,33174.65,0
2021-04-08 09:48:34,33176.0,0
2021-04-08 09:48:35,33175.5,0
2021-04-08 09:48:36,33178.5,0
2021-04-08 09:48:37,33178.7,0
2021-04-08 09:48:38,33177.4,0
2021-04-08 09:48:39,33177.6,0
2021-04-08 09:48:40,33178.05,0
2021-04-08 09:48:43,33176.1,0
2021-04-08 09:48:44,33177.6,0
2021-04-08 09:48:45,33178.05,0
2021-04-08 09:48:46,33178.05,0
2021-04-08 09:48:47,33176.9,0
2021-04-08 09:48:48,33176.7,0
2021-04-08 09:48:49,33177.0,0
2021-04-08 09:48:50,33177.55,0
2021-04-08 09:48:51,33177.25,0
2021-04-08 09:48:52,33176.45,0
2021-04-08 09:48:53,33174.05,0
2021-04-08 09:48:54,33175.05,0
2021-04-08 09:48:56,33157.9,0
2021-04-08 09:48:57,33158.05,0
2021-04-08 09:48:58,33160.5,0
2021-04-08 09:48:59,33159.35,0
2021-04-08 09:49:00,33165.55,0
2021-04-08 09:49:01,33161.65,0
2021-04-08 09:49:02,33158.65,0
2021-04-08 09:49:03,33162.3,0
2021-04-08 09:49:04,33164.0,0
2021-04-08 09:49:05,33166.1,0
2021-04-08 09:49:06,33169.75,0
2021-04-08 09:49:08,33169.7,0
2021-04-08 09:49:09,33167.3,0
2021-04-08 09:49:10,33170.2,0
2021-04-08 09:49:11,33164.85,0
2021-04-08 09:49:12,33166.75,0
2021-04-08 09:49:13,33166.9,0
2021-04-08 09:49:14,33166.1,0
2021-04-08 09:49:15,33166.75,0
2021-04-08 09:49:16,33165.8,0
2021-04-08 09:49:17,33164.7,0
2021-04-08 09:49:18,33164.0,0
2021-04-08 09:49:20,33163.5,0
2021-04-08 09:49:21,33161.5,0
2021-04-08 09:49:22,33162.0,0
2021-04-08 09:49:23,33162.25,0
2021-04-08 09:49:24,33165.3,0
2021-04-08 09:49:25,33168.45,0
2021-04-08 09:49:26,33164.15,0
2021-04-08 09:49:27,33166.95,0
2021-04-08 09:49:28,33164.6,0
2021-04-08 09:49:30,33157.55,0
2021-04-08 09:49:31,33159.1,0
2021-04-08 09:49:32,33158.55,0
2021-04-08 09:49:33,33157.7,0
2021-04-08 09:49:34,33155.95,0
2021-04-08 09:49:35,33155.45,0
2021-04-08 09:49:36,33155.0,0
2021-04-08 09:49:37,33153.45,0
2021-04-08 09:49:38,33152.5,0
2021-04-08 09:49:39,33154.7,0
2021-04-08 09:49:40,33152.45,0
2021-04-08 09:49:41,33150.35,0
2021-04-08 09:49:42,33149.7,0
2021-04-08 09:49:43,33151.85,0
2021-04-08 09:49:44,33146.4,0
2021-04-08 09:49:45,33144.85,0
2021-04-08 09:49:46,33144.45,0
2021-04-08 09:49:48,33142.55,0
2021-04-08 09:49:49,33143.75,0
2021-04-08 09:49:50,33147.35,0
2021-04-08 09:49:51,33145.3,0
2021-04-08 09:49:52,33143.3,0
2021-04-08 09:49:53,33142.25,0
2021-04-08 09:49:54,33146.45,0
2021-04-08 09:49:55,33148.75,0
2021-04-08 09:49:56,33152.15,0
2021-04-08 09:49:57,33150.5,0
2021-04-08 09:49:58,33145.85,0
2021-04-08 09:49:59,33148.45,0
2021-04-08 09:50:00,33150.55,0
2021-04-08 09:50:01,33148.6,0
2021-04-08 09:50:02,33148.1,0
2021-04-08 09:50:03,33148.75,0
2021-04-08 09:50:04,33145.5,0
2021-04-08 09:50:05,33142.3,0
2021-04-08 09:50:06,33148.75,0
2021-04-08 09:50:07,33146.7,0
2021-04-08 09:50:08,33148.35,0
2021-04-08 09:50:09,33149.55,0
2021-04-08 09:50:10,33147.25,0
2021-04-08 09:50:11,33148.0,0
2021-04-08 09:50:12,33147.8,0
2021-04-08 09:50:13,33146.05,0
2021-04-08 09:50:14,33148.45,0
2021-04-08 09:50:15,33145.85,0
2021-04-08 09:50:17,33147.65,0
2021-04-08 09:50:18,33146.7,0
2021-04-08 09:50:19,33146.4,0
2021-04-08 09:50:21,33150.6,0
2021-04-08 09:50:22,33147.2,0
2021-04-08 09:50:23,33145.45,0
2021-04-08 09:50:24,33146.6,0
2021-04-08 09:50:27,33146.7,0
2021-04-08 09:50:28,33148.8,0
2021-04-08 09:50:29,33145.5,0
2021-04-08 09:50:30,33145.45,0
2021-04-08 09:50:32,33139.4,0
2021-04-08 09:50:33,33137.65,0
2021-04-08 09:50:34,33134.15,0
2021-04-08 09:50:35,33130.75,0
2021-04-08 09:50:37,33120.75,0
2021-04-08 09:50:38,33121.85,0
2021-04-08 09:50:39,33128.95,0
2021-04-08 09:50:40,33129.1,0
2021-04-08 09:50:42,33128.55,0
2021-04-08 09:50:43,33123.85,0
2021-04-08 09:50:44,33117.75,0
2021-04-08 09:50:45,33123.45,0
2021-04-08 09:50:46,33121.55,0
2021-04-08 09:50:47,33116.0,0
2021-04-08 09:50:48,33123.5,0
2021-04-08 09:50:50,33124.45,0
2021-04-08 09:50:51,33126.7,0
2021-04-08 09:50:52,33122.85,0
2021-04-08 09:50:53,33122.6,0
2021-04-08 09:50:54,33123.25,0
2021-04-08 09:50:55,33122.85,0
2021-04-08 09:50:56,33121.7,0
2021-04-08 09:50:57,33121.6,0
2021-04-08 09:50:58,33121.35,0
2021-04-08 09:50:59,33119.85,0
2021-04-08 09:51:00,33121.9,0
2021-04-08 09:51:01,33121.7,0
2021-04-08 09:51:02,33123.2,0
2021-04-08 09:51:03,33124.55,0
2021-04-08 09:51:04,33121.15,0
2021-04-08 09:51:05,33121.9,0
2021-04-08 09:51:07,33121.9,0
2021-04-08 09:51:08,33124.55,0
2021-04-08 09:51:09,33119.95,0
2021-04-08 09:51:10,33120.5,0
2021-04-08 09:51:11,33105.2,0
2021-04-08 09:51:12,33108.35,0
2021-04-08 09:51:13,33093.5,0
2021-04-08 09:51:14,33089.65,0
2021-04-08 09:51:15,33092.55,0
2021-04-08 09:51:16,33093.5,0
2021-04-08 09:51:17,33096.8,0
2021-04-08 09:51:18,33114.15,0
2021-04-08 09:51:19,33107.45,0
2021-04-08 09:51:20,33098.3,0
2021-04-08 09:51:21,33087.7,0
2021-04-08 09:51:22,33071.75,0
2021-04-08 09:51:23,33064.65,0
2021-04-08 09:51:24,33068.3,0
2021-04-08 09:51:25,33069.3,0
2021-04-08 09:51:26,33081.35,0
2021-04-08 09:51:28,33077.9,0
2021-04-08 09:51:29,33074.85,0
2021-04-08 09:51:30,33074.6,0
2021-04-08 09:51:32,33081.6,0
2021-04-08 09:51:33,33077.85,0
2021-04-08 09:51:34,33076.8,0
2021-04-08 09:51:35,33077.85,0
2021-04-08 09:51:36,33080.9,0
2021-04-08 09:51:37,33079.05,0
2021-04-08 09:51:38,33079.4,0
2021-04-08 09:51:39,33079.1,0
2021-04-08 09:51:40,33077.45,0
2021-04-08 09:51:41,33083.65,0
2021-04-08 09:51:43,33085.45,0
2021-04-08 09:51:44,33086.5,0
2021-04-08 09:51:45,33088.25,0
2021-04-08 09:51:46,33084.8,0
2021-04-08 09:51:48,33086.7,0
2021-04-08 09:51:49,33087.45,0
2021-04-08 09:51:50,33096.05,0
2021-04-08 09:51:51,33092.4,0
2021-04-08 09:51:52,33094.85,0
2021-04-08 09:51:53,33090.3,0
2021-04-08 09:51:54,33095.95,0
2021-04-08 09:51:55,33093.05,0
2021-04-08 09:51:56,33094.65,0
2021-04-08 09:51:57,33090.95,0
2021-04-08 09:51:58,33095.5,0
2021-04-08 09:51:59,33096.4,0
2021-04-08 09:52:00,33093.05,0
2021-04-08 09:52:01,33095.95,0
2021-04-08 09:52:02,33094.25,0
2021-04-08 09:52:03,33097.15,0
2021-04-08 09:52:04,33100.45,0
2021-04-08 09:52:05,33095.45,0
2021-04-08 09:52:06,33100.4,0
2021-04-08 09:52:08,33106.45,0
2021-04-08 09:52:09,33109.9,0
2021-04-08 09:52:10,33115.15,0
2021-04-08 09:52:12,33115.85,0
2021-04-08 09:52:13,33116.35,0
2021-04-08 09:52:14,33118.1,0
2021-04-08 09:52:15,33120.2,0
2021-04-08 09:52:16,33121.3,0
2021-04-08 09:52:17,33123.95,0
2021-04-08 09:52:18,33121.9,0
2021-04-08 09:52:19,33120.45,0
2021-04-08 09:52:20,33122.85,0
2021-04-08 09:52:21,33125.35,0
2021-04-08 09:52:22,33125.45,0
2021-04-08 09:52:23,33121.15,0
2021-04-08 09:52:24,33119.15,0
2021-04-08 09:52:25,33117.8,0
2021-04-08 09:52:26,33116.6,0
2021-04-08 09:52:27,33117.05,0
2021-04-08 09:52:28,33117.4,0
2021-04-08 09:52:29,33116.85,0
2021-04-08 09:52:30,33114.35,0
2021-04-08 09:52:31,33118.7,0
2021-04-08 09:52:32,33118.8,0
2021-04-08 09:52:33,33119.85,0
2021-04-08 09:52:34,33111.25,0
2021-04-08 09:52:36,33119.6,0
2021-04-08 09:52:37,33119.9,0
2021-04-08 09:52:38,33120.0,0
2021-04-08 09:52:39,33124.35,0
2021-04-08 09:52:40,33124.75,0
2021-04-08 09:52:41,33122.55,0
2021-04-08 09:52:42,33124.45,0
2021-04-08 09:52:43,33124.4,0
2021-04-08 09:52:44,33123.95,0
2021-04-08 09:52:45,33123.65,0
2021-04-08 09:52:46,33124.45,0
2021-04-08 09:52:47,33125.05,0
2021-04-08 09:52:48,33123.45,0
2021-04-08 09:52:49,33122.4,0
2021-04-08 09:52:50,33125.25,0
2021-04-08 09:52:51,33123.35,0
2021-04-08 09:52:52,33123.1,0
2021-04-08 09:52:53,33120.0,0
2021-04-08 09:52:54,33118.85,0
2021-04-08 09:52:55,33116.7,0
2021-04-08 09:52:56,33116.6,0
2021-04-08 09:52:57,33113.45,0
2021-04-08 09:52:58,33115.05,0
2021-04-08 09:52:59,33115.25,0
2021-04-08 09:53:00,33115.8,0
2021-04-08 09:53:01,33109.4,0
2021-04-08 09:53:02,33109.1,0
2021-04-08 09:53:03,33109.75,0
2021-04-08 09:53:04,33108.2,0
2021-04-08 09:53:05,33109.05,0
2021-04-08 09:53:06,33107.9,0
2021-04-08 09:53:07,33109.8,0
2021-04-08 09:53:08,33110.1,0
2021-04-08 09:53:09,33107.7,0
2021-04-08 09:53:10,33102.65,0
2021-04-08 09:53:11,33100.9,0
2021-04-08 09:53:12,33098.25,0
2021-04-08 09:53:13,33101.55,0
2021-04-08 09:53:14,33099.45,0
2021-04-08 09:53:15,33100.05,0
2021-04-08 09:53:16,33100.55,0
2021-04-08 09:53:17,33100.75,0
2021-04-08 09:53:18,33101.2,0
2021-04-08 09:53:19,33101.9,0
2021-04-08 09:53:21,33102.1,0
2021-04-08 09:53:22,33103.0,0
2021-04-08 09:53:23,33103.95,0
2021-04-08 09:53:24,33102.65,0
2021-04-08 09:53:25,33103.3,0
2021-04-08 09:53:26,33104.9,0
2021-04-08 09:53:27,33104.55,0
2021-04-08 09:53:28,33106.25,0
2021-04-08 09:53:29,33110.4,0
2021-04-08 09:53:30,33107.25,0
2021-04-08 09:53:31,33108.7,0
2021-04-08 09:53:32,33106.95,0
2021-04-08 09:53:33,33107.0,0
2021-04-08 09:53:34,33107.95,0
2021-04-08 09:53:35,33111.7,0
2021-04-08 09:53:36,33111.35,0
2021-04-08 09:53:37,33112.5,0
2021-04-08 09:53:38,33110.1,0
2021-04-08 09:53:39,33115.45,0
2021-04-08 09:53:40,33113.95,0
2021-04-08 09:53:41,33118.55,0
2021-04-08 09:53:42,33118.05,0
2021-04-08 09:53:43,33115.75,0
2021-04-08 09:53:44,33115.15,0
2021-04-08 09:53:45,33113.2,0
2021-04-08 09:53:46,33117.4,0
2021-04-08 09:53:47,33113.3,0
2021-04-08 09:53:48,33114.15,0
2021-04-08 09:53:49,33117.95,0
2021-04-08 09:53:50,33118.65,0
2021-04-08 09:53:51,33118.65,0
2021-04-08 09:53:52,33119.05,0
2021-04-08 09:53:53,33118.4,0
2021-04-08 09:53:54,33118.35,0
2021-04-08 09:53:55,33119.15,0
2021-04-08 09:53:57,33121.75,0
2021-04-08 09:53:58,33121.55,0
2021-04-08 09:53:59,33121.8,0
2021-04-08 09:54:00,33121.3,0
2021-04-08 09:54:01,33123.25,0
2021-04-08 09:54:02,33123.85,0
2021-04-08 09:54:03,33122.6,0
2021-04-08 09:54:04,33120.95,0
2021-04-08 09:54:05,33121.6,0
2021-04-08 09:54:06,33120.7,0
2021-04-08 09:54:07,33120.1,0
2021-04-08 09:54:08,33121.85,0
2021-04-08 09:54:09,33122.8,0
2021-04-08 09:54:11,33121.8,0
2021-04-08 09:54:12,33123.6,0
2021-04-08 09:54:13,33118.35,0
2021-04-08 09:54:14,33123.2,0
2021-04-08 09:54:15,33122.0,0
2021-04-08 09:54:16,33118.8,0
2021-04-08 09:54:17,33119.0,0
2021-04-08 09:54:18,33117.85,0
2021-04-08 09:54:19,33119.75,0
2021-04-08 09:54:20,33118.9,0
2021-04-08 09:54:21,33120.3,0
2021-04-08 09:54:22,33118.55,0
2021-04-08 09:54:23,33117.0,0
2021-04-08 09:54:24,33115.5,0
2021-04-08 09:54:25,33120.5,0
2021-04-08 09:54:26,33121.95,0
2021-04-08 09:54:27,33122.15,0
2021-04-08 09:54:28,33122.05,0
2021-04-08 09:54:29,33121.0,0
2021-04-08 09:54:30,33121.7,0
2021-04-08 09:54:31,33121.6,0
2021-04-08 09:54:32,33124.05,0
2021-04-08 09:54:33,33120.35,0
2021-04-08 09:54:34,33122.6,0
2021-04-08 09:54:35,33124.95,0
2021-04-08 09:54:36,33128.55,0
2021-04-08 09:54:37,33125.6,0
2021-04-08 09:54:39,33122.15,0
2021-04-08 09:54:40,33123.3,0
2021-04-08 09:54:41,33125.1,0
2021-04-08 09:54:42,33125.75,0
2021-04-08 09:54:43,33131.3,0
2021-04-08 09:54:44,33130.3,0
2021-04-08 09:54:45,33129.15,0
2021-04-08 09:54:46,33133.6,0
2021-04-08 09:54:47,33134.65,0
2021-04-08 09:54:48,33133.6,0
2021-04-08 09:54:49,33134.6,0
2021-04-08 09:54:50,33135.15,0
2021-04-08 09:54:51,33136.25,0
2021-04-08 09:54:52,33136.65,0
2021-04-08 09:54:53,33135.65,0
2021-04-08 09:54:54,33135.15,0
2021-04-08 09:54:55,33135.05,0
2021-04-08 09:54:56,33137.85,0
2021-04-08 09:54:57,33136.25,0
2021-04-08 09:54:59,33138.9,0
2021-04-08 09:55:00,33139.5,0
2021-04-08 09:55:01,33136.55,0
2021-04-08 09:55:02,33138.45,0
2021-04-08 09:55:03,33138.75,0
2021-04-08 09:55:04,33140.4,0
2021-04-08 09:55:05,33141.25,0
2021-04-08 09:55:06,33138.7,0
2021-04-08 09:55:07,33139.1,0
2021-04-08 09:55:08,33142.65,0
2021-04-08 09:55:10,33143.6,0
2021-04-08 09:55:13,33145.4,0
2021-04-08 09:55:14,33143.85,0
2021-04-08 09:55:15,33146.65,0
2021-04-08 09:55:16,33147.6,0
2021-04-08 09:55:19,33148.15,0
2021-04-08 09:55:20,33148.7,0
2021-04-08 09:55:21,33150.25,0
2021-04-08 09:55:22,33152.65,0
2021-04-08 09:55:23,33154.85,0
2021-04-08 09:55:24,33153.2,0
2021-04-08 09:55:25,33163.3,0
2021-04-08 09:55:26,33161.35,0
2021-04-08 09:55:27,33160.75,0
2021-04-08 09:55:28,33163.25,0
2021-04-08 09:55:29,33161.55,0
2021-04-08 09:55:30,33168.75,0
2021-04-08 09:55:32,33164.25,0
2021-04-08 09:55:33,33164.0,0
2021-04-08 09:55:35,33164.95,0
2021-04-08 09:55:38,33156.6,0
2021-04-08 09:55:39,33156.5,0
2021-04-08 09:55:40,33153.1,0
2021-04-08 09:55:41,33153.1,0
2021-04-08 09:55:42,33153.05,0
2021-04-08 09:55:43,33151.75,0
2021-04-08 09:55:44,33152.0,0
2021-04-08 09:55:45,33151.3,0
2021-04-08 09:55:46,33154.2,0
2021-04-08 09:55:47,33154.2,0
2021-04-08 09:55:48,33153.65,0
2021-04-08 09:55:49,33156.15,0
2021-04-08 09:55:50,33156.05,0
2021-04-08 09:55:51,33156.1,0
2021-04-08 09:55:52,33154.85,0
2021-04-08 09:55:54,33155.05,0
2021-04-08 09:55:55,33156.25,0
2021-04-08 09:55:56,33157.35,0
2021-04-08 09:55:57,33155.55,0
2021-04-08 09:55:58,33163.75,0
2021-04-08 09:55:59,33166.85,0
2021-04-08 09:56:00,33166.15,0
2021-04-08 09:56:01,33170.2,0
2021-04-08 09:56:02,33170.55,0
2021-04-08 09:56:03,33172.3,0
2021-04-08 09:56:04,33171.65,0
2021-04-08 09:56:05,33171.45,0
2021-04-08 09:56:06,33175.7,0
2021-04-08 09:56:07,33178.85,0
2021-04-08 09:56:08,33180.9,0
2021-04-08 09:56:09,33179.5,0
2021-04-08 09:56:10,33181.25,0
2021-04-08 09:56:11,33179.55,0
2021-04-08 09:56:12,33176.5,0
2021-04-08 09:56:13,33175.2,0
2021-04-08 09:56:14,33177.6,0
2021-04-08 09:56:15,33178.4,0
2021-04-08 09:56:16,33175.35,0
2021-04-08 09:56:17,33178.2,0
2021-04-08 09:56:18,33177.85,0
2021-04-08 09:56:19,33176.0,0
2021-04-08 09:56:20,33180.15,0
2021-04-08 09:56:21,33181.9,0
2021-04-08 09:56:22,33177.3,0
2021-04-08 09:56:23,33184.0,0
2021-04-08 09:56:24,33179.3,0
2021-04-08 09:56:25,33180.9,0
2021-04-08 09:56:26,33176.85,0
2021-04-08 09:56:27,33176.35,0
2021-04-08 09:56:28,33173.25,0
2021-04-08 09:56:29,33177.1,0
2021-04-08 09:56:30,33178.9,0
2021-04-08 09:56:31,33172.8,0
2021-04-08 09:56:32,33175.5,0
2021-04-08 09:56:33,33180.1,0
2021-04-08 09:56:34,33181.8,0
2021-04-08 09:56:35,33182.95,0
2021-04-08 09:56:36,33180.95,0
2021-04-08 09:56:37,33181.45,0
2021-04-08 09:56:38,33184.4,0
2021-04-08 09:56:39,33189.75,0
2021-04-08 09:56:41,33192.35,0
2021-04-08 09:56:43,33198.0,0
2021-04-08 09:56:44,33193.8,0
2021-04-08 09:56:45,33195.45,0
2021-04-08 09:56:46,33194.25,0
2021-04-08 09:56:47,33192.65,0
2021-04-08 09:56:48,33193.4,0
2021-04-08 09:56:49,33192.05,0
2021-04-08 09:56:50,33192.75,0
2021-04-08 09:56:51,33194.85,0
2021-04-08 09:56:52,33194.35,0
2021-04-08 09:56:53,33195.3,0
2021-04-08 09:56:54,33197.7,0
2021-04-08 09:56:55,33196.8,0
2021-04-08 09:56:56,33196.05,0
2021-04-08 09:56:57,33198.95,0
2021-04-08 09:56:58,33200.75,0
2021-04-08 09:56:59,33198.65,0
2021-04-08 09:57:00,33193.25,0
2021-04-08 09:57:01,33199.3,0
2021-04-08 09:57:02,33198.55,0
2021-04-08 09:57:03,33198.65,0
2021-04-08 09:57:04,33184.2,0
2021-04-08 09:57:05,33180.95,0
2021-04-08 09:57:07,33185.15,0
2021-04-08 09:57:08,33183.35,0
2021-04-08 09:57:09,33185.0,0
2021-04-08 09:57:10,33185.45,0
2021-04-08 09:57:12,33190.85,0
2021-04-08 09:57:13,33184.8,0
2021-04-08 09:57:14,33186.1,0
2021-04-08 09:57:15,33191.3,0
2021-04-08 09:57:16,33189.45,0
2021-04-08 09:57:17,33185.9,0
2021-04-08 09:57:18,33186.55,0
2021-04-08 09:57:19,33189.75,0
2021-04-08 09:57:20,33187.9,0
2021-04-08 09:57:21,33189.4,0
2021-04-08 09:57:22,33188.55,0
2021-04-08 09:57:23,33191.7,0
2021-04-08 09:57:24,33186.85,0
2021-04-08 09:57:25,33186.8,0
2021-04-08 09:57:26,33187.05,0
2021-04-08 09:57:27,33184.7,0
2021-04-08 09:57:28,33185.75,0
2021-04-08 09:57:29,33190.95,0
2021-04-08 09:57:30,33187.35,0
2021-04-08 09:57:31,33187.6,0
2021-04-08 09:57:32,33188.55,0
2021-04-08 09:57:33,33190.75,0
2021-04-08 09:57:34,33193.6,0
2021-04-08 09:57:35,33192.9,0
2021-04-08 09:57:36,33191.85,0
2021-04-08 09:57:37,33189.15,0
2021-04-08 09:57:38,33186.95,0
2021-04-08 09:57:39,33186.75,0
2021-04-08 09:57:40,33188.7,0
2021-04-08 09:57:41,33190.7,0
2021-04-08 09:57:42,33190.05,0
2021-04-08 09:57:43,33184.9,0
2021-04-08 09:57:44,33184.7,0
2021-04-08 09:57:45,33184.4,0
2021-04-08 09:57:46,33189.2,0
2021-04-08 09:57:47,33186.15,0
2021-04-08 09:57:48,33185.2,0
2021-04-08 09:57:49,33184.3,0
2021-04-08 09:57:50,33182.6,0
2021-04-08 09:57:51,33188.3,0
2021-04-08 09:57:52,33184.8,0
2021-04-08 09:57:53,33183.95,0
2021-04-08 09:57:54,33184.05,0
2021-04-08 09:57:55,33183.6,0
2021-04-08 09:57:56,33180.05,0
2021-04-08 09:57:57,33184.55,0
2021-04-08 09:57:58,33183.85,0
2021-04-08 09:57:59,33184.75,0
2021-04-08 09:58:00,33186.7,0
2021-04-08 09:58:01,33187.4,0
2021-04-08 09:58:02,33184.4,0
2021-04-08 09:58:03,33183.4,0
2021-04-08 09:58:04,33184.9,0
2021-04-08 09:58:05,33184.85,0
2021-04-08 09:58:06,33182.85,0
2021-04-08 09:58:07,33185.95,0
2021-04-08 09:58:08,33185.9,0
2021-04-08 09:58:09,33185.55,0
2021-04-08 09:58:10,33185.5,0
2021-04-08 09:58:11,33186.3,0
2021-04-08 09:58:12,33187.45,0
2021-04-08 09:58:13,33182.65,0
2021-04-08 09:58:15,33189.8,0
2021-04-08 09:58:16,33188.65,0
2021-04-08 09:58:17,33189.05,0
2021-04-08 09:58:18,33187.85,0
2021-04-08 09:58:19,33187.2,0
2021-04-08 09:58:20,33186.4,0
2021-04-08 09:58:21,33186.2,0
2021-04-08 09:58:22,33189.55,0
2021-04-08 09:58:23,33187.2,0
2021-04-08 09:58:24,33189.3,0
2021-04-08 09:58:25,33190.55,0
2021-04-08 09:58:26,33192.3,0
2021-04-08 09:58:27,33192.2,0
2021-04-08 09:58:28,33188.75,0
2021-04-08 09:58:29,33189.85,0
2021-04-08 09:58:30,33189.2,0
2021-04-08 09:58:31,33193.65,0
2021-04-08 09:58:32,33198.8,0
2021-04-08 09:58:33,33196.1,0
2021-04-08 09:58:34,33195.05,0
2021-04-08 09:58:35,33198.7,0
2021-04-08 09:58:36,33198.0,0
2021-04-08 09:58:37,33198.9,0
2021-04-08 09:58:39,33202.75,0
2021-04-08 09:58:41,33200.8,0
2021-04-08 09:58:42,33202.85,0
2021-04-08 09:58:43,33205.35,0
2021-04-08 09:58:44,33205.85,0
2021-04-08 09:58:45,33204.8,0
2021-04-08 09:58:46,33205.9,0
2021-04-08 09:58:47,33206.2,0
2021-04-08 09:58:48,33204.6,0
2021-04-08 09:58:49,33202.0,0
2021-04-08 09:58:50,33201.05,0
2021-04-08 09:58:51,33202.0,0
2021-04-08 09:58:52,33201.45,0
2021-04-08 09:58:53,33198.65,0
2021-04-08 09:58:54,33198.05,0
2021-04-08 09:58:55,33201.5,0
2021-04-08 09:58:56,33202.6,0
2021-04-08 09:58:57,33202.8,0
2021-04-08 09:58:58,33201.6,0
2021-04-08 09:58:59,33203.2,0
2021-04-08 09:59:00,33202.35,0
2021-04-08 09:59:01,33202.9,0
2021-04-08 09:59:03,33200.65,0
2021-04-08 09:59:04,33202.1,0
2021-04-08 09:59:05,33197.2,0
2021-04-08 09:59:07,33202.05,0
2021-04-08 09:59:08,33202.3,0
2021-04-08 09:59:10,33200.85,0
2021-04-08 09:59:11,33201.1,0
2021-04-08 09:59:12,33204.95,0
2021-04-08 09:59:13,33202.3,0
2021-04-08 09:59:14,33204.5,0
2021-04-08 09:59:16,33202.2,0
2021-04-08 09:59:17,33203.45,0
2021-04-08 09:59:18,33202.85,0
2021-04-08 09:59:19,33203.6,0
2021-04-08 09:59:20,33200.9,0
2021-04-08 09:59:21,33204.8,0
2021-04-08 09:59:22,33200.75,0
2021-04-08 09:59:23,33196.55,0
2021-04-08 09:59:24,33198.1,0
2021-04-08 09:59:25,33199.5,0
2021-04-08 09:59:26,33199.1,0
2021-04-08 09:59:27,33200.75,0
2021-04-08 09:59:28,33199.4,0
2021-04-08 09:59:29,33198.05,0
2021-04-08 09:59:30,33195.15,0
2021-04-08 09:59:31,33194.7,0
2021-04-08 09:59:32,33197.2,0
2021-04-08 09:59:34,33196.95,0
2021-04-08 09:59:35,33193.25,0
2021-04-08 09:59:36,33195.4,0
2021-04-08 09:59:37,33196.6,0
2021-04-08 09:59:38,33197.6,0
2021-04-08 09:59:39,33197.65,0
2021-04-08 09:59:40,33195.1,0
2021-04-08 09:59:41,33198.4,0
2021-04-08 09:59:42,33200.55,0
2021-04-08 09:59:43,33201.5,0
2021-04-08 09:59:44,33200.6,0
2021-04-08 09:59:46,33200.2,0
2021-04-08 09:59:47,33203.05,0
2021-04-08 09:59:48,33198.45,0
2021-04-08 09:59:49,33204.6,0
2021-04-08 09:59:51,33204.25,0
2021-04-08 09:59:52,33201.0,0
2021-04-08 09:59:53,33199.4,0
2021-04-08 09:59:54,33200.7,0
2021-04-08 09:59:55,33200.35,0
2021-04-08 09:59:56,33201.75,0
2021-04-08 09:59:57,33201.45,0
2021-04-08 09:59:58,33201.85,0
2021-04-08 09:59:59,33201.0,0
2021-04-08 10:00:00,33202.5,0
2021-04-08 10:00:01,33200.15,0
2021-04-08 10:00:02,33197.0,0
2021-04-08 10:00:03,33202.8,0
2021-04-08 10:00:04,33203.05,0
2021-04-08 10:00:05,33201.95,0
2021-04-08 10:00:06,33200.85,0
2021-04-08 10:00:07,33204.4,0
2021-04-08 10:00:08,33201.3,0
2021-04-08 10:00:09,33204.15,0
2021-04-08 10:00:10,33204.85,0
2021-04-08 10:00:11,33205.1,0
2021-04-08 10:00:12,33207.2,0
2021-04-08 10:00:13,33205.55,0
2021-04-08 10:00:16,33218.0,0
2021-04-08 10:00:17,33218.2,0
2021-04-08 10:00:18,33219.25,0
2021-04-08 10:00:19,33220.5,0
2021-04-08 10:00:20,33216.3,0
2021-04-08 10:00:21,33216.3,0
2021-04-08 10:00:22,33217.55,0
2021-04-08 10:00:24,33217.5,0
2021-04-08 10:00:25,33221.0,0
2021-04-08 10:00:26,33221.6,0
2021-04-08 10:00:27,33224.95,0
2021-04-08 10:00:28,33236.3,0
2021-04-08 10:00:29,33236.4,0
2021-04-08 10:00:30,33242.6,0
2021-04-08 10:00:31,33238.7,0
2021-04-08 10:00:32,33239.45,0
2021-04-08 10:00:33,33236.35,0
2021-04-08 10:00:34,33236.15,0
2021-04-08 10:00:35,33233.05,0
2021-04-08 10:00:36,33238.55,0
2021-04-08 10:00:37,33234.45,0
2021-04-08 10:00:38,33240.0,0
2021-04-08 10:00:39,33237.95,0
2021-04-08 10:00:40,33239.1,0
2021-04-08 10:00:41,33240.4,0
2021-04-08 10:00:42,33238.25,0
2021-04-08 10:00:43,33237.85,0
2021-04-08 10:00:44,33237.95,0
2021-04-08 10:00:46,33235.95,0
2021-04-08 10:00:47,33237.7,0
2021-04-08 10:00:49,33236.5,0
2021-04-08 10:00:50,33236.85,0
2021-04-08 10:00:51,33237.8,0
2021-04-08 10:00:52,33236.4,0
2021-04-08 10:00:53,33237.7,0
2021-04-08 10:00:54,33235.45,0
2021-04-08 10:00:55,33235.3,0
2021-04-08 10:00:56,33236.85,0
2021-04-08 10:00:57,33236.55,0
2021-04-08 10:00:58,33238.4,0
2021-04-08 10:00:59,33237.75,0
2021-04-08 10:01:00,33237.65,0
2021-04-08 10:01:03,33249.2,0
2021-04-08 10:01:05,33248.15,0
2021-04-08 10:01:07,33247.95,0
2021-04-08 10:01:08,33246.8,0
2021-04-08 10:01:09,33243.45,0
2021-04-08 10:01:10,33246.1,0
2021-04-08 10:01:11,33246.3,0
2021-04-08 10:01:12,33247.7,0
2021-04-08 10:01:13,33249.2,0
2021-04-08 10:01:14,33250.4,0
2021-04-08 10:01:15,33245.5,0
2021-04-08 10:01:16,33244.85,0
2021-04-08 10:01:17,33244.65,0
2021-04-08 10:01:18,33245.9,0
2021-04-08 10:01:19,33245.1,0
2021-04-08 10:01:20,33243.9,0
2021-04-08 10:01:21,33245.2,0
2021-04-08 10:01:23,33245.25,0
2021-04-08 10:01:24,33246.35,0
2021-04-08 10:01:25,33246.3,0
2021-04-08 10:01:26,33244.25,0
2021-04-08 10:01:27,33246.25,0
2021-04-08 10:01:28,33243.75,0
2021-04-08 10:01:29,33246.5,0
2021-04-08 10:01:30,33245.35,0
2021-04-08 10:01:31,33244.55,0
2021-04-08 10:01:32,33247.3,0
2021-04-08 10:01:33,33244.25,0
2021-04-08 10:01:34,33243.75,0
2021-04-08 10:01:35,33244.5,0
2021-04-08 10:01:36,33244.1,0
2021-04-08 10:01:37,33237.85,0
2021-04-08 10:01:38,33240.1,0
2021-04-08 10:01:39,33237.35,0
2021-04-08 10:01:40,33241.25,0
2021-04-08 10:01:41,33239.6,0
2021-04-08 10:01:42,33237.8,0
2021-04-08 10:01:43,33241.65,0
2021-04-08 10:01:45,33239.5,0
2021-04-08 10:01:46,33233.6,0
2021-04-08 10:01:48,33231.7,0
2021-04-08 10:01:49,33234.15,0
2021-04-08 10:01:50,33234.85,0
2021-04-08 10:01:51,33235.1,0
2021-04-08 10:01:52,33233.75,0
2021-04-08 10:01:53,33235.6,0
2021-04-08 10:01:54,33230.75,0
2021-04-08 10:01:55,33235.1,0
2021-04-08 10:01:56,33232.6,0
2021-04-08 10:01:57,33231.75,0
2021-04-08 10:01:58,33234.7,0
2021-04-08 10:01:59,33235.0,0
2021-04-08 10:02:00,33234.85,0
2021-04-08 10:02:01,33231.3,0
2021-04-08 10:02:02,33233.4,0
2021-04-08 10:02:03,33231.1,0
2021-04-08 10:02:04,33230.85,0
2021-04-08 10:02:05,33229.15,0
2021-04-08 10:02:06,33228.2,0
2021-04-08 10:02:08,33230.25,0
2021-04-08 10:02:09,33225.65,0
2021-04-08 10:02:10,33231.0,0
2021-04-08 10:02:11,33231.15,0
2021-04-08 10:02:12,33231.15,0
2021-04-08 10:02:13,33227.0,0
2021-04-08 10:02:14,33230.3,0
2021-04-08 10:02:15,33230.95,0
2021-04-08 10:02:16,33232.1,0
2021-04-08 10:02:17,33232.05,0
2021-04-08 10:02:18,33232.3,0
2021-04-08 10:02:19,33231.9,0
2021-04-08 10:02:20,33229.6,0
2021-04-08 10:02:21,33230.05,0
2021-04-08 10:02:22,33227.8,0
2021-04-08 10:02:23,33230.5,0
2021-04-08 10:02:24,33230.2,0
2021-04-08 10:02:25,33228.1,0
2021-04-08 10:02:26,33225.0,0
2021-04-08 10:02:28,33229.5,0
2021-04-08 10:02:29,33227.7,0
2021-04-08 10:02:30,33226.85,0
2021-04-08 10:02:31,33230.5,0
2021-04-08 10:02:32,33229.75,0
2021-04-08 10:02:33,33230.1,0
2021-04-08 10:02:34,33227.25,0
2021-04-08 10:02:35,33226.6,0
2021-04-08 10:02:36,33226.65,0
2021-04-08 10:02:37,33228.0,0
2021-04-08 10:02:38,33229.45,0
2021-04-08 10:02:39,33228.1,0
2021-04-08 10:02:40,33230.35,0
2021-04-08 10:02:41,33234.7,0
2021-04-08 10:02:42,33232.8,0
2021-04-08 10:02:43,33231.35,0
2021-04-08 10:02:44,33230.55,0
2021-04-08 10:02:45,33229.75,0
2021-04-08 10:02:46,33231.55,0
2021-04-08 10:02:47,33232.9,0
2021-04-08 10:02:48,33232.45,0
2021-04-08 10:02:49,33228.2,0
2021-04-08 10:02:50,33231.45,0
2021-04-08 10:02:51,33232.45,0
2021-04-08 10:02:52,33232.5,0
2021-04-08 10:02:53,33231.4,0
2021-04-08 10:02:54,33231.75,0
2021-04-08 10:02:55,33230.45,0
2021-04-08 10:02:56,33232.15,0
2021-04-08 10:02:57,33232.3,0
2021-04-08 10:02:59,33230.9,0
2021-04-08 10:03:00,33231.9,0
2021-04-08 10:03:01,33229.55,0
2021-04-08 10:03:02,33228.3,0
2021-04-08 10:03:03,33228.55,0
2021-04-08 10:03:04,33229.2,0
2021-04-08 10:03:05,33229.7,0
2021-04-08 10:03:07,33229.2,0
2021-04-08 10:03:08,33229.45,0
2021-04-08 10:03:09,33227.95,0
2021-04-08 10:03:10,33226.9,0
2021-04-08 10:03:11,33224.7,0
2021-04-08 10:03:12,33226.6,0
2021-04-08 10:03:13,33224.45,0
2021-04-08 10:03:14,33225.1,0
2021-04-08 10:03:15,33224.5,0
2021-04-08 10:03:16,33223.95,0
2021-04-08 10:03:17,33225.95,0
2021-04-08 10:03:18,33225.2,0
2021-04-08 10:03:19,33226.45,0
2021-04-08 10:03:20,33223.15,0
2021-04-08 10:03:21,33220.65,0
2021-04-08 10:03:23,33215.55,0
2021-04-08 10:03:24,33215.35,0
2021-04-08 10:03:25,33217.05,0
2021-04-08 10:03:26,33214.35,0
2021-04-08 10:03:27,33212.0,0
2021-04-08 10:03:29,33211.1,0
2021-04-08 10:03:30,33212.65,0
2021-04-08 10:03:31,33211.4,0
2021-04-08 10:03:32,33209.85,0
2021-04-08 10:03:33,33209.1,0
2021-04-08 10:03:34,33210.4,0
2021-04-08 10:03:35,33209.4,0
2021-04-08 10:03:36,33211.0,0
2021-04-08 10:03:37,33211.15,0
2021-04-08 10:03:38,33212.7,0
2021-04-08 10:03:39,33213.1,0
2021-04-08 10:03:40,33215.05,0
2021-04-08 10:03:42,33216.7,0
2021-04-08 10:03:43,33217.75,0
2021-04-08 10:03:45,33220.6,0
2021-04-08 10:03:46,33224.15,0
2021-04-08 10:03:47,33227.55,0
2021-04-08 10:03:48,33230.15,0
2021-04-08 10:03:49,33229.65,0
2021-04-08 10:03:50,33226.8,0
2021-04-08 10:03:51,33228.75,0
2021-04-08 10:03:52,33228.1,0
2021-04-08 10:03:53,33225.75,0
2021-04-08 10:03:54,33226.85,0
2021-04-08 10:03:55,33224.5,0
2021-04-08 10:03:56,33225.75,0
2021-04-08 10:03:57,33225.95,0
2021-04-08 10:03:58,33224.0,0
2021-04-08 10:03:59,33223.35,0
2021-04-08 10:04:00,33223.5,0
2021-04-08 10:04:01,33223.7,0
2021-04-08 10:04:02,33223.95,0
2021-04-08 10:04:03,33222.05,0
2021-04-08 10:04:05,33222.6,0
2021-04-08 10:04:06,33219.2,0
2021-04-08 10:04:07,33217.95,0
2021-04-08 10:04:08,33219.85,0
2021-04-08 10:04:09,33219.95,0
2021-04-08 10:04:10,33222.45,0
2021-04-08 10:04:11,33220.7,0
2021-04-08 10:04:12,33221.35,0
2021-04-08 10:04:14,33221.2,0
2021-04-08 10:04:15,33220.1,0
2021-04-08 10:04:16,33221.45,0
2021-04-08 10:04:17,33218.35,0
2021-04-08 10:04:18,33219.55,0
2021-04-08 10:04:19,33219.45,0
2021-04-08 10:04:20,33222.3,0
2021-04-08 10:04:21,33222.55,0
2021-04-08 10:04:22,33223.65,0
2021-04-08 10:04:23,33223.3,0
2021-04-08 10:04:24,33223.05,0
2021-04-08 10:04:25,33221.25,0
2021-04-08 10:04:26,33219.8,0
2021-04-08 10:04:27,33221.55,0
2021-04-08 10:04:28,33222.85,0
2021-04-08 10:04:29,33222.7,0
2021-04-08 10:04:30,33222.0,0
2021-04-08 10:04:31,33221.15,0
2021-04-08 10:04:32,33217.7,0
2021-04-08 10:04:33,33221.15,0
2021-04-08 10:04:34,33221.15,0
2021-04-08 10:04:35,33220.65,0
2021-04-08 10:04:36,33219.55,0
2021-04-08 10:04:37,33218.0,0
2021-04-08 10:04:38,33217.7,0
2021-04-08 10:04:39,33219.2,0
2021-04-08 10:04:40,33219.55,0
2021-04-08 10:04:41,33217.15,0
2021-04-08 10:04:42,33217.85,0
2021-04-08 10:04:43,33218.15,0
2021-04-08 10:04:44,33218.9,0
2021-04-08 10:04:45,33218.7,0
2021-04-08 10:04:46,33217.45,0
2021-04-08 10:04:47,33217.75,0
2021-04-08 10:04:48,33218.6,0
2021-04-08 10:04:49,33216.95,0
2021-04-08 10:04:50,33216.05,0
2021-04-08 10:04:51,33218.55,0
2021-04-08 10:04:52,33216.2,0
2021-04-08 10:04:53,33214.0,0
2021-04-08 10:04:54,33214.35,0
2021-04-08 10:04:55,33217.15,0
2021-04-08 10:04:56,33214.45,0
2021-04-08 10:04:57,33216.25,0
2021-04-08 10:04:58,33214.05,0
2021-04-08 10:04:59,33212.1,0
2021-04-08 10:05:00,33212.15,0
2021-04-08 10:05:01,33210.8,0
2021-04-08 10:05:02,33211.15,0
2021-04-08 10:05:03,33211.95,0
2021-04-08 10:05:04,33212.7,0
2021-04-08 10:05:05,33214.55,0
2021-04-08 10:05:06,33213.2,0
2021-04-08 10:05:07,33213.05,0
2021-04-08 10:05:08,33213.4,0
2021-04-08 10:05:09,33215.0,0
2021-04-08 10:05:10,33216.2,0
2021-04-08 10:05:11,33217.3,0
2021-04-08 10:05:12,33215.25,0
2021-04-08 10:05:14,33218.75,0
2021-04-08 10:05:16,33216.6,0
2021-04-08 10:05:17,33216.5,0
2021-04-08 10:05:18,33219.0,0
2021-04-08 10:05:19,33217.55,0
2021-04-08 10:05:20,33230.85,0
2021-04-08 10:05:21,33230.4,0
2021-04-08 10:05:22,33233.75,0
2021-04-08 10:05:23,33234.5,0
2021-04-08 10:05:24,33229.8,0
2021-04-08 10:05:25,33233.25,0
2021-04-08 10:05:26,33236.25,0
2021-04-08 10:05:28,33236.6,0
2021-04-08 10:05:29,33235.6,0
2021-04-08 10:05:30,33234.85,0
2021-04-08 10:05:31,33234.6,0
2021-04-08 10:05:32,33237.25,0
2021-04-08 10:05:33,33234.6,0
2021-04-08 10:05:35,33231.85,0
2021-04-08 10:05:36,33227.45,0
2021-04-08 10:05:37,33227.3,0
2021-04-08 10:05:38,33229.25,0
2021-04-08 10:05:39,33229.3,0
2021-04-08 10:05:41,33227.0,0
2021-04-08 10:05:42,33226.35,0
2021-04-08 10:05:43,33230.35,0
2021-04-08 10:05:44,33230.95,0
2021-04-08 10:05:45,33231.15,0
2021-04-08 10:05:46,33231.7,0
2021-04-08 10:05:47,33230.45,0
2021-04-08 10:05:48,33227.2,0
2021-04-08 10:05:49,33228.65,0
2021-04-08 10:05:50,33229.25,0
2021-04-08 10:05:51,33230.9,0
2021-04-08 10:05:52,33231.2,0
2021-04-08 10:05:53,33227.85,0
2021-04-08 10:05:54,33228.9,0
2021-04-08 10:05:55,33230.05,0
2021-04-08 10:05:56,33226.4,0
2021-04-08 10:05:57,33229.45,0
2021-04-08 10:05:58,33226.85,0
2021-04-08 10:05:59,33228.7,0
2021-04-08 10:06:00,33225.05,0
2021-04-08 10:06:01,33224.75,0
2021-04-08 10:06:02,33226.55,0
2021-04-08 10:06:03,33226.75,0
2021-04-08 10:06:05,33225.95,0
2021-04-08 10:06:06,33215.95,0
2021-04-08 10:06:07,33220.65,0
2021-04-08 10:06:08,33220.15,0
2021-04-08 10:06:09,33218.9,0
2021-04-08 10:06:10,33214.3,0
2021-04-08 10:06:11,33217.2,0
2021-04-08 10:06:12,33217.9,0
2021-04-08 10:06:13,33214.85,0
2021-04-08 10:06:14,33212.65,0
2021-04-08 10:06:15,33211.55,0
2021-04-08 10:06:16,33212.05,0
2021-04-08 10:06:17,33213.65,0
2021-04-08 10:06:18,33216.3,0
2021-04-08 10:06:19,33216.4,0
2021-04-08 10:06:20,33215.85,0
2021-04-08 10:06:21,33216.15,0
2021-04-08 10:06:22,33214.25,0
2021-04-08 10:06:23,33214.8,0
2021-04-08 10:06:24,33218.0,0
2021-04-08 10:06:26,33213.65,0
2021-04-08 10:06:27,33225.45,0
2021-04-08 10:06:28,33224.5,0
2021-04-08 10:06:29,33223.65,0
2021-04-08 10:06:30,33229.95,0
2021-04-08 10:06:31,33228.3,0
2021-04-08 10:06:32,33226.1,0
2021-04-08 10:06:33,33228.9,0
2021-04-08 10:06:34,33230.15,0
2021-04-08 10:06:35,33224.85,0
2021-04-08 10:06:36,33223.05,0
2021-04-08 10:06:37,33225.55,0
2021-04-08 10:06:38,33224.05,0
2021-04-08 10:06:39,33224.75,0
2021-04-08 10:06:40,33224.9,0
2021-04-08 10:06:41,33229.6,0
2021-04-08 10:06:43,33230.9,0
2021-04-08 10:06:44,33229.65,0
2021-04-08 10:06:45,33230.1,0
2021-04-08 10:06:47,33230.0,0
2021-04-08 10:06:48,33231.1,0
2021-04-08 10:06:49,33231.3,0
2021-04-08 10:06:50,33233.6,0
2021-04-08 10:06:51,33232.5,0
2021-04-08 10:06:52,33233.25,0
2021-04-08 10:06:53,33233.05,0
2021-04-08 10:06:54,33233.4,0
2021-04-08 10:06:55,33231.55,0
2021-04-08 10:06:56,33231.5,0
2021-04-08 10:06:57,33232.2,0
2021-04-08 10:06:58,33229.0,0
2021-04-08 10:06:59,33231.95,0
2021-04-08 10:07:00,33232.1,0
2021-04-08 10:07:01,33227.4,0
2021-04-08 10:07:02,33234.05,0
2021-04-08 10:07:03,33232.6,0
2021-04-08 10:07:04,33232.3,0
2021-04-08 10:07:05,33232.15,0
2021-04-08 10:07:06,33230.0,0
2021-04-08 10:07:07,33232.9,0
2021-04-08 10:07:08,33230.65,0
2021-04-08 10:07:09,33231.45,0
2021-04-08 10:07:10,33231.75,0
2021-04-08 10:07:11,33232.2,0
2021-04-08 10:07:12,33232.95,0
2021-04-08 10:07:13,33230.2,0
2021-04-08 10:07:14,33225.2,0
2021-04-08 10:07:15,33228.4,0
2021-04-08 10:07:16,33230.2,0
2021-04-08 10:07:17,33228.15,0
2021-04-08 10:07:18,33227.35,0
2021-04-08 10:07:19,33230.5,0
2021-04-08 10:07:20,33229.95,0
2021-04-08 10:07:21,33231.05,0
2021-04-08 10:07:22,33233.45,0
2021-04-08 10:07:23,33233.6,0
2021-04-08 10:07:24,33236.35,0
2021-04-08 10:07:25,33236.3,0
2021-04-08 10:07:26,33232.35,0
2021-04-08 10:07:27,33237.45,0
2021-04-08 10:07:28,33236.9,0
2021-04-08 10:07:29,33238.95,0
2021-04-08 10:07:30,33240.25,0
2021-04-08 10:07:31,33246.05,0
2021-04-08 10:07:32,33248.6,0
2021-04-08 10:07:33,33246.25,0
2021-04-08 10:07:34,33244.9,0
2021-04-08 10:07:35,33247.65,0
2021-04-08 10:07:36,33244.1,0
2021-04-08 10:07:37,33242.2,0
2021-04-08 10:07:38,33242.6,0
2021-04-08 10:07:39,33239.6,0
2021-04-08 10:07:40,33244.3,0
2021-04-08 10:07:41,33244.5,0
2021-04-08 10:07:42,33239.75,0
2021-04-08 10:07:44,33241.8,0
2021-04-08 10:07:45,33246.45,0
2021-04-08 10:07:46,33246.05,0
2021-04-08 10:07:47,33242.4,0
2021-04-08 10:07:48,33240.9,0
2021-04-08 10:07:49,33244.15,0
2021-04-08 10:07:50,33243.35,0
2021-04-08 10:07:51,33246.15,0
2021-04-08 10:07:53,33237.85,0
2021-04-08 10:07:54,33241.05,0
2021-04-08 10:07:55,33237.7,0
2021-04-08 10:07:56,33234.85,0
2021-04-08 10:07:57,33239.7,0
2021-04-08 10:07:58,33237.65,0
2021-04-08 10:08:00,33244.55,0
2021-04-08 10:08:01,33244.55,0
2021-04-08 10:08:02,33242.85,0
2021-04-08 10:08:03,33245.7,0
2021-04-08 10:08:04,33246.9,0
2021-04-08 10:08:06,33243.1,0
2021-04-08 10:08:07,33242.65,0
2021-04-08 10:08:08,33243.25,0
2021-04-08 10:08:09,33239.85,0
2021-04-08 10:08:10,33241.55,0
2021-04-08 10:08:11,33246.9,0
2021-04-08 10:08:12,33241.95,0
2021-04-08 10:08:13,33245.6,0
2021-04-08 10:08:14,33244.75,0
2021-04-08 10:08:16,33243.35,0
2021-04-08 10:08:17,33243.7,0
2021-04-08 10:08:18,33240.15,0
2021-04-08 10:08:19,33240.35,0
2021-04-08 10:08:20,33239.45,0
2021-04-08 10:08:21,33238.4,0
2021-04-08 10:08:22,33236.45,0
2021-04-08 10:08:23,33237.2,0
2021-04-08 10:08:24,33239.7,0
2021-04-08 10:08:25,33241.1,0
2021-04-08 10:08:26,33241.55,0
2021-04-08 10:08:27,33241.5,0
2021-04-08 10:08:28,33241.3,0
2021-04-08 10:08:29,33240.2,0
2021-04-08 10:08:30,33241.6,0
2021-04-08 10:08:31,33243.9,0
2021-04-08 10:08:32,33242.45,0
2021-04-08 10:08:34,33242.0,0
2021-04-08 10:08:35,33237.65,0
2021-04-08 10:08:36,33243.85,0
2021-04-08 10:08:37,33242.8,0
2021-04-08 10:08:39,33239.55,0
2021-04-08 10:08:40,33242.05,0
2021-04-08 10:08:41,33246.65,0
2021-04-08 10:08:42,33246.95,0
2021-04-08 10:08:43,33248.05,0
2021-04-08 10:08:44,33248.0,0
2021-04-08 10:08:45,33250.35,0
2021-04-08 10:08:46,33251.7,0
2021-04-08 10:08:47,33249.1,0
2021-04-08 10:08:48,33254.2,0
2021-04-08 10:08:49,33249.3,0
2021-04-08 10:08:50,33252.15,0
2021-04-08 10:08:51,33250.15,0
2021-04-08 10:08:52,33248.5,0
2021-04-08 10:08:53,33251.4,0
2021-04-08 10:08:54,33247.75,0
2021-04-08 10:08:55,33251.6,0
2021-04-08 10:08:56,33251.55,0
2021-04-08 10:08:57,33252.0,0
2021-04-08 10:08:58,33252.5,0
2021-04-08 10:08:59,33250.85,0
2021-04-08 10:09:00,33249.7,0
2021-04-08 10:09:01,33247.2,0
2021-04-08 10:09:02,33244.95,0
2021-04-08 10:09:03,33248.0,0
2021-04-08 10:09:04,33239.15,0
2021-04-08 10:09:05,33236.9,0
2021-04-08 10:09:06,33246.7,0
2021-04-08 10:09:07,33246.6,0
2021-04-08 10:09:08,33247.05,0
2021-04-08 10:09:09,33246.45,0
2021-04-08 10:09:10,33244.65,0
2021-04-08 10:09:11,33243.0,0
2021-04-08 10:09:12,33246.3,0
2021-04-08 10:09:13,33244.55,0
2021-04-08 10:09:14,33238.25,0
2021-04-08 10:09:15,33242.8,0
2021-04-08 10:09:17,33241.85,0
2021-04-08 10:09:18,33242.15,0
2021-04-08 10:09:19,33245.65,0
2021-04-08 10:09:20,33246.65,0
2021-04-08 10:09:21,33246.7,0
2021-04-08 10:09:22,33242.4,0
2021-04-08 10:09:23,33241.3,0
2021-04-08 10:09:24,33245.2,0
2021-04-08 10:09:25,33246.3,0
2021-04-08 10:09:26,33245.65,0
2021-04-08 10:09:27,33241.5,0
2021-04-08 10:09:28,33246.5,0
2021-04-08 10:09:29,33244.45,0
2021-04-08 10:09:30,33248.25,0
2021-04-08 10:09:31,33247.65,0
2021-04-08 10:09:32,33245.4,0
2021-04-08 10:09:33,33252.2,0
2021-04-08 10:09:34,33246.45,0
2021-04-08 10:09:35,33252.7,0
2021-04-08 10:09:36,33249.6,0
2021-04-08 10:09:37,33246.5,0
2021-04-08 10:09:39,33250.9,0
2021-04-08 10:09:40,33251.55,0
2021-04-08 10:09:41,33250.45,0
2021-04-08 10:09:42,33249.4,0
2021-04-08 10:09:43,33252.45,0
2021-04-08 10:09:44,33251.55,0
2021-04-08 10:09:45,33248.8,0
2021-04-08 10:09:46,33254.8,0
2021-04-08 10:09:47,33253.45,0
2021-04-08 10:09:48,33251.0,0
2021-04-08 10:09:49,33251.0,0
2021-04-08 10:09:50,33250.15,0
2021-04-08 10:09:51,33256.5,0
2021-04-08 10:09:53,33254.35,0
2021-04-08 10:09:54,33248.35,0
2021-04-08 10:09:55,33253.8,0
2021-04-08 10:09:56,33250.55,0
2021-04-08 10:09:57,33250.15,0
2021-04-08 10:09:58,33252.6,0
2021-04-08 10:09:59,33249.45,0
2021-04-08 10:10:00,33254.1,0
2021-04-08 10:10:01,33253.75,0
2021-04-08 10:10:02,33254.05,0
2021-04-08 10:10:03,33253.85,0
2021-04-08 10:10:04,33251.55,0
2021-04-08 10:10:05,33252.85,0
2021-04-08 10:10:06,33249.55,0
2021-04-08 10:10:07,33251.6,0
2021-04-08 10:10:08,33251.5,0
2021-04-08 10:10:09,33250.25,0
2021-04-08 10:10:10,33254.6,0
2021-04-08 10:10:11,33254.45,0
2021-04-08 10:10:12,33255.2,0
2021-04-08 10:10:13,33255.45,0
2021-04-08 10:10:15,33252.3,0
2021-04-08 10:10:16,33257.3,0
2021-04-08 10:10:17,33252.45,0
2021-04-08 10:10:18,33253.55,0
2021-04-08 10:10:19,33260.2,0
2021-04-08 10:10:20,33264.65,0
2021-04-08 10:10:21,33266.75,0
2021-04-08 10:10:22,33265.3,0
2021-04-08 10:10:23,33266.8,0
2021-04-08 10:10:24,33267.75,0
2021-04-08 10:10:25,33269.5,0
2021-04-08 10:10:26,33268.3,0
2021-04-08 10:10:27,33268.15,0
2021-04-08 10:10:28,33269.05,0
2021-04-08 10:10:29,33269.7,0
2021-04-08 10:10:30,33269.1,0
2021-04-08 10:10:31,33270.4,0
2021-04-08 10:10:32,33270.0,0
2021-04-08 10:10:33,33267.7,0
2021-04-08 10:10:35,33265.55,0
2021-04-08 10:10:36,33261.55,0
2021-04-08 10:10:37,33257.2,0
2021-04-08 10:10:38,33256.2,0
2021-04-08 10:10:39,33257.9,0
2021-04-08 10:10:40,33257.8,0
2021-04-08 10:10:41,33261.95,0
2021-04-08 10:10:42,33259.65,0
2021-04-08 10:10:43,33258.0,0
2021-04-08 10:10:44,33255.8,0
2021-04-08 10:10:45,33255.55,0
2021-04-08 10:10:46,33256.45,0
2021-04-08 10:10:47,33258.6,0
2021-04-08 10:10:48,33260.1,0
2021-04-08 10:10:49,33259.7,0
2021-04-08 10:10:50,33261.4,0
2021-04-08 10:10:51,33261.15,0
2021-04-08 10:10:52,33261.6,0
2021-04-08 10:10:53,33261.45,0
2021-04-08 10:10:54,33262.55,0
2021-04-08 10:10:55,33259.75,0
2021-04-08 10:10:56,33258.25,0
2021-04-08 10:10:57,33258.3,0
2021-04-08 10:10:58,33259.75,0
2021-04-08 10:10:59,33258.55,0
2021-04-08 10:11:00,33255.95,0
2021-04-08 10:11:01,33259.05,0
2021-04-08 10:11:02,33258.55,0
2021-04-08 10:11:03,33258.3,0
2021-04-08 10:11:04,33258.9,0
2021-04-08 10:11:05,33258.0,0
2021-04-08 10:11:06,33258.0,0
2021-04-08 10:11:08,33260.15,0
2021-04-08 10:11:09,33259.35,0
2021-04-08 10:11:10,33260.0,0
2021-04-08 10:11:11,33260.2,0
2021-04-08 10:11:12,33259.75,0
2021-04-08 10:11:13,33258.15,0
2021-04-08 10:11:14,33259.2,0
2021-04-08 10:11:15,33258.0,0
2021-04-08 10:11:17,33255.85,0
2021-04-08 10:11:18,33256.8,0
2021-04-08 10:11:19,33256.25,0
2021-04-08 10:11:20,33256.3,0
2021-04-08 10:11:21,33256.75,0
2021-04-08 10:11:22,33255.5,0
2021-04-08 10:11:23,33257.35,0
2021-04-08 10:11:24,33255.55,0
2021-04-08 10:11:25,33256.3,0
2021-04-08 10:11:26,33255.85,0
2021-04-08 10:11:27,33258.0,0
2021-04-08 10:11:28,33258.75,0
2021-04-08 10:11:29,33255.4,0
2021-04-08 10:11:30,33256.5,0
2021-04-08 10:11:31,33258.1,0
2021-04-08 10:11:32,33258.35,0
2021-04-08 10:11:33,33256.25,0
2021-04-08 10:11:35,33254.35,0
2021-04-08 10:11:36,33252.25,0
2021-04-08 10:11:37,33254.1,0
2021-04-08 10:11:38,33251.5,0
2021-04-08 10:11:39,33251.4,0
2021-04-08 10:11:40,33254.2,0
2021-04-08 10:11:41,33253.5,0
2021-04-08 10:11:43,33250.05,0
2021-04-08 10:11:44,33255.6,0
2021-04-08 10:11:45,33255.7,0
2021-04-08 10:11:46,33256.75,0
2021-04-08 10:11:47,33256.95,0
2021-04-08 10:11:48,33255.75,0
2021-04-08 10:11:49,33252.05,0
2021-04-08 10:11:51,33260.25,0
2021-04-08 10:11:52,33259.2,0
2021-04-08 10:11:53,33257.15,0
2021-04-08 10:11:54,33252.85,0
2021-04-08 10:11:55,33259.45,0
2021-04-08 10:11:56,33257.8,0
2021-04-08 10:11:57,33257.25,0
2021-04-08 10:11:58,33259.25,0
2021-04-08 10:11:59,33257.5,0
2021-04-08 10:12:00,33257.9,0
2021-04-08 10:12:01,33254.85,0
2021-04-08 10:12:02,33251.65,0
2021-04-08 10:12:04,33254.25,0
2021-04-08 10:12:05,33252.5,0
2021-04-08 10:12:06,33254.65,0
2021-04-08 10:12:07,33253.8,0
2021-04-08 10:12:08,33253.8,0
2021-04-08 10:12:09,33253.9,0
2021-04-08 10:12:11,33253.9,0
2021-04-08 10:12:13,33253.25,0
2021-04-08 10:12:14,33247.7,0
2021-04-08 10:12:15,33255.2,0
2021-04-08 10:12:16,33255.0,0
2021-04-08 10:12:17,33253.35,0
2021-04-08 10:12:18,33253.9,0
2021-04-08 10:12:20,33255.0,0
2021-04-08 10:12:21,33254.5,0
2021-04-08 10:12:22,33253.4,0
2021-04-08 10:12:23,33254.75,0
2021-04-08 10:12:24,33253.45,0
2021-04-08 10:12:25,33253.7,0
2021-04-08 10:12:27,33255.35,0
2021-04-08 10:12:28,33255.35,0
2021-04-08 10:12:29,33250.7,0
2021-04-08 10:12:30,33254.35,0
2021-04-08 10:12:31,33257.5,0
2021-04-08 10:12:32,33250.5,0
2021-04-08 10:12:34,33253.9,0
2021-04-08 10:12:35,33253.6,0
2021-04-08 10:12:36,33255.45,0
2021-04-08 10:12:37,33251.55,0
2021-04-08 10:12:38,33254.1,0
2021-04-08 10:12:39,33256.35,0
2021-04-08 10:12:40,33255.35,0
2021-04-08 10:12:41,33255.0,0
2021-04-08 10:12:42,33249.65,0
2021-04-08 10:12:43,33253.0,0
2021-04-08 10:12:44,33248.6,0
2021-04-08 10:12:45,33251.45,0
2021-04-08 10:12:47,33247.6,0
2021-04-08 10:12:48,33248.4,0
2021-04-08 10:12:49,33250.15,0
2021-04-08 10:12:50,33251.0,0
2021-04-08 10:12:51,33252.6,0
2021-04-08 10:12:52,33251.15,0
2021-04-08 10:12:53,33254.05,0
2021-04-08 10:12:54,33253.8,0
2021-04-08 10:12:55,33254.6,0
2021-04-08 10:12:56,33251.45,0
2021-04-08 10:12:57,33252.0,0
2021-04-08 10:12:58,33247.2,0
2021-04-08 10:12:59,33250.15,0
2021-04-08 10:13:00,33248.65,0
2021-04-08 10:13:01,33248.55,0
2021-04-08 10:13:02,33247.75,0
2021-04-08 10:13:03,33246.05,0
2021-04-08 10:13:05,33247.25,0
2021-04-08 10:13:07,33249.95,0
2021-04-08 10:13:08,33250.4,0
2021-04-08 10:13:09,33247.95,0
2021-04-08 10:13:10,33247.0,0
2021-04-08 10:13:11,33247.9,0
2021-04-08 10:13:12,33248.1,0
2021-04-08 10:13:13,33246.6,0
2021-04-08 10:13:14,33246.7,0
2021-04-08 10:13:15,33246.9,0
2021-04-08 10:13:16,33247.35,0
2021-04-08 10:13:17,33244.15,0
2021-04-08 10:13:19,33245.15,0
2021-04-08 10:13:20,33243.25,0
2021-04-08 10:13:21,33245.8,0
2021-04-08 10:13:22,33243.0,0
2021-04-08 10:13:23,33243.7,0
2021-04-08 10:13:24,33243.75,0
2021-04-08 10:13:25,33245.55,0
2021-04-08 10:13:26,33244.45,0
2021-04-08 10:13:27,33244.05,0
2021-04-08 10:13:28,33243.85,0
2021-04-08 10:13:29,33242.85,0
2021-04-08 10:13:30,33245.2,0
2021-04-08 10:13:31,33244.4,0
2021-04-08 10:13:32,33243.55,0
2021-04-08 10:13:33,33242.55,0
2021-04-08 10:13:34,33242.85,0
2021-04-08 10:13:35,33243.15,0
2021-04-08 10:13:37,33244.95,0
2021-04-08 10:13:38,33240.25,0
2021-04-08 10:13:39,33241.55,0
2021-04-08 10:13:40,33241.75,0
2021-04-08 10:13:41,33244.9,0
2021-04-08 10:13:42,33244.85,0
2021-04-08 10:13:44,33244.35,0
2021-04-08 10:13:46,33243.75,0
2021-04-08 10:13:47,33241.7,0
2021-04-08 10:13:48,33242.75,0
2021-04-08 10:13:49,33245.15,0
2021-04-08 10:13:50,33244.2,0
2021-04-08 10:13:51,33244.75,0
2021-04-08 10:13:52,33242.15,0
2021-04-08 10:13:53,33241.15,0
2021-04-08 10:13:54,33241.35,0
2021-04-08 10:13:55,33240.45,0
2021-04-08 10:13:56,33240.95,0
2021-04-08 10:13:57,33239.4,0
2021-04-08 10:13:58,33240.25,0
2021-04-08 10:13:59,33241.6,0
2021-04-08 10:14:00,33238.5,0
2021-04-08 10:14:01,33241.35,0
2021-04-08 10:14:02,33243.15,0
2021-04-08 10:14:03,33241.75,0
2021-04-08 10:14:04,33243.2,0
2021-04-08 10:14:05,33242.65,0
2021-04-08 10:14:06,33243.3,0
2021-04-08 10:14:07,33245.25,0
2021-04-08 10:14:08,33244.75,0
2021-04-08 10:14:09,33241.65,0
2021-04-08 10:14:12,33241.0,0
2021-04-08 10:14:13,33240.4,0
2021-04-08 10:14:14,33242.2,0
2021-04-08 10:14:15,33241.3,0
2021-04-08 10:14:16,33243.1,0
2021-04-08 10:14:17,33243.95,0
2021-04-08 10:14:19,33239.05,0
2021-04-08 10:14:20,33240.65,0
2021-04-08 10:14:21,33240.15,0
2021-04-08 10:14:22,33240.7,0
2021-04-08 10:14:24,33238.05,0
2021-04-08 10:14:25,33234.6,0
2021-04-08 10:14:26,33233.3,0
2021-04-08 10:14:27,33233.05,0
2021-04-08 10:14:28,33230.6,0
2021-04-08 10:14:29,33233.65,0
2021-04-08 10:14:30,33233.5,0
2021-04-08 10:14:31,33230.05,0
2021-04-08 10:14:32,33226.4,0
2021-04-08 10:14:33,33230.9,0
2021-04-08 10:14:34,33224.55,0
2021-04-08 10:14:35,33226.85,0
2021-04-08 10:14:36,33226.55,0
2021-04-08 10:14:37,33230.7,0
2021-04-08 10:14:38,33228.65,0
2021-04-08 10:14:39,33229.15,0
2021-04-08 10:14:40,33233.75,0
2021-04-08 10:14:41,33233.75,0
2021-04-08 10:14:42,33234.2,0
2021-04-08 10:14:43,33233.2,0
2021-04-08 10:14:44,33240.95,0
2021-04-08 10:14:45,33240.4,0
2021-04-08 10:14:46,33239.75,0
2021-04-08 10:14:47,33238.4,0
2021-04-08 10:14:48,33238.7,0
2021-04-08 10:14:49,33234.55,0
2021-04-08 10:14:50,33236.25,0
2021-04-08 10:14:51,33235.6,0
2021-04-08 10:14:52,33235.95,0
2021-04-08 10:14:53,33233.0,0
2021-04-08 10:14:55,33229.65,0
2021-04-08 10:14:56,33228.95,0
