timestamp,ltp,volume
2021-05-17 09:15:29,2776.05,39966
2021-05-17 09:15:30,2777.35,40638
2021-05-17 09:15:31,2776.05,42627
2021-05-17 09:15:32,2774.0,43393
2021-05-17 09:15:33,2775.8,43798
2021-05-17 09:15:34,2773.55,44805
2021-05-17 09:15:35,2774.15,45504
2021-05-17 09:15:36,2775.5,45582
2021-05-17 09:15:37,2770.65,49197
2021-05-17 09:15:38,2771.35,49737
2021-05-17 09:15:39,2773.15,50147
2021-05-17 09:15:40,2770.05,50912
2021-05-17 09:15:41,2770.0,51298
2021-05-17 09:15:42,2770.3,52411
2021-05-17 09:15:43,2769.65,54174
2021-05-17 09:15:44,2763.2,54867
2021-05-17 09:15:45,2765.65,56066
2021-05-17 09:15:46,2768.45,57132
2021-05-17 09:15:47,2764.3,58612
2021-05-17 09:15:48,2770.6,59315
2021-05-17 09:15:49,2765.0,60710
2021-05-17 09:15:50,2766.8,61359
2021-05-17 09:15:51,2767.0,62571
2021-05-17 09:15:52,2763.05,62986
2021-05-17 09:15:53,2766.25,64508
2021-05-17 09:15:54,2765.1,64841
2021-05-17 09:15:55,2766.6,65943
2021-05-17 09:15:56,2764.15,66475
2021-05-17 09:15:57,2763.0,66791
2021-05-17 09:15:58,2763.85,67822
2021-05-17 09:15:59,2760.0,68843
2021-05-17 09:16:00,2761.85,71353
2021-05-17 09:16:01,2760.75,71846
2021-05-17 09:16:02,2760.0,73869
2021-05-17 09:16:03,2758.6,75431
2021-05-17 09:16:04,2762.0,76410
2021-05-17 09:16:05,2761.6,78194
2021-05-17 09:16:06,2761.6,78879
2021-05-17 09:16:07,2760.0,80547
2021-05-17 09:16:08,2759.75,81416
2021-05-17 09:16:09,2760.0,82819
2021-05-17 09:16:10,2758.65,84647
2021-05-17 09:16:11,2757.0,85072
2021-05-17 09:16:12,2759.05,85443
2021-05-17 09:16:13,2758.05,86282
2021-05-17 09:16:14,2758.4,87589
2021-05-17 09:16:15,2759.0,90073
2021-05-17 09:16:16,2759.2,91404
2021-05-17 09:16:17,2756.8,91722
2021-05-17 09:16:18,2757.05,92227
2021-05-17 09:16:19,2755.55,92951
2021-05-17 09:16:20,2754.85,93686
2021-05-17 09:16:21,2756.0,94559
2021-05-17 09:16:22,2757.2,96463
2021-05-17 09:16:23,2755.4,96856
2021-05-17 09:16:24,2755.0,97448
2021-05-17 09:16:25,2762.05,104971
2021-05-17 09:16:26,2761.85,105670
2021-05-17 09:16:27,2761.3,106717
2021-05-17 09:16:28,2762.7,107445
2021-05-17 09:16:29,2759.6,107483
2021-05-17 09:16:30,2759.6,108401
2021-05-17 09:16:31,2759.95,108617
2021-05-17 09:16:32,2760.45,109344
2021-05-17 09:16:33,2764.0,109813
2021-05-17 09:16:34,2764.5,109964
2021-05-17 09:16:35,2762.1,110708
2021-05-17 09:16:36,2763.65,111015
2021-05-17 09:16:37,2762.1,112222
2021-05-17 09:16:38,2762.15,112882
2021-05-17 09:16:39,2764.2,115368
2021-05-17 09:16:40,2765.45,117181
2021-05-17 09:16:41,2765.05,117411
2021-05-17 09:16:42,2764.95,117631
2021-05-17 09:16:43,2766.45,117913
2021-05-17 09:16:44,2765.2,118185
2021-05-17 09:16:45,2767.4,118336
2021-05-17 09:16:46,2767.7,118420
2021-05-17 09:16:47,2765.8,118580
2021-05-17 09:16:48,2767.75,118732
2021-05-17 09:16:49,2767.75,119037
2021-05-17 09:16:50,2765.05,119377
2021-05-17 09:16:51,2766.65,119640
2021-05-17 09:16:52,2764.6,119799
2021-05-17 09:16:53,2766.8,121019
2021-05-17 09:16:54,2764.5,121353
2021-05-17 09:16:55,2763.5,121594
2021-05-17 09:16:56,2762.55,121897
2021-05-17 09:16:57,2764.35,121905
2021-05-17 09:16:58,2762.05,122182
2021-05-17 09:16:59,2762.8,122568
2021-05-17 09:17:00,2761.5,123231
2021-05-17 09:17:01,2762.45,123818
2021-05-17 09:17:02,2762.7,124109
2021-05-17 09:17:03,2763.7,124516
2021-05-17 09:17:04,2761.65,124627
2021-05-17 09:17:05,2762.25,124746
2021-05-17 09:17:06,2762.75,124845
2021-05-17 09:17:07,2762.15,125413
2021-05-17 09:17:08,2762.75,125505
2021-05-17 09:17:09,2762.65,125582
2021-05-17 09:17:10,2764.35,126176
2021-05-17 09:17:11,2763.7,126262
2021-05-17 09:17:12,2763.0,126407
2021-05-17 09:17:13,2762.8,126597
2021-05-17 09:17:14,2764.45,126811
2021-05-17 09:17:15,2764.45,126983
2021-05-17 09:17:16,2763.0,127137
2021-05-17 09:17:17,2763.0,127327
2021-05-17 09:17:18,2763.0,127365
2021-05-17 09:17:19,2764.0,127439
2021-05-17 09:17:20,2764.65,127640
2021-05-17 09:17:21,2765.0,128064
2021-05-17 09:17:22,2763.7,128748
2021-05-17 09:17:23,2763.7,128929
2021-05-17 09:17:24,2763.8,129024
2021-05-17 09:17:25,2763.7,129186
2021-05-17 09:17:26,2764.0,129198
2021-05-17 09:17:27,2764.0,129262
2021-05-17 09:17:28,2764.05,129739
2021-05-17 09:17:29,2764.0,130051
2021-05-17 09:17:30,2765.0,130120
2021-05-17 09:17:31,2763.5,130451
2021-05-17 09:17:32,2765.2,130806
2021-05-17 09:17:34,2765.45,130830
2021-05-17 09:17:35,2765.0,130985
2021-05-17 09:17:36,2765.0,131084
2021-05-17 09:17:37,2764.7,131474
2021-05-17 09:17:38,2763.0,131484
2021-05-17 09:17:39,2763.0,131549
2021-05-17 09:17:40,2764.75,131552
2021-05-17 09:17:41,2763.0,131845
2021-05-17 09:17:42,2764.65,131882
2021-05-17 09:17:43,2764.65,131970
2021-05-17 09:17:44,2766.0,133332
2021-05-17 09:17:45,2765.2,133468
2021-05-17 09:17:46,2765.2,133718
2021-05-17 09:17:47,2764.5,133920
2021-05-17 09:17:48,2765.2,134012
2021-05-17 09:17:49,2765.5,134221
2021-05-17 09:17:50,2766.05,134477
2021-05-17 09:17:51,2766.05,134597
2021-05-17 09:17:52,2766.05,134724
2021-05-17 09:17:53,2767.5,134850
2021-05-17 09:17:54,2767.7,134899
2021-05-17 09:17:55,2765.55,135055
2021-05-17 09:17:56,2767.55,135068
2021-05-17 09:17:57,2765.4,135317
2021-05-17 09:17:58,2766.05,135802
2021-05-17 09:17:59,2766.05,135816
2021-05-17 09:18:00,2766.05,136319
2021-05-17 09:18:01,2765.2,136878
2021-05-17 09:18:02,2765.4,136939
2021-05-17 09:18:03,2763.0,137093
2021-05-17 09:18:04,2764.05,137665
2021-05-17 09:18:05,2763.9,137814
2021-05-17 09:18:06,2764.5,137920
2021-05-17 09:18:07,2762.7,138625
2021-05-17 09:18:08,2763.8,138643
2021-05-17 09:18:09,2764.35,139191
2021-05-17 09:18:10,2763.75,139249
2021-05-17 09:18:11,2763.7,139277
2021-05-17 09:18:12,2762.7,139490
2021-05-17 09:18:13,2761.0,139856
2021-05-17 09:18:14,2762.65,139864
2021-05-17 09:18:15,2763.5,139990
2021-05-17 09:18:16,2762.65,139993
2021-05-17 09:18:17,2762.0,140098
2021-05-17 09:18:18,2760.45,140970
2021-05-17 09:18:19,2760.55,140994
2021-05-17 09:18:20,2761.35,141017
2021-05-17 09:18:22,2758.7,145513
2021-05-17 09:18:23,2759.2,145578
2021-05-17 09:18:24,2758.0,146137
2021-05-17 09:18:26,2757.55,146506
2021-05-17 09:18:28,2760.45,147449
2021-05-17 09:18:30,2761.25,148351
2021-05-17 09:18:31,2758.95,148508
2021-05-17 09:18:32,2760.1,148739
2021-05-17 09:18:34,2760.45,149600
2021-05-17 09:18:36,2762.0,150749
2021-05-17 09:18:37,2766.05,154475
2021-05-17 09:18:38,2765.45,155432
2021-05-17 09:18:39,2765.6,155766
2021-05-17 09:18:40,2765.1,155836
2021-05-17 09:18:41,2765.35,155986
2021-05-17 09:18:42,2764.2,156027
2021-05-17 09:18:43,2765.35,156035
2021-05-17 09:18:44,2764.4,156045
2021-05-17 09:18:45,2764.4,156061
2021-05-17 09:18:46,2764.2,156191
2021-05-17 09:18:47,2762.0,157096
2021-05-17 09:18:48,2764.4,157715
2021-05-17 09:18:49,2763.35,157810
2021-05-17 09:18:50,2762.7,158610
2021-05-17 09:18:51,2762.1,158759
2021-05-17 09:18:52,2762.05,158852
2021-05-17 09:18:53,2764.45,159892
2021-05-17 09:18:54,2764.1,160007
2021-05-17 09:18:55,2764.55,160017
2021-05-17 09:18:56,2763.0,160037
2021-05-17 09:18:57,2762.05,160543
2021-05-17 09:18:58,2762.05,160623
2021-05-17 09:18:59,2762.05,160789
2021-05-17 09:19:00,2762.05,160911
2021-05-17 09:19:01,2762.05,161015
2021-05-17 09:19:02,2762.95,161053
2021-05-17 09:19:03,2762.15,161108
2021-05-17 09:19:04,2763.25,161146
2021-05-17 09:19:05,2762.25,161204
2021-05-17 09:19:06,2763.35,161361
2021-05-17 09:19:07,2762.25,161409
2021-05-17 09:19:08,2762.95,161560
2021-05-17 09:19:09,2762.0,161561
2021-05-17 09:19:10,2763.35,161685
2021-05-17 09:19:11,2762.05,161954
2021-05-17 09:19:13,2762.05,162068
2021-05-17 09:19:15,2763.1,163411
2021-05-17 09:19:16,2764.0,163451
2021-05-17 09:19:17,2763.8,163454
2021-05-17 09:19:20,2763.8,163671
2021-05-17 09:19:21,2763.8,163851
2021-05-17 09:19:22,2761.5,164386
2021-05-17 09:19:23,2760.35,164474
2021-05-17 09:19:24,2760.0,164554
2021-05-17 09:19:26,2760.1,164663
2021-05-17 09:19:27,2760.95,164731
2021-05-17 09:19:29,2760.1,164735
2021-05-17 09:19:30,2760.95,164797
2021-05-17 09:19:30,2760.95,164824
2021-05-17 09:19:31,2762.1,165174
2021-05-17 09:19:32,2762.4,165175
2021-05-17 09:19:33,2762.15,165323
2021-05-17 09:19:34,2763.35,165468
2021-05-17 09:19:35,2761.9,165567
2021-05-17 09:19:36,2763.6,165586
2021-05-17 09:19:37,2763.7,166812
2021-05-17 09:19:38,2763.4,166822
2021-05-17 09:19:39,2763.35,166934
2021-05-17 09:19:40,2766.0,168832
2021-05-17 09:19:41,2767.75,171843
2021-05-17 09:19:42,2766.95,172426
2021-05-17 09:19:43,2768.0,172731
2021-05-17 09:19:44,2768.55,173708
2021-05-17 09:19:45,2773.0,176020
2021-05-17 09:19:46,2771.15,176116
2021-05-17 09:19:47,2771.25,176130
2021-05-17 09:19:48,2771.0,176414
2021-05-17 09:19:49,2772.7,176435
2021-05-17 09:19:50,2771.7,176486
2021-05-17 09:19:51,2772.85,176602
2021-05-17 09:19:52,2771.7,176607
2021-05-17 09:19:53,2771.7,176767
2021-05-17 09:19:55,2772.25,176842
2021-05-17 09:19:56,2771.0,178096
2021-05-17 09:19:57,2770.9,178621
2021-05-17 09:19:58,2771.0,178637
2021-05-17 09:19:59,2770.95,179554
2021-05-17 09:20:00,2770.95,179561
2021-05-17 09:20:01,2772.9,181140
2021-05-17 09:20:02,2772.8,181335
2021-05-17 09:20:03,2773.55,183608
2021-05-17 09:20:04,2775.25,184524
2021-05-17 09:20:05,2775.45,184742
2021-05-17 09:20:06,2777.0,184890
2021-05-17 09:20:07,2777.3,185451
2021-05-17 09:20:08,2778.3,185990
2021-05-17 09:20:09,2776.7,186014
2021-05-17 09:20:10,2777.0,186670
2021-05-17 09:20:11,2778.8,187594
2021-05-17 09:20:12,2780.0,188213
2021-05-17 09:20:14,2780.2,190285
2021-05-17 09:20:15,2779.95,190836
2021-05-17 09:20:16,2781.5,191037
2021-05-17 09:20:17,2779.15,192269
2021-05-17 09:20:18,2781.0,192427
2021-05-17 09:20:19,2782.85,193000
2021-05-17 09:20:20,2780.15,193756
2021-05-17 09:20:21,2780.25,193972
2021-05-17 09:20:22,2781.9,194571
2021-05-17 09:20:23,2784.5,194982
2021-05-17 09:20:24,2782.8,195062
2021-05-17 09:20:25,2784.75,195302
2021-05-17 09:20:26,2784.9,196361
2021-05-17 09:20:27,2784.75,196635
2021-05-17 09:20:28,2784.2,197464
2021-05-17 09:20:29,2782.8,197960
2021-05-17 09:20:30,2780.35,198351
2021-05-17 09:20:31,2780.65,200295
2021-05-17 09:20:32,2780.2,200325
2021-05-17 09:20:33,2781.15,200467
2021-05-17 09:20:34,2781.0,200653
2021-05-17 09:20:35,2781.85,200722
2021-05-17 09:20:36,2782.65,200768
2021-05-17 09:20:37,2780.85,200930
2021-05-17 09:20:38,2780.65,201104
2021-05-17 09:20:39,2779.0,201716
2021-05-17 09:20:40,2779.75,201987
2021-05-17 09:20:41,2779.95,202068
2021-05-17 09:20:42,2779.8,202231
2021-05-17 09:20:43,2778.4,203650
2021-05-17 09:20:44,2779.5,203691
2021-05-17 09:20:45,2776.8,203899
2021-05-17 09:20:46,2775.05,204242
2021-05-17 09:20:47,2776.35,204751
2021-05-17 09:20:48,2774.55,206961
2021-05-17 09:20:49,2776.15,207106
2021-05-17 09:20:50,2775.6,207227
2021-05-17 09:20:51,2773.5,207639
2021-05-17 09:20:52,2775.3,207773
2021-05-17 09:20:53,2775.85,207917
2021-05-17 09:20:54,2775.6,208146
2021-05-17 09:20:55,2777.25,208375
2021-05-17 09:20:56,2777.7,208500
2021-05-17 09:20:57,2778.25,208704
2021-05-17 09:20:58,2777.0,208767
2021-05-17 09:20:59,2778.65,209097
2021-05-17 09:21:00,2777.1,209140
2021-05-17 09:21:01,2778.55,209196
2021-05-17 09:21:02,2776.5,209302
2021-05-17 09:21:03,2775.7,209390
2021-05-17 09:21:04,2775.7,209500
2021-05-17 09:21:05,2776.6,209598
2021-05-17 09:21:06,2775.45,209779
2021-05-17 09:21:07,2777.15,209819
2021-05-17 09:21:08,2775.0,209906
2021-05-17 09:21:09,2775.0,209944
2021-05-17 09:21:10,2775.0,210009
2021-05-17 09:21:11,2773.9,210160
2021-05-17 09:21:12,2775.0,210485
2021-05-17 09:21:13,2774.95,210617
2021-05-17 09:21:14,2773.25,210751
2021-05-17 09:21:15,2773.25,210751
2021-05-17 09:21:16,2773.25,210751
2021-05-17 09:21:17,2775.3,211092
2021-05-17 09:21:18,2775.45,211290
2021-05-17 09:21:20,2775.45,211705
2021-05-17 09:21:21,2774.0,211797
2021-05-17 09:21:22,2773.8,211939
2021-05-17 09:21:23,2775.0,212021
2021-05-17 09:21:24,2773.65,212036
2021-05-17 09:21:25,2773.6,212106
2021-05-17 09:21:26,2774.75,212443
2021-05-17 09:21:27,2774.55,212465
2021-05-17 09:21:28,2773.15,212468
2021-05-17 09:21:29,2774.0,212469
2021-05-17 09:21:30,2773.1,212630
2021-05-17 09:21:31,2773.0,212980
2021-05-17 09:21:32,2772.85,213106
2021-05-17 09:21:33,2773.15,213277
2021-05-17 09:21:34,2773.65,213278
2021-05-17 09:21:35,2773.65,213380
2021-05-17 09:21:36,2773.3,213532
2021-05-17 09:21:37,2773.4,214353
2021-05-17 09:21:38,2775.0,214405
2021-05-17 09:21:40,2775.0,214547
2021-05-17 09:21:42,2773.8,214658
2021-05-17 09:21:43,2773.8,214849
2021-05-17 09:21:44,2774.0,214951
2021-05-17 09:21:45,2774.0,214996
2021-05-17 09:21:46,2773.1,215526
2021-05-17 09:21:47,2773.1,216104
2021-05-17 09:21:48,2773.45,216279
2021-05-17 09:21:49,2773.1,216323
2021-05-17 09:21:50,2774.0,216479
2021-05-17 09:21:51,2773.1,216539
2021-05-17 09:21:52,2773.1,216569
2021-05-17 09:21:53,2774.3,216852
2021-05-17 09:21:54,2773.1,217151
2021-05-17 09:21:55,2773.1,217156
2021-05-17 09:21:56,2774.0,217182
2021-05-17 09:21:57,2773.15,217229
2021-05-17 09:21:58,2773.55,218379
2021-05-17 09:21:59,2773.55,218379
2021-05-17 09:22:00,2773.1,218399
2021-05-17 09:22:02,2773.7,218628
2021-05-17 09:22:03,2772.05,218638
2021-05-17 09:22:03,2773.7,218641
2021-05-17 09:22:05,2772.05,218686
2021-05-17 09:22:06,2771.5,219086
2021-05-17 09:22:07,2772.05,219151
2021-05-17 09:22:08,2771.0,219255
2021-05-17 09:22:09,2771.6,219934
2021-05-17 09:22:10,2770.0,220100
2021-05-17 09:22:11,2770.0,220237
2021-05-17 09:22:12,2767.3,220405
2021-05-17 09:22:13,2766.7,220689
2021-05-17 09:22:14,2765.9,221063
2021-05-17 09:22:15,2767.2,221137
2021-05-17 09:22:16,2769.8,221731
2021-05-17 09:22:17,2767.45,222110
2021-05-17 09:22:18,2765.75,222234
2021-05-17 09:22:19,2765.0,222670
2021-05-17 09:22:20,2765.9,222905
2021-05-17 09:22:22,2765.0,223936
2021-05-17 09:22:24,2768.0,224186
2021-05-17 09:22:27,2766.05,224487
2021-05-17 09:22:28,2767.8,224793
2021-05-17 09:22:30,2766.5,225012
2021-05-17 09:22:31,2767.3,225259
2021-05-17 09:22:32,2766.5,225287
2021-05-17 09:22:34,2767.9,225898
2021-05-17 09:22:35,2767.9,225898
2021-05-17 09:22:36,2768.0,226477
2021-05-17 09:22:37,2766.05,226478
2021-05-17 09:22:38,2765.5,226730
2021-05-17 09:22:39,2767.3,226754
2021-05-17 09:22:40,2767.0,226774
2021-05-17 09:22:41,2766.9,226860
2021-05-17 09:22:42,2768.2,228203
2021-05-17 09:22:43,2769.0,228264
2021-05-17 09:22:44,2768.45,228289
2021-05-17 09:22:45,2768.3,228744
2021-05-17 09:22:46,2768.2,228784
2021-05-17 09:22:47,2769.6,228795
2021-05-17 09:22:48,2769.0,228829
2021-05-17 09:22:49,2769.6,228871
2021-05-17 09:22:50,2768.2,228877
2021-05-17 09:22:51,2768.2,228924
2021-05-17 09:22:52,2769.75,228939
2021-05-17 09:22:53,2769.75,228954
2021-05-17 09:22:54,2769.35,229055
2021-05-17 09:22:55,2768.2,229139
2021-05-17 09:22:56,2768.1,229347
2021-05-17 09:22:57,2768.1,229358
2021-05-17 09:22:58,2768.15,229644
2021-05-17 09:22:59,2768.15,229650
2021-05-17 09:23:00,2768.35,229706
2021-05-17 09:23:01,2768.85,230201
2021-05-17 09:23:02,2768.85,230223
2021-05-17 09:23:03,2768.55,230269
2021-05-17 09:23:04,2768.55,230321
2021-05-17 09:23:05,2768.55,230361
2021-05-17 09:23:06,2769.0,230431
2021-05-17 09:23:07,2768.2,230456
2021-05-17 09:23:08,2768.0,230820
2021-05-17 09:23:09,2768.75,230870
2021-05-17 09:23:10,2769.25,230882
2021-05-17 09:23:11,2767.75,230973
2021-05-17 09:23:12,2769.0,231124
2021-05-17 09:23:13,2768.1,231129
2021-05-17 09:23:14,2769.9,231206
2021-05-17 09:23:15,2769.9,231319
2021-05-17 09:23:16,2769.55,232372
2021-05-17 09:23:17,2769.3,232587
2021-05-17 09:23:18,2769.3,232626
2021-05-17 09:23:19,2770.05,232675
2021-05-17 09:23:20,2771.6,233051
2021-05-17 09:23:21,2770.35,233111
2021-05-17 09:23:22,2770.1,233115
2021-05-17 09:23:23,2771.65,233137
2021-05-17 09:23:24,2770.3,233144
2021-05-17 09:23:25,2769.85,233263
2021-05-17 09:23:26,2771.6,233271
2021-05-17 09:23:27,2771.7,233520
2021-05-17 09:23:28,2771.0,233551
2021-05-17 09:23:29,2771.0,233587
2021-05-17 09:23:31,2771.0,233722
2021-05-17 09:23:32,2771.0,233754
2021-05-17 09:23:34,2771.0,233812
2021-05-17 09:23:35,2771.95,233841
2021-05-17 09:23:36,2771.95,233846
2021-05-17 09:23:39,2770.05,233970
2021-05-17 09:23:40,2770.05,233970
2021-05-17 09:23:41,2770.8,233980
2021-05-17 09:23:42,2771.0,234217
2021-05-17 09:23:43,2769.8,234845
2021-05-17 09:23:44,2769.0,234920
2021-05-17 09:23:45,2770.4,235008
2021-05-17 09:23:47,2768.2,235161
2021-05-17 09:23:48,2766.85,235261
2021-05-17 09:23:52,2767.3,235515
2021-05-17 09:23:54,2766.25,235801
2021-05-17 09:23:58,2767.55,236687
2021-05-17 09:24:02,2766.45,237603
2021-05-17 09:24:03,2767.7,238258
2021-05-17 09:24:04,2766.95,238308
2021-05-17 09:24:05,2766.95,238338
2021-05-17 09:24:06,2766.6,238355
2021-05-17 09:24:07,2767.0,238375
2021-05-17 09:24:08,2767.0,238419
2021-05-17 09:24:09,2766.6,238427
2021-05-17 09:24:10,2766.6,238437
2021-05-17 09:24:11,2767.5,238442
2021-05-17 09:24:12,2766.0,238498
2021-05-17 09:24:13,2766.5,238696
2021-05-17 09:24:15,2767.35,238726
2021-05-17 09:24:18,2767.4,238806
2021-05-17 09:24:19,2766.5,238836
2021-05-17 09:24:21,2766.1,238972
2021-05-17 09:24:24,2765.05,240403
2021-05-17 09:24:25,2765.05,240403
2021-05-17 09:24:26,2766.1,240418
2021-05-17 09:24:28,2766.1,240464
2021-05-17 09:24:29,2765.05,240510
2021-05-17 09:24:30,2765.0,241011
2021-05-17 09:24:31,2765.0,241266
2021-05-17 09:24:32,2766.0,241439
2021-05-17 09:24:33,2765.0,241533
2021-05-17 09:24:34,2766.85,242333
2021-05-17 09:24:34,2766.85,242333
2021-05-17 09:24:35,2765.0,242434
2021-05-17 09:24:36,2765.7,242468
2021-05-17 09:24:37,2764.2,242592
2021-05-17 09:24:38,2764.15,243077
2021-05-17 09:24:39,2761.5,243528
2021-05-17 09:24:40,2761.5,243720
2021-05-17 09:24:41,2762.0,243771
2021-05-17 09:24:42,2760.5,244315
2021-05-17 09:24:43,2759.05,245556
2021-05-17 09:24:44,2758.65,245782
2021-05-17 09:24:45,2760.35,246035
2021-05-17 09:24:46,2762.3,246453
2021-05-17 09:24:47,2763.6,249286
2021-05-17 09:24:48,2763.5,249352
2021-05-17 09:24:49,2763.3,249874
2021-05-17 09:24:50,2763.3,249881
2021-05-17 09:24:51,2763.1,249915
2021-05-17 09:24:52,2765.75,250038
2021-05-17 09:24:53,2765.75,250060
2021-05-17 09:24:54,2764.4,250145
2021-05-17 09:24:55,2765.0,250203
2021-05-17 09:24:56,2764.4,250337
2021-05-17 09:24:57,2764.4,250373
2021-05-17 09:24:58,2765.05,250404
2021-05-17 09:24:59,2763.25,250485
2021-05-17 09:25:00,2764.3,250545
2021-05-17 09:25:01,2762.3,250722
2021-05-17 09:25:02,2762.3,250735
2021-05-17 09:25:03,2762.0,250765
2021-05-17 09:25:04,2761.75,250790
2021-05-17 09:25:05,2761.7,250932
2021-05-17 09:25:06,2761.25,251006
2021-05-17 09:25:07,2761.2,251037
2021-05-17 09:25:08,2760.25,251237
2021-05-17 09:25:10,2763.0,251416
2021-05-17 09:25:11,2762.8,251676
2021-05-17 09:25:12,2762.8,251676
2021-05-17 09:25:13,2762.55,251698
2021-05-17 09:25:14,2763.0,251824
2021-05-17 09:25:15,2762.65,251983
2021-05-17 09:25:16,2764.1,252189
2021-05-17 09:25:17,2762.5,252354
2021-05-17 09:25:18,2762.7,252572
2021-05-17 09:25:19,2761.0,252788
2021-05-17 09:25:20,2762.7,253344
2021-05-17 09:25:21,2762.7,253356
2021-05-17 09:25:22,2762.7,253356
2021-05-17 09:25:23,2762.45,253407
2021-05-17 09:25:24,2763.2,253452
2021-05-17 09:25:25,2762.5,253472
2021-05-17 09:25:26,2762.4,253578
2021-05-17 09:25:27,2762.0,253592
2021-05-17 09:25:28,2762.4,253657
2021-05-17 09:25:29,2762.4,253712
2021-05-17 09:25:30,2761.05,253879
2021-05-17 09:25:31,2762.0,253889
2021-05-17 09:25:32,2762.0,254078
2021-05-17 09:25:33,2762.05,254100
2021-05-17 09:25:34,2762.0,254128
2021-05-17 09:25:35,2762.0,254179
2021-05-17 09:25:36,2762.0,254229
2021-05-17 09:25:37,2760.6,254527
2021-05-17 09:25:38,2761.05,254553
2021-05-17 09:25:39,2761.45,254575
2021-05-17 09:25:40,2761.0,254733
2021-05-17 09:25:41,2760.5,254760
2021-05-17 09:25:42,2761.95,254898
2021-05-17 09:25:43,2760.6,254932
2021-05-17 09:25:44,2761.9,254963
2021-05-17 09:25:46,2760.7,255013
2021-05-17 09:25:47,2760.65,255014
2021-05-17 09:25:47,2760.65,255014
2021-05-17 09:25:48,2760.0,255150
2021-05-17 09:25:49,2760.0,255350
2021-05-17 09:25:50,2758.3,256079
2021-05-17 09:25:51,2758.0,256729
2021-05-17 09:25:52,2757.6,256940
2021-05-17 09:25:53,2758.1,257617
2021-05-17 09:25:54,2756.8,257641
2021-05-17 09:25:55,2757.75,257793
2021-05-17 09:25:56,2756.0,258264
2021-05-17 09:25:57,2755.55,258679
2021-05-17 09:25:58,2756.75,259629
2021-05-17 09:25:59,2756.6,260016
2021-05-17 09:26:00,2756.85,260097
2021-05-17 09:26:01,2755.0,260386
2021-05-17 09:26:02,2755.3,260438
2021-05-17 09:26:03,2755.05,260579
2021-05-17 09:26:04,2754.3,266623
2021-05-17 09:26:05,2754.05,266715
2021-05-17 09:26:06,2755.6,267439
2021-05-17 09:26:07,2755.75,267714
2021-05-17 09:26:08,2755.0,267745
2021-05-17 09:26:09,2755.0,267823
2021-05-17 09:26:10,2754.05,268104
2021-05-17 09:26:11,2755.0,268189
2021-05-17 09:26:12,2754.2,268443
2021-05-17 09:26:13,2755.0,268757
2021-05-17 09:26:14,2754.05,269256
2021-05-17 09:26:15,2754.05,269578
2021-05-17 09:26:17,2753.8,270024
2021-05-17 09:26:18,2754.8,270352
2021-05-17 09:26:18,2753.6,270356
2021-05-17 09:26:19,2752.2,271206
2021-05-17 09:26:20,2752.0,271618
2021-05-17 09:26:21,2753.4,271853
2021-05-17 09:26:22,2752.05,271959
2021-05-17 09:26:23,2753.2,273065
2021-05-17 09:26:24,2753.2,273334
2021-05-17 09:26:25,2753.2,273398
2021-05-17 09:26:26,2752.0,274148
2021-05-17 09:26:27,2753.75,274722
2021-05-17 09:26:28,2753.8,274904
2021-05-17 09:26:31,2753.7,275689
2021-05-17 09:26:32,2753.4,276322
2021-05-17 09:26:33,2753.8,276384
2021-05-17 09:26:34,2753.55,276627
2021-05-17 09:26:35,2753.8,276944
2021-05-17 09:26:36,2753.55,277786
2021-05-17 09:26:37,2753.55,277786
2021-05-17 09:26:38,2753.7,277855
2021-05-17 09:26:39,2753.6,277887
2021-05-17 09:26:40,2753.65,278010
2021-05-17 09:26:41,2753.55,278042
2021-05-17 09:26:42,2754.8,278127
2021-05-17 09:26:43,2754.0,278503
2021-05-17 09:26:44,2753.65,278789
2021-05-17 09:26:46,2755.2,279872
2021-05-17 09:26:47,2755.2,280121
2021-05-17 09:26:48,2755.2,280227
2021-05-17 09:26:50,2756.35,280584
2021-05-17 09:26:51,2756.4,280958
2021-05-17 09:26:52,2755.25,281161
2021-05-17 09:26:53,2755.25,281185
2021-05-17 09:26:54,2756.8,281407
2021-05-17 09:26:55,2756.85,281551
2021-05-17 09:26:55,2756.8,281546
2021-05-17 09:26:56,2755.1,281659
2021-05-17 09:26:57,2759.55,282533
2021-05-17 09:26:58,2756.8,282684
2021-05-17 09:26:59,2756.8,282740
2021-05-17 09:27:00,2757.0,282956
2021-05-17 09:27:01,2756.8,282960
2021-05-17 09:27:02,2757.0,283003
2021-05-17 09:27:03,2757.7,283076
2021-05-17 09:27:04,2757.0,283085
2021-05-17 09:27:05,2757.9,283165
2021-05-17 09:27:06,2757.9,283256
2021-05-17 09:27:07,2757.3,283628
2021-05-17 09:27:08,2758.45,283673
2021-05-17 09:27:09,2758.45,283673
2021-05-17 09:27:10,2758.5,283674
2021-05-17 09:27:11,2759.45,283691
2021-05-17 09:27:12,2758.8,283750
2021-05-17 09:27:13,2759.7,283789
2021-05-17 09:27:14,2759.4,283837
2021-05-17 09:27:15,2757.65,284020
2021-05-17 09:27:16,2758.0,284125
2021-05-17 09:27:17,2759.7,284307
2021-05-17 09:27:18,2758.8,284423
2021-05-17 09:27:21,2758.25,284808
2021-05-17 09:27:22,2758.8,284925
2021-05-17 09:27:23,2757.3,284942
2021-05-17 09:27:24,2757.2,284952
2021-05-17 09:27:25,2758.75,284979
2021-05-17 09:27:26,2757.75,285109
2021-05-17 09:27:28,2759.55,285366
2021-05-17 09:27:29,2757.85,285408
2021-05-17 09:27:30,2759.9,285510
2021-05-17 09:27:31,2758.6,285540
2021-05-17 09:27:32,2759.55,285550
2021-05-17 09:27:33,2758.85,285641
2021-05-17 09:27:34,2758.0,285999
2021-05-17 09:27:35,2758.0,286519
2021-05-17 09:27:36,2758.6,286571
2021-05-17 09:27:37,2758.0,286576
2021-05-17 09:27:37,2758.0,286578
2021-05-17 09:27:38,2758.65,286632
2021-05-17 09:27:39,2758.0,286734
2021-05-17 09:27:40,2758.75,286736
2021-05-17 09:27:41,2758.75,286757
2021-05-17 09:27:43,2758.8,286793
2021-05-17 09:27:44,2759.05,286888
2021-05-17 09:27:45,2758.0,286962
2021-05-17 09:27:46,2758.0,286964
2021-05-17 09:27:47,2758.0,287067
2021-05-17 09:27:47,2758.05,286965
2021-05-17 09:27:48,2759.15,287140
2021-05-17 09:27:49,2758.0,287198
2021-05-17 09:27:50,2758.0,287210
2021-05-17 09:27:51,2758.05,287256
2021-05-17 09:27:52,2758.05,287282
2021-05-17 09:27:53,2758.0,287501
2021-05-17 09:27:54,2757.5,288054
2021-05-17 09:27:57,2758.0,288114
2021-05-17 09:27:58,2758.0,288178
2021-05-17 09:27:59,2758.0,288303
2021-05-17 09:28:00,2757.95,288447
2021-05-17 09:28:01,2756.1,288737
2021-05-17 09:28:02,2755.0,288807
2021-05-17 09:28:02,2755.0,288807
2021-05-17 09:28:03,2755.0,288809
2021-05-17 09:28:04,2756.25,288826
2021-05-17 09:28:05,2756.25,288843
2021-05-17 09:28:06,2755.0,288851
2021-05-17 09:28:07,2755.0,289108
2021-05-17 09:28:08,2755.45,289239
2021-05-17 09:28:09,2754.0,289251
2021-05-17 09:28:10,2754.0,289252
2021-05-17 09:28:11,2754.0,289304
2021-05-17 09:28:12,2754.0,289315
2021-05-17 09:28:13,2754.0,289356
2021-05-17 09:28:14,2754.0,289448
2021-05-17 09:28:15,2755.0,289708
2021-05-17 09:28:16,2754.0,289952
2021-05-17 09:28:17,2755.0,290033
2021-05-17 09:28:18,2754.0,290110
2021-05-17 09:28:20,2754.0,290465
2021-05-17 09:28:22,2754.0,290716
2021-05-17 09:28:23,2754.0,290784
2021-05-17 09:28:24,2753.4,290834
2021-05-17 09:28:25,2753.4,290972
2021-05-17 09:28:26,2754.0,291272
2021-05-17 09:28:27,2753.55,291298
2021-05-17 09:28:28,2754.0,291299
2021-05-17 09:28:29,2753.4,291309
2021-05-17 09:28:30,2753.7,291493
2021-05-17 09:28:30,2753.7,291494
2021-05-17 09:28:31,2753.75,291505
2021-05-17 09:28:32,2754.1,291895
2021-05-17 09:28:33,2757.0,292975
2021-05-17 09:28:34,2756.55,293127
2021-05-17 09:28:35,2755.15,293260
2021-05-17 09:28:36,2755.0,293290
2021-05-17 09:28:37,2756.4,293320
2021-05-17 09:28:38,2756.35,293349
2021-05-17 09:28:39,2756.4,293383
2021-05-17 09:28:40,2755.1,293453
2021-05-17 09:28:41,2755.0,293462
2021-05-17 09:28:42,2755.0,293462
2021-05-17 09:28:43,2755.0,293466
2021-05-17 09:28:44,2755.0,293467
2021-05-17 09:28:45,2755.1,293537
2021-05-17 09:28:46,2755.1,293592
2021-05-17 09:28:47,2755.85,293624
2021-05-17 09:28:48,2755.05,293763
2021-05-17 09:28:49,2755.1,293771
2021-05-17 09:28:50,2755.1,293779
2021-05-17 09:28:51,2755.05,294013
2021-05-17 09:28:52,2755.05,294223
2021-05-17 09:28:53,2755.15,295191
2021-05-17 09:28:54,2756.25,295218
2021-05-17 09:28:55,2755.25,295241
2021-05-17 09:28:56,2755.2,295257
2021-05-17 09:28:57,2756.45,295310
2021-05-17 09:28:58,2755.2,295324
2021-05-17 09:28:59,2755.8,295325
2021-05-17 09:29:00,2755.05,295486
2021-05-17 09:29:01,2756.0,295506
2021-05-17 09:29:03,2755.0,295619
2021-05-17 09:29:04,2756.0,295623
2021-05-17 09:29:05,2755.0,295643
2021-05-17 09:29:06,2755.9,295688
2021-05-17 09:29:07,2755.9,295688
2021-05-17 09:29:08,2755.0,295798
2021-05-17 09:29:09,2755.0,295824
2021-05-17 09:29:10,2755.0,295975
2021-05-17 09:29:11,2755.25,296036
2021-05-17 09:29:12,2754.05,296061
2021-05-17 09:29:13,2755.0,296065
2021-05-17 09:29:13,2754.0,296085
2021-05-17 09:29:14,2753.55,296261
2021-05-17 09:29:15,2753.55,296263
2021-05-17 09:29:16,2753.55,296279
2021-05-17 09:29:17,2753.45,296281
2021-05-17 09:29:18,2753.5,296282
2021-05-17 09:29:19,2753.4,296417
2021-05-17 09:29:20,2754.0,296673
2021-05-17 09:29:21,2753.15,296674
2021-05-17 09:29:22,2753.1,296705
2021-05-17 09:29:23,2753.45,296825
2021-05-17 09:29:24,2753.45,296907
2021-05-17 09:29:25,2753.05,296994
2021-05-17 09:29:27,2753.55,297090
2021-05-17 09:29:28,2753.2,297106
2021-05-17 09:29:29,2753.55,297136
2021-05-17 09:29:30,2753.5,297663
2021-05-17 09:29:31,2753.0,297767
2021-05-17 09:29:32,2753.5,297795
2021-05-17 09:29:33,2753.05,297987
2021-05-17 09:29:34,2754.05,298084
2021-05-17 09:29:36,2753.1,299826
2021-05-17 09:29:37,2753.1,299953
2021-05-17 09:29:38,2753.1,300055
2021-05-17 09:29:39,2752.2,300169
2021-05-17 09:29:40,2753.1,300328
2021-05-17 09:29:41,2753.2,300330
2021-05-17 09:29:42,2752.2,300351
2021-05-17 09:29:43,2753.2,300493
2021-05-17 09:29:44,2752.15,300506
2021-05-17 09:29:46,2752.2,300599
2021-05-17 09:29:47,2752.2,300631
2021-05-17 09:29:48,2752.2,300636
2021-05-17 09:29:49,2753.0,300806
2021-05-17 09:29:50,2752.0,300830
2021-05-17 09:29:51,2752.0,300935
2021-05-17 09:29:51,2752.0,300935
2021-05-17 09:29:52,2753.0,301157
2021-05-17 09:29:53,2752.0,301311
2021-05-17 09:29:54,2752.2,301337
2021-05-17 09:29:55,2752.2,301355
2021-05-17 09:29:56,2752.2,301386
2021-05-17 09:29:57,2752.2,301403
2021-05-17 09:29:59,2751.0,303954
2021-05-17 09:30:00,2750.7,304032
2021-05-17 09:30:01,2751.85,304205
2021-05-17 09:30:02,2752.35,304449
2021-05-17 09:30:03,2750.0,306003
2021-05-17 09:30:04,2750.0,306745
2021-05-17 09:30:05,2750.7,306911
2021-05-17 09:30:06,2750.45,307220
2021-05-17 09:30:07,2750.4,307500
2021-05-17 09:30:08,2750.05,308250
2021-05-17 09:30:09,2750.1,308774
2021-05-17 09:30:10,2750.1,308826
2021-05-17 09:30:11,2750.0,309462
2021-05-17 09:30:12,2750.0,310036
2021-05-17 09:30:13,2750.0,310241
2021-05-17 09:30:13,2750.0,310242
2021-05-17 09:30:14,2750.0,310263
2021-05-17 09:30:15,2750.1,310311
2021-05-17 09:30:16,2750.1,310436
2021-05-17 09:30:17,2750.1,310574
2021-05-17 09:30:18,2750.8,310865
2021-05-17 09:30:19,2750.0,311445
2021-05-17 09:30:20,2750.0,311758
2021-05-17 09:30:21,2748.3,314289
2021-05-17 09:30:22,2749.5,314459
2021-05-17 09:30:23,2748.6,314541
2021-05-17 09:30:24,2750.25,316139
2021-05-17 09:30:25,2750.45,317035
2021-05-17 09:30:26,2750.1,317224
2021-05-17 09:30:27,2750.05,318336
2021-05-17 09:30:31,2749.9,319046
2021-05-17 09:30:32,2750.0,319121
2021-05-17 09:30:33,2748.85,319768
2021-05-17 09:30:34,2748.75,319884
2021-05-17 09:30:35,2749.9,320175
2021-05-17 09:30:36,2749.85,320314
2021-05-17 09:30:37,2750.0,320630
2021-05-17 09:30:38,2749.15,320681
2021-05-17 09:30:39,2749.15,320742
2021-05-17 09:30:42,2749.15,321431
2021-05-17 09:30:43,2749.8,321496
2021-05-17 09:30:44,2749.15,321532
2021-05-17 09:30:45,2749.85,321692
2021-05-17 09:30:46,2749.2,321720
2021-05-17 09:30:47,2748.3,321997
2021-05-17 09:30:47,2748.3,322081
2021-05-17 09:30:48,2748.1,322493
2021-05-17 09:30:49,2748.0,322708
2021-05-17 09:30:50,2748.15,323048
2021-05-17 09:30:52,2749.7,323097
2021-05-17 09:30:53,2748.45,323242
2021-05-17 09:30:54,2747.85,323751
2021-05-17 09:30:55,2747.9,323827
2021-05-17 09:30:56,2749.65,324048
2021-05-17 09:30:57,2748.4,324065
2021-05-17 09:30:58,2749.15,324398
2021-05-17 09:30:59,2748.4,324437
2021-05-17 09:31:00,2748.15,324618
2021-05-17 09:31:01,2752.4,330854
2021-05-17 09:31:02,2752.15,330926
2021-05-17 09:31:03,2753.7,331324
2021-05-17 09:31:04,2752.3,331698
2021-05-17 09:31:05,2753.9,331753
2021-05-17 09:31:06,2754.75,331807
2021-05-17 09:31:07,2753.5,331829
2021-05-17 09:31:08,2755.5,332472
2021-05-17 09:31:09,2754.6,332603
2021-05-17 09:31:10,2755.05,332650
2021-05-17 09:31:11,2756.0,332735
2021-05-17 09:31:12,2757.0,333054
2021-05-17 09:31:13,2755.8,333410
2021-05-17 09:31:14,2757.5,333522
2021-05-17 09:31:15,2755.85,333666
2021-05-17 09:31:16,2757.4,333667
2021-05-17 09:31:17,2755.85,334072
2021-05-17 09:31:18,2755.85,334075
2021-05-17 09:31:19,2757.0,334210
2021-05-17 09:31:20,2756.2,334349
2021-05-17 09:31:21,2756.2,334405
2021-05-17 09:31:22,2756.2,334410
2021-05-17 09:31:23,2756.2,334414
2021-05-17 09:31:24,2757.0,334485
2021-05-17 09:31:25,2756.4,334545
2021-05-17 09:31:26,2757.0,334585
2021-05-17 09:31:27,2757.7,334649
2021-05-17 09:31:28,2758.1,335931
2021-05-17 09:31:28,2758.1,335931
2021-05-17 09:31:29,2757.8,335956
2021-05-17 09:31:30,2758.7,337204
2021-05-17 09:31:31,2757.4,337284
2021-05-17 09:31:32,2759.0,337427
2021-05-17 09:31:33,2758.7,337522
2021-05-17 09:31:34,2759.0,337895
2021-05-17 09:31:35,2759.0,337993
2021-05-17 09:31:36,2760.0,338075
2021-05-17 09:31:38,2761.2,339426
2021-05-17 09:31:39,2762.05,340622
2021-05-17 09:31:40,2763.3,340699
2021-05-17 09:31:41,2763.05,340787
2021-05-17 09:31:42,2761.75,340798
2021-05-17 09:31:43,2763.3,341046
2021-05-17 09:31:44,2763.0,341050
2021-05-17 09:31:45,2762.05,341178
2021-05-17 09:31:46,2763.0,341293
2021-05-17 09:31:47,2763.0,341463
2021-05-17 09:31:48,2763.0,341590
2021-05-17 09:31:49,2763.0,341762
2021-05-17 09:31:50,2762.05,341812
2021-05-17 09:31:51,2763.0,342016
2021-05-17 09:31:52,2763.0,342042
2021-05-17 09:31:53,2763.0,342306
2021-05-17 09:31:54,2763.5,342616
2021-05-17 09:31:56,2763.55,342617
2021-05-17 09:31:57,2762.65,343314
2021-05-17 09:31:58,2761.0,343528
2021-05-17 09:31:59,2762.0,343546
2021-05-17 09:32:00,2761.9,343551
2021-05-17 09:32:01,2762.25,343602
2021-05-17 09:32:02,2763.55,343676
2021-05-17 09:32:03,2762.65,343706
2021-05-17 09:32:04,2763.0,343802
2021-05-17 09:32:05,2764.0,344466
2021-05-17 09:32:06,2763.95,344630
2021-05-17 09:32:07,2763.55,344648
2021-05-17 09:32:08,2762.3,344986
2021-05-17 09:32:09,2763.4,345036
2021-05-17 09:32:10,2763.4,345036
2021-05-17 09:32:11,2763.95,345891
2021-05-17 09:32:11,2763.95,345891
2021-05-17 09:32:12,2763.05,346018
2021-05-17 09:32:13,2763.95,346023
2021-05-17 09:32:14,2764.6,346185
2021-05-17 09:32:15,2764.6,346213
2021-05-17 09:32:17,2765.0,346869
2021-05-17 09:32:18,2764.15,347073
2021-05-17 09:32:19,2762.3,347784
2021-05-17 09:32:20,2762.4,347794
2021-05-17 09:32:21,2764.15,348071
2021-05-17 09:32:22,2764.15,348101
2021-05-17 09:32:23,2764.3,348111
2021-05-17 09:32:23,2763.3,348118
2021-05-17 09:32:24,2763.3,348118
2021-05-17 09:32:25,2764.3,348138
2021-05-17 09:32:26,2763.45,348194
2021-05-17 09:32:27,2764.95,348271
2021-05-17 09:32:28,2764.0,348285
2021-05-17 09:32:30,2764.0,348293
2021-05-17 09:32:31,2764.0,348446
2021-05-17 09:32:32,2765.0,348628
2021-05-17 09:32:33,2763.5,348636
2021-05-17 09:32:34,2763.6,348653
2021-05-17 09:32:35,2764.9,348720
2021-05-17 09:32:36,2763.6,348850
2021-05-17 09:32:37,2763.4,348900
2021-05-17 09:32:37,2763.4,348900
2021-05-17 09:32:39,2765.0,349045
2021-05-17 09:32:40,2765.0,349066
2021-05-17 09:32:41,2763.6,349126
2021-05-17 09:32:42,2764.45,349151
2021-05-17 09:32:43,2764.0,349161
2021-05-17 09:32:44,2764.0,349187
2021-05-17 09:32:45,2764.0,349187
2021-05-17 09:32:46,2764.0,350114
2021-05-17 09:32:47,2764.0,350136
2021-05-17 09:32:48,2763.25,350146
2021-05-17 09:32:49,2763.45,350147
2021-05-17 09:32:50,2764.0,350163
2021-05-17 09:32:51,2764.0,350226
2021-05-17 09:32:52,2764.0,350386
2021-05-17 09:32:53,2764.0,350456
2021-05-17 09:32:54,2764.0,350541
2021-05-17 09:32:55,2763.9,350610
2021-05-17 09:32:56,2763.0,350650
2021-05-17 09:32:57,2764.0,351116
2021-05-17 09:32:58,2763.6,351119
2021-05-17 09:32:59,2763.65,351120
2021-05-17 09:33:01,2764.0,351201
2021-05-17 09:33:02,2763.9,351225
2021-05-17 09:33:03,2763.45,351363
2021-05-17 09:33:04,2764.0,351525
2021-05-17 09:33:05,2763.45,351536
2021-05-17 09:33:06,2763.45,351621
2021-05-17 09:33:07,2763.45,351655
2021-05-17 09:33:08,2763.45,351745
2021-05-17 09:33:09,2763.45,351855
2021-05-17 09:33:10,2763.05,352066
2021-05-17 09:33:11,2763.25,352091
2021-05-17 09:33:12,2763.25,352116
2021-05-17 09:33:13,2762.05,352214
2021-05-17 09:33:14,2763.2,352299
2021-05-17 09:33:15,2763.0,352302
2021-05-17 09:33:16,2763.0,352302
2021-05-17 09:33:17,2762.15,352421
2021-05-17 09:33:18,2762.05,352632
2021-05-17 09:33:19,2763.75,352641
2021-05-17 09:33:20,2764.0,352947
2021-05-17 09:33:21,2762.45,352965
2021-05-17 09:33:22,2763.95,353028
2021-05-17 09:33:23,2764.0,353030
2021-05-17 09:33:25,2762.6,353056
2021-05-17 09:33:26,2763.5,353061
2021-05-17 09:33:27,2763.95,353073
2021-05-17 09:33:28,2762.6,353165
2021-05-17 09:33:30,2762.6,353165
2021-05-17 09:33:31,2763.6,353347
2021-05-17 09:33:32,2763.55,353463
2021-05-17 09:33:33,2762.65,353477
2021-05-17 09:33:34,2763.75,353490
2021-05-17 09:33:35,2763.0,353515
2021-05-17 09:33:36,2762.1,353574
2021-05-17 09:33:37,2762.0,354006
2021-05-17 09:33:38,2762.0,354057
2021-05-17 09:33:39,2763.35,354059
2021-05-17 09:33:40,2763.0,354072
2021-05-17 09:33:41,2763.95,354093
2021-05-17 09:33:42,2762.35,354200
2021-05-17 09:33:43,2763.0,354249
2021-05-17 09:33:44,2762.6,354319
2021-05-17 09:33:45,2763.0,354372
2021-05-17 09:33:46,2762.6,354427
2021-05-17 09:33:47,2762.6,354459
2021-05-17 09:33:48,2762.6,354480
2021-05-17 09:33:49,2763.0,354487
2021-05-17 09:33:51,2763.0,354627
2021-05-17 09:33:50,2763.05,354625
2021-05-17 09:33:52,2764.8,357102
2021-05-17 09:33:53,2767.2,360146
2021-05-17 09:33:54,2767.1,360382
2021-05-17 09:33:55,2768.55,361184
2021-05-17 09:33:56,2767.35,361542
2021-05-17 09:33:58,2771.75,363520
2021-05-17 09:34:00,2769.3,364698
2021-05-17 09:34:02,2769.5,365007
2021-05-17 09:34:03,2767.7,365131
2021-05-17 09:34:04,2767.7,365171
2021-05-17 09:34:05,2768.15,365444
2021-05-17 09:34:06,2768.6,365504
2021-05-17 09:34:07,2769.35,366689
2021-05-17 09:34:08,2770.25,367019
2021-05-17 09:34:09,2771.85,367270
2021-05-17 09:34:10,2770.55,367385
2021-05-17 09:34:11,2771.9,367426
2021-05-17 09:34:12,2771.95,367537
2021-05-17 09:34:13,2771.95,368203
2021-05-17 09:34:14,2771.4,368700
2021-05-17 09:34:15,2772.6,368920
2021-05-17 09:34:16,2773.45,369528
2021-05-17 09:34:17,2774.0,369942
2021-05-17 09:34:18,2774.45,370270
2021-05-17 09:34:19,2774.45,370270
2021-05-17 09:34:20,2771.95,370665
2021-05-17 09:34:21,2773.8,371874
2021-05-17 09:34:22,2774.0,372001
2021-05-17 09:34:23,2773.9,372061
2021-05-17 09:34:24,2775.0,372403
2021-05-17 09:34:27,2773.8,373065
2021-05-17 09:34:28,2775.0,373244
2021-05-17 09:34:29,2773.45,373689
2021-05-17 09:34:30,2773.45,373689
2021-05-17 09:34:31,2771.95,373875
2021-05-17 09:34:32,2771.0,374040
2021-05-17 09:34:33,2771.0,374162
2021-05-17 09:34:34,2771.4,374208
2021-05-17 09:34:35,2771.4,374210
2021-05-17 09:34:36,2772.85,374687
2021-05-17 09:34:37,2772.2,374726
2021-05-17 09:34:38,2772.45,375094
2021-05-17 09:34:40,2771.45,375218
2021-05-17 09:34:41,2772.75,375409
2021-05-17 09:34:42,2771.0,375561
2021-05-17 09:34:43,2772.0,375611
2021-05-17 09:34:44,2771.0,375815
2021-05-17 09:34:45,2771.1,375829
2021-05-17 09:34:46,2771.1,375927
2021-05-17 09:34:47,2770.0,376498
2021-05-17 09:34:48,2769.1,377154
2021-05-17 09:34:49,2767.95,377164
2021-05-17 09:34:50,2768.05,377276
2021-05-17 09:34:51,2767.7,377608
2021-05-17 09:34:52,2767.75,377660
2021-05-17 09:34:53,2769.55,377823
2021-05-17 09:34:54,2767.5,377952
2021-05-17 09:34:55,2769.6,378070
2021-05-17 09:34:56,2770.0,378270
2021-05-17 09:34:57,2770.0,378282
2021-05-17 09:34:58,2770.65,378384
2021-05-17 09:35:00,2770.25,378452
2021-05-17 09:35:01,2771.1,379044
2021-05-17 09:35:03,2771.25,379278
2021-05-17 09:35:05,2772.25,379419
2021-05-17 09:35:06,2772.45,379477
2021-05-17 09:35:07,2772.85,379533
2021-05-17 09:35:08,2773.55,379853
2021-05-17 09:35:09,2774.0,380203
2021-05-17 09:35:10,2773.7,380343
2021-05-17 09:35:11,2773.65,380352
2021-05-17 09:35:12,2773.95,380378
2021-05-17 09:35:13,2772.45,380517
2021-05-17 09:35:14,2773.8,380729
2021-05-17 09:35:15,2772.5,380889
2021-05-17 09:35:16,2772.9,381002
2021-05-17 09:35:17,2774.0,381028
2021-05-17 09:35:18,2773.95,381225
2021-05-17 09:35:19,2773.65,381301
2021-05-17 09:35:20,2774.0,381407
2021-05-17 09:35:21,2773.95,381427
2021-05-17 09:35:22,2773.95,381548
2021-05-17 09:35:23,2774.2,381714
2021-05-17 09:35:24,2774.45,381775
2021-05-17 09:35:26,2774.7,381854
2021-05-17 09:35:26,2774.7,381854
2021-05-17 09:35:27,2776.3,384053
2021-05-17 09:35:28,2778.0,384114
2021-05-17 09:35:29,2777.85,384255
2021-05-17 09:35:30,2778.0,384375
2021-05-17 09:35:31,2778.1,384588
2021-05-17 09:35:32,2778.0,384651
2021-05-17 09:35:33,2778.95,385810
2021-05-17 09:35:34,2778.9,386114
2021-05-17 09:35:36,2777.35,386245
2021-05-17 09:35:37,2779.0,387046
2021-05-17 09:35:38,2779.05,388423
2021-05-17 09:35:39,2779.4,389371
2021-05-17 09:35:40,2780.4,397081
2021-05-17 09:35:41,2781.0,397244
2021-05-17 09:35:42,2780.8,397971
2021-05-17 09:35:43,2779.75,398186
2021-05-17 09:35:44,2780.2,398672
2021-05-17 09:35:44,2779.2,398762
2021-05-17 09:35:45,2781.2,402202
2021-05-17 09:35:46,2781.4,402425
2021-05-17 09:35:47,2781.65,402928
2021-05-17 09:35:48,2780.8,402940
2021-05-17 09:35:49,2780.1,404260
2021-05-17 09:35:51,2780.65,404525
2021-05-17 09:35:52,2780.0,405904
2021-05-17 09:35:53,2781.6,406015
2021-05-17 09:35:54,2780.2,406039
2021-05-17 09:35:56,2781.0,406139
2021-05-17 09:35:56,2781.0,406295
2021-05-17 09:35:58,2780.0,407394
2021-05-17 09:35:59,2780.9,407629
2021-05-17 09:36:00,2780.2,407772
2021-05-17 09:36:01,2782.9,408191
2021-05-17 09:36:02,2781.3,408283
2021-05-17 09:36:03,2783.45,408527
2021-05-17 09:36:04,2783.45,409234
2021-05-17 09:36:05,2783.4,409581
2021-05-17 09:36:06,2783.5,409770
2021-05-17 09:36:07,2783.45,409884
2021-05-17 09:36:09,2783.5,409945
2021-05-17 09:36:09,2783.5,409996
2021-05-17 09:36:10,2781.5,410167
2021-05-17 09:36:11,2783.0,410289
2021-05-17 09:36:12,2782.95,410304
2021-05-17 09:36:13,2782.7,410480
2021-05-17 09:36:14,2782.0,410610
2021-05-17 09:36:15,2782.75,411026
2021-05-17 09:36:16,2782.7,411634
2021-05-17 09:36:17,2781.3,411842
2021-05-17 09:36:18,2781.2,411980
2021-05-17 09:36:20,2782.4,413072
2021-05-17 09:36:20,2782.4,413072
2021-05-17 09:36:21,2782.45,413202
2021-05-17 09:36:22,2781.5,413604
2021-05-17 09:36:23,2782.4,413814
2021-05-17 09:36:24,2781.5,413870
2021-05-17 09:36:26,2782.35,413912
2021-05-17 09:36:27,2781.2,414197
2021-05-17 09:36:28,2779.0,415884
2021-05-17 09:36:29,2778.25,416279
2021-05-17 09:36:30,2778.0,416575
2021-05-17 09:36:31,2778.9,416834
2021-05-17 09:36:32,2778.75,416847
2021-05-17 09:36:33,2778.0,417067
2021-05-17 09:36:34,2778.0,417442
2021-05-17 09:36:35,2778.3,417561
2021-05-17 09:36:36,2776.3,417709
2021-05-17 09:36:37,2777.35,417778
2021-05-17 09:36:38,2777.35,417906
2021-05-17 09:36:39,2777.9,418018
2021-05-17 09:36:40,2777.9,418023
2021-05-17 09:36:41,2778.0,418120
2021-05-17 09:36:43,2777.95,418200
2021-05-17 09:36:43,2777.95,418200
2021-05-17 09:36:44,2777.9,418308
2021-05-17 09:36:45,2776.4,418356
2021-05-17 09:36:46,2778.0,418586
2021-05-17 09:36:47,2777.1,418982
2021-05-17 09:36:48,2776.95,419168
2021-05-17 09:36:49,2778.0,419202
2021-05-17 09:36:50,2778.0,419247
2021-05-17 09:36:51,2777.0,419368
2021-05-17 09:36:52,2776.9,419387
2021-05-17 09:36:53,2778.0,419393
2021-05-17 09:36:54,2778.0,419506
2021-05-17 09:36:55,2777.7,419541
2021-05-17 09:36:56,2776.9,419576
2021-05-17 09:36:57,2776.9,419701
2021-05-17 09:36:58,2776.95,419825
2021-05-17 09:36:59,2776.95,419830
2021-05-17 09:37:00,2777.5,419891
2021-05-17 09:37:01,2776.1,419898
2021-05-17 09:37:02,2776.1,419898
2021-05-17 09:37:03,2775.85,420121
2021-05-17 09:37:05,2776.95,420128
2021-05-17 09:37:06,2775.8,420162
2021-05-17 09:37:07,2775.25,420698
2021-05-17 09:37:08,2776.0,420815
2021-05-17 09:37:09,2775.2,420825
2021-05-17 09:37:10,2776.0,421055
2021-05-17 09:37:11,2776.0,421228
2021-05-17 09:37:12,2776.0,421419
2021-05-17 09:37:13,2777.55,421839
2021-05-17 09:37:14,2777.0,421928
2021-05-17 09:37:15,2777.0,421955
2021-05-17 09:37:16,2775.2,422161
2021-05-17 09:37:17,2775.2,422384
2021-05-17 09:37:18,2776.5,422392
2021-05-17 09:37:19,2777.0,422507
2021-05-17 09:37:20,2775.7,422625
2021-05-17 09:37:21,2776.55,423169
2021-05-17 09:37:23,2776.9,423231
2021-05-17 09:37:24,2776.0,423337
2021-05-17 09:37:25,2776.35,423371
2021-05-17 09:37:26,2776.4,423444
2021-05-17 09:37:29,2775.5,423509
2021-05-17 09:37:30,2775.0,423734
2021-05-17 09:37:31,2776.45,423754
2021-05-17 09:37:32,2776.45,423756
2021-05-17 09:37:33,2776.0,423773
2021-05-17 09:37:35,2776.0,423855
2021-05-17 09:37:36,2776.45,423934
2021-05-17 09:37:37,2775.95,423935
2021-05-17 09:37:38,2775.95,423937
2021-05-17 09:37:39,2774.0,424325
2021-05-17 09:37:40,2774.05,424793
2021-05-17 09:37:41,2774.05,424796
2021-05-17 09:37:42,2775.0,425088
2021-05-17 09:37:43,2775.35,425114
2021-05-17 09:37:44,2775.0,425149
2021-05-17 09:37:45,2773.65,425318
2021-05-17 09:37:46,2774.45,426138
2021-05-17 09:37:47,2773.1,426264
2021-05-17 09:37:47,2773.1,426294
2021-05-17 09:37:48,2772.7,426899
2021-05-17 09:37:51,2773.75,427917
2021-05-17 09:37:53,2774.2,428267
2021-05-17 09:37:54,2774.25,428753
2021-05-17 09:37:55,2773.7,429000
2021-05-17 09:37:56,2776.0,429191
2021-05-17 09:37:57,2773.95,429878
2021-05-17 09:37:59,2775.6,430151
2021-05-17 09:38:00,2775.6,430152
2021-05-17 09:38:01,2774.2,430477
2021-05-17 09:38:02,2775.0,430533
2021-05-17 09:38:03,2773.8,430563
2021-05-17 09:38:05,2774.55,430632
2021-05-17 09:38:06,2778.05,433541
2021-05-17 09:38:07,2778.05,433612
2021-05-17 09:38:08,2779.0,433674
2021-05-17 09:38:08,2778.05,433686
2021-05-17 09:38:09,2779.0,433746
2021-05-17 09:38:10,2778.15,433967
2021-05-17 09:38:11,2777.2,434303
2021-05-17 09:38:12,2777.2,434305
2021-05-17 09:38:13,2777.05,434335
2021-05-17 09:38:15,2777.1,434354
2021-05-17 09:38:16,2777.2,434359
2021-05-17 09:38:17,2775.65,434635
2021-05-17 09:38:18,2777.4,434647
2021-05-17 09:38:19,2777.4,434647
2021-05-17 09:38:20,2776.3,435005
2021-05-17 09:38:21,2775.55,435253
2021-05-17 09:38:22,2777.95,435305
2021-05-17 09:38:23,2777.05,435364
2021-05-17 09:38:24,2775.0,435704
2021-05-17 09:38:24,2776.75,435734
2021-05-17 09:38:25,2775.8,435745
2021-05-17 09:38:26,2776.0,435773
2021-05-17 09:38:27,2776.0,435829
2021-05-17 09:38:28,2776.0,435904
2021-05-17 09:38:29,2773.0,436267
2021-05-17 09:38:30,2772.45,436438
2021-05-17 09:38:31,2773.15,436472
2021-05-17 09:38:32,2773.15,436477
2021-05-17 09:38:33,2774.0,436877
2021-05-17 09:38:35,2772.3,436925
2021-05-17 09:38:36,2774.0,436987
2021-05-17 09:38:37,2774.1,437087
2021-05-17 09:38:38,2773.95,437133
2021-05-17 09:38:39,2773.95,437166
2021-05-17 09:38:40,2773.95,437210
2021-05-17 09:38:40,2773.95,437210
2021-05-17 09:38:41,2774.0,437231
2021-05-17 09:38:42,2772.6,437261
2021-05-17 09:38:43,2772.6,437283
2021-05-17 09:38:44,2774.0,437333
2021-05-17 09:38:45,2774.35,437339
2021-05-17 09:38:46,2774.5,437348
2021-05-17 09:38:48,2774.0,437413
2021-05-17 09:38:49,2773.95,437658
2021-05-17 09:38:50,2773.8,437748
2021-05-17 09:38:51,2773.8,437748
2021-05-17 09:38:52,2773.8,437748
2021-05-17 09:38:53,2773.8,437753
2021-05-17 09:38:54,2773.8,437873
2021-05-17 09:38:55,2774.0,437950
2021-05-17 09:38:56,2772.6,437986
2021-05-17 09:38:56,2772.6,437986
2021-05-17 09:38:57,2772.6,437986
2021-05-17 09:38:58,2772.6,437986
2021-05-17 09:38:59,2772.6,437986
2021-05-17 09:39:00,2773.0,438043
2021-05-17 09:39:01,2773.0,438135
2021-05-17 09:39:03,2773.65,438387
2021-05-17 09:39:04,2773.0,438412
2021-05-17 09:39:05,2771.4,438909
2021-05-17 09:39:06,2771.35,438937
2021-05-17 09:39:07,2771.2,439022
2021-05-17 09:39:08,2771.3,439092
2021-05-17 09:39:09,2771.2,439145
2021-05-17 09:39:10,2771.2,439172
2021-05-17 09:39:11,2772.6,439176
2021-05-17 09:39:13,2772.6,439177
2021-05-17 09:39:14,2771.0,439247
2021-05-17 09:39:15,2771.2,439286
2021-05-17 09:39:16,2771.0,439852
2021-05-17 09:39:17,2772.6,440708
2021-05-17 09:39:18,2772.85,440770
2021-05-17 09:39:20,2772.9,440813
2021-05-17 09:39:21,2772.0,440820
2021-05-17 09:39:22,2771.45,440823
2021-05-17 09:39:24,2775.05,442248
2021-05-17 09:39:25,2773.95,442267
2021-05-17 09:39:26,2773.95,442267
2021-05-17 09:39:27,2775.0,442275
2021-05-17 09:39:28,2775.0,442280
2021-05-17 09:39:29,2774.1,442306
2021-05-17 09:39:30,2774.1,442358
2021-05-17 09:39:31,2774.1,442358
2021-05-17 09:39:32,2774.1,442396
2021-05-17 09:39:33,2774.1,442403
2021-05-17 09:39:34,2774.1,442539
2021-05-17 09:39:35,2775.0,442614
2021-05-17 09:39:36,2772.8,442657
2021-05-17 09:39:37,2773.3,442662
2021-05-17 09:39:38,2773.3,442750
2021-05-17 09:39:39,2772.05,442823
2021-05-17 09:39:40,2774.8,443439
2021-05-17 09:39:41,2773.7,443797
2021-05-17 09:39:42,2773.0,443843
2021-05-17 09:39:43,2773.7,443851
2021-05-17 09:39:44,2773.0,443866
2021-05-17 09:39:45,2773.0,443918
2021-05-17 09:39:46,2773.0,443945
2021-05-17 09:39:46,2773.0,443945
2021-05-17 09:39:47,2772.0,443975
2021-05-17 09:39:48,2772.95,444079
2021-05-17 09:39:49,2772.0,444103
2021-05-17 09:39:50,2771.9,444114
2021-05-17 09:39:51,2771.0,444153
2021-05-17 09:39:52,2772.0,444170
2021-05-17 09:39:53,2771.6,444578
2021-05-17 09:39:54,2771.6,444578
2021-05-17 09:39:56,2770.45,444579
2021-05-17 09:39:56,2770.45,444579
2021-05-17 09:39:57,2771.55,444589
2021-05-17 09:39:59,2770.3,444706
2021-05-17 09:40:00,2768.9,446616
2021-05-17 09:40:01,2768.2,446998
2021-05-17 09:40:02,2768.0,447190
2021-05-17 09:40:03,2768.0,447312
2021-05-17 09:40:04,2768.0,447412
2021-05-17 09:40:05,2768.45,448049
2021-05-17 09:40:06,2768.4,448142
2021-05-17 09:40:07,2768.4,448274
2021-05-17 09:40:08,2768.0,448378
2021-05-17 09:40:09,2767.6,448449
2021-05-17 09:40:10,2767.6,448501
2021-05-17 09:40:11,2767.6,448501
2021-05-17 09:40:12,2767.6,448501
2021-05-17 09:40:13,2770.0,448521
2021-05-17 09:40:14,2768.2,449091
2021-05-17 09:40:14,2768.2,449091
2021-05-17 09:40:15,2767.6,449135
2021-05-17 09:40:16,2768.4,449420
2021-05-17 09:40:17,2769.0,449489
2021-05-17 09:40:18,2768.2,449668
2021-05-17 09:40:19,2769.6,449790
2021-05-17 09:40:20,2768.4,449822
2021-05-17 09:40:21,2768.4,449840
2021-05-17 09:40:22,2769.55,449851
2021-05-17 09:40:24,2768.55,449945
2021-05-17 09:40:25,2768.55,449946
2021-05-17 09:40:27,2768.55,450003
2021-05-17 09:40:28,2768.25,450033
2021-05-17 09:40:29,2768.25,450035
2021-05-17 09:40:30,2768.25,450044
2021-05-17 09:40:31,2768.65,450123
2021-05-17 09:40:32,2767.5,450260
2021-05-17 09:40:33,2767.0,451316
2021-05-17 09:40:34,2768.9,451367
2021-05-17 09:40:35,2767.0,451537
2021-05-17 09:40:36,2767.0,451538
2021-05-17 09:40:36,2768.2,451545
2021-05-17 09:40:37,2768.2,451545
2021-05-17 09:40:39,2769.0,451889
2021-05-17 09:40:40,2767.55,452012
2021-05-17 09:40:41,2768.0,452166
2021-05-17 09:40:43,2767.0,452728
2021-05-17 09:40:44,2767.0,452759
2021-05-17 09:40:45,2767.0,452880
2021-05-17 09:40:46,2767.0,452992
2021-05-17 09:40:47,2768.1,453120
2021-05-17 09:40:48,2767.0,453135
2021-05-17 09:40:49,2767.0,453203
2021-05-17 09:40:50,2768.0,453205
2021-05-17 09:40:51,2767.15,453206
2021-05-17 09:40:52,2768.3,454009
2021-05-17 09:40:53,2767.0,454080
2021-05-17 09:40:54,2767.0,454253
2021-05-17 09:40:55,2767.6,454384
2021-05-17 09:40:56,2767.6,454389
2021-05-17 09:40:57,2767.0,454541
2021-05-17 09:40:58,2767.0,454569
2021-05-17 09:40:59,2766.15,454594
2021-05-17 09:41:00,2766.15,454594
2021-05-17 09:41:01,2767.0,454608
2021-05-17 09:41:01,2767.0,454683
2021-05-17 09:41:02,2767.35,454768
2021-05-17 09:41:03,2766.1,454776
2021-05-17 09:41:04,2766.1,454776
2021-05-17 09:41:05,2767.35,454841
2021-05-17 09:41:06,2766.0,454861
2021-05-17 09:41:07,2766.2,454866
2021-05-17 09:41:08,2766.65,455345
2021-05-17 09:41:09,2766.65,455345
2021-05-17 09:41:10,2766.6,455464
2021-05-17 09:41:11,2765.4,455569
2021-05-17 09:41:12,2765.4,455579
2021-05-17 09:41:13,2765.2,456038
2021-05-17 09:41:14,2765.5,456199
2021-05-17 09:41:15,2765.0,456204
2021-05-17 09:41:17,2765.0,456656
2021-05-17 09:41:18,2764.8,456794
2021-05-17 09:41:19,2764.5,457676
2021-05-17 09:41:20,2762.55,457726
2021-05-17 09:41:21,2762.55,457790
2021-05-17 09:41:22,2762.7,457811
2021-05-17 09:41:23,2762.85,457895
2021-05-17 09:41:24,2762.9,458023
2021-05-17 09:41:25,2764.4,458396
2021-05-17 09:41:25,2764.4,458396
2021-05-17 09:41:27,2764.65,458592
2021-05-17 09:41:29,2763.3,459459
2021-05-17 09:41:30,2763.3,459633
2021-05-17 09:41:32,2763.35,459664
2021-05-17 09:41:33,2767.0,460535
2021-05-17 09:41:34,2766.5,460563
2021-05-17 09:41:35,2766.1,460624
2021-05-17 09:41:35,2767.65,460628
2021-05-17 09:41:37,2766.1,460647
2021-05-17 09:41:38,2766.1,460647
2021-05-17 09:41:41,2766.1,461466
2021-05-17 09:41:41,2766.1,461466
2021-05-17 09:41:43,2765.95,461484
2021-05-17 09:41:44,2766.0,461496
2021-05-17 09:41:45,2764.65,461532
2021-05-17 09:41:46,2764.65,461712
2021-05-17 09:41:47,2765.9,461714
2021-05-17 09:41:47,2765.9,461714
2021-05-17 09:41:49,2765.6,461983
2021-05-17 09:41:50,2765.6,461983
2021-05-17 09:41:51,2765.0,463192
2021-05-17 09:41:52,2765.05,463315
2021-05-17 09:41:52,2765.8,463278
2021-05-17 09:41:54,2764.7,463395
2021-05-17 09:41:55,2764.35,463405
2021-05-17 09:41:56,2764.0,463527
2021-05-17 09:41:57,2765.0,463534
2021-05-17 09:41:58,2764.0,463539
2021-05-17 09:41:58,2764.0,463539
2021-05-17 09:42:00,2764.2,463667
2021-05-17 09:42:01,2765.85,463732
2021-05-17 09:42:02,2767.7,464260
2021-05-17 09:42:03,2767.8,464481
2021-05-17 09:42:03,2767.8,464481
2021-05-17 09:42:05,2767.95,464483
2021-05-17 09:42:06,2768.0,464653
2021-05-17 09:42:07,2766.3,464663
2021-05-17 09:42:08,2768.0,464693
2021-05-17 09:42:08,2768.0,464693
2021-05-17 09:42:10,2768.0,464693
2021-05-17 09:42:11,2766.5,464932
2021-05-17 09:42:12,2766.5,464932
2021-05-17 09:42:13,2766.55,464935
2021-05-17 09:42:15,2767.8,464949
2021-05-17 09:42:16,2766.55,464960
2021-05-17 09:42:17,2766.5,465070
2021-05-17 09:42:18,2767.75,465080
2021-05-17 09:42:19,2767.8,465135
2021-05-17 09:42:21,2766.65,465167
2021-05-17 09:42:22,2766.65,465168
2021-05-17 09:42:23,2768.0,465316
2021-05-17 09:42:24,2766.7,465343
2021-05-17 09:42:25,2766.7,465343
2021-05-17 09:42:25,2766.7,465343
2021-05-17 09:42:27,2766.7,465359
2021-05-17 09:42:28,2766.7,465359
2021-05-17 09:42:29,2766.75,465366
2021-05-17 09:42:30,2766.75,465636
2021-05-17 09:42:30,2768.0,465648
2021-05-17 09:42:31,2766.65,465743
2021-05-17 09:42:33,2766.65,465775
2021-05-17 09:42:34,2766.65,465910
2021-05-17 09:42:35,2766.65,465929
2021-05-17 09:42:36,2767.65,465981
2021-05-17 09:42:37,2766.9,466430
2021-05-17 09:42:38,2768.0,466432
2021-05-17 09:42:38,2768.0,466440
2021-05-17 09:42:40,2768.0,466445
2021-05-17 09:42:41,2766.85,466449
2021-05-17 09:42:42,2766.85,466451
2021-05-17 09:42:43,2768.0,466470
2021-05-17 09:42:43,2768.0,466470
2021-05-17 09:42:45,2766.8,466474
2021-05-17 09:42:46,2766.8,466474
2021-05-17 09:42:47,2768.0,466548
2021-05-17 09:42:48,2768.0,466554
2021-05-17 09:42:48,2768.0,466554
2021-05-17 09:42:51,2766.7,466647
2021-05-17 09:42:52,2766.7,466677
2021-05-17 09:42:54,2767.95,466846
2021-05-17 09:42:54,2767.95,466854
2021-05-17 09:42:56,2766.8,466879
2021-05-17 09:42:57,2768.0,466890
2021-05-17 09:42:58,2768.0,467043
2021-05-17 09:42:59,2768.0,467043
2021-05-17 09:43:00,2768.0,467244
2021-05-17 09:43:00,2768.0,467244
2021-05-17 09:43:01,2766.75,467252
2021-05-17 09:43:02,2768.0,467264
2021-05-17 09:43:04,2766.8,467290
2021-05-17 09:43:05,2766.8,467312
2021-05-17 09:43:06,2768.0,467322
2021-05-17 09:43:07,2768.0,467329
2021-05-17 09:43:07,2768.0,467329
2021-05-17 09:43:10,2768.0,467457
2021-05-17 09:43:11,2768.1,468213
2021-05-17 09:43:12,2769.0,468269
2021-05-17 09:43:12,2769.0,468269
2021-05-17 09:43:14,2769.0,468598
2021-05-17 09:43:15,2768.15,468608
2021-05-17 09:43:16,2767.6,468639
2021-05-17 09:43:17,2769.0,468769
2021-05-17 09:43:18,2769.0,468790
2021-05-17 09:43:19,2769.0,469301
2021-05-17 09:43:19,2769.0,469301
2021-05-17 09:43:20,2769.0,469301
2021-05-17 09:43:22,2769.0,469327
2021-05-17 09:43:23,2769.0,469331
2021-05-17 09:43:24,2768.15,469336
2021-05-17 09:43:26,2768.15,469336
2021-05-17 09:43:25,2768.15,469336
2021-05-17 09:43:27,2768.9,469356
2021-05-17 09:43:29,2769.0,469428
2021-05-17 09:43:30,2769.0,469509
2021-05-17 09:43:32,2768.2,470043
2021-05-17 09:43:31,2768.2,470043
2021-05-17 09:43:33,2768.2,470043
2021-05-17 09:43:34,2768.2,470044
2021-05-17 09:43:35,2768.9,470045
2021-05-17 09:43:36,2768.0,470516
2021-05-17 09:43:37,2768.1,470521
2021-05-17 09:43:38,2766.7,470601
2021-05-17 09:43:39,2766.7,470601
2021-05-17 09:43:41,2766.0,471541
2021-05-17 09:43:42,2765.7,471901
2021-05-17 09:43:44,2765.7,471922
2021-05-17 09:43:45,2764.0,472024
2021-05-17 09:43:46,2764.0,472024
2021-05-17 09:43:47,2764.0,472025
2021-05-17 09:43:48,2764.0,472610
2021-05-17 09:43:49,2763.0,472612
2021-05-17 09:43:50,2764.0,472632
2021-05-17 09:43:51,2764.0,472635
2021-05-17 09:43:52,2764.25,472782
2021-05-17 09:43:54,2762.55,472935
2021-05-17 09:43:53,2764.2,472933
2021-05-17 09:43:55,2762.55,472955
2021-05-17 09:43:56,2762.85,473059
2021-05-17 09:43:57,2764.3,473065
2021-05-17 09:43:59,2762.6,473281
2021-05-17 09:44:00,2762.5,473307
2021-05-17 09:44:01,2762.55,473337
2021-05-17 09:44:02,2762.55,473337
2021-05-17 09:44:03,2764.0,473343
2021-05-17 09:44:04,2762.55,473699
2021-05-17 09:44:05,2762.55,473700
2021-05-17 09:44:06,2762.55,473706
2021-05-17 09:44:08,2764.2,473820
2021-05-17 09:44:10,2764.1,473825
2021-05-17 09:44:09,2764.1,473825
2021-05-17 09:44:11,2764.0,473925
2021-05-17 09:44:12,2763.1,473976
2021-05-17 09:44:13,2762.7,474333
2021-05-17 09:44:14,2762.7,474363
2021-05-17 09:44:16,2764.7,474437
2021-05-17 09:44:17,2764.0,474592
2021-05-17 09:44:18,2764.0,474595
2021-05-17 09:44:19,2764.0,474595
2021-05-17 09:44:20,2762.65,474697
2021-05-17 09:44:21,2762.65,474708
2021-05-17 09:44:22,2764.0,474763
2021-05-17 09:44:23,2764.0,474773
2021-05-17 09:44:24,2762.6,474829
2021-05-17 09:44:25,2764.0,474960
2021-05-17 09:44:26,2764.0,474971
2021-05-17 09:44:27,2764.0,474971
2021-05-17 09:44:28,2764.0,474971
2021-05-17 09:44:29,2763.0,474981
2021-05-17 09:44:30,2764.0,474982
2021-05-17 09:44:31,2762.8,475111
2021-05-17 09:44:32,2764.0,475138
2021-05-17 09:44:33,2764.0,475138
2021-05-17 09:44:34,2764.8,476944
2021-05-17 09:44:35,2763.6,477201
2021-05-17 09:44:36,2763.75,477209
2021-05-17 09:44:37,2763.0,477219
2021-05-17 09:44:38,2763.0,477239
2021-05-17 09:44:39,2762.8,477311
2021-05-17 09:44:40,2763.0,477317
2021-05-17 09:44:41,2762.9,477572
2021-05-17 09:44:42,2762.9,477593
2021-05-17 09:44:43,2762.9,477593
2021-05-17 09:44:44,2762.9,477593
2021-05-17 09:44:45,2762.9,477595
2021-05-17 09:44:46,2762.8,477631
2021-05-17 09:44:47,2762.85,477672
2021-05-17 09:44:48,2762.85,477785
2021-05-17 09:44:49,2762.85,477785
2021-05-17 09:44:51,2762.85,477855
2021-05-17 09:44:52,2762.85,477905
2021-05-17 09:44:53,2762.85,477908
2021-05-17 09:44:54,2762.85,477920
2021-05-17 09:44:55,2762.85,477920
2021-05-17 09:44:56,2762.85,477927
2021-05-17 09:44:57,2764.0,478092
2021-05-17 09:44:58,2764.0,478131
2021-05-17 09:44:59,2762.6,478182
2021-05-17 09:45:00,2762.6,478184
2021-05-17 09:45:01,2764.0,478318
2021-05-17 09:45:02,2762.65,478354
2021-05-17 09:45:03,2764.0,478386
2021-05-17 09:45:04,2762.65,478403
2021-05-17 09:45:05,2762.65,478403
2021-05-17 09:45:06,2762.55,478455
2021-05-17 09:45:07,2762.55,478479
2021-05-17 09:45:10,2763.0,478965
2021-05-17 09:45:11,2762.7,479045
2021-05-17 09:45:12,2762.7,479089
2021-05-17 09:45:13,2762.55,479192
2021-05-17 09:45:14,2764.0,479216
2021-05-17 09:45:15,2763.0,479222
2021-05-17 09:45:16,2762.55,479272
2021-05-17 09:45:17,2764.0,479377
2021-05-17 09:45:18,2764.0,479377
2021-05-17 09:45:19,2764.0,479385
2021-05-17 09:45:20,2764.0,479394
2021-05-17 09:45:22,2763.85,479445
2021-05-17 09:45:21,2763.85,479445
2021-05-17 09:45:23,2763.85,479503
2021-05-17 09:45:24,2763.85,479583
2021-05-17 09:45:25,2762.55,479660
2021-05-17 09:45:26,2762.55,479695
2021-05-17 09:45:27,2763.85,479810
2021-05-17 09:45:28,2763.85,479833
2021-05-17 09:45:29,2763.4,480684
2021-05-17 09:45:31,2763.4,480705
2021-05-17 09:45:32,2763.4,480810
2021-05-17 09:45:34,2763.4,480810
2021-05-17 09:45:35,2762.3,480859
2021-05-17 09:45:36,2762.0,481018
2021-05-17 09:45:37,2762.3,481102
2021-05-17 09:45:38,2762.0,481106
2021-05-17 09:45:40,2762.0,481136
2021-05-17 09:45:41,2762.0,481385
2021-05-17 09:45:42,2762.0,481482
2021-05-17 09:45:43,2762.3,481643
2021-05-17 09:45:44,2762.3,481754
2021-05-17 09:45:45,2762.0,481877
2021-05-17 09:45:47,2761.85,481878
2021-05-17 09:45:48,2761.85,481879
2021-05-17 09:45:49,2762.0,481884
2021-05-17 09:45:50,2756.0,486215
2021-05-17 09:45:51,2757.25,487577
2021-05-17 09:45:53,2755.85,488990
2021-05-17 09:45:54,2756.9,489723
2021-05-17 09:45:55,2756.45,490153
2021-05-17 09:45:56,2757.85,490200
2021-05-17 09:45:57,2755.25,490360
2021-05-17 09:45:59,2755.1,490567
2021-05-17 09:45:59,2756.55,490574
2021-05-17 09:46:00,2756.55,491168
2021-05-17 09:46:01,2756.3,491237
2021-05-17 09:46:04,2755.05,491352
2021-05-17 09:46:04,2757.0,491652
2021-05-17 09:46:05,2755.25,491704
2021-05-17 09:46:06,2756.8,491935
2021-05-17 09:46:07,2758.9,492333
2021-05-17 09:46:08,2758.4,492402
2021-05-17 09:46:10,2758.4,492440
2021-05-17 09:46:10,2758.4,492440
2021-05-17 09:46:11,2756.85,492445
2021-05-17 09:46:12,2758.0,492451
2021-05-17 09:46:13,2758.2,492461
2021-05-17 09:46:16,2757.6,493204
2021-05-17 09:46:16,2757.6,493204
2021-05-17 09:46:18,2756.7,493996
2021-05-17 09:46:19,2756.3,494251
2021-05-17 09:46:21,2755.6,494263
2021-05-17 09:46:21,2755.6,494263
2021-05-17 09:46:24,2755.05,494657
2021-05-17 09:46:25,2754.9,495360
2021-05-17 09:46:26,2755.55,495468
2021-05-17 09:46:27,2754.0,495636
2021-05-17 09:46:29,2754.0,496145
2021-05-17 09:46:32,2754.7,498249
2021-05-17 09:46:33,2754.0,498355
2021-05-17 09:46:33,2753.2,498360
2021-05-17 09:46:34,2753.15,498400
2021-05-17 09:46:35,2752.9,499691
2021-05-17 09:46:36,2752.4,500225
2021-05-17 09:46:37,2752.95,500436
2021-05-17 09:46:38,2752.4,500539
2021-05-17 09:46:39,2752.9,500810
2021-05-17 09:46:40,2755.55,503502
2021-05-17 09:46:41,2756.0,503817
2021-05-17 09:46:42,2755.5,504158
2021-05-17 09:46:43,2754.45,504691
2021-05-17 09:46:46,2754.35,504882
2021-05-17 09:46:47,2755.45,504983
2021-05-17 09:46:49,2755.45,505044
2021-05-17 09:46:50,2754.5,505087
2021-05-17 09:46:50,2754.5,505087
2021-05-17 09:46:51,2754.55,505230
2021-05-17 09:46:52,2754.55,505396
2021-05-17 09:46:53,2754.1,505499
2021-05-17 09:46:54,2754.55,505535
2021-05-17 09:46:55,2754.55,505616
2021-05-17 09:46:56,2755.7,505871
2021-05-17 09:46:58,2754.65,505874
2021-05-17 09:46:59,2754.55,505946
2021-05-17 09:47:00,2755.0,506002
2021-05-17 09:47:00,2755.0,506002
2021-05-17 09:47:01,2756.0,506140
2021-05-17 09:47:04,2756.05,506883
2021-05-17 09:47:05,2755.5,507016
2021-05-17 09:47:06,2755.3,507081
2021-05-17 09:47:07,2755.3,507155
2021-05-17 09:47:08,2755.95,507397
2021-05-17 09:47:09,2755.5,507398
2021-05-17 09:47:10,2755.9,507406
2021-05-17 09:47:11,2755.9,507423
2021-05-17 09:47:13,2754.55,508335
2021-05-17 09:47:14,2754.55,509690
2021-05-17 09:47:15,2754.55,509690
2021-05-17 09:47:17,2754.45,509750
2021-05-17 09:47:17,2754.2,509763
2021-05-17 09:47:19,2755.1,509843
2021-05-17 09:47:20,2754.35,509867
2021-05-17 09:47:21,2755.1,509868
2021-05-17 09:47:22,2755.1,509869
2021-05-17 09:47:23,2755.1,509901
2021-05-17 09:47:24,2755.1,510585
2021-05-17 09:47:26,2754.45,510685
2021-05-17 09:47:27,2755.45,510745
2021-05-17 09:47:28,2754.45,510761
2021-05-17 09:47:29,2755.0,510763
2021-05-17 09:47:29,2755.0,510766
2021-05-17 09:47:30,2755.0,510776
2021-05-17 09:47:31,2754.9,511496
2021-05-17 09:47:32,2756.0,511796
2021-05-17 09:47:33,2755.25,511829
2021-05-17 09:47:34,2756.0,512129
2021-05-17 09:47:35,2756.0,512149
2021-05-17 09:47:36,2756.0,512171
2021-05-17 09:47:37,2756.0,512214
2021-05-17 09:47:38,2756.0,512216
2021-05-17 09:47:39,2756.0,512230
2021-05-17 09:47:40,2756.0,512374
2021-05-17 09:47:41,2756.0,512404
2021-05-17 09:47:42,2755.75,512948
2021-05-17 09:47:44,2757.0,513031
2021-05-17 09:47:45,2757.0,513048
2021-05-17 09:47:47,2757.0,513250
2021-05-17 09:47:48,2758.2,513479
2021-05-17 09:47:49,2758.2,513577
2021-05-17 09:47:50,2758.3,513669
2021-05-17 09:47:51,2758.3,513705
2021-05-17 09:47:52,2758.15,513728
2021-05-17 09:47:53,2758.3,513793
2021-05-17 09:47:54,2759.0,513974
2021-05-17 09:47:55,2759.1,513975
2021-05-17 09:47:56,2759.0,513996
2021-05-17 09:47:57,2759.0,513996
2021-05-17 09:47:58,2759.8,514096
2021-05-17 09:47:58,2759.2,514101
2021-05-17 09:47:59,2759.8,514109
2021-05-17 09:48:00,2761.85,516047
2021-05-17 09:48:01,2762.35,516804
2021-05-17 09:48:02,2760.9,517914
2021-05-17 09:48:03,2759.2,518409
2021-05-17 09:48:05,2759.2,518409
2021-05-17 09:48:06,2759.2,518957
2021-05-17 09:48:07,2759.85,519266
2021-05-17 09:48:08,2759.85,519381
2021-05-17 09:48:09,2759.2,519404
2021-05-17 09:48:11,2759.85,519465
2021-05-17 09:48:11,2759.85,519475
2021-05-17 09:48:14,2759.0,519935
2021-05-17 09:48:14,2759.2,519670
2021-05-17 09:48:15,2758.5,520470
2021-05-17 09:48:16,2756.5,520479
2021-05-17 09:48:17,2758.0,520480
2021-05-17 09:48:18,2758.0,520480
2021-05-17 09:48:19,2758.0,520480
2021-05-17 09:48:20,2757.2,520481
2021-05-17 09:48:21,2757.15,520740
2021-05-17 09:48:22,2757.15,520747
2021-05-17 09:48:23,2757.15,520781
2021-05-17 09:48:24,2757.15,520781
2021-05-17 09:48:25,2756.35,520789
2021-05-17 09:48:26,2756.0,521350
2021-05-17 09:48:27,2756.0,521411
2021-05-17 09:48:28,2756.95,521413
2021-05-17 09:48:29,2756.0,521469
2021-05-17 09:48:30,2757.0,522104
2021-05-17 09:48:32,2756.95,522250
2021-05-17 09:48:33,2756.95,522250
2021-05-17 09:48:33,2756.95,522255
2021-05-17 09:48:34,2755.5,522258
2021-05-17 09:48:35,2756.25,522262
2021-05-17 09:48:36,2756.7,522289
2021-05-17 09:48:37,2755.0,522461
2021-05-17 09:48:39,2756.1,522608
2021-05-17 09:48:40,2755.0,522712
2021-05-17 09:48:41,2755.0,522723
2021-05-17 09:48:42,2755.0,522929
2021-05-17 09:48:42,2756.35,522729
2021-05-17 09:48:43,2755.0,522984
2021-05-17 09:48:44,2755.0,523050
2021-05-17 09:48:47,2756.0,523221
2021-05-17 09:48:49,2755.5,523360
2021-05-17 09:48:50,2755.35,523375
2021-05-17 09:48:51,2756.95,523406
2021-05-17 09:48:52,2756.95,523406
2021-05-17 09:48:53,2755.9,523421
2021-05-17 09:48:54,2757.55,523832
2021-05-17 09:48:55,2757.5,523854
2021-05-17 09:48:56,2757.6,523862
2021-05-17 09:48:57,2757.9,523885
2021-05-17 09:48:58,2757.9,523889
2021-05-17 09:48:58,2757.9,523889
2021-05-17 09:48:59,2757.9,523889
2021-05-17 09:49:00,2756.45,523925
2021-05-17 09:49:01,2756.25,523927
2021-05-17 09:49:02,2756.25,523960
2021-05-17 09:49:03,2755.9,524078
2021-05-17 09:49:04,2756.25,524122
2021-05-17 09:49:05,2757.05,524172
2021-05-17 09:49:06,2756.75,524336
2021-05-17 09:49:07,2756.75,524336
2021-05-17 09:49:08,2756.75,524336
2021-05-17 09:49:09,2756.25,524349
2021-05-17 09:49:10,2756.05,524367
2021-05-17 09:49:11,2756.05,524378
2021-05-17 09:49:12,2756.9,524521
2021-05-17 09:49:13,2755.4,524529
2021-05-17 09:49:18,2756.5,524678
2021-05-17 09:49:19,2756.5,524683
2021-05-17 09:49:21,2756.1,524758
2021-05-17 09:49:22,2756.1,524762
2021-05-17 09:49:23,2756.1,524762
2021-05-17 09:49:24,2756.1,524762
2021-05-17 09:49:25,2756.7,524814
2021-05-17 09:49:25,2757.0,524854
2021-05-17 09:49:26,2757.0,524915
2021-05-17 09:49:27,2757.9,525025
2021-05-17 09:49:30,2759.15,525122
2021-05-17 09:49:31,2757.9,525128
2021-05-17 09:49:32,2757.9,525138
2021-05-17 09:49:33,2758.1,525178
2021-05-17 09:49:33,2758.1,525178
2021-05-17 09:49:35,2759.95,525196
2021-05-17 09:49:36,2758.9,525314
2021-05-17 09:49:37,2758.85,525326
2021-05-17 09:49:38,2760.0,525336
2021-05-17 09:49:39,2758.85,525376
2021-05-17 09:49:40,2760.0,525427
2021-05-17 09:49:40,2760.0,525427
2021-05-17 09:49:41,2760.0,525553
2021-05-17 09:49:42,2760.0,525556
2021-05-17 09:49:43,2760.0,525723
2021-05-17 09:49:45,2760.0,525723
2021-05-17 09:49:46,2758.85,525744
2021-05-17 09:49:46,2758.85,525744
2021-05-17 09:49:47,2758.9,525748
2021-05-17 09:49:49,2760.0,525765
2021-05-17 09:49:50,2758.85,525834
2021-05-17 09:49:51,2760.0,525902
2021-05-17 09:49:52,2758.85,526155
2021-05-17 09:49:53,2760.0,526292
2021-05-17 09:49:54,2760.0,526442
2021-05-17 09:49:55,2760.0,526442
2021-05-17 09:49:56,2760.0,526442
2021-05-17 09:49:57,2760.0,526442
2021-05-17 09:49:59,2760.0,526482
2021-05-17 09:50:00,2760.05,526583
2021-05-17 09:50:01,2760.05,526610
2021-05-17 09:50:02,2760.05,526611
2021-05-17 09:50:04,2760.0,526671
2021-05-17 09:50:04,2760.0,526681
2021-05-17 09:50:05,2761.95,526761
2021-05-17 09:50:06,2761.95,526761
2021-05-17 09:50:08,2762.5,527015
2021-05-17 09:50:09,2762.5,527016
2021-05-17 09:50:10,2762.35,527188
2021-05-17 09:50:11,2762.35,527188
2021-05-17 09:50:12,2763.6,527306
2021-05-17 09:50:13,2764.0,527453
2021-05-17 09:50:14,2763.9,527577
2021-05-17 09:50:15,2762.55,527667
2021-05-17 09:50:16,2762.55,527673
2021-05-17 09:50:16,2762.55,527675
2021-05-17 09:50:17,2764.0,527886
2021-05-17 09:50:19,2764.0,527887
2021-05-17 09:50:20,2763.0,527893
2021-05-17 09:50:21,2762.55,527913
2021-05-17 09:50:22,2763.4,528239
2021-05-17 09:50:23,2764.7,528487
2021-05-17 09:50:24,2765.0,528493
2021-05-17 09:50:25,2763.9,528733
2021-05-17 09:50:27,2763.4,528870
2021-05-17 09:50:28,2763.45,528888
2021-05-17 09:50:29,2763.45,528888
2021-05-17 09:50:31,2764.85,529422
2021-05-17 09:50:32,2762.9,529543
2021-05-17 09:50:33,2764.9,529639
2021-05-17 09:50:35,2764.9,529691
2021-05-17 09:50:35,2764.9,529691
2021-05-17 09:50:36,2763.5,529695
2021-05-17 09:50:37,2765.0,529905
2021-05-17 09:50:38,2765.0,529905
2021-05-17 09:50:40,2763.7,529948
2021-05-17 09:50:41,2765.0,530034
2021-05-17 09:50:42,2765.0,530044
2021-05-17 09:50:43,2764.0,530100
2021-05-17 09:50:44,2765.0,530170
2021-05-17 09:50:45,2765.0,530234
2021-05-17 09:50:46,2765.0,530236
2021-05-17 09:50:48,2765.0,530326
2021-05-17 09:50:49,2765.0,530326
2021-05-17 09:50:50,2764.6,530327
2021-05-17 09:50:51,2764.6,530394
2021-05-17 09:50:52,2764.6,530397
2021-05-17 09:50:53,2763.7,530537
2021-05-17 09:50:54,2763.6,530578
2021-05-17 09:50:55,2764.9,530621
2021-05-17 09:50:56,2764.9,530645
2021-05-17 09:50:56,2764.9,530645
2021-05-17 09:50:57,2763.6,530646
2021-05-17 09:50:58,2765.0,530647
2021-05-17 09:50:59,2765.0,530647
2021-05-17 09:51:00,2764.95,530661
2021-05-17 09:51:01,2764.9,530682
2021-05-17 09:51:02,2763.0,531990
2021-05-17 09:51:03,2761.95,532037
2021-05-17 09:51:05,2761.95,532037
2021-05-17 09:51:06,2762.05,532087
2021-05-17 09:51:07,2761.65,532305
2021-05-17 09:51:08,2761.6,532558
2021-05-17 09:51:09,2760.0,532578
2021-05-17 09:51:11,2760.0,532949
2021-05-17 09:51:12,2759.55,533000
2021-05-17 09:51:13,2760.0,533025
2021-05-17 09:51:13,2760.0,533025
2021-05-17 09:51:14,2759.55,533088
2021-05-17 09:51:15,2760.0,533582
2021-05-17 09:51:16,2759.6,533657
2021-05-17 09:51:17,2760.75,533714
2021-05-17 09:51:19,2760.8,533744
2021-05-17 09:51:20,2761.1,533820
2021-05-17 09:51:21,2761.15,533903
2021-05-17 09:51:22,2761.15,533903
2021-05-17 09:51:22,2761.6,533904
2021-05-17 09:51:23,2760.2,534035
2021-05-17 09:51:24,2760.25,534042
2021-05-17 09:51:25,2760.25,534042
2021-05-17 09:51:26,2761.8,534053
2021-05-17 09:51:27,2761.8,534058
2021-05-17 09:51:29,2761.8,534079
2021-05-17 09:51:30,2761.8,534079
2021-05-17 09:51:31,2761.8,534079
2021-05-17 09:51:32,2761.8,534079
2021-05-17 09:51:33,2760.35,534084
2021-05-17 09:51:34,2760.35,534084
2021-05-17 09:51:34,2760.35,534084
2021-05-17 09:51:35,2760.8,534162
2021-05-17 09:51:36,2760.8,534173
2021-05-17 09:51:37,2760.8,534173
2021-05-17 09:51:38,2760.8,534173
2021-05-17 09:51:39,2760.95,534501
2021-05-17 09:51:40,2762.9,534527
2021-05-17 09:51:41,2761.5,534528
2021-05-17 09:51:44,2763.0,534617
2021-05-17 09:51:45,2761.7,534618
2021-05-17 09:51:46,2763.0,534619
2021-05-17 09:51:47,2763.0,534619
2021-05-17 09:51:48,2761.7,534647
2021-05-17 09:51:49,2761.75,534657
2021-05-17 09:51:49,2761.75,534657
2021-05-17 09:51:50,2762.0,534682
2021-05-17 09:51:52,2762.0,534684
2021-05-17 09:51:52,2762.0,534684
2021-05-17 09:51:53,2762.05,534705
2021-05-17 09:51:56,2762.05,534712
2021-05-17 09:51:57,2763.0,534722
2021-05-17 09:51:59,2763.0,534735
2021-05-17 09:52:00,2762.95,534740
2021-05-17 09:52:01,2762.95,534740
2021-05-17 09:52:02,2762.95,534740
2021-05-17 09:52:03,2762.95,534740
2021-05-17 09:52:03,2762.95,534740
2021-05-17 09:52:04,2762.1,534746
2021-05-17 09:52:05,2762.1,534756
2021-05-17 09:52:06,2762.1,534756
2021-05-17 09:52:07,2763.0,534771
2021-05-17 09:52:08,2763.0,534793
2021-05-17 09:52:09,2763.0,534793
2021-05-17 09:52:12,2763.0,534815
2021-05-17 09:52:13,2762.1,534865
2021-05-17 09:52:14,2762.1,534865
2021-05-17 09:52:15,2762.1,534889
2021-05-17 09:52:15,2763.0,534969
2021-05-17 09:52:17,2762.1,534975
2021-05-17 09:52:18,2762.7,535074
2021-05-17 09:52:19,2762.6,535078
2021-05-17 09:52:19,2762.6,535078
2021-05-17 09:52:20,2763.0,535184
2021-05-17 09:52:21,2763.5,535191
2021-05-17 09:52:23,2763.5,535210
2021-05-17 09:52:24,2762.45,535265
2021-05-17 09:52:25,2763.95,535349
2021-05-17 09:52:26,2764.0,535384
2021-05-17 09:52:27,2764.0,535387
2021-05-17 09:52:28,2763.0,535437
2021-05-17 09:52:29,2763.0,535437
2021-05-17 09:52:30,2764.0,535438
2021-05-17 09:52:30,2764.0,535438
2021-05-17 09:52:32,2764.0,535451
2021-05-17 09:52:33,2763.0,535537
2021-05-17 09:52:34,2763.0,535631
2021-05-17 09:52:35,2762.1,535648
2021-05-17 09:52:36,2762.1,535648
2021-05-17 09:52:37,2762.1,535648
2021-05-17 09:52:38,2763.0,535649
2021-05-17 09:52:38,2763.0,535649
2021-05-17 09:52:39,2763.15,535673
2021-05-17 09:52:40,2762.0,535694
2021-05-17 09:52:41,2762.1,535695
2021-05-17 09:52:42,2762.1,535695
2021-05-17 09:52:44,2762.95,535779
2021-05-17 09:52:45,2761.75,535829
2021-05-17 09:52:46,2761.75,535829
2021-05-17 09:52:47,2761.2,535847
2021-05-17 09:52:48,2762.8,535930
2021-05-17 09:52:49,2762.8,535930
2021-05-17 09:52:50,2762.8,535931
2021-05-17 09:52:51,2762.8,535931
2021-05-17 09:52:52,2762.8,535932
2021-05-17 09:52:53,2761.4,535933
2021-05-17 09:52:54,2761.4,535938
2021-05-17 09:52:55,2762.4,535957
2021-05-17 09:52:56,2762.55,535962
2021-05-17 09:52:58,2761.1,536062
2021-05-17 09:52:58,2761.1,536062
2021-05-17 09:53:00,2761.95,536084
2021-05-17 09:53:01,2762.45,536132
2021-05-17 09:53:02,2762.45,536132
2021-05-17 09:53:03,2762.5,536140
2021-05-17 09:53:04,2761.95,536166
2021-05-17 09:53:05,2761.95,536176
2021-05-17 09:53:06,2761.95,536184
2021-05-17 09:53:07,2762.5,536189
2021-05-17 09:53:08,2761.95,536210
2021-05-17 09:53:09,2761.95,536263
2021-05-17 09:53:09,2761.95,536263
2021-05-17 09:53:11,2762.5,536273
2021-05-17 09:53:11,2762.5,536290
2021-05-17 09:53:12,2762.5,536290
2021-05-17 09:53:13,2762.5,536290
2021-05-17 09:53:16,2761.95,536295
2021-05-17 09:53:17,2762.5,536306
2021-05-17 09:53:18,2762.0,536327
2021-05-17 09:53:19,2762.5,536339
2021-05-17 09:53:20,2762.0,536354
2021-05-17 09:53:21,2761.95,536375
2021-05-17 09:53:23,2762.5,536412
2021-05-17 09:53:25,2762.5,536412
2021-05-17 09:53:26,2762.5,536412
2021-05-17 09:53:28,2762.0,536458
2021-05-17 09:53:29,2762.5,536498
2021-05-17 09:53:30,2762.5,536498
2021-05-17 09:53:31,2762.5,536498
2021-05-17 09:53:31,2762.5,536498
2021-05-17 09:53:32,2761.1,536542
2021-05-17 09:53:33,2762.0,536560
2021-05-17 09:53:35,2762.0,536578
2021-05-17 09:53:36,2762.5,536773
2021-05-17 09:53:37,2763.6,536964
2021-05-17 09:53:38,2763.6,536964
2021-05-17 09:53:39,2763.05,537013
2021-05-17 09:53:40,2763.05,537013
2021-05-17 09:53:41,2763.05,537025
2021-05-17 09:53:42,2763.25,537060
2021-05-17 09:53:43,2762.85,537216
2021-05-17 09:53:44,2763.95,537221
2021-05-17 09:53:46,2763.5,537409
2021-05-17 09:53:46,2763.5,537409
2021-05-17 09:53:47,2763.5,537409
2021-05-17 09:53:48,2764.0,537419
2021-05-17 09:53:49,2764.05,537556
2021-05-17 09:53:50,2764.45,537577
2021-05-17 09:53:51,2766.2,538433
2021-05-17 09:53:53,2767.95,538513
2021-05-17 09:53:54,2768.0,538553
2021-05-17 09:53:55,2768.0,538556
2021-05-17 09:53:56,2768.0,538689
2021-05-17 09:53:57,2767.55,538833
2021-05-17 09:53:58,2769.5,539335
2021-05-17 09:53:59,2769.9,539449
2021-05-17 09:54:00,2768.75,539461
2021-05-17 09:54:02,2770.0,539784
2021-05-17 09:54:01,2770.0,539732
2021-05-17 09:54:03,2768.65,540078
2021-05-17 09:54:05,2769.7,540533
2021-05-17 09:54:06,2769.7,540543
2021-05-17 09:54:07,2769.7,540551
2021-05-17 09:54:08,2769.75,540656
2021-05-17 09:54:09,2768.0,541666
2021-05-17 09:54:10,2766.5,541943
2021-05-17 09:54:11,2766.5,541943
2021-05-17 09:54:13,2765.5,542871
2021-05-17 09:54:14,2765.5,542882
2021-05-17 09:54:15,2766.55,542898
2021-05-17 09:54:16,2766.55,542899
2021-05-17 09:54:17,2766.55,542899
2021-05-17 09:54:18,2766.55,542899
2021-05-17 09:54:19,2766.8,543108
2021-05-17 09:54:20,2765.4,543110
2021-05-17 09:54:21,2765.4,543110
2021-05-17 09:54:22,2766.0,543111
2021-05-17 09:54:24,2765.4,543159
2021-05-17 09:54:23,2765.4,543159
2021-05-17 09:54:25,2765.7,543369
2021-05-17 09:54:26,2765.7,543369
2021-05-17 09:54:27,2765.55,543380
2021-05-17 09:54:29,2765.2,543434
2021-05-17 09:54:30,2765.55,543444
2021-05-17 09:54:31,2764.85,543463
2021-05-17 09:54:32,2763.95,543473
2021-05-17 09:54:33,2764.85,543474
2021-05-17 09:54:34,2764.85,543474
2021-05-17 09:54:35,2764.0,543534
2021-05-17 09:54:36,2764.0,543534
2021-05-17 09:54:38,2764.0,543534
2021-05-17 09:54:39,2766.0,543545
2021-05-17 09:54:40,2765.0,543640
2021-05-17 09:54:41,2765.0,543642
2021-05-17 09:54:42,2766.0,543643
2021-05-17 09:54:43,2766.0,543643
2021-05-17 09:54:45,2766.0,543676
2021-05-17 09:54:46,2766.4,543780
2021-05-17 09:54:47,2766.4,543789
2021-05-17 09:54:48,2766.0,543799
2021-05-17 09:54:49,2766.0,543799
2021-05-17 09:54:50,2766.0,543799
2021-05-17 09:54:51,2766.0,543803
2021-05-17 09:54:52,2765.0,543863
2021-05-17 09:54:53,2766.2,543891
2021-05-17 09:54:54,2765.0,543941
2021-05-17 09:54:55,2766.0,543949
2021-05-17 09:54:56,2766.15,543953
2021-05-17 09:54:57,2765.0,544038
2021-05-17 09:54:58,2765.0,544040
2021-05-17 09:54:59,2764.85,544046
2021-05-17 09:55:00,2764.85,544046
2021-05-17 09:55:01,2764.85,544046
2021-05-17 09:55:02,2765.0,544125
2021-05-17 09:55:03,2765.0,544174
2021-05-17 09:55:04,2763.85,544216
2021-05-17 09:55:05,2763.85,544216
2021-05-17 09:55:06,2763.85,544216
2021-05-17 09:55:07,2765.0,544267
2021-05-17 09:55:08,2763.7,544407
2021-05-17 09:55:09,2763.6,544507
2021-05-17 09:55:10,2763.65,544520
2021-05-17 09:55:11,2765.0,544529
2021-05-17 09:55:12,2763.7,544536
2021-05-17 09:55:13,2764.95,544550
2021-05-17 09:55:14,2764.95,544550
2021-05-17 09:55:15,2764.95,544551
2021-05-17 09:55:16,2764.95,544561
2021-05-17 09:55:17,2763.05,544589
2021-05-17 09:55:18,2763.05,544590
2021-05-17 09:55:19,2764.8,544599
2021-05-17 09:55:21,2764.75,544605
2021-05-17 09:55:22,2764.75,544605
2021-05-17 09:55:23,2764.75,544605
2021-05-17 09:55:24,2764.75,544605
2021-05-17 09:55:25,2764.75,544605
2021-05-17 09:55:26,2764.75,544605
2021-05-17 09:55:27,2764.75,544613
2021-05-17 09:55:28,2764.75,544617
2021-05-17 09:55:29,2764.75,544618
2021-05-17 09:55:30,2764.75,544649
2021-05-17 09:55:31,2764.75,544677
2021-05-17 09:55:32,2764.8,544679
2021-05-17 09:55:33,2764.8,544679
2021-05-17 09:55:34,2764.5,544686
2021-05-17 09:55:35,2764.5,544686
2021-05-17 09:55:36,2764.85,544701
2021-05-17 09:55:37,2764.0,544708
2021-05-17 09:55:38,2764.75,544721
2021-05-17 09:55:40,2764.75,544727
2021-05-17 09:55:39,2764.05,544725
2021-05-17 09:55:41,2764.95,544730
2021-05-17 09:55:42,2764.75,544754
2021-05-17 09:55:43,2764.95,544772
2021-05-17 09:55:44,2765.0,544790
2021-05-17 09:55:45,2765.0,544795
2021-05-17 09:55:46,2765.0,544805
2021-05-17 09:55:47,2765.0,544807
2021-05-17 09:55:48,2765.0,544809
2021-05-17 09:55:49,2764.1,545135
2021-05-17 09:55:51,2766.0,545318
2021-05-17 09:55:53,2766.1,545358
2021-05-17 09:55:52,2766.1,545358
2021-05-17 09:55:54,2766.2,545363
2021-05-17 09:55:55,2767.0,545543
2021-05-17 09:55:56,2766.3,545546
2021-05-17 09:55:57,2768.0,545567
2021-05-17 09:55:58,2768.0,545591
2021-05-17 09:55:59,2768.0,545602
2021-05-17 09:56:00,2768.45,545754
2021-05-17 09:56:01,2768.45,545763
2021-05-17 09:56:02,2767.35,545779
2021-05-17 09:56:03,2767.35,545799
2021-05-17 09:56:04,2767.35,545799
2021-05-17 09:56:05,2767.35,545820
2021-05-17 09:56:06,2769.0,545823
2021-05-17 09:56:08,2769.0,545839
2021-05-17 09:56:09,2769.0,545859
2021-05-17 09:56:10,2769.0,545874
2021-05-17 09:56:10,2767.85,545873
2021-05-17 09:56:11,2767.85,545880
2021-05-17 09:56:12,2769.0,545981
2021-05-17 09:56:13,2769.0,545992
2021-05-17 09:56:14,2769.0,545993
2021-05-17 09:56:16,2767.85,546016
2021-05-17 09:56:18,2769.0,546017
2021-05-17 09:56:18,2769.0,546017
2021-05-17 09:56:19,2767.25,546267
2021-05-17 09:56:21,2767.85,546298
2021-05-17 09:56:22,2766.6,546314
2021-05-17 09:56:23,2767.85,546326
2021-05-17 09:56:24,2767.85,546332
2021-05-17 09:56:25,2766.65,546395
2021-05-17 09:56:26,2766.75,546406
2021-05-17 09:56:27,2768.0,546407
2021-05-17 09:56:28,2768.0,546407
2021-05-17 09:56:30,2768.0,546416
2021-05-17 09:56:30,2768.0,546430
2021-05-17 09:56:31,2768.0,546454
2021-05-17 09:56:32,2768.0,546461
2021-05-17 09:56:33,2766.45,546485
2021-05-17 09:56:35,2766.75,546488
2021-05-17 09:56:35,2767.0,546518
2021-05-17 09:56:36,2767.0,546522
2021-05-17 09:56:38,2766.5,546547
2021-05-17 09:56:39,2767.0,546560
2021-05-17 09:56:38,2766.5,546547
2021-05-17 09:56:40,2767.0,546586
2021-05-17 09:56:41,2766.55,546628
2021-05-17 09:56:42,2766.55,546628
2021-05-17 09:56:43,2767.9,546631
2021-05-17 09:56:44,2766.55,546643
2021-05-17 09:56:45,2767.95,546647
2021-05-17 09:56:47,2767.95,546655
2021-05-17 09:56:47,2767.95,546659
2021-05-17 09:56:48,2767.95,546661
2021-05-17 09:56:50,2766.55,546668
2021-05-17 09:56:51,2766.5,546696
2021-05-17 09:56:52,2767.95,546702
2021-05-17 09:56:52,2767.95,546697
2021-05-17 09:56:54,2767.0,546771
2021-05-17 09:56:54,2767.95,546781
2021-05-17 09:56:56,2768.0,546808
2021-05-17 09:56:56,2768.0,546808
2021-05-17 09:56:57,2767.0,546842
2021-05-17 09:56:58,2768.0,546846
2021-05-17 09:56:59,2767.0,546851
2021-05-17 09:57:00,2768.0,546852
2021-05-17 09:57:02,2768.0,546852
2021-05-17 09:57:03,2767.5,547038
2021-05-17 09:57:03,2767.5,547059
2021-05-17 09:57:04,2767.5,547063
2021-05-17 09:57:05,2767.5,547063
2021-05-17 09:57:06,2767.5,547065
2021-05-17 09:57:07,2767.5,547065
2021-05-17 09:57:09,2767.5,547065
2021-05-17 09:57:10,2766.0,547090
2021-05-17 09:57:11,2767.75,547109
2021-05-17 09:57:12,2766.0,547223
2021-05-17 09:57:13,2767.75,547237
2021-05-17 09:57:14,2767.85,547340
2021-05-17 09:57:15,2767.85,547352
2021-05-17 09:57:16,2767.85,547391
2021-05-17 09:57:17,2767.95,547392
2021-05-17 09:57:19,2767.95,547447
2021-05-17 09:57:19,2768.0,547460
2021-05-17 09:57:21,2768.0,547460
2021-05-17 09:57:22,2768.0,547460
2021-05-17 09:57:23,2768.0,547460
2021-05-17 09:57:24,2767.0,547473
2021-05-17 09:57:25,2766.4,547575
2021-05-17 09:57:26,2767.95,547587
2021-05-17 09:57:27,2766.55,547624
2021-05-17 09:57:28,2767.9,547635
2021-05-17 09:57:29,2767.9,547636
2021-05-17 09:57:30,2767.9,547636
2021-05-17 09:57:31,2767.9,547636
2021-05-17 09:57:32,2767.9,547662
2021-05-17 09:57:35,2767.9,547674
2021-05-17 09:57:36,2767.9,547679
2021-05-17 09:57:38,2766.55,547703
2021-05-17 09:57:40,2767.9,547732
2021-05-17 09:57:41,2767.5,547740
2021-05-17 09:57:42,2767.5,547741
2021-05-17 09:57:43,2767.5,547753
2021-05-17 09:57:44,2767.5,547784
2021-05-17 09:57:45,2766.55,547792
2021-05-17 09:57:46,2767.5,547794
2021-05-17 09:57:47,2767.5,547794
2021-05-17 09:57:48,2766.55,547799
2021-05-17 09:57:49,2767.5,547800
2021-05-17 09:57:50,2767.0,547802
2021-05-17 09:57:51,2767.0,547840
2021-05-17 09:57:52,2767.5,547853
2021-05-17 09:57:53,2767.5,547854
2021-05-17 09:57:54,2767.5,547887
2021-05-17 09:57:55,2766.65,547993
2021-05-17 09:57:56,2766.65,548017
2021-05-17 09:57:58,2766.65,548027
2021-05-17 09:57:58,2766.65,548027
2021-05-17 09:57:59,2767.9,548038
2021-05-17 09:58:00,2767.9,548046
2021-05-17 09:58:01,2767.85,548066
2021-05-17 09:58:02,2767.85,548069
2021-05-17 09:58:03,2767.85,548069
2021-05-17 09:58:04,2768.0,548170
2021-05-17 09:58:05,2767.95,548258
2021-05-17 09:58:07,2768.0,548360
2021-05-17 09:58:08,2768.0,548418
2021-05-17 09:58:09,2767.95,548419
2021-05-17 09:58:10,2768.0,548423
2021-05-17 09:58:11,2767.9,548475
2021-05-17 09:58:12,2768.0,548484
2021-05-17 09:58:13,2768.0,548491
2021-05-17 09:58:14,2768.0,548494
2021-05-17 09:58:15,2767.5,548504
2021-05-17 09:58:16,2768.0,548510
2021-05-17 09:58:18,2768.0,548519
2021-05-17 09:58:21,2767.5,548592
2021-05-17 09:58:22,2767.6,548596
2021-05-17 09:58:22,2767.6,548596
2021-05-17 09:58:24,2767.6,548659
2021-05-17 09:58:25,2767.6,548666
2021-05-17 09:58:26,2766.55,548676
2021-05-17 09:58:26,2766.55,548687
2021-05-17 09:58:27,2766.65,548688
2021-05-17 09:58:30,2766.0,548697
2021-05-17 09:58:31,2766.7,548738
2021-05-17 09:58:32,2767.15,548748
2021-05-17 09:58:33,2766.0,548754
2021-05-17 09:58:34,2767.2,548816
2021-05-17 09:58:35,2767.2,548816
2021-05-17 09:58:35,2767.2,548816
2021-05-17 09:58:36,2766.7,548836
2021-05-17 09:58:38,2767.25,548840
2021-05-17 09:58:38,2767.25,548841
2021-05-17 09:58:40,2766.0,549054
2021-05-17 09:58:41,2767.25,549057
2021-05-17 09:58:42,2766.05,549080
2021-05-17 09:58:43,2767.5,549090
2021-05-17 09:58:43,2767.5,549090
2021-05-17 09:58:44,2767.5,549100
2021-05-17 09:58:46,2766.05,549108
2021-05-17 09:58:47,2767.25,549229
2021-05-17 09:58:48,2766.3,549254
2021-05-17 09:58:49,2767.85,549386
2021-05-17 09:58:50,2766.65,549397
2021-05-17 09:58:51,2768.0,549492
2021-05-17 09:58:52,2768.0,549499
2021-05-17 09:58:53,2768.0,549517
2021-05-17 09:58:54,2767.5,549523
2021-05-17 09:58:55,2767.5,549529
2021-05-17 09:58:56,2767.9,549534
2021-05-17 09:58:57,2767.25,549543
2021-05-17 09:58:58,2767.25,549544
2021-05-17 09:58:58,2767.25,549544
2021-05-17 09:58:59,2767.25,549544
2021-05-17 09:59:00,2767.25,549545
2021-05-17 09:59:01,2767.25,549545
2021-05-17 09:59:02,2766.35,549550
2021-05-17 09:59:03,2767.25,549571
2021-05-17 09:59:04,2767.25,549581
2021-05-17 09:59:05,2766.1,549583
2021-05-17 09:59:06,2766.05,549591
2021-05-17 09:59:07,2766.05,549598
2021-05-17 09:59:08,2767.5,549609
2021-05-17 09:59:09,2768.5,551313
2021-05-17 09:59:10,2768.5,551339
2021-05-17 09:59:11,2769.0,551604
2021-05-17 09:59:13,2767.7,551956
2021-05-17 09:59:13,2769.0,551982
2021-05-17 09:59:14,2769.0,552231
2021-05-17 09:59:15,2767.75,552367
2021-05-17 09:59:16,2767.75,552367
2021-05-17 09:59:17,2772.4,556520
2021-05-17 09:59:18,2772.95,557640
2021-05-17 09:59:19,2773.7,558047
2021-05-17 09:59:20,2773.65,558372
2021-05-17 09:59:21,2773.35,558588
2021-05-17 09:59:22,2773.35,558609
2021-05-17 09:59:24,2771.85,558641
2021-05-17 09:59:25,2771.85,558641
2021-05-17 09:59:26,2773.55,558648
2021-05-17 09:59:27,2772.0,558665
2021-05-17 09:59:28,2773.0,558949
2021-05-17 09:59:29,2773.0,558969
2021-05-17 09:59:30,2772.0,558971
2021-05-17 09:59:31,2773.0,559186
2021-05-17 09:59:32,2773.0,559236
2021-05-17 09:59:34,2773.0,559282
2021-05-17 09:59:35,2772.0,559317
2021-05-17 09:59:36,2773.0,559568
2021-05-17 09:59:38,2773.0,559603
2021-05-17 09:59:39,2771.75,559716
2021-05-17 09:59:40,2770.8,560075
2021-05-17 09:59:41,2771.4,560085
2021-05-17 09:59:42,2769.45,560205
2021-05-17 09:59:43,2768.45,560517
2021-05-17 09:59:44,2768.45,560576
2021-05-17 09:59:45,2768.45,560576
2021-05-17 09:59:46,2768.7,560704
2021-05-17 09:59:47,2768.45,560714
2021-05-17 09:59:48,2768.7,560720
2021-05-17 09:59:49,2770.35,560726
2021-05-17 09:59:50,2770.35,560726
2021-05-17 09:59:51,2770.05,560750
2021-05-17 09:59:52,2769.95,560850
2021-05-17 09:59:53,2769.95,560850
2021-05-17 09:59:54,2769.95,560850
2021-05-17 09:59:55,2769.95,560850
2021-05-17 09:59:57,2771.5,561010
2021-05-17 09:59:57,2770.0,561012
2021-05-17 09:59:58,2770.0,561013
2021-05-17 09:59:59,2771.45,561021
2021-05-17 10:00:00,2771.4,561036
2021-05-17 10:00:01,2771.4,561095
2021-05-17 10:00:02,2771.45,561205
2021-05-17 10:00:03,2771.45,561221
2021-05-17 10:00:04,2771.45,561346
2021-05-17 10:00:05,2770.1,561396
2021-05-17 10:00:07,2771.45,561431
2021-05-17 10:00:08,2772.0,561495
2021-05-17 10:00:08,2770.45,561545
2021-05-17 10:00:09,2770.45,561646
2021-05-17 10:00:10,2770.0,561948
2021-05-17 10:00:11,2770.05,561954
2021-05-17 10:00:13,2770.0,562107
2021-05-17 10:00:14,2770.0,562107
2021-05-17 10:00:15,2770.0,562261
2021-05-17 10:00:16,2770.45,562265
2021-05-17 10:00:17,2770.05,562277
2021-05-17 10:00:18,2770.05,562277
2021-05-17 10:00:19,2769.95,562413
2021-05-17 10:00:23,2770.0,562693
2021-05-17 10:00:24,2769.9,564248
2021-05-17 10:00:25,2769.9,564248
2021-05-17 10:00:26,2769.95,564358
2021-05-17 10:00:27,2768.15,564530
2021-05-17 10:00:28,2769.8,564531
2021-05-17 10:00:28,2769.8,564531
2021-05-17 10:00:29,2769.0,564532
2021-05-17 10:00:30,2768.15,564533
2021-05-17 10:00:31,2769.8,564542
2021-05-17 10:00:33,2769.95,564609
2021-05-17 10:00:34,2768.35,564619
2021-05-17 10:00:35,2768.1,564835
2021-05-17 10:00:36,2768.25,564936
2021-05-17 10:00:36,2768.25,564952
2021-05-17 10:00:38,2769.85,564994
2021-05-17 10:00:40,2769.85,565009
2021-05-17 10:00:41,2768.3,565026
2021-05-17 10:00:42,2768.0,565065
2021-05-17 10:00:42,2768.0,565059
2021-05-17 10:00:44,2768.0,565113
2021-05-17 10:00:45,2767.85,565159
2021-05-17 10:00:45,2767.85,565162
2021-05-17 10:00:46,2767.6,565193
2021-05-17 10:00:48,2768.2,565224
2021-05-17 10:00:48,2767.25,565226
2021-05-17 10:00:50,2767.25,565226
2021-05-17 10:00:51,2767.1,565236
2021-05-17 10:00:52,2767.95,565237
2021-05-17 10:00:52,2767.1,565236
2021-05-17 10:00:54,2767.0,565285
2021-05-17 10:00:55,2768.0,565297
2021-05-17 10:00:56,2768.0,565317
2021-05-17 10:00:57,2768.0,565317
2021-05-17 10:00:58,2768.0,565317
2021-05-17 10:00:59,2767.3,565321
2021-05-17 10:01:00,2767.3,565321
2021-05-17 10:01:01,2767.3,565321
2021-05-17 10:01:01,2767.3,565321
2021-05-17 10:01:02,2767.3,565323
2021-05-17 10:01:04,2768.0,565486
2021-05-17 10:01:05,2767.0,565487
2021-05-17 10:01:06,2768.0,565491
2021-05-17 10:01:08,2768.0,565491
2021-05-17 10:01:08,2768.0,565542
2021-05-17 10:01:10,2767.0,565551
2021-05-17 10:01:11,2768.0,565570
2021-05-17 10:01:12,2768.0,565575
2021-05-17 10:01:12,2768.0,565575
2021-05-17 10:01:14,2768.0,565575
2021-05-17 10:01:15,2768.0,565575
2021-05-17 10:01:16,2768.0,565637
2021-05-17 10:01:16,2767.0,565687
2021-05-17 10:01:17,2767.0,565692
2021-05-17 10:01:19,2767.0,565704
2021-05-17 10:01:20,2768.0,565708
2021-05-17 10:01:21,2767.0,565712
2021-05-17 10:01:22,2767.0,565712
2021-05-17 10:01:23,2768.25,566840
2021-05-17 10:01:23,2768.25,566840
2021-05-17 10:01:24,2768.25,566840
2021-05-17 10:01:25,2768.25,566840
2021-05-17 10:01:26,2767.4,566841
2021-05-17 10:01:27,2769.3,566915
2021-05-17 10:01:28,2769.3,566931
2021-05-17 10:01:30,2769.3,566931
2021-05-17 10:01:31,2769.65,566981
2021-05-17 10:01:32,2768.4,566984
2021-05-17 10:01:33,2768.35,567014
2021-05-17 10:01:33,2769.9,567034
2021-05-17 10:01:35,2771.0,567662
2021-05-17 10:01:36,2770.95,567696
2021-05-17 10:01:37,2770.95,567696
2021-05-17 10:01:38,2769.65,567697
2021-05-17 10:01:39,2769.6,567743
2021-05-17 10:01:40,2769.3,567744
2021-05-17 10:01:41,2770.2,567746
2021-05-17 10:01:43,2768.1,567805
2021-05-17 10:01:44,2769.8,567806
2021-05-17 10:01:45,2768.2,567836
2021-05-17 10:01:46,2769.6,567846
2021-05-17 10:01:47,2769.6,567848
2021-05-17 10:01:47,2768.1,567877
2021-05-17 10:01:48,2768.1,567877
2021-05-17 10:01:50,2768.1,567936
2021-05-17 10:01:51,2768.1,567957
2021-05-17 10:01:52,2769.7,567961
2021-05-17 10:01:53,2769.7,567961
2021-05-17 10:01:54,2768.4,567962
2021-05-17 10:01:55,2770.0,567991
2021-05-17 10:01:56,2768.4,567992
2021-05-17 10:01:56,2768.4,567992
2021-05-17 10:01:57,2768.3,568042
2021-05-17 10:01:58,2768.3,568054
2021-05-17 10:01:59,2770.0,568068
2021-05-17 10:02:00,2770.0,568072
2021-05-17 10:02:01,2770.0,568075
2021-05-17 10:02:03,2768.7,568085
2021-05-17 10:02:04,2768.45,568086
2021-05-17 10:02:05,2770.0,568091
2021-05-17 10:02:06,2770.0,568091
2021-05-17 10:02:07,2770.0,568117
2021-05-17 10:02:08,2770.0,568172
2021-05-17 10:02:09,2768.75,568178
2021-05-17 10:02:10,2768.75,568178
2021-05-17 10:02:11,2768.75,568178
2021-05-17 10:02:12,2768.75,568178
2021-05-17 10:02:13,2768.75,568178
2021-05-17 10:02:14,2768.75,568178
2021-05-17 10:02:16,2770.0,568194
2021-05-17 10:02:18,2769.0,568203
2021-05-17 10:02:18,2769.0,568203
2021-05-17 10:02:19,2770.0,568213
2021-05-17 10:02:20,2770.0,568213
2021-05-17 10:02:22,2769.05,568246
2021-05-17 10:02:23,2769.05,568246
2021-05-17 10:02:24,2769.95,568261
2021-05-17 10:02:25,2769.0,568273
2021-05-17 10:02:26,2769.9,568295
2021-05-17 10:02:28,2769.0,568336
2021-05-17 10:02:29,2769.8,568344
2021-05-17 10:02:30,2769.0,568345
2021-05-17 10:02:31,2769.8,568381
2021-05-17 10:02:32,2769.8,568387
2021-05-17 10:02:33,2769.8,568387
2021-05-17 10:02:34,2769.8,568387
2021-05-17 10:02:35,2770.0,568537
2021-05-17 10:02:35,2770.0,568554
2021-05-17 10:02:36,2770.0,568584
2021-05-17 10:02:37,2770.0,568593
2021-05-17 10:02:39,2770.9,568601
2021-05-17 10:02:40,2769.3,568685
2021-05-17 10:02:41,2769.3,568685
2021-05-17 10:02:42,2769.3,568685
2021-05-17 10:02:43,2769.3,568685
2021-05-17 10:02:44,2769.3,568685
2021-05-17 10:02:45,2770.9,568700
2021-05-17 10:02:46,2770.05,568712
2021-05-17 10:02:47,2770.9,568721
2021-05-17 10:02:49,2770.05,568781
2021-05-17 10:02:50,2770.05,568781
2021-05-17 10:02:51,2770.05,568784
2021-05-17 10:02:52,2770.05,568803
2021-05-17 10:02:53,2771.0,568910
2021-05-17 10:02:54,2770.05,568911
2021-05-17 10:02:55,2771.0,568939
2021-05-17 10:02:56,2770.95,568943
2021-05-17 10:02:57,2769.8,569723
2021-05-17 10:02:58,2770.45,569828
2021-05-17 10:02:59,2769.0,569834
2021-05-17 10:03:00,2769.0,569834
2021-05-17 10:03:01,2770.0,569845
2021-05-17 10:03:02,2770.0,569845
2021-05-17 10:03:03,2770.25,569855
2021-05-17 10:03:04,2770.35,569870
2021-05-17 10:03:05,2769.0,569871
2021-05-17 10:03:06,2769.0,569871
2021-05-17 10:03:07,2770.0,569872
2021-05-17 10:03:08,2770.0,569872
2021-05-17 10:03:09,2769.0,569962
2021-05-17 10:03:10,2769.0,569982
2021-05-17 10:03:11,2769.0,569994
2021-05-17 10:03:12,2769.0,570096
2021-05-17 10:03:13,2769.0,570096
2021-05-17 10:03:14,2768.0,570209
2021-05-17 10:03:15,2768.0,570214
2021-05-17 10:03:16,2768.0,570224
2021-05-17 10:03:17,2768.95,570255
2021-05-17 10:03:18,2768.95,570255
2021-05-17 10:03:18,2768.0,570265
2021-05-17 10:03:21,2768.0,570288
2021-05-17 10:03:22,2768.0,570288
2021-05-17 10:03:23,2769.0,570388
2021-05-17 10:03:25,2768.0,570489
2021-05-17 10:03:26,2768.0,570489
2021-05-17 10:03:27,2769.0,570568
2021-05-17 10:03:28,2768.0,570622
2021-05-17 10:03:29,2768.0,570622
2021-05-17 10:03:29,2768.0,570624
2021-05-17 10:03:30,2768.0,570649
2021-05-17 10:03:31,2769.9,573971
2021-05-17 10:03:32,2769.9,573971
2021-05-17 10:03:34,2769.9,573991
2021-05-17 10:03:35,2770.0,574010
2021-05-17 10:03:36,2770.0,574015
2021-05-17 10:03:37,2768.6,574025
2021-05-17 10:03:39,2769.6,574071
2021-05-17 10:03:40,2769.6,574071
2021-05-17 10:03:41,2769.6,574071
2021-05-17 10:03:42,2769.6,574072
2021-05-17 10:03:42,2769.6,574072
2021-05-17 10:03:43,2769.65,574084
2021-05-17 10:03:45,2769.65,574084
2021-05-17 10:03:46,2769.9,574085
2021-05-17 10:03:48,2773.0,575372
2021-05-17 10:03:49,2772.0,575606
2021-05-17 10:03:49,2772.0,575606
2021-05-17 10:03:50,2773.0,575666
2021-05-17 10:03:51,2773.0,575705
2021-05-17 10:03:53,2773.35,576015
2021-05-17 10:03:54,2770.3,576110
2021-05-17 10:03:55,2770.15,576111
2021-05-17 10:03:55,2770.15,576111
2021-05-17 10:03:56,2771.45,576171
2021-05-17 10:03:57,2771.45,576171
2021-05-17 10:03:58,2771.55,576271
2021-05-17 10:04:00,2770.35,576312
2021-05-17 10:04:01,2771.6,576365
2021-05-17 10:04:02,2771.6,576365
2021-05-17 10:04:04,2771.65,576395
2021-05-17 10:04:05,2772.0,576571
2021-05-17 10:04:05,2772.0,576420
2021-05-17 10:04:07,2773.0,576586
2021-05-17 10:04:08,2772.85,576592
2021-05-17 10:04:09,2773.7,576628
2021-05-17 10:04:10,2773.65,576702
2021-05-17 10:04:13,2772.85,576793
2021-05-17 10:04:14,2773.65,576863
2021-05-17 10:04:15,2771.65,576896
2021-05-17 10:04:17,2773.3,577223
2021-05-17 10:04:17,2773.3,577223
2021-05-17 10:04:18,2773.3,577223
2021-05-17 10:04:19,2772.0,577224
2021-05-17 10:04:20,2773.3,577324
2021-05-17 10:04:21,2771.6,577404
2021-05-17 10:04:22,2771.6,577404
2021-05-17 10:04:23,2772.55,577469
2021-05-17 10:04:24,2772.5,577598
2021-05-17 10:04:26,2772.5,577637
2021-05-17 10:04:26,2772.5,577637
2021-05-17 10:04:28,2773.0,577805
2021-05-17 10:04:29,2773.0,577805
2021-05-17 10:04:30,2772.5,577836
2021-05-17 10:04:31,2772.0,577895
2021-05-17 10:04:32,2772.0,577899
2021-05-17 10:04:34,2771.6,577935
2021-05-17 10:04:35,2773.0,577965
2021-05-17 10:04:36,2773.0,577965
2021-05-17 10:04:37,2771.95,577966
2021-05-17 10:04:38,2771.6,577975
2021-05-17 10:04:39,2772.0,577980
2021-05-17 10:04:40,2772.95,577985
2021-05-17 10:04:41,2771.6,578000
2021-05-17 10:04:42,2771.1,578060
2021-05-17 10:04:43,2771.1,578060
2021-05-17 10:04:44,2771.7,578125
2021-05-17 10:04:45,2771.7,578125
2021-05-17 10:04:46,2771.6,578132
2021-05-17 10:04:47,2771.6,578140
2021-05-17 10:04:48,2771.6,578187
2021-05-17 10:04:49,2771.7,578235
2021-05-17 10:04:50,2772.9,578270
2021-05-17 10:04:51,2772.9,578270
2021-05-17 10:04:52,2771.05,578301
2021-05-17 10:04:53,2771.15,578323
2021-05-17 10:04:54,2772.8,578327
2021-05-17 10:04:55,2772.8,578336
2021-05-17 10:04:56,2772.85,578408
2021-05-17 10:04:57,2771.4,578420
2021-05-17 10:04:58,2772.0,578425
2021-05-17 10:04:59,2772.0,578425
2021-05-17 10:05:00,2772.9,578561
2021-05-17 10:05:01,2772.9,578566
2021-05-17 10:05:02,2771.8,578596
2021-05-17 10:05:03,2772.9,578611
2021-05-17 10:05:04,2772.9,578631
2021-05-17 10:05:05,2773.0,579867
2021-05-17 10:05:06,2772.95,579891
2021-05-17 10:05:07,2772.95,579891
2021-05-17 10:05:08,2772.9,579978
2021-05-17 10:05:09,2773.0,579991
2021-05-17 10:05:10,2773.8,580001
2021-05-17 10:05:11,2773.8,580215
2021-05-17 10:05:12,2773.8,580215
2021-05-17 10:05:13,2773.8,580218
2021-05-17 10:05:14,2773.1,580219
2021-05-17 10:05:15,2773.8,580231
2021-05-17 10:05:16,2773.1,580239
2021-05-17 10:05:17,2773.05,580267
2021-05-17 10:05:18,2773.0,580392
2021-05-17 10:05:19,2773.8,580400
2021-05-17 10:05:20,2773.8,580451
2021-05-17 10:05:21,2773.0,580496
2021-05-17 10:05:22,2773.8,580617
2021-05-17 10:05:23,2773.8,580621
2021-05-17 10:05:24,2773.8,580642
2021-05-17 10:05:25,2773.0,580672
2021-05-17 10:05:26,2773.0,580687
2021-05-17 10:05:27,2773.8,580698
2021-05-17 10:05:29,2773.5,580718
2021-05-17 10:05:30,2771.8,581197
2021-05-17 10:05:31,2770.5,581215
2021-05-17 10:05:32,2770.5,581215
2021-05-17 10:05:33,2771.0,581221
2021-05-17 10:05:34,2771.0,581221
2021-05-17 10:05:35,2771.85,581229
2021-05-17 10:05:36,2772.15,581233
2021-05-17 10:05:37,2770.35,581333
2021-05-17 10:05:38,2770.35,581333
2021-05-17 10:05:39,2771.65,581339
2021-05-17 10:05:40,2770.35,581409
2021-05-17 10:05:42,2770.35,581409
2021-05-17 10:05:43,2771.45,581497
2021-05-17 10:05:46,2771.5,581513
2021-05-17 10:05:47,2772.25,582313
2021-05-17 10:05:48,2770.55,582489
2021-05-17 10:05:49,2770.55,582489
2021-05-17 10:05:50,2770.55,582489
2021-05-17 10:05:52,2772.85,582504
2021-05-17 10:05:53,2772.85,582504
2021-05-17 10:05:55,2771.1,582508
2021-05-17 10:05:56,2772.85,582510
2021-05-17 10:05:57,2771.7,582511
2021-05-17 10:05:58,2771.7,582511
2021-05-17 10:05:59,2772.8,582571
2021-05-17 10:06:00,2772.85,582574
2021-05-17 10:06:01,2771.6,582611
2021-05-17 10:06:02,2772.7,582619
2021-05-17 10:06:03,2772.35,582620
2021-05-17 10:06:04,2772.35,582620
2021-05-17 10:06:05,2771.15,582670
2021-05-17 10:06:07,2772.35,582685
2021-05-17 10:06:08,2772.35,582692
2021-05-17 10:06:09,2772.35,582692
2021-05-17 10:06:10,2772.35,582692
2021-05-17 10:06:11,2772.35,582692
2021-05-17 10:06:12,2772.35,582692
2021-05-17 10:06:13,2772.35,582707
2021-05-17 10:06:14,2772.1,582722
2021-05-17 10:06:15,2772.35,582725
2021-05-17 10:06:16,2772.5,582737
2021-05-17 10:06:17,2772.5,582737
2021-05-17 10:06:18,2772.55,582738
2021-05-17 10:06:19,2772.55,582789
2021-05-17 10:06:20,2772.55,582798
2021-05-17 10:06:21,2772.55,582798
2021-05-17 10:06:22,2772.55,582813
2021-05-17 10:06:23,2772.55,582894
2021-05-17 10:06:24,2772.5,582922
2021-05-17 10:06:25,2772.5,582923
2021-05-17 10:06:26,2772.85,583123
2021-05-17 10:06:27,2772.85,583132
2021-05-17 10:06:28,2772.5,583133
2021-05-17 10:06:30,2772.5,583133
2021-05-17 10:06:29,2772.5,583133
2021-05-17 10:06:31,2772.5,583298
2021-05-17 10:06:32,2773.0,583447
2021-05-17 10:06:33,2773.0,583447
2021-05-17 10:06:34,2773.0,583547
2021-05-17 10:06:35,2773.0,583925
2021-05-17 10:06:36,2772.9,584012
2021-05-17 10:06:37,2772.9,584012
2021-05-17 10:06:38,2772.5,584112
2021-05-17 10:06:40,2773.7,584126
2021-05-17 10:06:41,2773.75,584156
2021-05-17 10:06:42,2777.0,588418
2021-05-17 10:06:42,2777.0,588418
2021-05-17 10:06:43,2777.0,588466
2021-05-17 10:06:44,2777.0,588483
2021-05-17 10:06:45,2777.0,588602
2021-05-17 10:06:46,2775.7,588975
2021-05-17 10:06:47,2777.0,589115
2021-05-17 10:06:48,2777.0,589158
2021-05-17 10:06:49,2777.0,589161
2021-05-17 10:06:50,2777.0,589186
2021-05-17 10:06:51,2775.9,589196
2021-05-17 10:06:53,2777.0,589211
2021-05-17 10:06:54,2777.0,589502
2021-05-17 10:06:55,2777.0,589618
2021-05-17 10:06:56,2776.2,589656
2021-05-17 10:06:58,2777.0,589657
2021-05-17 10:06:59,2776.0,589712
2021-05-17 10:07:00,2776.85,590006
2021-05-17 10:07:01,2776.9,590036
2021-05-17 10:07:02,2775.9,590438
2021-05-17 10:07:03,2776.45,590653
2021-05-17 10:07:05,2774.5,590995
2021-05-17 10:07:06,2775.95,592055
2021-05-17 10:07:07,2776.45,592067
2021-05-17 10:07:08,2775.6,592089
2021-05-17 10:07:09,2776.0,592104
2021-05-17 10:07:10,2776.0,592109
2021-05-17 10:07:11,2777.0,592227
2021-05-17 10:07:13,2776.0,592237
2021-05-17 10:07:14,2776.0,592247
2021-05-17 10:07:15,2776.0,592247
2021-05-17 10:07:16,2776.0,592258
2021-05-17 10:07:17,2776.2,592271
2021-05-17 10:07:18,2776.2,592322
2021-05-17 10:07:19,2776.0,592411
2021-05-17 10:07:20,2776.0,592481
2021-05-17 10:07:21,2776.0,592492
2021-05-17 10:07:22,2776.0,592492
2021-05-17 10:07:23,2776.0,592492
2021-05-17 10:07:24,2776.2,592682
2021-05-17 10:07:25,2777.0,592737
2021-05-17 10:07:26,2776.2,592740
2021-05-17 10:07:27,2777.0,592857
2021-05-17 10:07:28,2777.0,592867
