timestamp,ltp,volume
2021-05-17 09:15:29,687.25,176648
2021-05-17 09:15:30,687.25,179376
2021-05-17 09:15:31,687.25,181847
2021-05-17 09:15:32,687.65,187171
2021-05-17 09:15:33,687.6,188216
2021-05-17 09:15:34,687.65,189544
2021-05-17 09:15:35,687.6,194804
2021-05-17 09:15:36,687.45,198628
2021-05-17 09:15:37,687.7,202045
2021-05-17 09:15:38,687.45,203946
2021-05-17 09:15:39,687.6,207247
2021-05-17 09:15:40,687.6,208948
2021-05-17 09:15:41,687.65,210289
2021-05-17 09:15:42,687.45,211912
2021-05-17 09:15:43,687.25,218785
2021-05-17 09:15:44,687.15,220679
2021-05-17 09:15:45,687.25,221450
2021-05-17 09:15:46,687.35,222479
2021-05-17 09:15:47,687.45,224554
2021-05-17 09:15:48,686.8,226112
2021-05-17 09:15:49,686.8,227359
2021-05-17 09:15:50,686.4,228785
2021-05-17 09:15:51,686.3,237448
2021-05-17 09:15:52,686.35,241419
2021-05-17 09:15:53,686.15,242413
2021-05-17 09:15:54,686.1,244480
2021-05-17 09:15:55,686.05,245380
2021-05-17 09:15:56,686.25,246587
2021-05-17 09:15:57,686.15,248036
2021-05-17 09:15:58,685.85,251928
2021-05-17 09:15:59,686.35,253819
2021-05-17 09:16:00,686.1,254139
2021-05-17 09:16:01,686.1,256462
2021-05-17 09:16:02,686.1,257859
2021-05-17 09:16:03,686.35,261917
2021-05-17 09:16:04,685.75,264124
2021-05-17 09:16:05,686.0,265334
2021-05-17 09:16:06,686.0,266894
2021-05-17 09:16:07,685.2,269847
2021-05-17 09:16:08,685.6,273206
2021-05-17 09:16:09,685.55,273847
2021-05-17 09:16:10,685.3,277914
2021-05-17 09:16:11,685.45,281194
2021-05-17 09:16:12,685.45,282499
2021-05-17 09:16:13,685.45,284962
2021-05-17 09:16:14,684.95,289082
2021-05-17 09:16:15,684.95,292743
2021-05-17 09:16:16,685.3,298599
2021-05-17 09:16:17,684.8,301075
2021-05-17 09:16:18,685.3,312306
2021-05-17 09:16:19,685.0,313988
2021-05-17 09:16:20,685.45,319396
2021-05-17 09:16:21,685.3,320969
2021-05-17 09:16:22,685.85,322561
2021-05-17 09:16:23,685.9,324494
2021-05-17 09:16:24,685.85,326589
2021-05-17 09:16:25,686.4,330679
2021-05-17 09:16:26,686.4,331174
2021-05-17 09:16:27,686.0,331483
2021-05-17 09:16:28,686.35,331935
2021-05-17 09:16:29,686.75,335327
2021-05-17 09:16:30,686.85,336072
2021-05-17 09:16:31,686.8,336499
2021-05-17 09:16:32,686.8,337435
2021-05-17 09:16:33,687.1,338467
2021-05-17 09:16:34,687.1,338663
2021-05-17 09:16:35,686.9,339702
2021-05-17 09:16:36,687.05,340853
2021-05-17 09:16:37,687.05,341871
2021-05-17 09:16:38,686.75,344362
2021-05-17 09:16:39,686.75,345752
2021-05-17 09:16:40,686.75,347841
2021-05-17 09:16:41,687.0,348357
2021-05-17 09:16:42,686.7,349457
2021-05-17 09:16:43,687.0,351310
2021-05-17 09:16:44,687.3,357313
2021-05-17 09:16:45,687.25,358111
2021-05-17 09:16:46,687.15,358744
2021-05-17 09:16:47,686.95,358808
2021-05-17 09:16:48,686.8,359192
2021-05-17 09:16:49,686.95,359329
2021-05-17 09:16:50,686.75,362638
2021-05-17 09:16:51,686.9,364371
2021-05-17 09:16:52,686.75,365067
2021-05-17 09:16:53,686.1,366695
2021-05-17 09:16:54,686.75,367577
2021-05-17 09:16:55,686.45,370464
2021-05-17 09:16:56,687.0,371364
2021-05-17 09:16:57,686.95,372045
2021-05-17 09:16:58,686.85,373100
2021-05-17 09:16:59,686.5,375424
2021-05-17 09:17:00,686.6,377355
2021-05-17 09:17:01,686.4,379446
2021-05-17 09:17:02,686.4,379954
2021-05-17 09:17:03,686.45,380092
2021-05-17 09:17:04,686.45,381066
2021-05-17 09:17:05,686.25,384533
2021-05-17 09:17:06,686.0,385879
2021-05-17 09:17:07,686.8,386721
2021-05-17 09:17:08,686.6,386905
2021-05-17 09:17:09,686.75,387466
2021-05-17 09:17:10,686.7,388333
2021-05-17 09:17:11,686.6,389446
2021-05-17 09:17:12,686.4,391367
2021-05-17 09:17:13,686.45,392689
2021-05-17 09:17:14,686.45,393200
2021-05-17 09:17:15,686.4,394238
2021-05-17 09:17:16,686.2,395345
2021-05-17 09:17:17,686.6,398045
2021-05-17 09:17:18,686.15,398207
2021-05-17 09:17:19,686.25,399200
2021-05-17 09:17:20,686.25,399605
2021-05-17 09:17:21,686.25,399625
2021-05-17 09:17:22,686.25,399885
2021-05-17 09:17:23,686.05,410597
2021-05-17 09:17:24,686.0,412499
2021-05-17 09:17:25,686.05,414027
2021-05-17 09:17:26,686.05,415053
2021-05-17 09:17:27,686.25,415181
2021-05-17 09:17:28,686.15,417281
2021-05-17 09:17:29,686.05,417413
2021-05-17 09:17:30,686.1,417770
2021-05-17 09:17:31,686.05,418089
2021-05-17 09:17:32,686.25,419270
2021-05-17 09:17:34,686.45,421257
2021-05-17 09:17:35,686.5,422849
2021-05-17 09:17:36,686.3,423344
2021-05-17 09:17:37,686.45,423641
2021-05-17 09:17:38,686.85,425209
2021-05-17 09:17:39,686.85,425314
2021-05-17 09:17:40,686.45,425642
2021-05-17 09:17:41,686.7,425730
2021-05-17 09:17:42,686.7,426730
2021-05-17 09:17:43,686.95,427155
2021-05-17 09:17:44,686.5,427459
2021-05-17 09:17:45,686.8,427707
2021-05-17 09:17:46,686.8,429362
2021-05-17 09:17:47,686.8,429367
2021-05-17 09:17:48,686.8,430502
2021-05-17 09:17:49,686.8,437065
2021-05-17 09:17:50,686.9,439004
2021-05-17 09:17:51,686.75,439145
2021-05-17 09:17:52,686.75,439711
2021-05-17 09:17:53,686.5,440164
2021-05-17 09:17:57,686.45,445561
2021-05-17 09:17:59,686.05,453016
2021-05-17 09:18:01,686.25,456549
2021-05-17 09:18:02,686.25,458043
2021-05-17 09:18:03,686.1,458081
2021-05-17 09:18:04,685.8,458714
2021-05-17 09:18:05,686.0,458914
2021-05-17 09:18:07,686.0,459534
2021-05-17 09:18:08,686.0,460238
2021-05-17 09:18:09,685.75,460448
2021-05-17 09:18:13,685.9,464337
2021-05-17 09:18:14,686.2,464439
2021-05-17 09:18:16,686.15,466933
2021-05-17 09:18:17,686.15,467059
2021-05-17 09:18:18,686.45,467781
2021-05-17 09:18:19,686.3,468418
2021-05-17 09:18:20,686.1,468484
2021-05-17 09:18:21,686.0,468778
2021-05-17 09:18:22,686.0,469615
2021-05-17 09:18:23,686.05,471029
2021-05-17 09:18:24,686.35,476404
2021-05-17 09:18:25,686.3,477080
2021-05-17 09:18:26,686.75,484818
2021-05-17 09:18:27,686.9,485899
2021-05-17 09:18:28,686.9,486984
2021-05-17 09:18:29,687.1,488983
2021-05-17 09:18:30,687.75,501842
2021-05-17 09:18:31,688.15,502934
2021-05-17 09:18:32,688.05,506282
2021-05-17 09:18:33,687.7,507289
2021-05-17 09:18:34,687.45,508080
2021-05-17 09:18:36,687.7,508525
2021-05-17 09:18:38,687.65,519293
2021-05-17 09:18:39,687.65,521551
2021-05-17 09:18:40,688.2,527958
2021-05-17 09:18:41,688.25,529665
2021-05-17 09:18:42,688.2,530094
2021-05-17 09:18:43,688.15,532358
2021-05-17 09:18:44,688.15,534382
2021-05-17 09:18:45,688.15,535068
2021-05-17 09:18:46,688.15,535382
2021-05-17 09:18:47,687.7,535792
2021-05-17 09:18:48,687.95,536105
2021-05-17 09:18:49,687.95,536185
2021-05-17 09:18:50,687.7,536476
2021-05-17 09:18:51,687.9,536652
2021-05-17 09:18:52,687.7,538146
2021-05-17 09:18:53,688.0,538625
2021-05-17 09:18:54,687.8,538940
2021-05-17 09:18:57,687.95,541655
2021-05-17 09:19:00,687.85,543579
2021-05-17 09:19:03,687.95,544831
2021-05-17 09:19:05,687.75,545870
2021-05-17 09:19:08,688.0,549066
2021-05-17 09:19:08,687.75,550163
2021-05-17 09:19:09,688.0,564284
2021-05-17 09:19:10,687.75,570061
2021-05-17 09:19:11,687.75,573614
2021-05-17 09:19:12,687.75,574558
2021-05-17 09:19:13,687.75,575188
2021-05-17 09:19:14,687.75,576265
2021-05-17 09:19:15,687.6,577115
2021-05-17 09:19:16,687.75,580026
2021-05-17 09:19:17,687.4,581053
2021-05-17 09:19:18,688.0,603610
2021-05-17 09:19:19,688.1,611624
2021-05-17 09:19:21,688.5,617109
2021-05-17 09:19:22,688.35,621506
2021-05-17 09:19:23,688.3,623132
2021-05-17 09:19:24,688.5,624010
2021-05-17 09:19:26,689.4,634047
2021-05-17 09:19:27,689.4,635300
2021-05-17 09:19:29,689.3,636723
2021-05-17 09:19:30,689.4,637088
2021-05-17 09:19:30,689.2,637589
2021-05-17 09:19:31,689.2,639741
2021-05-17 09:19:32,689.25,640245
2021-05-17 09:19:33,689.6,640350
2021-05-17 09:19:34,689.55,640403
2021-05-17 09:19:35,689.5,645422
2021-05-17 09:19:36,689.5,646194
2021-05-17 09:19:37,689.95,662767
2021-05-17 09:19:38,689.5,666754
2021-05-17 09:19:39,689.5,671021
2021-05-17 09:19:40,690.45,680076
2021-05-17 09:19:41,690.15,682287
2021-05-17 09:19:42,690.2,682542
2021-05-17 09:19:43,690.2,682673
2021-05-17 09:19:44,690.3,683370
2021-05-17 09:19:45,690.0,683618
2021-05-17 09:19:46,689.95,684024
2021-05-17 09:19:47,690.45,686037
2021-05-17 09:19:48,690.3,687017
2021-05-17 09:19:49,689.95,688137
2021-05-17 09:19:50,690.1,688378
2021-05-17 09:19:51,690.45,694286
2021-05-17 09:19:52,690.5,694514
2021-05-17 09:19:53,690.05,698355
2021-05-17 09:19:54,690.0,707365
2021-05-17 09:19:55,689.8,709610
2021-05-17 09:19:56,689.55,711906
2021-05-17 09:19:57,689.6,719036
2021-05-17 09:19:58,689.9,719987
2021-05-17 09:19:59,690.1,721770
2021-05-17 09:20:00,690.25,725970
2021-05-17 09:20:01,690.65,727197
2021-05-17 09:20:03,690.15,728614
2021-05-17 09:20:04,690.1,729758
2021-05-17 09:20:05,690.1,730324
2021-05-17 09:20:06,690.5,733554
2021-05-17 09:20:07,690.1,736109
2021-05-17 09:20:08,690.8,740322
2021-05-17 09:20:09,690.55,747312
2021-05-17 09:20:10,691.05,751576
2021-05-17 09:20:11,690.65,753040
2021-05-17 09:20:12,690.7,755495
2021-05-17 09:20:14,690.65,758880
2021-05-17 09:20:15,690.95,760950
2021-05-17 09:20:16,690.95,762019
2021-05-17 09:20:17,690.75,762301
2021-05-17 09:20:18,691.55,772345
2021-05-17 09:20:19,691.25,773557
2021-05-17 09:20:20,691.4,776926
2021-05-17 09:20:21,691.05,779759
2021-05-17 09:20:22,691.25,781283
2021-05-17 09:20:23,691.0,784507
2021-05-17 09:20:24,690.75,786103
2021-05-17 09:20:25,690.55,787763
2021-05-17 09:20:26,690.8,789625
2021-05-17 09:20:27,691.0,795633
2021-05-17 09:20:28,690.95,796789
2021-05-17 09:20:29,690.7,797926
2021-05-17 09:20:30,691.15,800546
2021-05-17 09:20:31,691.05,801518
2021-05-17 09:20:32,690.8,801997
2021-05-17 09:20:33,690.95,802011
2021-05-17 09:20:34,691.0,802542
2021-05-17 09:20:36,690.85,805829
2021-05-17 09:20:38,691.1,806550
2021-05-17 09:20:39,690.95,807093
2021-05-17 09:20:41,690.95,807725
2021-05-17 09:20:43,691.0,809207
2021-05-17 09:20:44,690.95,809647
2021-05-17 09:20:46,690.8,809998
2021-05-17 09:20:47,690.95,810268
2021-05-17 09:20:49,690.45,816799
2021-05-17 09:20:53,690.1,820936
2021-05-17 09:20:54,690.1,821029
2021-05-17 09:20:55,690.5,821183
2021-05-17 09:20:59,690.85,823758
2021-05-17 09:21:00,690.85,824421
2021-05-17 09:21:01,690.8,825212
2021-05-17 09:21:02,690.85,825563
2021-05-17 09:21:03,690.8,825689
2021-05-17 09:21:04,690.7,826442
2021-05-17 09:21:05,690.7,826727
2021-05-17 09:21:06,690.35,826788
2021-05-17 09:21:07,690.35,826789
2021-05-17 09:21:08,690.3,828184
2021-05-17 09:21:09,690.3,828184
2021-05-17 09:21:10,690.3,828224
2021-05-17 09:21:11,690.15,828442
2021-05-17 09:21:12,690.2,828532
2021-05-17 09:21:13,690.1,829291
2021-05-17 09:21:14,690.3,829819
2021-05-17 09:21:15,690.3,830141
2021-05-17 09:21:16,690.05,830533
2021-05-17 09:21:17,690.45,831562
2021-05-17 09:21:18,690.55,831767
2021-05-17 09:21:20,690.35,838257
2021-05-17 09:21:22,690.4,840019
2021-05-17 09:21:23,690.7,840462
2021-05-17 09:21:24,689.7,885834
2021-05-17 09:21:25,689.95,887631
2021-05-17 09:21:26,690.05,889140
2021-05-17 09:21:27,689.95,889486
2021-05-17 09:21:28,690.15,889744
2021-05-17 09:21:29,690.5,891534
2021-05-17 09:21:30,690.4,891560
2021-05-17 09:21:33,690.8,895771
2021-05-17 09:21:34,690.7,896620
2021-05-17 09:21:36,690.75,896847
2021-05-17 09:21:39,690.7,902746
2021-05-17 09:21:41,690.55,904285
2021-05-17 09:21:42,691.15,905991
2021-05-17 09:21:43,691.0,907034
2021-05-17 09:21:44,691.2,907782
2021-05-17 09:21:44,691.2,907782
2021-05-17 09:21:45,691.1,907889
2021-05-17 09:21:46,691.15,907996
2021-05-17 09:21:47,691.8,909466
2021-05-17 09:21:48,691.55,910533
2021-05-17 09:21:49,691.25,910593
2021-05-17 09:21:50,691.15,911728
2021-05-17 09:21:51,691.15,911992
2021-05-17 09:21:52,691.15,912111
2021-05-17 09:21:53,691.1,913285
2021-05-17 09:21:54,691.15,915591
2021-05-17 09:21:55,691.0,917165
2021-05-17 09:21:56,690.75,917966
2021-05-17 09:21:57,691.0,918397
2021-05-17 09:21:58,690.75,918554
2021-05-17 09:21:59,690.75,918567
2021-05-17 09:22:00,691.05,918773
2021-05-17 09:22:01,690.75,920469
2021-05-17 09:22:02,690.4,920534
2021-05-17 09:22:04,690.75,920559
2021-05-17 09:22:06,690.85,923220
2021-05-17 09:22:07,690.75,923830
2021-05-17 09:22:08,690.75,924580
2021-05-17 09:22:09,690.35,924918
2021-05-17 09:22:10,690.65,925409
2021-05-17 09:22:11,690.65,928895
2021-05-17 09:22:12,690.65,929621
2021-05-17 09:22:13,690.6,930329
2021-05-17 09:22:14,690.2,931011
2021-05-17 09:22:16,690.0,933500
2021-05-17 09:22:17,690.1,933804
2021-05-17 09:22:18,689.75,934399
2021-05-17 09:22:19,689.65,934764
2021-05-17 09:22:20,689.75,936482
2021-05-17 09:22:21,689.85,937086
2021-05-17 09:22:22,689.9,937279
2021-05-17 09:22:23,689.7,937516
2021-05-17 09:22:24,689.65,937803
2021-05-17 09:22:25,689.8,939187
2021-05-17 09:22:26,689.3,940109
2021-05-17 09:22:27,689.25,940399
2021-05-17 09:22:28,689.2,940532
2021-05-17 09:22:29,689.0,941303
2021-05-17 09:22:30,688.85,944382
2021-05-17 09:22:31,688.65,946037
2021-05-17 09:22:32,689.0,947445
2021-05-17 09:22:33,689.25,949357
2021-05-17 09:22:34,689.25,951027
2021-05-17 09:22:35,689.0,952283
2021-05-17 09:22:37,688.85,952787
2021-05-17 09:22:39,688.65,953185
2021-05-17 09:22:40,689.0,953507
2021-05-17 09:22:41,688.55,954096
2021-05-17 09:22:42,688.95,954296
2021-05-17 09:22:43,689.0,954627
2021-05-17 09:22:44,688.8,955036
2021-05-17 09:22:45,688.75,958698
2021-05-17 09:22:46,688.6,960740
2021-05-17 09:22:47,688.95,961259
2021-05-17 09:22:48,688.95,961259
2021-05-17 09:22:49,688.55,961819
2021-05-17 09:22:50,688.9,962040
2021-05-17 09:22:51,689.0,962540
2021-05-17 09:22:52,689.0,964204
2021-05-17 09:22:53,689.0,964324
2021-05-17 09:22:54,689.2,964665
2021-05-17 09:22:55,689.65,964853
2021-05-17 09:22:56,689.5,965211
2021-05-17 09:22:57,689.7,965524
2021-05-17 09:22:58,689.7,966747
2021-05-17 09:22:59,689.85,966911
2021-05-17 09:23:00,689.75,967131
2021-05-17 09:23:01,689.65,967175
2021-05-17 09:23:02,689.75,967244
2021-05-17 09:23:03,689.65,967465
2021-05-17 09:23:04,689.7,967615
2021-05-17 09:23:05,689.7,967765
2021-05-17 09:23:06,689.9,968064
2021-05-17 09:23:07,689.65,968066
2021-05-17 09:23:08,689.9,968092
2021-05-17 09:23:09,690.0,969184
2021-05-17 09:23:10,690.05,969294
2021-05-17 09:23:11,690.05,969391
2021-05-17 09:23:12,690.05,969410
2021-05-17 09:23:13,690.05,969582
2021-05-17 09:23:14,689.8,969797
2021-05-17 09:23:15,690.0,970048
2021-05-17 09:23:16,690.0,970351
2021-05-17 09:23:17,690.05,970451
2021-05-17 09:23:18,690.25,970655
2021-05-17 09:23:19,690.2,970869
2021-05-17 09:23:20,690.1,970879
2021-05-17 09:23:21,690.1,970879
2021-05-17 09:23:22,690.1,971247
2021-05-17 09:23:24,690.3,971956
2021-05-17 09:23:26,690.2,972442
2021-05-17 09:23:27,690.35,972904
2021-05-17 09:23:29,690.0,973631
2021-05-17 09:23:31,689.85,976139
2021-05-17 09:23:32,689.8,976503
2021-05-17 09:23:33,689.85,976632
2021-05-17 09:23:34,689.85,976959
2021-05-17 09:23:35,689.85,977615
2021-05-17 09:23:37,689.85,978040
2021-05-17 09:23:38,690.1,979349
2021-05-17 09:23:39,690.2,979366
2021-05-17 09:23:40,689.8,980013
2021-05-17 09:23:41,690.3,980104
2021-05-17 09:23:42,690.0,980124
2021-05-17 09:23:43,690.0,980426
2021-05-17 09:23:44,690.0,980426
2021-05-17 09:23:45,689.65,982226
2021-05-17 09:23:47,689.8,982433
2021-05-17 09:23:48,689.5,982434
2021-05-17 09:23:49,689.85,983435
2021-05-17 09:23:50,689.85,983435
2021-05-17 09:23:51,689.6,983793
2021-05-17 09:23:52,689.6,983793
2021-05-17 09:23:53,689.15,984924
2021-05-17 09:23:54,689.45,985226
2021-05-17 09:23:55,689.4,985356
2021-05-17 09:23:56,689.4,985356
2021-05-17 09:23:57,689.25,985446
2021-05-17 09:23:58,689.25,985793
2021-05-17 09:23:59,689.25,986113
2021-05-17 09:24:00,689.0,986667
2021-05-17 09:24:01,689.1,986922
2021-05-17 09:24:02,689.0,986995
2021-05-17 09:24:03,689.4,987429
2021-05-17 09:24:04,689.4,987429
2021-05-17 09:24:05,689.4,987429
2021-05-17 09:24:06,689.25,987491
2021-05-17 09:24:07,689.35,987621
2021-05-17 09:24:11,689.0,987983
2021-05-17 09:24:12,689.3,988154
2021-05-17 09:24:13,689.25,989125
2021-05-17 09:24:14,689.05,989129
2021-05-17 09:24:14,689.05,989130
2021-05-17 09:24:15,689.25,989504
2021-05-17 09:24:16,689.75,990344
2021-05-17 09:24:17,689.1,996289
2021-05-17 09:24:18,689.0,996829
2021-05-17 09:24:19,689.05,996831
2021-05-17 09:24:20,689.4,996833
2021-05-17 09:24:22,689.1,998331
2021-05-17 09:24:23,689.1,998331
2021-05-17 09:24:25,689.1,1003377
2021-05-17 09:24:26,688.85,1003443
2021-05-17 09:24:27,689.4,1003694
2021-05-17 09:24:27,689.4,1003694
2021-05-17 09:24:28,689.1,1003903
2021-05-17 09:24:29,689.4,1004591
2021-05-17 09:24:30,689.4,1004828
2021-05-17 09:24:31,689.25,1005078
2021-05-17 09:24:32,689.4,1005735
2021-05-17 09:24:33,689.75,1006524
2021-05-17 09:24:34,689.7,1006540
2021-05-17 09:24:35,689.7,1007414
2021-05-17 09:24:36,689.35,1007628
2021-05-17 09:24:37,689.4,1007648
2021-05-17 09:24:38,689.1,1007976
2021-05-17 09:24:39,689.1,1009161
2021-05-17 09:24:40,689.1,1009383
2021-05-17 09:24:41,689.1,1009383
2021-05-17 09:24:42,689.2,1010485
2021-05-17 09:24:43,689.2,1010485
2021-05-17 09:24:44,689.2,1010787
2021-05-17 09:24:45,689.2,1011801
2021-05-17 09:24:46,689.8,1011937
2021-05-17 09:24:47,689.95,1011977
2021-05-17 09:24:48,689.6,1012081
2021-05-17 09:24:49,689.6,1012164
2021-05-17 09:24:52,689.7,1013779
2021-05-17 09:24:53,689.85,1013923
2021-05-17 09:24:54,689.9,1014073
2021-05-17 09:24:55,689.9,1014368
2021-05-17 09:24:56,689.9,1014647
2021-05-17 09:24:57,689.65,1014767
2021-05-17 09:24:58,689.9,1014868
2021-05-17 09:24:59,689.9,1014968
2021-05-17 09:25:00,689.9,1014968
2021-05-17 09:25:01,689.6,1015221
2021-05-17 09:25:02,689.6,1015221
2021-05-17 09:25:03,689.65,1015256
2021-05-17 09:25:04,689.65,1015397
2021-05-17 09:25:05,689.65,1015797
2021-05-17 09:25:06,689.8,1015987
2021-05-17 09:25:07,690.0,1023057
2021-05-17 09:25:08,690.2,1024435
2021-05-17 09:25:09,690.2,1024461
2021-05-17 09:25:10,690.4,1027945
2021-05-17 09:25:11,690.4,1030632
2021-05-17 09:25:12,690.6,1030744
2021-05-17 09:25:13,690.6,1030764
2021-05-17 09:25:14,690.35,1032221
2021-05-17 09:25:15,690.2,1032466
2021-05-17 09:25:16,690.25,1032642
2021-05-17 09:25:17,690.25,1032747
2021-05-17 09:25:18,690.25,1032797
2021-05-17 09:25:19,690.1,1033393
2021-05-17 09:25:20,690.4,1033433
2021-05-17 09:25:21,690.0,1034324
2021-05-17 09:25:22,690.0,1034923
2021-05-17 09:25:23,690.0,1035034
2021-05-17 09:25:24,690.0,1035038
2021-05-17 09:25:25,690.1,1037101
2021-05-17 09:25:26,690.5,1038495
2021-05-17 09:25:27,690.45,1038623
2021-05-17 09:25:28,689.95,1038954
2021-05-17 09:25:29,689.85,1039566
2021-05-17 09:25:30,690.15,1039628
2021-05-17 09:25:32,690.05,1041394
2021-05-17 09:25:33,690.05,1041439
2021-05-17 09:25:34,690.2,1041519
2021-05-17 09:25:35,690.35,1041554
2021-05-17 09:25:36,690.2,1041580
2021-05-17 09:25:37,690.2,1042352
2021-05-17 09:25:38,689.85,1042780
2021-05-17 09:25:39,690.0,1042858
2021-05-17 09:25:40,689.75,1048514
2021-05-17 09:25:41,690.0,1049146
2021-05-17 09:25:42,690.2,1051486
2021-05-17 09:25:43,690.05,1051608
2021-05-17 09:25:45,690.35,1051843
2021-05-17 09:25:45,690.35,1051843
2021-05-17 09:25:46,690.45,1052153
2021-05-17 09:25:47,690.3,1052331
2021-05-17 09:25:48,690.3,1052925
2021-05-17 09:25:49,690.7,1056409
2021-05-17 09:25:50,690.7,1056409
2021-05-17 09:25:51,690.3,1056495
2021-05-17 09:25:52,690.6,1057313
2021-05-17 09:25:53,690.7,1057527
2021-05-17 09:25:54,690.55,1058529
2021-05-17 09:25:56,690.5,1060584
2021-05-17 09:25:57,690.6,1060902
2021-05-17 09:25:58,690.9,1061268
2021-05-17 09:25:59,690.55,1061368
2021-05-17 09:26:00,690.8,1061379
2021-05-17 09:26:01,690.5,1061413
2021-05-17 09:26:02,690.4,1061613
2021-05-17 09:26:03,690.75,1061859
2021-05-17 09:26:05,690.45,1061914
2021-05-17 09:26:06,690.7,1062514
2021-05-17 09:26:07,690.7,1062709
2021-05-17 09:26:08,690.5,1062985
2021-05-17 09:26:09,690.2,1063261
2021-05-17 09:26:10,690.2,1063261
2021-05-17 09:26:11,690.2,1063361
2021-05-17 09:26:12,690.5,1063838
2021-05-17 09:26:13,690.8,1064622
2021-05-17 09:26:14,690.7,1064663
2021-05-17 09:26:15,690.65,1064709
2021-05-17 09:26:16,690.9,1065076
2021-05-17 09:26:16,690.9,1065076
2021-05-17 09:26:17,690.7,1065580
2021-05-17 09:26:18,690.9,1065585
2021-05-17 09:26:19,690.9,1065737
2021-05-17 09:26:20,690.8,1065788
2021-05-17 09:26:21,690.8,1065788
2021-05-17 09:26:22,690.8,1066058
2021-05-17 09:26:23,690.7,1066272
2021-05-17 09:26:24,690.85,1067040
2021-05-17 09:26:25,690.6,1067086
2021-05-17 09:26:26,690.6,1067086
2021-05-17 09:26:27,690.85,1067318
2021-05-17 09:26:28,690.9,1068050
2021-05-17 09:26:29,690.9,1068050
2021-05-17 09:26:30,690.9,1068115
2021-05-17 09:26:31,690.85,1068551
2021-05-17 09:26:32,691.0,1068871
2021-05-17 09:26:33,690.85,1069471
2021-05-17 09:26:34,690.7,1069551
2021-05-17 09:26:35,690.6,1069879
2021-05-17 09:26:36,691.05,1082214
2021-05-17 09:26:37,691.0,1082428
2021-05-17 09:26:38,691.1,1082451
2021-05-17 09:26:39,691.25,1098100
2021-05-17 09:26:40,691.25,1098255
2021-05-17 09:26:41,691.55,1098275
2021-05-17 09:26:42,691.3,1098410
2021-05-17 09:26:43,691.6,1098788
2021-05-17 09:26:44,691.4,1127004
2021-05-17 09:26:45,691.4,1130163
2021-05-17 09:26:46,691.6,1131364
2021-05-17 09:26:47,691.6,1131914
2021-05-17 09:26:48,691.55,1132140
2021-05-17 09:26:49,691.25,1132172
2021-05-17 09:26:50,691.0,1132423
2021-05-17 09:26:51,690.95,1132993
2021-05-17 09:26:52,691.2,1133502
2021-05-17 09:26:53,691.1,1133822
2021-05-17 09:26:54,691.1,1133877
2021-05-17 09:26:55,691.35,1135377
2021-05-17 09:26:56,691.35,1135377
2021-05-17 09:26:57,691.85,1138118
2021-05-17 09:26:58,691.5,1138873
2021-05-17 09:26:59,691.15,1139495
2021-05-17 09:27:00,691.2,1139641
2021-05-17 09:27:01,691.05,1141877
2021-05-17 09:27:02,690.95,1147478
2021-05-17 09:27:03,691.35,1149662
2021-05-17 09:27:04,691.35,1150066
2021-05-17 09:27:05,690.85,1150477
2021-05-17 09:27:06,691.35,1150537
2021-05-17 09:27:07,691.3,1150616
2021-05-17 09:27:08,691.3,1150634
2021-05-17 09:27:09,691.05,1151210
2021-05-17 09:27:10,691.25,1151246
2021-05-17 09:27:11,691.05,1151388
2021-05-17 09:27:12,691.3,1151488
2021-05-17 09:27:14,691.3,1151938
2021-05-17 09:27:15,691.3,1152280
2021-05-17 09:27:20,691.2,1154090
2021-05-17 09:27:21,691.0,1154191
2021-05-17 09:27:22,691.0,1154191
2021-05-17 09:27:23,691.0,1154513
2021-05-17 09:27:24,690.8,1155279
2021-05-17 09:27:25,690.7,1159634
2021-05-17 09:27:26,690.6,1160424
2021-05-17 09:27:27,690.75,1160659
2021-05-17 09:27:28,690.75,1160707
2021-05-17 09:27:28,690.75,1160717
2021-05-17 09:27:29,690.8,1160786
2021-05-17 09:27:30,690.6,1160787
2021-05-17 09:27:31,690.75,1160830
2021-05-17 09:27:32,691.0,1160850
2021-05-17 09:27:33,690.75,1160852
2021-05-17 09:27:34,690.85,1161534
2021-05-17 09:27:35,690.8,1161570
2021-05-17 09:27:36,690.5,1162106
2021-05-17 09:27:37,690.7,1162528
2021-05-17 09:27:38,690.7,1162533
2021-05-17 09:27:39,690.8,1163610
2021-05-17 09:27:40,690.6,1163635
2021-05-17 09:27:42,690.6,1163638
2021-05-17 09:27:43,690.95,1164159
2021-05-17 09:27:44,690.95,1164159
2021-05-17 09:27:45,690.45,1165477
2021-05-17 09:27:46,690.5,1165857
2021-05-17 09:27:46,690.5,1165857
2021-05-17 09:27:47,690.5,1166620
2021-05-17 09:27:48,690.5,1166859
2021-05-17 09:27:49,690.5,1167092
2021-05-17 09:27:50,690.5,1167334
2021-05-17 09:27:51,690.5,1167337
2021-05-17 09:27:52,690.35,1167427
2021-05-17 09:27:54,690.45,1167429
2021-05-17 09:27:55,690.5,1167764
2021-05-17 09:27:56,690.5,1168021
2021-05-17 09:27:57,690.15,1168132
2021-05-17 09:27:58,690.05,1168899
2021-05-17 09:27:58,690.05,1168899
2021-05-17 09:27:59,690.0,1174548
2021-05-17 09:28:00,689.85,1175432
2021-05-17 09:28:01,689.85,1175434
2021-05-17 09:28:02,689.9,1175559
2021-05-17 09:28:03,689.85,1176209
2021-05-17 09:28:04,689.9,1176210
2021-05-17 09:28:06,690.1,1176855
2021-05-17 09:28:07,690.0,1176865
2021-05-17 09:28:08,690.0,1176865
2021-05-17 09:28:09,689.95,1177330
2021-05-17 09:28:10,689.65,1177430
2021-05-17 09:28:11,689.65,1177430
2021-05-17 09:28:12,689.65,1177430
2021-05-17 09:28:14,689.7,1177980
2021-05-17 09:28:15,689.95,1178202
2021-05-17 09:28:16,689.7,1178959
2021-05-17 09:28:17,689.85,1180203
2021-05-17 09:28:18,690.35,1181393
2021-05-17 09:28:19,690.35,1181533
2021-05-17 09:28:20,690.05,1182243
2021-05-17 09:28:21,690.05,1182243
2021-05-17 09:28:22,689.8,1182248
2021-05-17 09:28:22,689.8,1182248
2021-05-17 09:28:23,690.0,1182284
2021-05-17 09:28:24,690.0,1182905
2021-05-17 09:28:25,690.0,1183301
2021-05-17 09:28:26,690.0,1183428
2021-05-17 09:28:27,689.6,1183928
2021-05-17 09:28:28,689.7,1183968
2021-05-17 09:28:29,690.25,1185904
2021-05-17 09:28:30,690.1,1185976
2021-05-17 09:28:31,690.05,1186432
2021-05-17 09:28:32,690.05,1186432
2021-05-17 09:28:33,690.4,1186707
2021-05-17 09:28:34,690.4,1186707
2021-05-17 09:28:35,690.15,1187747
2021-05-17 09:28:36,690.25,1187766
2021-05-17 09:28:37,690.2,1187767
2021-05-17 09:28:38,690.45,1187829
2021-05-17 09:28:39,690.45,1187829
2021-05-17 09:28:40,690.45,1187829
2021-05-17 09:28:41,690.4,1187851
2021-05-17 09:28:42,690.0,1188393
2021-05-17 09:28:43,690.0,1189004
2021-05-17 09:28:44,690.0,1189044
2021-05-17 09:28:45,690.0,1189070
2021-05-17 09:28:46,690.05,1189747
2021-05-17 09:28:47,690.0,1189848
2021-05-17 09:28:48,690.15,1190100
2021-05-17 09:28:50,690.05,1190601
2021-05-17 09:28:51,690.25,1190714
2021-05-17 09:28:52,690.25,1190714
2021-05-17 09:28:53,690.0,1190850
2021-05-17 09:28:54,690.05,1191028
2021-05-17 09:28:55,690.1,1191064
2021-05-17 09:28:56,689.9,1191699
2021-05-17 09:28:57,689.9,1191709
2021-05-17 09:28:58,689.75,1191740
2021-05-17 09:28:59,689.7,1192669
2021-05-17 09:29:00,689.75,1192916
2021-05-17 09:29:01,690.1,1194426
2021-05-17 09:29:02,690.3,1195657
2021-05-17 09:29:03,690.15,1195838
2021-05-17 09:29:04,689.8,1195908
2021-05-17 09:29:05,689.95,1195943
2021-05-17 09:29:06,690.0,1196209
2021-05-17 09:29:07,690.2,1196731
2021-05-17 09:29:08,690.0,1196786
2021-05-17 09:29:09,689.9,1196797
2021-05-17 09:29:10,689.95,1197068
2021-05-17 09:29:11,689.85,1197116
2021-05-17 09:29:12,689.5,1197603
2021-05-17 09:29:12,689.75,1197618
2021-05-17 09:29:13,689.5,1199681
2021-05-17 09:29:14,689.5,1199844
2021-05-17 09:29:15,689.25,1199845
2021-05-17 09:29:16,689.4,1199848
2021-05-17 09:29:17,689.3,1199880
2021-05-17 09:29:18,689.45,1200015
2021-05-17 09:29:19,689.45,1200065
2021-05-17 09:29:21,689.45,1200131
2021-05-17 09:29:22,689.4,1200673
2021-05-17 09:29:23,689.45,1201012
2021-05-17 09:29:24,689.45,1201262
2021-05-17 09:29:25,689.45,1201322
2021-05-17 09:29:26,689.3,1201508
2021-05-17 09:29:27,689.6,1201674
2021-05-17 09:29:28,689.6,1201674
2021-05-17 09:29:29,689.6,1201674
2021-05-17 09:29:30,689.6,1201726
2021-05-17 09:29:31,689.7,1201755
2021-05-17 09:29:32,689.45,1201855
2021-05-17 09:29:33,689.5,1201856
2021-05-17 09:29:34,689.6,1201933
2021-05-17 09:29:35,689.55,1203025
2021-05-17 09:29:36,689.5,1203389
2021-05-17 09:29:37,689.25,1205429
2021-05-17 09:29:38,689.45,1206441
2021-05-17 09:29:39,689.2,1206709
2021-05-17 09:29:40,689.15,1207828
2021-05-17 09:29:41,689.05,1208317
2021-05-17 09:29:41,689.0,1208558
2021-05-17 09:29:42,689.0,1209155
2021-05-17 09:29:43,689.0,1209577
2021-05-17 09:29:44,689.05,1211574
2021-05-17 09:29:46,689.2,1211840
2021-05-17 09:29:47,689.0,1211877
2021-05-17 09:29:48,689.2,1212036
2021-05-17 09:29:49,689.35,1212336
2021-05-17 09:29:51,689.35,1212426
2021-05-17 09:29:52,689.0,1213297
2021-05-17 09:29:53,689.0,1213446
2021-05-17 09:29:55,689.1,1213559
2021-05-17 09:29:56,689.05,1214870
2021-05-17 09:29:57,689.05,1217110
2021-05-17 09:29:58,689.2,1217661
2021-05-17 09:29:59,689.2,1217724
2021-05-17 09:30:00,689.45,1218336
2021-05-17 09:30:01,689.8,1218392
2021-05-17 09:30:02,689.4,1218718
2021-05-17 09:30:03,689.6,1218805
2021-05-17 09:30:04,689.95,1219193
2021-05-17 09:30:05,690.3,1221347
2021-05-17 09:30:06,690.55,1224136
2021-05-17 09:30:07,690.65,1224476
2021-05-17 09:30:08,691.0,1224676
2021-05-17 09:30:09,690.7,1241353
2021-05-17 09:30:10,690.65,1243140
2021-05-17 09:30:11,690.7,1243292
2021-05-17 09:30:12,690.85,1243974
2021-05-17 09:30:12,690.85,1243974
2021-05-17 09:30:13,690.7,1244089
2021-05-17 09:30:14,690.9,1244385
2021-05-17 09:30:16,690.85,1244424
2021-05-17 09:30:16,690.95,1244728
2021-05-17 09:30:18,690.9,1245201
2021-05-17 09:30:18,690.95,1245378
2021-05-17 09:30:19,690.95,1245538
2021-05-17 09:30:20,690.95,1245709
2021-05-17 09:30:21,690.95,1245909
2021-05-17 09:30:22,690.9,1246708
2021-05-17 09:30:23,691.05,1248310
2021-05-17 09:30:24,691.05,1248310
2021-05-17 09:30:25,691.2,1248799
2021-05-17 09:30:26,691.25,1251700
2021-05-17 09:30:28,690.85,1252453
2021-05-17 09:30:29,690.9,1253061
2021-05-17 09:30:30,691.25,1253807
2021-05-17 09:30:31,691.25,1253845
2021-05-17 09:30:32,691.15,1254378
2021-05-17 09:30:33,691.3,1254688
2021-05-17 09:30:34,691.3,1254773
2021-05-17 09:30:35,691.25,1254852
2021-05-17 09:30:36,691.25,1254982
2021-05-17 09:30:37,690.9,1256059
2021-05-17 09:30:38,690.95,1256169
2021-05-17 09:30:39,691.0,1256718
2021-05-17 09:30:40,690.95,1258712
2021-05-17 09:30:41,690.75,1259033
2021-05-17 09:30:42,690.75,1259053
2021-05-17 09:30:43,691.05,1260284
2021-05-17 09:30:43,690.95,1260289
2021-05-17 09:30:44,690.95,1260319
2021-05-17 09:30:45,690.7,1260558
2021-05-17 09:30:46,690.85,1260587
2021-05-17 09:30:48,691.05,1262646
2021-05-17 09:30:49,691.0,1264970
2021-05-17 09:30:50,691.0,1265476
2021-05-17 09:30:51,691.15,1266570
2021-05-17 09:30:52,691.15,1268160
2021-05-17 09:30:53,691.15,1268274
2021-05-17 09:30:54,691.1,1268740
2021-05-17 09:30:55,691.4,1269434
2021-05-17 09:30:56,691.05,1269973
2021-05-17 09:30:57,691.1,1270806
2021-05-17 09:30:58,691.1,1270834
2021-05-17 09:30:59,691.0,1271134
2021-05-17 09:31:00,690.95,1272662
2021-05-17 09:31:02,690.6,1273173
2021-05-17 09:31:03,690.6,1275047
2021-05-17 09:31:04,691.0,1276400
2021-05-17 09:31:05,690.8,1276410
2021-05-17 09:31:06,691.0,1276796
2021-05-17 09:31:07,690.95,1277448
2021-05-17 09:31:08,690.95,1278066
2021-05-17 09:31:09,690.95,1278066
2021-05-17 09:31:11,690.8,1280735
2021-05-17 09:31:12,690.6,1281572
2021-05-17 09:31:13,690.6,1281931
2021-05-17 09:31:14,690.6,1282953
2021-05-17 09:31:15,690.6,1283170
2021-05-17 09:31:16,690.45,1283282
2021-05-17 09:31:17,690.8,1283642
2021-05-17 09:31:18,690.55,1283762
2021-05-17 09:31:19,690.55,1284309
2021-05-17 09:31:20,690.75,1284465
2021-05-17 09:31:21,690.8,1284485
2021-05-17 09:31:22,690.8,1284634
2021-05-17 09:31:23,690.8,1284860
2021-05-17 09:31:24,690.8,1284958
2021-05-17 09:31:25,690.8,1285145
2021-05-17 09:31:26,690.8,1285351
2021-05-17 09:31:27,690.65,1285728
2021-05-17 09:31:29,690.9,1285794
2021-05-17 09:31:30,690.9,1285794
2021-05-17 09:31:31,690.65,1285832
2021-05-17 09:31:32,690.65,1285840
2021-05-17 09:31:33,690.55,1285991
2021-05-17 09:31:34,690.7,1286107
2021-05-17 09:31:35,690.6,1286185
2021-05-17 09:31:36,690.6,1286195
2021-05-17 09:31:37,690.6,1286322
2021-05-17 09:31:38,690.8,1286492
2021-05-17 09:31:39,690.8,1286512
2021-05-17 09:31:41,690.8,1287174
2021-05-17 09:31:42,690.6,1287305
2021-05-17 09:31:43,690.85,1288368
2021-05-17 09:31:44,690.8,1288679
2021-05-17 09:31:45,690.8,1289287
2021-05-17 09:31:46,690.55,1289432
2021-05-17 09:31:47,690.75,1289450
2021-05-17 09:31:47,690.75,1289520
2021-05-17 09:31:49,690.8,1289779
2021-05-17 09:31:51,690.9,1289891
2021-05-17 09:31:52,690.9,1290006
2021-05-17 09:31:54,690.9,1290022
2021-05-17 09:31:55,691.0,1290222
2021-05-17 09:31:56,690.8,1291790
2021-05-17 09:31:57,690.8,1292041
2021-05-17 09:31:58,690.8,1292409
2021-05-17 09:31:59,690.8,1292612
2021-05-17 09:32:00,690.55,1293103
2021-05-17 09:32:01,690.55,1293949
2021-05-17 09:32:02,690.55,1294109
2021-05-17 09:32:03,690.45,1294209
2021-05-17 09:32:04,690.55,1294235
2021-05-17 09:32:05,690.55,1294260
2021-05-17 09:32:06,690.5,1294336
2021-05-17 09:32:06,690.5,1294408
2021-05-17 09:32:08,690.9,1295085
2021-05-17 09:32:09,690.65,1296009
2021-05-17 09:32:10,690.65,1296009
2021-05-17 09:32:10,690.9,1296112
2021-05-17 09:32:12,690.9,1296112
2021-05-17 09:32:14,690.7,1296770
2021-05-17 09:32:15,690.7,1296912
2021-05-17 09:32:16,690.7,1296992
2021-05-17 09:32:17,690.7,1297042
2021-05-17 09:32:18,690.7,1297057
2021-05-17 09:32:19,690.85,1297058
2021-05-17 09:32:20,690.85,1297079
2021-05-17 09:32:21,690.45,1298765
2021-05-17 09:32:22,690.5,1298854
2021-05-17 09:32:23,690.55,1298950
2021-05-17 09:32:24,690.6,1299140
2021-05-17 09:32:25,690.65,1299323
2021-05-17 09:32:26,690.6,1299482
2021-05-17 09:32:27,690.6,1299499
2021-05-17 09:32:28,690.6,1299499
2021-05-17 09:32:29,690.6,1299540
2021-05-17 09:32:30,690.6,1299840
2021-05-17 09:32:31,690.8,1300266
2021-05-17 09:32:32,690.6,1300371
2021-05-17 09:32:33,691.0,1300576
2021-05-17 09:32:35,690.7,1300826
2021-05-17 09:32:36,691.0,1301054
2021-05-17 09:32:36,691.0,1301054
2021-05-17 09:32:38,690.85,1310157
2021-05-17 09:32:39,691.0,1310315
2021-05-17 09:32:40,690.95,1311389
2021-05-17 09:32:41,691.0,1311660
2021-05-17 09:32:42,691.0,1311662
2021-05-17 09:32:43,691.15,1312578
2021-05-17 09:32:44,691.15,1312668
2021-05-17 09:32:45,690.9,1312770
2021-05-17 09:32:46,690.8,1313666
2021-05-17 09:32:49,691.0,1314331
2021-05-17 09:32:50,691.15,1314491
2021-05-17 09:32:51,691.0,1314522
2021-05-17 09:32:52,691.1,1314866
2021-05-17 09:32:53,691.0,1314885
2021-05-17 09:32:56,691.15,1315343
2021-05-17 09:32:59,691.5,1317078
2021-05-17 09:33:00,691.5,1317395
2021-05-17 09:33:01,691.5,1322796
2021-05-17 09:33:02,691.7,1323960
2021-05-17 09:33:03,691.85,1324910
2021-05-17 09:33:04,691.6,1329978
2021-05-17 09:33:05,691.3,1330025
2021-05-17 09:33:06,691.8,1330430
2021-05-17 09:33:08,691.8,1330440
2021-05-17 09:33:07,691.8,1330440
2021-05-17 09:33:09,691.8,1330440
2021-05-17 09:33:10,691.5,1330592
2021-05-17 09:33:11,691.6,1330967
2021-05-17 09:33:12,691.65,1331142
2021-05-17 09:33:13,691.45,1332290
2021-05-17 09:33:14,691.45,1332702
2021-05-17 09:33:15,691.4,1332872
2021-05-17 09:33:16,691.4,1332992
2021-05-17 09:33:17,691.4,1332992
2021-05-17 09:33:18,691.7,1334392
2021-05-17 09:33:19,691.5,1334587
2021-05-17 09:33:20,691.75,1334720
2021-05-17 09:33:21,691.8,1334721
2021-05-17 09:33:22,691.75,1335030
2021-05-17 09:33:24,691.45,1335134
2021-05-17 09:33:25,691.45,1335134
2021-05-17 09:33:26,691.45,1336385
2021-05-17 09:33:27,691.65,1336506
2021-05-17 09:33:28,691.7,1336658
2021-05-17 09:33:29,691.8,1337111
2021-05-17 09:33:30,691.75,1337405
2021-05-17 09:33:31,691.35,1337556
2021-05-17 09:33:32,691.7,1337721
2021-05-17 09:33:33,691.65,1338072
2021-05-17 09:33:35,691.55,1339434
2021-05-17 09:33:36,691.3,1340659
2021-05-17 09:33:37,691.0,1341584
2021-05-17 09:33:38,691.0,1341584
2021-05-17 09:33:39,691.25,1341802
2021-05-17 09:33:40,691.4,1347393
2021-05-17 09:33:41,691.7,1347489
2021-05-17 09:33:42,691.65,1347520
2021-05-17 09:33:43,692.0,1352810
2021-05-17 09:33:44,691.9,1352948
2021-05-17 09:33:45,691.85,1354391
2021-05-17 09:33:46,692.0,1354699
2021-05-17 09:33:47,692.0,1354749
2021-05-17 09:33:48,692.0,1354751
2021-05-17 09:33:49,692.0,1354901
2021-05-17 09:33:50,691.9,1355320
2021-05-17 09:33:51,692.4,1376113
2021-05-17 09:33:52,692.5,1377562
2021-05-17 09:33:57,692.6,1381455
2021-05-17 09:33:58,692.8,1382498
2021-05-17 09:33:59,692.8,1382753
2021-05-17 09:34:01,692.9,1388489
2021-05-17 09:34:03,693.05,1397842
2021-05-17 09:34:04,693.2,1399489
2021-05-17 09:34:05,692.9,1399810
2021-05-17 09:34:06,692.9,1401173
2021-05-17 09:34:07,692.9,1401441
2021-05-17 09:34:08,692.9,1401726
2021-05-17 09:34:09,693.3,1405808
2021-05-17 09:34:10,693.05,1405892
2021-05-17 09:34:11,693.3,1406147
2021-05-17 09:34:12,692.95,1406546
2021-05-17 09:34:13,693.3,1406906
2021-05-17 09:34:14,693.35,1407322
2021-05-17 09:34:15,693.3,1407841
2021-05-17 09:34:16,693.15,1408261
2021-05-17 09:34:17,693.3,1409007
2021-05-17 09:34:18,693.3,1409107
2021-05-17 09:34:19,694.15,1429379
2021-05-17 09:34:20,693.7,1434147
2021-05-17 09:34:21,693.9,1436796
2021-05-17 09:34:22,693.75,1437015
2021-05-17 09:34:23,694.0,1437711
2021-05-17 09:34:24,693.8,1437996
2021-05-17 09:34:25,693.9,1443298
2021-05-17 09:34:26,693.75,1443669
2021-05-17 09:34:27,693.75,1443735
2021-05-17 09:34:28,693.75,1443835
2021-05-17 09:34:29,693.9,1447951
2021-05-17 09:34:30,694.45,1450035
2021-05-17 09:34:31,694.25,1452544
2021-05-17 09:34:32,694.0,1453655
2021-05-17 09:34:33,694.2,1454325
2021-05-17 09:34:34,694.4,1455295
2021-05-17 09:34:35,694.2,1456041
2021-05-17 09:34:36,694.2,1456195
2021-05-17 09:34:37,694.3,1456715
2021-05-17 09:34:38,694.0,1456865
2021-05-17 09:34:39,694.2,1461527
2021-05-17 09:34:40,693.9,1462144
2021-05-17 09:34:41,693.9,1462317
2021-05-17 09:34:42,693.85,1463837
2021-05-17 09:34:43,693.8,1464022
2021-05-17 09:34:44,693.6,1464154
2021-05-17 09:34:45,693.55,1464280
2021-05-17 09:34:46,693.75,1464508
2021-05-17 09:34:47,693.35,1464947
2021-05-17 09:34:48,693.35,1465097
2021-05-17 09:34:49,693.25,1465791
2021-05-17 09:34:50,693.4,1466115
2021-05-17 09:34:51,693.65,1466518
2021-05-17 09:34:52,693.6,1466604
2021-05-17 09:34:53,693.6,1466654
2021-05-17 09:34:54,693.6,1466999
2021-05-17 09:34:55,693.45,1467679
2021-05-17 09:34:56,693.5,1469085
2021-05-17 09:34:57,693.6,1469729
2021-05-17 09:34:59,693.7,1470210
2021-05-17 09:34:59,693.45,1471536
2021-05-17 09:35:00,693.4,1471788
2021-05-17 09:35:01,693.65,1471810
2021-05-17 09:35:02,693.45,1472280
2021-05-17 09:35:03,693.95,1473535
2021-05-17 09:35:04,693.85,1475657
2021-05-17 09:35:05,693.95,1475799
2021-05-17 09:35:06,693.95,1476291
2021-05-17 09:35:07,694.0,1476504
2021-05-17 09:35:08,693.9,1477170
2021-05-17 09:35:09,693.6,1477459
2021-05-17 09:35:10,693.55,1479643
2021-05-17 09:35:11,693.55,1480099
2021-05-17 09:35:12,693.35,1480849
2021-05-17 09:35:16,693.8,1483435
2021-05-17 09:35:18,693.8,1484120
2021-05-17 09:35:19,693.6,1484864
2021-05-17 09:35:20,693.85,1485385
2021-05-17 09:35:21,693.55,1485445
2021-05-17 09:35:22,693.8,1485520
2021-05-17 09:35:24,693.85,1485965
2021-05-17 09:35:24,693.8,1485565
2021-05-17 09:35:25,693.6,1486176
2021-05-17 09:35:26,693.6,1486673
2021-05-17 09:35:27,693.8,1486944
2021-05-17 09:35:28,693.8,1487124
2021-05-17 09:35:29,693.75,1487220
2021-05-17 09:35:30,693.6,1487221
2021-05-17 09:35:31,693.6,1487237
2021-05-17 09:35:32,693.6,1487239
2021-05-17 09:35:33,693.6,1487313
2021-05-17 09:35:35,693.75,1487449
2021-05-17 09:35:35,693.75,1487449
2021-05-17 09:35:36,693.45,1487949
2021-05-17 09:35:37,693.6,1488054
2021-05-17 09:35:38,693.6,1488164
2021-05-17 09:35:39,693.3,1488609
2021-05-17 09:35:40,693.5,1489364
2021-05-17 09:35:41,693.5,1489374
2021-05-17 09:35:42,693.25,1489674
2021-05-17 09:35:44,693.35,1491423
2021-05-17 09:35:45,693.15,1491644
2021-05-17 09:35:47,692.75,1494252
2021-05-17 09:35:48,692.75,1494252
2021-05-17 09:35:50,693.0,1494749
2021-05-17 09:35:52,692.6,1495129
2021-05-17 09:35:53,692.7,1495720
2021-05-17 09:35:54,692.5,1495989
2021-05-17 09:35:55,692.3,1496631
2021-05-17 09:35:55,692.3,1496631
2021-05-17 09:35:56,692.35,1497071
2021-05-17 09:35:57,692.5,1497290
2021-05-17 09:35:58,692.45,1498878
2021-05-17 09:35:59,692.75,1498920
2021-05-17 09:36:00,692.35,1499021
2021-05-17 09:36:01,692.7,1499054
2021-05-17 09:36:02,692.55,1499201
2021-05-17 09:36:03,692.75,1499421
2021-05-17 09:36:04,692.6,1499894
2021-05-17 09:36:06,692.55,1499924
2021-05-17 09:36:07,692.6,1500031
2021-05-17 09:36:08,692.55,1500131
2021-05-17 09:36:08,692.55,1500131
2021-05-17 09:36:09,692.6,1500200
2021-05-17 09:36:10,692.6,1500700
2021-05-17 09:36:11,692.7,1501632
2021-05-17 09:36:12,692.7,1501742
2021-05-17 09:36:13,692.5,1501842
2021-05-17 09:36:14,692.7,1502912
2021-05-17 09:36:15,692.7,1502963
2021-05-17 09:36:16,692.55,1503073
2021-05-17 09:36:19,692.9,1507921
2021-05-17 09:36:20,693.0,1508029
2021-05-17 09:36:21,692.65,1508984
2021-05-17 09:36:22,692.7,1509384
2021-05-17 09:36:24,692.5,1509504
2021-05-17 09:36:26,692.85,1509682
2021-05-17 09:36:27,692.9,1509754
2021-05-17 09:36:29,692.9,1509879
2021-05-17 09:36:31,692.65,1510708
2021-05-17 09:36:31,692.85,1511984
2021-05-17 09:36:32,692.85,1512032
2021-05-17 09:36:33,692.65,1512284
2021-05-17 09:36:35,692.2,1514356
2021-05-17 09:36:36,692.3,1514366
2021-05-17 09:36:37,692.35,1514406
2021-05-17 09:36:38,692.25,1514731
2021-05-17 09:36:39,692.5,1514877
2021-05-17 09:36:40,692.3,1515135
2021-05-17 09:36:41,692.5,1515482
2021-05-17 09:36:42,692.5,1515750
2021-05-17 09:36:42,692.5,1515760
2021-05-17 09:36:43,692.35,1517226
2021-05-17 09:36:45,692.5,1517323
2021-05-17 09:36:46,692.6,1517400
2021-05-17 09:36:47,692.65,1517525
2021-05-17 09:36:50,692.7,1518377
2021-05-17 09:36:51,692.7,1518477
2021-05-17 09:36:52,692.65,1518636
2021-05-17 09:36:53,692.7,1519221
2021-05-17 09:36:54,693.0,1521847
2021-05-17 09:36:55,693.0,1523146
2021-05-17 09:36:56,692.75,1523629
2021-05-17 09:36:57,692.65,1523989
2021-05-17 09:36:58,692.75,1524954
2021-05-17 09:36:59,692.75,1525054
2021-05-17 09:37:00,692.75,1525112
2021-05-17 09:37:01,692.75,1525112
2021-05-17 09:37:02,692.8,1525279
2021-05-17 09:37:04,692.7,1527163
2021-05-17 09:37:05,692.7,1527163
2021-05-17 09:37:05,692.7,1527163
2021-05-17 09:37:06,692.8,1527192
2021-05-17 09:37:07,692.55,1527292
2021-05-17 09:37:08,692.75,1527317
2021-05-17 09:37:09,692.55,1527338
2021-05-17 09:37:10,692.75,1527610
2021-05-17 09:37:11,692.75,1527647
2021-05-17 09:37:12,692.95,1528304
2021-05-17 09:37:13,692.7,1528409
2021-05-17 09:37:14,692.75,1529392
2021-05-17 09:37:15,693.1,1541570
2021-05-17 09:37:17,693.05,1542385
2021-05-17 09:37:18,693.0,1543579
2021-05-17 09:37:19,692.9,1543705
2021-05-17 09:37:20,693.25,1543955
2021-05-17 09:37:22,693.05,1544295
2021-05-17 09:37:23,692.7,1544485
2021-05-17 09:37:24,692.85,1544490
2021-05-17 09:37:26,693.15,1548977
2021-05-17 09:37:27,693.15,1549608
2021-05-17 09:37:28,693.0,1549914
2021-05-17 09:37:29,693.0,1550015
2021-05-17 09:37:29,693.0,1550015
2021-05-17 09:37:30,693.0,1551399
2021-05-17 09:37:33,693.0,1552763
2021-05-17 09:37:34,692.85,1553072
2021-05-17 09:37:36,692.8,1553307
2021-05-17 09:37:37,692.9,1553404
2021-05-17 09:37:38,692.9,1553504
2021-05-17 09:37:39,692.7,1553768
2021-05-17 09:37:40,692.9,1553770
2021-05-17 09:37:41,692.95,1553968
2021-05-17 09:37:42,693.25,1554284
2021-05-17 09:37:43,692.95,1554325
2021-05-17 09:37:44,692.95,1554325
2021-05-17 09:37:45,692.95,1554325
2021-05-17 09:37:46,692.9,1554426
2021-05-17 09:37:48,693.2,1554639
2021-05-17 09:37:49,693.35,1566424
2021-05-17 09:37:50,693.55,1566520
2021-05-17 09:37:52,693.25,1566920
2021-05-17 09:37:53,693.25,1566930
2021-05-17 09:37:54,693.4,1566964
2021-05-17 09:37:54,693.25,1566930
2021-05-17 09:37:55,693.55,1569037
2021-05-17 09:37:56,693.25,1569043
2021-05-17 09:37:57,693.15,1569379
2021-05-17 09:37:58,693.25,1570648
2021-05-17 09:38:00,693.25,1570864
2021-05-17 09:38:01,693.25,1571579
2021-05-17 09:38:02,693.55,1571599
2021-05-17 09:38:03,693.55,1572600
2021-05-17 09:38:04,693.35,1572674
2021-05-17 09:38:04,693.35,1572675
2021-05-17 09:38:05,693.45,1573220
2021-05-17 09:38:06,693.45,1573220
2021-05-17 09:38:07,693.5,1573388
2021-05-17 09:38:08,693.45,1573784
2021-05-17 09:38:09,693.45,1573835
2021-05-17 09:38:11,693.45,1573836
2021-05-17 09:38:12,693.4,1573847
2021-05-17 09:38:13,693.55,1573951
2021-05-17 09:38:14,693.45,1574151
2021-05-17 09:38:15,693.45,1574222
2021-05-17 09:38:16,693.4,1574450
2021-05-17 09:38:17,693.35,1574455
2021-05-17 09:38:18,693.35,1574460
2021-05-17 09:38:19,693.3,1574663
2021-05-17 09:38:20,693.35,1575196
2021-05-17 09:38:21,693.3,1575216
2021-05-17 09:38:22,693.4,1575310
2021-05-17 09:38:23,693.3,1575441
2021-05-17 09:38:24,693.4,1575517
2021-05-17 09:38:25,693.4,1575517
2021-05-17 09:38:27,693.5,1575993
2021-05-17 09:38:29,693.5,1576579
2021-05-17 09:38:29,693.3,1576738
2021-05-17 09:38:30,693.5,1576952
2021-05-17 09:38:31,693.3,1576968
2021-05-17 09:38:33,693.4,1577103
2021-05-17 09:38:34,693.15,1578215
2021-05-17 09:38:35,693.2,1578415
2021-05-17 09:38:36,693.05,1579885
2021-05-17 09:38:37,693.05,1579885
2021-05-17 09:38:38,693.3,1580568
2021-05-17 09:38:38,693.3,1580568
2021-05-17 09:38:39,693.45,1581193
2021-05-17 09:38:40,693.5,1581379
2021-05-17 09:38:41,693.45,1582120
2021-05-17 09:38:43,693.45,1582227
2021-05-17 09:38:44,693.45,1582346
2021-05-17 09:38:45,693.85,1585478
2021-05-17 09:38:46,693.5,1585480
2021-05-17 09:38:47,693.4,1585517
2021-05-17 09:38:48,693.4,1585517
2021-05-17 09:38:49,693.3,1585570
2021-05-17 09:38:50,693.5,1585845
2021-05-17 09:38:51,693.5,1586244
2021-05-17 09:38:52,693.35,1586345
2021-05-17 09:38:53,693.5,1586365
2021-05-17 09:38:54,693.45,1586412
2021-05-17 09:38:55,693.5,1586447
2021-05-17 09:38:56,693.45,1586456
2021-05-17 09:38:57,693.45,1586456
2021-05-17 09:38:58,693.45,1586617
2021-05-17 09:38:59,693.5,1588022
2021-05-17 09:39:00,693.5,1588537
2021-05-17 09:39:01,693.55,1592183
2021-05-17 09:39:02,693.7,1593582
2021-05-17 09:39:03,693.45,1593678
2021-05-17 09:39:04,693.45,1593726
2021-05-17 09:39:05,693.4,1594143
2021-05-17 09:39:07,693.5,1594193
2021-05-17 09:39:08,693.5,1594193
2021-05-17 09:39:09,693.25,1595675
2021-05-17 09:39:10,693.25,1595675
2021-05-17 09:39:11,693.3,1600776
2021-05-17 09:39:12,693.3,1600776
2021-05-17 09:39:13,692.85,1605056
2021-05-17 09:39:14,693.0,1606090
2021-05-17 09:39:15,693.4,1606248
2021-05-17 09:39:16,693.4,1606760
2021-05-17 09:39:17,693.4,1606760
2021-05-17 09:39:18,693.35,1607912
2021-05-17 09:39:19,693.4,1608084
2021-05-17 09:39:20,693.55,1610968
2021-05-17 09:39:21,694.0,1613566
2021-05-17 09:39:22,693.7,1613872
2021-05-17 09:39:22,693.7,1613872
2021-05-17 09:39:23,693.75,1614707
2021-05-17 09:39:24,694.0,1614732
2021-05-17 09:39:25,693.95,1614777
2021-05-17 09:39:27,693.95,1614813
2021-05-17 09:39:28,693.95,1614813
2021-05-17 09:39:29,693.75,1614897
2021-05-17 09:39:30,693.75,1614897
2021-05-17 09:39:31,693.95,1614916
2021-05-17 09:39:31,693.95,1614916
2021-05-17 09:39:32,693.75,1614998
2021-05-17 09:39:33,693.9,1615000
2021-05-17 09:39:34,693.75,1615313
2021-05-17 09:39:35,693.9,1615414
2021-05-17 09:39:37,694.0,1615899
2021-05-17 09:39:38,693.75,1615925
2021-05-17 09:39:38,693.75,1615925
2021-05-17 09:39:39,693.75,1616132
2021-05-17 09:39:40,693.75,1616132
2021-05-17 09:39:41,693.4,1621658
2021-05-17 09:39:42,693.6,1621673
2021-05-17 09:39:43,693.4,1621735
2021-05-17 09:39:44,693.65,1621935
2021-05-17 09:39:45,693.6,1622441
2021-05-17 09:39:46,693.8,1622443
2021-05-17 09:39:48,693.85,1622483
2021-05-17 09:39:49,693.45,1623370
2021-05-17 09:39:50,693.45,1623370
2021-05-17 09:39:51,693.55,1625647
2021-05-17 09:39:52,693.4,1625747
2021-05-17 09:39:53,693.5,1626554
2021-05-17 09:39:54,693.7,1626662
2021-05-17 09:39:55,693.5,1627172
2021-05-17 09:39:56,693.5,1629179
2021-05-17 09:39:57,693.25,1629254
2021-05-17 09:39:58,693.5,1629404
2021-05-17 09:39:59,693.5,1630673
2021-05-17 09:40:00,693.5,1630971
2021-05-17 09:40:01,693.25,1631351
2021-05-17 09:40:02,693.1,1636351
2021-05-17 09:40:03,693.35,1636353
2021-05-17 09:40:03,693.35,1636353
2021-05-17 09:40:04,693.05,1636704
2021-05-17 09:40:06,693.3,1637335
2021-05-17 09:40:08,693.3,1637418
2021-05-17 09:40:09,693.3,1637418
2021-05-17 09:40:10,693.6,1637464
2021-05-17 09:40:11,693.55,1637470
2021-05-17 09:40:12,693.55,1637846
2021-05-17 09:40:13,693.6,1637968
2021-05-17 09:40:13,693.9,1639168
2021-05-17 09:40:14,694.35,1653305
2021-05-17 09:40:16,694.0,1654456
2021-05-17 09:40:17,694.4,1656933
2021-05-17 09:40:18,694.15,1657317
2021-05-17 09:40:19,694.65,1666487
2021-05-17 09:40:20,694.9,1668764
2021-05-17 09:40:21,694.7,1679573
2021-05-17 09:40:22,694.3,1681324
2021-05-17 09:40:25,694.25,1688897
2021-05-17 09:40:26,694.35,1689226
2021-05-17 09:40:27,694.1,1690514
2021-05-17 09:40:28,693.8,1690786
2021-05-17 09:40:29,693.9,1691004
2021-05-17 09:40:30,694.1,1691124
2021-05-17 09:40:31,694.1,1691161
2021-05-17 09:40:32,694.05,1693924
2021-05-17 09:40:33,694.05,1693925
2021-05-17 09:40:33,694.15,1693993
2021-05-17 09:40:37,694.4,1695219
2021-05-17 09:40:38,694.25,1695332
2021-05-17 09:40:39,694.4,1695698
2021-05-17 09:40:40,694.2,1696934
2021-05-17 09:40:41,694.35,1698134
2021-05-17 09:40:42,694.35,1698259
2021-05-17 09:40:43,694.25,1701856
2021-05-17 09:40:44,694.25,1701997
2021-05-17 09:40:45,694.25,1702017
2021-05-17 09:40:46,694.3,1702969
2021-05-17 09:40:46,694.3,1702969
2021-05-17 09:40:48,694.25,1704018
2021-05-17 09:40:49,694.0,1705803
2021-05-17 09:40:50,694.0,1709189
2021-05-17 09:40:51,694.0,1709795
2021-05-17 09:40:52,694.0,1713396
2021-05-17 09:40:53,693.95,1713406
2021-05-17 09:40:54,693.8,1714949
2021-05-17 09:40:55,694.1,1718669
2021-05-17 09:40:57,693.9,1718790
2021-05-17 09:40:58,693.65,1719012
2021-05-17 09:40:59,693.65,1719012
2021-05-17 09:41:00,693.95,1719505
2021-05-17 09:41:01,693.95,1720523
2021-05-17 09:41:02,693.7,1720533
2021-05-17 09:41:03,694.0,1720570
2021-05-17 09:41:04,694.1,1720777
2021-05-17 09:41:05,693.9,1720778
2021-05-17 09:41:07,694.2,1721010
2021-05-17 09:41:08,694.05,1724110
2021-05-17 09:41:09,693.9,1724131
2021-05-17 09:41:14,694.1,1736809
2021-05-17 09:41:15,694.25,1737019
2021-05-17 09:41:16,694.0,1737020
2021-05-17 09:41:17,694.0,1737321
2021-05-17 09:41:18,694.0,1737321
2021-05-17 09:41:19,694.0,1737982
2021-05-17 09:41:19,694.25,1737882
2021-05-17 09:41:20,694.0,1737998
2021-05-17 09:41:22,694.1,1738354
2021-05-17 09:41:23,694.35,1741951
2021-05-17 09:41:24,694.0,1742083
2021-05-17 09:41:25,694.1,1742559
2021-05-17 09:41:26,694.05,1742674
2021-05-17 09:41:27,694.35,1742970
2021-05-17 09:41:28,693.8,1745424
2021-05-17 09:41:29,694.3,1745926
2021-05-17 09:41:29,693.95,1746126
2021-05-17 09:41:31,694.3,1746689
2021-05-17 09:41:32,694.3,1746689
2021-05-17 09:41:33,694.3,1747521
2021-05-17 09:41:34,694.3,1747531
2021-05-17 09:41:35,694.5,1748292
2021-05-17 09:41:36,694.45,1748440
2021-05-17 09:41:37,694.45,1748441
2021-05-17 09:41:38,694.6,1748570
2021-05-17 09:41:39,694.6,1748588
2021-05-17 09:41:39,694.6,1748588
2021-05-17 09:41:40,694.65,1752859
2021-05-17 09:41:41,694.65,1753219
2021-05-17 09:41:42,694.65,1753260
2021-05-17 09:41:44,694.9,1755204
2021-05-17 09:41:45,694.7,1755405
2021-05-17 09:41:46,694.7,1755688
2021-05-17 09:41:47,694.9,1756020
2021-05-17 09:41:48,694.9,1756038
2021-05-17 09:41:49,694.95,1756453
2021-05-17 09:41:50,694.7,1757244
2021-05-17 09:41:51,695.0,1758471
2021-05-17 09:41:51,695.0,1758471
2021-05-17 09:41:52,695.0,1758830
2021-05-17 09:41:53,695.0,1764207
2021-05-17 09:41:54,694.9,1764234
2021-05-17 09:41:56,694.7,1764341
2021-05-17 09:41:57,694.6,1764462
2021-05-17 09:41:58,694.6,1765018
2021-05-17 09:41:59,694.65,1765307
2021-05-17 09:42:00,694.65,1765472
2021-05-17 09:42:01,694.6,1765578
2021-05-17 09:42:02,694.65,1765673
2021-05-17 09:42:03,694.7,1765928
2021-05-17 09:42:04,694.65,1765968
2021-05-17 09:42:05,694.7,1765993
2021-05-17 09:42:06,694.7,1766434
2021-05-17 09:42:06,694.5,1766614
2021-05-17 09:42:07,694.7,1766669
2021-05-17 09:42:09,694.5,1767619
2021-05-17 09:42:10,694.65,1767705
2021-05-17 09:42:11,694.7,1767730
2021-05-17 09:42:12,694.5,1767905
2021-05-17 09:42:13,694.5,1767928
2021-05-17 09:42:14,694.65,1767958
2021-05-17 09:42:15,694.8,1768376
2021-05-17 09:42:16,694.5,1768548
2021-05-17 09:42:17,694.5,1768721
2021-05-17 09:42:20,694.5,1770868
2021-05-17 09:42:21,694.5,1770960
2021-05-17 09:42:22,694.5,1771161
2021-05-17 09:42:23,694.25,1771472
2021-05-17 09:42:24,694.5,1771932
2021-05-17 09:42:25,694.35,1772147
2021-05-17 09:42:26,694.8,1772974
2021-05-17 09:42:28,694.45,1773607
2021-05-17 09:42:28,694.3,1773807
2021-05-17 09:42:29,694.3,1774857
2021-05-17 09:42:30,694.45,1775210
2021-05-17 09:42:31,694.15,1776935
2021-05-17 09:42:33,694.45,1777119
2021-05-17 09:42:34,694.45,1778129
2021-05-17 09:42:35,694.2,1778430
2021-05-17 09:42:36,694.3,1778630
2021-05-17 09:42:38,694.35,1779380
2021-05-17 09:42:39,694.35,1779480
2021-05-17 09:42:40,694.05,1779580
2021-05-17 09:42:41,694.35,1779781
2021-05-17 09:42:42,694.35,1779786
2021-05-17 09:42:43,694.35,1779816
2021-05-17 09:42:44,694.3,1779932
2021-05-17 09:42:45,694.05,1780181
2021-05-17 09:42:46,694.3,1780277
2021-05-17 09:42:46,694.3,1780313
2021-05-17 09:42:47,694.35,1780831
2021-05-17 09:42:48,694.05,1780935
2021-05-17 09:42:50,694.05,1780938
2021-05-17 09:42:51,694.15,1781188
2021-05-17 09:42:52,694.15,1781188
2021-05-17 09:42:53,694.0,1781208
2021-05-17 09:42:54,694.05,1781327
2021-05-17 09:42:55,694.0,1781477
2021-05-17 09:42:56,694.2,1781978
2021-05-17 09:42:57,694.05,1783108
2021-05-17 09:42:58,694.0,1783180
2021-05-17 09:42:59,694.0,1783245
2021-05-17 09:43:00,694.1,1783401
2021-05-17 09:43:00,694.1,1783401
2021-05-17 09:43:02,694.1,1783803
2021-05-17 09:43:03,694.1,1784059
2021-05-17 09:43:05,694.05,1784231
2021-05-17 09:43:06,694.0,1784611
2021-05-17 09:43:07,694.0,1784911
2021-05-17 09:43:08,694.1,1785006
2021-05-17 09:43:09,694.1,1785162
2021-05-17 09:43:09,694.1,1785162
2021-05-17 09:43:11,694.5,1792762
2021-05-17 09:43:12,695.0,1819936
2021-05-17 09:43:13,694.5,1820343
2021-05-17 09:43:14,694.65,1820363
2021-05-17 09:43:15,694.35,1821805
2021-05-17 09:43:16,694.35,1822204
2021-05-17 09:43:16,694.25,1822004
2021-05-17 09:43:18,694.35,1822315
2021-05-17 09:43:19,694.35,1822855
2021-05-17 09:43:20,694.35,1822855
2021-05-17 09:43:21,694.45,1823014
2021-05-17 09:43:22,694.4,1823029
2021-05-17 09:43:23,694.4,1823035
2021-05-17 09:43:24,694.35,1823286
2021-05-17 09:43:25,694.4,1823624
2021-05-17 09:43:25,694.4,1823839
2021-05-17 09:43:27,694.35,1824436
2021-05-17 09:43:28,694.5,1824636
2021-05-17 09:43:29,694.4,1824771
2021-05-17 09:43:30,694.4,1824781
2021-05-17 09:43:31,694.35,1825044
2021-05-17 09:43:32,694.2,1825050
2021-05-17 09:43:33,694.2,1825081
2021-05-17 09:43:34,694.1,1825241
2021-05-17 09:43:35,694.35,1825277
2021-05-17 09:43:36,694.35,1825277
2021-05-17 09:43:37,694.35,1825297
2021-05-17 09:43:38,694.0,1830352
2021-05-17 09:43:39,694.2,1830656
2021-05-17 09:43:40,693.8,1831333
2021-05-17 09:43:41,694.0,1831449
2021-05-17 09:43:42,693.9,1832859
2021-05-17 09:43:43,694.0,1832900
2021-05-17 09:43:44,694.1,1834260
2021-05-17 09:43:45,693.7,1834910
2021-05-17 09:43:46,694.0,1835460
2021-05-17 09:43:47,694.0,1835460
2021-05-17 09:43:48,693.7,1835541
2021-05-17 09:43:49,694.0,1835662
2021-05-17 09:43:50,694.0,1837627
2021-05-17 09:43:51,694.0,1837765
2021-05-17 09:43:52,694.0,1837765
2021-05-17 09:43:53,693.85,1837835
2021-05-17 09:43:54,694.0,1837991
2021-05-17 09:43:55,694.0,1838099
2021-05-17 09:43:56,694.0,1838099
2021-05-17 09:43:57,693.9,1838169
2021-05-17 09:43:58,694.15,1840366
2021-05-17 09:44:00,693.85,1840712
2021-05-17 09:44:01,693.85,1840723
2021-05-17 09:44:02,693.8,1841073
2021-05-17 09:44:03,694.0,1841098
2021-05-17 09:44:04,694.0,1841098
2021-05-17 09:44:06,693.75,1842138
2021-05-17 09:44:07,693.85,1842353
2021-05-17 09:44:08,693.85,1842478
2021-05-17 09:44:09,693.85,1842733
2021-05-17 09:44:12,694.0,1843766
2021-05-17 09:44:13,693.75,1845728
2021-05-17 09:44:14,693.7,1845729
2021-05-17 09:44:15,693.5,1847661
2021-05-17 09:44:16,693.5,1848255
2021-05-17 09:44:17,693.45,1848400
2021-05-17 09:44:18,693.5,1848575
2021-05-17 09:44:19,693.8,1848875
2021-05-17 09:44:20,694.0,1850125
2021-05-17 09:44:21,694.0,1850219
2021-05-17 09:44:23,693.8,1850256
2021-05-17 09:44:24,693.8,1850256
2021-05-17 09:44:25,693.8,1850321
2021-05-17 09:44:26,693.85,1851165
2021-05-17 09:44:27,693.8,1851215
2021-05-17 09:44:29,694.1,1851220
2021-05-17 09:44:30,694.1,1851220
2021-05-17 09:44:31,694.0,1851275
2021-05-17 09:44:32,694.0,1851817
2021-05-17 09:44:33,694.0,1852514
2021-05-17 09:44:34,694.25,1854287
2021-05-17 09:44:35,694.55,1856496
2021-05-17 09:44:36,694.5,1856786
2021-05-17 09:44:37,694.55,1857133
2021-05-17 09:44:38,694.55,1857463
2021-05-17 09:44:39,694.35,1857500
2021-05-17 09:44:40,694.2,1857881
2021-05-17 09:44:41,694.2,1857881
2021-05-17 09:44:42,694.2,1857881
2021-05-17 09:44:43,694.2,1857881
2021-05-17 09:44:44,694.25,1858069
2021-05-17 09:44:45,694.25,1858101
2021-05-17 09:44:46,694.1,1858103
2021-05-17 09:44:47,694.25,1858140
2021-05-17 09:44:48,694.2,1858212
2021-05-17 09:44:49,694.45,1858525
2021-05-17 09:44:50,694.15,1858542
2021-05-17 09:44:51,694.15,1858542
2021-05-17 09:44:52,694.15,1858557
2021-05-17 09:44:53,694.15,1859564
2021-05-17 09:44:54,694.35,1859650
2021-05-17 09:44:55,694.35,1859653
2021-05-17 09:44:56,694.35,1859719
2021-05-17 09:44:57,694.05,1859725
2021-05-17 09:44:58,694.35,1859876
2021-05-17 09:44:59,694.0,1860056
2021-05-17 09:45:00,694.0,1860072
2021-05-17 09:45:01,694.05,1860092
2021-05-17 09:45:02,694.1,1860097
2021-05-17 09:45:03,694.15,1860163
2021-05-17 09:45:04,694.25,1860699
2021-05-17 09:45:06,694.35,1860743
2021-05-17 09:45:05,694.35,1860743
2021-05-17 09:45:07,694.35,1860807
2021-05-17 09:45:08,694.3,1861369
2021-05-17 09:45:09,694.25,1861612
2021-05-17 09:45:10,694.3,1861838
2021-05-17 09:45:11,694.3,1861958
2021-05-17 09:45:12,694.3,1861998
2021-05-17 09:45:13,694.3,1862015
2021-05-17 09:45:14,694.3,1862350
2021-05-17 09:45:15,694.25,1862556
2021-05-17 09:45:16,694.3,1862558
2021-05-17 09:45:17,694.65,1878638
2021-05-17 09:45:19,694.3,1879202
2021-05-17 09:45:20,694.25,1879283
2021-05-17 09:45:21,694.55,1879311
2021-05-17 09:45:22,694.25,1880033
2021-05-17 09:45:23,694.6,1896629
2021-05-17 09:45:24,694.65,1896631
2021-05-17 09:45:25,694.6,1897163
2021-05-17 09:45:27,694.45,1897621
2021-05-17 09:45:29,694.5,1898234
2021-05-17 09:45:30,694.45,1898402
2021-05-17 09:45:31,694.45,1898402
2021-05-17 09:45:32,694.5,1898423
2021-05-17 09:45:34,694.5,1898783
2021-05-17 09:45:35,694.75,1899188
2021-05-17 09:45:36,694.45,1899598
2021-05-17 09:45:37,694.75,1900406
2021-05-17 09:45:38,694.7,1900407
2021-05-17 09:45:39,694.5,1900678
2021-05-17 09:45:40,694.5,1901037
2021-05-17 09:45:41,694.55,1901318
2021-05-17 09:45:42,694.5,1901820
2021-05-17 09:45:43,694.7,1901856
2021-05-17 09:45:45,694.6,1902035
2021-05-17 09:45:46,694.6,1902391
2021-05-17 09:45:47,694.45,1902919
2021-05-17 09:45:48,694.45,1902919
2021-05-17 09:45:50,694.6,1903202
2021-05-17 09:45:51,694.6,1903288
2021-05-17 09:45:52,694.45,1903289
2021-05-17 09:45:53,694.6,1903373
2021-05-17 09:45:54,694.9,1905015
2021-05-17 09:45:55,694.9,1905346
2021-05-17 09:45:56,694.95,1905456
2021-05-17 09:45:58,695.0,1935668
2021-05-17 09:45:58,694.6,1935868
2021-05-17 09:45:59,694.9,1935955
2021-05-17 09:46:00,694.7,1936110
2021-05-17 09:46:01,694.9,1936403
2021-05-17 09:46:04,694.65,1936471
2021-05-17 09:46:05,694.9,1936546
2021-05-17 09:46:06,694.75,1936743
2021-05-17 09:46:08,694.65,1937064
2021-05-17 09:46:10,694.7,1937375
2021-05-17 09:46:10,694.7,1937375
2021-05-17 09:46:11,694.7,1937486
2021-05-17 09:46:12,694.6,1937687
2021-05-17 09:46:13,694.6,1937687
2021-05-17 09:46:14,694.75,1937773
2021-05-17 09:46:15,694.7,1937962
2021-05-17 09:46:16,694.8,1938037
2021-05-17 09:46:18,694.85,1938622
2021-05-17 09:46:20,694.15,1941787
2021-05-17 09:46:21,694.4,1942940
2021-05-17 09:46:22,694.4,1943153
2021-05-17 09:46:23,694.4,1943347
2021-05-17 09:46:24,694.35,1943547
2021-05-17 09:46:25,694.35,1943547
2021-05-17 09:46:26,694.35,1943547
2021-05-17 09:46:27,694.35,1943547
2021-05-17 09:46:29,694.0,1943622
2021-05-17 09:46:29,694.0,1943622
2021-05-17 09:46:30,694.25,1943844
2021-05-17 09:46:32,694.25,1943910
2021-05-17 09:46:33,694.0,1948331
2021-05-17 09:46:34,694.05,1948363
2021-05-17 09:46:35,693.9,1948766
2021-05-17 09:46:36,694.0,1949189
2021-05-17 09:46:37,694.0,1949441
2021-05-17 09:46:38,693.8,1950837
2021-05-17 09:46:39,693.85,1950962
2021-05-17 09:46:40,693.85,1951178
2021-05-17 09:46:41,693.8,1951416
2021-05-17 09:46:42,693.65,1951836
2021-05-17 09:46:43,693.8,1953007
2021-05-17 09:46:46,693.6,1953589
2021-05-17 09:46:47,693.6,1953717
2021-05-17 09:46:48,693.5,1953849
2021-05-17 09:46:49,693.6,1953934
2021-05-17 09:46:51,693.4,1954833
2021-05-17 09:46:50,693.5,1954633
2021-05-17 09:46:52,693.4,1955070
2021-05-17 09:46:53,693.4,1955070
2021-05-17 09:46:54,693.5,1955361
2021-05-17 09:46:55,693.4,1955506
2021-05-17 09:46:57,693.2,1957642
2021-05-17 09:46:58,693.25,1958002
2021-05-17 09:47:00,693.2,1960080
2021-05-17 09:47:01,693.35,1961536
2021-05-17 09:47:03,693.6,1961589
2021-05-17 09:47:03,693.6,1961599
2021-05-17 09:47:04,693.6,1961599
2021-05-17 09:47:05,693.45,1961734
2021-05-17 09:47:06,693.6,1961754
2021-05-17 09:47:07,693.6,1961774
2021-05-17 09:47:08,693.45,1961780
2021-05-17 09:47:09,693.45,1961881
2021-05-17 09:47:10,693.35,1962135
2021-05-17 09:47:11,693.2,1963066
2021-05-17 09:47:12,693.2,1963066
2021-05-17 09:47:14,693.25,1963677
2021-05-17 09:47:14,693.25,1963680
2021-05-17 09:47:15,693.2,1963681
2021-05-17 09:47:16,693.5,1964086
2021-05-17 09:47:18,693.3,1964091
2021-05-17 09:47:19,693.3,1964299
2021-05-17 09:47:20,693.45,1964955
2021-05-17 09:47:21,693.35,1965967
2021-05-17 09:47:22,693.4,1966162
2021-05-17 09:47:23,693.4,1966162
2021-05-17 09:47:24,693.25,1968158
2021-05-17 09:47:25,693.4,1968491
2021-05-17 09:47:26,693.4,1968491
2021-05-17 09:47:27,693.3,1968536
2021-05-17 09:47:28,693.4,1968659
2021-05-17 09:47:29,693.3,1968805
2021-05-17 09:47:30,693.4,1969382
2021-05-17 09:47:31,693.3,1971882
2021-05-17 09:47:32,693.3,1972036
2021-05-17 09:47:33,693.2,1972146
2021-05-17 09:47:34,693.2,1972397
2021-05-17 09:47:35,693.3,1972483
2021-05-17 09:47:36,693.2,1972491
2021-05-17 09:47:37,693.2,1976071
2021-05-17 09:47:38,693.2,1976071
2021-05-17 09:47:40,693.2,1977326
2021-05-17 09:47:40,693.2,1976312
2021-05-17 09:47:41,693.0,1978125
2021-05-17 09:47:43,693.2,1978160
2021-05-17 09:47:44,693.2,1978616
2021-05-17 09:47:45,693.3,1978863
2021-05-17 09:47:46,693.4,1980475
2021-05-17 09:47:48,693.4,1981131
2021-05-17 09:47:49,693.3,1982107
2021-05-17 09:47:50,693.4,1982407
2021-05-17 09:47:51,693.4,1983622
2021-05-17 09:47:51,693.4,1983622
2021-05-17 09:47:53,693.45,1983754
2021-05-17 09:47:53,693.45,1983954
2021-05-17 09:47:54,693.45,1983954
2021-05-17 09:47:55,693.45,1983954
2021-05-17 09:47:57,693.25,1984439
2021-05-17 09:47:58,693.25,1984439
2021-05-17 09:47:59,693.1,1984980
2021-05-17 09:48:00,693.5,1985331
2021-05-17 09:48:01,693.5,1986381
2021-05-17 09:48:02,693.5,1986581
2021-05-17 09:48:03,693.25,1987384
2021-05-17 09:48:05,693.35,1987411
2021-05-17 09:48:05,693.4,1987746
2021-05-17 09:48:07,693.65,1988069
2021-05-17 09:48:08,693.65,1988069
2021-05-17 09:48:09,693.65,1988069
2021-05-17 09:48:10,693.65,1988235
2021-05-17 09:48:10,693.65,1988235
2021-05-17 09:48:11,693.65,1988284
2021-05-17 09:48:12,693.5,1988289
2021-05-17 09:48:13,693.5,1988289
2021-05-17 09:48:14,693.7,1988990
2021-05-17 09:48:15,693.8,1989724
2021-05-17 09:48:16,693.75,1989735
2021-05-17 09:48:17,693.65,1989736
2021-05-17 09:48:18,693.65,1989766
2021-05-17 09:48:19,693.65,1989766
2021-05-17 09:48:20,693.65,1990326
2021-05-17 09:48:21,693.65,1990326
2021-05-17 09:48:22,693.65,1990326
2021-05-17 09:48:23,693.65,1990363
2021-05-17 09:48:24,693.55,1990429
2021-05-17 09:48:25,693.45,1990502
2021-05-17 09:48:26,693.45,1991402
2021-05-17 09:48:27,693.65,1991536
2021-05-17 09:48:28,693.65,1991586
2021-05-17 09:48:29,693.55,1991591
2021-05-17 09:48:30,693.65,1991601
2021-05-17 09:48:31,693.6,1991903
2021-05-17 09:48:32,693.6,1991903
2021-05-17 09:48:35,693.6,1992356
2021-05-17 09:48:35,693.6,1992356
2021-05-17 09:48:37,693.6,1992357
2021-05-17 09:48:38,693.6,1992357
2021-05-17 09:48:39,693.75,1992394
2021-05-17 09:48:39,693.55,1992404
2021-05-17 09:48:40,693.55,1992404
2021-05-17 09:48:41,693.55,1992404
2021-05-17 09:48:42,693.75,1992584
2021-05-17 09:48:43,693.75,1992584
2021-05-17 09:48:44,693.6,1992634
2021-05-17 09:48:45,693.65,1992795
2021-05-17 09:48:46,693.6,1992806
2021-05-17 09:48:47,693.6,1992855
2021-05-17 09:48:48,693.7,1992963
2021-05-17 09:48:50,693.85,1994254
2021-05-17 09:48:51,694.0,1994878
2021-05-17 09:48:52,694.0,1994879
2021-05-17 09:48:53,693.95,1994949
2021-05-17 09:48:54,694.0,1994950
2021-05-17 09:48:55,694.0,1995610
2021-05-17 09:48:56,693.75,1995742
2021-05-17 09:48:56,693.75,1995742
2021-05-17 09:48:57,693.9,1995767
2021-05-17 09:49:00,693.95,1995960
2021-05-17 09:49:01,694.0,1996961
2021-05-17 09:49:02,694.0,1996961
2021-05-17 09:49:03,693.75,1997056
2021-05-17 09:49:03,693.75,1997056
2021-05-17 09:49:05,693.75,1997156
2021-05-17 09:49:05,693.75,1997156
2021-05-17 09:49:09,693.7,1998273
2021-05-17 09:49:10,693.7,1998284
2021-05-17 09:49:10,693.7,1998284
2021-05-17 09:49:12,693.6,1998521
2021-05-17 09:49:13,693.6,1998571
2021-05-17 09:49:14,693.7,1998671
2021-05-17 09:49:16,693.6,1998673
2021-05-17 09:49:17,693.7,1999023
2021-05-17 09:49:18,693.8,1999358
2021-05-17 09:49:19,693.8,1999408
2021-05-17 09:49:21,693.8,1999540
2021-05-17 09:49:23,693.6,1999553
2021-05-17 09:49:24,693.6,1999653
2021-05-17 09:49:26,693.6,1999973
2021-05-17 09:49:27,693.85,2000009
2021-05-17 09:49:28,693.85,2000009
2021-05-17 09:49:29,693.6,2000059
2021-05-17 09:49:30,693.6,2000260
2021-05-17 09:49:32,693.85,2000417
2021-05-17 09:49:33,693.85,2000440
2021-05-17 09:49:34,693.85,2000440
2021-05-17 09:49:35,693.7,2000475
2021-05-17 09:49:35,693.7,2000479
2021-05-17 09:49:36,693.5,2001217
2021-05-17 09:49:37,693.2,2001967
2021-05-17 09:49:39,693.1,2002664
2021-05-17 09:49:40,693.1,2002759
2021-05-17 09:49:41,693.65,2003504
2021-05-17 09:49:41,693.65,2003504
2021-05-17 09:49:42,693.5,2003505
2021-05-17 09:49:43,693.5,2003761
2021-05-17 09:49:44,693.5,2003761
2021-05-17 09:49:45,693.5,2004601
2021-05-17 09:49:47,693.5,2004601
2021-05-17 09:49:48,693.5,2004601
2021-05-17 09:49:49,693.65,2004609
2021-05-17 09:49:50,693.65,2004609
2021-05-17 09:49:51,693.5,2005422
2021-05-17 09:49:52,693.5,2005452
2021-05-17 09:49:53,693.1,2005650
2021-05-17 09:49:54,693.1,2005651
2021-05-17 09:49:55,693.1,2005651
2021-05-17 09:49:56,693.1,2005651
2021-05-17 09:49:57,693.1,2005651
2021-05-17 09:49:57,693.1,2005651
2021-05-17 09:49:59,693.1,2005693
2021-05-17 09:49:58,693.1,2005651
2021-05-17 09:50:01,693.2,2005844
2021-05-17 09:50:02,693.1,2006049
2021-05-17 09:50:03,693.4,2007731
2021-05-17 09:50:03,693.4,2007731
2021-05-17 09:50:04,693.15,2007903
2021-05-17 09:50:07,693.4,2008088
2021-05-17 09:50:08,693.4,2008543
2021-05-17 09:50:08,693.25,2008703
2021-05-17 09:50:09,693.25,2008854
2021-05-17 09:50:10,693.25,2008855
2021-05-17 09:50:11,693.25,2008855
2021-05-17 09:50:12,693.25,2008855
2021-05-17 09:50:13,693.25,2008865
2021-05-17 09:50:14,693.5,2009325
2021-05-17 09:50:15,693.4,2009781
2021-05-17 09:50:16,693.5,2014782
2021-05-17 09:50:17,693.45,2015012
2021-05-17 09:50:18,693.45,2015312
2021-05-17 09:50:19,693.45,2015312
2021-05-17 09:50:20,693.75,2015317
2021-05-17 09:50:21,693.45,2015392
2021-05-17 09:50:22,693.45,2015392
2021-05-17 09:50:24,693.5,2015587
2021-05-17 09:50:26,693.5,2015658
2021-05-17 09:50:27,693.4,2015794
2021-05-17 09:50:30,693.4,2016044
2021-05-17 09:50:31,693.6,2022432
2021-05-17 09:50:32,693.55,2022586
2021-05-17 09:50:33,693.45,2022615
2021-05-17 09:50:33,693.45,2022615
2021-05-17 09:50:34,693.4,2023025
2021-05-17 09:50:35,693.5,2023027
2021-05-17 09:50:36,693.6,2023179
2021-05-17 09:50:38,693.45,2023190
2021-05-17 09:50:38,693.45,2023190
2021-05-17 09:50:40,693.5,2024147
2021-05-17 09:50:40,693.45,2024204
2021-05-17 09:50:42,693.5,2026076
2021-05-17 09:50:42,693.65,2026176
2021-05-17 09:50:44,693.3,2026227
2021-05-17 09:50:44,693.15,2027227
2021-05-17 09:50:45,693.15,2027249
2021-05-17 09:50:46,693.3,2027514
2021-05-17 09:50:47,693.45,2027848
2021-05-17 09:50:48,693.2,2027849
2021-05-17 09:50:50,693.45,2027869
2021-05-17 09:50:51,693.3,2027917
2021-05-17 09:50:52,693.3,2028427
2021-05-17 09:50:53,693.45,2028498
2021-05-17 09:50:54,693.4,2029167
2021-05-17 09:50:54,693.4,2029178
2021-05-17 09:50:55,693.4,2029213
2021-05-17 09:50:56,693.4,2029263
2021-05-17 09:50:57,693.4,2029266
2021-05-17 09:50:59,693.25,2031195
2021-05-17 09:51:00,693.1,2031346
2021-05-17 09:51:01,693.2,2031362
2021-05-17 09:51:02,693.2,2031362
2021-05-17 09:51:02,693.2,2031612
2021-05-17 09:51:03,693.2,2031723
2021-05-17 09:51:06,693.0,2033794
2021-05-17 09:51:07,693.0,2034255
2021-05-17 09:51:09,693.0,2034256
2021-05-17 09:51:10,693.0,2040153
2021-05-17 09:51:11,692.9,2040209
2021-05-17 09:51:12,692.95,2040219
2021-05-17 09:51:13,693.15,2043195
2021-05-17 09:51:14,693.1,2044852
2021-05-17 09:51:15,693.1,2046116
2021-05-17 09:51:15,693.15,2046141
2021-05-17 09:51:16,693.15,2046720
2021-05-17 09:51:17,693.2,2047537
2021-05-17 09:51:18,693.2,2047637
2021-05-17 09:51:20,693.5,2047951
2021-05-17 09:51:21,693.3,2048390
2021-05-17 09:51:22,693.45,2048561
2021-05-17 09:51:23,693.45,2048561
2021-05-17 09:51:24,693.45,2048661
2021-05-17 09:51:25,693.15,2048674
2021-05-17 09:51:26,693.15,2048676
2021-05-17 09:51:27,693.4,2048811
2021-05-17 09:51:28,693.4,2048811
2021-05-17 09:51:29,693.4,2048811
2021-05-17 09:51:30,693.2,2048820
2021-05-17 09:51:31,693.35,2049162
2021-05-17 09:51:32,693.45,2050162
2021-05-17 09:51:34,693.35,2050179
2021-05-17 09:51:35,693.25,2050215
2021-05-17 09:51:36,693.25,2050215
2021-05-17 09:51:37,693.15,2050425
2021-05-17 09:51:38,693.15,2050425
2021-05-17 09:51:39,693.0,2050680
2021-05-17 09:51:40,692.75,2052153
2021-05-17 09:51:41,692.9,2052508
2021-05-17 09:51:42,692.9,2052810
2021-05-17 09:51:44,692.65,2052964
2021-05-17 09:51:45,692.9,2053020
2021-05-17 09:51:46,692.65,2053750
2021-05-17 09:51:47,692.8,2053819
2021-05-17 09:51:48,692.95,2054409
2021-05-17 09:51:48,692.95,2054409
2021-05-17 09:51:49,692.95,2054409
2021-05-17 09:51:50,692.8,2054501
2021-05-17 09:51:51,692.8,2054638
2021-05-17 09:51:53,692.8,2054744
2021-05-17 09:51:53,692.55,2054819
2021-05-17 09:51:54,692.55,2054830
2021-05-17 09:51:56,692.55,2054930
2021-05-17 09:51:56,692.5,2057262
2021-05-17 09:51:58,692.5,2057262
2021-05-17 09:51:59,692.4,2057756
2021-05-17 09:52:00,692.4,2057801
2021-05-17 09:52:01,692.55,2057877
2021-05-17 09:52:01,692.55,2057877
2021-05-17 09:52:02,692.55,2057877
2021-05-17 09:52:04,692.5,2058678
2021-05-17 09:52:05,692.6,2059204
2021-05-17 09:52:06,692.4,2059235
2021-05-17 09:52:07,692.55,2059278
2021-05-17 09:52:07,692.55,2059713
2021-05-17 09:52:08,692.9,2060155
2021-05-17 09:52:09,692.9,2061306
2021-05-17 09:52:10,692.95,2062806
2021-05-17 09:52:12,693.0,2062956
2021-05-17 09:52:13,692.65,2063456
2021-05-17 09:52:14,692.95,2063541
2021-05-17 09:52:15,692.95,2063576
2021-05-17 09:52:16,692.75,2063597
2021-05-17 09:52:17,692.95,2063727
2021-05-17 09:52:18,692.95,2063727
2021-05-17 09:52:18,692.95,2063727
2021-05-17 09:52:19,692.95,2063729
2021-05-17 09:52:20,692.95,2063914
2021-05-17 09:52:21,692.95,2064421
2021-05-17 09:52:23,693.0,2064469
2021-05-17 09:52:23,693.0,2064469
2021-05-17 09:52:24,693.0,2065519
2021-05-17 09:52:26,693.1,2065529
2021-05-17 09:52:27,693.0,2066053
2021-05-17 09:52:28,692.95,2066433
2021-05-17 09:52:29,692.95,2066443
2021-05-17 09:52:30,693.05,2066453
2021-05-17 09:52:31,693.3,2066541
2021-05-17 09:52:31,693.3,2066541
2021-05-17 09:52:32,693.2,2066542
2021-05-17 09:52:33,693.05,2066544
2021-05-17 09:52:35,693.2,2066548
2021-05-17 09:52:36,693.55,2068762
2021-05-17 09:52:36,693.55,2068762
2021-05-17 09:52:37,693.55,2068762
2021-05-17 09:52:39,693.95,2073829
2021-05-17 09:52:39,693.85,2074329
2021-05-17 09:52:40,694.0,2074452
2021-05-17 09:52:41,693.8,2074477
2021-05-17 09:52:42,693.7,2075377
2021-05-17 09:52:43,693.7,2075377
2021-05-17 09:52:45,693.3,2077721
2021-05-17 09:52:46,693.25,2077754
2021-05-17 09:52:47,693.5,2077949
2021-05-17 09:52:48,693.5,2077949
2021-05-17 09:52:49,693.5,2077949
2021-05-17 09:52:50,693.8,2078046
2021-05-17 09:52:51,693.65,2078056
2021-05-17 09:52:52,693.85,2078523
2021-05-17 09:52:53,693.85,2078724
2021-05-17 09:52:53,693.85,2078724
2021-05-17 09:52:55,693.8,2079306
2021-05-17 09:52:56,693.55,2079374
2021-05-17 09:52:57,693.55,2079374
2021-05-17 09:52:58,693.9,2079383
2021-05-17 09:53:00,693.9,2079776
2021-05-17 09:53:01,693.65,2079778
2021-05-17 09:53:02,693.7,2080272
2021-05-17 09:53:03,693.55,2080570
2021-05-17 09:53:05,693.55,2080570
2021-05-17 09:53:06,693.6,2081413
2021-05-17 09:53:07,693.6,2081413
2021-05-17 09:53:08,693.6,2081443
2021-05-17 09:53:09,693.65,2083006
2021-05-17 09:53:10,693.85,2083229
2021-05-17 09:53:11,693.9,2084907
2021-05-17 09:53:12,693.85,2084908
2021-05-17 09:53:13,694.0,2087523
2021-05-17 09:53:14,694.1,2088398
2021-05-17 09:53:15,694.0,2088806
2021-05-17 09:53:16,693.95,2088907
2021-05-17 09:53:17,693.9,2089055
2021-05-17 09:53:18,693.95,2089075
2021-05-17 09:53:18,693.95,2089096
2021-05-17 09:53:20,694.0,2089152
2021-05-17 09:53:20,693.75,2089852
2021-05-17 09:53:21,693.6,2090522
2021-05-17 09:53:22,693.6,2090567
2021-05-17 09:53:23,693.75,2090569
2021-05-17 09:53:24,693.6,2090570
2021-05-17 09:53:26,693.9,2090671
2021-05-17 09:53:27,693.9,2090707
2021-05-17 09:53:28,694.05,2092040
2021-05-17 09:53:30,694.1,2092283
2021-05-17 09:53:31,693.95,2092470
2021-05-17 09:53:32,693.95,2093121
2021-05-17 09:53:33,693.95,2093279
2021-05-17 09:53:34,694.0,2093294
2021-05-17 09:53:35,694.15,2093389
2021-05-17 09:53:38,694.15,2094675
2021-05-17 09:53:39,694.0,2094695
2021-05-17 09:53:39,694.45,2100631
2021-05-17 09:53:41,694.35,2101431
2021-05-17 09:53:42,694.35,2101604
2021-05-17 09:53:43,694.6,2101640
2021-05-17 09:53:43,694.35,2102040
2021-05-17 09:53:44,694.4,2102613
2021-05-17 09:53:45,694.4,2102734
2021-05-17 09:53:47,694.25,2102895
2021-05-17 09:53:47,694.25,2102895
2021-05-17 09:53:49,694.25,2103382
2021-05-17 09:53:50,694.45,2103463
2021-05-17 09:53:51,694.4,2103699
2021-05-17 09:53:51,694.45,2103649
2021-05-17 09:53:53,694.4,2103699
2021-05-17 09:53:54,694.15,2103719
2021-05-17 09:53:55,694.0,2104084
2021-05-17 09:53:56,694.1,2104130
2021-05-17 09:53:57,694.1,2104130
2021-05-17 09:53:58,694.25,2105381
2021-05-17 09:53:58,694.25,2105417
2021-05-17 09:54:00,694.0,2105928
2021-05-17 09:54:01,694.0,2106035
2021-05-17 09:54:01,694.0,2106035
2021-05-17 09:54:03,694.6,2106486
2021-05-17 09:54:04,694.4,2106496
2021-05-17 09:54:05,694.65,2107696
2021-05-17 09:54:06,694.65,2107796
2021-05-17 09:54:07,694.65,2107832
2021-05-17 09:54:08,694.5,2107899
2021-05-17 09:54:09,694.5,2107899
2021-05-17 09:54:11,694.35,2110689
2021-05-17 09:54:10,694.5,2108567
2021-05-17 09:54:12,694.35,2110839
2021-05-17 09:54:13,694.15,2110845
2021-05-17 09:54:14,694.2,2110856
2021-05-17 09:54:15,694.35,2110892
2021-05-17 09:54:16,694.4,2112310
2021-05-17 09:54:17,694.35,2112311
2021-05-17 09:54:19,694.35,2112511
2021-05-17 09:54:20,694.35,2112511
2021-05-17 09:54:21,694.35,2112511
2021-05-17 09:54:22,694.8,2112971
2021-05-17 09:54:23,694.6,2113043
2021-05-17 09:54:24,694.6,2113510
2021-05-17 09:54:25,694.85,2113660
2021-05-17 09:54:26,694.6,2113732
2021-05-17 09:54:27,694.6,2113745
2021-05-17 09:54:28,694.45,2113748
2021-05-17 09:54:29,694.6,2113753
2021-05-17 09:54:30,694.5,2113755
2021-05-17 09:54:31,694.5,2113792
2021-05-17 09:54:32,694.4,2113902
2021-05-17 09:54:33,694.5,2113913
2021-05-17 09:54:34,694.4,2114017
2021-05-17 09:54:35,694.4,2114023
2021-05-17 09:54:36,694.3,2114063
2021-05-17 09:54:37,694.3,2114063
2021-05-17 09:54:38,694.55,2114519
2021-05-17 09:54:39,694.6,2114854
2021-05-17 09:54:40,694.6,2114955
2021-05-17 09:54:41,694.6,2114955
2021-05-17 09:54:42,694.35,2115116
2021-05-17 09:54:43,694.6,2115166
2021-05-17 09:54:44,694.4,2115186
2021-05-17 09:54:45,694.4,2115188
2021-05-17 09:54:46,694.55,2115189
2021-05-17 09:54:47,694.4,2115275
2021-05-17 09:54:48,694.55,2115882
2021-05-17 09:54:49,694.5,2115895
2021-05-17 09:54:50,694.3,2115996
2021-05-17 09:54:51,694.4,2115998
2021-05-17 09:54:52,694.25,2116832
2021-05-17 09:54:53,694.4,2117132
2021-05-17 09:54:54,694.15,2117209
2021-05-17 09:54:55,694.35,2117292
2021-05-17 09:54:57,694.3,2117302
2021-05-17 09:54:56,694.3,2117302
2021-05-17 09:54:58,694.2,2117312
2021-05-17 09:55:00,694.2,2117630
2021-05-17 09:55:01,694.2,2117630
2021-05-17 09:55:02,694.25,2117776
2021-05-17 09:55:03,694.3,2117812
2021-05-17 09:55:04,694.3,2117812
2021-05-17 09:55:05,694.25,2118213
2021-05-17 09:55:06,694.55,2118838
2021-05-17 09:55:07,694.5,2118840
2021-05-17 09:55:08,694.35,2118960
2021-05-17 09:55:09,694.5,2118970
2021-05-17 09:55:10,694.5,2118970
2021-05-17 09:55:11,694.5,2119019
2021-05-17 09:55:12,694.5,2119019
2021-05-17 09:55:13,694.35,2119044
2021-05-17 09:55:14,694.45,2119056
2021-05-17 09:55:15,694.15,2119263
2021-05-17 09:55:16,694.25,2119603
2021-05-17 09:55:17,694.15,2119608
2021-05-17 09:55:18,694.15,2119608
2021-05-17 09:55:19,694.0,2119714
2021-05-17 09:55:20,694.0,2120545
2021-05-17 09:55:21,693.9,2120604
2021-05-17 09:55:22,693.75,2121106
2021-05-17 09:55:23,693.75,2121106
2021-05-17 09:55:24,693.7,2121107
2021-05-17 09:55:25,693.85,2121164
2021-05-17 09:55:26,693.6,2121685
2021-05-17 09:55:27,693.8,2121730
2021-05-17 09:55:28,693.8,2121730
2021-05-17 09:55:29,693.6,2121798
2021-05-17 09:55:30,693.6,2121799
2021-05-17 09:55:31,693.75,2121802
2021-05-17 09:55:32,693.75,2121812
2021-05-17 09:55:33,693.75,2121812
2021-05-17 09:55:34,693.6,2121813
2021-05-17 09:55:35,693.55,2122748
2021-05-17 09:55:36,693.55,2122773
2021-05-17 09:55:37,693.65,2122907
2021-05-17 09:55:38,693.65,2122945
2021-05-17 09:55:39,693.7,2122946
2021-05-17 09:55:40,693.6,2123062
2021-05-17 09:55:41,693.6,2123062
2021-05-17 09:55:42,693.6,2123064
2021-05-17 09:55:43,693.6,2123099
2021-05-17 09:55:44,694.0,2124362
2021-05-17 09:55:45,693.7,2125422
2021-05-17 09:55:46,693.5,2125825
2021-05-17 09:55:47,693.8,2125826
2021-05-17 09:55:48,693.55,2125841
2021-05-17 09:55:51,693.6,2128008
2021-05-17 09:55:52,693.6,2128048
2021-05-17 09:55:53,693.55,2128049
2021-05-17 09:55:54,693.55,2128049
2021-05-17 09:55:55,693.4,2128050
2021-05-17 09:55:56,693.5,2128116
2021-05-17 09:55:57,693.5,2128117
2021-05-17 09:55:58,693.55,2129119
2021-05-17 09:55:59,693.8,2129154
2021-05-17 09:56:00,693.65,2129175
2021-05-17 09:56:01,693.6,2129985
2021-05-17 09:56:02,693.5,2129995
2021-05-17 09:56:03,693.75,2130055
2021-05-17 09:56:04,693.75,2130055
2021-05-17 09:56:05,693.5,2130080
2021-05-17 09:56:07,693.35,2132104
2021-05-17 09:56:08,693.45,2132106
2021-05-17 09:56:09,693.45,2132317
2021-05-17 09:56:10,693.45,2132335
2021-05-17 09:56:12,693.45,2132462
2021-05-17 09:56:14,693.45,2132580
2021-05-17 09:56:14,693.45,2132580
2021-05-17 09:56:16,693.45,2134792
2021-05-17 09:56:17,693.3,2134817
2021-05-17 09:56:18,693.3,2135038
2021-05-17 09:56:19,693.3,2135040
2021-05-17 09:56:20,693.3,2135051
2021-05-17 09:56:21,693.55,2138255
2021-05-17 09:56:22,693.3,2138257
2021-05-17 09:56:23,693.35,2138268
2021-05-17 09:56:24,693.55,2138298
2021-05-17 09:56:25,693.55,2138298
2021-05-17 09:56:26,693.55,2138298
2021-05-17 09:56:27,693.55,2138298
2021-05-17 09:56:28,693.5,2138323
2021-05-17 09:56:29,693.4,2138423
2021-05-17 09:56:30,693.5,2138524
2021-05-17 09:56:31,693.5,2138562
2021-05-17 09:56:32,693.3,2138572
2021-05-17 09:56:33,693.3,2139383
2021-05-17 09:56:34,693.5,2139443
2021-05-17 09:56:35,693.5,2139443
2021-05-17 09:56:37,693.4,2139447
2021-05-17 09:56:39,693.45,2139650
2021-05-17 09:56:40,693.45,2139650
2021-05-17 09:56:41,693.35,2139651
2021-05-17 09:56:42,693.65,2140002
2021-05-17 09:56:43,693.65,2140002
2021-05-17 09:56:45,693.35,2140073
2021-05-17 09:56:45,693.35,2140073
2021-05-17 09:56:46,693.35,2140161
2021-05-17 09:56:47,693.35,2140221
2021-05-17 09:56:48,693.35,2140321
2021-05-17 09:56:50,693.35,2143456
2021-05-17 09:56:51,693.35,2143456
2021-05-17 09:56:52,693.2,2143507
2021-05-17 09:56:52,693.15,2144109
2021-05-17 09:56:53,693.15,2144109
2021-05-17 09:56:54,693.25,2144174
2021-05-17 09:56:55,693.0,2144553
2021-05-17 09:56:56,693.15,2144654
2021-05-17 09:56:57,693.15,2144654
2021-05-17 09:56:58,693.15,2144654
2021-05-17 09:57:00,693.15,2144654
2021-05-17 09:57:01,693.0,2148380
2021-05-17 09:57:02,692.95,2148447
2021-05-17 09:57:03,692.9,2148654
2021-05-17 09:57:04,692.9,2148666
2021-05-17 09:57:06,693.0,2148741
2021-05-17 09:57:05,693.0,2148740
2021-05-17 09:57:08,693.0,2148749
2021-05-17 09:57:09,693.0,2148800
2021-05-17 09:57:09,693.0,2148800
2021-05-17 09:57:10,693.0,2149369
2021-05-17 09:57:11,693.0,2149563
2021-05-17 09:57:12,693.0,2151161
2021-05-17 09:57:13,693.1,2153135
2021-05-17 09:57:14,693.1,2153135
2021-05-17 09:57:15,693.4,2153273
2021-05-17 09:57:16,693.4,2153273
2021-05-17 09:57:17,693.15,2153280
2021-05-17 09:57:19,693.4,2153325
2021-05-17 09:57:20,693.4,2153325
2021-05-17 09:57:21,693.3,2153335
2021-05-17 09:57:22,693.45,2153778
2021-05-17 09:57:22,693.45,2153778
2021-05-17 09:57:23,693.45,2153803
2021-05-17 09:57:24,693.4,2155050
2021-05-17 09:57:25,693.5,2155251
2021-05-17 09:57:26,693.5,2155451
2021-05-17 09:57:27,693.5,2155489
2021-05-17 09:57:28,693.4,2155582
2021-05-17 09:57:29,693.4,2155582
2021-05-17 09:57:31,693.2,2155635
2021-05-17 09:57:32,693.2,2155736
2021-05-17 09:57:33,693.4,2155738
2021-05-17 09:57:34,693.15,2155939
2021-05-17 09:57:35,693.15,2155975
2021-05-17 09:57:36,693.35,2155985
2021-05-17 09:57:37,693.25,2155986
2021-05-17 09:57:39,693.35,2156252
2021-05-17 09:57:40,693.4,2156302
2021-05-17 09:57:41,693.2,2156312
2021-05-17 09:57:42,693.4,2156322
2021-05-17 09:57:43,693.35,2156358
2021-05-17 09:57:44,693.35,2156373
2021-05-17 09:57:45,693.15,2156626
2021-05-17 09:57:46,693.15,2156627
2021-05-17 09:57:47,693.15,2156627
2021-05-17 09:57:48,693.15,2156628
2021-05-17 09:57:49,693.15,2156628
2021-05-17 09:57:51,693.15,2156718
2021-05-17 09:57:51,693.15,2156718
2021-05-17 09:57:52,693.25,2156819
2021-05-17 09:57:53,693.25,2157020
2021-05-17 09:57:54,693.15,2157085
2021-05-17 09:57:55,693.25,2157086
2021-05-17 09:57:56,693.25,2157086
2021-05-17 09:57:57,693.15,2157107
2021-05-17 09:57:58,693.25,2157109
2021-05-17 09:57:59,693.15,2157146
2021-05-17 09:58:00,693.15,2157152
2021-05-17 09:58:02,693.25,2157202
2021-05-17 09:58:02,693.25,2157202
2021-05-17 09:58:03,693.15,2157235
2021-05-17 09:58:04,693.15,2157235
2021-05-17 09:58:05,693.15,2157235
2021-05-17 09:58:06,693.2,2157285
2021-05-17 09:58:07,693.15,2157373
2021-05-17 09:58:08,693.15,2157378
2021-05-17 09:58:09,693.2,2157438
2021-05-17 09:58:11,693.25,2157439
2021-05-17 09:58:12,693.15,2157539
2021-05-17 09:58:13,693.15,2157539
2021-05-17 09:58:14,693.25,2157540
2021-05-17 09:58:14,693.25,2157540
2021-05-17 09:58:15,693.15,2157577
2021-05-17 09:58:16,693.2,2157627
2021-05-17 09:58:18,693.2,2157627
2021-05-17 09:58:20,693.15,2157729
2021-05-17 09:58:20,693.15,2157729
2021-05-17 09:58:21,693.05,2157910
2021-05-17 09:58:22,693.05,2157910
2021-05-17 09:58:23,693.15,2158095
2021-05-17 09:58:24,693.0,2158101
2021-05-17 09:58:25,693.0,2158101
2021-05-17 09:58:26,693.0,2158101
2021-05-17 09:58:27,693.05,2159662
2021-05-17 09:58:28,693.1,2159666
2021-05-17 09:58:29,692.9,2159718
2021-05-17 09:58:30,692.8,2160214
2021-05-17 09:58:32,692.95,2160751
2021-05-17 09:58:33,692.95,2160801
2021-05-17 09:58:34,692.95,2160804
2021-05-17 09:58:35,692.95,2161118
2021-05-17 09:58:36,692.65,2162522
2021-05-17 09:58:37,692.55,2162799
2021-05-17 09:58:38,692.8,2162809
2021-05-17 09:58:39,692.8,2162846
2021-05-17 09:58:40,692.8,2162846
2021-05-17 09:58:41,692.65,2163156
2021-05-17 09:58:42,692.65,2163167
2021-05-17 09:58:42,692.65,2163157
2021-05-17 09:58:43,692.75,2163172
2021-05-17 09:58:44,692.65,2163242
2021-05-17 09:58:45,692.65,2163543
2021-05-17 09:58:46,692.65,2163544
2021-05-17 09:58:47,692.9,2163601
2021-05-17 09:58:48,692.65,2163801
2021-05-17 09:58:49,692.6,2164054
2021-05-17 09:58:51,692.85,2164055
2021-05-17 09:58:52,692.85,2164455
2021-05-17 09:58:53,692.85,2164482
2021-05-17 09:58:54,692.85,2164482
2021-05-17 09:58:55,692.85,2165367
2021-05-17 09:58:55,692.8,2165387
2021-05-17 09:58:56,692.8,2165470
2021-05-17 09:58:57,692.8,2165470
2021-05-17 09:58:58,692.9,2165540
2021-05-17 09:58:59,692.65,2165770
2021-05-17 09:59:00,692.65,2165771
2021-05-17 09:59:01,692.85,2165779
2021-05-17 09:59:02,692.65,2165879
2021-05-17 09:59:04,692.85,2166067
2021-05-17 09:59:05,692.85,2166277
2021-05-17 09:59:06,692.7,2166367
2021-05-17 09:59:07,692.7,2166387
2021-05-17 09:59:08,692.7,2166387
2021-05-17 09:59:09,692.65,2166657
2021-05-17 09:59:10,692.7,2166683
2021-05-17 09:59:11,692.95,2166939
2021-05-17 09:59:12,692.7,2167040
2021-05-17 09:59:13,692.65,2167091
2021-05-17 09:59:15,692.75,2167151
2021-05-17 09:59:15,692.7,2167154
2021-05-17 09:59:18,692.7,2167256
2021-05-17 09:59:18,692.65,2167275
2021-05-17 09:59:19,692.7,2167311
2021-05-17 09:59:20,692.7,2167311
2021-05-17 09:59:21,692.65,2167739
2021-05-17 09:59:22,692.6,2167837
2021-05-17 09:59:23,692.85,2168315
2021-05-17 09:59:24,692.85,2168317
2021-05-17 09:59:27,692.65,2168773
2021-05-17 09:59:28,692.65,2170897
2021-05-17 09:59:29,693.0,2170997
2021-05-17 09:59:30,693.0,2171063
2021-05-17 09:59:31,693.0,2171089
2021-05-17 09:59:33,692.8,2172088
2021-05-17 09:59:34,692.8,2172088
2021-05-17 09:59:35,692.9,2172124
2021-05-17 09:59:35,692.8,2172187
2021-05-17 09:59:37,692.9,2172450
2021-05-17 09:59:38,692.9,2172492
2021-05-17 09:59:39,692.9,2172494
2021-05-17 09:59:40,692.9,2172592
2021-05-17 09:59:41,692.9,2172592
2021-05-17 09:59:43,693.0,2172627
2021-05-17 09:59:44,693.0,2172828
2021-05-17 09:59:45,693.0,2173003
2021-05-17 09:59:46,692.85,2173004
2021-05-17 09:59:47,693.0,2173005
2021-05-17 09:59:47,692.85,2173016
2021-05-17 09:59:48,692.85,2173016
2021-05-17 09:59:49,692.85,2173016
2021-05-17 09:59:50,692.85,2173016
2021-05-17 09:59:51,692.9,2173069
2021-05-17 09:59:53,692.85,2173104
2021-05-17 09:59:54,692.85,2173157
2021-05-17 09:59:56,692.85,2173157
2021-05-17 09:59:57,692.65,2173257
2021-05-17 09:59:58,692.75,2175723
2021-05-17 09:59:59,692.75,2175759
2021-05-17 10:00:00,692.75,2175759
2021-05-17 10:00:02,692.6,2175848
2021-05-17 10:00:02,692.6,2175848
2021-05-17 10:00:03,692.65,2175927
2021-05-17 10:00:04,692.6,2176003
2021-05-17 10:00:05,692.6,2176003
2021-05-17 10:00:07,692.6,2176289
2021-05-17 10:00:09,692.55,2176404
2021-05-17 10:00:10,692.55,2176405
2021-05-17 10:00:11,692.65,2176466
2021-05-17 10:00:11,692.65,2176466
2021-05-17 10:00:12,692.55,2176566
2021-05-17 10:00:13,692.55,2176572
2021-05-17 10:00:14,692.55,2176592
2021-05-17 10:00:16,692.6,2176666
2021-05-17 10:00:17,692.55,2176703
2021-05-17 10:00:18,692.55,2176703
2021-05-17 10:00:19,692.6,2176707
2021-05-17 10:00:20,692.6,2176707
2021-05-17 10:00:21,692.5,2176978
2021-05-17 10:00:22,692.5,2176978
2021-05-17 10:00:23,692.5,2177164
2021-05-17 10:00:24,692.6,2177365
2021-05-17 10:00:24,692.5,2177395
2021-05-17 10:00:25,692.6,2177520
2021-05-17 10:00:27,692.6,2177810
2021-05-17 10:00:28,692.6,2177915
2021-05-17 10:00:29,692.5,2177918
2021-05-17 10:00:30,692.5,2177919
2021-05-17 10:00:31,692.55,2178136
2021-05-17 10:00:32,692.55,2178162
2021-05-17 10:00:33,692.6,2179451
2021-05-17 10:00:34,692.5,2179840
2021-05-17 10:00:35,692.8,2183865
2021-05-17 10:00:36,692.8,2183865
2021-05-17 10:00:37,693.05,2186965
2021-05-17 10:00:40,692.7,2187704
2021-05-17 10:00:41,692.75,2189697
2021-05-17 10:00:42,692.6,2189698
2021-05-17 10:00:42,692.55,2189700
2021-05-17 10:00:43,692.55,2189702
2021-05-17 10:00:44,692.6,2189738
2021-05-17 10:00:46,692.5,2189876
2021-05-17 10:00:47,692.55,2190111
2021-05-17 10:00:48,692.8,2190312
2021-05-17 10:00:49,692.8,2190502
2021-05-17 10:00:50,692.7,2190527
2021-05-17 10:00:50,692.7,2190527
2021-05-17 10:00:51,692.7,2190539
2021-05-17 10:00:52,692.75,2190590
2021-05-17 10:00:53,692.65,2190865
2021-05-17 10:00:55,692.65,2190918
2021-05-17 10:00:56,692.65,2190934
2021-05-17 10:00:57,692.65,2190934
2021-05-17 10:00:58,692.65,2190934
2021-05-17 10:00:59,692.7,2190937
2021-05-17 10:00:59,692.7,2190937
2021-05-17 10:01:03,692.7,2191564
2021-05-17 10:01:04,692.7,2191646
2021-05-17 10:01:05,692.7,2192099
2021-05-17 10:01:06,692.7,2192124
2021-05-17 10:01:08,692.65,2192194
2021-05-17 10:01:09,692.65,2192194
2021-05-17 10:01:10,692.65,2192317
2021-05-17 10:01:11,692.95,2192357
2021-05-17 10:01:11,692.95,2192357
2021-05-17 10:01:12,692.95,2192359
2021-05-17 10:01:13,692.95,2192359
2021-05-17 10:01:14,692.8,2192434
2021-05-17 10:01:15,692.85,2192436
2021-05-17 10:01:17,692.8,2192516
2021-05-17 10:01:18,692.8,2192568
2021-05-17 10:01:19,692.95,2192628
2021-05-17 10:01:20,692.8,2192629
2021-05-17 10:01:21,692.85,2192664
2021-05-17 10:01:22,692.85,2192664
2021-05-17 10:01:23,692.95,2193302
2021-05-17 10:01:23,693.0,2193304
2021-05-17 10:01:24,693.0,2193315
2021-05-17 10:01:26,693.1,2193415
2021-05-17 10:01:27,693.65,2197137
2021-05-17 10:01:28,693.7,2200388
2021-05-17 10:01:29,693.9,2200740
2021-05-17 10:01:30,693.7,2200888
2021-05-17 10:01:31,693.8,2200899
2021-05-17 10:01:32,694.7,2211384
2021-05-17 10:01:33,694.45,2212562
2021-05-17 10:01:33,694.65,2212612
2021-05-17 10:01:35,695.0,2241568
2021-05-17 10:01:36,694.8,2242351
2021-05-17 10:01:37,694.65,2242622
2021-05-17 10:01:37,694.65,2242622
2021-05-17 10:01:38,694.2,2242872
2021-05-17 10:01:40,694.0,2244862
2021-05-17 10:01:40,694.0,2244662
2021-05-17 10:01:43,694.3,2246031
2021-05-17 10:01:44,694.35,2247792
2021-05-17 10:01:44,694.35,2247892
2021-05-17 10:01:45,694.45,2247948
2021-05-17 10:01:47,694.45,2248045
2021-05-17 10:01:47,694.5,2248076
2021-05-17 10:01:49,694.45,2248161
2021-05-17 10:01:50,694.6,2249441
2021-05-17 10:01:51,694.65,2249578
2021-05-17 10:01:52,694.55,2249768
2021-05-17 10:01:53,694.55,2250018
2021-05-17 10:01:54,694.45,2250019
2021-05-17 10:01:55,694.3,2250369
2021-05-17 10:01:56,694.45,2250419
2021-05-17 10:01:57,694.45,2250719
2021-05-17 10:01:58,694.45,2250719
2021-05-17 10:01:59,694.3,2250861
2021-05-17 10:02:00,693.8,2252757
2021-05-17 10:02:02,694.25,2254589
2021-05-17 10:02:03,694.3,2256596
2021-05-17 10:02:04,694.45,2256677
2021-05-17 10:02:05,694.45,2257028
2021-05-17 10:02:06,694.45,2257089
2021-05-17 10:02:07,694.5,2257124
2021-05-17 10:02:08,694.35,2262124
2021-05-17 10:02:09,694.4,2263375
2021-05-17 10:02:10,694.2,2263476
2021-05-17 10:02:11,694.2,2263558
2021-05-17 10:02:12,694.35,2263608
2021-05-17 10:02:14,694.25,2263955
2021-05-17 10:02:16,694.2,2264023
2021-05-17 10:02:17,694.45,2264211
2021-05-17 10:02:18,694.25,2264231
2021-05-17 10:02:19,694.1,2264281
2021-05-17 10:02:20,694.05,2264286
2021-05-17 10:02:22,694.2,2264292
2021-05-17 10:02:23,694.2,2264292
2021-05-17 10:02:24,694.4,2264327
2021-05-17 10:02:25,694.25,2264451
2021-05-17 10:02:26,694.25,2264451
2021-05-17 10:02:28,694.45,2264969
2021-05-17 10:02:29,694.4,2265014
2021-05-17 10:02:30,694.45,2265114
2021-05-17 10:02:31,694.4,2265553
2021-05-17 10:02:32,694.4,2265632
2021-05-17 10:02:33,694.45,2265654
2021-05-17 10:02:34,694.4,2265707
2021-05-17 10:02:35,694.3,2266207
2021-05-17 10:02:35,694.55,2266250
2021-05-17 10:02:36,694.4,2266299
2021-05-17 10:02:38,694.4,2266480
2021-05-17 10:02:39,694.45,2267015
2021-05-17 10:02:40,694.45,2267015
2021-05-17 10:02:41,694.4,2267143
2021-05-17 10:02:42,694.4,2267208
2021-05-17 10:02:43,694.8,2292357
2021-05-17 10:02:44,694.65,2295471
2021-05-17 10:02:45,694.4,2296397
2021-05-17 10:02:46,694.45,2296698
2021-05-17 10:02:47,694.5,2296735
2021-05-17 10:02:49,694.5,2296868
2021-05-17 10:02:50,694.5,2296891
2021-05-17 10:02:51,694.45,2297582
2021-05-17 10:02:52,694.45,2297797
2021-05-17 10:02:53,694.6,2298010
2021-05-17 10:02:54,694.7,2298023
2021-05-17 10:02:55,694.7,2298063
2021-05-17 10:02:56,694.7,2298073
2021-05-17 10:02:57,694.45,2298117
2021-05-17 10:02:58,694.4,2298652
2021-05-17 10:02:59,694.4,2298652
2021-05-17 10:03:00,694.4,2298653
2021-05-17 10:03:01,694.7,2298764
2021-05-17 10:03:02,694.7,2298941
2021-05-17 10:03:03,694.7,2298996
2021-05-17 10:03:04,694.7,2299635
2021-05-17 10:03:05,694.8,2300637
2021-05-17 10:03:06,694.8,2300802
2021-05-17 10:03:07,694.8,2300803
2021-05-17 10:03:08,694.85,2302336
2021-05-17 10:03:09,694.85,2302336
2021-05-17 10:03:10,695.0,2302965
2021-05-17 10:03:11,695.0,2308515
2021-05-17 10:03:12,695.0,2308729
2021-05-17 10:03:13,694.95,2308799
2021-05-17 10:03:14,695.0,2309968
2021-05-17 10:03:15,695.35,2316493
2021-05-17 10:03:16,695.35,2317142
2021-05-17 10:03:17,695.3,2318248
2021-05-17 10:03:18,695.55,2319083
2021-05-17 10:03:18,695.55,2319083
2021-05-17 10:03:22,695.6,2321446
2021-05-17 10:03:21,695.7,2321237
2021-05-17 10:03:23,695.65,2322969
2021-05-17 10:03:24,695.75,2324192
2021-05-17 10:03:24,695.7,2324092
2021-05-17 10:03:26,695.75,2324736
2021-05-17 10:03:27,695.7,2324936
2021-05-17 10:03:28,695.75,2325455
2021-05-17 10:03:29,695.7,2325475
2021-05-17 10:03:29,695.65,2325558
2021-05-17 10:03:30,695.65,2325685
2021-05-17 10:03:32,695.6,2326944
2021-05-17 10:03:33,695.6,2327204
2021-05-17 10:03:34,695.45,2327432
2021-05-17 10:03:35,695.35,2328986
2021-05-17 10:03:36,695.35,2328986
2021-05-17 10:03:36,695.35,2328986
2021-05-17 10:03:38,695.25,2329568
2021-05-17 10:03:39,695.35,2329926
2021-05-17 10:03:40,695.25,2330236
2021-05-17 10:03:41,695.35,2331044
2021-05-17 10:03:42,695.3,2331989
2021-05-17 10:03:42,695.5,2332289
2021-05-17 10:03:43,695.05,2332453
2021-05-17 10:03:45,695.25,2332768
2021-05-17 10:03:46,695.25,2333427
2021-05-17 10:03:48,695.25,2334959
2021-05-17 10:03:49,695.1,2335321
2021-05-17 10:03:50,695.2,2335341
2021-05-17 10:03:50,695.25,2335732
2021-05-17 10:03:53,695.35,2336728
2021-05-17 10:03:54,695.25,2336803
2021-05-17 10:03:55,695.25,2336804
2021-05-17 10:03:55,695.25,2337054
2021-05-17 10:03:56,695.25,2337064
2021-05-17 10:03:57,695.25,2337389
2021-05-17 10:03:59,695.3,2337708
2021-05-17 10:04:00,695.3,2337973
2021-05-17 10:04:01,695.35,2338098
2021-05-17 10:04:02,695.25,2338613
2021-05-17 10:04:03,695.35,2338673
2021-05-17 10:04:04,695.25,2338683
2021-05-17 10:04:05,695.6,2342717
2021-05-17 10:04:06,695.7,2343782
2021-05-17 10:04:07,695.65,2343918
2021-05-17 10:04:08,695.65,2343978
2021-05-17 10:04:09,695.6,2343979
2021-05-17 10:04:10,695.9,2352732
2021-05-17 10:04:13,695.55,2355028
2021-05-17 10:04:14,696.0,2358028
2021-05-17 10:04:15,695.6,2358160
2021-05-17 10:04:16,695.8,2358435
2021-05-17 10:04:16,695.7,2358441
2021-05-17 10:04:17,695.8,2358719
2021-05-17 10:04:18,695.65,2359481
2021-05-17 10:04:19,695.5,2361217
2021-05-17 10:04:20,695.7,2361247
2021-05-17 10:04:22,696.0,2366697
2021-05-17 10:04:23,695.85,2366825
2021-05-17 10:04:23,695.85,2366910
2021-05-17 10:04:25,695.85,2367036
2021-05-17 10:04:26,695.85,2367216
2021-05-17 10:04:27,695.6,2367463
2021-05-17 10:04:28,695.65,2367465
2021-05-17 10:04:29,695.6,2367471
2021-05-17 10:04:30,695.65,2367920
2021-05-17 10:04:31,695.55,2368290
2021-05-17 10:04:32,695.75,2368291
2021-05-17 10:04:34,695.85,2368548
2021-05-17 10:04:35,695.75,2369440
2021-05-17 10:04:36,695.95,2369595
2021-05-17 10:04:37,695.7,2369940
2021-05-17 10:04:38,695.95,2370051
2021-05-17 10:04:39,696.0,2370438
2021-05-17 10:04:40,695.65,2371901
2021-05-17 10:04:41,695.7,2372467
2021-05-17 10:04:42,695.95,2372517
2021-05-17 10:04:43,695.95,2372572
2021-05-17 10:04:44,695.95,2373216
2021-05-17 10:04:45,695.75,2373268
2021-05-17 10:04:46,695.75,2373571
2021-05-17 10:04:47,695.95,2373712
2021-05-17 10:04:48,695.9,2374493
2021-05-17 10:04:49,695.9,2375935
2021-05-17 10:04:50,696.0,2378449
2021-05-17 10:04:51,696.0,2378960
2021-05-17 10:04:52,695.7,2379071
2021-05-17 10:04:53,695.85,2379947
2021-05-17 10:04:54,695.9,2381204
2021-05-17 10:04:55,696.0,2381246
2021-05-17 10:04:56,696.0,2381540
2021-05-17 10:04:57,696.0,2383551
2021-05-17 10:04:58,695.9,2384167
2021-05-17 10:04:59,695.9,2384277
2021-05-17 10:05:00,695.9,2384579
2021-05-17 10:05:01,696.0,2384871
2021-05-17 10:05:02,696.0,2384984
2021-05-17 10:05:03,696.4,2396027
2021-05-17 10:05:04,696.2,2396443
2021-05-17 10:05:05,696.35,2402658
2021-05-17 10:05:06,695.95,2404676
2021-05-17 10:05:07,696.05,2406516
2021-05-17 10:05:08,696.05,2406516
2021-05-17 10:05:09,695.9,2407121
2021-05-17 10:05:10,696.2,2408282
2021-05-17 10:05:11,696.25,2408429
2021-05-17 10:05:12,696.25,2408429
2021-05-17 10:05:13,696.0,2408441
2021-05-17 10:05:14,696.0,2409538
2021-05-17 10:05:15,695.95,2410591
2021-05-17 10:05:16,695.95,2410722
2021-05-17 10:05:17,695.95,2411375
2021-05-17 10:05:18,695.9,2411632
2021-05-17 10:05:19,696.0,2411717
2021-05-17 10:05:20,696.1,2411918
2021-05-17 10:05:21,696.0,2411953
2021-05-17 10:05:22,695.95,2412382
2021-05-17 10:05:23,695.9,2414909
2021-05-17 10:05:24,695.7,2420374
2021-05-17 10:05:25,695.7,2420394
2021-05-17 10:05:26,695.5,2420726
2021-05-17 10:05:27,695.7,2421012
2021-05-17 10:05:29,695.5,2421509
2021-05-17 10:05:30,695.75,2421664
2021-05-17 10:05:31,695.75,2421766
2021-05-17 10:05:32,695.75,2421776
2021-05-17 10:05:33,695.75,2422178
2021-05-17 10:05:34,695.6,2423040
2021-05-17 10:05:35,695.95,2423400
2021-05-17 10:05:36,695.6,2423685
2021-05-17 10:05:37,695.85,2423695
2021-05-17 10:05:38,695.5,2424501
2021-05-17 10:05:39,695.55,2424528
2021-05-17 10:05:40,695.5,2424576
2021-05-17 10:05:42,695.55,2425205
2021-05-17 10:05:43,695.55,2425246
2021-05-17 10:05:46,695.55,2425785
2021-05-17 10:05:47,695.55,2425941
2021-05-17 10:05:48,695.5,2426004
2021-05-17 10:05:49,695.5,2426005
2021-05-17 10:05:50,695.5,2426025
2021-05-17 10:05:52,695.5,2431345
2021-05-17 10:05:53,695.3,2431645
2021-05-17 10:05:54,695.5,2432042
2021-05-17 10:05:55,695.5,2432338
2021-05-17 10:05:56,695.5,2432591
2021-05-17 10:05:57,695.4,2432632
2021-05-17 10:05:58,695.5,2432912
2021-05-17 10:05:59,695.5,2432957
2021-05-17 10:06:00,695.5,2433278
2021-05-17 10:06:01,695.5,2433450
2021-05-17 10:06:02,695.5,2433648
2021-05-17 10:06:03,695.5,2436025
2021-05-17 10:06:04,695.5,2436083
2021-05-17 10:06:05,695.45,2436614
2021-05-17 10:06:07,695.75,2438628
2021-05-17 10:06:08,695.55,2438918
2021-05-17 10:06:09,695.55,2438938
2021-05-17 10:06:10,695.6,2438962
2021-05-17 10:06:11,695.65,2439292
2021-05-17 10:06:12,695.65,2439473
2021-05-17 10:06:13,695.65,2439473
2021-05-17 10:06:14,695.65,2439473
2021-05-17 10:06:16,695.85,2440592
2021-05-17 10:06:17,695.9,2440727
2021-05-17 10:06:18,695.7,2440827
2021-05-17 10:06:19,695.8,2442590
2021-05-17 10:06:20,695.8,2442650
2021-05-17 10:06:21,695.8,2442650
2021-05-17 10:06:22,695.9,2444051
2021-05-17 10:06:23,696.2,2445034
2021-05-17 10:06:24,696.05,2446095
2021-05-17 10:06:25,696.0,2446110
2021-05-17 10:06:26,696.2,2446240
2021-05-17 10:06:27,696.05,2446864
2021-05-17 10:06:28,695.85,2447387
2021-05-17 10:06:29,695.7,2447488
2021-05-17 10:06:30,695.85,2447650
2021-05-17 10:06:31,695.85,2447965
2021-05-17 10:06:33,695.85,2448329
2021-05-17 10:06:33,695.85,2448329
2021-05-17 10:06:34,695.8,2448384
2021-05-17 10:06:35,695.9,2448729
2021-05-17 10:06:36,696.0,2449094
2021-05-17 10:06:37,695.8,2449209
2021-05-17 10:06:38,695.95,2449339
2021-05-17 10:06:39,696.05,2449713
2021-05-17 10:06:40,696.0,2449854
2021-05-17 10:06:41,696.05,2449929
2021-05-17 10:06:42,696.05,2450288
2021-05-17 10:06:43,696.15,2450610
2021-05-17 10:06:44,696.1,2451444
2021-05-17 10:06:45,696.15,2451451
2021-05-17 10:06:47,696.25,2451638
2021-05-17 10:06:47,696.05,2451766
2021-05-17 10:06:48,696.05,2452518
2021-05-17 10:06:49,696.25,2452627
2021-05-17 10:06:50,696.25,2453251
2021-05-17 10:06:51,696.2,2454461
2021-05-17 10:06:53,696.15,2454496
2021-05-17 10:06:54,696.5,2456780
2021-05-17 10:06:55,696.5,2457947
2021-05-17 10:06:55,696.4,2458989
2021-05-17 10:06:56,696.4,2459060
2021-05-17 10:06:57,696.2,2459410
2021-05-17 10:06:58,696.45,2459760
2021-05-17 10:06:59,696.3,2461718
2021-05-17 10:07:00,696.3,2461728
2021-05-17 10:07:01,696.3,2462137
2021-05-17 10:07:02,696.3,2467301
2021-05-17 10:07:03,696.3,2467828
2021-05-17 10:07:04,696.0,2468786
2021-05-17 10:07:05,696.0,2469338
2021-05-17 10:07:06,696.1,2469371
2021-05-17 10:07:07,696.05,2469758
2021-05-17 10:07:08,696.2,2469918
2021-05-17 10:07:09,696.2,2470990
2021-05-17 10:07:10,696.2,2471047
2021-05-17 10:07:12,695.95,2471136
2021-05-17 10:07:12,695.95,2471136
2021-05-17 10:07:13,696.05,2471359
2021-05-17 10:07:14,696.05,2471525
2021-05-17 10:07:15,696.1,2471585
2021-05-17 10:07:16,696.05,2471966
2021-05-17 10:07:19,696.1,2472668
2021-05-17 10:07:19,696.05,2472768
2021-05-17 10:07:20,696.1,2472843
2021-05-17 10:07:21,696.1,2473084
2021-05-17 10:07:22,696.1,2473417
2021-05-17 10:07:23,696.0,2473547
2021-05-17 10:07:25,696.05,2473833
2021-05-17 10:07:25,696.05,2473860
2021-05-17 10:07:26,696.1,2484020
2021-05-17 10:07:27,696.2,2485063
2021-05-17 10:07:28,696.0,2485363
2021-05-17 10:07:29,696.05,2485869
2021-05-17 10:07:30,696.0,2486124
2021-05-17 10:07:31,696.2,2486560
2021-05-17 10:07:32,696.2,2486570
2021-05-17 10:07:33,696.2,2486580
2021-05-17 10:07:34,696.1,2486681
2021-05-17 10:07:35,696.2,2487490
2021-05-17 10:07:36,696.05,2487511
2021-05-17 10:07:37,696.05,2487569
2021-05-17 10:07:38,696.05,2487694
2021-05-17 10:07:40,696.05,2488610
2021-05-17 10:07:41,696.1,2488731
2021-05-17 10:07:42,696.05,2489106
2021-05-17 10:07:43,696.1,2489768
2021-05-17 10:07:45,696.1,2491152
2021-05-17 10:07:45,696.0,2493067
2021-05-17 10:07:46,696.1,2495528
2021-05-17 10:07:47,696.0,2496466
2021-05-17 10:07:48,696.1,2497223
2021-05-17 10:07:49,696.1,2497573
2021-05-17 10:07:50,696.1,2497573
2021-05-17 10:07:52,696.15,2498784
2021-05-17 10:07:53,696.05,2498791
2021-05-17 10:07:53,696.1,2499114
2021-05-17 10:07:54,696.2,2501053
