timestamp,ltp,volume
2021-05-17 09:15:29,3852.3,1788
2021-05-17 09:15:30,3853.45,1803
2021-05-17 09:15:31,3847.05,1851
2021-05-17 09:15:32,3847.15,1863
2021-05-17 09:15:33,3847.2,1873
2021-05-17 09:15:34,3847.25,1887
2021-05-17 09:15:35,3853.35,1898
2021-05-17 09:15:36,3850.2,1964
2021-05-17 09:15:37,3848.05,1984
2021-05-17 09:15:38,3850.0,2075
2021-05-17 09:15:39,3850.0,2109
2021-05-17 09:15:40,3852.3,2130
2021-05-17 09:15:41,3853.65,2134
2021-05-17 09:15:42,3853.65,2198
2021-05-17 09:15:43,3850.2,2240
2021-05-17 09:15:44,3852.1,2392
2021-05-17 09:15:45,3851.15,2397
2021-05-17 09:15:46,3850.0,2405
2021-05-17 09:15:47,3849.8,2517
2021-05-17 09:15:48,3849.8,2517
2021-05-17 09:15:49,3849.8,2517
2021-05-17 09:15:50,3848.85,2531
2021-05-17 09:15:51,3848.6,2563
2021-05-17 09:15:52,3848.5,2633
2021-05-17 09:15:53,3851.2,2654
2021-05-17 09:15:54,3851.2,2654
2021-05-17 09:15:55,3851.2,2678
2021-05-17 09:15:56,3849.3,2692
2021-05-17 09:15:57,3851.2,2922
2021-05-17 09:15:58,3851.65,2943
2021-05-17 09:15:59,3853.0,2984
2021-05-17 09:16:00,3853.0,2984
2021-05-17 09:16:01,3853.0,2989
2021-05-17 09:16:02,3851.2,3127
2021-05-17 09:16:03,3852.95,3128
2021-05-17 09:16:04,3850.5,3132
2021-05-17 09:16:05,3850.5,3141
2021-05-17 09:16:06,3850.5,3143
2021-05-17 09:16:07,3850.5,3304
2021-05-17 09:16:08,3847.0,3434
2021-05-17 09:16:09,3845.85,3450
2021-05-17 09:16:10,3845.85,3450
2021-05-17 09:16:11,3845.85,3450
2021-05-17 09:16:12,3848.5,3481
2021-05-17 09:16:13,3848.5,3501
2021-05-17 09:16:14,3848.5,3549
2021-05-17 09:16:15,3848.5,3549
2021-05-17 09:16:16,3848.5,3549
2021-05-17 09:16:17,3848.5,3670
2021-05-17 09:16:18,3848.5,3767
2021-05-17 09:16:19,3848.5,3767
2021-05-17 09:16:20,3848.7,3817
2021-05-17 09:16:21,3846.6,3819
2021-05-17 09:16:22,3846.45,3832
2021-05-17 09:16:23,3846.45,3832
2021-05-17 09:16:24,3846.55,3835
2021-05-17 09:16:25,3846.75,3930
2021-05-17 09:16:26,3846.75,3930
2021-05-17 09:16:27,3845.55,3933
2021-05-17 09:16:28,3845.55,3935
2021-05-17 09:16:29,3845.5,3971
2021-05-17 09:16:30,3846.5,3981
2021-05-17 09:16:31,3843.0,4189
2021-05-17 09:16:32,3841.7,4225
2021-05-17 09:16:33,3841.7,4225
2021-05-17 09:16:34,3841.7,4225
2021-05-17 09:16:35,3841.6,4247
2021-05-17 09:16:36,3843.0,4252
2021-05-17 09:16:37,3841.6,4255
2021-05-17 09:16:38,3841.6,4255
2021-05-17 09:16:39,3841.6,4255
2021-05-17 09:16:40,3843.4,4339
2021-05-17 09:16:41,3844.85,4347
2021-05-17 09:16:42,3844.85,4347
2021-05-17 09:16:43,3845.3,4348
2021-05-17 09:16:44,3845.3,4349
2021-05-17 09:16:45,3845.3,4349
2021-05-17 09:16:46,3845.3,4349
2021-05-17 09:16:47,3843.65,4353
2021-05-17 09:16:48,3843.65,4353
2021-05-17 09:16:49,3844.85,4408
2021-05-17 09:16:50,3840.65,4493
2021-05-17 09:16:51,3840.65,4493
2021-05-17 09:16:52,3840.65,4493
2021-05-17 09:16:53,3842.05,4505
2021-05-17 09:16:54,3840.3,4525
2021-05-17 09:16:55,3840.3,4525
2021-05-17 09:16:56,3840.0,4828
2021-05-17 09:16:57,3836.0,4898
2021-05-17 09:16:58,3833.2,5098
2021-05-17 09:16:59,3833.4,5109
2021-05-17 09:17:00,3837.45,5408
2021-05-17 09:17:01,3838.4,5676
2021-05-17 09:17:02,3840.0,5691
2021-05-17 09:17:03,3838.75,5972
2021-05-17 09:17:04,3840.0,6033
2021-05-17 09:17:05,3841.4,6145
2021-05-17 09:17:06,3841.4,6145
2021-05-17 09:17:06,3841.4,6145
2021-05-17 09:17:07,3841.4,6249
2021-05-17 09:17:08,3839.8,6449
2021-05-17 09:17:09,3839.8,6449
2021-05-17 09:17:10,3842.3,6462
2021-05-17 09:17:11,3841.4,6513
2021-05-17 09:17:12,3842.4,6643
2021-05-17 09:17:13,3842.4,6643
2021-05-17 09:17:14,3842.35,6646
2021-05-17 09:17:15,3842.35,6656
2021-05-17 09:17:16,3842.35,6656
2021-05-17 09:17:17,3842.35,6656
2021-05-17 09:17:18,3844.1,6685
2021-05-17 09:17:19,3844.1,6685
2021-05-17 09:17:20,3844.2,6749
2021-05-17 09:17:21,3846.1,6759
2021-05-17 09:17:22,3846.1,6759
2021-05-17 09:17:23,3846.1,6765
2021-05-17 09:17:24,3846.1,6765
2021-05-17 09:17:25,3845.85,6769
2021-05-17 09:17:26,3845.85,6769
2021-05-17 09:17:29,3846.5,6799
2021-05-17 09:17:32,3847.55,6823
2021-05-17 09:17:33,3846.95,6846
2021-05-17 09:17:34,3846.95,6846
2021-05-17 09:17:35,3856.5,6973
2021-05-17 09:17:36,3855.5,7099
2021-05-17 09:17:37,3853.6,7298
2021-05-17 09:17:38,3855.0,7300
2021-05-17 09:17:39,3855.0,7312
2021-05-17 09:17:40,3855.0,7312
2021-05-17 09:17:41,3855.0,7315
2021-05-17 09:17:42,3855.0,7315
2021-05-17 09:17:43,3855.0,7320
2021-05-17 09:17:44,3855.0,7324
2021-05-17 09:17:45,3855.0,7324
2021-05-17 09:17:46,3855.0,7324
2021-05-17 09:17:47,3855.0,7328
2021-05-17 09:17:50,3852.85,7370
2021-05-17 09:17:52,3854.3,7371
2021-05-17 09:17:53,3854.2,7391
2021-05-17 09:17:54,3854.1,7392
2021-05-17 09:17:55,3852.95,7394
2021-05-17 09:17:56,3854.15,7397
2021-05-17 09:17:57,3854.15,7398
2021-05-17 09:17:58,3854.15,7409
2021-05-17 09:17:59,3853.15,7421
2021-05-17 09:18:00,3853.45,7431
2021-05-17 09:18:00,3853.45,7431
2021-05-17 09:18:01,3847.2,7663
2021-05-17 09:18:02,3848.95,7723
2021-05-17 09:18:03,3848.95,7723
2021-05-17 09:18:04,3848.95,7723
2021-05-17 09:18:06,3846.0,7754
2021-05-17 09:18:08,3847.9,7767
2021-05-17 09:18:10,3847.9,7771
2021-05-17 09:18:11,3846.0,7781
2021-05-17 09:18:12,3846.0,7781
2021-05-17 09:18:13,3846.0,7877
2021-05-17 09:18:14,3846.0,7877
2021-05-17 09:18:15,3846.0,7877
2021-05-17 09:18:16,3846.0,7877
2021-05-17 09:18:17,3846.0,7877
2021-05-17 09:18:18,3846.0,7877
2021-05-17 09:18:19,3845.55,7911
2021-05-17 09:18:20,3845.55,7911
2021-05-17 09:18:21,3847.7,7914
2021-05-17 09:18:22,3847.7,7914
2021-05-17 09:18:23,3847.7,7914
2021-05-17 09:18:24,3847.6,7924
2021-05-17 09:18:25,3846.0,7929
2021-05-17 09:18:26,3847.6,7933
2021-05-17 09:18:27,3847.8,7939
2021-05-17 09:18:28,3847.8,7939
2021-05-17 09:18:29,3847.8,7940
2021-05-17 09:18:30,3848.8,8060
2021-05-17 09:18:31,3848.8,8060
2021-05-17 09:18:32,3850.85,8062
2021-05-17 09:18:33,3850.85,8062
2021-05-17 09:18:35,3852.4,8116
2021-05-17 09:18:35,3851.7,8118
2021-05-17 09:18:36,3851.7,8118
2021-05-17 09:18:37,3851.7,8118
2021-05-17 09:18:38,3852.4,8119
2021-05-17 09:18:39,3852.95,8131
2021-05-17 09:18:40,3853.1,8141
2021-05-17 09:18:41,3855.0,8152
2021-05-17 09:18:43,3855.0,8154
2021-05-17 09:18:44,3855.0,8154
2021-05-17 09:18:45,3854.95,8156
2021-05-17 09:18:46,3855.0,8164
2021-05-17 09:18:47,3853.05,8168
2021-05-17 09:18:48,3853.05,8168
2021-05-17 09:18:49,3854.45,8172
2021-05-17 09:18:50,3854.45,8172
2021-05-17 09:18:51,3854.55,8178
2021-05-17 09:18:52,3853.05,8220
2021-05-17 09:18:54,3853.05,8270
2021-05-17 09:18:55,3853.05,8270
2021-05-17 09:18:56,3854.2,8280
2021-05-17 09:18:57,3854.4,8281
2021-05-17 09:18:58,3854.4,8281
2021-05-17 09:18:59,3854.4,8281
2021-05-17 09:19:00,3854.4,8281
2021-05-17 09:19:01,3855.6,8349
2021-05-17 09:19:02,3855.6,8349
2021-05-17 09:19:03,3856.9,8354
2021-05-17 09:19:04,3856.9,8354
2021-05-17 09:19:05,3859.0,8364
2021-05-17 09:19:06,3859.0,8365
2021-05-17 09:19:07,3859.0,8365
2021-05-17 09:19:09,3856.9,8368
2021-05-17 09:19:10,3859.0,8499
2021-05-17 09:19:11,3859.0,8499
2021-05-17 09:19:13,3858.15,8572
2021-05-17 09:19:14,3862.7,8693
2021-05-17 09:19:15,3861.05,8700
2021-05-17 09:19:16,3861.05,8700
2021-05-17 09:19:17,3860.15,8706
2021-05-17 09:19:18,3861.05,8744
2021-05-17 09:19:19,3860.15,8747
2021-05-17 09:19:20,3860.15,8747
2021-05-17 09:19:20,3860.15,8747
2021-05-17 09:19:21,3861.05,8781
2021-05-17 09:19:22,3861.05,8781
2021-05-17 09:19:23,3861.05,8781
2021-05-17 09:19:24,3861.05,8781
2021-05-17 09:19:25,3860.15,9029
2021-05-17 09:19:26,3860.15,9029
2021-05-17 09:19:28,3859.0,9063
2021-05-17 09:19:29,3857.25,9084
2021-05-17 09:19:31,3857.3,9223
2021-05-17 09:19:33,3859.5,9266
2021-05-17 09:19:34,3862.4,9466
2021-05-17 09:19:37,3858.55,9526
2021-05-17 09:19:39,3858.55,9526
2021-05-17 09:19:43,3859.85,9537
2021-05-17 09:19:50,3859.5,9639
2021-05-17 09:19:54,3861.0,9736
2021-05-17 09:19:55,3861.0,9736
2021-05-17 09:19:56,3861.0,9736
2021-05-17 09:19:58,3861.0,9736
2021-05-17 09:19:59,3860.9,9747
2021-05-17 09:20:00,3860.9,9747
2021-05-17 09:20:02,3861.0,9749
2021-05-17 09:20:03,3861.0,9749
2021-05-17 09:20:04,3859.3,9776
2021-05-17 09:20:05,3859.4,9779
2021-05-17 09:20:06,3861.0,9810
2021-05-17 09:20:07,3859.4,9812
2021-05-17 09:20:08,3862.0,10097
2021-05-17 09:20:09,3862.15,10100
2021-05-17 09:20:09,3862.15,10100
2021-05-17 09:20:13,3861.2,10125
2021-05-17 09:20:15,3861.2,10125
2021-05-17 09:20:16,3861.2,10125
2021-05-17 09:20:17,3863.9,10151
2021-05-17 09:20:24,3865.05,10432
2021-05-17 09:20:26,3868.85,10517
2021-05-17 09:20:27,3865.5,10617
2021-05-17 09:20:28,3868.3,10619
2021-05-17 09:20:29,3868.3,10619
2021-05-17 09:20:30,3867.0,10629
2021-05-17 09:20:31,3867.0,10629
2021-05-17 09:20:32,3866.05,10694
2021-05-17 09:20:33,3867.0,10695
2021-05-17 09:20:34,3867.0,10696
2021-05-17 09:20:35,3869.0,10723
2021-05-17 09:20:36,3869.0,10723
2021-05-17 09:20:37,3869.0,10723
2021-05-17 09:20:38,3869.05,10745
2021-05-17 09:20:39,3869.1,10746
2021-05-17 09:20:40,3869.1,10746
2021-05-17 09:20:42,3867.0,10825
2021-05-17 09:20:44,3867.8,10959
2021-05-17 09:20:45,3867.8,10959
2021-05-17 09:20:46,3867.45,11009
2021-05-17 09:20:48,3867.75,11015
2021-05-17 09:20:49,3867.75,11015
2021-05-17 09:20:50,3867.75,11099
2021-05-17 09:20:51,3864.55,11199
2021-05-17 09:20:52,3864.2,11204
2021-05-17 09:20:52,3864.2,11204
2021-05-17 09:20:54,3866.95,11220
2021-05-17 09:20:55,3864.1,11222
2021-05-17 09:20:56,3863.6,11242
2021-05-17 09:20:57,3863.6,11242
2021-05-17 09:20:58,3863.6,11242
2021-05-17 09:20:59,3863.6,11242
2021-05-17 09:21:00,3863.6,11242
2021-05-17 09:21:01,3863.6,11242
2021-05-17 09:21:02,3863.15,11250
2021-05-17 09:21:04,3864.55,11275
2021-05-17 09:21:05,3864.55,11275
2021-05-17 09:21:07,3864.45,11300
2021-05-17 09:21:08,3863.6,11430
2021-05-17 09:21:09,3863.6,11430
2021-05-17 09:21:10,3863.6,11430
2021-05-17 09:21:11,3864.35,11432
2021-05-17 09:21:12,3864.35,11432
2021-05-17 09:21:13,3866.6,11682
2021-05-17 09:21:14,3867.0,11833
2021-05-17 09:21:16,3869.7,11900
2021-05-17 09:21:17,3869.7,11904
2021-05-17 09:21:20,3871.35,12377
2021-05-17 09:21:21,3871.35,12377
2021-05-17 09:21:22,3874.95,12422
2021-05-17 09:21:23,3872.5,12432
2021-05-17 09:21:24,3872.5,12492
2021-05-17 09:21:25,3872.5,12568
2021-05-17 09:21:26,3869.1,12691
2021-05-17 09:21:27,3872.9,12708
2021-05-17 09:21:28,3872.9,12708
2021-05-17 09:21:29,3870.0,12733
2021-05-17 09:21:30,3870.0,12769
2021-05-17 09:21:33,3870.0,12799
2021-05-17 09:21:34,3872.3,12849
2021-05-17 09:21:36,3872.9,12854
2021-05-17 09:21:39,3872.05,12920
2021-05-17 09:21:42,3870.8,13222
2021-05-17 09:21:43,3870.8,13222
2021-05-17 09:21:44,3872.85,13227
2021-05-17 09:21:45,3872.05,13228
2021-05-17 09:21:46,3870.55,13238
2021-05-17 09:21:47,3870.25,13261
2021-05-17 09:21:48,3872.9,13316
2021-05-17 09:21:49,3872.9,13317
2021-05-17 09:21:50,3870.4,13382
2021-05-17 09:21:51,3872.75,13388
2021-05-17 09:21:52,3873.1,13446
2021-05-17 09:21:53,3873.1,13446
2021-05-17 09:21:57,3872.0,13557
2021-05-17 09:21:58,3872.0,13557
2021-05-17 09:21:59,3872.0,13557
2021-05-17 09:22:00,3871.4,13560
2021-05-17 09:22:03,3872.0,13561
2021-05-17 09:22:04,3872.0,13561
2021-05-17 09:22:06,3872.0,13576
2021-05-17 09:22:07,3872.0,13576
2021-05-17 09:22:08,3872.0,13576
2021-05-17 09:22:09,3872.0,13577
2021-05-17 09:22:10,3872.0,13686
2021-05-17 09:22:11,3872.0,13686
2021-05-17 09:22:12,3871.95,13727
2021-05-17 09:22:13,3870.95,13807
2021-05-17 09:22:14,3870.35,13855
2021-05-17 09:22:15,3867.5,14030
2021-05-17 09:22:18,3863.6,14187
2021-05-17 09:22:20,3866.25,14192
2021-05-17 09:22:21,3866.75,14194
2021-05-17 09:22:22,3866.75,14201
2021-05-17 09:22:23,3866.75,14201
2021-05-17 09:22:24,3866.75,14212
2021-05-17 09:22:25,3866.75,14265
2021-05-17 09:22:26,3866.75,14265
2021-05-17 09:22:27,3865.85,14270
2021-05-17 09:22:28,3865.85,14270
2021-05-17 09:22:30,3866.75,14280
2021-05-17 09:22:31,3869.2,14352
2021-05-17 09:22:32,3869.2,14352
2021-05-17 09:22:34,3867.1,14455
2021-05-17 09:22:35,3867.1,14479
2021-05-17 09:22:36,3869.35,14480
2021-05-17 09:22:37,3867.15,14482
2021-05-17 09:22:38,3867.15,14484
2021-05-17 09:22:39,3867.05,14516
2021-05-17 09:22:41,3867.0,14529
2021-05-17 09:22:42,3867.0,14529
2021-05-17 09:22:43,3867.05,14530
2021-05-17 09:22:44,3869.5,14645
2021-05-17 09:22:45,3869.5,14645
2021-05-17 09:22:46,3869.5,14645
2021-05-17 09:22:47,3871.0,14676
2021-05-17 09:22:48,3871.0,14676
2021-05-17 09:22:49,3871.0,14676
2021-05-17 09:22:50,3871.0,14676
2021-05-17 09:22:51,3871.0,14676
2021-05-17 09:22:52,3870.75,14677
2021-05-17 09:22:53,3869.65,14741
2021-05-17 09:22:54,3871.0,14747
2021-05-17 09:22:55,3871.0,14750
2021-05-17 09:22:56,3869.85,14754
2021-05-17 09:22:57,3871.0,14820
2021-05-17 09:22:58,3872.4,14879
2021-05-17 09:22:59,3872.4,14879
2021-05-17 09:23:00,3874.0,14881
2021-05-17 09:23:01,3873.0,14883
2021-05-17 09:23:02,3874.75,14893
2021-05-17 09:23:03,3874.9,14895
2021-05-17 09:23:04,3875.0,14898
2021-05-17 09:23:05,3876.3,15107
2021-05-17 09:23:06,3877.0,15226
2021-05-17 09:23:07,3876.25,15252
2021-05-17 09:23:08,3876.4,15335
2021-05-17 09:23:09,3877.05,15385
2021-05-17 09:23:10,3879.95,15515
2021-05-17 09:23:11,3880.0,15666
2021-05-17 09:23:12,3880.0,15666
2021-05-17 09:23:13,3878.35,15686
2021-05-17 09:23:14,3878.0,15751
2021-05-17 09:23:15,3879.85,15808
2021-05-17 09:23:16,3877.55,15828
2021-05-17 09:23:17,3877.25,15838
2021-05-17 09:23:18,3877.25,15843
2021-05-17 09:23:19,3879.55,15858
2021-05-17 09:23:20,3876.6,15930
2021-05-17 09:23:21,3875.9,15952
2021-05-17 09:23:22,3875.9,15952
2021-05-17 09:23:23,3875.9,15952
2021-05-17 09:23:24,3876.35,15954
2021-05-17 09:23:25,3875.9,15955
2021-05-17 09:23:26,3878.75,15965
2021-05-17 09:23:27,3875.6,16023
2021-05-17 09:23:28,3875.6,16023
2021-05-17 09:23:29,3875.65,16027
2021-05-17 09:23:30,3875.6,16066
2021-05-17 09:23:31,3876.6,16217
2021-05-17 09:23:32,3876.6,16217
2021-05-17 09:23:33,3873.75,16308
2021-05-17 09:23:34,3873.8,16311
2021-05-17 09:23:35,3873.8,16316
2021-05-17 09:23:36,3873.8,16318
2021-05-17 09:23:37,3875.1,16320
2021-05-17 09:23:38,3876.35,16400
2021-05-17 09:23:39,3876.2,16405
2021-05-17 09:23:40,3876.3,16406
2021-05-17 09:23:41,3876.3,16406
2021-05-17 09:23:42,3876.35,16419
2021-05-17 09:23:43,3876.35,16419
2021-05-17 09:23:44,3876.5,16428
2021-05-17 09:23:45,3876.5,16431
2021-05-17 09:23:47,3876.5,16441
2021-05-17 09:23:48,3876.5,16441
2021-05-17 09:23:52,3876.5,16448
2021-05-17 09:23:54,3875.1,16471
2021-05-17 09:23:58,3876.7,16500
2021-05-17 09:24:02,3875.0,16617
2021-05-17 09:24:03,3873.0,16638
2021-05-17 09:24:04,3872.0,16640
2021-05-17 09:24:05,3872.0,16640
2021-05-17 09:24:06,3872.0,16640
2021-05-17 09:24:07,3871.75,16652
2021-05-17 09:24:08,3871.75,16652
2021-05-17 09:24:09,3871.75,16652
2021-05-17 09:24:10,3871.75,16652
2021-05-17 09:24:12,3872.05,16653
2021-05-17 09:24:13,3873.5,16661
2021-05-17 09:24:14,3873.5,16661
2021-05-17 09:24:15,3873.5,16681
2021-05-17 09:24:16,3873.5,16696
2021-05-17 09:24:17,3873.5,16696
2021-05-17 09:24:18,3874.0,16739
2021-05-17 09:24:19,3874.0,16739
2021-05-17 09:24:20,3874.0,16739
2021-05-17 09:24:22,3872.8,16741
2021-05-17 09:24:22,3872.8,16741
2021-05-17 09:24:23,3872.8,16741
2021-05-17 09:24:24,3872.8,16741
2021-05-17 09:24:25,3874.0,16759
2021-05-17 09:24:26,3874.0,16759
2021-05-17 09:24:27,3874.0,16765
2021-05-17 09:24:28,3874.0,16765
2021-05-17 09:24:29,3874.0,16765
2021-05-17 09:24:30,3874.0,16771
2021-05-17 09:24:31,3872.95,16779
2021-05-17 09:24:32,3874.55,16781
2021-05-17 09:24:33,3872.95,16801
2021-05-17 09:24:35,3872.95,16811
2021-05-17 09:24:36,3872.95,16811
2021-05-17 09:24:37,3874.0,16812
2021-05-17 09:24:38,3875.05,17012
2021-05-17 09:24:39,3872.0,17512
2021-05-17 09:24:40,3872.0,17512
2021-05-17 09:24:41,3872.0,17635
2021-05-17 09:24:42,3872.0,17635
2021-05-17 09:24:43,3871.7,17638
2021-05-17 09:24:44,3871.7,17638
2021-05-17 09:24:45,3871.7,17638
2021-05-17 09:24:46,3870.0,17643
2021-05-17 09:24:47,3868.05,17655
2021-05-17 09:24:48,3868.05,17655
2021-05-17 09:24:49,3869.75,17679
2021-05-17 09:24:50,3869.75,17679
2021-05-17 09:24:51,3867.05,17682
2021-05-17 09:24:52,3867.05,17682
2021-05-17 09:24:53,3867.05,17682
2021-05-17 09:24:54,3868.1,17702
2021-05-17 09:24:55,3868.1,17702
2021-05-17 09:24:56,3869.3,17777
2021-05-17 09:24:57,3867.2,17780
2021-05-17 09:24:58,3869.3,17781
2021-05-17 09:24:59,3869.3,17781
2021-05-17 09:25:00,3869.5,17881
2021-05-17 09:25:01,3869.45,17884
2021-05-17 09:25:02,3869.45,17884
2021-05-17 09:25:03,3869.45,17884
2021-05-17 09:25:04,3869.45,17886
2021-05-17 09:25:05,3869.45,17888
2021-05-17 09:25:06,3869.45,17888
2021-05-17 09:25:07,3869.45,17888
2021-05-17 09:25:08,3873.2,17954
2021-05-17 09:25:09,3873.2,17954
2021-05-17 09:25:10,3871.0,17959
2021-05-17 09:25:11,3873.8,17979
2021-05-17 09:25:12,3873.8,17979
2021-05-17 09:25:13,3873.8,17979
2021-05-17 09:25:14,3873.8,17979
2021-05-17 09:25:15,3873.8,17981
2021-05-17 09:25:15,3873.8,17981
2021-05-17 09:25:16,3873.8,17981
2021-05-17 09:25:17,3873.8,17981
2021-05-17 09:25:18,3870.35,18065
2021-05-17 09:25:19,3873.55,18081
2021-05-17 09:25:20,3873.15,18187
2021-05-17 09:25:21,3873.15,18187
2021-05-17 09:25:22,3873.15,18187
2021-05-17 09:25:23,3873.15,18187
2021-05-17 09:25:24,3873.15,18191
2021-05-17 09:25:25,3873.15,18191
2021-05-17 09:25:26,3873.15,18191
2021-05-17 09:25:27,3873.15,18191
2021-05-17 09:25:28,3871.4,18194
2021-05-17 09:25:29,3871.4,18194
2021-05-17 09:25:30,3871.4,18194
2021-05-17 09:25:31,3871.4,18196
2021-05-17 09:25:32,3871.4,18196
2021-05-17 09:25:33,3870.45,18208
2021-05-17 09:25:34,3870.7,18229
2021-05-17 09:25:35,3872.9,18231
2021-05-17 09:25:36,3872.9,18252
2021-05-17 09:25:38,3872.9,18285
2021-05-17 09:25:39,3871.15,18335
2021-05-17 09:25:40,3872.9,18348
2021-05-17 09:25:40,3872.9,18352
2021-05-17 09:25:41,3872.9,18352
2021-05-17 09:25:42,3872.9,18352
2021-05-17 09:25:43,3871.75,18364
2021-05-17 09:25:44,3872.0,18369
2021-05-17 09:25:45,3872.0,18371
2021-05-17 09:25:46,3872.0,18371
2021-05-17 09:25:47,3871.75,18389
2021-05-17 09:25:48,3871.75,18389
2021-05-17 09:25:49,3871.4,18411
2021-05-17 09:25:50,3871.4,18411
2021-05-17 09:25:51,3871.4,18411
2021-05-17 09:25:52,3872.8,18412
2021-05-17 09:25:53,3871.15,18430
2021-05-17 09:25:54,3871.15,18430
2021-05-17 09:25:55,3871.15,18430
2021-05-17 09:25:56,3871.15,18430
2021-05-17 09:25:57,3870.65,18450
2021-05-17 09:25:58,3871.15,18474
2021-05-17 09:25:59,3871.15,18474
2021-05-17 09:26:00,3873.55,18774
2021-05-17 09:26:01,3873.55,18774
2021-05-17 09:26:02,3870.8,18824
2021-05-17 09:26:03,3870.8,18824
2021-05-17 09:26:04,3870.8,18824
2021-05-17 09:26:05,3869.65,18848
2021-05-17 09:26:06,3871.35,18886
2021-05-17 09:26:07,3871.2,18895
2021-05-17 09:26:08,3871.2,18895
2021-05-17 09:26:09,3871.35,18918
2021-05-17 09:26:10,3870.8,18919
2021-05-17 09:26:11,3870.8,18919
2021-05-17 09:26:12,3870.8,18919
2021-05-17 09:26:13,3871.35,18920
2021-05-17 09:26:14,3871.4,18940
2021-05-17 09:26:15,3870.0,18954
2021-05-17 09:26:16,3870.0,18954
2021-05-17 09:26:17,3871.4,18964
2021-05-17 09:26:18,3871.4,18964
2021-05-17 09:26:19,3871.4,18972
2021-05-17 09:26:20,3871.4,18972
2021-05-17 09:26:21,3871.4,18972
2021-05-17 09:26:22,3872.0,19004
2021-05-17 09:26:23,3872.0,19004
2021-05-17 09:26:24,3872.0,19004
2021-05-17 09:26:25,3872.0,19007
2021-05-17 09:26:26,3872.0,19007
2021-05-17 09:26:27,3872.95,19011
2021-05-17 09:26:28,3872.95,19011
2021-05-17 09:26:29,3872.95,19011
2021-05-17 09:26:30,3872.0,19031
2021-05-17 09:26:32,3873.0,19033
2021-05-17 09:26:33,3872.0,19043
2021-05-17 09:26:33,3872.0,19043
2021-05-17 09:26:34,3872.0,19043
2021-05-17 09:26:35,3873.0,19045
2021-05-17 09:26:37,3873.0,19045
2021-05-17 09:26:37,3873.0,19045
2021-05-17 09:26:38,3873.0,19045
2021-05-17 09:26:40,3873.0,19074
2021-05-17 09:26:41,3873.0,19074
2021-05-17 09:26:42,3873.5,19087
2021-05-17 09:26:43,3876.45,19747
2021-05-17 09:26:44,3875.6,19811
2021-05-17 09:26:45,3875.85,19814
2021-05-17 09:26:46,3877.05,19816
2021-05-17 09:26:47,3877.05,19826
2021-05-17 09:26:48,3877.05,19826
2021-05-17 09:26:49,3875.85,19827
2021-05-17 09:26:50,3877.05,19832
2021-05-17 09:26:51,3877.05,19834
2021-05-17 09:26:52,3876.05,19838
2021-05-17 09:26:53,3876.05,19838
2021-05-17 09:26:54,3877.05,19852
2021-05-17 09:26:55,3877.05,19852
2021-05-17 09:26:56,3877.05,19861
2021-05-17 09:26:57,3877.05,19891
2021-05-17 09:26:58,3877.05,19891
2021-05-17 09:26:59,3877.05,19892
2021-05-17 09:27:00,3877.05,19892
2021-05-17 09:27:01,3877.05,19892
2021-05-17 09:27:02,3877.05,19892
2021-05-17 09:27:03,3877.05,19892
2021-05-17 09:27:04,3877.05,19904
2021-05-17 09:27:05,3877.05,19904
2021-05-17 09:27:06,3877.05,19904
2021-05-17 09:27:07,3877.05,19904
2021-05-17 09:27:08,3877.95,19906
2021-05-17 09:27:09,3877.95,19906
2021-05-17 09:27:10,3877.95,19906
2021-05-17 09:27:10,3877.95,19906
2021-05-17 09:27:12,3877.9,19931
2021-05-17 09:27:13,3877.9,19931
2021-05-17 09:27:14,3877.9,19931
2021-05-17 09:27:15,3877.9,19931
2021-05-17 09:27:16,3877.9,19931
2021-05-17 09:27:17,3876.55,19936
2021-05-17 09:27:18,3876.55,19936
2021-05-17 09:27:19,3876.55,19936
2021-05-17 09:27:21,3876.45,20029
2021-05-17 09:27:22,3876.45,20029
2021-05-17 09:27:23,3876.55,20030
2021-05-17 09:27:24,3877.0,20194
2021-05-17 09:27:25,3877.0,20194
2021-05-17 09:27:26,3877.0,20194
2021-05-17 09:27:27,3874.85,20196
2021-05-17 09:27:27,3874.85,20196
2021-05-17 09:27:28,3876.25,20198
2021-05-17 09:27:29,3876.25,20201
2021-05-17 09:27:30,3876.25,20220
2021-05-17 09:27:32,3876.25,20250
2021-05-17 09:27:33,3874.7,20272
2021-05-17 09:27:34,3874.7,20272
2021-05-17 09:27:35,3874.7,20274
2021-05-17 09:27:36,3874.7,20274
2021-05-17 09:27:37,3874.7,20274
2021-05-17 09:27:38,3874.7,20274
2021-05-17 09:27:39,3874.7,20274
2021-05-17 09:27:40,3874.65,20279
2021-05-17 09:27:40,3874.65,20279
2021-05-17 09:27:41,3874.7,20282
2021-05-17 09:27:43,3874.7,20282
2021-05-17 09:27:44,3875.95,20299
2021-05-17 09:27:44,3874.7,20310
2021-05-17 09:27:45,3875.85,20311
2021-05-17 09:27:46,3877.0,20393
2021-05-17 09:27:47,3877.0,20393
2021-05-17 09:27:48,3877.6,20438
2021-05-17 09:27:49,3877.6,20438
2021-05-17 09:27:50,3877.6,20438
2021-05-17 09:27:51,3877.6,20438
2021-05-17 09:27:52,3877.05,20439
2021-05-17 09:27:53,3877.05,20439
2021-05-17 09:27:55,3877.05,20446
2021-05-17 09:27:56,3877.05,20446
2021-05-17 09:27:56,3876.1,20447
2021-05-17 09:27:59,3874.65,20497
2021-05-17 09:27:59,3874.65,20497
2021-05-17 09:28:00,3872.6,20588
2021-05-17 09:28:01,3872.6,20588
2021-05-17 09:28:02,3872.6,20588
2021-05-17 09:28:04,3872.6,20588
2021-05-17 09:28:04,3872.0,20608
2021-05-17 09:28:06,3872.0,20609
2021-05-17 09:28:08,3871.2,20625
2021-05-17 09:28:09,3871.2,20625
2021-05-17 09:28:10,3873.8,20626
2021-05-17 09:28:11,3873.8,20626
2021-05-17 09:28:12,3873.8,20626
2021-05-17 09:28:13,3873.8,20626
2021-05-17 09:28:14,3873.8,20626
2021-05-17 09:28:15,3873.8,20626
2021-05-17 09:28:16,3873.8,20626
2021-05-17 09:28:17,3873.8,20634
2021-05-17 09:28:18,3873.8,20634
2021-05-17 09:28:19,3872.0,20683
2021-05-17 09:28:20,3870.75,20763
2021-05-17 09:28:21,3870.15,20800
2021-05-17 09:28:21,3872.45,20777
2021-05-17 09:28:22,3870.1,20818
2021-05-17 09:28:23,3870.1,20818
2021-05-17 09:28:24,3870.1,20818
2021-05-17 09:28:26,3869.25,20960
2021-05-17 09:28:27,3871.5,20983
2021-05-17 09:28:28,3869.1,21008
2021-05-17 09:28:29,3871.4,21025
2021-05-17 09:28:29,3871.4,21025
2021-05-17 09:28:30,3871.4,21071
2021-05-17 09:28:31,3872.55,21134
2021-05-17 09:28:32,3872.55,21155
2021-05-17 09:28:33,3872.55,21155
2021-05-17 09:28:34,3872.55,21155
2021-05-17 09:28:35,3872.55,21155
2021-05-17 09:28:36,3873.8,21168
2021-05-17 09:28:37,3871.95,21238
2021-05-17 09:28:38,3872.0,21246
2021-05-17 09:28:40,3872.0,21264
2021-05-17 09:28:41,3872.0,21266
2021-05-17 09:28:42,3872.0,21269
2021-05-17 09:28:43,3872.0,21269
2021-05-17 09:28:44,3872.0,21269
2021-05-17 09:28:45,3873.0,21270
2021-05-17 09:28:46,3873.0,21270
2021-05-17 09:28:47,3872.55,21404
2021-05-17 09:28:48,3872.55,21404
2021-05-17 09:28:49,3872.55,21404
2021-05-17 09:28:50,3872.55,21404
2021-05-17 09:28:51,3873.8,21454
2021-05-17 09:28:53,3872.55,21548
2021-05-17 09:28:54,3872.6,21549
2021-05-17 09:28:55,3873.8,21589
2021-05-17 09:28:56,3872.6,21614
2021-05-17 09:28:57,3872.6,21637
2021-05-17 09:28:58,3872.6,21640
2021-05-17 09:28:59,3872.6,21663
2021-05-17 09:29:00,3873.8,21664
2021-05-17 09:29:01,3871.4,21750
2021-05-17 09:29:02,3873.35,21893
2021-05-17 09:29:03,3873.75,21924
2021-05-17 09:29:04,3873.75,21984
2021-05-17 09:29:05,3873.75,22034
2021-05-17 09:29:06,3872.35,22066
2021-05-17 09:29:07,3872.35,22066
2021-05-17 09:29:08,3871.6,22193
2021-05-17 09:29:09,3871.6,22193
2021-05-17 09:29:10,3873.05,22194
2021-05-17 09:29:11,3873.05,22206
2021-05-17 09:29:12,3871.2,22207
2021-05-17 09:29:13,3871.2,22227
2021-05-17 09:29:13,3871.2,22227
2021-05-17 09:29:15,3868.0,22412
2021-05-17 09:29:16,3868.0,22442
2021-05-17 09:29:17,3866.25,22460
2021-05-17 09:29:18,3866.25,22463
2021-05-17 09:29:19,3866.25,22463
2021-05-17 09:29:20,3868.0,22513
2021-05-17 09:29:21,3868.0,22676
2021-05-17 09:29:22,3868.0,22681
2021-05-17 09:29:23,3868.0,22681
2021-05-17 09:29:24,3868.0,22681
2021-05-17 09:29:25,3868.0,22681
2021-05-17 09:29:26,3865.95,22720
2021-05-17 09:29:27,3866.95,22774
2021-05-17 09:29:28,3865.05,22888
2021-05-17 09:29:29,3865.5,22928
2021-05-17 09:29:30,3865.05,22929
2021-05-17 09:29:31,3864.0,23013
2021-05-17 09:29:32,3865.5,23116
2021-05-17 09:29:33,3865.2,23120
2021-05-17 09:29:34,3865.2,23120
2021-05-17 09:29:35,3865.0,23132
2021-05-17 09:29:36,3864.0,23167
2021-05-17 09:29:37,3864.9,23418
2021-05-17 09:29:38,3864.55,23458
2021-05-17 09:29:39,3864.35,23470
2021-05-17 09:29:40,3861.65,23605
2021-05-17 09:29:41,3862.3,23611
2021-05-17 09:29:42,3861.8,23656
2021-05-17 09:29:43,3861.65,23692
2021-05-17 09:29:44,3860.05,23831
2021-05-17 09:29:45,3862.8,23844
2021-05-17 09:29:47,3860.35,23975
2021-05-17 09:29:48,3860.35,23975
2021-05-17 09:29:49,3860.4,24005
2021-05-17 09:29:50,3860.4,24005
2021-05-17 09:29:51,3859.65,24227
2021-05-17 09:29:52,3859.6,24238
2021-05-17 09:29:53,3861.55,24274
2021-05-17 09:29:54,3859.4,24825
2021-05-17 09:29:55,3860.0,24871
2021-05-17 09:29:56,3859.3,25017
2021-05-17 09:29:57,3858.25,25066
2021-05-17 09:29:57,3860.3,25070
2021-05-17 09:29:58,3858.3,25071
2021-05-17 09:29:59,3858.3,25071
2021-05-17 09:30:00,3861.55,25680
2021-05-17 09:30:02,3860.25,25794
2021-05-17 09:30:03,3860.2,25797
2021-05-17 09:30:05,3861.95,25821
2021-05-17 09:30:07,3861.95,26140
2021-05-17 09:30:09,3865.0,26363
2021-05-17 09:30:11,3865.0,26447
2021-05-17 09:30:12,3868.8,26452
2021-05-17 09:30:13,3866.95,26453
2021-05-17 09:30:14,3866.95,26454
2021-05-17 09:30:15,3866.95,26454
2021-05-17 09:30:16,3866.95,26458
2021-05-17 09:30:17,3866.95,26465
2021-05-17 09:30:18,3866.95,26465
2021-05-17 09:30:19,3863.15,26498
2021-05-17 09:30:20,3863.15,26498
2021-05-17 09:30:21,3863.15,26498
2021-05-17 09:30:22,3863.15,26498
2021-05-17 09:30:23,3863.65,26562
2021-05-17 09:30:24,3864.5,26581
2021-05-17 09:30:25,3864.5,26581
2021-05-17 09:30:26,3865.05,26583
2021-05-17 09:30:27,3865.05,26583
2021-05-17 09:30:28,3862.65,26664
2021-05-17 09:30:29,3861.15,26839
2021-05-17 09:30:30,3861.4,26840
2021-05-17 09:30:31,3861.4,26840
2021-05-17 09:30:32,3861.4,26840
2021-05-17 09:30:33,3861.15,26921
2021-05-17 09:30:34,3861.4,26990
2021-05-17 09:30:35,3861.45,27000
2021-05-17 09:30:35,3863.65,27005
2021-05-17 09:30:37,3862.3,27136
2021-05-17 09:30:38,3862.3,27136
2021-05-17 09:30:39,3860.2,27146
2021-05-17 09:30:40,3860.2,27146
2021-05-17 09:30:41,3860.2,27146
2021-05-17 09:30:42,3860.2,27146
2021-05-17 09:30:43,3860.2,27162
2021-05-17 09:30:44,3861.0,27178
2021-05-17 09:30:45,3861.0,27178
2021-05-17 09:30:46,3862.95,27179
2021-05-17 09:30:47,3861.0,27189
2021-05-17 09:30:48,3861.0,27189
2021-05-17 09:30:49,3861.0,27189
2021-05-17 09:30:50,3861.05,27191
2021-05-17 09:30:51,3861.05,27258
2021-05-17 09:30:52,3861.05,27258
2021-05-17 09:30:53,3863.55,27458
2021-05-17 09:30:54,3862.15,27463
2021-05-17 09:30:55,3867.8,27496
2021-05-17 09:30:56,3867.8,27496
2021-05-17 09:30:57,3867.8,27496
2021-05-17 09:30:58,3867.45,27499
2021-05-17 09:30:59,3865.0,27533
2021-05-17 09:31:00,3864.75,27553
2021-05-17 09:31:02,3864.75,27553
2021-05-17 09:31:03,3864.9,27587
2021-05-17 09:31:04,3864.9,27591
2021-05-17 09:31:05,3863.2,27625
2021-05-17 09:31:06,3863.2,27625
2021-05-17 09:31:07,3863.95,27659
2021-05-17 09:31:08,3863.95,27659
2021-05-17 09:31:09,3863.9,27693
2021-05-17 09:31:11,3863.15,27730
2021-05-17 09:31:12,3861.25,27765
2021-05-17 09:31:13,3861.25,27765
2021-05-17 09:31:14,3861.25,27765
2021-05-17 09:31:15,3861.25,27765
2021-05-17 09:31:16,3861.25,27765
2021-05-17 09:31:17,3863.85,27775
2021-05-17 09:31:18,3863.75,27777
2021-05-17 09:31:19,3863.75,27780
2021-05-17 09:31:20,3863.75,27780
2021-05-17 09:31:21,3863.75,27780
2021-05-17 09:31:22,3863.75,27780
2021-05-17 09:31:23,3862.0,27785
2021-05-17 09:31:24,3862.0,27908
2021-05-17 09:31:25,3861.1,27921
2021-05-17 09:31:26,3861.05,27938
2021-05-17 09:31:27,3861.05,27940
2021-05-17 09:31:28,3861.05,27941
2021-05-17 09:31:28,3861.05,27941
2021-05-17 09:31:30,3861.1,27944
2021-05-17 09:31:31,3861.1,27961
2021-05-17 09:31:32,3861.1,27964
2021-05-17 09:31:33,3861.1,28017
2021-05-17 09:31:34,3861.1,28025
2021-05-17 09:31:35,3860.2,28065
2021-05-17 09:31:36,3856.35,28777
2021-05-17 09:31:37,3854.0,28823
2021-05-17 09:31:38,3853.4,28847
2021-05-17 09:31:39,3854.0,28852
2021-05-17 09:31:40,3854.0,28890
2021-05-17 09:31:41,3854.0,28891
2021-05-17 09:31:42,3855.7,28916
2021-05-17 09:31:43,3855.65,28936
2021-05-17 09:31:44,3854.05,28940
2021-05-17 09:31:45,3855.5,28945
2021-05-17 09:31:46,3854.0,29015
2021-05-17 09:31:47,3854.0,29035
2021-05-17 09:31:48,3854.0,29081
2021-05-17 09:31:49,3854.0,29424
2021-05-17 09:31:50,3851.25,29466
2021-05-17 09:31:51,3851.2,29476
2021-05-17 09:31:52,3851.2,29476
2021-05-17 09:31:53,3850.55,29508
2021-05-17 09:31:54,3850.55,29508
2021-05-17 09:31:55,3850.55,29525
2021-05-17 09:31:56,3850.55,29525
2021-05-17 09:31:57,3850.4,29594
2021-05-17 09:31:58,3853.0,29604
2021-05-17 09:31:59,3850.0,29952
2021-05-17 09:32:00,3851.85,30036
2021-05-17 09:32:01,3850.0,30083
2021-05-17 09:32:02,3853.25,31499
2021-05-17 09:32:03,3856.95,31548
2021-05-17 09:32:03,3853.6,31580
2021-05-17 09:32:04,3851.75,31845
2021-05-17 09:32:05,3852.3,31897
2021-05-17 09:32:07,3852.3,31907
2021-05-17 09:32:07,3850.8,32171
2021-05-17 09:32:08,3851.05,32194
2021-05-17 09:32:09,3857.25,32538
2021-05-17 09:32:11,3857.25,32592
2021-05-17 09:32:12,3854.6,32717
2021-05-17 09:32:14,3854.55,32883
2021-05-17 09:32:16,3854.45,32896
2021-05-17 09:32:17,3855.65,33036
2021-05-17 09:32:19,3854.45,33041
2021-05-17 09:32:24,3851.0,33299
2021-05-17 09:32:25,3850.55,33432
2021-05-17 09:32:26,3850.55,33442
2021-05-17 09:32:27,3850.55,33464
2021-05-17 09:32:28,3851.8,33633
2021-05-17 09:32:29,3849.8,33655
2021-05-17 09:32:30,3852.55,33828
2021-05-17 09:32:31,3850.25,33832
2021-05-17 09:32:32,3849.9,33833
2021-05-17 09:32:33,3850.0,33837
2021-05-17 09:32:34,3850.05,34130
2021-05-17 09:32:35,3850.05,34130
2021-05-17 09:32:36,3851.75,34131
2021-05-17 09:32:37,3850.0,34219
2021-05-17 09:32:38,3853.2,34374
2021-05-17 09:32:39,3850.0,34462
2021-05-17 09:32:40,3850.0,34462
2021-05-17 09:32:41,3851.75,34467
2021-05-17 09:32:42,3850.0,34557
2021-05-17 09:32:43,3852.25,34658
2021-05-17 09:32:44,3852.65,34781
2021-05-17 09:32:45,3851.75,34839
2021-05-17 09:32:46,3851.8,34900
2021-05-17 09:32:48,3851.8,34900
2021-05-17 09:32:49,3851.85,34910
2021-05-17 09:32:50,3853.95,35061
2021-05-17 09:32:51,3853.95,35061
2021-05-17 09:32:53,3851.8,35105
2021-05-17 09:32:54,3851.8,35105
2021-05-17 09:32:55,3851.8,35149
2021-05-17 09:32:56,3851.8,35149
2021-05-17 09:32:57,3851.8,35149
2021-05-17 09:32:58,3851.95,35193
2021-05-17 09:32:59,3853.4,35198
2021-05-17 09:33:00,3852.0,35242
2021-05-17 09:33:01,3853.4,35293
2021-05-17 09:33:02,3853.4,35293
2021-05-17 09:33:03,3852.0,35296
2021-05-17 09:33:04,3852.0,35296
2021-05-17 09:33:05,3852.0,35299
2021-05-17 09:33:06,3852.0,35299
2021-05-17 09:33:07,3852.0,35344
2021-05-17 09:33:08,3852.0,35344
2021-05-17 09:33:09,3852.0,35344
2021-05-17 09:33:10,3852.0,35344
2021-05-17 09:33:11,3852.0,35354
2021-05-17 09:33:12,3852.0,35356
2021-05-17 09:33:13,3852.0,35356
2021-05-17 09:33:14,3852.3,35466
2021-05-17 09:33:15,3852.3,35466
2021-05-17 09:33:16,3853.25,35468
2021-05-17 09:33:17,3853.25,35475
2021-05-17 09:33:18,3853.25,35475
2021-05-17 09:33:19,3853.25,35486
2021-05-17 09:33:20,3853.25,35486
2021-05-17 09:33:21,3853.25,35506
2021-05-17 09:33:22,3853.25,35537
2021-05-17 09:33:24,3853.25,35575
2021-05-17 09:33:25,3853.25,35575
2021-05-17 09:33:26,3853.25,35575
2021-05-17 09:33:27,3853.5,35586
2021-05-17 09:33:28,3853.5,35609
2021-05-17 09:33:29,3853.5,35609
2021-05-17 09:33:30,3853.5,35609
2021-05-17 09:33:31,3853.65,35692
2021-05-17 09:33:32,3853.65,35692
2021-05-17 09:33:33,3853.65,35692
2021-05-17 09:33:34,3853.85,35715
2021-05-17 09:33:35,3853.85,35715
2021-05-17 09:33:36,3853.5,35716
2021-05-17 09:33:37,3853.85,35732
2021-05-17 09:33:38,3853.85,35732
2021-05-17 09:33:39,3853.85,35732
2021-05-17 09:33:40,3853.85,35732
2021-05-17 09:33:41,3853.85,35732
2021-05-17 09:33:42,3853.85,35732
2021-05-17 09:33:43,3853.5,35735
2021-05-17 09:33:44,3853.65,35771
2021-05-17 09:33:45,3853.9,35780
2021-05-17 09:33:46,3853.9,35810
2021-05-17 09:33:47,3854.05,35844
2021-05-17 09:33:48,3853.9,35847
2021-05-17 09:33:49,3853.9,35847
2021-05-17 09:33:50,3853.9,35847
2021-05-17 09:33:51,3854.55,35877
2021-05-17 09:33:52,3854.55,35877
2021-05-17 09:33:55,3857.0,35885
2021-05-17 09:33:58,3854.9,35890
2021-05-17 09:34:00,3857.0,35895
2021-05-17 09:34:01,3855.1,35900
2021-05-17 09:34:03,3855.1,35900
2021-05-17 09:34:04,3856.5,35934
2021-05-17 09:34:05,3856.5,35938
2021-05-17 09:34:06,3856.5,35940
2021-05-17 09:34:07,3856.5,35940
2021-05-17 09:34:08,3857.65,35941
2021-05-17 09:34:09,3857.65,35941
2021-05-17 09:34:10,3855.0,36041
2021-05-17 09:34:11,3855.0,36041
2021-05-17 09:34:12,3855.0,36041
2021-05-17 09:34:13,3855.0,36041
2021-05-17 09:34:14,3855.0,36041
2021-05-17 09:34:15,3855.0,36041
2021-05-17 09:34:16,3856.45,36042
2021-05-17 09:34:17,3856.45,36043
2021-05-17 09:34:18,3856.45,36043
2021-05-17 09:34:20,3856.45,36044
2021-05-17 09:34:19,3856.45,36044
2021-05-17 09:34:21,3856.45,36048
2021-05-17 09:34:22,3856.45,36048
2021-05-17 09:34:23,3856.45,36048
2021-05-17 09:34:24,3856.45,36048
2021-05-17 09:34:25,3856.45,36048
2021-05-17 09:34:26,3856.45,36048
2021-05-17 09:34:27,3856.45,36048
2021-05-17 09:34:28,3856.45,36048
2021-05-17 09:34:29,3856.45,36089
2021-05-17 09:34:30,3856.45,36090
2021-05-17 09:34:31,3856.45,36090
2021-05-17 09:34:32,3856.45,36090
2021-05-17 09:34:33,3856.45,36090
2021-05-17 09:34:34,3856.45,36095
2021-05-17 09:34:35,3856.45,36095
2021-05-17 09:34:36,3856.45,36095
2021-05-17 09:34:37,3855.0,36118
2021-05-17 09:34:38,3856.45,36168
2021-05-17 09:34:39,3855.0,36171
2021-05-17 09:34:40,3855.0,36171
2021-05-17 09:34:41,3856.35,36177
2021-05-17 09:34:42,3855.0,36180
2021-05-17 09:34:43,3854.95,36256
2021-05-17 09:34:44,3855.0,36327
2021-05-17 09:34:45,3855.0,36327
2021-05-17 09:34:46,3855.0,36327
2021-05-17 09:34:47,3853.0,36410
2021-05-17 09:34:48,3851.0,36698
2021-05-17 09:34:49,3851.0,36698
2021-05-17 09:34:50,3850.85,36720
2021-05-17 09:34:51,3850.85,36720
2021-05-17 09:34:52,3850.85,36720
2021-05-17 09:34:53,3852.2,36722
2021-05-17 09:34:54,3852.2,36722
2021-05-17 09:34:55,3852.2,36740
2021-05-17 09:34:56,3851.0,36745
2021-05-17 09:34:57,3851.0,36774
2021-05-17 09:34:59,3851.0,36838
2021-05-17 09:35:00,3851.0,36838
2021-05-17 09:35:01,3852.6,37119
2021-05-17 09:35:02,3852.55,37135
2021-05-17 09:35:03,3854.95,37213
2021-05-17 09:35:04,3854.95,37213
2021-05-17 09:35:06,3855.0,37215
2021-05-17 09:35:07,3855.0,37216
2021-05-17 09:35:08,3855.0,37218
2021-05-17 09:35:09,3855.0,37221
2021-05-17 09:35:10,3855.0,37221
2021-05-17 09:35:11,3855.0,37221
2021-05-17 09:35:12,3854.55,37225
2021-05-17 09:35:13,3854.55,37225
2021-05-17 09:35:14,3854.55,37225
2021-05-17 09:35:16,3854.5,37258
2021-05-17 09:35:18,3852.55,37275
2021-05-17 09:35:19,3852.9,37335
2021-05-17 09:35:20,3852.9,37335
2021-05-17 09:35:21,3852.9,37335
2021-05-17 09:35:23,3852.9,37335
2021-05-17 09:35:24,3852.9,37335
2021-05-17 09:35:25,3852.9,37335
2021-05-17 09:35:26,3852.9,37335
2021-05-17 09:35:28,3852.9,37335
2021-05-17 09:35:29,3852.9,37335
2021-05-17 09:35:30,3852.9,37335
2021-05-17 09:35:31,3855.2,37575
2021-05-17 09:35:32,3855.2,37575
2021-05-17 09:35:33,3855.2,37598
2021-05-17 09:35:33,3855.2,37598
2021-05-17 09:35:34,3855.0,37603
2021-05-17 09:35:35,3855.0,37603
2021-05-17 09:35:36,3853.65,37606
2021-05-17 09:35:37,3853.65,37606
2021-05-17 09:35:38,3853.65,37606
2021-05-17 09:35:39,3853.65,37608
2021-05-17 09:35:40,3853.65,37608
2021-05-17 09:35:42,3858.25,37706
2021-05-17 09:35:43,3858.25,37706
2021-05-17 09:35:44,3858.25,37706
2021-05-17 09:35:46,3858.25,37706
2021-05-17 09:35:47,3858.25,37706
2021-05-17 09:35:48,3858.25,37706
2021-05-17 09:35:49,3857.9,37737
2021-05-17 09:35:50,3859.25,37757
2021-05-17 09:35:50,3859.25,37757
2021-05-17 09:35:51,3859.25,37757
2021-05-17 09:35:52,3859.25,37757
2021-05-17 09:35:53,3858.8,37768
2021-05-17 09:35:54,3858.8,37768
2021-05-17 09:35:55,3857.9,37772
2021-05-17 09:35:56,3857.9,37790
2021-05-17 09:35:58,3858.65,37802
2021-05-17 09:35:59,3858.65,37802
2021-05-17 09:36:00,3859.65,37968
2021-05-17 09:36:01,3859.65,37968
2021-05-17 09:36:02,3859.65,37968
2021-05-17 09:36:03,3859.65,37968
2021-05-17 09:36:04,3858.15,37970
2021-05-17 09:36:05,3858.15,37979
2021-05-17 09:36:06,3857.9,37981
2021-05-17 09:36:07,3859.95,38354
2021-05-17 09:36:08,3859.95,38354
2021-05-17 09:36:09,3859.95,38354
2021-05-17 09:36:10,3859.95,38354
2021-05-17 09:36:11,3857.9,38486
2021-05-17 09:36:12,3857.9,38486
2021-05-17 09:36:13,3858.95,38493
2021-05-17 09:36:14,3858.95,38599
2021-05-17 09:36:15,3858.95,38599
2021-05-17 09:36:16,3857.4,38601
2021-05-17 09:36:17,3856.4,38720
2021-05-17 09:36:20,3858.9,38770
2021-05-17 09:36:21,3858.9,38770
2021-05-17 09:36:21,3858.9,38770
2021-05-17 09:36:22,3858.7,38772
2021-05-17 09:36:23,3858.7,38772
2021-05-17 09:36:24,3858.7,38792
2021-05-17 09:36:25,3857.4,38805
2021-05-17 09:36:26,3857.4,38825
2021-05-17 09:36:27,3855.85,39338
2021-05-17 09:36:28,3855.0,39351
2021-05-17 09:36:29,3855.25,39601
2021-05-17 09:36:30,3853.6,39606
2021-05-17 09:36:31,3854.2,39659
2021-05-17 09:36:32,3853.0,39661
2021-05-17 09:36:33,3852.9,39754
2021-05-17 09:36:34,3852.9,39757
2021-05-17 09:36:35,3854.15,39774
2021-05-17 09:36:36,3852.4,39783
2021-05-17 09:36:37,3854.15,39796
2021-05-17 09:36:38,3854.1,39798
2021-05-17 09:36:39,3854.1,39798
2021-05-17 09:36:40,3854.1,39798
2021-05-17 09:36:41,3852.25,39825
2021-05-17 09:36:42,3852.25,39825
2021-05-17 09:36:43,3852.25,39825
2021-05-17 09:36:44,3852.25,39825
2021-05-17 09:36:45,3852.25,39825
2021-05-17 09:36:46,3852.25,39825
2021-05-17 09:36:47,3854.15,40010
2021-05-17 09:36:48,3854.55,40035
2021-05-17 09:36:49,3854.55,40035
2021-05-17 09:36:50,3854.55,40065
2021-05-17 09:36:51,3854.55,40165
2021-05-17 09:36:52,3857.95,40188
2021-05-17 09:36:53,3857.25,40435
2021-05-17 09:36:54,3857.55,40451
2021-05-17 09:36:55,3857.55,40451
2021-05-17 09:36:56,3857.55,40451
2021-05-17 09:36:57,3857.55,40451
2021-05-17 09:36:58,3857.55,40451
2021-05-17 09:36:59,3857.55,40451
2021-05-17 09:37:00,3857.25,40466
2021-05-17 09:37:01,3857.25,40466
2021-05-17 09:37:02,3857.25,40466
2021-05-17 09:37:03,3857.25,40466
2021-05-17 09:37:04,3857.25,40466
2021-05-17 09:37:05,3857.25,40466
2021-05-17 09:37:06,3857.25,40466
2021-05-17 09:37:07,3855.6,40467
2021-05-17 09:37:08,3856.85,40472
2021-05-17 09:37:09,3856.85,40472
2021-05-17 09:37:10,3856.85,40472
2021-05-17 09:37:11,3855.6,40475
2021-05-17 09:37:12,3856.7,40479
2021-05-17 09:37:13,3856.7,40479
2021-05-17 09:37:14,3856.7,40481
2021-05-17 09:37:16,3855.6,40653
2021-05-17 09:37:17,3855.6,40683
2021-05-17 09:37:18,3855.6,40683
2021-05-17 09:37:19,3855.6,40683
2021-05-17 09:37:20,3855.6,40683
2021-05-17 09:37:21,3855.6,40683
2021-05-17 09:37:22,3855.6,40683
2021-05-17 09:37:24,3850.45,41169
2021-05-17 09:37:25,3851.0,41195
2021-05-17 09:37:26,3851.0,41228
2021-05-17 09:37:27,3851.0,41695
2021-05-17 09:37:28,3850.95,41732
2021-05-17 09:37:29,3850.75,41767
2021-05-17 09:37:30,3850.7,41787
2021-05-17 09:37:31,3848.15,41828
2021-05-17 09:37:32,3850.6,41830
2021-05-17 09:37:33,3848.15,41836
2021-05-17 09:37:34,3850.2,41996
2021-05-17 09:37:35,3850.2,42017
2021-05-17 09:37:36,3850.2,42017
2021-05-17 09:37:37,3850.2,42017
2021-05-17 09:37:38,3850.2,42017
2021-05-17 09:37:39,3849.95,42132
2021-05-17 09:37:40,3849.95,42132
2021-05-17 09:37:41,3849.95,42134
2021-05-17 09:37:42,3849.95,42139
2021-05-17 09:37:43,3849.95,42139
2021-05-17 09:37:44,3849.95,42139
2021-05-17 09:37:45,3849.95,42139
2021-05-17 09:37:46,3849.95,42139
2021-05-17 09:37:48,3850.15,42515
2021-05-17 09:37:51,3850.15,42524
2021-05-17 09:37:52,3850.15,42524
2021-05-17 09:37:53,3850.15,42524
2021-05-17 09:37:54,3850.15,42594
2021-05-17 09:37:55,3851.15,42601
2021-05-17 09:37:56,3850.1,42602
2021-05-17 09:37:57,3850.1,42602
2021-05-17 09:37:58,3850.1,42602
2021-05-17 09:37:59,3850.1,42602
2021-05-17 09:38:00,3850.1,42602
2021-05-17 09:38:01,3850.1,42602
2021-05-17 09:38:02,3850.25,42605
2021-05-17 09:38:03,3850.15,42608
2021-05-17 09:38:04,3852.0,42609
2021-05-17 09:38:05,3852.0,42609
2021-05-17 09:38:06,3852.0,42613
2021-05-17 09:38:07,3850.65,42665
2021-05-17 09:38:08,3850.65,42678
2021-05-17 09:38:09,3850.65,42678
2021-05-17 09:38:10,3852.0,42679
2021-05-17 09:38:11,3852.0,42679
2021-05-17 09:38:12,3852.0,42679
2021-05-17 09:38:13,3852.0,42679
2021-05-17 09:38:14,3852.0,42679
2021-05-17 09:38:15,3852.0,42679
2021-05-17 09:38:16,3852.0,42689
2021-05-17 09:38:17,3852.0,42689
2021-05-17 09:38:18,3852.0,42689
2021-05-17 09:38:19,3852.0,42689
2021-05-17 09:38:20,3852.0,42689
2021-05-17 09:38:21,3852.0,42693
2021-05-17 09:38:22,3852.0,42694
2021-05-17 09:38:23,3852.0,42744
2021-05-17 09:38:24,3852.0,42749
2021-05-17 09:38:25,3852.0,42749
2021-05-17 09:38:26,3852.0,42749
2021-05-17 09:38:27,3851.15,42752
2021-05-17 09:38:28,3852.0,42791
2021-05-17 09:38:29,3852.0,42868
2021-05-17 09:38:30,3852.0,42873
2021-05-17 09:38:31,3852.0,42873
2021-05-17 09:38:32,3851.95,42883
2021-05-17 09:38:33,3851.95,42883
2021-05-17 09:38:34,3851.95,42883
2021-05-17 09:38:35,3851.95,42883
2021-05-17 09:38:36,3852.0,42894
2021-05-17 09:38:39,3852.4,42896
2021-05-17 09:38:38,3852.0,42894
2021-05-17 09:38:40,3852.4,42900
2021-05-17 09:38:41,3852.4,42905
2021-05-17 09:38:43,3852.4,42905
2021-05-17 09:38:42,3852.4,42905
2021-05-17 09:38:44,3852.4,42905
2021-05-17 09:38:45,3853.3,42989
2021-05-17 09:38:48,3853.0,42996
2021-05-17 09:38:47,3853.0,42996
2021-05-17 09:38:50,3853.0,42996
2021-05-17 09:38:51,3853.0,42996
2021-05-17 09:38:52,3855.0,43000
2021-05-17 09:38:54,3855.0,43000
2021-05-17 09:38:54,3855.0,43000
2021-05-17 09:38:55,3855.0,43000
2021-05-17 09:38:56,3855.0,43000
2021-05-17 09:38:57,3855.0,43000
2021-05-17 09:38:58,3855.0,43000
2021-05-17 09:38:59,3855.0,43000
2021-05-17 09:39:00,3855.0,43000
2021-05-17 09:39:01,3855.4,43086
2021-05-17 09:39:03,3855.4,43113
2021-05-17 09:39:04,3855.4,43117
2021-05-17 09:39:05,3864.1,45639
2021-05-17 09:39:06,3863.05,45903
2021-05-17 09:39:07,3865.45,45923
2021-05-17 09:39:08,3865.6,46160
2021-05-17 09:39:09,3865.35,46163
2021-05-17 09:39:10,3865.35,46164
2021-05-17 09:39:11,3865.6,46172
2021-05-17 09:39:12,3865.6,46176
2021-05-17 09:39:13,3865.8,46186
2021-05-17 09:39:14,3865.8,46186
2021-05-17 09:39:15,3864.7,46187
2021-05-17 09:39:16,3864.7,46187
2021-05-17 09:39:17,3865.85,46188
2021-05-17 09:39:19,3864.3,46198
2021-05-17 09:39:20,3864.3,46198
2021-05-17 09:39:21,3864.3,46198
2021-05-17 09:39:23,3864.95,46419
2021-05-17 09:39:24,3864.7,46422
2021-05-17 09:39:25,3864.4,46435
2021-05-17 09:39:25,3865.8,46436
2021-05-17 09:39:26,3865.8,46442
2021-05-17 09:39:27,3865.8,46442
2021-05-17 09:39:28,3865.8,46442
2021-05-17 09:39:29,3865.8,46442
2021-05-17 09:39:31,3864.45,46452
2021-05-17 09:39:32,3864.45,46462
2021-05-17 09:39:32,3865.8,46463
2021-05-17 09:39:33,3865.8,46463
2021-05-17 09:39:34,3865.8,46463
2021-05-17 09:39:35,3865.8,46463
2021-05-17 09:39:36,3865.8,46513
2021-05-17 09:39:37,3865.0,46534
2021-05-17 09:39:38,3864.5,46555
2021-05-17 09:39:39,3864.5,46555
2021-05-17 09:39:40,3864.5,46555
2021-05-17 09:39:41,3865.0,46565
2021-05-17 09:39:42,3864.5,46619
2021-05-17 09:39:43,3864.5,46622
2021-05-17 09:39:44,3864.5,46622
2021-05-17 09:39:46,3865.0,46624
2021-05-17 09:39:46,3865.0,46624
2021-05-17 09:39:47,3865.0,46625
2021-05-17 09:39:48,3865.0,46625
2021-05-17 09:39:49,3865.0,46645
2021-05-17 09:39:50,3865.0,46645
2021-05-17 09:39:51,3865.0,46645
2021-05-17 09:39:52,3864.5,46664
2021-05-17 09:39:53,3865.0,46729
2021-05-17 09:39:54,3864.95,46746
2021-05-17 09:39:55,3864.95,46746
2021-05-17 09:39:56,3864.95,46761
2021-05-17 09:39:57,3864.95,46924
2021-05-17 09:39:58,3864.5,47029
2021-05-17 09:40:00,3864.4,47072
2021-05-17 09:40:01,3864.4,47072
2021-05-17 09:40:02,3864.4,47075
2021-05-17 09:40:03,3864.4,47075
2021-05-17 09:40:04,3864.4,47075
2021-05-17 09:40:05,3864.4,47077
2021-05-17 09:40:07,3864.4,47077
2021-05-17 09:40:08,3864.5,47089
2021-05-17 09:40:09,3865.75,47456
2021-05-17 09:40:10,3865.75,47474
2021-05-17 09:40:11,3865.75,47474
2021-05-17 09:40:12,3865.75,47474
2021-05-17 09:40:13,3868.35,47586
2021-05-17 09:40:14,3868.35,47586
2021-05-17 09:40:16,3874.0,47728
2021-05-17 09:40:16,3874.2,48073
2021-05-17 09:40:17,3874.4,48177
2021-05-17 09:40:18,3874.6,48256
2021-05-17 09:40:19,3873.15,48695
2021-05-17 09:40:20,3875.0,48796
2021-05-17 09:40:21,3873.1,48806
2021-05-17 09:40:22,3874.9,48831
2021-05-17 09:40:23,3873.1,48858
2021-05-17 09:40:24,3873.85,48864
2021-05-17 09:40:25,3870.0,48924
2021-05-17 09:40:26,3872.6,48925
2021-05-17 09:40:27,3868.4,49184
2021-05-17 09:40:28,3868.35,49186
2021-05-17 09:40:29,3868.15,49229
2021-05-17 09:40:30,3868.15,49237
2021-05-17 09:40:31,3868.15,49238
2021-05-17 09:40:32,3868.15,49238
2021-05-17 09:40:33,3869.8,49258
2021-05-17 09:40:37,3869.8,49258
2021-05-17 09:40:37,3869.8,49258
2021-05-17 09:40:39,3869.8,49258
2021-05-17 09:40:39,3869.4,49313
2021-05-17 09:40:40,3869.4,49338
2021-05-17 09:40:41,3869.4,49338
2021-05-17 09:40:43,3869.4,49338
2021-05-17 09:40:43,3869.4,49338
2021-05-17 09:40:44,3869.4,49338
2021-05-17 09:40:45,3869.8,49427
2021-05-17 09:40:46,3869.8,49427
2021-05-17 09:40:47,3869.8,49427
2021-05-17 09:40:48,3869.8,49427
2021-05-17 09:40:49,3869.8,49427
2021-05-17 09:40:50,3869.4,49437
2021-05-17 09:40:51,3869.4,49437
2021-05-17 09:40:52,3869.4,49437
2021-05-17 09:40:53,3869.4,49437
2021-05-17 09:40:55,3869.4,49512
2021-05-17 09:40:54,3869.4,49437
2021-05-17 09:40:56,3869.4,49514
2021-05-17 09:40:57,3868.4,49527
2021-05-17 09:40:58,3868.4,49527
2021-05-17 09:40:59,3869.4,49535
2021-05-17 09:41:00,3869.4,49539
2021-05-17 09:41:01,3869.4,49539
2021-05-17 09:41:02,3867.35,50303
2021-05-17 09:41:03,3865.0,50333
2021-05-17 09:41:04,3864.85,50336
2021-05-17 09:41:05,3867.05,50365
2021-05-17 09:41:06,3867.05,50366
2021-05-17 09:41:07,3867.05,50366
2021-05-17 09:41:08,3867.05,50366
2021-05-17 09:41:09,3867.05,50366
2021-05-17 09:41:10,3867.05,50366
2021-05-17 09:41:11,3868.65,50367
2021-05-17 09:41:12,3868.65,50367
2021-05-17 09:41:14,3868.65,50367
2021-05-17 09:41:15,3868.65,50367
2021-05-17 09:41:15,3868.65,50367
2021-05-17 09:41:16,3868.65,50367
2021-05-17 09:41:17,3868.65,50367
2021-05-17 09:41:19,3867.1,50370
2021-05-17 09:41:20,3867.1,50371
2021-05-17 09:41:20,3867.1,50371
2021-05-17 09:41:21,3867.1,50371
2021-05-17 09:41:22,3867.1,50371
2021-05-17 09:41:23,3867.1,50371
2021-05-17 09:41:24,3867.1,50371
2021-05-17 09:41:25,3867.1,50371
2021-05-17 09:41:27,3867.1,50414
2021-05-17 09:41:29,3868.65,50421
2021-05-17 09:41:30,3868.65,50421
2021-05-17 09:41:31,3868.65,50421
2021-05-17 09:41:31,3868.65,50421
2021-05-17 09:41:33,3868.65,50421
2021-05-17 09:41:34,3867.1,50486
2021-05-17 09:41:35,3867.1,50495
2021-05-17 09:41:36,3868.65,50546
2021-05-17 09:41:36,3868.65,50545
2021-05-17 09:41:38,3868.0,50586
2021-05-17 09:41:39,3869.95,51184
2021-05-17 09:41:40,3870.0,51199
2021-05-17 09:41:41,3870.0,51199
2021-05-17 09:41:42,3870.05,51211
2021-05-17 09:41:42,3870.05,51211
2021-05-17 09:41:44,3870.05,51211
2021-05-17 09:41:45,3870.05,51211
2021-05-17 09:41:46,3870.05,51211
2021-05-17 09:41:48,3870.05,51295
2021-05-17 09:41:48,3870.05,51295
2021-05-17 09:41:50,3870.45,51337
2021-05-17 09:41:51,3871.05,51372
2021-05-17 09:41:52,3871.7,51412
2021-05-17 09:41:53,3871.7,51412
2021-05-17 09:41:53,3871.7,51412
2021-05-17 09:41:54,3871.7,51412
2021-05-17 09:41:56,3871.7,51412
2021-05-17 09:41:57,3871.65,51415
2021-05-17 09:41:58,3871.65,51415
2021-05-17 09:41:59,3871.65,51415
2021-05-17 09:41:59,3871.65,51415
2021-05-17 09:42:01,3872.75,51428
2021-05-17 09:42:02,3872.75,51431
2021-05-17 09:42:03,3874.0,51466
2021-05-17 09:42:04,3873.0,51468
2021-05-17 09:42:04,3873.0,51468
2021-05-17 09:42:06,3873.0,51510
2021-05-17 09:42:07,3873.0,51515
2021-05-17 09:42:08,3873.0,51515
2021-05-17 09:42:09,3873.0,51538
2021-05-17 09:42:09,3873.0,51538
2021-05-17 09:42:12,3873.0,51581
2021-05-17 09:42:13,3873.0,51592
2021-05-17 09:42:14,3871.65,51667
2021-05-17 09:42:16,3871.65,51705
2021-05-17 09:42:17,3871.65,51705
2021-05-17 09:42:18,3871.65,51705
2021-05-17 09:42:19,3871.65,51705
2021-05-17 09:42:20,3872.7,51725
2021-05-17 09:42:21,3871.65,51763
2021-05-17 09:42:22,3871.65,51763
2021-05-17 09:42:23,3870.0,51786
2021-05-17 09:42:24,3871.2,51852
2021-05-17 09:42:25,3871.65,51882
2021-05-17 09:42:26,3871.65,51882
2021-05-17 09:42:26,3871.65,51882
2021-05-17 09:42:28,3871.65,51882
2021-05-17 09:42:29,3869.25,51997
2021-05-17 09:42:30,3869.2,52027
2021-05-17 09:42:31,3869.2,52027
2021-05-17 09:42:31,3869.2,52027
2021-05-17 09:42:32,3869.2,52027
2021-05-17 09:42:34,3871.0,52028
2021-05-17 09:42:35,3871.4,52051
2021-05-17 09:42:36,3871.4,52051
2021-05-17 09:42:37,3871.4,52051
2021-05-17 09:42:38,3871.0,52052
2021-05-17 09:42:39,3871.0,52052
2021-05-17 09:42:39,3871.0,52052
2021-05-17 09:42:41,3871.0,52052
2021-05-17 09:42:42,3871.0,52052
2021-05-17 09:42:43,3871.0,52052
2021-05-17 09:42:44,3869.35,52130
2021-05-17 09:42:44,3869.35,52130
2021-05-17 09:42:46,3870.55,52180
2021-05-17 09:42:47,3870.55,52180
2021-05-17 09:42:48,3870.55,52180
2021-05-17 09:42:49,3870.55,52180
2021-05-17 09:42:50,3870.55,52180
2021-05-17 09:42:50,3870.55,52180
2021-05-17 09:42:52,3870.55,52180
2021-05-17 09:42:53,3869.2,52183
2021-05-17 09:42:54,3869.2,52183
2021-05-17 09:42:55,3869.2,52183
2021-05-17 09:42:56,3869.2,52183
2021-05-17 09:42:57,3869.2,52183
2021-05-17 09:42:58,3869.2,52183
2021-05-17 09:42:59,3869.2,52183
2021-05-17 09:43:00,3869.2,52183
2021-05-17 09:43:01,3869.2,52183
2021-05-17 09:43:02,3869.2,52183
2021-05-17 09:43:03,3869.2,52183
2021-05-17 09:43:05,3869.2,52183
2021-05-17 09:43:08,3868.0,52324
2021-05-17 09:43:08,3868.0,52324
2021-05-17 09:43:10,3868.0,52324
2021-05-17 09:43:11,3868.0,52324
2021-05-17 09:43:13,3869.75,52340
2021-05-17 09:43:13,3868.4,52377
2021-05-17 09:43:14,3868.4,52377
2021-05-17 09:43:16,3868.4,52377
2021-05-17 09:43:17,3868.95,52402
2021-05-17 09:43:18,3868.95,52402
2021-05-17 09:43:19,3868.95,52402
2021-05-17 09:43:20,3868.95,52402
2021-05-17 09:43:21,3868.95,52402
2021-05-17 09:43:21,3868.95,52402
2021-05-17 09:43:23,3868.95,52402
2021-05-17 09:43:24,3868.95,52432
2021-05-17 09:43:25,3868.9,52443
2021-05-17 09:43:26,3868.9,52444
2021-05-17 09:43:27,3868.9,52444
2021-05-17 09:43:28,3868.45,52473
2021-05-17 09:43:29,3868.1,52805
2021-05-17 09:43:30,3868.3,52851
2021-05-17 09:43:31,3868.0,52854
2021-05-17 09:43:32,3868.0,52854
2021-05-17 09:43:33,3868.0,52854
2021-05-17 09:43:34,3868.0,52854
2021-05-17 09:43:35,3868.0,52854
2021-05-17 09:43:36,3868.0,52854
2021-05-17 09:43:38,3868.15,52875
2021-05-17 09:43:40,3868.15,52875
2021-05-17 09:43:41,3868.3,52897
2021-05-17 09:43:42,3868.3,52897
2021-05-17 09:43:43,3874.2,55865
2021-05-17 09:43:45,3874.2,55865
2021-05-17 09:43:46,3874.2,55865
2021-05-17 09:43:47,3873.7,55878
2021-05-17 09:43:48,3873.7,55878
2021-05-17 09:43:49,3873.7,55878
2021-05-17 09:43:50,3873.7,55878
2021-05-17 09:43:51,3874.2,55898
2021-05-17 09:43:52,3874.1,55911
2021-05-17 09:43:53,3873.7,56130
2021-05-17 09:43:54,3874.1,56159
2021-05-17 09:43:55,3874.6,56361
2021-05-17 09:43:56,3874.6,56361
2021-05-17 09:43:57,3874.6,56361
2021-05-17 09:43:58,3874.6,56366
2021-05-17 09:43:59,3874.6,56366
2021-05-17 09:44:00,3873.35,56370
2021-05-17 09:44:01,3873.35,56370
2021-05-17 09:44:02,3873.4,56382
2021-05-17 09:44:03,3873.4,56461
2021-05-17 09:44:04,3873.7,56617
2021-05-17 09:44:05,3873.7,56617
2021-05-17 09:44:06,3873.7,56617
2021-05-17 09:44:07,3873.25,56647
2021-05-17 09:44:08,3874.7,56648
2021-05-17 09:44:09,3873.2,56651
2021-05-17 09:44:10,3873.2,56661
2021-05-17 09:44:11,3873.2,56661
2021-05-17 09:44:12,3873.2,56661
2021-05-17 09:44:13,3873.2,56676
2021-05-17 09:44:14,3873.2,56676
2021-05-17 09:44:15,3873.2,56676
2021-05-17 09:44:17,3873.2,56676
2021-05-17 09:44:16,3873.2,56676
2021-05-17 09:44:18,3872.7,56744
2021-05-17 09:44:19,3872.7,56744
2021-05-17 09:44:20,3873.2,56749
2021-05-17 09:44:21,3873.2,56749
2021-05-17 09:44:23,3873.15,56770
2021-05-17 09:44:24,3873.15,56770
2021-05-17 09:44:25,3873.15,56770
2021-05-17 09:44:26,3873.15,56770
2021-05-17 09:44:27,3873.15,56770
2021-05-17 09:44:29,3871.75,56773
2021-05-17 09:44:30,3871.75,56773
2021-05-17 09:44:31,3871.75,56773
2021-05-17 09:44:32,3871.75,56773
2021-05-17 09:44:33,3871.75,56773
2021-05-17 09:44:34,3873.0,56774
2021-05-17 09:44:35,3873.0,56774
2021-05-17 09:44:36,3873.0,56774
2021-05-17 09:44:38,3873.0,56774
2021-05-17 09:44:39,3873.0,56774
2021-05-17 09:44:40,3872.95,56791
2021-05-17 09:44:41,3872.95,56791
2021-05-17 09:44:42,3871.85,56891
2021-05-17 09:44:43,3871.75,56901
2021-05-17 09:44:44,3871.75,56901
2021-05-17 09:44:45,3871.75,56901
2021-05-17 09:44:46,3871.4,56902
2021-05-17 09:44:47,3870.0,56905
2021-05-17 09:44:48,3870.0,56905
2021-05-17 09:44:49,3870.0,56905
2021-05-17 09:44:50,3870.0,56905
2021-05-17 09:44:51,3870.0,56905
2021-05-17 09:44:52,3870.0,56905
2021-05-17 09:44:53,3870.0,56905
2021-05-17 09:44:54,3869.4,56906
2021-05-17 09:44:55,3869.4,56906
2021-05-17 09:44:56,3869.4,56906
2021-05-17 09:44:57,3869.4,56906
2021-05-17 09:44:58,3869.4,56906
2021-05-17 09:44:59,3869.35,57018
2021-05-17 09:45:00,3869.35,57018
2021-05-17 09:45:01,3869.35,57018
2021-05-17 09:45:02,3869.35,57018
2021-05-17 09:45:03,3869.2,57045
2021-05-17 09:45:04,3869.2,57045
2021-05-17 09:45:05,3870.0,57047
2021-05-17 09:45:06,3870.0,57047
2021-05-17 09:45:07,3870.0,57054
2021-05-17 09:45:09,3868.55,57059
2021-05-17 09:45:11,3868.55,57059
2021-05-17 09:45:12,3868.55,57059
2021-05-17 09:45:13,3870.0,57081
2021-05-17 09:45:14,3870.0,57109
2021-05-17 09:45:15,3870.0,57109
2021-05-17 09:45:17,3870.0,57109
2021-05-17 09:45:16,3870.0,57109
2021-05-17 09:45:18,3869.0,57113
2021-05-17 09:45:19,3869.0,57118
2021-05-17 09:45:20,3869.0,57118
2021-05-17 09:45:21,3870.0,57120
2021-05-17 09:45:23,3870.0,57125
2021-05-17 09:45:22,3870.0,57125
2021-05-17 09:45:24,3869.0,57178
2021-05-17 09:45:25,3869.0,57181
2021-05-17 09:45:26,3869.0,57181
2021-05-17 09:45:27,3869.95,57182
2021-05-17 09:45:28,3869.95,57182
2021-05-17 09:45:29,3869.95,57182
2021-05-17 09:45:30,3869.95,57182
2021-05-17 09:45:31,3868.4,57217
2021-05-17 09:45:32,3868.4,57217
2021-05-17 09:45:33,3868.4,57221
2021-05-17 09:45:36,3868.4,57221
2021-05-17 09:45:36,3868.4,57221
2021-05-17 09:45:37,3869.65,57247
2021-05-17 09:45:38,3869.65,57247
2021-05-17 09:45:39,3873.25,58608
2021-05-17 09:45:41,3873.1,58640
2021-05-17 09:45:41,3873.25,58744
2021-05-17 09:45:42,3873.25,58763
2021-05-17 09:45:43,3873.25,58763
2021-05-17 09:45:44,3873.25,58766
2021-05-17 09:45:45,3873.25,58788
2021-05-17 09:45:46,3873.25,58815
2021-05-17 09:45:48,3874.8,59067
2021-05-17 09:45:48,3874.8,59067
2021-05-17 09:45:49,3874.8,59067
2021-05-17 09:45:50,3874.8,59067
2021-05-17 09:45:51,3874.8,59067
2021-05-17 09:45:52,3874.8,59067
2021-05-17 09:45:54,3873.25,59071
2021-05-17 09:45:55,3875.65,59592
2021-05-17 09:45:55,3875.65,59592
2021-05-17 09:45:56,3877.85,59657
2021-05-17 09:45:57,3877.85,59667
2021-05-17 09:45:58,3877.55,59668
2021-05-17 09:46:00,3875.7,59680
2021-05-17 09:46:00,3875.7,59680
2021-05-17 09:46:01,3877.55,59681
2021-05-17 09:46:03,3875.9,59823
2021-05-17 09:46:05,3875.9,59825
2021-05-17 09:46:05,3875.9,59825
2021-05-17 09:46:06,3875.9,59825
2021-05-17 09:46:07,3875.9,59825
2021-05-17 09:46:08,3875.9,59826
2021-05-17 09:46:09,3875.9,59826
2021-05-17 09:46:11,3875.9,59838
2021-05-17 09:46:12,3875.75,59918
2021-05-17 09:46:12,3875.75,59918
2021-05-17 09:46:13,3875.75,59918
2021-05-17 09:46:14,3875.75,59918
2021-05-17 09:46:17,3875.75,59918
2021-05-17 09:46:17,3875.75,59918
2021-05-17 09:46:18,3875.75,59918
2021-05-17 09:46:19,3874.8,60072
2021-05-17 09:46:20,3874.8,60072
2021-05-17 09:46:22,3874.8,60072
2021-05-17 09:46:22,3874.8,60072
2021-05-17 09:46:23,3875.6,60076
2021-05-17 09:46:24,3875.6,60076
2021-05-17 09:46:26,3872.0,60254
2021-05-17 09:46:27,3872.0,60254
2021-05-17 09:46:28,3872.0,60254
2021-05-17 09:46:29,3872.0,60254
2021-05-17 09:46:30,3872.0,60254
2021-05-17 09:46:31,3873.95,60280
2021-05-17 09:46:32,3873.95,60280
2021-05-17 09:46:33,3873.95,60280
2021-05-17 09:46:34,3872.0,60302
2021-05-17 09:46:35,3870.8,60376
2021-05-17 09:46:36,3870.8,60376
2021-05-17 09:46:37,3869.45,61349
2021-05-17 09:46:38,3869.0,61401
2021-05-17 09:46:39,3869.2,61715
2021-05-17 09:46:40,3871.05,61794
2021-05-17 09:46:42,3871.05,61820
2021-05-17 09:46:45,3871.05,61824
2021-05-17 09:46:45,3871.05,61824
2021-05-17 09:46:46,3871.05,61824
2021-05-17 09:46:47,3871.05,61824
2021-05-17 09:46:48,3871.05,61824
2021-05-17 09:46:49,3871.05,61824
2021-05-17 09:46:50,3871.05,61824
2021-05-17 09:46:51,3871.05,61824
2021-05-17 09:46:53,3871.05,61830
2021-05-17 09:46:54,3871.05,61830
2021-05-17 09:46:55,3871.05,61830
2021-05-17 09:46:57,3871.05,61830
2021-05-17 09:46:57,3871.05,61830
2021-05-17 09:46:58,3871.05,61830
2021-05-17 09:46:59,3871.0,61835
2021-05-17 09:47:00,3871.0,61858
2021-05-17 09:47:01,3871.05,62034
2021-05-17 09:47:02,3871.05,62046
2021-05-17 09:47:03,3871.05,62046
2021-05-17 09:47:04,3871.05,62046
2021-05-17 09:47:05,3871.05,62046
2021-05-17 09:47:06,3871.05,62046
2021-05-17 09:47:07,3871.05,62046
2021-05-17 09:47:08,3871.05,62046
2021-05-17 09:47:09,3868.4,62167
2021-05-17 09:47:10,3870.45,62198
2021-05-17 09:47:11,3870.0,62201
2021-05-17 09:47:12,3868.4,62202
2021-05-17 09:47:14,3870.7,62302
2021-05-17 09:47:15,3870.25,62382
2021-05-17 09:47:16,3868.4,62393
2021-05-17 09:47:17,3868.4,62402
2021-05-17 09:47:18,3870.25,62429
2021-05-17 09:47:18,3870.25,62429
2021-05-17 09:47:19,3870.25,62453
2021-05-17 09:47:20,3870.25,62453
2021-05-17 09:47:21,3870.25,62453
2021-05-17 09:47:22,3870.25,62453
2021-05-17 09:47:23,3870.25,62453
2021-05-17 09:47:25,3870.25,62453
2021-05-17 09:47:25,3870.25,62453
2021-05-17 09:47:26,3870.25,62453
2021-05-17 09:47:27,3870.25,62453
2021-05-17 09:47:28,3870.25,62453
2021-05-17 09:47:29,3870.25,62463
2021-05-17 09:47:30,3868.5,62492
2021-05-17 09:47:33,3868.5,62492
2021-05-17 09:47:35,3868.5,62492
2021-05-17 09:47:40,3869.6,62517
2021-05-17 09:47:42,3868.3,62541
2021-05-17 09:47:43,3868.3,62541
2021-05-17 09:47:44,3868.95,62548
2021-05-17 09:47:45,3868.95,62552
2021-05-17 09:47:46,3868.95,62557
2021-05-17 09:47:47,3868.9,62561
2021-05-17 09:47:48,3868.9,62568
2021-05-17 09:47:49,3868.9,62572
2021-05-17 09:47:49,3868.95,62582
2021-05-17 09:47:50,3869.35,62832
2021-05-17 09:47:51,3869.35,62832
2021-05-17 09:47:52,3869.35,62832
2021-05-17 09:47:53,3868.4,62842
2021-05-17 09:47:54,3868.4,62842
2021-05-17 09:47:55,3868.4,62842
2021-05-17 09:47:56,3869.3,62980
2021-05-17 09:47:58,3869.35,63024
2021-05-17 09:47:59,3869.35,63025
2021-05-17 09:48:00,3869.35,63025
2021-05-17 09:48:01,3869.35,63025
2021-05-17 09:48:02,3868.3,63363
2021-05-17 09:48:04,3868.3,63363
2021-05-17 09:48:05,3870.2,63488
2021-05-17 09:48:07,3870.2,63488
2021-05-17 09:48:08,3868.6,63503
2021-05-17 09:48:09,3868.6,63503
2021-05-17 09:48:09,3868.6,63503
2021-05-17 09:48:10,3868.6,63503
2021-05-17 09:48:11,3868.6,63503
2021-05-17 09:48:12,3868.6,63503
2021-05-17 09:48:13,3870.1,63513
2021-05-17 09:48:14,3870.25,63523
2021-05-17 09:48:15,3870.25,63523
2021-05-17 09:48:16,3869.35,63524
2021-05-17 09:48:17,3869.35,63524
2021-05-17 09:48:18,3869.35,63524
2021-05-17 09:48:19,3868.45,63842
2021-05-17 09:48:20,3868.45,63842
2021-05-17 09:48:21,3868.45,63843
2021-05-17 09:48:22,3868.45,63843
2021-05-17 09:48:24,3868.45,63844
2021-05-17 09:48:24,3868.45,63844
2021-05-17 09:48:25,3868.45,63844
2021-05-17 09:48:27,3865.1,64285
2021-05-17 09:48:28,3866.55,64504
2021-05-17 09:48:29,3865.0,64541
2021-05-17 09:48:30,3866.35,64543
2021-05-17 09:48:31,3866.35,64543
2021-05-17 09:48:32,3866.35,64543
2021-05-17 09:48:33,3866.35,64543
2021-05-17 09:48:34,3866.35,64543
2021-05-17 09:48:35,3864.5,64559
2021-05-17 09:48:36,3861.4,64567
2021-05-17 09:48:38,3861.6,64572
2021-05-17 09:48:39,3862.0,64837
2021-05-17 09:48:39,3862.2,64844
2021-05-17 09:48:40,3861.4,64965
2021-05-17 09:48:41,3861.45,64984
2021-05-17 09:48:42,3861.5,64987
2021-05-17 09:48:43,3861.5,64987
2021-05-17 09:48:44,3861.5,64987
2021-05-17 09:48:46,3863.3,64992
2021-05-17 09:48:47,3862.05,65124
2021-05-17 09:48:48,3862.05,65124
2021-05-17 09:48:50,3862.0,65547
2021-05-17 09:48:49,3862.0,65547
2021-05-17 09:48:51,3863.0,65553
2021-05-17 09:48:52,3863.0,65553
2021-05-17 09:48:53,3862.0,65558
2021-05-17 09:48:54,3863.4,65632
2021-05-17 09:48:55,3863.0,65645
2021-05-17 09:48:55,3863.0,65645
2021-05-17 09:48:57,3863.0,65645
2021-05-17 09:48:57,3863.0,65645
2021-05-17 09:48:59,3863.0,65645
2021-05-17 09:49:01,3863.0,65645
2021-05-17 09:49:02,3863.0,65721
2021-05-17 09:49:03,3863.0,65724
2021-05-17 09:49:04,3863.0,65724
2021-05-17 09:49:05,3863.0,65724
2021-05-17 09:49:06,3863.0,65724
2021-05-17 09:49:08,3863.0,65725
2021-05-17 09:49:09,3863.0,65725
2021-05-17 09:49:10,3863.0,65725
2021-05-17 09:49:11,3863.0,65726
2021-05-17 09:49:12,3863.0,65726
2021-05-17 09:49:13,3863.0,65729
2021-05-17 09:49:14,3863.0,65729
2021-05-17 09:49:16,3863.4,65754
2021-05-17 09:49:17,3863.4,65755
2021-05-17 09:49:19,3863.4,65755
2021-05-17 09:49:20,3863.35,65756
2021-05-17 09:49:21,3863.35,65762
2021-05-17 09:49:21,3863.35,65762
2021-05-17 09:49:22,3863.35,65762
2021-05-17 09:49:23,3863.0,65891
2021-05-17 09:49:25,3863.0,65891
2021-05-17 09:49:26,3863.0,65891
2021-05-17 09:49:27,3863.0,65891
2021-05-17 09:49:29,3863.3,65896
2021-05-17 09:49:30,3863.3,65896
2021-05-17 09:49:31,3863.3,65896
2021-05-17 09:49:32,3863.0,65899
2021-05-17 09:49:34,3861.4,66366
2021-05-17 09:49:35,3861.4,66366
2021-05-17 09:49:36,3861.4,66366
2021-05-17 09:49:37,3861.4,66366
2021-05-17 09:49:38,3861.4,66366
2021-05-17 09:49:39,3861.4,66366
2021-05-17 09:49:39,3861.4,66366
2021-05-17 09:49:40,3862.5,66372
2021-05-17 09:49:41,3862.5,66377
2021-05-17 09:49:42,3862.5,66377
2021-05-17 09:49:44,3862.45,66382
2021-05-17 09:49:45,3862.45,66382
2021-05-17 09:49:45,3862.45,66382
2021-05-17 09:49:46,3862.0,66385
2021-05-17 09:49:47,3862.0,66476
2021-05-17 09:49:49,3862.0,66476
2021-05-17 09:49:50,3862.0,66476
2021-05-17 09:49:51,3862.0,66479
2021-05-17 09:49:51,3862.0,66479
2021-05-17 09:49:52,3862.0,66494
2021-05-17 09:49:53,3862.0,66495
2021-05-17 09:49:54,3862.25,66525
2021-05-17 09:49:55,3862.25,66525
2021-05-17 09:49:57,3860.4,66561
2021-05-17 09:49:58,3860.4,66561
2021-05-17 09:49:59,3861.15,66564
2021-05-17 09:50:01,3862.2,66579
2021-05-17 09:50:01,3862.2,66579
2021-05-17 09:50:02,3862.2,66579
2021-05-17 09:50:03,3862.2,66579
2021-05-17 09:50:04,3862.2,66579
2021-05-17 09:50:05,3860.15,66580
2021-05-17 09:50:07,3860.15,66580
2021-05-17 09:50:08,3860.15,66580
2021-05-17 09:50:09,3862.2,66583
2021-05-17 09:50:10,3860.65,66636
2021-05-17 09:50:10,3860.65,66636
2021-05-17 09:50:11,3860.65,66636
2021-05-17 09:50:12,3862.2,66647
2021-05-17 09:50:13,3862.2,66647
2021-05-17 09:50:14,3860.5,66677
2021-05-17 09:50:15,3860.5,66677
2021-05-17 09:50:16,3860.5,66677
2021-05-17 09:50:18,3860.5,66677
2021-05-17 09:50:19,3860.5,66709
2021-05-17 09:50:20,3860.5,66709
2021-05-17 09:50:21,3860.5,66709
2021-05-17 09:50:22,3860.15,66809
2021-05-17 09:50:22,3860.15,66809
2021-05-17 09:50:23,3860.15,66809
2021-05-17 09:50:24,3860.15,66809
2021-05-17 09:50:26,3860.15,66809
2021-05-17 09:50:27,3860.15,66809
2021-05-17 09:50:30,3860.15,66829
2021-05-17 09:50:31,3860.15,66829
2021-05-17 09:50:32,3860.15,66829
2021-05-17 09:50:33,3860.1,66878
2021-05-17 09:50:34,3860.1,66878
2021-05-17 09:50:34,3860.1,66878
2021-05-17 09:50:36,3860.85,66893
2021-05-17 09:50:38,3860.1,66894
2021-05-17 09:50:38,3860.85,66895
2021-05-17 09:50:40,3860.85,66895
2021-05-17 09:50:41,3860.85,66895
2021-05-17 09:50:42,3860.85,66895
2021-05-17 09:50:44,3860.85,66895
2021-05-17 09:50:46,3860.0,67098
2021-05-17 09:50:47,3860.3,67158
2021-05-17 09:50:48,3857.85,67175
2021-05-17 09:50:49,3857.85,67188
2021-05-17 09:50:49,3857.85,67188
2021-05-17 09:50:50,3857.85,67188
2021-05-17 09:50:51,3857.85,67188
2021-05-17 09:50:52,3857.85,67188
2021-05-17 09:50:53,3857.85,67188
2021-05-17 09:50:55,3857.85,67189
2021-05-17 09:50:56,3860.0,67199
2021-05-17 09:50:57,3857.1,67256
2021-05-17 09:50:58,3858.8,67275
2021-05-17 09:50:59,3858.8,67275
2021-05-17 09:51:00,3857.9,67769
2021-05-17 09:51:02,3857.9,67829
2021-05-17 09:51:02,3857.9,67829
2021-05-17 09:51:04,3857.9,67842
2021-05-17 09:51:05,3857.0,67845
2021-05-17 09:51:07,3856.2,67848
2021-05-17 09:51:07,3856.2,67848
2021-05-17 09:51:08,3856.2,67848
2021-05-17 09:51:10,3857.0,68126
2021-05-17 09:51:11,3857.0,68126
2021-05-17 09:51:12,3857.9,68201
2021-05-17 09:51:12,3857.9,68201
2021-05-17 09:51:14,3857.55,68202
2021-05-17 09:51:16,3857.55,68202
2021-05-17 09:51:17,3857.55,68202
2021-05-17 09:51:18,3857.55,68202
2021-05-17 09:51:19,3857.55,68202
2021-05-17 09:51:20,3860.0,68207
2021-05-17 09:51:21,3860.0,68209
2021-05-17 09:51:21,3860.0,68209
2021-05-17 09:51:22,3858.0,68217
2021-05-17 09:51:23,3860.65,68218
2021-05-17 09:51:25,3861.15,68271
2021-05-17 09:51:27,3860.65,68274
2021-05-17 09:51:28,3861.05,68276
2021-05-17 09:51:29,3858.05,68283
2021-05-17 09:51:30,3858.05,68283
2021-05-17 09:51:31,3860.45,68285
2021-05-17 09:51:32,3860.45,68285
2021-05-17 09:51:33,3860.45,68286
2021-05-17 09:51:34,3860.45,68286
2021-05-17 09:51:35,3860.4,68287
2021-05-17 09:51:36,3860.65,68288
2021-05-17 09:51:37,3860.65,68288
2021-05-17 09:51:38,3860.65,68291
2021-05-17 09:51:39,3861.3,68304
2021-05-17 09:51:40,3861.25,68305
2021-05-17 09:51:41,3861.25,68305
2021-05-17 09:51:42,3860.65,68306
2021-05-17 09:51:43,3860.65,68307
2021-05-17 09:51:44,3860.5,68308
2021-05-17 09:51:45,3859.05,68310
2021-05-17 09:51:46,3859.05,68310
2021-05-17 09:51:47,3859.05,68310
2021-05-17 09:51:48,3859.05,68310
2021-05-17 09:51:49,3859.05,68310
2021-05-17 09:51:50,3859.05,68310
2021-05-17 09:51:51,3859.05,68310
2021-05-17 09:51:52,3859.05,68310
2021-05-17 09:51:53,3859.05,68310
2021-05-17 09:51:54,3859.05,68310
2021-05-17 09:51:56,3860.0,68311
2021-05-17 09:51:57,3860.0,68311
2021-05-17 09:51:59,3860.0,68320
2021-05-17 09:52:00,3860.0,68320
2021-05-17 09:52:00,3860.0,68320
2021-05-17 09:52:02,3860.0,68321
2021-05-17 09:52:03,3860.0,68324
2021-05-17 09:52:04,3860.0,68324
2021-05-17 09:52:05,3860.0,68327
2021-05-17 09:52:06,3860.0,68327
2021-05-17 09:52:07,3860.0,68327
2021-05-17 09:52:08,3860.0,68327
2021-05-17 09:52:09,3860.8,68397
2021-05-17 09:52:10,3860.8,68397
2021-05-17 09:52:12,3861.6,68478
2021-05-17 09:52:13,3861.05,68479
2021-05-17 09:52:14,3862.0,68480
2021-05-17 09:52:15,3862.15,68481
2021-05-17 09:52:16,3862.7,68515
2021-05-17 09:52:17,3864.45,68717
2021-05-17 09:52:22,3867.6,68725
2021-05-17 09:52:23,3867.6,68725
2021-05-17 09:52:24,3865.05,68733
2021-05-17 09:52:25,3865.05,68733
2021-05-17 09:52:26,3867.45,68734
2021-05-17 09:52:27,3867.45,68734
2021-05-17 09:52:28,3867.6,68834
2021-05-17 09:52:29,3867.6,68834
2021-05-17 09:52:29,3867.6,68834
2021-05-17 09:52:30,3867.6,68834
2021-05-17 09:52:32,3867.5,68836
2021-05-17 09:52:33,3867.7,68837
2021-05-17 09:52:34,3867.65,68990
2021-05-17 09:52:35,3867.65,68990
2021-05-17 09:52:36,3867.0,68991
2021-05-17 09:52:37,3867.0,68992
2021-05-17 09:52:38,3867.0,68993
2021-05-17 09:52:39,3867.0,69118
2021-05-17 09:52:40,3868.0,69865
2021-05-17 09:52:41,3868.0,69865
2021-05-17 09:52:42,3868.0,69865
2021-05-17 09:52:43,3866.1,69868
2021-05-17 09:52:44,3866.1,69868
2021-05-17 09:52:45,3866.1,69869
2021-05-17 09:52:46,3866.1,69869
2021-05-17 09:52:47,3868.0,69872
2021-05-17 09:52:48,3867.9,69874
2021-05-17 09:52:49,3867.95,69899
2021-05-17 09:52:50,3867.95,69899
2021-05-17 09:52:51,3867.95,69899
2021-05-17 09:52:52,3867.95,69899
2021-05-17 09:52:53,3868.0,69924
2021-05-17 09:52:54,3868.0,69924
2021-05-17 09:52:55,3868.0,69924
2021-05-17 09:52:56,3868.0,69924
2021-05-17 09:52:57,3868.0,69924
2021-05-17 09:52:58,3868.0,69924
2021-05-17 09:52:59,3867.95,69934
2021-05-17 09:53:00,3867.95,69934
2021-05-17 09:53:01,3866.2,69937
2021-05-17 09:53:02,3866.2,69937
2021-05-17 09:53:03,3866.2,69937
2021-05-17 09:53:04,3866.2,69937
2021-05-17 09:53:05,3866.2,69937
2021-05-17 09:53:06,3866.2,69937
2021-05-17 09:53:07,3866.2,69948
2021-05-17 09:53:08,3866.2,69948
2021-05-17 09:53:09,3866.2,69948
2021-05-17 09:53:10,3866.2,69991
2021-05-17 09:53:11,3866.2,69991
2021-05-17 09:53:12,3866.1,70053
2021-05-17 09:53:13,3866.1,70053
2021-05-17 09:53:14,3867.8,70153
2021-05-17 09:53:15,3867.8,70153
2021-05-17 09:53:15,3867.8,70153
2021-05-17 09:53:18,3867.8,70153
2021-05-17 09:53:19,3867.8,70153
2021-05-17 09:53:20,3869.65,70492
2021-05-17 09:53:21,3869.65,70492
2021-05-17 09:53:22,3871.85,70493
2021-05-17 09:53:23,3871.85,70493
2021-05-17 09:53:24,3871.25,70510
2021-05-17 09:53:25,3871.25,70510
2021-05-17 09:53:26,3871.25,70510
2021-05-17 09:53:27,3871.6,70610
2021-05-17 09:53:28,3871.6,70610
2021-05-17 09:53:29,3871.6,70610
2021-05-17 09:53:30,3871.6,70610
2021-05-17 09:53:31,3871.25,70623
2021-05-17 09:53:32,3871.25,70623
2021-05-17 09:53:33,3871.25,70662
2021-05-17 09:53:34,3871.25,70662
2021-05-17 09:53:35,3871.25,70662
2021-05-17 09:53:36,3871.25,70662
2021-05-17 09:53:37,3871.25,70662
2021-05-17 09:53:38,3871.25,70662
2021-05-17 09:53:39,3869.8,70665
2021-05-17 09:53:40,3869.8,70665
2021-05-17 09:53:41,3869.8,70665
2021-05-17 09:53:42,3869.8,70665
2021-05-17 09:53:43,3869.8,70665
2021-05-17 09:53:44,3869.8,70665
2021-05-17 09:53:45,3869.8,70666
2021-05-17 09:53:46,3869.8,70666
2021-05-17 09:53:47,3869.8,70666
2021-05-17 09:53:48,3869.8,70666
2021-05-17 09:53:49,3869.8,70666
2021-05-17 09:53:49,3869.8,70666
2021-05-17 09:53:51,3869.8,70666
2021-05-17 09:53:52,3869.8,70671
2021-05-17 09:53:53,3869.8,70671
2021-05-17 09:53:54,3869.8,70671
2021-05-17 09:53:55,3869.8,70671
2021-05-17 09:53:57,3871.0,70677
2021-05-17 09:53:58,3869.8,70678
2021-05-17 09:53:58,3869.8,70678
2021-05-17 09:53:59,3869.8,70678
2021-05-17 09:54:00,3869.8,70678
2021-05-17 09:54:02,3869.8,70678
2021-05-17 09:54:03,3869.8,70678
2021-05-17 09:54:05,3869.8,70678
2021-05-17 09:54:07,3869.8,70678
2021-05-17 09:54:08,3869.8,70678
2021-05-17 09:54:09,3869.8,70678
2021-05-17 09:54:11,3869.8,70678
2021-05-17 09:54:12,3869.8,70678
2021-05-17 09:54:13,3869.8,70678
2021-05-17 09:54:14,3869.8,70678
2021-05-17 09:54:15,3869.8,70678
2021-05-17 09:54:16,3869.8,70678
2021-05-17 09:54:17,3869.8,70678
2021-05-17 09:54:18,3869.8,70678
2021-05-17 09:54:20,3869.8,70678
2021-05-17 09:54:19,3869.8,70678
2021-05-17 09:54:21,3870.1,70688
2021-05-17 09:54:22,3870.1,70688
2021-05-17 09:54:23,3870.1,70688
2021-05-17 09:54:24,3870.1,70689
2021-05-17 09:54:25,3870.95,70691
2021-05-17 09:54:27,3870.15,70702
2021-05-17 09:54:26,3870.15,70702
2021-05-17 09:54:29,3870.0,70738
2021-05-17 09:54:30,3870.95,70739
2021-05-17 09:54:31,3870.95,70739
2021-05-17 09:54:32,3870.95,70739
2021-05-17 09:54:33,3870.1,70744
2021-05-17 09:54:34,3870.1,70744
2021-05-17 09:54:35,3870.0,70774
2021-05-17 09:54:36,3870.0,70774
2021-05-17 09:54:37,3870.0,70778
2021-05-17 09:54:38,3870.0,70778
2021-05-17 09:54:39,3870.0,70778
2021-05-17 09:54:40,3870.0,70778
2021-05-17 09:54:41,3870.0,70778
2021-05-17 09:54:42,3870.0,70778
2021-05-17 09:54:43,3870.0,70778
2021-05-17 09:54:44,3870.0,71067
2021-05-17 09:54:45,3870.0,71067
2021-05-17 09:54:46,3870.0,71067
2021-05-17 09:54:47,3870.0,71067
2021-05-17 09:54:48,3868.6,71101
2021-05-17 09:54:50,3870.0,71106
2021-05-17 09:54:49,3870.0,71106
2021-05-17 09:54:51,3870.0,71106
2021-05-17 09:54:52,3869.95,71107
2021-05-17 09:54:53,3869.95,71107
2021-05-17 09:54:54,3869.95,71107
2021-05-17 09:54:55,3869.0,71109
2021-05-17 09:54:56,3869.0,71109
2021-05-17 09:54:57,3869.0,71109
2021-05-17 09:54:58,3868.1,71126
2021-05-17 09:54:59,3868.1,71126
2021-05-17 09:55:00,3868.1,71126
2021-05-17 09:55:01,3868.1,71126
2021-05-17 09:55:02,3868.7,71172
2021-05-17 09:55:03,3869.1,71194
2021-05-17 09:55:05,3868.2,71239
2021-05-17 09:55:06,3868.2,71239
2021-05-17 09:55:07,3868.2,71239
2021-05-17 09:55:08,3868.2,71240
2021-05-17 09:55:09,3868.2,71250
2021-05-17 09:55:11,3868.2,71284
2021-05-17 09:55:14,3871.0,71709
2021-05-17 09:55:15,3871.0,71709
2021-05-17 09:55:16,3871.0,71709
2021-05-17 09:55:17,3871.0,71709
2021-05-17 09:55:18,3871.0,71709
2021-05-17 09:55:19,3873.0,71959
2021-05-17 09:55:21,3872.7,72026
2021-05-17 09:55:22,3870.55,72036
2021-05-17 09:55:23,3870.55,72036
2021-05-17 09:55:24,3870.55,72036
2021-05-17 09:55:25,3870.55,72036
2021-05-17 09:55:26,3870.55,72036
2021-05-17 09:55:27,3870.55,72036
2021-05-17 09:55:28,3870.55,72036
2021-05-17 09:55:29,3870.55,72036
2021-05-17 09:55:30,3870.55,72037
2021-05-17 09:55:31,3870.55,72037
2021-05-17 09:55:32,3870.55,72037
2021-05-17 09:55:33,3870.55,72040
2021-05-17 09:55:34,3870.55,72040
2021-05-17 09:55:35,3870.55,72040
2021-05-17 09:55:36,3870.55,72040
2021-05-17 09:55:37,3870.55,72040
2021-05-17 09:55:38,3870.55,72040
2021-05-17 09:55:39,3870.5,72042
2021-05-17 09:55:40,3870.5,72042
2021-05-17 09:55:41,3870.5,72042
2021-05-17 09:55:42,3871.0,72052
2021-05-17 09:55:43,3871.0,72052
2021-05-17 09:55:44,3871.0,72052
2021-05-17 09:55:45,3871.0,72052
2021-05-17 09:55:46,3871.4,72354
2021-05-17 09:55:48,3875.0,72704
2021-05-17 09:55:49,3875.0,72704
2021-05-17 09:55:50,3875.0,72704
2021-05-17 09:55:51,3875.0,72704
2021-05-17 09:55:52,3872.7,72708
2021-05-17 09:55:53,3872.7,72708
2021-05-17 09:55:54,3872.7,72708
2021-05-17 09:55:55,3872.7,72708
2021-05-17 09:55:56,3872.7,72708
2021-05-17 09:55:57,3872.7,72708
2021-05-17 09:55:58,3872.7,72708
2021-05-17 09:55:59,3872.7,72708
2021-05-17 09:56:00,3872.7,72708
2021-05-17 09:56:01,3872.7,72709
2021-05-17 09:56:02,3872.7,72709
2021-05-17 09:56:03,3873.0,72717
2021-05-17 09:56:05,3873.0,72721
2021-05-17 09:56:06,3873.0,72721
2021-05-17 09:56:07,3873.0,72746
2021-05-17 09:56:08,3873.0,72746
2021-05-17 09:56:09,3873.0,72746
2021-05-17 09:56:11,3873.4,72812
2021-05-17 09:56:12,3872.9,72819
2021-05-17 09:56:12,3872.9,72819
2021-05-17 09:56:13,3872.8,72820
2021-05-17 09:56:14,3872.8,72820
2021-05-17 09:56:16,3872.8,72820
2021-05-17 09:56:16,3872.8,72820
2021-05-17 09:56:17,3872.8,72820
2021-05-17 09:56:19,3872.8,72820
2021-05-17 09:56:20,3872.8,72820
2021-05-17 09:56:22,3872.8,72820
2021-05-17 09:56:25,3872.8,72820
2021-05-17 09:56:26,3872.8,72820
2021-05-17 09:56:27,3872.8,72820
2021-05-17 09:56:29,3873.1,72830
2021-05-17 09:56:28,3873.1,72830
2021-05-17 09:56:30,3873.2,72833
2021-05-17 09:56:31,3873.2,72833
2021-05-17 09:56:32,3873.25,72843
2021-05-17 09:56:33,3873.25,72843
2021-05-17 09:56:34,3872.4,73075
2021-05-17 09:56:36,3872.4,73075
2021-05-17 09:56:37,3872.4,73075
2021-05-17 09:56:38,3872.4,73075
2021-05-17 09:56:39,3872.4,73075
2021-05-17 09:56:39,3872.4,73075
2021-05-17 09:56:40,3872.4,73075
2021-05-17 09:56:41,3872.4,73075
2021-05-17 09:56:43,3872.4,73075
2021-05-17 09:56:43,3873.95,73090
2021-05-17 09:56:45,3873.95,73090
2021-05-17 09:56:45,3873.95,73090
2021-05-17 09:56:46,3873.95,73090
2021-05-17 09:56:48,3873.95,73090
2021-05-17 09:56:49,3873.95,73090
2021-05-17 09:56:50,3873.25,73096
2021-05-17 09:56:51,3873.25,73096
2021-05-17 09:56:52,3873.25,73096
2021-05-17 09:56:53,3873.25,73104
2021-05-17 09:56:54,3873.25,73104
2021-05-17 09:56:55,3873.8,73124
2021-05-17 09:56:56,3873.8,73124
2021-05-17 09:56:57,3873.8,73124
2021-05-17 09:56:58,3873.8,73124
2021-05-17 09:57:00,3873.8,73124
2021-05-17 09:57:01,3873.8,73124
2021-05-17 09:57:02,3873.8,73125
2021-05-17 09:57:03,3873.8,73125
2021-05-17 09:57:03,3873.8,73125
2021-05-17 09:57:04,3873.25,73135
2021-05-17 09:57:05,3873.25,73135
2021-05-17 09:57:06,3873.25,73135
2021-05-17 09:57:08,3873.25,73137
2021-05-17 09:57:08,3873.25,73135
2021-05-17 09:57:09,3873.25,73137
2021-05-17 09:57:10,3873.25,73137
2021-05-17 09:57:11,3873.25,73137
2021-05-17 09:57:12,3873.25,73137
2021-05-17 09:57:13,3873.25,73137
2021-05-17 09:57:14,3873.25,73137
2021-05-17 09:57:15,3873.25,73137
2021-05-17 09:57:17,3873.25,73137
2021-05-17 09:57:19,3873.25,73137
2021-05-17 09:57:20,3873.25,73137
2021-05-17 09:57:21,3873.25,73137
2021-05-17 09:57:22,3873.25,73137
2021-05-17 09:57:23,3873.25,73137
2021-05-17 09:57:24,3873.25,73137
2021-05-17 09:57:25,3873.5,73166
2021-05-17 09:57:26,3873.5,73166
2021-05-17 09:57:27,3873.25,73175
2021-05-17 09:57:28,3873.25,73175
2021-05-17 09:57:29,3873.75,73195
2021-05-17 09:57:30,3872.15,73198
2021-05-17 09:57:31,3872.15,73198
2021-05-17 09:57:32,3872.1,73202
2021-05-17 09:57:34,3872.1,73202
2021-05-17 09:57:34,3872.1,73202
2021-05-17 09:57:35,3873.5,73203
2021-05-17 09:57:36,3873.5,73204
2021-05-17 09:57:37,3873.5,73204
2021-05-17 09:57:38,3873.5,73204
2021-05-17 09:57:39,3873.5,73254
2021-05-17 09:57:40,3873.15,73257
2021-05-17 09:57:41,3873.15,73258
2021-05-17 09:57:42,3873.15,73258
2021-05-17 09:57:43,3873.15,73258
2021-05-17 09:57:44,3873.15,73258
2021-05-17 09:57:45,3873.15,73258
2021-05-17 09:57:46,3872.2,73262
2021-05-17 09:57:47,3872.2,73262
2021-05-17 09:57:48,3872.2,73262
2021-05-17 09:57:49,3872.2,73262
2021-05-17 09:57:50,3872.2,73262
2021-05-17 09:57:51,3872.2,73262
2021-05-17 09:57:53,3872.2,73263
2021-05-17 09:57:54,3873.4,73310
2021-05-17 09:57:56,3873.4,73310
2021-05-17 09:57:57,3873.4,73323
2021-05-17 09:57:57,3873.4,73323
2021-05-17 09:57:59,3873.4,73323
2021-05-17 09:58:00,3873.4,73323
2021-05-17 09:58:02,3873.5,73324
2021-05-17 09:58:03,3873.5,73324
2021-05-17 09:58:04,3872.2,73330
2021-05-17 09:58:04,3872.2,73330
2021-05-17 09:58:05,3872.2,73333
2021-05-17 09:58:07,3873.55,73348
2021-05-17 09:58:08,3873.55,73348
2021-05-17 09:58:09,3873.55,73348
2021-05-17 09:58:10,3873.55,73348
2021-05-17 09:58:11,3873.55,73348
2021-05-17 09:58:12,3873.55,73348
2021-05-17 09:58:13,3873.55,73348
2021-05-17 09:58:14,3873.55,73348
2021-05-17 09:58:16,3873.55,73348
2021-05-17 09:58:18,3869.3,73632
2021-05-17 09:58:20,3869.45,73654
2021-05-17 09:58:20,3869.45,73654
2021-05-17 09:58:21,3869.4,73664
2021-05-17 09:58:22,3869.4,73674
2021-05-17 09:58:23,3869.4,73674
2021-05-17 09:58:24,3869.4,73711
2021-05-17 09:58:25,3869.4,73711
2021-05-17 09:58:27,3869.4,73711
2021-05-17 09:58:28,3869.4,73711
2021-05-17 09:58:29,3869.4,73711
2021-05-17 09:58:30,3869.4,73711
2021-05-17 09:58:31,3869.0,73742
2021-05-17 09:58:31,3869.0,73742
2021-05-17 09:58:32,3869.0,73742
2021-05-17 09:58:33,3869.0,73742
2021-05-17 09:58:34,3867.1,73804
2021-05-17 09:58:35,3867.1,73819
2021-05-17 09:58:36,3867.1,73824
2021-05-17 09:58:37,3867.1,73824
2021-05-17 09:58:38,3867.1,73824
2021-05-17 09:58:39,3867.1,73824
2021-05-17 09:58:40,3867.1,73824
2021-05-17 09:58:41,3867.1,73845
2021-05-17 09:58:42,3867.1,73845
2021-05-17 09:58:43,3867.1,73848
2021-05-17 09:58:44,3867.1,73848
2021-05-17 09:58:47,3867.1,73855
2021-05-17 09:58:48,3867.1,73893
2021-05-17 09:58:50,3867.1,73893
2021-05-17 09:58:51,3867.1,73893
2021-05-17 09:58:52,3867.1,73893
2021-05-17 09:58:53,3867.1,73913
2021-05-17 09:58:54,3867.1,73913
2021-05-17 09:58:55,3867.1,73913
2021-05-17 09:58:55,3867.1,73913
2021-05-17 09:58:56,3867.1,73913
2021-05-17 09:58:57,3867.1,73913
2021-05-17 09:58:58,3867.1,73913
2021-05-17 09:58:59,3867.1,73913
2021-05-17 09:59:00,3865.95,73983
2021-05-17 09:59:01,3865.95,73983
2021-05-17 09:59:02,3865.65,73986
2021-05-17 09:59:03,3865.65,73986
2021-05-17 09:59:04,3865.65,73986
2021-05-17 09:59:05,3865.65,73986
2021-05-17 09:59:06,3865.65,73986
2021-05-17 09:59:07,3865.65,73986
2021-05-17 09:59:08,3865.65,73986
2021-05-17 09:59:09,3865.65,73986
2021-05-17 09:59:10,3865.65,73986
2021-05-17 09:59:12,3865.65,73986
2021-05-17 09:59:13,3865.65,73986
2021-05-17 09:59:13,3865.65,73986
2021-05-17 09:59:14,3865.65,73986
2021-05-17 09:59:15,3865.65,73986
2021-05-17 09:59:16,3868.05,74086
2021-05-17 09:59:17,3868.35,74087
2021-05-17 09:59:18,3868.35,74087
2021-05-17 09:59:19,3868.35,74087
2021-05-17 09:59:20,3868.35,74087
2021-05-17 09:59:21,3867.1,74090
2021-05-17 09:59:22,3867.1,74090
2021-05-17 09:59:23,3867.95,74093
2021-05-17 09:59:24,3867.95,74093
2021-05-17 09:59:25,3866.35,74141
2021-05-17 09:59:26,3866.35,74141
2021-05-17 09:59:27,3866.35,74141
2021-05-17 09:59:28,3867.95,74146
2021-05-17 09:59:31,3867.95,74146
2021-05-17 09:59:31,3867.95,74146
2021-05-17 09:59:33,3867.95,74146
2021-05-17 09:59:34,3867.95,74146
2021-05-17 09:59:35,3867.1,74147
2021-05-17 09:59:36,3867.1,74147
2021-05-17 09:59:37,3867.1,74147
2021-05-17 09:59:38,3867.1,74147
2021-05-17 09:59:39,3867.1,74147
2021-05-17 09:59:40,3867.1,74150
2021-05-17 09:59:42,3867.1,74150
2021-05-17 09:59:43,3867.1,74150
2021-05-17 09:59:44,3867.1,74150
2021-05-17 09:59:45,3867.1,74150
2021-05-17 09:59:46,3867.1,74155
2021-05-17 09:59:49,3867.1,74155
2021-05-17 09:59:49,3867.1,74155
2021-05-17 09:59:51,3867.1,74155
2021-05-17 09:59:53,3867.1,74155
2021-05-17 09:59:54,3867.1,74186
2021-05-17 09:59:56,3867.1,74186
2021-05-17 09:59:57,3867.1,74187
2021-05-17 09:59:58,3867.1,74187
2021-05-17 09:59:59,3867.1,74187
2021-05-17 09:59:59,3867.1,74296
2021-05-17 10:00:00,3865.95,74321
2021-05-17 10:00:01,3865.3,74322
2021-05-17 10:00:02,3865.3,74322
2021-05-17 10:00:03,3865.3,74322
2021-05-17 10:00:04,3865.3,74322
2021-05-17 10:00:05,3867.3,74367
2021-05-17 10:00:06,3867.3,74367
2021-05-17 10:00:07,3867.3,74367
2021-05-17 10:00:08,3867.3,74367
2021-05-17 10:00:09,3865.75,74618
2021-05-17 10:00:10,3865.75,74618
2021-05-17 10:00:11,3865.75,74618
2021-05-17 10:00:13,3865.35,74653
2021-05-17 10:00:14,3865.35,74653
2021-05-17 10:00:15,3865.35,74653
2021-05-17 10:00:16,3865.35,74653
2021-05-17 10:00:17,3865.35,74653
2021-05-17 10:00:18,3865.05,74655
2021-05-17 10:00:19,3865.0,74657
2021-05-17 10:00:20,3865.0,74657
2021-05-17 10:00:23,3865.05,74662
2021-05-17 10:00:24,3865.0,74664
2021-05-17 10:00:25,3865.0,74664
2021-05-17 10:00:26,3865.0,74664
2021-05-17 10:00:27,3865.0,74677
2021-05-17 10:00:28,3865.0,74678
2021-05-17 10:00:29,3865.0,74691
2021-05-17 10:00:30,3865.0,74691
2021-05-17 10:00:31,3865.0,74691
2021-05-17 10:00:33,3865.0,74691
2021-05-17 10:00:34,3865.0,74691
2021-05-17 10:00:35,3865.0,74691
2021-05-17 10:00:36,3865.0,74691
2021-05-17 10:00:36,3865.0,74691
2021-05-17 10:00:38,3864.95,74693
2021-05-17 10:00:39,3864.95,74693
2021-05-17 10:00:40,3864.95,74693
2021-05-17 10:00:41,3865.0,74768
2021-05-17 10:00:41,3865.0,74768
2021-05-17 10:00:42,3865.0,74768
2021-05-17 10:00:43,3865.0,74768
2021-05-17 10:00:44,3865.0,74768
2021-05-17 10:00:45,3865.0,74768
2021-05-17 10:00:46,3865.0,74768
2021-05-17 10:00:48,3865.0,74768
2021-05-17 10:00:50,3865.0,74768
2021-05-17 10:00:51,3865.0,74768
2021-05-17 10:00:52,3865.0,74768
2021-05-17 10:00:53,3865.0,74768
2021-05-17 10:00:54,3865.0,74768
2021-05-17 10:00:56,3863.7,74796
2021-05-17 10:00:56,3862.1,74995
2021-05-17 10:00:57,3862.1,74995
2021-05-17 10:00:58,3862.1,74995
2021-05-17 10:00:59,3862.1,74995
2021-05-17 10:01:00,3862.1,74995
2021-05-17 10:01:02,3863.7,75000
2021-05-17 10:01:04,3863.7,75000
2021-05-17 10:01:05,3863.6,75003
2021-05-17 10:01:06,3863.6,75003
2021-05-17 10:01:07,3863.6,75005
2021-05-17 10:01:08,3863.6,75005
2021-05-17 10:01:09,3863.6,75005
2021-05-17 10:01:10,3863.6,75007
2021-05-17 10:01:11,3863.6,75007
2021-05-17 10:01:12,3863.6,75007
2021-05-17 10:01:13,3863.6,75007
2021-05-17 10:01:14,3863.6,75007
2021-05-17 10:01:14,3863.6,75007
2021-05-17 10:01:15,3864.95,75310
2021-05-17 10:01:16,3864.95,75310
2021-05-17 10:01:17,3864.95,75310
2021-05-17 10:01:18,3864.95,75310
2021-05-17 10:01:19,3864.95,75310
2021-05-17 10:01:20,3864.95,75310
2021-05-17 10:01:21,3864.95,75312
2021-05-17 10:01:23,3864.95,75312
2021-05-17 10:01:24,3864.95,75312
2021-05-17 10:01:25,3864.95,75312
2021-05-17 10:01:26,3863.65,75317
2021-05-17 10:01:27,3868.95,75660
2021-05-17 10:01:28,3870.2,75912
2021-05-17 10:01:31,3869.8,75992
2021-05-17 10:01:32,3869.8,75992
2021-05-17 10:01:33,3869.8,75992
2021-05-17 10:01:34,3869.8,75992
2021-05-17 10:01:34,3870.6,75995
2021-05-17 10:01:35,3870.6,75995
2021-05-17 10:01:37,3870.6,75995
2021-05-17 10:01:38,3870.6,75995
2021-05-17 10:01:40,3870.6,75995
2021-05-17 10:01:41,3870.6,75995
2021-05-17 10:01:45,3870.6,75997
2021-05-17 10:01:46,3870.6,75997
2021-05-17 10:01:46,3868.9,76223
2021-05-17 10:01:48,3867.3,76231
2021-05-17 10:01:48,3867.3,76231
2021-05-17 10:01:49,3867.3,76231
2021-05-17 10:01:50,3867.3,76231
2021-05-17 10:01:51,3867.3,76231
2021-05-17 10:01:52,3867.3,76231
2021-05-17 10:01:53,3867.3,76237
2021-05-17 10:01:55,3867.3,76237
2021-05-17 10:01:56,3867.3,76237
2021-05-17 10:01:57,3868.7,76238
2021-05-17 10:01:59,3868.7,76238
2021-05-17 10:02:00,3868.7,76238
2021-05-17 10:02:01,3868.7,76238
2021-05-17 10:02:02,3868.7,76238
2021-05-17 10:02:02,3868.7,76238
2021-05-17 10:02:04,3868.7,76238
2021-05-17 10:02:05,3868.7,76238
2021-05-17 10:02:05,3868.7,76238
2021-05-17 10:02:07,3868.7,76238
2021-05-17 10:02:08,3868.7,76238
2021-05-17 10:02:09,3868.7,76238
2021-05-17 10:02:11,3868.7,76238
2021-05-17 10:02:12,3868.7,76238
2021-05-17 10:02:13,3868.7,76238
2021-05-17 10:02:14,3868.7,76238
2021-05-17 10:02:15,3868.7,76238
2021-05-17 10:02:17,3868.7,76248
2021-05-17 10:02:18,3868.7,76248
2021-05-17 10:02:19,3868.85,76258
2021-05-17 10:02:20,3868.85,76258
2021-05-17 10:02:21,3868.85,76258
2021-05-17 10:02:22,3868.85,76258
2021-05-17 10:02:23,3868.85,76258
2021-05-17 10:02:24,3868.85,76258
2021-05-17 10:02:25,3868.85,76258
2021-05-17 10:02:25,3868.95,76260
2021-05-17 10:02:30,3871.6,76415
2021-05-17 10:02:31,3871.6,76415
2021-05-17 10:02:32,3870.2,76422
2021-05-17 10:02:33,3870.2,76422
2021-05-17 10:02:34,3870.2,76422
2021-05-17 10:02:36,3872.6,76474
2021-05-17 10:02:37,3872.6,76474
2021-05-17 10:02:38,3872.6,76474
2021-05-17 10:02:39,3872.6,76474
2021-05-17 10:02:39,3872.6,76474
2021-05-17 10:02:40,3872.6,76474
2021-05-17 10:02:41,3872.6,76474
2021-05-17 10:02:42,3871.6,76524
2021-05-17 10:02:43,3871.6,76529
2021-05-17 10:02:44,3871.6,76529
2021-05-17 10:02:45,3871.6,76529
2021-05-17 10:02:46,3871.6,76529
2021-05-17 10:02:49,3871.6,76544
2021-05-17 10:02:51,3871.6,76547
2021-05-17 10:02:51,3871.6,76547
2021-05-17 10:02:52,3872.0,76567
2021-05-17 10:02:53,3872.0,76567
2021-05-17 10:02:56,3870.3,76582
2021-05-17 10:02:56,3872.0,76567
2021-05-17 10:02:57,3870.3,76582
2021-05-17 10:02:58,3870.3,76582
2021-05-17 10:02:59,3870.3,76582
2021-05-17 10:03:02,3870.3,76582
2021-05-17 10:03:04,3870.3,76582
2021-05-17 10:03:05,3870.3,76582
2021-05-17 10:03:06,3870.3,76582
2021-05-17 10:03:07,3870.3,76582
2021-05-17 10:03:08,3870.3,76582
2021-05-17 10:03:09,3871.6,76583
2021-05-17 10:03:09,3871.6,76583
2021-05-17 10:03:10,3871.6,76583
2021-05-17 10:03:11,3871.6,76583
2021-05-17 10:03:12,3871.6,76594
2021-05-17 10:03:14,3871.6,76594
2021-05-17 10:03:15,3872.0,76595
2021-05-17 10:03:16,3872.0,76595
2021-05-17 10:03:17,3872.0,76595
2021-05-17 10:03:18,3872.0,76595
2021-05-17 10:03:19,3872.0,76595
2021-05-17 10:03:20,3870.85,76596
2021-05-17 10:03:21,3870.8,76608
2021-05-17 10:03:22,3872.0,76708
2021-05-17 10:03:23,3872.0,76708
2021-05-17 10:03:24,3872.0,76708
2021-05-17 10:03:25,3870.25,77008
2021-05-17 10:03:26,3870.25,77008
2021-05-17 10:03:27,3870.25,77008
2021-05-17 10:03:28,3870.25,77008
2021-05-17 10:03:29,3872.0,77014
2021-05-17 10:03:30,3872.0,77014
2021-05-17 10:03:31,3872.0,77014
2021-05-17 10:03:32,3872.0,77014
2021-05-17 10:03:33,3871.9,77019
2021-05-17 10:03:34,3871.9,77019
2021-05-17 10:03:35,3871.9,77019
2021-05-17 10:03:37,3871.0,77024
2021-05-17 10:03:38,3871.0,77024
2021-05-17 10:03:39,3871.0,77024
2021-05-17 10:03:40,3871.0,77024
2021-05-17 10:03:41,3871.0,77024
2021-05-17 10:03:43,3871.0,77024
2021-05-17 10:03:44,3871.0,77024
2021-05-17 10:03:45,3871.95,77050
2021-05-17 10:03:46,3872.0,77180
2021-05-17 10:03:46,3872.0,77180
2021-05-17 10:03:48,3871.0,77183
2021-05-17 10:03:49,3871.0,77183
2021-05-17 10:03:50,3872.0,77188
2021-05-17 10:03:51,3872.0,77188
2021-05-17 10:03:52,3872.0,77188
2021-05-17 10:03:53,3872.0,77188
2021-05-17 10:03:54,3872.0,77188
2021-05-17 10:03:56,3872.0,77188
2021-05-17 10:03:57,3872.0,77188
2021-05-17 10:03:58,3872.0,77188
2021-05-17 10:04:00,3872.0,77188
2021-05-17 10:04:01,3872.0,77188
2021-05-17 10:04:01,3872.0,77188
2021-05-17 10:04:03,3872.0,77188
2021-05-17 10:04:04,3872.0,77188
2021-05-17 10:04:04,3872.0,77188
2021-05-17 10:04:06,3872.0,77188
2021-05-17 10:04:07,3872.0,77188
2021-05-17 10:04:07,3872.0,77188
2021-05-17 10:04:08,3872.0,77235
2021-05-17 10:04:09,3872.0,77288
2021-05-17 10:04:11,3872.0,77292
2021-05-17 10:04:12,3872.3,77314
2021-05-17 10:04:13,3872.3,77317
2021-05-17 10:04:13,3872.3,77317
2021-05-17 10:04:15,3873.0,77460
2021-05-17 10:04:16,3873.0,77460
2021-05-17 10:04:17,3874.85,78459
2021-05-17 10:04:18,3877.5,78467
2021-05-17 10:04:19,3877.5,78467
2021-05-17 10:04:20,3877.5,78467
2021-05-17 10:04:22,3876.1,78529
2021-05-17 10:04:23,3878.6,78805
2021-05-17 10:04:24,3878.6,78805
2021-05-17 10:04:25,3876.55,78809
2021-05-17 10:04:26,3875.4,78858
2021-05-17 10:04:27,3875.4,78858
2021-05-17 10:04:28,3876.45,78860
2021-05-17 10:04:29,3876.45,78860
2021-05-17 10:04:30,3876.45,78860
2021-05-17 10:04:31,3876.45,78860
2021-05-17 10:04:32,3876.45,78861
2021-05-17 10:04:33,3876.45,78861
2021-05-17 10:04:34,3876.4,78961
2021-05-17 10:04:35,3876.4,78961
2021-05-17 10:04:36,3876.4,78961
2021-05-17 10:04:38,3875.3,78971
2021-05-17 10:04:37,3876.4,78961
2021-05-17 10:04:39,3875.3,78971
2021-05-17 10:04:40,3874.7,78977
2021-05-17 10:04:41,3874.7,79027
2021-05-17 10:04:42,3874.7,79027
2021-05-17 10:04:43,3874.7,79027
2021-05-17 10:04:44,3874.7,79030
2021-05-17 10:04:45,3874.7,79048
2021-05-17 10:04:46,3874.7,79048
2021-05-17 10:04:47,3874.7,79048
2021-05-17 10:04:50,3874.7,79048
2021-05-17 10:04:51,3874.7,79048
2021-05-17 10:04:52,3874.7,79048
2021-05-17 10:04:53,3874.7,79048
2021-05-17 10:04:54,3874.7,79048
2021-05-17 10:04:55,3875.4,79054
2021-05-17 10:04:56,3875.4,79054
2021-05-17 10:04:57,3875.4,79054
2021-05-17 10:04:59,3874.75,79055
2021-05-17 10:04:58,3874.75,79055
2021-05-17 10:05:01,3875.4,79057
2021-05-17 10:05:00,3875.0,79056
2021-05-17 10:05:02,3875.4,79057
2021-05-17 10:05:03,3875.4,79057
2021-05-17 10:05:04,3875.4,79132
2021-05-17 10:05:06,3875.4,79136
2021-05-17 10:05:09,3876.45,79176
2021-05-17 10:05:10,3876.45,79176
2021-05-17 10:05:11,3876.45,79176
2021-05-17 10:05:12,3876.45,79176
2021-05-17 10:05:13,3876.45,79179
2021-05-17 10:05:14,3876.45,79179
2021-05-17 10:05:15,3875.4,79326
2021-05-17 10:05:16,3875.0,79350
2021-05-17 10:05:17,3875.0,79350
2021-05-17 10:05:18,3875.0,79350
2021-05-17 10:05:19,3875.0,79350
2021-05-17 10:05:20,3875.0,79350
2021-05-17 10:05:21,3875.0,79350
2021-05-17 10:05:23,3875.0,79368
2021-05-17 10:05:24,3875.0,79368
2021-05-17 10:05:25,3874.1,79529
2021-05-17 10:05:26,3874.1,79529
2021-05-17 10:05:27,3874.1,79529
2021-05-17 10:05:28,3874.1,79529
2021-05-17 10:05:29,3874.1,79529
2021-05-17 10:05:30,3874.1,79529
2021-05-17 10:05:31,3875.0,79530
2021-05-17 10:05:32,3874.1,79533
2021-05-17 10:05:33,3875.0,79538
2021-05-17 10:05:34,3874.1,79548
2021-05-17 10:05:35,3874.1,79548
2021-05-17 10:05:36,3874.1,79548
2021-05-17 10:05:37,3875.0,79558
2021-05-17 10:05:38,3875.0,79558
2021-05-17 10:05:39,3875.0,79558
2021-05-17 10:05:40,3875.0,79558
2021-05-17 10:05:42,3873.35,79782
2021-05-17 10:05:43,3873.35,79782
2021-05-17 10:05:44,3873.35,79782
2021-05-17 10:05:45,3873.35,79782
2021-05-17 10:05:46,3873.35,79782
2021-05-17 10:05:47,3873.35,79782
2021-05-17 10:05:48,3873.35,79782
2021-05-17 10:05:49,3873.35,79782
2021-05-17 10:05:50,3873.35,79782
2021-05-17 10:05:52,3871.65,79892
2021-05-17 10:05:51,3873.35,79782
2021-05-17 10:05:53,3871.65,79892
2021-05-17 10:05:54,3871.65,79892
2021-05-17 10:05:55,3871.65,79892
2021-05-17 10:05:56,3871.65,79892
2021-05-17 10:05:57,3871.65,79892
2021-05-17 10:05:58,3871.65,79892
2021-05-17 10:05:59,3873.8,79903
2021-05-17 10:06:00,3872.15,79911
2021-05-17 10:06:01,3871.9,79914
2021-05-17 10:06:02,3871.9,79914
2021-05-17 10:06:03,3873.6,79917
2021-05-17 10:06:04,3873.0,79919
2021-05-17 10:06:05,3871.5,79922
2021-05-17 10:06:06,3873.0,79946
2021-05-17 10:06:07,3873.0,79946
2021-05-17 10:06:08,3873.0,79946
2021-05-17 10:06:09,3873.0,79946
2021-05-17 10:06:10,3873.0,79946
2021-05-17 10:06:11,3873.0,79946
2021-05-17 10:06:12,3873.0,79946
2021-05-17 10:06:13,3871.7,79949
2021-05-17 10:06:14,3871.7,79949
2021-05-17 10:06:15,3871.7,79949
2021-05-17 10:06:16,3871.7,79949
2021-05-17 10:06:17,3871.7,79949
2021-05-17 10:06:18,3871.7,79949
2021-05-17 10:06:19,3871.3,79950
2021-05-17 10:06:20,3871.0,80059
2021-05-17 10:06:21,3871.0,80059
2021-05-17 10:06:22,3871.0,80059
2021-05-17 10:06:23,3871.0,80059
2021-05-17 10:06:24,3871.0,80059
2021-05-17 10:06:25,3871.0,80059
2021-05-17 10:06:26,3871.0,80075
2021-05-17 10:06:27,3871.65,80112
2021-05-17 10:06:28,3871.65,80112
2021-05-17 10:06:29,3871.65,80112
2021-05-17 10:06:30,3871.65,80112
2021-05-17 10:06:31,3871.65,80112
2021-05-17 10:06:32,3871.65,80112
2021-05-17 10:06:33,3871.65,80112
2021-05-17 10:06:34,3871.65,80112
2021-05-17 10:06:35,3871.65,80112
2021-05-17 10:06:36,3871.65,80132
2021-05-17 10:06:37,3871.65,80132
2021-05-17 10:06:38,3871.65,80153
2021-05-17 10:06:40,3871.65,80154
2021-05-17 10:06:41,3871.65,80175
2021-05-17 10:06:42,3871.7,80177
2021-05-17 10:06:43,3871.7,80177
2021-05-17 10:06:43,3871.7,80177
2021-05-17 10:06:45,3871.65,80178
2021-05-17 10:06:45,3871.7,80177
2021-05-17 10:06:46,3871.65,80178
2021-05-17 10:06:47,3871.7,80182
2021-05-17 10:06:48,3871.7,80187
2021-05-17 10:06:49,3871.7,80187
2021-05-17 10:06:50,3871.7,80191
2021-05-17 10:06:51,3871.65,80218
2021-05-17 10:06:52,3871.7,80228
2021-05-17 10:06:53,3874.0,80415
2021-05-17 10:06:54,3874.0,80415
2021-05-17 10:06:55,3874.0,80415
2021-05-17 10:06:56,3872.35,80417
2021-05-17 10:06:57,3872.5,80420
2021-05-17 10:06:58,3872.5,80420
2021-05-17 10:07:00,3872.5,80420
2021-05-17 10:07:01,3872.5,80420
2021-05-17 10:07:02,3872.5,80420
2021-05-17 10:07:03,3872.5,80420
2021-05-17 10:07:05,3872.5,80420
2021-05-17 10:07:07,3872.5,80420
2021-05-17 10:07:07,3872.5,80420
2021-05-17 10:07:08,3872.5,80420
2021-05-17 10:07:09,3872.5,80420
2021-05-17 10:07:10,3872.5,80420
2021-05-17 10:07:11,3872.5,80420
2021-05-17 10:07:13,3872.5,80420
2021-05-17 10:07:14,3872.5,80420
2021-05-17 10:07:15,3872.5,80420
2021-05-17 10:07:16,3872.5,80420
2021-05-17 10:07:17,3872.5,80420
2021-05-17 10:07:18,3872.5,80420
2021-05-17 10:07:19,3872.5,80420
2021-05-17 10:07:20,3872.5,80420
2021-05-17 10:07:21,3872.5,80420
2021-05-17 10:07:22,3872.5,80420
2021-05-17 10:07:23,3872.5,80420
2021-05-17 10:07:24,3872.5,80420
2021-05-17 10:07:25,3872.5,80420
2021-05-17 10:07:26,3872.5,80420
2021-05-17 10:07:27,3872.5,80420
2021-05-17 10:07:28,3873.0,80425
2021-05-17 10:07:29,3873.0,80445
2021-05-17 10:07:30,3873.4,80520
2021-05-17 10:07:31,3873.4,80520
2021-05-17 10:07:33,3873.4,80520
2021-05-17 10:07:32,3873.4,80520
2021-05-17 10:07:34,3873.4,80520
2021-05-17 10:07:35,3872.25,80525
2021-05-17 10:07:36,3872.25,80525
2021-05-17 10:07:37,3872.25,80525
2021-05-17 10:07:38,3872.25,80525
2021-05-17 10:07:39,3872.25,80525
2021-05-17 10:07:40,3872.25,80525
2021-05-17 10:07:41,3872.25,80525
2021-05-17 10:07:42,3872.25,80525
2021-05-17 10:07:44,3872.25,80525
2021-05-17 10:07:46,3872.25,80525
2021-05-17 10:07:46,3872.25,80525
2021-05-17 10:07:48,3872.25,80528
2021-05-17 10:07:49,3872.25,80528
2021-05-17 10:07:49,3872.25,80528
2021-05-17 10:07:50,3872.25,80528
2021-05-17 10:07:51,3872.25,80528
2021-05-17 10:07:52,3872.25,80528
2021-05-17 10:07:53,3872.25,80528
2021-05-17 10:07:57,3872.25,80528
2021-05-17 10:07:57,3872.25,80529
2021-05-17 10:07:58,3872.25,80529
2021-05-17 10:07:59,3872.25,80529
2021-05-17 10:08:00,3872.25,80529
2021-05-17 10:08:01,3872.25,80529
2021-05-17 10:08:03,3872.25,80529
2021-05-17 10:08:04,3872.25,80529
2021-05-17 10:08:05,3872.25,80529
2021-05-17 10:08:06,3872.25,80529
2021-05-17 10:08:07,3872.25,80529
2021-05-17 10:08:09,3872.25,80529
2021-05-17 10:08:10,3872.25,80539
2021-05-17 10:08:11,3872.25,80539
2021-05-17 10:08:12,3872.25,80539
2021-05-17 10:08:13,3874.0,80640
2021-05-17 10:08:14,3874.0,80653
2021-05-17 10:08:15,3874.0,80653
2021-05-17 10:08:16,3874.0,80653
2021-05-17 10:08:18,3874.35,80753
2021-05-17 10:08:19,3874.35,80753
2021-05-17 10:08:20,3874.35,80753
2021-05-17 10:08:21,3874.35,80753
2021-05-17 10:08:22,3874.35,80753
2021-05-17 10:08:23,3874.35,80753
2021-05-17 10:08:24,3874.35,80753
2021-05-17 10:08:26,3874.35,80753
2021-05-17 10:08:26,3874.35,80753
2021-05-17 10:08:27,3874.35,80753
2021-05-17 10:08:28,3874.35,80753
2021-05-17 10:08:29,3874.35,80753
2021-05-17 10:08:30,3874.0,80758
2021-05-17 10:08:31,3874.0,80758
2021-05-17 10:08:32,3873.0,80768
2021-05-17 10:08:34,3873.0,80768
2021-05-17 10:08:34,3873.0,80768
2021-05-17 10:08:35,3873.0,80768
2021-05-17 10:08:36,3873.0,80768
2021-05-17 10:08:37,3874.0,80769
2021-05-17 10:08:38,3874.0,80769
2021-05-17 10:08:39,3874.0,80769
2021-05-17 10:08:40,3874.0,80769
2021-05-17 10:08:41,3874.0,80769
2021-05-17 10:08:43,3874.0,80769
2021-05-17 10:08:44,3874.0,80769
2021-05-17 10:08:45,3874.05,80781
2021-05-17 10:08:46,3874.05,80781
2021-05-17 10:08:47,3874.05,80781
2021-05-17 10:08:48,3874.05,80781
2021-05-17 10:08:49,3874.05,80781
2021-05-17 10:08:50,3873.0,80782
2021-05-17 10:08:51,3873.0,80782
2021-05-17 10:08:52,3873.9,80784
2021-05-17 10:08:53,3873.9,80784
2021-05-17 10:08:54,3873.0,80787
2021-05-17 10:08:55,3873.0,80792
2021-05-17 10:08:56,3873.0,80792
2021-05-17 10:08:57,3873.9,80802
2021-05-17 10:08:57,3873.9,80802
2021-05-17 10:08:58,3873.0,80804
2021-05-17 10:09:01,3873.9,80883
2021-05-17 10:09:02,3873.9,80883
2021-05-17 10:09:03,3873.9,80883
2021-05-17 10:09:04,3873.0,80894
2021-05-17 10:09:05,3873.0,80894
2021-05-17 10:09:06,3873.0,80894
2021-05-17 10:09:07,3873.0,80894
2021-05-17 10:09:09,3873.0,80894
2021-05-17 10:09:10,3872.95,81047
2021-05-17 10:09:11,3872.95,81047
2021-05-17 10:09:12,3872.95,81047
2021-05-17 10:09:13,3872.0,81051
2021-05-17 10:09:14,3872.0,81051
2021-05-17 10:09:15,3872.0,81051
2021-05-17 10:09:16,3872.0,81051
2021-05-17 10:09:18,3872.0,81051
2021-05-17 10:09:19,3872.0,81051
2021-05-17 10:09:19,3872.0,81051
2021-05-17 10:09:20,3872.0,81051
2021-05-17 10:09:22,3872.0,81051
2021-05-17 10:09:23,3872.0,81051
2021-05-17 10:09:24,3872.0,81051
2021-05-17 10:09:26,3872.0,81051
2021-05-17 10:09:27,3872.0,81053
2021-05-17 10:09:28,3872.0,81055
2021-05-17 10:09:29,3872.0,81055
2021-05-17 10:09:29,3872.0,81058
2021-05-17 10:09:30,3872.0,81058
2021-05-17 10:09:31,3872.0,81058
2021-05-17 10:09:32,3872.0,81058
2021-05-17 10:09:33,3872.0,81058
2021-05-17 10:09:34,3872.0,81058
2021-05-17 10:09:35,3873.25,81068
2021-05-17 10:09:39,3873.2,81103
2021-05-17 10:09:43,3872.0,81113
2021-05-17 10:09:44,3872.0,81113
2021-05-17 10:09:47,3872.0,81113
2021-05-17 10:09:48,3872.0,81113
2021-05-17 10:09:49,3872.0,81115
2021-05-17 10:09:50,3872.0,81117
2021-05-17 10:09:51,3872.0,81117
2021-05-17 10:09:52,3872.0,81118
2021-05-17 10:09:53,3873.3,81119
2021-05-17 10:09:55,3872.1,81120
2021-05-17 10:09:56,3873.3,81121
2021-05-17 10:09:56,3873.3,81121
2021-05-17 10:09:58,3873.3,81121
2021-05-17 10:09:59,3873.3,81121
2021-05-17 10:10:00,3872.0,81276
2021-05-17 10:10:00,3872.0,81276
2021-05-17 10:10:02,3872.85,81278
2021-05-17 10:10:02,3872.85,81278
2021-05-17 10:10:03,3871.4,81314
2021-05-17 10:10:04,3871.4,81314
2021-05-17 10:10:06,3869.65,81531
2021-05-17 10:10:07,3869.65,81531
2021-05-17 10:10:08,3868.1,81535
2021-05-17 10:10:09,3868.1,81535
2021-05-17 10:10:12,3870.15,81536
2021-05-17 10:10:12,3870.15,81536
