timestamp,ltp,volume
2021-05-17 09:15:28,2423.4,2695
2021-05-17 09:15:30,2423.35,2714
2021-05-17 09:15:31,2426.0,2733
2021-05-17 09:15:32,2420.1,3520
2021-05-17 09:15:33,2420.1,3520
2021-05-17 09:15:34,2420.65,3593
2021-05-17 09:15:35,2423.15,3594
2021-05-17 09:15:36,2421.0,3612
2021-05-17 09:15:37,2423.1,3681
2021-05-17 09:15:38,2421.3,3688
2021-05-17 09:15:39,2421.3,3712
2021-05-17 09:15:40,2421.3,3717
2021-05-17 09:15:41,2423.1,3727
2021-05-17 09:15:42,2421.35,3733
2021-05-17 09:15:43,2421.35,3763
2021-05-17 09:15:44,2423.05,3787
2021-05-17 09:15:45,2421.3,3789
2021-05-17 09:15:46,2420.2,4066
2021-05-17 09:15:47,2420.2,4066
2021-05-17 09:15:48,2420.15,4073
2021-05-17 09:15:49,2423.5,4075
2021-05-17 09:15:50,2420.35,4092
2021-05-17 09:15:51,2420.4,4125
2021-05-17 09:15:52,2423.15,4225
2021-05-17 09:15:53,2421.6,4237
2021-05-17 09:15:54,2421.6,4237
2021-05-17 09:15:55,2421.6,4237
2021-05-17 09:15:56,2423.2,4238
2021-05-17 09:15:57,2423.2,4245
2021-05-17 09:15:58,2423.25,4249
2021-05-17 09:15:59,2423.0,4251
2021-05-17 09:16:00,2424.45,4364
2021-05-17 09:16:01,2424.5,4434
2021-05-17 09:16:02,2421.9,4437
2021-05-17 09:16:03,2421.9,4437
2021-05-17 09:16:04,2424.5,4502
2021-05-17 09:16:05,2425.0,7280
2021-05-17 09:16:06,2424.35,7282
2021-05-17 09:16:07,2424.5,7304
2021-05-17 09:16:08,2424.65,7331
2021-05-17 09:16:09,2424.6,7388
2021-05-17 09:16:10,2426.95,7417
2021-05-17 09:16:11,2426.9,7429
2021-05-17 09:16:12,2426.9,7429
2021-05-17 09:16:13,2424.75,7474
2021-05-17 09:16:14,2426.6,7524
2021-05-17 09:16:15,2426.6,7524
2021-05-17 09:16:16,2426.6,7524
2021-05-17 09:16:17,2426.45,7534
2021-05-17 09:16:18,2424.8,7634
2021-05-17 09:16:19,2425.95,7655
2021-05-17 09:16:20,2426.2,7676
2021-05-17 09:16:21,2425.1,7678
2021-05-17 09:16:22,2425.1,7678
2021-05-17 09:16:23,2425.3,7683
2021-05-17 09:16:24,2425.4,7886
2021-05-17 09:16:25,2425.4,7886
2021-05-17 09:16:26,2425.4,7886
2021-05-17 09:16:27,2425.35,7986
2021-05-17 09:16:28,2426.85,8104
2021-05-17 09:16:29,2425.2,8154
2021-05-17 09:16:30,2425.3,8266
2021-05-17 09:16:31,2426.8,8337
2021-05-17 09:16:32,2425.15,8347
2021-05-17 09:16:33,2425.15,8347
2021-05-17 09:16:34,2425.15,8347
2021-05-17 09:16:35,2425.15,8347
2021-05-17 09:16:36,2425.2,8352
2021-05-17 09:16:37,2425.2,8352
2021-05-17 09:16:38,2425.2,8352
2021-05-17 09:16:39,2426.7,8392
2021-05-17 09:16:40,2426.7,8392
2021-05-17 09:16:41,2425.25,8400
2021-05-17 09:16:42,2424.95,8804
2021-05-17 09:16:43,2424.65,8825
2021-05-17 09:16:44,2424.25,8935
2021-05-17 09:16:45,2423.2,8945
2021-05-17 09:16:46,2423.2,8945
2021-05-17 09:16:47,2423.2,8945
2021-05-17 09:16:48,2423.2,8948
2021-05-17 09:16:49,2422.05,8968
2021-05-17 09:16:50,2423.55,9068
2021-05-17 09:16:51,2423.55,9068
2021-05-17 09:16:52,2421.6,9217
2021-05-17 09:16:53,2421.6,9217
2021-05-17 09:16:54,2421.0,9422
2021-05-17 09:16:55,2421.55,9432
2021-05-17 09:16:56,2421.55,9432
2021-05-17 09:16:57,2421.55,9432
2021-05-17 09:16:58,2421.55,9432
2021-05-17 09:16:59,2421.35,9433
2021-05-17 09:17:00,2420.0,13221
2021-05-17 09:17:01,2420.7,13231
2021-05-17 09:17:02,2420.1,13285
2021-05-17 09:17:03,2420.0,13315
2021-05-17 09:17:04,2420.0,13315
2021-05-17 09:17:05,2420.05,13419
2021-05-17 09:17:06,2420.05,13419
2021-05-17 09:17:07,2420.0,13445
2021-05-17 09:17:08,2420.0,13445
2021-05-17 09:17:09,2420.0,13445
2021-05-17 09:17:10,2420.45,13600
2021-05-17 09:17:11,2419.0,13605
2021-05-17 09:17:12,2419.0,13605
2021-05-17 09:17:13,2420.0,13705
2021-05-17 09:17:14,2420.0,13705
2021-05-17 09:17:15,2420.05,13706
2021-05-17 09:17:16,2420.05,13706
2021-05-17 09:17:17,2420.05,13706
2021-05-17 09:17:18,2420.05,13727
2021-05-17 09:17:19,2418.95,13737
2021-05-17 09:17:20,2420.05,13790
2021-05-17 09:17:21,2420.0,13810
2021-05-17 09:17:22,2419.05,14431
2021-05-17 09:17:23,2418.85,14510
2021-05-17 09:17:24,2418.85,14510
2021-05-17 09:17:25,2419.65,14565
2021-05-17 09:17:26,2419.65,14565
2021-05-17 09:17:27,2419.65,14565
2021-05-17 09:17:28,2419.65,14565
2021-05-17 09:17:29,2419.65,14565
2021-05-17 09:17:31,2421.4,14593
2021-05-17 09:17:31,2421.4,14593
2021-05-17 09:17:33,2420.1,14681
2021-05-17 09:17:33,2420.1,14686
2021-05-17 09:17:35,2420.15,14711
2021-05-17 09:17:36,2421.15,14712
2021-05-17 09:17:37,2421.15,14712
2021-05-17 09:17:38,2421.15,14712
2021-05-17 09:17:39,2421.15,14732
2021-05-17 09:17:39,2420.15,14734
2021-05-17 09:17:40,2420.15,14734
2021-05-17 09:17:41,2421.4,14744
2021-05-17 09:17:42,2421.35,14794
2021-05-17 09:17:43,2421.35,14794
2021-05-17 09:17:44,2421.3,14795
2021-05-17 09:17:45,2421.3,14795
2021-05-17 09:17:46,2421.3,14795
2021-05-17 09:17:47,2421.3,14795
2021-05-17 09:17:48,2421.3,14795
2021-05-17 09:17:49,2416.55,15484
2021-05-17 09:17:50,2418.4,15585
2021-05-17 09:17:51,2418.4,15596
2021-05-17 09:17:52,2419.6,15791
2021-05-17 09:17:53,2419.6,15791
2021-05-17 09:17:54,2419.6,15791
2021-05-17 09:17:55,2419.6,15791
2021-05-17 09:17:56,2419.6,15796
2021-05-17 09:17:57,2419.6,15796
2021-05-17 09:17:58,2418.05,15843
2021-05-17 09:17:59,2418.05,15843
2021-05-17 09:18:00,2414.55,16544
2021-05-17 09:18:01,2413.5,16715
2021-05-17 09:18:02,2412.35,16716
2021-05-17 09:18:04,2412.35,16716
2021-05-17 09:18:04,2412.35,16716
2021-05-17 09:18:05,2412.35,16716
2021-05-17 09:18:06,2413.1,16736
2021-05-17 09:18:08,2412.0,16850
2021-05-17 09:18:10,2411.95,16855
2021-05-17 09:18:10,2411.95,16855
2021-05-17 09:18:11,2411.0,16856
2021-05-17 09:18:13,2411.0,16868
2021-05-17 09:18:14,2412.65,17011
2021-05-17 09:18:14,2412.65,17011
2021-05-17 09:18:15,2412.65,17011
2021-05-17 09:18:16,2413.15,17012
2021-05-17 09:18:17,2413.15,17012
2021-05-17 09:18:18,2413.15,17012
2021-05-17 09:18:19,2413.15,17012
2021-05-17 09:18:20,2413.15,17012
2021-05-17 09:18:21,2411.0,17019
2021-05-17 09:18:22,2411.0,17117
2021-05-17 09:18:23,2410.05,17144
2021-05-17 09:18:24,2411.0,17161
2021-05-17 09:18:25,2411.25,17172
2021-05-17 09:18:28,2411.25,17191
2021-05-17 09:18:30,2411.5,17244
2021-05-17 09:18:30,2411.5,17244
2021-05-17 09:18:31,2411.5,17244
2021-05-17 09:18:32,2411.5,17244
2021-05-17 09:18:33,2411.5,17244
2021-05-17 09:18:34,2411.5,17244
2021-05-17 09:18:35,2412.25,17245
2021-05-17 09:18:36,2411.5,17384
2021-05-17 09:18:37,2411.5,17384
2021-05-17 09:18:38,2411.25,17434
2021-05-17 09:18:39,2413.95,18260
2021-05-17 09:18:40,2414.85,18302
2021-05-17 09:18:41,2416.9,18303
2021-05-17 09:18:42,2414.0,18453
2021-05-17 09:18:43,2414.0,18453
2021-05-17 09:18:44,2414.0,18453
2021-05-17 09:18:45,2414.0,18453
2021-05-17 09:18:46,2416.8,18456
2021-05-17 09:18:47,2416.45,18457
2021-05-17 09:18:48,2415.05,18467
2021-05-17 09:18:49,2415.05,18467
2021-05-17 09:18:50,2415.05,18467
2021-05-17 09:18:51,2415.05,18467
2021-05-17 09:18:52,2416.45,18521
2021-05-17 09:18:53,2416.45,18540
2021-05-17 09:18:54,2416.45,18550
2021-05-17 09:18:55,2415.05,18652
2021-05-17 09:18:56,2416.4,18669
2021-05-17 09:19:00,2416.45,18689
2021-05-17 09:19:00,2416.45,18689
2021-05-17 09:19:01,2416.8,18739
2021-05-17 09:19:02,2415.15,18748
2021-05-17 09:19:03,2415.2,18755
2021-05-17 09:19:04,2415.2,18755
2021-05-17 09:19:05,2416.4,18917
2021-05-17 09:19:06,2416.4,18917
2021-05-17 09:19:07,2416.4,18923
2021-05-17 09:19:08,2415.15,18958
2021-05-17 09:19:09,2416.4,19001
2021-05-17 09:19:10,2416.95,19017
2021-05-17 09:19:11,2416.95,19017
2021-05-17 09:19:13,2417.35,19019
2021-05-17 09:19:14,2417.35,19019
2021-05-17 09:19:15,2417.85,19056
2021-05-17 09:19:16,2417.85,19056
2021-05-17 09:19:17,2418.3,19059
2021-05-17 09:19:18,2418.4,19068
2021-05-17 09:19:19,2418.4,19068
2021-05-17 09:19:20,2419.1,19147
2021-05-17 09:19:21,2419.05,19148
2021-05-17 09:19:22,2417.4,19198
2021-05-17 09:19:24,2417.4,19198
2021-05-17 09:19:25,2417.4,19198
2021-05-17 09:19:26,2418.75,19220
2021-05-17 09:19:27,2418.75,19221
2021-05-17 09:19:28,2418.75,19226
2021-05-17 09:19:29,2418.75,19229
2021-05-17 09:19:30,2418.75,19229
2021-05-17 09:19:31,2418.4,19234
2021-05-17 09:19:32,2418.4,19234
2021-05-17 09:19:33,2418.75,19244
2021-05-17 09:19:34,2418.75,19244
2021-05-17 09:19:34,2418.75,19247
2021-05-17 09:19:37,2419.8,19262
2021-05-17 09:19:39,2419.75,19264
2021-05-17 09:19:41,2419.8,19272
2021-05-17 09:19:44,2419.8,19272
2021-05-17 09:19:45,2419.95,19300
2021-05-17 09:19:47,2419.95,19300
2021-05-17 09:19:48,2420.0,19305
2021-05-17 09:19:49,2420.0,19305
2021-05-17 09:19:50,2419.0,19310
2021-05-17 09:19:51,2419.0,19310
2021-05-17 09:19:53,2420.0,19451
2021-05-17 09:19:54,2419.2,19452
2021-05-17 09:19:55,2421.0,19617
2021-05-17 09:19:56,2420.95,19627
2021-05-17 09:19:56,2420.95,19627
2021-05-17 09:19:58,2420.0,19628
2021-05-17 09:19:59,2420.0,19628
2021-05-17 09:19:59,2420.0,19628
2021-05-17 09:20:00,2420.0,19628
2021-05-17 09:20:01,2420.0,19628
2021-05-17 09:20:02,2420.0,19636
2021-05-17 09:20:03,2421.2,19661
2021-05-17 09:20:05,2421.2,19662
2021-05-17 09:20:06,2421.2,19662
2021-05-17 09:20:07,2421.2,19662
2021-05-17 09:20:08,2421.2,19662
2021-05-17 09:20:09,2421.2,19662
2021-05-17 09:20:10,2422.35,19749
2021-05-17 09:20:11,2422.35,19749
2021-05-17 09:20:13,2423.0,19815
2021-05-17 09:20:15,2423.95,19827
2021-05-17 09:20:16,2422.75,20073
2021-05-17 09:20:17,2422.75,20074
2021-05-17 09:20:19,2422.75,20074
2021-05-17 09:20:20,2423.0,20106
2021-05-17 09:20:21,2421.4,20146
2021-05-17 09:20:22,2421.2,20149
2021-05-17 09:20:23,2421.2,20149
2021-05-17 09:20:25,2421.1,20159
2021-05-17 09:20:26,2422.4,20171
2021-05-17 09:20:27,2421.1,20186
2021-05-17 09:20:28,2421.1,20186
2021-05-17 09:20:29,2421.1,20186
2021-05-17 09:20:30,2421.1,20196
2021-05-17 09:20:31,2421.1,20196
2021-05-17 09:20:32,2422.4,20198
2021-05-17 09:20:33,2422.4,20198
2021-05-17 09:20:34,2422.4,20203
2021-05-17 09:20:36,2422.4,20203
2021-05-17 09:20:37,2422.7,20283
2021-05-17 09:20:38,2423.25,20383
2021-05-17 09:20:39,2423.25,20383
2021-05-17 09:20:41,2422.4,20384
2021-05-17 09:20:42,2423.45,20389
2021-05-17 09:20:43,2419.95,20775
2021-05-17 09:20:44,2419.85,20822
2021-05-17 09:20:45,2419.9,20823
2021-05-17 09:20:46,2420.5,20928
2021-05-17 09:20:47,2420.45,20936
2021-05-17 09:20:48,2420.2,20938
2021-05-17 09:20:49,2420.2,20938
2021-05-17 09:20:50,2421.45,20939
2021-05-17 09:20:51,2421.45,20956
2021-05-17 09:20:52,2421.45,20958
2021-05-17 09:20:53,2421.45,20958
2021-05-17 09:20:55,2421.45,20958
2021-05-17 09:20:56,2421.45,20958
2021-05-17 09:20:57,2421.45,20958
2021-05-17 09:20:57,2421.45,20958
2021-05-17 09:20:58,2421.45,20958
2021-05-17 09:20:59,2421.45,20958
2021-05-17 09:21:00,2421.9,21139
2021-05-17 09:21:01,2421.55,21164
2021-05-17 09:21:02,2421.55,21164
2021-05-17 09:21:04,2421.55,21164
2021-05-17 09:21:05,2420.0,21170
2021-05-17 09:21:06,2420.8,21574
2021-05-17 09:21:08,2420.8,21574
2021-05-17 09:21:11,2420.8,21574
2021-05-17 09:21:12,2420.8,21574
2021-05-17 09:21:12,2420.7,21575
2021-05-17 09:21:13,2420.7,21575
2021-05-17 09:21:14,2420.7,21575
2021-05-17 09:21:15,2420.7,21575
2021-05-17 09:21:16,2420.95,21652
2021-05-17 09:21:17,2421.2,21656
2021-05-17 09:21:20,2421.2,21656
2021-05-17 09:21:20,2421.2,21666
2021-05-17 09:21:22,2421.2,21666
2021-05-17 09:21:23,2421.2,21666
2021-05-17 09:21:25,2421.2,21666
2021-05-17 09:21:26,2421.2,21666
2021-05-17 09:21:26,2420.3,21728
2021-05-17 09:21:27,2419.95,21895
2021-05-17 09:21:28,2420.8,21940
2021-05-17 09:21:30,2420.8,21940
2021-05-17 09:21:34,2420.0,21999
2021-05-17 09:21:38,2420.0,22029
2021-05-17 09:21:41,2419.1,22030
2021-05-17 09:21:45,2420.0,22041
2021-05-17 09:21:53,2420.0,22094
2021-05-17 09:21:57,2420.0,22094
2021-05-17 09:22:01,2418.5,22164
2021-05-17 09:22:04,2419.8,22295
2021-05-17 09:22:08,2419.95,22300
2021-05-17 09:22:12,2419.5,22301
2021-05-17 09:22:15,2419.5,22301
2021-05-17 09:22:19,2419.0,22362
2021-05-17 09:22:23,2419.0,22374
2021-05-17 09:22:26,2418.0,22591
2021-05-17 09:22:34,2419.0,22711
2021-05-17 09:22:38,2420.0,23099
2021-05-17 09:22:42,2420.0,23099
2021-05-17 09:22:45,2421.0,23113
2021-05-17 09:22:49,2421.45,23116
2021-05-17 09:22:53,2422.4,23141
2021-05-17 09:22:57,2422.95,23164
2021-05-17 09:23:04,2421.45,23668
2021-05-17 09:23:08,2421.45,23740
2021-05-17 09:23:12,2423.7,23842
2021-05-17 09:23:16,2423.7,23842
2021-05-17 09:23:19,2425.95,24221
2021-05-17 09:23:23,2424.75,24227
2021-05-17 09:23:26,2424.75,24227
2021-05-17 09:23:30,2426.0,24294
2021-05-17 09:23:34,2426.0,24294
2021-05-17 09:23:37,2426.0,24294
2021-05-17 09:23:41,2425.9,24342
2021-05-17 09:23:44,2426.0,24461
2021-05-17 09:23:48,2426.0,24543
2021-05-17 09:23:52,2426.0,24555
2021-05-17 09:23:55,2425.75,24578
2021-05-17 09:23:59,2425.75,24582
2021-05-17 09:24:03,2423.9,24671
2021-05-17 09:24:06,2422.05,24815
2021-05-17 09:24:10,2423.75,24828
2021-05-17 09:24:13,2423.75,24832
2021-05-17 09:24:17,2423.75,24858
2021-05-17 09:24:21,2423.75,24858
2021-05-17 09:24:24,2423.75,24858
2021-05-17 09:24:28,2423.75,24858
2021-05-17 09:24:31,2425.3,24901
2021-05-17 09:24:35,2425.3,24901
2021-05-17 09:24:39,2424.15,24912
2021-05-17 09:24:43,2425.6,24967
2021-05-17 09:24:47,2425.0,24978
2021-05-17 09:24:50,2425.0,24978
2021-05-17 09:24:54,2425.0,25013
2021-05-17 09:24:57,2424.15,25045
2021-05-17 09:25:01,2424.2,25298
2021-05-17 09:25:04,2424.25,25304
2021-05-17 09:25:08,2426.0,25337
2021-05-17 09:25:12,2426.0,25349
2021-05-17 09:25:16,2426.0,25349
2021-05-17 09:25:19,2426.0,25351
2021-05-17 09:25:23,2425.85,25432
2021-05-17 09:25:26,2425.85,25439
2021-05-17 09:25:30,2425.85,25439
2021-05-17 09:25:33,2425.0,25440
2021-05-17 09:25:36,2424.7,25446
2021-05-17 09:25:40,2425.8,25457
2021-05-17 09:25:44,2431.65,30261
2021-05-17 09:25:47,2431.65,30261
2021-05-17 09:25:51,2431.6,30262
2021-05-17 09:25:54,2430.65,30372
2021-05-17 09:25:57,2430.65,30372
2021-05-17 09:26:01,2430.2,30514
2021-05-17 09:26:04,2431.3,30669
2021-05-17 09:26:08,2431.6,30736
2021-05-17 09:26:11,2431.45,30846
2021-05-17 09:26:15,2431.3,30884
2021-05-17 09:26:18,2431.3,30998
2021-05-17 09:26:22,2431.0,31039
2021-05-17 09:26:25,2429.95,31151
2021-05-17 09:26:29,2431.35,31155
2021-05-17 09:26:32,2430.0,31205
2021-05-17 09:26:35,2430.0,31231
2021-05-17 09:26:39,2431.4,31306
2021-05-17 09:26:42,2431.4,31306
2021-05-17 09:26:46,2431.4,31306
2021-05-17 09:26:49,2431.4,31306
2021-05-17 09:26:52,2432.0,31316
2021-05-17 09:26:56,2432.35,31457
2021-05-17 09:26:59,2432.55,31458
2021-05-17 09:27:03,2430.25,31759
2021-05-17 09:27:06,2430.25,31759
2021-05-17 09:27:10,2431.7,31781
2021-05-17 09:27:14,2431.65,31801
2021-05-17 09:27:17,2431.7,31840
2021-05-17 09:27:20,2430.35,31852
2021-05-17 09:27:24,2430.0,31922
2021-05-17 09:27:28,2430.0,31954
2021-05-17 09:27:31,2430.0,31962
2021-05-17 09:27:35,2431.4,31982
2021-05-17 09:27:38,2431.0,32176
2021-05-17 09:27:42,2431.0,32178
2021-05-17 09:27:45,2430.0,32291
2021-05-17 09:27:49,2430.65,32294
2021-05-17 09:27:52,2430.95,32344
2021-05-17 09:27:55,2430.65,32359
2021-05-17 09:27:58,2429.6,33108
2021-05-17 09:28:02,2427.9,33223
2021-05-17 09:28:05,2427.9,33225
2021-05-17 09:28:09,2427.9,33235
2021-05-17 09:28:12,2427.3,33241
2021-05-17 09:28:15,2427.3,33241
2021-05-17 09:28:18,2427.3,33246
2021-05-17 09:28:22,2427.3,33302
2021-05-17 09:28:25,2427.3,33302
2021-05-17 09:28:29,2426.3,33333
2021-05-17 09:28:32,2429.2,33507
2021-05-17 09:28:36,2427.65,33534
2021-05-17 09:28:40,2427.65,33601
2021-05-17 09:28:44,2427.75,33602
2021-05-17 09:28:47,2427.75,33602
2021-05-17 09:28:51,2429.25,33612
2021-05-17 09:28:54,2431.95,34341
2021-05-17 09:28:58,2431.05,34555
2021-05-17 09:29:01,2432.0,34568
2021-05-17 09:29:04,2432.1,34828
2021-05-17 09:29:08,2432.35,34839
2021-05-17 09:29:15,2431.8,34849
2021-05-17 09:29:19,2431.55,34899
2021-05-17 09:29:23,2431.5,34921
2021-05-17 09:29:26,2431.55,34922
2021-05-17 09:29:29,2431.5,34939
2021-05-17 09:29:33,2430.95,34986
2021-05-17 09:29:37,2430.05,35032
2021-05-17 09:29:40,2430.85,35038
2021-05-17 09:29:44,2430.85,35038
2021-05-17 09:29:48,2430.0,35144
2021-05-17 09:29:51,2430.05,35189
2021-05-17 09:29:54,2427.65,36380
2021-05-17 09:30:01,2428.6,36677
2021-05-17 09:30:05,2428.45,36777
2021-05-17 09:30:08,2429.15,36864
2021-05-17 09:30:12,2430.9,36874
2021-05-17 09:30:16,2430.6,37133
2021-05-17 09:30:19,2430.6,37133
2021-05-17 09:30:23,2430.6,37133
2021-05-17 09:30:27,2430.6,37133
2021-05-17 09:30:30,2431.7,37453
2021-05-17 09:30:33,2431.75,37503
2021-05-17 09:30:37,2431.75,37503
2021-05-17 09:30:40,2430.25,37566
2021-05-17 09:30:44,2430.0,37641
2021-05-17 09:30:47,2431.0,38041
2021-05-17 09:30:51,2431.0,38041
2021-05-17 09:30:54,2431.95,38117
2021-05-17 09:30:58,2432.1,38167
2021-05-17 09:31:02,2432.1,38380
2021-05-17 09:31:05,2431.0,38393
2021-05-17 09:31:08,2430.6,38395
2021-05-17 09:31:12,2432.0,38448
2021-05-17 09:31:15,2430.2,38498
2021-05-17 09:31:19,2431.05,38521
2021-05-17 09:31:22,2430.5,38522
2021-05-17 09:31:26,2430.0,38533
2021-05-17 09:31:29,2430.15,38578
2021-05-17 09:31:32,2431.05,38618
2021-05-17 09:31:35,2429.6,38738
2021-05-17 09:31:38,2430.25,38739
2021-05-17 09:31:42,2429.0,38851
2021-05-17 09:31:45,2430.2,38861
2021-05-17 09:31:48,2428.05,38869
2021-05-17 09:31:52,2429.9,38897
2021-05-17 09:31:55,2426.55,39444
2021-05-17 09:31:58,2428.35,39481
2021-05-17 09:32:02,2428.35,39485
2021-05-17 09:32:05,2428.35,39485
2021-05-17 09:32:08,2428.35,39485
2021-05-17 09:32:12,2428.75,39671
2021-05-17 09:32:15,2430.0,39701
2021-05-17 09:32:19,2429.95,39710
2021-05-17 09:32:22,2427.0,39755
2021-05-17 09:32:26,2427.0,39755
2021-05-17 09:32:29,2429.95,39763
2021-05-17 09:32:33,2428.0,39766
2021-05-17 09:32:36,2428.0,39766
2021-05-17 09:32:39,2428.0,39766
2021-05-17 09:32:43,2428.3,39776
2021-05-17 09:32:46,2428.3,39797
2021-05-17 09:32:50,2428.35,39798
2021-05-17 09:32:53,2429.9,39809
2021-05-17 09:32:57,2429.9,39809
2021-05-17 09:33:00,2429.9,39824
2021-05-17 09:33:03,2430.0,40046
2021-05-17 09:33:07,2429.9,40051
2021-05-17 09:33:11,2429.05,40153
2021-05-17 09:33:14,2430.6,40178
2021-05-17 09:33:17,2430.6,40178
2021-05-17 09:33:20,2431.25,40330
2021-05-17 09:33:24,2430.6,40460
2021-05-17 09:33:27,2430.6,40512
2021-05-17 09:33:31,2431.25,40578
2021-05-17 09:33:34,2431.2,40624
2021-05-17 09:33:37,2429.85,40635
2021-05-17 09:33:41,2429.95,40638
2021-05-17 09:33:44,2429.95,40638
2021-05-17 09:33:47,2431.0,40666
2021-05-17 09:33:51,2431.3,40693
2021-05-17 09:33:54,2430.2,40695
2021-05-17 09:33:58,2432.1,42952
2021-05-17 09:34:01,2432.0,42953
2021-05-17 09:34:05,2433.0,43396
2021-05-17 09:34:08,2433.0,43569
2021-05-17 09:34:12,2434.0,43615
2021-05-17 09:34:15,2433.9,43672
2021-05-17 09:34:19,2433.9,43822
2021-05-17 09:34:22,2433.9,43872
2021-05-17 09:34:26,2433.9,43917
2021-05-17 09:34:29,2432.55,43984
2021-05-17 09:34:33,2433.9,44044
2021-05-17 09:34:36,2432.6,44105
2021-05-17 09:34:39,2433.9,44124
2021-05-17 09:34:42,2433.9,44126
2021-05-17 09:34:45,2433.0,44127
2021-05-17 09:34:48,2430.0,45119
2021-05-17 09:34:52,2430.05,45183
2021-05-17 09:34:55,2431.0,45185
2021-05-17 09:34:59,2431.0,45185
2021-05-17 09:35:02,2433.35,45515
2021-05-17 09:35:05,2431.15,45667
2021-05-17 09:35:09,2433.4,45670
2021-05-17 09:35:12,2433.4,45713
2021-05-17 09:35:16,2436.0,46408
2021-05-17 09:35:19,2436.0,46408
2021-05-17 09:35:22,2436.6,46498
2021-05-17 09:35:25,2437.35,47247
2021-05-17 09:35:29,2437.4,47273
2021-05-17 09:35:32,2438.7,47407
2021-05-17 09:35:36,2437.25,47513
2021-05-17 09:35:39,2439.7,47768
2021-05-17 09:35:46,2440.0,48505
2021-05-17 09:35:49,2442.3,48635
2021-05-17 09:35:52,2440.1,48645
2021-05-17 09:35:56,2440.6,48674
2021-05-17 09:35:59,2442.2,48725
2021-05-17 09:36:02,2443.0,49045
2021-05-17 09:36:05,2441.95,49447
2021-05-17 09:36:08,2442.1,49531
2021-05-17 09:36:11,2441.95,49555
2021-05-17 09:36:14,2442.6,50106
2021-05-17 09:36:17,2441.95,50111
2021-05-17 09:36:20,2442.4,50156
2021-05-17 09:36:23,2440.6,50279
2021-05-17 09:36:26,2440.0,50303
2021-05-17 09:36:30,2438.9,50409
2021-05-17 09:36:31,2438.9,50603
2021-05-17 09:36:32,2437.0,50640
2021-05-17 09:36:33,2437.0,50640
2021-05-17 09:36:34,2437.0,50640
2021-05-17 09:36:35,2437.05,50655
2021-05-17 09:36:36,2437.05,50655
2021-05-17 09:36:37,2437.05,50655
2021-05-17 09:36:38,2437.05,50658
2021-05-17 09:36:39,2438.45,50683
2021-05-17 09:36:40,2437.05,50684
2021-05-17 09:36:41,2437.05,50684
2021-05-17 09:36:44,2438.45,50701
2021-05-17 09:36:45,2438.45,50702
2021-05-17 09:36:46,2438.45,50716
2021-05-17 09:36:47,2438.45,50716
2021-05-17 09:36:48,2438.45,50717
2021-05-17 09:36:50,2438.7,50774
2021-05-17 09:36:51,2440.0,50786
2021-05-17 09:36:52,2440.0,50786
2021-05-17 09:36:53,2440.05,50836
2021-05-17 09:36:54,2438.5,50837
2021-05-17 09:36:55,2438.5,50837
2021-05-17 09:36:56,2438.5,50837
2021-05-17 09:36:57,2438.5,50837
2021-05-17 09:36:58,2438.45,50860
2021-05-17 09:36:59,2438.45,50860
2021-05-17 09:37:00,2438.45,50860
2021-05-17 09:37:01,2438.45,50860
2021-05-17 09:37:02,2438.45,50860
2021-05-17 09:37:03,2439.2,50940
2021-05-17 09:37:04,2439.2,50940
2021-05-17 09:37:05,2439.15,50972
2021-05-17 09:37:06,2439.15,50972
2021-05-17 09:37:07,2439.15,50972
2021-05-17 09:37:08,2438.6,51012
2021-05-17 09:37:09,2438.6,51012
2021-05-17 09:37:10,2437.0,51053
2021-05-17 09:37:11,2437.7,51072
2021-05-17 09:37:12,2437.7,51077
2021-05-17 09:37:13,2437.75,51110
2021-05-17 09:37:14,2437.75,51110
2021-05-17 09:37:16,2440.0,53230
2021-05-17 09:37:17,2440.0,53230
2021-05-17 09:37:18,2440.0,53230
2021-05-17 09:37:19,2440.0,53237
2021-05-17 09:37:20,2440.0,53255
2021-05-17 09:37:22,2440.0,53305
2021-05-17 09:37:23,2440.0,53305
2021-05-17 09:37:24,2440.05,53320
2021-05-17 09:37:26,2440.05,53320
2021-05-17 09:37:26,2440.05,53320
2021-05-17 09:37:27,2440.05,53340
2021-05-17 09:37:28,2440.05,54314
2021-05-17 09:37:29,2440.05,54314
2021-05-17 09:37:30,2440.0,54377
2021-05-17 09:37:32,2440.0,54377
2021-05-17 09:37:35,2440.45,54403
2021-05-17 09:37:36,2440.0,54410
2021-05-17 09:37:36,2440.0,54517
2021-05-17 09:37:37,2440.0,54522
2021-05-17 09:37:38,2440.0,54524
2021-05-17 09:37:39,2440.45,54525
2021-05-17 09:37:40,2440.0,54541
2021-05-17 09:37:41,2440.45,54543
2021-05-17 09:37:42,2440.45,54543
2021-05-17 09:37:43,2440.45,54543
2021-05-17 09:37:45,2440.45,54543
2021-05-17 09:37:45,2440.45,54543
2021-05-17 09:37:46,2440.05,54546
2021-05-17 09:37:47,2440.05,54546
2021-05-17 09:37:48,2441.0,54551
2021-05-17 09:37:49,2441.95,54825
2021-05-17 09:37:52,2440.8,54835
2021-05-17 09:37:53,2442.2,55280
2021-05-17 09:37:54,2441.25,55281
2021-05-17 09:37:54,2441.25,55281
2021-05-17 09:37:56,2441.25,55281
2021-05-17 09:37:58,2441.25,55281
2021-05-17 09:37:57,2441.25,55281
2021-05-17 09:37:59,2441.25,55281
2021-05-17 09:37:59,2442.95,55282
2021-05-17 09:38:00,2442.95,55287
2021-05-17 09:38:02,2441.3,55368
2021-05-17 09:38:02,2441.3,55368
2021-05-17 09:38:03,2441.3,55368
2021-05-17 09:38:04,2441.3,55368
2021-05-17 09:38:05,2441.3,55368
2021-05-17 09:38:06,2441.3,55368
2021-05-17 09:38:07,2441.3,55368
2021-05-17 09:38:08,2441.55,55371
2021-05-17 09:38:09,2441.55,55376
2021-05-17 09:38:10,2442.9,55377
2021-05-17 09:38:11,2442.95,55387
2021-05-17 09:38:12,2442.95,55387
2021-05-17 09:38:13,2442.95,55387
2021-05-17 09:38:14,2442.95,55387
2021-05-17 09:38:15,2441.85,55437
2021-05-17 09:38:16,2442.95,55483
2021-05-17 09:38:17,2443.0,55625
2021-05-17 09:38:18,2442.0,55636
2021-05-17 09:38:19,2443.0,55642
2021-05-17 09:38:20,2443.0,55642
2021-05-17 09:38:21,2443.0,55642
2021-05-17 09:38:22,2443.0,55642
2021-05-17 09:38:23,2443.0,55642
2021-05-17 09:38:24,2443.0,55642
2021-05-17 09:38:25,2443.0,55642
2021-05-17 09:38:29,2443.0,55700
2021-05-17 09:38:30,2443.0,55700
2021-05-17 09:38:31,2443.0,55700
2021-05-17 09:38:32,2443.0,55730
2021-05-17 09:38:33,2443.0,55760
2021-05-17 09:38:33,2443.0,55760
2021-05-17 09:38:34,2443.0,55760
2021-05-17 09:38:35,2441.8,55801
2021-05-17 09:38:36,2441.8,55802
2021-05-17 09:38:37,2441.8,55802
2021-05-17 09:38:38,2443.0,55858
2021-05-17 09:38:39,2443.0,55882
2021-05-17 09:38:40,2443.0,55887
2021-05-17 09:38:41,2443.0,56122
2021-05-17 09:38:42,2443.0,56122
2021-05-17 09:38:43,2441.9,56131
2021-05-17 09:38:44,2443.0,56181
2021-05-17 09:38:45,2443.0,56181
2021-05-17 09:38:47,2443.0,56181
2021-05-17 09:38:47,2443.0,56181
2021-05-17 09:38:49,2442.0,56296
2021-05-17 09:38:50,2442.0,56296
2021-05-17 09:38:51,2443.0,56396
2021-05-17 09:38:52,2443.0,56396
2021-05-17 09:38:53,2443.0,56406
2021-05-17 09:38:54,2443.0,56406
2021-05-17 09:38:55,2443.0,56406
2021-05-17 09:38:56,2442.0,56408
2021-05-17 09:38:57,2443.0,56409
2021-05-17 09:38:58,2442.0,56410
2021-05-17 09:39:00,2443.0,57448
2021-05-17 09:39:01,2443.0,57448
2021-05-17 09:39:02,2443.0,57448
2021-05-17 09:39:03,2443.0,57490
2021-05-17 09:39:04,2443.0,57491
2021-05-17 09:39:06,2443.0,57491
2021-05-17 09:39:07,2443.0,57491
2021-05-17 09:39:08,2443.0,57491
2021-05-17 09:39:08,2442.65,57496
2021-05-17 09:39:09,2443.0,57501
2021-05-17 09:39:10,2443.0,57501
2021-05-17 09:39:11,2443.0,57501
2021-05-17 09:39:12,2441.9,57682
2021-05-17 09:39:13,2442.75,57692
2021-05-17 09:39:14,2442.55,57697
2021-05-17 09:39:15,2441.55,57698
2021-05-17 09:39:16,2441.55,57698
2021-05-17 09:39:17,2441.55,57698
2021-05-17 09:39:19,2441.55,57698
2021-05-17 09:39:20,2441.55,57698
2021-05-17 09:39:21,2441.55,57698
2021-05-17 09:39:22,2441.55,57698
2021-05-17 09:39:23,2441.55,57698
2021-05-17 09:39:25,2441.75,57709
2021-05-17 09:39:26,2441.75,57709
2021-05-17 09:39:27,2441.75,57709
2021-05-17 09:39:28,2441.75,57709
2021-05-17 09:39:28,2442.75,57719
2021-05-17 09:39:29,2442.75,57719
2021-05-17 09:39:30,2442.75,57719
2021-05-17 09:39:32,2442.75,57719
2021-05-17 09:39:33,2441.9,57772
2021-05-17 09:39:34,2441.9,57772
2021-05-17 09:39:34,2441.9,57772
2021-05-17 09:39:35,2441.9,57782
2021-05-17 09:39:36,2441.9,57782
2021-05-17 09:39:37,2442.6,57785
2021-05-17 09:39:38,2442.6,57785
2021-05-17 09:39:39,2441.55,57835
2021-05-17 09:39:40,2441.55,57835
2021-05-17 09:39:41,2442.85,57945
2021-05-17 09:39:43,2442.85,57945
2021-05-17 09:39:44,2442.85,57945
2021-05-17 09:39:46,2442.0,57950
2021-05-17 09:39:47,2443.0,57951
2021-05-17 09:39:48,2443.0,58067
2021-05-17 09:39:49,2443.0,58067
2021-05-17 09:39:50,2442.75,58093
2021-05-17 09:39:51,2443.0,58094
2021-05-17 09:39:52,2443.0,58094
2021-05-17 09:39:53,2442.75,58098
2021-05-17 09:39:54,2442.75,58098
2021-05-17 09:39:54,2442.75,58098
2021-05-17 09:39:55,2442.75,58127
2021-05-17 09:39:56,2442.75,58127
2021-05-17 09:39:57,2442.7,58132
2021-05-17 09:39:58,2442.7,58132
2021-05-17 09:40:00,2441.55,58173
2021-05-17 09:40:01,2442.7,58178
2021-05-17 09:40:02,2442.0,58179
2021-05-17 09:40:03,2441.7,58189
2021-05-17 09:40:04,2441.7,58189
2021-05-17 09:40:05,2441.7,58189
2021-05-17 09:40:06,2441.7,58189
2021-05-17 09:40:07,2442.7,58193
2021-05-17 09:40:09,2442.7,58216
2021-05-17 09:40:10,2442.1,58270
2021-05-17 09:40:11,2442.1,58270
2021-05-17 09:40:11,2442.1,58270
2021-05-17 09:40:12,2442.1,58270
2021-05-17 09:40:13,2442.1,58270
2021-05-17 09:40:14,2442.1,58272
2021-05-17 09:40:15,2442.1,58272
2021-05-17 09:40:16,2442.3,58349
2021-05-17 09:40:17,2442.3,58356
2021-05-17 09:40:18,2444.0,58864
2021-05-17 09:40:19,2444.0,58864
2021-05-17 09:40:20,2444.0,58864
2021-05-17 09:40:21,2445.0,59014
2021-05-17 09:40:22,2443.65,59016
2021-05-17 09:40:24,2443.6,59026
2021-05-17 09:40:25,2443.6,59026
2021-05-17 09:40:26,2445.0,59276
2021-05-17 09:40:28,2445.0,59276
2021-05-17 09:40:28,2445.0,59276
2021-05-17 09:40:30,2445.0,59286
2021-05-17 09:40:29,2443.65,59285
2021-05-17 09:40:31,2445.0,59286
2021-05-17 09:40:32,2445.0,59287
2021-05-17 09:40:33,2445.0,59287
2021-05-17 09:40:34,2445.0,59287
2021-05-17 09:40:35,2445.0,59290
2021-05-17 09:40:37,2443.75,59316
2021-05-17 09:40:38,2444.8,59320
2021-05-17 09:40:40,2444.8,59320
2021-05-17 09:40:40,2444.8,59320
2021-05-17 09:40:42,2443.35,59377
2021-05-17 09:40:43,2442.9,59387
2021-05-17 09:40:44,2442.9,59387
2021-05-17 09:40:45,2442.9,59387
2021-05-17 09:40:46,2444.45,59399
2021-05-17 09:40:47,2444.45,59419
2021-05-17 09:40:48,2444.45,59419
2021-05-17 09:40:48,2444.45,59419
2021-05-17 09:40:49,2444.45,59419
2021-05-17 09:40:50,2444.45,59419
2021-05-17 09:40:51,2444.45,59419
2021-05-17 09:40:52,2444.45,59419
2021-05-17 09:40:53,2444.45,59419
2021-05-17 09:40:54,2443.0,59437
2021-05-17 09:40:55,2443.0,59437
2021-05-17 09:40:57,2444.15,59438
2021-05-17 09:40:58,2444.15,59438
2021-05-17 09:40:59,2443.0,59482
2021-05-17 09:41:00,2442.9,59515
2021-05-17 09:41:01,2442.9,59615
2021-05-17 09:41:02,2442.9,59615
2021-05-17 09:41:03,2443.85,59630
2021-05-17 09:41:04,2443.85,59630
2021-05-17 09:41:05,2442.45,59832
2021-05-17 09:41:06,2442.45,59832
2021-05-17 09:41:07,2442.45,59832
2021-05-17 09:41:08,2444.15,60384
2021-05-17 09:41:09,2444.15,60384
2021-05-17 09:41:10,2444.15,60384
2021-05-17 09:41:11,2444.15,60384
2021-05-17 09:41:12,2444.15,60384
2021-05-17 09:41:13,2441.6,60493
2021-05-17 09:41:14,2441.55,60564
2021-05-17 09:41:15,2441.55,60564
2021-05-17 09:41:16,2441.55,60564
2021-05-17 09:41:17,2441.25,60731
2021-05-17 09:41:18,2441.25,60731
2021-05-17 09:41:20,2443.0,61741
2021-05-17 09:41:20,2443.0,61741
2021-05-17 09:41:21,2443.0,61741
2021-05-17 09:41:22,2443.0,61767
2021-05-17 09:41:23,2443.0,61767
2021-05-17 09:41:24,2443.0,61767
2021-05-17 09:41:25,2441.9,61772
2021-05-17 09:41:27,2441.4,61795
2021-05-17 09:41:28,2441.4,61795
2021-05-17 09:41:29,2441.4,61795
2021-05-17 09:41:31,2442.5,61815
2021-05-17 09:41:31,2442.5,61815
2021-05-17 09:41:32,2442.5,61815
2021-05-17 09:41:33,2442.5,61815
2021-05-17 09:41:35,2442.5,61815
2021-05-17 09:41:36,2442.5,61815
2021-05-17 09:41:37,2442.5,61815
2021-05-17 09:41:38,2442.0,61919
2021-05-17 09:41:39,2440.0,62919
2021-05-17 09:41:39,2441.95,62920
2021-05-17 09:41:40,2441.95,62920
2021-05-17 09:41:41,2441.95,62920
2021-05-17 09:41:42,2442.4,62930
2021-05-17 09:41:44,2442.4,62930
2021-05-17 09:41:45,2440.95,62935
2021-05-17 09:41:47,2440.95,62935
2021-05-17 09:41:48,2440.95,62935
2021-05-17 09:41:48,2440.95,62935
2021-05-17 09:41:50,2442.5,62936
2021-05-17 09:41:51,2442.5,62936
2021-05-17 09:41:52,2441.25,62940
2021-05-17 09:41:53,2441.25,62959
2021-05-17 09:41:53,2441.25,62959
2021-05-17 09:41:55,2441.25,62959
2021-05-17 09:41:55,2441.25,62959
2021-05-17 09:41:56,2442.0,62963
2021-05-17 09:41:57,2442.0,62963
2021-05-17 09:41:58,2442.0,62963
2021-05-17 09:41:59,2442.0,62963
2021-05-17 09:42:00,2442.0,62963
2021-05-17 09:42:02,2442.0,62963
2021-05-17 09:42:04,2442.0,62963
2021-05-17 09:42:05,2442.0,62963
2021-05-17 09:42:06,2442.0,62963
2021-05-17 09:42:07,2442.0,62963
2021-05-17 09:42:09,2442.0,62976
2021-05-17 09:42:09,2442.0,62976
2021-05-17 09:42:10,2441.6,63013
2021-05-17 09:42:12,2441.6,63013
2021-05-17 09:42:12,2441.6,63013
2021-05-17 09:42:14,2442.5,63017
2021-05-17 09:42:15,2442.4,63037
2021-05-17 09:42:16,2442.45,63069
2021-05-17 09:42:17,2442.4,63070
2021-05-17 09:42:18,2442.4,63070
2021-05-17 09:42:19,2442.5,63076
2021-05-17 09:42:21,2442.5,63076
2021-05-17 09:42:22,2442.5,63076
2021-05-17 09:42:25,2442.5,63076
2021-05-17 09:42:27,2442.5,63186
2021-05-17 09:42:28,2442.5,63186
2021-05-17 09:42:30,2442.5,63193
2021-05-17 09:42:30,2442.0,63203
2021-05-17 09:42:32,2442.5,63213
2021-05-17 09:42:33,2442.5,63213
2021-05-17 09:42:34,2442.5,63213
2021-05-17 09:42:35,2442.5,63213
2021-05-17 09:42:36,2442.5,63213
2021-05-17 09:42:38,2442.5,63223
2021-05-17 09:42:39,2442.5,63223
2021-05-17 09:42:40,2442.5,63225
2021-05-17 09:42:41,2442.0,63232
2021-05-17 09:42:42,2443.0,63432
2021-05-17 09:42:43,2443.0,63432
2021-05-17 09:42:44,2443.0,63442
2021-05-17 09:42:44,2442.0,63443
2021-05-17 09:42:45,2442.0,63443
2021-05-17 09:42:46,2442.0,63448
2021-05-17 09:42:47,2442.0,63448
2021-05-17 09:42:49,2443.0,63450
2021-05-17 09:42:49,2443.0,63450
2021-05-17 09:42:50,2443.0,63480
2021-05-17 09:42:51,2443.0,63480
2021-05-17 09:42:52,2443.0,63480
2021-05-17 09:42:54,2442.0,63482
2021-05-17 09:42:55,2442.0,63492
2021-05-17 09:42:56,2442.0,63497
2021-05-17 09:42:56,2442.0,63497
2021-05-17 09:42:57,2443.0,63498
2021-05-17 09:42:58,2443.0,63498
2021-05-17 09:42:59,2443.0,63498
2021-05-17 09:43:00,2443.0,63528
2021-05-17 09:43:01,2443.0,63606
2021-05-17 09:43:02,2443.0,63606
2021-05-17 09:43:04,2443.0,63606
2021-05-17 09:43:05,2443.0,63606
2021-05-17 09:43:06,2443.0,63606
2021-05-17 09:43:07,2443.05,63608
2021-05-17 09:43:08,2443.05,63638
2021-05-17 09:43:09,2443.0,63693
2021-05-17 09:43:10,2443.0,63693
2021-05-17 09:43:11,2442.6,63697
2021-05-17 09:43:12,2444.25,64869
2021-05-17 09:43:13,2444.25,64875
2021-05-17 09:43:14,2445.0,64876
2021-05-17 09:43:15,2445.0,64876
2021-05-17 09:43:16,2445.0,64876
2021-05-17 09:43:17,2445.0,64876
2021-05-17 09:43:18,2445.0,64876
2021-05-17 09:43:19,2445.0,64876
2021-05-17 09:43:20,2445.3,65296
2021-05-17 09:43:21,2445.85,65306
2021-05-17 09:43:22,2445.85,65306
2021-05-17 09:43:23,2445.85,65306
2021-05-17 09:43:24,2444.1,65381
2021-05-17 09:43:26,2443.8,65384
2021-05-17 09:43:27,2443.8,65384
2021-05-17 09:43:27,2443.8,65384
2021-05-17 09:43:28,2443.8,65384
2021-05-17 09:43:29,2443.8,65384
2021-05-17 09:43:30,2443.8,65384
2021-05-17 09:43:31,2445.0,65389
2021-05-17 09:43:32,2445.0,65389
2021-05-17 09:43:33,2445.0,65402
2021-05-17 09:43:34,2445.0,65402
2021-05-17 09:43:35,2444.95,65422
2021-05-17 09:43:37,2444.95,65430
2021-05-17 09:43:39,2445.0,65449
2021-05-17 09:43:41,2445.35,65458
2021-05-17 09:43:42,2444.0,65477
2021-05-17 09:43:43,2444.0,65477
2021-05-17 09:43:44,2444.0,65528
2021-05-17 09:43:45,2445.6,65741
2021-05-17 09:43:46,2445.0,65761
2021-05-17 09:43:47,2445.0,65761
2021-05-17 09:43:48,2445.0,65761
2021-05-17 09:43:49,2445.0,65761
2021-05-17 09:43:50,2445.0,65761
2021-05-17 09:43:51,2444.1,65766
2021-05-17 09:43:52,2445.0,65771
2021-05-17 09:43:53,2445.0,65771
2021-05-17 09:43:54,2444.1,65773
2021-05-17 09:43:55,2444.95,65813
2021-05-17 09:43:55,2443.65,65930
2021-05-17 09:43:56,2443.65,65930
2021-05-17 09:43:58,2442.25,65989
2021-05-17 09:43:59,2442.25,65989
2021-05-17 09:44:00,2442.0,65991
2021-05-17 09:44:03,2441.1,66100
2021-05-17 09:44:04,2441.1,66141
2021-05-17 09:44:05,2441.1,66141
2021-05-17 09:44:05,2441.1,66141
2021-05-17 09:44:06,2442.35,66151
2021-05-17 09:44:07,2442.35,66151
2021-05-17 09:44:09,2442.35,66151
2021-05-17 09:44:10,2442.35,66151
2021-05-17 09:44:11,2442.35,66151
2021-05-17 09:44:12,2442.95,66201
2021-05-17 09:44:13,2441.4,66203
2021-05-17 09:44:14,2441.4,66203
2021-05-17 09:44:15,2441.25,66254
2021-05-17 09:44:16,2441.25,66254
2021-05-17 09:44:17,2441.25,66254
2021-05-17 09:44:18,2441.1,66255
2021-05-17 09:44:19,2441.1,66255
2021-05-17 09:44:20,2441.1,66255
2021-05-17 09:44:21,2441.0,66336
2021-05-17 09:44:23,2441.1,66361
2021-05-17 09:44:24,2441.1,66361
2021-05-17 09:44:25,2441.1,66361
2021-05-17 09:44:26,2441.05,66362
2021-05-17 09:44:27,2442.0,66367
2021-05-17 09:44:28,2442.15,66372
2021-05-17 09:44:29,2441.1,66392
2021-05-17 09:44:30,2441.1,66392
2021-05-17 09:44:31,2441.0,66422
2021-05-17 09:44:32,2441.0,66422
2021-05-17 09:44:33,2441.0,66422
2021-05-17 09:44:34,2440.3,66522
2021-05-17 09:44:35,2440.3,66532
2021-05-17 09:44:36,2440.3,66532
2021-05-17 09:44:37,2440.3,66532
2021-05-17 09:44:38,2440.3,66532
2021-05-17 09:44:39,2441.75,66554
2021-05-17 09:44:40,2440.5,66557
2021-05-17 09:44:41,2441.75,66567
2021-05-17 09:44:42,2441.75,66567
2021-05-17 09:44:43,2441.75,66568
2021-05-17 09:44:44,2440.35,66569
2021-05-17 09:44:45,2440.35,66569
2021-05-17 09:44:46,2440.35,66569
2021-05-17 09:44:46,2440.35,66569
2021-05-17 09:44:48,2440.5,66573
2021-05-17 09:44:49,2440.5,66573
2021-05-17 09:44:50,2440.35,66574
2021-05-17 09:44:50,2440.5,66573
2021-05-17 09:44:52,2440.5,67335
2021-05-17 09:44:53,2440.5,67335
2021-05-17 09:44:54,2440.5,67335
2021-05-17 09:44:55,2440.5,67335
2021-05-17 09:44:56,2440.0,67342
2021-05-17 09:44:56,2440.0,67342
2021-05-17 09:44:57,2440.0,67342
2021-05-17 09:44:58,2440.5,67382
2021-05-17 09:45:00,2440.0,67510
2021-05-17 09:45:01,2440.0,67561
2021-05-17 09:45:02,2440.0,67561
2021-05-17 09:45:03,2440.0,67561
2021-05-17 09:45:04,2441.25,67565
2021-05-17 09:45:05,2441.25,67565
2021-05-17 09:45:06,2441.25,67585
2021-05-17 09:45:07,2441.25,67587
2021-05-17 09:45:08,2441.25,67587
2021-05-17 09:45:08,2441.25,67634
2021-05-17 09:45:10,2441.25,67634
2021-05-17 09:45:11,2441.65,67642
2021-05-17 09:45:12,2441.65,67657
2021-05-17 09:45:14,2443.2,67665
2021-05-17 09:45:15,2442.1,67672
2021-05-17 09:45:16,2442.1,67672
2021-05-17 09:45:18,2442.1,67672
2021-05-17 09:45:18,2442.1,67672
2021-05-17 09:45:19,2442.1,67672
2021-05-17 09:45:21,2443.2,67673
2021-05-17 09:45:21,2442.5,67683
2021-05-17 09:45:22,2442.5,67683
2021-05-17 09:45:23,2442.5,67683
2021-05-17 09:45:25,2442.5,67683
2021-05-17 09:45:26,2443.0,67694
2021-05-17 09:45:26,2443.0,67694
2021-05-17 09:45:27,2442.5,67704
2021-05-17 09:45:29,2442.5,67704
2021-05-17 09:45:30,2443.0,67708
2021-05-17 09:45:31,2443.0,67708
2021-05-17 09:45:32,2443.0,67708
2021-05-17 09:45:34,2443.0,67712
2021-05-17 09:45:36,2443.0,67712
2021-05-17 09:45:37,2443.0,67762
2021-05-17 09:45:38,2443.0,67762
2021-05-17 09:45:39,2443.0,67762
2021-05-17 09:45:40,2443.0,68949
2021-05-17 09:45:41,2442.55,68954
2021-05-17 09:45:43,2442.55,68954
2021-05-17 09:45:43,2442.55,68955
2021-05-17 09:45:44,2443.2,69005
2021-05-17 09:45:46,2443.2,69005
2021-05-17 09:45:47,2443.2,69005
2021-05-17 09:45:48,2443.2,69015
2021-05-17 09:45:49,2442.55,69020
2021-05-17 09:45:50,2442.55,69020
2021-05-17 09:45:51,2442.55,69025
2021-05-17 09:45:52,2442.55,69025
2021-05-17 09:45:53,2442.55,69025
2021-05-17 09:45:54,2443.2,69029
2021-05-17 09:45:55,2444.9,69553
2021-05-17 09:45:56,2444.9,69553
2021-05-17 09:45:57,2444.9,69553
2021-05-17 09:45:58,2445.0,69586
2021-05-17 09:45:59,2444.1,69587
2021-05-17 09:46:00,2444.1,69587
2021-05-17 09:46:01,2444.1,69587
2021-05-17 09:46:03,2445.0,69588
2021-05-17 09:46:06,2444.1,69592
2021-05-17 09:46:07,2445.0,69607
2021-05-17 09:46:08,2444.1,69609
2021-05-17 09:46:09,2444.1,69609
2021-05-17 09:46:10,2444.1,69609
2021-05-17 09:46:11,2444.1,69609
2021-05-17 09:46:12,2445.0,69614
2021-05-17 09:46:13,2445.0,69614
2021-05-17 09:46:14,2445.0,69614
2021-05-17 09:46:15,2444.1,69638
2021-05-17 09:46:16,2444.8,69642
2021-05-17 09:46:17,2444.1,69652
2021-05-17 09:46:18,2444.1,69652
2021-05-17 09:46:19,2444.1,69691
2021-05-17 09:46:20,2444.1,69691
2021-05-17 09:46:21,2444.1,69691
2021-05-17 09:46:22,2444.1,69691
2021-05-17 09:46:23,2444.1,69693
2021-05-17 09:46:24,2444.1,69693
2021-05-17 09:46:25,2444.1,69693
2021-05-17 09:46:26,2444.1,69693
2021-05-17 09:46:27,2444.1,69693
2021-05-17 09:46:28,2444.1,69693
2021-05-17 09:46:33,2442.5,69888
2021-05-17 09:46:36,2441.1,69892
2021-05-17 09:46:39,2442.25,69915
2021-05-17 09:46:42,2442.6,69927
2021-05-17 09:46:45,2442.6,69957
2021-05-17 09:46:51,2440.6,70013
2021-05-17 09:46:54,2442.35,70053
2021-05-17 09:46:57,2440.65,70063
2021-05-17 09:47:00,2440.65,70063
2021-05-17 09:47:03,2442.5,70775
2021-05-17 09:47:06,2442.5,70775
2021-05-17 09:47:09,2442.85,70783
2021-05-17 09:47:11,2441.25,70793
2021-05-17 09:47:14,2442.8,70794
2021-05-17 09:47:16,2442.6,70828
2021-05-17 09:47:19,2442.6,70853
2021-05-17 09:47:22,2442.6,70853
2021-05-17 09:47:24,2442.6,70853
2021-05-17 09:47:27,2442.6,70853
2021-05-17 09:47:29,2442.6,70853
2021-05-17 09:47:32,2442.6,70853
2021-05-17 09:47:35,2441.05,70988
2021-05-17 09:47:38,2440.7,71051
2021-05-17 09:47:41,2440.7,71059
2021-05-17 09:47:44,2441.65,71069
2021-05-17 09:47:47,2441.65,71085
2021-05-17 09:47:50,2440.8,71100
2021-05-17 09:47:53,2443.0,71119
2021-05-17 09:47:59,2441.2,71181
2021-05-17 09:48:04,2441.2,71181
2021-05-17 09:48:07,2441.15,71211
2021-05-17 09:48:10,2442.35,71224
2021-05-17 09:48:16,2442.35,71226
2021-05-17 09:48:19,2442.35,71243
2021-05-17 09:48:21,2442.25,71294
2021-05-17 09:48:24,2442.25,71294
2021-05-17 09:48:26,2442.25,71295
2021-05-17 09:48:29,2441.15,71300
2021-05-17 09:48:32,2442.0,71301
2021-05-17 09:48:34,2441.0,71377
2021-05-17 09:48:37,2441.85,71387
2021-05-17 09:48:39,2441.85,71397
2021-05-17 09:48:42,2441.05,71398
2021-05-17 09:48:44,2441.05,71398
2021-05-17 09:48:47,2441.05,71399
2021-05-17 09:48:53,2442.35,71448
2021-05-17 09:48:56,2442.35,71448
2021-05-17 09:48:59,2442.35,71448
2021-05-17 09:49:02,2442.35,71450
2021-05-17 09:49:05,2442.35,71450
2021-05-17 09:49:08,2442.35,71450
2021-05-17 09:49:11,2442.35,71451
2021-05-17 09:49:14,2442.35,71479
2021-05-17 09:49:17,2442.35,71489
2021-05-17 09:49:19,2442.35,71513
2021-05-17 09:49:22,2442.4,74865
2021-05-17 09:49:26,2444.0,75521
2021-05-17 09:49:28,2443.1,75522
2021-05-17 09:49:31,2443.15,75533
2021-05-17 09:49:33,2443.15,75533
2021-05-17 09:49:35,2444.0,75534
2021-05-17 09:49:38,2443.15,75584
2021-05-17 09:49:41,2444.0,75686
2021-05-17 09:49:45,2444.0,75689
2021-05-17 09:49:48,2444.25,75997
2021-05-17 09:49:53,2443.15,75998
2021-05-17 09:49:56,2443.15,75998
2021-05-17 09:49:58,2443.15,75998
2021-05-17 09:50:01,2444.25,76018
2021-05-17 09:50:03,2444.65,76069
2021-05-17 09:50:06,2444.65,76069
2021-05-17 09:50:09,2443.35,76071
2021-05-17 09:50:12,2443.35,76071
2021-05-17 09:50:14,2444.6,76078
2021-05-17 09:50:17,2444.6,76080
2021-05-17 09:50:20,2444.55,76160
2021-05-17 09:50:23,2443.35,76162
2021-05-17 09:50:26,2443.35,76162
2021-05-17 09:50:29,2443.35,76162
2021-05-17 09:50:32,2442.45,76410
2021-05-17 09:50:35,2442.45,76410
2021-05-17 09:50:41,2442.0,76434
2021-05-17 09:50:44,2442.85,76435
2021-05-17 09:50:46,2442.85,76435
2021-05-17 09:50:49,2442.85,76435
2021-05-17 09:50:51,2442.85,76439
2021-05-17 09:50:54,2442.85,76440
2021-05-17 09:50:57,2442.85,76440
2021-05-17 09:50:59,2442.9,76465
2021-05-17 09:51:02,2442.0,76502
2021-05-17 09:51:05,2442.0,76502
2021-05-17 09:51:07,2441.75,76605
2021-05-17 09:51:10,2440.5,76608
2021-05-17 09:51:13,2440.5,76618
2021-05-17 09:51:16,2440.5,76631
2021-05-17 09:51:19,2441.4,76634
2021-05-17 09:51:22,2440.5,76679
2021-05-17 09:51:24,2440.5,76679
2021-05-17 09:51:27,2441.4,76725
2021-05-17 09:51:29,2441.4,76725
2021-05-17 09:51:32,2440.0,77191
2021-05-17 09:51:35,2441.45,77201
2021-05-17 09:51:38,2441.45,77220
2021-05-17 09:51:41,2440.0,77249
2021-05-17 09:51:44,2440.0,77249
2021-05-17 09:51:47,2440.0,77249
2021-05-17 09:51:50,2440.0,77257
2021-05-17 09:51:52,2440.0,77257
2021-05-17 09:51:55,2440.0,77307
2021-05-17 09:51:58,2440.0,77307
2021-05-17 09:52:00,2440.0,77327
2021-05-17 09:52:03,2441.45,77329
2021-05-17 09:52:06,2441.45,77339
2021-05-17 09:52:08,2441.45,77341
2021-05-17 09:52:11,2441.45,77345
2021-05-17 09:52:14,2441.45,77345
2021-05-17 09:52:17,2440.35,77347
2021-05-17 09:52:19,2440.55,77372
2021-05-17 09:52:22,2440.55,77372
2021-05-17 09:52:25,2442.0,77381
2021-05-17 09:52:28,2442.0,77510
2021-05-17 09:52:30,2442.0,77510
2021-05-17 09:52:33,2440.75,77560
2021-05-17 09:52:35,2442.0,77565
2021-05-17 09:52:38,2442.0,77566
2021-05-17 09:52:41,2442.0,77689
2021-05-17 09:52:44,2442.0,77721
2021-05-17 09:52:46,2442.0,77721
2021-05-17 09:52:49,2442.0,77721
2021-05-17 09:52:52,2442.0,77721
2021-05-17 09:52:54,2442.0,77735
2021-05-17 09:52:57,2442.0,77735
2021-05-17 09:53:00,2442.0,77735
2021-05-17 09:53:03,2442.0,77736
2021-05-17 09:53:05,2442.0,77736
2021-05-17 09:53:08,2442.0,77736
2021-05-17 09:53:11,2441.3,77747
2021-05-17 09:53:14,2441.3,77747
2021-05-17 09:53:16,2442.0,77749
2021-05-17 09:53:19,2442.0,77752
2021-05-17 09:53:22,2442.0,77752
2021-05-17 09:53:25,2441.2,77852
2021-05-17 09:53:29,2441.2,77852
2021-05-17 09:53:32,2441.2,77854
2021-05-17 09:53:34,2441.2,77854
2021-05-17 09:53:37,2441.2,77855
2021-05-17 09:53:40,2441.2,77855
2021-05-17 09:53:43,2441.2,77855
2021-05-17 09:53:46,2441.2,77870
2021-05-17 09:53:48,2441.2,77870
2021-05-17 09:53:54,2442.95,78090
2021-05-17 09:53:57,2443.0,78091
2021-05-17 09:54:02,2443.0,78096
2021-05-17 09:54:04,2443.0,78172
2021-05-17 09:54:07,2444.5,78252
2021-05-17 09:54:09,2444.5,78379
2021-05-17 09:54:12,2444.5,78482
2021-05-17 09:54:15,2444.5,78482
2021-05-17 09:54:18,2444.9,78527
2021-05-17 09:54:20,2444.5,78633
2021-05-17 09:54:23,2444.5,78634
2021-05-17 09:54:26,2444.5,78634
2021-05-17 09:54:28,2444.9,78635
2021-05-17 09:54:33,2444.85,78660
2021-05-17 09:54:36,2444.85,78660
2021-05-17 09:54:38,2444.5,78671
2021-05-17 09:54:41,2444.9,78681
2021-05-17 09:54:46,2444.9,78681
2021-05-17 09:54:48,2444.9,78681
2021-05-17 09:54:51,2444.9,78683
2021-05-17 09:54:54,2444.5,78733
2021-05-17 09:54:56,2444.5,78733
2021-05-17 09:54:58,2444.5,78738
2021-05-17 09:55:01,2444.5,78758
2021-05-17 09:55:04,2444.9,78759
2021-05-17 09:55:06,2444.9,78759
2021-05-17 09:55:12,2445.0,78877
2021-05-17 09:55:14,2445.0,78877
2021-05-17 09:55:16,2445.0,78877
2021-05-17 09:55:19,2445.0,78877
2021-05-17 09:55:21,2444.95,78883
2021-05-17 09:55:24,2444.95,78883
2021-05-17 09:55:26,2444.95,78883
2021-05-17 09:55:29,2444.95,78883
2021-05-17 09:55:31,2444.5,78901
2021-05-17 09:55:36,2444.5,78901
2021-05-17 09:55:38,2444.95,78902
2021-05-17 09:55:41,2444.9,78925
2021-05-17 09:55:43,2444.9,78925
2021-05-17 09:55:45,2444.5,78927
2021-05-17 09:55:48,2444.95,78982
2021-05-17 09:55:50,2444.5,79025
2021-05-17 09:55:52,2444.5,79076
2021-05-17 09:55:55,2444.5,79076
2021-05-17 09:55:58,2443.8,79234
2021-05-17 09:56:01,2443.8,79234
2021-05-17 09:56:03,2444.95,79235
2021-05-17 09:56:06,2445.85,81486
2021-05-17 09:56:08,2445.65,81489
2021-05-17 09:56:11,2445.9,81524
2021-05-17 09:56:13,2445.9,81524
2021-05-17 09:56:15,2445.9,81525
2021-05-17 09:56:18,2445.65,81759
2021-05-17 09:56:21,2445.7,81867
2021-05-17 09:56:24,2445.7,81867
2021-05-17 09:56:27,2446.0,81884
2021-05-17 09:56:29,2447.0,82126
2021-05-17 09:56:32,2447.0,82126
2021-05-17 09:56:34,2446.6,82177
2021-05-17 09:56:36,2447.0,82227
2021-05-17 09:56:38,2447.05,82270
2021-05-17 09:56:41,2447.35,82274
2021-05-17 09:56:43,2447.0,82295
2021-05-17 09:56:45,2447.0,82299
2021-05-17 09:56:47,2446.6,82386
2021-05-17 09:56:50,2446.6,82403
2021-05-17 09:56:54,2446.0,82603
2021-05-17 09:56:57,2445.75,82614
2021-05-17 09:57:00,2445.75,82615
2021-05-17 09:57:02,2444.5,82620
2021-05-17 09:57:04,2444.5,82620
2021-05-17 09:57:06,2444.5,82620
2021-05-17 09:57:09,2445.65,82641
2021-05-17 09:57:11,2445.65,82641
2021-05-17 09:57:14,2445.15,82643
2021-05-17 09:57:16,2445.15,82643
2021-05-17 09:57:19,2445.65,82648
2021-05-17 09:57:21,2445.15,82673
2021-05-17 09:57:24,2445.15,82673
2021-05-17 09:57:26,2445.65,82677
2021-05-17 09:57:28,2446.15,82682
2021-05-17 09:57:30,2446.15,82682
2021-05-17 09:57:32,2446.15,82683
2021-05-17 09:57:34,2446.15,82683
2021-05-17 09:57:37,2445.8,82684
2021-05-17 09:57:39,2445.8,82684
2021-05-17 09:57:41,2445.8,82684
2021-05-17 09:57:44,2447.0,82686
2021-05-17 09:57:47,2448.4,83105
2021-05-17 09:57:49,2447.5,83110
2021-05-17 09:57:52,2448.7,83170
2021-05-17 09:57:55,2448.7,83170
2021-05-17 09:57:57,2448.5,83178
2021-05-17 09:58:00,2448.35,83221
2021-05-17 09:58:02,2448.35,83243
2021-05-17 09:58:04,2447.2,83284
2021-05-17 09:58:07,2448.7,83294
2021-05-17 09:58:09,2448.7,83294
2021-05-17 09:58:12,2448.5,83296
2021-05-17 09:58:14,2448.35,83325
2021-05-17 09:58:16,2448.5,83331
2021-05-17 09:58:19,2448.7,83431
2021-05-17 09:58:22,2448.15,83667
2021-05-17 09:58:25,2447.25,83687
2021-05-17 09:58:28,2447.25,83690
2021-05-17 09:58:31,2444.5,83978
2021-05-17 09:58:34,2444.0,84052
2021-05-17 09:58:37,2444.85,84609
2021-05-17 09:58:39,2443.8,84692
2021-05-17 09:58:42,2443.8,84692
2021-05-17 09:58:44,2442.1,84758
2021-05-17 09:58:46,2443.6,84784
2021-05-17 09:58:55,2445.45,84902
2021-05-17 09:58:57,2444.9,84958
2021-05-17 09:59:00,2444.2,84959
2021-05-17 09:59:03,2445.0,84961
2021-05-17 09:59:06,2446.0,85011
2021-05-17 09:59:09,2446.2,85061
2021-05-17 09:59:11,2446.2,85061
2021-05-17 09:59:14,2446.2,85062
2021-05-17 09:59:16,2446.2,85074
2021-05-17 09:59:18,2446.2,85075
2021-05-17 09:59:20,2446.2,85075
2021-05-17 09:59:26,2446.0,85110
2021-05-17 09:59:28,2446.0,85230
2021-05-17 09:59:31,2446.0,85236
2021-05-17 09:59:34,2446.2,85243
2021-05-17 09:59:37,2446.0,85247
2021-05-17 09:59:40,2446.2,85249
2021-05-17 09:59:42,2446.2,85259
2021-05-17 09:59:45,2446.0,85289
2021-05-17 09:59:47,2446.0,85289
2021-05-17 09:59:49,2446.2,85290
2021-05-17 09:59:52,2446.0,85292
2021-05-17 09:59:54,2446.0,85292
2021-05-17 09:59:56,2446.15,85340
2021-05-17 09:59:58,2446.15,85340
2021-05-17 10:00:00,2446.15,85350
2021-05-17 10:00:03,2446.15,85351
2021-05-17 10:00:05,2446.15,85351
2021-05-17 10:00:08,2446.15,85351
2021-05-17 10:00:10,2446.15,85351
2021-05-17 10:00:13,2446.15,85351
2021-05-17 10:00:15,2445.0,85352
2021-05-17 10:00:18,2446.15,85402
2021-05-17 10:00:20,2446.15,85402
2021-05-17 10:00:22,2446.15,85403
2021-05-17 10:00:25,2446.15,85403
2021-05-17 10:00:27,2445.3,85405
2021-05-17 10:00:29,2445.3,85456
2021-05-17 10:00:31,2445.3,85456
2021-05-17 10:00:36,2446.15,85505
2021-05-17 10:00:39,2445.1,85515
2021-05-17 10:00:42,2445.1,85515
2021-05-17 10:00:47,2445.0,85565
2021-05-17 10:00:50,2445.0,85565
2021-05-17 10:00:52,2445.0,85571
2021-05-17 10:00:55,2444.95,85810
2021-05-17 10:00:57,2444.0,85844
2021-05-17 10:00:59,2444.65,85851
2021-05-17 10:01:02,2444.65,85861
2021-05-17 10:01:04,2444.65,85862
2021-05-17 10:01:09,2443.8,85897
2021-05-17 10:01:11,2444.6,85898
2021-05-17 10:01:13,2444.6,85898
2021-05-17 10:01:16,2444.0,85914
2021-05-17 10:01:18,2443.8,85921
2021-05-17 10:01:20,2443.7,85922
2021-05-17 10:01:23,2443.6,85923
2021-05-17 10:01:25,2444.4,85973
2021-05-17 10:01:27,2444.4,86002
2021-05-17 10:01:30,2444.0,86004
2021-05-17 10:01:33,2443.0,86007
2021-05-17 10:01:36,2443.0,86007
2021-05-17 10:01:38,2444.0,86010
2021-05-17 10:01:41,2443.2,86011
2021-05-17 10:01:44,2444.0,86013
2021-05-17 10:01:47,2443.1,86016
2021-05-17 10:01:50,2442.0,86097
2021-05-17 10:01:52,2442.0,86097
2021-05-17 10:01:54,2442.0,86108
2021-05-17 10:01:57,2442.0,86118
2021-05-17 10:01:59,2442.0,86118
2021-05-17 10:02:02,2442.05,86478
2021-05-17 10:02:04,2443.15,86481
2021-05-17 10:02:07,2443.15,86481
2021-05-17 10:02:11,2442.0,86542
2021-05-17 10:02:14,2442.9,86651
2021-05-17 10:02:16,2442.9,86654
2021-05-17 10:02:19,2442.0,86664
2021-05-17 10:02:21,2442.0,86664
2021-05-17 10:02:24,2442.0,86664
2021-05-17 10:02:26,2442.0,86664
2021-05-17 10:02:28,2442.9,86667
2021-05-17 10:02:31,2442.9,86672
2021-05-17 10:02:33,2442.9,86672
2021-05-17 10:02:35,2442.5,86702
2021-05-17 10:02:37,2442.5,86754
2021-05-17 10:02:39,2442.5,86754
2021-05-17 10:02:41,2442.5,86754
2021-05-17 10:02:44,2442.5,86754
2021-05-17 10:02:47,2442.5,86754
2021-05-17 10:02:49,2442.5,86754
2021-05-17 10:02:51,2442.5,86755
2021-05-17 10:02:53,2442.25,86981
2021-05-17 10:02:56,2442.0,87049
2021-05-17 10:02:59,2442.0,87049
2021-05-17 10:03:01,2442.0,87049
2021-05-17 10:03:06,2442.0,87402
2021-05-17 10:03:09,2442.0,87412
2021-05-17 10:03:11,2442.0,87412
2021-05-17 10:03:14,2442.0,87412
2021-05-17 10:03:16,2442.0,87412
2021-05-17 10:03:18,2442.0,87412
2021-05-17 10:03:20,2442.0,87412
2021-05-17 10:03:23,2442.0,87417
2021-05-17 10:03:25,2442.0,87417
2021-05-17 10:03:28,2442.0,87448
2021-05-17 10:03:30,2441.55,87450
2021-05-17 10:03:32,2441.55,87455
2021-05-17 10:03:34,2441.95,87462
2021-05-17 10:03:36,2441.5,87512
2021-05-17 10:03:38,2441.5,87562
2021-05-17 10:03:41,2441.0,87844
2021-05-17 10:03:43,2441.0,87844
2021-05-17 10:03:46,2440.75,87852
2021-05-17 10:03:51,2441.9,87890
2021-05-17 10:03:54,2441.1,88001
2021-05-17 10:03:56,2441.1,88001
2021-05-17 10:03:58,2441.1,88006
2021-05-17 10:04:01,2441.1,88006
2021-05-17 10:04:03,2441.9,88007
2021-05-17 10:04:06,2441.9,88007
2021-05-17 10:04:08,2441.9,88065
2021-05-17 10:04:10,2442.4,88296
2021-05-17 10:04:12,2442.4,88296
2021-05-17 10:04:14,2441.4,88317
2021-05-17 10:04:16,2443.1,88450
2021-05-17 10:04:18,2444.2,88627
2021-05-17 10:04:21,2445.3,89001
2021-05-17 10:04:23,2445.3,89001
2021-05-17 10:04:26,2445.35,89031
2021-05-17 10:04:28,2445.35,89031
2021-05-17 10:04:30,2446.0,89039
2021-05-17 10:04:33,2446.2,89072
2021-05-17 10:04:35,2446.8,89074
2021-05-17 10:04:37,2446.0,89076
2021-05-17 10:04:40,2445.55,89157
2021-05-17 10:04:42,2446.0,89158
2021-05-17 10:04:44,2446.0,89158
2021-05-17 10:04:46,2446.0,89159
2021-05-17 10:04:48,2446.0,89162
2021-05-17 10:04:51,2445.2,89164
2021-05-17 10:04:53,2446.8,89704
2021-05-17 10:04:55,2446.8,89704
2021-05-17 10:04:57,2448.0,89734
2021-05-17 10:05:00,2447.25,89750
2021-05-17 10:05:01,2447.0,89787
2021-05-17 10:05:04,2447.0,89787
2021-05-17 10:05:06,2447.25,89790
2021-05-17 10:05:08,2447.25,89790
2021-05-17 10:05:11,2446.75,89807
2021-05-17 10:05:14,2446.75,89807
2021-05-17 10:05:17,2446.0,89809
2021-05-17 10:05:19,2445.0,89812
2021-05-17 10:05:22,2445.5,89853
2021-05-17 10:05:24,2445.0,89882
2021-05-17 10:05:27,2443.05,89894
2021-05-17 10:05:29,2443.05,89894
2021-05-17 10:05:32,2443.0,89945
2021-05-17 10:05:34,2442.95,89949
2021-05-17 10:05:37,2442.95,89949
2021-05-17 10:05:39,2442.95,89949
2021-05-17 10:05:42,2441.3,90049
2021-05-17 10:05:46,2441.3,90049
2021-05-17 10:05:49,2441.3,90049
2021-05-17 10:05:52,2441.1,90054
2021-05-17 10:05:54,2441.1,90054
2021-05-17 10:05:56,2442.45,90065
2021-05-17 10:05:59,2442.45,90065
2021-05-17 10:06:01,2441.4,90066
2021-05-17 10:06:04,2442.45,90071
2021-05-17 10:06:07,2442.45,90071
2021-05-17 10:06:12,2442.45,90071
2021-05-17 10:06:14,2442.45,90071
2021-05-17 10:06:17,2442.45,90071
2021-05-17 10:06:20,2442.0,90121
2021-05-17 10:06:22,2442.45,90162
2021-05-17 10:06:24,2442.45,90162
2021-05-17 10:06:27,2442.45,90163
2021-05-17 10:06:30,2441.5,90428
2021-05-17 10:06:32,2441.5,90428
2021-05-17 10:06:34,2441.55,90432
2021-05-17 10:06:37,2442.5,90499
2021-05-17 10:06:39,2442.5,90499
2021-05-17 10:06:41,2442.5,90499
2021-05-17 10:06:44,2443.05,90611
2021-05-17 10:06:46,2444.95,90612
2021-05-17 10:06:49,2444.95,90623
2021-05-17 10:06:51,2445.0,90628
2021-05-17 10:06:54,2447.0,91130
2021-05-17 10:06:56,2445.6,91132
2021-05-17 10:06:59,2445.6,91147
2021-05-17 10:07:02,2445.0,91219
2021-05-17 10:07:07,2445.15,91220
2021-05-17 10:07:09,2445.15,91220
2021-05-17 10:07:11,2445.15,91222
2021-05-17 10:07:14,2445.15,91222
2021-05-17 10:07:16,2445.15,91223
2021-05-17 10:07:18,2445.15,91223
2021-05-17 10:07:20,2445.15,91223
2021-05-17 10:07:23,2445.15,91223
2021-05-17 10:07:25,2443.95,91246
2021-05-17 10:07:27,2445.15,91256
2021-05-17 10:07:30,2445.15,91256
2021-05-17 10:07:32,2445.15,91256
2021-05-17 10:07:35,2445.15,91266
2021-05-17 10:07:38,2445.0,91292
2021-05-17 10:07:40,2445.0,91292
2021-05-17 10:07:42,2444.05,91294
2021-05-17 10:07:45,2444.05,91304
2021-05-17 10:07:47,2445.0,91314
2021-05-17 10:07:49,2445.0,91314
2021-05-17 10:07:52,2445.0,91314
2021-05-17 10:07:55,2446.25,91517
2021-05-17 10:07:57,2446.25,91517
2021-05-17 10:07:59,2446.25,91517
2021-05-17 10:08:02,2444.1,91564
2021-05-17 10:08:04,2444.95,91565
2021-05-17 10:08:09,2444.95,91615
2021-05-17 10:08:11,2444.95,91615
2021-05-17 10:08:13,2444.95,91615
2021-05-17 10:08:16,2442.95,91630
2021-05-17 10:08:18,2444.6,91632
2021-05-17 10:08:21,2444.05,91982
2021-05-17 10:08:23,2444.05,91982
2021-05-17 10:08:26,2444.15,91984
2021-05-17 10:08:29,2444.15,91984
2021-05-17 10:08:32,2444.15,91984
2021-05-17 10:08:34,2442.9,92004
2021-05-17 10:08:36,2442.9,92004
2021-05-17 10:08:38,2442.8,92006
2021-05-17 10:08:40,2442.8,92035
2021-05-17 10:08:42,2442.8,92035
2021-05-17 10:08:44,2442.8,92035
2021-05-17 10:08:47,2442.8,92035
2021-05-17 10:08:49,2442.8,92035
2021-05-17 10:08:51,2444.1,92036
2021-05-17 10:08:54,2442.8,92037
2021-05-17 10:08:57,2442.8,92037
2021-05-17 10:08:59,2444.1,92040
2021-05-17 10:09:01,2444.1,92040
2021-05-17 10:09:04,2444.1,92040
2021-05-17 10:09:05,2444.1,92045
2021-05-17 10:09:08,2444.1,92045
2021-05-17 10:09:10,2444.15,92165
2021-05-17 10:09:13,2443.1,92175
2021-05-17 10:09:16,2443.1,92225
2021-05-17 10:09:19,2444.15,92245
2021-05-17 10:09:21,2443.1,92247
2021-05-17 10:09:23,2443.1,92247
2021-05-17 10:09:26,2444.15,92264
2021-05-17 10:09:28,2444.15,92265
2021-05-17 10:09:34,2444.15,92465
2021-05-17 10:09:41,2444.1,92485
2021-05-17 10:09:46,2444.1,92485
2021-05-17 10:09:48,2444.1,92485
2021-05-17 10:09:51,2444.1,92485
2021-05-17 10:09:53,2443.1,92488
2021-05-17 10:09:57,2443.1,92489
2021-05-17 10:09:59,2443.1,92489
2021-05-17 10:10:02,2444.05,92499
2021-05-17 10:10:04,2444.05,92508
2021-05-17 10:10:07,2444.05,92508
2021-05-17 10:10:10,2444.05,92508
2021-05-17 10:10:13,2444.05,92508
2021-05-17 10:10:16,2444.05,92558
2021-05-17 10:10:18,2444.05,92568
2021-05-17 10:10:21,2443.65,92638
2021-05-17 10:10:23,2444.0,92648
2021-05-17 10:10:25,2444.0,92648
2021-05-17 10:10:27,2444.0,92648
2021-05-17 10:10:30,2442.75,92698
2021-05-17 10:10:32,2442.75,92698
2021-05-17 10:10:34,2443.9,92703
2021-05-17 10:10:36,2443.9,92703
2021-05-17 10:10:40,2443.85,92704
2021-05-17 10:10:43,2443.85,92704
2021-05-17 10:10:45,2443.85,92704
2021-05-17 10:10:47,2443.85,92704
2021-05-17 10:10:49,2442.6,92754
2021-05-17 10:10:52,2442.6,92759
2021-05-17 10:10:54,2442.6,92759
2021-05-17 10:10:56,2442.3,93160
2021-05-17 10:10:59,2442.3,93160
2021-05-17 10:11:01,2442.3,93160
2021-05-17 10:11:04,2443.0,93177
2021-05-17 10:11:06,2443.65,93213
2021-05-17 10:11:12,2443.05,93254
2021-05-17 10:11:16,2443.65,93255
2021-05-17 10:11:18,2443.65,93255
2021-05-17 10:11:20,2444.15,93685
2021-05-17 10:11:22,2444.15,93688
2021-05-17 10:11:24,2444.15,93688
2021-05-17 10:11:27,2444.15,93688
2021-05-17 10:11:29,2444.15,93689
2021-05-17 10:11:32,2444.15,93690
2021-05-17 10:11:34,2444.15,93690
2021-05-17 10:11:36,2444.15,93740
2021-05-17 10:11:38,2444.15,93740
2021-05-17 10:11:41,2444.2,94060
2021-05-17 10:11:43,2445.85,94277
2021-05-17 10:11:45,2445.85,94277
2021-05-17 10:11:48,2447.0,94285
2021-05-17 10:11:50,2447.0,94286
2021-05-17 10:11:53,2447.0,94298
2021-05-17 10:11:55,2446.2,94300
2021-05-17 10:11:57,2446.7,94304
2021-05-17 10:12:00,2446.7,94304
2021-05-17 10:12:02,2447.15,94593
2021-05-17 10:12:03,2447.15,94603
2021-05-17 10:12:06,2448.0,94808
2021-05-17 10:12:08,2447.7,94809
2021-05-17 10:12:10,2447.4,94878
2021-05-17 10:12:12,2447.4,94878
2021-05-17 10:12:17,2447.0,95312
2021-05-17 10:12:20,2447.0,95315
2021-05-17 10:12:22,2447.0,95315
2021-05-17 10:12:24,2447.0,95316
2021-05-17 10:12:27,2448.0,95318
2021-05-17 10:12:29,2448.0,95318
2021-05-17 10:12:32,2448.0,95318
2021-05-17 10:12:35,2448.0,95318
2021-05-17 10:12:37,2447.7,95319
2021-05-17 10:12:40,2447.85,95320
2021-05-17 10:12:42,2447.85,95320
2021-05-17 10:12:44,2447.5,96210
2021-05-17 10:12:47,2447.0,96256
2021-05-17 10:12:49,2446.45,96281
2021-05-17 10:12:51,2446.45,96281
2021-05-17 10:12:54,2446.45,96281
2021-05-17 10:12:56,2446.15,96282
2021-05-17 10:12:59,2445.2,96285
2021-05-17 10:13:01,2445.2,96285
2021-05-17 10:13:03,2446.15,96286
2021-05-17 10:13:06,2445.2,96296
2021-05-17 10:13:08,2445.2,96296
2021-05-17 10:13:10,2445.2,96296
2021-05-17 10:13:13,2445.2,96302
2021-05-17 10:13:16,2445.2,96322
2021-05-17 10:13:18,2445.2,96322
2021-05-17 10:13:21,2445.2,96322
2021-05-17 10:13:23,2445.5,96324
2021-05-17 10:13:26,2447.05,96624
2021-05-17 10:13:28,2447.05,96624
2021-05-17 10:13:31,2447.05,96624
2021-05-17 10:13:33,2447.05,96624
2021-05-17 10:13:36,2447.05,96624
2021-05-17 10:13:38,2447.6,96625
2021-05-17 10:13:41,2447.6,96625
2021-05-17 10:13:43,2445.9,96627
2021-05-17 10:13:46,2445.9,96627
2021-05-17 10:13:48,2445.9,96627
2021-05-17 10:13:51,2447.0,96628
2021-05-17 10:13:54,2447.0,96628
2021-05-17 10:13:57,2446.25,96725
2021-05-17 10:14:00,2447.75,96729
2021-05-17 10:14:03,2447.75,96729
2021-05-17 10:14:09,2446.45,96731
2021-05-17 10:14:12,2446.45,96731
2021-05-17 10:14:15,2447.0,96732
2021-05-17 10:14:18,2447.0,96734
2021-05-17 10:14:21,2447.0,96735
2021-05-17 10:14:24,2447.0,96735
2021-05-17 10:14:27,2447.0,96735
2021-05-17 10:14:29,2446.65,96987
2021-05-17 10:14:32,2445.5,97021
2021-05-17 10:14:34,2445.0,97038
2021-05-17 10:14:37,2445.0,97038
2021-05-17 10:14:40,2445.0,97039
2021-05-17 10:14:42,2445.6,97081
2021-05-17 10:14:44,2445.6,97085
2021-05-17 10:14:47,2446.15,97095
2021-05-17 10:14:50,2446.05,97130
2021-05-17 10:14:53,2445.9,97136
2021-05-17 10:14:56,2446.0,97141
2021-05-17 10:14:58,2446.0,97143
2021-05-17 10:15:01,2446.0,97149
2021-05-17 10:15:09,2445.15,97194
2021-05-17 10:15:12,2444.25,97246
2021-05-17 10:15:16,2444.25,97246
2021-05-17 10:15:21,2445.75,97456
2021-05-17 10:15:23,2446.0,97457
2021-05-17 10:15:26,2446.0,97458
2021-05-17 10:15:28,2444.0,97701
2021-05-17 10:15:31,2444.0,97701
2021-05-17 10:15:34,2444.0,97701
2021-05-17 10:15:37,2444.0,97701
2021-05-17 10:15:39,2444.0,97701
2021-05-17 10:15:41,2445.5,97706
2021-05-17 10:15:44,2444.45,97716
2021-05-17 10:15:46,2445.5,97718
2021-05-17 10:15:49,2445.5,97726
2021-05-17 10:15:51,2445.5,97726
2021-05-17 10:15:53,2445.55,97728
2021-05-17 10:15:55,2445.55,97728
2021-05-17 10:15:57,2445.55,97728
2021-05-17 10:15:59,2445.55,97728
2021-05-17 10:16:01,2444.55,97778
2021-05-17 10:16:04,2445.8,97779
2021-05-17 10:16:07,2444.0,97789
2021-05-17 10:16:10,2445.15,97802
2021-05-17 10:16:12,2445.15,97802
2021-05-17 10:16:15,2444.0,97803
2021-05-17 10:16:18,2445.15,97807
2021-05-17 10:16:20,2445.15,97807
2021-05-17 10:16:22,2445.15,97807
2021-05-17 10:16:25,2445.15,97807
2021-05-17 10:16:27,2445.15,97817
2021-05-17 10:16:29,2445.15,97818
2021-05-17 10:16:32,2445.15,97818
2021-05-17 10:16:35,2445.15,97829
2021-05-17 10:16:37,2444.05,97830
2021-05-17 10:16:39,2445.15,97831
2021-05-17 10:16:41,2444.05,97832
2021-05-17 10:16:43,2444.05,97832
2021-05-17 10:16:46,2444.0,97834
2021-05-17 10:16:48,2444.0,97834
2021-05-17 10:16:51,2444.4,97838
2021-05-17 10:16:53,2444.4,97838
2021-05-17 10:16:55,2444.4,97838
2021-05-17 10:16:57,2444.4,97838
2021-05-17 10:17:00,2444.4,97838
2021-05-17 10:17:04,2444.4,97839
2021-05-17 10:17:06,2444.4,97839
2021-05-17 10:17:08,2444.4,97839
2021-05-17 10:17:11,2444.4,97839
2021-05-17 10:17:16,2444.4,97840
2021-05-17 10:17:18,2444.4,97840
2021-05-17 10:17:21,2444.4,97840
2021-05-17 10:17:23,2444.4,97840
2021-05-17 10:17:26,2444.4,97860
2021-05-17 10:17:28,2444.1,97883
2021-05-17 10:17:30,2444.1,97883
2021-05-17 10:17:33,2444.1,97894
2021-05-17 10:17:35,2444.1,97894
2021-05-17 10:17:37,2444.1,97894
2021-05-17 10:17:39,2444.1,97894
2021-05-17 10:17:42,2444.1,97894
2021-05-17 10:17:45,2444.1,97904
2021-05-17 10:17:47,2444.1,97904
2021-05-17 10:17:50,2444.1,97904
2021-05-17 10:17:52,2444.4,97905
2021-05-17 10:17:57,2444.4,97905
2021-05-17 10:17:59,2444.4,97905
2021-05-17 10:18:02,2444.4,97981
2021-05-17 10:18:05,2444.4,97981
2021-05-17 10:18:07,2444.4,97981
2021-05-17 10:18:10,2444.05,97984
2021-05-17 10:18:12,2444.05,97985
2021-05-17 10:18:15,2444.4,98000
2021-05-17 10:18:17,2444.4,98000
2021-05-17 10:18:20,2444.4,98000
2021-05-17 10:18:22,2444.0,98250
2021-05-17 10:18:24,2444.0,98250
2021-05-17 10:18:29,2444.0,98301
2021-05-17 10:18:32,2444.35,98326
2021-05-17 10:18:34,2444.05,98362
2021-05-17 10:18:39,2444.35,98366
2021-05-17 10:18:42,2444.4,98422
2021-05-17 10:18:44,2444.35,98432
2021-05-17 10:18:47,2444.05,98433
2021-05-17 10:18:49,2444.05,98434
2021-05-17 10:18:52,2444.35,98462
2021-05-17 10:18:55,2444.35,98472
2021-05-17 10:18:57,2444.4,98483
2021-05-17 10:18:59,2444.4,98483
2021-05-17 10:19:04,2444.35,98486
2021-05-17 10:19:06,2444.35,98501
2021-05-17 10:19:10,2444.4,98511
2021-05-17 10:19:13,2444.4,98516
2021-05-17 10:19:17,2444.4,98516
2021-05-17 10:19:19,2444.35,98586
2021-05-17 10:19:21,2444.35,98586
2021-05-17 10:19:23,2444.35,98586
2021-05-17 10:19:26,2444.35,98589
2021-05-17 10:19:28,2444.35,98590
2021-05-17 10:19:30,2444.35,98645
2021-05-17 10:19:32,2444.0,98653
2021-05-17 10:19:35,2444.0,98653
2021-05-17 10:19:37,2444.0,98662
2021-05-17 10:19:39,2444.35,98693
2021-05-17 10:19:44,2446.75,100167
2021-05-17 10:19:46,2446.85,102475
2021-05-17 10:19:49,2448.35,102510
2021-05-17 10:19:51,2448.35,102510
2021-05-17 10:19:53,2446.4,103010
2021-05-17 10:19:54,2446.4,103010
2021-05-17 10:19:56,2448.5,103310
2021-05-17 10:19:58,2448.5,103310
2021-05-17 10:20:00,2448.5,103310
2021-05-17 10:20:03,2449.6,104489
2021-05-17 10:20:05,2449.85,104495
2021-05-17 10:20:07,2449.85,104495
2021-05-17 10:20:10,2448.3,104535
2021-05-17 10:20:12,2448.3,104535
2021-05-17 10:20:15,2449.05,104536
2021-05-17 10:20:20,2447.15,104597
2021-05-17 10:20:23,2448.0,104697
2021-05-17 10:20:26,2448.0,104697
2021-05-17 10:20:29,2447.9,104700
2021-05-17 10:20:31,2447.9,104700
2021-05-17 10:20:33,2447.9,104700
2021-05-17 10:20:35,2447.9,104710
2021-05-17 10:20:37,2447.9,104710
2021-05-17 10:20:38,2447.9,104710
2021-05-17 10:20:40,2448.05,104743
2021-05-17 10:20:42,2448.45,104763
2021-05-17 10:20:45,2448.3,104868
2021-05-17 10:20:47,2448.3,104868
2021-05-17 10:20:49,2448.3,104868
2021-05-17 10:20:52,2448.0,104869
2021-05-17 10:20:54,2448.0,104869
2021-05-17 10:20:56,2448.0,104869
2021-05-17 10:20:59,2446.2,104923
2021-05-17 10:21:01,2446.2,104923
2021-05-17 10:21:04,2447.6,104943
2021-05-17 10:21:06,2446.6,104963
2021-05-17 10:21:09,2446.65,105036
2021-05-17 10:21:12,2446.65,105036
2021-05-17 10:21:15,2446.4,105054
2021-05-17 10:21:18,2447.1,105063
2021-05-17 10:21:20,2446.65,105072
2021-05-17 10:21:23,2446.65,105078
2021-05-17 10:21:26,2446.65,105083
2021-05-17 10:21:28,2446.65,105088
2021-05-17 10:21:30,2446.65,105088
2021-05-17 10:21:33,2446.2,105113
2021-05-17 10:21:36,2446.2,105113
2021-05-17 10:21:38,2446.2,105113
2021-05-17 10:21:41,2447.1,105170
2021-05-17 10:21:43,2447.1,105170
2021-05-17 10:21:46,2447.2,105178
2021-05-17 10:21:49,2447.2,105178
2021-05-17 10:21:51,2446.2,105180
2021-05-17 10:21:53,2446.2,105180
2021-05-17 10:21:55,2447.0,105182
2021-05-17 10:21:57,2447.0,105182
2021-05-17 10:22:00,2446.9,105222
2021-05-17 10:22:02,2446.85,105323
2021-05-17 10:22:05,2446.85,105323
2021-05-17 10:22:07,2446.85,105323
2021-05-17 10:22:09,2446.85,105323
2021-05-17 10:22:11,2446.85,105323
2021-05-17 10:22:14,2445.8,105400
2021-05-17 10:22:16,2445.8,105400
2021-05-17 10:22:21,2445.8,105400
2021-05-17 10:22:23,2445.8,105400
2021-05-17 10:22:26,2444.2,105406
2021-05-17 10:22:28,2444.2,105406
2021-05-17 10:22:30,2443.95,106299
2021-05-17 10:22:33,2442.8,106301
2021-05-17 10:22:35,2442.8,106301
2021-05-17 10:22:38,2442.8,106301
2021-05-17 10:22:40,2442.55,106303
2021-05-17 10:22:42,2442.05,106309
2021-05-17 10:22:44,2443.7,106469
2021-05-17 10:22:47,2443.7,106469
2021-05-17 10:22:51,2442.9,106479
2021-05-17 10:22:54,2442.8,106529
2021-05-17 10:22:56,2442.8,106533
2021-05-17 10:22:58,2444.2,106535
2021-05-17 10:23:01,2444.25,106611
2021-05-17 10:23:04,2444.25,106613
2021-05-17 10:23:07,2444.25,106620
2021-05-17 10:23:10,2444.2,106641
2021-05-17 10:23:13,2444.2,106769
2021-05-17 10:23:15,2444.2,106772
2021-05-17 10:23:18,2444.2,106782
2021-05-17 10:23:21,2444.15,106794
2021-05-17 10:23:23,2444.15,106794
2021-05-17 10:23:25,2444.15,106794
2021-05-17 10:23:28,2444.05,106802
2021-05-17 10:23:30,2444.05,106814
2021-05-17 10:23:33,2444.05,106829
2021-05-17 10:23:36,2444.05,106829
2021-05-17 10:23:39,2444.05,106829
2021-05-17 10:23:42,2444.0,106834
2021-05-17 10:23:45,2444.05,106845
2021-05-17 10:23:48,2442.8,106856
2021-05-17 10:23:50,2444.05,106857
2021-05-17 10:23:52,2442.8,106862
2021-05-17 10:23:55,2444.05,106867
2021-05-17 10:23:58,2444.05,106872
2021-05-17 10:24:00,2444.05,106882
2021-05-17 10:24:03,2444.15,106885
2021-05-17 10:24:05,2442.95,106895
2021-05-17 10:24:07,2442.95,106895
2021-05-17 10:24:09,2442.95,106895
2021-05-17 10:24:12,2444.15,106897
2021-05-17 10:24:15,2443.0,106898
2021-05-17 10:24:17,2443.0,106898
2021-05-17 10:24:19,2443.0,106898
2021-05-17 10:24:21,2444.0,106949
2021-05-17 10:24:23,2444.0,106949
2021-05-17 10:24:25,2444.0,106949
2021-05-17 10:24:27,2444.0,106950
2021-05-17 10:24:29,2444.0,106950
2021-05-17 10:24:32,2444.0,106950
2021-05-17 10:24:34,2444.0,106950
2021-05-17 10:24:37,2444.0,106950
2021-05-17 10:24:39,2444.0,106950
2021-05-17 10:24:41,2444.0,106965
2021-05-17 10:24:44,2444.0,106965
2021-05-17 10:24:46,2444.0,107015
2021-05-17 10:24:49,2444.0,107015
2021-05-17 10:24:52,2444.0,107020
2021-05-17 10:24:54,2444.0,107020
2021-05-17 10:24:57,2444.0,107020
2021-05-17 10:25:00,2444.0,107020
2021-05-17 10:25:02,2443.95,107021
2021-05-17 10:25:05,2443.05,107022
2021-05-17 10:25:07,2443.05,107022
2021-05-17 10:25:10,2443.05,107025
2021-05-17 10:25:12,2443.9,107026
2021-05-17 10:25:15,2443.05,107027
2021-05-17 10:25:17,2443.05,107027
2021-05-17 10:25:19,2443.05,107073
2021-05-17 10:25:21,2443.05,107083
2021-05-17 10:25:23,2443.05,107085
2021-05-17 10:25:25,2443.05,107085
2021-05-17 10:25:28,2443.05,107085
2021-05-17 10:25:30,2443.05,107085
2021-05-17 10:25:32,2443.9,107086
2021-05-17 10:25:34,2443.05,107087
2021-05-17 10:25:36,2443.05,107087
2021-05-17 10:25:38,2443.9,107098
2021-05-17 10:25:40,2443.05,107128
2021-05-17 10:25:41,2443.05,107144
2021-05-17 10:25:43,2443.9,107160
2021-05-17 10:25:45,2443.9,107160
2021-05-17 10:25:48,2443.05,107163
2021-05-17 10:25:50,2443.05,107163
2021-05-17 10:25:52,2444.0,107195
2021-05-17 10:25:54,2444.0,107195
2021-05-17 10:25:57,2443.05,107196
2021-05-17 10:25:59,2443.05,107196
2021-05-17 10:26:02,2444.0,107221
2021-05-17 10:26:05,2444.0,107221
2021-05-17 10:26:07,2443.95,107227
2021-05-17 10:26:09,2443.1,107231
2021-05-17 10:26:11,2443.1,107231
2021-05-17 10:26:13,2443.1,107231
2021-05-17 10:26:15,2443.1,107235
2021-05-17 10:26:18,2443.1,107240
2021-05-17 10:26:23,2443.1,107241
2021-05-17 10:26:25,2443.1,107241
2021-05-17 10:26:27,2444.0,107243
2021-05-17 10:26:30,2443.1,107258
2021-05-17 10:26:32,2443.1,107258
2021-05-17 10:26:35,2444.0,107259
2021-05-17 10:26:37,2444.0,107259
2021-05-17 10:26:39,2444.0,107259
2021-05-17 10:26:42,2444.0,107264
2021-05-17 10:26:44,2444.0,107264
2021-05-17 10:26:46,2444.0,107264
2021-05-17 10:26:50,2444.0,107277
2021-05-17 10:26:54,2444.0,107277
2021-05-17 10:26:56,2444.0,107277
2021-05-17 10:26:59,2444.0,107277
2021-05-17 10:27:01,2444.0,107277
2021-05-17 10:27:03,2443.1,107297
2021-05-17 10:27:06,2443.1,107297
2021-05-17 10:27:08,2443.1,107301
2021-05-17 10:27:10,2443.1,107301
2021-05-17 10:27:12,2443.1,107301
2021-05-17 10:27:13,2443.1,107301
2021-05-17 10:27:16,2443.15,107401
2021-05-17 10:27:18,2442.8,107468
2021-05-17 10:27:20,2442.8,107519
2021-05-17 10:27:22,2442.8,107519
2021-05-17 10:27:24,2443.0,107569
2021-05-17 10:27:27,2443.4,107573
2021-05-17 10:27:30,2444.15,107581
2021-05-17 10:27:32,2443.4,107582
2021-05-17 10:27:34,2443.4,107583
2021-05-17 10:27:36,2442.8,107623
2021-05-17 10:27:38,2442.8,107623
2021-05-17 10:27:40,2442.8,107623
2021-05-17 10:27:42,2442.8,107623
2021-05-17 10:27:44,2442.8,107623
2021-05-17 10:27:46,2442.8,107623
2021-05-17 10:27:48,2443.0,107637
2021-05-17 10:27:50,2443.0,107637
2021-05-17 10:27:52,2443.0,107637
2021-05-17 10:27:54,2443.0,107637
2021-05-17 10:27:56,2443.0,107637
2021-05-17 10:27:58,2443.0,107637
2021-05-17 10:28:00,2443.0,107647
2021-05-17 10:28:03,2443.1,107671
2021-05-17 10:28:05,2443.5,107694
2021-05-17 10:28:07,2444.15,107695
2021-05-17 10:28:11,2444.15,107695
2021-05-17 10:28:13,2444.15,107730
2021-05-17 10:28:16,2445.0,107884
2021-05-17 10:28:18,2446.6,107890
2021-05-17 10:28:21,2446.6,107890
2021-05-17 10:28:23,2444.9,107905
2021-05-17 10:28:25,2446.6,107918
2021-05-17 10:28:27,2446.6,107928
2021-05-17 10:28:30,2445.0,107958
2021-05-17 10:28:32,2445.4,107971
2021-05-17 10:28:35,2445.4,107971
2021-05-17 10:28:37,2445.4,107971
2021-05-17 10:28:40,2445.4,107982
2021-05-17 10:28:42,2445.4,108001
2021-05-17 10:28:44,2445.4,108001
2021-05-17 10:28:47,2445.0,108004
2021-05-17 10:28:49,2445.0,108004
2021-05-17 10:28:51,2445.0,108024
2021-05-17 10:28:52,2445.0,108026
2021-05-17 10:28:54,2445.0,108029
2021-05-17 10:28:56,2445.4,108063
2021-05-17 10:28:58,2445.4,108063
2021-05-17 10:29:00,2445.4,108063
2021-05-17 10:29:02,2447.0,108072
2021-05-17 10:29:04,2447.0,108074
2021-05-17 10:29:05,2447.0,108074
2021-05-17 10:29:07,2445.8,108124
2021-05-17 10:29:09,2445.8,108124
2021-05-17 10:29:11,2445.6,108127
2021-05-17 10:29:14,2446.3,109069
2021-05-17 10:29:16,2446.05,109072
2021-05-17 10:29:19,2446.05,109072
2021-05-17 10:29:22,2446.05,109072
2021-05-17 10:29:25,2446.05,109072
2021-05-17 10:29:27,2446.05,109072
2021-05-17 10:29:29,2445.6,109078
2021-05-17 10:29:32,2445.6,109078
2021-05-17 10:29:34,2445.6,109078
2021-05-17 10:29:36,2446.9,109088
2021-05-17 10:29:38,2446.9,109088
2021-05-17 10:29:40,2446.9,109088
2021-05-17 10:29:42,2446.9,109088
2021-05-17 10:29:44,2446.9,109088
2021-05-17 10:29:46,2446.9,109088
2021-05-17 10:29:48,2446.9,109088
2021-05-17 10:29:50,2446.8,109089
2021-05-17 10:29:53,2446.0,109095
2021-05-17 10:29:55,2446.0,109115
2021-05-17 10:29:58,2445.6,109165
2021-05-17 10:30:00,2445.6,109165
2021-05-17 10:30:02,2445.6,109175
2021-05-17 10:30:05,2446.85,109255
2021-05-17 10:30:08,2447.0,109259
2021-05-17 10:30:11,2447.9,109353
2021-05-17 10:30:15,2447.9,109353
2021-05-17 10:30:18,2447.9,109353
2021-05-17 10:30:20,2447.9,109370
2021-05-17 10:30:23,2447.9,109374
2021-05-17 10:30:28,2447.9,109377
2021-05-17 10:30:31,2447.9,109377
2021-05-17 10:30:34,2447.9,109377
2021-05-17 10:30:36,2446.85,109381
2021-05-17 10:30:38,2446.85,109381
2021-05-17 10:30:41,2446.85,109381
2021-05-17 10:30:43,2446.85,109386
2021-05-17 10:30:45,2447.9,109406
2021-05-17 10:30:47,2447.9,109414
2021-05-17 10:30:50,2447.9,109417
2021-05-17 10:30:52,2447.9,109417
2021-05-17 10:30:54,2447.9,109465
2021-05-17 10:30:57,2447.9,109473
2021-05-17 10:30:59,2446.85,109474
2021-05-17 10:31:02,2446.85,109474
2021-05-17 10:31:04,2446.85,109476
2021-05-17 10:31:07,2446.85,109476
2021-05-17 10:31:09,2446.6,109580
2021-05-17 10:31:12,2446.6,109580
2021-05-17 10:31:14,2446.6,109580
2021-05-17 10:31:17,2446.6,109580
2021-05-17 10:31:19,2447.0,109588
2021-05-17 10:31:21,2447.0,109588
2021-05-17 10:31:24,2447.0,109588
2021-05-17 10:31:26,2447.0,109588
2021-05-17 10:31:28,2447.0,109588
2021-05-17 10:31:31,2447.55,109589
2021-05-17 10:31:33,2447.55,109589
2021-05-17 10:31:36,2447.55,109593
2021-05-17 10:31:38,2447.55,109594
2021-05-17 10:31:40,2447.55,109604
2021-05-17 10:31:43,2446.3,109694
2021-05-17 10:31:45,2446.3,109694
2021-05-17 10:31:47,2446.3,109694
2021-05-17 10:31:49,2446.3,109694
2021-05-17 10:31:51,2446.3,109694
2021-05-17 10:31:53,2446.3,109694
2021-05-17 10:31:55,2446.3,109694
2021-05-17 10:31:58,2446.3,109694
2021-05-17 10:32:00,2447.2,109708
2021-05-17 10:32:02,2447.15,109713
2021-05-17 10:32:05,2447.15,109717
2021-05-17 10:32:08,2447.15,109717
2021-05-17 10:32:09,2445.9,109727
2021-05-17 10:32:12,2447.1,109734
2021-05-17 10:32:14,2447.1,109754
2021-05-17 10:32:16,2446.3,109755
2021-05-17 10:32:18,2446.3,109756
2021-05-17 10:32:20,2446.3,109756
2021-05-17 10:32:23,2446.3,109756
2021-05-17 10:32:25,2447.0,109759
2021-05-17 10:32:27,2447.0,109759
2021-05-17 10:32:29,2447.0,109759
2021-05-17 10:32:34,2447.0,109760
2021-05-17 10:32:36,2446.95,109762
2021-05-17 10:32:38,2446.95,109762
2021-05-17 10:32:41,2446.95,109762
2021-05-17 10:32:43,2446.95,109762
2021-05-17 10:32:45,2446.3,109772
2021-05-17 10:32:47,2446.3,109772
2021-05-17 10:32:50,2446.3,109772
2021-05-17 10:32:52,2446.95,109773
2021-05-17 10:32:55,2446.95,109774
2021-05-17 10:32:57,2446.95,109774
2021-05-17 10:32:59,2446.3,109790
2021-05-17 10:33:01,2446.95,109800
2021-05-17 10:33:05,2447.2,110162
2021-05-17 10:33:09,2447.2,110214
2021-05-17 10:33:11,2447.2,110225
2021-05-17 10:33:13,2447.1,110250
2021-05-17 10:33:17,2448.0,110884
2021-05-17 10:33:19,2448.0,110884
2021-05-17 10:33:23,2448.0,110884
2021-05-17 10:33:25,2448.0,110884
2021-05-17 10:33:27,2448.0,110890
2021-05-17 10:33:29,2447.95,110900
2021-05-17 10:33:31,2447.9,110910
2021-05-17 10:33:33,2448.3,110922
2021-05-17 10:33:35,2448.3,110930
2021-05-17 10:33:36,2448.3,110960
2021-05-17 10:33:38,2448.3,110960
2021-05-17 10:33:40,2448.5,110968
2021-05-17 10:33:42,2448.5,110972
2021-05-17 10:33:44,2448.5,110972
2021-05-17 10:33:47,2448.5,110972
2021-05-17 10:33:49,2448.5,110972
2021-05-17 10:33:51,2448.5,110972
2021-05-17 10:33:53,2448.5,111002
2021-05-17 10:33:54,2448.5,111002
2021-05-17 10:33:56,2448.5,111007
2021-05-17 10:34:00,2448.3,111051
2021-05-17 10:34:01,2448.5,111065
2021-05-17 10:34:03,2448.3,111067
2021-05-17 10:34:05,2448.5,111181
2021-05-17 10:34:08,2448.85,111231
2021-05-17 10:34:10,2448.85,111231
2021-05-17 10:34:12,2448.95,111236
2021-05-17 10:34:14,2448.95,111236
2021-05-17 10:34:15,2449.2,111289
2021-05-17 10:34:17,2449.2,111289
2021-05-17 10:34:21,2451.55,113179
2021-05-17 10:34:25,2451.15,113374
2021-05-17 10:34:26,2452.6,113399
2021-05-17 10:34:28,2452.55,113401
2021-05-17 10:34:30,2452.55,113401
2021-05-17 10:34:32,2452.0,113403
2021-05-17 10:34:34,2452.0,113405
2021-05-17 10:34:36,2452.0,113405
2021-05-17 10:34:38,2452.0,113703
2021-05-17 10:34:40,2452.0,113704
2021-05-17 10:34:42,2452.05,114227
2021-05-17 10:34:43,2452.0,114329
2021-05-17 10:34:45,2451.9,114344
2021-05-17 10:34:47,2450.15,114358
2021-05-17 10:34:49,2451.9,114408
2021-05-17 10:34:50,2451.9,114408
2021-05-17 10:34:52,2450.25,114448
2021-05-17 10:34:54,2450.25,114500
2021-05-17 10:34:56,2450.25,114500
2021-05-17 10:34:58,2451.75,114550
2021-05-17 10:35:01,2451.75,114550
2021-05-17 10:35:03,2452.55,115235
2021-05-17 10:35:05,2452.9,115589
2021-05-17 10:35:07,2450.05,116414
2021-05-17 10:35:09,2452.25,116448
2021-05-17 10:35:12,2452.25,116453
2021-05-17 10:35:14,2453.25,116494
2021-05-17 10:35:17,2453.25,116494
2021-05-17 10:35:19,2453.25,116495
2021-05-17 10:35:22,2452.05,116505
2021-05-17 10:35:24,2452.35,116694
2021-05-17 10:35:27,2454.0,116697
2021-05-17 10:35:29,2453.25,116698
2021-05-17 10:35:31,2452.85,116764
2021-05-17 10:35:34,2454.35,116887
2021-05-17 10:35:36,2452.95,116897
2021-05-17 10:35:38,2454.35,116912
2021-05-17 10:35:41,2454.35,116913
2021-05-17 10:35:43,2454.35,116935
2021-05-17 10:35:45,2454.35,116935
2021-05-17 10:35:46,2454.35,116935
2021-05-17 10:35:48,2453.0,116955
2021-05-17 10:35:50,2454.35,116962
2021-05-17 10:35:52,2454.35,116962
2021-05-17 10:35:54,2454.35,116962
2021-05-17 10:35:56,2455.0,117530
2021-05-17 10:35:58,2454.25,117533
2021-05-17 10:35:59,2454.25,117533
2021-05-17 10:36:01,2454.25,117535
2021-05-17 10:36:02,2455.0,117609
2021-05-17 10:36:04,2454.25,117612
2021-05-17 10:36:06,2454.05,117988
2021-05-17 10:36:08,2454.05,117988
2021-05-17 10:36:10,2454.25,117999
2021-05-17 10:36:12,2454.25,118075
2021-05-17 10:36:14,2454.5,118110
2021-05-17 10:36:16,2454.25,118125
2021-05-17 10:36:18,2454.05,118135
2021-05-17 10:36:19,2454.25,118210
2021-05-17 10:36:22,2454.25,118212
2021-05-17 10:36:24,2454.95,118233
2021-05-17 10:36:26,2454.95,118233
2021-05-17 10:36:28,2455.0,118363
2021-05-17 10:36:29,2455.0,118373
2021-05-17 10:36:30,2455.0,118785
2021-05-17 10:36:31,2457.9,119387
2021-05-17 10:36:32,2457.75,119467
2021-05-17 10:36:33,2457.7,119499
2021-05-17 10:36:34,2457.7,119521
2021-05-17 10:36:35,2456.25,119541
2021-05-17 10:36:36,2456.25,119541
2021-05-17 10:36:37,2456.25,119541
2021-05-17 10:36:37,2456.25,119541
2021-05-17 10:36:38,2457.0,119543
2021-05-17 10:36:40,2457.0,119603
2021-05-17 10:36:41,2457.0,119603
2021-05-17 10:36:41,2457.0,119603
2021-05-17 10:36:42,2457.0,119609
2021-05-17 10:36:43,2456.0,119629
2021-05-17 10:36:44,2457.0,119639
2021-05-17 10:36:45,2456.25,119641
2021-05-17 10:36:46,2456.25,119641
2021-05-17 10:36:48,2456.25,119641
2021-05-17 10:36:49,2456.45,119740
2021-05-17 10:36:50,2458.0,119825
2021-05-17 10:36:51,2458.0,119825
2021-05-17 10:36:52,2458.0,119825
2021-05-17 10:36:52,2458.0,119825
2021-05-17 10:36:54,2456.4,119826
2021-05-17 10:36:55,2456.4,119826
2021-05-17 10:36:56,2456.4,119826
2021-05-17 10:36:57,2457.0,119827
2021-05-17 10:36:57,2456.4,119826
2021-05-17 10:36:59,2456.3,119837
2021-05-17 10:37:00,2456.3,119837
2021-05-17 10:37:01,2456.1,119937
2021-05-17 10:37:02,2457.0,119938
2021-05-17 10:37:03,2456.05,119963
2021-05-17 10:37:04,2456.0,120064
2021-05-17 10:37:04,2456.0,120064
2021-05-17 10:37:05,2456.0,120064
2021-05-17 10:37:06,2456.0,120064
2021-05-17 10:37:08,2456.25,120084
2021-05-17 10:37:09,2456.25,120086
2021-05-17 10:37:10,2456.25,120101
2021-05-17 10:37:11,2456.25,120101
2021-05-17 10:37:12,2456.25,120102
2021-05-17 10:37:12,2455.7,120152
2021-05-17 10:37:14,2454.95,120372
2021-05-17 10:37:15,2454.95,120372
2021-05-17 10:37:16,2455.4,120382
2021-05-17 10:37:17,2455.4,120382
2021-05-17 10:37:18,2455.4,120382
2021-05-17 10:37:19,2455.15,120434
2021-05-17 10:37:20,2454.75,120692
2021-05-17 10:37:20,2454.7,120684
2021-05-17 10:37:21,2454.7,120717
2021-05-17 10:37:22,2454.7,120717
2021-05-17 10:37:23,2455.4,120727
2021-05-17 10:37:24,2455.1,120757
2021-05-17 10:37:26,2455.1,120757
2021-05-17 10:37:27,2455.3,120820
2021-05-17 10:37:28,2455.3,120820
2021-05-17 10:37:29,2455.3,120820
2021-05-17 10:37:30,2455.3,120820
2021-05-17 10:37:30,2455.3,120820
2021-05-17 10:37:32,2455.3,120907
2021-05-17 10:37:33,2455.3,120908
2021-05-17 10:37:34,2455.25,120933
2021-05-17 10:37:35,2455.25,120933
2021-05-17 10:37:36,2456.25,120976
2021-05-17 10:37:37,2455.85,121007
2021-05-17 10:37:38,2456.85,121008
2021-05-17 10:37:39,2456.85,121008
2021-05-17 10:37:40,2456.85,121008
2021-05-17 10:37:41,2457.0,121082
2021-05-17 10:37:42,2457.3,121083
2021-05-17 10:37:44,2458.0,121164
2021-05-17 10:37:45,2456.7,121166
2021-05-17 10:37:46,2458.0,121170
2021-05-17 10:37:47,2458.0,121230
2021-05-17 10:37:48,2456.3,121580
2021-05-17 10:37:49,2457.85,121780
2021-05-17 10:37:50,2458.0,121790
2021-05-17 10:37:51,2457.0,121801
2021-05-17 10:37:51,2457.0,121801
2021-05-17 10:37:52,2456.2,121805
2021-05-17 10:37:54,2457.85,121806
2021-05-17 10:37:55,2457.85,121806
2021-05-17 10:37:56,2458.0,121821
2021-05-17 10:37:57,2458.0,121821
2021-05-17 10:37:58,2456.9,121822
2021-05-17 10:37:58,2457.95,121841
2021-05-17 10:38:00,2457.95,121841
2021-05-17 10:38:01,2457.95,121841
2021-05-17 10:38:02,2458.0,122177
2021-05-17 10:38:03,2458.95,122230
2021-05-17 10:38:04,2458.95,122230
2021-05-17 10:38:05,2458.95,122230
2021-05-17 10:38:06,2458.95,122230
2021-05-17 10:38:07,2458.0,122280
2021-05-17 10:38:08,2459.0,122339
2021-05-17 10:38:09,2459.0,122339
2021-05-17 10:38:10,2459.0,122339
2021-05-17 10:38:11,2459.0,122380
2021-05-17 10:38:12,2459.0,122381
2021-05-17 10:38:13,2458.0,122391
2021-05-17 10:38:14,2458.95,122394
2021-05-17 10:38:15,2458.95,122396
2021-05-17 10:38:15,2458.95,122394
2021-05-17 10:38:16,2458.95,122396
2021-05-17 10:38:17,2458.0,122596
2021-05-17 10:38:19,2458.0,122596
2021-05-17 10:38:20,2458.0,122596
2021-05-17 10:38:21,2458.0,122596
2021-05-17 10:38:21,2458.9,122646
2021-05-17 10:38:22,2457.0,123143
2021-05-17 10:38:23,2457.0,123143
2021-05-17 10:38:24,2457.0,123143
2021-05-17 10:38:25,2457.0,123144
2021-05-17 10:38:27,2457.0,123144
2021-05-17 10:38:28,2457.0,123144
2021-05-17 10:38:29,2457.0,123144
2021-05-17 10:38:30,2457.6,123199
2021-05-17 10:38:31,2457.6,123199
2021-05-17 10:38:32,2457.6,123199
2021-05-17 10:38:33,2457.6,123199
2021-05-17 10:38:34,2457.6,123205
2021-05-17 10:38:35,2457.6,123205
2021-05-17 10:38:36,2457.6,123205
2021-05-17 10:38:37,2457.15,123215
2021-05-17 10:38:38,2457.15,123215
2021-05-17 10:38:39,2457.15,123215
2021-05-17 10:38:41,2459.0,123407
2021-05-17 10:38:42,2459.0,123408
2021-05-17 10:38:43,2459.0,123408
2021-05-17 10:38:44,2459.0,123408
2021-05-17 10:38:45,2459.0,123408
2021-05-17 10:38:46,2459.0,123408
2021-05-17 10:38:47,2459.0,123413
2021-05-17 10:38:48,2458.1,123473
2021-05-17 10:38:49,2458.1,123473
2021-05-17 10:38:50,2459.0,123524
2021-05-17 10:38:51,2460.5,125092
2021-05-17 10:38:52,2460.4,125106
2021-05-17 10:38:53,2460.3,125206
2021-05-17 10:38:54,2460.35,125231
2021-05-17 10:38:55,2460.35,125231
2021-05-17 10:38:56,2462.95,125481
2021-05-17 10:38:57,2462.2,125698
2021-05-17 10:38:58,2462.25,125768
2021-05-17 10:38:59,2462.6,125790
2021-05-17 10:39:00,2462.6,125790
2021-05-17 10:39:01,2462.0,125800
2021-05-17 10:39:02,2462.0,125826
2021-05-17 10:39:02,2462.0,125801
2021-05-17 10:39:04,2462.0,125892
2021-05-17 10:39:05,2462.0,125892
2021-05-17 10:39:06,2462.0,125902
2021-05-17 10:39:07,2462.0,125903
2021-05-17 10:39:09,2462.0,125903
2021-05-17 10:39:11,2460.95,125954
2021-05-17 10:39:13,2461.8,126065
2021-05-17 10:39:14,2461.8,126066
2021-05-17 10:39:15,2460.6,126067
2021-05-17 10:39:16,2460.6,126067
2021-05-17 10:39:17,2460.6,126067
2021-05-17 10:39:18,2460.6,126068
2021-05-17 10:39:19,2460.6,126068
2021-05-17 10:39:20,2461.8,126071
2021-05-17 10:39:21,2460.6,126081
2021-05-17 10:39:22,2460.6,126094
2021-05-17 10:39:23,2461.75,126132
2021-05-17 10:39:24,2461.75,126132
2021-05-17 10:39:25,2461.75,126132
2021-05-17 10:39:26,2460.6,126138
2021-05-17 10:39:27,2460.6,126138
2021-05-17 10:39:28,2461.7,126223
2021-05-17 10:39:29,2461.7,126223
2021-05-17 10:39:30,2461.7,126223
2021-05-17 10:39:31,2461.0,126744
2021-05-17 10:39:32,2461.0,126744
2021-05-17 10:39:33,2461.0,126749
2021-05-17 10:39:34,2461.5,126751
2021-05-17 10:39:35,2461.5,126751
2021-05-17 10:39:36,2461.0,126786
2021-05-17 10:39:37,2461.0,126786
2021-05-17 10:39:38,2461.0,126786
2021-05-17 10:39:39,2461.0,126794
2021-05-17 10:39:40,2461.4,126806
2021-05-17 10:39:41,2461.0,126807
2021-05-17 10:39:42,2461.0,126832
2021-05-17 10:39:43,2461.0,126833
2021-05-17 10:39:44,2461.0,126844
2021-05-17 10:39:45,2461.5,126846
2021-05-17 10:39:46,2461.0,126866
2021-05-17 10:39:47,2461.0,126866
2021-05-17 10:39:48,2461.0,126886
2021-05-17 10:39:49,2461.0,126901
2021-05-17 10:39:50,2461.25,126961
2021-05-17 10:39:52,2461.25,127012
2021-05-17 10:39:53,2461.25,127020
2021-05-17 10:39:54,2461.25,127020
2021-05-17 10:39:55,2461.0,127030
2021-05-17 10:39:56,2461.0,127030
2021-05-17 10:39:57,2461.0,127042
2021-05-17 10:39:58,2461.0,127042
2021-05-17 10:39:59,2461.0,127072
2021-05-17 10:40:00,2461.0,127073
2021-05-17 10:40:01,2461.0,127163
2021-05-17 10:40:02,2461.0,127163
2021-05-17 10:40:04,2461.0,127165
2021-05-17 10:40:05,2461.0,127165
2021-05-17 10:40:06,2461.25,127423
2021-05-17 10:40:07,2461.0,127523
2021-05-17 10:40:08,2461.0,127544
2021-05-17 10:40:09,2461.0,127544
2021-05-17 10:40:10,2462.6,128207
2021-05-17 10:40:11,2461.3,128208
2021-05-17 10:40:12,2461.0,128263
2021-05-17 10:40:13,2461.0,128263
2021-05-17 10:40:15,2461.0,128263
2021-05-17 10:40:14,2461.0,128263
2021-05-17 10:40:16,2461.0,128268
2021-05-17 10:40:17,2461.0,128269
2021-05-17 10:40:18,2462.25,128369
2021-05-17 10:40:19,2461.0,128372
2021-05-17 10:40:20,2461.0,128372
2021-05-17 10:40:21,2462.25,128387
2021-05-17 10:40:22,2462.25,128388
2021-05-17 10:40:23,2462.25,128388
2021-05-17 10:40:24,2462.25,128388
2021-05-17 10:40:25,2462.25,128388
2021-05-17 10:40:26,2462.25,128388
2021-05-17 10:40:27,2462.0,128393
2021-05-17 10:40:28,2462.0,128393
2021-05-17 10:40:29,2462.2,128408
2021-05-17 10:40:30,2462.2,128408
2021-05-17 10:40:31,2462.2,128408
2021-05-17 10:40:32,2462.2,128408
2021-05-17 10:40:34,2462.2,128408
2021-05-17 10:40:35,2462.2,128440
2021-05-17 10:40:36,2462.0,128485
2021-05-17 10:40:37,2461.0,128565
2021-05-17 10:40:38,2461.0,128565
2021-05-17 10:40:39,2461.0,128568
2021-05-17 10:40:40,2461.95,128636
2021-05-17 10:40:41,2461.95,128643
2021-05-17 10:40:42,2461.95,128643
2021-05-17 10:40:43,2461.95,128643
2021-05-17 10:40:45,2462.0,128753
2021-05-17 10:40:46,2462.1,128844
2021-05-17 10:40:48,2460.6,128859
2021-05-17 10:40:49,2460.6,128859
2021-05-17 10:40:50,2460.3,128870
2021-05-17 10:40:51,2461.15,128910
2021-05-17 10:40:52,2460.0,128915
2021-05-17 10:40:54,2459.6,128993
2021-05-17 10:40:55,2460.1,128994
2021-05-17 10:40:56,2460.1,128994
2021-05-17 10:40:57,2460.1,128994
2021-05-17 10:40:58,2460.1,128999
2021-05-17 10:40:59,2460.1,129004
2021-05-17 10:41:00,2460.1,129004
2021-05-17 10:41:01,2460.1,129004
2021-05-17 10:41:02,2460.1,129004
2021-05-17 10:41:03,2460.5,129009
2021-05-17 10:41:04,2460.0,129165
2021-05-17 10:41:05,2460.0,129165
2021-05-17 10:41:06,2460.0,129265
2021-05-17 10:41:07,2460.0,129265
2021-05-17 10:41:09,2460.0,129265
2021-05-17 10:41:10,2458.55,129271
2021-05-17 10:41:11,2458.5,129296
2021-05-17 10:41:12,2457.5,129490
2021-05-17 10:41:13,2458.85,129494
2021-05-17 10:41:14,2458.85,129497
2021-05-17 10:41:15,2459.0,129499
2021-05-17 10:41:16,2457.9,129509
2021-05-17 10:41:17,2457.9,129509
2021-05-17 10:41:18,2457.9,129509
2021-05-17 10:41:19,2457.9,129509
2021-05-17 10:41:20,2459.0,129512
2021-05-17 10:41:21,2457.95,129531
2021-05-17 10:41:22,2457.95,129531
2021-05-17 10:41:23,2457.9,129600
2021-05-17 10:41:24,2457.9,129600
2021-05-17 10:41:25,2457.9,129629
2021-05-17 10:41:26,2457.0,130192
2021-05-17 10:41:27,2457.0,130192
2021-05-17 10:41:28,2457.0,130198
2021-05-17 10:41:29,2457.0,130199
2021-05-17 10:41:30,2456.15,130215
2021-05-17 10:41:31,2457.0,130216
2021-05-17 10:41:32,2457.0,130389
2021-05-17 10:41:33,2458.3,130609
2021-05-17 10:41:34,2457.7,130629
2021-05-17 10:41:35,2458.5,130703
2021-05-17 10:41:36,2460.0,130707
2021-05-17 10:41:38,2460.3,130904
2021-05-17 10:41:39,2460.3,130904
2021-05-17 10:41:40,2460.3,130904
2021-05-17 10:41:41,2459.25,130906
2021-05-17 10:41:42,2459.0,130907
2021-05-17 10:41:43,2460.0,130914
2021-05-17 10:41:44,2460.0,130914
2021-05-17 10:41:45,2460.0,130914
2021-05-17 10:41:46,2460.0,130914
2021-05-17 10:41:47,2460.0,130914
2021-05-17 10:41:48,2459.25,130917
2021-05-17 10:41:49,2458.65,130921
2021-05-17 10:41:50,2459.25,130922
2021-05-17 10:41:51,2459.25,130922
2021-05-17 10:41:52,2459.25,130922
2021-05-17 10:41:53,2459.45,131033
2021-05-17 10:41:54,2459.45,131033
2021-05-17 10:41:55,2459.25,131034
2021-05-17 10:41:56,2459.25,131034
2021-05-17 10:41:57,2458.25,131138
2021-05-17 10:41:58,2456.35,131188
2021-05-17 10:41:59,2456.35,131188
2021-05-17 10:42:00,2456.35,131188
2021-05-17 10:42:01,2456.35,131188
2021-05-17 10:42:02,2455.45,131203
2021-05-17 10:42:03,2456.85,131371
2021-05-17 10:42:04,2455.5,131391
2021-05-17 10:42:05,2456.45,131401
2021-05-17 10:42:06,2456.3,131423
2021-05-17 10:42:07,2455.1,131440
2021-05-17 10:42:08,2455.1,131450
2021-05-17 10:42:09,2455.1,131450
2021-05-17 10:42:10,2454.85,131451
2021-05-17 10:42:11,2454.35,131457
2021-05-17 10:42:12,2454.35,131457
2021-05-17 10:42:13,2454.3,131459
2021-05-17 10:42:14,2454.0,131572
2021-05-17 10:42:16,2454.0,131572
2021-05-17 10:42:16,2454.0,131572
2021-05-17 10:42:18,2454.0,131572
2021-05-17 10:42:18,2454.0,131572
2021-05-17 10:42:19,2454.05,131575
2021-05-17 10:42:20,2454.0,131596
2021-05-17 10:42:21,2454.0,131601
2021-05-17 10:42:22,2454.85,131603
2021-05-17 10:42:23,2455.0,131614
2021-05-17 10:42:24,2455.0,131614
2021-05-17 10:42:25,2455.0,131614
2021-05-17 10:42:27,2455.0,131615
2021-05-17 10:42:27,2455.0,131615
2021-05-17 10:42:28,2455.0,131615
2021-05-17 10:42:29,2455.0,131615
2021-05-17 10:42:30,2454.95,131621
2021-05-17 10:42:31,2454.95,131621
2021-05-17 10:42:33,2454.95,131621
2021-05-17 10:42:34,2454.0,131627
2021-05-17 10:42:36,2455.0,132127
2021-05-17 10:42:37,2455.0,132127
2021-05-17 10:42:38,2455.0,132127
2021-05-17 10:42:39,2455.0,132127
2021-05-17 10:42:40,2455.9,132130
2021-05-17 10:42:41,2455.7,132180
2021-05-17 10:42:42,2455.7,132180
2021-05-17 10:42:43,2455.7,132180
2021-05-17 10:42:44,2455.0,132181
2021-05-17 10:42:45,2455.0,132188
2021-05-17 10:42:46,2455.0,132188
2021-05-17 10:42:47,2456.35,132189
2021-05-17 10:42:48,2456.35,132205
2021-05-17 10:42:49,2456.35,132205
2021-05-17 10:42:50,2456.35,132242
2021-05-17 10:42:51,2455.0,132247
2021-05-17 10:42:52,2455.0,132247
2021-05-17 10:42:53,2455.0,132247
2021-05-17 10:42:54,2455.0,132247
2021-05-17 10:42:55,2455.0,132247
2021-05-17 10:42:56,2455.0,132247
2021-05-17 10:42:57,2455.0,132247
2021-05-17 10:42:58,2455.0,132247
2021-05-17 10:42:59,2455.0,132247
2021-05-17 10:43:01,2455.0,132247
2021-05-17 10:43:02,2457.05,132248
2021-05-17 10:43:03,2457.05,132248
2021-05-17 10:43:04,2457.05,132248
2021-05-17 10:43:05,2457.05,132248
2021-05-17 10:43:06,2456.95,132271
2021-05-17 10:43:07,2456.95,132272
2021-05-17 10:43:08,2456.95,132272
2021-05-17 10:43:11,2456.95,132278
2021-05-17 10:43:11,2456.95,132278
2021-05-17 10:43:12,2456.95,132278
2021-05-17 10:43:13,2456.95,132280
2021-05-17 10:43:15,2456.95,132290
2021-05-17 10:43:15,2456.95,132290
2021-05-17 10:43:16,2456.95,132290
2021-05-17 10:43:17,2458.4,132887
2021-05-17 10:43:19,2458.4,132887
2021-05-17 10:43:20,2458.4,132887
2021-05-17 10:43:21,2458.4,132887
2021-05-17 10:43:22,2458.4,132887
2021-05-17 10:43:23,2458.4,132887
2021-05-17 10:43:24,2459.7,132987
2021-05-17 10:43:25,2459.65,133007
2021-05-17 10:43:27,2458.0,133097
2021-05-17 10:43:28,2459.6,133117
2021-05-17 10:43:29,2458.15,133142
2021-05-17 10:43:31,2458.15,133142
2021-05-17 10:43:31,2458.15,133142
2021-05-17 10:43:32,2458.15,133142
2021-05-17 10:43:33,2459.5,133192
2021-05-17 10:43:34,2459.5,133192
2021-05-17 10:43:35,2458.4,133202
2021-05-17 10:43:37,2458.4,133202
2021-05-17 10:43:37,2458.4,133202
2021-05-17 10:43:38,2459.7,133203
2021-05-17 10:43:40,2459.7,133203
2021-05-17 10:43:41,2459.7,133203
2021-05-17 10:43:42,2459.7,133203
2021-05-17 10:43:43,2459.7,133203
2021-05-17 10:43:43,2459.7,133220
2021-05-17 10:43:45,2459.7,133220
2021-05-17 10:43:47,2459.7,133220
2021-05-17 10:43:47,2459.7,133220
2021-05-17 10:43:48,2459.7,133220
2021-05-17 10:43:49,2459.7,133220
2021-05-17 10:43:50,2459.7,133220
2021-05-17 10:43:51,2459.65,133223
2021-05-17 10:43:52,2459.65,133246
2021-05-17 10:43:53,2459.65,133246
2021-05-17 10:43:54,2459.65,133256
2021-05-17 10:43:56,2459.65,133256
2021-05-17 10:43:57,2459.65,133256
2021-05-17 10:44:00,2459.05,133257
2021-05-17 10:44:02,2459.05,133257
2021-05-17 10:44:03,2459.05,133257
2021-05-17 10:44:03,2459.05,133257
2021-05-17 10:44:05,2459.05,133257
2021-05-17 10:44:05,2459.05,133257
2021-05-17 10:44:06,2459.05,133257
2021-05-17 10:44:07,2459.05,133257
2021-05-17 10:44:09,2459.05,133257
2021-05-17 10:44:11,2459.05,133257
2021-05-17 10:44:12,2459.05,133257
2021-05-17 10:44:12,2459.05,133257
2021-05-17 10:44:14,2459.05,133257
2021-05-17 10:44:15,2459.0,133258
2021-05-17 10:44:15,2458.15,133266
2021-05-17 10:44:16,2458.15,133266
2021-05-17 10:44:18,2458.15,133266
2021-05-17 10:44:18,2458.15,133266
2021-05-17 10:44:20,2458.1,133268
2021-05-17 10:44:20,2458.1,133268
2021-05-17 10:44:21,2458.1,133268
2021-05-17 10:44:22,2458.1,133268
2021-05-17 10:44:23,2458.1,133268
2021-05-17 10:44:24,2458.1,133268
2021-05-17 10:44:25,2458.1,133268
2021-05-17 10:44:27,2458.1,133268
2021-05-17 10:44:28,2458.1,133268
2021-05-17 10:44:28,2458.1,133268
2021-05-17 10:44:29,2457.9,133594
2021-05-17 10:44:30,2457.9,133594
2021-05-17 10:44:32,2457.9,133594
2021-05-17 10:44:32,2457.9,133594
2021-05-17 10:44:33,2457.9,133594
2021-05-17 10:44:34,2457.9,133594
2021-05-17 10:44:35,2457.9,133594
2021-05-17 10:44:37,2458.0,133599
2021-05-17 10:44:38,2458.0,133599
2021-05-17 10:44:38,2458.15,133609
2021-05-17 10:44:40,2457.9,133619
2021-05-17 10:44:40,2457.9,133619
2021-05-17 10:44:41,2457.9,133620
2021-05-17 10:44:42,2457.55,133715
2021-05-17 10:44:44,2457.5,133740
2021-05-17 10:44:45,2457.5,133742
2021-05-17 10:44:46,2457.5,133742
2021-05-17 10:44:46,2457.5,133742
2021-05-17 10:44:48,2457.5,133742
2021-05-17 10:44:48,2457.5,133742
2021-05-17 10:44:50,2457.5,133742
2021-05-17 10:44:51,2457.5,133744
2021-05-17 10:44:51,2457.5,133744
2021-05-17 10:44:54,2457.2,133844
2021-05-17 10:44:54,2457.2,133844
2021-05-17 10:44:56,2457.2,133844
2021-05-17 10:44:57,2457.2,133844
2021-05-17 10:44:57,2457.5,133846
2021-05-17 10:44:58,2457.5,133846
2021-05-17 10:44:59,2457.5,133846
2021-05-17 10:45:00,2457.5,133846
2021-05-17 10:45:01,2457.5,133848
2021-05-17 10:45:02,2457.2,133968
2021-05-17 10:45:03,2457.2,133968
2021-05-17 10:45:05,2457.2,133968
2021-05-17 10:45:06,2457.2,133968
2021-05-17 10:45:07,2457.2,133968
2021-05-17 10:45:07,2457.2,133978
2021-05-17 10:45:08,2457.2,133978
2021-05-17 10:45:09,2457.2,133978
2021-05-17 10:45:10,2457.5,133989
2021-05-17 10:45:11,2457.2,133991
2021-05-17 10:45:12,2457.2,133992
2021-05-17 10:45:13,2457.2,133992
2021-05-17 10:45:14,2457.5,134012
2021-05-17 10:45:16,2457.5,134012
2021-05-17 10:45:17,2457.5,134012
2021-05-17 10:45:18,2457.5,134012
2021-05-17 10:45:19,2457.5,134014
2021-05-17 10:45:20,2457.5,134014
2021-05-17 10:45:22,2457.5,134015
2021-05-17 10:45:22,2457.5,134015
2021-05-17 10:45:23,2457.0,134115
2021-05-17 10:45:24,2457.0,134115
2021-05-17 10:45:25,2457.0,134115
2021-05-17 10:45:26,2457.4,134116
2021-05-17 10:45:27,2457.4,134116
2021-05-17 10:45:28,2457.4,134116
2021-05-17 10:45:30,2457.4,134116
2021-05-17 10:45:30,2456.3,134156
2021-05-17 10:45:31,2456.3,134156
2021-05-17 10:45:33,2457.1,134188
2021-05-17 10:45:33,2457.1,134188
2021-05-17 10:45:34,2456.0,134189
2021-05-17 10:45:35,2456.0,134189
2021-05-17 10:45:36,2456.0,134189
2021-05-17 10:45:38,2456.0,134189
2021-05-17 10:45:39,2456.0,134189
2021-05-17 10:45:39,2456.0,134189
2021-05-17 10:45:41,2456.0,134189
2021-05-17 10:45:42,2456.0,134189
2021-05-17 10:45:43,2456.0,134194
2021-05-17 10:45:43,2456.0,134194
2021-05-17 10:45:44,2456.0,134194
2021-05-17 10:45:46,2456.0,134194
2021-05-17 10:45:46,2456.0,134194
2021-05-17 10:45:49,2456.95,134204
2021-05-17 10:45:50,2456.85,134263
2021-05-17 10:45:51,2456.85,134263
2021-05-17 10:45:52,2456.85,134263
2021-05-17 10:45:53,2455.6,134267
2021-05-17 10:45:54,2455.6,134267
2021-05-17 10:45:55,2455.6,134269
2021-05-17 10:45:56,2456.85,134369
2021-05-17 10:45:57,2456.85,134369
2021-05-17 10:45:58,2456.85,134369
2021-05-17 10:45:59,2456.85,134369
2021-05-17 10:46:00,2455.6,134379
2021-05-17 10:46:01,2455.6,134379
2021-05-17 10:46:03,2456.0,134380
2021-05-17 10:46:04,2456.0,134380
2021-05-17 10:46:04,2456.0,134380
2021-05-17 10:46:06,2456.0,134380
2021-05-17 10:46:07,2456.0,134380
2021-05-17 10:46:08,2456.0,134380
2021-05-17 10:46:08,2455.05,134430
2021-05-17 10:46:10,2455.05,134430
2021-05-17 10:46:12,2455.05,134430
2021-05-17 10:46:13,2455.0,134438
2021-05-17 10:46:14,2455.0,134438
2021-05-17 10:46:16,2455.0,134522
2021-05-17 10:46:17,2454.0,134627
2021-05-17 10:46:18,2455.7,134629
2021-05-17 10:46:19,2455.7,134629
2021-05-17 10:46:20,2455.7,134629
2021-05-17 10:46:20,2455.7,134629
2021-05-17 10:46:21,2455.7,134629
2021-05-17 10:46:22,2454.1,134665
2021-05-17 10:46:23,2454.1,134665
2021-05-17 10:46:24,2455.7,134715
2021-05-17 10:46:25,2455.7,134715
2021-05-17 10:46:26,2455.7,134715
2021-05-17 10:46:27,2455.7,134715
2021-05-17 10:46:29,2455.7,134715
2021-05-17 10:46:29,2455.7,134715
2021-05-17 10:46:31,2455.7,134715
2021-05-17 10:46:31,2455.05,134720
2021-05-17 10:46:33,2455.05,134720
2021-05-17 10:46:34,2455.05,134720
2021-05-17 10:46:36,2455.05,134720
2021-05-17 10:46:37,2455.05,134720
2021-05-17 10:46:38,2455.6,134721
2021-05-17 10:46:39,2455.6,134721
2021-05-17 10:46:40,2455.6,134721
2021-05-17 10:46:42,2455.6,134721
2021-05-17 10:46:43,2455.6,134722
2021-05-17 10:46:44,2455.6,134722
2021-05-17 10:46:45,2455.6,134722
2021-05-17 10:46:46,2455.6,134722
2021-05-17 10:46:47,2455.0,134723
2021-05-17 10:46:48,2455.0,134723
2021-05-17 10:46:49,2454.65,134733
2021-05-17 10:46:49,2455.45,134738
2021-05-17 10:46:51,2455.45,134738
2021-05-17 10:46:51,2455.45,134738
2021-05-17 10:46:52,2455.45,134738
2021-05-17 10:46:53,2455.45,134738
2021-05-17 10:46:55,2455.45,134738
2021-05-17 10:46:56,2455.45,134738
2021-05-17 10:46:57,2455.45,134738
2021-05-17 10:46:57,2455.45,134738
2021-05-17 10:46:59,2455.45,134738
2021-05-17 10:47:00,2455.45,134738
2021-05-17 10:47:01,2455.45,134738
2021-05-17 10:47:02,2454.65,134747
2021-05-17 10:47:03,2454.65,134747
2021-05-17 10:47:04,2454.65,134747
2021-05-17 10:47:05,2454.65,134747
2021-05-17 10:47:05,2454.65,134749
2021-05-17 10:47:06,2454.65,134749
2021-05-17 10:47:07,2454.65,134749
2021-05-17 10:47:08,2454.65,134749
2021-05-17 10:47:09,2454.0,134799
2021-05-17 10:47:11,2454.0,134799
2021-05-17 10:47:12,2454.0,134799
2021-05-17 10:47:12,2454.0,134799
2021-05-17 10:47:14,2454.0,134799
2021-05-17 10:47:15,2454.0,134799
2021-05-17 10:47:16,2454.0,134824
2021-05-17 10:47:17,2454.0,134825
2021-05-17 10:47:18,2454.0,134890
2021-05-17 10:47:18,2454.0,134890
2021-05-17 10:47:20,2454.0,134890
2021-05-17 10:47:23,2455.0,134990
2021-05-17 10:47:22,2455.0,134990
2021-05-17 10:47:23,2455.0,134990
2021-05-17 10:47:24,2454.5,135003
2021-05-17 10:47:25,2454.1,135004
2021-05-17 10:47:26,2454.1,135004
2021-05-17 10:47:27,2454.0,135204
2021-05-17 10:47:29,2454.0,135204
2021-05-17 10:47:30,2454.0,135204
2021-05-17 10:47:31,2454.0,135204
2021-05-17 10:47:32,2454.0,135204
2021-05-17 10:47:33,2454.0,135204
2021-05-17 10:47:34,2454.0,135204
2021-05-17 10:47:35,2452.7,135806
2021-05-17 10:47:36,2452.7,135806
2021-05-17 10:47:37,2452.7,135806
2021-05-17 10:47:38,2452.7,135806
2021-05-17 10:47:39,2452.7,135806
2021-05-17 10:47:39,2452.7,135806
2021-05-17 10:47:41,2452.7,135806
2021-05-17 10:47:42,2452.7,135806
2021-05-17 10:47:43,2452.7,135806
2021-05-17 10:47:44,2452.7,135806
2021-05-17 10:47:45,2452.7,135806
2021-05-17 10:47:46,2452.5,135814
2021-05-17 10:47:47,2452.5,135814
2021-05-17 10:47:48,2452.5,135814
2021-05-17 10:47:49,2451.4,135895
2021-05-17 10:47:50,2451.4,135895
2021-05-17 10:47:51,2451.4,135895
2021-05-17 10:47:52,2451.4,135895
2021-05-17 10:47:54,2451.2,135913
2021-05-17 10:47:53,2452.4,135898
