timestamp,ltp,volume
2021-05-17 09:15:25,1131.45,218538
2021-05-17 09:15:25,1131.45,218538
2021-05-17 09:15:26,1130.55,222626
2021-05-17 09:15:27,1130.8,224011
2021-05-17 09:15:28,1129.75,231104
2021-05-17 09:15:29,1129.55,232577
2021-05-17 09:15:30,1128.5,237139
2021-05-17 09:15:31,1128.35,243446
2021-05-17 09:15:32,1128.5,245289
2021-05-17 09:15:33,1128.75,247995
2021-05-17 09:15:34,1128.75,251788
2021-05-17 09:15:35,1129.1,253101
2021-05-17 09:15:36,1128.8,257098
2021-05-17 09:15:37,1129.1,258470
2021-05-17 09:15:38,1128.45,264799
2021-05-17 09:15:39,1128.0,269275
2021-05-17 09:15:40,1126.85,293828
2021-05-17 09:15:41,1128.2,296200
2021-05-17 09:15:42,1128.5,302544
2021-05-17 09:15:44,1128.2,319148
2021-05-17 09:15:45,1129.35,323193
2021-05-17 09:15:46,1127.7,331570
2021-05-17 09:15:46,1128.0,332283
2021-05-17 09:15:49,1127.95,341321
2021-05-17 09:15:50,1127.8,348914
2021-05-17 09:15:51,1128.0,353076
2021-05-17 09:15:52,1128.0,354458
2021-05-17 09:15:53,1127.65,359485
2021-05-17 09:15:54,1127.55,363172
2021-05-17 09:15:55,1126.85,367257
2021-05-17 09:15:56,1127.55,369335
2021-05-17 09:15:57,1127.3,371435
2021-05-17 09:15:58,1127.2,374348
2021-05-17 09:15:59,1126.45,377287
2021-05-17 09:16:00,1125.55,386271
2021-05-17 09:16:01,1125.6,388111
2021-05-17 09:16:02,1123.85,407169
2021-05-17 09:16:03,1124.55,412572
2021-05-17 09:16:04,1124.25,421936
2021-05-17 09:16:05,1124.05,431086
2021-05-17 09:16:06,1123.3,432292
2021-05-17 09:16:07,1123.7,434990
2021-05-17 09:16:08,1123.2,440901
2021-05-17 09:16:09,1124.05,444061
2021-05-17 09:16:10,1124.6,447667
2021-05-17 09:16:11,1124.85,450715
2021-05-17 09:16:12,1124.05,453749
2021-05-17 09:16:14,1124.45,455791
2021-05-17 09:16:15,1124.35,462460
2021-05-17 09:16:15,1124.1,462568
2021-05-17 09:16:16,1124.3,468179
2021-05-17 09:16:17,1123.35,469542
2021-05-17 09:16:18,1122.5,473247
2021-05-17 09:16:19,1122.85,474722
2021-05-17 09:16:21,1122.35,480451
2021-05-17 09:16:22,1122.4,484473
2021-05-17 09:16:23,1121.45,486421
2021-05-17 09:16:24,1121.8,489294
2021-05-17 09:16:25,1121.3,494017
2021-05-17 09:16:26,1121.15,500511
2021-05-17 09:16:27,1121.45,505686
2021-05-17 09:16:28,1121.1,508469
2021-05-17 09:16:29,1122.45,514703
2021-05-17 09:16:30,1122.05,517118
2021-05-17 09:16:32,1122.85,529325
2021-05-17 09:16:33,1123.3,532463
2021-05-17 09:16:34,1122.6,535244
2021-05-17 09:16:34,1122.75,537072
2021-05-17 09:16:35,1122.0,541803
2021-05-17 09:16:36,1121.9,546188
2021-05-17 09:16:37,1122.05,548600
2021-05-17 09:16:38,1121.75,550325
2021-05-17 09:16:39,1122.4,551002
2021-05-17 09:16:40,1122.9,552074
2021-05-17 09:16:41,1122.6,557748
2021-05-17 09:16:42,1121.5,562870
2021-05-17 09:16:44,1122.0,565277
2021-05-17 09:16:45,1121.55,567896
2021-05-17 09:16:46,1121.9,571492
2021-05-17 09:16:47,1121.25,576855
2021-05-17 09:16:48,1120.65,583339
2021-05-17 09:16:49,1121.2,588058
2021-05-17 09:16:50,1121.25,589741
2021-05-17 09:16:51,1120.0,604874
2021-05-17 09:16:52,1119.9,606486
2021-05-17 09:16:53,1119.2,611569
2021-05-17 09:16:54,1119.4,615819
2021-05-17 09:16:54,1119.45,616169
2021-05-17 09:16:55,1118.2,618829
2021-05-17 09:16:56,1118.75,630454
2021-05-17 09:16:57,1118.25,632574
2021-05-17 09:16:58,1118.6,634726
2021-05-17 09:16:59,1116.75,638974
2021-05-17 09:17:00,1116.0,643167
2021-05-17 09:17:01,1116.0,645334
2021-05-17 09:17:02,1116.65,653088
2021-05-17 09:17:03,1116.0,656085
2021-05-17 09:17:04,1116.4,661234
2021-05-17 09:17:05,1116.45,663007
2021-05-17 09:17:07,1116.15,667577
2021-05-17 09:17:08,1115.7,678746
2021-05-17 09:17:09,1115.9,680579
2021-05-17 09:17:10,1115.7,683314
2021-05-17 09:17:11,1115.15,691276
2021-05-17 09:17:12,1115.5,693949
2021-05-17 09:17:13,1115.3,696179
2021-05-17 09:17:14,1115.0,703029
2021-05-17 09:17:15,1115.3,705524
2021-05-17 09:17:16,1114.65,710135
2021-05-17 09:17:16,1114.5,712701
2021-05-17 09:17:17,1115.0,719120
2021-05-17 09:17:18,1115.35,722676
2021-05-17 09:17:19,1115.45,724861
2021-05-17 09:17:20,1115.85,736100
2021-05-17 09:17:21,1115.5,739163
2021-05-17 09:17:22,1115.5,764628
2021-05-17 09:17:23,1114.95,786720
2021-05-17 09:17:24,1115.0,788923
2021-05-17 09:17:26,1114.95,794073
2021-05-17 09:17:27,1115.0,807311
2021-05-17 09:17:28,1114.3,812247
2021-05-17 09:17:29,1113.7,816880
2021-05-17 09:17:30,1115.05,827301
2021-05-17 09:17:31,1115.0,833967
2021-05-17 09:17:31,1114.55,834443
2021-05-17 09:17:32,1113.85,841191
2021-05-17 09:17:33,1114.0,845283
2021-05-17 09:17:34,1114.0,848722
2021-05-17 09:17:35,1114.15,850921
2021-05-17 09:17:36,1113.95,853070
2021-05-17 09:17:37,1114.05,855578
2021-05-17 09:17:38,1113.9,857479
2021-05-17 09:17:39,1114.9,863965
2021-05-17 09:17:40,1114.9,870014
2021-05-17 09:17:41,1114.5,879338
2021-05-17 09:17:42,1114.65,884035
2021-05-17 09:17:43,1115.0,885558
2021-05-17 09:17:44,1114.8,888174
2021-05-17 09:17:45,1115.4,890411
2021-05-17 09:17:47,1115.85,895787
2021-05-17 09:17:48,1116.2,898679
2021-05-17 09:17:49,1116.05,904599
2021-05-17 09:17:50,1116.45,909402
2021-05-17 09:17:51,1116.55,914922
2021-05-17 09:17:52,1116.5,917996
2021-05-17 09:17:53,1116.3,921505
2021-05-17 09:17:54,1116.7,932978
2021-05-17 09:17:55,1116.8,936642
2021-05-17 09:17:57,1116.45,943417
2021-05-17 09:17:58,1115.0,952360
2021-05-17 09:17:59,1115.55,962973
2021-05-17 09:18:01,1114.95,974476
2021-05-17 09:18:02,1114.0,984962
2021-05-17 09:18:03,1113.15,988673
2021-05-17 09:18:04,1112.95,997274
2021-05-17 09:18:05,1111.1,1005551
2021-05-17 09:18:06,1112.75,1012914
2021-05-17 09:18:06,1112.4,1014303
2021-05-17 09:18:08,1111.2,1020404
2021-05-17 09:18:09,1111.8,1024911
2021-05-17 09:18:10,1111.35,1030137
2021-05-17 09:18:11,1111.0,1035051
2021-05-17 09:18:13,1110.8,1039927
2021-05-17 09:18:14,1110.9,1042573
2021-05-17 09:18:15,1110.9,1047430
2021-05-17 09:18:16,1110.45,1052086
2021-05-17 09:18:17,1110.55,1053710
2021-05-17 09:18:18,1110.95,1056009
2021-05-17 09:18:18,1110.65,1057362
2021-05-17 09:18:19,1110.2,1061791
2021-05-17 09:18:20,1110.3,1064658
2021-05-17 09:18:21,1110.7,1078451
2021-05-17 09:18:22,1110.85,1085106
2021-05-17 09:18:23,1113.6,1105873
2021-05-17 09:18:24,1112.5,1109456
2021-05-17 09:18:25,1112.45,1111623
2021-05-17 09:18:27,1113.6,1120795
2021-05-17 09:18:28,1113.55,1122287
2021-05-17 09:18:29,1113.45,1130022
2021-05-17 09:18:30,1113.95,1131847
2021-05-17 09:18:32,1113.35,1133659
2021-05-17 09:18:32,1113.2,1136173
2021-05-17 09:18:33,1113.3,1138750
2021-05-17 09:18:34,1114.0,1139826
2021-05-17 09:18:36,1113.85,1143472
2021-05-17 09:18:37,1114.55,1145320
2021-05-17 09:18:38,1114.55,1152692
2021-05-17 09:18:39,1114.55,1156975
2021-05-17 09:18:40,1116.3,1169950
2021-05-17 09:18:41,1115.85,1170753
2021-05-17 09:18:42,1116.9,1175059
2021-05-17 09:18:43,1118.0,1187408
2021-05-17 09:18:44,1118.15,1191974
2021-05-17 09:18:45,1117.65,1198770
2021-05-17 09:18:45,1118.2,1198433
2021-05-17 09:18:46,1117.15,1202217
2021-05-17 09:18:47,1117.85,1204915
2021-05-17 09:18:49,1118.05,1212577
2021-05-17 09:18:49,1117.6,1214396
2021-05-17 09:18:50,1117.1,1221772
2021-05-17 09:18:51,1117.8,1226562
2021-05-17 09:18:52,1115.8,1228605
2021-05-17 09:18:53,1115.15,1233408
2021-05-17 09:18:54,1116.25,1237120
2021-05-17 09:18:55,1116.25,1250411
2021-05-17 09:18:56,1115.3,1254294
2021-05-17 09:18:57,1116.5,1254956
2021-05-17 09:18:59,1115.1,1266131
2021-05-17 09:19:00,1115.2,1267580
2021-05-17 09:19:01,1115.7,1268632
2021-05-17 09:19:02,1116.2,1273196
2021-05-17 09:19:04,1116.85,1304033
2021-05-17 09:19:05,1117.0,1305129
2021-05-17 09:19:08,1117.8,1317793
2021-05-17 09:19:09,1117.75,1322335
2021-05-17 09:19:09,1117.6,1322686
2021-05-17 09:19:10,1117.7,1324228
2021-05-17 09:19:11,1117.8,1329394
2021-05-17 09:19:12,1117.9,1331032
2021-05-17 09:19:13,1117.9,1332047
2021-05-17 09:19:14,1118.0,1332796
2021-05-17 09:19:15,1117.9,1336243
2021-05-17 09:19:16,1118.35,1338428
2021-05-17 09:19:17,1118.05,1341834
2021-05-17 09:19:20,1118.65,1345204
2021-05-17 09:19:21,1115.9,1380511
2021-05-17 09:19:22,1115.9,1387315
2021-05-17 09:19:23,1115.8,1394563
2021-05-17 09:19:25,1115.9,1397478
2021-05-17 09:19:26,1116.3,1399313
2021-05-17 09:19:27,1116.1,1399929
2021-05-17 09:19:28,1116.6,1401589
2021-05-17 09:19:28,1116.6,1401640
2021-05-17 09:19:29,1116.15,1402200
2021-05-17 09:19:30,1116.75,1403738
2021-05-17 09:19:31,1116.65,1418016
2021-05-17 09:19:33,1116.95,1423366
2021-05-17 09:19:34,1117.6,1425126
2021-05-17 09:19:34,1117.45,1425506
2021-05-17 09:19:36,1117.6,1426121
2021-05-17 09:19:37,1118.0,1430657
2021-05-17 09:19:38,1118.15,1430971
2021-05-17 09:19:39,1117.7,1432967
2021-05-17 09:19:40,1117.9,1434193
2021-05-17 09:19:43,1118.35,1441358
2021-05-17 09:19:44,1118.8,1443411
2021-05-17 09:19:46,1119.3,1452626
2021-05-17 09:19:47,1120.25,1468810
2021-05-17 09:19:47,1120.85,1468896
2021-05-17 09:19:48,1120.85,1470097
2021-05-17 09:19:49,1120.8,1470724
2021-05-17 09:19:50,1121.6,1478930
2021-05-17 09:19:52,1121.5,1485513
2021-05-17 09:19:53,1122.0,1490384
2021-05-17 09:19:54,1122.1,1495239
2021-05-17 09:19:55,1121.85,1502200
2021-05-17 09:19:57,1122.0,1504859
2021-05-17 09:19:58,1122.05,1513056
2021-05-17 09:19:59,1124.3,1523700
2021-05-17 09:19:59,1123.65,1524286
2021-05-17 09:20:00,1124.4,1528591
2021-05-17 09:20:02,1124.3,1542728
2021-05-17 09:20:03,1124.35,1547017
2021-05-17 09:20:05,1125.0,1552578
2021-05-17 09:20:06,1124.6,1555448
2021-05-17 09:20:07,1125.0,1562184
2021-05-17 09:20:08,1124.6,1565174
2021-05-17 09:20:09,1124.5,1578494
2021-05-17 09:20:10,1125.0,1584081
2021-05-17 09:20:11,1124.05,1586983
2021-05-17 09:20:12,1123.8,1595627
2021-05-17 09:20:13,1124.5,1609972
2021-05-17 09:20:13,1124.55,1610472
2021-05-17 09:20:14,1124.35,1614757
2021-05-17 09:20:15,1123.35,1618705
2021-05-17 09:20:16,1122.2,1629783
2021-05-17 09:20:17,1122.5,1633758
2021-05-17 09:20:18,1123.35,1637432
2021-05-17 09:20:19,1123.1,1640010
2021-05-17 09:20:20,1123.1,1645418
2021-05-17 09:20:21,1122.2,1647342
2021-05-17 09:20:23,1122.7,1650398
2021-05-17 09:20:24,1123.0,1655767
2021-05-17 09:20:25,1123.95,1660832
2021-05-17 09:20:26,1123.7,1667866
2021-05-17 09:20:27,1123.8,1669414
2021-05-17 09:20:27,1123.5,1669603
2021-05-17 09:20:30,1123.9,1678897
2021-05-17 09:20:31,1123.65,1683818
2021-05-17 09:20:32,1123.9,1685830
2021-05-17 09:20:32,1124.25,1685855
2021-05-17 09:20:36,1123.9,1690294
2021-05-17 09:20:37,1124.2,1691675
2021-05-17 09:20:38,1122.5,1718614
2021-05-17 09:20:39,1123.25,1721267
2021-05-17 09:20:40,1123.2,1723982
2021-05-17 09:20:40,1123.2,1723029
2021-05-17 09:20:43,1122.35,1728183
2021-05-17 09:20:44,1122.0,1728914
2021-05-17 09:20:45,1121.4,1736560
2021-05-17 09:20:46,1120.65,1738163
2021-05-17 09:20:47,1120.3,1742234
2021-05-17 09:20:48,1120.4,1745678
2021-05-17 09:20:49,1120.0,1746698
2021-05-17 09:20:49,1120.0,1746903
2021-05-17 09:20:52,1120.2,1752070
2021-05-17 09:20:53,1120.35,1753196
2021-05-17 09:20:54,1120.7,1754646
2021-05-17 09:20:55,1121.4,1758022
2021-05-17 09:20:56,1122.65,1762760
2021-05-17 09:20:56,1121.55,1763423
2021-05-17 09:20:57,1122.25,1765920
2021-05-17 09:21:00,1122.1,1770440
2021-05-17 09:21:01,1121.45,1772655
2021-05-17 09:21:02,1121.65,1782416
2021-05-17 09:21:03,1120.95,1784052
2021-05-17 09:21:04,1120.8,1784707
2021-05-17 09:21:05,1120.8,1785482
2021-05-17 09:21:05,1121.55,1786982
2021-05-17 09:21:07,1120.75,1794190
2021-05-17 09:21:08,1120.85,1798507
2021-05-17 09:21:09,1120.15,1799779
2021-05-17 09:21:10,1119.9,1806722
2021-05-17 09:21:11,1119.2,1808393
2021-05-17 09:21:12,1119.5,1810119
2021-05-17 09:21:14,1119.95,1814391
2021-05-17 09:21:15,1119.8,1816601
2021-05-17 09:21:16,1119.5,1817173
2021-05-17 09:21:17,1119.8,1821226
2021-05-17 09:21:18,1120.1,1822846
2021-05-17 09:21:19,1120.15,1825811
2021-05-17 09:21:20,1120.45,1827736
2021-05-17 09:21:21,1120.55,1829070
2021-05-17 09:21:23,1120.1,1830713
2021-05-17 09:21:24,1120.4,1831075
2021-05-17 09:21:25,1120.0,1831580
2021-05-17 09:21:26,1118.85,1834985
2021-05-17 09:21:26,1118.65,1835284
2021-05-17 09:21:28,1119.0,1837364
2021-05-17 09:21:29,1118.8,1840100
2021-05-17 09:21:30,1118.65,1846214
2021-05-17 09:21:31,1118.4,1847080
2021-05-17 09:21:32,1118.4,1847935
2021-05-17 09:21:33,1118.35,1848304
2021-05-17 09:21:34,1118.25,1850881
2021-05-17 09:21:35,1118.25,1856700
2021-05-17 09:21:36,1117.9,1858003
2021-05-17 09:21:37,1118.45,1860915
2021-05-17 09:21:38,1118.55,1863965
2021-05-17 09:21:39,1117.7,1869606
2021-05-17 09:21:39,1118.5,1869421
2021-05-17 09:21:41,1117.85,1872265
2021-05-17 09:21:43,1116.85,1878204
2021-05-17 09:21:45,1116.05,1893420
2021-05-17 09:21:46,1115.9,1896975
2021-05-17 09:21:47,1115.8,1897801
2021-05-17 09:21:48,1116.0,1900661
2021-05-17 09:21:49,1116.35,1902983
2021-05-17 09:21:50,1116.05,1904622
2021-05-17 09:21:51,1116.0,1910025
2021-05-17 09:21:52,1116.0,1910705
2021-05-17 09:21:53,1115.8,1912266
2021-05-17 09:21:54,1115.7,1912708
2021-05-17 09:21:55,1115.5,1914509
2021-05-17 09:21:56,1115.15,1916942
2021-05-17 09:21:57,1115.75,1921147
2021-05-17 09:21:57,1115.75,1921302
2021-05-17 09:21:58,1116.0,1924323
2021-05-17 09:22:00,1115.5,1926459
2021-05-17 09:22:01,1115.85,1930011
2021-05-17 09:22:02,1115.3,1934020
2021-05-17 09:22:03,1115.85,1934305
2021-05-17 09:22:04,1115.8,1935209
2021-05-17 09:22:06,1116.05,1941740
2021-05-17 09:22:07,1116.95,1945758
2021-05-17 09:22:08,1116.95,1948063
2021-05-17 09:22:09,1117.25,1949561
2021-05-17 09:22:10,1117.0,1952403
2021-05-17 09:22:11,1117.35,1952978
2021-05-17 09:22:11,1117.45,1952868
2021-05-17 09:22:12,1116.35,1958661
2021-05-17 09:22:13,1116.25,1958851
2021-05-17 09:22:15,1116.5,1959657
2021-05-17 09:22:15,1115.9,1963400
2021-05-17 09:22:17,1114.45,1981635
2021-05-17 09:22:18,1115.1,1984548
2021-05-17 09:22:19,1115.1,1985469
2021-05-17 09:22:20,1115.1,1986233
2021-05-17 09:22:21,1115.0,1990524
2021-05-17 09:22:22,1115.15,1991278
2021-05-17 09:22:23,1115.0,1992731
2021-05-17 09:22:24,1115.65,1996348
2021-05-17 09:22:26,1115.45,1999023
2021-05-17 09:22:27,1115.0,2009200
2021-05-17 09:22:29,1115.0,2012950
2021-05-17 09:22:31,1114.25,2014829
2021-05-17 09:22:32,1114.35,2018349
2021-05-17 09:22:34,1114.6,2020093
2021-05-17 09:22:35,1113.8,2029390
2021-05-17 09:22:36,1113.8,2029658
2021-05-17 09:22:37,1114.1,2030467
2021-05-17 09:22:38,1114.0,2031290
2021-05-17 09:22:39,1113.9,2032710
2021-05-17 09:22:40,1114.25,2034136
2021-05-17 09:22:41,1114.25,2037668
2021-05-17 09:22:42,1114.7,2041166
2021-05-17 09:22:43,1115.2,2047146
2021-05-17 09:22:44,1116.0,2049458
2021-05-17 09:22:45,1116.2,2050674
2021-05-17 09:22:46,1116.25,2053386
2021-05-17 09:22:47,1116.0,2055682
2021-05-17 09:22:48,1115.25,2056850
2021-05-17 09:22:49,1116.05,2060437
2021-05-17 09:22:49,1115.35,2057935
2021-05-17 09:22:51,1115.4,2060724
2021-05-17 09:22:52,1115.85,2062440
2021-05-17 09:22:53,1115.65,2063337
2021-05-17 09:22:54,1115.3,2063837
2021-05-17 09:22:55,1115.45,2064166
2021-05-17 09:22:56,1115.8,2065144
2021-05-17 09:22:57,1115.85,2065504
2021-05-17 09:22:58,1115.7,2066499
2021-05-17 09:22:59,1115.5,2067735
2021-05-17 09:23:00,1115.85,2068115
2021-05-17 09:23:01,1115.6,2069290
2021-05-17 09:23:02,1115.9,2071014
2021-05-17 09:23:03,1116.6,2075961
2021-05-17 09:23:04,1117.3,2078103
2021-05-17 09:23:05,1117.0,2078651
2021-05-17 09:23:06,1116.4,2079842
2021-05-17 09:23:07,1116.65,2081315
2021-05-17 09:23:08,1117.2,2081880
2021-05-17 09:23:09,1117.3,2082349
2021-05-17 09:23:10,1118.35,2087229
2021-05-17 09:23:11,1118.15,2089338
2021-05-17 09:23:13,1117.9,2090138
2021-05-17 09:23:14,1118.0,2092553
2021-05-17 09:23:16,1117.65,2093836
2021-05-17 09:23:17,1118.0,2095626
2021-05-17 09:23:19,1118.2,2096479
2021-05-17 09:23:21,1118.95,2101070
2021-05-17 09:23:22,1119.3,2107793
2021-05-17 09:23:24,1119.35,2113096
2021-05-17 09:23:26,1120.0,2116491
2021-05-17 09:23:27,1120.45,2127952
2021-05-17 09:23:28,1120.6,2133997
2021-05-17 09:23:29,1121.0,2136449
2021-05-17 09:23:31,1121.55,2143396
2021-05-17 09:23:32,1120.75,2152032
2021-05-17 09:23:34,1120.0,2160209
2021-05-17 09:23:35,1121.1,2168001
2021-05-17 09:23:40,1120.8,2173632
2021-05-17 09:23:41,1120.6,2173918
2021-05-17 09:23:42,1120.15,2174818
2021-05-17 09:23:43,1120.0,2177164
2021-05-17 09:23:44,1120.25,2178551
2021-05-17 09:23:45,1119.85,2185196
2021-05-17 09:23:47,1119.25,2188810
2021-05-17 09:23:48,1120.0,2189780
2021-05-17 09:23:49,1119.8,2190596
2021-05-17 09:23:50,1120.0,2191115
2021-05-17 09:23:51,1120.4,2198595
2021-05-17 09:23:52,1120.05,2200411
2021-05-17 09:23:53,1119.45,2202187
2021-05-17 09:23:54,1119.45,2202969
2021-05-17 09:23:55,1119.8,2205305
2021-05-17 09:23:56,1119.2,2206399
2021-05-17 09:23:57,1119.65,2207009
2021-05-17 09:23:58,1118.8,2208216
2021-05-17 09:23:59,1119.35,2208416
2021-05-17 09:24:00,1118.4,2208568
2021-05-17 09:24:01,1118.9,2208807
2021-05-17 09:24:02,1118.95,2209181
2021-05-17 09:24:03,1119.05,2210123
2021-05-17 09:24:04,1119.1,2211089
2021-05-17 09:24:05,1119.3,2211911
2021-05-17 09:24:06,1119.85,2212800
2021-05-17 09:24:07,1119.85,2213067
2021-05-17 09:24:09,1119.9,2218276
2021-05-17 09:24:10,1120.0,2220350
2021-05-17 09:24:11,1120.3,2222212
2021-05-17 09:24:12,1120.45,2224388
2021-05-17 09:24:13,1120.05,2228671
2021-05-17 09:24:14,1120.7,2230073
2021-05-17 09:24:15,1120.7,2230412
2021-05-17 09:24:16,1120.1,2231767
2021-05-17 09:24:17,1120.7,2232058
2021-05-17 09:24:18,1120.75,2232645
2021-05-17 09:24:19,1121.0,2233682
2021-05-17 09:24:20,1121.55,2236286
2021-05-17 09:24:21,1121.4,2237179
2021-05-17 09:24:22,1121.95,2242628
2021-05-17 09:24:23,1122.65,2243763
2021-05-17 09:24:24,1122.0,2244232
2021-05-17 09:24:25,1122.45,2246820
2021-05-17 09:24:26,1122.8,2248974
2021-05-17 09:24:27,1122.0,2252363
2021-05-17 09:24:28,1122.2,2253922
2021-05-17 09:24:29,1122.1,2254518
2021-05-17 09:24:30,1122.0,2254628
2021-05-17 09:24:31,1122.4,2256961
2021-05-17 09:24:32,1123.0,2262658
2021-05-17 09:24:33,1122.2,2264979
2021-05-17 09:24:34,1122.65,2266468
2021-05-17 09:24:35,1122.5,2267544
2021-05-17 09:24:36,1122.15,2269118
2021-05-17 09:24:37,1122.8,2270779
2021-05-17 09:24:38,1121.65,2275075
2021-05-17 09:24:39,1121.65,2275477
2021-05-17 09:24:40,1121.65,2276418
2021-05-17 09:24:41,1121.65,2276558
2021-05-17 09:24:42,1121.25,2277536
2021-05-17 09:24:43,1121.25,2278733
2021-05-17 09:24:44,1121.3,2279776
2021-05-17 09:24:45,1121.65,2282410
2021-05-17 09:24:46,1121.8,2284708
2021-05-17 09:24:47,1121.3,2285184
2021-05-17 09:24:48,1122.3,2290653
2021-05-17 09:24:49,1122.1,2291593
2021-05-17 09:24:50,1121.8,2292103
2021-05-17 09:24:51,1121.9,2292276
2021-05-17 09:24:53,1121.8,2293152
2021-05-17 09:24:52,1121.8,2293032
2021-05-17 09:24:54,1122.0,2295414
2021-05-17 09:24:55,1122.0,2296023
2021-05-17 09:24:56,1122.1,2304802
2021-05-17 09:24:57,1121.8,2305316
2021-05-17 09:24:58,1122.0,2306020
2021-05-17 09:24:59,1121.9,2306996
2021-05-17 09:25:00,1121.9,2308750
2021-05-17 09:25:02,1121.9,2308889
2021-05-17 09:25:03,1121.7,2309021
2021-05-17 09:25:05,1121.95,2310623
2021-05-17 09:25:06,1121.55,2311015
2021-05-17 09:25:06,1121.8,2311080
2021-05-17 09:25:07,1121.55,2311450
2021-05-17 09:25:08,1121.7,2312009
2021-05-17 09:25:09,1122.1,2314846
2021-05-17 09:25:10,1122.5,2316478
2021-05-17 09:25:11,1122.5,2317297
2021-05-17 09:25:12,1122.65,2317411
2021-05-17 09:25:13,1122.35,2317797
2021-05-17 09:25:14,1122.7,2318018
2021-05-17 09:25:15,1123.05,2328154
2021-05-17 09:25:16,1123.0,2328604
2021-05-17 09:25:17,1123.2,2329036
2021-05-17 09:25:18,1123.5,2329879
2021-05-17 09:25:19,1124.0,2331467
2021-05-17 09:25:20,1124.0,2334314
2021-05-17 09:25:21,1123.85,2337298
2021-05-17 09:25:22,1123.7,2339162
2021-05-17 09:25:23,1124.0,2340211
2021-05-17 09:25:24,1124.0,2342755
2021-05-17 09:25:25,1124.0,2344877
2021-05-17 09:25:26,1123.6,2345578
2021-05-17 09:25:27,1124.0,2346844
2021-05-17 09:25:28,1123.85,2348549
2021-05-17 09:25:29,1124.0,2348949
2021-05-17 09:25:30,1124.4,2350833
2021-05-17 09:25:31,1124.45,2351583
2021-05-17 09:25:32,1124.0,2353144
2021-05-17 09:25:33,1124.3,2355193
2021-05-17 09:25:35,1124.35,2358018
2021-05-17 09:25:36,1124.5,2359449
2021-05-17 09:25:36,1124.9,2360035
2021-05-17 09:25:37,1125.65,2392186
2021-05-17 09:25:38,1125.3,2393011
2021-05-17 09:25:39,1126.2,2397126
2021-05-17 09:25:40,1126.15,2398516
2021-05-17 09:25:41,1125.6,2400037
2021-05-17 09:25:42,1125.5,2404469
2021-05-17 09:25:43,1125.45,2407928
2021-05-17 09:25:44,1125.25,2411773
2021-05-17 09:25:45,1124.0,2415328
2021-05-17 09:25:46,1124.55,2416919
2021-05-17 09:25:47,1124.4,2418724
2021-05-17 09:25:48,1124.6,2419638
2021-05-17 09:25:49,1124.0,2420376
2021-05-17 09:25:51,1125.45,2427122
2021-05-17 09:25:52,1125.6,2428870
2021-05-17 09:25:53,1126.15,2432444
2021-05-17 09:25:54,1126.5,2434534
2021-05-17 09:25:54,1126.15,2434189
2021-05-17 09:25:55,1125.9,2436623
2021-05-17 09:25:56,1126.5,2444230
2021-05-17 09:25:57,1126.5,2445695
2021-05-17 09:25:58,1126.05,2449412
2021-05-17 09:25:59,1126.95,2452488
2021-05-17 09:26:00,1126.4,2453540
2021-05-17 09:26:02,1126.15,2456663
2021-05-17 09:26:02,1126.15,2457024
2021-05-17 09:26:04,1126.15,2462575
2021-05-17 09:26:05,1126.15,2463695
2021-05-17 09:26:06,1126.0,2464458
2021-05-17 09:26:07,1125.2,2467107
2021-05-17 09:26:08,1125.1,2472139
2021-05-17 09:26:09,1124.9,2474111
2021-05-17 09:26:10,1124.45,2475627
2021-05-17 09:26:11,1124.8,2476445
2021-05-17 09:26:12,1125.05,2478780
2021-05-17 09:26:13,1125.05,2479755
2021-05-17 09:26:14,1124.65,2480493
2021-05-17 09:26:15,1124.85,2480760
2021-05-17 09:26:16,1125.05,2482580
2021-05-17 09:26:17,1125.4,2483972
2021-05-17 09:26:18,1125.7,2484436
2021-05-17 09:26:19,1125.45,2486770
2021-05-17 09:26:20,1123.8,2494912
2021-05-17 09:26:21,1124.3,2495940
2021-05-17 09:26:22,1124.15,2498274
2021-05-17 09:26:23,1124.0,2499763
2021-05-17 09:26:24,1124.6,2500068
2021-05-17 09:26:25,1124.45,2500942
2021-05-17 09:26:26,1124.2,2502050
2021-05-17 09:26:27,1124.7,2502546
2021-05-17 09:26:28,1124.65,2504824
2021-05-17 09:26:29,1125.0,2506912
2021-05-17 09:26:31,1125.3,2511157
2021-05-17 09:26:32,1125.4,2511813
2021-05-17 09:26:33,1124.95,2512824
2021-05-17 09:26:34,1125.4,2515529
2021-05-17 09:26:35,1126.0,2516119
2021-05-17 09:26:36,1126.5,2536115
2021-05-17 09:26:37,1127.0,2537357
2021-05-17 09:26:38,1127.0,2538743
2021-05-17 09:26:40,1127.35,2539968
2021-05-17 09:26:40,1127.35,2539978
2021-05-17 09:26:41,1127.6,2546774
2021-05-17 09:26:42,1128.9,2563026
2021-05-17 09:26:43,1128.8,2564582
2021-05-17 09:26:44,1128.4,2567728
2021-05-17 09:26:45,1128.7,2568993
2021-05-17 09:26:46,1128.2,2570115
2021-05-17 09:26:47,1128.3,2575531
2021-05-17 09:26:48,1128.8,2578415
2021-05-17 09:26:50,1128.8,2580663
2021-05-17 09:26:50,1128.85,2580664
2021-05-17 09:26:51,1129.15,2583067
2021-05-17 09:26:52,1129.75,2585232
2021-05-17 09:26:53,1129.95,2588607
2021-05-17 09:26:54,1129.65,2590929
2021-05-17 09:26:55,1129.25,2592267
2021-05-17 09:26:56,1129.6,2602391
2021-05-17 09:26:57,1130.3,2618818
2021-05-17 09:26:58,1129.65,2623871
2021-05-17 09:27:00,1129.4,2637699
2021-05-17 09:27:01,1129.8,2640794
2021-05-17 09:27:03,1130.1,2652755
2021-05-17 09:27:04,1130.0,2655370
2021-05-17 09:27:06,1129.75,2661596
2021-05-17 09:27:07,1129.9,2664617
2021-05-17 09:27:09,1128.4,2669217
2021-05-17 09:27:10,1128.55,2669753
2021-05-17 09:27:10,1129.1,2669903
2021-05-17 09:27:11,1129.0,2674484
2021-05-17 09:27:12,1129.1,2676888
2021-05-17 09:27:13,1128.75,2689915
2021-05-17 09:27:14,1128.45,2692382
2021-05-17 09:27:15,1128.0,2696224
2021-05-17 09:27:16,1128.0,2696951
2021-05-17 09:27:17,1128.0,2698506
2021-05-17 09:27:18,1127.7,2703256
2021-05-17 09:27:19,1127.45,2704347
2021-05-17 09:27:20,1126.05,2715073
2021-05-17 09:27:21,1125.45,2717315
2021-05-17 09:27:22,1125.6,2721857
2021-05-17 09:27:23,1125.5,2722509
2021-05-17 09:27:24,1125.25,2727003
2021-05-17 09:27:26,1125.5,2727515
2021-05-17 09:27:27,1125.9,2728360
2021-05-17 09:27:28,1126.05,2729609
2021-05-17 09:27:28,1125.55,2729612
2021-05-17 09:27:29,1125.75,2730738
2021-05-17 09:27:30,1125.65,2731398
2021-05-17 09:27:31,1124.5,2739158
2021-05-17 09:27:32,1124.9,2740205
2021-05-17 09:27:33,1124.5,2741912
2021-05-17 09:27:34,1124.1,2744817
2021-05-17 09:27:35,1124.65,2745360
2021-05-17 09:27:36,1124.0,2746837
2021-05-17 09:27:37,1124.65,2747428
2021-05-17 09:27:38,1124.4,2748390
2021-05-17 09:27:39,1124.45,2749812
2021-05-17 09:27:40,1124.25,2752625
2021-05-17 09:27:41,1124.6,2753858
2021-05-17 09:27:42,1125.45,2756339
2021-05-17 09:27:44,1125.0,2758496
2021-05-17 09:27:45,1125.0,2759630
2021-05-17 09:27:46,1125.4,2759983
2021-05-17 09:27:46,1125.05,2760088
2021-05-17 09:27:47,1125.3,2760573
2021-05-17 09:27:48,1125.45,2765906
2021-05-17 09:27:49,1125.45,2767976
2021-05-17 09:27:50,1125.5,2769255
2021-05-17 09:27:51,1125.45,2769662
2021-05-17 09:27:52,1124.95,2776662
2021-05-17 09:27:53,1124.5,2777196
2021-05-17 09:27:54,1125.05,2777948
2021-05-17 09:27:55,1125.0,2779079
2021-05-17 09:27:56,1124.95,2779763
2021-05-17 09:27:57,1124.7,2781413
2021-05-17 09:27:58,1124.75,2781818
2021-05-17 09:27:59,1123.95,2790617
2021-05-17 09:28:00,1123.65,2790763
2021-05-17 09:28:01,1124.0,2791980
2021-05-17 09:28:02,1123.65,2792460
2021-05-17 09:28:05,1123.5,2794448
2021-05-17 09:28:06,1123.85,2795128
2021-05-17 09:28:07,1124.0,2796046
2021-05-17 09:28:08,1123.05,2797631
2021-05-17 09:28:09,1123.0,2801811
2021-05-17 09:28:10,1122.8,2802323
2021-05-17 09:28:11,1123.25,2803519
2021-05-17 09:28:12,1122.4,2805675
2021-05-17 09:28:13,1122.05,2809473
2021-05-17 09:28:14,1121.75,2810841
2021-05-17 09:28:15,1122.05,2814480
2021-05-17 09:28:15,1122.0,2814481
2021-05-17 09:28:16,1122.0,2816205
2021-05-17 09:28:17,1122.05,2817982
2021-05-17 09:28:18,1122.0,2819900
2021-05-17 09:28:19,1121.9,2821671
2021-05-17 09:28:20,1120.1,2828447
2021-05-17 09:28:22,1120.05,2832174
2021-05-17 09:28:23,1120.05,2832897
2021-05-17 09:28:24,1120.4,2834134
2021-05-17 09:28:25,1120.2,2841002
2021-05-17 09:28:26,1120.0,2843575
2021-05-17 09:28:27,1120.15,2844927
2021-05-17 09:28:28,1120.0,2856318
2021-05-17 09:28:28,1119.85,2856862
2021-05-17 09:28:29,1120.45,2859619
2021-05-17 09:28:30,1119.9,2875237
2021-05-17 09:28:31,1119.7,2877285
2021-05-17 09:28:32,1120.1,2879814
2021-05-17 09:28:33,1119.9,2882437
2021-05-17 09:28:34,1120.0,2885756
2021-05-17 09:28:35,1119.15,2891210
2021-05-17 09:28:36,1119.65,2893155
2021-05-17 09:28:37,1119.2,2894591
2021-05-17 09:28:38,1118.85,2901871
2021-05-17 09:28:39,1118.25,2904280
2021-05-17 09:28:41,1118.4,2906511
2021-05-17 09:28:42,1118.75,2910681
2021-05-17 09:28:42,1118.75,2910782
2021-05-17 09:28:43,1118.8,2912335
2021-05-17 09:28:44,1117.25,2922650
2021-05-17 09:28:45,1117.55,2925284
2021-05-17 09:28:47,1117.7,2928121
2021-05-17 09:28:48,1117.1,2930833
2021-05-17 09:28:48,1117.1,2931088
2021-05-17 09:28:49,1117.65,2932148
2021-05-17 09:28:50,1117.55,2934085
2021-05-17 09:28:51,1117.5,2937140
2021-05-17 09:28:52,1117.0,2939992
2021-05-17 09:28:53,1117.05,2942392
2021-05-17 09:28:54,1116.5,2946311
2021-05-17 09:28:56,1116.55,2947085
2021-05-17 09:28:57,1116.35,2949339
2021-05-17 09:28:58,1116.35,2951556
2021-05-17 09:28:58,1116.95,2951714
2021-05-17 09:28:59,1116.3,2960970
2021-05-17 09:29:00,1116.75,2968270
2021-05-17 09:29:02,1117.0,2970375
2021-05-17 09:29:03,1116.35,2971784
2021-05-17 09:29:04,1116.55,2974486
2021-05-17 09:29:05,1117.2,2977448
2021-05-17 09:29:07,1116.7,2981104
2021-05-17 09:29:08,1117.5,2982851
2021-05-17 09:29:09,1117.4,2983925
2021-05-17 09:29:09,1117.45,2984009
2021-05-17 09:29:10,1117.45,2989152
2021-05-17 09:29:11,1117.9,2992931
2021-05-17 09:29:13,1117.25,2996172
2021-05-17 09:29:15,1117.8,2998324
2021-05-17 09:29:16,1117.4,2999811
2021-05-17 09:29:17,1117.5,3000675
2021-05-17 09:29:18,1117.8,3011675
2021-05-17 09:29:19,1117.45,3012650
2021-05-17 09:29:20,1117.5,3014332
2021-05-17 09:29:21,1117.5,3015338
2021-05-17 09:29:23,1117.65,3025147
2021-05-17 09:29:24,1117.8,3025383
2021-05-17 09:29:25,1117.75,3026642
2021-05-17 09:29:26,1117.95,3027374
2021-05-17 09:29:27,1118.05,3030199
2021-05-17 09:29:28,1117.9,3031134
2021-05-17 09:29:29,1117.9,3032156
2021-05-17 09:29:30,1118.1,3032665
2021-05-17 09:29:31,1117.75,3034032
2021-05-17 09:29:31,1117.2,3034332
2021-05-17 09:29:32,1117.5,3035555
2021-05-17 09:29:33,1117.7,3037372
2021-05-17 09:29:36,1117.7,3040224
2021-05-17 09:29:37,1116.9,3050130
2021-05-17 09:29:38,1117.0,3050763
2021-05-17 09:29:39,1116.75,3051098
2021-05-17 09:29:40,1117.0,3053755
2021-05-17 09:29:41,1116.45,3060077
2021-05-17 09:29:42,1116.9,3063380
2021-05-17 09:29:43,1116.7,3063984
2021-05-17 09:29:46,1115.7,3076912
2021-05-17 09:29:47,1116.0,3079118
2021-05-17 09:29:48,1115.9,3080654
2021-05-17 09:29:49,1115.75,3083609
2021-05-17 09:29:50,1115.2,3085786
2021-05-17 09:29:51,1115.2,3086423
2021-05-17 09:29:52,1116.4,3095974
2021-05-17 09:29:53,1116.0,3096833
2021-05-17 09:29:54,1115.55,3097311
2021-05-17 09:29:55,1115.5,3098160
2021-05-17 09:29:56,1115.25,3098402
2021-05-17 09:29:57,1115.1,3101665
2021-05-17 09:29:57,1115.1,3101898
2021-05-17 09:29:58,1114.45,3129327
2021-05-17 09:30:00,1114.9,3130804
2021-05-17 09:30:01,1114.9,3139502
2021-05-17 09:30:02,1115.25,3141505
2021-05-17 09:30:02,1115.05,3143010
2021-05-17 09:30:03,1115.35,3145064
2021-05-17 09:30:04,1115.35,3146768
2021-05-17 09:30:05,1117.05,3169697
2021-05-17 09:30:06,1118.5,3184647
2021-05-17 09:30:07,1118.45,3187771
2021-05-17 09:30:08,1118.85,3189974
2021-05-17 09:30:09,1119.4,3191369
2021-05-17 09:30:10,1119.3,3192669
2021-05-17 09:30:11,1118.2,3193721
2021-05-17 09:30:13,1118.5,3195462
2021-05-17 09:30:14,1118.2,3196563
2021-05-17 09:30:15,1118.7,3197277
2021-05-17 09:30:16,1118.2,3197730
2021-05-17 09:30:17,1118.5,3198076
2021-05-17 09:30:18,1118.8,3199202
2021-05-17 09:30:19,1118.8,3199609
2021-05-17 09:30:20,1118.75,3200804
2021-05-17 09:30:21,1117.65,3203658
2021-05-17 09:30:22,1118.4,3205888
2021-05-17 09:30:24,1118.8,3206995
2021-05-17 09:30:25,1118.85,3208351
2021-05-17 09:30:26,1119.0,3208655
2021-05-17 09:30:26,1118.75,3208565
2021-05-17 09:30:27,1119.0,3210562
2021-05-17 09:30:28,1119.0,3210956
2021-05-17 09:30:30,1119.35,3213056
2021-05-17 09:30:31,1120.0,3219621
2021-05-17 09:30:32,1120.45,3220904
2021-05-17 09:30:33,1120.1,3222780
2021-05-17 09:30:34,1120.15,3223319
2021-05-17 09:30:35,1119.95,3225787
2021-05-17 09:30:37,1119.85,3227776
2021-05-17 09:30:38,1120.55,3229708
2021-05-17 09:30:39,1120.7,3230879
2021-05-17 09:30:40,1120.1,3232481
2021-05-17 09:30:41,1120.4,3237209
2021-05-17 09:30:42,1120.15,3238972
2021-05-17 09:30:43,1119.75,3240410
2021-05-17 09:30:43,1120.3,3240646
2021-05-17 09:30:44,1120.3,3242047
2021-05-17 09:30:45,1120.05,3243477
2021-05-17 09:30:46,1119.9,3244268
2021-05-17 09:30:47,1119.45,3245126
2021-05-17 09:30:48,1119.3,3246686
2021-05-17 09:30:49,1119.8,3247705
2021-05-17 09:30:50,1119.1,3250144
2021-05-17 09:30:51,1119.35,3250664
2021-05-17 09:30:53,1119.3,3257106
2021-05-17 09:30:54,1118.9,3259197
2021-05-17 09:30:55,1119.5,3259763
2021-05-17 09:30:56,1118.4,3261743
2021-05-17 09:30:57,1117.8,3265999
2021-05-17 09:30:58,1118.0,3266426
2021-05-17 09:30:59,1117.35,3268947
2021-05-17 09:31:00,1117.6,3269372
2021-05-17 09:31:01,1117.6,3269852
2021-05-17 09:31:02,1117.5,3270736
2021-05-17 09:31:03,1117.15,3272421
2021-05-17 09:31:04,1117.6,3272549
2021-05-17 09:31:05,1117.45,3274165
2021-05-17 09:31:06,1117.6,3274374
2021-05-17 09:31:07,1117.65,3275696
2021-05-17 09:31:08,1117.1,3276346
2021-05-17 09:31:09,1116.45,3289734
2021-05-17 09:31:11,1117.1,3290347
2021-05-17 09:31:12,1116.65,3291150
2021-05-17 09:31:13,1116.7,3292730
2021-05-17 09:31:14,1117.35,3293206
2021-05-17 09:31:15,1116.0,3297339
2021-05-17 09:31:15,1116.25,3297359
2021-05-17 09:31:16,1115.9,3299573
2021-05-17 09:31:17,1116.25,3299811
2021-05-17 09:31:18,1116.25,3300340
2021-05-17 09:31:19,1116.05,3302067
2021-05-17 09:31:20,1116.3,3303002
2021-05-17 09:31:22,1115.65,3303624
2021-05-17 09:31:23,1116.0,3304694
2021-05-17 09:31:24,1116.6,3314942
2021-05-17 09:31:25,1116.0,3317673
2021-05-17 09:31:25,1116.15,3316173
2021-05-17 09:31:26,1116.0,3318585
2021-05-17 09:31:27,1115.55,3321401
2021-05-17 09:31:28,1115.65,3321782
2021-05-17 09:31:29,1116.0,3322000
2021-05-17 09:31:30,1116.05,3322932
2021-05-17 09:31:32,1116.5,3324464
2021-05-17 09:31:33,1116.0,3326409
2021-05-17 09:31:34,1116.4,3326548
2021-05-17 09:31:35,1116.15,3328958
2021-05-17 09:31:36,1116.85,3332032
2021-05-17 09:31:37,1117.3,3334284
2021-05-17 09:31:38,1117.95,3334994
2021-05-17 09:31:39,1118.0,3335353
2021-05-17 09:31:40,1117.05,3336284
2021-05-17 09:31:41,1117.0,3336345
2021-05-17 09:31:42,1116.45,3337985
2021-05-17 09:31:43,1115.75,3340734
2021-05-17 09:31:44,1116.05,3342368
2021-05-17 09:31:45,1116.45,3344318
2021-05-17 09:31:47,1116.0,3345579
2021-05-17 09:31:48,1117.8,3363961
2021-05-17 09:31:49,1117.2,3364700
2021-05-17 09:31:50,1117.0,3364910
2021-05-17 09:31:51,1117.15,3365373
2021-05-17 09:31:52,1117.85,3368602
2021-05-17 09:31:53,1117.65,3369116
2021-05-17 09:31:54,1117.05,3387062
2021-05-17 09:31:55,1116.85,3388008
2021-05-17 09:31:56,1116.25,3388732
2021-05-17 09:31:57,1115.7,3393401
2021-05-17 09:31:58,1116.2,3393582
2021-05-17 09:31:59,1116.5,3394059
2021-05-17 09:32:00,1116.95,3395662
2021-05-17 09:32:01,1117.25,3395921
2021-05-17 09:32:02,1117.0,3396202
2021-05-17 09:32:03,1116.95,3396439
2021-05-17 09:32:04,1117.5,3396616
2021-05-17 09:32:05,1117.25,3397692
2021-05-17 09:32:06,1117.55,3397820
2021-05-17 09:32:06,1117.5,3397920
2021-05-17 09:32:07,1117.1,3398775
2021-05-17 09:32:08,1118.0,3399780
2021-05-17 09:32:09,1117.5,3399955
2021-05-17 09:32:10,1118.0,3400271
2021-05-17 09:32:11,1117.55,3400619
2021-05-17 09:32:12,1118.0,3401047
2021-05-17 09:32:13,1118.55,3404702
2021-05-17 09:32:14,1118.35,3405503
2021-05-17 09:32:15,1118.05,3407752
2021-05-17 09:32:16,1118.0,3408258
2021-05-17 09:32:17,1118.05,3408508
2021-05-17 09:32:18,1118.0,3408773
2021-05-17 09:32:19,1118.0,3408845
2021-05-17 09:32:21,1117.45,3412240
2021-05-17 09:32:22,1117.55,3413037
2021-05-17 09:32:23,1117.55,3413107
2021-05-17 09:32:24,1117.6,3413803
2021-05-17 09:32:25,1117.45,3413917
2021-05-17 09:32:26,1117.45,3413946
2021-05-17 09:32:27,1117.55,3414119
2021-05-17 09:32:28,1117.1,3414195
2021-05-17 09:32:29,1117.0,3414417
2021-05-17 09:32:30,1117.25,3418492
2021-05-17 09:32:31,1117.2,3418906
2021-05-17 09:32:32,1117.55,3419087
2021-05-17 09:32:34,1117.75,3420038
2021-05-17 09:32:35,1118.0,3420398
2021-05-17 09:32:35,1117.65,3420473
2021-05-17 09:32:39,1117.6,3427604
2021-05-17 09:32:40,1117.2,3427944
2021-05-17 09:32:43,1117.1,3429261
2021-05-17 09:32:45,1117.55,3430225
2021-05-17 09:32:46,1117.2,3430379
2021-05-17 09:32:47,1118.05,3433257
2021-05-17 09:32:48,1117.8,3433462
2021-05-17 09:32:49,1118.0,3433813
2021-05-17 09:32:50,1118.0,3434214
2021-05-17 09:32:51,1117.95,3434755
2021-05-17 09:32:52,1117.95,3434767
2021-05-17 09:32:53,1117.7,3435866
2021-05-17 09:32:54,1118.0,3437446
2021-05-17 09:32:55,1118.25,3437887
2021-05-17 09:32:56,1118.25,3437907
2021-05-17 09:32:57,1118.0,3438339
2021-05-17 09:32:58,1118.1,3438837
2021-05-17 09:33:00,1118.2,3440310
2021-05-17 09:33:01,1118.25,3440479
2021-05-17 09:33:02,1118.6,3440521
2021-05-17 09:33:03,1119.0,3445706
2021-05-17 09:33:04,1118.8,3446115
2021-05-17 09:33:05,1118.5,3451993
2021-05-17 09:33:06,1118.05,3452120
2021-05-17 09:33:07,1118.6,3453176
2021-05-17 09:33:08,1118.9,3453678
2021-05-17 09:33:09,1119.0,3453988
2021-05-17 09:33:11,1118.75,3455369
2021-05-17 09:33:12,1118.35,3456341
2021-05-17 09:33:13,1118.35,3457473
2021-05-17 09:33:13,1118.4,3458133
2021-05-17 09:33:14,1118.55,3459206
2021-05-17 09:33:15,1118.55,3461447
2021-05-17 09:33:16,1118.35,3462067
2021-05-17 09:33:17,1118.5,3462213
2021-05-17 09:33:18,1118.45,3465656
2021-05-17 09:33:19,1118.65,3465735
2021-05-17 09:33:21,1117.35,3475720
2021-05-17 09:33:22,1117.0,3479819
2021-05-17 09:33:23,1117.25,3480129
2021-05-17 09:33:24,1117.25,3480711
2021-05-17 09:33:25,1116.85,3481504
2021-05-17 09:33:26,1117.2,3482572
2021-05-17 09:33:28,1117.25,3483346
2021-05-17 09:33:28,1117.2,3483517
2021-05-17 09:33:30,1117.9,3484620
2021-05-17 09:33:31,1118.05,3485058
2021-05-17 09:33:32,1117.95,3485065
2021-05-17 09:33:33,1117.95,3485192
2021-05-17 09:33:34,1117.8,3485446
2021-05-17 09:33:35,1118.25,3485751
2021-05-17 09:33:36,1117.95,3485760
2021-05-17 09:33:37,1118.1,3487677
2021-05-17 09:33:38,1118.3,3487944
2021-05-17 09:33:39,1118.8,3488259
2021-05-17 09:33:40,1118.45,3488260
2021-05-17 09:33:41,1119.0,3490245
2021-05-17 09:33:43,1119.25,3492539
2021-05-17 09:33:44,1119.25,3492691
2021-05-17 09:33:45,1119.25,3492923
2021-05-17 09:33:46,1119.45,3494539
2021-05-17 09:33:47,1119.4,3495045
2021-05-17 09:33:48,1118.85,3504229
2021-05-17 09:33:49,1118.1,3504685
2021-05-17 09:33:50,1119.0,3506119
2021-05-17 09:33:54,1119.85,3513406
2021-05-17 09:33:55,1119.85,3513406
2021-05-17 09:33:56,1119.6,3514021
2021-05-17 09:33:57,1120.5,3524515
2021-05-17 09:33:58,1120.05,3528514
2021-05-17 09:33:59,1119.7,3529687
2021-05-17 09:34:00,1120.1,3530179
2021-05-17 09:34:01,1120.95,3530676
2021-05-17 09:34:02,1121.5,3534716
2021-05-17 09:34:03,1121.1,3536225
2021-05-17 09:34:04,1121.5,3538139
2021-05-17 09:34:05,1121.35,3538884
2021-05-17 09:34:06,1122.65,3545554
2021-05-17 09:34:07,1123.0,3555990
2021-05-17 09:34:08,1123.6,3558666
2021-05-17 09:34:09,1123.25,3560500
2021-05-17 09:34:10,1123.25,3560500
2021-05-17 09:34:11,1123.75,3561957
2021-05-17 09:34:12,1122.7,3564766
2021-05-17 09:34:13,1123.35,3566006
2021-05-17 09:34:14,1123.7,3566527
2021-05-17 09:34:15,1123.45,3568592
2021-05-17 09:34:16,1124.4,3573218
2021-05-17 09:34:17,1124.35,3575965
2021-05-17 09:34:18,1124.0,3577956
2021-05-17 09:34:19,1124.05,3581756
2021-05-17 09:34:20,1123.55,3586484
2021-05-17 09:34:21,1124.3,3600124
2021-05-17 09:34:23,1123.4,3600625
2021-05-17 09:34:24,1123.65,3602536
2021-05-17 09:34:25,1123.6,3607528
2021-05-17 09:34:26,1124.0,3611116
2021-05-17 09:34:27,1122.85,3614209
2021-05-17 09:34:28,1123.0,3615681
2021-05-17 09:34:29,1122.9,3616836
2021-05-17 09:34:30,1122.6,3618702
2021-05-17 09:34:31,1122.0,3621131
2021-05-17 09:34:32,1121.0,3622682
2021-05-17 09:34:33,1121.05,3624397
2021-05-17 09:34:34,1120.9,3626540
2021-05-17 09:34:35,1121.7,3627141
2021-05-17 09:34:36,1121.45,3628424
2021-05-17 09:34:37,1121.5,3628969
2021-05-17 09:34:38,1121.4,3629004
2021-05-17 09:34:39,1121.5,3630047
2021-05-17 09:34:40,1121.5,3630323
2021-05-17 09:34:41,1122.0,3630860
2021-05-17 09:34:42,1122.35,3630885
2021-05-17 09:34:43,1122.5,3631450
2021-05-17 09:34:44,1122.45,3631977
2021-05-17 09:34:45,1121.85,3633746
2021-05-17 09:34:46,1121.25,3634718
2021-05-17 09:34:47,1121.0,3635073
2021-05-17 09:34:49,1120.05,3640881
2021-05-17 09:34:50,1120.7,3642621
2021-05-17 09:34:51,1120.25,3651280
2021-05-17 09:34:53,1119.85,3654085
2021-05-17 09:34:57,1119.85,3661662
2021-05-17 09:34:58,1119.7,3661696
2021-05-17 09:34:59,1120.25,3663291
2021-05-17 09:35:00,1120.4,3663511
2021-05-17 09:35:01,1120.35,3664270
2021-05-17 09:35:02,1120.25,3664560
2021-05-17 09:35:03,1120.25,3664566
2021-05-17 09:35:04,1120.75,3664681
2021-05-17 09:35:05,1120.85,3665964
2021-05-17 09:35:06,1120.7,3666016
2021-05-17 09:35:07,1120.85,3667504
2021-05-17 09:35:08,1121.6,3667863
2021-05-17 09:35:09,1121.5,3668863
2021-05-17 09:35:10,1121.15,3668949
2021-05-17 09:35:11,1121.5,3669813
2021-05-17 09:35:12,1121.4,3669856
2021-05-17 09:35:13,1122.2,3673709
2021-05-17 09:35:14,1122.2,3674551
2021-05-17 09:35:15,1121.8,3674710
2021-05-17 09:35:16,1122.9,3676961
2021-05-17 09:35:17,1122.8,3680550
2021-05-17 09:35:18,1122.55,3681406
2021-05-17 09:35:19,1123.0,3681569
2021-05-17 09:35:20,1121.9,3683194
2021-05-17 09:35:21,1122.0,3683599
2021-05-17 09:35:22,1122.1,3683776
2021-05-17 09:35:23,1121.75,3686459
2021-05-17 09:35:24,1122.0,3687201
2021-05-17 09:35:25,1121.05,3690435
2021-05-17 09:35:26,1121.05,3690688
2021-05-17 09:35:27,1120.65,3690848
2021-05-17 09:35:28,1120.85,3693691
2021-05-17 09:35:29,1120.75,3693815
2021-05-17 09:35:30,1121.1,3694481
2021-05-17 09:35:33,1120.65,3697305
2021-05-17 09:35:35,1121.35,3699119
2021-05-17 09:35:36,1121.4,3700503
2021-05-17 09:35:37,1121.55,3700699
2021-05-17 09:35:39,1121.35,3701859
2021-05-17 09:35:40,1121.2,3701947
2021-05-17 09:35:41,1121.15,3702238
2021-05-17 09:35:42,1120.95,3703761
2021-05-17 09:35:43,1121.4,3703801
2021-05-17 09:35:44,1121.4,3703926
2021-05-17 09:35:45,1122.0,3706247
2021-05-17 09:35:46,1121.75,3706641
2021-05-17 09:35:47,1121.8,3708152
2021-05-17 09:35:48,1121.8,3708324
2021-05-17 09:35:49,1121.75,3708654
2021-05-17 09:35:50,1122.2,3708921
2021-05-17 09:35:51,1122.25,3708952
2021-05-17 09:35:52,1122.8,3710662
2021-05-17 09:35:53,1122.3,3710791
2021-05-17 09:35:54,1122.55,3710816
2021-05-17 09:35:55,1123.3,3719276
2021-05-17 09:35:56,1122.85,3720688
2021-05-17 09:35:57,1122.85,3722150
2021-05-17 09:35:58,1123.25,3722878
2021-05-17 09:35:59,1122.8,3723746
2021-05-17 09:36:00,1123.0,3724364
2021-05-17 09:36:01,1123.5,3724867
2021-05-17 09:36:02,1123.3,3725349
2021-05-17 09:36:03,1123.55,3725975
2021-05-17 09:36:05,1123.05,3733982
2021-05-17 09:36:07,1123.9,3741926
2021-05-17 09:36:09,1123.5,3743066
2021-05-17 09:36:11,1123.15,3743678
2021-05-17 09:36:11,1123.7,3743833
2021-05-17 09:36:12,1123.7,3744175
2021-05-17 09:36:13,1123.75,3744793
2021-05-17 09:36:15,1123.55,3746311
2021-05-17 09:36:16,1123.0,3752267
2021-05-17 09:36:17,1123.15,3753364
2021-05-17 09:36:18,1122.5,3754068
2021-05-17 09:36:19,1122.55,3754546
2021-05-17 09:36:21,1122.55,3756348
2021-05-17 09:36:21,1122.2,3756368
2021-05-17 09:36:22,1122.55,3756440
2021-05-17 09:36:23,1122.65,3756668
2021-05-17 09:36:24,1121.7,3760057
2021-05-17 09:36:25,1121.45,3760849
2021-05-17 09:36:26,1121.8,3761330
2021-05-17 09:36:27,1121.45,3761885
2021-05-17 09:36:29,1121.3,3762985
2021-05-17 09:36:29,1121.0,3763085
2021-05-17 09:36:30,1121.3,3763111
2021-05-17 09:36:31,1120.45,3773607
2021-05-17 09:36:32,1120.05,3773811
2021-05-17 09:36:33,1120.45,3774567
2021-05-17 09:36:34,1120.3,3775823
2021-05-17 09:36:36,1120.45,3776333
2021-05-17 09:36:37,1120.95,3776618
2021-05-17 09:36:38,1120.85,3777082
2021-05-17 09:36:39,1120.4,3779939
2021-05-17 09:36:40,1120.7,3780801
2021-05-17 09:36:41,1120.6,3781213
2021-05-17 09:36:42,1120.9,3781680
2021-05-17 09:36:43,1120.75,3783028
2021-05-17 09:36:44,1121.1,3783434
2021-05-17 09:36:45,1122.0,3785072
2021-05-17 09:36:46,1121.65,3785597
2021-05-17 09:36:47,1122.0,3785697
2021-05-17 09:36:48,1121.7,3786347
2021-05-17 09:36:49,1122.1,3787889
2021-05-17 09:36:50,1122.35,3790160
2021-05-17 09:36:52,1122.55,3790926
2021-05-17 09:36:53,1122.55,3791437
2021-05-17 09:36:54,1122.65,3791662
2021-05-17 09:36:56,1122.3,3792254
2021-05-17 09:36:57,1122.3,3793851
2021-05-17 09:36:58,1122.35,3793966
2021-05-17 09:36:59,1122.05,3794748
2021-05-17 09:37:00,1121.95,3795824
2021-05-17 09:37:01,1122.4,3799747
2021-05-17 09:37:02,1122.35,3799866
2021-05-17 09:37:03,1122.0,3800925
2021-05-17 09:37:04,1121.75,3801147
2021-05-17 09:37:05,1121.9,3801619
2021-05-17 09:37:06,1121.9,3801926
2021-05-17 09:37:07,1121.9,3802288
2021-05-17 09:37:08,1121.4,3802664
2021-05-17 09:37:09,1121.5,3802685
2021-05-17 09:37:10,1121.1,3804698
2021-05-17 09:37:11,1121.1,3804849
2021-05-17 09:37:12,1121.2,3805036
2021-05-17 09:37:13,1121.15,3805760
2021-05-17 09:37:14,1120.5,3806835
2021-05-17 09:37:15,1120.35,3807391
2021-05-17 09:37:16,1120.15,3818047
2021-05-17 09:37:17,1119.8,3826319
2021-05-17 09:37:18,1118.9,3827677
2021-05-17 09:37:19,1118.55,3828075
2021-05-17 09:37:20,1118.8,3829588
2021-05-17 09:37:21,1119.05,3830799
2021-05-17 09:37:22,1118.7,3831975
2021-05-17 09:37:23,1118.8,3832763
2021-05-17 09:37:24,1118.75,3833270
2021-05-17 09:37:25,1118.35,3833912
2021-05-17 09:37:26,1118.45,3834267
2021-05-17 09:37:27,1118.4,3834710
2021-05-17 09:37:28,1119.05,3839123
2021-05-17 09:37:29,1118.9,3840507
2021-05-17 09:37:30,1118.95,3840721
2021-05-17 09:37:31,1119.5,3841028
2021-05-17 09:37:32,1120.0,3841444
2021-05-17 09:37:34,1119.55,3842960
2021-05-17 09:37:33,1119.65,3842345
2021-05-17 09:37:35,1119.65,3843377
2021-05-17 09:37:36,1119.45,3844342
2021-05-17 09:37:37,1119.35,3845110
2021-05-17 09:37:38,1119.85,3850398
2021-05-17 09:37:40,1119.65,3851052
2021-05-17 09:37:41,1119.5,3851130
2021-05-17 09:37:42,1120.05,3853209
2021-05-17 09:37:44,1120.1,3854089
2021-05-17 09:37:45,1120.5,3854435
2021-05-17 09:37:46,1120.5,3855479
2021-05-17 09:37:47,1120.5,3855812
2021-05-17 09:37:48,1120.5,3855872
2021-05-17 09:37:49,1120.5,3857328
2021-05-17 09:37:50,1120.45,3858153
2021-05-17 09:37:51,1120.3,3858397
2021-05-17 09:37:52,1120.3,3858789
2021-05-17 09:37:53,1120.85,3859201
2021-05-17 09:37:54,1120.5,3859238
2021-05-17 09:37:55,1120.4,3859887
2021-05-17 09:37:56,1120.85,3860111
2021-05-17 09:37:57,1120.4,3860546
2021-05-17 09:37:58,1120.85,3860610
2021-05-17 09:37:59,1121.0,3860736
2021-05-17 09:38:00,1120.9,3860890
2021-05-17 09:38:01,1120.9,3860974
2021-05-17 09:38:02,1120.65,3862089
2021-05-17 09:38:03,1120.65,3862089
2021-05-17 09:38:04,1120.85,3862393
2021-05-17 09:38:05,1121.0,3863518
2021-05-17 09:38:07,1120.85,3863568
2021-05-17 09:38:08,1120.85,3863673
2021-05-17 09:38:09,1120.95,3863678
2021-05-17 09:38:10,1120.95,3863813
2021-05-17 09:38:11,1120.85,3863874
2021-05-17 09:38:12,1120.85,3864141
2021-05-17 09:38:12,1121.0,3864591
2021-05-17 09:38:13,1120.4,3865949
2021-05-17 09:38:14,1120.5,3866621
2021-05-17 09:38:15,1120.0,3867941
2021-05-17 09:38:16,1120.15,3867996
2021-05-17 09:38:17,1119.2,3881914
2021-05-17 09:38:18,1119.05,3882288
2021-05-17 09:38:19,1118.8,3882554
2021-05-17 09:38:20,1118.8,3882703
2021-05-17 09:38:21,1118.8,3882876
2021-05-17 09:38:22,1118.9,3883032
2021-05-17 09:38:23,1118.9,3883276
2021-05-17 09:38:24,1118.9,3883753
2021-05-17 09:38:25,1118.9,3883872
2021-05-17 09:38:26,1118.9,3884063
2021-05-17 09:38:27,1118.8,3884239
2021-05-17 09:38:28,1118.55,3884415
2021-05-17 09:38:29,1118.5,3885719
2021-05-17 09:38:31,1118.8,3885979
2021-05-17 09:38:32,1118.8,3886792
2021-05-17 09:38:33,1118.45,3886847
2021-05-17 09:38:34,1118.8,3888161
2021-05-17 09:38:35,1118.95,3889374
2021-05-17 09:38:36,1118.85,3889673
2021-05-17 09:38:37,1119.45,3890217
2021-05-17 09:38:37,1119.45,3890217
2021-05-17 09:38:38,1119.45,3890228
2021-05-17 09:38:39,1119.65,3890286
2021-05-17 09:38:40,1120.1,3890886
2021-05-17 09:38:41,1120.15,3891049
2021-05-17 09:38:42,1120.1,3891120
2021-05-17 09:38:43,1120.1,3891357
2021-05-17 09:38:44,1120.0,3891439
2021-05-17 09:38:45,1120.55,3892709
2021-05-17 09:38:46,1120.0,3893009
2021-05-17 09:38:47,1120.15,3893342
2021-05-17 09:38:48,1120.1,3893677
2021-05-17 09:38:49,1120.7,3894033
2021-05-17 09:38:50,1120.35,3894259
2021-05-17 09:38:51,1120.7,3895127
2021-05-17 09:38:52,1120.7,3896133
2021-05-17 09:38:53,1120.65,3902913
2021-05-17 09:38:54,1120.75,3904814
2021-05-17 09:38:55,1122.0,3908260
2021-05-17 09:38:56,1121.7,3908291
2021-05-17 09:38:57,1122.1,3911770
2021-05-17 09:38:58,1122.0,3912029
2021-05-17 09:39:00,1122.3,3913720
2021-05-17 09:39:01,1122.5,3915281
2021-05-17 09:39:03,1123.0,3916607
2021-05-17 09:39:04,1122.5,3921727
2021-05-17 09:39:05,1122.45,3923823
2021-05-17 09:39:06,1121.85,3925001
2021-05-17 09:39:07,1121.9,3925108
2021-05-17 09:39:08,1121.6,3925653
2021-05-17 09:39:09,1121.5,3926339
2021-05-17 09:39:10,1121.1,3926956
2021-05-17 09:39:11,1121.4,3927655
2021-05-17 09:39:12,1120.55,3931566
2021-05-17 09:39:13,1120.05,3933159
2021-05-17 09:39:14,1120.3,3933274
2021-05-17 09:39:15,1120.25,3933306
2021-05-17 09:39:16,1120.05,3933411
2021-05-17 09:39:17,1120.55,3933458
2021-05-17 09:39:19,1120.3,3933708
2021-05-17 09:39:20,1120.35,3933790
2021-05-17 09:39:21,1120.4,3934216
2021-05-17 09:39:22,1120.35,3934246
2021-05-17 09:39:23,1120.85,3935090
2021-05-17 09:39:23,1120.85,3935090
2021-05-17 09:39:24,1121.0,3939463
2021-05-17 09:39:25,1120.65,3939684
2021-05-17 09:39:28,1121.0,3940110
2021-05-17 09:39:29,1121.0,3940322
2021-05-17 09:39:30,1121.0,3941755
2021-05-17 09:39:30,1121.0,3941755
2021-05-17 09:39:31,1121.0,3942148
2021-05-17 09:39:32,1121.0,3944055
2021-05-17 09:39:33,1121.0,3953389
2021-05-17 09:39:34,1120.85,3953522
2021-05-17 09:39:35,1120.95,3954438
2021-05-17 09:39:37,1121.0,3955772
2021-05-17 09:39:38,1121.0,3955977
2021-05-17 09:39:39,1121.2,3956107
2021-05-17 09:39:40,1121.0,3956418
2021-05-17 09:39:41,1121.4,3956891
2021-05-17 09:39:42,1121.0,3957345
2021-05-17 09:39:42,1120.95,3957223
2021-05-17 09:39:43,1121.0,3957390
2021-05-17 09:39:44,1121.3,3959369
2021-05-17 09:39:45,1121.7,3959572
2021-05-17 09:39:47,1121.55,3962526
2021-05-17 09:39:48,1121.55,3963226
2021-05-17 09:39:49,1121.95,3963401
2021-05-17 09:39:50,1122.45,3966368
2021-05-17 09:39:51,1122.2,3967153
2021-05-17 09:39:53,1122.8,3967554
2021-05-17 09:39:54,1123.0,3968701
2021-05-17 09:39:55,1122.6,3968911
2021-05-17 09:39:56,1122.3,3969359
2021-05-17 09:39:57,1122.45,3970084
2021-05-17 09:39:58,1121.95,3970968
2021-05-17 09:39:58,1122.05,3972013
2021-05-17 09:39:59,1121.5,3972894
2021-05-17 09:40:00,1121.5,3973929
2021-05-17 09:40:01,1121.75,3974283
2021-05-17 09:40:02,1121.8,3974838
2021-05-17 09:40:03,1121.35,3974914
2021-05-17 09:40:06,1122.0,3975457
2021-05-17 09:40:07,1121.35,3976052
2021-05-17 09:40:07,1121.35,3976052
2021-05-17 09:40:08,1121.85,3976947
2021-05-17 09:40:09,1121.95,3977325
2021-05-17 09:40:11,1121.85,3977398
2021-05-17 09:40:12,1121.3,3977910
2021-05-17 09:40:13,1121.3,3977930
2021-05-17 09:40:14,1121.5,3978084
2021-05-17 09:40:15,1122.45,3978976
2021-05-17 09:40:16,1122.2,3979530
2021-05-17 09:40:17,1122.6,3980182
2021-05-17 09:40:18,1122.9,3980500
2021-05-17 09:40:19,1122.8,3981846
2021-05-17 09:40:20,1123.0,3982116
2021-05-17 09:40:21,1122.45,3991475
2021-05-17 09:40:22,1122.7,3991973
2021-05-17 09:40:23,1122.0,3992656
2021-05-17 09:40:25,1121.75,3993913
2021-05-17 09:40:26,1121.95,3994434
2021-05-17 09:40:27,1122.0,3994690
2021-05-17 09:40:28,1122.4,3995163
2021-05-17 09:40:29,1122.4,3995327
2021-05-17 09:40:30,1122.4,3995615
2021-05-17 09:40:31,1122.4,3995984
2021-05-17 09:40:32,1122.15,3996113
2021-05-17 09:40:33,1122.4,3996197
2021-05-17 09:40:34,1122.55,3996535
2021-05-17 09:40:34,1122.55,3996602
2021-05-17 09:40:35,1123.0,3999872
2021-05-17 09:40:36,1123.5,4000443
2021-05-17 09:40:39,1123.1,4003931
2021-05-17 09:40:40,1123.0,4005063
2021-05-17 09:40:41,1123.45,4005789
2021-05-17 09:40:42,1123.45,4005915
2021-05-17 09:40:42,1123.45,4005961
2021-05-17 09:40:43,1123.0,4006747
2021-05-17 09:40:45,1123.0,4007277
2021-05-17 09:40:46,1122.15,4017482
2021-05-17 09:40:47,1121.9,4020263
2021-05-17 09:40:48,1121.6,4020594
2021-05-17 09:40:49,1121.3,4021334
2021-05-17 09:40:50,1121.7,4021570
2021-05-17 09:40:51,1121.3,4021852
2021-05-17 09:40:51,1120.9,4024697
2021-05-17 09:40:52,1120.9,4025918
2021-05-17 09:40:53,1121.2,4026037
2021-05-17 09:40:54,1121.15,4026960
2021-05-17 09:40:55,1121.0,4027025
2021-05-17 09:40:56,1121.0,4027322
2021-05-17 09:40:57,1121.0,4027750
2021-05-17 09:40:58,1120.8,4029033
2021-05-17 09:40:59,1120.8,4029082
2021-05-17 09:41:00,1120.8,4030033
2021-05-17 09:41:02,1120.65,4030453
2021-05-17 09:41:03,1120.15,4031110
2021-05-17 09:41:04,1120.25,4031265
2021-05-17 09:41:05,1120.8,4032610
2021-05-17 09:41:07,1120.7,4032746
2021-05-17 09:41:08,1120.8,4032870
2021-05-17 09:41:09,1120.4,4032923
2021-05-17 09:41:10,1120.4,4033771
2021-05-17 09:41:11,1120.4,4034129
2021-05-17 09:41:11,1120.4,4034129
2021-05-17 09:41:12,1120.2,4034654
2021-05-17 09:41:13,1120.3,4034841
2021-05-17 09:41:14,1120.15,4035253
2021-05-17 09:41:15,1119.8,4046125
2021-05-17 09:41:16,1119.8,4046641
2021-05-17 09:41:17,1119.5,4046715
2021-05-17 09:41:19,1119.5,4052346
2021-05-17 09:41:20,1119.8,4052837
2021-05-17 09:41:21,1119.3,4056220
2021-05-17 09:41:22,1119.3,4056352
2021-05-17 09:41:22,1119.3,4056357
2021-05-17 09:41:23,1119.7,4057392
2021-05-17 09:41:25,1119.4,4058149
2021-05-17 09:41:26,1119.5,4058508
2021-05-17 09:41:27,1119.95,4058786
2021-05-17 09:41:29,1119.8,4059668
2021-05-17 09:41:30,1119.95,4060252
2021-05-17 09:41:31,1119.5,4060826
2021-05-17 09:41:32,1119.8,4061284
2021-05-17 09:41:33,1119.5,4061524
2021-05-17 09:41:34,1119.5,4062347
2021-05-17 09:41:35,1119.8,4062668
2021-05-17 09:41:36,1119.5,4062785
2021-05-17 09:41:36,1119.5,4062785
2021-05-17 09:41:37,1119.8,4063321
2021-05-17 09:41:38,1119.8,4063480
2021-05-17 09:41:39,1119.7,4064723
2021-05-17 09:41:40,1119.65,4064799
2021-05-17 09:41:42,1119.75,4065517
2021-05-17 09:41:43,1119.75,4065791
2021-05-17 09:41:45,1119.75,4065817
2021-05-17 09:41:46,1119.45,4066165
2021-05-17 09:41:47,1119.7,4066825
2021-05-17 09:41:48,1119.45,4067866
2021-05-17 09:41:48,1119.45,4067866
2021-05-17 09:41:49,1119.45,4068202
2021-05-17 09:41:50,1119.85,4070017
2021-05-17 09:41:51,1119.9,4070105
2021-05-17 09:41:52,1120.0,4070210
2021-05-17 09:41:53,1120.2,4070291
2021-05-17 09:41:55,1120.2,4070311
2021-05-17 09:41:56,1120.2,4070313
2021-05-17 09:41:57,1120.2,4070643
2021-05-17 09:41:58,1120.0,4071091
2021-05-17 09:41:59,1120.0,4071262
2021-05-17 09:42:02,1120.5,4072691
2021-05-17 09:42:02,1120.5,4072691
2021-05-17 09:42:03,1117.65,4139660
2021-05-17 09:42:04,1117.25,4143749
2021-05-17 09:42:05,1117.3,4144625
2021-05-17 09:42:06,1116.9,4146519
2021-05-17 09:42:08,1117.65,4148181
2021-05-17 09:42:09,1117.3,4152200
2021-05-17 09:42:10,1117.25,4162946
2021-05-17 09:42:11,1117.2,4165250
2021-05-17 09:42:11,1116.6,4165059
2021-05-17 09:42:12,1116.75,4166603
2021-05-17 09:42:14,1117.45,4174684
2021-05-17 09:42:15,1116.55,4182852
2021-05-17 09:42:16,1116.4,4183494
2021-05-17 09:42:17,1116.4,4184497
2021-05-17 09:42:18,1116.7,4185747
2021-05-17 09:42:20,1115.25,4207350
2021-05-17 09:42:19,1115.2,4203676
2021-05-17 09:42:20,1115.25,4207380
2021-05-17 09:42:22,1116.35,4224351
2021-05-17 09:42:23,1116.0,4224950
2021-05-17 09:42:26,1116.7,4227004
2021-05-17 09:42:28,1116.85,4229413
2021-05-17 09:42:29,1117.0,4230164
2021-05-17 09:42:30,1117.2,4230852
2021-05-17 09:42:31,1116.45,4236736
2021-05-17 09:42:32,1116.4,4237534
2021-05-17 09:42:33,1116.4,4237763
2021-05-17 09:42:34,1115.55,4243561
2021-05-17 09:42:35,1116.05,4244504
2021-05-17 09:42:36,1116.55,4245000
2021-05-17 09:42:37,1115.7,4248763
2021-05-17 09:42:38,1116.15,4249756
2021-05-17 09:42:39,1117.15,4251713
2021-05-17 09:42:39,1117.2,4251763
2021-05-17 09:42:41,1117.35,4252415
2021-05-17 09:42:42,1117.95,4254357
2021-05-17 09:42:43,1118.45,4256696
2021-05-17 09:42:44,1118.7,4256960
2021-05-17 09:42:45,1118.45,4257384
2021-05-17 09:42:45,1118.95,4257424
2021-05-17 09:42:46,1118.5,4257498
2021-05-17 09:42:47,1118.85,4257625
2021-05-17 09:42:49,1118.75,4258909
2021-05-17 09:42:50,1118.95,4259835
2021-05-17 09:42:51,1118.95,4260179
2021-05-17 09:42:52,1119.1,4260596
2021-05-17 09:42:53,1119.6,4261307
2021-05-17 09:42:54,1119.7,4261728
2021-05-17 09:42:55,1119.9,4262061
2021-05-17 09:42:56,1119.45,4265797
2021-05-17 09:42:57,1119.7,4266349
2021-05-17 09:42:57,1119.7,4266349
2021-05-17 09:42:58,1119.75,4266474
2021-05-17 09:42:59,1119.9,4267054
2021-05-17 09:43:00,1119.55,4268022
2021-05-17 09:43:02,1119.55,4268324
2021-05-17 09:43:05,1119.25,4269455
2021-05-17 09:43:06,1119.55,4269561
2021-05-17 09:43:06,1119.75,4269636
2021-05-17 09:43:09,1119.85,4270514
2021-05-17 09:43:10,1120.25,4273747
2021-05-17 09:43:11,1120.7,4274043
2021-05-17 09:43:11,1120.65,4274069
2021-05-17 09:43:12,1120.75,4275447
2021-05-17 09:43:13,1119.3,4293119
2021-05-17 09:43:14,1119.05,4295575
2021-05-17 09:43:15,1118.6,4300721
2021-05-17 09:43:16,1118.7,4301829
2021-05-17 09:43:17,1118.15,4302049
2021-05-17 09:43:18,1118.55,4302923
2021-05-17 09:43:21,1118.15,4303465
2021-05-17 09:43:22,1117.35,4303635
2021-05-17 09:43:23,1117.4,4304775
2021-05-17 09:43:24,1117.35,4305311
2021-05-17 09:43:25,1117.1,4305561
2021-05-17 09:43:26,1117.35,4306478
2021-05-17 09:43:27,1117.85,4306639
2021-05-17 09:43:28,1117.35,4307063
2021-05-17 09:43:28,1117.3,4306963
2021-05-17 09:43:29,1117.0,4307969
2021-05-17 09:43:30,1116.5,4311046
2021-05-17 09:43:32,1116.5,4312135
2021-05-17 09:43:33,1117.0,4312590
2021-05-17 09:43:34,1116.6,4312962
2021-05-17 09:43:35,1117.0,4313505
2021-05-17 09:43:36,1116.6,4314206
2021-05-17 09:43:37,1117.0,4314898
2021-05-17 09:43:37,1117.0,4314898
2021-05-17 09:43:39,1117.0,4317143
2021-05-17 09:43:41,1117.0,4318054
2021-05-17 09:43:43,1117.0,4320835
2021-05-17 09:43:44,1117.0,4320895
2021-05-17 09:43:45,1116.95,4322838
2021-05-17 09:43:46,1116.55,4323060
2021-05-17 09:43:47,1116.65,4323862
2021-05-17 09:43:48,1116.0,4327040
2021-05-17 09:43:49,1116.55,4337249
2021-05-17 09:43:50,1116.65,4337547
2021-05-17 09:43:51,1116.55,4338850
2021-05-17 09:43:51,1116.6,4338877
2021-05-17 09:43:52,1116.5,4339020
2021-05-17 09:43:54,1116.25,4340712
2021-05-17 09:43:55,1116.0,4341585
2021-05-17 09:43:56,1116.15,4342752
2021-05-17 09:43:57,1116.0,4346037
2021-05-17 09:43:58,1116.15,4346656
2021-05-17 09:43:59,1115.65,4348060
2021-05-17 09:44:00,1115.55,4348598
2021-05-17 09:44:01,1115.75,4349121
2021-05-17 09:44:02,1115.3,4349841
2021-05-17 09:44:03,1115.3,4349994
2021-05-17 09:44:03,1115.25,4350151
2021-05-17 09:44:04,1115.2,4351313
2021-05-17 09:44:05,1115.6,4354357
2021-05-17 09:44:08,1116.1,4358268
2021-05-17 09:44:09,1115.5,4361775
2021-05-17 09:44:10,1115.1,4364464
2021-05-17 09:44:11,1115.65,4366341
2021-05-17 09:44:12,1115.55,4367533
2021-05-17 09:44:13,1115.55,4368242
2021-05-17 09:44:14,1115.0,4371395
2021-05-17 09:44:15,1115.55,4373056
2021-05-17 09:44:15,1115.0,4373817
2021-05-17 09:44:16,1115.45,4374622
2021-05-17 09:44:17,1114.5,4411643
2021-05-17 09:44:19,1114.35,4413175
2021-05-17 09:44:19,1114.4,4414530
2021-05-17 09:44:21,1114.6,4421462
2021-05-17 09:44:22,1114.5,4422251
2021-05-17 09:44:23,1114.05,4423243
2021-05-17 09:44:24,1114.0,4425742
2021-05-17 09:44:25,1114.0,4426822
2021-05-17 09:44:26,1114.0,4428767
2021-05-17 09:44:27,1114.05,4430042
2021-05-17 09:44:28,1114.05,4430133
2021-05-17 09:44:29,1114.0,4430771
2021-05-17 09:44:30,1114.35,4432591
2021-05-17 09:44:31,1114.05,4433978
2021-05-17 09:44:32,1114.45,4435211
2021-05-17 09:44:33,1114.4,4442586
2021-05-17 09:44:34,1114.75,4443795
2021-05-17 09:44:35,1115.5,4446854
2021-05-17 09:44:36,1115.55,4446855
2021-05-17 09:44:37,1116.0,4447718
2021-05-17 09:44:38,1115.5,4448268
2021-05-17 09:44:40,1115.1,4450094
2021-05-17 09:44:41,1115.55,4451340
2021-05-17 09:44:42,1115.5,4452287
2021-05-17 09:44:43,1115.5,4452971
2021-05-17 09:44:44,1115.1,4453672
2021-05-17 09:44:45,1115.7,4454159
2021-05-17 09:44:46,1115.65,4454778
2021-05-17 09:44:47,1116.0,4456499
2021-05-17 09:44:48,1116.0,4457429
2021-05-17 09:44:49,1115.65,4457552
2021-05-17 09:44:50,1115.6,4458111
2021-05-17 09:44:51,1116.0,4459204
2021-05-17 09:44:52,1116.15,4459695
2021-05-17 09:44:53,1115.8,4463398
2021-05-17 09:44:54,1116.4,4463891
2021-05-17 09:44:55,1116.45,4464545
2021-05-17 09:44:56,1117.0,4467232
2021-05-17 09:44:57,1117.0,4467399
2021-05-17 09:44:58,1117.2,4470269
2021-05-17 09:44:59,1116.8,4470799
2021-05-17 09:45:00,1116.35,4471465
2021-05-17 09:45:01,1116.9,4473158
2021-05-17 09:45:02,1116.4,4475248
2021-05-17 09:45:03,1116.9,4476153
2021-05-17 09:45:04,1116.25,4477044
2021-05-17 09:45:05,1116.35,4477799
2021-05-17 09:45:06,1116.45,4478237
2021-05-17 09:45:07,1116.8,4478910
2021-05-17 09:45:09,1116.6,4479437
2021-05-17 09:45:10,1116.25,4479837
2021-05-17 09:45:11,1116.4,4483800
2021-05-17 09:45:12,1116.05,4483896
2021-05-17 09:45:13,1115.0,4487440
2021-05-17 09:45:14,1115.4,4493004
2021-05-17 09:45:15,1115.45,4493454
2021-05-17 09:45:16,1115.15,4496894
2021-05-17 09:45:18,1114.7,4497800
2021-05-17 09:45:20,1114.35,4498955
2021-05-17 09:45:21,1114.65,4499599
2021-05-17 09:45:22,1114.5,4500645
2021-05-17 09:45:23,1114.3,4502516
2021-05-17 09:45:24,1114.8,4503186
2021-05-17 09:45:25,1114.55,4504995
2021-05-17 09:45:26,1114.8,4505918
2021-05-17 09:45:27,1114.65,4507074
2021-05-17 09:45:28,1114.6,4508509
2021-05-17 09:45:29,1114.95,4509169
2021-05-17 09:45:30,1114.5,4509602
2021-05-17 09:45:31,1114.75,4510100
2021-05-17 09:45:32,1114.65,4512123
2021-05-17 09:45:33,1114.65,4513206
2021-05-17 09:45:34,1114.5,4513927
2021-05-17 09:45:35,1114.8,4514363
2021-05-17 09:45:36,1115.0,4514928
2021-05-17 09:45:37,1114.7,4515029
2021-05-17 09:45:38,1114.65,4515474
2021-05-17 09:45:39,1115.0,4516119
2021-05-17 09:45:40,1115.0,4516419
2021-05-17 09:45:41,1114.75,4516821
2021-05-17 09:45:42,1114.8,4516967
2021-05-17 09:45:43,1114.8,4517085
2021-05-17 09:45:44,1115.0,4517531
2021-05-17 09:45:45,1114.8,4517724
2021-05-17 09:45:47,1115.0,4519862
2021-05-17 09:45:48,1114.8,4519881
2021-05-17 09:45:49,1115.0,4521485
2021-05-17 09:45:50,1114.75,4522406
2021-05-17 09:45:52,1115.0,4524626
2021-05-17 09:45:53,1114.65,4525577
2021-05-17 09:45:54,1115.3,4534175
2021-05-17 09:45:55,1115.7,4534749
2021-05-17 09:45:56,1115.4,4534970
2021-05-17 09:45:57,1115.7,4535758
2021-05-17 09:45:58,1115.0,4537105
2021-05-17 09:45:59,1115.3,4537545
2021-05-17 09:46:00,1115.35,4538654
2021-05-17 09:46:01,1114.75,4540437
2021-05-17 09:46:04,1114.8,4543639
2021-05-17 09:46:05,1114.65,4548177
2021-05-17 09:46:06,1114.7,4548277
2021-05-17 09:46:07,1114.4,4549806
2021-05-17 09:46:10,1113.25,4576400
2021-05-17 09:46:12,1112.8,4590026
2021-05-17 09:46:13,1112.45,4591619
2021-05-17 09:46:14,1111.6,4603305
2021-05-17 09:46:15,1111.6,4606649
2021-05-17 09:46:16,1111.75,4609818
2021-05-17 09:46:17,1111.45,4611479
2021-05-17 09:46:18,1111.45,4615530
2021-05-17 09:46:19,1110.8,4631541
2021-05-17 09:46:20,1111.5,4634622
2021-05-17 09:46:21,1111.5,4635689
2021-05-17 09:46:22,1111.1,4638574
2021-05-17 09:46:23,1111.7,4644384
2021-05-17 09:46:24,1111.75,4646211
2021-05-17 09:46:25,1111.55,4648490
2021-05-17 09:46:26,1111.3,4653376
2021-05-17 09:46:27,1111.0,4655528
2021-05-17 09:46:28,1111.55,4658551
2021-05-17 09:46:29,1111.5,4660005
2021-05-17 09:46:30,1111.95,4662451
2021-05-17 09:46:31,1111.5,4664231
2021-05-17 09:46:32,1111.2,4665342
2021-05-17 09:46:34,1111.35,4667115
2021-05-17 09:46:34,1111.7,4667117
2021-05-17 09:46:35,1111.75,4669351
2021-05-17 09:46:36,1111.2,4671248
2021-05-17 09:46:38,1111.75,4676096
2021-05-17 09:46:40,1111.7,4678006
2021-05-17 09:46:40,1111.8,4678266
2021-05-17 09:46:41,1111.25,4679124
2021-05-17 09:46:42,1111.8,4680099
2021-05-17 09:46:45,1112.1,4689745
2021-05-17 09:46:46,1112.4,4689930
2021-05-17 09:46:48,1112.15,4691587
2021-05-17 09:46:48,1112.15,4691097
2021-05-17 09:46:49,1112.6,4693436
2021-05-17 09:46:50,1113.0,4695777
2021-05-17 09:46:51,1112.95,4696633
2021-05-17 09:46:52,1113.25,4698517
2021-05-17 09:46:54,1113.0,4698976
2021-05-17 09:46:55,1112.6,4700776
2021-05-17 09:46:56,1113.2,4701884
2021-05-17 09:46:56,1112.9,4701929
2021-05-17 09:46:57,1112.7,4704375
2021-05-17 09:46:58,1113.1,4704941
2021-05-17 09:46:59,1113.5,4706702
2021-05-17 09:47:00,1113.0,4708853
2021-05-17 09:47:01,1113.1,4709101
2021-05-17 09:47:02,1113.0,4710606
2021-05-17 09:47:04,1113.3,4710791
2021-05-17 09:47:04,1113.0,4710807
2021-05-17 09:47:05,1113.15,4711142
2021-05-17 09:47:06,1113.0,4712360
2021-05-17 09:47:07,1112.2,4720682
2021-05-17 09:47:10,1112.2,4723358
2021-05-17 09:47:12,1112.5,4726792
2021-05-17 09:47:16,1113.4,4730196
2021-05-17 09:47:16,1113.45,4730777
2021-05-17 09:47:17,1113.5,4732662
2021-05-17 09:47:19,1113.45,4737112
2021-05-17 09:47:20,1114.3,4748635
2021-05-17 09:47:22,1114.35,4749393
2021-05-17 09:47:22,1114.35,4749393
2021-05-17 09:47:23,1114.7,4750441
2021-05-17 09:47:24,1114.85,4753008
2021-05-17 09:47:25,1113.8,4754004
2021-05-17 09:47:27,1114.25,4755661
2021-05-17 09:47:27,1114.75,4755696
2021-05-17 09:47:28,1114.5,4759099
2021-05-17 09:47:29,1114.2,4759502
2021-05-17 09:47:30,1112.2,4788061
2021-05-17 09:47:31,1112.05,4788731
2021-05-17 09:47:32,1112.05,4789611
2021-05-17 09:47:34,1112.0,4792396
2021-05-17 09:47:34,1112.0,4792634
2021-05-17 09:47:35,1111.9,4793993
2021-05-17 09:47:36,1111.65,4795489
2021-05-17 09:47:37,1111.5,4796888
2021-05-17 09:47:38,1111.25,4798919
2021-05-17 09:47:39,1111.25,4799647
2021-05-17 09:47:40,1110.65,4819204
2021-05-17 09:47:42,1111.05,4820435
2021-05-17 09:47:42,1111.45,4820445
2021-05-17 09:47:43,1111.0,4822408
2021-05-17 09:47:44,1110.9,4824548
2021-05-17 09:47:45,1111.45,4825707
2021-05-17 09:47:46,1111.5,4827436
2021-05-17 09:47:47,1111.0,4832167
2021-05-17 09:47:48,1111.1,4833120
2021-05-17 09:47:50,1110.9,4840698
2021-05-17 09:47:50,1111.1,4841959
2021-05-17 09:47:51,1110.95,4843732
2021-05-17 09:47:52,1111.0,4845520
2021-05-17 09:47:53,1111.7,4847852
2021-05-17 09:47:54,1111.6,4850203
2021-05-17 09:47:56,1111.6,4852333
2021-05-17 09:47:57,1111.6,4852800
2021-05-17 09:47:57,1111.15,4852815
2021-05-17 09:47:58,1111.35,4854194
2021-05-17 09:47:59,1111.4,4856808
2021-05-17 09:48:00,1112.0,4858771
2021-05-17 09:48:02,1112.3,4860585
2021-05-17 09:48:02,1112.55,4860835
2021-05-17 09:48:03,1112.75,4862915
2021-05-17 09:48:04,1112.5,4865828
2021-05-17 09:48:06,1112.75,4869547
2021-05-17 09:48:07,1113.15,4870328
2021-05-17 09:48:08,1112.75,4870436
2021-05-17 09:48:09,1112.8,4871208
2021-05-17 09:48:11,1112.95,4871444
2021-05-17 09:48:12,1113.3,4872355
2021-05-17 09:48:12,1113.45,4872385
2021-05-17 09:48:13,1111.95,4880321
2021-05-17 09:48:16,1112.15,4883048
2021-05-17 09:48:17,1111.55,4891066
2021-05-17 09:48:19,1111.3,4891246
2021-05-17 09:48:19,1111.15,4891349
2021-05-17 09:48:20,1111.5,4892624
2021-05-17 09:48:21,1111.45,4893895
2021-05-17 09:48:23,1111.45,4895402
2021-05-17 09:48:25,1111.0,4904435
2021-05-17 09:48:25,1111.0,4904448
2021-05-17 09:48:26,1110.9,4907513
2021-05-17 09:48:27,1111.0,4909730
2021-05-17 09:48:28,1111.1,4913402
2021-05-17 09:48:30,1111.5,4914410
2021-05-17 09:48:30,1111.55,4914860
2021-05-17 09:48:31,1111.65,4916094
2021-05-17 09:48:32,1111.6,4916755
2021-05-17 09:48:34,1111.55,4918689
2021-05-17 09:48:36,1111.0,4919620
2021-05-17 09:48:37,1111.45,4920691
2021-05-17 09:48:38,1111.0,4921100
2021-05-17 09:48:40,1111.15,4921809
2021-05-17 09:48:41,1111.5,4922148
2021-05-17 09:48:41,1111.5,4922349
2021-05-17 09:48:42,1111.5,4924337
2021-05-17 09:48:43,1110.95,4929671
2021-05-17 09:48:45,1111.0,4930728
2021-05-17 09:48:46,1111.2,4932524
2021-05-17 09:48:47,1111.0,4934246
2021-05-17 09:48:48,1110.8,4936615
2021-05-17 09:48:49,1111.0,4937304
2021-05-17 09:48:50,1110.95,4940050
2021-05-17 09:48:52,1110.95,4940883
2021-05-17 09:48:54,1111.0,4942444
2021-05-17 09:48:54,1110.75,4943062
2021-05-17 09:48:55,1110.8,4951077
2021-05-17 09:48:57,1110.15,4955727
2021-05-17 09:49:00,1110.0,4997507
2021-05-17 09:49:01,1109.4,5043766
2021-05-17 09:49:01,1109.85,5044554
2021-05-17 09:49:03,1109.4,5051442
2021-05-17 09:49:05,1109.05,5054897
2021-05-17 09:49:06,1109.05,5056533
2021-05-17 09:49:07,1109.05,5058289
2021-05-17 09:49:07,1108.85,5058838
2021-05-17 09:49:08,1109.1,5066007
2021-05-17 09:49:09,1108.7,5071515
2021-05-17 09:49:11,1108.35,5084760
2021-05-17 09:49:12,1108.5,5095087
2021-05-17 09:49:13,1108.5,5096319
2021-05-17 09:49:14,1108.2,5102421
2021-05-17 09:49:16,1108.35,5106104
2021-05-17 09:49:17,1108.0,5110313
2021-05-17 09:49:18,1108.0,5115804
2021-05-17 09:49:18,1108.5,5117233
2021-05-17 09:49:19,1108.7,5124545
2021-05-17 09:49:20,1109.0,5129264
2021-05-17 09:49:21,1109.1,5132679
2021-05-17 09:49:23,1109.95,5137082
2021-05-17 09:49:24,1110.1,5143374
2021-05-17 09:49:24,1110.55,5143414
2021-05-17 09:49:25,1111.3,5149547
2021-05-17 09:49:26,1110.9,5150002
2021-05-17 09:49:29,1111.0,5151625
2021-05-17 09:49:29,1111.0,5152463
2021-05-17 09:49:30,1111.2,5153723
2021-05-17 09:49:31,1111.3,5154445
2021-05-17 09:49:32,1110.75,5156394
2021-05-17 09:49:35,1110.7,5158245
2021-05-17 09:49:36,1110.65,5159434
2021-05-17 09:49:37,1109.95,5160971
2021-05-17 09:49:37,1110.3,5160986
2021-05-17 09:49:38,1110.0,5162406
2021-05-17 09:49:39,1109.55,5164047
2021-05-17 09:49:42,1110.4,5166345
2021-05-17 09:49:43,1110.7,5167123
2021-05-17 09:49:44,1110.15,5168612
2021-05-17 09:49:45,1110.95,5170839
2021-05-17 09:49:46,1110.55,5173212
2021-05-17 09:49:47,1110.45,5173465
2021-05-17 09:49:49,1111.0,5175285
2021-05-17 09:49:51,1110.9,5177007
2021-05-17 09:49:52,1110.8,5177726
2021-05-17 09:49:54,1110.35,5178673
2021-05-17 09:49:55,1110.3,5180801
2021-05-17 09:49:55,1110.95,5182801
2021-05-17 09:49:56,1110.7,5184755
2021-05-17 09:49:57,1110.8,5185249
2021-05-17 09:49:59,1110.35,5186574
2021-05-17 09:50:00,1110.95,5187129
2021-05-17 09:50:00,1110.95,5187154
2021-05-17 09:50:01,1110.5,5187727
2021-05-17 09:50:02,1110.95,5188495
2021-05-17 09:50:03,1111.0,5196852
2021-05-17 09:50:04,1111.0,5198432
2021-05-17 09:50:06,1111.15,5199437
2021-05-17 09:50:07,1111.75,5200340
2021-05-17 09:50:08,1111.25,5201312
2021-05-17 09:50:09,1111.3,5201678
2021-05-17 09:50:10,1111.75,5203420
2021-05-17 09:50:11,1111.95,5204840
2021-05-17 09:50:12,1112.5,5213354
2021-05-17 09:50:14,1112.5,5214727
2021-05-17 09:50:16,1112.8,5218491
2021-05-17 09:50:17,1112.8,5219356
2021-05-17 09:50:17,1112.3,5219006
2021-05-17 09:50:18,1112.2,5220398
2021-05-17 09:50:19,1112.15,5221456
2021-05-17 09:50:20,1112.2,5222304
2021-05-17 09:50:22,1112.75,5223185
2021-05-17 09:50:23,1112.5,5223504
2021-05-17 09:50:23,1112.7,5224005
2021-05-17 09:50:24,1112.4,5224447
2021-05-17 09:50:25,1112.2,5225479
2021-05-17 09:50:26,1112.9,5227132
2021-05-17 09:50:28,1112.7,5228297
2021-05-17 09:50:29,1112.7,5229009
2021-05-17 09:50:30,1112.75,5233260
2021-05-17 09:50:30,1112.25,5232950
2021-05-17 09:50:31,1112.65,5234642
2021-05-17 09:50:32,1112.5,5235970
2021-05-17 09:50:33,1112.55,5236334
2021-05-17 09:50:35,1112.5,5236556
2021-05-17 09:50:36,1112.7,5237387
2021-05-17 09:50:36,1112.7,5237452
2021-05-17 09:50:37,1113.4,5242747
2021-05-17 09:50:38,1113.3,5243127
2021-05-17 09:50:39,1113.4,5243888
2021-05-17 09:50:41,1113.3,5246135
2021-05-17 09:50:42,1113.85,5246856
2021-05-17 09:50:43,1113.9,5247248
2021-05-17 09:50:43,1113.3,5247298
2021-05-17 09:50:44,1113.5,5247931
2021-05-17 09:50:47,1112.8,5258667
2021-05-17 09:50:48,1112.9,5259407
2021-05-17 09:50:50,1112.6,5260293
2021-05-17 09:50:52,1111.7,5272057
2021-05-17 09:50:53,1111.8,5272853
2021-05-17 09:50:54,1111.65,5274380
2021-05-17 09:50:55,1111.85,5275136
2021-05-17 09:50:56,1111.85,5275365
2021-05-17 09:50:57,1111.25,5277046
2021-05-17 09:50:59,1111.25,5277283
2021-05-17 09:51:00,1111.0,5279389
2021-05-17 09:51:01,1110.8,5282609
2021-05-17 09:51:02,1110.75,5283223
2021-05-17 09:51:02,1110.75,5283223
2021-05-17 09:51:03,1110.0,5286938
2021-05-17 09:51:05,1109.95,5294740
2021-05-17 09:51:06,1109.65,5295328
2021-05-17 09:51:07,1110.15,5296904
2021-05-17 09:51:07,1110.15,5296904
2021-05-17 09:51:08,1110.6,5297678
2021-05-17 09:51:09,1110.7,5299154
2021-05-17 09:51:11,1110.65,5299826
2021-05-17 09:51:12,1110.15,5301082
2021-05-17 09:51:13,1110.0,5304464
2021-05-17 09:51:13,1110.0,5304537
2021-05-17 09:51:14,1110.15,5306969
2021-05-17 09:51:15,1110.5,5308783
2021-05-17 09:51:16,1110.45,5309050
2021-05-17 09:51:17,1110.0,5309754
2021-05-17 09:51:19,1110.2,5311019
2021-05-17 09:51:20,1109.8,5312670
2021-05-17 09:51:22,1110.5,5314489
2021-05-17 09:51:22,1110.5,5314489
2021-05-17 09:51:23,1110.1,5314886
2021-05-17 09:51:25,1110.1,5316201
2021-05-17 09:51:26,1110.05,5317712
2021-05-17 09:51:27,1110.5,5318580
2021-05-17 09:51:27,1110.5,5318660
2021-05-17 09:51:28,1110.5,5319163
2021-05-17 09:51:30,1109.25,5324101
2021-05-17 09:51:29,1109.35,5322750
2021-05-17 09:51:31,1109.3,5324804
2021-05-17 09:51:34,1109.65,5328894
2021-05-17 09:51:35,1109.3,5329490
2021-05-17 09:51:36,1108.8,5347458
2021-05-17 09:51:38,1108.7,5348844
2021-05-17 09:51:39,1108.6,5352163
2021-05-17 09:51:39,1108.45,5353668
2021-05-17 09:51:40,1109.15,5355499
2021-05-17 09:51:42,1109.25,5359735
2021-05-17 09:51:43,1109.0,5360661
2021-05-17 09:51:45,1109.45,5362583
2021-05-17 09:51:46,1109.45,5362789
2021-05-17 09:51:47,1109.15,5363449
2021-05-17 09:51:48,1109.1,5363611
2021-05-17 09:51:49,1109.3,5363826
2021-05-17 09:51:50,1109.3,5364725
2021-05-17 09:51:51,1109.4,5374073
2021-05-17 09:51:52,1109.75,5374093
2021-05-17 09:51:53,1109.4,5374635
2021-05-17 09:51:54,1109.75,5376080
2021-05-17 09:51:54,1109.2,5376580
2021-05-17 09:51:55,1109.4,5377033
2021-05-17 09:51:56,1108.85,5379839
2021-05-17 09:51:58,1108.75,5382398
2021-05-17 09:51:59,1109.25,5383086
2021-05-17 09:52:00,1109.25,5386460
2021-05-17 09:52:01,1108.9,5388660
2021-05-17 09:52:02,1108.85,5389320
2021-05-17 09:52:03,1108.45,5390713
2021-05-17 09:52:04,1108.85,5392982
2021-05-17 09:52:05,1108.15,5401643
2021-05-17 09:52:05,1108.2,5401684
2021-05-17 09:52:06,1108.0,5413589
2021-05-17 09:52:07,1108.05,5416307
2021-05-17 09:52:08,1108.25,5417939
2021-05-17 09:52:10,1107.8,5422031
2021-05-17 09:52:11,1108.0,5424368
2021-05-17 09:52:11,1108.2,5423207
2021-05-17 09:52:12,1108.25,5426631
2021-05-17 09:52:14,1108.2,5427617
2021-05-17 09:52:15,1108.2,5428217
2021-05-17 09:52:16,1108.45,5429678
2021-05-17 09:52:17,1108.35,5429851
2021-05-17 09:52:17,1108.35,5429861
2021-05-17 09:52:18,1109.0,5432413
2021-05-17 09:52:19,1109.15,5434913
2021-05-17 09:52:20,1108.9,5436248
2021-05-17 09:52:21,1109.3,5438685
2021-05-17 09:52:22,1109.0,5455476
2021-05-17 09:52:23,1109.65,5456713
2021-05-17 09:52:24,1109.05,5458268
2021-05-17 09:52:25,1109.3,5458792
2021-05-17 09:52:27,1109.2,5459241
2021-05-17 09:52:28,1109.15,5459331
2021-05-17 09:52:29,1109.35,5461220
2021-05-17 09:52:29,1109.05,5461272
2021-05-17 09:52:30,1109.5,5462524
2021-05-17 09:52:31,1109.5,5463101
2021-05-17 09:52:32,1110.0,5464504
2021-05-17 09:52:35,1109.45,5470358
2021-05-17 09:52:36,1109.75,5470640
2021-05-17 09:52:37,1109.25,5471532
2021-05-17 09:52:38,1109.05,5472077
2021-05-17 09:52:39,1109.2,5472104
2021-05-17 09:52:40,1109.35,5472467
2021-05-17 09:52:41,1109.3,5472756
2021-05-17 09:52:42,1109.65,5473132
2021-05-17 09:52:43,1109.6,5473893
2021-05-17 09:52:45,1109.6,5475168
2021-05-17 09:52:46,1110.0,5475438
2021-05-17 09:52:47,1110.15,5476291
2021-05-17 09:52:48,1110.0,5476857
2021-05-17 09:52:48,1109.65,5476917
2021-05-17 09:52:49,1109.7,5477014
2021-05-17 09:52:51,1110.0,5477214
2021-05-17 09:52:52,1110.0,5477372
2021-05-17 09:52:55,1110.0,5480740
2021-05-17 09:52:56,1110.0,5481413
2021-05-17 09:52:57,1110.0,5481959
2021-05-17 09:52:57,1109.8,5482185
2021-05-17 09:52:58,1109.65,5482538
2021-05-17 09:53:00,1110.0,5483331
2021-05-17 09:53:01,1110.05,5484351
2021-05-17 09:53:02,1110.05,5484787
2021-05-17 09:53:03,1110.0,5485832
2021-05-17 09:53:04,1110.5,5486167
2021-05-17 09:53:05,1110.0,5487769
2021-05-17 09:53:06,1110.35,5488071
2021-05-17 09:53:07,1110.6,5490096
2021-05-17 09:53:08,1110.25,5490326
2021-05-17 09:53:08,1110.5,5490476
2021-05-17 09:53:10,1110.75,5491248
2021-05-17 09:53:12,1111.2,5493164
2021-05-17 09:53:14,1110.75,5494308
2021-05-17 09:53:15,1111.3,5494536
2021-05-17 09:53:16,1111.65,5497494
2021-05-17 09:53:17,1112.0,5505861
2021-05-17 09:53:18,1111.45,5508336
2021-05-17 09:53:19,1111.95,5508502
2021-05-17 09:53:20,1111.9,5509811
2021-05-17 09:53:22,1111.5,5511417
2021-05-17 09:53:23,1111.15,5512920
2021-05-17 09:53:24,1110.0,5519874
2021-05-17 09:53:25,1110.0,5519920
2021-05-17 09:53:26,1110.4,5520459
2021-05-17 09:53:27,1110.05,5520968
2021-05-17 09:53:28,1110.45,5521843
2021-05-17 09:53:29,1111.0,5522491
2021-05-17 09:53:30,1110.8,5522757
2021-05-17 09:53:31,1111.4,5524270
2021-05-17 09:53:32,1111.45,5525396
2021-05-17 09:53:33,1111.1,5525535
2021-05-17 09:53:34,1112.65,5530709
2021-05-17 09:53:35,1112.6,5530928
2021-05-17 09:53:36,1112.15,5531215
2021-05-17 09:53:37,1113.5,5536851
2021-05-17 09:53:37,1113.1,5536878
2021-05-17 09:53:39,1113.15,5537211
2021-05-17 09:53:40,1113.05,5539315
2021-05-17 09:53:41,1112.8,5544652
2021-05-17 09:53:42,1113.0,5544864
2021-05-17 09:53:43,1112.5,5546155
2021-05-17 09:53:44,1112.85,5547699
2021-05-17 09:53:46,1113.0,5549894
2021-05-17 09:53:47,1113.05,5553936
2021-05-17 09:53:49,1113.55,5556097
2021-05-17 09:53:50,1113.15,5557155
2021-05-17 09:53:50,1113.15,5557466
2021-05-17 09:53:51,1113.5,5557871
2021-05-17 09:53:54,1113.7,5558660
2021-05-17 09:53:55,1113.0,5560273
2021-05-17 09:53:55,1113.05,5560703
2021-05-17 09:53:56,1113.45,5564974
2021-05-17 09:53:57,1113.4,5565791
2021-05-17 09:53:58,1113.35,5566279
2021-05-17 09:54:00,1113.0,5568200
2021-05-17 09:54:01,1112.5,5569109
2021-05-17 09:54:01,1113.75,5586314
2021-05-17 09:54:03,1113.25,5586748
2021-05-17 09:54:03,1113.4,5586762
2021-05-17 09:54:04,1113.15,5587426
2021-05-17 09:54:05,1113.5,5587947
2021-05-17 09:54:08,1113.2,5588546
2021-05-17 09:54:09,1113.15,5589181
2021-05-17 09:54:09,1113.75,5590521
2021-05-17 09:54:11,1113.4,5591234
2021-05-17 09:54:13,1113.8,5591429
2021-05-17 09:54:14,1113.45,5591812
2021-05-17 09:54:16,1113.95,5596258
2021-05-17 09:54:17,1113.45,5597532
2021-05-17 09:54:19,1113.95,5599995
2021-05-17 09:54:20,1113.5,5600614
2021-05-17 09:54:21,1113.75,5602630
2021-05-17 09:54:22,1113.75,5602948
2021-05-17 09:54:23,1114.0,5603517
2021-05-17 09:54:24,1113.7,5603946
2021-05-17 09:54:25,1113.95,5606318
2021-05-17 09:54:26,1113.5,5607293
2021-05-17 09:54:27,1113.5,5608084
2021-05-17 09:54:28,1113.95,5610131
2021-05-17 09:54:30,1113.4,5613785
2021-05-17 09:54:32,1113.25,5614772
2021-05-17 09:54:33,1113.25,5615237
2021-05-17 09:54:34,1113.45,5616711
2021-05-17 09:54:34,1113.45,5616925
2021-05-17 09:54:36,1113.6,5617255
2021-05-17 09:54:37,1113.6,5617551
2021-05-17 09:54:38,1113.5,5617674
2021-05-17 09:54:39,1113.55,5618146
2021-05-17 09:54:40,1113.7,5632031
2021-05-17 09:54:42,1114.0,5634569
2021-05-17 09:54:43,1114.3,5635183
2021-05-17 09:54:43,1114.3,5635183
2021-05-17 09:54:44,1114.3,5639690
2021-05-17 09:54:46,1114.3,5640491
2021-05-17 09:54:47,1114.1,5641455
2021-05-17 09:54:48,1114.0,5641494
2021-05-17 09:54:49,1113.7,5641977
2021-05-17 09:54:50,1113.7,5642146
2021-05-17 09:54:51,1113.7,5642707
2021-05-17 09:54:52,1113.7,5644326
2021-05-17 09:54:53,1113.7,5644616
2021-05-17 09:54:53,1114.0,5644907
2021-05-17 09:54:54,1114.0,5645459
2021-05-17 09:54:57,1113.75,5647246
2021-05-17 09:54:58,1113.9,5648829
2021-05-17 09:54:59,1113.75,5649808
2021-05-17 09:55:00,1113.8,5650203
2021-05-17 09:55:02,1113.95,5651953
2021-05-17 09:55:04,1113.8,5652095
2021-05-17 09:55:05,1113.75,5652175
2021-05-17 09:55:06,1113.75,5652459
2021-05-17 09:55:07,1114.0,5653084
2021-05-17 09:55:08,1113.25,5655630
2021-05-17 09:55:09,1113.8,5656274
2021-05-17 09:55:11,1114.8,5669600
2021-05-17 09:55:12,1114.25,5695652
2021-05-17 09:55:13,1113.5,5695707
2021-05-17 09:55:14,1114.0,5695921
2021-05-17 09:55:15,1113.5,5697634
2021-05-17 09:55:16,1113.75,5697915
2021-05-17 09:55:17,1113.8,5698270
2021-05-17 09:55:18,1114.1,5698860
2021-05-17 09:55:19,1114.0,5701162
2021-05-17 09:55:20,1113.65,5702685
2021-05-17 09:55:21,1114.45,5703140
2021-05-17 09:55:22,1114.45,5703811
2021-05-17 09:55:23,1114.55,5704126
2021-05-17 09:55:24,1114.15,5705604
2021-05-17 09:55:25,1114.75,5706032
2021-05-17 09:55:27,1115.45,5720698
2021-05-17 09:55:28,1115.3,5721563
2021-05-17 09:55:29,1115.3,5721902
2021-05-17 09:55:30,1115.6,5722886
2021-05-17 09:55:31,1115.55,5727749
2021-05-17 09:55:33,1116.05,5728619
2021-05-17 09:55:32,1115.45,5728309
2021-05-17 09:55:34,1116.0,5729345
2021-05-17 09:55:35,1116.25,5731465
2021-05-17 09:55:36,1116.0,5735373
2021-05-17 09:55:37,1116.45,5736352
2021-05-17 09:55:38,1116.45,5736920
2021-05-17 09:55:39,1117.3,5747253
2021-05-17 09:55:40,1117.1,5751438
2021-05-17 09:55:41,1117.7,5754467
2021-05-17 09:55:42,1117.7,5754901
2021-05-17 09:55:43,1117.0,5755934
2021-05-17 09:55:44,1117.0,5757152
2021-05-17 09:55:45,1117.55,5762883
2021-05-17 09:55:46,1117.0,5764667
2021-05-17 09:55:47,1117.0,5765411
2021-05-17 09:55:48,1116.6,5767057
2021-05-17 09:55:49,1116.85,5768020
2021-05-17 09:55:50,1116.4,5772646
2021-05-17 09:55:51,1116.7,5774131
2021-05-17 09:55:52,1117.1,5776391
2021-05-17 09:55:53,1117.1,5776936
2021-05-17 09:55:54,1116.6,5777256
2021-05-17 09:55:55,1116.45,5777580
2021-05-17 09:55:56,1116.35,5778183
2021-05-17 09:55:57,1116.4,5778825
2021-05-17 09:55:58,1116.9,5779537
2021-05-17 09:55:59,1117.0,5780497
2021-05-17 09:56:00,1116.85,5780872
2021-05-17 09:56:01,1117.0,5781858
2021-05-17 09:56:03,1117.7,5791904
2021-05-17 09:56:05,1117.15,5793999
2021-05-17 09:56:04,1117.1,5793973
2021-05-17 09:56:06,1117.1,5795157
2021-05-17 09:56:07,1117.1,5795823
2021-05-17 09:56:08,1117.25,5797781
2021-05-17 09:56:09,1117.15,5799857
2021-05-17 09:56:10,1118.0,5802851
2021-05-17 09:56:11,1118.0,5803633
2021-05-17 09:56:12,1117.9,5803852
2021-05-17 09:56:13,1117.25,5804724
2021-05-17 09:56:14,1117.95,5805400
2021-05-17 09:56:15,1118.0,5807374
2021-05-17 09:56:17,1117.5,5808472
2021-05-17 09:56:16,1117.85,5808372
2021-05-17 09:56:18,1117.55,5810595
2021-05-17 09:56:19,1117.5,5814422
2021-05-17 09:56:20,1117.8,5814826
2021-05-17 09:56:21,1117.35,5815316
2021-05-17 09:56:22,1117.8,5816024
2021-05-17 09:56:23,1117.8,5816650
2021-05-17 09:56:24,1117.8,5817628
2021-05-17 09:56:25,1118.0,5818704
2021-05-17 09:56:26,1117.85,5822382
2021-05-17 09:56:28,1118.0,5824796
2021-05-17 09:56:29,1117.6,5825508
2021-05-17 09:56:30,1117.6,5826769
2021-05-17 09:56:31,1118.0,5832236
2021-05-17 09:56:32,1118.0,5833880
2021-05-17 09:56:33,1117.75,5833934
2021-05-17 09:56:34,1118.25,5835959
2021-05-17 09:56:35,1118.0,5836864
2021-05-17 09:56:36,1118.5,5840633
2021-05-17 09:56:37,1118.0,5840638
2021-05-17 09:56:38,1118.0,5841531
2021-05-17 09:56:39,1118.25,5841829
2021-05-17 09:56:40,1118.5,5842070
2021-05-17 09:56:41,1118.8,5848124
2021-05-17 09:56:42,1119.0,5853565
2021-05-17 09:56:43,1119.5,5855530
2021-05-17 09:56:44,1119.45,5856730
2021-05-17 09:56:45,1118.95,5857520
2021-05-17 09:56:46,1118.6,5858453
2021-05-17 09:56:47,1119.1,5864962
2021-05-17 09:56:48,1119.35,5865467
2021-05-17 09:56:49,1118.85,5867518
2021-05-17 09:56:50,1118.7,5869072
2021-05-17 09:56:51,1119.0,5870263
2021-05-17 09:56:52,1118.4,5873411
2021-05-17 09:56:53,1118.4,5873801
2021-05-17 09:56:54,1118.0,5875108
2021-05-17 09:56:55,1118.25,5877357
2021-05-17 09:56:56,1117.95,5878952
2021-05-17 09:56:57,1118.1,5883568
2021-05-17 09:56:59,1117.6,5884489
2021-05-17 09:56:58,1117.7,5884239
2021-05-17 09:57:00,1118.55,5894379
2021-05-17 09:57:01,1117.9,5896363
2021-05-17 09:57:02,1117.9,5896915
2021-05-17 09:57:03,1118.0,5897493
2021-05-17 09:57:04,1118.2,5899012
2021-05-17 09:57:05,1117.95,5901452
2021-05-17 09:57:06,1117.95,5901452
2021-05-17 09:57:07,1118.4,5901524
2021-05-17 09:57:08,1118.4,5902002
2021-05-17 09:57:09,1118.4,5902335
2021-05-17 09:57:10,1119.0,5910869
2021-05-17 09:57:11,1118.85,5910989
2021-05-17 09:57:12,1118.8,5911711
2021-05-17 09:57:13,1118.9,5912755
2021-05-17 09:57:14,1118.65,5914077
2021-05-17 09:57:15,1118.7,5914722
2021-05-17 09:57:16,1118.9,5915186
2021-05-17 09:57:17,1119.0,5916825
2021-05-17 09:57:18,1119.3,5917415
2021-05-17 09:57:22,1119.0,5920489
2021-05-17 09:57:23,1119.0,5921649
2021-05-17 09:57:24,1118.9,5924444
2021-05-17 09:57:26,1119.35,5924856
2021-05-17 09:57:26,1119.0,5925242
2021-05-17 09:57:27,1119.35,5925459
2021-05-17 09:57:28,1119.35,5926387
2021-05-17 09:57:29,1119.0,5926957
2021-05-17 09:57:30,1119.0,5927219
2021-05-17 09:57:31,1118.95,5929725
2021-05-17 09:57:32,1118.75,5931617
2021-05-17 09:57:33,1118.95,5932529
2021-05-17 09:57:34,1119.0,5932572
2021-05-17 09:57:36,1118.5,5933260
2021-05-17 09:57:36,1118.95,5933429
2021-05-17 09:57:37,1118.85,5935126
2021-05-17 09:57:38,1118.65,5935246
2021-05-17 09:57:39,1118.6,5936382
2021-05-17 09:57:40,1118.4,5937281
2021-05-17 09:57:41,1118.1,5938991
2021-05-17 09:57:42,1118.25,5942420
2021-05-17 09:57:44,1117.55,5945857
2021-05-17 09:57:46,1117.5,5947427
2021-05-17 09:57:47,1117.5,5948410
2021-05-17 09:57:49,1117.5,5948982
2021-05-17 09:57:49,1117.95,5948987
2021-05-17 09:57:50,1117.45,5949640
2021-05-17 09:57:51,1117.7,5952412
2021-05-17 09:57:52,1117.95,5952920
2021-05-17 09:57:53,1117.8,5954685
2021-05-17 09:57:55,1117.7,5955478
2021-05-17 09:57:56,1117.3,5956990
2021-05-17 09:57:57,1117.3,5957139
2021-05-17 09:57:58,1117.6,5957485
2021-05-17 09:57:59,1117.9,5958038
2021-05-17 09:58:00,1117.5,5958578
2021-05-17 09:58:01,1117.5,5958759
2021-05-17 09:58:02,1118.0,5960895
2021-05-17 09:58:03,1118.0,5961715
2021-05-17 09:58:04,1118.1,5964105
2021-05-17 09:58:05,1118.1,5964567
2021-05-17 09:58:07,1118.55,5965343
2021-05-17 09:58:08,1118.5,5965639
2021-05-17 09:58:08,1117.95,5965431
2021-05-17 09:58:09,1118.05,5965662
2021-05-17 09:58:10,1118.3,5965966
2021-05-17 09:58:11,1118.4,5966231
2021-05-17 09:58:12,1118.6,5967507
2021-05-17 09:58:13,1117.95,5967912
2021-05-17 09:58:14,1118.4,5968133
2021-05-17 09:58:15,1118.05,5968185
2021-05-17 09:58:17,1118.4,5969206
2021-05-17 09:58:17,1118.05,5969207
2021-05-17 09:58:18,1117.85,5970177
2021-05-17 09:58:19,1118.4,5970277
2021-05-17 09:58:20,1118.1,5970330
2021-05-17 09:58:21,1118.1,5971578
2021-05-17 09:58:22,1117.7,5972389
2021-05-17 09:58:23,1117.5,5973065
2021-05-17 09:58:24,1117.5,5974087
2021-05-17 09:58:25,1117.4,5974532
2021-05-17 09:58:26,1117.7,5975651
2021-05-17 09:58:27,1117.1,5975883
2021-05-17 09:58:28,1117.45,5979018
2021-05-17 09:58:29,1117.1,5979282
2021-05-17 09:58:30,1117.1,5981088
2021-05-17 09:58:31,1117.0,5981136
2021-05-17 09:58:32,1115.6,5990195
2021-05-17 09:58:33,1115.0,5995141
2021-05-17 09:58:34,1115.0,5995921
2021-05-17 09:58:35,1115.0,5997349
2021-05-17 09:58:36,1114.6,6001708
2021-05-17 09:58:37,1114.15,6004317
2021-05-17 09:58:38,1114.6,6005056
2021-05-17 09:58:39,1114.05,6007583
2021-05-17 09:58:40,1114.65,6009519
2021-05-17 09:58:41,1114.55,6009629
2021-05-17 09:58:42,1114.6,6009817
2021-05-17 09:58:43,1114.05,6012769
2021-05-17 09:58:44,1114.4,6013546
2021-05-17 09:58:45,1113.7,6015335
2021-05-17 09:58:46,1113.55,6017370
2021-05-17 09:58:47,1113.25,6018095
2021-05-17 09:58:48,1113.4,6022498
2021-05-17 09:58:49,1114.0,6026304
2021-05-17 09:58:51,1114.2,6027509
2021-05-17 09:58:52,1114.7,6029199
2021-05-17 09:58:53,1114.1,6030462
2021-05-17 09:58:54,1114.1,6030773
2021-05-17 09:58:55,1114.05,6030961
2021-05-17 09:58:56,1114.05,6032027
2021-05-17 09:58:57,1113.8,6033317
2021-05-17 09:58:58,1113.85,6033481
2021-05-17 09:58:59,1114.45,6033646
2021-05-17 09:59:01,1114.05,6035354
2021-05-17 09:59:02,1114.35,6035778
2021-05-17 09:59:03,1113.8,6038145
2021-05-17 09:59:04,1113.25,6041401
2021-05-17 09:59:05,1113.85,6041861
2021-05-17 09:59:07,1113.85,6042080
2021-05-17 09:59:08,1114.05,6042605
2021-05-17 09:59:09,1114.0,6043594
2021-05-17 09:59:10,1114.0,6043987
2021-05-17 09:59:11,1113.7,6045109
2021-05-17 09:59:12,1113.7,6045546
2021-05-17 09:59:13,1113.8,6045604
2021-05-17 09:59:14,1113.8,6046561
2021-05-17 09:59:15,1113.8,6047423
2021-05-17 09:59:16,1114.25,6048383
2021-05-17 09:59:17,1113.35,6050003
2021-05-17 09:59:18,1113.3,6050223
2021-05-17 09:59:19,1113.3,6050657
2021-05-17 09:59:21,1113.8,6050906
2021-05-17 09:59:22,1113.85,6051404
2021-05-17 09:59:23,1113.75,6051453
2021-05-17 09:59:24,1113.85,6051625
2021-05-17 09:59:25,1114.75,6108022
2021-05-17 09:59:26,1114.4,6115692
2021-05-17 09:59:27,1114.35,6116946
2021-05-17 09:59:28,1114.05,6117755
2021-05-17 09:59:29,1114.0,6118267
2021-05-17 09:59:30,1114.75,6118450
2021-05-17 09:59:31,1114.45,6118513
2021-05-17 09:59:32,1114.5,6118665
2021-05-17 09:59:33,1114.65,6120093
2021-05-17 09:59:35,1114.5,6120107
2021-05-17 09:59:36,1114.0,6122454
2021-05-17 09:59:37,1113.9,6123986
2021-05-17 09:59:38,1113.75,6124069
2021-05-17 09:59:39,1114.1,6124983
2021-05-17 09:59:40,1114.15,6125348
2021-05-17 09:59:41,1114.15,6125490
2021-05-17 09:59:41,1114.15,6125490
2021-05-17 09:59:42,1114.05,6126555
2021-05-17 09:59:43,1114.0,6126619
2021-05-17 09:59:45,1113.45,6128398
2021-05-17 09:59:46,1113.4,6128498
2021-05-17 09:59:47,1114.0,6128854
2021-05-17 09:59:47,1114.05,6129664
2021-05-17 09:59:49,1114.5,6130708
2021-05-17 09:59:50,1114.75,6131308
2021-05-17 09:59:51,1114.65,6131380
2021-05-17 09:59:52,1114.25,6131518
2021-05-17 09:59:53,1114.25,6131793
2021-05-17 09:59:54,1114.8,6131804
2021-05-17 09:59:55,1115.2,6132794
2021-05-17 09:59:56,1114.7,6133090
2021-05-17 09:59:57,1115.2,6133715
2021-05-17 09:59:58,1115.2,6134295
2021-05-17 09:59:59,1114.85,6134697
2021-05-17 10:00:00,1114.65,6135284
2021-05-17 10:00:01,1114.65,6136298
2021-05-17 10:00:02,1114.65,6136481
2021-05-17 10:00:03,1114.55,6136874
2021-05-17 10:00:04,1114.75,6137614
2021-05-17 10:00:05,1115.1,6138046
2021-05-17 10:00:06,1115.0,6138145
2021-05-17 10:00:07,1115.0,6138174
2021-05-17 10:00:10,1115.35,6138828
2021-05-17 10:00:11,1115.0,6139446
2021-05-17 10:00:11,1115.0,6139446
2021-05-17 10:00:14,1115.0,6140457
2021-05-17 10:00:15,1115.0,6140791
2021-05-17 10:00:16,1115.45,6140912
2021-05-17 10:00:17,1115.55,6140931
2021-05-17 10:00:19,1115.7,6141111
2021-05-17 10:00:20,1115.5,6144095
2021-05-17 10:00:22,1115.5,6144340
2021-05-17 10:00:23,1115.35,6145178
2021-05-17 10:00:24,1115.4,6145181
2021-05-17 10:00:25,1115.0,6146214
2021-05-17 10:00:26,1114.8,6146372
2021-05-17 10:00:27,1114.9,6146604
2021-05-17 10:00:28,1115.35,6146794
2021-05-17 10:00:29,1115.2,6147408
2021-05-17 10:00:30,1114.4,6148544
2021-05-17 10:00:30,1114.25,6148945
2021-05-17 10:00:31,1114.75,6149338
2021-05-17 10:00:32,1115.0,6149838
2021-05-17 10:00:33,1115.3,6150281
2021-05-17 10:00:34,1114.8,6150681
2021-05-17 10:00:35,1114.8,6150725
2021-05-17 10:00:36,1114.75,6151032
2021-05-17 10:00:37,1115.2,6151065
2021-05-17 10:00:38,1115.2,6151278
2021-05-17 10:00:39,1115.15,6151680
2021-05-17 10:00:40,1115.15,6151812
2021-05-17 10:00:41,1115.0,6152170
2021-05-17 10:00:42,1115.3,6152251
2021-05-17 10:00:43,1114.95,6153480
2021-05-17 10:00:44,1114.7,6153805
2021-05-17 10:00:45,1114.65,6153818
2021-05-17 10:00:46,1114.5,6153820
2021-05-17 10:00:47,1114.75,6153849
2021-05-17 10:00:48,1114.8,6154409
2021-05-17 10:00:49,1114.9,6154643
2021-05-17 10:00:51,1114.35,6155009
2021-05-17 10:00:52,1114.35,6155281
2021-05-17 10:00:53,1114.5,6155939
2021-05-17 10:00:54,1115.0,6156787
2021-05-17 10:00:55,1114.7,6156799
2021-05-17 10:00:56,1114.6,6156880
2021-05-17 10:00:58,1114.5,6157009
2021-05-17 10:00:59,1114.6,6157263
2021-05-17 10:01:00,1114.5,6158423
2021-05-17 10:01:01,1114.75,6158556
2021-05-17 10:01:02,1114.8,6159061
2021-05-17 10:01:02,1114.75,6159069
2021-05-17 10:01:03,1114.8,6159158
2021-05-17 10:01:04,1114.75,6159323
2021-05-17 10:01:05,1114.75,6159625
2021-05-17 10:01:07,1115.3,6161341
2021-05-17 10:01:10,1115.35,6161755
2021-05-17 10:01:10,1115.1,6161765
2021-05-17 10:01:11,1115.65,6164795
2021-05-17 10:01:12,1115.6,6164909
2021-05-17 10:01:13,1115.4,6166008
2021-05-17 10:01:14,1115.3,6171130
2021-05-17 10:01:15,1115.5,6171865
2021-05-17 10:01:16,1115.5,6171993
2021-05-17 10:01:17,1115.0,6172473
2021-05-17 10:01:18,1115.0,6172485
2021-05-17 10:01:19,1115.35,6172598
2021-05-17 10:01:20,1115.3,6173123
2021-05-17 10:01:21,1115.35,6173183
2021-05-17 10:01:22,1115.55,6173208
2021-05-17 10:01:23,1115.55,6173294
2021-05-17 10:01:24,1115.55,6173716
2021-05-17 10:01:26,1115.0,6174033
2021-05-17 10:01:27,1115.0,6174353
2021-05-17 10:01:28,1115.6,6175752
2021-05-17 10:01:29,1115.55,6176130
2021-05-17 10:01:30,1115.5,6176640
2021-05-17 10:01:31,1116.0,6177452
2021-05-17 10:01:32,1116.0,6177804
2021-05-17 10:01:33,1115.45,6181417
2021-05-17 10:01:34,1115.65,6182559
2021-05-17 10:01:34,1115.45,6182609
2021-05-17 10:01:35,1115.5,6182669
2021-05-17 10:01:36,1115.4,6182721
2021-05-17 10:01:37,1115.5,6183291
2021-05-17 10:01:38,1115.3,6183659
2021-05-17 10:01:39,1115.2,6185432
2021-05-17 10:01:40,1114.5,6191974
2021-05-17 10:01:41,1114.6,6192085
2021-05-17 10:01:42,1114.55,6193021
2021-05-17 10:01:44,1114.35,6193794
2021-05-17 10:01:45,1114.35,6193794
2021-05-17 10:01:46,1114.6,6194218
2021-05-17 10:01:47,1114.25,6194580
2021-05-17 10:01:48,1114.65,6194915
2021-05-17 10:01:49,1114.65,6195778
2021-05-17 10:01:50,1114.65,6195877
2021-05-17 10:01:50,1114.65,6195877
2021-05-17 10:01:51,1114.7,6196154
2021-05-17 10:01:53,1114.35,6196171
2021-05-17 10:01:54,1114.7,6196611
2021-05-17 10:01:55,1114.75,6196795
2021-05-17 10:01:55,1114.75,6196795
2021-05-17 10:01:56,1114.75,6196991
2021-05-17 10:01:57,1114.75,6196991
2021-05-17 10:01:58,1114.75,6197317
2021-05-17 10:01:59,1114.75,6197806
2021-05-17 10:02:01,1114.75,6198415
2021-05-17 10:02:02,1114.7,6198419
2021-05-17 10:02:03,1114.25,6199328
2021-05-17 10:02:05,1114.15,6200947
2021-05-17 10:02:06,1114.5,6201828
2021-05-17 10:02:07,1114.0,6206791
2021-05-17 10:02:07,1114.0,6206830
2021-05-17 10:02:08,1114.1,6206903
2021-05-17 10:02:10,1113.85,6209732
2021-05-17 10:02:11,1113.9,6211265
2021-05-17 10:02:12,1113.95,6212072
2021-05-17 10:02:13,1113.45,6212232
2021-05-17 10:02:14,1113.5,6212254
2021-05-17 10:02:15,1113.45,6212310
2021-05-17 10:02:16,1113.8,6212732
2021-05-17 10:02:17,1113.2,6213824
2021-05-17 10:02:19,1113.5,6214415
2021-05-17 10:02:20,1113.5,6214516
2021-05-17 10:02:21,1114.1,6215917
2021-05-17 10:02:22,1114.1,6216189
2021-05-17 10:02:23,1114.1,6216455
2021-05-17 10:02:24,1114.1,6217578
2021-05-17 10:02:25,1114.65,6218865
2021-05-17 10:02:26,1114.15,6218996
2021-05-17 10:02:27,1114.7,6219026
2021-05-17 10:02:28,1114.65,6219143
2021-05-17 10:02:29,1114.25,6219843
2021-05-17 10:02:30,1114.65,6219935
2021-05-17 10:02:31,1114.65,6220050
2021-05-17 10:02:32,1114.6,6220172
2021-05-17 10:02:34,1114.2,6220272
2021-05-17 10:02:35,1114.2,6220282
2021-05-17 10:02:36,1114.6,6220434
2021-05-17 10:02:36,1114.65,6220435
2021-05-17 10:02:37,1114.65,6220751
2021-05-17 10:02:39,1114.65,6221652
2021-05-17 10:02:40,1114.65,6221968
2021-05-17 10:02:41,1114.65,6222253
2021-05-17 10:02:42,1114.15,6222812
2021-05-17 10:02:43,1114.3,6222965
2021-05-17 10:02:44,1114.1,6223390
2021-05-17 10:02:45,1114.7,6223427
2021-05-17 10:02:46,1114.25,6223627
2021-05-17 10:02:48,1114.3,6223802
2021-05-17 10:02:50,1114.7,6223810
2021-05-17 10:02:51,1114.25,6224115
2021-05-17 10:02:52,1114.3,6224165
2021-05-17 10:02:52,1114.3,6224165
2021-05-17 10:02:53,1114.35,6224229
2021-05-17 10:02:55,1114.25,6224417
2021-05-17 10:02:56,1114.8,6225025
2021-05-17 10:02:57,1115.0,6226362
2021-05-17 10:02:58,1115.0,6226889
2021-05-17 10:02:59,1115.0,6227104
2021-05-17 10:03:00,1114.55,6227131
2021-05-17 10:03:01,1115.0,6227695
2021-05-17 10:03:01,1115.0,6227695
2021-05-17 10:03:02,1114.45,6227931
2021-05-17 10:03:03,1114.5,6228027
2021-05-17 10:03:04,1115.0,6228048
2021-05-17 10:03:05,1114.3,6229378
2021-05-17 10:03:06,1114.55,6229416
2021-05-17 10:03:10,1114.0,6231916
2021-05-17 10:03:11,1114.0,6232867
2021-05-17 10:03:12,1114.25,6233102
2021-05-17 10:03:13,1114.0,6234029
2021-05-17 10:03:14,1113.8,6234744
2021-05-17 10:03:15,1113.95,6235186
2021-05-17 10:03:15,1113.55,6235321
2021-05-17 10:03:16,1113.55,6235459
2021-05-17 10:03:17,1113.5,6235709
2021-05-17 10:03:20,1113.5,6235921
2021-05-17 10:03:21,1113.95,6236204
2021-05-17 10:03:22,1113.9,6236234
2021-05-17 10:03:23,1113.85,6236371
2021-05-17 10:03:24,1113.85,6236392
2021-05-17 10:03:25,1113.9,6236513
2021-05-17 10:03:26,1113.9,6236556
2021-05-17 10:03:27,1113.6,6236671
2021-05-17 10:03:27,1113.6,6236671
2021-05-17 10:03:30,1113.65,6237654
2021-05-17 10:03:31,1113.85,6238165
2021-05-17 10:03:32,1113.5,6238327
2021-05-17 10:03:33,1113.5,6238590
2021-05-17 10:03:34,1113.8,6238872
2021-05-17 10:03:35,1113.8,6238922
2021-05-17 10:03:36,1113.95,6239305
2021-05-17 10:03:36,1113.75,6239365
2021-05-17 10:03:37,1114.0,6239525
2021-05-17 10:03:38,1113.9,6243021
2021-05-17 10:03:39,1114.0,6243345
2021-05-17 10:03:41,1114.0,6243476
2021-05-17 10:03:42,1114.0,6243476
2021-05-17 10:03:43,1113.75,6243817
2021-05-17 10:03:45,1114.2,6244332
2021-05-17 10:03:46,1114.3,6244357
2021-05-17 10:03:48,1114.75,6245260
2021-05-17 10:03:48,1114.3,6245278
2021-05-17 10:03:49,1114.2,6245438
2021-05-17 10:03:50,1114.1,6245770
2021-05-17 10:03:51,1114.3,6246804
2021-05-17 10:03:52,1114.8,6246830
2021-05-17 10:03:54,1114.8,6247721
2021-05-17 10:03:55,1114.3,6248121
2021-05-17 10:03:56,1114.35,6248198
2021-05-17 10:03:57,1115.0,6248842
2021-05-17 10:03:58,1114.9,6249252
2021-05-17 10:03:59,1115.0,6249304
2021-05-17 10:04:00,1114.5,6249310
2021-05-17 10:04:00,1114.5,6249331
2021-05-17 10:04:01,1114.5,6249367
2021-05-17 10:04:02,1115.0,6249650
2021-05-17 10:04:03,1114.6,6249726
2021-05-17 10:04:04,1114.95,6253566
2021-05-17 10:04:06,1115.1,6254249
2021-05-17 10:04:07,1115.55,6254605
2021-05-17 10:04:08,1115.45,6254617
2021-05-17 10:04:09,1115.7,6254851
2021-05-17 10:04:10,1115.75,6255334
2021-05-17 10:04:11,1115.2,6256679
2021-05-17 10:04:12,1115.75,6256891
2021-05-17 10:04:13,1116.25,6262205
2021-05-17 10:04:14,1116.4,6263268
2021-05-17 10:04:15,1115.9,6263724
2021-05-17 10:04:16,1116.05,6264647
2021-05-17 10:04:17,1116.5,6265100
2021-05-17 10:04:17,1116.0,6265116
2021-05-17 10:04:19,1115.8,6267186
2021-05-17 10:04:20,1116.0,6270806
2021-05-17 10:04:21,1116.0,6271616
2021-05-17 10:04:22,1115.5,6271838
2021-05-17 10:04:23,1115.5,6272490
2021-05-17 10:04:24,1116.0,6274070
2021-05-17 10:04:25,1115.5,6275049
2021-05-17 10:04:26,1115.5,6275075
2021-05-17 10:04:27,1115.55,6275357
2021-05-17 10:04:28,1115.95,6275477
2021-05-17 10:04:28,1115.55,6275487
2021-05-17 10:04:29,1115.95,6275989
2021-05-17 10:04:31,1115.55,6277125
2021-05-17 10:04:32,1115.2,6278686
2021-05-17 10:04:33,1115.15,6278721
2021-05-17 10:04:34,1115.15,6278729
2021-05-17 10:04:35,1115.1,6278834
2021-05-17 10:04:36,1115.0,6279493
2021-05-17 10:04:36,1115.2,6279503
2021-05-17 10:04:37,1114.65,6279921
2021-05-17 10:04:38,1115.15,6280015
2021-05-17 10:04:39,1115.15,6280097
2021-05-17 10:04:41,1114.6,6280155
2021-05-17 10:04:42,1115.0,6280647
2021-05-17 10:04:43,1114.75,6280653
2021-05-17 10:04:44,1114.75,6280740
2021-05-17 10:04:46,1114.75,6281109
2021-05-17 10:04:45,1114.65,6280974
2021-05-17 10:04:48,1115.0,6281201
2021-05-17 10:04:49,1114.6,6281707
2021-05-17 10:04:51,1114.85,6282779
2021-05-17 10:04:52,1115.15,6283040
2021-05-17 10:04:53,1115.15,6283108
2021-05-17 10:04:54,1114.85,6283191
2021-05-17 10:04:55,1115.0,6283196
2021-05-17 10:04:56,1114.85,6283197
2021-05-17 10:04:58,1115.15,6284073
2021-05-17 10:04:59,1115.25,6284230
2021-05-17 10:05:00,1115.5,6285085
2021-05-17 10:05:01,1115.5,6285311
2021-05-17 10:05:02,1115.4,6286265
2021-05-17 10:05:03,1115.5,6286395
2021-05-17 10:05:04,1115.35,6286428
2021-05-17 10:05:05,1115.3,6286589
2021-05-17 10:05:06,1115.3,6286932
2021-05-17 10:05:07,1115.5,6286967
2021-05-17 10:05:07,1115.5,6286967
2021-05-17 10:05:09,1115.3,6287439
2021-05-17 10:05:10,1114.9,6288839
2021-05-17 10:05:11,1114.95,6289309
2021-05-17 10:05:12,1114.95,6289529
2021-05-17 10:05:13,1114.35,6292211
2021-05-17 10:05:13,1114.45,6292241
2021-05-17 10:05:14,1114.3,6292242
2021-05-17 10:05:15,1114.4,6292510
2021-05-17 10:05:17,1114.35,6292769
2021-05-17 10:05:18,1114.35,6293153
2021-05-17 10:05:18,1114.5,6295889
2021-05-17 10:05:19,1114.5,6295904
2021-05-17 10:05:20,1114.5,6295969
2021-05-17 10:05:21,1114.3,6296544
2021-05-17 10:05:22,1114.45,6297232
2021-05-17 10:05:24,1114.5,6297283
2021-05-17 10:05:25,1114.0,6297546
2021-05-17 10:05:26,1113.8,6302262
2021-05-17 10:05:27,1113.5,6302363
2021-05-17 10:05:28,1113.85,6302945
2021-05-17 10:05:28,1113.9,6302992
2021-05-17 10:05:29,1113.5,6303122
2021-05-17 10:05:30,1113.5,6303190
2021-05-17 10:05:32,1113.5,6303915
2021-05-17 10:05:32,1113.5,6303915
2021-05-17 10:05:35,1113.55,6306889
2021-05-17 10:05:36,1113.85,6306920
2021-05-17 10:05:37,1113.6,6307097
2021-05-17 10:05:38,1113.85,6307339
2021-05-17 10:05:39,1113.5,6308468
2021-05-17 10:05:40,1113.1,6310901
2021-05-17 10:05:41,1113.05,6311233
2021-05-17 10:05:42,1113.2,6317022
2021-05-17 10:05:43,1113.2,6317812
2021-05-17 10:05:44,1113.05,6318253
2021-05-17 10:05:45,1112.9,6318778
2021-05-17 10:05:46,1114.0,6320571
2021-05-17 10:05:47,1114.25,6320745
2021-05-17 10:05:48,1114.35,6320985
2021-05-17 10:05:49,1114.35,6320985
2021-05-17 10:05:50,1114.25,6321031
2021-05-17 10:05:51,1114.25,6321031
2021-05-17 10:05:52,1114.05,6321628
2021-05-17 10:05:53,1114.45,6321860
2021-05-17 10:05:54,1114.0,6322991
2021-05-17 10:05:55,1113.75,6323415
2021-05-17 10:05:56,1114.3,6323579
2021-05-17 10:05:57,1114.45,6323629
2021-05-17 10:05:58,1114.0,6323829
2021-05-17 10:05:59,1114.0,6323904
2021-05-17 10:06:00,1114.3,6324168
2021-05-17 10:06:01,1114.35,6324398
2021-05-17 10:06:02,1114.0,6324537
2021-05-17 10:06:03,1113.55,6325161
2021-05-17 10:06:04,1113.6,6325409
2021-05-17 10:06:05,1114.35,6330193
2021-05-17 10:06:06,1114.3,6330775
2021-05-17 10:06:07,1113.8,6331567
2021-05-17 10:06:08,1113.95,6332223
2021-05-17 10:06:09,1114.0,6333251
2021-05-17 10:06:10,1113.9,6333855
2021-05-17 10:06:11,1114.35,6334671
2021-05-17 10:06:12,1114.3,6334692
2021-05-17 10:06:13,1114.25,6334844
2021-05-17 10:06:14,1114.0,6335089
2021-05-17 10:06:15,1113.9,6335602
2021-05-17 10:06:16,1113.9,6335602
2021-05-17 10:06:17,1114.3,6337413
