timestamp,ltp,volume
2021-06-03 09:15:56,18612.85,0
2021-06-03 09:16:05,18634.85,0
2021-06-03 09:16:08,18628.2,0
2021-06-03 09:16:13,18638.3,0
2021-06-03 09:16:16,18644.4,0
2021-06-03 09:16:20,18642.85,0
2021-06-03 09:16:30,18636.05,0
2021-06-03 09:16:33,18633.85,0
2021-06-03 09:16:34,18639.7,0
2021-06-03 09:16:39,18637.1,0
2021-06-03 09:16:43,18637.65,0
2021-06-03 09:16:48,18642.95,0
2021-06-03 09:16:49,18642.95,0
2021-06-03 09:16:53,18640.6,0
2021-06-03 09:16:55,18637.15,0
2021-06-03 09:17:02,18631.25,0
2021-06-03 09:17:05,18628.75,0
2021-06-03 09:17:06,18632.95,0
2021-06-03 09:17:08,18631.55,0
2021-06-03 09:17:11,18628.4,0
2021-06-03 09:17:17,18622.0,0
2021-06-03 09:17:19,18623.95,0
2021-06-03 09:17:20,18626.2,0
2021-06-03 09:17:23,18628.25,0
2021-06-03 09:17:24,18625.1,0
2021-06-03 09:17:31,18625.25,0
2021-06-03 09:17:33,18626.15,0
2021-06-03 09:17:37,18629.6,0
2021-06-03 09:17:40,18628.1,0
2021-06-03 09:17:44,18628.65,0
2021-06-03 09:17:45,18627.85,0
2021-06-03 09:17:51,18625.9,0
2021-06-03 09:17:52,18628.4,0
2021-06-03 09:17:53,18626.85,0
2021-06-03 09:17:54,18622.85,0
2021-06-03 09:17:56,18625.05,0
2021-06-03 09:17:57,18625.55,0
2021-06-03 09:17:59,18621.05,0
2021-06-03 09:18:00,18622.9,0
2021-06-03 09:18:04,18625.75,0
2021-06-03 09:18:05,18623.45,0
2021-06-03 09:18:06,18626.3,0
2021-06-03 09:18:11,18625.8,0
2021-06-03 09:18:18,18624.1,0
2021-06-03 09:18:20,18626.4,0
2021-06-03 09:18:21,18625.35,0
2021-06-03 09:18:23,18623.45,0
2021-06-03 09:18:28,18623.6,0
2021-06-03 09:18:30,18628.55,0
2021-06-03 09:18:35,18629.4,0
2021-06-03 09:18:36,18633.85,0
2021-06-03 09:18:41,18631.55,0
2021-06-03 09:18:48,18629.3,0
2021-06-03 09:18:52,18638.1,0
2021-06-03 09:18:54,18640.35,0
2021-06-03 09:18:59,18634.75,0
2021-06-03 09:19:04,18633.5,0
2021-06-03 09:19:05,18634.5,0
2021-06-03 09:19:06,18634.35,0
2021-06-03 09:19:11,18630.6,0
2021-06-03 09:19:15,18630.1,0
2021-06-03 09:19:19,18624.05,0
2021-06-03 09:19:20,18623.95,0
2021-06-03 09:19:21,18624.9,0
2021-06-03 09:19:22,18627.55,0
2021-06-03 09:19:26,18628.15,0
2021-06-03 09:19:30,18633.25,0
2021-06-03 09:19:31,18632.9,0
2021-06-03 09:19:32,18634.3,0
2021-06-03 09:19:33,18633.7,0
2021-06-03 09:19:40,18625.95,0
2021-06-03 09:19:43,18631.6,0
2021-06-03 09:19:44,18628.4,0
2021-06-03 09:19:46,18630.8,0
2021-06-03 09:19:48,18629.95,0
2021-06-03 09:19:50,18633.4,0
2021-06-03 09:19:57,18635.0,0
2021-06-03 09:20:01,18633.1,0
2021-06-03 09:20:02,18635.75,0
2021-06-03 09:20:03,18636.65,0
2021-06-03 09:20:12,18636.6,0
2021-06-03 09:20:13,18636.45,0
2021-06-03 09:20:14,18636.8,0
2021-06-03 09:20:18,18647.35,0
2021-06-03 09:20:19,18649.5,0
2021-06-03 09:20:22,18647.35,0
2021-06-03 09:20:25,18646.0,0
2021-06-03 09:20:30,18639.7,0
2021-06-03 09:20:36,18638.8,0
2021-06-03 09:20:38,18640.45,0
2021-06-03 09:20:43,18638.0,0
2021-06-03 09:20:44,18638.95,0
2021-06-03 09:20:48,18641.75,0
2021-06-03 09:20:49,18640.2,0
2021-06-03 09:20:55,18646.95,0
2021-06-03 09:20:56,18646.35,0
2021-06-03 09:20:59,18639.85,0
2021-06-03 09:21:00,18644.25,0
2021-06-03 09:21:03,18648.55,0
2021-06-03 09:21:06,18646.8,0
2021-06-03 09:21:15,18643.65,0
2021-06-03 09:21:16,18643.05,0
2021-06-03 09:21:24,18647.15,0
2021-06-03 09:21:25,18639.7,0
2021-06-03 09:21:26,18638.15,0
2021-06-03 09:21:29,18646.45,0
2021-06-03 09:21:33,18644.6,0
2021-06-03 09:21:34,18645.9,0
2021-06-03 09:21:39,18646.1,0
2021-06-03 09:21:41,18642.5,0
2021-06-03 09:21:42,18641.5,0
2021-06-03 09:21:43,18642.0,0
2021-06-03 09:21:47,18644.8,0
2021-06-03 09:21:48,18642.65,0
2021-06-03 09:21:49,18644.3,0
2021-06-03 09:21:52,18649.8,0
2021-06-03 09:21:53,18648.8,0
2021-06-03 09:21:56,18646.15,0
2021-06-03 09:22:05,18644.55,0
2021-06-03 09:22:06,18644.4,0
2021-06-03 09:22:08,18640.25,0
2021-06-03 09:22:15,18643.9,0
2021-06-03 09:22:17,18641.2,0
2021-06-03 09:22:19,18643.25,0
2021-06-03 09:22:20,18642.25,0
2021-06-03 09:22:23,18643.3,0
2021-06-03 09:22:26,18645.6,0
2021-06-03 09:22:28,18646.0,0
2021-06-03 09:22:30,18645.6,0
2021-06-03 09:22:33,18645.9,0
2021-06-03 09:22:36,18644.75,0
2021-06-03 09:22:37,18645.5,0
2021-06-03 09:22:38,18645.65,0
2021-06-03 09:22:47,18649.3,0
2021-06-03 09:22:51,18647.25,0
2021-06-03 09:22:54,18642.75,0
2021-06-03 09:22:59,18641.95,0
2021-06-03 09:23:01,18644.7,0
2021-06-03 09:23:03,18642.5,0
2021-06-03 09:23:04,18642.6,0
2021-06-03 09:23:06,18652.15,0
2021-06-03 09:23:07,18641.6,0
2021-06-03 09:23:10,18649.1,0
2021-06-03 09:23:13,18649.35,0
2021-06-03 09:23:18,18651.55,0
2021-06-03 09:23:21,18651.1,0
2021-06-03 09:23:24,18652.6,0
2021-06-03 09:23:25,18651.35,0
2021-06-03 09:23:27,18653.3,0
2021-06-03 09:23:30,18653.5,0
2021-06-03 09:23:31,18657.5,0
2021-06-03 09:23:42,18654.45,0
2021-06-03 09:23:44,18653.95,0
2021-06-03 09:23:46,18656.4,0
2021-06-03 09:23:49,18648.8,0
2021-06-03 09:23:52,18649.25,0
2021-06-03 09:23:53,18651.95,0
2021-06-03 09:23:55,18651.35,0
2021-06-03 09:23:57,18653.35,0
2021-06-03 09:24:02,18658.35,0
2021-06-03 09:24:15,18656.2,0
2021-06-03 09:24:19,18657.7,0
2021-06-03 09:24:23,18653.85,0
2021-06-03 09:24:29,18659.2,0
2021-06-03 09:24:31,18660.35,0
2021-06-03 09:24:36,18663.55,0
2021-06-03 09:24:40,18663.6,0
2021-06-03 09:24:41,18664.4,0
2021-06-03 09:24:42,18664.0,0
2021-06-03 09:24:43,18666.8,0
2021-06-03 09:24:47,18665.25,0
2021-06-03 09:24:48,18665.4,0
2021-06-03 09:24:50,18664.5,0
2021-06-03 09:24:55,18669.55,0
2021-06-03 09:24:57,18668.15,0
2021-06-03 09:24:58,18670.2,0
2021-06-03 09:25:02,18670.8,0
2021-06-03 09:25:04,18668.45,0
2021-06-03 09:25:05,18667.9,0
2021-06-03 09:25:07,18668.1,0
2021-06-03 09:25:09,18665.55,0
2021-06-03 09:25:12,18671.1,0
2021-06-03 09:25:14,18669.95,0
2021-06-03 09:25:15,18669.55,0
2021-06-03 09:25:21,18663.55,0
2021-06-03 09:25:23,18659.1,0
2021-06-03 09:25:27,18665.0,0
2021-06-03 09:25:36,18666.4,0
2021-06-03 09:25:37,18667.35,0
2021-06-03 09:25:58,18653.8,0
2021-06-03 09:26:01,18653.25,0
2021-06-03 09:26:05,18653.6,0
2021-06-03 09:26:07,18653.95,0
2021-06-03 09:26:10,18654.6,0
2021-06-03 09:26:11,18655.1,0
2021-06-03 09:26:12,18654.6,0
2021-06-03 09:26:14,18654.55,0
2021-06-03 09:26:17,18655.05,0
2021-06-03 09:26:18,18654.2,0
2021-06-03 09:26:22,18652.7,0
2021-06-03 09:26:24,18652.45,0
2021-06-03 09:26:31,18655.35,0
2021-06-03 09:26:38,18652.3,0
2021-06-03 09:26:40,18650.45,0
2021-06-03 09:26:43,18650.9,0
2021-06-03 09:26:45,18650.3,0
2021-06-03 09:26:47,18645.5,0
2021-06-03 09:26:52,18648.0,0
2021-06-03 09:26:54,18647.25,0
2021-06-03 09:26:56,18644.75,0
2021-06-03 09:26:57,18641.45,0
2021-06-03 09:26:58,18642.95,0
2021-06-03 09:27:04,18639.8,0
2021-06-03 09:27:09,18644.95,0
2021-06-03 09:27:13,18648.95,0
2021-06-03 09:27:14,18648.45,0
2021-06-03 09:27:17,18646.0,0
2021-06-03 09:27:18,18646.85,0
2021-06-03 09:27:22,18647.4,0
2021-06-03 09:27:23,18650.35,0
2021-06-03 09:27:27,18658.65,0
2021-06-03 09:27:29,18653.9,0
2021-06-03 09:27:30,18656.65,0
2021-06-03 09:27:33,18653.5,0
2021-06-03 09:27:37,18653.2,0
2021-06-03 09:27:38,18655.75,0
2021-06-03 09:27:40,18652.0,0
2021-06-03 09:27:41,18655.15,0
2021-06-03 09:27:47,18651.85,0
2021-06-03 09:27:51,18650.55,0
2021-06-03 09:27:53,18652.6,0
2021-06-03 09:27:54,18649.9,0
2021-06-03 09:28:03,18651.25,0
2021-06-03 09:28:05,18649.9,0
2021-06-03 09:28:06,18650.5,0
2021-06-03 09:28:08,18651.3,0
2021-06-03 09:28:10,18654.1,0
2021-06-03 09:28:11,18648.75,0
2021-06-03 09:28:14,18650.1,0
2021-06-03 09:28:16,18650.6,0
2021-06-03 09:28:21,18652.65,0
2021-06-03 09:28:32,18647.95,0
2021-06-03 09:28:33,18652.8,0
2021-06-03 09:28:35,18649.6,0
2021-06-03 09:28:36,18652.25,0
2021-06-03 09:28:39,18648.1,0
2021-06-03 09:28:42,18649.05,0
2021-06-03 09:28:47,18646.75,0
2021-06-03 09:28:49,18646.25,0
2021-06-03 09:28:50,18644.95,0
2021-06-03 09:28:55,18650.1,0
2021-06-03 09:28:58,18648.7,0
2021-06-03 09:28:59,18651.75,0
2021-06-03 09:29:00,18652.3,0
2021-06-03 09:29:08,18647.85,0
2021-06-03 09:29:11,18646.8,0
2021-06-03 09:29:15,18649.05,0
2021-06-03 09:29:16,18650.45,0
2021-06-03 09:29:20,18655.25,0
2021-06-03 09:29:21,18651.45,0
2021-06-03 09:29:24,18653.05,0
2021-06-03 09:29:25,18654.4,0
2021-06-03 09:29:26,18651.45,0
2021-06-03 09:29:29,18647.2,0
2021-06-03 09:29:31,18644.45,0
2021-06-03 09:29:33,18645.5,0
2021-06-03 09:29:34,18645.95,0
2021-06-03 09:29:35,18647.25,0
2021-06-03 09:29:41,18646.4,0
2021-06-03 09:29:43,18652.0,0
2021-06-03 09:29:44,18652.7,0
2021-06-03 09:29:48,18647.65,0
2021-06-03 09:29:50,18644.75,0
2021-06-03 09:29:52,18646.0,0
2021-06-03 09:29:55,18647.1,0
2021-06-03 09:29:56,18650.7,0
2021-06-03 09:30:01,18646.05,0
2021-06-03 09:30:09,18640.75,0
2021-06-03 09:30:13,18641.6,0
2021-06-03 09:30:14,18639.65,0
2021-06-03 09:30:15,18639.0,0
2021-06-03 09:30:19,18644.15,0
2021-06-03 09:30:22,18644.95,0
2021-06-03 09:30:27,18648.05,0
2021-06-03 09:30:30,18643.2,0
2021-06-03 09:30:33,18644.85,0
2021-06-03 09:30:36,18640.65,0
2021-06-03 09:30:37,18643.75,0
2021-06-03 09:30:39,18647.3,0
2021-06-03 09:30:40,18643.25,0
2021-06-03 09:30:41,18645.15,0
2021-06-03 09:30:45,18645.75,0
2021-06-03 09:30:46,18645.35,0
2021-06-03 09:30:49,18646.65,0
2021-06-03 09:30:52,18642.7,0
2021-06-03 09:30:56,18646.5,0
2021-06-03 09:30:59,18645.75,0
2021-06-03 09:31:06,18646.85,0
2021-06-03 09:31:10,18649.65,0
2021-06-03 09:31:14,18649.15,0
2021-06-03 09:31:18,18648.9,0
2021-06-03 09:31:19,18648.25,0
2021-06-03 09:31:20,18646.5,0
2021-06-03 09:31:25,18648.8,0
2021-06-03 09:31:27,18646.75,0
2021-06-03 09:31:28,18650.55,0
2021-06-03 09:31:30,18649.1,0
2021-06-03 09:31:34,18645.75,0
2021-06-03 09:31:35,18642.8,0
2021-06-03 09:31:39,18642.85,0
2021-06-03 09:31:52,18640.55,0
2021-06-03 09:31:53,18644.1,0
2021-06-03 09:31:54,18644.55,0
2021-06-03 09:31:59,18638.75,0
2021-06-03 09:32:06,18639.9,0
2021-06-03 09:32:11,18636.3,0
2021-06-03 09:32:14,18640.65,0
2021-06-03 09:32:15,18638.95,0
2021-06-03 09:32:17,18638.65,0
2021-06-03 09:32:18,18638.6,0
2021-06-03 09:32:22,18638.65,0
2021-06-03 09:32:24,18640.35,0
2021-06-03 09:32:25,18643.15,0
2021-06-03 09:32:26,18642.05,0
2021-06-03 09:32:30,18644.95,0
2021-06-03 09:32:32,18642.35,0
2021-06-03 09:32:36,18642.0,0
2021-06-03 09:32:40,18640.65,0
2021-06-03 09:32:42,18640.15,0
2021-06-03 09:32:46,18639.3,0
2021-06-03 09:32:47,18641.4,0
2021-06-03 09:32:48,18637.8,0
2021-06-03 09:32:51,18638.15,0
2021-06-03 09:32:55,18634.85,0
2021-06-03 09:32:58,18635.5,0
2021-06-03 09:33:00,18634.1,0
2021-06-03 09:33:03,18634.9,0
2021-06-03 09:33:08,18636.2,0
2021-06-03 09:33:12,18637.35,0
2021-06-03 09:33:14,18639.95,0
2021-06-03 09:33:15,18638.1,0
2021-06-03 09:33:16,18638.65,0
2021-06-03 09:33:17,18639.05,0
2021-06-03 09:33:20,18638.85,0
2021-06-03 09:33:24,18639.55,0
2021-06-03 09:33:27,18639.85,0
2021-06-03 09:33:31,18638.3,0
2021-06-03 09:33:35,18640.1,0
2021-06-03 09:33:41,18640.3,0
2021-06-03 09:33:42,18637.15,0
2021-06-03 09:33:46,18639.1,0
2021-06-03 09:33:47,18638.05,0
2021-06-03 09:33:48,18635.9,0
2021-06-03 09:33:49,18638.05,0
2021-06-03 09:33:50,18637.6,0
2021-06-03 09:33:51,18639.15,0
2021-06-03 09:33:59,18643.25,0
2021-06-03 09:34:02,18643.55,0
2021-06-03 09:34:04,18642.95,0
2021-06-03 09:34:05,18644.5,0
2021-06-03 09:34:08,18638.75,0
2021-06-03 09:34:09,18637.5,0
2021-06-03 09:34:12,18639.55,0
2021-06-03 09:34:15,18637.95,0
2021-06-03 09:34:20,18634.4,0
2021-06-03 09:34:21,18636.3,0
2021-06-03 09:34:23,18635.6,0
2021-06-03 09:34:24,18636.05,0
2021-06-03 09:34:25,18634.4,0
2021-06-03 09:34:32,18635.3,0
2021-06-03 09:34:33,18635.25,0
2021-06-03 09:34:34,18634.05,0
2021-06-03 09:34:37,18629.4,0
2021-06-03 09:34:39,18630.6,0
2021-06-03 09:34:46,18631.1,0
2021-06-03 09:34:49,18631.45,0
2021-06-03 09:34:50,18630.05,0
2021-06-03 09:35:03,18626.65,0
2021-06-03 09:35:04,18627.35,0
2021-06-03 09:35:06,18624.45,0
2021-06-03 09:35:07,18626.9,0
2021-06-03 09:35:09,18621.1,0
2021-06-03 09:35:11,18623.7,0
2021-06-03 09:35:13,18625.15,0
2021-06-03 09:35:17,18625.0,0
2021-06-03 09:35:18,18625.0,0
2021-06-03 09:35:22,18625.95,0
2021-06-03 09:35:23,18623.2,0
2021-06-03 09:35:24,18625.9,0
2021-06-03 09:35:26,18629.0,0
2021-06-03 09:35:29,18625.65,0
2021-06-03 09:35:30,18629.7,0
2021-06-03 09:35:33,18627.65,0
2021-06-03 09:35:34,18629.8,0
2021-06-03 09:35:36,18631.8,0
2021-06-03 09:35:37,18632.5,0
2021-06-03 09:35:40,18632.2,0
2021-06-03 09:35:41,18636.2,0
2021-06-03 09:35:45,18635.75,0
2021-06-03 09:35:48,18636.0,0
2021-06-03 09:35:49,18638.1,0
2021-06-03 09:35:50,18636.7,0
2021-06-03 09:35:56,18638.5,0
2021-06-03 09:35:58,18639.45,0
2021-06-03 09:36:00,18636.55,0
2021-06-03 09:36:01,18637.6,0
2021-06-03 09:36:08,18640.05,0
2021-06-03 09:36:09,18641.95,0
2021-06-03 09:36:13,18642.5,0
2021-06-03 09:36:15,18644.95,0
2021-06-03 09:36:21,18645.0,0
2021-06-03 09:36:23,18643.1,0
2021-06-03 09:36:24,18644.45,0
2021-06-03 09:36:25,18645.75,0
2021-06-03 09:36:27,18644.35,0
2021-06-03 09:36:28,18646.95,0
2021-06-03 09:36:29,18646.65,0
2021-06-03 09:36:30,18645.75,0
2021-06-03 09:36:31,18646.3,0
2021-06-03 09:36:32,18646.65,0
2021-06-03 09:36:37,18646.2,0
2021-06-03 09:36:38,18643.45,0
2021-06-03 09:36:40,18644.95,0
2021-06-03 09:36:41,18646.15,0
2021-06-03 09:36:43,18644.75,0
2021-06-03 09:36:51,18642.25,0
2021-06-03 09:36:52,18643.0,0
2021-06-03 09:36:57,18644.75,0
2021-06-03 09:36:58,18643.6,0
2021-06-03 09:37:01,18644.9,0
2021-06-03 09:37:04,18641.3,0
2021-06-03 09:37:13,18645.75,0
2021-06-03 09:37:16,18644.85,0
2021-06-03 09:37:20,18649.1,0
2021-06-03 09:37:33,18652.1,0
2021-06-03 09:37:36,18651.2,0
2021-06-03 09:37:37,18650.5,0
2021-06-03 09:37:39,18651.0,0
2021-06-03 09:37:42,18651.2,0
2021-06-03 09:37:44,18652.4,0
2021-06-03 09:37:45,18651.25,0
2021-06-03 09:37:46,18652.2,0
2021-06-03 09:37:48,18655.7,0
2021-06-03 09:37:49,18651.8,0
2021-06-03 09:37:52,18653.4,0
2021-06-03 09:37:55,18656.1,0
2021-06-03 09:37:56,18656.75,0
2021-06-03 09:38:00,18655.7,0
2021-06-03 09:38:07,18651.85,0
2021-06-03 09:38:09,18652.4,0
2021-06-03 09:38:13,18654.4,0
2021-06-03 09:38:18,18654.7,0
2021-06-03 09:38:20,18657.4,0
2021-06-03 09:38:21,18657.55,0
2021-06-03 09:38:27,18658.5,0
2021-06-03 09:38:28,18658.6,0
2021-06-03 09:38:29,18658.9,0
2021-06-03 09:38:31,18658.65,0
2021-06-03 09:38:33,18660.05,0
2021-06-03 09:38:35,18662.0,0
2021-06-03 09:38:38,18659.65,0
2021-06-03 09:38:41,18659.35,0
2021-06-03 09:38:42,18662.7,0
2021-06-03 09:38:44,18666.3,0
2021-06-03 09:38:47,18664.05,0
2021-06-03 09:38:50,18665.3,0
2021-06-03 09:38:54,18663.55,0
2021-06-03 09:38:55,18664.55,0
2021-06-03 09:38:57,18660.65,0
2021-06-03 09:39:00,18665.8,0
2021-06-03 09:39:01,18664.0,0
2021-06-03 09:39:02,18664.2,0
2021-06-03 09:39:03,18666.15,0
2021-06-03 09:39:04,18665.25,0
2021-06-03 09:39:07,18664.2,0
2021-06-03 09:39:09,18666.1,0
2021-06-03 09:39:11,18662.95,0
2021-06-03 09:39:17,18665.5,0
2021-06-03 09:39:21,18665.55,0
2021-06-03 09:39:29,18666.9,0
2021-06-03 09:39:33,18659.3,0
2021-06-03 09:39:38,18659.6,0
2021-06-03 09:39:39,18659.4,0
2021-06-03 09:39:41,18664.4,0
2021-06-03 09:39:42,18664.6,0
2021-06-03 09:39:49,18662.2,0
2021-06-03 09:39:51,18663.65,0
2021-06-03 09:39:52,18665.7,0
2021-06-03 09:39:53,18662.35,0
2021-06-03 09:40:00,18660.0,0
2021-06-03 09:40:02,18663.85,0
2021-06-03 09:40:06,18661.25,0
2021-06-03 09:40:08,18661.55,0
2021-06-03 09:40:10,18663.55,0
2021-06-03 09:40:12,18661.15,0
2021-06-03 09:40:13,18661.65,0
2021-06-03 09:40:14,18660.85,0
2021-06-03 09:40:20,18659.45,0
2021-06-03 09:40:32,18661.7,0
2021-06-03 09:40:37,18664.1,0
2021-06-03 09:40:41,18658.05,0
2021-06-03 09:40:42,18659.7,0
2021-06-03 09:40:43,18660.45,0
2021-06-03 09:40:46,18661.15,0
2021-06-03 09:40:49,18663.4,0
2021-06-03 09:40:50,18659.75,0
2021-06-03 09:40:52,18661.2,0
2021-06-03 09:40:54,18662.25,0
2021-06-03 09:40:58,18661.0,0
2021-06-03 09:41:00,18658.75,0
2021-06-03 09:41:05,18663.45,0
2021-06-03 09:41:10,18661.7,0
2021-06-03 09:41:13,18663.0,0
2021-06-03 09:41:14,18661.35,0
2021-06-03 09:41:16,18662.7,0
2021-06-03 09:41:17,18664.55,0
2021-06-03 09:41:18,18661.95,0
2021-06-03 09:41:19,18663.4,0
2021-06-03 09:41:23,18665.85,0
2021-06-03 09:41:24,18668.0,0
2021-06-03 09:41:33,18667.6,0
2021-06-03 09:41:34,18668.2,0
2021-06-03 09:41:38,18665.65,0
2021-06-03 09:41:40,18666.4,0
2021-06-03 09:41:42,18667.2,0
2021-06-03 09:41:44,18669.95,0
2021-06-03 09:41:45,18668.7,0
2021-06-03 09:41:47,18669.2,0
2021-06-03 09:41:49,18669.35,0
2021-06-03 09:41:55,18668.15,0
2021-06-03 09:41:57,18669.85,0
2021-06-03 09:42:00,18667.15,0
2021-06-03 09:42:02,18664.4,0
2021-06-03 09:42:05,18668.25,0
2021-06-03 09:42:08,18669.15,0
2021-06-03 09:42:09,18666.6,0
2021-06-03 09:42:12,18669.65,0
2021-06-03 09:42:16,18669.5,0
2021-06-03 09:42:19,18669.7,0
2021-06-03 09:42:21,18668.0,0
2021-06-03 09:42:23,18666.8,0
2021-06-03 09:42:25,18672.15,0
2021-06-03 09:42:29,18669.35,0
2021-06-03 09:42:30,18670.15,0
2021-06-03 09:42:31,18669.1,0
2021-06-03 09:42:41,18667.85,0
2021-06-03 09:42:43,18663.3,0
2021-06-03 09:42:46,18666.35,0
2021-06-03 09:42:47,18666.35,0
2021-06-03 09:42:52,18663.25,0
2021-06-03 09:42:55,18667.2,0
2021-06-03 09:42:59,18668.45,0
2021-06-03 09:43:00,18670.0,0
2021-06-03 09:43:04,18671.05,0
2021-06-03 09:43:15,18670.0,0
2021-06-03 09:43:18,18666.5,0
2021-06-03 09:43:20,18663.4,0
2021-06-03 09:43:23,18658.3,0
2021-06-03 09:43:24,18659.05,0
2021-06-03 09:43:27,18657.15,0
2021-06-03 09:43:28,18659.4,0
2021-06-03 09:43:34,18659.45,0
2021-06-03 09:43:47,18664.4,0
2021-06-03 09:43:50,18665.7,0
2021-06-03 09:43:51,18666.75,0
2021-06-03 09:43:54,18665.8,0
2021-06-03 09:43:55,18667.6,0
2021-06-03 09:43:56,18664.55,0
2021-06-03 09:43:57,18663.55,0
2021-06-03 09:43:58,18665.4,0
2021-06-03 09:43:59,18659.8,0
2021-06-03 09:44:02,18659.9,0
2021-06-03 09:44:03,18660.15,0
2021-06-03 09:44:06,18659.3,0
2021-06-03 09:44:09,18660.45,0
2021-06-03 09:44:10,18661.05,0
2021-06-03 09:44:11,18660.2,0
2021-06-03 09:44:14,18659.25,0
2021-06-03 09:44:18,18659.1,0
2021-06-03 09:44:22,18661.85,0
2021-06-03 09:44:25,18661.45,0
2021-06-03 09:44:28,18660.3,0
2021-06-03 09:44:29,18662.65,0
2021-06-03 09:44:32,18663.6,0
2021-06-03 09:44:36,18657.7,0
2021-06-03 09:44:38,18660.25,0
2021-06-03 09:44:42,18656.75,0
2021-06-03 09:44:44,18656.1,0
2021-06-03 09:44:45,18654.2,0
2021-06-03 09:44:48,18655.1,0
2021-06-03 09:44:52,18654.25,0
2021-06-03 09:44:54,18656.5,0
2021-06-03 09:44:56,18654.4,0
2021-06-03 09:45:02,18654.75,0
2021-06-03 09:45:03,18655.25,0
2021-06-03 09:45:08,18656.05,0
2021-06-03 09:45:10,18657.95,0
2021-06-03 09:45:12,18659.5,0
2021-06-03 09:45:15,18657.6,0
2021-06-03 09:45:18,18659.55,0
2021-06-03 09:45:19,18657.05,0
2021-06-03 09:45:20,18657.7,0
2021-06-03 09:45:24,18657.75,0
2021-06-03 09:45:27,18660.2,0
2021-06-03 09:45:33,18653.6,0
2021-06-03 09:45:35,18655.1,0
2021-06-03 09:45:39,18655.05,0
2021-06-03 09:45:42,18655.7,0
2021-06-03 09:45:44,18655.8,0
2021-06-03 09:45:45,18654.9,0
2021-06-03 09:45:46,18657.0,0
2021-06-03 09:45:51,18653.55,0
2021-06-03 09:45:53,18654.0,0
2021-06-03 09:45:55,18651.3,0
2021-06-03 09:45:57,18649.05,0
2021-06-03 09:45:58,18648.85,0
2021-06-03 09:45:59,18649.45,0
2021-06-03 09:46:04,18651.3,0
2021-06-03 09:46:05,18649.6,0
2021-06-03 09:46:09,18646.1,0
2021-06-03 09:46:13,18646.2,0
2021-06-03 09:46:17,18646.6,0
2021-06-03 09:46:19,18647.05,0
2021-06-03 09:46:20,18648.95,0
2021-06-03 09:46:21,18647.2,0
2021-06-03 09:46:22,18651.35,0
2021-06-03 09:46:23,18649.8,0
2021-06-03 09:46:25,18650.55,0
2021-06-03 09:46:26,18647.45,0
2021-06-03 09:46:34,18648.6,0
2021-06-03 09:46:36,18647.55,0
2021-06-03 09:46:37,18644.5,0
2021-06-03 09:46:39,18644.45,0
2021-06-03 09:46:41,18646.05,0
2021-06-03 09:46:42,18646.1,0
2021-06-03 09:46:43,18646.5,0
2021-06-03 09:46:44,18648.95,0
2021-06-03 09:46:45,18648.0,0
2021-06-03 09:46:49,18647.3,0
2021-06-03 09:46:52,18648.0,0
2021-06-03 09:46:53,18649.25,0
2021-06-03 09:46:54,18651.05,0
2021-06-03 09:46:55,18651.9,0
2021-06-03 09:47:01,18648.85,0
2021-06-03 09:47:03,18649.3,0
2021-06-03 09:47:04,18649.85,0
2021-06-03 09:47:05,18649.55,0
2021-06-03 09:47:07,18651.05,0
2021-06-03 09:47:08,18648.2,0
2021-06-03 09:47:09,18648.5,0
2021-06-03 09:47:14,18648.6,0
2021-06-03 09:47:15,18650.0,0
2021-06-03 09:47:16,18649.3,0
2021-06-03 09:47:22,18651.45,0
2021-06-03 09:47:23,18649.6,0
2021-06-03 09:47:25,18649.6,0
2021-06-03 09:47:29,18648.65,0
2021-06-03 09:47:33,18652.05,0
2021-06-03 09:47:37,18647.35,0
2021-06-03 09:47:43,18646.6,0
2021-06-03 09:47:55,18644.45,0
2021-06-03 09:48:00,18644.15,0
2021-06-03 09:48:01,18643.9,0
2021-06-03 09:48:05,18644.65,0
2021-06-03 09:48:08,18645.15,0
2021-06-03 09:48:14,18643.45,0
2021-06-03 09:48:15,18643.55,0
2021-06-03 09:48:16,18641.8,0
2021-06-03 09:48:18,18643.75,0
2021-06-03 09:48:21,18641.55,0
2021-06-03 09:48:22,18642.25,0
2021-06-03 09:48:23,18641.85,0
2021-06-03 09:48:26,18642.8,0
2021-06-03 09:48:28,18641.05,0
2021-06-03 09:48:30,18640.55,0
2021-06-03 09:48:34,18643.05,0
2021-06-03 09:48:36,18643.25,0
2021-06-03 09:48:39,18643.65,0
2021-06-03 09:48:46,18640.1,0
2021-06-03 09:48:48,18639.95,0
2021-06-03 09:48:49,18638.95,0
2021-06-03 09:48:51,18640.45,0
2021-06-03 09:48:57,18642.2,0
2021-06-03 09:48:59,18639.9,0
2021-06-03 09:49:00,18639.0,0
2021-06-03 09:49:05,18637.9,0
2021-06-03 09:49:06,18639.0,0
2021-06-03 09:49:07,18638.0,0
2021-06-03 09:49:09,18638.3,0
2021-06-03 09:49:10,18635.2,0
2021-06-03 09:49:12,18637.7,0
2021-06-03 09:49:15,18638.75,0
2021-06-03 09:49:16,18637.5,0
2021-06-03 09:49:17,18637.4,0
2021-06-03 09:49:18,18636.85,0
2021-06-03 09:49:19,18639.9,0
2021-06-03 09:49:22,18639.35,0
2021-06-03 09:49:23,18644.0,0
2021-06-03 09:49:28,18640.7,0
2021-06-03 09:49:33,18643.2,0
2021-06-03 09:49:35,18640.5,0
2021-06-03 09:49:39,18640.7,0
2021-06-03 09:49:42,18637.4,0
2021-06-03 09:49:44,18637.7,0
2021-06-03 09:49:45,18636.85,0
2021-06-03 09:49:46,18637.6,0
2021-06-03 09:49:47,18638.1,0
2021-06-03 09:49:48,18637.95,0
2021-06-03 09:49:51,18637.9,0
2021-06-03 09:49:52,18639.8,0
2021-06-03 09:49:53,18639.7,0
2021-06-03 09:49:55,18639.15,0
2021-06-03 09:49:56,18637.6,0
2021-06-03 09:49:57,18638.0,0
2021-06-03 09:49:58,18637.85,0
2021-06-03 09:49:59,18639.0,0
2021-06-03 09:50:00,18639.5,0
2021-06-03 09:50:02,18637.4,0
2021-06-03 09:50:03,18635.8,0
2021-06-03 09:50:06,18637.1,0
2021-06-03 09:50:07,18635.55,0
2021-06-03 09:50:08,18637.4,0
2021-06-03 09:50:10,18634.8,0
2021-06-03 09:50:11,18637.45,0
2021-06-03 09:50:13,18634.05,0
2021-06-03 09:50:14,18635.2,0
2021-06-03 09:50:15,18632.95,0
2021-06-03 09:50:16,18635.55,0
2021-06-03 09:50:18,18637.2,0
2021-06-03 09:50:21,18634.5,0
2021-06-03 09:50:22,18634.05,0
2021-06-03 09:50:23,18635.45,0
2021-06-03 09:50:26,18637.3,0
2021-06-03 09:50:27,18635.6,0
2021-06-03 09:50:31,18635.7,0
2021-06-03 09:50:32,18634.95,0
2021-06-03 09:50:33,18635.85,0
2021-06-03 09:50:34,18636.35,0
2021-06-03 09:50:37,18639.85,0
2021-06-03 09:50:40,18638.65,0
2021-06-03 09:50:41,18640.25,0
2021-06-03 09:50:43,18639.2,0
2021-06-03 09:50:44,18638.45,0
2021-06-03 09:50:45,18640.0,0
2021-06-03 09:50:47,18638.7,0
2021-06-03 09:50:50,18637.9,0
2021-06-03 09:50:53,18640.3,0
2021-06-03 09:50:54,18640.2,0
2021-06-03 09:50:57,18641.15,0
2021-06-03 09:51:00,18640.8,0
2021-06-03 09:51:02,18638.4,0
2021-06-03 09:51:03,18639.35,0
2021-06-03 09:51:07,18638.45,0
2021-06-03 09:51:10,18638.25,0
2021-06-03 09:51:11,18639.25,0
2021-06-03 09:51:12,18637.15,0
2021-06-03 09:51:15,18637.65,0
2021-06-03 09:51:17,18640.85,0
2021-06-03 09:51:19,18641.15,0
2021-06-03 09:51:22,18638.85,0
2021-06-03 09:51:23,18640.65,0
2021-06-03 09:51:27,18641.55,0
2021-06-03 09:51:28,18641.65,0
2021-06-03 09:51:31,18640.75,0
2021-06-03 09:51:37,18646.85,0
2021-06-03 09:51:38,18645.4,0
2021-06-03 09:51:39,18642.4,0
2021-06-03 09:51:41,18643.5,0
2021-06-03 09:51:42,18644.25,0
2021-06-03 09:51:44,18647.15,0
2021-06-03 09:51:46,18647.5,0
2021-06-03 09:51:50,18644.1,0
2021-06-03 09:51:51,18644.2,0
2021-06-03 09:51:52,18644.05,0
2021-06-03 09:51:55,18645.7,0
2021-06-03 09:51:57,18645.1,0
2021-06-03 09:51:58,18643.0,0
2021-06-03 09:52:03,18644.9,0
2021-06-03 09:52:06,18647.6,0
2021-06-03 09:52:08,18646.2,0
2021-06-03 09:52:18,18647.75,0
2021-06-03 09:52:27,18649.45,0
2021-06-03 09:52:30,18649.8,0
2021-06-03 09:52:32,18650.6,0
2021-06-03 09:52:35,18648.35,0
2021-06-03 09:52:38,18650.4,0
2021-06-03 09:52:42,18647.4,0
2021-06-03 09:52:43,18646.85,0
2021-06-03 09:52:44,18649.2,0
2021-06-03 09:52:46,18649.1,0
2021-06-03 09:52:47,18649.7,0
2021-06-03 09:52:48,18649.6,0
2021-06-03 09:52:52,18648.0,0
2021-06-03 09:52:55,18648.55,0
2021-06-03 09:52:56,18646.8,0
2021-06-03 09:52:59,18645.95,0
2021-06-03 09:53:00,18647.2,0
2021-06-03 09:53:03,18646.25,0
2021-06-03 09:53:06,18647.9,0
2021-06-03 09:53:10,18649.45,0
2021-06-03 09:53:12,18650.15,0
2021-06-03 09:53:14,18648.4,0
2021-06-03 09:53:16,18646.7,0
2021-06-03 09:53:18,18647.6,0
2021-06-03 09:53:20,18650.2,0
2021-06-03 09:53:22,18648.45,0
2021-06-03 09:53:26,18649.35,0
2021-06-03 09:53:28,18648.9,0
2021-06-03 09:53:29,18649.65,0
2021-06-03 09:53:32,18645.65,0
2021-06-03 09:53:34,18646.55,0
2021-06-03 09:53:36,18646.5,0
2021-06-03 09:53:40,18645.5,0
2021-06-03 09:53:42,18642.9,0
2021-06-03 09:53:45,18642.4,0
2021-06-03 09:53:46,18638.95,0
2021-06-03 09:53:51,18643.35,0
2021-06-03 09:53:54,18642.95,0
2021-06-03 09:53:55,18644.05,0
2021-06-03 09:53:56,18645.45,0
2021-06-03 09:54:04,18642.7,0
2021-06-03 09:54:05,18643.25,0
2021-06-03 09:54:06,18641.95,0
2021-06-03 09:54:09,18640.7,0
2021-06-03 09:54:10,18642.1,0
2021-06-03 09:54:13,18639.6,0
2021-06-03 09:54:14,18640.0,0
2021-06-03 09:54:16,18638.45,0
2021-06-03 09:54:17,18638.85,0
2021-06-03 09:54:19,18637.65,0
2021-06-03 09:54:31,18634.55,0
2021-06-03 09:54:33,18637.0,0
2021-06-03 09:54:36,18636.95,0
2021-06-03 09:54:37,18636.65,0
2021-06-03 09:54:38,18636.95,0
2021-06-03 09:54:42,18634.7,0
2021-06-03 09:54:44,18638.05,0
2021-06-03 09:54:45,18639.15,0
2021-06-03 09:54:51,18637.05,0
2021-06-03 09:54:53,18636.35,0
2021-06-03 09:54:54,18637.0,0
2021-06-03 09:54:58,18639.7,0
2021-06-03 09:54:59,18634.45,0
2021-06-03 09:55:00,18637.15,0
2021-06-03 09:55:01,18636.4,0
2021-06-03 09:55:03,18634.6,0
2021-06-03 09:55:05,18635.45,0
2021-06-03 09:55:10,18633.15,0
2021-06-03 09:55:14,18635.65,0
2021-06-03 09:55:15,18631.7,0
2021-06-03 09:55:16,18631.8,0
2021-06-03 09:55:19,18633.2,0
2021-06-03 09:55:25,18633.1,0
2021-06-03 09:55:27,18630.65,0
2021-06-03 09:55:35,18633.95,0
2021-06-03 09:55:38,18632.8,0
2021-06-03 09:55:42,18633.4,0
2021-06-03 09:55:46,18631.5,0
2021-06-03 09:55:54,18633.25,0
2021-06-03 09:55:55,18634.7,0
2021-06-03 09:55:56,18630.25,0
2021-06-03 09:56:02,18633.7,0
2021-06-03 09:56:03,18632.25,0
2021-06-03 09:56:04,18636.9,0
2021-06-03 09:56:05,18632.7,0
2021-06-03 09:56:07,18632.3,0
2021-06-03 09:56:10,18635.3,0
2021-06-03 09:56:12,18636.4,0
2021-06-03 09:56:13,18632.55,0
2021-06-03 09:56:16,18631.65,0
2021-06-03 09:56:21,18633.05,0
2021-06-03 09:56:24,18631.25,0
2021-06-03 09:56:27,18634.65,0
2021-06-03 09:56:28,18631.65,0
2021-06-03 09:56:31,18632.2,0
2021-06-03 09:56:38,18631.6,0
2021-06-03 09:56:40,18631.45,0
2021-06-03 09:56:43,18631.55,0
2021-06-03 09:56:48,18629.75,0
2021-06-03 09:56:49,18628.9,0
2021-06-03 09:56:52,18631.3,0
2021-06-03 09:56:55,18630.0,0
2021-06-03 09:56:56,18630.7,0
2021-06-03 09:56:57,18634.45,0
2021-06-03 09:56:58,18635.45,0
2021-06-03 09:56:59,18634.25,0
2021-06-03 09:57:01,18638.75,0
2021-06-03 09:57:02,18639.35,0
2021-06-03 09:57:04,18638.3,0
2021-06-03 09:57:05,18638.5,0
2021-06-03 09:57:06,18639.15,0
2021-06-03 09:57:10,18641.05,0
2021-06-03 09:57:11,18639.65,0
2021-06-03 09:57:14,18639.8,0
2021-06-03 09:57:15,18639.4,0
2021-06-03 09:57:17,18639.85,0
2021-06-03 09:57:21,18637.15,0
2021-06-03 09:57:24,18636.25,0
2021-06-03 09:57:25,18635.6,0
2021-06-03 09:57:26,18631.8,0
2021-06-03 09:57:28,18632.45,0
2021-06-03 09:57:30,18632.8,0
2021-06-03 09:57:31,18635.2,0
2021-06-03 09:57:32,18636.0,0
2021-06-03 09:57:33,18636.95,0
2021-06-03 09:57:34,18637.1,0
2021-06-03 09:57:36,18634.3,0
2021-06-03 09:57:37,18632.65,0
2021-06-03 09:57:42,18635.6,0
2021-06-03 09:57:45,18635.55,0
2021-06-03 09:57:46,18635.55,0
2021-06-03 09:57:48,18638.45,0
2021-06-03 09:57:51,18634.9,0
2021-06-03 09:57:55,18634.45,0
2021-06-03 09:57:56,18634.05,0
2021-06-03 09:57:57,18633.65,0
2021-06-03 09:57:58,18634.45,0
2021-06-03 09:58:01,18633.1,0
2021-06-03 09:58:05,18633.05,0
2021-06-03 09:58:06,18632.3,0
2021-06-03 09:58:09,18632.5,0
2021-06-03 09:58:10,18632.35,0
2021-06-03 09:58:11,18632.05,0
2021-06-03 09:58:12,18630.95,0
2021-06-03 09:58:15,18629.8,0
2021-06-03 09:58:22,18634.15,0
2021-06-03 09:58:26,18629.2,0
2021-06-03 09:58:28,18628.45,0
2021-06-03 09:58:29,18627.1,0
2021-06-03 09:58:30,18630.65,0
2021-06-03 09:58:32,18629.35,0
2021-06-03 09:58:33,18630.3,0
2021-06-03 09:58:35,18630.3,0
2021-06-03 09:58:36,18631.0,0
2021-06-03 09:58:37,18628.7,0
2021-06-03 09:58:42,18632.6,0
2021-06-03 09:58:48,18632.1,0
2021-06-03 09:58:56,18632.3,0
2021-06-03 09:59:04,18633.15,0
2021-06-03 09:59:08,18632.6,0
2021-06-03 09:59:09,18634.4,0
2021-06-03 09:59:13,18635.0,0
2021-06-03 09:59:15,18636.65,0
2021-06-03 09:59:18,18636.55,0
2021-06-03 09:59:19,18633.95,0
2021-06-03 09:59:20,18634.25,0
2021-06-03 09:59:26,18634.15,0
2021-06-03 09:59:29,18633.05,0
2021-06-03 09:59:32,18631.25,0
2021-06-03 09:59:33,18631.35,0
2021-06-03 09:59:36,18633.95,0
2021-06-03 09:59:39,18634.3,0
2021-06-03 09:59:41,18630.85,0
2021-06-03 09:59:43,18632.65,0
2021-06-03 09:59:44,18635.65,0
2021-06-03 09:59:46,18631.5,0
2021-06-03 09:59:49,18635.0,0
2021-06-03 09:59:56,18630.2,0
2021-06-03 09:59:57,18630.9,0
2021-06-03 09:59:59,18630.9,0
2021-06-03 10:00:04,18632.45,0
2021-06-03 10:00:06,18631.75,0
2021-06-03 10:00:11,18632.35,0
2021-06-03 10:00:13,18632.8,0
2021-06-03 10:00:29,18635.65,0
2021-06-03 10:00:30,18632.8,0
2021-06-03 10:00:31,18635.85,0
2021-06-03 10:00:33,18634.5,0
2021-06-03 10:00:34,18633.95,0
2021-06-03 10:00:35,18633.85,0
2021-06-03 10:00:37,18634.55,0
2021-06-03 10:00:41,18633.95,0
2021-06-03 10:00:45,18633.8,0
2021-06-03 10:00:48,18634.3,0
2021-06-03 10:00:49,18635.1,0
2021-06-03 10:00:50,18633.2,0
2021-06-03 10:00:53,18631.95,0
2021-06-03 10:00:59,18631.55,0
2021-06-03 10:01:02,18633.6,0
2021-06-03 10:01:03,18634.3,0
2021-06-03 10:01:08,18629.1,0
2021-06-03 10:01:10,18625.5,0
2021-06-03 10:01:15,18624.9,0
2021-06-03 10:01:17,18621.9,0
2021-06-03 10:01:20,18623.55,0
2021-06-03 10:01:22,18622.4,0
2021-06-03 10:01:23,18620.8,0
2021-06-03 10:01:24,18621.55,0
2021-06-03 10:01:25,18619.95,0
2021-06-03 10:01:27,18620.15,0
2021-06-03 10:01:28,18622.05,0
2021-06-03 10:01:32,18626.6,0
2021-06-03 10:01:33,18622.25,0
2021-06-03 10:01:39,18625.35,0
2021-06-03 10:01:41,18623.1,0
2021-06-03 10:01:42,18622.65,0
2021-06-03 10:01:43,18627.6,0
2021-06-03 10:01:44,18624.2,0
2021-06-03 10:01:46,18623.45,0
2021-06-03 10:01:47,18621.8,0
2021-06-03 10:01:50,18619.2,0
2021-06-03 10:01:52,18621.35,0
2021-06-03 10:01:55,18621.6,0
2021-06-03 10:02:01,18616.8,0
2021-06-03 10:02:04,18616.95,0
2021-06-03 10:02:09,18616.65,0
2021-06-03 10:02:10,18614.9,0
2021-06-03 10:02:12,18613.3,0
2021-06-03 10:02:14,18614.7,0
2021-06-03 10:02:15,18611.5,0
2021-06-03 10:02:16,18616.6,0
2021-06-03 10:02:21,18611.35,0
2021-06-03 10:02:23,18616.75,0
2021-06-03 10:02:26,18616.4,0
2021-06-03 10:02:28,18619.25,0
2021-06-03 10:02:34,18622.55,0
2021-06-03 10:02:36,18620.7,0
2021-06-03 10:02:38,18620.95,0
2021-06-03 10:02:39,18623.45,0
2021-06-03 10:02:42,18621.35,0
2021-06-03 10:02:44,18621.6,0
2021-06-03 10:02:48,18619.9,0
2021-06-03 10:02:51,18619.25,0
2021-06-03 10:02:52,18619.75,0
2021-06-03 10:02:53,18619.65,0
2021-06-03 10:02:55,18619.5,0
2021-06-03 10:02:57,18618.8,0
2021-06-03 10:03:02,18617.7,0
2021-06-03 10:03:04,18621.15,0
2021-06-03 10:03:08,18617.6,0
2021-06-03 10:03:09,18617.15,0
2021-06-03 10:03:15,18619.85,0
2021-06-03 10:03:18,18621.0,0
2021-06-03 10:03:21,18628.3,0
2021-06-03 10:03:23,18624.85,0
2021-06-03 10:03:26,18625.9,0
2021-06-03 10:03:28,18627.9,0
2021-06-03 10:03:29,18626.65,0
2021-06-03 10:03:31,18626.8,0
2021-06-03 10:03:33,18631.3,0
2021-06-03 10:03:40,18634.8,0
2021-06-03 10:03:41,18636.45,0
2021-06-03 10:03:42,18633.9,0
2021-06-03 10:03:44,18636.1,0
2021-06-03 10:03:55,18631.65,0
2021-06-03 10:03:58,18631.75,0
2021-06-03 10:04:02,18627.1,0
2021-06-03 10:04:09,18629.85,0
2021-06-03 10:04:10,18626.8,0
2021-06-03 10:04:14,18629.25,0
2021-06-03 10:04:18,18629.9,0
2021-06-03 10:04:20,18634.95,0
2021-06-03 10:04:22,18630.75,0
2021-06-03 10:04:23,18633.65,0
2021-06-03 10:04:28,18631.3,0
2021-06-03 10:04:32,18627.9,0
2021-06-03 10:04:33,18629.0,0
2021-06-03 10:04:36,18631.9,0
2021-06-03 10:04:38,18631.6,0
2021-06-03 10:04:40,18629.45,0
2021-06-03 10:04:50,18627.6,0
2021-06-03 10:04:53,18628.7,0
2021-06-03 10:04:54,18629.35,0
2021-06-03 10:04:55,18628.9,0
2021-06-03 10:04:56,18626.6,0
2021-06-03 10:04:58,18627.55,0
2021-06-03 10:04:59,18626.5,0
2021-06-03 10:05:02,18626.7,0
2021-06-03 10:05:07,18628.95,0
2021-06-03 10:05:08,18629.6,0
2021-06-03 10:05:09,18629.75,0
2021-06-03 10:05:14,18632.6,0
2021-06-03 10:05:15,18634.15,0
2021-06-03 10:05:16,18631.45,0
2021-06-03 10:05:17,18634.2,0
2021-06-03 10:05:18,18633.15,0
2021-06-03 10:05:22,18632.7,0
2021-06-03 10:05:25,18632.4,0
2021-06-03 10:05:28,18632.55,0
2021-06-03 10:05:30,18633.2,0
2021-06-03 10:05:35,18633.85,0
2021-06-03 10:05:40,18638.4,0
2021-06-03 10:05:42,18638.65,0
2021-06-03 10:05:43,18637.05,0
2021-06-03 10:05:45,18637.3,0
2021-06-03 10:05:46,18637.4,0
2021-06-03 10:05:47,18637.2,0
2021-06-03 10:05:48,18639.35,0
2021-06-03 10:05:57,18646.95,0
2021-06-03 10:05:59,18647.05,0
2021-06-03 10:06:00,18647.5,0
2021-06-03 10:06:07,18647.05,0
2021-06-03 10:06:10,18645.7,0
2021-06-03 10:06:17,18646.9,0
2021-06-03 10:06:19,18649.1,0
2021-06-03 10:06:21,18645.75,0
2021-06-03 10:06:22,18648.85,0
2021-06-03 10:06:27,18649.6,0
2021-06-03 10:06:28,18651.05,0
2021-06-03 10:06:30,18648.5,0
2021-06-03 10:06:36,18647.95,0
2021-06-03 10:06:40,18646.5,0
2021-06-03 10:06:41,18650.2,0
2021-06-03 10:06:43,18649.45,0
2021-06-03 10:06:44,18648.05,0
2021-06-03 10:06:46,18647.9,0
2021-06-03 10:06:48,18648.4,0
2021-06-03 10:06:49,18649.0,0
2021-06-03 10:06:50,18649.1,0
2021-06-03 10:06:52,18650.35,0
2021-06-03 10:06:54,18646.95,0
2021-06-03 10:06:55,18648.7,0
2021-06-03 10:06:58,18647.45,0
2021-06-03 10:07:00,18646.25,0
2021-06-03 10:07:01,18646.65,0
2021-06-03 10:07:02,18647.5,0
2021-06-03 10:07:06,18645.2,0
2021-06-03 10:07:07,18646.95,0
2021-06-03 10:07:16,18648.2,0
2021-06-03 10:07:22,18646.55,0
2021-06-03 10:07:24,18644.95,0
2021-06-03 10:07:26,18647.5,0
2021-06-03 10:07:29,18646.2,0
2021-06-03 10:07:35,18645.7,0
2021-06-03 10:07:36,18645.8,0
2021-06-03 10:07:38,18646.95,0
2021-06-03 10:07:40,18645.55,0
2021-06-03 10:07:41,18645.9,0
2021-06-03 10:07:44,18644.75,0
2021-06-03 10:07:45,18645.45,0
2021-06-03 10:07:49,18644.2,0
2021-06-03 10:07:52,18642.75,0
2021-06-03 10:07:54,18646.05,0
2021-06-03 10:07:56,18644.45,0
2021-06-03 10:07:59,18644.5,0
2021-06-03 10:08:06,18647.65,0
2021-06-03 10:08:08,18648.45,0
2021-06-03 10:08:10,18651.1,0
2021-06-03 10:08:11,18649.7,0
2021-06-03 10:08:14,18645.35,0
2021-06-03 10:08:16,18648.75,0
2021-06-03 10:08:20,18647.7,0
2021-06-03 10:08:26,18651.8,0
2021-06-03 10:08:29,18647.8,0
2021-06-03 10:08:32,18651.4,0
2021-06-03 10:08:33,18651.4,0
2021-06-03 10:08:36,18650.95,0
2021-06-03 10:08:38,18650.0,0
2021-06-03 10:08:39,18647.7,0
2021-06-03 10:08:40,18648.9,0
2021-06-03 10:08:43,18645.75,0
2021-06-03 10:08:45,18644.0,0
2021-06-03 10:08:46,18643.05,0
2021-06-03 10:08:48,18643.3,0
2021-06-03 10:08:50,18646.55,0
2021-06-03 10:08:55,18645.5,0
2021-06-03 10:08:56,18646.45,0
2021-06-03 10:08:58,18649.8,0
2021-06-03 10:08:59,18649.5,0
2021-06-03 10:09:02,18649.0,0
2021-06-03 10:09:05,18649.8,0
2021-06-03 10:09:06,18646.25,0
2021-06-03 10:09:08,18649.35,0
2021-06-03 10:09:10,18648.35,0
2021-06-03 10:09:17,18646.75,0
2021-06-03 10:09:21,18646.3,0
2021-06-03 10:09:24,18646.9,0
2021-06-03 10:09:26,18646.0,0
2021-06-03 10:09:28,18646.55,0
2021-06-03 10:09:32,18644.6,0
2021-06-03 10:09:36,18646.95,0
2021-06-03 10:09:37,18646.6,0
2021-06-03 10:09:38,18645.5,0
2021-06-03 10:09:41,18645.1,0
2021-06-03 10:09:43,18645.55,0
2021-06-03 10:09:45,18649.95,0
2021-06-03 10:09:46,18649.4,0
2021-06-03 10:09:48,18648.5,0
2021-06-03 10:09:49,18647.1,0
2021-06-03 10:09:50,18649.95,0
2021-06-03 10:09:52,18646.0,0
2021-06-03 10:09:53,18647.65,0
2021-06-03 10:09:54,18648.3,0
2021-06-03 10:09:55,18647.15,0
2021-06-03 10:09:58,18648.5,0
2021-06-03 10:09:59,18647.45,0
2021-06-03 10:10:00,18648.2,0
2021-06-03 10:10:02,18649.95,0
2021-06-03 10:10:05,18647.4,0
2021-06-03 10:10:09,18647.65,0
2021-06-03 10:10:12,18645.6,0
2021-06-03 10:10:13,18645.35,0
2021-06-03 10:10:14,18645.65,0
2021-06-03 10:10:15,18647.8,0
2021-06-03 10:10:17,18647.8,0
2021-06-03 10:10:20,18649.0,0
2021-06-03 10:10:23,18648.35,0
2021-06-03 10:10:24,18649.85,0
2021-06-03 10:10:28,18646.75,0
2021-06-03 10:10:37,18647.7,0
2021-06-03 10:10:38,18646.95,0
2021-06-03 10:10:40,18646.6,0
2021-06-03 10:10:41,18648.3,0
2021-06-03 10:10:42,18645.75,0
2021-06-03 10:10:45,18646.65,0
2021-06-03 10:10:48,18647.6,0
2021-06-03 10:10:49,18644.85,0
2021-06-03 10:10:55,18639.9,0
2021-06-03 10:10:57,18640.8,0
2021-06-03 10:10:58,18639.75,0
2021-06-03 10:11:00,18636.0,0
2021-06-03 10:11:03,18637.1,0
2021-06-03 10:11:04,18635.35,0
2021-06-03 10:11:11,18635.6,0
2021-06-03 10:11:12,18635.55,0
2021-06-03 10:11:13,18637.9,0
2021-06-03 10:11:23,18636.7,0
2021-06-03 10:11:26,18639.15,0
2021-06-03 10:11:30,18641.05,0
2021-06-03 10:11:31,18639.75,0
2021-06-03 10:11:39,18641.0,0
2021-06-03 10:11:41,18639.9,0
2021-06-03 10:11:42,18641.9,0
2021-06-03 10:11:44,18641.4,0
2021-06-03 10:11:45,18641.85,0
2021-06-03 10:11:55,18639.4,0
2021-06-03 10:11:57,18639.35,0
2021-06-03 10:11:58,18640.2,0
2021-06-03 10:11:59,18639.65,0
2021-06-03 10:12:00,18640.95,0
2021-06-03 10:12:01,18638.4,0
2021-06-03 10:12:04,18638.7,0
2021-06-03 10:12:07,18641.4,0
2021-06-03 10:12:08,18641.0,0
2021-06-03 10:12:11,18638.9,0
2021-06-03 10:12:12,18637.9,0
2021-06-03 10:12:13,18640.05,0
2021-06-03 10:12:14,18641.15,0
2021-06-03 10:12:16,18638.0,0
2021-06-03 10:12:21,18639.15,0
2021-06-03 10:12:24,18638.45,0
2021-06-03 10:12:27,18640.25,0
2021-06-03 10:12:28,18637.4,0
2021-06-03 10:12:29,18640.1,0
2021-06-03 10:12:34,18641.45,0
2021-06-03 10:12:35,18642.55,0
2021-06-03 10:12:36,18636.95,0
2021-06-03 10:12:38,18639.05,0
2021-06-03 10:12:41,18636.05,0
2021-06-03 10:12:42,18638.7,0
2021-06-03 10:12:44,18637.85,0
2021-06-03 10:12:50,18640.15,0
2021-06-03 10:12:52,18637.15,0
2021-06-03 10:12:54,18636.7,0
2021-06-03 10:12:55,18637.5,0
2021-06-03 10:12:59,18637.8,0
2021-06-03 10:13:00,18638.5,0
2021-06-03 10:13:01,18640.0,0
2021-06-03 10:13:03,18640.85,0
2021-06-03 10:13:04,18643.4,0
2021-06-03 10:13:05,18641.3,0
2021-06-03 10:13:06,18640.15,0
2021-06-03 10:13:09,18644.35,0
2021-06-03 10:13:10,18640.3,0
2021-06-03 10:13:12,18642.55,0
2021-06-03 10:13:15,18640.4,0
2021-06-03 10:13:16,18641.45,0
2021-06-03 10:13:19,18645.45,0
2021-06-03 10:13:20,18643.6,0
2021-06-03 10:13:22,18645.25,0
2021-06-03 10:13:23,18643.9,0
2021-06-03 10:13:28,18648.5,0
2021-06-03 10:13:29,18646.1,0
2021-06-03 10:13:30,18646.95,0
2021-06-03 10:13:31,18648.4,0
2021-06-03 10:13:34,18647.95,0
2021-06-03 10:13:36,18647.9,0
2021-06-03 10:13:38,18646.35,0
2021-06-03 10:13:42,18649.4,0
2021-06-03 10:13:45,18647.05,0
2021-06-03 10:13:47,18646.4,0
2021-06-03 10:13:52,18648.8,0
2021-06-03 10:13:53,18649.15,0
2021-06-03 10:14:02,18647.95,0
2021-06-03 10:14:04,18647.05,0
2021-06-03 10:14:06,18644.45,0
2021-06-03 10:14:07,18643.3,0
2021-06-03 10:14:08,18644.95,0
2021-06-03 10:14:11,18646.25,0
2021-06-03 10:14:13,18647.9,0
2021-06-03 10:14:14,18646.25,0
2021-06-03 10:14:17,18643.4,0
2021-06-03 10:14:23,18647.1,0
2021-06-03 10:14:24,18648.65,0
2021-06-03 10:14:26,18645.4,0
2021-06-03 10:14:27,18645.0,0
2021-06-03 10:14:28,18645.15,0
2021-06-03 10:14:33,18645.1,0
2021-06-03 10:14:34,18646.3,0
2021-06-03 10:14:38,18647.45,0
2021-06-03 10:14:40,18646.35,0
2021-06-03 10:14:43,18644.8,0
2021-06-03 10:14:46,18646.35,0
2021-06-03 10:14:48,18647.5,0
2021-06-03 10:14:50,18647.75,0
2021-06-03 10:14:53,18646.4,0
2021-06-03 10:14:54,18648.05,0
2021-06-03 10:14:55,18647.2,0
2021-06-03 10:14:59,18645.75,0
2021-06-03 10:15:01,18646.5,0
2021-06-03 10:15:02,18646.5,0
2021-06-03 10:15:04,18646.3,0
2021-06-03 10:15:05,18645.75,0
2021-06-03 10:15:09,18646.5,0
2021-06-03 10:15:17,18645.9,0
2021-06-03 10:15:19,18649.6,0
2021-06-03 10:15:20,18646.45,0
2021-06-03 10:15:21,18649.3,0
2021-06-03 10:15:23,18649.45,0
2021-06-03 10:15:24,18649.6,0
2021-06-03 10:15:25,18649.8,0
2021-06-03 10:15:31,18650.35,0
2021-06-03 10:15:34,18651.15,0
2021-06-03 10:15:39,18650.55,0
2021-06-03 10:15:41,18649.15,0
2021-06-03 10:15:49,18649.55,0
2021-06-03 10:15:50,18650.65,0
2021-06-03 10:15:51,18651.1,0
2021-06-03 10:15:54,18650.9,0
2021-06-03 10:15:57,18650.45,0
2021-06-03 10:16:00,18652.65,0
2021-06-03 10:16:02,18652.05,0
2021-06-03 10:16:08,18650.4,0
2021-06-03 10:16:17,18649.5,0
2021-06-03 10:16:21,18651.2,0
2021-06-03 10:16:22,18650.65,0
2021-06-03 10:16:24,18651.5,0
2021-06-03 10:16:25,18652.3,0
2021-06-03 10:16:28,18652.05,0
2021-06-03 10:16:30,18651.05,0
2021-06-03 10:16:31,18653.5,0
2021-06-03 10:16:32,18652.4,0
2021-06-03 10:16:33,18653.45,0
2021-06-03 10:16:36,18651.7,0
2021-06-03 10:16:38,18653.1,0
2021-06-03 10:16:42,18653.45,0
2021-06-03 10:16:46,18653.85,0
2021-06-03 10:16:47,18653.6,0
2021-06-03 10:16:54,18652.1,0
2021-06-03 10:16:56,18650.3,0
2021-06-03 10:16:58,18651.9,0
2021-06-03 10:16:59,18650.9,0
2021-06-03 10:17:00,18651.6,0
2021-06-03 10:17:03,18652.65,0
2021-06-03 10:17:05,18652.2,0
2021-06-03 10:17:06,18649.9,0
2021-06-03 10:17:10,18650.85,0
2021-06-03 10:17:13,18651.95,0
2021-06-03 10:17:14,18655.05,0
2021-06-03 10:17:15,18652.6,0
2021-06-03 10:17:16,18652.9,0
2021-06-03 10:17:19,18655.7,0
2021-06-03 10:17:20,18655.8,0
2021-06-03 10:17:27,18656.15,0
2021-06-03 10:17:31,18655.7,0
2021-06-03 10:17:32,18654.95,0
2021-06-03 10:17:34,18658.8,0
2021-06-03 10:17:35,18655.65,0
2021-06-03 10:17:41,18658.55,0
2021-06-03 10:17:55,18659.9,0
2021-06-03 10:17:57,18659.9,0
2021-06-03 10:18:02,18657.4,0
2021-06-03 10:18:04,18656.7,0
2021-06-03 10:18:06,18656.15,0
2021-06-03 10:18:09,18656.9,0
2021-06-03 10:18:11,18653.05,0
2021-06-03 10:18:12,18655.1,0
2021-06-03 10:18:17,18656.0,0
2021-06-03 10:18:19,18655.95,0
2021-06-03 10:18:20,18656.45,0
2021-06-03 10:18:23,18654.95,0
2021-06-03 10:18:24,18654.75,0
2021-06-03 10:18:30,18654.5,0
2021-06-03 10:18:32,18655.65,0
2021-06-03 10:18:34,18655.85,0
2021-06-03 10:18:40,18654.6,0
2021-06-03 10:18:41,18653.55,0
2021-06-03 10:18:45,18656.9,0
2021-06-03 10:18:47,18652.85,0
2021-06-03 10:18:48,18655.35,0
2021-06-03 10:18:51,18654.6,0
2021-06-03 10:18:53,18654.65,0
2021-06-03 10:18:59,18653.85,0
2021-06-03 10:19:12,18654.1,0
2021-06-03 10:19:14,18657.45,0
2021-06-03 10:19:15,18656.4,0
2021-06-03 10:19:16,18658.2,0
2021-06-03 10:19:18,18655.45,0
2021-06-03 10:19:19,18656.55,0
2021-06-03 10:19:20,18658.05,0
2021-06-03 10:19:23,18659.8,0
2021-06-03 10:19:26,18659.6,0
2021-06-03 10:19:27,18656.4,0
2021-06-03 10:19:30,18659.5,0
2021-06-03 10:19:31,18659.35,0
2021-06-03 10:19:33,18660.35,0
2021-06-03 10:19:35,18659.0,0
2021-06-03 10:19:38,18655.8,0
2021-06-03 10:19:40,18658.05,0
2021-06-03 10:19:43,18656.85,0
2021-06-03 10:19:45,18657.65,0
2021-06-03 10:19:47,18654.9,0
2021-06-03 10:19:51,18657.3,0
2021-06-03 10:19:53,18657.95,0
2021-06-03 10:19:54,18658.6,0
2021-06-03 10:19:55,18659.3,0
2021-06-03 10:19:56,18658.75,0
2021-06-03 10:19:57,18658.85,0
2021-06-03 10:19:59,18659.2,0
2021-06-03 10:20:02,18657.6,0
2021-06-03 10:20:08,18656.95,0
2021-06-03 10:20:10,18656.45,0
2021-06-03 10:20:13,18658.3,0
2021-06-03 10:20:16,18659.45,0
2021-06-03 10:20:17,18657.85,0
2021-06-03 10:20:19,18659.5,0
2021-06-03 10:20:23,18659.85,0
2021-06-03 10:20:28,18660.05,0
2021-06-03 10:20:30,18662.05,0
2021-06-03 10:20:32,18663.25,0
2021-06-03 10:20:34,18662.75,0
2021-06-03 10:20:35,18665.95,0
2021-06-03 10:20:38,18667.2,0
2021-06-03 10:20:39,18665.8,0
2021-06-03 10:20:41,18666.3,0
2021-06-03 10:20:42,18663.95,0
2021-06-03 10:20:43,18665.15,0
2021-06-03 10:20:44,18665.2,0
2021-06-03 10:20:46,18665.65,0
2021-06-03 10:20:47,18665.35,0
2021-06-03 10:20:49,18666.15,0
2021-06-03 10:20:53,18666.1,0
2021-06-03 10:20:57,18665.55,0
2021-06-03 10:20:59,18666.45,0
2021-06-03 10:21:00,18666.75,0
2021-06-03 10:21:05,18664.9,0
2021-06-03 10:21:08,18665.6,0
2021-06-03 10:21:10,18664.9,0
2021-06-03 10:21:14,18666.55,0
2021-06-03 10:21:16,18663.9,0
2021-06-03 10:21:24,18662.15,0
2021-06-03 10:21:30,18664.1,0
2021-06-03 10:21:32,18664.9,0
2021-06-03 10:21:33,18663.65,0
2021-06-03 10:21:34,18663.85,0
2021-06-03 10:21:35,18665.55,0
2021-06-03 10:21:36,18664.6,0
2021-06-03 10:21:45,18664.65,0
2021-06-03 10:21:49,18662.5,0
2021-06-03 10:21:56,18664.6,0
2021-06-03 10:21:57,18665.2,0
2021-06-03 10:21:59,18665.3,0
2021-06-03 10:22:00,18665.85,0
2021-06-03 10:22:01,18663.05,0
2021-06-03 10:22:03,18663.85,0
2021-06-03 10:22:04,18663.65,0
2021-06-03 10:22:09,18665.05,0
2021-06-03 10:22:15,18666.65,0
2021-06-03 10:22:16,18665.1,0
2021-06-03 10:22:17,18666.1,0
2021-06-03 10:22:18,18666.3,0
2021-06-03 10:22:22,18664.4,0
2021-06-03 10:22:25,18664.95,0
2021-06-03 10:22:27,18666.85,0
2021-06-03 10:22:30,18663.75,0
2021-06-03 10:22:32,18665.3,0
2021-06-03 10:22:33,18662.35,0
2021-06-03 10:22:34,18665.45,0
2021-06-03 10:22:35,18665.45,0
2021-06-03 10:22:36,18665.65,0
2021-06-03 10:22:37,18664.2,0
2021-06-03 10:22:41,18663.8,0
2021-06-03 10:22:43,18665.7,0
2021-06-03 10:22:44,18667.8,0
2021-06-03 10:22:46,18667.35,0
2021-06-03 10:22:47,18669.75,0
2021-06-03 10:22:48,18670.75,0
2021-06-03 10:22:52,18668.9,0
2021-06-03 10:22:54,18670.4,0
2021-06-03 10:22:56,18667.2,0
2021-06-03 10:22:59,18665.9,0
2021-06-03 10:23:00,18667.75,0
2021-06-03 10:23:02,18667.45,0
2021-06-03 10:23:06,18668.45,0
2021-06-03 10:23:07,18668.65,0
2021-06-03 10:23:08,18667.9,0
2021-06-03 10:23:09,18668.5,0
2021-06-03 10:23:14,18669.35,0
2021-06-03 10:23:15,18669.3,0
2021-06-03 10:23:16,18669.2,0
2021-06-03 10:23:19,18666.55,0
2021-06-03 10:23:20,18668.25,0
2021-06-03 10:23:24,18668.85,0
2021-06-03 10:23:28,18667.1,0
2021-06-03 10:23:29,18669.65,0
2021-06-03 10:23:31,18667.05,0
2021-06-03 10:23:37,18669.45,0
2021-06-03 10:23:38,18668.2,0
2021-06-03 10:23:39,18668.4,0
2021-06-03 10:23:42,18669.1,0
2021-06-03 10:23:46,18666.65,0
2021-06-03 10:23:49,18670.0,0
2021-06-03 10:23:51,18669.5,0
2021-06-03 10:23:52,18670.0,0
2021-06-03 10:23:53,18670.0,0
2021-06-03 10:23:56,18668.1,0
2021-06-03 10:23:57,18666.6,0
2021-06-03 10:23:59,18667.1,0
2021-06-03 10:24:00,18670.45,0
2021-06-03 10:24:01,18671.4,0
2021-06-03 10:24:08,18668.45,0
2021-06-03 10:24:09,18668.35,0
2021-06-03 10:24:10,18670.6,0
2021-06-03 10:24:13,18669.15,0
2021-06-03 10:24:17,18667.4,0
2021-06-03 10:24:19,18669.3,0
2021-06-03 10:24:21,18668.05,0
2021-06-03 10:24:28,18670.45,0
2021-06-03 10:24:31,18671.15,0
2021-06-03 10:24:32,18670.15,0
2021-06-03 10:24:33,18671.0,0
2021-06-03 10:24:35,18671.6,0
2021-06-03 10:24:36,18671.95,0
2021-06-03 10:24:37,18669.7,0
2021-06-03 10:24:39,18668.0,0
2021-06-03 10:24:44,18672.15,0
2021-06-03 10:24:48,18673.95,0
2021-06-03 10:24:51,18671.35,0
2021-06-03 10:24:59,18674.75,0
2021-06-03 10:25:03,18673.9,0
2021-06-03 10:25:06,18672.65,0
2021-06-03 10:25:09,18673.05,0
2021-06-03 10:25:12,18671.7,0
2021-06-03 10:25:13,18672.2,0
2021-06-03 10:25:22,18671.0,0
2021-06-03 10:25:24,18668.85,0
2021-06-03 10:25:25,18668.55,0
2021-06-03 10:25:27,18670.6,0
2021-06-03 10:25:28,18668.05,0
2021-06-03 10:25:29,18667.05,0
2021-06-03 10:25:30,18668.55,0
2021-06-03 10:25:33,18669.3,0
2021-06-03 10:25:34,18668.5,0
2021-06-03 10:25:35,18666.25,0
2021-06-03 10:25:38,18659.9,0
2021-06-03 10:25:43,18659.0,0
2021-06-03 10:25:44,18658.4,0
2021-06-03 10:25:46,18656.75,0
2021-06-03 10:25:50,18657.8,0
2021-06-03 10:25:51,18654.8,0
2021-06-03 10:25:52,18656.25,0
2021-06-03 10:25:54,18656.55,0
2021-06-03 10:25:55,18654.25,0
2021-06-03 10:25:56,18654.0,0
2021-06-03 10:25:59,18654.4,0
2021-06-03 10:26:05,18653.35,0
2021-06-03 10:26:10,18650.95,0
2021-06-03 10:26:11,18649.8,0
2021-06-03 10:26:14,18651.8,0
2021-06-03 10:26:16,18649.8,0
2021-06-03 10:26:18,18648.75,0
2021-06-03 10:26:19,18649.7,0
2021-06-03 10:26:24,18651.75,0
2021-06-03 10:26:27,18648.55,0
2021-06-03 10:26:29,18646.75,0
2021-06-03 10:26:31,18645.4,0
2021-06-03 10:26:33,18645.05,0
2021-06-03 10:26:34,18646.1,0
2021-06-03 10:26:37,18644.3,0
2021-06-03 10:26:38,18641.2,0
2021-06-03 10:26:44,18643.25,0
2021-06-03 10:26:48,18645.95,0
2021-06-03 10:26:52,18643.75,0
2021-06-03 10:26:55,18646.2,0
2021-06-03 10:26:58,18647.15,0
2021-06-03 10:26:59,18646.5,0
2021-06-03 10:27:04,18642.1,0
2021-06-03 10:27:09,18643.3,0
2021-06-03 10:27:13,18640.95,0
2021-06-03 10:27:14,18642.45,0
2021-06-03 10:27:15,18644.45,0
2021-06-03 10:27:18,18640.3,0
2021-06-03 10:27:21,18640.75,0
2021-06-03 10:27:25,18639.6,0
2021-06-03 10:27:26,18642.2,0
2021-06-03 10:27:27,18638.75,0
2021-06-03 10:27:34,18641.9,0
2021-06-03 10:27:35,18639.4,0
2021-06-03 10:27:37,18639.5,0
2021-06-03 10:27:38,18641.9,0
2021-06-03 10:27:39,18642.35,0
2021-06-03 10:27:40,18640.15,0
2021-06-03 10:27:42,18640.9,0
2021-06-03 10:27:45,18640.65,0
2021-06-03 10:27:48,18644.65,0
2021-06-03 10:27:50,18645.85,0
2021-06-03 10:27:52,18645.3,0
2021-06-03 10:27:54,18646.4,0
2021-06-03 10:27:55,18645.4,0
2021-06-03 10:28:02,18645.25,0
2021-06-03 10:28:05,18643.8,0
2021-06-03 10:28:09,18644.7,0
2021-06-03 10:28:10,18645.4,0
2021-06-03 10:28:16,18644.8,0
2021-06-03 10:28:17,18644.45,0
2021-06-03 10:28:21,18646.75,0
2021-06-03 10:28:26,18644.7,0
2021-06-03 10:28:30,18644.85,0
2021-06-03 10:28:31,18644.3,0
2021-06-03 10:28:35,18649.55,0
2021-06-03 10:28:37,18652.05,0
2021-06-03 10:28:39,18652.9,0
2021-06-03 10:28:41,18650.3,0
2021-06-03 10:28:42,18652.2,0
2021-06-03 10:28:43,18649.7,0
2021-06-03 10:28:44,18652.25,0
2021-06-03 10:28:45,18649.7,0
2021-06-03 10:28:46,18648.4,0
2021-06-03 10:28:47,18650.6,0
2021-06-03 10:28:52,18649.65,0
2021-06-03 10:28:54,18650.15,0
2021-06-03 10:28:56,18650.9,0
2021-06-03 10:29:02,18649.8,0
2021-06-03 10:29:04,18649.6,0
2021-06-03 10:29:05,18647.75,0
2021-06-03 10:29:07,18647.9,0
2021-06-03 10:29:09,18648.2,0
2021-06-03 10:29:12,18650.2,0
2021-06-03 10:29:13,18649.55,0
2021-06-03 10:29:17,18647.3,0
2021-06-03 10:29:18,18646.75,0
2021-06-03 10:29:20,18649.25,0
2021-06-03 10:29:22,18648.2,0
2021-06-03 10:29:23,18648.8,0
2021-06-03 10:29:25,18646.8,0
2021-06-03 10:29:31,18645.8,0
2021-06-03 10:29:33,18646.3,0
2021-06-03 10:29:35,18647.35,0
2021-06-03 10:29:37,18643.75,0
2021-06-03 10:29:40,18646.7,0
2021-06-03 10:29:41,18642.85,0
2021-06-03 10:29:43,18646.9,0
2021-06-03 10:29:46,18646.2,0
2021-06-03 10:29:50,18644.35,0
2021-06-03 10:29:51,18644.0,0
2021-06-03 10:29:56,18644.25,0
2021-06-03 10:30:00,18647.15,0
2021-06-03 10:30:01,18647.25,0
2021-06-03 10:30:03,18647.7,0
2021-06-03 10:30:05,18645.85,0
2021-06-03 10:30:18,18646.95,0
2021-06-03 10:30:19,18647.3,0
2021-06-03 10:30:22,18647.15,0
2021-06-03 10:30:26,18648.85,0
2021-06-03 10:30:29,18648.95,0
2021-06-03 10:30:30,18646.65,0
2021-06-03 10:30:34,18648.05,0
2021-06-03 10:30:47,18645.2,0
2021-06-03 10:30:50,18647.1,0
2021-06-03 10:30:52,18645.4,0
2021-06-03 10:30:53,18643.55,0
2021-06-03 10:30:54,18644.3,0
2021-06-03 10:31:01,18642.9,0
2021-06-03 10:31:02,18643.0,0
2021-06-03 10:31:11,18640.15,0
2021-06-03 10:31:15,18642.65,0
2021-06-03 10:31:20,18642.9,0
2021-06-03 10:31:24,18643.05,0
2021-06-03 10:31:27,18641.1,0
2021-06-03 10:31:30,18640.75,0
2021-06-03 10:31:38,18644.05,0
2021-06-03 10:31:40,18643.5,0
2021-06-03 10:31:44,18642.15,0
2021-06-03 10:31:45,18641.9,0
2021-06-03 10:31:46,18642.85,0
2021-06-03 10:31:48,18643.0,0
2021-06-03 10:31:49,18643.45,0
2021-06-03 10:31:51,18642.55,0
2021-06-03 10:31:53,18643.75,0
2021-06-03 10:31:59,18644.55,0
2021-06-03 10:32:04,18638.5,0
2021-06-03 10:32:06,18637.05,0
2021-06-03 10:32:14,18636.8,0
2021-06-03 10:32:16,18639.35,0
2021-06-03 10:32:20,18637.75,0
2021-06-03 10:32:21,18634.95,0
2021-06-03 10:32:26,18637.0,0
2021-06-03 10:32:27,18637.15,0
2021-06-03 10:32:30,18637.8,0
2021-06-03 10:32:31,18638.9,0
2021-06-03 10:32:33,18639.4,0
2021-06-03 10:32:35,18640.35,0
2021-06-03 10:32:37,18639.65,0
2021-06-03 10:32:38,18639.35,0
2021-06-03 10:32:39,18639.15,0
2021-06-03 10:32:44,18640.3,0
2021-06-03 10:32:46,18638.55,0
2021-06-03 10:32:49,18640.3,0
2021-06-03 10:32:53,18638.9,0
2021-06-03 10:32:56,18641.4,0
2021-06-03 10:33:01,18639.2,0
2021-06-03 10:33:03,18640.55,0
2021-06-03 10:33:04,18640.8,0
2021-06-03 10:33:10,18641.55,0
2021-06-03 10:33:11,18644.2,0
2021-06-03 10:33:12,18640.5,0
2021-06-03 10:33:13,18641.1,0
2021-06-03 10:33:16,18642.15,0
2021-06-03 10:33:21,18643.6,0
2021-06-03 10:33:27,18646.7,0
2021-06-03 10:33:30,18649.9,0
2021-06-03 10:33:31,18648.2,0
2021-06-03 10:33:34,18650.2,0
2021-06-03 10:33:35,18652.5,0
2021-06-03 10:33:36,18651.45,0
2021-06-03 10:33:39,18652.5,0
2021-06-03 10:33:45,18650.95,0
2021-06-03 10:33:47,18649.15,0
2021-06-03 10:33:52,18651.95,0
2021-06-03 10:33:54,18651.25,0
2021-06-03 10:33:55,18649.5,0
2021-06-03 10:33:58,18648.65,0
2021-06-03 10:34:01,18649.1,0
2021-06-03 10:34:02,18648.75,0
2021-06-03 10:34:07,18647.55,0
2021-06-03 10:34:10,18647.45,0
2021-06-03 10:34:12,18649.2,0
2021-06-03 10:34:15,18649.15,0
2021-06-03 10:34:16,18647.2,0
2021-06-03 10:34:22,18646.7,0
2021-06-03 10:34:25,18647.35,0
2021-06-03 10:34:26,18647.0,0
2021-06-03 10:34:29,18644.05,0
2021-06-03 10:34:31,18643.95,0
2021-06-03 10:34:36,18644.1,0
2021-06-03 10:34:37,18647.4,0
2021-06-03 10:34:40,18645.8,0
2021-06-03 10:34:41,18644.6,0
2021-06-03 10:34:46,18643.3,0
2021-06-03 10:34:47,18643.15,0
2021-06-03 10:34:53,18644.1,0
2021-06-03 10:34:55,18646.6,0
2021-06-03 10:34:57,18643.6,0
2021-06-03 10:35:06,18643.05,0
2021-06-03 10:35:09,18643.2,0
2021-06-03 10:35:14,18644.4,0
2021-06-03 10:35:15,18643.75,0
2021-06-03 10:35:17,18645.6,0
2021-06-03 10:35:19,18643.75,0
2021-06-03 10:35:21,18643.3,0
2021-06-03 10:35:25,18645.0,0
2021-06-03 10:35:35,18644.6,0
2021-06-03 10:35:37,18642.7,0
2021-06-03 10:35:38,18644.1,0
2021-06-03 10:35:40,18645.8,0
2021-06-03 10:35:41,18649.4,0
2021-06-03 10:35:44,18648.0,0
2021-06-03 10:35:47,18647.75,0
2021-06-03 10:35:48,18647.75,0
2021-06-03 10:35:49,18648.5,0
2021-06-03 10:35:55,18645.8,0
2021-06-03 10:35:57,18646.6,0
2021-06-03 10:35:59,18646.95,0
2021-06-03 10:36:02,18644.65,0
2021-06-03 10:36:03,18647.05,0
2021-06-03 10:36:04,18645.35,0
2021-06-03 10:36:05,18644.7,0
2021-06-03 10:36:08,18646.75,0
2021-06-03 10:36:09,18644.5,0
2021-06-03 10:36:11,18645.85,0
2021-06-03 10:36:15,18645.0,0
2021-06-03 10:36:16,18644.3,0
2021-06-03 10:36:19,18646.85,0
2021-06-03 10:36:22,18645.6,0
2021-06-03 10:36:23,18647.35,0
2021-06-03 10:36:25,18644.7,0
2021-06-03 10:36:32,18640.65,0
2021-06-03 10:36:33,18641.3,0
2021-06-03 10:36:34,18641.3,0
2021-06-03 10:36:36,18640.9,0
2021-06-03 10:36:38,18642.6,0
2021-06-03 10:36:39,18642.85,0
2021-06-03 10:36:41,18640.75,0
2021-06-03 10:36:46,18642.75,0
2021-06-03 10:36:48,18641.5,0
2021-06-03 10:36:49,18641.4,0
2021-06-03 10:36:50,18640.7,0
2021-06-03 10:36:51,18640.15,0
2021-06-03 10:36:53,18640.15,0
2021-06-03 10:36:55,18641.25,0
2021-06-03 10:37:00,18641.4,0
2021-06-03 10:37:01,18644.8,0
2021-06-03 10:37:03,18641.5,0
2021-06-03 10:37:05,18641.85,0
2021-06-03 10:37:11,18640.75,0
2021-06-03 10:37:16,18641.2,0
2021-06-03 10:37:18,18638.8,0
2021-06-03 10:37:22,18637.8,0
2021-06-03 10:37:23,18637.65,0
2021-06-03 10:37:25,18636.5,0
2021-06-03 10:37:28,18641.9,0
2021-06-03 10:37:30,18639.2,0
2021-06-03 10:37:31,18639.05,0
2021-06-03 10:37:33,18641.15,0
2021-06-03 10:37:35,18644.15,0
2021-06-03 10:37:36,18644.8,0
2021-06-03 10:37:43,18645.3,0
2021-06-03 10:37:45,18641.95,0
2021-06-03 10:37:49,18642.55,0
2021-06-03 10:37:52,18642.45,0
2021-06-03 10:37:56,18643.5,0
2021-06-03 10:37:58,18642.25,0
2021-06-03 10:38:00,18641.25,0
2021-06-03 10:38:03,18642.15,0
2021-06-03 10:38:04,18642.15,0
2021-06-03 10:38:05,18640.5,0
2021-06-03 10:38:07,18640.6,0
2021-06-03 10:38:12,18641.55,0
2021-06-03 10:38:13,18640.35,0
2021-06-03 10:38:16,18638.15,0
2021-06-03 10:38:17,18640.8,0
2021-06-03 10:38:18,18638.9,0
2021-06-03 10:38:20,18637.8,0
2021-06-03 10:38:25,18638.25,0
2021-06-03 10:38:29,18642.6,0
2021-06-03 10:38:34,18640.6,0
2021-06-03 10:38:35,18640.2,0
2021-06-03 10:38:38,18641.85,0
2021-06-03 10:38:47,18640.4,0
2021-06-03 10:38:50,18640.65,0
2021-06-03 10:38:54,18642.25,0
2021-06-03 10:39:03,18641.9,0
2021-06-03 10:39:06,18638.65,0
2021-06-03 10:39:09,18641.0,0
2021-06-03 10:39:10,18639.45,0
2021-06-03 10:39:13,18638.9,0
2021-06-03 10:39:22,18639.5,0
2021-06-03 10:39:25,18638.6,0
2021-06-03 10:39:34,18639.7,0
2021-06-03 10:39:35,18640.4,0
2021-06-03 10:39:36,18639.4,0
2021-06-03 10:39:37,18640.7,0
2021-06-03 10:39:39,18638.85,0
2021-06-03 10:39:44,18640.8,0
2021-06-03 10:39:46,18640.55,0
2021-06-03 10:39:47,18642.75,0
2021-06-03 10:39:48,18639.5,0
2021-06-03 10:39:49,18640.5,0
2021-06-03 10:39:53,18639.5,0
2021-06-03 10:39:55,18639.45,0
2021-06-03 10:39:56,18636.7,0
2021-06-03 10:39:59,18640.4,0
2021-06-03 10:40:01,18638.75,0
2021-06-03 10:40:02,18637.2,0
2021-06-03 10:40:07,18637.45,0
2021-06-03 10:40:10,18639.0,0
2021-06-03 10:40:14,18642.45,0
2021-06-03 10:40:15,18639.85,0
2021-06-03 10:40:18,18641.7,0
2021-06-03 10:40:20,18642.5,0
2021-06-03 10:40:21,18639.9,0
2021-06-03 10:40:22,18641.4,0
2021-06-03 10:40:23,18639.95,0
2021-06-03 10:40:25,18641.45,0
2021-06-03 10:40:28,18643.25,0
2021-06-03 10:40:32,18640.7,0
2021-06-03 10:40:35,18638.05,0
2021-06-03 10:40:41,18639.45,0
2021-06-03 10:40:42,18639.5,0
2021-06-03 10:40:44,18638.5,0
2021-06-03 10:40:45,18638.35,0
2021-06-03 10:40:46,18638.6,0
2021-06-03 10:40:50,18639.0,0
2021-06-03 10:40:51,18638.95,0
2021-06-03 10:40:52,18638.3,0
2021-06-03 10:40:54,18638.25,0
2021-06-03 10:40:58,18638.8,0
2021-06-03 10:41:02,18637.7,0
2021-06-03 10:41:03,18634.25,0
2021-06-03 10:41:06,18637.0,0
2021-06-03 10:41:07,18632.65,0
2021-06-03 10:41:15,18636.1,0
2021-06-03 10:41:23,18635.8,0
2021-06-03 10:41:24,18636.95,0
2021-06-03 10:41:26,18637.95,0
2021-06-03 10:41:27,18638.85,0
2021-06-03 10:41:28,18637.2,0
2021-06-03 10:41:34,18637.3,0
2021-06-03 10:41:35,18636.6,0
2021-06-03 10:41:39,18636.5,0
2021-06-03 10:41:41,18636.85,0
2021-06-03 10:41:46,18637.4,0
2021-06-03 10:41:54,18637.35,0
2021-06-03 10:41:56,18636.3,0
2021-06-03 10:41:58,18636.85,0
2021-06-03 10:42:05,18636.85,0
2021-06-03 10:42:07,18636.7,0
2021-06-03 10:42:16,18635.85,0
2021-06-03 10:42:18,18638.6,0
2021-06-03 10:42:22,18638.65,0
2021-06-03 10:42:26,18637.75,0
2021-06-03 10:42:27,18638.15,0
2021-06-03 10:42:30,18641.5,0
2021-06-03 10:42:34,18637.65,0
2021-06-03 10:42:41,18641.15,0
2021-06-03 10:42:42,18644.35,0
2021-06-03 10:42:43,18643.15,0
2021-06-03 10:42:45,18642.65,0
2021-06-03 10:42:50,18645.8,0
2021-06-03 10:42:54,18647.0,0
2021-06-03 10:43:01,18644.1,0
2021-06-03 10:43:04,18643.55,0
2021-06-03 10:43:05,18646.35,0
2021-06-03 10:43:12,18647.05,0
2021-06-03 10:43:22,18644.95,0
2021-06-03 10:43:24,18645.9,0
2021-06-03 10:43:27,18645.85,0
2021-06-03 10:43:33,18646.1,0
2021-06-03 10:43:45,18644.85,0
2021-06-03 10:44:05,18639.9,0
2021-06-03 10:44:11,18636.7,0
2021-06-03 10:44:28,18628.65,0
2021-06-03 10:44:48,18622.45,0
2021-06-03 10:44:56,18619.75,0
2021-06-03 10:44:59,18620.55,0
2021-06-03 10:45:00,18621.5,0
2021-06-03 10:45:02,18624.15,0
2021-06-03 10:45:03,18625.5,0
2021-06-03 10:45:04,18623.45,0
2021-06-03 10:45:07,18624.25,0
2021-06-03 10:45:11,18622.7,0
2021-06-03 10:45:16,18621.35,0
2021-06-03 10:45:17,18622.75,0
2021-06-03 10:45:20,18623.1,0
2021-06-03 10:45:21,18623.8,0
2021-06-03 10:45:23,18625.0,0
2021-06-03 10:45:24,18623.4,0
2021-06-03 10:45:32,18622.25,0
2021-06-03 10:45:35,18624.35,0
2021-06-03 10:45:37,18619.95,0
2021-06-03 10:45:39,18619.15,0
2021-06-03 10:45:40,18618.9,0
2021-06-03 10:45:42,18616.8,0
2021-06-03 10:45:48,18617.45,0
2021-06-03 10:45:50,18619.65,0
2021-06-03 10:45:51,18614.1,0
2021-06-03 10:45:55,18617.5,0
2021-06-03 10:45:58,18617.05,0
2021-06-03 10:45:59,18619.85,0
2021-06-03 10:46:00,18617.5,0
2021-06-03 10:46:02,18623.7,0
2021-06-03 10:46:06,18623.7,0
2021-06-03 10:46:07,18623.05,0
2021-06-03 10:46:08,18622.85,0
2021-06-03 10:46:09,18623.8,0
2021-06-03 10:46:12,18621.55,0
2021-06-03 10:46:13,18624.7,0
2021-06-03 10:46:16,18624.2,0
2021-06-03 10:46:17,18619.95,0
2021-06-03 10:46:18,18620.85,0
2021-06-03 10:46:24,18620.95,0
2021-06-03 10:46:26,18620.5,0
2021-06-03 10:46:27,18622.25,0
2021-06-03 10:46:28,18620.3,0
2021-06-03 10:46:32,18620.95,0
2021-06-03 10:46:35,18615.75,0
2021-06-03 10:46:41,18613.45,0
2021-06-03 10:46:44,18613.45,0
2021-06-03 10:46:46,18616.1,0
2021-06-03 10:46:48,18614.05,0
2021-06-03 10:46:49,18614.3,0
2021-06-03 10:46:51,18615.75,0
2021-06-03 10:46:52,18615.95,0
2021-06-03 10:46:54,18618.9,0
2021-06-03 10:46:58,18615.3,0
2021-06-03 10:46:59,18614.9,0
2021-06-03 10:47:04,18617.6,0
2021-06-03 10:47:05,18620.35,0
2021-06-03 10:47:08,18618.35,0
2021-06-03 10:47:09,18619.75,0
2021-06-03 10:47:10,18619.45,0
2021-06-03 10:47:11,18620.35,0
2021-06-03 10:47:12,18621.65,0
2021-06-03 10:47:13,18620.35,0
2021-06-03 10:47:14,18620.2,0
2021-06-03 10:47:18,18616.95,0
2021-06-03 10:47:20,18616.0,0
2021-06-03 10:47:23,18615.1,0
2021-06-03 10:47:27,18614.6,0
2021-06-03 10:47:33,18613.05,0
2021-06-03 10:47:34,18613.55,0
2021-06-03 10:47:44,18614.6,0
2021-06-03 10:47:47,18614.95,0
2021-06-03 10:47:49,18617.0,0
2021-06-03 10:47:56,18618.05,0
2021-06-03 10:48:00,18615.5,0
2021-06-03 10:48:01,18615.75,0
2021-06-03 10:48:06,18616.8,0
2021-06-03 10:48:07,18618.05,0
2021-06-03 10:48:08,18622.1,0
2021-06-03 10:48:09,18622.3,0
2021-06-03 10:48:12,18625.1,0
2021-06-03 10:48:14,18624.15,0
2021-06-03 10:48:15,18620.4,0
2021-06-03 10:48:17,18619.95,0
2021-06-03 10:48:23,18622.3,0
2021-06-03 10:48:26,18622.4,0
2021-06-03 10:48:27,18623.2,0
2021-06-03 10:48:30,18625.7,0
2021-06-03 10:48:33,18626.1,0
2021-06-03 10:48:38,18622.55,0
2021-06-03 10:48:39,18622.55,0
2021-06-03 10:48:43,18623.7,0
2021-06-03 10:48:44,18622.25,0
2021-06-03 10:48:46,18626.15,0
2021-06-03 10:48:48,18624.35,0
2021-06-03 10:48:51,18623.95,0
2021-06-03 10:48:52,18623.35,0
2021-06-03 10:48:53,18623.85,0
2021-06-03 10:48:54,18623.45,0
2021-06-03 10:48:55,18623.8,0
2021-06-03 10:48:57,18626.55,0
2021-06-03 10:48:58,18627.6,0
2021-06-03 10:48:59,18626.75,0
2021-06-03 10:49:00,18628.5,0
2021-06-03 10:49:02,18625.7,0
2021-06-03 10:49:06,18625.85,0
2021-06-03 10:49:07,18625.6,0
2021-06-03 10:49:09,18626.95,0
2021-06-03 10:49:11,18624.05,0
2021-06-03 10:49:12,18620.75,0
2021-06-03 10:49:15,18619.55,0
2021-06-03 10:49:16,18620.35,0
2021-06-03 10:49:18,18621.05,0
2021-06-03 10:49:21,18620.35,0
2021-06-03 10:49:22,18618.8,0
2021-06-03 10:49:25,18618.65,0
2021-06-03 10:49:27,18618.1,0
2021-06-03 10:49:28,18619.55,0
2021-06-03 10:49:29,18617.15,0
2021-06-03 10:49:40,18617.6,0
2021-06-03 10:49:41,18618.85,0
2021-06-03 10:49:44,18618.2,0
2021-06-03 10:49:48,18616.95,0
2021-06-03 10:49:49,18614.7,0
2021-06-03 10:49:51,18615.25,0
2021-06-03 10:49:52,18615.05,0
2021-06-03 10:49:55,18615.05,0
2021-06-03 10:49:57,18614.6,0
2021-06-03 10:49:58,18612.6,0
2021-06-03 10:50:01,18614.55,0
2021-06-03 10:50:05,18616.5,0
2021-06-03 10:50:11,18616.45,0
2021-06-03 10:50:13,18617.0,0
2021-06-03 10:50:15,18619.5,0
2021-06-03 10:50:21,18620.55,0
2021-06-03 10:50:23,18623.05,0
2021-06-03 10:50:24,18621.6,0
2021-06-03 10:50:25,18622.9,0
2021-06-03 10:50:27,18621.6,0
2021-06-03 10:50:32,18619.5,0
2021-06-03 10:50:33,18617.85,0
2021-06-03 10:50:35,18622.25,0
2021-06-03 10:50:38,18621.55,0
2021-06-03 10:50:39,18623.5,0
2021-06-03 10:50:41,18619.9,0
2021-06-03 10:50:43,18620.8,0
2021-06-03 10:50:44,18619.4,0
2021-06-03 10:50:45,18620.0,0
2021-06-03 10:50:48,18619.5,0
2021-06-03 10:50:49,18617.05,0
2021-06-03 10:50:51,18619.05,0
2021-06-03 10:50:53,18619.1,0
2021-06-03 10:50:54,18616.95,0
2021-06-03 10:50:55,18616.15,0
2021-06-03 10:51:01,18618.7,0
2021-06-03 10:51:03,18619.2,0
2021-06-03 10:51:06,18619.65,0
2021-06-03 10:51:07,18622.0,0
2021-06-03 10:51:12,18620.75,0
2021-06-03 10:51:15,18619.55,0
2021-06-03 10:51:17,18618.85,0
2021-06-03 10:51:25,18619.6,0
2021-06-03 10:51:27,18620.1,0
2021-06-03 10:51:30,18618.8,0
2021-06-03 10:51:31,18619.25,0
2021-06-03 10:51:40,18619.05,0
2021-06-03 10:51:41,18620.1,0
2021-06-03 10:51:43,18620.4,0
2021-06-03 10:51:46,18621.1,0
2021-06-03 10:51:47,18624.0,0
2021-06-03 10:51:51,18622.15,0
2021-06-03 10:51:53,18623.3,0
2021-06-03 10:51:54,18624.95,0
2021-06-03 10:51:55,18623.35,0
2021-06-03 10:52:07,18623.75,0
2021-06-03 10:52:08,18621.15,0
2021-06-03 10:52:10,18620.05,0
2021-06-03 10:52:11,18621.5,0
2021-06-03 10:52:16,18618.15,0
2021-06-03 10:52:17,18620.25,0
2021-06-03 10:52:18,18618.65,0
2021-06-03 10:52:20,18618.65,0
2021-06-03 10:52:21,18618.15,0
2021-06-03 10:52:23,18618.7,0
2021-06-03 10:52:24,18619.35,0
2021-06-03 10:52:29,18617.5,0
2021-06-03 10:52:35,18619.85,0
2021-06-03 10:52:36,18616.95,0
2021-06-03 10:52:46,18618.65,0
2021-06-03 10:52:48,18616.95,0
2021-06-03 10:52:56,18616.05,0
2021-06-03 10:52:57,18619.35,0
2021-06-03 10:52:59,18617.15,0
2021-06-03 10:53:04,18614.6,0
2021-06-03 10:53:05,18618.5,0
2021-06-03 10:53:07,18616.4,0
2021-06-03 10:53:11,18616.6,0
2021-06-03 10:53:14,18617.35,0
2021-06-03 10:53:17,18618.2,0
2021-06-03 10:53:22,18619.0,0
2021-06-03 10:53:25,18615.15,0
2021-06-03 10:53:31,18617.65,0
2021-06-03 10:53:32,18615.6,0
2021-06-03 10:53:33,18615.5,0
2021-06-03 10:53:35,18616.05,0
2021-06-03 10:53:38,18615.65,0
2021-06-03 10:53:39,18617.25,0
2021-06-03 10:53:41,18617.6,0
2021-06-03 10:53:47,18617.05,0
2021-06-03 10:53:48,18616.7,0
2021-06-03 10:53:49,18616.25,0
2021-06-03 10:53:54,18617.3,0
2021-06-03 10:53:55,18617.65,0
2021-06-03 10:53:58,18616.8,0
2021-06-03 10:53:59,18617.0,0
2021-06-03 10:54:04,18617.05,0
2021-06-03 10:54:06,18617.0,0
2021-06-03 10:54:08,18617.1,0
2021-06-03 10:54:09,18616.85,0
2021-06-03 10:54:12,18618.75,0
2021-06-03 10:54:15,18618.1,0
2021-06-03 10:54:20,18618.25,0
2021-06-03 10:54:21,18616.85,0
2021-06-03 10:54:23,18618.1,0
2021-06-03 10:54:24,18619.65,0
2021-06-03 10:54:27,18617.45,0
2021-06-03 10:54:29,18618.15,0
2021-06-03 10:54:39,18613.3,0
2021-06-03 10:54:40,18614.5,0
2021-06-03 10:54:42,18614.0,0
2021-06-03 10:54:45,18614.8,0
2021-06-03 10:54:46,18613.5,0
2021-06-03 10:54:51,18612.0,0
2021-06-03 10:54:57,18611.75,0
2021-06-03 10:55:02,18609.4,0
2021-06-03 10:55:06,18607.15,0
2021-06-03 10:55:09,18610.0,0
2021-06-03 10:55:11,18610.7,0
2021-06-03 10:55:13,18610.3,0
2021-06-03 10:55:21,18613.4,0
2021-06-03 10:55:22,18613.8,0
2021-06-03 10:55:26,18611.85,0
2021-06-03 10:55:27,18613.9,0
2021-06-03 10:55:28,18614.1,0
2021-06-03 10:55:33,18611.85,0
2021-06-03 10:55:35,18612.35,0
2021-06-03 10:55:37,18615.45,0
2021-06-03 10:55:40,18611.65,0
2021-06-03 10:55:42,18612.65,0
2021-06-03 10:55:45,18611.3,0
2021-06-03 10:55:46,18611.6,0
2021-06-03 10:55:48,18612.25,0
2021-06-03 10:55:49,18612.2,0
2021-06-03 10:55:50,18612.3,0
2021-06-03 10:55:54,18613.6,0
2021-06-03 10:55:55,18611.0,0
2021-06-03 10:55:56,18612.0,0
2021-06-03 10:55:58,18612.75,0
2021-06-03 10:56:01,18612.3,0
2021-06-03 10:56:03,18611.55,0
2021-06-03 10:56:06,18611.55,0
2021-06-03 10:56:08,18611.45,0
2021-06-03 10:56:09,18611.75,0
2021-06-03 10:56:10,18612.45,0
2021-06-03 10:56:15,18611.8,0
2021-06-03 10:56:17,18614.65,0
2021-06-03 10:56:19,18611.55,0
2021-06-03 10:56:24,18613.55,0
2021-06-03 10:56:28,18613.1,0
2021-06-03 10:56:31,18613.2,0
2021-06-03 10:56:32,18616.9,0
2021-06-03 10:56:33,18619.25,0
2021-06-03 10:56:35,18615.25,0
2021-06-03 10:56:37,18614.35,0
2021-06-03 10:56:39,18617.0,0
2021-06-03 10:56:41,18617.15,0
2021-06-03 10:56:42,18614.65,0
2021-06-03 10:56:43,18615.7,0
2021-06-03 10:56:46,18615.5,0
2021-06-03 10:56:51,18622.3,0
2021-06-03 10:56:53,18622.1,0
2021-06-03 10:56:56,18622.65,0
2021-06-03 10:56:57,18625.45,0
2021-06-03 10:56:58,18622.65,0
2021-06-03 10:56:59,18622.95,0
2021-06-03 10:57:00,18623.2,0
2021-06-03 10:57:01,18622.75,0
2021-06-03 10:57:02,18623.25,0
2021-06-03 10:57:03,18623.1,0
2021-06-03 10:57:04,18624.3,0
2021-06-03 10:57:07,18624.4,0
2021-06-03 10:57:09,18624.55,0
2021-06-03 10:57:11,18622.15,0
2021-06-03 10:57:12,18622.2,0
2021-06-03 10:57:15,18621.7,0
2021-06-03 10:57:16,18621.25,0
2021-06-03 10:57:17,18623.1,0
2021-06-03 10:57:24,18620.55,0
2021-06-03 10:57:26,18622.2,0
2021-06-03 10:57:27,18618.75,0
2021-06-03 10:57:29,18618.35,0
2021-06-03 10:57:32,18620.6,0
2021-06-03 10:57:33,18618.5,0
2021-06-03 10:57:34,18618.0,0
2021-06-03 10:57:35,18617.95,0
2021-06-03 10:57:37,18620.8,0
2021-06-03 10:57:38,18618.3,0
2021-06-03 10:57:40,18619.6,0
2021-06-03 10:57:43,18617.9,0
2021-06-03 10:57:46,18619.65,0
2021-06-03 10:57:49,18619.15,0
2021-06-03 10:57:51,18618.7,0
2021-06-03 10:57:57,18620.3,0
2021-06-03 10:58:04,18617.25,0
2021-06-03 10:58:08,18617.5,0
2021-06-03 10:58:11,18619.7,0
2021-06-03 10:58:15,18617.6,0
2021-06-03 10:58:17,18616.65,0
2021-06-03 10:58:18,18615.9,0
2021-06-03 10:58:20,18616.4,0
2021-06-03 10:58:30,18614.05,0
2021-06-03 10:58:33,18611.85,0
2021-06-03 10:58:34,18612.05,0
2021-06-03 10:58:35,18612.0,0
2021-06-03 10:58:36,18608.8,0
2021-06-03 10:58:39,18611.95,0
2021-06-03 10:58:40,18612.6,0
2021-06-03 10:58:41,18610.6,0
2021-06-03 10:58:45,18613.5,0
2021-06-03 10:58:46,18611.1,0
2021-06-03 10:58:49,18608.45,0
2021-06-03 10:58:50,18608.45,0
2021-06-03 10:58:53,18612.6,0
2021-06-03 10:58:55,18614.1,0
2021-06-03 10:58:59,18610.85,0
2021-06-03 10:59:02,18611.4,0
2021-06-03 10:59:03,18611.05,0
2021-06-03 10:59:06,18613.65,0
2021-06-03 10:59:08,18610.65,0
2021-06-03 10:59:12,18608.5,0
2021-06-03 10:59:16,18608.2,0
2021-06-03 10:59:19,18609.1,0
2021-06-03 10:59:20,18608.65,0
2021-06-03 10:59:21,18607.05,0
2021-06-03 10:59:27,18609.5,0
2021-06-03 10:59:28,18608.8,0
2021-06-03 10:59:31,18608.6,0
2021-06-03 10:59:32,18611.2,0
2021-06-03 10:59:34,18607.55,0
2021-06-03 10:59:35,18608.05,0
2021-06-03 10:59:36,18607.75,0
2021-06-03 10:59:37,18606.9,0
2021-06-03 10:59:38,18606.8,0
2021-06-03 10:59:39,18608.05,0
2021-06-03 10:59:40,18605.45,0
2021-06-03 10:59:46,18604.6,0
2021-06-03 10:59:47,18605.6,0
2021-06-03 10:59:50,18608.15,0
2021-06-03 10:59:51,18605.85,0
2021-06-03 10:59:52,18606.3,0
2021-06-03 10:59:54,18604.55,0
2021-06-03 10:59:59,18605.45,0
2021-06-03 11:00:01,18602.35,0
2021-06-03 11:00:03,18602.4,0
2021-06-03 11:00:10,18602.3,0
2021-06-03 11:00:14,18606.35,0
2021-06-03 11:00:15,18606.0,0
2021-06-03 11:00:18,18606.1,0
2021-06-03 11:00:19,18605.1,0
2021-06-03 11:00:22,18607.95,0
2021-06-03 11:00:25,18606.95,0
2021-06-03 11:00:27,18609.1,0
2021-06-03 11:00:28,18611.95,0
2021-06-03 11:00:30,18609.4,0
2021-06-03 11:00:33,18609.85,0
2021-06-03 11:00:40,18611.8,0
2021-06-03 11:00:41,18609.4,0
2021-06-03 11:00:43,18610.1,0
2021-06-03 11:00:44,18612.15,0
2021-06-03 11:00:47,18610.05,0
2021-06-03 11:00:48,18609.9,0
2021-06-03 11:00:51,18611.75,0
2021-06-03 11:00:53,18611.85,0
2021-06-03 11:00:57,18610.8,0
2021-06-03 11:01:05,18612.55,0
2021-06-03 11:01:06,18610.65,0
2021-06-03 11:01:07,18612.55,0
2021-06-03 11:01:08,18612.7,0
2021-06-03 11:01:09,18610.95,0
2021-06-03 11:01:11,18613.0,0
2021-06-03 11:01:12,18611.8,0
2021-06-03 11:01:16,18613.65,0
2021-06-03 11:01:22,18614.0,0
2021-06-03 11:01:24,18615.1,0
2021-06-03 11:01:25,18615.9,0
2021-06-03 11:01:26,18615.35,0
2021-06-03 11:01:31,18614.95,0
2021-06-03 11:01:32,18617.5,0
2021-06-03 11:01:41,18614.9,0
2021-06-03 11:01:44,18618.9,0
2021-06-03 11:01:47,18616.55,0
2021-06-03 11:01:48,18615.45,0
2021-06-03 11:01:50,18614.0,0
2021-06-03 11:01:52,18613.05,0
2021-06-03 11:01:53,18613.25,0
2021-06-03 11:02:00,18612.15,0
2021-06-03 11:02:04,18611.2,0
2021-06-03 11:02:05,18609.15,0
2021-06-03 11:02:10,18610.15,0
2021-06-03 11:02:12,18610.25,0
2021-06-03 11:02:13,18610.7,0
2021-06-03 11:02:14,18609.0,0
2021-06-03 11:02:16,18610.35,0
2021-06-03 11:02:18,18611.55,0
2021-06-03 11:02:20,18613.75,0
2021-06-03 11:02:22,18613.4,0
2021-06-03 11:02:24,18611.15,0
2021-06-03 11:02:28,18609.35,0
2021-06-03 11:02:29,18612.1,0
2021-06-03 11:02:32,18611.3,0
2021-06-03 11:02:47,18608.25,0
2021-06-03 11:03:02,18608.45,0
2021-06-03 11:03:03,18604.45,0
2021-06-03 11:03:04,18606.35,0
2021-06-03 11:03:05,18604.85,0
2021-06-03 11:03:07,18604.9,0
2021-06-03 11:03:11,18603.55,0
2021-06-03 11:03:12,18604.25,0
2021-06-03 11:03:14,18601.45,0
2021-06-03 11:03:17,18601.3,0
2021-06-03 11:03:19,18598.95,0
2021-06-03 11:03:23,18597.5,0
2021-06-03 11:03:25,18594.3,0
2021-06-03 11:03:28,18593.95,0
2021-06-03 11:03:29,18591.25,0
2021-06-03 11:03:31,18590.8,0
2021-06-03 11:03:39,18590.1,0
2021-06-03 11:03:44,18591.15,0
2021-06-03 11:03:48,18592.3,0
2021-06-03 11:03:53,18595.1,0
2021-06-03 11:03:54,18595.35,0
2021-06-03 11:03:59,18597.75,0
2021-06-03 11:04:04,18600.9,0
2021-06-03 11:04:07,18596.45,0
2021-06-03 11:04:08,18594.35,0
2021-06-03 11:04:12,18594.4,0
2021-06-03 11:04:13,18592.5,0
2021-06-03 11:04:14,18593.35,0
2021-06-03 11:04:16,18591.5,0
2021-06-03 11:04:17,18586.55,0
2021-06-03 11:04:24,18589.75,0
2021-06-03 11:04:25,18591.45,0
2021-06-03 11:04:28,18586.2,0
2021-06-03 11:04:29,18588.8,0
2021-06-03 11:04:32,18587.75,0
2021-06-03 11:04:33,18588.5,0
2021-06-03 11:04:37,18593.45,0
2021-06-03 11:04:39,18591.65,0
2021-06-03 11:04:43,18587.55,0
2021-06-03 11:04:45,18588.65,0
2021-06-03 11:04:46,18583.15,0
2021-06-03 11:04:47,18584.7,0
2021-06-03 11:04:55,18577.65,0
2021-06-03 11:04:57,18581.4,0
2021-06-03 11:05:09,18582.65,0
2021-06-03 11:05:10,18577.5,0
2021-06-03 11:05:12,18573.85,0
2021-06-03 11:05:15,18578.05,0
2021-06-03 11:05:16,18574.0,0
2021-06-03 11:05:17,18575.05,0
2021-06-03 11:05:27,18569.3,0
2021-06-03 11:05:28,18568.8,0
2021-06-03 11:05:29,18574.05,0
2021-06-03 11:05:35,18574.9,0
2021-06-03 11:05:40,18572.9,0
2021-06-03 11:05:45,18579.05,0
2021-06-03 11:05:46,18580.25,0
2021-06-03 11:05:47,18580.3,0
2021-06-03 11:05:48,18580.95,0
2021-06-03 11:05:51,18581.35,0
2021-06-03 11:05:52,18587.8,0
2021-06-03 11:05:53,18583.4,0
2021-06-03 11:05:54,18583.7,0
2021-06-03 11:05:58,18576.95,0
2021-06-03 11:05:59,18580.7,0
2021-06-03 11:06:00,18578.85,0
2021-06-03 11:06:02,18577.5,0
2021-06-03 11:06:04,18576.3,0
2021-06-03 11:06:05,18575.7,0
2021-06-03 11:06:06,18576.25,0
2021-06-03 11:06:12,18579.85,0
2021-06-03 11:06:16,18581.9,0
2021-06-03 11:06:24,18587.55,0
2021-06-03 11:06:25,18588.2,0
2021-06-03 11:06:27,18587.4,0
2021-06-03 11:06:28,18585.4,0
2021-06-03 11:06:29,18585.1,0
2021-06-03 11:06:31,18589.3,0
2021-06-03 11:06:33,18589.1,0
2021-06-03 11:06:35,18594.6,0
2021-06-03 11:06:36,18592.2,0
2021-06-03 11:06:43,18592.6,0
2021-06-03 11:06:45,18594.0,0
2021-06-03 11:06:46,18593.6,0
2021-06-03 11:06:49,18596.5,0
2021-06-03 11:06:52,18596.2,0
2021-06-03 11:06:54,18593.75,0
2021-06-03 11:06:56,18593.8,0
2021-06-03 11:07:00,18595.15,0
2021-06-03 11:07:01,18594.65,0
2021-06-03 11:07:06,18599.5,0
2021-06-03 11:07:09,18597.9,0
2021-06-03 11:07:11,18596.2,0
2021-06-03 11:07:13,18598.35,0
2021-06-03 11:07:15,18600.1,0
2021-06-03 11:07:17,18596.75,0
2021-06-03 11:07:20,18597.1,0
2021-06-03 11:07:23,18595.45,0
2021-06-03 11:07:29,18594.95,0
2021-06-03 11:07:30,18590.8,0
2021-06-03 11:07:32,18589.95,0
2021-06-03 11:07:36,18590.75,0
2021-06-03 11:07:39,18594.25,0
2021-06-03 11:07:41,18593.0,0
2021-06-03 11:07:42,18588.9,0
2021-06-03 11:07:43,18592.0,0
2021-06-03 11:07:44,18590.45,0
2021-06-03 11:07:46,18589.75,0
2021-06-03 11:07:47,18589.5,0
2021-06-03 11:07:49,18590.85,0
2021-06-03 11:07:50,18589.05,0
2021-06-03 11:07:51,18589.55,0
2021-06-03 11:07:56,18594.2,0
2021-06-03 11:07:57,18595.0,0
2021-06-03 11:07:58,18596.35,0
2021-06-03 11:07:59,18596.6,0
2021-06-03 11:08:01,18596.5,0
2021-06-03 11:08:02,18596.1,0
2021-06-03 11:08:05,18597.25,0
2021-06-03 11:08:15,18598.1,0
2021-06-03 11:08:16,18596.55,0
2021-06-03 11:08:17,18598.45,0
2021-06-03 11:08:19,18599.7,0
2021-06-03 11:08:22,18598.45,0
2021-06-03 11:08:23,18602.15,0
2021-06-03 11:08:35,18597.35,0
2021-06-03 11:08:37,18599.2,0
2021-06-03 11:08:38,18599.35,0
2021-06-03 11:08:42,18596.3,0
2021-06-03 11:08:45,18598.55,0
2021-06-03 11:08:47,18598.4,0
2021-06-03 11:08:48,18599.2,0
2021-06-03 11:08:51,18601.3,0
2021-06-03 11:08:56,18602.95,0
2021-06-03 11:08:57,18601.7,0
2021-06-03 11:09:01,18600.25,0
2021-06-03 11:09:03,18600.1,0
2021-06-03 11:09:10,18603.25,0
2021-06-03 11:09:11,18601.45,0
2021-06-03 11:09:14,18604.35,0
2021-06-03 11:09:16,18603.5,0
2021-06-03 11:09:18,18601.3,0
2021-06-03 11:09:19,18598.85,0
2021-06-03 11:09:20,18598.9,0
2021-06-03 11:09:23,18598.05,0
2021-06-03 11:09:31,18597.5,0
2021-06-03 11:09:35,18600.05,0
2021-06-03 11:09:44,18601.5,0
2021-06-03 11:09:46,18603.3,0
2021-06-03 11:09:45,18602.5,0
2021-06-03 11:09:48,18604.7,0
2021-06-03 11:09:49,18602.45,0
2021-06-03 11:09:50,18603.3,0
2021-06-03 11:09:57,18600.6,0
2021-06-03 11:10:05,18598.6,0
2021-06-03 11:10:07,18595.0,0
2021-06-03 11:10:10,18598.7,0
2021-06-03 11:10:12,18595.1,0
2021-06-03 11:10:14,18592.05,0
2021-06-03 11:10:15,18591.05,0
2021-06-03 11:10:16,18590.1,0
2021-06-03 11:10:18,18591.7,0
2021-06-03 11:10:22,18584.4,0
2021-06-03 11:10:23,18585.1,0
2021-06-03 11:10:24,18585.7,0
2021-06-03 11:10:27,18587.5,0
2021-06-03 11:10:29,18587.65,0
2021-06-03 11:10:31,18582.5,0
2021-06-03 11:10:32,18589.5,0
2021-06-03 11:10:33,18588.35,0
2021-06-03 11:10:34,18586.05,0
2021-06-03 11:10:35,18585.95,0
2021-06-03 11:10:38,18584.65,0
2021-06-03 11:10:39,18581.85,0
2021-06-03 11:10:44,18578.35,0
2021-06-03 11:10:46,18576.05,0
2021-06-03 11:10:48,18578.75,0
2021-06-03 11:10:50,18576.25,0
2021-06-03 11:10:51,18575.9,0
2021-06-03 11:10:52,18577.55,0
2021-06-03 11:10:56,18578.7,0
2021-06-03 11:10:58,18576.4,0
2021-06-03 11:11:00,18575.7,0
2021-06-03 11:11:05,18577.1,0
2021-06-03 11:11:07,18580.4,0
2021-06-03 11:11:10,18577.35,0
2021-06-03 11:11:11,18576.1,0
2021-06-03 11:11:13,18572.8,0
2021-06-03 11:11:16,18572.85,0
2021-06-03 11:11:17,18568.9,0
2021-06-03 11:11:18,18567.05,0
2021-06-03 11:11:20,18573.15,0
2021-06-03 11:11:24,18571.1,0
2021-06-03 11:11:26,18569.95,0
2021-06-03 11:11:28,18569.75,0
2021-06-03 11:11:29,18570.45,0
2021-06-03 11:11:38,18567.95,0
2021-06-03 11:11:37,18566.3,0
2021-06-03 11:11:42,18567.0,0
2021-06-03 11:11:43,18570.55,0
2021-06-03 11:11:44,18570.9,0
2021-06-03 11:11:45,18570.4,0
2021-06-03 11:11:46,18569.8,0
2021-06-03 11:11:48,18572.2,0
2021-06-03 11:11:51,18567.25,0
2021-06-03 11:11:54,18569.5,0
2021-06-03 11:11:55,18571.75,0
2021-06-03 11:11:59,18571.05,0
2021-06-03 11:12:03,18573.0,0
2021-06-03 11:12:04,18577.55,0
2021-06-03 11:12:05,18575.2,0
2021-06-03 11:12:06,18575.05,0
2021-06-03 11:12:07,18578.7,0
2021-06-03 11:12:09,18574.75,0
2021-06-03 11:12:19,18562.4,0
2021-06-03 11:12:21,18562.55,0
2021-06-03 11:12:23,18567.1,0
2021-06-03 11:12:26,18569.35,0
2021-06-03 11:12:27,18567.55,0
2021-06-03 11:12:28,18566.65,0
2021-06-03 11:12:37,18563.45,0
2021-06-03 11:12:41,18570.1,0
2021-06-03 11:12:42,18571.75,0
2021-06-03 11:12:47,18572.1,0
2021-06-03 11:13:02,18568.55,0
2021-06-03 11:13:05,18570.4,0
2021-06-03 11:13:06,18570.85,0
2021-06-03 11:13:11,18570.85,0
2021-06-03 11:13:16,18571.6,0
2021-06-03 11:13:26,18576.95,0
2021-06-03 11:13:27,18577.75,0
2021-06-03 11:13:31,18573.25,0
2021-06-03 11:13:34,18574.3,0
2021-06-03 11:13:36,18570.35,0
2021-06-03 11:13:38,18575.3,0
2021-06-03 11:13:41,18571.9,0
2021-06-03 11:13:42,18576.8,0
2021-06-03 11:13:43,18577.0,0
2021-06-03 11:13:44,18575.05,0
2021-06-03 11:13:47,18574.05,0
2021-06-03 11:13:48,18575.65,0
2021-06-03 11:13:56,18579.7,0
2021-06-03 11:14:01,18581.25,0
2021-06-03 11:14:02,18580.05,0
2021-06-03 11:14:10,18574.15,0
2021-06-03 11:14:12,18575.85,0
2021-06-03 11:14:13,18575.15,0
2021-06-03 11:14:14,18576.05,0
2021-06-03 11:14:16,18575.5,0
2021-06-03 11:14:23,18582.0,0
2021-06-03 11:14:24,18581.8,0
2021-06-03 11:14:27,18583.4,0
2021-06-03 11:14:28,18583.6,0
2021-06-03 11:14:34,18586.5,0
2021-06-03 11:14:35,18584.4,0
2021-06-03 11:14:36,18583.75,0
2021-06-03 11:14:38,18583.55,0
2021-06-03 11:14:41,18584.05,0
2021-06-03 11:14:43,18585.3,0
2021-06-03 11:14:44,18585.45,0
2021-06-03 11:14:46,18580.9,0
2021-06-03 11:14:48,18584.35,0
2021-06-03 11:14:49,18581.95,0
2021-06-03 11:14:52,18583.9,0
2021-06-03 11:14:53,18582.9,0
2021-06-03 11:14:56,18584.9,0
2021-06-03 11:14:57,18583.35,0
2021-06-03 11:15:01,18583.45,0
2021-06-03 11:15:09,18582.25,0
2021-06-03 11:15:11,18584.2,0
2021-06-03 11:15:12,18583.45,0
2021-06-03 11:15:13,18582.7,0
2021-06-03 11:15:15,18581.55,0
2021-06-03 11:15:19,18580.3,0
2021-06-03 11:15:21,18578.2,0
2021-06-03 11:15:24,18574.3,0
2021-06-03 11:15:25,18578.4,0
2021-06-03 11:15:30,18576.8,0
2021-06-03 11:15:32,18575.45,0
2021-06-03 11:15:34,18578.25,0
2021-06-03 11:15:36,18579.85,0
2021-06-03 11:15:38,18577.3,0
2021-06-03 11:15:39,18575.55,0
2021-06-03 11:15:41,18575.75,0
2021-06-03 11:15:42,18577.85,0
2021-06-03 11:15:43,18576.7,0
2021-06-03 11:15:44,18585.05,0
2021-06-03 11:15:45,18584.8,0
2021-06-03 11:15:46,18581.2,0
2021-06-03 11:15:48,18580.7,0
2021-06-03 11:15:49,18582.8,0
2021-06-03 11:15:50,18583.7,0
2021-06-03 11:15:52,18581.15,0
2021-06-03 11:15:59,18577.6,0
2021-06-03 11:16:00,18578.0,0
2021-06-03 11:16:03,18580.7,0
2021-06-03 11:16:05,18581.05,0
2021-06-03 11:16:06,18578.65,0
2021-06-03 11:16:09,18581.5,0
2021-06-03 11:16:10,18577.25,0
2021-06-03 11:16:11,18576.7,0
2021-06-03 11:16:18,18576.55,0
2021-06-03 11:16:24,18578.25,0
2021-06-03 11:16:30,18579.0,0
2021-06-03 11:16:36,18574.85,0
2021-06-03 11:16:38,18579.7,0
2021-06-03 11:16:40,18577.05,0
2021-06-03 11:16:46,18576.95,0
2021-06-03 11:16:47,18577.75,0
2021-06-03 11:16:48,18576.35,0
2021-06-03 11:16:53,18573.95,0
2021-06-03 11:16:54,18574.5,0
2021-06-03 11:16:59,18572.75,0
2021-06-03 11:17:01,18573.25,0
2021-06-03 11:17:03,18570.3,0
2021-06-03 11:17:04,18574.1,0
2021-06-03 11:17:06,18573.95,0
2021-06-03 11:17:08,18574.3,0
2021-06-03 11:17:11,18573.25,0
2021-06-03 11:17:13,18575.3,0
2021-06-03 11:17:14,18573.35,0
2021-06-03 11:17:19,18573.0,0
2021-06-03 11:17:20,18574.4,0
2021-06-03 11:17:22,18573.45,0
2021-06-03 11:17:26,18573.3,0
2021-06-03 11:17:29,18574.2,0
2021-06-03 11:17:30,18571.7,0
2021-06-03 11:17:33,18571.4,0
2021-06-03 11:17:35,18571.5,0
2021-06-03 11:17:39,18571.75,0
2021-06-03 11:17:45,18572.85,0
2021-06-03 11:17:48,18573.2,0
2021-06-03 11:17:49,18573.5,0
2021-06-03 11:17:51,18576.25,0
2021-06-03 11:17:52,18577.4,0
2021-06-03 11:17:53,18578.65,0
2021-06-03 11:17:55,18577.25,0
2021-06-03 11:17:57,18578.8,0
2021-06-03 11:17:58,18579.25,0
2021-06-03 11:18:00,18577.8,0
2021-06-03 11:18:01,18579.3,0
2021-06-03 11:18:02,18578.15,0
2021-06-03 11:18:03,18576.75,0
2021-06-03 11:18:04,18579.05,0
2021-06-03 11:18:05,18578.65,0
2021-06-03 11:18:09,18580.45,0
2021-06-03 11:18:11,18579.95,0
2021-06-03 11:18:13,18580.35,0
2021-06-03 11:18:18,18579.15,0
2021-06-03 11:18:21,18578.8,0
2021-06-03 11:18:23,18576.35,0
2021-06-03 11:18:24,18578.4,0
2021-06-03 11:18:25,18577.3,0
2021-06-03 11:18:26,18579.95,0
2021-06-03 11:18:27,18581.8,0
2021-06-03 11:18:28,18580.05,0
2021-06-03 11:18:31,18579.6,0
2021-06-03 11:18:35,18579.35,0
2021-06-03 11:18:36,18581.4,0
2021-06-03 11:18:38,18583.85,0
2021-06-03 11:18:39,18583.7,0
2021-06-03 11:18:40,18579.55,0
2021-06-03 11:18:42,18582.2,0
2021-06-03 11:18:43,18583.35,0
2021-06-03 11:18:51,18585.7,0
2021-06-03 11:18:53,18583.9,0
2021-06-03 11:18:56,18582.65,0
2021-06-03 11:18:59,18584.2,0
2021-06-03 11:19:00,18581.65,0
2021-06-03 11:19:11,18584.55,0
2021-06-03 11:19:13,18586.8,0
2021-06-03 11:19:14,18585.05,0
2021-06-03 11:19:15,18585.35,0
2021-06-03 11:19:16,18584.95,0
2021-06-03 11:19:19,18588.4,0
2021-06-03 11:19:20,18587.75,0
2021-06-03 11:19:21,18590.55,0
2021-06-03 11:19:22,18588.6,0
2021-06-03 11:19:24,18585.45,0
2021-06-03 11:19:25,18586.05,0
2021-06-03 11:19:28,18585.55,0
2021-06-03 11:19:29,18585.7,0
2021-06-03 11:19:30,18588.3,0
2021-06-03 11:19:32,18583.75,0
2021-06-03 11:19:35,18585.6,0
2021-06-03 11:19:36,18584.35,0
2021-06-03 11:19:37,18584.3,0
2021-06-03 11:19:39,18585.45,0
2021-06-03 11:19:42,18585.2,0
2021-06-03 11:19:48,18587.35,0
2021-06-03 11:19:49,18586.8,0
2021-06-03 11:19:52,18591.1,0
2021-06-03 11:19:57,18593.25,0
2021-06-03 11:19:58,18595.1,0
2021-06-03 11:19:59,18594.5,0
2021-06-03 11:20:04,18596.1,0
2021-06-03 11:20:06,18593.65,0
2021-06-03 11:20:10,18595.8,0
2021-06-03 11:20:12,18594.9,0
2021-06-03 11:20:13,18595.55,0
2021-06-03 11:20:14,18596.8,0
2021-06-03 11:20:15,18594.45,0
2021-06-03 11:20:17,18594.5,0
2021-06-03 11:20:19,18594.75,0
2021-06-03 11:20:22,18594.0,0
2021-06-03 11:20:25,18591.3,0
2021-06-03 11:20:29,18591.5,0
2021-06-03 11:20:34,18596.75,0
2021-06-03 11:20:35,18595.65,0
2021-06-03 11:20:37,18595.55,0
2021-06-03 11:20:40,18594.0,0
2021-06-03 11:20:43,18597.9,0
2021-06-03 11:20:53,18599.6,0
2021-06-03 11:20:55,18603.05,0
2021-06-03 11:20:58,18602.9,0
2021-06-03 11:20:59,18607.15,0
2021-06-03 11:21:02,18606.7,0
2021-06-03 11:21:04,18608.95,0
2021-06-03 11:21:06,18607.9,0
2021-06-03 11:21:08,18610.9,0
2021-06-03 11:21:11,18611.8,0
2021-06-03 11:21:14,18609.8,0
2021-06-03 11:21:18,18608.35,0
2021-06-03 11:21:20,18609.8,0
2021-06-03 11:21:23,18604.9,0
2021-06-03 11:21:25,18600.7,0
2021-06-03 11:21:27,18602.25,0
2021-06-03 11:21:32,18600.95,0
2021-06-03 11:21:33,18601.2,0
2021-06-03 11:21:39,18601.55,0
2021-06-03 11:21:42,18602.65,0
2021-06-03 11:21:47,18604.75,0
2021-06-03 11:21:48,18603.25,0
2021-06-03 11:21:50,18599.75,0
2021-06-03 11:21:52,18604.35,0
2021-06-03 11:21:53,18605.55,0
2021-06-03 11:21:54,18604.5,0
2021-06-03 11:21:58,18603.5,0
2021-06-03 11:22:00,18604.5,0
2021-06-03 11:22:03,18605.6,0
2021-06-03 11:22:10,18601.25,0
2021-06-03 11:22:15,18603.05,0
2021-06-03 11:22:18,18599.95,0
2021-06-03 11:22:21,18600.6,0
2021-06-03 11:22:23,18601.05,0
2021-06-03 11:22:26,18598.05,0
2021-06-03 11:22:28,18602.3,0
2021-06-03 11:22:30,18603.2,0
2021-06-03 11:22:37,18600.65,0
2021-06-03 11:22:38,18601.05,0
2021-06-03 11:22:39,18601.45,0
2021-06-03 11:22:40,18602.6,0
2021-06-03 11:22:42,18600.25,0
2021-06-03 11:22:46,18599.15,0
2021-06-03 11:22:47,18599.9,0
2021-06-03 11:22:50,18599.6,0
2021-06-03 11:22:51,18595.8,0
2021-06-03 11:22:54,18597.6,0
2021-06-03 11:22:56,18597.75,0
2021-06-03 11:22:58,18597.55,0
2021-06-03 11:22:59,18598.25,0
2021-06-03 11:23:00,18597.5,0
2021-06-03 11:23:13,18600.85,0
2021-06-03 11:23:21,18601.55,0
2021-06-03 11:23:22,18601.05,0
2021-06-03 11:23:24,18600.85,0
2021-06-03 11:23:26,18601.3,0
2021-06-03 11:23:27,18602.55,0
2021-06-03 11:23:31,18599.1,0
2021-06-03 11:23:32,18599.9,0
2021-06-03 11:23:33,18602.85,0
2021-06-03 11:23:36,18599.85,0
2021-06-03 11:23:37,18597.8,0
2021-06-03 11:23:38,18597.9,0
2021-06-03 11:23:39,18598.7,0
2021-06-03 11:23:40,18594.55,0
2021-06-03 11:23:41,18596.1,0
2021-06-03 11:23:48,18596.65,0
2021-06-03 11:23:55,18591.05,0
2021-06-03 11:23:58,18594.7,0
2021-06-03 11:24:00,18592.4,0
2021-06-03 11:24:02,18591.35,0
2021-06-03 11:24:04,18592.15,0
2021-06-03 11:24:05,18594.3,0
2021-06-03 11:24:08,18595.7,0
2021-06-03 11:24:14,18593.7,0
2021-06-03 11:24:15,18594.15,0
2021-06-03 11:24:19,18594.1,0
2021-06-03 11:24:20,18592.65,0
2021-06-03 11:24:22,18593.9,0
2021-06-03 11:24:29,18590.9,0
2021-06-03 11:24:32,18589.65,0
2021-06-03 11:24:34,18589.3,0
2021-06-03 11:24:36,18590.95,0
2021-06-03 11:24:37,18588.95,0
2021-06-03 11:24:38,18590.9,0
2021-06-03 11:24:39,18591.5,0
2021-06-03 11:24:40,18589.5,0
2021-06-03 11:24:47,18589.2,0
2021-06-03 11:24:48,18587.9,0
2021-06-03 11:24:54,18595.3,0
2021-06-03 11:24:56,18595.35,0
2021-06-03 11:24:57,18594.25,0
2021-06-03 11:24:58,18596.4,0
2021-06-03 11:25:00,18593.95,0
2021-06-03 11:25:01,18593.15,0
2021-06-03 11:25:07,18594.85,0
2021-06-03 11:25:10,18597.2,0
2021-06-03 11:25:11,18598.15,0
2021-06-03 11:25:13,18598.3,0
2021-06-03 11:25:15,18601.9,0
2021-06-03 11:25:17,18600.5,0
2021-06-03 11:25:19,18602.85,0
2021-06-03 11:25:20,18600.9,0
2021-06-03 11:25:21,18601.35,0
2021-06-03 11:25:23,18600.1,0
2021-06-03 11:25:29,18599.65,0
2021-06-03 11:25:31,18600.65,0
2021-06-03 11:25:34,18597.4,0
2021-06-03 11:25:36,18597.5,0
2021-06-03 11:25:38,18598.15,0
2021-06-03 11:25:41,18594.8,0
2021-06-03 11:25:43,18600.1,0
2021-06-03 11:25:46,18598.4,0
2021-06-03 11:25:50,18596.9,0
2021-06-03 11:25:56,18603.9,0
2021-06-03 11:25:57,18608.65,0
2021-06-03 11:25:59,18608.0,0
2021-06-03 11:26:00,18606.75,0
2021-06-03 11:26:02,18611.35,0
2021-06-03 11:26:03,18612.45,0
2021-06-03 11:26:06,18609.55,0
2021-06-03 11:26:09,18608.8,0
2021-06-03 11:26:12,18602.95,0
2021-06-03 11:26:16,18605.6,0
2021-06-03 11:26:17,18606.15,0
2021-06-03 11:26:20,18602.75,0
2021-06-03 11:26:24,18604.55,0
2021-06-03 11:26:25,18605.25,0
2021-06-03 11:26:30,18605.35,0
2021-06-03 11:26:32,18604.1,0
2021-06-03 11:26:36,18603.85,0
2021-06-03 11:26:37,18606.35,0
2021-06-03 11:26:38,18608.95,0
2021-06-03 11:26:40,18608.5,0
2021-06-03 11:26:42,18607.8,0
2021-06-03 11:26:46,18608.1,0
2021-06-03 11:26:47,18608.3,0
2021-06-03 11:26:50,18611.0,0
2021-06-03 11:26:56,18615.5,0
2021-06-03 11:26:58,18617.5,0
2021-06-03 11:27:00,18619.2,0
2021-06-03 11:27:01,18616.9,0
2021-06-03 11:27:03,18620.3,0
2021-06-03 11:27:11,18619.05,0
2021-06-03 11:27:12,18618.75,0
2021-06-03 11:27:13,18617.6,0
2021-06-03 11:27:15,18618.55,0
2021-06-03 11:27:17,18619.6,0
2021-06-03 11:27:32,18615.6,0
2021-06-03 11:27:34,18615.4,0
2021-06-03 11:27:37,18610.85,0
2021-06-03 11:27:45,18611.05,0
2021-06-03 11:27:48,18610.9,0
2021-06-03 11:27:53,18609.65,0
2021-06-03 11:27:54,18613.4,0
2021-06-03 11:27:59,18614.6,0
2021-06-03 11:28:02,18614.0,0
2021-06-03 11:28:06,18615.35,0
2021-06-03 11:28:07,18616.4,0
2021-06-03 11:28:09,18618.2,0
2021-06-03 11:28:11,18619.1,0
2021-06-03 11:28:17,18620.5,0
2021-06-03 11:28:22,18620.75,0
2021-06-03 11:28:25,18623.5,0
2021-06-03 11:28:27,18617.75,0
2021-06-03 11:28:28,18617.45,0
2021-06-03 11:28:32,18621.2,0
2021-06-03 11:28:37,18621.5,0
2021-06-03 11:28:40,18619.1,0
2021-06-03 11:28:41,18618.75,0
2021-06-03 11:28:43,18621.55,0
2021-06-03 11:28:44,18619.5,0
2021-06-03 11:28:46,18618.75,0
2021-06-03 11:28:49,18620.5,0
2021-06-03 11:28:51,18616.7,0
2021-06-03 11:28:52,18618.35,0
2021-06-03 11:28:54,18619.4,0
2021-06-03 11:28:56,18617.0,0
2021-06-03 11:28:59,18619.15,0
2021-06-03 11:29:01,18618.9,0
2021-06-03 11:29:07,18618.25,0
2021-06-03 11:29:09,18617.05,0
2021-06-03 11:29:10,18617.0,0
2021-06-03 11:29:13,18619.2,0
2021-06-03 11:29:15,18616.5,0
2021-06-03 11:29:17,18617.2,0
2021-06-03 11:29:18,18616.5,0
2021-06-03 11:29:22,18614.25,0
2021-06-03 11:29:24,18615.0,0
2021-06-03 11:29:26,18614.35,0
2021-06-03 11:29:28,18614.45,0
2021-06-03 11:29:29,18614.8,0
2021-06-03 11:29:31,18612.25,0
2021-06-03 11:29:33,18615.45,0
2021-06-03 11:29:35,18610.7,0
2021-06-03 11:29:36,18610.35,0
2021-06-03 11:29:38,18611.5,0
2021-06-03 11:29:41,18612.2,0
2021-06-03 11:29:43,18615.65,0
2021-06-03 11:29:46,18614.05,0
2021-06-03 11:29:47,18611.75,0
2021-06-03 11:29:48,18611.75,0
2021-06-03 11:29:52,18612.25,0
2021-06-03 11:29:54,18612.85,0
2021-06-03 11:29:55,18612.55,0
2021-06-03 11:29:57,18611.75,0
2021-06-03 11:29:58,18611.0,0
2021-06-03 11:29:59,18612.1,0
2021-06-03 11:30:03,18610.3,0
2021-06-03 11:30:04,18608.65,0
2021-06-03 11:30:06,18607.85,0
2021-06-03 11:30:10,18608.6,0
2021-06-03 11:30:12,18609.8,0
2021-06-03 11:30:17,18609.75,0
2021-06-03 11:30:18,18607.3,0
2021-06-03 11:30:19,18609.2,0
2021-06-03 11:30:24,18609.35,0
2021-06-03 11:30:26,18611.85,0
2021-06-03 11:30:28,18612.55,0
2021-06-03 11:30:29,18614.7,0
2021-06-03 11:30:32,18611.4,0
2021-06-03 11:30:33,18609.6,0
2021-06-03 11:30:35,18612.9,0
2021-06-03 11:30:38,18610.0,0
2021-06-03 11:30:41,18608.8,0
2021-06-03 11:30:43,18609.3,0
2021-06-03 11:30:44,18609.45,0
2021-06-03 11:30:46,18608.15,0
2021-06-03 11:30:49,18611.3,0
2021-06-03 11:30:52,18608.1,0
2021-06-03 11:30:53,18609.1,0
2021-06-03 11:30:55,18609.1,0
2021-06-03 11:30:56,18608.9,0
2021-06-03 11:30:58,18606.65,0
2021-06-03 11:30:59,18608.2,0
2021-06-03 11:31:03,18605.05,0
2021-06-03 11:31:05,18604.95,0
2021-06-03 11:31:06,18606.35,0
2021-06-03 11:31:07,18607.35,0
2021-06-03 11:31:14,18602.1,0
2021-06-03 11:31:15,18601.1,0
2021-06-03 11:31:18,18600.55,0
2021-06-03 11:31:19,18602.1,0
2021-06-03 11:31:22,18601.3,0
2021-06-03 11:31:25,18602.4,0
2021-06-03 11:31:28,18601.8,0
2021-06-03 11:31:30,18599.85,0
2021-06-03 11:31:33,18599.85,0
2021-06-03 11:31:34,18598.85,0
2021-06-03 11:31:36,18599.3,0
2021-06-03 11:31:38,18599.5,0
2021-06-03 11:31:39,18599.15,0
2021-06-03 11:31:40,18596.55,0
2021-06-03 11:31:41,18596.15,0
2021-06-03 11:31:43,18599.05,0
2021-06-03 11:31:46,18596.9,0
2021-06-03 11:31:49,18596.35,0
2021-06-03 11:31:52,18595.65,0
2021-06-03 11:31:58,18599.7,0
2021-06-03 11:32:04,18597.3,0
2021-06-03 11:32:07,18598.4,0
2021-06-03 11:32:08,18595.7,0
2021-06-03 11:32:13,18595.1,0
2021-06-03 11:32:15,18594.55,0
2021-06-03 11:32:17,18596.25,0
2021-06-03 11:32:21,18590.8,0
2021-06-03 11:32:23,18592.2,0
2021-06-03 11:32:25,18596.15,0
2021-06-03 11:32:35,18601.7,0
2021-06-03 11:32:39,18600.05,0
2021-06-03 11:32:42,18601.5,0
2021-06-03 11:32:43,18600.65,0
2021-06-03 11:32:46,18598.45,0
2021-06-03 11:32:47,18602.3,0
2021-06-03 11:32:50,18600.55,0
2021-06-03 11:32:56,18600.05,0
2021-06-03 11:32:57,18600.8,0
2021-06-03 11:32:58,18600.0,0
2021-06-03 11:32:59,18599.15,0
2021-06-03 11:33:00,18600.95,0
2021-06-03 11:33:07,18599.2,0
2021-06-03 11:33:10,18600.0,0
2021-06-03 11:33:11,18599.75,0
2021-06-03 11:33:12,18598.45,0
2021-06-03 11:33:16,18602.2,0
2021-06-03 11:33:17,18604.75,0
2021-06-03 11:33:20,18601.35,0
2021-06-03 11:33:22,18600.5,0
2021-06-03 11:33:23,18599.75,0
2021-06-03 11:33:28,18599.85,0
2021-06-03 11:33:29,18601.75,0
2021-06-03 11:33:32,18600.3,0
2021-06-03 11:33:36,18602.0,0
2021-06-03 11:33:38,18602.45,0
2021-06-03 11:33:40,18601.7,0
2021-06-03 11:33:41,18605.15,0
2021-06-03 11:33:42,18604.7,0
2021-06-03 11:33:44,18610.7,0
2021-06-03 11:33:46,18611.2,0
2021-06-03 11:33:50,18611.6,0
2021-06-03 11:33:54,18611.0,0
2021-06-03 11:33:57,18613.5,0
2021-06-03 11:33:59,18615.15,0
2021-06-03 11:34:02,18620.8,0
2021-06-03 11:34:08,18621.55,0
2021-06-03 11:34:09,18628.95,0
2021-06-03 11:34:12,18628.1,0
2021-06-03 11:34:15,18626.0,0
2021-06-03 11:34:16,18627.55,0
2021-06-03 11:34:18,18626.45,0
2021-06-03 11:34:20,18624.6,0
2021-06-03 11:34:23,18621.85,0
2021-06-03 11:34:24,18621.9,0
2021-06-03 11:34:26,18624.5,0
2021-06-03 11:34:27,18624.5,0
2021-06-03 11:34:28,18623.05,0
2021-06-03 11:34:35,18622.7,0
2021-06-03 11:34:36,18623.05,0
2021-06-03 11:34:37,18623.75,0
2021-06-03 11:34:42,18626.05,0
2021-06-03 11:34:43,18623.9,0
2021-06-03 11:34:48,18621.35,0
2021-06-03 11:34:49,18623.05,0
2021-06-03 11:34:52,18622.3,0
2021-06-03 11:34:53,18623.6,0
2021-06-03 11:34:56,18624.9,0
2021-06-03 11:35:01,18625.8,0
2021-06-03 11:35:02,18624.35,0
2021-06-03 11:35:03,18626.45,0
2021-06-03 11:35:06,18629.8,0
2021-06-03 11:35:08,18630.05,0
2021-06-03 11:35:13,18630.55,0
2021-06-03 11:35:15,18627.75,0
2021-06-03 11:35:17,18627.1,0
2021-06-03 11:35:18,18626.5,0
2021-06-03 11:35:22,18622.55,0
2021-06-03 11:35:23,18622.35,0
2021-06-03 11:35:24,18622.95,0
2021-06-03 11:35:27,18622.55,0
2021-06-03 11:35:32,18624.35,0
2021-06-03 11:35:36,18619.55,0
2021-06-03 11:35:44,18620.85,0
2021-06-03 11:35:53,18622.0,0
2021-06-03 11:35:55,18623.05,0
2021-06-03 11:35:59,18628.05,0
2021-06-03 11:36:01,18628.0,0
2021-06-03 11:36:02,18623.65,0
2021-06-03 11:36:04,18627.4,0
2021-06-03 11:36:06,18623.1,0
2021-06-03 11:36:10,18624.35,0
2021-06-03 11:36:12,18623.0,0
2021-06-03 11:36:13,18623.15,0
2021-06-03 11:36:16,18629.6,0
2021-06-03 11:36:17,18628.6,0
2021-06-03 11:36:18,18627.5,0
2021-06-03 11:36:24,18627.4,0
2021-06-03 11:36:25,18626.6,0
2021-06-03 11:36:26,18629.6,0
2021-06-03 11:36:28,18628.35,0
2021-06-03 11:36:30,18631.5,0
2021-06-03 11:36:31,18629.6,0
2021-06-03 11:36:35,18629.65,0
2021-06-03 11:36:43,18630.9,0
2021-06-03 11:36:48,18632.35,0
2021-06-03 11:36:49,18630.25,0
2021-06-03 11:36:52,18632.05,0
2021-06-03 11:36:53,18630.65,0
2021-06-03 11:36:56,18635.15,0
2021-06-03 11:36:59,18636.55,0
2021-06-03 11:37:00,18635.55,0
2021-06-03 11:37:01,18634.35,0
2021-06-03 11:37:03,18636.6,0
2021-06-03 11:37:04,18637.15,0
2021-06-03 11:37:05,18637.25,0
2021-06-03 11:37:06,18637.6,0
2021-06-03 11:37:07,18636.75,0
2021-06-03 11:37:08,18636.85,0
2021-06-03 11:37:09,18637.05,0
2021-06-03 11:37:11,18631.75,0
2021-06-03 11:37:18,18636.55,0
2021-06-03 11:37:19,18636.8,0
2021-06-03 11:37:20,18635.4,0
2021-06-03 11:37:21,18632.85,0
2021-06-03 11:37:22,18633.55,0
2021-06-03 11:37:23,18634.5,0
2021-06-03 11:37:29,18635.2,0
2021-06-03 11:37:30,18632.85,0
2021-06-03 11:37:31,18635.3,0
2021-06-03 11:37:32,18635.5,0
2021-06-03 11:37:34,18632.95,0
2021-06-03 11:37:38,18634.5,0
2021-06-03 11:37:44,18635.0,0
2021-06-03 11:37:45,18633.05,0
2021-06-03 11:37:46,18633.5,0
2021-06-03 11:37:50,18631.55,0
2021-06-03 11:37:57,18627.55,0
2021-06-03 11:37:59,18629.8,0
2021-06-03 11:38:00,18628.1,0
2021-06-03 11:38:04,18626.1,0
2021-06-03 11:38:06,18627.45,0
2021-06-03 11:38:07,18629.1,0
2021-06-03 11:38:09,18629.1,0
2021-06-03 11:38:11,18626.2,0
2021-06-03 11:38:12,18626.05,0
2021-06-03 11:38:17,18628.3,0
2021-06-03 11:38:22,18633.4,0
2021-06-03 11:38:23,18631.2,0
2021-06-03 11:38:26,18630.15,0
2021-06-03 11:38:27,18632.25,0
2021-06-03 11:38:28,18633.65,0
2021-06-03 11:38:29,18632.2,0
2021-06-03 11:38:33,18633.85,0
2021-06-03 11:38:35,18631.2,0
2021-06-03 11:38:37,18631.4,0
2021-06-03 11:38:38,18630.85,0
2021-06-03 11:38:39,18631.3,0
2021-06-03 11:38:42,18633.0,0
2021-06-03 11:38:43,18632.9,0
2021-06-03 11:38:45,18632.95,0
2021-06-03 11:38:47,18631.6,0
2021-06-03 11:38:53,18637.35,0
2021-06-03 11:38:56,18639.0,0
2021-06-03 11:38:57,18640.6,0
2021-06-03 11:38:58,18637.0,0
2021-06-03 11:38:59,18637.75,0
2021-06-03 11:39:01,18641.9,0
2021-06-03 11:39:04,18638.75,0
2021-06-03 11:39:05,18640.9,0
2021-06-03 11:39:06,18638.1,0
2021-06-03 11:39:09,18639.55,0
2021-06-03 11:39:11,18638.5,0
2021-06-03 11:39:12,18639.85,0
2021-06-03 11:39:14,18638.7,0
2021-06-03 11:39:16,18638.95,0
2021-06-03 11:39:17,18639.45,0
2021-06-03 11:39:18,18635.95,0
2021-06-03 11:39:21,18634.2,0
2021-06-03 11:39:27,18638.95,0
2021-06-03 11:39:30,18639.25,0
2021-06-03 11:39:33,18636.4,0
2021-06-03 11:39:35,18636.25,0
2021-06-03 11:39:36,18637.4,0
2021-06-03 11:39:43,18638.9,0
2021-06-03 11:39:47,18638.75,0
2021-06-03 11:39:48,18639.0,0
2021-06-03 11:39:53,18641.35,0
2021-06-03 11:39:54,18642.0,0
2021-06-03 11:39:55,18644.3,0
2021-06-03 11:39:57,18641.25,0
2021-06-03 11:40:00,18645.65,0
2021-06-03 11:40:07,18643.7,0
2021-06-03 11:40:08,18643.3,0
2021-06-03 11:40:10,18643.3,0
2021-06-03 11:40:11,18642.05,0
2021-06-03 11:40:13,18641.5,0
2021-06-03 11:40:14,18637.85,0
2021-06-03 11:40:16,18641.1,0
2021-06-03 11:40:17,18641.1,0
2021-06-03 11:40:18,18640.75,0
2021-06-03 11:40:23,18640.2,0
2021-06-03 11:40:26,18637.3,0
2021-06-03 11:40:29,18640.25,0
2021-06-03 11:40:35,18642.25,0
2021-06-03 11:40:40,18641.1,0
2021-06-03 11:40:42,18642.35,0
2021-06-03 11:40:45,18644.1,0
2021-06-03 11:40:49,18643.8,0
2021-06-03 11:40:50,18644.3,0
2021-06-03 11:40:51,18643.4,0
2021-06-03 11:40:58,18639.35,0
2021-06-03 11:41:02,18641.45,0
2021-06-03 11:41:03,18640.45,0
2021-06-03 11:41:08,18646.45,0
2021-06-03 11:41:09,18642.5,0
2021-06-03 11:41:12,18644.75,0
2021-06-03 11:41:17,18643.05,0
2021-06-03 11:41:21,18644.45,0
2021-06-03 11:41:22,18648.5,0
2021-06-03 11:41:33,18647.85,0
2021-06-03 11:41:38,18644.6,0
2021-06-03 11:41:41,18644.75,0
2021-06-03 11:41:47,18645.0,0
2021-06-03 11:41:48,18646.9,0
2021-06-03 11:41:49,18644.55,0
2021-06-03 11:41:53,18644.6,0
2021-06-03 11:42:01,18643.45,0
2021-06-03 11:42:05,18643.55,0
2021-06-03 11:42:06,18642.4,0
2021-06-03 11:42:09,18644.85,0
2021-06-03 11:42:16,18646.5,0
2021-06-03 11:42:21,18643.55,0
2021-06-03 11:42:22,18641.35,0
2021-06-03 11:42:23,18641.5,0
2021-06-03 11:42:25,18641.15,0
2021-06-03 11:42:27,18641.7,0
2021-06-03 11:42:28,18643.35,0
2021-06-03 11:42:29,18642.3,0
2021-06-03 11:42:32,18644.2,0
2021-06-03 11:42:35,18644.8,0
2021-06-03 11:42:37,18643.1,0
2021-06-03 11:42:38,18642.05,0
2021-06-03 11:42:43,18644.85,0
2021-06-03 11:42:45,18642.45,0
2021-06-03 11:42:46,18642.2,0
2021-06-03 11:42:47,18643.65,0
2021-06-03 11:42:48,18642.25,0
2021-06-03 11:42:50,18641.65,0
2021-06-03 11:42:52,18640.4,0
2021-06-03 11:42:56,18637.9,0
2021-06-03 11:42:57,18637.95,0
2021-06-03 11:42:59,18639.75,0
2021-06-03 11:43:00,18640.55,0
2021-06-03 11:43:03,18637.95,0
2021-06-03 11:43:06,18641.65,0
2021-06-03 11:43:08,18641.05,0
2021-06-03 11:43:09,18637.65,0
