timestamp,ltp,volume
2021-06-03 09:15:48,342.25,0
2021-06-03 09:16:02,341.9,0
2021-06-03 09:16:03,342.0,0
2021-06-03 09:16:04,342.05,0
2021-06-03 09:16:05,341.95,0
2021-06-03 09:16:06,342.2,0
2021-06-03 09:16:07,342.2,0
2021-06-03 09:16:08,342.15,0
2021-06-03 09:16:09,342.15,0
2021-06-03 09:16:10,342.3,0
2021-06-03 09:16:11,342.15,0
2021-06-03 09:16:12,342.1,0
2021-06-03 09:16:15,342.1,0
2021-06-03 09:16:16,342.1,0
2021-06-03 09:16:17,342.1,0
2021-06-03 09:16:18,342.05,0
2021-06-03 09:16:19,342.0,0
2021-06-03 09:16:20,342.05,0
2021-06-03 09:16:21,341.95,0
2021-06-03 09:16:23,342.05,0
2021-06-03 09:16:24,342.1,0
2021-06-03 09:16:25,342.1,0
2021-06-03 09:16:26,342.2,0
2021-06-03 09:16:27,342.2,0
2021-06-03 09:16:29,342.25,0
2021-06-03 09:16:30,342.2,0
2021-06-03 09:16:32,342.15,0
2021-06-03 09:16:34,342.15,0
2021-06-03 09:16:35,342.15,0
2021-06-03 09:16:38,342.25,0
2021-06-03 09:16:39,342.25,0
2021-06-03 09:16:40,342.15,0
2021-06-03 09:16:41,342.05,0
2021-06-03 09:16:42,342.0,0
2021-06-03 09:16:43,342.1,0
2021-06-03 09:16:45,342.1,0
2021-06-03 09:16:46,342.2,0
2021-06-03 09:16:48,342.25,0
2021-06-03 09:16:49,342.15,0
2021-06-03 09:16:50,342.1,0
2021-06-03 09:16:51,342.15,0
2021-06-03 09:16:52,342.25,0
2021-06-03 09:16:54,342.4,0
2021-06-03 09:16:55,342.55,0
2021-06-03 09:16:56,342.45,0
2021-06-03 09:16:57,342.4,0
2021-06-03 09:16:58,342.45,0
2021-06-03 09:16:59,342.5,0
2021-06-03 09:17:00,342.45,0
2021-06-03 09:17:02,342.45,0
2021-06-03 09:17:03,342.45,0
2021-06-03 09:17:04,342.5,0
2021-06-03 09:17:05,342.4,0
2021-06-03 09:17:06,342.45,0
2021-06-03 09:17:07,342.45,0
2021-06-03 09:17:08,342.5,0
2021-06-03 09:17:09,342.65,0
2021-06-03 09:17:10,342.55,0
2021-06-03 09:17:11,342.65,0
2021-06-03 09:17:12,342.7,0
2021-06-03 09:17:13,342.6,0
2021-06-03 09:17:14,342.5,0
2021-06-03 09:17:15,342.6,0
2021-06-03 09:17:19,342.5,0
2021-06-03 09:17:20,342.45,0
2021-06-03 09:17:21,342.6,0
2021-06-03 09:17:22,342.55,0
2021-06-03 09:17:23,342.5,0
2021-06-03 09:17:24,342.45,0
2021-06-03 09:17:25,342.6,0
2021-06-03 09:17:26,342.6,0
2021-06-03 09:17:27,342.6,0
2021-06-03 09:17:30,342.55,0
2021-06-03 09:17:31,342.55,0
2021-06-03 09:17:32,342.6,0
2021-06-03 09:17:33,342.6,0
2021-06-03 09:17:34,342.55,0
2021-06-03 09:17:35,342.55,0
2021-06-03 09:17:36,342.5,0
2021-06-03 09:17:37,342.6,0
2021-06-03 09:17:38,342.55,0
2021-06-03 09:17:39,342.6,0
2021-06-03 09:17:40,342.6,0
2021-06-03 09:17:41,342.65,0
2021-06-03 09:17:42,342.7,0
2021-06-03 09:17:43,342.75,0
2021-06-03 09:17:45,342.75,0
2021-06-03 09:17:46,342.7,0
2021-06-03 09:17:48,342.75,0
2021-06-03 09:17:49,342.65,0
2021-06-03 09:17:51,342.65,0
2021-06-03 09:17:52,342.9,0
2021-06-03 09:17:53,342.8,0
2021-06-03 09:17:54,342.9,0
2021-06-03 09:17:55,342.8,0
2021-06-03 09:17:56,342.7,0
2021-06-03 09:17:58,342.75,0
2021-06-03 09:17:59,342.8,0
2021-06-03 09:18:01,342.8,0
2021-06-03 09:18:02,342.8,0
2021-06-03 09:18:03,342.85,0
2021-06-03 09:18:04,342.75,0
2021-06-03 09:18:06,342.85,0
2021-06-03 09:18:07,342.8,0
2021-06-03 09:18:08,342.8,0
2021-06-03 09:18:09,342.85,0
2021-06-03 09:18:10,342.9,0
2021-06-03 09:18:12,342.9,0
2021-06-03 09:18:13,342.85,0
2021-06-03 09:18:15,342.85,0
2021-06-03 09:18:16,342.8,0
2021-06-03 09:18:17,342.8,0
2021-06-03 09:18:18,342.7,0
2021-06-03 09:18:20,342.75,0
2021-06-03 09:18:21,342.75,0
2021-06-03 09:18:22,342.8,0
2021-06-03 09:18:23,342.75,0
2021-06-03 09:18:24,342.8,0
2021-06-03 09:18:26,342.75,0
2021-06-03 09:18:27,342.75,0
2021-06-03 09:18:28,342.75,0
2021-06-03 09:18:29,342.7,0
2021-06-03 09:18:30,342.75,0
2021-06-03 09:18:32,342.65,0
2021-06-03 09:18:33,342.7,0
2021-06-03 09:18:34,342.8,0
2021-06-03 09:18:35,342.8,0
2021-06-03 09:18:36,342.8,0
2021-06-03 09:18:37,342.9,0
2021-06-03 09:18:38,342.9,0
2021-06-03 09:18:39,342.8,0
2021-06-03 09:18:40,342.75,0
2021-06-03 09:18:41,342.75,0
2021-06-03 09:18:42,342.75,0
2021-06-03 09:18:44,342.85,0
2021-06-03 09:18:45,342.8,0
2021-06-03 09:18:46,342.8,0
2021-06-03 09:18:47,342.85,0
2021-06-03 09:18:48,342.85,0
2021-06-03 09:18:49,342.85,0
2021-06-03 09:18:50,342.7,0
2021-06-03 09:18:51,342.65,0
2021-06-03 09:18:52,342.8,0
2021-06-03 09:18:53,342.75,0
2021-06-03 09:18:54,342.7,0
2021-06-03 09:18:55,342.85,0
2021-06-03 09:18:56,342.75,0
2021-06-03 09:18:57,342.8,0
2021-06-03 09:18:59,342.75,0
2021-06-03 09:19:00,342.7,0
2021-06-03 09:19:01,342.7,0
2021-06-03 09:19:02,342.7,0
2021-06-03 09:19:04,342.8,0
2021-06-03 09:19:05,342.7,0
2021-06-03 09:19:06,342.7,0
2021-06-03 09:19:07,342.85,0
2021-06-03 09:19:08,342.85,0
2021-06-03 09:19:09,342.75,0
2021-06-03 09:19:10,342.7,0
2021-06-03 09:19:11,342.7,0
2021-06-03 09:19:12,342.65,0
2021-06-03 09:19:13,342.7,0
2021-06-03 09:19:14,342.65,0
2021-06-03 09:19:15,342.65,0
2021-06-03 09:19:16,342.7,0
2021-06-03 09:19:17,342.6,0
2021-06-03 09:19:18,342.65,0
2021-06-03 09:19:20,342.6,0
2021-06-03 09:19:21,342.65,0
2021-06-03 09:19:22,342.7,0
2021-06-03 09:19:23,342.7,0
2021-06-03 09:19:24,342.8,0
2021-06-03 09:19:25,342.8,0
2021-06-03 09:19:26,342.75,0
2021-06-03 09:19:27,342.75,0
2021-06-03 09:19:28,342.75,0
2021-06-03 09:19:29,342.9,0
2021-06-03 09:19:31,342.85,0
2021-06-03 09:19:32,342.8,0
2021-06-03 09:19:33,342.8,0
2021-06-03 09:19:34,342.75,0
2021-06-03 09:19:35,342.85,0
2021-06-03 09:19:36,342.9,0
2021-06-03 09:19:37,342.9,0
2021-06-03 09:19:38,342.85,0
2021-06-03 09:19:39,342.8,0
2021-06-03 09:19:41,342.8,0
2021-06-03 09:19:42,342.8,0
2021-06-03 09:19:43,342.75,0
2021-06-03 09:19:44,342.85,0
2021-06-03 09:19:45,342.85,0
2021-06-03 09:19:46,342.8,0
2021-06-03 09:19:47,342.8,0
2021-06-03 09:19:48,342.8,0
2021-06-03 09:19:49,342.75,0
2021-06-03 09:19:50,342.85,0
2021-06-03 09:19:51,342.8,0
2021-06-03 09:19:52,342.85,0
2021-06-03 09:19:53,342.8,0
2021-06-03 09:19:54,342.85,0
2021-06-03 09:19:55,342.9,0
2021-06-03 09:19:56,342.9,0
2021-06-03 09:19:57,342.95,0
2021-06-03 09:19:58,342.9,0
2021-06-03 09:19:59,342.75,0
2021-06-03 09:20:00,342.8,0
2021-06-03 09:20:01,342.8,0
2021-06-03 09:20:02,342.85,0
2021-06-03 09:20:04,342.75,0
2021-06-03 09:20:06,342.85,0
2021-06-03 09:20:07,342.95,0
2021-06-03 09:20:08,343.1,0
2021-06-03 09:20:09,343.0,0
2021-06-03 09:20:10,343.1,0
2021-06-03 09:20:11,343.15,0
2021-06-03 09:20:12,343.05,0
2021-06-03 09:20:13,343.1,0
2021-06-03 09:20:14,343.05,0
2021-06-03 09:20:15,343.2,0
2021-06-03 09:20:16,343.3,0
2021-06-03 09:20:17,343.35,0
2021-06-03 09:20:18,343.4,0
2021-06-03 09:20:19,343.4,0
2021-06-03 09:20:20,343.45,0
2021-06-03 09:20:21,343.35,0
2021-06-03 09:20:22,343.35,0
2021-06-03 09:20:23,343.3,0
2021-06-03 09:20:24,343.25,0
2021-06-03 09:20:25,343.3,0
2021-06-03 09:20:27,343.3,0
2021-06-03 09:20:28,343.25,0
2021-06-03 09:20:29,343.35,0
2021-06-03 09:20:30,343.3,0
2021-06-03 09:20:31,343.3,0
2021-06-03 09:20:32,343.35,0
2021-06-03 09:20:33,343.35,0
2021-06-03 09:20:34,343.35,0
2021-06-03 09:20:35,343.35,0
2021-06-03 09:20:36,343.25,0
2021-06-03 09:20:38,343.25,0
2021-06-03 09:20:41,343.35,0
2021-06-03 09:20:42,343.35,0
2021-06-03 09:20:43,343.4,0
2021-06-03 09:20:44,343.35,0
2021-06-03 09:20:45,343.35,0
2021-06-03 09:20:46,343.35,0
2021-06-03 09:20:47,343.35,0
2021-06-03 09:20:48,343.35,0
2021-06-03 09:20:50,343.3,0
2021-06-03 09:20:52,343.2,0
2021-06-03 09:20:53,343.25,0
2021-06-03 09:20:54,343.35,0
2021-06-03 09:20:55,343.3,0
2021-06-03 09:20:56,343.2,0
2021-06-03 09:20:58,343.3,0
2021-06-03 09:20:59,343.3,0
2021-06-03 09:21:00,343.3,0
2021-06-03 09:21:02,343.35,0
2021-06-03 09:21:04,343.3,0
2021-06-03 09:21:05,343.3,0
2021-06-03 09:21:09,343.25,0
2021-06-03 09:21:11,343.15,0
2021-06-03 09:21:13,343.1,0
2021-06-03 09:21:14,343.1,0
2021-06-03 09:21:15,343.15,0
2021-06-03 09:21:16,343.1,0
2021-06-03 09:21:17,343.2,0
2021-06-03 09:21:18,343.25,0
2021-06-03 09:21:21,343.25,0
2021-06-03 09:21:22,343.15,0
2021-06-03 09:21:24,343.2,0
2021-06-03 09:21:25,343.2,0
2021-06-03 09:21:26,343.15,0
2021-06-03 09:21:27,343.2,0
2021-06-03 09:21:28,343.2,0
2021-06-03 09:21:29,343.2,0
2021-06-03 09:21:30,343.3,0
2021-06-03 09:21:31,343.3,0
2021-06-03 09:21:32,343.25,0
2021-06-03 09:21:33,343.35,0
2021-06-03 09:21:34,343.25,0
2021-06-03 09:21:35,343.4,0
2021-06-03 09:21:36,343.4,0
2021-06-03 09:21:37,343.4,0
2021-06-03 09:21:38,343.35,0
2021-06-03 09:21:39,343.3,0
2021-06-03 09:21:41,343.4,0
2021-06-03 09:21:42,343.35,0
2021-06-03 09:21:43,343.35,0
2021-06-03 09:21:44,343.35,0
2021-06-03 09:21:45,343.35,0
2021-06-03 09:21:46,343.25,0
2021-06-03 09:21:47,343.35,0
2021-06-03 09:21:49,343.4,0
2021-06-03 09:21:50,343.45,0
2021-06-03 09:21:51,343.45,0
2021-06-03 09:21:52,343.45,0
2021-06-03 09:21:53,343.45,0
2021-06-03 09:21:55,343.5,0
2021-06-03 09:21:56,343.45,0
2021-06-03 09:21:57,343.5,0
2021-06-03 09:21:58,343.5,0
2021-06-03 09:21:59,343.5,0
2021-06-03 09:22:00,343.45,0
2021-06-03 09:22:01,343.45,0
2021-06-03 09:22:02,343.45,0
2021-06-03 09:22:03,343.5,0
2021-06-03 09:22:04,343.45,0
2021-06-03 09:22:05,343.5,0
2021-06-03 09:22:06,343.45,0
2021-06-03 09:22:07,343.4,0
2021-06-03 09:22:08,343.45,0
2021-06-03 09:22:09,343.45,0
2021-06-03 09:22:11,343.35,0
2021-06-03 09:22:13,343.15,0
2021-06-03 09:22:14,343.2,0
2021-06-03 09:22:18,343.3,0
2021-06-03 09:22:19,343.25,0
2021-06-03 09:22:21,343.3,0
2021-06-03 09:22:22,343.25,0
2021-06-03 09:22:23,343.3,0
2021-06-03 09:22:24,343.15,0
2021-06-03 09:22:25,343.15,0
2021-06-03 09:22:26,343.2,0
2021-06-03 09:22:28,343.15,0
2021-06-03 09:22:29,343.2,0
2021-06-03 09:22:30,343.2,0
2021-06-03 09:22:31,343.15,0
2021-06-03 09:22:32,343.2,0
2021-06-03 09:22:34,343.2,0
2021-06-03 09:22:35,343.25,0
2021-06-03 09:22:36,343.25,0
2021-06-03 09:22:37,343.2,0
2021-06-03 09:22:39,343.3,0
2021-06-03 09:22:40,343.2,0
2021-06-03 09:22:42,343.45,0
2021-06-03 09:22:44,343.5,0
2021-06-03 09:22:45,343.5,0
2021-06-03 09:22:46,343.55,0
2021-06-03 09:22:48,343.7,0
2021-06-03 09:22:49,343.65,0
2021-06-03 09:22:50,343.65,0
2021-06-03 09:22:51,343.7,0
2021-06-03 09:22:52,343.7,0
2021-06-03 09:22:53,343.65,0
2021-06-03 09:22:54,343.65,0
2021-06-03 09:22:55,343.6,0
2021-06-03 09:22:56,343.55,0
2021-06-03 09:22:57,343.55,0
2021-06-03 09:22:58,343.75,0
2021-06-03 09:22:59,343.75,0
2021-06-03 09:23:00,343.75,0
2021-06-03 09:23:01,343.7,0
2021-06-03 09:23:02,343.7,0
2021-06-03 09:23:04,343.8,0
2021-06-03 09:23:05,343.8,0
2021-06-03 09:23:06,343.8,0
2021-06-03 09:23:07,343.9,0
2021-06-03 09:23:08,343.85,0
2021-06-03 09:23:09,343.95,0
2021-06-03 09:23:10,343.95,0
2021-06-03 09:23:11,343.9,0
2021-06-03 09:23:12,343.95,0
2021-06-03 09:23:13,343.9,0
2021-06-03 09:23:14,344.0,0
2021-06-03 09:23:15,344.0,0
2021-06-03 09:23:17,344.0,0
2021-06-03 09:23:18,344.0,0
2021-06-03 09:23:19,344.0,0
2021-06-03 09:23:20,344.0,0
2021-06-03 09:23:21,344.0,0
2021-06-03 09:23:22,344.05,0
2021-06-03 09:23:23,344.0,0
2021-06-03 09:23:24,344.0,0
2021-06-03 09:23:25,343.95,0
2021-06-03 09:23:26,343.95,0
2021-06-03 09:23:27,343.85,0
2021-06-03 09:23:28,344.0,0
2021-06-03 09:23:29,343.95,0
2021-06-03 09:23:31,344.1,0
2021-06-03 09:23:32,344.05,0
2021-06-03 09:23:33,344.05,0
2021-06-03 09:23:34,344.05,0
2021-06-03 09:23:35,344.05,0
2021-06-03 09:23:36,344.05,0
2021-06-03 09:23:37,344.0,0
2021-06-03 09:23:38,344.0,0
2021-06-03 09:23:39,343.95,0
2021-06-03 09:23:40,344.0,0
2021-06-03 09:23:42,343.95,0
2021-06-03 09:23:43,344.0,0
2021-06-03 09:23:44,344.05,0
2021-06-03 09:23:45,344.0,0
2021-06-03 09:23:46,344.0,0
2021-06-03 09:23:48,344.0,0
2021-06-03 09:23:49,343.95,0
2021-06-03 09:23:50,343.95,0
2021-06-03 09:23:51,343.95,0
2021-06-03 09:23:52,343.95,0
2021-06-03 09:23:53,344.0,0
2021-06-03 09:23:54,344.0,0
2021-06-03 09:23:55,344.0,0
2021-06-03 09:23:56,344.1,0
2021-06-03 09:24:00,344.05,0
2021-06-03 09:24:01,343.95,0
2021-06-03 09:24:02,343.9,0
2021-06-03 09:24:03,344.05,0
2021-06-03 09:24:04,344.0,0
2021-06-03 09:24:05,344.1,0
2021-06-03 09:24:06,344.05,0
2021-06-03 09:24:07,344.05,0
2021-06-03 09:24:08,344.0,0
2021-06-03 09:24:09,344.05,0
2021-06-03 09:24:10,343.95,0
2021-06-03 09:24:12,344.1,0
2021-06-03 09:24:13,344.05,0
2021-06-03 09:24:14,344.0,0
2021-06-03 09:24:15,344.05,0
2021-06-03 09:24:16,344.15,0
2021-06-03 09:24:17,344.05,0
2021-06-03 09:24:18,344.05,0
2021-06-03 09:24:19,343.95,0
2021-06-03 09:24:20,344.0,0
2021-06-03 09:24:21,344.0,0
2021-06-03 09:24:22,344.0,0
2021-06-03 09:24:23,344.0,0
2021-06-03 09:24:24,344.1,0
2021-06-03 09:24:25,344.0,0
2021-06-03 09:24:26,343.95,0
2021-06-03 09:24:27,344.1,0
2021-06-03 09:24:29,344.05,0
2021-06-03 09:24:30,344.0,0
2021-06-03 09:24:31,344.05,0
2021-06-03 09:24:32,344.0,0
2021-06-03 09:24:33,344.05,0
2021-06-03 09:24:34,344.05,0
2021-06-03 09:24:35,344.05,0
2021-06-03 09:24:36,344.05,0
2021-06-03 09:24:37,344.2,0
2021-06-03 09:24:38,344.15,0
2021-06-03 09:24:39,344.05,0
2021-06-03 09:24:41,344.1,0
2021-06-03 09:24:42,344.1,0
2021-06-03 09:24:43,344.1,0
2021-06-03 09:24:44,344.15,0
2021-06-03 09:24:45,344.15,0
2021-06-03 09:24:46,344.2,0
2021-06-03 09:24:48,344.05,0
2021-06-03 09:24:49,344.05,0
2021-06-03 09:24:51,344.15,0
2021-06-03 09:24:53,344.05,0
2021-06-03 09:24:54,344.1,0
2021-06-03 09:24:55,344.1,0
2021-06-03 09:24:56,344.25,0
2021-06-03 09:24:57,344.2,0
2021-06-03 09:24:58,344.25,0
2021-06-03 09:24:59,344.3,0
2021-06-03 09:25:00,344.3,0
2021-06-03 09:25:01,344.35,0
2021-06-03 09:25:02,344.3,0
2021-06-03 09:25:04,344.3,0
2021-06-03 09:25:05,344.35,0
2021-06-03 09:25:06,344.45,0
2021-06-03 09:25:07,344.4,0
2021-06-03 09:25:09,344.45,0
2021-06-03 09:25:10,344.4,0
2021-06-03 09:25:11,344.35,0
2021-06-03 09:25:12,344.3,0
2021-06-03 09:25:13,344.3,0
2021-06-03 09:25:14,344.25,0
2021-06-03 09:25:15,344.35,0
2021-06-03 09:25:16,344.3,0
2021-06-03 09:25:17,344.4,0
2021-06-03 09:25:18,344.4,0
2021-06-03 09:25:19,344.35,0
2021-06-03 09:25:20,344.35,0
2021-06-03 09:25:21,344.3,0
2021-06-03 09:25:22,344.3,0
2021-06-03 09:25:23,344.35,0
2021-06-03 09:25:24,344.35,0
2021-06-03 09:25:25,344.3,0
2021-06-03 09:25:29,344.4,0
2021-06-03 09:25:30,344.45,0
2021-06-03 09:25:31,344.4,0
2021-06-03 09:25:32,344.45,0
2021-06-03 09:25:33,344.45,0
2021-06-03 09:25:34,344.4,0
2021-06-03 09:25:35,344.45,0
2021-06-03 09:25:36,344.45,0
2021-06-03 09:25:38,344.45,0
2021-06-03 09:25:39,344.5,0
2021-06-03 09:25:40,344.5,0
2021-06-03 09:25:41,344.55,0
2021-06-03 09:25:42,344.5,0
2021-06-03 09:25:43,344.45,0
2021-06-03 09:25:44,344.4,0
2021-06-03 09:25:45,344.45,0
2021-06-03 09:25:46,344.45,0
2021-06-03 09:25:47,344.5,0
2021-06-03 09:25:48,344.45,0
2021-06-03 09:25:49,344.5,0
2021-06-03 09:25:50,344.45,0
2021-06-03 09:25:51,344.5,0
2021-06-03 09:25:52,344.4,0
2021-06-03 09:25:56,344.45,0
2021-06-03 09:25:58,344.55,0
2021-06-03 09:26:00,344.4,0
2021-06-03 09:26:01,344.5,0
2021-06-03 09:26:02,344.4,0
2021-06-03 09:26:03,344.45,0
2021-06-03 09:26:04,344.45,0
2021-06-03 09:26:05,344.45,0
2021-06-03 09:26:06,344.65,0
2021-06-03 09:26:07,344.65,0
2021-06-03 09:26:09,344.4,0
2021-06-03 09:26:10,344.35,0
2021-06-03 09:26:11,344.45,0
2021-06-03 09:26:12,344.4,0
2021-06-03 09:26:13,344.45,0
2021-06-03 09:26:14,344.5,0
2021-06-03 09:26:15,344.55,0
2021-06-03 09:26:16,344.5,0
2021-06-03 09:26:17,344.4,0
2021-06-03 09:26:19,344.4,0
2021-06-03 09:26:20,344.35,0
2021-06-03 09:26:21,344.45,0
2021-06-03 09:26:22,344.5,0
2021-06-03 09:26:23,344.45,0
2021-06-03 09:26:24,344.4,0
2021-06-03 09:26:25,344.5,0
2021-06-03 09:26:26,344.45,0
2021-06-03 09:26:27,344.45,0
2021-06-03 09:26:29,344.45,0
2021-06-03 09:26:30,344.55,0
2021-06-03 09:26:32,344.5,0
2021-06-03 09:26:34,344.5,0
2021-06-03 09:26:35,344.55,0
2021-06-03 09:26:36,344.5,0
2021-06-03 09:26:37,344.45,0
2021-06-03 09:26:40,344.45,0
2021-06-03 09:26:41,344.4,0
2021-06-03 09:26:42,344.4,0
2021-06-03 09:26:43,344.4,0
2021-06-03 09:26:44,344.45,0
2021-06-03 09:26:45,344.45,0
2021-06-03 09:26:48,344.5,0
2021-06-03 09:26:49,344.5,0
2021-06-03 09:26:50,344.45,0
2021-06-03 09:26:51,344.55,0
2021-06-03 09:26:52,344.55,0
2021-06-03 09:26:53,344.5,0
2021-06-03 09:26:54,344.55,0
2021-06-03 09:26:55,344.5,0
2021-06-03 09:26:56,344.55,0
2021-06-03 09:26:57,344.5,0
2021-06-03 09:26:58,344.4,0
2021-06-03 09:27:00,344.45,0
2021-06-03 09:27:01,344.4,0
2021-06-03 09:27:02,344.4,0
2021-06-03 09:27:03,344.4,0
2021-06-03 09:27:04,344.5,0
2021-06-03 09:27:06,344.45,0
2021-06-03 09:27:07,344.4,0
2021-06-03 09:27:08,344.3,0
2021-06-03 09:27:09,344.35,0
2021-06-03 09:27:11,344.45,0
2021-06-03 09:27:14,344.4,0
2021-06-03 09:27:15,344.4,0
2021-06-03 09:27:16,344.45,0
2021-06-03 09:27:17,344.4,0
2021-06-03 09:27:18,344.45,0
2021-06-03 09:27:19,344.35,0
2021-06-03 09:27:20,344.45,0
2021-06-03 09:27:21,344.6,0
2021-06-03 09:27:22,344.5,0
2021-06-03 09:27:23,344.55,0
2021-06-03 09:27:24,344.55,0
2021-06-03 09:27:25,344.45,0
2021-06-03 09:27:27,344.45,0
2021-06-03 09:27:28,344.5,0
2021-06-03 09:27:29,344.3,0
2021-06-03 09:27:31,344.4,0
2021-06-03 09:27:32,344.35,0
2021-06-03 09:27:33,344.4,0
2021-06-03 09:27:34,344.35,0
2021-06-03 09:27:35,344.4,0
2021-06-03 09:27:36,344.45,0
2021-06-03 09:27:37,344.45,0
2021-06-03 09:27:38,344.45,0
2021-06-03 09:27:39,344.35,0
2021-06-03 09:27:40,344.4,0
2021-06-03 09:27:42,344.45,0
2021-06-03 09:27:44,344.4,0
2021-06-03 09:27:45,344.35,0
2021-06-03 09:27:47,344.35,0
2021-06-03 09:27:48,344.5,0
2021-06-03 09:27:49,344.45,0
2021-06-03 09:27:50,344.5,0
2021-06-03 09:27:51,344.45,0
2021-06-03 09:27:52,344.4,0
2021-06-03 09:27:53,344.55,0
2021-06-03 09:27:54,344.55,0
2021-06-03 09:27:55,344.5,0
2021-06-03 09:27:57,344.45,0
2021-06-03 09:27:58,344.55,0
2021-06-03 09:27:59,344.5,0
2021-06-03 09:28:00,344.65,0
2021-06-03 09:28:02,344.6,0
2021-06-03 09:28:03,344.55,0
2021-06-03 09:28:04,344.55,0
2021-06-03 09:28:05,344.45,0
2021-06-03 09:28:06,344.5,0
2021-06-03 09:28:08,344.55,0
2021-06-03 09:28:10,344.7,0
2021-06-03 09:28:11,344.75,0
2021-06-03 09:28:13,344.75,0
2021-06-03 09:28:14,344.65,0
2021-06-03 09:28:15,344.7,0
2021-06-03 09:28:16,344.65,0
2021-06-03 09:28:17,344.7,0
2021-06-03 09:28:18,344.65,0
2021-06-03 09:28:19,344.75,0
2021-06-03 09:28:20,344.7,0
2021-06-03 09:28:21,344.75,0
2021-06-03 09:28:22,344.7,0
2021-06-03 09:28:23,344.75,0
2021-06-03 09:28:24,344.8,0
2021-06-03 09:28:25,344.8,0
2021-06-03 09:28:26,344.8,0
2021-06-03 09:28:27,344.8,0
2021-06-03 09:28:28,344.75,0
2021-06-03 09:28:29,344.75,0
2021-06-03 09:28:30,344.75,0
2021-06-03 09:28:31,344.75,0
2021-06-03 09:28:33,344.8,0
2021-06-03 09:28:35,344.75,0
2021-06-03 09:28:36,344.7,0
2021-06-03 09:28:37,344.7,0
2021-06-03 09:28:39,344.7,0
2021-06-03 09:28:40,344.7,0
2021-06-03 09:28:42,344.65,0
2021-06-03 09:28:43,344.6,0
2021-06-03 09:28:44,344.6,0
2021-06-03 09:28:46,344.6,0
2021-06-03 09:28:47,344.65,0
2021-06-03 09:28:48,344.75,0
2021-06-03 09:28:49,344.7,0
2021-06-03 09:28:50,344.45,0
2021-06-03 09:28:51,344.55,0
2021-06-03 09:28:52,344.6,0
2021-06-03 09:28:53,344.65,0
2021-06-03 09:28:54,344.6,0
2021-06-03 09:28:55,344.6,0
2021-06-03 09:28:56,344.65,0
2021-06-03 09:28:58,344.65,0
2021-06-03 09:28:59,344.75,0
2021-06-03 09:29:00,344.7,0
2021-06-03 09:29:01,344.7,0
2021-06-03 09:29:02,344.65,0
2021-06-03 09:29:03,344.65,0
2021-06-03 09:29:05,344.65,0
2021-06-03 09:29:07,344.7,0
2021-06-03 09:29:08,344.75,0
2021-06-03 09:29:10,344.85,0
2021-06-03 09:29:11,344.95,0
2021-06-03 09:29:13,344.9,0
2021-06-03 09:29:14,345.1,0
2021-06-03 09:29:15,345.1,0
2021-06-03 09:29:16,345.15,0
2021-06-03 09:29:17,345.1,0
2021-06-03 09:29:18,345.15,0
2021-06-03 09:29:19,345.15,0
2021-06-03 09:29:20,345.15,0
2021-06-03 09:29:21,345.25,0
2021-06-03 09:29:22,345.3,0
2021-06-03 09:29:23,345.25,0
2021-06-03 09:29:24,345.25,0
2021-06-03 09:29:25,345.2,0
2021-06-03 09:29:26,345.3,0
2021-06-03 09:29:28,345.25,0
2021-06-03 09:29:29,345.3,0
2021-06-03 09:29:31,345.15,0
2021-06-03 09:29:32,345.25,0
2021-06-03 09:29:33,345.15,0
2021-06-03 09:29:34,345.2,0
2021-06-03 09:29:35,345.2,0
2021-06-03 09:29:36,345.15,0
2021-06-03 09:29:39,345.15,0
2021-06-03 09:29:40,345.2,0
2021-06-03 09:29:41,345.3,0
2021-06-03 09:29:43,345.25,0
2021-06-03 09:29:44,345.25,0
2021-06-03 09:29:45,345.25,0
2021-06-03 09:29:46,345.2,0
2021-06-03 09:29:47,345.2,0
2021-06-03 09:29:48,345.25,0
2021-06-03 09:29:49,345.2,0
2021-06-03 09:29:50,345.25,0
2021-06-03 09:29:51,345.2,0
2021-06-03 09:29:53,345.2,0
2021-06-03 09:29:54,345.15,0
2021-06-03 09:29:55,345.2,0
2021-06-03 09:29:56,345.05,0
2021-06-03 09:29:59,345.1,0
2021-06-03 09:30:00,345.15,0
2021-06-03 09:30:01,345.1,0
2021-06-03 09:30:02,345.1,0
2021-06-03 09:30:03,345.2,0
2021-06-03 09:30:04,345.1,0
2021-06-03 09:30:05,345.05,0
2021-06-03 09:30:06,345.05,0
2021-06-03 09:30:07,345.1,0
2021-06-03 09:30:09,345.0,0
2021-06-03 09:30:10,345.1,0
2021-06-03 09:30:11,345.15,0
2021-06-03 09:30:12,345.15,0
2021-06-03 09:30:13,345.1,0
2021-06-03 09:30:14,345.1,0
2021-06-03 09:30:15,345.05,0
2021-06-03 09:30:16,345.1,0
2021-06-03 09:30:18,345.1,0
2021-06-03 09:30:21,345.1,0
2021-06-03 09:30:22,345.1,0
2021-06-03 09:30:23,345.1,0
2021-06-03 09:30:24,345.2,0
2021-06-03 09:30:25,345.15,0
2021-06-03 09:30:27,345.1,0
2021-06-03 09:30:28,345.1,0
2021-06-03 09:30:29,345.05,0
2021-06-03 09:30:30,345.05,0
2021-06-03 09:30:31,345.15,0
2021-06-03 09:30:32,345.05,0
2021-06-03 09:30:33,345.1,0
2021-06-03 09:30:34,345.05,0
2021-06-03 09:30:35,345.15,0
2021-06-03 09:30:36,345.2,0
2021-06-03 09:30:37,345.15,0
2021-06-03 09:30:38,345.15,0
2021-06-03 09:30:39,345.15,0
2021-06-03 09:30:40,345.15,0
2021-06-03 09:30:41,345.1,0
2021-06-03 09:30:42,345.1,0
2021-06-03 09:30:43,345.15,0
2021-06-03 09:30:44,345.1,0
2021-06-03 09:30:45,345.05,0
2021-06-03 09:30:46,345.1,0
2021-06-03 09:30:47,345.2,0
2021-06-03 09:30:49,345.25,0
2021-06-03 09:30:48,345.2,0
2021-06-03 09:30:50,345.2,0
2021-06-03 09:30:51,345.3,0
2021-06-03 09:30:52,345.25,0
2021-06-03 09:30:54,345.25,0
2021-06-03 09:30:55,345.2,0
2021-06-03 09:30:56,345.15,0
2021-06-03 09:30:57,345.2,0
2021-06-03 09:30:58,345.2,0
2021-06-03 09:30:59,345.25,0
2021-06-03 09:31:00,345.2,0
2021-06-03 09:31:01,345.25,0
2021-06-03 09:31:02,345.25,0
2021-06-03 09:31:04,345.25,0
2021-06-03 09:31:05,345.3,0
2021-06-03 09:31:06,345.35,0
2021-06-03 09:31:07,345.25,0
2021-06-03 09:31:10,345.25,0
2021-06-03 09:31:11,345.2,0
2021-06-03 09:31:12,345.25,0
2021-06-03 09:31:13,345.3,0
2021-06-03 09:31:15,345.35,0
2021-06-03 09:31:17,345.25,0
2021-06-03 09:31:19,345.2,0
2021-06-03 09:31:20,345.2,0
2021-06-03 09:31:21,345.3,0
2021-06-03 09:31:22,345.35,0
2021-06-03 09:31:23,345.4,0
2021-06-03 09:31:24,345.3,0
2021-06-03 09:31:25,345.35,0
2021-06-03 09:31:26,345.3,0
2021-06-03 09:31:27,345.35,0
2021-06-03 09:31:29,345.35,0
2021-06-03 09:31:30,345.3,0
2021-06-03 09:31:31,345.3,0
2021-06-03 09:31:33,345.3,0
2021-06-03 09:31:34,345.45,0
2021-06-03 09:31:35,345.35,0
2021-06-03 09:31:36,345.4,0
2021-06-03 09:31:37,345.3,0
2021-06-03 09:31:38,345.25,0
2021-06-03 09:31:39,345.25,0
2021-06-03 09:31:41,345.3,0
2021-06-03 09:31:42,345.3,0
2021-06-03 09:31:43,345.3,0
2021-06-03 09:31:44,345.35,0
2021-06-03 09:31:45,345.25,0
2021-06-03 09:31:47,345.35,0
2021-06-03 09:31:48,345.35,0
2021-06-03 09:31:52,345.4,0
2021-06-03 09:31:53,345.4,0
2021-06-03 09:31:54,345.4,0
2021-06-03 09:31:55,345.45,0
2021-06-03 09:31:56,345.4,0
2021-06-03 09:31:58,345.4,0
2021-06-03 09:31:59,345.5,0
2021-06-03 09:32:01,345.4,0
2021-06-03 09:32:02,345.35,0
2021-06-03 09:32:03,345.35,0
2021-06-03 09:32:04,345.5,0
2021-06-03 09:32:05,345.55,0
2021-06-03 09:32:06,345.65,0
2021-06-03 09:32:07,345.6,0
2021-06-03 09:32:08,345.6,0
2021-06-03 09:32:09,345.6,0
2021-06-03 09:32:10,345.55,0
2021-06-03 09:32:11,345.55,0
2021-06-03 09:32:12,345.6,0
2021-06-03 09:32:13,345.6,0
2021-06-03 09:32:14,345.55,0
2021-06-03 09:32:15,345.6,0
2021-06-03 09:32:16,345.65,0
2021-06-03 09:32:17,345.65,0
2021-06-03 09:32:19,345.6,0
2021-06-03 09:32:20,345.65,0
2021-06-03 09:32:21,345.65,0
2021-06-03 09:32:23,345.7,0
2021-06-03 09:32:24,345.65,0
2021-06-03 09:32:25,345.6,0
2021-06-03 09:32:26,345.65,0
2021-06-03 09:32:27,345.7,0
2021-06-03 09:32:28,345.7,0
2021-06-03 09:32:29,345.7,0
2021-06-03 09:32:30,345.7,0
2021-06-03 09:32:31,345.7,0
2021-06-03 09:32:32,345.65,0
2021-06-03 09:32:33,345.75,0
2021-06-03 09:32:34,345.65,0
2021-06-03 09:32:35,345.7,0
2021-06-03 09:32:36,345.6,0
2021-06-03 09:32:37,345.7,0
2021-06-03 09:32:38,345.75,0
2021-06-03 09:32:40,345.7,0
2021-06-03 09:32:41,345.75,0
2021-06-03 09:32:42,345.6,0
2021-06-03 09:32:43,345.7,0
2021-06-03 09:32:44,345.7,0
2021-06-03 09:32:46,345.65,0
2021-06-03 09:32:47,345.75,0
2021-06-03 09:32:48,345.7,0
2021-06-03 09:32:49,345.7,0
2021-06-03 09:32:50,345.7,0
2021-06-03 09:32:51,345.75,0
2021-06-03 09:32:52,345.7,0
2021-06-03 09:32:53,345.65,0
2021-06-03 09:32:54,345.65,0
2021-06-03 09:32:55,345.65,0
2021-06-03 09:32:56,345.65,0
2021-06-03 09:32:57,345.65,0
2021-06-03 09:32:58,345.65,0
2021-06-03 09:32:59,345.7,0
2021-06-03 09:33:00,345.65,0
2021-06-03 09:33:01,345.65,0
2021-06-03 09:33:02,345.65,0
2021-06-03 09:33:03,345.5,0
2021-06-03 09:33:04,345.4,0
2021-06-03 09:33:05,345.4,0
2021-06-03 09:33:06,345.45,0
2021-06-03 09:33:07,345.45,0
2021-06-03 09:33:08,345.45,0
2021-06-03 09:33:09,345.45,0
2021-06-03 09:33:10,345.4,0
2021-06-03 09:33:11,345.5,0
2021-06-03 09:33:13,345.45,0
2021-06-03 09:33:14,345.4,0
2021-06-03 09:33:15,345.35,0
2021-06-03 09:33:16,345.4,0
2021-06-03 09:33:17,345.35,0
2021-06-03 09:33:18,345.4,0
2021-06-03 09:33:19,345.35,0
2021-06-03 09:33:20,345.55,0
2021-06-03 09:33:22,345.4,0
2021-06-03 09:33:23,345.45,0
2021-06-03 09:33:24,345.4,0
2021-06-03 09:33:25,345.45,0
2021-06-03 09:33:26,345.45,0
2021-06-03 09:33:28,345.3,0
2021-06-03 09:33:29,345.4,0
2021-06-03 09:33:30,345.4,0
2021-06-03 09:33:31,345.4,0
2021-06-03 09:33:32,345.3,0
2021-06-03 09:33:33,345.3,0
2021-06-03 09:33:35,345.35,0
2021-06-03 09:33:36,345.3,0
2021-06-03 09:33:37,345.45,0
2021-06-03 09:33:38,345.45,0
2021-06-03 09:33:39,345.5,0
2021-06-03 09:33:40,345.4,0
2021-06-03 09:33:41,345.45,0
2021-06-03 09:33:42,345.45,0
2021-06-03 09:33:44,345.45,0
2021-06-03 09:33:45,345.5,0
2021-06-03 09:33:46,345.5,0
2021-06-03 09:33:47,345.55,0
2021-06-03 09:33:48,345.55,0
2021-06-03 09:33:49,345.55,0
2021-06-03 09:33:50,345.55,0
2021-06-03 09:33:51,345.5,0
2021-06-03 09:33:52,345.65,0
2021-06-03 09:33:53,345.6,0
2021-06-03 09:33:54,345.55,0
2021-06-03 09:33:55,345.5,0
2021-06-03 09:33:56,345.55,0
2021-06-03 09:33:57,345.55,0
2021-06-03 09:33:58,345.6,0
2021-06-03 09:33:59,345.6,0
2021-06-03 09:34:02,345.65,0
2021-06-03 09:34:03,345.7,0
2021-06-03 09:34:05,345.6,0
2021-06-03 09:34:06,345.6,0
2021-06-03 09:34:07,345.6,0
2021-06-03 09:34:08,345.6,0
2021-06-03 09:34:10,345.6,0
2021-06-03 09:34:12,345.6,0
2021-06-03 09:34:14,345.6,0
2021-06-03 09:34:15,345.7,0
2021-06-03 09:34:16,345.65,0
2021-06-03 09:34:17,345.7,0
2021-06-03 09:34:18,345.65,0
2021-06-03 09:34:19,345.65,0
2021-06-03 09:34:20,345.55,0
2021-06-03 09:34:21,345.55,0
2021-06-03 09:34:22,345.65,0
2021-06-03 09:34:23,345.7,0
2021-06-03 09:34:24,345.65,0
2021-06-03 09:34:25,345.65,0
2021-06-03 09:34:26,345.6,0
2021-06-03 09:34:27,345.6,0
2021-06-03 09:34:28,345.6,0
2021-06-03 09:34:29,345.6,0
2021-06-03 09:34:30,345.6,0
2021-06-03 09:34:31,345.6,0
2021-06-03 09:34:33,345.55,0
2021-06-03 09:34:34,345.55,0
2021-06-03 09:34:35,345.55,0
2021-06-03 09:34:36,345.5,0
2021-06-03 09:34:37,345.65,0
2021-06-03 09:34:38,345.55,0
2021-06-03 09:34:39,345.5,0
2021-06-03 09:34:40,345.6,0
2021-06-03 09:34:41,345.55,0
2021-06-03 09:34:43,345.6,0
2021-06-03 09:34:44,345.5,0
2021-06-03 09:34:45,345.6,0
2021-06-03 09:34:46,345.55,0
2021-06-03 09:34:47,345.55,0
2021-06-03 09:34:48,345.55,0
2021-06-03 09:34:49,345.55,0
2021-06-03 09:34:50,345.55,0
2021-06-03 09:34:51,345.55,0
2021-06-03 09:34:52,345.5,0
2021-06-03 09:34:53,345.6,0
2021-06-03 09:34:54,345.6,0
2021-06-03 09:34:55,345.65,0
2021-06-03 09:34:56,345.7,0
2021-06-03 09:34:57,345.65,0
2021-06-03 09:34:58,345.6,0
2021-06-03 09:34:59,345.6,0
2021-06-03 09:35:00,345.7,0
2021-06-03 09:35:01,345.6,0
2021-06-03 09:35:02,345.65,0
2021-06-03 09:35:03,345.75,0
2021-06-03 09:35:04,345.75,0
2021-06-03 09:35:05,345.8,0
2021-06-03 09:35:06,345.75,0
2021-06-03 09:35:07,345.85,0
2021-06-03 09:35:08,345.9,0
2021-06-03 09:35:09,345.85,0
2021-06-03 09:35:10,345.8,0
2021-06-03 09:35:11,345.75,0
2021-06-03 09:35:12,345.85,0
2021-06-03 09:35:13,345.85,0
2021-06-03 09:35:14,345.75,0
2021-06-03 09:35:15,345.75,0
2021-06-03 09:35:16,345.8,0
2021-06-03 09:35:17,345.85,0
2021-06-03 09:35:18,345.85,0
2021-06-03 09:35:19,345.85,0
2021-06-03 09:35:20,345.8,0
2021-06-03 09:35:21,345.8,0
2021-06-03 09:35:22,345.8,0
2021-06-03 09:35:23,345.8,0
2021-06-03 09:35:25,345.75,0
2021-06-03 09:35:26,345.85,0
2021-06-03 09:35:27,345.85,0
2021-06-03 09:35:28,345.7,0
2021-06-03 09:35:29,345.8,0
2021-06-03 09:35:30,345.75,0
2021-06-03 09:35:31,345.75,0
2021-06-03 09:35:33,345.7,0
2021-06-03 09:35:34,345.75,0
2021-06-03 09:35:35,345.8,0
2021-06-03 09:35:36,345.8,0
2021-06-03 09:35:37,345.75,0
2021-06-03 09:35:38,345.65,0
2021-06-03 09:35:39,345.65,0
2021-06-03 09:35:40,345.75,0
2021-06-03 09:35:41,345.55,0
2021-06-03 09:35:42,345.55,0
2021-06-03 09:35:43,345.55,0
2021-06-03 09:35:44,345.55,0
2021-06-03 09:35:45,345.45,0
2021-06-03 09:35:47,345.45,0
2021-06-03 09:35:48,345.45,0
2021-06-03 09:35:49,345.35,0
2021-06-03 09:35:50,345.45,0
2021-06-03 09:35:51,345.4,0
2021-06-03 09:35:52,345.45,0
2021-06-03 09:35:53,345.5,0
2021-06-03 09:35:54,345.45,0
2021-06-03 09:35:55,345.45,0
2021-06-03 09:35:57,345.4,0
2021-06-03 09:35:58,345.45,0
2021-06-03 09:35:59,345.45,0
2021-06-03 09:36:00,345.45,0
2021-06-03 09:36:01,345.45,0
2021-06-03 09:36:02,345.45,0
2021-06-03 09:36:03,345.4,0
2021-06-03 09:36:04,345.35,0
2021-06-03 09:36:05,345.35,0
2021-06-03 09:36:06,345.4,0
2021-06-03 09:36:07,345.4,0
2021-06-03 09:36:08,345.4,0
2021-06-03 09:36:09,345.25,0
2021-06-03 09:36:10,345.3,0
2021-06-03 09:36:12,345.35,0
2021-06-03 09:36:13,345.25,0
2021-06-03 09:36:14,345.15,0
2021-06-03 09:36:15,345.1,0
2021-06-03 09:36:17,345.25,0
2021-06-03 09:36:18,345.25,0
2021-06-03 09:36:19,345.3,0
2021-06-03 09:36:20,345.3,0
2021-06-03 09:36:21,345.3,0
2021-06-03 09:36:22,345.25,0
2021-06-03 09:36:23,345.25,0
2021-06-03 09:36:25,345.25,0
2021-06-03 09:36:26,345.25,0
2021-06-03 09:36:27,345.2,0
2021-06-03 09:36:28,345.25,0
2021-06-03 09:36:29,345.3,0
2021-06-03 09:36:30,345.35,0
2021-06-03 09:36:31,345.25,0
2021-06-03 09:36:32,345.25,0
2021-06-03 09:36:33,345.2,0
2021-06-03 09:36:34,345.2,0
2021-06-03 09:36:35,345.2,0
2021-06-03 09:36:36,345.25,0
2021-06-03 09:36:37,345.15,0
2021-06-03 09:36:38,345.1,0
2021-06-03 09:36:39,345.15,0
2021-06-03 09:36:41,345.15,0
2021-06-03 09:36:43,345.1,0
2021-06-03 09:36:44,345.1,0
2021-06-03 09:36:45,345.1,0
2021-06-03 09:36:46,345.0,0
2021-06-03 09:36:47,345.1,0
2021-06-03 09:36:48,345.25,0
2021-06-03 09:36:49,345.15,0
2021-06-03 09:36:50,345.2,0
2021-06-03 09:36:51,345.2,0
2021-06-03 09:36:52,345.15,0
2021-06-03 09:36:54,345.2,0
2021-06-03 09:36:55,345.25,0
2021-06-03 09:36:57,345.2,0
2021-06-03 09:36:58,345.35,0
2021-06-03 09:36:59,345.3,0
2021-06-03 09:37:00,345.4,0
2021-06-03 09:37:01,345.35,0
2021-06-03 09:37:02,345.4,0
2021-06-03 09:37:04,345.3,0
2021-06-03 09:37:05,345.3,0
2021-06-03 09:37:06,345.4,0
2021-06-03 09:37:07,345.45,0
2021-06-03 09:37:08,345.45,0
2021-06-03 09:37:09,345.45,0
2021-06-03 09:37:10,345.4,0
2021-06-03 09:37:11,345.4,0
2021-06-03 09:37:12,345.4,0
2021-06-03 09:37:14,345.65,0
2021-06-03 09:37:15,345.65,0
2021-06-03 09:37:17,345.75,0
2021-06-03 09:37:18,345.65,0
2021-06-03 09:37:19,345.7,0
2021-06-03 09:37:20,345.6,0
2021-06-03 09:37:21,345.75,0
2021-06-03 09:37:22,345.7,0
2021-06-03 09:37:23,345.7,0
2021-06-03 09:37:24,345.7,0
2021-06-03 09:37:25,345.7,0
2021-06-03 09:37:26,345.7,0
2021-06-03 09:37:28,345.95,0
2021-06-03 09:37:29,345.85,0
2021-06-03 09:37:30,345.95,0
2021-06-03 09:37:31,345.95,0
2021-06-03 09:37:32,345.95,0
2021-06-03 09:37:33,346.0,0
2021-06-03 09:37:34,346.05,0
2021-06-03 09:37:35,346.1,0
2021-06-03 09:37:36,346.1,0
2021-06-03 09:37:37,346.15,0
2021-06-03 09:37:39,346.1,0
2021-06-03 09:37:40,346.1,0
2021-06-03 09:37:41,346.1,0
2021-06-03 09:37:42,346.15,0
2021-06-03 09:37:43,346.1,0
2021-06-03 09:37:44,346.05,0
2021-06-03 09:37:45,346.1,0
2021-06-03 09:37:46,346.1,0
2021-06-03 09:37:47,346.1,0
2021-06-03 09:37:48,346.15,0
2021-06-03 09:37:49,346.1,0
2021-06-03 09:37:50,346.2,0
2021-06-03 09:37:51,346.15,0
2021-06-03 09:37:52,346.15,0
2021-06-03 09:37:53,346.2,0
2021-06-03 09:37:55,346.1,0
2021-06-03 09:37:56,346.15,0
2021-06-03 09:37:57,346.1,0
2021-06-03 09:37:58,346.15,0
2021-06-03 09:37:59,346.2,0
2021-06-03 09:38:00,346.35,0
2021-06-03 09:38:01,346.2,0
2021-06-03 09:38:02,346.2,0
2021-06-03 09:38:03,346.1,0
2021-06-03 09:38:04,346.1,0
2021-06-03 09:38:06,346.05,0
2021-06-03 09:38:07,346.2,0
2021-06-03 09:38:08,346.2,0
2021-06-03 09:38:09,346.15,0
2021-06-03 09:38:10,346.15,0
2021-06-03 09:38:11,346.15,0
2021-06-03 09:38:12,346.2,0
2021-06-03 09:38:13,346.1,0
2021-06-03 09:38:14,346.2,0
2021-06-03 09:38:15,346.2,0
2021-06-03 09:38:16,346.2,0
2021-06-03 09:38:17,346.25,0
2021-06-03 09:38:18,346.15,0
2021-06-03 09:38:19,346.1,0
2021-06-03 09:38:20,346.2,0
2021-06-03 09:38:21,346.2,0
2021-06-03 09:38:22,346.2,0
2021-06-03 09:38:23,346.1,0
2021-06-03 09:38:24,346.2,0
2021-06-03 09:38:25,346.2,0
2021-06-03 09:38:27,346.35,0
2021-06-03 09:38:28,346.15,0
2021-06-03 09:38:29,346.2,0
2021-06-03 09:38:30,346.1,0
2021-06-03 09:38:31,346.25,0
2021-06-03 09:38:32,346.15,0
2021-06-03 09:38:33,346.2,0
2021-06-03 09:38:34,346.2,0
2021-06-03 09:38:35,346.2,0
2021-06-03 09:38:36,346.2,0
2021-06-03 09:38:37,346.25,0
2021-06-03 09:38:38,346.25,0
2021-06-03 09:38:39,346.25,0
2021-06-03 09:38:40,346.2,0
2021-06-03 09:38:41,346.25,0
2021-06-03 09:38:42,346.15,0
2021-06-03 09:38:43,346.15,0
2021-06-03 09:38:44,346.1,0
2021-06-03 09:38:45,346.15,0
2021-06-03 09:38:46,346.15,0
2021-06-03 09:38:47,346.2,0
2021-06-03 09:38:48,346.25,0
2021-06-03 09:38:49,346.3,0
2021-06-03 09:38:50,346.3,0
2021-06-03 09:38:51,346.3,0
2021-06-03 09:38:52,346.35,0
2021-06-03 09:38:53,346.35,0
2021-06-03 09:38:54,346.35,0
2021-06-03 09:38:55,346.35,0
2021-06-03 09:38:56,346.35,0
2021-06-03 09:38:57,346.35,0
2021-06-03 09:38:58,346.4,0
2021-06-03 09:38:59,346.45,0
2021-06-03 09:39:00,346.45,0
2021-06-03 09:39:01,346.45,0
2021-06-03 09:39:02,346.4,0
2021-06-03 09:39:03,346.4,0
2021-06-03 09:39:04,346.4,0
2021-06-03 09:39:05,346.4,0
2021-06-03 09:39:06,346.4,0
2021-06-03 09:39:07,346.4,0
2021-06-03 09:39:08,346.35,0
2021-06-03 09:39:09,346.4,0
2021-06-03 09:39:10,346.3,0
2021-06-03 09:39:11,346.35,0
2021-06-03 09:39:12,346.35,0
2021-06-03 09:39:13,346.35,0
2021-06-03 09:39:14,346.4,0
2021-06-03 09:39:15,346.45,0
2021-06-03 09:39:16,346.4,0
2021-06-03 09:39:17,346.4,0
2021-06-03 09:39:19,346.3,0
2021-06-03 09:39:20,346.4,0
2021-06-03 09:39:21,346.35,0
2021-06-03 09:39:22,346.35,0
2021-06-03 09:39:23,346.35,0
2021-06-03 09:39:24,346.35,0
2021-06-03 09:39:25,346.35,0
2021-06-03 09:39:26,346.4,0
2021-06-03 09:39:27,346.35,0
2021-06-03 09:39:28,346.25,0
2021-06-03 09:39:29,346.3,0
2021-06-03 09:39:30,346.35,0
2021-06-03 09:39:31,346.3,0
2021-06-03 09:39:32,346.35,0
2021-06-03 09:39:33,346.3,0
2021-06-03 09:39:34,346.35,0
2021-06-03 09:39:35,346.4,0
2021-06-03 09:39:36,346.45,0
2021-06-03 09:39:37,346.3,0
2021-06-03 09:39:38,346.3,0
2021-06-03 09:39:39,346.35,0
2021-06-03 09:39:40,346.3,0
2021-06-03 09:39:42,346.4,0
2021-06-03 09:39:43,346.4,0
2021-06-03 09:39:45,346.4,0
2021-06-03 09:39:46,346.45,0
2021-06-03 09:39:47,346.35,0
2021-06-03 09:39:48,346.3,0
2021-06-03 09:39:49,346.35,0
2021-06-03 09:39:50,346.3,0
2021-06-03 09:39:51,346.4,0
2021-06-03 09:39:52,346.35,0
2021-06-03 09:39:53,346.4,0
2021-06-03 09:39:54,346.35,0
2021-06-03 09:39:55,346.35,0
2021-06-03 09:39:56,346.3,0
2021-06-03 09:39:57,346.25,0
2021-06-03 09:39:58,346.35,0
2021-06-03 09:39:59,346.3,0
2021-06-03 09:40:00,346.3,0
2021-06-03 09:40:01,346.3,0
2021-06-03 09:40:02,346.3,0
2021-06-03 09:40:03,346.15,0
2021-06-03 09:40:04,346.2,0
2021-06-03 09:40:05,346.15,0
2021-06-03 09:40:06,346.25,0
2021-06-03 09:40:07,346.25,0
2021-06-03 09:40:08,346.1,0
2021-06-03 09:40:10,346.2,0
2021-06-03 09:40:11,346.1,0
2021-06-03 09:40:12,346.2,0
2021-06-03 09:40:14,346.15,0
2021-06-03 09:40:16,346.1,0
2021-06-03 09:40:17,346.1,0
2021-06-03 09:40:19,346.1,0
2021-06-03 09:40:20,346.1,0
2021-06-03 09:40:21,346.1,0
2021-06-03 09:40:22,346.15,0
2021-06-03 09:40:23,346.15,0
2021-06-03 09:40:24,346.15,0
2021-06-03 09:40:25,346.15,0
2021-06-03 09:40:26,346.1,0
2021-06-03 09:40:27,346.05,0
2021-06-03 09:40:28,346.05,0
2021-06-03 09:40:29,346.1,0
2021-06-03 09:40:31,346.15,0
2021-06-03 09:40:32,346.1,0
2021-06-03 09:40:33,346.1,0
2021-06-03 09:40:34,346.0,0
2021-06-03 09:40:35,346.05,0
2021-06-03 09:40:36,346.1,0
2021-06-03 09:40:37,346.0,0
2021-06-03 09:40:38,345.95,0
2021-06-03 09:40:39,346.0,0
2021-06-03 09:40:40,346.0,0
2021-06-03 09:40:41,346.05,0
2021-06-03 09:40:42,346.0,0
2021-06-03 09:40:43,346.05,0
2021-06-03 09:40:44,346.05,0
2021-06-03 09:40:45,346.0,0
2021-06-03 09:40:46,345.95,0
2021-06-03 09:40:47,346.05,0
2021-06-03 09:40:48,346.0,0
2021-06-03 09:40:49,346.05,0
2021-06-03 09:40:50,346.0,0
2021-06-03 09:40:54,346.0,0
2021-06-03 09:40:55,345.95,0
2021-06-03 09:40:56,345.9,0
2021-06-03 09:40:57,345.95,0
2021-06-03 09:40:58,345.9,0
2021-06-03 09:40:59,345.95,0
2021-06-03 09:41:01,345.85,0
2021-06-03 09:41:02,345.95,0
2021-06-03 09:41:03,345.9,0
2021-06-03 09:41:04,345.95,0
2021-06-03 09:41:05,345.95,0
2021-06-03 09:41:06,346.0,0
2021-06-03 09:41:07,346.0,0
2021-06-03 09:41:08,346.05,0
2021-06-03 09:41:09,346.0,0
2021-06-03 09:41:10,346.05,0
2021-06-03 09:41:11,346.05,0
2021-06-03 09:41:12,346.0,0
2021-06-03 09:41:14,346.05,0
2021-06-03 09:41:15,346.1,0
2021-06-03 09:41:16,346.05,0
2021-06-03 09:41:17,346.0,0
2021-06-03 09:41:18,346.05,0
2021-06-03 09:41:19,346.05,0
2021-06-03 09:41:20,346.0,0
2021-06-03 09:41:21,346.05,0
2021-06-03 09:41:22,346.05,0
2021-06-03 09:41:23,346.0,0
2021-06-03 09:41:24,346.05,0
2021-06-03 09:41:25,346.05,0
2021-06-03 09:41:26,346.1,0
2021-06-03 09:41:28,346.1,0
2021-06-03 09:41:30,346.0,0
2021-06-03 09:41:31,346.05,0
2021-06-03 09:41:32,346.05,0
2021-06-03 09:41:33,346.1,0
2021-06-03 09:41:34,346.1,0
2021-06-03 09:41:35,346.05,0
2021-06-03 09:41:36,346.0,0
2021-06-03 09:41:37,346.05,0
2021-06-03 09:41:38,346.1,0
2021-06-03 09:41:39,346.0,0
2021-06-03 09:41:40,346.05,0
2021-06-03 09:41:41,346.15,0
2021-06-03 09:41:42,346.15,0
2021-06-03 09:41:43,346.15,0
2021-06-03 09:41:44,346.15,0
2021-06-03 09:41:45,346.15,0
2021-06-03 09:41:47,346.05,0
2021-06-03 09:41:48,346.0,0
2021-06-03 09:41:49,346.05,0
2021-06-03 09:41:50,346.05,0
2021-06-03 09:41:51,346.1,0
2021-06-03 09:41:52,346.1,0
2021-06-03 09:41:53,346.2,0
2021-06-03 09:41:54,346.2,0
2021-06-03 09:41:55,346.25,0
2021-06-03 09:41:56,346.15,0
2021-06-03 09:41:57,346.25,0
2021-06-03 09:42:00,346.2,0
2021-06-03 09:42:01,346.15,0
2021-06-03 09:42:02,346.1,0
2021-06-03 09:42:04,346.1,0
2021-06-03 09:42:06,346.1,0
2021-06-03 09:42:08,346.05,0
2021-06-03 09:42:09,346.05,0
2021-06-03 09:42:11,346.15,0
2021-06-03 09:42:13,346.0,0
2021-06-03 09:42:14,346.1,0
2021-06-03 09:42:15,346.1,0
2021-06-03 09:42:16,346.15,0
2021-06-03 09:42:17,346.1,0
2021-06-03 09:42:18,346.15,0
2021-06-03 09:42:19,346.15,0
2021-06-03 09:42:20,346.15,0
2021-06-03 09:42:21,346.1,0
2021-06-03 09:42:22,346.2,0
2021-06-03 09:42:23,346.1,0
2021-06-03 09:42:24,346.2,0
2021-06-03 09:42:25,346.15,0
2021-06-03 09:42:26,346.2,0
2021-06-03 09:42:27,346.15,0
2021-06-03 09:42:28,346.1,0
2021-06-03 09:42:29,346.05,0
2021-06-03 09:42:30,346.15,0
2021-06-03 09:42:31,346.1,0
2021-06-03 09:42:32,346.1,0
2021-06-03 09:42:33,346.15,0
2021-06-03 09:42:34,346.05,0
2021-06-03 09:42:35,346.2,0
2021-06-03 09:42:36,346.1,0
2021-06-03 09:42:38,346.2,0
2021-06-03 09:42:39,346.15,0
2021-06-03 09:42:40,346.15,0
2021-06-03 09:42:43,346.15,0
2021-06-03 09:42:44,346.2,0
2021-06-03 09:42:46,346.1,0
2021-06-03 09:42:47,346.15,0
2021-06-03 09:42:48,346.15,0
2021-06-03 09:42:49,346.25,0
2021-06-03 09:42:51,346.2,0
2021-06-03 09:42:52,346.05,0
2021-06-03 09:42:53,346.15,0
2021-06-03 09:42:54,346.15,0
2021-06-03 09:42:55,346.2,0
2021-06-03 09:42:56,346.15,0
2021-06-03 09:42:58,346.25,0
2021-06-03 09:42:59,346.2,0
2021-06-03 09:43:00,346.25,0
2021-06-03 09:43:01,346.25,0
2021-06-03 09:43:02,346.2,0
2021-06-03 09:43:03,346.25,0
2021-06-03 09:43:04,346.3,0
2021-06-03 09:43:05,346.25,0
2021-06-03 09:43:06,346.35,0
2021-06-03 09:43:07,346.25,0
2021-06-03 09:43:08,346.25,0
2021-06-03 09:43:09,346.3,0
2021-06-03 09:43:10,346.35,0
2021-06-03 09:43:11,346.25,0
2021-06-03 09:43:14,346.25,0
2021-06-03 09:43:15,346.2,0
2021-06-03 09:43:16,346.3,0
2021-06-03 09:43:17,346.3,0
2021-06-03 09:43:18,346.25,0
2021-06-03 09:43:19,346.2,0
2021-06-03 09:43:20,346.25,0
2021-06-03 09:43:21,346.2,0
2021-06-03 09:43:23,346.2,0
2021-06-03 09:43:24,346.2,0
2021-06-03 09:43:25,346.1,0
2021-06-03 09:43:26,346.2,0
2021-06-03 09:43:27,346.15,0
2021-06-03 09:43:29,346.1,0
2021-06-03 09:43:30,346.1,0
2021-06-03 09:43:31,346.1,0
2021-06-03 09:43:32,346.2,0
2021-06-03 09:43:33,346.2,0
2021-06-03 09:43:34,346.15,0
2021-06-03 09:43:35,346.0,0
2021-06-03 09:43:36,346.0,0
2021-06-03 09:43:37,346.1,0
2021-06-03 09:43:38,346.05,0
2021-06-03 09:43:39,346.0,0
2021-06-03 09:43:40,346.0,0
2021-06-03 09:43:41,346.0,0
2021-06-03 09:43:43,345.95,0
2021-06-03 09:43:44,345.95,0
2021-06-03 09:43:45,345.9,0
2021-06-03 09:43:46,345.9,0
2021-06-03 09:43:47,345.85,0
2021-06-03 09:43:48,345.95,0
2021-06-03 09:43:49,345.9,0
2021-06-03 09:43:50,345.9,0
2021-06-03 09:43:51,345.95,0
2021-06-03 09:43:52,345.95,0
2021-06-03 09:43:53,345.95,0
2021-06-03 09:43:54,346.0,0
2021-06-03 09:43:55,345.95,0
2021-06-03 09:43:56,345.95,0
2021-06-03 09:43:57,346.0,0
2021-06-03 09:43:58,346.0,0
2021-06-03 09:43:59,345.95,0
2021-06-03 09:44:00,345.95,0
2021-06-03 09:44:01,345.95,0
2021-06-03 09:44:02,346.0,0
2021-06-03 09:44:03,345.95,0
2021-06-03 09:44:04,346.05,0
2021-06-03 09:44:05,346.05,0
2021-06-03 09:44:06,346.1,0
2021-06-03 09:44:07,346.1,0
2021-06-03 09:44:09,346.05,0
2021-06-03 09:44:10,346.0,0
2021-06-03 09:44:11,346.0,0
2021-06-03 09:44:13,346.05,0
2021-06-03 09:44:14,346.05,0
2021-06-03 09:44:16,346.05,0
2021-06-03 09:44:17,346.1,0
2021-06-03 09:44:18,346.0,0
2021-06-03 09:44:19,345.95,0
2021-06-03 09:44:20,346.0,0
2021-06-03 09:44:21,345.95,0
2021-06-03 09:44:22,346.0,0
2021-06-03 09:44:23,345.9,0
2021-06-03 09:44:24,345.9,0
2021-06-03 09:44:25,345.9,0
2021-06-03 09:44:26,345.9,0
2021-06-03 09:44:27,345.9,0
2021-06-03 09:44:28,345.95,0
2021-06-03 09:44:29,346.05,0
2021-06-03 09:44:31,345.9,0
2021-06-03 09:44:32,345.85,0
2021-06-03 09:44:33,345.8,0
2021-06-03 09:44:34,345.8,0
2021-06-03 09:44:35,345.85,0
2021-06-03 09:44:36,345.8,0
2021-06-03 09:44:37,345.9,0
2021-06-03 09:44:38,345.9,0
2021-06-03 09:44:39,345.9,0
2021-06-03 09:44:40,346.0,0
2021-06-03 09:44:41,346.0,0
2021-06-03 09:44:43,345.9,0
2021-06-03 09:44:44,345.85,0
2021-06-03 09:44:45,345.9,0
2021-06-03 09:44:46,345.95,0
2021-06-03 09:44:47,345.9,0
2021-06-03 09:44:49,345.95,0
2021-06-03 09:44:50,345.95,0
2021-06-03 09:44:51,345.85,0
2021-06-03 09:44:53,345.9,0
2021-06-03 09:44:54,345.9,0
2021-06-03 09:44:55,345.9,0
2021-06-03 09:44:56,345.85,0
2021-06-03 09:44:58,345.8,0
2021-06-03 09:44:59,345.85,0
2021-06-03 09:45:00,345.85,0
2021-06-03 09:45:01,345.85,0
2021-06-03 09:45:02,345.85,0
2021-06-03 09:45:04,345.75,0
2021-06-03 09:45:05,345.75,0
2021-06-03 09:45:06,345.75,0
2021-06-03 09:45:08,345.85,0
2021-06-03 09:45:09,345.75,0
2021-06-03 09:45:10,345.8,0
2021-06-03 09:45:11,345.75,0
2021-06-03 09:45:12,345.75,0
2021-06-03 09:45:14,345.85,0
2021-06-03 09:45:16,345.85,0
2021-06-03 09:45:17,345.75,0
2021-06-03 09:45:18,345.65,0
2021-06-03 09:45:19,345.8,0
2021-06-03 09:45:20,345.75,0
2021-06-03 09:45:22,345.75,0
2021-06-03 09:45:23,345.75,0
2021-06-03 09:45:24,345.7,0
2021-06-03 09:45:25,345.65,0
2021-06-03 09:45:26,345.55,0
2021-06-03 09:45:27,345.55,0
2021-06-03 09:45:29,345.6,0
2021-06-03 09:45:33,345.5,0
2021-06-03 09:45:35,345.5,0
2021-06-03 09:45:36,345.4,0
2021-06-03 09:45:37,345.4,0
2021-06-03 09:45:38,345.45,0
2021-06-03 09:45:39,345.45,0
2021-06-03 09:45:40,345.45,0
2021-06-03 09:45:41,345.35,0
2021-06-03 09:45:42,345.35,0
2021-06-03 09:45:43,345.35,0
2021-06-03 09:45:44,345.45,0
2021-06-03 09:45:45,345.4,0
2021-06-03 09:45:46,345.4,0
2021-06-03 09:45:47,345.4,0
2021-06-03 09:45:48,345.25,0
2021-06-03 09:45:49,345.3,0
2021-06-03 09:45:50,345.3,0
2021-06-03 09:45:51,345.2,0
2021-06-03 09:45:52,345.25,0
2021-06-03 09:45:53,345.25,0
2021-06-03 09:45:54,345.3,0
2021-06-03 09:45:55,345.3,0
2021-06-03 09:45:56,345.3,0
2021-06-03 09:45:57,345.35,0
2021-06-03 09:45:58,345.4,0
2021-06-03 09:45:59,345.25,0
2021-06-03 09:46:00,345.2,0
2021-06-03 09:46:01,345.35,0
2021-06-03 09:46:02,345.35,0
2021-06-03 09:46:03,345.25,0
2021-06-03 09:46:04,345.25,0
2021-06-03 09:46:05,345.25,0
2021-06-03 09:46:06,345.3,0
2021-06-03 09:46:07,345.3,0
2021-06-03 09:46:08,345.3,0
2021-06-03 09:46:09,345.4,0
2021-06-03 09:46:10,345.35,0
2021-06-03 09:46:11,345.3,0
2021-06-03 09:46:12,345.4,0
2021-06-03 09:46:13,345.4,0
2021-06-03 09:46:14,345.4,0
2021-06-03 09:46:15,345.4,0
2021-06-03 09:46:16,345.35,0
2021-06-03 09:46:17,345.4,0
2021-06-03 09:46:18,345.35,0
2021-06-03 09:46:19,345.4,0
2021-06-03 09:46:20,345.4,0
2021-06-03 09:46:21,345.45,0
2021-06-03 09:46:22,345.4,0
2021-06-03 09:46:23,345.4,0
2021-06-03 09:46:24,345.4,0
2021-06-03 09:46:25,345.45,0
2021-06-03 09:46:26,345.45,0
2021-06-03 09:46:27,345.55,0
2021-06-03 09:46:28,345.6,0
2021-06-03 09:46:29,345.55,0
2021-06-03 09:46:30,345.6,0
2021-06-03 09:46:31,345.6,0
2021-06-03 09:46:32,345.55,0
2021-06-03 09:46:33,345.45,0
2021-06-03 09:46:34,345.45,0
2021-06-03 09:46:35,345.55,0
2021-06-03 09:46:36,345.55,0
2021-06-03 09:46:37,345.55,0
2021-06-03 09:46:38,345.5,0
2021-06-03 09:46:39,345.55,0
2021-06-03 09:46:40,345.6,0
2021-06-03 09:46:41,345.55,0
2021-06-03 09:46:42,345.55,0
2021-06-03 09:46:43,345.6,0
2021-06-03 09:46:44,345.6,0
2021-06-03 09:46:45,345.7,0
2021-06-03 09:46:46,345.65,0
2021-06-03 09:46:48,345.7,0
2021-06-03 09:46:49,345.7,0
2021-06-03 09:46:50,345.7,0
2021-06-03 09:46:51,345.75,0
2021-06-03 09:46:52,345.8,0
2021-06-03 09:46:53,345.8,0
2021-06-03 09:46:54,345.8,0
2021-06-03 09:46:55,345.8,0
2021-06-03 09:46:56,345.8,0
2021-06-03 09:46:57,345.8,0
2021-06-03 09:46:58,345.9,0
2021-06-03 09:46:59,345.8,0
2021-06-03 09:47:00,345.75,0
2021-06-03 09:47:01,345.8,0
2021-06-03 09:47:02,345.8,0
2021-06-03 09:47:03,345.85,0
2021-06-03 09:47:05,345.95,0
2021-06-03 09:47:06,346.05,0
2021-06-03 09:47:07,346.0,0
2021-06-03 09:47:08,345.95,0
2021-06-03 09:47:11,346.0,0
2021-06-03 09:47:12,346.0,0
2021-06-03 09:47:13,346.05,0
2021-06-03 09:47:14,345.95,0
2021-06-03 09:47:16,345.95,0
2021-06-03 09:47:17,345.95,0
2021-06-03 09:47:18,346.05,0
2021-06-03 09:47:20,346.05,0
2021-06-03 09:47:21,345.95,0
2021-06-03 09:47:22,345.95,0
2021-06-03 09:47:23,345.95,0
2021-06-03 09:47:25,346.0,0
2021-06-03 09:47:26,346.0,0
2021-06-03 09:47:27,346.0,0
2021-06-03 09:47:28,346.05,0
2021-06-03 09:47:29,346.0,0
2021-06-03 09:47:30,346.0,0
2021-06-03 09:47:31,346.1,0
2021-06-03 09:47:32,346.05,0
2021-06-03 09:47:33,346.0,0
2021-06-03 09:47:34,346.05,0
2021-06-03 09:47:35,346.05,0
2021-06-03 09:47:36,346.05,0
2021-06-03 09:47:37,346.05,0
2021-06-03 09:47:38,346.0,0
2021-06-03 09:47:39,346.0,0
2021-06-03 09:47:40,346.05,0
2021-06-03 09:47:41,346.05,0
2021-06-03 09:47:43,346.0,0
2021-06-03 09:47:44,346.1,0
2021-06-03 09:47:45,346.0,0
2021-06-03 09:47:51,345.9,0
2021-06-03 09:47:52,345.95,0
2021-06-03 09:47:54,346.15,0
2021-06-03 09:47:55,346.0,0
2021-06-03 09:47:56,346.0,0
2021-06-03 09:47:58,346.05,0
2021-06-03 09:47:59,346.05,0
2021-06-03 09:48:00,346.0,0
2021-06-03 09:48:01,346.05,0
2021-06-03 09:48:02,346.05,0
2021-06-03 09:48:03,346.0,0
2021-06-03 09:48:04,346.0,0
2021-06-03 09:48:05,345.9,0
2021-06-03 09:48:06,345.95,0
2021-06-03 09:48:07,345.95,0
2021-06-03 09:48:08,346.05,0
2021-06-03 09:48:09,346.05,0
2021-06-03 09:48:10,346.0,0
2021-06-03 09:48:11,346.05,0
2021-06-03 09:48:12,346.0,0
2021-06-03 09:48:13,345.95,0
2021-06-03 09:48:14,346.0,0
2021-06-03 09:48:15,345.95,0
2021-06-03 09:48:16,346.0,0
2021-06-03 09:48:17,346.0,0
2021-06-03 09:48:18,345.95,0
2021-06-03 09:48:19,346.1,0
2021-06-03 09:48:20,346.05,0
2021-06-03 09:48:21,346.0,0
2021-06-03 09:48:22,346.05,0
2021-06-03 09:48:23,346.05,0
2021-06-03 09:48:24,346.0,0
2021-06-03 09:48:26,345.85,0
2021-06-03 09:48:27,345.85,0
2021-06-03 09:48:28,345.85,0
2021-06-03 09:48:29,345.85,0
2021-06-03 09:48:30,345.85,0
2021-06-03 09:48:31,345.85,0
2021-06-03 09:48:32,345.85,0
2021-06-03 09:48:33,345.85,0
2021-06-03 09:48:34,345.85,0
2021-06-03 09:48:36,346.0,0
2021-06-03 09:48:38,345.85,0
2021-06-03 09:48:39,345.85,0
2021-06-03 09:48:40,345.85,0
2021-06-03 09:48:41,345.85,0
2021-06-03 09:48:43,345.85,0
2021-06-03 09:48:44,345.9,0
2021-06-03 09:48:45,345.9,0
2021-06-03 09:48:46,345.95,0
2021-06-03 09:48:47,345.95,0
2021-06-03 09:48:48,345.95,0
2021-06-03 09:48:49,346.0,0
2021-06-03 09:48:50,346.0,0
2021-06-03 09:48:51,346.05,0
2021-06-03 09:48:52,345.9,0
2021-06-03 09:48:53,345.95,0
2021-06-03 09:48:54,345.9,0
2021-06-03 09:48:55,345.9,0
2021-06-03 09:48:56,345.9,0
2021-06-03 09:48:57,345.95,0
2021-06-03 09:48:59,346.0,0
2021-06-03 09:49:01,346.0,0
2021-06-03 09:49:02,346.0,0
2021-06-03 09:49:04,346.05,0
2021-06-03 09:49:06,346.0,0
2021-06-03 09:49:07,346.0,0
2021-06-03 09:49:08,346.0,0
2021-06-03 09:49:09,346.0,0
2021-06-03 09:49:10,346.05,0
2021-06-03 09:49:12,346.0,0
2021-06-03 09:49:13,345.95,0
2021-06-03 09:49:14,346.0,0
2021-06-03 09:49:15,346.0,0
2021-06-03 09:49:16,345.95,0
2021-06-03 09:49:17,346.0,0
2021-06-03 09:49:18,345.95,0
2021-06-03 09:49:19,345.95,0
2021-06-03 09:49:21,346.0,0
2021-06-03 09:49:22,345.95,0
2021-06-03 09:49:23,345.95,0
2021-06-03 09:49:24,346.0,0
2021-06-03 09:49:25,345.9,0
2021-06-03 09:49:26,345.95,0
2021-06-03 09:49:27,345.9,0
2021-06-03 09:49:28,345.85,0
2021-06-03 09:49:29,345.9,0
2021-06-03 09:49:30,345.9,0
2021-06-03 09:49:31,345.9,0
2021-06-03 09:49:32,345.9,0
2021-06-03 09:49:33,345.85,0
2021-06-03 09:49:34,345.9,0
2021-06-03 09:49:35,345.9,0
2021-06-03 09:49:36,345.95,0
2021-06-03 09:49:37,345.85,0
2021-06-03 09:49:38,345.9,0
2021-06-03 09:49:39,345.95,0
2021-06-03 09:49:40,345.95,0
2021-06-03 09:49:41,345.95,0
2021-06-03 09:49:42,346.0,0
2021-06-03 09:49:43,346.0,0
2021-06-03 09:49:44,346.0,0
2021-06-03 09:49:45,346.0,0
2021-06-03 09:49:46,346.0,0
2021-06-03 09:49:47,345.95,0
2021-06-03 09:49:48,346.0,0
2021-06-03 09:49:49,346.0,0
2021-06-03 09:49:50,346.0,0
2021-06-03 09:49:51,346.0,0
2021-06-03 09:49:52,346.05,0
2021-06-03 09:49:53,346.0,0
2021-06-03 09:49:54,346.0,0
2021-06-03 09:49:56,346.1,0
2021-06-03 09:49:57,346.0,0
2021-06-03 09:49:58,346.05,0
2021-06-03 09:50:00,346.1,0
2021-06-03 09:50:01,346.05,0
2021-06-03 09:50:02,346.05,0
2021-06-03 09:50:03,346.05,0
2021-06-03 09:50:04,346.0,0
2021-06-03 09:50:05,346.1,0
2021-06-03 09:50:06,346.1,0
2021-06-03 09:50:07,346.05,0
2021-06-03 09:50:08,346.05,0
2021-06-03 09:50:09,346.1,0
2021-06-03 09:50:10,346.05,0
2021-06-03 09:50:11,346.1,0
2021-06-03 09:50:12,346.0,0
2021-06-03 09:50:13,346.05,0
2021-06-03 09:50:14,346.05,0
2021-06-03 09:50:15,346.05,0
2021-06-03 09:50:16,346.05,0
2021-06-03 09:50:17,346.05,0
2021-06-03 09:50:18,346.05,0
2021-06-03 09:50:19,346.1,0
2021-06-03 09:50:20,346.05,0
2021-06-03 09:50:21,346.0,0
2021-06-03 09:50:22,346.1,0
2021-06-03 09:50:23,346.05,0
2021-06-03 09:50:24,346.05,0
2021-06-03 09:50:25,346.1,0
2021-06-03 09:50:26,346.0,0
2021-06-03 09:50:27,346.0,0
2021-06-03 09:50:28,345.95,0
2021-06-03 09:50:29,346.1,0
2021-06-03 09:50:30,346.05,0
2021-06-03 09:50:31,346.1,0
2021-06-03 09:50:32,346.05,0
2021-06-03 09:50:34,346.1,0
2021-06-03 09:50:35,346.1,0
2021-06-03 09:50:36,346.15,0
2021-06-03 09:50:37,346.15,0
2021-06-03 09:50:40,346.15,0
2021-06-03 09:50:41,346.15,0
2021-06-03 09:50:42,346.2,0
2021-06-03 09:50:43,346.25,0
2021-06-03 09:50:44,346.25,0
2021-06-03 09:50:46,346.2,0
2021-06-03 09:50:47,346.15,0
2021-06-03 09:50:48,346.1,0
2021-06-03 09:50:49,346.15,0
2021-06-03 09:50:50,346.2,0
2021-06-03 09:50:51,346.2,0
2021-06-03 09:50:52,346.2,0
2021-06-03 09:50:53,346.3,0
2021-06-03 09:50:54,346.3,0
2021-06-03 09:50:55,346.35,0
2021-06-03 09:50:56,346.35,0
2021-06-03 09:50:57,346.4,0
2021-06-03 09:50:58,346.45,0
2021-06-03 09:50:59,346.45,0
2021-06-03 09:51:00,346.45,0
2021-06-03 09:51:02,346.4,0
2021-06-03 09:51:03,346.4,0
2021-06-03 09:51:04,346.4,0
2021-06-03 09:51:05,346.35,0
2021-06-03 09:51:06,346.3,0
2021-06-03 09:51:07,346.25,0
2021-06-03 09:51:08,346.4,0
2021-06-03 09:51:09,346.35,0
2021-06-03 09:51:10,346.35,0
2021-06-03 09:51:11,346.4,0
2021-06-03 09:51:12,346.4,0
2021-06-03 09:51:13,346.3,0
2021-06-03 09:51:14,346.35,0
2021-06-03 09:51:15,346.35,0
2021-06-03 09:51:16,346.35,0
2021-06-03 09:51:17,346.4,0
2021-06-03 09:51:18,346.4,0
2021-06-03 09:51:19,346.5,0
2021-06-03 09:51:21,346.4,0
2021-06-03 09:51:22,346.4,0
2021-06-03 09:51:23,346.4,0
2021-06-03 09:51:25,346.4,0
2021-06-03 09:51:26,346.3,0
2021-06-03 09:51:27,346.3,0
2021-06-03 09:51:28,346.3,0
2021-06-03 09:51:29,346.35,0
2021-06-03 09:51:30,346.4,0
2021-06-03 09:51:31,346.3,0
2021-06-03 09:51:32,346.3,0
2021-06-03 09:51:33,346.3,0
2021-06-03 09:51:34,346.35,0
2021-06-03 09:51:35,346.35,0
2021-06-03 09:51:36,346.4,0
2021-06-03 09:51:37,346.3,0
2021-06-03 09:51:38,346.4,0
2021-06-03 09:51:39,346.35,0
2021-06-03 09:51:41,346.45,0
2021-06-03 09:51:42,346.45,0
2021-06-03 09:51:43,346.45,0
2021-06-03 09:51:44,346.5,0
2021-06-03 09:51:45,346.45,0
2021-06-03 09:51:46,346.45,0
2021-06-03 09:51:47,346.5,0
2021-06-03 09:51:48,346.45,0
2021-06-03 09:51:50,346.45,0
2021-06-03 09:51:51,346.6,0
2021-06-03 09:51:52,346.65,0
2021-06-03 09:51:53,346.65,0
2021-06-03 09:51:54,346.6,0
2021-06-03 09:51:55,346.65,0
2021-06-03 09:51:56,346.6,0
2021-06-03 09:51:57,346.6,0
2021-06-03 09:51:58,346.6,0
2021-06-03 09:51:59,346.7,0
2021-06-03 09:52:00,346.65,0
2021-06-03 09:52:01,346.65,0
2021-06-03 09:52:02,346.6,0
2021-06-03 09:52:03,346.65,0
2021-06-03 09:52:05,346.55,0
2021-06-03 09:52:07,346.65,0
2021-06-03 09:52:08,346.75,0
2021-06-03 09:52:09,346.7,0
2021-06-03 09:52:10,346.7,0
2021-06-03 09:52:11,346.65,0
2021-06-03 09:52:13,346.65,0
2021-06-03 09:52:14,346.65,0
2021-06-03 09:52:15,346.6,0
2021-06-03 09:52:16,346.55,0
2021-06-03 09:52:17,346.6,0
2021-06-03 09:52:18,346.6,0
2021-06-03 09:52:19,346.6,0
2021-06-03 09:52:20,346.6,0
2021-06-03 09:52:21,346.6,0
2021-06-03 09:52:22,346.65,0
2021-06-03 09:52:23,346.65,0
2021-06-03 09:52:25,346.7,0
2021-06-03 09:52:26,346.65,0
2021-06-03 09:52:27,346.7,0
2021-06-03 09:52:28,346.8,0
2021-06-03 09:52:29,346.7,0
2021-06-03 09:52:31,346.85,0
2021-06-03 09:52:32,346.8,0
2021-06-03 09:52:33,346.8,0
2021-06-03 09:52:35,346.8,0
2021-06-03 09:52:36,346.8,0
2021-06-03 09:52:38,346.75,0
2021-06-03 09:52:39,346.7,0
2021-06-03 09:52:40,346.85,0
2021-06-03 09:52:42,346.65,0
2021-06-03 09:52:43,346.7,0
2021-06-03 09:52:44,346.65,0
2021-06-03 09:52:45,346.7,0
2021-06-03 09:52:46,346.7,0
2021-06-03 09:52:47,346.75,0
2021-06-03 09:52:48,346.7,0
2021-06-03 09:52:50,346.55,0
2021-06-03 09:52:49,346.65,0
2021-06-03 09:52:51,346.6,0
2021-06-03 09:52:53,346.6,0
2021-06-03 09:52:54,346.55,0
2021-06-03 09:52:55,346.5,0
2021-06-03 09:52:56,346.6,0
2021-06-03 09:52:57,346.6,0
2021-06-03 09:52:58,346.5,0
2021-06-03 09:53:00,346.5,0
2021-06-03 09:53:01,346.5,0
2021-06-03 09:53:02,346.4,0
2021-06-03 09:53:03,346.45,0
2021-06-03 09:53:04,346.45,0
2021-06-03 09:53:05,346.45,0
2021-06-03 09:53:07,346.55,0
2021-06-03 09:53:08,346.55,0
2021-06-03 09:53:09,346.5,0
2021-06-03 09:53:10,346.6,0
2021-06-03 09:53:11,346.55,0
2021-06-03 09:53:12,346.55,0
2021-06-03 09:53:13,346.55,0
2021-06-03 09:53:14,346.45,0
2021-06-03 09:53:16,346.45,0
2021-06-03 09:53:17,346.45,0
2021-06-03 09:53:18,346.5,0
2021-06-03 09:53:19,346.5,0
2021-06-03 09:53:20,346.5,0
2021-06-03 09:53:21,346.5,0
2021-06-03 09:53:22,346.5,0
2021-06-03 09:53:23,346.5,0
2021-06-03 09:53:24,346.45,0
2021-06-03 09:53:25,346.45,0
2021-06-03 09:53:26,346.45,0
2021-06-03 09:53:27,346.4,0
2021-06-03 09:53:28,346.45,0
2021-06-03 09:53:29,346.45,0
2021-06-03 09:53:30,346.4,0
2021-06-03 09:53:32,346.45,0
2021-06-03 09:53:33,346.4,0
2021-06-03 09:53:34,346.3,0
2021-06-03 09:53:35,346.35,0
2021-06-03 09:53:36,346.35,0
2021-06-03 09:53:37,346.4,0
2021-06-03 09:53:38,346.35,0
2021-06-03 09:53:39,346.35,0
2021-06-03 09:53:40,346.45,0
2021-06-03 09:53:41,346.4,0
2021-06-03 09:53:42,346.5,0
2021-06-03 09:53:44,346.4,0
2021-06-03 09:53:45,346.35,0
2021-06-03 09:53:46,346.4,0
2021-06-03 09:53:47,346.35,0
2021-06-03 09:53:48,346.3,0
2021-06-03 09:53:49,346.35,0
2021-06-03 09:53:50,346.45,0
2021-06-03 09:53:51,346.5,0
2021-06-03 09:53:52,346.35,0
2021-06-03 09:53:53,346.3,0
2021-06-03 09:53:54,346.25,0
2021-06-03 09:53:55,346.25,0
2021-06-03 09:53:56,346.2,0
2021-06-03 09:53:57,346.2,0
2021-06-03 09:53:58,346.2,0
2021-06-03 09:53:59,346.25,0
2021-06-03 09:54:01,346.15,0
2021-06-03 09:54:02,346.25,0
2021-06-03 09:54:03,346.3,0
2021-06-03 09:54:04,346.2,0
2021-06-03 09:54:05,346.2,0
2021-06-03 09:54:06,346.2,0
2021-06-03 09:54:08,346.2,0
2021-06-03 09:54:09,346.25,0
2021-06-03 09:54:10,346.25,0
2021-06-03 09:54:11,346.15,0
2021-06-03 09:54:13,346.1,0
2021-06-03 09:54:14,346.1,0
2021-06-03 09:54:16,346.15,0
2021-06-03 09:54:17,346.1,0
2021-06-03 09:54:18,346.15,0
2021-06-03 09:54:19,346.15,0
2021-06-03 09:54:21,346.1,0
2021-06-03 09:54:23,346.05,0
2021-06-03 09:54:24,346.05,0
2021-06-03 09:54:25,346.1,0
2021-06-03 09:54:26,346.1,0
2021-06-03 09:54:27,346.05,0
2021-06-03 09:54:28,346.05,0
2021-06-03 09:54:29,346.15,0
2021-06-03 09:54:30,346.1,0
2021-06-03 09:54:31,346.05,0
2021-06-03 09:54:32,346.1,0
2021-06-03 09:54:33,346.1,0
2021-06-03 09:54:34,346.1,0
2021-06-03 09:54:35,346.2,0
2021-06-03 09:54:36,346.2,0
2021-06-03 09:54:37,346.15,0
2021-06-03 09:54:38,346.1,0
2021-06-03 09:54:39,346.1,0
2021-06-03 09:54:40,346.1,0
2021-06-03 09:54:41,346.15,0
2021-06-03 09:54:42,346.2,0
2021-06-03 09:54:43,346.2,0
2021-06-03 09:54:44,346.2,0
2021-06-03 09:54:45,346.15,0
2021-06-03 09:54:46,346.1,0
2021-06-03 09:54:47,346.1,0
2021-06-03 09:54:48,346.15,0
2021-06-03 09:54:49,346.2,0
2021-06-03 09:54:50,346.05,0
2021-06-03 09:54:51,346.05,0
2021-06-03 09:54:53,346.05,0
2021-06-03 09:54:54,345.95,0
2021-06-03 09:54:57,345.95,0
2021-06-03 09:54:58,345.9,0
2021-06-03 09:54:59,346.0,0
2021-06-03 09:55:00,345.95,0
2021-06-03 09:55:01,346.0,0
2021-06-03 09:55:02,345.95,0
2021-06-03 09:55:03,345.95,0
2021-06-03 09:55:04,346.0,0
2021-06-03 09:55:05,346.0,0
2021-06-03 09:55:06,345.9,0
2021-06-03 09:55:07,346.0,0
2021-06-03 09:55:08,346.0,0
2021-06-03 09:55:09,345.95,0
2021-06-03 09:55:10,345.9,0
2021-06-03 09:55:12,346.0,0
2021-06-03 09:55:13,346.0,0
2021-06-03 09:55:14,346.1,0
2021-06-03 09:55:15,346.05,0
2021-06-03 09:55:16,346.05,0
2021-06-03 09:55:18,345.95,0
2021-06-03 09:55:19,345.95,0
2021-06-03 09:55:20,345.95,0
2021-06-03 09:55:21,345.9,0
2021-06-03 09:55:22,346.0,0
2021-06-03 09:55:23,346.0,0
2021-06-03 09:55:24,345.95,0
2021-06-03 09:55:25,345.95,0
2021-06-03 09:55:26,346.0,0
2021-06-03 09:55:27,346.0,0
2021-06-03 09:55:28,345.95,0
2021-06-03 09:55:29,345.9,0
2021-06-03 09:55:30,345.9,0
2021-06-03 09:55:31,346.0,0
2021-06-03 09:55:32,346.0,0
2021-06-03 09:55:33,345.9,0
2021-06-03 09:55:34,345.95,0
2021-06-03 09:55:35,346.1,0
2021-06-03 09:55:36,346.0,0
2021-06-03 09:55:37,345.9,0
2021-06-03 09:55:38,345.9,0
2021-06-03 09:55:39,345.9,0
2021-06-03 09:55:40,345.9,0
2021-06-03 09:55:41,346.0,0
2021-06-03 09:55:42,346.0,0
2021-06-03 09:55:43,346.0,0
2021-06-03 09:55:44,346.0,0
2021-06-03 09:55:45,345.9,0
2021-06-03 09:55:46,345.9,0
2021-06-03 09:55:47,345.9,0
2021-06-03 09:55:48,346.0,0
2021-06-03 09:55:49,346.2,0
2021-06-03 09:55:50,346.15,0
2021-06-03 09:55:51,346.1,0
2021-06-03 09:55:52,346.05,0
2021-06-03 09:55:53,346.05,0
2021-06-03 09:55:54,346.05,0
2021-06-03 09:55:55,346.0,0
2021-06-03 09:55:56,346.05,0
2021-06-03 09:55:57,346.05,0
2021-06-03 09:55:58,346.05,0
2021-06-03 09:55:59,346.0,0
2021-06-03 09:56:00,346.0,0
2021-06-03 09:56:01,346.15,0
2021-06-03 09:56:02,346.1,0
2021-06-03 09:56:03,346.25,0
2021-06-03 09:56:04,346.2,0
2021-06-03 09:56:05,346.3,0
2021-06-03 09:56:06,346.3,0
2021-06-03 09:56:09,346.3,0
2021-06-03 09:56:11,346.35,0
2021-06-03 09:56:12,346.35,0
2021-06-03 09:56:13,346.35,0
2021-06-03 09:56:15,346.3,0
2021-06-03 09:56:16,346.3,0
2021-06-03 09:56:17,346.25,0
2021-06-03 09:56:18,346.2,0
2021-06-03 09:56:19,346.25,0
2021-06-03 09:56:20,346.25,0
2021-06-03 09:56:22,346.3,0
2021-06-03 09:56:23,346.35,0
2021-06-03 09:56:24,346.25,0
2021-06-03 09:56:25,346.3,0
2021-06-03 09:56:26,346.35,0
2021-06-03 09:56:27,346.3,0
2021-06-03 09:56:28,346.4,0
2021-06-03 09:56:29,346.45,0
2021-06-03 09:56:30,346.35,0
2021-06-03 09:56:31,346.4,0
2021-06-03 09:56:33,346.4,0
2021-06-03 09:56:34,346.5,0
2021-06-03 09:56:35,346.45,0
2021-06-03 09:56:36,346.45,0
2021-06-03 09:56:37,346.45,0
2021-06-03 09:56:38,346.4,0
2021-06-03 09:56:40,346.55,0
2021-06-03 09:56:41,346.55,0
2021-06-03 09:56:42,346.5,0
2021-06-03 09:56:43,346.55,0
2021-06-03 09:56:45,346.55,0
2021-06-03 09:56:46,346.5,0
2021-06-03 09:56:47,346.55,0
2021-06-03 09:56:48,346.55,0
2021-06-03 09:56:49,346.55,0
2021-06-03 09:56:50,346.6,0
2021-06-03 09:56:51,346.6,0
2021-06-03 09:56:52,346.55,0
2021-06-03 09:56:53,346.55,0
2021-06-03 09:56:54,346.55,0
2021-06-03 09:56:55,346.6,0
2021-06-03 09:56:56,346.55,0
2021-06-03 09:56:57,346.5,0
2021-06-03 09:56:58,346.6,0
2021-06-03 09:56:59,346.55,0
2021-06-03 09:57:01,346.6,0
2021-06-03 09:57:02,346.6,0
2021-06-03 09:57:03,346.6,0
2021-06-03 09:57:04,346.6,0
2021-06-03 09:57:06,346.65,0
2021-06-03 09:57:07,346.55,0
2021-06-03 09:57:09,346.6,0
2021-06-03 09:57:10,346.6,0
2021-06-03 09:57:11,346.6,0
2021-06-03 09:57:13,346.6,0
2021-06-03 09:57:14,346.5,0
2021-06-03 09:57:15,346.5,0
2021-06-03 09:57:16,346.45,0
2021-06-03 09:57:17,346.5,0
2021-06-03 09:57:18,346.5,0
2021-06-03 09:57:19,346.5,0
2021-06-03 09:57:20,346.55,0
2021-06-03 09:57:21,346.4,0
2021-06-03 09:57:22,346.5,0
2021-06-03 09:57:23,346.6,0
2021-06-03 09:57:24,346.45,0
2021-06-03 09:57:25,346.4,0
2021-06-03 09:57:26,346.45,0
2021-06-03 09:57:27,346.55,0
2021-06-03 09:57:28,346.55,0
2021-06-03 09:57:30,346.5,0
2021-06-03 09:57:31,346.45,0
2021-06-03 09:57:32,346.45,0
2021-06-03 09:57:33,346.45,0
2021-06-03 09:57:34,346.35,0
2021-06-03 09:57:35,346.4,0
2021-06-03 09:57:36,346.35,0
2021-06-03 09:57:37,346.4,0
2021-06-03 09:57:38,346.35,0
2021-06-03 09:57:39,346.35,0
2021-06-03 09:57:41,346.3,0
2021-06-03 09:57:42,346.3,0
2021-06-03 09:57:43,346.35,0
2021-06-03 09:57:44,346.35,0
2021-06-03 09:57:45,346.35,0
2021-06-03 09:57:47,346.3,0
2021-06-03 09:57:48,346.35,0
2021-06-03 09:57:49,346.35,0
2021-06-03 09:57:50,346.3,0
2021-06-03 09:57:52,346.25,0
2021-06-03 09:57:53,346.3,0
2021-06-03 09:57:54,346.35,0
2021-06-03 09:57:55,346.3,0
2021-06-03 09:57:56,346.4,0
2021-06-03 09:57:57,346.45,0
2021-06-03 09:57:58,346.4,0
2021-06-03 09:58:00,346.4,0
2021-06-03 09:58:01,346.3,0
2021-06-03 09:58:02,346.3,0
2021-06-03 09:58:03,346.4,0
2021-06-03 09:58:04,346.35,0
2021-06-03 09:58:05,346.4,0
2021-06-03 09:58:06,346.4,0
2021-06-03 09:58:07,346.4,0
2021-06-03 09:58:08,346.4,0
2021-06-03 09:58:09,346.4,0
2021-06-03 09:58:10,346.4,0
2021-06-03 09:58:11,346.45,0
2021-06-03 09:58:12,346.35,0
2021-06-03 09:58:14,346.4,0
2021-06-03 09:58:15,346.35,0
2021-06-03 09:58:16,346.4,0
2021-06-03 09:58:17,346.4,0
2021-06-03 09:58:18,346.35,0
2021-06-03 09:58:19,346.3,0
2021-06-03 09:58:20,346.35,0
2021-06-03 09:58:21,346.35,0
2021-06-03 09:58:22,346.35,0
2021-06-03 09:58:23,346.35,0
2021-06-03 09:58:24,346.35,0
2021-06-03 09:58:25,346.35,0
2021-06-03 09:58:26,346.4,0
2021-06-03 09:58:27,346.35,0
2021-06-03 09:58:28,346.35,0
2021-06-03 09:58:29,346.3,0
2021-06-03 09:58:30,346.3,0
2021-06-03 09:58:31,346.35,0
2021-06-03 09:58:32,346.4,0
2021-06-03 09:58:33,346.35,0
2021-06-03 09:58:34,346.35,0
2021-06-03 09:58:36,346.3,0
2021-06-03 09:58:37,346.3,0
2021-06-03 09:58:38,346.3,0
2021-06-03 09:58:39,346.3,0
2021-06-03 09:58:40,346.3,0
2021-06-03 09:58:41,346.35,0
2021-06-03 09:58:42,346.3,0
2021-06-03 09:58:43,346.3,0
2021-06-03 09:58:44,346.35,0
2021-06-03 09:58:45,346.3,0
2021-06-03 09:58:46,346.35,0
2021-06-03 09:58:48,346.35,0
2021-06-03 09:58:49,346.3,0
2021-06-03 09:58:50,346.35,0
2021-06-03 09:58:51,346.35,0
2021-06-03 09:58:52,346.35,0
2021-06-03 09:58:53,346.3,0
2021-06-03 09:58:56,346.3,0
2021-06-03 09:58:58,346.3,0
2021-06-03 09:59:00,346.35,0
2021-06-03 09:59:02,346.3,0
2021-06-03 09:59:04,346.25,0
2021-06-03 09:59:05,346.2,0
2021-06-03 09:59:06,346.25,0
2021-06-03 09:59:07,346.25,0
2021-06-03 09:59:08,346.3,0
2021-06-03 09:59:09,346.25,0
2021-06-03 09:59:10,346.25,0
2021-06-03 09:59:13,346.2,0
2021-06-03 09:59:14,346.2,0
2021-06-03 09:59:15,346.25,0
2021-06-03 09:59:16,346.2,0
2021-06-03 09:59:17,346.2,0
2021-06-03 09:59:18,346.25,0
2021-06-03 09:59:19,346.25,0
2021-06-03 09:59:20,346.2,0
2021-06-03 09:59:21,346.2,0
2021-06-03 09:59:22,346.2,0
2021-06-03 09:59:23,346.2,0
2021-06-03 09:59:24,346.25,0
2021-06-03 09:59:25,346.25,0
2021-06-03 09:59:26,346.35,0
2021-06-03 09:59:27,346.3,0
2021-06-03 09:59:28,346.3,0
2021-06-03 09:59:29,346.3,0
2021-06-03 09:59:30,346.4,0
2021-06-03 09:59:32,346.3,0
2021-06-03 09:59:33,346.35,0
2021-06-03 09:59:34,346.3,0
2021-06-03 09:59:35,346.4,0
2021-06-03 09:59:36,346.3,0
2021-06-03 09:59:37,346.35,0
2021-06-03 09:59:38,346.4,0
2021-06-03 09:59:39,346.4,0
2021-06-03 09:59:40,346.5,0
2021-06-03 09:59:41,346.45,0
2021-06-03 09:59:42,346.4,0
2021-06-03 09:59:43,346.4,0
2021-06-03 09:59:44,346.45,0
2021-06-03 09:59:45,346.45,0
2021-06-03 09:59:46,346.45,0
2021-06-03 09:59:47,346.35,0
2021-06-03 09:59:48,346.4,0
2021-06-03 09:59:49,346.35,0
2021-06-03 09:59:50,346.4,0
2021-06-03 09:59:51,346.45,0
2021-06-03 09:59:52,346.45,0
2021-06-03 09:59:53,346.5,0
2021-06-03 09:59:54,346.5,0
2021-06-03 09:59:55,346.45,0
2021-06-03 09:59:56,346.45,0
2021-06-03 09:59:59,346.65,0
2021-06-03 10:00:00,346.6,0
2021-06-03 10:00:01,346.6,0
2021-06-03 10:00:02,346.65,0
2021-06-03 10:00:03,346.65,0
2021-06-03 10:00:04,346.75,0
2021-06-03 10:00:05,346.7,0
2021-06-03 10:00:06,346.8,0
2021-06-03 10:00:07,346.85,0
2021-06-03 10:00:08,346.8,0
2021-06-03 10:00:09,346.85,0
2021-06-03 10:00:10,346.8,0
2021-06-03 10:00:11,346.8,0
2021-06-03 10:00:15,346.8,0
2021-06-03 10:00:16,346.75,0
2021-06-03 10:00:17,346.75,0
2021-06-03 10:00:18,346.85,0
2021-06-03 10:00:19,346.85,0
2021-06-03 10:00:20,346.8,0
2021-06-03 10:00:21,346.8,0
2021-06-03 10:00:23,346.9,0
2021-06-03 10:00:24,346.95,0
2021-06-03 10:00:25,347.1,0
2021-06-03 10:00:26,347.0,0
2021-06-03 10:00:28,347.1,0
2021-06-03 10:00:29,347.15,0
2021-06-03 10:00:31,347.05,0
2021-06-03 10:00:32,347.1,0
2021-06-03 10:00:33,347.25,0
2021-06-03 10:00:34,347.25,0
2021-06-03 10:00:35,347.25,0
2021-06-03 10:00:36,347.4,0
2021-06-03 10:00:38,347.4,0
2021-06-03 10:00:40,347.4,0
2021-06-03 10:00:41,347.25,0
2021-06-03 10:00:42,347.25,0
2021-06-03 10:00:43,347.3,0
2021-06-03 10:00:44,347.35,0
2021-06-03 10:00:45,347.35,0
2021-06-03 10:00:46,347.25,0
2021-06-03 10:00:47,347.3,0
2021-06-03 10:00:48,347.3,0
2021-06-03 10:00:49,347.35,0
2021-06-03 10:00:50,347.3,0
2021-06-03 10:00:52,347.4,0
2021-06-03 10:00:53,347.35,0
2021-06-03 10:00:54,347.4,0
2021-06-03 10:00:55,347.35,0
2021-06-03 10:00:56,347.25,0
2021-06-03 10:00:57,347.25,0
2021-06-03 10:00:59,347.25,0
2021-06-03 10:01:01,347.25,0
2021-06-03 10:01:02,347.25,0
2021-06-03 10:01:03,347.25,0
2021-06-03 10:01:04,347.2,0
2021-06-03 10:01:05,347.25,0
2021-06-03 10:01:06,347.2,0
2021-06-03 10:01:07,347.2,0
2021-06-03 10:01:08,347.3,0
2021-06-03 10:01:09,347.15,0
2021-06-03 10:01:10,347.1,0
2021-06-03 10:01:11,347.05,0
2021-06-03 10:01:13,347.15,0
2021-06-03 10:01:14,347.05,0
2021-06-03 10:01:15,347.05,0
2021-06-03 10:01:16,347.15,0
2021-06-03 10:01:17,347.2,0
2021-06-03 10:01:18,347.15,0
2021-06-03 10:01:19,347.25,0
2021-06-03 10:01:20,347.15,0
2021-06-03 10:01:21,347.2,0
2021-06-03 10:01:22,347.3,0
2021-06-03 10:01:23,347.15,0
2021-06-03 10:01:24,347.25,0
2021-06-03 10:01:25,347.3,0
2021-06-03 10:01:26,347.25,0
2021-06-03 10:01:27,347.35,0
2021-06-03 10:01:28,347.2,0
2021-06-03 10:01:29,347.3,0
2021-06-03 10:01:31,347.15,0
2021-06-03 10:01:32,347.2,0
2021-06-03 10:01:33,347.2,0
2021-06-03 10:01:34,347.3,0
2021-06-03 10:01:35,347.35,0
2021-06-03 10:01:36,347.35,0
2021-06-03 10:01:37,347.4,0
2021-06-03 10:01:38,347.4,0
2021-06-03 10:01:39,347.3,0
2021-06-03 10:01:40,347.45,0
2021-06-03 10:01:41,347.45,0
2021-06-03 10:01:42,347.4,0
2021-06-03 10:01:43,347.45,0
2021-06-03 10:01:44,347.45,0
2021-06-03 10:01:45,347.5,0
2021-06-03 10:01:46,347.45,0
2021-06-03 10:01:47,347.45,0
2021-06-03 10:01:48,347.45,0
2021-06-03 10:01:49,347.35,0
2021-06-03 10:01:50,347.35,0
2021-06-03 10:01:51,347.35,0
2021-06-03 10:01:52,347.45,0
2021-06-03 10:01:53,347.35,0
2021-06-03 10:01:54,347.35,0
2021-06-03 10:01:55,347.45,0
2021-06-03 10:01:56,347.35,0
2021-06-03 10:01:57,347.45,0
2021-06-03 10:01:58,347.45,0
2021-06-03 10:01:59,347.5,0
2021-06-03 10:02:00,347.5,0
2021-06-03 10:02:01,347.45,0
2021-06-03 10:02:02,347.5,0
2021-06-03 10:02:04,347.5,0
2021-06-03 10:02:06,347.35,0
2021-06-03 10:02:07,347.45,0
2021-06-03 10:02:08,347.45,0
2021-06-03 10:02:09,347.45,0
2021-06-03 10:02:10,347.5,0
2021-06-03 10:02:11,347.5,0
2021-06-03 10:02:12,347.45,0
2021-06-03 10:02:14,347.5,0
2021-06-03 10:02:15,347.5,0
2021-06-03 10:02:16,347.5,0
2021-06-03 10:02:17,347.5,0
2021-06-03 10:02:18,347.55,0
2021-06-03 10:02:19,347.5,0
2021-06-03 10:02:20,347.4,0
2021-06-03 10:02:21,347.35,0
2021-06-03 10:02:22,347.35,0
2021-06-03 10:02:23,347.45,0
2021-06-03 10:02:25,347.6,0
2021-06-03 10:02:26,347.6,0
2021-06-03 10:02:27,347.55,0
2021-06-03 10:02:28,347.65,0
2021-06-03 10:02:29,347.7,0
2021-06-03 10:02:30,347.65,0
2021-06-03 10:02:31,347.6,0
2021-06-03 10:02:32,347.4,0
2021-06-03 10:02:33,347.45,0
2021-06-03 10:02:34,347.45,0
2021-06-03 10:02:35,347.4,0
2021-06-03 10:02:36,347.3,0
2021-06-03 10:02:37,347.4,0
2021-06-03 10:02:38,347.4,0
2021-06-03 10:02:39,347.35,0
2021-06-03 10:02:42,347.3,0
2021-06-03 10:02:43,347.4,0
2021-06-03 10:02:44,347.5,0
2021-06-03 10:02:45,347.4,0
2021-06-03 10:02:46,347.45,0
2021-06-03 10:02:47,347.35,0
2021-06-03 10:02:48,347.45,0
2021-06-03 10:02:49,347.45,0
2021-06-03 10:02:51,347.4,0
2021-06-03 10:02:52,347.5,0
2021-06-03 10:02:53,347.45,0
2021-06-03 10:02:54,347.45,0
2021-06-03 10:02:55,347.45,0
2021-06-03 10:02:56,347.4,0
2021-06-03 10:02:57,347.4,0
2021-06-03 10:02:58,347.4,0
2021-06-03 10:03:00,347.4,0
2021-06-03 10:03:01,347.4,0
2021-06-03 10:03:02,347.3,0
2021-06-03 10:03:03,347.4,0
2021-06-03 10:03:04,347.35,0
2021-06-03 10:03:06,347.3,0
2021-06-03 10:03:08,347.25,0
2021-06-03 10:03:09,347.2,0
2021-06-03 10:03:10,347.15,0
2021-06-03 10:03:11,347.15,0
2021-06-03 10:03:12,347.15,0
2021-06-03 10:03:13,347.2,0
2021-06-03 10:03:14,347.15,0
2021-06-03 10:03:15,347.15,0
2021-06-03 10:03:16,347.15,0
2021-06-03 10:03:17,347.15,0
2021-06-03 10:03:18,347.15,0
2021-06-03 10:03:19,347.2,0
2021-06-03 10:03:20,347.2,0
2021-06-03 10:03:21,347.2,0
2021-06-03 10:03:22,347.15,0
2021-06-03 10:03:23,347.25,0
2021-06-03 10:03:25,347.25,0
2021-06-03 10:03:26,347.45,0
2021-06-03 10:03:28,347.35,0
2021-06-03 10:03:30,347.4,0
2021-06-03 10:03:31,347.35,0
2021-06-03 10:03:32,347.25,0
2021-06-03 10:03:33,347.35,0
2021-06-03 10:03:34,347.4,0
2021-06-03 10:03:35,347.35,0
2021-06-03 10:03:36,347.35,0
2021-06-03 10:03:37,347.35,0
2021-06-03 10:03:38,347.3,0
2021-06-03 10:03:39,347.35,0
2021-06-03 10:03:40,347.4,0
2021-06-03 10:03:41,347.4,0
2021-06-03 10:03:42,347.35,0
2021-06-03 10:03:43,347.45,0
2021-06-03 10:03:44,347.4,0
2021-06-03 10:03:45,347.3,0
2021-06-03 10:03:46,347.3,0
2021-06-03 10:03:47,347.3,0
2021-06-03 10:03:49,347.3,0
2021-06-03 10:03:50,347.25,0
2021-06-03 10:03:51,347.3,0
2021-06-03 10:03:52,347.25,0
2021-06-03 10:03:53,347.25,0
2021-06-03 10:03:55,347.45,0
2021-06-03 10:03:56,347.45,0
2021-06-03 10:03:57,347.5,0
2021-06-03 10:03:58,347.45,0
2021-06-03 10:03:59,347.4,0
2021-06-03 10:04:00,347.5,0
2021-06-03 10:04:01,347.4,0
2021-06-03 10:04:02,347.45,0
2021-06-03 10:04:03,347.55,0
2021-06-03 10:04:04,347.55,0
2021-06-03 10:04:05,347.5,0
2021-06-03 10:04:07,347.65,0
2021-06-03 10:04:08,347.55,0
2021-06-03 10:04:09,347.65,0
2021-06-03 10:04:10,347.7,0
2021-06-03 10:04:11,347.7,0
2021-06-03 10:04:12,347.65,0
2021-06-03 10:04:13,347.8,0
2021-06-03 10:04:14,347.7,0
2021-06-03 10:04:15,347.75,0
2021-06-03 10:04:16,347.9,0
2021-06-03 10:04:17,347.9,0
2021-06-03 10:04:18,347.9,0
2021-06-03 10:04:20,348.0,0
2021-06-03 10:04:19,347.9,0
2021-06-03 10:04:21,347.95,0
2021-06-03 10:04:22,347.9,0
2021-06-03 10:04:23,347.8,0
2021-06-03 10:04:24,348.0,0
2021-06-03 10:04:25,348.1,0
2021-06-03 10:04:26,348.0,0
2021-06-03 10:04:27,347.9,0
2021-06-03 10:04:28,348.0,0
2021-06-03 10:04:29,348.0,0
2021-06-03 10:04:30,347.95,0
2021-06-03 10:04:31,347.8,0
2021-06-03 10:04:32,347.8,0
2021-06-03 10:04:33,347.85,0
2021-06-03 10:04:34,347.9,0
2021-06-03 10:04:35,347.95,0
2021-06-03 10:04:36,348.1,0
2021-06-03 10:04:37,348.1,0
2021-06-03 10:04:38,348.1,0
2021-06-03 10:04:39,348.2,0
2021-06-03 10:04:40,348.2,0
2021-06-03 10:04:41,348.1,0
2021-06-03 10:04:42,348.0,0
2021-06-03 10:04:43,348.1,0
2021-06-03 10:04:44,348.05,0
2021-06-03 10:04:45,348.05,0
2021-06-03 10:04:46,348.05,0
2021-06-03 10:04:47,348.05,0
2021-06-03 10:04:48,348.05,0
2021-06-03 10:04:49,348.0,0
2021-06-03 10:04:50,348.05,0
2021-06-03 10:04:51,348.1,0
2021-06-03 10:04:52,348.05,0
2021-06-03 10:04:53,347.95,0
2021-06-03 10:04:54,348.1,0
2021-06-03 10:04:55,348.05,0
2021-06-03 10:04:56,348.0,0
2021-06-03 10:04:57,348.05,0
2021-06-03 10:04:58,348.15,0
2021-06-03 10:04:59,348.3,0
2021-06-03 10:05:01,348.25,0
2021-06-03 10:05:02,348.15,0
2021-06-03 10:05:03,348.3,0
2021-06-03 10:05:04,348.2,0
2021-06-03 10:05:06,348.3,0
2021-06-03 10:05:07,348.35,0
2021-06-03 10:05:08,348.45,0
2021-06-03 10:05:09,348.45,0
2021-06-03 10:05:11,348.5,0
2021-06-03 10:05:12,348.45,0
2021-06-03 10:05:14,348.35,0
2021-06-03 10:05:15,348.45,0
2021-06-03 10:05:16,348.45,0
2021-06-03 10:05:17,348.45,0
2021-06-03 10:05:18,348.4,0
2021-06-03 10:05:19,348.45,0
2021-06-03 10:05:21,348.25,0
2021-06-03 10:05:22,348.3,0
2021-06-03 10:05:23,348.35,0
2021-06-03 10:05:24,348.35,0
2021-06-03 10:05:25,348.35,0
2021-06-03 10:05:26,348.35,0
2021-06-03 10:05:27,348.35,0
2021-06-03 10:05:28,348.35,0
2021-06-03 10:05:29,348.4,0
2021-06-03 10:05:30,348.45,0
2021-06-03 10:05:31,348.4,0
2021-06-03 10:05:33,348.4,0
2021-06-03 10:05:34,348.35,0
2021-06-03 10:05:35,348.4,0
2021-06-03 10:05:37,348.35,0
2021-06-03 10:05:38,348.35,0
2021-06-03 10:05:39,348.4,0
2021-06-03 10:05:40,348.4,0
2021-06-03 10:05:41,348.35,0
2021-06-03 10:05:42,348.4,0
2021-06-03 10:05:43,348.35,0
2021-06-03 10:05:44,348.4,0
2021-06-03 10:05:45,348.45,0
2021-06-03 10:05:46,348.45,0
2021-06-03 10:05:47,348.45,0
2021-06-03 10:05:48,348.5,0
2021-06-03 10:05:49,348.45,0
2021-06-03 10:05:50,348.5,0
2021-06-03 10:05:51,348.5,0
2021-06-03 10:05:53,348.5,0
2021-06-03 10:05:54,348.45,0
2021-06-03 10:05:55,348.5,0
2021-06-03 10:05:56,348.45,0
2021-06-03 10:05:57,348.5,0
2021-06-03 10:05:58,348.45,0
2021-06-03 10:05:59,348.45,0
2021-06-03 10:06:00,348.45,0
2021-06-03 10:06:01,348.45,0
2021-06-03 10:06:02,348.45,0
2021-06-03 10:06:03,348.4,0
2021-06-03 10:06:04,348.4,0
2021-06-03 10:06:05,348.45,0
2021-06-03 10:06:06,348.4,0
2021-06-03 10:06:07,348.45,0
2021-06-03 10:06:08,348.5,0
2021-06-03 10:06:11,348.55,0
2021-06-03 10:06:12,348.45,0
2021-06-03 10:06:13,348.55,0
2021-06-03 10:06:14,348.55,0
2021-06-03 10:06:15,348.5,0
2021-06-03 10:06:16,348.55,0
2021-06-03 10:06:17,348.5,0
2021-06-03 10:06:18,348.6,0
2021-06-03 10:06:19,348.5,0
2021-06-03 10:06:20,348.45,0
2021-06-03 10:06:22,348.55,0
2021-06-03 10:06:23,348.5,0
2021-06-03 10:06:24,348.45,0
2021-06-03 10:06:26,348.4,0
2021-06-03 10:06:27,348.45,0
2021-06-03 10:06:28,348.45,0
2021-06-03 10:06:29,348.5,0
2021-06-03 10:06:30,348.45,0
2021-06-03 10:06:31,348.55,0
2021-06-03 10:06:32,348.55,0
2021-06-03 10:06:33,348.55,0
2021-06-03 10:06:34,348.5,0
2021-06-03 10:06:35,348.55,0
2021-06-03 10:06:36,348.55,0
2021-06-03 10:06:39,348.65,0
2021-06-03 10:06:41,348.7,0
2021-06-03 10:06:42,348.75,0
2021-06-03 10:06:43,348.75,0
2021-06-03 10:06:44,348.65,0
2021-06-03 10:06:46,348.65,0
2021-06-03 10:06:47,348.7,0
2021-06-03 10:06:48,348.75,0
2021-06-03 10:06:49,348.8,0
2021-06-03 10:06:50,348.8,0
2021-06-03 10:06:51,348.8,0
2021-06-03 10:06:52,348.9,0
2021-06-03 10:06:53,348.85,0
2021-06-03 10:06:54,349.0,0
2021-06-03 10:06:55,349.05,0
2021-06-03 10:06:56,349.0,0
2021-06-03 10:06:57,349.05,0
2021-06-03 10:06:58,349.0,0
2021-06-03 10:07:00,348.9,0
2021-06-03 10:07:01,349.0,0
2021-06-03 10:07:02,349.05,0
2021-06-03 10:07:03,349.1,0
2021-06-03 10:07:04,348.95,0
2021-06-03 10:07:05,348.9,0
2021-06-03 10:07:06,348.9,0
2021-06-03 10:07:07,348.9,0
2021-06-03 10:07:08,348.9,0
2021-06-03 10:07:10,349.0,0
2021-06-03 10:07:11,348.95,0
2021-06-03 10:07:12,348.85,0
2021-06-03 10:07:13,348.85,0
2021-06-03 10:07:14,348.9,0
2021-06-03 10:07:15,348.9,0
2021-06-03 10:07:16,348.95,0
2021-06-03 10:07:17,349.05,0
2021-06-03 10:07:18,349.0,0
2021-06-03 10:07:19,349.0,0
2021-06-03 10:07:20,348.95,0
2021-06-03 10:07:21,348.9,0
2021-06-03 10:07:22,348.9,0
2021-06-03 10:07:23,348.9,0
2021-06-03 10:07:24,349.0,0
2021-06-03 10:07:25,348.95,0
2021-06-03 10:07:26,349.0,0
2021-06-03 10:07:27,349.05,0
2021-06-03 10:07:28,349.05,0
2021-06-03 10:07:29,348.95,0
2021-06-03 10:07:30,349.0,0
2021-06-03 10:07:31,349.1,0
2021-06-03 10:07:32,349.05,0
2021-06-03 10:07:33,349.0,0
2021-06-03 10:07:34,349.0,0
2021-06-03 10:07:36,348.95,0
2021-06-03 10:07:37,348.9,0
2021-06-03 10:07:38,348.95,0
2021-06-03 10:07:39,348.95,0
2021-06-03 10:07:40,349.0,0
2021-06-03 10:07:41,348.95,0
2021-06-03 10:07:42,348.95,0
2021-06-03 10:07:43,348.9,0
2021-06-03 10:07:44,348.9,0
2021-06-03 10:07:45,348.95,0
2021-06-03 10:07:46,348.95,0
2021-06-03 10:07:47,349.0,0
2021-06-03 10:07:48,348.85,0
2021-06-03 10:07:49,348.9,0
2021-06-03 10:07:50,348.95,0
2021-06-03 10:07:51,348.8,0
2021-06-03 10:07:52,348.8,0
2021-06-03 10:07:53,348.85,0
2021-06-03 10:07:54,348.8,0
2021-06-03 10:07:55,348.85,0
2021-06-03 10:07:56,348.8,0
2021-06-03 10:07:57,348.95,0
2021-06-03 10:07:58,348.9,0
2021-06-03 10:07:59,348.8,0
2021-06-03 10:08:00,348.85,0
2021-06-03 10:08:01,348.85,0
2021-06-03 10:08:02,348.8,0
2021-06-03 10:08:04,348.85,0
2021-06-03 10:08:05,348.85,0
2021-06-03 10:08:06,348.9,0
2021-06-03 10:08:07,349.05,0
2021-06-03 10:08:08,349.05,0
2021-06-03 10:08:09,349.1,0
2021-06-03 10:08:10,349.0,0
2021-06-03 10:08:11,349.15,0
2021-06-03 10:08:12,349.1,0
2021-06-03 10:08:13,349.1,0
2021-06-03 10:08:14,349.05,0
2021-06-03 10:08:15,349.15,0
2021-06-03 10:08:16,349.05,0
2021-06-03 10:08:17,349.1,0
2021-06-03 10:08:18,349.0,0
2021-06-03 10:08:19,349.15,0
2021-06-03 10:08:20,349.15,0
2021-06-03 10:08:21,349.0,0
2021-06-03 10:08:22,349.15,0
2021-06-03 10:08:23,349.1,0
2021-06-03 10:08:24,349.05,0
2021-06-03 10:08:25,349.1,0
2021-06-03 10:08:26,349.15,0
2021-06-03 10:08:27,349.0,0
2021-06-03 10:08:28,349.2,0
2021-06-03 10:08:29,349.2,0
2021-06-03 10:08:30,349.2,0
2021-06-03 10:08:31,349.3,0
2021-06-03 10:08:32,349.3,0
2021-06-03 10:08:33,349.35,0
2021-06-03 10:08:34,349.3,0
2021-06-03 10:08:35,349.4,0
2021-06-03 10:08:36,349.5,0
2021-06-03 10:08:37,349.45,0
2021-06-03 10:08:38,349.4,0
2021-06-03 10:08:39,349.4,0
2021-06-03 10:08:40,349.4,0
2021-06-03 10:08:41,349.5,0
2021-06-03 10:08:42,349.45,0
2021-06-03 10:08:43,349.45,0
2021-06-03 10:08:44,349.5,0
2021-06-03 10:08:45,349.5,0
2021-06-03 10:08:46,349.5,0
2021-06-03 10:08:47,349.55,0
2021-06-03 10:08:48,349.45,0
2021-06-03 10:08:51,349.5,0
2021-06-03 10:08:52,349.5,0
2021-06-03 10:08:53,349.4,0
2021-06-03 10:08:54,349.4,0
2021-06-03 10:08:55,349.3,0
2021-06-03 10:08:56,349.45,0
2021-06-03 10:08:57,349.45,0
2021-06-03 10:08:58,349.4,0
2021-06-03 10:08:59,349.4,0
2021-06-03 10:09:00,349.35,0
2021-06-03 10:09:01,349.4,0
2021-06-03 10:09:02,349.45,0
2021-06-03 10:09:03,349.45,0
2021-06-03 10:09:04,349.45,0
2021-06-03 10:09:05,349.55,0
2021-06-03 10:09:06,349.5,0
2021-06-03 10:09:07,349.45,0
2021-06-03 10:09:08,349.5,0
2021-06-03 10:09:09,349.4,0
2021-06-03 10:09:10,349.4,0
2021-06-03 10:09:11,349.35,0
2021-06-03 10:09:12,349.4,0
2021-06-03 10:09:13,349.35,0
2021-06-03 10:09:14,349.35,0
2021-06-03 10:09:15,349.4,0
2021-06-03 10:09:16,349.45,0
2021-06-03 10:09:17,349.4,0
2021-06-03 10:09:18,349.4,0
2021-06-03 10:09:19,349.55,0
2021-06-03 10:09:21,349.55,0
2021-06-03 10:09:24,349.5,0
2021-06-03 10:09:25,349.55,0
2021-06-03 10:09:26,349.55,0
2021-06-03 10:09:27,349.65,0
2021-06-03 10:09:29,349.6,0
2021-06-03 10:09:30,349.6,0
2021-06-03 10:09:31,349.55,0
2021-06-03 10:09:32,349.65,0
2021-06-03 10:09:33,349.65,0
2021-06-03 10:09:34,349.6,0
2021-06-03 10:09:35,349.6,0
2021-06-03 10:09:36,349.65,0
2021-06-03 10:09:37,349.65,0
2021-06-03 10:09:38,349.6,0
2021-06-03 10:09:39,349.7,0
2021-06-03 10:09:40,349.6,0
2021-06-03 10:09:41,349.55,0
2021-06-03 10:09:42,349.6,0
2021-06-03 10:09:43,349.65,0
2021-06-03 10:09:44,349.6,0
2021-06-03 10:09:45,349.65,0
2021-06-03 10:09:46,349.75,0
2021-06-03 10:09:47,349.8,0
2021-06-03 10:09:48,349.75,0
2021-06-03 10:09:49,349.75,0
2021-06-03 10:09:50,349.8,0
2021-06-03 10:09:51,349.8,0
2021-06-03 10:09:52,349.85,0
2021-06-03 10:09:53,349.9,0
2021-06-03 10:09:54,349.85,0
2021-06-03 10:09:55,349.95,0
2021-06-03 10:09:56,349.9,0
2021-06-03 10:09:57,349.95,0
2021-06-03 10:09:58,349.9,0
2021-06-03 10:09:59,349.95,0
2021-06-03 10:10:00,350.1,0
2021-06-03 10:10:01,350.05,0
2021-06-03 10:10:02,350.0,0
2021-06-03 10:10:04,350.1,0
2021-06-03 10:10:05,350.2,0
2021-06-03 10:10:06,350.15,0
2021-06-03 10:10:07,350.2,0
2021-06-03 10:10:08,350.2,0
2021-06-03 10:10:09,350.25,0
2021-06-03 10:10:10,350.25,0
2021-06-03 10:10:11,350.25,0
2021-06-03 10:10:12,350.3,0
2021-06-03 10:10:13,350.4,0
2021-06-03 10:10:14,350.3,0
2021-06-03 10:10:16,350.35,0
2021-06-03 10:10:17,350.4,0
2021-06-03 10:10:18,350.4,0
2021-06-03 10:10:19,350.45,0
2021-06-03 10:10:20,350.45,0
2021-06-03 10:10:21,350.55,0
2021-06-03 10:10:23,350.55,0
2021-06-03 10:10:24,350.55,0
2021-06-03 10:10:25,350.6,0
2021-06-03 10:10:26,350.65,0
2021-06-03 10:10:27,350.5,0
2021-06-03 10:10:28,350.45,0
2021-06-03 10:10:29,350.45,0
2021-06-03 10:10:30,350.45,0
2021-06-03 10:10:31,350.4,0
2021-06-03 10:10:33,350.35,0
2021-06-03 10:10:34,350.25,0
2021-06-03 10:10:38,350.2,0
2021-06-03 10:10:39,350.1,0
2021-06-03 10:10:40,350.15,0
2021-06-03 10:10:41,350.15,0
2021-06-03 10:10:42,350.1,0
2021-06-03 10:10:43,350.1,0
2021-06-03 10:10:45,350.15,0
2021-06-03 10:10:46,350.1,0
2021-06-03 10:10:47,350.15,0
2021-06-03 10:10:48,350.15,0
2021-06-03 10:10:49,350.2,0
2021-06-03 10:10:50,350.15,0
2021-06-03 10:10:51,350.15,0
2021-06-03 10:10:52,350.25,0
2021-06-03 10:10:53,350.15,0
2021-06-03 10:10:54,350.2,0
2021-06-03 10:10:55,350.2,0
2021-06-03 10:10:57,350.15,0
2021-06-03 10:10:58,350.2,0
2021-06-03 10:10:59,350.25,0
2021-06-03 10:11:00,350.25,0
2021-06-03 10:11:01,350.35,0
2021-06-03 10:11:02,350.3,0
2021-06-03 10:11:03,350.2,0
2021-06-03 10:11:04,350.25,0
2021-06-03 10:11:05,350.2,0
2021-06-03 10:11:06,350.1,0
2021-06-03 10:11:07,350.35,0
2021-06-03 10:11:08,350.25,0
2021-06-03 10:11:09,350.3,0
2021-06-03 10:11:10,350.25,0
2021-06-03 10:11:11,350.3,0
2021-06-03 10:11:12,350.4,0
2021-06-03 10:11:13,350.4,0
2021-06-03 10:11:14,350.3,0
2021-06-03 10:11:15,350.4,0
2021-06-03 10:11:16,350.3,0
2021-06-03 10:11:17,350.4,0
2021-06-03 10:11:19,350.5,0
2021-06-03 10:11:20,350.6,0
2021-06-03 10:11:22,350.55,0
2021-06-03 10:11:23,350.5,0
2021-06-03 10:11:24,350.65,0
2021-06-03 10:11:25,350.6,0
2021-06-03 10:11:26,350.65,0
2021-06-03 10:11:27,350.6,0
2021-06-03 10:11:28,350.55,0
2021-06-03 10:11:29,350.55,0
2021-06-03 10:11:30,350.6,0
2021-06-03 10:11:31,350.5,0
2021-06-03 10:11:32,350.5,0
2021-06-03 10:11:34,350.55,0
2021-06-03 10:11:35,350.6,0
2021-06-03 10:11:36,350.7,0
2021-06-03 10:11:38,350.55,0
2021-06-03 10:11:39,350.6,0
2021-06-03 10:11:40,350.55,0
2021-06-03 10:11:41,350.65,0
2021-06-03 10:11:42,350.6,0
2021-06-03 10:11:43,350.6,0
2021-06-03 10:11:44,350.55,0
2021-06-03 10:11:45,350.6,0
2021-06-03 10:11:46,350.55,0
2021-06-03 10:11:48,350.55,0
2021-06-03 10:11:49,350.55,0
2021-06-03 10:11:50,350.5,0
2021-06-03 10:11:51,350.6,0
2021-06-03 10:11:52,350.75,0
2021-06-03 10:11:53,350.7,0
2021-06-03 10:11:54,350.75,0
2021-06-03 10:11:55,350.8,0
2021-06-03 10:11:56,350.75,0
2021-06-03 10:11:58,350.75,0
2021-06-03 10:12:00,350.9,0
2021-06-03 10:12:01,350.75,0
2021-06-03 10:12:02,350.85,0
2021-06-03 10:12:03,350.9,0
2021-06-03 10:12:04,350.95,0
2021-06-03 10:12:05,350.9,0
2021-06-03 10:12:06,350.85,0
2021-06-03 10:12:07,350.9,0
2021-06-03 10:12:08,350.95,0
2021-06-03 10:12:09,350.8,0
2021-06-03 10:12:11,350.85,0
2021-06-03 10:12:12,350.95,0
2021-06-03 10:12:13,351.0,0
2021-06-03 10:12:14,350.95,0
2021-06-03 10:12:15,350.95,0
2021-06-03 10:12:16,350.95,0
2021-06-03 10:12:18,350.9,0
2021-06-03 10:12:19,350.9,0
2021-06-03 10:12:20,350.85,0
2021-06-03 10:12:21,350.85,0
2021-06-03 10:12:23,350.95,0
2021-06-03 10:12:24,350.95,0
2021-06-03 10:12:25,350.9,0
2021-06-03 10:12:26,350.95,0
2021-06-03 10:12:27,350.9,0
2021-06-03 10:12:28,350.9,0
2021-06-03 10:12:29,350.8,0
2021-06-03 10:12:30,350.85,0
2021-06-03 10:12:31,350.9,0
2021-06-03 10:12:32,350.85,0
2021-06-03 10:12:33,350.9,0
2021-06-03 10:12:34,351.0,0
2021-06-03 10:12:35,351.0,0
2021-06-03 10:12:36,350.95,0
2021-06-03 10:12:37,351.0,0
2021-06-03 10:12:38,351.05,0
2021-06-03 10:12:39,351.0,0
2021-06-03 10:12:40,351.15,0
2021-06-03 10:12:41,351.1,0
2021-06-03 10:12:42,351.15,0
2021-06-03 10:12:43,351.05,0
2021-06-03 10:12:44,351.1,0
2021-06-03 10:12:45,351.1,0
2021-06-03 10:12:46,351.15,0
2021-06-03 10:12:47,351.2,0
2021-06-03 10:12:48,351.25,0
2021-06-03 10:12:50,351.2,0
2021-06-03 10:12:51,351.25,0
2021-06-03 10:12:52,351.15,0
2021-06-03 10:12:54,351.25,0
2021-06-03 10:12:55,351.2,0
2021-06-03 10:12:56,351.2,0
2021-06-03 10:12:57,351.3,0
2021-06-03 10:12:58,351.35,0
2021-06-03 10:12:59,351.3,0
2021-06-03 10:13:01,351.2,0
2021-06-03 10:13:02,351.3,0
2021-06-03 10:13:03,351.3,0
2021-06-03 10:13:04,351.3,0
2021-06-03 10:13:05,351.25,0
2021-06-03 10:13:06,351.25,0
2021-06-03 10:13:08,351.25,0
2021-06-03 10:13:09,351.35,0
2021-06-03 10:13:10,351.3,0
2021-06-03 10:13:11,351.3,0
2021-06-03 10:13:12,351.3,0
2021-06-03 10:13:13,351.25,0
2021-06-03 10:13:14,351.25,0
2021-06-03 10:13:16,351.1,0
2021-06-03 10:13:17,351.2,0
2021-06-03 10:13:18,351.15,0
2021-06-03 10:13:19,351.1,0
2021-06-03 10:13:20,351.15,0
2021-06-03 10:13:21,351.05,0
2021-06-03 10:13:22,351.15,0
2021-06-03 10:13:23,351.05,0
2021-06-03 10:13:25,351.05,0
2021-06-03 10:13:28,351.1,0
2021-06-03 10:13:29,351.05,0
2021-06-03 10:13:30,351.15,0
2021-06-03 10:13:31,351.15,0
2021-06-03 10:13:32,351.15,0
2021-06-03 10:13:34,351.05,0
2021-06-03 10:13:33,351.05,0
2021-06-03 10:13:35,351.1,0
2021-06-03 10:13:36,351.05,0
2021-06-03 10:13:37,351.1,0
2021-06-03 10:13:38,351.3,0
2021-06-03 10:13:40,351.1,0
2021-06-03 10:13:41,351.1,0
2021-06-03 10:13:42,351.2,0
2021-06-03 10:13:43,351.1,0
2021-06-03 10:13:44,351.1,0
2021-06-03 10:13:46,351.1,0
2021-06-03 10:13:47,351.05,0
2021-06-03 10:13:48,351.05,0
2021-06-03 10:13:49,351.0,0
2021-06-03 10:13:50,351.05,0
2021-06-03 10:13:51,351.1,0
2021-06-03 10:13:52,351.15,0
2021-06-03 10:13:53,351.05,0
2021-06-03 10:13:54,351.2,0
2021-06-03 10:13:55,351.2,0
2021-06-03 10:13:57,351.2,0
2021-06-03 10:13:59,351.2,0
2021-06-03 10:14:00,351.1,0
2021-06-03 10:14:01,351.05,0
2021-06-03 10:14:02,351.1,0
2021-06-03 10:14:04,351.05,0
2021-06-03 10:14:05,351.1,0
2021-06-03 10:14:07,351.0,0
2021-06-03 10:14:08,350.95,0
2021-06-03 10:14:09,351.05,0
2021-06-03 10:14:10,351.1,0
2021-06-03 10:14:11,351.05,0
2021-06-03 10:14:12,351.05,0
2021-06-03 10:14:13,351.05,0
2021-06-03 10:14:14,351.1,0
2021-06-03 10:14:15,351.1,0
2021-06-03 10:14:17,351.2,0
2021-06-03 10:14:18,351.25,0
2021-06-03 10:14:19,351.2,0
2021-06-03 10:14:20,351.15,0
2021-06-03 10:14:21,351.15,0
2021-06-03 10:14:22,351.15,0
2021-06-03 10:14:23,351.05,0
2021-06-03 10:14:24,351.1,0
2021-06-03 10:14:25,351.05,0
2021-06-03 10:14:26,351.1,0
2021-06-03 10:14:27,351.2,0
2021-06-03 10:14:28,351.1,0
2021-06-03 10:14:29,351.1,0
2021-06-03 10:14:30,351.15,0
2021-06-03 10:14:31,351.0,0
2021-06-03 10:14:32,351.1,0
2021-06-03 10:14:33,351.15,0
2021-06-03 10:14:34,351.1,0
2021-06-03 10:14:35,351.05,0
2021-06-03 10:14:36,351.05,0
2021-06-03 10:14:37,351.05,0
2021-06-03 10:14:38,351.05,0
2021-06-03 10:14:39,351.05,0
2021-06-03 10:14:40,351.0,0
2021-06-03 10:14:41,351.1,0
2021-06-03 10:14:43,350.9,0
2021-06-03 10:14:44,350.85,0
2021-06-03 10:14:45,350.85,0
2021-06-03 10:14:46,350.85,0
2021-06-03 10:14:47,350.85,0
2021-06-03 10:14:48,351.0,0
2021-06-03 10:14:49,351.0,0
2021-06-03 10:14:50,351.0,0
2021-06-03 10:14:51,351.05,0
2021-06-03 10:14:52,351.15,0
2021-06-03 10:14:53,351.1,0
2021-06-03 10:14:54,351.1,0
2021-06-03 10:14:55,351.2,0
2021-06-03 10:14:56,351.15,0
2021-06-03 10:14:57,351.15,0
2021-06-03 10:14:58,351.15,0
2021-06-03 10:14:59,351.05,0
2021-06-03 10:15:00,351.05,0
2021-06-03 10:15:01,351.1,0
2021-06-03 10:15:02,351.15,0
2021-06-03 10:15:03,351.15,0
2021-06-03 10:15:04,351.05,0
2021-06-03 10:15:05,351.05,0
2021-06-03 10:15:06,351.1,0
2021-06-03 10:15:07,351.05,0
2021-06-03 10:15:08,351.05,0
2021-06-03 10:15:09,351.4,0
2021-06-03 10:15:10,351.4,0
2021-06-03 10:15:11,351.4,0
2021-06-03 10:15:12,351.35,0
2021-06-03 10:15:13,351.5,0
2021-06-03 10:15:14,351.4,0
2021-06-03 10:15:15,351.45,0
2021-06-03 10:15:16,351.45,0
2021-06-03 10:15:17,351.55,0
2021-06-03 10:15:18,351.7,0
2021-06-03 10:15:19,351.6,0
2021-06-03 10:15:20,351.6,0
2021-06-03 10:15:21,351.7,0
2021-06-03 10:15:22,351.6,0
2021-06-03 10:15:23,351.6,0
2021-06-03 10:15:24,351.65,0
2021-06-03 10:15:25,351.65,0
2021-06-03 10:15:26,351.65,0
2021-06-03 10:15:27,351.6,0
2021-06-03 10:15:28,351.6,0
2021-06-03 10:15:29,351.6,0
2021-06-03 10:15:30,351.6,0
2021-06-03 10:15:31,351.65,0
2021-06-03 10:15:32,351.7,0
2021-06-03 10:15:33,351.6,0
2021-06-03 10:15:34,351.55,0
2021-06-03 10:15:35,351.55,0
2021-06-03 10:15:37,351.5,0
2021-06-03 10:15:38,351.7,0
2021-06-03 10:15:39,351.65,0
2021-06-03 10:15:40,351.9,0
2021-06-03 10:15:41,351.95,0
2021-06-03 10:15:42,351.9,0
2021-06-03 10:15:44,351.9,0
2021-06-03 10:15:45,352.0,0
2021-06-03 10:15:46,351.95,0
2021-06-03 10:15:47,351.9,0
2021-06-03 10:15:49,351.9,0
2021-06-03 10:15:50,351.95,0
2021-06-03 10:15:51,352.0,0
2021-06-03 10:15:52,351.95,0
2021-06-03 10:15:53,352.05,0
2021-06-03 10:15:54,352.1,0
2021-06-03 10:15:55,351.95,0
2021-06-03 10:15:56,351.95,0
2021-06-03 10:15:57,352.05,0
2021-06-03 10:15:58,352.05,0
2021-06-03 10:15:59,351.95,0
2021-06-03 10:16:00,351.95,0
2021-06-03 10:16:01,351.95,0
2021-06-03 10:16:02,352.0,0
2021-06-03 10:16:03,351.95,0
2021-06-03 10:16:04,351.95,0
2021-06-03 10:16:05,351.95,0
2021-06-03 10:16:06,351.95,0
2021-06-03 10:16:07,351.85,0
2021-06-03 10:16:08,351.85,0
2021-06-03 10:16:09,351.95,0
2021-06-03 10:16:10,351.95,0
2021-06-03 10:16:12,351.9,0
2021-06-03 10:16:13,351.95,0
2021-06-03 10:16:14,351.95,0
2021-06-03 10:16:15,352.0,0
2021-06-03 10:16:16,351.95,0
2021-06-03 10:16:17,351.95,0
2021-06-03 10:16:18,351.9,0
2021-06-03 10:16:19,351.95,0
2021-06-03 10:16:20,352.05,0
2021-06-03 10:16:21,351.95,0
2021-06-03 10:16:23,351.9,0
2021-06-03 10:16:24,351.85,0
2021-06-03 10:16:25,351.95,0
2021-06-03 10:16:26,351.8,0
2021-06-03 10:16:27,351.9,0
2021-06-03 10:16:28,351.85,0
2021-06-03 10:16:29,351.9,0
2021-06-03 10:16:30,351.85,0
2021-06-03 10:16:31,351.9,0
2021-06-03 10:16:32,351.8,0
2021-06-03 10:16:33,351.8,0
2021-06-03 10:16:35,351.85,0
2021-06-03 10:16:36,351.85,0
2021-06-03 10:16:37,351.85,0
2021-06-03 10:16:38,351.75,0
2021-06-03 10:16:40,351.75,0
2021-06-03 10:16:41,351.8,0
2021-06-03 10:16:42,351.8,0
2021-06-03 10:16:43,351.8,0
2021-06-03 10:16:44,351.65,0
2021-06-03 10:16:45,351.8,0
2021-06-03 10:16:46,351.8,0
2021-06-03 10:16:47,351.85,0
2021-06-03 10:16:49,351.75,0
2021-06-03 10:16:50,351.75,0
2021-06-03 10:16:51,351.65,0
2021-06-03 10:16:52,351.75,0
2021-06-03 10:16:53,351.8,0
2021-06-03 10:16:54,351.75,0
2021-06-03 10:16:55,351.65,0
2021-06-03 10:16:56,351.7,0
2021-06-03 10:16:57,351.7,0
2021-06-03 10:16:58,351.65,0
2021-06-03 10:16:59,351.7,0
2021-06-03 10:17:00,351.7,0
2021-06-03 10:17:01,351.65,0
2021-06-03 10:17:02,351.65,0
2021-06-03 10:17:03,351.75,0
2021-06-03 10:17:04,351.75,0
2021-06-03 10:17:05,351.7,0
2021-06-03 10:17:06,351.75,0
2021-06-03 10:17:07,351.7,0
2021-06-03 10:17:08,351.65,0
2021-06-03 10:17:09,351.65,0
2021-06-03 10:17:10,351.75,0
2021-06-03 10:17:11,351.7,0
2021-06-03 10:17:12,351.7,0
2021-06-03 10:17:13,351.7,0
2021-06-03 10:17:14,351.75,0
2021-06-03 10:17:15,351.7,0
2021-06-03 10:17:16,351.8,0
2021-06-03 10:17:17,351.7,0
2021-06-03 10:17:18,351.65,0
2021-06-03 10:17:19,351.65,0
2021-06-03 10:17:20,351.7,0
2021-06-03 10:17:21,351.6,0
2021-06-03 10:17:22,351.7,0
2021-06-03 10:17:23,351.55,0
2021-06-03 10:17:24,351.65,0
2021-06-03 10:17:25,351.6,0
2021-06-03 10:17:26,351.75,0
2021-06-03 10:17:27,351.75,0
2021-06-03 10:17:28,351.9,0
2021-06-03 10:17:29,351.8,0
2021-06-03 10:17:30,351.75,0
2021-06-03 10:17:31,351.75,0
2021-06-03 10:17:32,351.7,0
2021-06-03 10:17:33,351.7,0
2021-06-03 10:17:34,351.7,0
2021-06-03 10:17:35,351.65,0
2021-06-03 10:17:36,351.6,0
2021-06-03 10:17:37,351.6,0
2021-06-03 10:17:38,351.6,0
2021-06-03 10:17:40,351.55,0
2021-06-03 10:17:41,351.7,0
2021-06-03 10:17:42,351.7,0
2021-06-03 10:17:47,351.65,0
2021-06-03 10:17:48,351.65,0
2021-06-03 10:17:49,351.7,0
2021-06-03 10:17:50,351.65,0
2021-06-03 10:17:51,351.75,0
2021-06-03 10:17:52,351.75,0
2021-06-03 10:17:54,351.65,0
2021-06-03 10:17:55,351.65,0
2021-06-03 10:17:56,351.6,0
2021-06-03 10:17:57,351.55,0
2021-06-03 10:17:58,351.65,0
2021-06-03 10:17:59,351.7,0
2021-06-03 10:18:01,351.75,0
2021-06-03 10:18:02,351.75,0
2021-06-03 10:18:03,351.75,0
2021-06-03 10:18:04,351.65,0
2021-06-03 10:18:06,351.6,0
2021-06-03 10:18:07,351.8,0
2021-06-03 10:18:08,351.75,0
2021-06-03 10:18:09,351.75,0
2021-06-03 10:18:10,351.8,0
2021-06-03 10:18:11,351.75,0
2021-06-03 10:18:12,351.75,0
2021-06-03 10:18:13,351.75,0
2021-06-03 10:18:14,351.8,0
2021-06-03 10:18:15,351.75,0
2021-06-03 10:18:17,351.75,0
2021-06-03 10:18:18,351.85,0
2021-06-03 10:18:19,351.8,0
2021-06-03 10:18:20,351.85,0
2021-06-03 10:18:21,351.85,0
2021-06-03 10:18:22,351.85,0
2021-06-03 10:18:23,351.85,0
2021-06-03 10:18:24,351.9,0
2021-06-03 10:18:25,351.95,0
2021-06-03 10:18:26,351.9,0
2021-06-03 10:18:27,352.0,0
2021-06-03 10:18:28,351.85,0
2021-06-03 10:18:29,351.95,0
2021-06-03 10:18:30,351.95,0
2021-06-03 10:18:31,351.9,0
2021-06-03 10:18:32,352.0,0
2021-06-03 10:18:34,352.0,0
2021-06-03 10:18:35,351.9,0
2021-06-03 10:18:37,351.95,0
2021-06-03 10:18:38,351.95,0
2021-06-03 10:18:39,352.05,0
2021-06-03 10:18:40,351.95,0
2021-06-03 10:18:41,351.9,0
2021-06-03 10:18:42,351.85,0
2021-06-03 10:18:43,351.95,0
2021-06-03 10:18:44,351.9,0
2021-06-03 10:18:45,351.95,0
2021-06-03 10:18:46,352.0,0
2021-06-03 10:18:48,351.9,0
2021-06-03 10:18:49,352.0,0
2021-06-03 10:18:50,351.9,0
2021-06-03 10:18:51,351.9,0
2021-06-03 10:18:52,351.95,0
2021-06-03 10:18:53,351.9,0
2021-06-03 10:18:54,351.85,0
2021-06-03 10:18:55,351.85,0
2021-06-03 10:18:56,351.9,0
2021-06-03 10:18:57,352.0,0
2021-06-03 10:18:58,351.9,0
2021-06-03 10:18:59,351.95,0
2021-06-03 10:19:00,351.9,0
2021-06-03 10:19:01,351.85,0
2021-06-03 10:19:02,351.9,0
2021-06-03 10:19:03,351.9,0
2021-06-03 10:19:04,351.8,0
2021-06-03 10:19:05,351.9,0
2021-06-03 10:19:06,351.95,0
2021-06-03 10:19:07,351.95,0
2021-06-03 10:19:08,352.0,0
2021-06-03 10:19:10,351.85,0
2021-06-03 10:19:11,351.9,0
2021-06-03 10:19:12,351.95,0
2021-06-03 10:19:13,351.9,0
2021-06-03 10:19:14,351.85,0
2021-06-03 10:19:15,351.9,0
2021-06-03 10:19:16,351.95,0
2021-06-03 10:19:17,352.05,0
2021-06-03 10:19:18,352.05,0
2021-06-03 10:19:19,352.1,0
2021-06-03 10:19:20,352.1,0
2021-06-03 10:19:21,352.1,0
2021-06-03 10:19:22,352.1,0
2021-06-03 10:19:23,352.1,0
2021-06-03 10:19:24,352.1,0
2021-06-03 10:19:26,352.0,0
2021-06-03 10:19:27,352.05,0
2021-06-03 10:19:28,352.05,0
2021-06-03 10:19:29,352.0,0
2021-06-03 10:19:30,352.05,0
2021-06-03 10:19:31,352.0,0
2021-06-03 10:19:32,352.05,0
2021-06-03 10:19:33,352.05,0
2021-06-03 10:19:34,352.0,0
2021-06-03 10:19:35,351.95,0
2021-06-03 10:19:36,351.95,0
2021-06-03 10:19:37,352.0,0
2021-06-03 10:19:38,351.95,0
2021-06-03 10:19:39,352.0,0
2021-06-03 10:19:40,351.95,0
2021-06-03 10:19:41,352.0,0
2021-06-03 10:19:42,351.95,0
2021-06-03 10:19:43,351.9,0
2021-06-03 10:19:45,352.1,0
2021-06-03 10:19:46,351.95,0
2021-06-03 10:19:47,352.0,0
2021-06-03 10:19:48,352.0,0
2021-06-03 10:19:49,352.1,0
2021-06-03 10:19:50,352.1,0
2021-06-03 10:19:52,352.0,0
2021-06-03 10:19:53,352.0,0
2021-06-03 10:19:54,352.1,0
2021-06-03 10:19:55,352.05,0
2021-06-03 10:19:56,352.0,0
2021-06-03 10:19:57,352.1,0
2021-06-03 10:19:58,352.05,0
2021-06-03 10:19:59,352.1,0
2021-06-03 10:20:00,352.1,0
2021-06-03 10:20:01,352.05,0
2021-06-03 10:20:02,352.05,0
2021-06-03 10:20:03,352.1,0
2021-06-03 10:20:04,351.95,0
2021-06-03 10:20:05,352.05,0
2021-06-03 10:20:06,352.05,0
2021-06-03 10:20:07,352.05,0
2021-06-03 10:20:08,351.95,0
2021-06-03 10:20:09,352.0,0
2021-06-03 10:20:10,351.95,0
2021-06-03 10:20:12,352.0,0
2021-06-03 10:20:14,352.1,0
2021-06-03 10:20:15,351.95,0
2021-06-03 10:20:17,351.95,0
2021-06-03 10:20:18,352.1,0
2021-06-03 10:20:19,352.05,0
2021-06-03 10:20:20,352.05,0
2021-06-03 10:20:21,352.05,0
2021-06-03 10:20:22,352.15,0
2021-06-03 10:20:23,352.05,0
2021-06-03 10:20:24,352.15,0
2021-06-03 10:20:25,352.2,0
2021-06-03 10:20:26,352.1,0
2021-06-03 10:20:27,352.05,0
2021-06-03 10:20:28,352.1,0
2021-06-03 10:20:29,352.0,0
2021-06-03 10:20:31,352.15,0
2021-06-03 10:20:32,352.1,0
2021-06-03 10:20:33,352.1,0
2021-06-03 10:20:34,352.1,0
2021-06-03 10:20:35,352.05,0
2021-06-03 10:20:36,352.0,0
2021-06-03 10:20:37,352.05,0
2021-06-03 10:20:38,352.05,0
2021-06-03 10:20:39,352.05,0
2021-06-03 10:20:40,352.1,0
2021-06-03 10:20:41,352.15,0
2021-06-03 10:20:42,352.05,0
2021-06-03 10:20:43,352.05,0
2021-06-03 10:20:44,352.0,0
2021-06-03 10:20:45,352.1,0
2021-06-03 10:20:47,352.1,0
2021-06-03 10:20:49,352.1,0
2021-06-03 10:20:50,352.1,0
2021-06-03 10:20:51,352.1,0
2021-06-03 10:20:52,352.1,0
2021-06-03 10:20:53,352.1,0
2021-06-03 10:20:55,352.3,0
2021-06-03 10:20:56,352.25,0
2021-06-03 10:20:57,352.3,0
2021-06-03 10:20:58,352.3,0
2021-06-03 10:20:59,352.3,0
2021-06-03 10:21:00,352.4,0
2021-06-03 10:21:01,352.5,0
2021-06-03 10:21:02,352.35,0
2021-06-03 10:21:03,352.4,0
2021-06-03 10:21:04,352.3,0
2021-06-03 10:21:05,352.35,0
2021-06-03 10:21:06,352.4,0
2021-06-03 10:21:07,352.4,0
2021-06-03 10:21:08,352.4,0
2021-06-03 10:21:09,352.35,0
2021-06-03 10:21:10,352.35,0
2021-06-03 10:21:11,352.35,0
2021-06-03 10:21:12,352.35,0
2021-06-03 10:21:13,352.4,0
2021-06-03 10:21:17,352.3,0
2021-06-03 10:21:18,352.3,0
2021-06-03 10:21:19,352.3,0
2021-06-03 10:21:20,352.35,0
2021-06-03 10:21:21,352.3,0
2021-06-03 10:21:22,352.2,0
2021-06-03 10:21:23,352.35,0
2021-06-03 10:21:24,352.2,0
2021-06-03 10:21:25,352.2,0
2021-06-03 10:21:26,352.25,0
2021-06-03 10:21:27,352.4,0
2021-06-03 10:21:28,352.3,0
2021-06-03 10:21:29,352.3,0
2021-06-03 10:21:30,352.25,0
2021-06-03 10:21:31,352.3,0
2021-06-03 10:21:32,352.25,0
2021-06-03 10:21:33,352.3,0
2021-06-03 10:21:34,352.35,0
2021-06-03 10:21:36,352.25,0
2021-06-03 10:21:37,352.25,0
2021-06-03 10:21:38,352.25,0
2021-06-03 10:21:39,352.3,0
2021-06-03 10:21:40,352.25,0
2021-06-03 10:21:41,352.3,0
2021-06-03 10:21:42,352.3,0
2021-06-03 10:21:43,352.3,0
2021-06-03 10:21:44,352.3,0
2021-06-03 10:21:45,352.35,0
2021-06-03 10:21:46,352.3,0
2021-06-03 10:21:47,352.3,0
2021-06-03 10:21:49,352.1,0
2021-06-03 10:21:50,352.05,0
2021-06-03 10:21:51,352.1,0
2021-06-03 10:21:52,352.05,0
2021-06-03 10:21:53,352.15,0
2021-06-03 10:21:54,352.2,0
2021-06-03 10:21:55,352.2,0
2021-06-03 10:21:56,352.15,0
2021-06-03 10:21:58,352.15,0
2021-06-03 10:21:59,352.2,0
2021-06-03 10:22:00,352.15,0
2021-06-03 10:22:01,352.05,0
2021-06-03 10:22:02,352.05,0
2021-06-03 10:22:03,352.05,0
2021-06-03 10:22:04,352.05,0
2021-06-03 10:22:05,352.15,0
2021-06-03 10:22:06,352.1,0
2021-06-03 10:22:07,352.1,0
2021-06-03 10:22:08,352.05,0
2021-06-03 10:22:09,352.1,0
2021-06-03 10:22:10,352.1,0
2021-06-03 10:22:11,352.15,0
