timestamp,ltp,volume
2021-05-05 09:14:42,14604.15,0
2021-05-05 09:14:43,14604.15,0
2021-05-05 09:14:44,14604.15,0
2021-05-05 09:14:45,14604.15,0
2021-05-05 09:14:46,14604.15,0
2021-05-05 09:14:47,14604.15,0
2021-05-05 09:14:48,14604.15,0
2021-05-05 09:14:49,14604.15,0
2021-05-05 09:14:50,14604.15,0
2021-05-05 09:14:51,14604.15,0
2021-05-05 09:14:52,14604.15,0
2021-05-05 09:14:53,14604.15,0
2021-05-05 09:14:54,14604.15,0
2021-05-05 09:14:55,14604.15,0
2021-05-05 09:14:56,14604.15,0
2021-05-05 09:14:57,14604.15,0
2021-05-05 09:14:58,14604.15,0
2021-05-05 09:14:59,14604.15,0
2021-05-05 09:15:00,14604.15,0
2021-05-05 09:15:01,14602.0,0
2021-05-05 09:15:02,14594.75,0
2021-05-05 09:15:03,14593.95,0
2021-05-05 09:15:04,14601.9,0
2021-05-05 09:15:05,14601.95,0
2021-05-05 09:15:06,14604.65,0
2021-05-05 09:15:08,14599.45,0
2021-05-05 09:15:10,14588.05,0
2021-05-05 09:15:11,14586.0,0
2021-05-05 09:15:12,14585.5,0
2021-05-05 09:15:13,14585.15,0
2021-05-05 09:15:14,14582.55,0
2021-05-05 09:15:15,14581.1,0
2021-05-05 09:15:17,14576.8,0
2021-05-05 09:15:18,14573.9,0
2021-05-05 09:15:19,14570.4,0
2021-05-05 09:15:21,14569.95,0
2021-05-05 09:15:22,14570.65,0
2021-05-05 09:15:23,14569.9,0
2021-05-05 09:15:25,14571.15,0
2021-05-05 09:15:26,14573.15,0
2021-05-05 09:15:28,14574.95,0
2021-05-05 09:15:29,14578.0,0
2021-05-05 09:15:30,14577.8,0
2021-05-05 09:15:31,14581.5,0
2021-05-05 09:15:32,14582.3,0
2021-05-05 09:15:33,14585.1,0
2021-05-05 09:15:34,14581.6,0
2021-05-05 09:15:36,14590.65,0
2021-05-05 09:15:37,14592.85,0
2021-05-05 09:15:39,14587.5,0
2021-05-05 09:15:40,14587.45,0
2021-05-05 09:15:41,14585.15,0
2021-05-05 09:15:42,14584.15,0
2021-05-05 09:15:43,14585.6,0
2021-05-05 09:15:44,14588.0,0
2021-05-05 09:15:45,14587.9,0
2021-05-05 09:15:47,14585.75,0
2021-05-05 09:15:48,14585.45,0
2021-05-05 09:15:49,14586.4,0
2021-05-05 09:15:52,14580.75,0
2021-05-05 09:15:53,14582.45,0
2021-05-05 09:15:54,14584.3,0
2021-05-05 09:15:55,14582.35,0
2021-05-05 09:15:57,14575.0,0
2021-05-05 09:15:58,14571.35,0
2021-05-05 09:15:59,14571.95,0
2021-05-05 09:16:00,14570.35,0
2021-05-05 09:16:01,14566.0,0
2021-05-05 09:16:02,14569.05,0
2021-05-05 09:16:03,14570.05,0
2021-05-05 09:16:04,14569.75,0
2021-05-05 09:16:05,14569.5,0
2021-05-05 09:16:06,14569.5,0
2021-05-05 09:16:07,14575.55,0
2021-05-05 09:16:08,14573.4,0
2021-05-05 09:16:09,14573.4,0
2021-05-05 09:16:10,14573.1,0
2021-05-05 09:16:11,14575.15,0
2021-05-05 09:16:12,14577.8,0
2021-05-05 09:16:13,14577.75,0
2021-05-05 09:16:14,14581.05,0
2021-05-05 09:16:15,14581.25,0
2021-05-05 09:16:16,14576.6,0
2021-05-05 09:16:17,14575.85,0
2021-05-05 09:16:18,14576.6,0
2021-05-05 09:16:20,14576.15,0
2021-05-05 09:16:21,14577.15,0
2021-05-05 09:16:22,14577.65,0
2021-05-05 09:16:23,14580.55,0
2021-05-05 09:16:24,14581.4,0
2021-05-05 09:16:25,14581.3,0
2021-05-05 09:16:27,14577.45,0
2021-05-05 09:16:28,14577.55,0
2021-05-05 09:16:29,14578.35,0
2021-05-05 09:16:30,14575.25,0
2021-05-05 09:16:31,14575.55,0
2021-05-05 09:16:32,14577.15,0
2021-05-05 09:16:33,14578.0,0
2021-05-05 09:16:34,14577.8,0
2021-05-05 09:16:35,14575.15,0
2021-05-05 09:16:36,14577.15,0
2021-05-05 09:16:37,14576.55,0
2021-05-05 09:16:38,14573.55,0
2021-05-05 09:16:39,14577.15,0
2021-05-05 09:16:40,14577.85,0
2021-05-05 09:16:41,14577.35,0
2021-05-05 09:16:42,14576.9,0
2021-05-05 09:16:43,14576.9,0
2021-05-05 09:16:44,14577.35,0
2021-05-05 09:16:45,14579.2,0
2021-05-05 09:16:46,14574.7,0
2021-05-05 09:16:47,14575.45,0
2021-05-05 09:16:48,14575.55,0
2021-05-05 09:16:49,14575.25,0
2021-05-05 09:16:50,14575.85,0
2021-05-05 09:16:51,14576.95,0
2021-05-05 09:16:52,14577.55,0
2021-05-05 09:16:53,14570.3,0
2021-05-05 09:16:54,14572.6,0
2021-05-05 09:16:55,14573.95,0
2021-05-05 09:16:56,14575.4,0
2021-05-05 09:16:57,14576.15,0
2021-05-05 09:16:58,14576.5,0
2021-05-05 09:16:59,14577.4,0
2021-05-05 09:17:00,14577.5,0
2021-05-05 09:17:01,14578.4,0
2021-05-05 09:17:02,14578.2,0
2021-05-05 09:17:03,14578.55,0
2021-05-05 09:17:04,14577.1,0
2021-05-05 09:17:05,14578.15,0
2021-05-05 09:17:06,14577.55,0
2021-05-05 09:17:07,14576.75,0
2021-05-05 09:17:08,14574.75,0
2021-05-05 09:17:09,14574.5,0
2021-05-05 09:17:10,14574.65,0
2021-05-05 09:17:11,14575.25,0
2021-05-05 09:17:12,14575.35,0
2021-05-05 09:17:13,14578.3,0
2021-05-05 09:17:14,14577.85,0
2021-05-05 09:17:15,14577.55,0
2021-05-05 09:17:16,14576.6,0
2021-05-05 09:17:17,14577.45,0
2021-05-05 09:17:18,14577.75,0
2021-05-05 09:17:19,14577.2,0
2021-05-05 09:17:20,14575.4,0
2021-05-05 09:17:22,14570.8,0
2021-05-05 09:17:23,14570.3,0
2021-05-05 09:17:24,14571.45,0
2021-05-05 09:17:25,14568.45,0
2021-05-05 09:17:26,14565.6,0
2021-05-05 09:17:27,14567.2,0
2021-05-05 09:17:28,14567.55,0
2021-05-05 09:17:29,14565.9,0
2021-05-05 09:17:30,14564.7,0
2021-05-05 09:17:31,14564.1,0
2021-05-05 09:17:32,14563.35,0
2021-05-05 09:17:33,14563.15,0
2021-05-05 09:17:35,14561.8,0
2021-05-05 09:17:38,14557.25,0
2021-05-05 09:17:39,14556.0,0
2021-05-05 09:17:40,14556.55,0
2021-05-05 09:17:41,14555.65,0
2021-05-05 09:17:43,14560.1,0
2021-05-05 09:17:44,14562.65,0
2021-05-05 09:17:45,14561.8,0
2021-05-05 09:17:46,14562.9,0
2021-05-05 09:17:47,14562.6,0
2021-05-05 09:17:49,14565.7,0
2021-05-05 09:17:50,14565.3,0
2021-05-05 09:17:52,14565.2,0
2021-05-05 09:17:54,14565.3,0
2021-05-05 09:17:55,14567.65,0
2021-05-05 09:17:56,14569.0,0
2021-05-05 09:17:57,14569.45,0
2021-05-05 09:17:58,14570.2,0
2021-05-05 09:17:59,14571.5,0
2021-05-05 09:18:00,14573.05,0
2021-05-05 09:18:01,14574.8,0
2021-05-05 09:18:02,14572.15,0
2021-05-05 09:18:03,14571.0,0
2021-05-05 09:18:04,14569.2,0
2021-05-05 09:18:05,14569.9,0
2021-05-05 09:18:06,14567.2,0
2021-05-05 09:18:07,14568.15,0
2021-05-05 09:18:08,14566.8,0
2021-05-05 09:18:09,14566.5,0
2021-05-05 09:18:10,14568.3,0
2021-05-05 09:18:11,14569.75,0
2021-05-05 09:18:12,14569.6,0
2021-05-05 09:18:13,14570.3,0
2021-05-05 09:18:14,14569.25,0
2021-05-05 09:18:15,14570.6,0
2021-05-05 09:18:16,14571.75,0
2021-05-05 09:18:17,14573.5,0
2021-05-05 09:18:18,14574.1,0
2021-05-05 09:18:19,14575.0,0
2021-05-05 09:18:21,14578.45,0
2021-05-05 09:18:22,14578.4,0
2021-05-05 09:18:23,14578.2,0
2021-05-05 09:18:24,14577.9,0
2021-05-05 09:18:25,14578.05,0
2021-05-05 09:18:26,14576.2,0
2021-05-05 09:18:27,14578.5,0
2021-05-05 09:18:28,14578.25,0
2021-05-05 09:18:29,14578.9,0
2021-05-05 09:18:30,14577.45,0
2021-05-05 09:18:31,14577.4,0
2021-05-05 09:18:32,14577.6,0
2021-05-05 09:18:33,14579.8,0
2021-05-05 09:18:34,14577.65,0
2021-05-05 09:18:35,14575.85,0
2021-05-05 09:18:36,14574.0,0
2021-05-05 09:18:38,14572.3,0
2021-05-05 09:18:39,14572.65,0
2021-05-05 09:18:41,14572.45,0
2021-05-05 09:18:42,14572.65,0
2021-05-05 09:18:43,14573.85,0
2021-05-05 09:18:44,14573.55,0
2021-05-05 09:18:45,14575.5,0
2021-05-05 09:18:46,14576.85,0
2021-05-05 09:18:48,14576.85,0
2021-05-05 09:18:49,14573.25,0
2021-05-05 09:18:50,14574.9,0
2021-05-05 09:18:51,14575.1,0
2021-05-05 09:18:52,14575.25,0
2021-05-05 09:18:53,14574.85,0
2021-05-05 09:18:54,14575.8,0
2021-05-05 09:18:55,14575.45,0
2021-05-05 09:18:56,14575.15,0
2021-05-05 09:18:58,14574.6,0
2021-05-05 09:18:59,14573.8,0
2021-05-05 09:19:00,14572.75,0
2021-05-05 09:19:01,14571.9,0
2021-05-05 09:19:02,14572.4,0
2021-05-05 09:19:03,14569.2,0
2021-05-05 09:19:04,14568.65,0
2021-05-05 09:19:05,14567.85,0
2021-05-05 09:19:06,14569.65,0
2021-05-05 09:19:07,14568.2,0
2021-05-05 09:19:08,14567.95,0
2021-05-05 09:19:09,14568.0,0
2021-05-05 09:19:10,14570.1,0
2021-05-05 09:19:11,14570.5,0
2021-05-05 09:19:12,14571.15,0
2021-05-05 09:19:13,14571.75,0
2021-05-05 09:19:14,14571.05,0
2021-05-05 09:19:15,14571.0,0
2021-05-05 09:19:16,14572.3,0
2021-05-05 09:19:18,14570.65,0
2021-05-05 09:19:20,14570.1,0
2021-05-05 09:19:21,14570.6,0
2021-05-05 09:19:22,14570.5,0
2021-05-05 09:19:23,14568.95,0
2021-05-05 09:19:24,14570.0,0
2021-05-05 09:19:25,14569.55,0
2021-05-05 09:19:26,14569.05,0
2021-05-05 09:19:27,14568.25,0
2021-05-05 09:19:28,14567.75,0
2021-05-05 09:19:29,14567.6,0
2021-05-05 09:19:30,14567.7,0
2021-05-05 09:19:31,14568.5,0
2021-05-05 09:19:32,14568.25,0
2021-05-05 09:19:33,14567.85,0
2021-05-05 09:19:34,14568.1,0
2021-05-05 09:19:35,14568.25,0
2021-05-05 09:19:36,14569.05,0
2021-05-05 09:19:37,14570.6,0
2021-05-05 09:19:38,14571.05,0
2021-05-05 09:19:39,14572.05,0
2021-05-05 09:19:40,14572.7,0
2021-05-05 09:19:41,14574.15,0
2021-05-05 09:19:42,14576.4,0
2021-05-05 09:19:43,14575.7,0
2021-05-05 09:19:44,14576.55,0
2021-05-05 09:19:45,14579.3,0
2021-05-05 09:19:46,14580.45,0
2021-05-05 09:19:47,14581.2,0
2021-05-05 09:19:48,14579.85,0
2021-05-05 09:19:49,14579.3,0
2021-05-05 09:19:52,14572.3,0
2021-05-05 09:19:53,14573.55,0
2021-05-05 09:19:54,14572.6,0
2021-05-05 09:19:55,14573.7,0
2021-05-05 09:19:56,14576.4,0
2021-05-05 09:19:57,14576.4,0
2021-05-05 09:19:58,14576.5,0
2021-05-05 09:20:00,14575.45,0
2021-05-05 09:20:01,14576.7,0
2021-05-05 09:20:02,14578.7,0
2021-05-05 09:20:03,14581.45,0
2021-05-05 09:20:04,14580.8,0
2021-05-05 09:20:08,14581.95,0
2021-05-05 09:20:09,14580.9,0
2021-05-05 09:20:10,14580.7,0
2021-05-05 09:20:11,14580.65,0
2021-05-05 09:20:12,14580.35,0
2021-05-05 09:20:13,14581.45,0
2021-05-05 09:20:14,14582.0,0
2021-05-05 09:20:15,14581.25,0
2021-05-05 09:20:16,14581.7,0
2021-05-05 09:20:18,14581.4,0
2021-05-05 09:20:19,14581.35,0
2021-05-05 09:20:20,14581.05,0
2021-05-05 09:20:21,14577.95,0
2021-05-05 09:20:22,14578.65,0
2021-05-05 09:20:23,14578.25,0
2021-05-05 09:20:24,14574.3,0
2021-05-05 09:20:25,14576.15,0
2021-05-05 09:20:26,14576.45,0
2021-05-05 09:20:27,14576.9,0
2021-05-05 09:20:28,14578.2,0
2021-05-05 09:20:29,14578.5,0
2021-05-05 09:20:30,14578.15,0
2021-05-05 09:20:31,14577.55,0
2021-05-05 09:20:32,14576.25,0
2021-05-05 09:20:33,14574.6,0
2021-05-05 09:20:35,14576.9,0
2021-05-05 09:20:36,14577.95,0
2021-05-05 09:20:37,14578.9,0
2021-05-05 09:20:38,14577.35,0
2021-05-05 09:20:39,14576.6,0
2021-05-05 09:20:40,14577.45,0
2021-05-05 09:20:41,14575.65,0
2021-05-05 09:20:42,14574.85,0
2021-05-05 09:20:43,14575.05,0
2021-05-05 09:20:44,14577.15,0
2021-05-05 09:20:45,14577.45,0
2021-05-05 09:20:46,14577.7,0
2021-05-05 09:20:48,14576.7,0
2021-05-05 09:20:49,14577.15,0
2021-05-05 09:20:51,14572.65,0
2021-05-05 09:20:52,14572.2,0
2021-05-05 09:20:53,14573.2,0
2021-05-05 09:20:54,14572.1,0
2021-05-05 09:20:55,14572.85,0
2021-05-05 09:20:56,14573.85,0
2021-05-05 09:20:57,14572.85,0
2021-05-05 09:20:58,14572.8,0
2021-05-05 09:20:59,14571.65,0
2021-05-05 09:21:00,14571.75,0
2021-05-05 09:21:01,14570.6,0
2021-05-05 09:21:02,14570.6,0
2021-05-05 09:21:03,14570.45,0
2021-05-05 09:21:04,14569.7,0
2021-05-05 09:21:05,14568.05,0
2021-05-05 09:21:06,14567.1,0
2021-05-05 09:21:08,14562.55,0
2021-05-05 09:21:09,14563.55,0
2021-05-05 09:21:10,14563.3,0
2021-05-05 09:21:11,14559.75,0
2021-05-05 09:21:12,14559.6,0
2021-05-05 09:21:13,14556.6,0
2021-05-05 09:21:14,14558.8,0
2021-05-05 09:21:15,14558.1,0
2021-05-05 09:21:16,14557.15,0
2021-05-05 09:21:17,14557.95,0
2021-05-05 09:21:19,14558.45,0
2021-05-05 09:21:20,14560.1,0
2021-05-05 09:21:21,14561.5,0
2021-05-05 09:21:22,14560.1,0
2021-05-05 09:21:23,14560.1,0
2021-05-05 09:21:25,14560.0,0
2021-05-05 09:21:26,14557.55,0
2021-05-05 09:21:27,14558.85,0
2021-05-05 09:21:28,14558.35,0
2021-05-05 09:21:29,14559.0,0
2021-05-05 09:21:30,14557.65,0
2021-05-05 09:21:31,14555.5,0
2021-05-05 09:21:32,14554.3,0
2021-05-05 09:21:33,14554.2,0
2021-05-05 09:21:34,14553.25,0
2021-05-05 09:21:35,14552.05,0
2021-05-05 09:21:36,14551.65,0
2021-05-05 09:21:37,14551.35,0
2021-05-05 09:21:38,14552.4,0
2021-05-05 09:21:39,14550.65,0
2021-05-05 09:21:40,14549.2,0
2021-05-05 09:21:41,14549.25,0
2021-05-05 09:21:42,14549.55,0
2021-05-05 09:21:43,14550.8,0
2021-05-05 09:21:44,14552.85,0
2021-05-05 09:21:45,14552.6,0
2021-05-05 09:21:46,14551.95,0
2021-05-05 09:21:47,14551.4,0
2021-05-05 09:21:48,14553.5,0
2021-05-05 09:21:49,14553.35,0
2021-05-05 09:21:50,14557.6,0
2021-05-05 09:21:51,14555.35,0
2021-05-05 09:21:52,14557.5,0
2021-05-05 09:21:53,14557.1,0
2021-05-05 09:21:54,14558.75,0
2021-05-05 09:21:55,14557.0,0
2021-05-05 09:21:56,14555.6,0
2021-05-05 09:21:57,14555.4,0
2021-05-05 09:21:58,14555.5,0
2021-05-05 09:21:59,14556.6,0
2021-05-05 09:22:00,14554.85,0
2021-05-05 09:22:01,14550.2,0
2021-05-05 09:22:03,14549.35,0
2021-05-05 09:22:05,14548.5,0
2021-05-05 09:22:06,14546.1,0
2021-05-05 09:22:08,14544.25,0
2021-05-05 09:22:09,14544.75,0
2021-05-05 09:22:10,14541.4,0
2021-05-05 09:22:12,14542.4,0
2021-05-05 09:22:14,14542.1,0
2021-05-05 09:22:15,14542.6,0
2021-05-05 09:22:16,14547.8,0
2021-05-05 09:22:17,14546.2,0
2021-05-05 09:22:18,14546.65,0
2021-05-05 09:22:19,14545.45,0
2021-05-05 09:22:20,14543.95,0
2021-05-05 09:22:21,14545.5,0
2021-05-05 09:22:22,14546.3,0
2021-05-05 09:22:24,14549.95,0
2021-05-05 09:22:25,14551.45,0
2021-05-05 09:22:26,14550.6,0
2021-05-05 09:22:27,14549.6,0
2021-05-05 09:22:28,14549.5,0
2021-05-05 09:22:29,14549.05,0
2021-05-05 09:22:30,14549.6,0
2021-05-05 09:22:32,14549.75,0
2021-05-05 09:22:34,14549.9,0
2021-05-05 09:22:35,14550.0,0
2021-05-05 09:22:36,14550.5,0
2021-05-05 09:22:37,14550.7,0
2021-05-05 09:22:38,14550.6,0
2021-05-05 09:22:39,14550.25,0
2021-05-05 09:22:40,14549.75,0
2021-05-05 09:22:41,14550.05,0
2021-05-05 09:22:43,14549.35,0
2021-05-05 09:22:44,14548.45,0
2021-05-05 09:22:45,14547.55,0
2021-05-05 09:22:46,14544.6,0
2021-05-05 09:22:47,14545.8,0
2021-05-05 09:22:48,14545.5,0
2021-05-05 09:22:49,14545.15,0
2021-05-05 09:22:50,14545.15,0
2021-05-05 09:22:51,14546.15,0
2021-05-05 09:22:52,14545.65,0
2021-05-05 09:22:53,14545.65,0
2021-05-05 09:22:54,14546.05,0
2021-05-05 09:22:55,14545.0,0
2021-05-05 09:22:56,14544.65,0
2021-05-05 09:22:58,14543.0,0
2021-05-05 09:22:59,14542.1,0
2021-05-05 09:23:00,14541.6,0
2021-05-05 09:23:01,14541.5,0
2021-05-05 09:23:02,14539.55,0
2021-05-05 09:23:03,14539.95,0
2021-05-05 09:23:04,14537.9,0
2021-05-05 09:23:05,14536.2,0
2021-05-05 09:23:06,14534.1,0
2021-05-05 09:23:07,14536.4,0
2021-05-05 09:23:08,14536.4,0
2021-05-05 09:23:09,14537.9,0
2021-05-05 09:23:10,14539.25,0
2021-05-05 09:23:11,14539.95,0
2021-05-05 09:23:12,14539.55,0
2021-05-05 09:23:13,14538.55,0
2021-05-05 09:23:14,14538.6,0
2021-05-05 09:23:16,14536.35,0
2021-05-05 09:23:17,14537.85,0
2021-05-05 09:23:18,14537.15,0
2021-05-05 09:23:19,14537.65,0
2021-05-05 09:23:20,14535.9,0
2021-05-05 09:23:21,14538.75,0
2021-05-05 09:23:22,14538.8,0
2021-05-05 09:23:23,14538.1,0
2021-05-05 09:23:24,14537.85,0
2021-05-05 09:23:25,14538.85,0
2021-05-05 09:23:26,14539.85,0
2021-05-05 09:23:27,14543.55,0
2021-05-05 09:23:28,14546.85,0
2021-05-05 09:23:29,14546.05,0
2021-05-05 09:23:30,14548.55,0
2021-05-05 09:23:31,14548.65,0
2021-05-05 09:23:32,14547.7,0
2021-05-05 09:23:33,14548.4,0
2021-05-05 09:23:34,14546.95,0
2021-05-05 09:23:35,14547.35,0
2021-05-05 09:23:36,14546.9,0
2021-05-05 09:23:37,14546.25,0
2021-05-05 09:23:38,14548.6,0
2021-05-05 09:23:39,14551.4,0
2021-05-05 09:23:41,14553.05,0
2021-05-05 09:23:42,14554.35,0
2021-05-05 09:23:43,14553.85,0
2021-05-05 09:23:44,14554.3,0
2021-05-05 09:23:45,14554.3,0
2021-05-05 09:23:46,14553.65,0
2021-05-05 09:23:47,14554.0,0
2021-05-05 09:23:48,14554.35,0
2021-05-05 09:23:49,14556.55,0
2021-05-05 09:23:50,14555.8,0
2021-05-05 09:23:51,14556.0,0
2021-05-05 09:23:52,14555.05,0
2021-05-05 09:23:53,14555.5,0
2021-05-05 09:23:54,14555.35,0
2021-05-05 09:23:55,14555.7,0
2021-05-05 09:23:56,14554.5,0
2021-05-05 09:23:57,14552.1,0
2021-05-05 09:23:58,14552.5,0
2021-05-05 09:23:59,14551.8,0
2021-05-05 09:24:00,14551.15,0
2021-05-05 09:24:01,14551.5,0
2021-05-05 09:24:02,14549.5,0
2021-05-05 09:24:03,14547.35,0
2021-05-05 09:24:04,14547.05,0
2021-05-05 09:24:05,14543.3,0
2021-05-05 09:24:06,14542.7,0
2021-05-05 09:24:07,14542.4,0
2021-05-05 09:24:09,14542.9,0
2021-05-05 09:24:10,14542.8,0
2021-05-05 09:24:11,14542.8,0
2021-05-05 09:24:13,14543.85,0
2021-05-05 09:24:15,14542.55,0
2021-05-05 09:24:16,14543.8,0
2021-05-05 09:24:17,14543.85,0
2021-05-05 09:24:18,14543.4,0
2021-05-05 09:24:20,14544.4,0
2021-05-05 09:24:22,14546.4,0
2021-05-05 09:24:24,14546.5,0
2021-05-05 09:24:26,14546.4,0
2021-05-05 09:24:29,14545.55,0
2021-05-05 09:24:32,14544.25,0
2021-05-05 09:24:33,14544.2,0
2021-05-05 09:24:34,14545.95,0
2021-05-05 09:24:35,14545.55,0
2021-05-05 09:24:36,14546.55,0
2021-05-05 09:24:37,14546.4,0
2021-05-05 09:24:38,14546.55,0
2021-05-05 09:24:39,14545.3,0
2021-05-05 09:24:40,14545.9,0
2021-05-05 09:24:41,14545.4,0
2021-05-05 09:24:42,14544.85,0
2021-05-05 09:24:43,14545.65,0
2021-05-05 09:24:44,14546.5,0
2021-05-05 09:24:45,14546.45,0
2021-05-05 09:24:46,14546.7,0
2021-05-05 09:24:47,14550.25,0
2021-05-05 09:24:49,14549.95,0
2021-05-05 09:24:50,14550.4,0
2021-05-05 09:24:51,14550.3,0
2021-05-05 09:24:52,14550.5,0
2021-05-05 09:24:53,14550.05,0
2021-05-05 09:24:54,14548.4,0
2021-05-05 09:24:55,14547.0,0
2021-05-05 09:24:56,14546.8,0
2021-05-05 09:24:58,14545.05,0
2021-05-05 09:24:59,14543.1,0
2021-05-05 09:25:00,14543.0,0
2021-05-05 09:25:01,14542.9,0
2021-05-05 09:25:02,14542.6,0
2021-05-05 09:25:03,14542.1,0
2021-05-05 09:25:04,14541.4,0
2021-05-05 09:25:05,14541.0,0
2021-05-05 09:25:06,14541.1,0
2021-05-05 09:25:07,14543.85,0
2021-05-05 09:25:08,14543.85,0
2021-05-05 09:25:09,14544.45,0
2021-05-05 09:25:10,14542.75,0
2021-05-05 09:25:11,14546.45,0
2021-05-05 09:25:12,14548.65,0
2021-05-05 09:25:13,14548.7,0
2021-05-05 09:25:14,14547.3,0
2021-05-05 09:25:15,14548.1,0
2021-05-05 09:25:16,14548.0,0
2021-05-05 09:25:18,14551.5,0
2021-05-05 09:25:19,14552.05,0
2021-05-05 09:25:20,14552.6,0
2021-05-05 09:25:21,14552.4,0
2021-05-05 09:25:22,14551.55,0
2021-05-05 09:25:24,14552.6,0
2021-05-05 09:25:25,14551.8,0
2021-05-05 09:25:27,14554.05,0
2021-05-05 09:25:29,14554.7,0
2021-05-05 09:25:30,14554.65,0
2021-05-05 09:25:31,14554.9,0
2021-05-05 09:25:32,14555.15,0
2021-05-05 09:25:34,14555.55,0
2021-05-05 09:25:35,14556.45,0
2021-05-05 09:25:36,14557.5,0
2021-05-05 09:25:37,14557.3,0
2021-05-05 09:25:38,14556.45,0
2021-05-05 09:25:39,14555.4,0
2021-05-05 09:25:40,14554.35,0
2021-05-05 09:25:41,14552.6,0
2021-05-05 09:25:44,14553.2,0
2021-05-05 09:25:46,14551.55,0
2021-05-05 09:25:47,14550.55,0
2021-05-05 09:25:48,14551.5,0
2021-05-05 09:25:49,14552.2,0
2021-05-05 09:25:50,14551.4,0
2021-05-05 09:25:51,14551.2,0
2021-05-05 09:25:52,14549.8,0
2021-05-05 09:25:53,14548.45,0
2021-05-05 09:25:54,14549.35,0
2021-05-05 09:25:55,14549.15,0
2021-05-05 09:25:56,14549.45,0
2021-05-05 09:25:57,14549.35,0
2021-05-05 09:25:58,14549.2,0
2021-05-05 09:25:59,14549.4,0
2021-05-05 09:26:00,14549.2,0
2021-05-05 09:26:01,14550.65,0
2021-05-05 09:26:02,14550.25,0
2021-05-05 09:26:04,14550.45,0
2021-05-05 09:26:06,14548.85,0
2021-05-05 09:26:07,14548.45,0
2021-05-05 09:26:08,14548.15,0
2021-05-05 09:26:09,14547.9,0
2021-05-05 09:26:10,14546.8,0
2021-05-05 09:26:11,14545.85,0
2021-05-05 09:26:12,14545.65,0
2021-05-05 09:26:13,14545.45,0
2021-05-05 09:26:14,14545.7,0
2021-05-05 09:26:15,14546.75,0
2021-05-05 09:26:16,14547.1,0
2021-05-05 09:26:17,14548.3,0
2021-05-05 09:26:18,14547.6,0
2021-05-05 09:26:19,14548.1,0
2021-05-05 09:26:20,14548.3,0
2021-05-05 09:26:21,14549.0,0
2021-05-05 09:26:22,14548.9,0
2021-05-05 09:26:24,14549.5,0
2021-05-05 09:26:25,14548.95,0
2021-05-05 09:26:26,14551.15,0
2021-05-05 09:26:27,14551.4,0
2021-05-05 09:26:28,14548.75,0
2021-05-05 09:26:29,14548.3,0
2021-05-05 09:26:30,14549.65,0
2021-05-05 09:26:31,14547.15,0
2021-05-05 09:26:33,14548.25,0
2021-05-05 09:26:34,14547.4,0
2021-05-05 09:26:35,14546.75,0
2021-05-05 09:26:36,14545.9,0
2021-05-05 09:26:37,14544.8,0
2021-05-05 09:26:38,14544.05,0
2021-05-05 09:26:39,14544.65,0
2021-05-05 09:26:40,14545.65,0
2021-05-05 09:26:43,14546.65,0
2021-05-05 09:26:45,14548.65,0
2021-05-05 09:26:46,14548.7,0
2021-05-05 09:26:47,14547.55,0
2021-05-05 09:26:48,14549.4,0
2021-05-05 09:26:49,14549.45,0
2021-05-05 09:26:50,14550.6,0
2021-05-05 09:26:51,14551.75,0
2021-05-05 09:26:52,14552.0,0
2021-05-05 09:26:53,14551.45,0
2021-05-05 09:26:54,14553.35,0
2021-05-05 09:26:55,14554.6,0
2021-05-05 09:26:56,14553.1,0
2021-05-05 09:26:57,14552.65,0
2021-05-05 09:26:58,14553.0,0
2021-05-05 09:26:59,14553.85,0
2021-05-05 09:27:00,14554.05,0
2021-05-05 09:27:01,14554.1,0
2021-05-05 09:27:02,14553.7,0
2021-05-05 09:27:03,14553.2,0
2021-05-05 09:27:04,14552.95,0
2021-05-05 09:27:05,14553.75,0
2021-05-05 09:27:06,14553.15,0
2021-05-05 09:27:07,14554.15,0
2021-05-05 09:27:08,14552.7,0
2021-05-05 09:27:09,14553.5,0
2021-05-05 09:27:10,14553.0,0
2021-05-05 09:27:11,14552.1,0
2021-05-05 09:27:12,14550.9,0
2021-05-05 09:27:13,14550.65,0
2021-05-05 09:27:14,14550.35,0
2021-05-05 09:27:15,14551.0,0
2021-05-05 09:27:16,14551.2,0
2021-05-05 09:27:17,14551.35,0
2021-05-05 09:27:18,14552.15,0
2021-05-05 09:27:19,14552.0,0
2021-05-05 09:27:20,14551.75,0
2021-05-05 09:27:21,14551.75,0
2021-05-05 09:27:22,14551.4,0
2021-05-05 09:27:23,14552.95,0
2021-05-05 09:27:25,14552.4,0
2021-05-05 09:27:27,14553.45,0
2021-05-05 09:27:28,14552.95,0
2021-05-05 09:27:30,14552.25,0
2021-05-05 09:27:31,14552.7,0
2021-05-05 09:27:33,14552.4,0
2021-05-05 09:27:34,14551.2,0
2021-05-05 09:27:35,14551.55,0
2021-05-05 09:27:36,14551.6,0
2021-05-05 09:27:37,14552.5,0
2021-05-05 09:27:38,14554.1,0
2021-05-05 09:27:39,14553.95,0
2021-05-05 09:27:40,14554.25,0
2021-05-05 09:27:41,14554.9,0
2021-05-05 09:27:42,14555.15,0
2021-05-05 09:27:43,14556.0,0
2021-05-05 09:27:44,14556.65,0
2021-05-05 09:27:46,14559.5,0
2021-05-05 09:27:47,14559.75,0
2021-05-05 09:27:48,14558.85,0
2021-05-05 09:27:49,14557.05,0
2021-05-05 09:27:50,14555.65,0
2021-05-05 09:27:51,14555.6,0
2021-05-05 09:27:52,14553.95,0
2021-05-05 09:27:53,14553.9,0
2021-05-05 09:27:54,14554.1,0
2021-05-05 09:27:55,14553.7,0
2021-05-05 09:27:56,14554.0,0
2021-05-05 09:27:57,14553.7,0
2021-05-05 09:27:58,14553.45,0
2021-05-05 09:27:59,14551.65,0
2021-05-05 09:28:01,14552.45,0
2021-05-05 09:28:02,14552.65,0
2021-05-05 09:28:04,14551.85,0
2021-05-05 09:28:05,14552.35,0
2021-05-05 09:28:06,14552.9,0
2021-05-05 09:28:07,14552.3,0
2021-05-05 09:28:08,14552.5,0
2021-05-05 09:28:09,14552.25,0
2021-05-05 09:28:10,14549.25,0
2021-05-05 09:28:11,14549.05,0
2021-05-05 09:28:12,14550.0,0
2021-05-05 09:28:13,14549.1,0
2021-05-05 09:28:14,14549.4,0
2021-05-05 09:28:15,14551.0,0
2021-05-05 09:28:16,14550.45,0
2021-05-05 09:28:17,14550.3,0
2021-05-05 09:28:18,14550.5,0
2021-05-05 09:28:19,14552.35,0
2021-05-05 09:28:20,14553.0,0
2021-05-05 09:28:21,14552.85,0
2021-05-05 09:28:22,14552.05,0
2021-05-05 09:28:24,14553.75,0
2021-05-05 09:28:25,14553.95,0
2021-05-05 09:28:26,14552.65,0
2021-05-05 09:28:27,14552.05,0
2021-05-05 09:28:28,14551.4,0
2021-05-05 09:28:29,14552.05,0
2021-05-05 09:28:30,14552.05,0
2021-05-05 09:28:31,14553.0,0
2021-05-05 09:28:32,14553.3,0
2021-05-05 09:28:33,14553.95,0
2021-05-05 09:28:34,14554.3,0
2021-05-05 09:28:36,14555.1,0
2021-05-05 09:28:37,14555.1,0
2021-05-05 09:28:38,14554.6,0
2021-05-05 09:28:39,14555.3,0
2021-05-05 09:28:40,14553.85,0
2021-05-05 09:28:41,14552.0,0
2021-05-05 09:28:42,14552.55,0
2021-05-05 09:28:43,14551.0,0
2021-05-05 09:28:44,14550.35,0
2021-05-05 09:28:45,14551.5,0
2021-05-05 09:28:46,14550.7,0
2021-05-05 09:28:47,14550.65,0
2021-05-05 09:28:48,14551.05,0
2021-05-05 09:28:50,14550.55,0
2021-05-05 09:28:54,14550.9,0
2021-05-05 09:28:55,14551.5,0
2021-05-05 09:28:56,14550.6,0
2021-05-05 09:28:57,14550.65,0
2021-05-05 09:28:58,14551.75,0
2021-05-05 09:28:59,14551.2,0
2021-05-05 09:29:00,14551.95,0
2021-05-05 09:29:01,14553.15,0
2021-05-05 09:29:02,14553.75,0
2021-05-05 09:29:03,14554.05,0
2021-05-05 09:29:04,14553.7,0
2021-05-05 09:29:05,14553.35,0
2021-05-05 09:29:06,14551.2,0
2021-05-05 09:29:07,14551.55,0
2021-05-05 09:29:08,14551.75,0
2021-05-05 09:29:09,14552.45,0
2021-05-05 09:29:10,14551.95,0
2021-05-05 09:29:11,14552.35,0
2021-05-05 09:29:12,14551.65,0
2021-05-05 09:29:13,14553.05,0
2021-05-05 09:29:14,14554.05,0
2021-05-05 09:29:15,14554.5,0
2021-05-05 09:29:16,14553.95,0
2021-05-05 09:29:17,14554.5,0
2021-05-05 09:29:18,14553.7,0
2021-05-05 09:29:19,14553.35,0
2021-05-05 09:29:20,14552.7,0
2021-05-05 09:29:21,14550.65,0
2021-05-05 09:29:22,14549.95,0
2021-05-05 09:29:23,14550.2,0
2021-05-05 09:29:24,14550.9,0
2021-05-05 09:29:25,14549.8,0
2021-05-05 09:29:26,14551.05,0
2021-05-05 09:29:27,14550.9,0
2021-05-05 09:29:28,14549.85,0
2021-05-05 09:29:29,14550.75,0
2021-05-05 09:29:30,14551.25,0
2021-05-05 09:29:31,14551.35,0
2021-05-05 09:29:32,14551.65,0
2021-05-05 09:29:33,14551.35,0
2021-05-05 09:29:34,14551.55,0
2021-05-05 09:29:35,14551.7,0
2021-05-05 09:29:36,14551.8,0
2021-05-05 09:29:37,14552.35,0
2021-05-05 09:29:38,14552.2,0
2021-05-05 09:29:39,14552.9,0
2021-05-05 09:29:40,14552.95,0
2021-05-05 09:29:41,14553.6,0
2021-05-05 09:29:42,14552.3,0
2021-05-05 09:29:43,14552.6,0
2021-05-05 09:29:44,14552.45,0
2021-05-05 09:29:45,14553.1,0
2021-05-05 09:29:46,14552.75,0
2021-05-05 09:29:47,14553.6,0
2021-05-05 09:29:48,14553.8,0
2021-05-05 09:29:49,14553.25,0
2021-05-05 09:29:50,14553.4,0
2021-05-05 09:29:51,14548.55,0
2021-05-05 09:29:52,14549.15,0
2021-05-05 09:29:53,14548.5,0
2021-05-05 09:29:56,14548.0,0
2021-05-05 09:29:57,14547.15,0
2021-05-05 09:29:58,14546.95,0
2021-05-05 09:29:59,14546.5,0
2021-05-05 09:30:00,14546.4,0
2021-05-05 09:30:02,14547.65,0
2021-05-05 09:30:03,14547.95,0
2021-05-05 09:30:04,14547.5,0
2021-05-05 09:30:05,14547.45,0
2021-05-05 09:30:06,14547.15,0
2021-05-05 09:30:07,14547.75,0
2021-05-05 09:30:08,14549.65,0
2021-05-05 09:30:09,14551.35,0
2021-05-05 09:30:10,14552.9,0
2021-05-05 09:30:12,14556.65,0
2021-05-05 09:30:13,14559.1,0
2021-05-05 09:30:14,14560.95,0
2021-05-05 09:30:15,14560.75,0
2021-05-05 09:30:16,14561.7,0
2021-05-05 09:30:17,14561.25,0
2021-05-05 09:30:18,14561.75,0
2021-05-05 09:30:19,14563.2,0
2021-05-05 09:30:20,14563.7,0
2021-05-05 09:30:21,14562.9,0
2021-05-05 09:30:22,14563.5,0
2021-05-05 09:30:23,14563.3,0
2021-05-05 09:30:24,14563.65,0
2021-05-05 09:30:25,14565.75,0
2021-05-05 09:30:26,14565.8,0
2021-05-05 09:30:27,14565.0,0
2021-05-05 09:30:29,14564.95,0
2021-05-05 09:30:32,14565.95,0
2021-05-05 09:30:33,14567.7,0
2021-05-05 09:30:34,14565.95,0
2021-05-05 09:30:35,14566.5,0
2021-05-05 09:30:36,14565.75,0
2021-05-05 09:30:37,14564.9,0
2021-05-05 09:30:38,14564.3,0
2021-05-05 09:30:39,14564.3,0
2021-05-05 09:30:40,14564.8,0
2021-05-05 09:30:42,14560.35,0
2021-05-05 09:30:43,14562.2,0
2021-05-05 09:30:44,14561.35,0
2021-05-05 09:30:45,14562.35,0
2021-05-05 09:30:47,14562.0,0
2021-05-05 09:30:48,14562.6,0
2021-05-05 09:30:49,14563.8,0
2021-05-05 09:30:50,14563.65,0
2021-05-05 09:30:51,14563.35,0
2021-05-05 09:30:52,14562.8,0
2021-05-05 09:30:53,14563.05,0
2021-05-05 09:30:55,14563.05,0
2021-05-05 09:30:56,14563.6,0
2021-05-05 09:30:58,14563.75,0
2021-05-05 09:30:59,14564.55,0
2021-05-05 09:31:00,14565.2,0
2021-05-05 09:31:01,14566.2,0
2021-05-05 09:31:04,14568.3,0
2021-05-05 09:31:06,14568.55,0
2021-05-05 09:31:07,14569.05,0
2021-05-05 09:31:08,14569.8,0
2021-05-05 09:31:11,14570.85,0
2021-05-05 09:31:12,14572.05,0
2021-05-05 09:31:13,14570.85,0
2021-05-05 09:31:14,14570.3,0
2021-05-05 09:31:15,14572.0,0
2021-05-05 09:31:16,14569.6,0
2021-05-05 09:31:17,14570.55,0
2021-05-05 09:31:18,14569.5,0
2021-05-05 09:31:19,14571.2,0
2021-05-05 09:31:20,14569.2,0
2021-05-05 09:31:21,14568.6,0
2021-05-05 09:31:22,14568.55,0
2021-05-05 09:31:23,14569.4,0
2021-05-05 09:31:24,14567.85,0
2021-05-05 09:31:25,14568.65,0
2021-05-05 09:31:26,14568.8,0
2021-05-05 09:31:27,14568.75,0
2021-05-05 09:31:28,14566.5,0
2021-05-05 09:31:30,14566.3,0
2021-05-05 09:31:29,14566.05,0
2021-05-05 09:31:31,14565.85,0
2021-05-05 09:31:33,14564.7,0
2021-05-05 09:31:34,14565.35,0
2021-05-05 09:31:36,14566.95,0
2021-05-05 09:31:37,14565.65,0
2021-05-05 09:31:38,14566.6,0
2021-05-05 09:31:39,14565.65,0
2021-05-05 09:31:40,14566.35,0
2021-05-05 09:31:41,14567.4,0
2021-05-05 09:31:42,14568.0,0
2021-05-05 09:31:43,14567.65,0
2021-05-05 09:31:44,14567.8,0
2021-05-05 09:31:45,14568.2,0
2021-05-05 09:31:46,14568.55,0
2021-05-05 09:31:47,14568.8,0
2021-05-05 09:31:48,14569.15,0
2021-05-05 09:31:51,14570.0,0
2021-05-05 09:31:53,14570.4,0
2021-05-05 09:31:54,14569.0,0
2021-05-05 09:31:55,14569.7,0
2021-05-05 09:31:56,14569.5,0
2021-05-05 09:31:58,14569.85,0
2021-05-05 09:31:59,14567.35,0
2021-05-05 09:32:00,14567.6,0
2021-05-05 09:32:01,14567.85,0
2021-05-05 09:32:02,14568.1,0
2021-05-05 09:32:03,14568.8,0
2021-05-05 09:32:04,14567.45,0
2021-05-05 09:32:05,14567.75,0
2021-05-05 09:32:06,14567.95,0
2021-05-05 09:32:07,14566.95,0
2021-05-05 09:32:08,14567.4,0
2021-05-05 09:32:09,14568.45,0
2021-05-05 09:32:10,14568.3,0
2021-05-05 09:32:11,14568.0,0
2021-05-05 09:32:12,14568.55,0
2021-05-05 09:32:13,14568.25,0
2021-05-05 09:32:14,14567.35,0
2021-05-05 09:32:16,14568.15,0
2021-05-05 09:32:17,14566.2,0
2021-05-05 09:32:18,14566.1,0
2021-05-05 09:32:19,14565.7,0
2021-05-05 09:32:20,14566.15,0
2021-05-05 09:32:21,14566.0,0
2021-05-05 09:32:22,14565.9,0
2021-05-05 09:32:23,14566.4,0
2021-05-05 09:32:24,14565.95,0
2021-05-05 09:32:25,14566.5,0
2021-05-05 09:32:26,14566.45,0
2021-05-05 09:32:28,14567.8,0
2021-05-05 09:32:29,14568.9,0
2021-05-05 09:32:30,14569.05,0
2021-05-05 09:32:31,14566.2,0
2021-05-05 09:32:33,14567.35,0
2021-05-05 09:32:34,14568.5,0
2021-05-05 09:32:36,14569.65,0
2021-05-05 09:32:38,14570.75,0
2021-05-05 09:32:39,14571.45,0
2021-05-05 09:32:40,14571.35,0
2021-05-05 09:32:41,14572.05,0
2021-05-05 09:32:42,14572.15,0
2021-05-05 09:32:43,14572.45,0
2021-05-05 09:32:44,14571.4,0
2021-05-05 09:32:45,14571.8,0
2021-05-05 09:32:46,14567.45,0
2021-05-05 09:32:47,14568.6,0
2021-05-05 09:32:48,14568.25,0
2021-05-05 09:32:50,14568.2,0
2021-05-05 09:32:51,14569.95,0
2021-05-05 09:32:52,14570.55,0
2021-05-05 09:32:53,14570.8,0
2021-05-05 09:32:54,14570.5,0
2021-05-05 09:32:55,14570.7,0
2021-05-05 09:32:56,14570.4,0
2021-05-05 09:32:57,14569.4,0
2021-05-05 09:32:59,14570.15,0
2021-05-05 09:33:00,14569.95,0
2021-05-05 09:33:03,14567.75,0
2021-05-05 09:33:04,14566.75,0
2021-05-05 09:33:05,14567.5,0
2021-05-05 09:33:06,14567.15,0
2021-05-05 09:33:07,14568.7,0
2021-05-05 09:33:09,14569.75,0
2021-05-05 09:33:10,14570.0,0
2021-05-05 09:33:11,14570.7,0
2021-05-05 09:33:13,14569.75,0
2021-05-05 09:33:14,14570.6,0
2021-05-05 09:33:15,14572.1,0
2021-05-05 09:33:16,14570.5,0
2021-05-05 09:33:17,14569.95,0
2021-05-05 09:33:18,14570.8,0
2021-05-05 09:33:19,14570.9,0
2021-05-05 09:33:20,14571.4,0
2021-05-05 09:33:23,14567.9,0
2021-05-05 09:33:25,14570.4,0
2021-05-05 09:33:27,14570.45,0
2021-05-05 09:33:28,14569.65,0
2021-05-05 09:33:29,14570.7,0
2021-05-05 09:33:31,14567.45,0
2021-05-05 09:33:33,14569.15,0
2021-05-05 09:33:34,14566.7,0
2021-05-05 09:33:35,14566.1,0
2021-05-05 09:33:36,14565.8,0
2021-05-05 09:33:37,14564.95,0
2021-05-05 09:33:38,14566.15,0
2021-05-05 09:33:39,14567.05,0
2021-05-05 09:33:40,14564.65,0
2021-05-05 09:33:41,14563.9,0
2021-05-05 09:33:42,14564.45,0
2021-05-05 09:33:43,14564.9,0
2021-05-05 09:33:44,14563.2,0
2021-05-05 09:33:45,14565.4,0
2021-05-05 09:33:46,14565.4,0
2021-05-05 09:33:47,14565.05,0
2021-05-05 09:33:48,14565.6,0
2021-05-05 09:33:49,14566.5,0
2021-05-05 09:33:50,14565.85,0
2021-05-05 09:33:51,14566.15,0
2021-05-05 09:33:52,14565.2,0
2021-05-05 09:33:53,14565.2,0
2021-05-05 09:33:54,14564.8,0
2021-05-05 09:33:56,14565.3,0
2021-05-05 09:33:57,14565.0,0
2021-05-05 09:33:58,14565.2,0
2021-05-05 09:33:59,14565.4,0
2021-05-05 09:34:00,14566.75,0
2021-05-05 09:34:01,14566.65,0
2021-05-05 09:34:02,14567.45,0
2021-05-05 09:34:03,14566.8,0
2021-05-05 09:34:05,14566.45,0
2021-05-05 09:34:06,14566.35,0
2021-05-05 09:34:07,14565.85,0
2021-05-05 09:34:08,14564.25,0
2021-05-05 09:34:09,14563.5,0
2021-05-05 09:34:10,14563.45,0
2021-05-05 09:34:11,14564.05,0
2021-05-05 09:34:12,14563.95,0
2021-05-05 09:34:13,14562.6,0
2021-05-05 09:34:14,14560.5,0
2021-05-05 09:34:15,14562.25,0
2021-05-05 09:34:16,14561.05,0
2021-05-05 09:34:17,14560.45,0
2021-05-05 09:34:18,14560.6,0
2021-05-05 09:34:19,14560.1,0
2021-05-05 09:34:20,14561.0,0
2021-05-05 09:34:21,14561.35,0
2021-05-05 09:34:22,14561.95,0
2021-05-05 09:34:23,14561.75,0
2021-05-05 09:34:24,14561.75,0
2021-05-05 09:34:25,14561.45,0
2021-05-05 09:34:26,14562.65,0
2021-05-05 09:34:27,14562.25,0
2021-05-05 09:34:28,14562.2,0
2021-05-05 09:34:29,14562.4,0
2021-05-05 09:34:30,14565.15,0
2021-05-05 09:34:31,14564.2,0
2021-05-05 09:34:32,14564.5,0
2021-05-05 09:34:33,14563.7,0
2021-05-05 09:34:34,14563.05,0
2021-05-05 09:34:35,14563.55,0
2021-05-05 09:34:36,14563.8,0
2021-05-05 09:34:37,14562.95,0
2021-05-05 09:34:38,14562.5,0
2021-05-05 09:34:39,14563.15,0
2021-05-05 09:34:40,14563.15,0
2021-05-05 09:34:41,14563.5,0
2021-05-05 09:34:42,14563.5,0
2021-05-05 09:34:43,14563.5,0
2021-05-05 09:34:45,14562.75,0
2021-05-05 09:34:46,14563.0,0
2021-05-05 09:34:47,14562.9,0
2021-05-05 09:34:48,14563.4,0
2021-05-05 09:34:49,14562.15,0
2021-05-05 09:34:50,14562.45,0
2021-05-05 09:34:51,14562.7,0
2021-05-05 09:34:52,14562.25,0
2021-05-05 09:34:53,14561.0,0
2021-05-05 09:34:54,14561.8,0
2021-05-05 09:34:56,14562.15,0
2021-05-05 09:34:57,14561.3,0
2021-05-05 09:34:58,14560.7,0
2021-05-05 09:34:59,14559.7,0
2021-05-05 09:35:00,14558.3,0
2021-05-05 09:35:02,14559.6,0
2021-05-05 09:35:03,14560.0,0
2021-05-05 09:35:05,14560.85,0
2021-05-05 09:35:07,14560.35,0
2021-05-05 09:35:08,14560.2,0
2021-05-05 09:35:09,14560.4,0
2021-05-05 09:35:11,14560.45,0
2021-05-05 09:35:12,14560.75,0
2021-05-05 09:35:13,14560.5,0
2021-05-05 09:35:14,14560.9,0
2021-05-05 09:35:15,14562.65,0
2021-05-05 09:35:16,14561.95,0
2021-05-05 09:35:17,14562.1,0
2021-05-05 09:35:18,14562.05,0
2021-05-05 09:35:19,14563.2,0
2021-05-05 09:35:20,14562.85,0
2021-05-05 09:35:21,14561.85,0
2021-05-05 09:35:22,14562.95,0
2021-05-05 09:35:23,14563.8,0
2021-05-05 09:35:25,14564.65,0
2021-05-05 09:35:26,14565.1,0
2021-05-05 09:35:28,14566.2,0
2021-05-05 09:35:29,14565.6,0
2021-05-05 09:35:30,14565.7,0
2021-05-05 09:35:31,14565.1,0
2021-05-05 09:35:33,14565.9,0
2021-05-05 09:35:34,14565.65,0
2021-05-05 09:35:35,14565.5,0
2021-05-05 09:35:36,14566.1,0
2021-05-05 09:35:37,14565.05,0
2021-05-05 09:35:38,14564.5,0
2021-05-05 09:35:40,14565.5,0
2021-05-05 09:35:41,14564.25,0
2021-05-05 09:35:42,14565.6,0
2021-05-05 09:35:43,14565.65,0
2021-05-05 09:35:45,14568.25,0
2021-05-05 09:35:46,14567.15,0
2021-05-05 09:35:47,14567.85,0
2021-05-05 09:35:49,14567.9,0
2021-05-05 09:35:51,14567.6,0
2021-05-05 09:35:52,14567.3,0
2021-05-05 09:35:53,14568.3,0
2021-05-05 09:35:54,14567.2,0
2021-05-05 09:35:55,14567.15,0
2021-05-05 09:35:56,14566.05,0
2021-05-05 09:35:57,14565.95,0
2021-05-05 09:35:58,14565.95,0
2021-05-05 09:36:00,14565.65,0
2021-05-05 09:36:01,14566.9,0
2021-05-05 09:36:03,14567.0,0
2021-05-05 09:36:04,14566.9,0
2021-05-05 09:36:05,14566.8,0
2021-05-05 09:36:06,14566.65,0
2021-05-05 09:36:07,14565.95,0
2021-05-05 09:36:08,14566.85,0
2021-05-05 09:36:09,14566.7,0
2021-05-05 09:36:10,14566.2,0
2021-05-05 09:36:11,14566.65,0
2021-05-05 09:36:12,14566.15,0
2021-05-05 09:36:13,14566.3,0
2021-05-05 09:36:14,14567.05,0
2021-05-05 09:36:15,14567.35,0
2021-05-05 09:36:16,14567.8,0
2021-05-05 09:36:17,14567.75,0
2021-05-05 09:36:18,14567.7,0
2021-05-05 09:36:19,14567.85,0
2021-05-05 09:36:20,14567.4,0
2021-05-05 09:36:21,14567.4,0
2021-05-05 09:36:22,14566.5,0
2021-05-05 09:36:23,14566.95,0
2021-05-05 09:36:24,14566.5,0
2021-05-05 09:36:25,14566.15,0
2021-05-05 09:36:26,14566.55,0
2021-05-05 09:36:27,14566.2,0
2021-05-05 09:36:28,14565.4,0
2021-05-05 09:36:29,14562.8,0
2021-05-05 09:36:30,14563.4,0
2021-05-05 09:36:31,14563.95,0
2021-05-05 09:36:32,14564.6,0
2021-05-05 09:36:33,14564.3,0
2021-05-05 09:36:34,14563.45,0
2021-05-05 09:36:35,14564.05,0
2021-05-05 09:36:36,14563.2,0
2021-05-05 09:36:37,14562.7,0
2021-05-05 09:36:38,14562.2,0
2021-05-05 09:36:39,14563.35,0
2021-05-05 09:36:40,14563.75,0
2021-05-05 09:36:41,14564.95,0
2021-05-05 09:36:42,14565.3,0
2021-05-05 09:36:43,14564.95,0
2021-05-05 09:36:44,14565.3,0
2021-05-05 09:36:45,14567.5,0
2021-05-05 09:36:47,14567.3,0
2021-05-05 09:36:48,14566.55,0
2021-05-05 09:36:49,14566.55,0
2021-05-05 09:36:50,14567.45,0
2021-05-05 09:36:51,14567.5,0
2021-05-05 09:36:52,14567.25,0
2021-05-05 09:36:53,14568.45,0
2021-05-05 09:36:54,14569.05,0
2021-05-05 09:36:55,14569.3,0
2021-05-05 09:36:56,14569.85,0
2021-05-05 09:36:57,14570.05,0
2021-05-05 09:36:58,14570.75,0
2021-05-05 09:36:59,14571.35,0
2021-05-05 09:37:00,14571.15,0
2021-05-05 09:37:01,14572.45,0
2021-05-05 09:37:02,14572.8,0
2021-05-05 09:37:03,14573.35,0
2021-05-05 09:37:04,14574.35,0
2021-05-05 09:37:05,14574.3,0
2021-05-05 09:37:06,14574.5,0
2021-05-05 09:37:07,14575.55,0
2021-05-05 09:37:08,14574.05,0
2021-05-05 09:37:09,14574.55,0
2021-05-05 09:37:10,14574.9,0
2021-05-05 09:37:11,14575.6,0
2021-05-05 09:37:12,14575.25,0
2021-05-05 09:37:13,14576.1,0
2021-05-05 09:37:14,14576.9,0
2021-05-05 09:37:16,14577.85,0
2021-05-05 09:37:17,14576.4,0
2021-05-05 09:37:19,14577.4,0
2021-05-05 09:37:20,14577.1,0
2021-05-05 09:37:21,14577.05,0
2021-05-05 09:37:22,14576.6,0
2021-05-05 09:37:23,14576.8,0
2021-05-05 09:37:24,14577.55,0
2021-05-05 09:37:25,14578.7,0
2021-05-05 09:37:26,14578.65,0
2021-05-05 09:37:27,14580.0,0
2021-05-05 09:37:28,14579.9,0
2021-05-05 09:37:29,14582.1,0
2021-05-05 09:37:30,14581.4,0
2021-05-05 09:37:31,14581.15,0
2021-05-05 09:37:32,14582.5,0
2021-05-05 09:37:34,14583.05,0
2021-05-05 09:37:35,14582.2,0
2021-05-05 09:37:36,14581.3,0
2021-05-05 09:37:37,14582.05,0
2021-05-05 09:37:38,14582.05,0
2021-05-05 09:37:39,14581.5,0
2021-05-05 09:37:40,14582.4,0
2021-05-05 09:37:41,14581.85,0
2021-05-05 09:37:43,14579.6,0
2021-05-05 09:37:44,14580.4,0
2021-05-05 09:37:45,14581.4,0
2021-05-05 09:37:46,14581.1,0
2021-05-05 09:37:48,14580.9,0
2021-05-05 09:37:49,14580.85,0
2021-05-05 09:37:50,14580.5,0
2021-05-05 09:37:51,14576.95,0
2021-05-05 09:37:52,14578.15,0
2021-05-05 09:37:53,14578.6,0
2021-05-05 09:37:55,14577.1,0
2021-05-05 09:37:56,14577.1,0
2021-05-05 09:37:57,14577.95,0
2021-05-05 09:37:58,14577.4,0
2021-05-05 09:37:59,14579.0,0
2021-05-05 09:38:00,14578.7,0
2021-05-05 09:38:01,14579.3,0
2021-05-05 09:38:02,14579.75,0
2021-05-05 09:38:03,14580.1,0
2021-05-05 09:38:05,14579.7,0
2021-05-05 09:38:06,14580.05,0
2021-05-05 09:38:07,14580.15,0
2021-05-05 09:38:08,14580.05,0
2021-05-05 09:38:09,14580.35,0
2021-05-05 09:38:10,14581.15,0
2021-05-05 09:38:13,14580.6,0
2021-05-05 09:38:14,14580.8,0
2021-05-05 09:38:15,14581.35,0
2021-05-05 09:38:16,14581.75,0
2021-05-05 09:38:17,14580.9,0
2021-05-05 09:38:18,14580.4,0
2021-05-05 09:38:19,14581.5,0
2021-05-05 09:38:21,14580.05,0
2021-05-05 09:38:22,14580.75,0
2021-05-05 09:38:23,14580.8,0
2021-05-05 09:38:24,14579.35,0
2021-05-05 09:38:25,14578.2,0
2021-05-05 09:38:26,14576.75,0
2021-05-05 09:38:27,14577.3,0
2021-05-05 09:38:28,14576.9,0
2021-05-05 09:38:29,14576.25,0
2021-05-05 09:38:30,14577.3,0
2021-05-05 09:38:31,14576.65,0
2021-05-05 09:38:32,14577.35,0
2021-05-05 09:38:33,14577.1,0
2021-05-05 09:38:34,14578.15,0
2021-05-05 09:38:35,14576.85,0
2021-05-05 09:38:36,14576.85,0
2021-05-05 09:38:37,14577.45,0
2021-05-05 09:38:38,14575.55,0
2021-05-05 09:38:39,14575.6,0
2021-05-05 09:38:40,14575.45,0
2021-05-05 09:38:41,14573.3,0
2021-05-05 09:38:42,14573.55,0
2021-05-05 09:38:43,14572.8,0
2021-05-05 09:38:44,14572.4,0
2021-05-05 09:38:45,14573.45,0
2021-05-05 09:38:46,14572.4,0
2021-05-05 09:38:47,14572.95,0
2021-05-05 09:38:49,14573.2,0
2021-05-05 09:38:50,14574.1,0
2021-05-05 09:38:51,14573.3,0
2021-05-05 09:38:52,14573.85,0
2021-05-05 09:38:53,14574.2,0
2021-05-05 09:38:54,14574.1,0
2021-05-05 09:38:55,14574.2,0
2021-05-05 09:38:56,14574.85,0
2021-05-05 09:38:57,14575.6,0
2021-05-05 09:38:58,14575.8,0
2021-05-05 09:38:59,14573.65,0
2021-05-05 09:39:00,14573.6,0
2021-05-05 09:39:01,14574.95,0
2021-05-05 09:39:02,14570.6,0
2021-05-05 09:39:03,14574.35,0
2021-05-05 09:39:05,14570.6,0
2021-05-05 09:39:06,14572.55,0
2021-05-05 09:39:07,14572.15,0
2021-05-05 09:39:08,14575.75,0
2021-05-05 09:39:09,14574.55,0
2021-05-05 09:39:10,14573.95,0
2021-05-05 09:39:11,14575.25,0
2021-05-05 09:39:12,14576.5,0
2021-05-05 09:39:13,14576.05,0
2021-05-05 09:39:14,14575.45,0
2021-05-05 09:39:15,14577.6,0
2021-05-05 09:39:16,14577.45,0
2021-05-05 09:39:17,14576.5,0
2021-05-05 09:39:18,14577.1,0
2021-05-05 09:39:19,14577.2,0
2021-05-05 09:39:21,14576.6,0
2021-05-05 09:39:22,14575.8,0
2021-05-05 09:39:23,14577.0,0
2021-05-05 09:39:24,14577.4,0
2021-05-05 09:39:25,14576.5,0
2021-05-05 09:39:26,14574.3,0
2021-05-05 09:39:27,14573.75,0
2021-05-05 09:39:28,14574.8,0
2021-05-05 09:39:30,14574.45,0
2021-05-05 09:39:31,14574.65,0
2021-05-05 09:39:33,14574.55,0
2021-05-05 09:39:35,14572.85,0
2021-05-05 09:39:37,14571.55,0
2021-05-05 09:39:38,14571.9,0
2021-05-05 09:39:40,14570.8,0
2021-05-05 09:39:41,14570.6,0
2021-05-05 09:39:43,14570.05,0
2021-05-05 09:39:44,14570.85,0
2021-05-05 09:39:45,14571.5,0
2021-05-05 09:39:46,14570.85,0
2021-05-05 09:39:47,14571.6,0
2021-05-05 09:39:48,14572.05,0
2021-05-05 09:39:49,14572.95,0
2021-05-05 09:39:50,14573.6,0
2021-05-05 09:39:52,14571.9,0
2021-05-05 09:39:54,14572.1,0
2021-05-05 09:39:56,14572.3,0
2021-05-05 09:39:57,14571.35,0
2021-05-05 09:39:58,14569.5,0
2021-05-05 09:39:59,14570.3,0
2021-05-05 09:40:00,14568.7,0
2021-05-05 09:40:01,14569.5,0
2021-05-05 09:40:02,14567.55,0
2021-05-05 09:40:03,14568.5,0
2021-05-05 09:40:04,14568.1,0
2021-05-05 09:40:05,14567.45,0
2021-05-05 09:40:06,14569.2,0
2021-05-05 09:40:09,14570.8,0
2021-05-05 09:40:10,14571.75,0
2021-05-05 09:40:11,14572.0,0
2021-05-05 09:40:12,14572.0,0
2021-05-05 09:40:13,14571.65,0
2021-05-05 09:40:14,14572.85,0
2021-05-05 09:40:16,14571.6,0
2021-05-05 09:40:17,14572.35,0
2021-05-05 09:40:18,14572.7,0
2021-05-05 09:40:19,14572.75,0
2021-05-05 09:40:20,14574.15,0
2021-05-05 09:40:21,14575.1,0
2021-05-05 09:40:22,14576.3,0
2021-05-05 09:40:23,14576.1,0
2021-05-05 09:40:24,14576.15,0
2021-05-05 09:40:25,14577.4,0
2021-05-05 09:40:26,14576.2,0
2021-05-05 09:40:27,14577.1,0
2021-05-05 09:40:28,14577.9,0
2021-05-05 09:40:29,14577.65,0
2021-05-05 09:40:30,14578.05,0
2021-05-05 09:40:31,14579.25,0
2021-05-05 09:40:32,14579.65,0
2021-05-05 09:40:33,14577.85,0
2021-05-05 09:40:34,14577.65,0
2021-05-05 09:40:35,14578.35,0
2021-05-05 09:40:36,14578.0,0
2021-05-05 09:40:37,14578.65,0
2021-05-05 09:40:38,14578.7,0
2021-05-05 09:40:39,14578.4,0
2021-05-05 09:40:40,14578.4,0
2021-05-05 09:40:41,14579.2,0
2021-05-05 09:40:43,14577.95,0
2021-05-05 09:40:44,14577.8,0
2021-05-05 09:40:45,14577.35,0
2021-05-05 09:40:46,14577.0,0
2021-05-05 09:40:48,14576.3,0
2021-05-05 09:40:49,14575.45,0
2021-05-05 09:40:50,14573.7,0
2021-05-05 09:40:51,14572.8,0
2021-05-05 09:40:53,14572.2,0
2021-05-05 09:40:54,14572.4,0
2021-05-05 09:40:55,14572.0,0
2021-05-05 09:40:56,14571.8,0
2021-05-05 09:40:57,14573.3,0
2021-05-05 09:40:58,14573.0,0
2021-05-05 09:40:59,14573.15,0
2021-05-05 09:41:00,14572.65,0
2021-05-05 09:41:01,14572.1,0
2021-05-05 09:41:02,14573.75,0
2021-05-05 09:41:03,14572.95,0
2021-05-05 09:41:04,14572.35,0
2021-05-05 09:41:05,14572.85,0
2021-05-05 09:41:06,14573.05,0
2021-05-05 09:41:07,14572.7,0
2021-05-05 09:41:08,14573.15,0
2021-05-05 09:41:09,14572.45,0
2021-05-05 09:41:10,14572.0,0
2021-05-05 09:41:11,14571.45,0
2021-05-05 09:41:13,14571.2,0
2021-05-05 09:41:14,14571.1,0
2021-05-05 09:41:15,14571.15,0
2021-05-05 09:41:16,14571.0,0
2021-05-05 09:41:17,14570.95,0
2021-05-05 09:41:18,14571.0,0
2021-05-05 09:41:19,14569.25,0
2021-05-05 09:41:20,14569.5,0
2021-05-05 09:41:21,14568.05,0
2021-05-05 09:41:22,14567.65,0
2021-05-05 09:41:23,14567.6,0
2021-05-05 09:41:24,14569.45,0
2021-05-05 09:41:25,14568.85,0
2021-05-05 09:41:26,14569.5,0
2021-05-05 09:41:27,14570.2,0
2021-05-05 09:41:28,14569.9,0
2021-05-05 09:41:29,14569.5,0
2021-05-05 09:41:30,14569.7,0
2021-05-05 09:41:31,14570.55,0
2021-05-05 09:41:32,14570.15,0
2021-05-05 09:41:33,14571.35,0
2021-05-05 09:41:34,14572.0,0
2021-05-05 09:41:35,14571.0,0
2021-05-05 09:41:36,14571.3,0
2021-05-05 09:41:37,14572.05,0
2021-05-05 09:41:38,14571.45,0
2021-05-05 09:41:39,14572.55,0
2021-05-05 09:41:40,14571.75,0
2021-05-05 09:41:41,14571.05,0
2021-05-05 09:41:42,14570.6,0
2021-05-05 09:41:43,14570.1,0
2021-05-05 09:41:44,14570.85,0
2021-05-05 09:41:46,14570.85,0
2021-05-05 09:41:47,14571.5,0
2021-05-05 09:41:49,14570.3,0
2021-05-05 09:41:50,14570.7,0
2021-05-05 09:41:51,14569.5,0
2021-05-05 09:41:52,14570.25,0
2021-05-05 09:41:53,14569.25,0
2021-05-05 09:41:54,14569.95,0
2021-05-05 09:41:55,14569.85,0
2021-05-05 09:41:56,14569.7,0
2021-05-05 09:41:57,14569.9,0
2021-05-05 09:41:58,14569.0,0
2021-05-05 09:41:59,14568.75,0
2021-05-05 09:42:00,14569.05,0
2021-05-05 09:42:01,14567.85,0
2021-05-05 09:42:02,14568.55,0
2021-05-05 09:42:03,14567.6,0
2021-05-05 09:42:04,14567.35,0
2021-05-05 09:42:05,14567.25,0
2021-05-05 09:42:06,14567.2,0
2021-05-05 09:42:07,14567.5,0
2021-05-05 09:42:08,14567.95,0
2021-05-05 09:42:09,14567.4,0
2021-05-05 09:42:10,14568.1,0
2021-05-05 09:42:11,14569.35,0
2021-05-05 09:42:12,14569.6,0
2021-05-05 09:42:13,14569.15,0
2021-05-05 09:42:14,14567.9,0
2021-05-05 09:42:15,14569.35,0
2021-05-05 09:42:16,14569.2,0
2021-05-05 09:42:17,14569.15,0
2021-05-05 09:42:18,14568.65,0
2021-05-05 09:42:19,14569.0,0
2021-05-05 09:42:20,14568.5,0
2021-05-05 09:42:22,14568.5,0
2021-05-05 09:42:23,14569.95,0
2021-05-05 09:42:24,14570.35,0
2021-05-05 09:42:25,14570.05,0
2021-05-05 09:42:26,14569.75,0
2021-05-05 09:42:28,14571.0,0
2021-05-05 09:42:29,14570.65,0
2021-05-05 09:42:30,14570.3,0
2021-05-05 09:42:31,14572.65,0
2021-05-05 09:42:32,14572.6,0
2021-05-05 09:42:33,14572.2,0
2021-05-05 09:42:34,14571.7,0
2021-05-05 09:42:35,14571.65,0
2021-05-05 09:42:36,14571.45,0
2021-05-05 09:42:37,14571.95,0
2021-05-05 09:42:39,14572.4,0
2021-05-05 09:42:40,14571.95,0
2021-05-05 09:42:41,14571.05,0
2021-05-05 09:42:42,14571.65,0
2021-05-05 09:42:43,14571.6,0
2021-05-05 09:42:44,14571.5,0
2021-05-05 09:42:45,14571.5,0
2021-05-05 09:42:46,14570.9,0
2021-05-05 09:42:48,14572.2,0
2021-05-05 09:42:51,14571.0,0
2021-05-05 09:42:52,14571.0,0
2021-05-05 09:42:53,14571.1,0
2021-05-05 09:42:54,14571.0,0
2021-05-05 09:42:55,14571.65,0
2021-05-05 09:42:56,14571.25,0
2021-05-05 09:42:57,14571.3,0
2021-05-05 09:42:58,14570.3,0
2021-05-05 09:42:59,14570.05,0
2021-05-05 09:43:00,14570.05,0
2021-05-05 09:43:01,14569.9,0
2021-05-05 09:43:02,14569.5,0
2021-05-05 09:43:03,14570.15,0
2021-05-05 09:43:05,14570.5,0
2021-05-05 09:43:06,14570.3,0
2021-05-05 09:43:07,14570.25,0
2021-05-05 09:43:08,14570.25,0
2021-05-05 09:43:09,14569.6,0
2021-05-05 09:43:12,14570.05,0
2021-05-05 09:43:13,14570.0,0
2021-05-05 09:43:14,14570.45,0
2021-05-05 09:43:15,14569.3,0
2021-05-05 09:43:16,14569.55,0
2021-05-05 09:43:17,14569.25,0
2021-05-05 09:43:19,14567.95,0
2021-05-05 09:43:20,14567.6,0
2021-05-05 09:43:21,14568.75,0
2021-05-05 09:43:22,14568.45,0
2021-05-05 09:43:23,14568.4,0
2021-05-05 09:43:24,14569.0,0
2021-05-05 09:43:25,14568.45,0
2021-05-05 09:43:27,14568.2,0
2021-05-05 09:43:28,14568.35,0
2021-05-05 09:43:29,14568.9,0
2021-05-05 09:43:32,14568.55,0
2021-05-05 09:43:33,14568.8,0
2021-05-05 09:43:34,14568.9,0
2021-05-05 09:43:35,14569.65,0
2021-05-05 09:43:36,14569.3,0
2021-05-05 09:43:38,14569.2,0
2021-05-05 09:43:39,14569.45,0
2021-05-05 09:43:40,14568.7,0
2021-05-05 09:43:41,14569.4,0
2021-05-05 09:43:42,14569.05,0
2021-05-05 09:43:43,14569.35,0
2021-05-05 09:43:44,14569.55,0
2021-05-05 09:43:45,14570.5,0
2021-05-05 09:43:46,14569.15,0
2021-05-05 09:43:48,14569.55,0
2021-05-05 09:43:49,14569.4,0
2021-05-05 09:43:50,14569.85,0
2021-05-05 09:43:51,14570.5,0
2021-05-05 09:43:52,14570.5,0
2021-05-05 09:43:53,14570.25,0
2021-05-05 09:43:55,14570.0,0
2021-05-05 09:43:56,14569.85,0
2021-05-05 09:43:57,14569.05,0
2021-05-05 09:43:58,14569.7,0
2021-05-05 09:43:59,14569.15,0
2021-05-05 09:44:00,14570.05,0
2021-05-05 09:44:02,14569.55,0
2021-05-05 09:44:03,14569.4,0
2021-05-05 09:44:04,14569.5,0
2021-05-05 09:44:05,14569.1,0
2021-05-05 09:44:06,14569.05,0
2021-05-05 09:44:07,14568.45,0
2021-05-05 09:44:08,14569.15,0
2021-05-05 09:44:09,14569.35,0
2021-05-05 09:44:10,14569.15,0
2021-05-05 09:44:11,14570.6,0
2021-05-05 09:44:12,14569.65,0
2021-05-05 09:44:13,14569.55,0
2021-05-05 09:44:14,14569.85,0
2021-05-05 09:44:15,14569.9,0
2021-05-05 09:44:16,14569.45,0
2021-05-05 09:44:17,14568.85,0
2021-05-05 09:44:18,14569.95,0
2021-05-05 09:44:19,14569.95,0
2021-05-05 09:44:20,14569.7,0
2021-05-05 09:44:21,14568.9,0
2021-05-05 09:44:22,14569.55,0
2021-05-05 09:44:23,14568.75,0
2021-05-05 09:44:24,14569.15,0
2021-05-05 09:44:25,14569.0,0
2021-05-05 09:44:26,14568.35,0
2021-05-05 09:44:27,14567.35,0
2021-05-05 09:44:28,14566.5,0
2021-05-05 09:44:29,14566.75,0
2021-05-05 09:44:30,14566.15,0
2021-05-05 09:44:31,14566.1,0
2021-05-05 09:44:32,14565.45,0
2021-05-05 09:44:33,14564.5,0
2021-05-05 09:44:34,14565.95,0
2021-05-05 09:44:35,14565.65,0
2021-05-05 09:44:36,14562.6,0
2021-05-05 09:44:37,14564.05,0
2021-05-05 09:44:38,14567.25,0
2021-05-05 09:44:39,14567.25,0
2021-05-05 09:44:40,14566.3,0
2021-05-05 09:44:41,14566.55,0
2021-05-05 09:44:42,14567.1,0
2021-05-05 09:44:43,14566.6,0
2021-05-05 09:44:44,14568.4,0
2021-05-05 09:44:45,14568.5,0
2021-05-05 09:44:46,14569.25,0
2021-05-05 09:44:47,14569.55,0
2021-05-05 09:44:48,14569.85,0
2021-05-05 09:44:50,14569.9,0
2021-05-05 09:44:52,14570.35,0
2021-05-05 09:44:53,14570.6,0
2021-05-05 09:44:54,14570.55,0
2021-05-05 09:44:55,14570.6,0
2021-05-05 09:44:56,14570.5,0
2021-05-05 09:44:57,14571.85,0
2021-05-05 09:44:58,14572.55,0
2021-05-05 09:44:59,14572.1,0
2021-05-05 09:45:01,14572.75,0
2021-05-05 09:45:02,14572.85,0
2021-05-05 09:45:03,14572.75,0
2021-05-05 09:45:04,14573.55,0
2021-05-05 09:45:07,14575.2,0
2021-05-05 09:45:08,14574.7,0
2021-05-05 09:45:09,14577.55,0
2021-05-05 09:45:10,14577.75,0
2021-05-05 09:45:11,14578.2,0
2021-05-05 09:45:12,14578.85,0
2021-05-05 09:45:13,14578.15,0
2021-05-05 09:45:14,14580.9,0
2021-05-05 09:45:15,14579.85,0
2021-05-05 09:45:16,14579.55,0
2021-05-05 09:45:17,14584.35,0
2021-05-05 09:45:18,14584.15,0
2021-05-05 09:45:19,14584.35,0
2021-05-05 09:45:20,14583.15,0
2021-05-05 09:45:21,14578.4,0
2021-05-05 09:45:22,14577.85,0
2021-05-05 09:45:23,14577.8,0
2021-05-05 09:45:24,14577.3,0
2021-05-05 09:45:25,14577.95,0
2021-05-05 09:45:26,14578.05,0
2021-05-05 09:45:27,14578.2,0
2021-05-05 09:45:29,14578.05,0
2021-05-05 09:45:30,14576.85,0
2021-05-05 09:45:31,14575.3,0
2021-05-05 09:45:32,14573.95,0
2021-05-05 09:45:33,14573.85,0
2021-05-05 09:45:34,14574.45,0
2021-05-05 09:45:35,14574.15,0
2021-05-05 09:45:36,14574.5,0
2021-05-05 09:45:37,14573.3,0
2021-05-05 09:45:38,14573.35,0
2021-05-05 09:45:39,14574.15,0
2021-05-05 09:45:40,14573.3,0
2021-05-05 09:45:44,14570.85,0
2021-05-05 09:45:45,14571.7,0
2021-05-05 09:45:46,14570.4,0
2021-05-05 09:45:47,14570.15,0
2021-05-05 09:45:48,14569.55,0
2021-05-05 09:45:49,14570.3,0
2021-05-05 09:45:50,14569.6,0
2021-05-05 09:45:51,14570.85,0
2021-05-05 09:45:52,14570.65,0
2021-05-05 09:45:53,14569.85,0
2021-05-05 09:45:54,14570.3,0
2021-05-05 09:45:55,14570.15,0
2021-05-05 09:45:56,14569.6,0
2021-05-05 09:45:57,14570.15,0
2021-05-05 09:45:58,14569.55,0
2021-05-05 09:45:59,14569.5,0
2021-05-05 09:46:00,14565.65,0
2021-05-05 09:46:01,14565.3,0
2021-05-05 09:46:02,14565.25,0
2021-05-05 09:46:03,14565.2,0
2021-05-05 09:46:04,14565.1,0
2021-05-05 09:46:06,14563.9,0
2021-05-05 09:46:07,14563.35,0
2021-05-05 09:46:08,14560.35,0
2021-05-05 09:46:09,14560.15,0
2021-05-05 09:46:10,14559.5,0
2021-05-05 09:46:11,14558.45,0
2021-05-05 09:46:12,14555.25,0
2021-05-05 09:46:13,14551.25,0
2021-05-05 09:46:14,14553.5,0
2021-05-05 09:46:16,14551.15,0
2021-05-05 09:46:17,14553.2,0
2021-05-05 09:46:18,14553.85,0
2021-05-05 09:46:20,14554.35,0
2021-05-05 09:46:21,14556.85,0
2021-05-05 09:46:22,14558.2,0
2021-05-05 09:46:24,14557.9,0
2021-05-05 09:46:25,14558.15,0
2021-05-05 09:46:26,14559.6,0
2021-05-05 09:46:27,14559.75,0
2021-05-05 09:46:28,14559.95,0
2021-05-05 09:46:29,14562.2,0
2021-05-05 09:46:30,14561.75,0
2021-05-05 09:46:31,14561.25,0
2021-05-05 09:46:32,14563.2,0
2021-05-05 09:46:33,14562.6,0
2021-05-05 09:46:34,14562.75,0
2021-05-05 09:46:35,14562.85,0
2021-05-05 09:46:36,14563.05,0
2021-05-05 09:46:38,14563.45,0
2021-05-05 09:46:39,14564.25,0
2021-05-05 09:46:40,14563.55,0
2021-05-05 09:46:41,14563.6,0
2021-05-05 09:46:42,14564.3,0
2021-05-05 09:46:43,14563.85,0
2021-05-05 09:46:44,14565.55,0
2021-05-05 09:46:45,14565.05,0
2021-05-05 09:46:47,14563.95,0
2021-05-05 09:46:48,14562.05,0
2021-05-05 09:46:49,14563.6,0
2021-05-05 09:46:52,14562.55,0
2021-05-05 09:46:53,14563.15,0
2021-05-05 09:46:54,14562.75,0
2021-05-05 09:46:55,14562.45,0
2021-05-05 09:46:56,14563.6,0
2021-05-05 09:46:57,14563.55,0
2021-05-05 09:46:58,14562.45,0
2021-05-05 09:46:59,14563.15,0
2021-05-05 09:47:00,14562.6,0
2021-05-05 09:47:01,14562.95,0
2021-05-05 09:47:02,14562.8,0
2021-05-05 09:47:03,14563.6,0
2021-05-05 09:47:04,14563.75,0
2021-05-05 09:47:05,14563.15,0
2021-05-05 09:47:06,14562.85,0
2021-05-05 09:47:07,14562.65,0
2021-05-05 09:47:08,14561.2,0
2021-05-05 09:47:09,14561.55,0
2021-05-05 09:47:10,14561.1,0
2021-05-05 09:47:11,14560.0,0
2021-05-05 09:47:13,14560.1,0
2021-05-05 09:47:14,14560.55,0
2021-05-05 09:47:15,14559.3,0
2021-05-05 09:47:16,14558.8,0
2021-05-05 09:47:17,14559.35,0
2021-05-05 09:47:18,14560.0,0
2021-05-05 09:47:19,14559.5,0
2021-05-05 09:47:20,14560.05,0
2021-05-05 09:47:21,14560.4,0
2021-05-05 09:47:22,14559.5,0
2021-05-05 09:47:23,14559.75,0
2021-05-05 09:47:24,14560.1,0
2021-05-05 09:47:25,14560.0,0
2021-05-05 09:47:27,14559.65,0
2021-05-05 09:47:28,14559.9,0
2021-05-05 09:47:29,14559.3,0
2021-05-05 09:47:30,14559.2,0
2021-05-05 09:47:31,14559.35,0
2021-05-05 09:47:32,14558.5,0
2021-05-05 09:47:33,14560.0,0
2021-05-05 09:47:34,14559.85,0
2021-05-05 09:47:35,14560.4,0
2021-05-05 09:47:36,14561.3,0
2021-05-05 09:47:37,14561.1,0
2021-05-05 09:47:38,14561.3,0
2021-05-05 09:47:39,14561.35,0
2021-05-05 09:47:40,14561.25,0
2021-05-05 09:47:41,14561.55,0
2021-05-05 09:47:42,14561.3,0
2021-05-05 09:47:43,14561.5,0
2021-05-05 09:47:44,14561.85,0
2021-05-05 09:47:45,14561.75,0
2021-05-05 09:47:46,14561.65,0
2021-05-05 09:47:47,14561.35,0
2021-05-05 09:47:48,14561.15,0
2021-05-05 09:47:49,14561.2,0
2021-05-05 09:47:50,14561.2,0
2021-05-05 09:47:52,14561.35,0
2021-05-05 09:47:53,14561.9,0
2021-05-05 09:47:54,14562.1,0
2021-05-05 09:47:55,14562.2,0
2021-05-05 09:47:57,14562.15,0
2021-05-05 09:47:58,14562.35,0
2021-05-05 09:47:59,14562.2,0
2021-05-05 09:48:00,14562.35,0
2021-05-05 09:48:01,14563.3,0
2021-05-05 09:48:02,14562.65,0
2021-05-05 09:48:03,14564.1,0
2021-05-05 09:48:04,14563.0,0
2021-05-05 09:48:05,14562.9,0
2021-05-05 09:48:06,14562.75,0
2021-05-05 09:48:07,14562.05,0
2021-05-05 09:48:09,14565.25,0
2021-05-05 09:48:10,14565.25,0
2021-05-05 09:48:11,14566.35,0
2021-05-05 09:48:13,14566.9,0
2021-05-05 09:48:14,14566.55,0
2021-05-05 09:48:15,14566.7,0
2021-05-05 09:48:16,14565.85,0
2021-05-05 09:48:17,14566.65,0
2021-05-05 09:48:18,14565.7,0
2021-05-05 09:48:19,14566.45,0
2021-05-05 09:48:20,14566.75,0
2021-05-05 09:48:21,14566.35,0
2021-05-05 09:48:22,14566.05,0
2021-05-05 09:48:23,14566.7,0
2021-05-05 09:48:24,14566.8,0
2021-05-05 09:48:25,14566.5,0
2021-05-05 09:48:26,14567.25,0
2021-05-05 09:48:27,14566.75,0
2021-05-05 09:48:28,14567.05,0
2021-05-05 09:48:29,14567.0,0
2021-05-05 09:48:32,14565.9,0
2021-05-05 09:48:33,14565.95,0
2021-05-05 09:48:34,14565.3,0
2021-05-05 09:48:35,14565.85,0
2021-05-05 09:48:38,14564.25,0
2021-05-05 09:48:39,14563.3,0
2021-05-05 09:48:40,14563.05,0
2021-05-05 09:48:41,14562.9,0
2021-05-05 09:48:42,14563.2,0
2021-05-05 09:48:43,14563.7,0
2021-05-05 09:48:44,14565.0,0
2021-05-05 09:48:45,14564.7,0
2021-05-05 09:48:46,14564.55,0
2021-05-05 09:48:47,14564.7,0
2021-05-05 09:48:48,14564.55,0
2021-05-05 09:48:49,14564.55,0
2021-05-05 09:48:50,14565.35,0
2021-05-05 09:48:51,14565.05,0
2021-05-05 09:48:52,14564.95,0
2021-05-05 09:48:53,14565.45,0
2021-05-05 09:48:54,14567.4,0
2021-05-05 09:48:55,14568.45,0
2021-05-05 09:48:56,14569.75,0
2021-05-05 09:48:58,14570.35,0
2021-05-05 09:48:59,14570.45,0
2021-05-05 09:49:00,14568.55,0
2021-05-05 09:49:01,14568.3,0
2021-05-05 09:49:02,14569.15,0
2021-05-05 09:49:03,14566.3,0
2021-05-05 09:49:04,14564.8,0
2021-05-05 09:49:05,14564.7,0
2021-05-05 09:49:06,14564.75,0
2021-05-05 09:49:07,14564.35,0
2021-05-05 09:49:08,14564.15,0
2021-05-05 09:49:09,14564.2,0
2021-05-05 09:49:10,14563.25,0
2021-05-05 09:49:11,14562.8,0
2021-05-05 09:49:12,14560.2,0
2021-05-05 09:49:13,14559.9,0
2021-05-05 09:49:14,14561.25,0
2021-05-05 09:49:15,14562.05,0
2021-05-05 09:49:16,14562.05,0
2021-05-05 09:49:17,14562.6,0
2021-05-05 09:49:18,14563.35,0
2021-05-05 09:49:19,14563.9,0
2021-05-05 09:49:20,14563.3,0
2021-05-05 09:49:21,14564.1,0
2021-05-05 09:49:22,14564.95,0
2021-05-05 09:49:23,14564.7,0
2021-05-05 09:49:24,14565.85,0
2021-05-05 09:49:25,14565.7,0
2021-05-05 09:49:26,14565.55,0
2021-05-05 09:49:27,14565.55,0
2021-05-05 09:49:28,14565.85,0
2021-05-05 09:49:29,14565.6,0
2021-05-05 09:49:30,14565.05,0
2021-05-05 09:49:31,14565.5,0
2021-05-05 09:49:32,14565.55,0
2021-05-05 09:49:33,14565.75,0
2021-05-05 09:49:34,14565.45,0
2021-05-05 09:49:35,14565.15,0
2021-05-05 09:49:36,14564.7,0
2021-05-05 09:49:37,14563.4,0
2021-05-05 09:49:38,14563.95,0
2021-05-05 09:49:40,14563.45,0
2021-05-05 09:49:41,14563.45,0
2021-05-05 09:49:42,14563.85,0
2021-05-05 09:49:44,14564.8,0
2021-05-05 09:49:45,14564.35,0
2021-05-05 09:49:46,14564.4,0
2021-05-05 09:49:47,14563.55,0
2021-05-05 09:49:48,14563.55,0
2021-05-05 09:49:49,14563.45,0
2021-05-05 09:49:50,14563.65,0
2021-05-05 09:49:51,14563.15,0
2021-05-05 09:49:52,14562.1,0
2021-05-05 09:49:53,14560.35,0
2021-05-05 09:49:55,14561.9,0
2021-05-05 09:49:56,14561.1,0
2021-05-05 09:49:57,14561.55,0
2021-05-05 09:50:01,14561.05,0
2021-05-05 09:50:02,14562.5,0
2021-05-05 09:50:03,14561.25,0
2021-05-05 09:50:04,14563.1,0
2021-05-05 09:50:05,14562.95,0
2021-05-05 09:50:06,14562.3,0
2021-05-05 09:50:07,14565.1,0
2021-05-05 09:50:08,14564.8,0
2021-05-05 09:50:09,14563.9,0
2021-05-05 09:50:10,14567.6,0
2021-05-05 09:50:11,14567.4,0
2021-05-05 09:50:12,14567.65,0
2021-05-05 09:50:13,14568.05,0
2021-05-05 09:50:15,14571.25,0
2021-05-05 09:50:17,14570.25,0
2021-05-05 09:50:18,14570.75,0
2021-05-05 09:50:19,14570.55,0
2021-05-05 09:50:20,14570.25,0
2021-05-05 09:50:21,14569.15,0
2021-05-05 09:50:22,14568.8,0
2021-05-05 09:50:25,14567.0,0
2021-05-05 09:50:26,14568.05,0
2021-05-05 09:50:27,14567.25,0
2021-05-05 09:50:28,14567.0,0
2021-05-05 09:50:29,14566.1,0
2021-05-05 09:50:31,14565.6,0
2021-05-05 09:50:32,14564.4,0
2021-05-05 09:50:33,14564.35,0
2021-05-05 09:50:34,14564.45,0
2021-05-05 09:50:35,14565.1,0
2021-05-05 09:50:36,14566.1,0
2021-05-05 09:50:37,14565.8,0
2021-05-05 09:50:38,14565.95,0
2021-05-05 09:50:39,14565.55,0
2021-05-05 09:50:40,14565.6,0
2021-05-05 09:50:41,14565.45,0
2021-05-05 09:50:42,14564.8,0
2021-05-05 09:50:43,14565.7,0
2021-05-05 09:50:44,14566.0,0
2021-05-05 09:50:45,14565.85,0
2021-05-05 09:50:46,14565.65,0
2021-05-05 09:50:47,14564.75,0
2021-05-05 09:50:49,14564.7,0
2021-05-05 09:50:50,14563.8,0
2021-05-05 09:50:51,14564.45,0
2021-05-05 09:50:53,14565.45,0
2021-05-05 09:50:54,14565.6,0
2021-05-05 09:50:55,14564.9,0
2021-05-05 09:50:56,14567.0,0
2021-05-05 09:50:57,14566.75,0
2021-05-05 09:50:58,14566.95,0
2021-05-05 09:51:00,14566.1,0
2021-05-05 09:51:01,14566.85,0
2021-05-05 09:51:02,14566.3,0
2021-05-05 09:51:04,14567.45,0
2021-05-05 09:51:05,14567.4,0
2021-05-05 09:51:06,14567.15,0
2021-05-05 09:51:07,14566.95,0
2021-05-05 09:51:08,14567.0,0
2021-05-05 09:51:09,14566.8,0
2021-05-05 09:51:10,14566.05,0
2021-05-05 09:51:11,14565.6,0
2021-05-05 09:51:12,14565.15,0
2021-05-05 09:51:13,14565.2,0
2021-05-05 09:51:14,14566.1,0
2021-05-05 09:51:15,14565.45,0
2021-05-05 09:51:16,14565.3,0
2021-05-05 09:51:17,14564.45,0
2021-05-05 09:51:18,14564.9,0
2021-05-05 09:51:19,14565.15,0
2021-05-05 09:51:20,14565.35,0
2021-05-05 09:51:21,14565.15,0
2021-05-05 09:51:22,14565.2,0
2021-05-05 09:51:23,14566.0,0
2021-05-05 09:51:24,14565.75,0
2021-05-05 09:51:25,14566.15,0
2021-05-05 09:51:26,14567.1,0
2021-05-05 09:51:27,14566.55,0
2021-05-05 09:51:28,14565.7,0
2021-05-05 09:51:29,14566.0,0
2021-05-05 09:51:30,14564.9,0
2021-05-05 09:51:31,14565.2,0
2021-05-05 09:51:32,14566.45,0
2021-05-05 09:51:33,14566.35,0
2021-05-05 09:51:34,14566.95,0
2021-05-05 09:51:35,14565.1,0
2021-05-05 09:51:36,14565.9,0
2021-05-05 09:51:37,14565.05,0
2021-05-05 09:51:38,14565.1,0
2021-05-05 09:51:39,14566.25,0
2021-05-05 09:51:40,14566.75,0
2021-05-05 09:51:41,14566.45,0
2021-05-05 09:51:42,14565.1,0
2021-05-05 09:51:43,14565.85,0
2021-05-05 09:51:44,14566.4,0
2021-05-05 09:51:45,14566.0,0
2021-05-05 09:51:46,14566.0,0
2021-05-05 09:51:47,14566.15,0
2021-05-05 09:51:48,14565.3,0
2021-05-05 09:51:49,14564.25,0
2021-05-05 09:51:50,14564.0,0
2021-05-05 09:51:51,14564.3,0
2021-05-05 09:51:52,14564.0,0
2021-05-05 09:51:53,14564.25,0
2021-05-05 09:51:54,14564.3,0
2021-05-05 09:51:55,14564.75,0
2021-05-05 09:51:56,14565.5,0
2021-05-05 09:51:57,14564.2,0
2021-05-05 09:51:58,14564.55,0
2021-05-05 09:51:59,14564.7,0
2021-05-05 09:52:00,14563.35,0
2021-05-05 09:52:01,14563.8,0
2021-05-05 09:52:02,14563.25,0
2021-05-05 09:52:03,14564.0,0
2021-05-05 09:52:04,14564.3,0
2021-05-05 09:52:05,14563.55,0
2021-05-05 09:52:06,14564.05,0
2021-05-05 09:52:07,14562.95,0
2021-05-05 09:52:08,14562.45,0
2021-05-05 09:52:09,14563.3,0
2021-05-05 09:52:10,14562.2,0
2021-05-05 09:52:11,14562.45,0
2021-05-05 09:52:13,14560.4,0
2021-05-05 09:52:14,14561.1,0
2021-05-05 09:52:16,14559.9,0
2021-05-05 09:52:17,14559.9,0
2021-05-05 09:52:19,14560.45,0
2021-05-05 09:52:20,14559.55,0
2021-05-05 09:52:22,14560.0,0
2021-05-05 09:52:23,14559.9,0
2021-05-05 09:52:24,14557.95,0
2021-05-05 09:52:25,14558.15,0
2021-05-05 09:52:26,14558.65,0
2021-05-05 09:52:27,14558.45,0
2021-05-05 09:52:28,14557.55,0
2021-05-05 09:52:29,14557.8,0
2021-05-05 09:52:31,14558.4,0
2021-05-05 09:52:32,14558.3,0
2021-05-05 09:52:33,14559.05,0
2021-05-05 09:52:34,14560.1,0
2021-05-05 09:52:35,14559.1,0
2021-05-05 09:52:36,14560.0,0
2021-05-05 09:52:37,14559.9,0
2021-05-05 09:52:39,14560.0,0
2021-05-05 09:52:41,14561.35,0
2021-05-05 09:52:42,14562.05,0
2021-05-05 09:52:43,14562.6,0
2021-05-05 09:52:44,14562.2,0
2021-05-05 09:52:45,14563.35,0
2021-05-05 09:52:46,14562.25,0
2021-05-05 09:52:47,14563.0,0
2021-05-05 09:52:48,14562.55,0
2021-05-05 09:52:49,14562.05,0
2021-05-05 09:52:50,14562.75,0
2021-05-05 09:52:52,14562.0,0
2021-05-05 09:52:53,14561.35,0
2021-05-05 09:52:54,14560.9,0
2021-05-05 09:52:57,14560.95,0
2021-05-05 09:52:58,14560.6,0
2021-05-05 09:53:00,14560.3,0
2021-05-05 09:53:01,14559.35,0
2021-05-05 09:53:02,14559.65,0
2021-05-05 09:53:03,14559.15,0
2021-05-05 09:53:04,14559.1,0
2021-05-05 09:53:05,14559.75,0
2021-05-05 09:53:06,14559.1,0
2021-05-05 09:53:09,14560.2,0
2021-05-05 09:53:12,14559.75,0
2021-05-05 09:53:15,14561.7,0
2021-05-05 09:53:16,14561.05,0
2021-05-05 09:53:17,14559.85,0
2021-05-05 09:53:18,14559.9,0
2021-05-05 09:53:19,14560.25,0
2021-05-05 09:53:20,14560.85,0
2021-05-05 09:53:21,14560.45,0
2021-05-05 09:53:22,14560.55,0
2021-05-05 09:53:23,14559.6,0
2021-05-05 09:53:24,14560.45,0
2021-05-05 09:53:25,14561.85,0
2021-05-05 09:53:26,14560.9,0
2021-05-05 09:53:27,14560.25,0
2021-05-05 09:53:28,14561.4,0
2021-05-05 09:53:29,14561.6,0
2021-05-05 09:53:30,14561.55,0
2021-05-05 09:53:31,14561.8,0
2021-05-05 09:53:32,14561.85,0
2021-05-05 09:53:33,14560.25,0
2021-05-05 09:53:34,14560.25,0
2021-05-05 09:53:35,14560.55,0
2021-05-05 09:53:36,14560.9,0
2021-05-05 09:53:37,14559.6,0
2021-05-05 09:53:38,14559.7,0
2021-05-05 09:53:39,14559.75,0
2021-05-05 09:53:40,14559.7,0
2021-05-05 09:53:41,14559.6,0
2021-05-05 09:53:42,14559.45,0
2021-05-05 09:53:43,14559.7,0
2021-05-05 09:53:44,14559.8,0
2021-05-05 09:53:45,14559.2,0
2021-05-05 09:53:46,14560.4,0
2021-05-05 09:53:47,14560.15,0
2021-05-05 09:53:48,14559.25,0
2021-05-05 09:53:49,14560.6,0
2021-05-05 09:53:50,14559.95,0
2021-05-05 09:53:51,14559.9,0
2021-05-05 09:53:52,14560.55,0
2021-05-05 09:53:53,14561.05,0
2021-05-05 09:53:55,14560.0,0
2021-05-05 09:53:56,14559.8,0
2021-05-05 09:53:57,14561.1,0
2021-05-05 09:53:58,14560.8,0
2021-05-05 09:53:59,14560.8,0
2021-05-05 09:54:01,14561.15,0
2021-05-05 09:54:04,14561.8,0
2021-05-05 09:54:05,14561.2,0
2021-05-05 09:54:06,14559.9,0
2021-05-05 09:54:07,14559.8,0
2021-05-05 09:54:09,14558.5,0
2021-05-05 09:54:10,14558.3,0
2021-05-05 09:54:12,14558.5,0
2021-05-05 09:54:13,14558.2,0
2021-05-05 09:54:14,14559.15,0
2021-05-05 09:54:15,14558.0,0
2021-05-05 09:54:16,14557.0,0
2021-05-05 09:54:18,14557.05,0
2021-05-05 09:54:19,14556.4,0
2021-05-05 09:54:20,14555.9,0
2021-05-05 09:54:21,14557.5,0
2021-05-05 09:54:23,14558.15,0
2021-05-05 09:54:24,14558.5,0
2021-05-05 09:54:26,14558.45,0
2021-05-05 09:54:27,14558.65,0
2021-05-05 09:54:28,14559.25,0
2021-05-05 09:54:29,14558.25,0
2021-05-05 09:54:30,14558.4,0
2021-05-05 09:54:31,14558.05,0
2021-05-05 09:54:32,14557.8,0
2021-05-05 09:54:33,14557.35,0
2021-05-05 09:54:34,14557.0,0
2021-05-05 09:54:35,14557.25,0
2021-05-05 09:54:36,14557.55,0
2021-05-05 09:54:37,14557.05,0
2021-05-05 09:54:39,14557.7,0
2021-05-05 09:54:40,14557.95,0
2021-05-05 09:54:41,14557.55,0
2021-05-05 09:54:42,14558.25,0
2021-05-05 09:54:43,14558.7,0
2021-05-05 09:54:44,14559.5,0
2021-05-05 09:54:45,14559.7,0
2021-05-05 09:54:46,14559.95,0
2021-05-05 09:54:47,14559.95,0
2021-05-05 09:54:48,14560.0,0
2021-05-05 09:54:49,14559.85,0
2021-05-05 09:54:50,14559.5,0
2021-05-05 09:54:51,14560.2,0
2021-05-05 09:54:52,14560.9,0
2021-05-05 09:54:54,14560.65,0
2021-05-05 09:54:55,14560.8,0
2021-05-05 09:54:56,14560.75,0
2021-05-05 09:54:57,14560.8,0
2021-05-05 09:54:58,14559.95,0
2021-05-05 09:54:59,14562.3,0
2021-05-05 09:55:00,14562.55,0
2021-05-05 09:55:01,14562.95,0
2021-05-05 09:55:02,14563.25,0
2021-05-05 09:55:03,14563.45,0
2021-05-05 09:55:04,14563.0,0
2021-05-05 09:55:05,14563.5,0
2021-05-05 09:55:07,14563.35,0
2021-05-05 09:55:09,14565.05,0
2021-05-05 09:55:10,14565.5,0
2021-05-05 09:55:11,14565.3,0
2021-05-05 09:55:12,14565.35,0
2021-05-05 09:55:13,14566.0,0
2021-05-05 09:55:14,14567.05,0
2021-05-05 09:55:15,14566.8,0
2021-05-05 09:55:16,14567.8,0
2021-05-05 09:55:17,14569.45,0
2021-05-05 09:55:18,14570.55,0
2021-05-05 09:55:19,14571.65,0
2021-05-05 09:55:20,14573.45,0
2021-05-05 09:55:23,14573.75,0
2021-05-05 09:55:24,14572.4,0
2021-05-05 09:55:26,14571.35,0
2021-05-05 09:55:27,14571.75,0
2021-05-05 09:55:28,14571.5,0
2021-05-05 09:55:30,14570.85,0
2021-05-05 09:55:31,14571.15,0
2021-05-05 09:55:32,14571.45,0
2021-05-05 09:55:35,14567.6,0
2021-05-05 09:55:36,14568.1,0
2021-05-05 09:55:37,14567.45,0
2021-05-05 09:55:39,14566.9,0
2021-05-05 09:55:41,14566.4,0
2021-05-05 09:55:42,14566.9,0
2021-05-05 09:55:43,14565.95,0
2021-05-05 09:55:44,14567.85,0
2021-05-05 09:55:45,14567.35,0
2021-05-05 09:55:46,14567.2,0
2021-05-05 09:55:47,14567.45,0
2021-05-05 09:55:48,14567.45,0
2021-05-05 09:55:49,14567.7,0
2021-05-05 09:55:50,14568.2,0
2021-05-05 09:55:51,14568.05,0
2021-05-05 09:55:52,14567.75,0
2021-05-05 09:55:53,14567.55,0
2021-05-05 09:55:55,14568.15,0
2021-05-05 09:55:56,14566.3,0
2021-05-05 09:55:57,14565.8,0
2021-05-05 09:55:58,14566.2,0
2021-05-05 09:55:59,14565.75,0
2021-05-05 09:56:00,14565.7,0
2021-05-05 09:56:02,14565.3,0
2021-05-05 09:56:03,14565.0,0
2021-05-05 09:56:04,14564.55,0
2021-05-05 09:56:05,14564.4,0
2021-05-05 09:56:06,14564.4,0
2021-05-05 09:56:07,14564.55,0
2021-05-05 09:56:08,14563.7,0
2021-05-05 09:56:09,14563.5,0
2021-05-05 09:56:10,14562.85,0
2021-05-05 09:56:11,14563.05,0
2021-05-05 09:56:12,14561.55,0
2021-05-05 09:56:13,14562.15,0
2021-05-05 09:56:14,14562.5,0
2021-05-05 09:56:15,14561.9,0
2021-05-05 09:56:16,14561.3,0
2021-05-05 09:56:17,14561.3,0
2021-05-05 09:56:18,14560.45,0
2021-05-05 09:56:19,14559.9,0
2021-05-05 09:56:20,14560.8,0
2021-05-05 09:56:21,14557.05,0
2021-05-05 09:56:22,14556.7,0
2021-05-05 09:56:23,14557.1,0
2021-05-05 09:56:24,14556.9,0
2021-05-05 09:56:25,14556.95,0
2021-05-05 09:56:26,14557.95,0
2021-05-05 09:56:28,14558.15,0
2021-05-05 09:56:29,14558.5,0
2021-05-05 09:56:30,14560.4,0
2021-05-05 09:56:31,14559.65,0
2021-05-05 09:56:32,14559.95,0
2021-05-05 09:56:33,14560.2,0
2021-05-05 09:56:34,14559.8,0
2021-05-05 09:56:35,14559.3,0
2021-05-05 09:56:37,14559.85,0
2021-05-05 09:56:38,14559.3,0
2021-05-05 09:56:39,14560.3,0
2021-05-05 09:56:40,14559.75,0
2021-05-05 09:56:41,14560.2,0
2021-05-05 09:56:42,14561.1,0
2021-05-05 09:56:43,14560.5,0
2021-05-05 09:56:44,14562.0,0
2021-05-05 09:56:45,14561.95,0
2021-05-05 09:56:46,14561.5,0
2021-05-05 09:56:47,14562.55,0
2021-05-05 09:56:48,14561.85,0
2021-05-05 09:56:49,14563.15,0
2021-05-05 09:56:50,14563.5,0
2021-05-05 09:56:51,14564.0,0
2021-05-05 09:56:52,14564.1,0
2021-05-05 09:56:53,14564.25,0
2021-05-05 09:56:54,14563.95,0
2021-05-05 09:56:55,14564.1,0
2021-05-05 09:56:56,14564.8,0
2021-05-05 09:56:57,14565.45,0
2021-05-05 09:56:58,14565.05,0
2021-05-05 09:56:59,14564.75,0
2021-05-05 09:57:00,14565.65,0
2021-05-05 09:57:01,14565.55,0
2021-05-05 09:57:04,14564.75,0
2021-05-05 09:57:05,14564.35,0
2021-05-05 09:57:06,14563.6,0
2021-05-05 09:57:07,14562.9,0
2021-05-05 09:57:08,14562.55,0
2021-05-05 09:57:09,14561.55,0
2021-05-05 09:57:10,14561.45,0
2021-05-05 09:57:12,14562.25,0
2021-05-05 09:57:13,14562.3,0
2021-05-05 09:57:14,14563.25,0
2021-05-05 09:57:16,14562.8,0
2021-05-05 09:57:18,14563.0,0
2021-05-05 09:57:19,14563.55,0
2021-05-05 09:57:20,14563.9,0
2021-05-05 09:57:21,14563.35,0
2021-05-05 09:57:22,14562.6,0
2021-05-05 09:57:23,14562.5,0
2021-05-05 09:57:24,14563.65,0
2021-05-05 09:57:25,14563.15,0
2021-05-05 09:57:26,14562.45,0
2021-05-05 09:57:27,14560.85,0
2021-05-05 09:57:28,14560.85,0
2021-05-05 09:57:30,14561.8,0
2021-05-05 09:57:31,14560.7,0
2021-05-05 09:57:32,14560.25,0
2021-05-05 09:57:33,14560.65,0
2021-05-05 09:57:34,14561.6,0
2021-05-05 09:57:35,14560.8,0
2021-05-05 09:57:36,14561.35,0
2021-05-05 09:57:37,14562.85,0
2021-05-05 09:57:38,14562.45,0
2021-05-05 09:57:40,14562.9,0
2021-05-05 09:57:41,14562.6,0
2021-05-05 09:57:42,14562.25,0
2021-05-05 09:57:43,14562.55,0
2021-05-05 09:57:44,14563.05,0
2021-05-05 09:57:45,14562.4,0
2021-05-05 09:57:46,14562.05,0
2021-05-05 09:57:47,14566.05,0
2021-05-05 09:57:49,14566.2,0
2021-05-05 09:57:52,14565.55,0
2021-05-05 09:57:53,14566.05,0
2021-05-05 09:57:54,14565.7,0
2021-05-05 09:57:55,14566.45,0
2021-05-05 09:57:56,14567.15,0
2021-05-05 09:57:57,14568.05,0
2021-05-05 09:57:58,14567.95,0
2021-05-05 09:57:59,14569.0,0
2021-05-05 09:58:00,14569.1,0
2021-05-05 09:58:01,14569.65,0
2021-05-05 09:58:02,14568.75,0
2021-05-05 09:58:05,14568.7,0
2021-05-05 09:58:06,14567.85,0
2021-05-05 09:58:07,14567.3,0
2021-05-05 09:58:08,14566.7,0
2021-05-05 09:58:10,14565.7,0
2021-05-05 09:58:11,14565.95,0
2021-05-05 09:58:12,14566.5,0
2021-05-05 09:58:13,14567.2,0
2021-05-05 09:58:14,14567.65,0
2021-05-05 09:58:16,14566.3,0
2021-05-05 09:58:15,14566.85,0
2021-05-05 09:58:17,14566.55,0
2021-05-05 09:58:18,14567.55,0
2021-05-05 09:58:19,14566.75,0
2021-05-05 09:58:21,14565.0,0
2021-05-05 09:58:22,14565.1,0
2021-05-05 09:58:23,14565.9,0
2021-05-05 09:58:24,14565.95,0
2021-05-05 09:58:27,14566.2,0
2021-05-05 09:58:28,14566.55,0
2021-05-05 09:58:30,14565.7,0
2021-05-05 09:58:31,14565.85,0
2021-05-05 09:58:32,14567.1,0
2021-05-05 09:58:33,14566.65,0
2021-05-05 09:58:35,14566.65,0
2021-05-05 09:58:36,14567.45,0
2021-05-05 09:58:37,14568.1,0
2021-05-05 09:58:38,14567.15,0
2021-05-05 09:58:39,14568.05,0
2021-05-05 09:58:40,14567.3,0
2021-05-05 09:58:41,14566.75,0
2021-05-05 09:58:42,14567.1,0
2021-05-05 09:58:43,14567.45,0
2021-05-05 09:58:44,14567.4,0
2021-05-05 09:58:45,14567.85,0
2021-05-05 09:58:46,14567.3,0
2021-05-05 09:58:47,14567.35,0
2021-05-05 09:58:48,14567.8,0
2021-05-05 09:58:49,14568.1,0
2021-05-05 09:58:50,14568.25,0
2021-05-05 09:58:51,14567.85,0
2021-05-05 09:58:52,14567.55,0
2021-05-05 09:58:53,14567.3,0
2021-05-05 09:58:54,14567.7,0
2021-05-05 09:58:55,14568.0,0
2021-05-05 09:58:56,14568.4,0
2021-05-05 09:58:57,14568.35,0
2021-05-05 09:58:58,14568.5,0
2021-05-05 09:58:59,14567.45,0
2021-05-05 09:59:00,14567.3,0
2021-05-05 09:59:01,14566.15,0
2021-05-05 09:59:02,14565.55,0
2021-05-05 09:59:03,14566.1,0
2021-05-05 09:59:04,14565.7,0
2021-05-05 09:59:05,14564.8,0
2021-05-05 09:59:06,14566.0,0
2021-05-05 09:59:07,14566.1,0
2021-05-05 09:59:08,14566.05,0
2021-05-05 09:59:09,14566.25,0
2021-05-05 09:59:10,14565.5,0
2021-05-05 09:59:11,14565.75,0
2021-05-05 09:59:13,14566.3,0
2021-05-05 09:59:14,14568.0,0
2021-05-05 09:59:15,14567.75,0
2021-05-05 09:59:16,14568.0,0
2021-05-05 09:59:17,14567.7,0
2021-05-05 09:59:18,14568.3,0
2021-05-05 09:59:19,14568.25,0
2021-05-05 09:59:20,14568.7,0
2021-05-05 09:59:21,14568.85,0
2021-05-05 09:59:22,14568.1,0
2021-05-05 09:59:23,14567.95,0
2021-05-05 09:59:24,14568.3,0
2021-05-05 09:59:25,14568.3,0
2021-05-05 09:59:26,14568.55,0
2021-05-05 09:59:27,14567.3,0
2021-05-05 09:59:28,14566.95,0
2021-05-05 09:59:29,14567.7,0
2021-05-05 09:59:30,14567.05,0
2021-05-05 09:59:31,14567.45,0
2021-05-05 09:59:32,14567.0,0
2021-05-05 09:59:34,14566.5,0
2021-05-05 09:59:36,14567.6,0
2021-05-05 09:59:37,14567.0,0
2021-05-05 09:59:38,14567.25,0
2021-05-05 09:59:39,14566.8,0
2021-05-05 09:59:40,14567.1,0
2021-05-05 09:59:41,14566.55,0
2021-05-05 09:59:42,14565.95,0
2021-05-05 09:59:43,14565.85,0
2021-05-05 09:59:45,14567.0,0
2021-05-05 09:59:46,14566.2,0
2021-05-05 09:59:47,14565.4,0
2021-05-05 09:59:49,14564.6,0
2021-05-05 09:59:51,14563.55,0
2021-05-05 09:59:54,14564.2,0
2021-05-05 09:59:55,14564.7,0
2021-05-05 09:59:56,14565.4,0
2021-05-05 09:59:57,14565.35,0
2021-05-05 09:59:59,14564.7,0
2021-05-05 10:00:01,14567.5,0
2021-05-05 10:00:02,14566.65,0
2021-05-05 10:00:03,14567.2,0
2021-05-05 10:00:04,14569.3,0
2021-05-05 10:00:08,14571.35,0
2021-05-05 10:00:09,14571.35,0
2021-05-05 10:00:10,14571.8,0
2021-05-05 10:00:11,14572.45,0
2021-05-05 10:00:12,14572.6,0
2021-05-05 10:00:15,14576.75,0
2021-05-05 10:00:16,14576.0,0
2021-05-05 10:00:17,14575.4,0
2021-05-05 10:00:18,14575.35,0
2021-05-05 10:00:19,14574.25,0
2021-05-05 10:00:20,14571.05,0
2021-05-05 10:00:22,14569.8,0
2021-05-05 10:00:23,14570.3,0
2021-05-05 10:00:24,14571.25,0
2021-05-05 10:00:25,14570.1,0
2021-05-05 10:00:28,14570.1,0
2021-05-05 10:00:29,14569.55,0
2021-05-05 10:00:30,14568.65,0
2021-05-05 10:00:31,14569.6,0
2021-05-05 10:00:32,14569.9,0
2021-05-05 10:00:33,14569.85,0
2021-05-05 10:00:34,14570.4,0
2021-05-05 10:00:36,14572.5,0
2021-05-05 10:00:37,14573.7,0
2021-05-05 10:00:38,14573.0,0
2021-05-05 10:00:39,14574.2,0
2021-05-05 10:00:40,14574.85,0
2021-05-05 10:00:41,14574.5,0
2021-05-05 10:00:42,14573.95,0
2021-05-05 10:00:43,14574.95,0
2021-05-05 10:00:44,14574.95,0
2021-05-05 10:00:45,14574.7,0
2021-05-05 10:00:46,14574.9,0
2021-05-05 10:00:47,14575.55,0
2021-05-05 10:00:48,14575.8,0
2021-05-05 10:00:49,14575.9,0
2021-05-05 10:00:50,14575.45,0
2021-05-05 10:00:51,14575.85,0
2021-05-05 10:00:52,14575.45,0
2021-05-05 10:00:53,14575.4,0
2021-05-05 10:00:54,14575.55,0
2021-05-05 10:00:55,14575.65,0
2021-05-05 10:00:56,14575.0,0
2021-05-05 10:00:57,14574.15,0
2021-05-05 10:00:58,14574.55,0
2021-05-05 10:00:59,14574.6,0
2021-05-05 10:01:00,14574.65,0
2021-05-05 10:01:01,14574.35,0
2021-05-05 10:01:02,14575.5,0
2021-05-05 10:01:03,14576.15,0
2021-05-05 10:01:04,14576.5,0
2021-05-05 10:01:05,14577.75,0
2021-05-05 10:01:06,14577.0,0
2021-05-05 10:01:07,14577.1,0
2021-05-05 10:01:08,14578.05,0
2021-05-05 10:01:10,14578.15,0
2021-05-05 10:01:11,14581.8,0
2021-05-05 10:01:12,14587.15,0
2021-05-05 10:01:13,14586.0,0
2021-05-05 10:01:14,14586.0,0
2021-05-05 10:01:15,14586.2,0
2021-05-05 10:01:16,14585.8,0
2021-05-05 10:01:17,14585.7,0
2021-05-05 10:01:18,14584.75,0
2021-05-05 10:01:19,14583.55,0
2021-05-05 10:01:20,14583.65,0
2021-05-05 10:01:21,14582.45,0
2021-05-05 10:01:22,14580.5,0
2021-05-05 10:01:23,14582.2,0
2021-05-05 10:01:24,14582.55,0
2021-05-05 10:01:25,14582.3,0
2021-05-05 10:01:27,14582.85,0
2021-05-05 10:01:26,14583.15,0
2021-05-05 10:01:28,14582.15,0
2021-05-05 10:01:29,14582.55,0
2021-05-05 10:01:30,14582.15,0
2021-05-05 10:01:31,14581.1,0
2021-05-05 10:01:32,14581.65,0
2021-05-05 10:01:33,14582.05,0
2021-05-05 10:01:34,14582.5,0
2021-05-05 10:01:35,14582.75,0
2021-05-05 10:01:36,14582.75,0
2021-05-05 10:01:37,14582.9,0
2021-05-05 10:01:38,14583.2,0
2021-05-05 10:01:39,14583.25,0
2021-05-05 10:01:40,14587.45,0
2021-05-05 10:01:41,14587.7,0
2021-05-05 10:01:42,14588.9,0
2021-05-05 10:01:43,14590.1,0
2021-05-05 10:01:44,14593.2,0
2021-05-05 10:01:48,14596.85,0
2021-05-05 10:01:50,14595.35,0
2021-05-05 10:01:51,14594.3,0
2021-05-05 10:01:52,14595.25,0
2021-05-05 10:01:53,14594.6,0
2021-05-05 10:01:54,14595.3,0
2021-05-05 10:01:55,14593.65,0
2021-05-05 10:01:56,14592.7,0
2021-05-05 10:01:57,14593.2,0
2021-05-05 10:01:58,14593.15,0
2021-05-05 10:01:59,14593.8,0
2021-05-05 10:02:00,14594.1,0
2021-05-05 10:02:01,14594.55,0
2021-05-05 10:02:02,14594.4,0
2021-05-05 10:02:03,14594.9,0
2021-05-05 10:02:04,14592.6,0
2021-05-05 10:02:05,14592.2,0
2021-05-05 10:02:06,14592.2,0
2021-05-05 10:02:07,14590.1,0
2021-05-05 10:02:08,14591.1,0
2021-05-05 10:02:09,14592.4,0
2021-05-05 10:02:10,14591.95,0
2021-05-05 10:02:11,14591.05,0
2021-05-05 10:02:13,14591.1,0
2021-05-05 10:02:14,14590.75,0
2021-05-05 10:02:15,14590.2,0
2021-05-05 10:02:16,14590.15,0
2021-05-05 10:02:17,14589.45,0
2021-05-05 10:02:18,14589.65,0
2021-05-05 10:02:20,14590.2,0
2021-05-05 10:02:22,14589.55,0
2021-05-05 10:02:23,14588.7,0
2021-05-05 10:02:24,14590.35,0
2021-05-05 10:02:25,14589.65,0
2021-05-05 10:02:26,14589.6,0
2021-05-05 10:02:28,14589.55,0
2021-05-05 10:02:29,14589.05,0
2021-05-05 10:02:31,14591.2,0
2021-05-05 10:02:32,14592.5,0
2021-05-05 10:02:34,14592.6,0
2021-05-05 10:02:36,14595.9,0
2021-05-05 10:02:37,14595.9,0
2021-05-05 10:02:38,14596.2,0
2021-05-05 10:02:40,14595.85,0
2021-05-05 10:02:41,14594.4,0
2021-05-05 10:02:42,14594.9,0
2021-05-05 10:02:43,14595.85,0
2021-05-05 10:02:44,14596.55,0
2021-05-05 10:02:45,14596.05,0
2021-05-05 10:02:46,14595.25,0
2021-05-05 10:02:47,14595.4,0
2021-05-05 10:02:48,14595.55,0
2021-05-05 10:02:49,14595.15,0
2021-05-05 10:02:50,14594.7,0
2021-05-05 10:02:51,14593.75,0
2021-05-05 10:02:53,14594.3,0
2021-05-05 10:02:54,14594.25,0
2021-05-05 10:02:55,14594.2,0
2021-05-05 10:02:57,14593.95,0
2021-05-05 10:02:58,14593.9,0
2021-05-05 10:02:59,14593.15,0
2021-05-05 10:03:00,14593.25,0
2021-05-05 10:03:01,14592.55,0
2021-05-05 10:03:02,14592.4,0
2021-05-05 10:03:03,14592.1,0
2021-05-05 10:03:04,14592.75,0
2021-05-05 10:03:05,14592.35,0
2021-05-05 10:03:06,14592.65,0
2021-05-05 10:03:07,14593.3,0
2021-05-05 10:03:09,14592.5,0
2021-05-05 10:03:11,14591.2,0
2021-05-05 10:03:12,14591.1,0
2021-05-05 10:03:13,14591.1,0
2021-05-05 10:03:14,14590.9,0
2021-05-05 10:03:15,14590.55,0
2021-05-05 10:03:16,14590.35,0
2021-05-05 10:03:17,14589.7,0
2021-05-05 10:03:18,14590.2,0
2021-05-05 10:03:20,14590.45,0
2021-05-05 10:03:21,14589.35,0
2021-05-05 10:03:22,14590.1,0
2021-05-05 10:03:23,14588.4,0
2021-05-05 10:03:24,14585.35,0
2021-05-05 10:03:25,14585.25,0
2021-05-05 10:03:26,14587.0,0
2021-05-05 10:03:27,14587.05,0
2021-05-05 10:03:28,14590.05,0
2021-05-05 10:03:29,14588.2,0
2021-05-05 10:03:30,14588.3,0
2021-05-05 10:03:31,14590.2,0
2021-05-05 10:03:32,14589.8,0
2021-05-05 10:03:33,14589.85,0
2021-05-05 10:03:34,14589.2,0
2021-05-05 10:03:35,14588.1,0
2021-05-05 10:03:36,14589.25,0
2021-05-05 10:03:37,14591.8,0
2021-05-05 10:03:38,14590.15,0
2021-05-05 10:03:39,14590.15,0
2021-05-05 10:03:40,14590.55,0
2021-05-05 10:03:41,14589.8,0
2021-05-05 10:03:42,14589.55,0
2021-05-05 10:03:43,14588.9,0
2021-05-05 10:03:44,14588.95,0
2021-05-05 10:03:45,14588.5,0
2021-05-05 10:03:46,14588.75,0
2021-05-05 10:03:47,14587.85,0
2021-05-05 10:03:48,14587.2,0
2021-05-05 10:03:49,14588.2,0
2021-05-05 10:03:50,14587.05,0
2021-05-05 10:03:51,14586.15,0
2021-05-05 10:03:52,14585.55,0
2021-05-05 10:03:53,14585.7,0
2021-05-05 10:03:54,14586.35,0
2021-05-05 10:03:55,14585.45,0
2021-05-05 10:03:56,14584.8,0
2021-05-05 10:03:57,14585.5,0
2021-05-05 10:03:59,14584.4,0
2021-05-05 10:04:00,14583.85,0
2021-05-05 10:04:01,14584.5,0
2021-05-05 10:04:02,14584.2,0
2021-05-05 10:04:03,14583.75,0
2021-05-05 10:04:04,14583.55,0
2021-05-05 10:04:05,14584.55,0
2021-05-05 10:04:07,14582.95,0
2021-05-05 10:04:08,14582.55,0
2021-05-05 10:04:09,14583.25,0
2021-05-05 10:04:10,14581.9,0
2021-05-05 10:04:11,14582.3,0
2021-05-05 10:04:12,14582.3,0
2021-05-05 10:04:13,14581.55,0
2021-05-05 10:04:14,14580.85,0
2021-05-05 10:04:15,14581.65,0
2021-05-05 10:04:16,14581.25,0
2021-05-05 10:04:17,14582.9,0
2021-05-05 10:04:18,14582.85,0
2021-05-05 10:04:19,14585.35,0
2021-05-05 10:04:20,14584.5,0
2021-05-05 10:04:21,14584.7,0
2021-05-05 10:04:22,14584.05,0
2021-05-05 10:04:24,14584.9,0
2021-05-05 10:04:25,14584.6,0
2021-05-05 10:04:26,14583.6,0
2021-05-05 10:04:27,14584.55,0
2021-05-05 10:04:28,14583.15,0
2021-05-05 10:04:29,14583.1,0
2021-05-05 10:04:30,14581.95,0
2021-05-05 10:04:32,14583.25,0
2021-05-05 10:04:33,14582.4,0
2021-05-05 10:04:34,14582.2,0
2021-05-05 10:04:35,14579.65,0
2021-05-05 10:04:36,14579.6,0
2021-05-05 10:04:37,14577.05,0
2021-05-05 10:04:39,14574.5,0
2021-05-05 10:04:42,14571.2,0
2021-05-05 10:04:43,14566.5,0
2021-05-05 10:04:51,14541.25,0
2021-05-05 10:04:53,14525.6,0
2021-05-05 10:04:56,14520.4,0
2021-05-05 10:04:57,14510.95,0
2021-05-05 10:04:58,14520.6,0
2021-05-05 10:04:59,14520.9,0
2021-05-05 10:05:00,14517.05,0
2021-05-05 10:05:01,14524.15,0
2021-05-05 10:05:02,14526.25,0
2021-05-05 10:05:03,14525.6,0
2021-05-05 10:05:04,14516.35,0
2021-05-05 10:05:05,14514.25,0
2021-05-05 10:05:06,14510.0,0
2021-05-05 10:05:07,14514.8,0
2021-05-05 10:05:09,14518.6,0
2021-05-05 10:05:11,14522.45,0
2021-05-05 10:05:12,14525.65,0
2021-05-05 10:05:13,14523.2,0
2021-05-05 10:05:14,14522.3,0
2021-05-05 10:05:15,14519.8,0
2021-05-05 10:05:16,14519.45,0
2021-05-05 10:05:17,14522.85,0
2021-05-05 10:05:18,14523.7,0
2021-05-05 10:05:19,14525.65,0
2021-05-05 10:05:20,14528.3,0
2021-05-05 10:05:22,14531.5,0
2021-05-05 10:05:23,14530.3,0
2021-05-05 10:05:24,14528.6,0
2021-05-05 10:05:25,14531.1,0
2021-05-05 10:05:26,14531.45,0
2021-05-05 10:05:28,14537.85,0
2021-05-05 10:05:27,14534.45,0
2021-05-05 10:05:29,14539.25,0
2021-05-05 10:05:30,14536.1,0
2021-05-05 10:05:31,14536.65,0
2021-05-05 10:05:32,14540.25,0
2021-05-05 10:05:33,14542.3,0
2021-05-05 10:05:34,14542.0,0
2021-05-05 10:05:35,14541.85,0
2021-05-05 10:05:36,14541.8,0
2021-05-05 10:05:37,14545.95,0
2021-05-05 10:05:38,14543.95,0
2021-05-05 10:05:39,14545.25,0
2021-05-05 10:05:40,14549.15,0
2021-05-05 10:05:41,14549.65,0
2021-05-05 10:05:43,14553.4,0
2021-05-05 10:05:44,14556.75,0
2021-05-05 10:05:45,14555.65,0
2021-05-05 10:05:47,14555.0,0
2021-05-05 10:05:48,14550.15,0
2021-05-05 10:05:49,14547.05,0
2021-05-05 10:05:50,14545.05,0
2021-05-05 10:05:51,14540.3,0
2021-05-05 10:05:52,14538.35,0
2021-05-05 10:05:53,14537.45,0
2021-05-05 10:05:54,14540.2,0
2021-05-05 10:05:55,14542.95,0
2021-05-05 10:05:56,14542.5,0
2021-05-05 10:05:57,14541.5,0
2021-05-05 10:05:58,14539.75,0
2021-05-05 10:05:59,14538.0,0
2021-05-05 10:06:00,14538.35,0
2021-05-05 10:06:01,14536.6,0
2021-05-05 10:06:02,14536.95,0
2021-05-05 10:06:03,14536.45,0
2021-05-05 10:06:04,14537.7,0
2021-05-05 10:06:05,14538.15,0
2021-05-05 10:06:06,14537.6,0
2021-05-05 10:06:07,14535.65,0
2021-05-05 10:06:08,14535.45,0
2021-05-05 10:06:09,14537.95,0
2021-05-05 10:06:10,14538.25,0
2021-05-05 10:06:11,14538.5,0
2021-05-05 10:06:12,14539.2,0
2021-05-05 10:06:13,14538.95,0
2021-05-05 10:06:14,14538.7,0
2021-05-05 10:06:15,14537.9,0
2021-05-05 10:06:16,14538.6,0
2021-05-05 10:06:17,14539.2,0
2021-05-05 10:06:18,14538.05,0
2021-05-05 10:06:20,14538.95,0
2021-05-05 10:06:21,14540.7,0
2021-05-05 10:06:22,14541.3,0
2021-05-05 10:06:23,14542.55,0
2021-05-05 10:06:24,14544.2,0
2021-05-05 10:06:25,14544.25,0
2021-05-05 10:06:26,14542.85,0
2021-05-05 10:06:27,14542.65,0
2021-05-05 10:06:28,14541.95,0
2021-05-05 10:06:29,14542.35,0
2021-05-05 10:06:30,14544.1,0
2021-05-05 10:06:31,14543.4,0
2021-05-05 10:06:32,14541.65,0
2021-05-05 10:06:33,14540.7,0
2021-05-05 10:06:34,14540.15,0
2021-05-05 10:06:35,14540.35,0
2021-05-05 10:06:36,14541.2,0
2021-05-05 10:06:37,14542.15,0
2021-05-05 10:06:38,14542.2,0
2021-05-05 10:06:39,14543.35,0
2021-05-05 10:06:40,14544.0,0
2021-05-05 10:06:41,14542.45,0
2021-05-05 10:06:42,14539.8,0
2021-05-05 10:06:43,14538.15,0
2021-05-05 10:06:44,14538.6,0
2021-05-05 10:06:45,14539.2,0
2021-05-05 10:06:46,14538.7,0
2021-05-05 10:06:47,14538.2,0
2021-05-05 10:06:49,14538.55,0
2021-05-05 10:06:50,14539.55,0
2021-05-05 10:06:51,14539.6,0
2021-05-05 10:06:53,14537.45,0
2021-05-05 10:06:55,14535.2,0
2021-05-05 10:06:57,14534.7,0
2021-05-05 10:06:59,14534.9,0
2021-05-05 10:07:00,14535.3,0
2021-05-05 10:07:02,14533.2,0
2021-05-05 10:07:04,14535.1,0
2021-05-05 10:07:05,14534.4,0
2021-05-05 10:07:06,14534.1,0
2021-05-05 10:07:07,14532.4,0
2021-05-05 10:07:09,14534.95,0
2021-05-05 10:07:10,14535.3,0
2021-05-05 10:07:11,14534.6,0
2021-05-05 10:07:12,14534.65,0
2021-05-05 10:07:13,14533.8,0
2021-05-05 10:07:14,14534.7,0
2021-05-05 10:07:15,14533.8,0
2021-05-05 10:07:16,14534.8,0
2021-05-05 10:07:18,14535.0,0
2021-05-05 10:07:17,14535.5,0
2021-05-05 10:07:19,14535.1,0
2021-05-05 10:07:20,14535.15,0
2021-05-05 10:07:21,14535.35,0
2021-05-05 10:07:22,14534.5,0
2021-05-05 10:07:23,14536.65,0
2021-05-05 10:07:24,14535.7,0
2021-05-05 10:07:26,14536.8,0
2021-05-05 10:07:27,14539.8,0
2021-05-05 10:07:28,14538.65,0
2021-05-05 10:07:29,14539.1,0
2021-05-05 10:07:30,14538.5,0
2021-05-05 10:07:31,14538.25,0
2021-05-05 10:07:33,14538.9,0
2021-05-05 10:07:34,14543.5,0
2021-05-05 10:07:35,14543.4,0
2021-05-05 10:07:36,14544.0,0
2021-05-05 10:07:40,14544.2,0
2021-05-05 10:07:41,14544.05,0
2021-05-05 10:07:42,14542.75,0
2021-05-05 10:07:43,14541.35,0
2021-05-05 10:07:44,14539.3,0
2021-05-05 10:07:45,14539.15,0
2021-05-05 10:07:46,14539.5,0
2021-05-05 10:07:47,14539.55,0
2021-05-05 10:07:48,14539.35,0
2021-05-05 10:07:50,14541.25,0
2021-05-05 10:07:51,14541.1,0
2021-05-05 10:07:52,14541.5,0
2021-05-05 10:07:54,14541.25,0
2021-05-05 10:07:55,14540.8,0
2021-05-05 10:07:56,14540.25,0
2021-05-05 10:07:57,14540.05,0
2021-05-05 10:07:58,14540.45,0
2021-05-05 10:07:59,14541.05,0
2021-05-05 10:08:00,14541.1,0
2021-05-05 10:08:01,14541.55,0
2021-05-05 10:08:02,14541.6,0
2021-05-05 10:08:03,14540.15,0
2021-05-05 10:08:04,14540.5,0
2021-05-05 10:08:05,14540.2,0
2021-05-05 10:08:06,14540.55,0
2021-05-05 10:08:07,14539.9,0
2021-05-05 10:08:08,14541.15,0
2021-05-05 10:08:09,14539.85,0
2021-05-05 10:08:11,14538.05,0
2021-05-05 10:08:12,14537.4,0
2021-05-05 10:08:13,14537.45,0
2021-05-05 10:08:14,14536.65,0
2021-05-05 10:08:15,14537.05,0
2021-05-05 10:08:16,14537.7,0
2021-05-05 10:08:17,14539.2,0
2021-05-05 10:08:18,14538.2,0
2021-05-05 10:08:19,14538.95,0
2021-05-05 10:08:20,14537.15,0
2021-05-05 10:08:21,14537.55,0
2021-05-05 10:08:22,14538.15,0
2021-05-05 10:08:23,14538.6,0
2021-05-05 10:08:24,14539.7,0
2021-05-05 10:08:25,14538.8,0
2021-05-05 10:08:26,14539.8,0
2021-05-05 10:08:27,14540.15,0
2021-05-05 10:08:28,14539.65,0
2021-05-05 10:08:29,14541.65,0
2021-05-05 10:08:30,14541.75,0
2021-05-05 10:08:31,14541.35,0
2021-05-05 10:08:32,14542.4,0
2021-05-05 10:08:33,14542.15,0
2021-05-05 10:08:34,14542.0,0
2021-05-05 10:08:35,14542.85,0
2021-05-05 10:08:36,14542.15,0
2021-05-05 10:08:37,14541.7,0
2021-05-05 10:08:38,14540.85,0
2021-05-05 10:08:39,14541.25,0
2021-05-05 10:08:40,14541.0,0
2021-05-05 10:08:41,14540.2,0
2021-05-05 10:08:42,14540.45,0
2021-05-05 10:08:43,14540.1,0
2021-05-05 10:08:44,14539.4,0
2021-05-05 10:08:46,14535.05,0
2021-05-05 10:08:47,14534.6,0
2021-05-05 10:08:48,14535.4,0
2021-05-05 10:08:49,14535.35,0
2021-05-05 10:08:50,14535.05,0
2021-05-05 10:08:51,14536.65,0
2021-05-05 10:08:52,14536.25,0
2021-05-05 10:08:53,14536.25,0
2021-05-05 10:08:54,14536.5,0
2021-05-05 10:08:55,14536.1,0
2021-05-05 10:08:56,14535.5,0
2021-05-05 10:08:58,14535.55,0
2021-05-05 10:08:59,14534.5,0
2021-05-05 10:09:00,14534.45,0
2021-05-05 10:09:01,14534.5,0
2021-05-05 10:09:02,14534.55,0
2021-05-05 10:09:03,14535.35,0
2021-05-05 10:09:05,14536.0,0
2021-05-05 10:09:06,14536.5,0
2021-05-05 10:09:07,14536.7,0
2021-05-05 10:09:08,14536.2,0
2021-05-05 10:09:09,14536.15,0
2021-05-05 10:09:10,14536.45,0
2021-05-05 10:09:11,14535.9,0
2021-05-05 10:09:12,14536.3,0
2021-05-05 10:09:13,14535.55,0
2021-05-05 10:09:16,14535.75,0
2021-05-05 10:09:17,14535.85,0
2021-05-05 10:09:18,14536.2,0
2021-05-05 10:09:19,14536.55,0
2021-05-05 10:09:20,14536.3,0
2021-05-05 10:09:21,14535.9,0
2021-05-05 10:09:22,14535.85,0
2021-05-05 10:09:23,14535.95,0
2021-05-05 10:09:24,14536.65,0
2021-05-05 10:09:26,14537.55,0
2021-05-05 10:09:27,14537.8,0
2021-05-05 10:09:28,14539.4,0
2021-05-05 10:09:29,14540.2,0
2021-05-05 10:09:30,14541.9,0
2021-05-05 10:09:31,14541.85,0
2021-05-05 10:09:32,14541.9,0
2021-05-05 10:09:33,14540.75,0
2021-05-05 10:09:34,14540.95,0
2021-05-05 10:09:35,14541.15,0
2021-05-05 10:09:36,14540.45,0
2021-05-05 10:09:37,14539.85,0
2021-05-05 10:09:38,14539.45,0
2021-05-05 10:09:39,14539.55,0
2021-05-05 10:09:40,14540.15,0
2021-05-05 10:09:41,14542.7,0
2021-05-05 10:09:42,14542.2,0
2021-05-05 10:09:43,14541.65,0
2021-05-05 10:09:44,14542.5,0
2021-05-05 10:09:45,14541.5,0
2021-05-05 10:09:46,14540.1,0
2021-05-05 10:09:47,14539.65,0
2021-05-05 10:09:48,14540.0,0
2021-05-05 10:09:49,14539.3,0
2021-05-05 10:09:50,14539.9,0
2021-05-05 10:09:51,14539.35,0
2021-05-05 10:09:52,14540.1,0
2021-05-05 10:09:53,14538.75,0
2021-05-05 10:09:54,14540.1,0
2021-05-05 10:09:55,14540.35,0
2021-05-05 10:09:56,14541.85,0
2021-05-05 10:09:57,14541.7,0
2021-05-05 10:09:58,14542.4,0
2021-05-05 10:09:59,14542.3,0
2021-05-05 10:10:00,14543.15,0
2021-05-05 10:10:01,14543.75,0
2021-05-05 10:10:02,14542.8,0
2021-05-05 10:10:03,14543.25,0
2021-05-05 10:10:04,14542.9,0
2021-05-05 10:10:06,14544.4,0
2021-05-05 10:10:07,14546.55,0
2021-05-05 10:10:08,14550.55,0
2021-05-05 10:10:09,14551.35,0
2021-05-05 10:10:10,14552.55,0
2021-05-05 10:10:11,14550.95,0
2021-05-05 10:10:12,14549.45,0
2021-05-05 10:10:13,14548.95,0
2021-05-05 10:10:14,14550.1,0
2021-05-05 10:10:15,14549.45,0
2021-05-05 10:10:16,14548.15,0
2021-05-05 10:10:17,14547.45,0
2021-05-05 10:10:18,14546.85,0
2021-05-05 10:10:19,14546.3,0
2021-05-05 10:10:20,14546.15,0
2021-05-05 10:10:21,14545.95,0
2021-05-05 10:10:22,14545.75,0
2021-05-05 10:10:24,14546.4,0
2021-05-05 10:10:26,14546.55,0
2021-05-05 10:10:27,14547.45,0
2021-05-05 10:10:28,14547.85,0
2021-05-05 10:10:29,14548.15,0
2021-05-05 10:10:30,14547.95,0
2021-05-05 10:10:31,14547.3,0
2021-05-05 10:10:32,14547.35,0
2021-05-05 10:10:33,14547.45,0
2021-05-05 10:10:34,14547.6,0
2021-05-05 10:10:35,14547.35,0
2021-05-05 10:10:36,14548.15,0
2021-05-05 10:10:37,14548.35,0
2021-05-05 10:10:38,14549.9,0
2021-05-05 10:10:39,14558.5,0
2021-05-05 10:10:42,14563.0,0
2021-05-05 10:10:43,14564.3,0
2021-05-05 10:10:45,14570.45,0
2021-05-05 10:10:46,14570.45,0
2021-05-05 10:10:47,14574.95,0
2021-05-05 10:10:48,14573.0,0
2021-05-05 10:10:49,14574.05,0
2021-05-05 10:10:50,14572.25,0
2021-05-05 10:10:51,14569.4,0
2021-05-05 10:10:52,14564.55,0
2021-05-05 10:10:53,14565.6,0
2021-05-05 10:10:54,14566.6,0
2021-05-05 10:10:55,14567.05,0
2021-05-05 10:10:56,14566.8,0
2021-05-05 10:10:57,14567.95,0
2021-05-05 10:10:58,14566.7,0
2021-05-05 10:10:59,14568.25,0
2021-05-05 10:11:00,14567.55,0
2021-05-05 10:11:01,14565.75,0
2021-05-05 10:11:02,14566.75,0
2021-05-05 10:11:03,14565.05,0
2021-05-05 10:11:04,14566.45,0
2021-05-05 10:11:05,14566.4,0
2021-05-05 10:11:06,14566.15,0
2021-05-05 10:11:07,14565.0,0
2021-05-05 10:11:08,14564.85,0
2021-05-05 10:11:09,14564.35,0
2021-05-05 10:11:10,14562.2,0
2021-05-05 10:11:11,14561.15,0
2021-05-05 10:11:12,14557.95,0
2021-05-05 10:11:13,14557.3,0
2021-05-05 10:11:14,14554.85,0
2021-05-05 10:11:16,14558.5,0
2021-05-05 10:11:17,14559.05,0
2021-05-05 10:11:18,14557.9,0
2021-05-05 10:11:19,14559.0,0
2021-05-05 10:11:20,14559.75,0
2021-05-05 10:11:21,14560.05,0
2021-05-05 10:11:22,14559.55,0
2021-05-05 10:11:23,14559.5,0
2021-05-05 10:11:24,14559.65,0
2021-05-05 10:11:25,14561.85,0
2021-05-05 10:11:26,14562.1,0
2021-05-05 10:11:27,14562.35,0
2021-05-05 10:11:28,14562.4,0
2021-05-05 10:11:29,14563.0,0
2021-05-05 10:11:30,14563.3,0
2021-05-05 10:11:31,14563.35,0
2021-05-05 10:11:32,14563.35,0
2021-05-05 10:11:33,14565.2,0
2021-05-05 10:11:34,14565.3,0
2021-05-05 10:11:35,14563.85,0
2021-05-05 10:11:36,14561.85,0
2021-05-05 10:11:37,14562.7,0
2021-05-05 10:11:38,14561.8,0
2021-05-05 10:11:39,14563.4,0
2021-05-05 10:11:40,14562.55,0
2021-05-05 10:11:41,14562.35,0
2021-05-05 10:11:42,14562.6,0
2021-05-05 10:11:43,14563.0,0
2021-05-05 10:11:44,14561.25,0
2021-05-05 10:11:45,14561.0,0
2021-05-05 10:11:46,14561.15,0
2021-05-05 10:11:47,14561.4,0
2021-05-05 10:11:50,14562.1,0
2021-05-05 10:11:51,14562.05,0
2021-05-05 10:11:52,14561.1,0
2021-05-05 10:11:53,14561.9,0
2021-05-05 10:11:54,14561.8,0
2021-05-05 10:11:55,14562.65,0
2021-05-05 10:11:56,14562.65,0
2021-05-05 10:11:57,14561.95,0
2021-05-05 10:11:58,14561.2,0
2021-05-05 10:11:59,14560.05,0
2021-05-05 10:12:00,14561.65,0
2021-05-05 10:12:01,14561.85,0
2021-05-05 10:12:02,14561.15,0
2021-05-05 10:12:03,14561.3,0
2021-05-05 10:12:04,14561.6,0
2021-05-05 10:12:05,14561.2,0
2021-05-05 10:12:06,14560.8,0
2021-05-05 10:12:07,14561.5,0
2021-05-05 10:12:08,14561.3,0
2021-05-05 10:12:10,14561.8,0
2021-05-05 10:12:11,14562.25,0
2021-05-05 10:12:12,14561.0,0
2021-05-05 10:12:13,14560.6,0
2021-05-05 10:12:14,14560.0,0
2021-05-05 10:12:15,14560.15,0
2021-05-05 10:12:16,14559.85,0
2021-05-05 10:12:17,14560.05,0
2021-05-05 10:12:18,14560.05,0
2021-05-05 10:12:19,14558.95,0
2021-05-05 10:12:20,14558.4,0
2021-05-05 10:12:21,14558.1,0
2021-05-05 10:12:22,14558.05,0
2021-05-05 10:12:23,14559.15,0
2021-05-05 10:12:24,14560.05,0
2021-05-05 10:12:26,14559.45,0
2021-05-05 10:12:27,14558.75,0
2021-05-05 10:12:28,14559.35,0
2021-05-05 10:12:29,14560.75,0
2021-05-05 10:12:30,14560.75,0
2021-05-05 10:12:31,14560.85,0
2021-05-05 10:12:32,14560.85,0
2021-05-05 10:12:35,14561.4,0
2021-05-05 10:12:36,14562.4,0
2021-05-05 10:12:37,14562.15,0
2021-05-05 10:12:38,14563.15,0
2021-05-05 10:12:39,14562.6,0
2021-05-05 10:12:41,14562.15,0
2021-05-05 10:12:42,14561.9,0
2021-05-05 10:12:43,14561.85,0
2021-05-05 10:12:44,14561.4,0
2021-05-05 10:12:45,14559.2,0
2021-05-05 10:12:46,14559.35,0
2021-05-05 10:12:47,14559.45,0
2021-05-05 10:12:48,14559.4,0
2021-05-05 10:12:49,14558.75,0
2021-05-05 10:12:50,14558.9,0
2021-05-05 10:12:51,14558.15,0
2021-05-05 10:12:52,14558.15,0
2021-05-05 10:12:53,14556.1,0
2021-05-05 10:12:54,14556.65,0
2021-05-05 10:12:55,14555.8,0
2021-05-05 10:12:56,14556.4,0
2021-05-05 10:12:57,14553.1,0
2021-05-05 10:12:59,14552.8,0
2021-05-05 10:13:00,14553.5,0
2021-05-05 10:13:01,14552.45,0
2021-05-05 10:13:02,14554.7,0
2021-05-05 10:13:03,14554.35,0
2021-05-05 10:13:04,14554.2,0
2021-05-05 10:13:05,14556.75,0
2021-05-05 10:13:06,14552.2,0
2021-05-05 10:13:08,14554.35,0
2021-05-05 10:13:09,14555.45,0
2021-05-05 10:13:10,14555.85,0
2021-05-05 10:13:12,14555.95,0
2021-05-05 10:13:16,14558.8,0
2021-05-05 10:13:17,14558.8,0
2021-05-05 10:13:18,14559.4,0
2021-05-05 10:13:19,14559.95,0
2021-05-05 10:13:20,14559.5,0
2021-05-05 10:13:21,14560.0,0
2021-05-05 10:13:22,14560.3,0
2021-05-05 10:13:23,14559.9,0
2021-05-05 10:13:24,14560.1,0
2021-05-05 10:13:25,14559.05,0
2021-05-05 10:13:26,14558.8,0
2021-05-05 10:13:28,14559.7,0
2021-05-05 10:13:29,14558.9,0
2021-05-05 10:13:30,14558.4,0
2021-05-05 10:13:31,14558.5,0
2021-05-05 10:13:32,14558.0,0
2021-05-05 10:13:33,14557.0,0
2021-05-05 10:13:34,14556.8,0
2021-05-05 10:13:35,14557.3,0
2021-05-05 10:13:36,14558.0,0
2021-05-05 10:13:37,14557.2,0
2021-05-05 10:13:38,14556.95,0
2021-05-05 10:13:39,14557.45,0
2021-05-05 10:13:40,14557.9,0
2021-05-05 10:13:41,14556.4,0
2021-05-05 10:13:42,14555.95,0
2021-05-05 10:13:43,14555.85,0
2021-05-05 10:13:44,14555.75,0
2021-05-05 10:13:46,14554.0,0
2021-05-05 10:13:47,14554.1,0
2021-05-05 10:13:48,14554.25,0
2021-05-05 10:13:49,14553.4,0
2021-05-05 10:13:50,14554.3,0
2021-05-05 10:13:51,14553.95,0
2021-05-05 10:13:52,14552.9,0
2021-05-05 10:13:53,14552.65,0
2021-05-05 10:13:54,14552.7,0
2021-05-05 10:13:56,14554.85,0
2021-05-05 10:13:58,14555.15,0
2021-05-05 10:13:59,14555.15,0
2021-05-05 10:14:01,14555.95,0
2021-05-05 10:14:02,14556.8,0
2021-05-05 10:14:03,14556.5,0
2021-05-05 10:14:04,14556.5,0
2021-05-05 10:14:05,14557.1,0
2021-05-05 10:14:06,14556.1,0
2021-05-05 10:14:07,14556.3,0
2021-05-05 10:14:08,14557.15,0
2021-05-05 10:14:09,14556.55,0
2021-05-05 10:14:10,14556.65,0
2021-05-05 10:14:11,14556.7,0
2021-05-05 10:14:12,14556.15,0
2021-05-05 10:14:13,14555.05,0
2021-05-05 10:14:14,14555.15,0
2021-05-05 10:14:15,14554.7,0
2021-05-05 10:14:16,14556.05,0
2021-05-05 10:14:17,14557.2,0
2021-05-05 10:14:18,14558.05,0
2021-05-05 10:14:20,14556.4,0
2021-05-05 10:14:21,14556.45,0
2021-05-05 10:14:22,14556.65,0
2021-05-05 10:14:23,14555.7,0
2021-05-05 10:14:24,14556.8,0
2021-05-05 10:14:25,14555.8,0
2021-05-05 10:14:26,14556.3,0
2021-05-05 10:14:27,14555.5,0
2021-05-05 10:14:30,14551.0,0
2021-05-05 10:14:31,14549.8,0
2021-05-05 10:14:32,14548.4,0
2021-05-05 10:14:34,14547.6,0
2021-05-05 10:14:35,14547.6,0
2021-05-05 10:14:36,14547.75,0
2021-05-05 10:14:37,14548.7,0
2021-05-05 10:14:38,14549.6,0
2021-05-05 10:14:39,14551.0,0
2021-05-05 10:14:41,14552.6,0
2021-05-05 10:14:42,14553.3,0
2021-05-05 10:14:43,14553.2,0
2021-05-05 10:14:44,14551.7,0
2021-05-05 10:14:46,14551.65,0
2021-05-05 10:14:47,14551.7,0
2021-05-05 10:14:48,14551.95,0
2021-05-05 10:14:49,14551.8,0
2021-05-05 10:14:53,14552.4,0
2021-05-05 10:14:54,14552.35,0
2021-05-05 10:14:55,14552.6,0
2021-05-05 10:14:56,14553.15,0
2021-05-05 10:14:57,14552.4,0
2021-05-05 10:14:58,14551.1,0
2021-05-05 10:14:59,14551.15,0
2021-05-05 10:15:00,14551.65,0
2021-05-05 10:15:01,14551.45,0
2021-05-05 10:15:02,14552.6,0
2021-05-05 10:15:03,14553.7,0
2021-05-05 10:15:04,14553.3,0
2021-05-05 10:15:05,14553.9,0
2021-05-05 10:15:06,14555.4,0
2021-05-05 10:15:07,14555.25,0
2021-05-05 10:15:08,14555.7,0
2021-05-05 10:15:09,14555.7,0
2021-05-05 10:15:10,14556.45,0
2021-05-05 10:15:11,14557.95,0
2021-05-05 10:15:12,14558.65,0
2021-05-05 10:15:13,14557.2,0
2021-05-05 10:15:14,14556.7,0
2021-05-05 10:15:15,14557.3,0
2021-05-05 10:15:16,14556.3,0
2021-05-05 10:15:17,14555.8,0
2021-05-05 10:15:18,14555.55,0
2021-05-05 10:15:20,14555.5,0
2021-05-05 10:15:21,14554.9,0
2021-05-05 10:15:23,14554.9,0
2021-05-05 10:15:24,14555.45,0
2021-05-05 10:15:26,14555.65,0
2021-05-05 10:15:27,14555.45,0
2021-05-05 10:15:28,14554.95,0
2021-05-05 10:15:29,14555.85,0
2021-05-05 10:15:30,14556.55,0
2021-05-05 10:15:31,14556.15,0
2021-05-05 10:15:32,14555.75,0
2021-05-05 10:15:33,14555.15,0
2021-05-05 10:15:34,14555.7,0
2021-05-05 10:15:35,14555.4,0
2021-05-05 10:15:36,14554.65,0
2021-05-05 10:15:37,14555.0,0
2021-05-05 10:15:38,14554.0,0
2021-05-05 10:15:39,14552.1,0
2021-05-05 10:15:40,14551.4,0
2021-05-05 10:15:42,14550.85,0
2021-05-05 10:15:43,14550.15,0
2021-05-05 10:15:44,14549.85,0
2021-05-05 10:15:45,14549.6,0
2021-05-05 10:15:47,14549.15,0
2021-05-05 10:15:48,14549.5,0
2021-05-05 10:15:50,14550.2,0
2021-05-05 10:15:51,14550.05,0
2021-05-05 10:15:52,14550.5,0
2021-05-05 10:15:54,14551.7,0
2021-05-05 10:15:55,14551.75,0
2021-05-05 10:15:56,14551.15,0
2021-05-05 10:15:57,14551.75,0
2021-05-05 10:15:58,14552.35,0
2021-05-05 10:15:59,14550.75,0
2021-05-05 10:16:00,14551.2,0
2021-05-05 10:16:01,14550.85,0
2021-05-05 10:16:02,14549.75,0
2021-05-05 10:16:03,14549.05,0
2021-05-05 10:16:04,14549.9,0
2021-05-05 10:16:05,14549.35,0
2021-05-05 10:16:06,14550.2,0
2021-05-05 10:16:07,14550.1,0
2021-05-05 10:16:08,14550.95,0
2021-05-05 10:16:09,14552.4,0
2021-05-05 10:16:10,14551.0,0
2021-05-05 10:16:11,14550.3,0
2021-05-05 10:16:12,14549.8,0
2021-05-05 10:16:13,14550.0,0
2021-05-05 10:16:14,14550.05,0
2021-05-05 10:16:15,14550.1,0
2021-05-05 10:16:16,14550.1,0
2021-05-05 10:16:17,14550.8,0
2021-05-05 10:16:18,14551.3,0
2021-05-05 10:16:19,14551.55,0
2021-05-05 10:16:20,14551.85,0
2021-05-05 10:16:21,14551.8,0
2021-05-05 10:16:22,14550.25,0
2021-05-05 10:16:23,14550.75,0
2021-05-05 10:16:24,14550.85,0
