timestamp,ltp,volume
2021-05-05 09:14:42,32577.1,0
2021-05-05 09:14:43,32577.1,0
2021-05-05 09:14:44,32577.1,0
2021-05-05 09:14:45,32577.1,0
2021-05-05 09:14:46,32577.1,0
2021-05-05 09:14:47,32577.1,0
2021-05-05 09:14:48,32577.1,0
2021-05-05 09:14:49,32577.1,0
2021-05-05 09:14:50,32577.1,0
2021-05-05 09:14:51,32577.1,0
2021-05-05 09:14:52,32577.1,0
2021-05-05 09:14:53,32577.1,0
2021-05-05 09:14:54,32577.1,0
2021-05-05 09:14:56,32577.1,0
2021-05-05 09:14:57,32577.1,0
2021-05-05 09:14:58,32577.1,0
2021-05-05 09:14:59,32577.1,0
2021-05-05 09:15:00,32577.1,0
2021-05-05 09:15:01,32585.25,0
2021-05-05 09:15:02,32549.75,0
2021-05-05 09:15:03,32552.05,0
2021-05-05 09:15:04,32566.3,0
2021-05-05 09:15:05,32591.4,0
2021-05-05 09:15:06,32602.3,0
2021-05-05 09:15:07,32595.35,0
2021-05-05 09:15:08,32598.15,0
2021-05-05 09:15:09,32581.55,0
2021-05-05 09:15:10,32584.0,0
2021-05-05 09:15:11,32567.2,0
2021-05-05 09:15:12,32564.0,0
2021-05-05 09:15:13,32567.85,0
2021-05-05 09:15:14,32565.6,0
2021-05-05 09:15:15,32566.1,0
2021-05-05 09:15:16,32554.95,0
2021-05-05 09:15:17,32549.8,0
2021-05-05 09:15:18,32547.3,0
2021-05-05 09:15:19,32529.25,0
2021-05-05 09:15:20,32528.8,0
2021-05-05 09:15:21,32501.85,0
2021-05-05 09:15:22,32491.25,0
2021-05-05 09:15:23,32490.75,0
2021-05-05 09:15:24,32496.7,0
2021-05-05 09:15:25,32509.4,0
2021-05-05 09:15:26,32512.5,0
2021-05-05 09:15:27,32513.45,0
2021-05-05 09:15:28,32521.3,0
2021-05-05 09:15:29,32525.0,0
2021-05-05 09:15:30,32522.6,0
2021-05-05 09:15:31,32535.45,0
2021-05-05 09:15:32,32540.15,0
2021-05-05 09:15:33,32543.7,0
2021-05-05 09:15:34,32535.1,0
2021-05-05 09:15:35,32540.0,0
2021-05-05 09:15:36,32552.3,0
2021-05-05 09:15:37,32560.65,0
2021-05-05 09:15:38,32566.4,0
2021-05-05 09:15:39,32563.35,0
2021-05-05 09:15:40,32558.5,0
2021-05-05 09:15:41,32550.75,0
2021-05-05 09:15:42,32547.15,0
2021-05-05 09:15:43,32547.8,0
2021-05-05 09:15:45,32569.45,0
2021-05-05 09:15:47,32564.65,0
2021-05-05 09:15:48,32563.9,0
2021-05-05 09:15:49,32568.6,0
2021-05-05 09:15:51,32555.0,0
2021-05-05 09:15:52,32546.15,0
2021-05-05 09:15:53,32550.55,0
2021-05-05 09:15:55,32558.05,0
2021-05-05 09:15:56,32547.4,0
2021-05-05 09:15:57,32533.55,0
2021-05-05 09:15:58,32514.05,0
2021-05-05 09:15:59,32519.65,0
2021-05-05 09:16:00,32522.85,0
2021-05-05 09:16:01,32502.9,0
2021-05-05 09:16:02,32519.95,0
2021-05-05 09:16:04,32532.0,0
2021-05-05 09:16:05,32534.0,0
2021-05-05 09:16:06,32530.35,0
2021-05-05 09:16:07,32538.6,0
2021-05-05 09:16:08,32538.7,0
2021-05-05 09:16:09,32534.0,0
2021-05-05 09:16:10,32539.2,0
2021-05-05 09:16:11,32537.85,0
2021-05-05 09:16:12,32542.15,0
2021-05-05 09:16:13,32535.45,0
2021-05-05 09:16:14,32541.75,0
2021-05-05 09:16:15,32540.0,0
2021-05-05 09:16:16,32533.75,0
2021-05-05 09:16:17,32532.5,0
2021-05-05 09:16:18,32525.75,0
2021-05-05 09:16:19,32528.75,0
2021-05-05 09:16:20,32514.15,0
2021-05-05 09:16:21,32509.55,0
2021-05-05 09:16:22,32511.0,0
2021-05-05 09:16:23,32517.5,0
2021-05-05 09:16:24,32519.85,0
2021-05-05 09:16:26,32514.75,0
2021-05-05 09:16:27,32507.7,0
2021-05-05 09:16:28,32508.75,0
2021-05-05 09:16:29,32510.2,0
2021-05-05 09:16:30,32502.4,0
2021-05-05 09:16:31,32509.7,0
2021-05-05 09:16:32,32515.15,0
2021-05-05 09:16:33,32513.95,0
2021-05-05 09:16:34,32511.8,0
2021-05-05 09:16:35,32496.05,0
2021-05-05 09:16:36,32505.85,0
2021-05-05 09:16:37,32504.15,0
2021-05-05 09:16:38,32497.3,0
2021-05-05 09:16:39,32507.4,0
2021-05-05 09:16:40,32501.9,0
2021-05-05 09:16:41,32505.9,0
2021-05-05 09:16:42,32504.05,0
2021-05-05 09:16:43,32502.6,0
2021-05-05 09:16:44,32500.65,0
2021-05-05 09:16:45,32514.7,0
2021-05-05 09:16:46,32495.6,0
2021-05-05 09:16:47,32500.1,0
2021-05-05 09:16:48,32497.45,0
2021-05-05 09:16:49,32501.5,0
2021-05-05 09:16:50,32505.0,0
2021-05-05 09:16:51,32506.0,0
2021-05-05 09:16:53,32500.15,0
2021-05-05 09:16:54,32508.15,0
2021-05-05 09:16:55,32511.3,0
2021-05-05 09:16:56,32520.25,0
2021-05-05 09:16:58,32524.35,0
2021-05-05 09:16:59,32531.65,0
2021-05-05 09:17:00,32531.35,0
2021-05-05 09:17:01,32530.35,0
2021-05-05 09:17:03,32532.7,0
2021-05-05 09:17:04,32528.15,0
2021-05-05 09:17:06,32527.9,0
2021-05-05 09:17:07,32528.5,0
2021-05-05 09:17:08,32519.45,0
2021-05-05 09:17:09,32525.85,0
2021-05-05 09:17:10,32523.7,0
2021-05-05 09:17:11,32524.9,0
2021-05-05 09:17:12,32523.4,0
2021-05-05 09:17:13,32537.65,0
2021-05-05 09:17:14,32537.45,0
2021-05-05 09:17:16,32532.1,0
2021-05-05 09:17:17,32537.05,0
2021-05-05 09:17:18,32536.55,0
2021-05-05 09:17:19,32536.85,0
2021-05-05 09:17:20,32529.0,0
2021-05-05 09:17:22,32515.2,0
2021-05-05 09:17:23,32517.6,0
2021-05-05 09:17:24,32517.05,0
2021-05-05 09:17:25,32510.15,0
2021-05-05 09:17:26,32491.0,0
2021-05-05 09:17:27,32495.1,0
2021-05-05 09:17:28,32494.9,0
2021-05-05 09:17:29,32496.15,0
2021-05-05 09:17:30,32483.15,0
2021-05-05 09:17:31,32479.85,0
2021-05-05 09:17:32,32477.7,0
2021-05-05 09:17:33,32475.35,0
2021-05-05 09:17:35,32474.85,0
2021-05-05 09:17:36,32470.8,0
2021-05-05 09:17:37,32464.35,0
2021-05-05 09:17:38,32447.3,0
2021-05-05 09:17:39,32440.0,0
2021-05-05 09:17:40,32443.75,0
2021-05-05 09:17:41,32440.9,0
2021-05-05 09:17:42,32450.3,0
2021-05-05 09:17:43,32453.6,0
2021-05-05 09:17:44,32462.15,0
2021-05-05 09:17:45,32463.9,0
2021-05-05 09:17:46,32474.45,0
2021-05-05 09:17:47,32468.15,0
2021-05-05 09:17:48,32473.55,0
2021-05-05 09:17:49,32487.8,0
2021-05-05 09:17:50,32480.7,0
2021-05-05 09:17:51,32485.15,0
2021-05-05 09:17:52,32486.2,0
2021-05-05 09:17:54,32479.3,0
2021-05-05 09:17:55,32489.95,0
2021-05-05 09:17:56,32487.95,0
2021-05-05 09:17:57,32490.35,0
2021-05-05 09:17:58,32489.9,0
2021-05-05 09:17:59,32494.75,0
2021-05-05 09:18:01,32507.15,0
2021-05-05 09:18:02,32496.4,0
2021-05-05 09:18:03,32496.4,0
2021-05-05 09:18:04,32495.2,0
2021-05-05 09:18:06,32495.75,0
2021-05-05 09:18:07,32494.05,0
2021-05-05 09:18:08,32491.0,0
2021-05-05 09:18:09,32490.1,0
2021-05-05 09:18:10,32497.5,0
2021-05-05 09:18:11,32506.25,0
2021-05-05 09:18:12,32502.6,0
2021-05-05 09:18:13,32506.7,0
2021-05-05 09:18:14,32502.1,0
2021-05-05 09:18:15,32514.65,0
2021-05-05 09:18:16,32514.15,0
2021-05-05 09:18:17,32522.8,0
2021-05-05 09:18:18,32524.15,0
2021-05-05 09:18:19,32531.6,0
2021-05-05 09:18:20,32537.15,0
2021-05-05 09:18:21,32546.0,0
2021-05-05 09:18:22,32541.9,0
2021-05-05 09:18:23,32540.25,0
2021-05-05 09:18:24,32542.35,0
2021-05-05 09:18:25,32539.6,0
2021-05-05 09:18:26,32528.95,0
2021-05-05 09:18:27,32541.75,0
2021-05-05 09:18:28,32535.85,0
2021-05-05 09:18:29,32534.1,0
2021-05-05 09:18:30,32533.4,0
2021-05-05 09:18:31,32526.65,0
2021-05-05 09:18:32,32525.25,0
2021-05-05 09:18:33,32535.05,0
2021-05-05 09:18:34,32533.65,0
2021-05-05 09:18:35,32527.85,0
2021-05-05 09:18:36,32521.45,0
2021-05-05 09:18:37,32514.15,0
2021-05-05 09:18:38,32511.9,0
2021-05-05 09:18:39,32510.6,0
2021-05-05 09:18:40,32511.85,0
2021-05-05 09:18:41,32513.8,0
2021-05-05 09:18:42,32514.95,0
2021-05-05 09:18:43,32516.9,0
2021-05-05 09:18:44,32518.8,0
2021-05-05 09:18:45,32527.25,0
2021-05-05 09:18:46,32534.2,0
2021-05-05 09:18:47,32521.15,0
2021-05-05 09:18:48,32528.1,0
2021-05-05 09:18:49,32521.9,0
2021-05-05 09:18:50,32520.0,0
2021-05-05 09:18:51,32524.65,0
2021-05-05 09:18:52,32529.55,0
2021-05-05 09:18:53,32529.65,0
2021-05-05 09:18:54,32535.55,0
2021-05-05 09:18:55,32529.75,0
2021-05-05 09:18:56,32536.65,0
2021-05-05 09:18:57,32533.55,0
2021-05-05 09:18:58,32529.85,0
2021-05-05 09:19:00,32523.85,0
2021-05-05 09:19:01,32522.3,0
2021-05-05 09:19:02,32527.6,0
2021-05-05 09:19:03,32519.5,0
2021-05-05 09:19:04,32512.7,0
2021-05-05 09:19:05,32511.05,0
2021-05-05 09:19:06,32513.95,0
2021-05-05 09:19:07,32509.3,0
2021-05-05 09:19:08,32504.8,0
2021-05-05 09:19:09,32508.4,0
2021-05-05 09:19:10,32513.8,0
2021-05-05 09:19:11,32516.7,0
2021-05-05 09:19:12,32523.95,0
2021-05-05 09:19:13,32526.3,0
2021-05-05 09:19:14,32518.1,0
2021-05-05 09:19:15,32515.8,0
2021-05-05 09:19:16,32523.5,0
2021-05-05 09:19:18,32515.95,0
2021-05-05 09:19:21,32518.25,0
2021-05-05 09:19:22,32518.05,0
2021-05-05 09:19:23,32513.75,0
2021-05-05 09:19:24,32517.0,0
2021-05-05 09:19:25,32512.3,0
2021-05-05 09:19:26,32511.2,0
2021-05-05 09:19:27,32509.6,0
2021-05-05 09:19:28,32505.3,0
2021-05-05 09:19:30,32509.15,0
2021-05-05 09:19:31,32507.45,0
2021-05-05 09:19:32,32503.85,0
2021-05-05 09:19:33,32507.2,0
2021-05-05 09:19:34,32507.25,0
2021-05-05 09:19:35,32509.9,0
2021-05-05 09:19:36,32506.45,0
2021-05-05 09:19:37,32513.95,0
2021-05-05 09:19:39,32524.45,0
2021-05-05 09:19:40,32528.25,0
2021-05-05 09:19:42,32532.05,0
2021-05-05 09:19:43,32534.3,0
2021-05-05 09:19:44,32532.1,0
2021-05-05 09:19:45,32545.15,0
2021-05-05 09:19:46,32547.85,0
2021-05-05 09:19:47,32552.75,0
2021-05-05 09:19:48,32549.05,0
2021-05-05 09:19:49,32547.15,0
2021-05-05 09:19:50,32536.15,0
2021-05-05 09:19:52,32526.4,0
2021-05-05 09:19:53,32533.95,0
2021-05-05 09:19:54,32530.9,0
2021-05-05 09:19:55,32528.85,0
2021-05-05 09:19:56,32546.45,0
2021-05-05 09:19:57,32541.7,0
2021-05-05 09:19:58,32538.35,0
2021-05-05 09:20:00,32533.3,0
2021-05-05 09:20:01,32539.05,0
2021-05-05 09:20:02,32544.85,0
2021-05-05 09:20:03,32551.0,0
2021-05-05 09:20:04,32552.9,0
2021-05-05 09:20:07,32554.9,0
2021-05-05 09:20:08,32543.1,0
2021-05-05 09:20:09,32540.4,0
2021-05-05 09:20:10,32534.5,0
2021-05-05 09:20:11,32535.85,0
2021-05-05 09:20:12,32536.95,0
2021-05-05 09:20:13,32537.2,0
2021-05-05 09:20:16,32534.85,0
2021-05-05 09:20:17,32536.35,0
2021-05-05 09:20:18,32529.3,0
2021-05-05 09:20:19,32527.35,0
2021-05-05 09:20:20,32526.1,0
2021-05-05 09:20:21,32498.0,0
2021-05-05 09:20:22,32498.25,0
2021-05-05 09:20:23,32499.3,0
2021-05-05 09:20:24,32488.3,0
2021-05-05 09:20:25,32492.2,0
2021-05-05 09:20:26,32491.5,0
2021-05-05 09:20:28,32502.75,0
2021-05-05 09:20:29,32502.85,0
2021-05-05 09:20:30,32506.75,0
2021-05-05 09:20:31,32492.0,0
2021-05-05 09:20:32,32491.55,0
2021-05-05 09:20:33,32481.9,0
2021-05-05 09:20:34,32483.45,0
2021-05-05 09:20:35,32489.2,0
2021-05-05 09:20:36,32488.3,0
2021-05-05 09:20:37,32496.8,0
2021-05-05 09:20:38,32488.25,0
2021-05-05 09:20:39,32483.05,0
2021-05-05 09:20:40,32484.8,0
2021-05-05 09:20:42,32467.1,0
2021-05-05 09:20:43,32468.9,0
2021-05-05 09:20:44,32473.0,0
2021-05-05 09:20:45,32481.55,0
2021-05-05 09:20:46,32485.0,0
2021-05-05 09:20:47,32484.4,0
2021-05-05 09:20:48,32485.1,0
2021-05-05 09:20:49,32489.65,0
2021-05-05 09:20:50,32484.4,0
2021-05-05 09:20:51,32477.6,0
2021-05-05 09:20:52,32476.15,0
2021-05-05 09:20:53,32483.95,0
2021-05-05 09:20:54,32476.75,0
2021-05-05 09:20:55,32482.8,0
2021-05-05 09:20:56,32488.25,0
2021-05-05 09:20:57,32489.4,0
2021-05-05 09:20:59,32486.15,0
2021-05-05 09:21:00,32488.55,0
2021-05-05 09:21:01,32481.95,0
2021-05-05 09:21:02,32483.05,0
2021-05-05 09:21:03,32483.55,0
2021-05-05 09:21:04,32476.35,0
2021-05-05 09:21:05,32470.8,0
2021-05-05 09:21:06,32463.1,0
2021-05-05 09:21:07,32455.25,0
2021-05-05 09:21:08,32444.35,0
2021-05-05 09:21:09,32450.3,0
2021-05-05 09:21:10,32450.55,0
2021-05-05 09:21:11,32444.75,0
2021-05-05 09:21:12,32441.5,0
2021-05-05 09:21:13,32438.35,0
2021-05-05 09:21:14,32446.1,0
2021-05-05 09:21:15,32441.25,0
2021-05-05 09:21:16,32440.3,0
2021-05-05 09:21:17,32441.7,0
2021-05-05 09:21:19,32452.85,0
2021-05-05 09:21:20,32456.05,0
2021-05-05 09:21:21,32456.2,0
2021-05-05 09:21:22,32451.0,0
2021-05-05 09:21:23,32448.95,0
2021-05-05 09:21:25,32451.0,0
2021-05-05 09:21:27,32450.75,0
2021-05-05 09:21:28,32449.75,0
2021-05-05 09:21:29,32451.55,0
2021-05-05 09:21:30,32444.35,0
2021-05-05 09:21:32,32440.2,0
2021-05-05 09:21:33,32439.85,0
2021-05-05 09:21:34,32442.1,0
2021-05-05 09:21:35,32433.25,0
2021-05-05 09:21:36,32432.35,0
2021-05-05 09:21:37,32430.15,0
2021-05-05 09:21:38,32433.35,0
2021-05-05 09:21:39,32424.15,0
2021-05-05 09:21:40,32418.55,0
2021-05-05 09:21:41,32422.15,0
2021-05-05 09:21:42,32424.4,0
2021-05-05 09:21:43,32427.35,0
2021-05-05 09:21:44,32430.7,0
2021-05-05 09:21:45,32430.55,0
2021-05-05 09:21:46,32427.15,0
2021-05-05 09:21:47,32426.3,0
2021-05-05 09:21:48,32430.15,0
2021-05-05 09:21:49,32428.8,0
2021-05-05 09:21:51,32440.85,0
2021-05-05 09:21:52,32448.05,0
2021-05-05 09:21:53,32450.75,0
2021-05-05 09:21:54,32451.75,0
2021-05-05 09:21:55,32446.6,0
2021-05-05 09:21:56,32444.0,0
2021-05-05 09:21:57,32440.15,0
2021-05-05 09:21:58,32440.95,0
2021-05-05 09:21:59,32446.75,0
2021-05-05 09:22:00,32442.1,0
2021-05-05 09:22:01,32427.7,0
2021-05-05 09:22:03,32431.25,0
2021-05-05 09:22:05,32433.6,0
2021-05-05 09:22:06,32429.15,0
2021-05-05 09:22:08,32420.95,0
2021-05-05 09:22:09,32420.75,0
2021-05-05 09:22:12,32407.8,0
2021-05-05 09:22:14,32407.85,0
2021-05-05 09:22:15,32414.4,0
2021-05-05 09:22:16,32433.35,0
2021-05-05 09:22:17,32426.9,0
2021-05-05 09:22:18,32429.35,0
2021-05-05 09:22:19,32423.85,0
2021-05-05 09:22:20,32420.1,0
2021-05-05 09:22:21,32419.8,0
2021-05-05 09:22:22,32428.6,0
2021-05-05 09:22:23,32437.9,0
2021-05-05 09:22:24,32447.5,0
2021-05-05 09:22:25,32449.05,0
2021-05-05 09:22:26,32448.95,0
2021-05-05 09:22:27,32445.8,0
2021-05-05 09:22:28,32444.0,0
2021-05-05 09:22:29,32448.2,0
2021-05-05 09:22:30,32451.2,0
2021-05-05 09:22:31,32446.75,0
2021-05-05 09:22:32,32447.9,0
2021-05-05 09:22:34,32451.95,0
2021-05-05 09:22:35,32447.6,0
2021-05-05 09:22:36,32451.0,0
2021-05-05 09:22:37,32452.45,0
2021-05-05 09:22:38,32452.55,0
2021-05-05 09:22:39,32456.9,0
2021-05-05 09:22:40,32451.65,0
2021-05-05 09:22:41,32455.0,0
2021-05-05 09:22:42,32447.45,0
2021-05-05 09:22:43,32451.45,0
2021-05-05 09:22:44,32451.3,0
2021-05-05 09:22:45,32448.6,0
2021-05-05 09:22:46,32445.05,0
2021-05-05 09:22:47,32449.65,0
2021-05-05 09:22:48,32444.95,0
2021-05-05 09:22:49,32448.85,0
2021-05-05 09:22:50,32445.8,0
2021-05-05 09:22:51,32455.6,0
2021-05-05 09:22:52,32452.85,0
2021-05-05 09:22:53,32449.1,0
2021-05-05 09:22:54,32454.75,0
2021-05-05 09:22:55,32451.0,0
2021-05-05 09:22:56,32451.85,0
2021-05-05 09:22:57,32450.6,0
2021-05-05 09:22:58,32451.5,0
2021-05-05 09:22:59,32448.0,0
2021-05-05 09:23:00,32448.65,0
2021-05-05 09:23:01,32448.2,0
2021-05-05 09:23:02,32441.1,0
2021-05-05 09:23:03,32442.95,0
2021-05-05 09:23:04,32435.5,0
2021-05-05 09:23:05,32428.5,0
2021-05-05 09:23:06,32423.2,0
2021-05-05 09:23:07,32426.05,0
2021-05-05 09:23:08,32431.05,0
2021-05-05 09:23:09,32432.55,0
2021-05-05 09:23:10,32446.3,0
2021-05-05 09:23:11,32441.1,0
2021-05-05 09:23:12,32440.95,0
2021-05-05 09:23:13,32436.55,0
2021-05-05 09:23:14,32438.6,0
2021-05-05 09:23:15,32434.9,0
2021-05-05 09:23:16,32425.05,0
2021-05-05 09:23:17,32434.25,0
2021-05-05 09:23:18,32432.6,0
2021-05-05 09:23:19,32433.95,0
2021-05-05 09:23:20,32429.5,0
2021-05-05 09:23:22,32434.2,0
2021-05-05 09:23:23,32436.85,0
2021-05-05 09:23:24,32437.3,0
2021-05-05 09:23:25,32435.05,0
2021-05-05 09:23:26,32434.0,0
2021-05-05 09:23:27,32441.25,0
2021-05-05 09:23:28,32450.95,0
2021-05-05 09:23:29,32445.4,0
2021-05-05 09:23:30,32461.1,0
2021-05-05 09:23:31,32463.4,0
2021-05-05 09:23:32,32462.35,0
2021-05-05 09:23:33,32456.85,0
2021-05-05 09:23:34,32458.3,0
2021-05-05 09:23:36,32461.85,0
2021-05-05 09:23:37,32458.3,0
2021-05-05 09:23:38,32469.95,0
2021-05-05 09:23:39,32476.05,0
2021-05-05 09:23:41,32487.5,0
2021-05-05 09:23:42,32493.35,0
2021-05-05 09:23:43,32489.65,0
2021-05-05 09:23:44,32498.4,0
2021-05-05 09:23:45,32493.25,0
2021-05-05 09:23:46,32491.45,0
2021-05-05 09:23:47,32495.25,0
2021-05-05 09:23:48,32491.6,0
2021-05-05 09:23:49,32494.4,0
2021-05-05 09:23:50,32489.5,0
2021-05-05 09:23:51,32491.0,0
2021-05-05 09:23:53,32491.3,0
2021-05-05 09:23:54,32492.95,0
2021-05-05 09:23:56,32493.25,0
2021-05-05 09:23:57,32485.95,0
2021-05-05 09:23:58,32487.1,0
2021-05-05 09:23:59,32488.4,0
2021-05-05 09:24:00,32481.7,0
2021-05-05 09:24:01,32486.35,0
2021-05-05 09:24:02,32479.35,0
2021-05-05 09:24:03,32475.65,0
2021-05-05 09:24:04,32478.65,0
2021-05-05 09:24:05,32463.4,0
2021-05-05 09:24:06,32464.25,0
2021-05-05 09:24:07,32463.4,0
2021-05-05 09:24:08,32469.4,0
2021-05-05 09:24:09,32464.4,0
2021-05-05 09:24:10,32467.25,0
2021-05-05 09:24:11,32473.1,0
2021-05-05 09:24:12,32468.6,0
2021-05-05 09:24:13,32468.25,0
2021-05-05 09:24:15,32468.05,0
2021-05-05 09:24:16,32472.45,0
2021-05-05 09:24:17,32475.7,0
2021-05-05 09:24:18,32470.85,0
2021-05-05 09:24:19,32467.45,0
2021-05-05 09:24:20,32468.75,0
2021-05-05 09:24:22,32474.2,0
2021-05-05 09:24:23,32473.15,0
2021-05-05 09:24:24,32475.2,0
2021-05-05 09:24:26,32472.7,0
2021-05-05 09:24:29,32472.0,0
2021-05-05 09:24:33,32461.9,0
2021-05-05 09:24:34,32466.65,0
2021-05-05 09:24:35,32463.65,0
2021-05-05 09:24:37,32461.4,0
2021-05-05 09:24:38,32459.9,0
2021-05-05 09:24:39,32459.55,0
2021-05-05 09:24:40,32458.8,0
2021-05-05 09:24:42,32452.6,0
2021-05-05 09:24:43,32456.8,0
2021-05-05 09:24:44,32454.8,0
2021-05-05 09:24:45,32455.45,0
2021-05-05 09:24:46,32458.55,0
2021-05-05 09:24:47,32465.25,0
2021-05-05 09:24:48,32463.05,0
2021-05-05 09:24:49,32462.3,0
2021-05-05 09:24:50,32465.85,0
2021-05-05 09:24:51,32463.75,0
2021-05-05 09:24:53,32464.45,0
2021-05-05 09:24:54,32454.0,0
2021-05-05 09:24:55,32448.8,0
2021-05-05 09:24:56,32446.0,0
2021-05-05 09:24:57,32441.15,0
2021-05-05 09:24:58,32438.2,0
2021-05-05 09:24:59,32427.8,0
2021-05-05 09:25:00,32431.5,0
2021-05-05 09:25:01,32427.85,0
2021-05-05 09:25:02,32428.95,0
2021-05-05 09:25:03,32424.95,0
2021-05-05 09:25:04,32418.4,0
2021-05-05 09:25:05,32419.6,0
2021-05-05 09:25:06,32425.0,0
2021-05-05 09:25:07,32436.85,0
2021-05-05 09:25:08,32432.85,0
2021-05-05 09:25:09,32432.05,0
2021-05-05 09:25:10,32430.25,0
2021-05-05 09:25:11,32446.9,0
2021-05-05 09:25:12,32451.5,0
2021-05-05 09:25:13,32452.1,0
2021-05-05 09:25:14,32451.55,0
2021-05-05 09:25:15,32451.9,0
2021-05-05 09:25:16,32451.8,0
2021-05-05 09:25:17,32451.25,0
2021-05-05 09:25:18,32458.9,0
2021-05-05 09:25:19,32461.35,0
2021-05-05 09:25:20,32461.5,0
2021-05-05 09:25:21,32458.8,0
2021-05-05 09:25:22,32458.7,0
2021-05-05 09:25:23,32456.55,0
2021-05-05 09:25:24,32459.15,0
2021-05-05 09:25:25,32454.55,0
2021-05-05 09:25:26,32463.05,0
2021-05-05 09:25:27,32465.5,0
2021-05-05 09:25:28,32460.5,0
2021-05-05 09:25:29,32462.7,0
2021-05-05 09:25:30,32461.15,0
2021-05-05 09:25:31,32460.4,0
2021-05-05 09:25:32,32452.8,0
2021-05-05 09:25:33,32455.35,0
2021-05-05 09:25:34,32461.5,0
2021-05-05 09:25:35,32464.15,0
2021-05-05 09:25:36,32469.3,0
2021-05-05 09:25:37,32469.65,0
2021-05-05 09:25:38,32466.4,0
2021-05-05 09:25:39,32462.95,0
2021-05-05 09:25:40,32463.05,0
2021-05-05 09:25:41,32458.25,0
2021-05-05 09:25:42,32461.05,0
2021-05-05 09:25:43,32465.45,0
2021-05-05 09:25:44,32465.0,0
2021-05-05 09:25:45,32462.15,0
2021-05-05 09:25:46,32464.85,0
2021-05-05 09:25:47,32463.75,0
2021-05-05 09:25:48,32463.75,0
2021-05-05 09:25:49,32468.25,0
2021-05-05 09:25:50,32467.35,0
2021-05-05 09:25:51,32468.05,0
2021-05-05 09:25:52,32466.0,0
2021-05-05 09:25:53,32461.9,0
2021-05-05 09:25:54,32464.6,0
2021-05-05 09:25:55,32464.75,0
2021-05-05 09:25:56,32461.25,0
2021-05-05 09:25:57,32463.8,0
2021-05-05 09:25:58,32463.1,0
2021-05-05 09:25:59,32464.45,0
2021-05-05 09:26:00,32462.2,0
2021-05-05 09:26:01,32465.5,0
2021-05-05 09:26:02,32462.65,0
2021-05-05 09:26:03,32461.75,0
2021-05-05 09:26:04,32464.25,0
2021-05-05 09:26:05,32463.35,0
2021-05-05 09:26:06,32460.3,0
2021-05-05 09:26:07,32455.2,0
2021-05-05 09:26:09,32453.05,0
2021-05-05 09:26:10,32451.2,0
2021-05-05 09:26:11,32446.8,0
2021-05-05 09:26:13,32444.75,0
2021-05-05 09:26:14,32446.9,0
2021-05-05 09:26:15,32445.95,0
2021-05-05 09:26:16,32449.25,0
2021-05-05 09:26:17,32451.5,0
2021-05-05 09:26:18,32446.5,0
2021-05-05 09:26:19,32445.0,0
2021-05-05 09:26:21,32441.9,0
2021-05-05 09:26:22,32441.85,0
2021-05-05 09:26:23,32444.6,0
2021-05-05 09:26:24,32445.7,0
2021-05-05 09:26:25,32445.85,0
2021-05-05 09:26:26,32450.75,0
2021-05-05 09:26:27,32450.0,0
2021-05-05 09:26:28,32444.45,0
2021-05-05 09:26:29,32447.25,0
2021-05-05 09:26:30,32450.8,0
2021-05-05 09:26:31,32441.55,0
2021-05-05 09:26:33,32441.05,0
2021-05-05 09:26:34,32440.55,0
2021-05-05 09:26:35,32439.3,0
2021-05-05 09:26:37,32429.15,0
2021-05-05 09:26:38,32423.15,0
2021-05-05 09:26:39,32431.4,0
2021-05-05 09:26:40,32435.45,0
2021-05-05 09:26:43,32441.95,0
2021-05-05 09:26:45,32442.2,0
2021-05-05 09:26:46,32445.4,0
2021-05-05 09:26:47,32444.2,0
2021-05-05 09:26:48,32448.15,0
2021-05-05 09:26:49,32451.65,0
2021-05-05 09:26:50,32455.2,0
2021-05-05 09:26:51,32458.4,0
2021-05-05 09:26:52,32457.65,0
2021-05-05 09:26:53,32456.3,0
2021-05-05 09:26:54,32469.65,0
2021-05-05 09:26:55,32467.3,0
2021-05-05 09:26:56,32462.4,0
2021-05-05 09:26:57,32458.95,0
2021-05-05 09:26:58,32461.45,0
2021-05-05 09:26:59,32470.45,0
2021-05-05 09:27:00,32467.6,0
2021-05-05 09:27:01,32471.7,0
2021-05-05 09:27:02,32470.05,0
2021-05-05 09:27:03,32466.1,0
2021-05-05 09:27:04,32464.65,0
2021-05-05 09:27:05,32468.45,0
2021-05-05 09:27:06,32468.8,0
2021-05-05 09:27:07,32472.75,0
2021-05-05 09:27:08,32469.05,0
2021-05-05 09:27:09,32473.3,0
2021-05-05 09:27:11,32470.35,0
2021-05-05 09:27:12,32470.25,0
2021-05-05 09:27:13,32471.4,0
2021-05-05 09:27:14,32468.3,0
2021-05-05 09:27:15,32468.25,0
2021-05-05 09:27:16,32471.75,0
2021-05-05 09:27:17,32470.8,0
2021-05-05 09:27:18,32473.4,0
2021-05-05 09:27:19,32473.1,0
2021-05-05 09:27:20,32475.15,0
2021-05-05 09:27:21,32472.95,0
2021-05-05 09:27:22,32474.55,0
2021-05-05 09:27:23,32481.1,0
2021-05-05 09:27:24,32481.95,0
2021-05-05 09:27:25,32481.2,0
2021-05-05 09:27:26,32485.25,0
2021-05-05 09:27:27,32483.15,0
2021-05-05 09:27:28,32483.3,0
2021-05-05 09:27:29,32484.9,0
2021-05-05 09:27:30,32480.35,0
2021-05-05 09:27:31,32483.1,0
2021-05-05 09:27:32,32484.5,0
2021-05-05 09:27:33,32479.7,0
2021-05-05 09:27:34,32471.45,0
2021-05-05 09:27:35,32471.9,0
2021-05-05 09:27:36,32473.55,0
2021-05-05 09:27:37,32475.4,0
2021-05-05 09:27:38,32481.5,0
2021-05-05 09:27:39,32480.9,0
2021-05-05 09:27:40,32475.65,0
2021-05-05 09:27:41,32480.9,0
2021-05-05 09:27:42,32482.4,0
2021-05-05 09:27:43,32482.55,0
2021-05-05 09:27:44,32483.25,0
2021-05-05 09:27:45,32484.8,0
2021-05-05 09:27:46,32492.85,0
2021-05-05 09:27:47,32494.65,0
2021-05-05 09:27:48,32492.35,0
2021-05-05 09:27:49,32478.3,0
2021-05-05 09:27:50,32473.1,0
2021-05-05 09:27:51,32474.95,0
2021-05-05 09:27:52,32471.65,0
2021-05-05 09:27:53,32471.45,0
2021-05-05 09:27:54,32472.15,0
2021-05-05 09:27:55,32474.05,0
2021-05-05 09:27:56,32475.5,0
2021-05-05 09:27:57,32476.75,0
2021-05-05 09:27:58,32479.5,0
2021-05-05 09:27:59,32471.95,0
2021-05-05 09:28:01,32469.95,0
2021-05-05 09:28:02,32469.35,0
2021-05-05 09:28:03,32471.2,0
2021-05-05 09:28:04,32470.2,0
2021-05-05 09:28:05,32478.85,0
2021-05-05 09:28:06,32476.9,0
2021-05-05 09:28:07,32475.0,0
2021-05-05 09:28:08,32475.3,0
2021-05-05 09:28:09,32475.25,0
2021-05-05 09:28:10,32467.85,0
2021-05-05 09:28:12,32474.1,0
2021-05-05 09:28:13,32470.1,0
2021-05-05 09:28:14,32471.3,0
2021-05-05 09:28:15,32473.5,0
2021-05-05 09:28:16,32469.1,0
2021-05-05 09:28:17,32472.15,0
2021-05-05 09:28:18,32468.9,0
2021-05-05 09:28:19,32477.25,0
2021-05-05 09:28:20,32478.7,0
2021-05-05 09:28:21,32476.4,0
2021-05-05 09:28:22,32477.2,0
2021-05-05 09:28:23,32478.1,0
2021-05-05 09:28:24,32480.5,0
2021-05-05 09:28:25,32483.0,0
2021-05-05 09:28:26,32475.5,0
2021-05-05 09:28:27,32478.85,0
2021-05-05 09:28:28,32477.9,0
2021-05-05 09:28:29,32478.75,0
2021-05-05 09:28:31,32482.55,0
2021-05-05 09:28:32,32485.85,0
2021-05-05 09:28:33,32486.15,0
2021-05-05 09:28:34,32485.5,0
2021-05-05 09:28:36,32490.95,0
2021-05-05 09:28:37,32491.45,0
2021-05-05 09:28:38,32487.9,0
2021-05-05 09:28:39,32495.55,0
2021-05-05 09:28:40,32488.95,0
2021-05-05 09:28:41,32489.75,0
2021-05-05 09:28:42,32485.9,0
2021-05-05 09:28:43,32482.95,0
2021-05-05 09:28:44,32485.9,0
2021-05-05 09:28:47,32481.9,0
2021-05-05 09:28:48,32487.9,0
2021-05-05 09:28:50,32482.0,0
2021-05-05 09:28:51,32480.85,0
2021-05-05 09:28:54,32479.8,0
2021-05-05 09:28:55,32479.65,0
2021-05-05 09:28:56,32475.65,0
2021-05-05 09:28:57,32478.45,0
2021-05-05 09:28:58,32480.3,0
2021-05-05 09:28:59,32478.05,0
2021-05-05 09:29:00,32482.9,0
2021-05-05 09:29:01,32478.75,0
2021-05-05 09:29:02,32482.85,0
2021-05-05 09:29:03,32483.55,0
2021-05-05 09:29:04,32480.05,0
2021-05-05 09:29:05,32476.4,0
2021-05-05 09:29:06,32467.2,0
2021-05-05 09:29:07,32469.9,0
2021-05-05 09:29:08,32464.2,0
2021-05-05 09:29:09,32464.4,0
2021-05-05 09:29:10,32462.0,0
2021-05-05 09:29:11,32466.85,0
2021-05-05 09:29:12,32459.8,0
2021-05-05 09:29:13,32466.2,0
2021-05-05 09:29:14,32465.25,0
2021-05-05 09:29:15,32468.7,0
2021-05-05 09:29:16,32461.7,0
2021-05-05 09:29:17,32468.15,0
2021-05-05 09:29:18,32464.8,0
2021-05-05 09:29:19,32462.3,0
2021-05-05 09:29:20,32461.0,0
2021-05-05 09:29:21,32451.0,0
2021-05-05 09:29:22,32450.15,0
2021-05-05 09:29:23,32449.3,0
2021-05-05 09:29:24,32456.1,0
2021-05-05 09:29:25,32450.3,0
2021-05-05 09:29:26,32457.5,0
2021-05-05 09:29:27,32454.8,0
2021-05-05 09:29:28,32452.7,0
2021-05-05 09:29:29,32453.4,0
2021-05-05 09:29:30,32455.6,0
2021-05-05 09:29:31,32457.65,0
2021-05-05 09:29:32,32461.2,0
2021-05-05 09:29:33,32459.05,0
2021-05-05 09:29:34,32460.45,0
2021-05-05 09:29:36,32465.2,0
2021-05-05 09:29:37,32464.8,0
2021-05-05 09:29:38,32462.5,0
2021-05-05 09:29:39,32468.7,0
2021-05-05 09:29:40,32472.5,0
2021-05-05 09:29:41,32473.05,0
2021-05-05 09:29:42,32470.85,0
2021-05-05 09:29:43,32475.25,0
2021-05-05 09:29:47,32474.15,0
2021-05-05 09:29:48,32474.4,0
2021-05-05 09:29:49,32473.8,0
2021-05-05 09:29:50,32472.4,0
2021-05-05 09:29:51,32462.9,0
2021-05-05 09:29:52,32465.9,0
2021-05-05 09:29:53,32462.9,0
2021-05-05 09:29:56,32466.7,0
2021-05-05 09:29:57,32462.15,0
2021-05-05 09:29:58,32464.95,0
2021-05-05 09:29:59,32463.0,0
2021-05-05 09:30:01,32466.35,0
2021-05-05 09:30:02,32467.3,0
2021-05-05 09:30:03,32463.05,0
2021-05-05 09:30:04,32462.05,0
2021-05-05 09:30:05,32464.65,0
2021-05-05 09:30:06,32465.6,0
2021-05-05 09:30:07,32464.6,0
2021-05-05 09:30:08,32475.7,0
2021-05-05 09:30:09,32478.8,0
2021-05-05 09:30:11,32491.1,0
2021-05-05 09:30:12,32498.5,0
2021-05-05 09:30:13,32506.35,0
2021-05-05 09:30:14,32508.65,0
2021-05-05 09:30:15,32504.6,0
2021-05-05 09:30:16,32510.9,0
2021-05-05 09:30:17,32506.25,0
2021-05-05 09:30:18,32511.4,0
2021-05-05 09:30:19,32515.2,0
2021-05-05 09:30:20,32519.0,0
2021-05-05 09:30:21,32516.0,0
2021-05-05 09:30:22,32519.3,0
2021-05-05 09:30:23,32515.65,0
2021-05-05 09:30:24,32519.95,0
2021-05-05 09:30:25,32528.5,0
2021-05-05 09:30:26,32527.55,0
2021-05-05 09:30:27,32525.8,0
2021-05-05 09:30:28,32525.2,0
2021-05-05 09:30:29,32523.25,0
2021-05-05 09:30:31,32519.85,0
2021-05-05 09:30:32,32525.4,0
2021-05-05 09:30:33,32534.8,0
2021-05-05 09:30:34,32522.8,0
2021-05-05 09:30:35,32527.15,0
2021-05-05 09:30:36,32526.85,0
2021-05-05 09:30:37,32522.65,0
2021-05-05 09:30:38,32520.15,0
2021-05-05 09:30:39,32521.6,0
2021-05-05 09:30:40,32517.85,0
2021-05-05 09:30:42,32504.8,0
2021-05-05 09:30:43,32510.15,0
2021-05-05 09:30:44,32505.8,0
2021-05-05 09:30:45,32510.35,0
2021-05-05 09:30:46,32511.9,0
2021-05-05 09:30:47,32511.3,0
2021-05-05 09:30:48,32511.2,0
2021-05-05 09:30:49,32521.55,0
2021-05-05 09:30:50,32517.3,0
2021-05-05 09:30:51,32520.65,0
2021-05-05 09:30:52,32516.35,0
2021-05-05 09:30:53,32520.75,0
2021-05-05 09:30:56,32520.45,0
2021-05-05 09:30:58,32523.3,0
2021-05-05 09:30:59,32527.95,0
2021-05-05 09:31:00,32523.25,0
2021-05-05 09:31:01,32530.85,0
2021-05-05 09:31:02,32529.95,0
2021-05-05 09:31:04,32532.95,0
2021-05-05 09:31:06,32536.55,0
2021-05-05 09:31:07,32538.8,0
2021-05-05 09:31:08,32542.55,0
2021-05-05 09:31:11,32530.85,0
2021-05-05 09:31:12,32538.3,0
2021-05-05 09:31:13,32535.05,0
2021-05-05 09:31:14,32537.75,0
2021-05-05 09:31:15,32540.85,0
2021-05-05 09:31:16,32524.3,0
2021-05-05 09:31:17,32531.75,0
2021-05-05 09:31:18,32527.5,0
2021-05-05 09:31:19,32533.6,0
2021-05-05 09:31:20,32523.85,0
2021-05-05 09:31:22,32526.6,0
2021-05-05 09:31:23,32527.95,0
2021-05-05 09:31:24,32519.25,0
2021-05-05 09:31:25,32522.55,0
2021-05-05 09:31:26,32520.25,0
2021-05-05 09:31:27,32521.05,0
2021-05-05 09:31:28,32519.35,0
2021-05-05 09:31:29,32514.85,0
2021-05-05 09:31:31,32514.05,0
2021-05-05 09:31:32,32517.6,0
2021-05-05 09:31:33,32510.05,0
2021-05-05 09:31:34,32512.55,0
2021-05-05 09:31:35,32527.65,0
2021-05-05 09:31:36,32522.7,0
2021-05-05 09:31:37,32519.4,0
2021-05-05 09:31:38,32524.55,0
2021-05-05 09:31:39,32524.45,0
2021-05-05 09:31:40,32521.05,0
2021-05-05 09:31:41,32526.15,0
2021-05-05 09:31:42,32526.85,0
2021-05-05 09:31:43,32530.15,0
2021-05-05 09:31:44,32523.8,0
2021-05-05 09:31:45,32519.3,0
2021-05-05 09:31:46,32525.4,0
2021-05-05 09:31:47,32523.1,0
2021-05-05 09:31:48,32527.9,0
2021-05-05 09:31:49,32527.7,0
2021-05-05 09:31:50,32525.25,0
2021-05-05 09:31:51,32521.5,0
2021-05-05 09:31:52,32522.65,0
2021-05-05 09:31:53,32525.2,0
2021-05-05 09:31:54,32523.2,0
2021-05-05 09:31:55,32521.7,0
2021-05-05 09:31:56,32522.45,0
2021-05-05 09:31:58,32525.5,0
2021-05-05 09:31:59,32509.2,0
2021-05-05 09:32:00,32512.2,0
2021-05-05 09:32:01,32517.6,0
2021-05-05 09:32:02,32514.8,0
2021-05-05 09:32:03,32519.25,0
2021-05-05 09:32:04,32515.65,0
2021-05-05 09:32:05,32514.8,0
2021-05-05 09:32:06,32517.55,0
2021-05-05 09:32:07,32513.7,0
2021-05-05 09:32:08,32514.25,0
2021-05-05 09:32:09,32518.95,0
2021-05-05 09:32:10,32516.05,0
2021-05-05 09:32:11,32519.3,0
2021-05-05 09:32:12,32520.35,0
2021-05-05 09:32:13,32521.75,0
2021-05-05 09:32:14,32518.5,0
2021-05-05 09:32:15,32520.0,0
2021-05-05 09:32:16,32514.95,0
2021-05-05 09:32:17,32511.1,0
2021-05-05 09:32:18,32509.6,0
2021-05-05 09:32:20,32514.85,0
2021-05-05 09:32:21,32515.9,0
2021-05-05 09:32:22,32511.3,0
2021-05-05 09:32:23,32515.55,0
2021-05-05 09:32:24,32511.55,0
2021-05-05 09:32:25,32512.15,0
2021-05-05 09:32:26,32513.9,0
2021-05-05 09:32:27,32516.25,0
2021-05-05 09:32:28,32521.8,0
2021-05-05 09:32:29,32523.4,0
2021-05-05 09:32:30,32523.25,0
2021-05-05 09:32:31,32509.9,0
2021-05-05 09:32:32,32511.95,0
2021-05-05 09:32:33,32517.15,0
2021-05-05 09:32:34,32512.5,0
2021-05-05 09:32:35,32512.9,0
2021-05-05 09:32:36,32514.25,0
2021-05-05 09:32:38,32516.2,0
2021-05-05 09:32:39,32515.9,0
2021-05-05 09:32:40,32513.75,0
2021-05-05 09:32:41,32520.1,0
2021-05-05 09:32:42,32525.15,0
2021-05-05 09:32:43,32523.05,0
2021-05-05 09:32:44,32522.1,0
2021-05-05 09:32:45,32523.7,0
2021-05-05 09:32:46,32505.15,0
2021-05-05 09:32:47,32513.15,0
2021-05-05 09:32:49,32512.0,0
2021-05-05 09:32:50,32512.8,0
2021-05-05 09:32:51,32515.9,0
2021-05-05 09:32:52,32518.2,0
2021-05-05 09:32:53,32518.8,0
2021-05-05 09:32:54,32514.05,0
2021-05-05 09:32:55,32516.0,0
2021-05-05 09:32:56,32519.35,0
2021-05-05 09:32:57,32514.1,0
2021-05-05 09:32:58,32514.95,0
2021-05-05 09:32:59,32519.15,0
2021-05-05 09:33:00,32519.6,0
2021-05-05 09:33:01,32518.7,0
2021-05-05 09:33:02,32519.3,0
2021-05-05 09:33:03,32514.25,0
2021-05-05 09:33:04,32513.55,0
2021-05-05 09:33:05,32514.0,0
2021-05-05 09:33:06,32519.9,0
2021-05-05 09:33:07,32521.55,0
2021-05-05 09:33:09,32523.35,0
2021-05-05 09:33:10,32526.6,0
2021-05-05 09:33:13,32524.7,0
2021-05-05 09:33:14,32525.2,0
2021-05-05 09:33:15,32528.7,0
2021-05-05 09:33:16,32526.65,0
2021-05-05 09:33:17,32526.3,0
2021-05-05 09:33:18,32525.3,0
2021-05-05 09:33:19,32525.5,0
2021-05-05 09:33:20,32528.05,0
2021-05-05 09:33:23,32517.65,0
2021-05-05 09:33:25,32527.2,0
2021-05-05 09:33:26,32521.85,0
2021-05-05 09:33:27,32525.75,0
2021-05-05 09:33:28,32522.65,0
2021-05-05 09:33:29,32525.65,0
2021-05-05 09:33:30,32526.9,0
2021-05-05 09:33:32,32511.7,0
2021-05-05 09:33:33,32516.9,0
2021-05-05 09:33:34,32509.95,0
2021-05-05 09:33:35,32514.6,0
2021-05-05 09:33:36,32509.8,0
2021-05-05 09:33:37,32508.9,0
2021-05-05 09:33:38,32512.2,0
2021-05-05 09:33:39,32514.5,0
2021-05-05 09:33:40,32511.55,0
2021-05-05 09:33:41,32502.65,0
2021-05-05 09:33:42,32507.35,0
2021-05-05 09:33:43,32510.15,0
2021-05-05 09:33:44,32506.45,0
2021-05-05 09:33:45,32511.4,0
2021-05-05 09:33:46,32513.85,0
2021-05-05 09:33:47,32514.25,0
2021-05-05 09:33:48,32510.85,0
2021-05-05 09:33:49,32516.2,0
2021-05-05 09:33:50,32512.05,0
2021-05-05 09:33:51,32515.6,0
2021-05-05 09:33:52,32508.95,0
2021-05-05 09:33:53,32511.65,0
2021-05-05 09:33:56,32508.95,0
2021-05-05 09:33:57,32508.25,0
2021-05-05 09:33:58,32507.4,0
2021-05-05 09:34:00,32509.5,0
2021-05-05 09:34:01,32510.65,0
2021-05-05 09:34:02,32509.15,0
2021-05-05 09:34:03,32507.6,0
2021-05-05 09:34:05,32509.05,0
2021-05-05 09:34:06,32504.4,0
2021-05-05 09:34:07,32503.75,0
2021-05-05 09:34:08,32498.15,0
2021-05-05 09:34:09,32497.85,0
2021-05-05 09:34:10,32497.05,0
2021-05-05 09:34:11,32494.3,0
2021-05-05 09:34:12,32496.35,0
2021-05-05 09:34:13,32490.85,0
2021-05-05 09:34:14,32484.05,0
2021-05-05 09:34:15,32488.7,0
2021-05-05 09:34:16,32484.95,0
2021-05-05 09:34:17,32483.65,0
2021-05-05 09:34:18,32482.8,0
2021-05-05 09:34:19,32483.0,0
2021-05-05 09:34:20,32488.3,0
2021-05-05 09:34:21,32492.9,0
2021-05-05 09:34:22,32493.0,0
2021-05-05 09:34:23,32491.45,0
2021-05-05 09:34:24,32494.65,0
2021-05-05 09:34:25,32492.8,0
2021-05-05 09:34:26,32499.6,0
2021-05-05 09:34:28,32494.4,0
2021-05-05 09:34:29,32497.1,0
2021-05-05 09:34:30,32502.65,0
2021-05-05 09:34:31,32499.5,0
2021-05-05 09:34:32,32499.65,0
2021-05-05 09:34:33,32497.25,0
2021-05-05 09:34:34,32495.55,0
2021-05-05 09:34:35,32498.75,0
2021-05-05 09:34:36,32497.2,0
2021-05-05 09:34:37,32495.3,0
2021-05-05 09:34:38,32493.7,0
2021-05-05 09:34:39,32494.8,0
2021-05-05 09:34:40,32497.8,0
2021-05-05 09:34:41,32501.15,0
2021-05-05 09:34:42,32501.05,0
2021-05-05 09:34:43,32495.6,0
2021-05-05 09:34:44,32492.1,0
2021-05-05 09:34:45,32493.7,0
2021-05-05 09:34:47,32491.35,0
2021-05-05 09:34:48,32493.8,0
2021-05-05 09:34:49,32495.4,0
2021-05-05 09:34:50,32493.35,0
2021-05-05 09:34:51,32495.85,0
2021-05-05 09:34:52,32497.35,0
2021-05-05 09:34:53,32490.1,0
2021-05-05 09:34:54,32490.2,0
2021-05-05 09:34:56,32493.55,0
2021-05-05 09:34:57,32488.0,0
2021-05-05 09:34:58,32489.9,0
2021-05-05 09:34:59,32481.05,0
2021-05-05 09:35:00,32481.7,0
2021-05-05 09:35:03,32484.35,0
2021-05-05 09:35:04,32487.15,0
2021-05-05 09:35:05,32487.45,0
2021-05-05 09:35:06,32487.2,0
2021-05-05 09:35:07,32485.0,0
2021-05-05 09:35:08,32486.35,0
2021-05-05 09:35:09,32482.7,0
2021-05-05 09:35:10,32486.6,0
2021-05-05 09:35:11,32487.05,0
2021-05-05 09:35:12,32486.6,0
2021-05-05 09:35:13,32486.9,0
2021-05-05 09:35:14,32485.5,0
2021-05-05 09:35:15,32487.45,0
2021-05-05 09:35:16,32490.85,0
2021-05-05 09:35:17,32490.4,0
2021-05-05 09:35:18,32489.1,0
2021-05-05 09:35:19,32495.55,0
2021-05-05 09:35:20,32494.8,0
2021-05-05 09:35:21,32490.4,0
2021-05-05 09:35:22,32491.55,0
2021-05-05 09:35:23,32497.3,0
2021-05-05 09:35:25,32501.9,0
2021-05-05 09:35:26,32502.95,0
2021-05-05 09:35:28,32503.35,0
2021-05-05 09:35:29,32501.8,0
2021-05-05 09:35:30,32503.65,0
2021-05-05 09:35:31,32499.0,0
2021-05-05 09:35:32,32503.7,0
2021-05-05 09:35:33,32502.25,0
2021-05-05 09:35:34,32501.05,0
2021-05-05 09:35:35,32498.85,0
2021-05-05 09:35:36,32498.4,0
2021-05-05 09:35:37,32491.9,0
2021-05-05 09:35:38,32489.1,0
2021-05-05 09:35:39,32492.4,0
2021-05-05 09:35:40,32492.4,0
2021-05-05 09:35:41,32491.05,0
2021-05-05 09:35:43,32496.5,0
2021-05-05 09:35:44,32498.4,0
2021-05-05 09:35:45,32504.65,0
2021-05-05 09:35:46,32497.2,0
2021-05-05 09:35:47,32498.05,0
2021-05-05 09:35:48,32496.7,0
2021-05-05 09:35:49,32499.6,0
2021-05-05 09:35:50,32499.2,0
2021-05-05 09:35:51,32498.8,0
2021-05-05 09:35:52,32494.9,0
2021-05-05 09:35:53,32497.65,0
2021-05-05 09:35:54,32493.9,0
2021-05-05 09:35:55,32496.0,0
2021-05-05 09:35:56,32493.8,0
2021-05-05 09:35:57,32491.8,0
2021-05-05 09:35:58,32491.25,0
2021-05-05 09:35:59,32492.8,0
2021-05-05 09:36:00,32492.5,0
2021-05-05 09:36:01,32494.5,0
2021-05-05 09:36:02,32489.8,0
2021-05-05 09:36:03,32494.5,0
2021-05-05 09:36:04,32495.35,0
2021-05-05 09:36:05,32493.85,0
2021-05-05 09:36:06,32495.6,0
2021-05-05 09:36:07,32493.1,0
2021-05-05 09:36:08,32496.0,0
2021-05-05 09:36:09,32498.3,0
2021-05-05 09:36:10,32497.05,0
2021-05-05 09:36:11,32496.7,0
2021-05-05 09:36:12,32499.2,0
2021-05-05 09:36:13,32498.55,0
2021-05-05 09:36:14,32499.75,0
2021-05-05 09:36:15,32504.4,0
2021-05-05 09:36:16,32506.45,0
2021-05-05 09:36:17,32509.05,0
2021-05-05 09:36:18,32509.6,0
2021-05-05 09:36:19,32509.0,0
2021-05-05 09:36:20,32509.4,0
2021-05-05 09:36:21,32510.8,0
2021-05-05 09:36:22,32506.55,0
2021-05-05 09:36:23,32506.45,0
2021-05-05 09:36:24,32509.1,0
2021-05-05 09:36:25,32507.5,0
2021-05-05 09:36:26,32504.05,0
2021-05-05 09:36:27,32505.9,0
2021-05-05 09:36:28,32500.7,0
2021-05-05 09:36:29,32492.6,0
2021-05-05 09:36:30,32491.3,0
2021-05-05 09:36:31,32494.35,0
2021-05-05 09:36:33,32498.3,0
2021-05-05 09:36:34,32490.5,0
2021-05-05 09:36:36,32491.2,0
2021-05-05 09:36:37,32490.25,0
2021-05-05 09:36:38,32489.65,0
2021-05-05 09:36:39,32491.55,0
2021-05-05 09:36:40,32492.0,0
2021-05-05 09:36:41,32494.9,0
2021-05-05 09:36:42,32493.3,0
2021-05-05 09:36:43,32494.25,0
2021-05-05 09:36:44,32494.65,0
2021-05-05 09:36:45,32500.45,0
2021-05-05 09:36:46,32497.9,0
2021-05-05 09:36:47,32497.05,0
2021-05-05 09:36:48,32496.15,0
2021-05-05 09:36:49,32498.35,0
2021-05-05 09:36:50,32502.5,0
2021-05-05 09:36:51,32498.95,0
2021-05-05 09:36:52,32499.0,0
2021-05-05 09:36:53,32502.05,0
2021-05-05 09:36:54,32503.35,0
2021-05-05 09:36:55,32504.9,0
2021-05-05 09:36:56,32507.35,0
2021-05-05 09:36:57,32509.4,0
2021-05-05 09:36:59,32511.6,0
2021-05-05 09:37:00,32512.05,0
2021-05-05 09:37:01,32513.35,0
2021-05-05 09:37:02,32517.4,0
2021-05-05 09:37:03,32516.2,0
2021-05-05 09:37:04,32519.95,0
2021-05-05 09:37:05,32518.55,0
2021-05-05 09:37:06,32521.45,0
2021-05-05 09:37:07,32523.45,0
2021-05-05 09:37:08,32518.3,0
2021-05-05 09:37:09,32524.6,0
2021-05-05 09:37:10,32524.8,0
2021-05-05 09:37:11,32528.2,0
2021-05-05 09:37:12,32525.6,0
2021-05-05 09:37:13,32527.45,0
2021-05-05 09:37:14,32530.25,0
2021-05-05 09:37:16,32530.1,0
2021-05-05 09:37:17,32519.2,0
2021-05-05 09:37:18,32524.45,0
2021-05-05 09:37:19,32527.4,0
2021-05-05 09:37:20,32527.75,0
2021-05-05 09:37:21,32528.65,0
2021-05-05 09:37:22,32526.5,0
2021-05-05 09:37:23,32529.65,0
2021-05-05 09:37:24,32530.95,0
2021-05-05 09:37:25,32535.2,0
2021-05-05 09:37:26,32533.65,0
2021-05-05 09:37:27,32539.05,0
2021-05-05 09:37:28,32538.85,0
2021-05-05 09:37:29,32551.6,0
2021-05-05 09:37:30,32548.0,0
2021-05-05 09:37:31,32549.35,0
2021-05-05 09:37:32,32555.55,0
2021-05-05 09:37:33,32552.05,0
2021-05-05 09:37:34,32560.9,0
2021-05-05 09:37:35,32559.65,0
2021-05-05 09:37:36,32552.75,0
2021-05-05 09:37:37,32553.85,0
2021-05-05 09:37:38,32554.15,0
2021-05-05 09:37:39,32550.6,0
2021-05-05 09:37:40,32550.8,0
2021-05-05 09:37:41,32553.45,0
2021-05-05 09:37:42,32550.85,0
2021-05-05 09:37:43,32533.95,0
2021-05-05 09:37:45,32545.45,0
2021-05-05 09:37:46,32542.05,0
2021-05-05 09:37:47,32535.65,0
2021-05-05 09:37:48,32541.15,0
2021-05-05 09:37:49,32539.85,0
2021-05-05 09:37:50,32536.7,0
2021-05-05 09:37:51,32518.7,0
2021-05-05 09:37:52,32528.3,0
2021-05-05 09:37:53,32529.8,0
2021-05-05 09:37:54,32528.6,0
2021-05-05 09:37:55,32526.25,0
2021-05-05 09:37:56,32524.35,0
2021-05-05 09:37:57,32528.6,0
2021-05-05 09:37:58,32526.6,0
2021-05-05 09:37:59,32530.05,0
2021-05-05 09:38:00,32526.6,0
2021-05-05 09:38:01,32526.75,0
2021-05-05 09:38:02,32530.6,0
2021-05-05 09:38:03,32536.0,0
2021-05-05 09:38:04,32533.75,0
2021-05-05 09:38:05,32533.85,0
2021-05-05 09:38:06,32531.85,0
2021-05-05 09:38:08,32530.35,0
2021-05-05 09:38:09,32531.9,0
2021-05-05 09:38:10,32532.0,0
2021-05-05 09:38:11,32529.25,0
2021-05-05 09:38:12,32527.9,0
2021-05-05 09:38:13,32531.45,0
2021-05-05 09:38:14,32530.7,0
2021-05-05 09:38:15,32531.8,0
2021-05-05 09:38:16,32532.95,0
2021-05-05 09:38:17,32531.75,0
2021-05-05 09:38:18,32526.4,0
2021-05-05 09:38:19,32529.95,0
2021-05-05 09:38:20,32528.45,0
2021-05-05 09:38:21,32527.9,0
2021-05-05 09:38:22,32527.75,0
2021-05-05 09:38:23,32525.2,0
2021-05-05 09:38:24,32525.05,0
2021-05-05 09:38:25,32520.95,0
2021-05-05 09:38:26,32517.85,0
2021-05-05 09:38:27,32519.95,0
2021-05-05 09:38:28,32516.65,0
2021-05-05 09:38:29,32516.8,0
2021-05-05 09:38:30,32517.15,0
2021-05-05 09:38:31,32519.35,0
2021-05-05 09:38:32,32521.35,0
2021-05-05 09:38:33,32519.7,0
2021-05-05 09:38:34,32522.35,0
2021-05-05 09:38:35,32518.25,0
2021-05-05 09:38:36,32517.85,0
2021-05-05 09:38:37,32521.35,0
2021-05-05 09:38:38,32511.95,0
2021-05-05 09:38:39,32512.95,0
2021-05-05 09:38:40,32515.45,0
2021-05-05 09:38:41,32505.4,0
2021-05-05 09:38:42,32510.65,0
2021-05-05 09:38:43,32508.7,0
2021-05-05 09:38:44,32505.7,0
2021-05-05 09:38:45,32508.3,0
2021-05-05 09:38:46,32505.4,0
2021-05-05 09:38:47,32509.1,0
2021-05-05 09:38:48,32510.75,0
2021-05-05 09:38:49,32511.15,0
2021-05-05 09:38:50,32511.85,0
2021-05-05 09:38:51,32507.6,0
2021-05-05 09:38:52,32509.25,0
2021-05-05 09:38:53,32511.8,0
2021-05-05 09:38:54,32509.95,0
2021-05-05 09:38:55,32509.05,0
2021-05-05 09:38:56,32516.95,0
2021-05-05 09:38:57,32518.75,0
2021-05-05 09:38:58,32517.05,0
2021-05-05 09:38:59,32512.8,0
2021-05-05 09:39:00,32510.55,0
2021-05-05 09:39:01,32517.55,0
2021-05-05 09:39:02,32501.45,0
2021-05-05 09:39:03,32513.0,0
2021-05-05 09:39:04,32516.15,0
2021-05-05 09:39:05,32499.5,0
2021-05-05 09:39:06,32506.25,0
2021-05-05 09:39:07,32505.55,0
2021-05-05 09:39:08,32516.0,0
2021-05-05 09:39:09,32511.7,0
2021-05-05 09:39:10,32507.1,0
2021-05-05 09:39:11,32511.45,0
2021-05-05 09:39:12,32515.85,0
2021-05-05 09:39:13,32514.1,0
2021-05-05 09:39:14,32506.5,0
2021-05-05 09:39:15,32516.2,0
2021-05-05 09:39:16,32514.6,0
2021-05-05 09:39:17,32513.8,0
2021-05-05 09:39:18,32512.45,0
2021-05-05 09:39:19,32516.3,0
2021-05-05 09:39:20,32515.0,0
2021-05-05 09:39:21,32518.05,0
2021-05-05 09:39:22,32510.4,0
2021-05-05 09:39:23,32516.15,0
2021-05-05 09:39:24,32517.75,0
2021-05-05 09:39:26,32497.0,0
2021-05-05 09:39:27,32499.05,0
2021-05-05 09:39:28,32503.95,0
2021-05-05 09:39:30,32502.8,0
2021-05-05 09:39:31,32504.55,0
2021-05-05 09:39:33,32502.75,0
2021-05-05 09:39:35,32493.35,0
2021-05-05 09:39:37,32491.55,0
2021-05-05 09:39:38,32491.55,0
2021-05-05 09:39:40,32485.6,0
2021-05-05 09:39:41,32486.75,0
2021-05-05 09:39:43,32485.35,0
2021-05-05 09:39:44,32486.9,0
2021-05-05 09:39:45,32490.9,0
2021-05-05 09:39:46,32488.75,0
2021-05-05 09:39:47,32493.5,0
2021-05-05 09:39:48,32494.15,0
2021-05-05 09:39:49,32497.1,0
2021-05-05 09:39:50,32499.0,0
2021-05-05 09:39:51,32491.6,0
2021-05-05 09:39:52,32491.45,0
2021-05-05 09:39:53,32496.35,0
2021-05-05 09:39:55,32493.0,0
2021-05-05 09:39:56,32493.2,0
2021-05-05 09:39:57,32488.05,0
2021-05-05 09:39:58,32484.6,0
2021-05-05 09:39:59,32487.15,0
2021-05-05 09:40:00,32484.05,0
2021-05-05 09:40:01,32482.55,0
2021-05-05 09:40:02,32480.1,0
2021-05-05 09:40:03,32485.35,0
2021-05-05 09:40:04,32480.15,0
2021-05-05 09:40:05,32484.8,0
2021-05-05 09:40:06,32487.8,0
2021-05-05 09:40:07,32482.65,0
2021-05-05 09:40:08,32487.55,0
2021-05-05 09:40:09,32498.2,0
2021-05-05 09:40:10,32501.85,0
2021-05-05 09:40:11,32507.45,0
2021-05-05 09:40:12,32499.7,0
2021-05-05 09:40:13,32502.2,0
2021-05-05 09:40:14,32505.35,0
2021-05-05 09:40:15,32493.75,0
2021-05-05 09:40:16,32493.35,0
2021-05-05 09:40:18,32494.85,0
2021-05-05 09:40:19,32499.2,0
2021-05-05 09:40:20,32504.15,0
2021-05-05 09:40:21,32506.65,0
2021-05-05 09:40:22,32509.1,0
2021-05-05 09:40:23,32511.15,0
2021-05-05 09:40:24,32513.05,0
2021-05-05 09:40:25,32515.6,0
2021-05-05 09:40:26,32510.3,0
2021-05-05 09:40:27,32512.05,0
2021-05-05 09:40:28,32511.4,0
2021-05-05 09:40:29,32514.65,0
2021-05-05 09:40:30,32518.4,0
2021-05-05 09:40:31,32517.15,0
2021-05-05 09:40:32,32524.5,0
2021-05-05 09:40:33,32508.65,0
2021-05-05 09:40:35,32511.5,0
2021-05-05 09:40:36,32512.15,0
2021-05-05 09:40:37,32508.85,0
2021-05-05 09:40:38,32507.2,0
2021-05-05 09:40:39,32509.55,0
2021-05-05 09:40:40,32506.45,0
2021-05-05 09:40:41,32506.35,0
2021-05-05 09:40:42,32504.4,0
2021-05-05 09:40:43,32504.65,0
2021-05-05 09:40:44,32508.5,0
2021-05-05 09:40:46,32506.5,0
2021-05-05 09:40:47,32506.15,0
2021-05-05 09:40:48,32505.85,0
2021-05-05 09:40:49,32500.5,0
2021-05-05 09:40:50,32496.4,0
2021-05-05 09:40:51,32488.5,0
2021-05-05 09:40:52,32493.25,0
2021-05-05 09:40:53,32490.95,0
2021-05-05 09:40:54,32492.6,0
2021-05-05 09:40:55,32491.8,0
2021-05-05 09:40:56,32494.2,0
2021-05-05 09:40:57,32493.95,0
2021-05-05 09:40:58,32496.4,0
2021-05-05 09:40:59,32496.2,0
2021-05-05 09:41:00,32496.25,0
2021-05-05 09:41:01,32494.9,0
2021-05-05 09:41:02,32492.75,0
2021-05-05 09:41:03,32493.3,0
2021-05-05 09:41:04,32495.1,0
2021-05-05 09:41:05,32494.4,0
2021-05-05 09:41:06,32497.7,0
2021-05-05 09:41:08,32494.35,0
2021-05-05 09:41:09,32492.95,0
2021-05-05 09:41:11,32490.0,0
2021-05-05 09:41:12,32489.7,0
2021-05-05 09:41:13,32487.9,0
2021-05-05 09:41:14,32488.0,0
2021-05-05 09:41:15,32487.9,0
2021-05-05 09:41:17,32488.75,0
2021-05-05 09:41:18,32486.7,0
2021-05-05 09:41:19,32478.6,0
2021-05-05 09:41:20,32473.4,0
2021-05-05 09:41:21,32471.15,0
2021-05-05 09:41:22,32467.25,0
2021-05-05 09:41:23,32468.5,0
2021-05-05 09:41:24,32466.7,0
2021-05-05 09:41:25,32465.75,0
2021-05-05 09:41:27,32472.05,0
2021-05-05 09:41:28,32473.95,0
2021-05-05 09:41:29,32475.9,0
2021-05-05 09:41:30,32475.6,0
2021-05-05 09:41:31,32481.2,0
2021-05-05 09:41:32,32479.8,0
2021-05-05 09:41:33,32484.3,0
2021-05-05 09:41:34,32481.3,0
2021-05-05 09:41:35,32484.2,0
2021-05-05 09:41:36,32483.7,0
2021-05-05 09:41:37,32482.55,0
2021-05-05 09:41:38,32484.65,0
2021-05-05 09:41:39,32483.25,0
2021-05-05 09:41:40,32483.85,0
2021-05-05 09:41:41,32481.9,0
2021-05-05 09:41:42,32480.95,0
2021-05-05 09:41:43,32484.4,0
2021-05-05 09:41:44,32480.75,0
2021-05-05 09:41:46,32478.8,0
2021-05-05 09:41:47,32479.2,0
2021-05-05 09:41:49,32475.0,0
2021-05-05 09:41:50,32479.45,0
2021-05-05 09:41:51,32477.15,0
2021-05-05 09:41:52,32474.9,0
2021-05-05 09:41:53,32472.75,0
2021-05-05 09:41:54,32473.85,0
2021-05-05 09:41:56,32474.0,0
2021-05-05 09:41:57,32471.55,0
2021-05-05 09:41:58,32472.8,0
2021-05-05 09:42:00,32471.45,0
2021-05-05 09:42:01,32470.9,0
2021-05-05 09:42:02,32468.65,0
2021-05-05 09:42:03,32468.05,0
2021-05-05 09:42:04,32462.65,0
2021-05-05 09:42:05,32464.35,0
2021-05-05 09:42:06,32467.25,0
2021-05-05 09:42:08,32466.2,0
2021-05-05 09:42:09,32462.9,0
2021-05-05 09:42:10,32463.6,0
2021-05-05 09:42:11,32469.75,0
2021-05-05 09:42:12,32464.9,0
2021-05-05 09:42:13,32465.5,0
2021-05-05 09:42:14,32466.3,0
2021-05-05 09:42:15,32468.9,0
2021-05-05 09:42:17,32468.4,0
2021-05-05 09:42:18,32465.8,0
2021-05-05 09:42:19,32466.6,0
2021-05-05 09:42:20,32469.35,0
2021-05-05 09:42:21,32469.8,0
2021-05-05 09:42:22,32467.05,0
2021-05-05 09:42:23,32473.6,0
2021-05-05 09:42:24,32473.8,0
2021-05-05 09:42:25,32475.5,0
2021-05-05 09:42:26,32470.45,0
2021-05-05 09:42:27,32468.95,0
2021-05-05 09:42:28,32473.25,0
2021-05-05 09:42:29,32471.85,0
2021-05-05 09:42:31,32479.2,0
2021-05-05 09:42:32,32477.6,0
2021-05-05 09:42:33,32477.1,0
2021-05-05 09:42:34,32475.3,0
2021-05-05 09:42:35,32477.05,0
2021-05-05 09:42:36,32477.15,0
2021-05-05 09:42:37,32475.35,0
2021-05-05 09:42:38,32474.0,0
2021-05-05 09:42:39,32473.8,0
2021-05-05 09:42:40,32473.15,0
2021-05-05 09:42:41,32470.9,0
2021-05-05 09:42:42,32472.55,0
2021-05-05 09:42:43,32470.25,0
2021-05-05 09:42:44,32466.75,0
2021-05-05 09:42:45,32472.25,0
2021-05-05 09:42:46,32472.85,0
2021-05-05 09:42:47,32475.2,0
2021-05-05 09:42:48,32475.5,0
2021-05-05 09:42:49,32475.3,0
2021-05-05 09:42:50,32471.35,0
2021-05-05 09:42:51,32472.55,0
2021-05-05 09:42:52,32473.2,0
2021-05-05 09:42:53,32474.05,0
2021-05-05 09:42:54,32473.75,0
2021-05-05 09:42:55,32473.8,0
2021-05-05 09:42:56,32471.5,0
2021-05-05 09:42:57,32472.5,0
2021-05-05 09:42:58,32471.65,0
2021-05-05 09:42:59,32469.7,0
2021-05-05 09:43:00,32472.05,0
2021-05-05 09:43:01,32468.4,0
2021-05-05 09:43:03,32470.35,0
2021-05-05 09:43:04,32469.9,0
2021-05-05 09:43:05,32466.2,0
2021-05-05 09:43:06,32464.15,0
2021-05-05 09:43:07,32468.05,0
2021-05-05 09:43:08,32467.15,0
2021-05-05 09:43:09,32464.6,0
2021-05-05 09:43:10,32467.35,0
2021-05-05 09:43:11,32464.55,0
2021-05-05 09:43:12,32461.95,0
2021-05-05 09:43:13,32462.2,0
2021-05-05 09:43:14,32462.15,0
2021-05-05 09:43:15,32455.2,0
2021-05-05 09:43:16,32457.3,0
2021-05-05 09:43:17,32457.55,0
2021-05-05 09:43:18,32450.15,0
2021-05-05 09:43:19,32447.8,0
2021-05-05 09:43:20,32446.85,0
2021-05-05 09:43:21,32450.5,0
2021-05-05 09:43:22,32448.6,0
2021-05-05 09:43:23,32448.7,0
2021-05-05 09:43:24,32451.05,0
2021-05-05 09:43:26,32447.7,0
2021-05-05 09:43:27,32446.45,0
2021-05-05 09:43:28,32444.85,0
2021-05-05 09:43:29,32445.9,0
2021-05-05 09:43:30,32452.4,0
2021-05-05 09:43:31,32450.6,0
2021-05-05 09:43:32,32454.7,0
2021-05-05 09:43:33,32455.95,0
2021-05-05 09:43:34,32453.35,0
2021-05-05 09:43:35,32458.15,0
2021-05-05 09:43:36,32456.5,0
2021-05-05 09:43:37,32455.95,0
2021-05-05 09:43:38,32461.2,0
2021-05-05 09:43:39,32460.0,0
2021-05-05 09:43:40,32458.45,0
2021-05-05 09:43:41,32459.95,0
2021-05-05 09:43:42,32461.4,0
2021-05-05 09:43:43,32461.55,0
2021-05-05 09:43:44,32461.25,0
2021-05-05 09:43:45,32466.25,0
2021-05-05 09:43:46,32459.35,0
2021-05-05 09:43:48,32459.55,0
2021-05-05 09:43:49,32458.25,0
2021-05-05 09:43:50,32458.55,0
2021-05-05 09:43:51,32462.8,0
2021-05-05 09:43:52,32463.85,0
2021-05-05 09:43:53,32461.5,0
2021-05-05 09:43:55,32465.15,0
2021-05-05 09:43:56,32464.6,0
2021-05-05 09:43:58,32459.15,0
2021-05-05 09:43:59,32459.75,0
2021-05-05 09:44:00,32460.65,0
2021-05-05 09:44:01,32458.8,0
2021-05-05 09:44:02,32458.3,0
2021-05-05 09:44:03,32460.45,0
2021-05-05 09:44:04,32458.3,0
2021-05-05 09:44:08,32456.05,0
2021-05-05 09:44:09,32456.75,0
2021-05-05 09:44:10,32456.75,0
2021-05-05 09:44:12,32457.35,0
2021-05-05 09:44:13,32459.65,0
2021-05-05 09:44:14,32460.55,0
2021-05-05 09:44:15,32461.15,0
2021-05-05 09:44:16,32460.3,0
2021-05-05 09:44:17,32460.7,0
2021-05-05 09:44:18,32463.2,0
2021-05-05 09:44:19,32464.3,0
2021-05-05 09:44:20,32462.95,0
2021-05-05 09:44:21,32463.25,0
2021-05-05 09:44:22,32463.5,0
2021-05-05 09:44:23,32460.6,0
2021-05-05 09:44:24,32464.45,0
2021-05-05 09:44:25,32461.15,0
2021-05-05 09:44:26,32456.9,0
2021-05-05 09:44:27,32456.75,0
2021-05-05 09:44:28,32456.4,0
2021-05-05 09:44:29,32457.8,0
2021-05-05 09:44:30,32457.6,0
2021-05-05 09:44:31,32456.0,0
2021-05-05 09:44:32,32449.75,0
2021-05-05 09:44:33,32452.35,0
2021-05-05 09:44:34,32450.6,0
2021-05-05 09:44:35,32448.35,0
2021-05-05 09:44:36,32431.35,0
2021-05-05 09:44:37,32437.9,0
2021-05-05 09:44:38,32449.9,0
2021-05-05 09:44:39,32448.75,0
2021-05-05 09:44:40,32445.7,0
2021-05-05 09:44:41,32450.5,0
2021-05-05 09:44:42,32449.9,0
2021-05-05 09:44:43,32448.15,0
2021-05-05 09:44:44,32452.05,0
2021-05-05 09:44:45,32451.95,0
2021-05-05 09:44:46,32454.85,0
2021-05-05 09:44:47,32455.25,0
2021-05-05 09:44:48,32452.6,0
2021-05-05 09:44:49,32451.2,0
2021-05-05 09:44:50,32452.95,0
2021-05-05 09:44:51,32453.7,0
2021-05-05 09:44:52,32456.25,0
2021-05-05 09:44:53,32453.9,0
2021-05-05 09:44:54,32455.0,0
2021-05-05 09:44:55,32454.8,0
2021-05-05 09:44:56,32455.05,0
2021-05-05 09:44:57,32459.3,0
2021-05-05 09:44:58,32461.85,0
2021-05-05 09:44:59,32460.0,0
2021-05-05 09:45:00,32459.8,0
2021-05-05 09:45:01,32459.75,0
2021-05-05 09:45:02,32460.0,0
2021-05-05 09:45:03,32458.15,0
2021-05-05 09:45:04,32462.85,0
2021-05-05 09:45:06,32463.2,0
2021-05-05 09:45:07,32466.4,0
2021-05-05 09:45:08,32462.65,0
2021-05-05 09:45:10,32473.3,0
2021-05-05 09:45:11,32471.9,0
2021-05-05 09:45:12,32474.9,0
2021-05-05 09:45:13,32473.0,0
2021-05-05 09:45:15,32479.6,0
2021-05-05 09:45:16,32472.25,0
2021-05-05 09:45:17,32491.15,0
2021-05-05 09:45:18,32489.45,0
2021-05-05 09:45:19,32489.5,0
2021-05-05 09:45:20,32489.3,0
2021-05-05 09:45:21,32471.0,0
2021-05-05 09:45:22,32469.85,0
2021-05-05 09:45:23,32477.4,0
2021-05-05 09:45:24,32468.85,0
2021-05-05 09:45:25,32468.75,0
2021-05-05 09:45:27,32469.2,0
2021-05-05 09:45:28,32469.4,0
2021-05-05 09:45:30,32463.3,0
2021-05-05 09:45:31,32459.8,0
2021-05-05 09:45:33,32453.45,0
2021-05-05 09:45:34,32454.35,0
2021-05-05 09:45:36,32455.4,0
2021-05-05 09:45:37,32450.0,0
2021-05-05 09:45:38,32450.25,0
2021-05-05 09:45:39,32455.5,0
2021-05-05 09:45:40,32448.55,0
2021-05-05 09:45:41,32451.85,0
2021-05-05 09:45:42,32447.85,0
2021-05-05 09:45:44,32446.2,0
2021-05-05 09:45:45,32447.45,0
2021-05-05 09:45:46,32438.55,0
2021-05-05 09:45:47,32438.95,0
2021-05-05 09:45:48,32438.45,0
2021-05-05 09:45:49,32440.15,0
2021-05-05 09:45:50,32437.9,0
2021-05-05 09:45:51,32440.9,0
2021-05-05 09:45:52,32439.75,0
2021-05-05 09:45:53,32439.25,0
2021-05-05 09:45:55,32438.15,0
2021-05-05 09:45:56,32435.35,0
2021-05-05 09:45:57,32437.2,0
2021-05-05 09:45:58,32435.65,0
2021-05-05 09:45:59,32435.05,0
2021-05-05 09:46:00,32418.2,0
2021-05-05 09:46:01,32420.5,0
2021-05-05 09:46:02,32423.65,0
2021-05-05 09:46:03,32427.35,0
2021-05-05 09:46:04,32422.8,0
2021-05-05 09:46:05,32421.5,0
2021-05-05 09:46:06,32421.4,0
2021-05-05 09:46:07,32419.6,0
2021-05-05 09:46:08,32413.15,0
2021-05-05 09:46:09,32411.95,0
2021-05-05 09:46:10,32411.0,0
2021-05-05 09:46:13,32377.1,0
2021-05-05 09:46:14,32388.25,0
2021-05-05 09:46:15,32381.55,0
2021-05-05 09:46:16,32386.1,0
2021-05-05 09:46:17,32392.1,0
2021-05-05 09:46:18,32397.55,0
2021-05-05 09:46:19,32401.15,0
2021-05-05 09:46:20,32398.3,0
2021-05-05 09:46:22,32408.1,0
2021-05-05 09:46:23,32410.45,0
2021-05-05 09:46:24,32405.0,0
2021-05-05 09:46:25,32403.9,0
2021-05-05 09:46:27,32409.6,0
2021-05-05 09:46:28,32410.25,0
2021-05-05 09:46:29,32411.8,0
2021-05-05 09:46:30,32416.5,0
2021-05-05 09:46:32,32417.25,0
2021-05-05 09:46:33,32413.3,0
2021-05-05 09:46:34,32415.1,0
2021-05-05 09:46:35,32414.8,0
2021-05-05 09:46:36,32418.1,0
2021-05-05 09:46:38,32419.8,0
2021-05-05 09:46:37,32415.85,0
2021-05-05 09:46:39,32421.4,0
2021-05-05 09:46:40,32420.55,0
2021-05-05 09:46:42,32426.75,0
2021-05-05 09:46:43,32421.2,0
2021-05-05 09:46:44,32424.8,0
2021-05-05 09:46:45,32427.45,0
2021-05-05 09:46:46,32425.35,0
2021-05-05 09:46:47,32420.75,0
2021-05-05 09:46:48,32412.9,0
2021-05-05 09:46:49,32420.55,0
2021-05-05 09:46:50,32414.15,0
2021-05-05 09:46:51,32414.55,0
2021-05-05 09:46:52,32416.8,0
2021-05-05 09:46:53,32416.6,0
2021-05-05 09:46:54,32413.0,0
2021-05-05 09:46:55,32416.85,0
2021-05-05 09:46:56,32419.7,0
2021-05-05 09:46:57,32417.75,0
2021-05-05 09:46:58,32415.4,0
2021-05-05 09:46:59,32416.5,0
2021-05-05 09:47:00,32414.5,0
2021-05-05 09:47:01,32413.7,0
2021-05-05 09:47:02,32414.05,0
2021-05-05 09:47:03,32413.6,0
2021-05-05 09:47:04,32417.1,0
2021-05-05 09:47:06,32415.0,0
2021-05-05 09:47:07,32415.0,0
2021-05-05 09:47:08,32408.75,0
2021-05-05 09:47:10,32410.6,0
2021-05-05 09:47:11,32404.0,0
2021-05-05 09:47:13,32407.05,0
2021-05-05 09:47:14,32406.95,0
2021-05-05 09:47:15,32401.1,0
2021-05-05 09:47:16,32399.45,0
2021-05-05 09:47:18,32404.15,0
2021-05-05 09:47:19,32400.8,0
2021-05-05 09:47:20,32404.05,0
2021-05-05 09:47:21,32406.2,0
2021-05-05 09:47:22,32402.4,0
2021-05-05 09:47:23,32405.55,0
2021-05-05 09:47:24,32405.0,0
2021-05-05 09:47:25,32401.7,0
2021-05-05 09:47:26,32404.85,0
2021-05-05 09:47:27,32399.9,0
2021-05-05 09:47:28,32402.85,0
2021-05-05 09:47:29,32401.8,0
2021-05-05 09:47:30,32404.1,0
2021-05-05 09:47:31,32402.4,0
2021-05-05 09:47:32,32399.85,0
2021-05-05 09:47:34,32400.8,0
2021-05-05 09:47:35,32401.35,0
2021-05-05 09:47:36,32401.65,0
2021-05-05 09:47:37,32399.9,0
2021-05-05 09:47:38,32402.25,0
2021-05-05 09:47:39,32401.3,0
2021-05-05 09:47:40,32402.8,0
2021-05-05 09:47:41,32404.85,0
2021-05-05 09:47:42,32402.9,0
2021-05-05 09:47:43,32403.15,0
2021-05-05 09:47:45,32402.65,0
2021-05-05 09:47:46,32402.05,0
2021-05-05 09:47:47,32404.3,0
2021-05-05 09:47:48,32400.45,0
2021-05-05 09:47:49,32402.1,0
2021-05-05 09:47:50,32401.75,0
2021-05-05 09:47:51,32399.85,0
2021-05-05 09:47:52,32400.4,0
2021-05-05 09:47:53,32401.4,0
2021-05-05 09:47:54,32402.8,0
2021-05-05 09:47:56,32400.25,0
2021-05-05 09:47:57,32401.0,0
2021-05-05 09:47:58,32402.0,0
2021-05-05 09:47:59,32399.9,0
2021-05-05 09:48:00,32399.3,0
2021-05-05 09:48:01,32398.25,0
2021-05-05 09:48:02,32396.5,0
2021-05-05 09:48:03,32399.8,0
2021-05-05 09:48:04,32396.25,0
2021-05-05 09:48:05,32395.15,0
2021-05-05 09:48:06,32397.35,0
2021-05-05 09:48:07,32395.0,0
2021-05-05 09:48:09,32400.2,0
2021-05-05 09:48:10,32401.05,0
2021-05-05 09:48:11,32404.4,0
2021-05-05 09:48:12,32404.45,0
2021-05-05 09:48:13,32406.25,0
2021-05-05 09:48:14,32405.65,0
2021-05-05 09:48:15,32405.6,0
2021-05-05 09:48:16,32400.85,0
2021-05-05 09:48:17,32402.45,0
2021-05-05 09:48:18,32398.9,0
2021-05-05 09:48:19,32402.5,0
2021-05-05 09:48:20,32404.9,0
2021-05-05 09:48:21,32403.55,0
2021-05-05 09:48:22,32401.0,0
2021-05-05 09:48:23,32403.35,0
2021-05-05 09:48:24,32401.7,0
2021-05-05 09:48:25,32401.4,0
2021-05-05 09:48:26,32406.05,0
2021-05-05 09:48:27,32400.8,0
2021-05-05 09:48:28,32399.7,0
2021-05-05 09:48:29,32401.1,0
2021-05-05 09:48:31,32401.5,0
2021-05-05 09:48:32,32400.3,0
2021-05-05 09:48:33,32402.1,0
2021-05-05 09:48:34,32401.75,0
2021-05-05 09:48:40,32389.6,0
2021-05-05 09:48:42,32389.2,0
2021-05-05 09:48:44,32391.95,0
2021-05-05 09:48:45,32390.7,0
2021-05-05 09:48:46,32392.55,0
2021-05-05 09:48:47,32393.65,0
2021-05-05 09:48:48,32392.65,0
2021-05-05 09:48:49,32393.55,0
2021-05-05 09:48:50,32396.95,0
2021-05-05 09:48:51,32395.65,0
2021-05-05 09:48:52,32396.6,0
2021-05-05 09:48:53,32396.9,0
2021-05-05 09:48:54,32402.05,0
2021-05-05 09:48:55,32405.1,0
2021-05-05 09:48:56,32414.2,0
2021-05-05 09:48:58,32415.35,0
2021-05-05 09:48:59,32414.15,0
2021-05-05 09:49:00,32405.7,0
2021-05-05 09:49:01,32407.7,0
2021-05-05 09:49:02,32407.45,0
2021-05-05 09:49:03,32403.95,0
2021-05-05 09:49:04,32396.15,0
2021-05-05 09:49:05,32398.0,0
2021-05-05 09:49:06,32397.2,0
2021-05-05 09:49:07,32396.65,0
2021-05-05 09:49:08,32397.3,0
2021-05-05 09:49:09,32396.65,0
2021-05-05 09:49:10,32395.85,0
2021-05-05 09:49:11,32394.5,0
2021-05-05 09:49:12,32377.15,0
2021-05-05 09:49:13,32382.0,0
2021-05-05 09:49:14,32383.8,0
2021-05-05 09:49:15,32391.0,0
2021-05-05 09:49:16,32389.95,0
2021-05-05 09:49:18,32396.8,0
2021-05-05 09:49:19,32398.85,0
2021-05-05 09:49:20,32392.15,0
2021-05-05 09:49:21,32397.75,0
2021-05-05 09:49:22,32400.25,0
2021-05-05 09:49:23,32399.2,0
2021-05-05 09:49:24,32401.15,0
2021-05-05 09:49:25,32400.2,0
2021-05-05 09:49:26,32399.7,0
2021-05-05 09:49:27,32400.5,0
2021-05-05 09:49:28,32401.7,0
2021-05-05 09:49:29,32400.65,0
2021-05-05 09:49:30,32401.25,0
2021-05-05 09:49:31,32402.95,0
2021-05-05 09:49:32,32403.65,0
2021-05-05 09:49:33,32403.35,0
2021-05-05 09:49:34,32400.05,0
2021-05-05 09:49:35,32400.25,0
2021-05-05 09:49:36,32400.55,0
2021-05-05 09:49:37,32391.75,0
2021-05-05 09:49:38,32395.1,0
2021-05-05 09:49:40,32395.55,0
2021-05-05 09:49:41,32394.35,0
2021-05-05 09:49:42,32396.9,0
2021-05-05 09:49:43,32395.65,0
2021-05-05 09:49:44,32398.1,0
2021-05-05 09:49:45,32399.8,0
2021-05-05 09:49:46,32399.15,0
2021-05-05 09:49:47,32399.65,0
2021-05-05 09:49:48,32396.7,0
2021-05-05 09:49:49,32397.75,0
2021-05-05 09:49:50,32394.85,0
2021-05-05 09:49:51,32393.55,0
2021-05-05 09:49:52,32395.35,0
2021-05-05 09:49:53,32392.25,0
2021-05-05 09:49:54,32394.5,0
2021-05-05 09:49:56,32392.15,0
2021-05-05 09:49:57,32395.75,0
2021-05-05 09:50:00,32397.05,0
2021-05-05 09:50:01,32395.2,0
2021-05-05 09:50:02,32398.45,0
2021-05-05 09:50:03,32398.95,0
2021-05-05 09:50:04,32399.3,0
2021-05-05 09:50:06,32401.15,0
2021-05-05 09:50:07,32407.65,0
2021-05-05 09:50:08,32410.95,0
2021-05-05 09:50:09,32405.7,0
2021-05-05 09:50:10,32415.15,0
2021-05-05 09:50:11,32420.1,0
2021-05-05 09:50:12,32426.95,0
2021-05-05 09:50:13,32427.1,0
2021-05-05 09:50:15,32444.1,0
2021-05-05 09:50:17,32439.9,0
2021-05-05 09:50:18,32442.45,0
2021-05-05 09:50:19,32439.65,0
2021-05-05 09:50:20,32438.8,0
2021-05-05 09:50:21,32430.9,0
2021-05-05 09:50:22,32429.05,0
2021-05-05 09:50:23,32428.4,0
2021-05-05 09:50:24,32425.4,0
2021-05-05 09:50:25,32428.0,0
2021-05-05 09:50:26,32431.2,0
2021-05-05 09:50:27,32429.7,0
2021-05-05 09:50:28,32427.15,0
2021-05-05 09:50:29,32424.55,0
2021-05-05 09:50:30,32425.65,0
2021-05-05 09:50:31,32423.3,0
2021-05-05 09:50:32,32418.7,0
2021-05-05 09:50:33,32417.65,0
2021-05-05 09:50:34,32416.1,0
2021-05-05 09:50:35,32420.8,0
2021-05-05 09:50:36,32425.45,0
2021-05-05 09:50:37,32425.9,0
2021-05-05 09:50:38,32423.8,0
2021-05-05 09:50:39,32421.5,0
2021-05-05 09:50:40,32423.4,0
2021-05-05 09:50:41,32422.65,0
2021-05-05 09:50:42,32421.8,0
2021-05-05 09:50:43,32421.5,0
2021-05-05 09:50:44,32420.25,0
2021-05-05 09:50:45,32420.95,0
2021-05-05 09:50:46,32421.2,0
2021-05-05 09:50:47,32421.15,0
2021-05-05 09:50:48,32416.95,0
2021-05-05 09:50:49,32415.75,0
2021-05-05 09:50:50,32413.7,0
2021-05-05 09:50:51,32416.75,0
2021-05-05 09:50:54,32421.95,0
2021-05-05 09:50:56,32426.65,0
2021-05-05 09:50:57,32424.1,0
2021-05-05 09:50:58,32424.1,0
2021-05-05 09:50:59,32425.3,0
2021-05-05 09:51:00,32422.7,0
2021-05-05 09:51:01,32426.25,0
2021-05-05 09:51:02,32424.7,0
2021-05-05 09:51:03,32424.65,0
2021-05-05 09:51:04,32423.85,0
2021-05-05 09:51:05,32423.65,0
2021-05-05 09:51:06,32425.2,0
2021-05-05 09:51:07,32422.4,0
2021-05-05 09:51:08,32424.7,0
2021-05-05 09:51:09,32424.55,0
2021-05-05 09:51:10,32419.55,0
2021-05-05 09:51:11,32417.1,0
2021-05-05 09:51:12,32414.25,0
2021-05-05 09:51:13,32415.05,0
2021-05-05 09:51:14,32418.5,0
2021-05-05 09:51:15,32418.8,0
2021-05-05 09:51:16,32418.6,0
2021-05-05 09:51:17,32413.35,0
2021-05-05 09:51:19,32417.45,0
2021-05-05 09:51:20,32418.3,0
2021-05-05 09:51:21,32413.5,0
2021-05-05 09:51:22,32416.45,0
2021-05-05 09:51:23,32418.8,0
2021-05-05 09:51:24,32417.9,0
2021-05-05 09:51:25,32419.6,0
2021-05-05 09:51:26,32420.55,0
2021-05-05 09:51:27,32419.9,0
2021-05-05 09:51:28,32414.15,0
2021-05-05 09:51:29,32417.8,0
2021-05-05 09:51:30,32413.55,0
2021-05-05 09:51:31,32416.4,0
2021-05-05 09:51:32,32415.9,0
2021-05-05 09:51:33,32417.2,0
2021-05-05 09:51:34,32417.8,0
2021-05-05 09:51:35,32413.8,0
2021-05-05 09:51:36,32414.4,0
2021-05-05 09:51:37,32411.1,0
2021-05-05 09:51:38,32411.1,0
2021-05-05 09:51:39,32415.45,0
2021-05-05 09:51:40,32416.65,0
2021-05-05 09:51:41,32417.7,0
2021-05-05 09:51:42,32411.7,0
2021-05-05 09:51:43,32415.8,0
2021-05-05 09:51:44,32416.45,0
2021-05-05 09:51:45,32415.1,0
2021-05-05 09:51:47,32417.2,0
2021-05-05 09:51:48,32410.75,0
2021-05-05 09:51:49,32409.05,0
2021-05-05 09:51:50,32409.15,0
2021-05-05 09:51:51,32410.75,0
2021-05-05 09:51:52,32409.4,0
2021-05-05 09:51:53,32410.7,0
2021-05-05 09:51:54,32414.2,0
2021-05-05 09:51:55,32414.3,0
2021-05-05 09:51:56,32416.4,0
2021-05-05 09:51:57,32411.6,0
2021-05-05 09:51:58,32415.35,0
2021-05-05 09:51:59,32415.45,0
2021-05-05 09:52:01,32412.7,0
2021-05-05 09:52:02,32408.05,0
2021-05-05 09:52:03,32412.3,0
2021-05-05 09:52:04,32411.3,0
2021-05-05 09:52:05,32411.6,0
2021-05-05 09:52:07,32408.2,0
2021-05-05 09:52:08,32406.95,0
2021-05-05 09:52:09,32409.9,0
2021-05-05 09:52:10,32408.85,0
2021-05-05 09:52:11,32408.15,0
2021-05-05 09:52:12,32402.95,0
2021-05-05 09:52:13,32403.55,0
2021-05-05 09:52:14,32408.85,0
2021-05-05 09:52:16,32402.6,0
2021-05-05 09:52:17,32404.45,0
2021-05-05 09:52:18,32406.25,0
2021-05-05 09:52:19,32405.35,0
2021-05-05 09:52:20,32401.7,0
2021-05-05 09:52:21,32402.95,0
2021-05-05 09:52:22,32400.7,0
2021-05-05 09:52:23,32401.5,0
2021-05-05 09:52:24,32398.7,0
2021-05-05 09:52:25,32400.5,0
2021-05-05 09:52:26,32402.4,0
2021-05-05 09:52:27,32402.1,0
2021-05-05 09:52:28,32398.95,0
2021-05-05 09:52:29,32399.35,0
2021-05-05 09:52:31,32399.2,0
2021-05-05 09:52:32,32401.35,0
2021-05-05 09:52:33,32402.85,0
2021-05-05 09:52:35,32404.3,0
2021-05-05 09:52:36,32406.6,0
2021-05-05 09:52:37,32407.75,0
2021-05-05 09:52:38,32406.95,0
2021-05-05 09:52:39,32410.25,0
2021-05-05 09:52:40,32414.35,0
2021-05-05 09:52:41,32412.8,0
2021-05-05 09:52:43,32418.8,0
2021-05-05 09:52:44,32414.65,0
2021-05-05 09:52:45,32418.15,0
2021-05-05 09:52:46,32414.85,0
2021-05-05 09:52:47,32416.6,0
2021-05-05 09:52:48,32418.8,0
2021-05-05 09:52:49,32417.9,0
2021-05-05 09:52:50,32418.15,0
2021-05-05 09:52:51,32417.65,0
2021-05-05 09:52:52,32412.55,0
2021-05-05 09:52:53,32410.45,0
2021-05-05 09:52:54,32413.15,0
2021-05-05 09:52:55,32413.9,0
2021-05-05 09:52:56,32414.35,0
2021-05-05 09:52:57,32411.15,0
2021-05-05 09:53:00,32407.0,0
2021-05-05 09:53:01,32402.95,0
2021-05-05 09:53:02,32402.35,0
2021-05-05 09:53:03,32404.65,0
2021-05-05 09:53:04,32405.3,0
2021-05-05 09:53:05,32405.2,0
2021-05-05 09:53:06,32407.1,0
2021-05-05 09:53:09,32411.35,0
2021-05-05 09:53:11,32412.2,0
2021-05-05 09:53:12,32413.45,0
2021-05-05 09:53:14,32409.0,0
2021-05-05 09:53:15,32415.05,0
2021-05-05 09:53:16,32414.15,0
2021-05-05 09:53:17,32411.7,0
2021-05-05 09:53:18,32411.45,0
2021-05-05 09:53:19,32413.8,0
2021-05-05 09:53:20,32413.9,0
2021-05-05 09:53:21,32414.95,0
2021-05-05 09:53:22,32415.25,0
2021-05-05 09:53:23,32411.95,0
2021-05-05 09:53:24,32412.65,0
2021-05-05 09:53:25,32416.45,0
2021-05-05 09:53:26,32412.15,0
2021-05-05 09:53:27,32409.3,0
2021-05-05 09:53:28,32417.6,0
2021-05-05 09:53:29,32416.1,0
2021-05-05 09:53:30,32415.75,0
2021-05-05 09:53:31,32418.15,0
2021-05-05 09:53:32,32415.8,0
2021-05-05 09:53:33,32409.55,0
2021-05-05 09:53:34,32409.0,0
2021-05-05 09:53:35,32412.55,0
2021-05-05 09:53:36,32414.3,0
2021-05-05 09:53:37,32410.5,0
2021-05-05 09:53:38,32407.95,0
2021-05-05 09:53:40,32409.95,0
2021-05-05 09:53:41,32409.65,0
2021-05-05 09:53:42,32410.5,0
2021-05-05 09:53:43,32409.65,0
2021-05-05 09:53:44,32412.35,0
2021-05-05 09:53:45,32412.35,0
2021-05-05 09:53:46,32414.15,0
2021-05-05 09:53:47,32416.7,0
2021-05-05 09:53:48,32413.3,0
2021-05-05 09:53:49,32413.3,0
2021-05-05 09:53:50,32413.55,0
2021-05-05 09:53:51,32412.75,0
2021-05-05 09:53:52,32413.2,0
2021-05-05 09:53:53,32417.2,0
2021-05-05 09:53:54,32419.0,0
2021-05-05 09:53:55,32416.8,0
2021-05-05 09:53:56,32417.75,0
2021-05-05 09:53:57,32422.65,0
2021-05-05 09:53:59,32421.35,0
2021-05-05 09:54:00,32418.3,0
2021-05-05 09:54:01,32420.55,0
2021-05-05 09:54:02,32421.55,0
2021-05-05 09:54:03,32418.65,0
2021-05-05 09:54:04,32420.4,0
2021-05-05 09:54:05,32420.0,0
2021-05-05 09:54:06,32417.2,0
2021-05-05 09:54:07,32416.35,0
2021-05-05 09:54:08,32411.4,0
2021-05-05 09:54:09,32413.15,0
2021-05-05 09:54:11,32412.35,0
2021-05-05 09:54:12,32413.9,0
2021-05-05 09:54:13,32412.95,0
2021-05-05 09:54:14,32415.1,0
2021-05-05 09:54:15,32411.6,0
2021-05-05 09:54:16,32413.3,0
2021-05-05 09:54:17,32412.6,0
2021-05-05 09:54:18,32411.55,0
2021-05-05 09:54:19,32410.25,0
2021-05-05 09:54:20,32409.3,0
2021-05-05 09:54:21,32416.4,0
2021-05-05 09:54:22,32413.65,0
2021-05-05 09:54:23,32417.7,0
2021-05-05 09:54:24,32417.5,0
2021-05-05 09:54:25,32415.35,0
2021-05-05 09:54:26,32418.2,0
2021-05-05 09:54:27,32419.05,0
2021-05-05 09:54:29,32418.15,0
2021-05-05 09:54:30,32418.2,0
2021-05-05 09:54:31,32416.65,0
2021-05-05 09:54:32,32417.25,0
2021-05-05 09:54:33,32417.7,0
2021-05-05 09:54:34,32416.6,0
2021-05-05 09:54:35,32417.6,0
2021-05-05 09:54:36,32418.45,0
2021-05-05 09:54:37,32416.85,0
2021-05-05 09:54:38,32416.8,0
2021-05-05 09:54:39,32417.2,0
2021-05-05 09:54:40,32416.05,0
2021-05-05 09:54:41,32416.85,0
2021-05-05 09:54:42,32417.75,0
2021-05-05 09:54:43,32420.15,0
2021-05-05 09:54:44,32424.6,0
2021-05-05 09:54:45,32423.3,0
2021-05-05 09:54:46,32425.15,0
2021-05-05 09:54:47,32425.8,0
2021-05-05 09:54:48,32424.6,0
2021-05-05 09:54:49,32425.0,0
2021-05-05 09:54:50,32423.85,0
2021-05-05 09:54:51,32427.7,0
2021-05-05 09:54:53,32430.75,0
2021-05-05 09:54:54,32431.25,0
2021-05-05 09:54:55,32430.85,0
2021-05-05 09:54:57,32431.0,0
2021-05-05 09:54:59,32439.3,0
2021-05-05 09:55:00,32438.3,0
2021-05-05 09:55:01,32438.45,0
2021-05-05 09:55:02,32439.25,0
2021-05-05 09:55:03,32439.85,0
2021-05-05 09:55:04,32441.35,0
2021-05-05 09:55:05,32442.6,0
2021-05-05 09:55:06,32443.5,0
2021-05-05 09:55:07,32444.55,0
2021-05-05 09:55:08,32441.35,0
2021-05-05 09:55:09,32455.4,0
2021-05-05 09:55:10,32454.1,0
2021-05-05 09:55:11,32453.0,0
2021-05-05 09:55:12,32454.2,0
2021-05-05 09:55:13,32454.45,0
2021-05-05 09:55:14,32456.15,0
2021-05-05 09:55:15,32456.95,0
2021-05-05 09:55:17,32474.8,0
2021-05-05 09:55:18,32482.35,0
2021-05-05 09:55:19,32492.75,0
2021-05-05 09:55:22,32490.6,0
2021-05-05 09:55:23,32495.65,0
2021-05-05 09:55:24,32489.05,0
2021-05-05 09:55:25,32480.2,0
2021-05-05 09:55:26,32486.7,0
2021-05-05 09:55:27,32490.05,0
2021-05-05 09:55:28,32487.55,0
2021-05-05 09:55:30,32482.1,0
2021-05-05 09:55:32,32489.4,0
2021-05-05 09:55:34,32476.85,0
2021-05-05 09:55:35,32475.25,0
2021-05-05 09:55:36,32478.05,0
2021-05-05 09:55:39,32466.4,0
2021-05-05 09:55:40,32465.85,0
2021-05-05 09:55:41,32465.75,0
2021-05-05 09:55:42,32466.65,0
2021-05-05 09:55:43,32460.25,0
2021-05-05 09:55:45,32467.25,0
2021-05-05 09:55:46,32466.85,0
2021-05-05 09:55:47,32468.0,0
2021-05-05 09:55:48,32467.75,0
2021-05-05 09:55:49,32468.7,0
2021-05-05 09:55:50,32471.15,0
2021-05-05 09:55:51,32472.7,0
2021-05-05 09:55:52,32468.7,0
2021-05-05 09:55:53,32469.4,0
2021-05-05 09:55:54,32469.7,0
2021-05-05 09:55:55,32471.65,0
2021-05-05 09:55:56,32470.35,0
2021-05-05 09:55:57,32472.2,0
2021-05-05 09:55:58,32471.4,0
2021-05-05 09:55:59,32470.05,0
2021-05-05 09:56:00,32469.95,0
2021-05-05 09:56:01,32472.5,0
2021-05-05 09:56:02,32471.45,0
2021-05-05 09:56:03,32470.5,0
2021-05-05 09:56:04,32469.35,0
2021-05-05 09:56:05,32470.95,0
2021-05-05 09:56:06,32470.1,0
2021-05-05 09:56:07,32469.75,0
2021-05-05 09:56:08,32471.2,0
2021-05-05 09:56:09,32469.0,0
2021-05-05 09:56:10,32468.1,0
2021-05-05 09:56:11,32470.95,0
2021-05-05 09:56:12,32466.85,0
2021-05-05 09:56:13,32471.5,0
2021-05-05 09:56:14,32472.6,0
2021-05-05 09:56:15,32468.15,0
2021-05-05 09:56:16,32466.1,0
2021-05-05 09:56:17,32466.7,0
2021-05-05 09:56:18,32465.3,0
2021-05-05 09:56:20,32467.45,0
2021-05-05 09:56:21,32451.85,0
2021-05-05 09:56:22,32454.05,0
2021-05-05 09:56:23,32454.55,0
2021-05-05 09:56:24,32456.55,0
2021-05-05 09:56:25,32455.45,0
2021-05-05 09:56:26,32457.75,0
2021-05-05 09:56:28,32458.6,0
2021-05-05 09:56:29,32460.5,0
2021-05-05 09:56:30,32464.4,0
2021-05-05 09:56:31,32465.85,0
2021-05-05 09:56:32,32464.9,0
2021-05-05 09:56:33,32462.75,0
2021-05-05 09:56:34,32461.1,0
2021-05-05 09:56:35,32462.1,0
2021-05-05 09:56:36,32463.2,0
2021-05-05 09:56:37,32460.8,0
2021-05-05 09:56:38,32461.55,0
2021-05-05 09:56:39,32463.25,0
2021-05-05 09:56:40,32460.3,0
2021-05-05 09:56:41,32468.0,0
2021-05-05 09:56:42,32468.7,0
2021-05-05 09:56:43,32465.4,0
2021-05-05 09:56:44,32471.9,0
2021-05-05 09:56:45,32472.15,0
2021-05-05 09:56:46,32469.9,0
2021-05-05 09:56:47,32469.7,0
2021-05-05 09:56:48,32469.85,0
2021-05-05 09:56:49,32470.55,0
2021-05-05 09:56:50,32472.0,0
2021-05-05 09:56:51,32473.7,0
2021-05-05 09:56:52,32472.3,0
2021-05-05 09:56:53,32471.55,0
2021-05-05 09:56:54,32472.85,0
2021-05-05 09:56:55,32471.75,0
2021-05-05 09:56:56,32475.1,0
2021-05-05 09:56:57,32472.75,0
2021-05-05 09:56:58,32475.4,0
2021-05-05 09:56:59,32475.85,0
2021-05-05 09:57:00,32477.6,0
2021-05-05 09:57:01,32477.2,0
2021-05-05 09:57:02,32476.75,0
2021-05-05 09:57:03,32477.35,0
2021-05-05 09:57:04,32474.85,0
2021-05-05 09:57:05,32476.95,0
2021-05-05 09:57:06,32475.1,0
2021-05-05 09:57:07,32470.25,0
2021-05-05 09:57:08,32468.35,0
2021-05-05 09:57:09,32466.95,0
2021-05-05 09:57:10,32466.65,0
2021-05-05 09:57:11,32473.25,0
2021-05-05 09:57:12,32469.95,0
2021-05-05 09:57:13,32469.0,0
2021-05-05 09:57:14,32473.55,0
2021-05-05 09:57:15,32474.5,0
2021-05-05 09:57:16,32470.05,0
2021-05-05 09:57:17,32471.55,0
2021-05-05 09:57:18,32471.6,0
2021-05-05 09:57:19,32474.8,0
2021-05-05 09:57:20,32475.45,0
2021-05-05 09:57:21,32472.4,0
2021-05-05 09:57:22,32471.2,0
2021-05-05 09:57:23,32465.4,0
2021-05-05 09:57:24,32472.1,0
2021-05-05 09:57:25,32471.65,0
2021-05-05 09:57:26,32466.05,0
2021-05-05 09:57:27,32468.6,0
2021-05-05 09:57:28,32468.05,0
2021-05-05 09:57:29,32465.35,0
2021-05-05 09:57:30,32465.7,0
2021-05-05 09:57:31,32462.1,0
2021-05-05 09:57:32,32461.8,0
2021-05-05 09:57:33,32461.55,0
2021-05-05 09:57:34,32465.5,0
2021-05-05 09:57:35,32462.25,0
2021-05-05 09:57:36,32461.8,0
2021-05-05 09:57:37,32468.15,0
2021-05-05 09:57:38,32470.2,0
2021-05-05 09:57:39,32469.0,0
2021-05-05 09:57:40,32468.6,0
2021-05-05 09:57:41,32465.8,0
2021-05-05 09:57:42,32467.85,0
2021-05-05 09:57:43,32468.3,0
2021-05-05 09:57:46,32467.5,0
2021-05-05 09:57:47,32481.3,0
2021-05-05 09:57:49,32481.0,0
2021-05-05 09:57:50,32477.7,0
2021-05-05 09:57:51,32481.05,0
2021-05-05 09:57:52,32480.3,0
2021-05-05 09:57:53,32480.0,0
2021-05-05 09:57:54,32481.0,0
2021-05-05 09:57:55,32487.1,0
2021-05-05 09:57:56,32494.0,0
2021-05-05 09:57:57,32496.55,0
2021-05-05 09:57:58,32497.85,0
2021-05-05 09:57:59,32499.45,0
2021-05-05 09:58:00,32500.6,0
2021-05-05 09:58:01,32503.5,0
2021-05-05 09:58:03,32493.65,0
2021-05-05 09:58:04,32495.55,0
2021-05-05 09:58:05,32491.1,0
2021-05-05 09:58:06,32488.3,0
2021-05-05 09:58:07,32485.0,0
2021-05-05 09:58:09,32484.05,0
2021-05-05 09:58:10,32480.45,0
2021-05-05 09:58:12,32486.25,0
2021-05-05 09:58:11,32479.9,0
2021-05-05 09:58:13,32488.65,0
2021-05-05 09:58:15,32487.6,0
2021-05-05 09:58:16,32487.55,0
2021-05-05 09:58:17,32486.8,0
2021-05-05 09:58:18,32490.95,0
2021-05-05 09:58:19,32487.15,0
2021-05-05 09:58:21,32481.4,0
2021-05-05 09:58:22,32481.5,0
2021-05-05 09:58:23,32484.9,0
2021-05-05 09:58:24,32485.1,0
2021-05-05 09:58:25,32486.4,0
2021-05-05 09:58:26,32484.7,0
2021-05-05 09:58:27,32486.7,0
2021-05-05 09:58:28,32489.6,0
2021-05-05 09:58:29,32490.95,0
2021-05-05 09:58:30,32487.85,0
2021-05-05 09:58:31,32488.6,0
2021-05-05 09:58:33,32491.05,0
2021-05-05 09:58:34,32488.9,0
2021-05-05 09:58:35,32489.45,0
2021-05-05 09:58:36,32498.85,0
2021-05-05 09:58:37,32501.25,0
2021-05-05 09:58:38,32496.25,0
2021-05-05 09:58:39,32499.55,0
2021-05-05 09:58:40,32493.75,0
2021-05-05 09:58:41,32494.9,0
2021-05-05 09:58:43,32499.3,0
2021-05-05 09:58:44,32500.4,0
2021-05-05 09:58:45,32499.95,0
2021-05-05 09:58:46,32499.75,0
2021-05-05 09:58:47,32497.75,0
2021-05-05 09:58:48,32499.65,0
2021-05-05 09:58:49,32497.05,0
2021-05-05 09:58:50,32499.55,0
2021-05-05 09:58:51,32499.9,0
2021-05-05 09:58:52,32498.2,0
2021-05-05 09:58:53,32497.5,0
2021-05-05 09:58:54,32497.45,0
2021-05-05 09:58:55,32499.35,0
2021-05-05 09:58:56,32499.6,0
2021-05-05 09:58:57,32500.0,0
2021-05-05 09:58:59,32497.6,0
2021-05-05 09:59:00,32499.2,0
2021-05-05 09:59:01,32496.8,0
2021-05-05 09:59:02,32491.8,0
2021-05-05 09:59:03,32498.05,0
2021-05-05 09:59:05,32488.15,0
2021-05-05 09:59:06,32495.45,0
2021-05-05 09:59:07,32493.05,0
2021-05-05 09:59:08,32494.2,0
2021-05-05 09:59:09,32495.1,0
2021-05-05 09:59:10,32492.9,0
2021-05-05 09:59:11,32492.65,0
2021-05-05 09:59:13,32493.15,0
2021-05-05 09:59:14,32499.0,0
2021-05-05 09:59:15,32499.55,0
2021-05-05 09:59:16,32504.8,0
2021-05-05 09:59:17,32503.7,0
2021-05-05 09:59:18,32500.5,0
2021-05-05 09:59:19,32500.9,0
2021-05-05 09:59:20,32505.0,0
2021-05-05 09:59:21,32503.6,0
2021-05-05 09:59:22,32500.55,0
2021-05-05 09:59:23,32498.45,0
2021-05-05 09:59:25,32502.85,0
2021-05-05 09:59:26,32503.95,0
2021-05-05 09:59:27,32498.2,0
2021-05-05 09:59:28,32498.1,0
2021-05-05 09:59:29,32498.55,0
2021-05-05 09:59:30,32495.5,0
2021-05-05 09:59:31,32500.5,0
2021-05-05 09:59:32,32498.3,0
2021-05-05 09:59:34,32496.95,0
2021-05-05 09:59:35,32503.25,0
2021-05-05 09:59:36,32504.9,0
2021-05-05 09:59:37,32498.8,0
2021-05-05 09:59:38,32501.1,0
2021-05-05 09:59:39,32500.45,0
2021-05-05 09:59:40,32500.2,0
2021-05-05 09:59:41,32500.1,0
2021-05-05 09:59:42,32500.55,0
2021-05-05 09:59:43,32500.5,0
2021-05-05 09:59:44,32506.6,0
2021-05-05 09:59:45,32505.1,0
2021-05-05 09:59:46,32503.3,0
2021-05-05 09:59:47,32500.1,0
2021-05-05 09:59:48,32501.25,0
2021-05-05 09:59:49,32495.9,0
2021-05-05 09:59:51,32496.55,0
2021-05-05 09:59:52,32497.3,0
2021-05-05 09:59:54,32495.75,0
2021-05-05 09:59:55,32499.55,0
2021-05-05 09:59:56,32500.6,0
2021-05-05 09:59:57,32502.6,0
2021-05-05 09:59:59,32501.3,0
2021-05-05 10:00:00,32502.1,0
2021-05-05 10:00:01,32502.55,0
2021-05-05 10:00:02,32499.2,0
2021-05-05 10:00:03,32502.8,0
2021-05-05 10:00:04,32523.95,0
2021-05-05 10:00:05,32527.65,0
2021-05-05 10:00:08,32534.15,0
2021-05-05 10:00:09,32538.55,0
2021-05-05 10:00:11,32544.6,0
2021-05-05 10:00:12,32543.85,0
2021-05-05 10:00:15,32578.2,0
2021-05-05 10:00:16,32579.15,0
2021-05-05 10:00:17,32580.25,0
2021-05-05 10:00:18,32577.55,0
2021-05-05 10:00:19,32571.6,0
2021-05-05 10:00:20,32558.85,0
2021-05-05 10:00:21,32552.05,0
2021-05-05 10:00:22,32551.85,0
2021-05-05 10:00:23,32554.1,0
2021-05-05 10:00:24,32558.45,0
2021-05-05 10:00:25,32554.05,0
2021-05-05 10:00:26,32554.9,0
2021-05-05 10:00:27,32553.5,0
2021-05-05 10:00:28,32551.35,0
2021-05-05 10:00:29,32550.65,0
2021-05-05 10:00:30,32547.8,0
2021-05-05 10:00:31,32552.3,0
2021-05-05 10:00:32,32550.35,0
2021-05-05 10:00:33,32552.3,0
2021-05-05 10:00:34,32555.95,0
2021-05-05 10:00:35,32554.65,0
2021-05-05 10:00:36,32557.7,0
2021-05-05 10:00:37,32557.6,0
2021-05-05 10:00:39,32559.8,0
2021-05-05 10:00:40,32562.9,0
2021-05-05 10:00:41,32559.65,0
2021-05-05 10:00:42,32553.95,0
2021-05-05 10:00:44,32562.85,0
2021-05-05 10:00:45,32560.9,0
2021-05-05 10:00:46,32561.55,0
2021-05-05 10:00:47,32564.35,0
2021-05-05 10:00:48,32564.45,0
2021-05-05 10:00:49,32562.35,0
2021-05-05 10:00:50,32562.95,0
2021-05-05 10:00:51,32564.45,0
2021-05-05 10:00:52,32563.25,0
2021-05-05 10:00:53,32562.25,0
2021-05-05 10:00:55,32564.9,0
2021-05-05 10:00:56,32560.85,0
2021-05-05 10:00:57,32560.15,0
2021-05-05 10:00:58,32558.95,0
2021-05-05 10:01:00,32560.65,0
2021-05-05 10:01:01,32559.2,0
2021-05-05 10:01:02,32565.2,0
2021-05-05 10:01:03,32566.8,0
2021-05-05 10:01:04,32569.35,0
2021-05-05 10:01:05,32575.45,0
2021-05-05 10:01:06,32568.15,0
2021-05-05 10:01:07,32572.85,0
2021-05-05 10:01:08,32576.15,0
2021-05-05 10:01:09,32575.05,0
2021-05-05 10:01:11,32584.1,0
2021-05-05 10:01:12,32602.75,0
2021-05-05 10:01:13,32599.45,0
2021-05-05 10:01:14,32598.3,0
2021-05-05 10:01:16,32601.4,0
2021-05-05 10:01:17,32600.1,0
2021-05-05 10:01:18,32596.3,0
2021-05-05 10:01:19,32592.9,0
2021-05-05 10:01:20,32592.8,0
2021-05-05 10:01:21,32587.1,0
2021-05-05 10:01:23,32586.95,0
2021-05-05 10:01:24,32590.25,0
2021-05-05 10:01:25,32590.5,0
2021-05-05 10:01:26,32590.2,0
2021-05-05 10:01:27,32589.95,0
2021-05-05 10:01:28,32587.0,0
2021-05-05 10:01:29,32588.5,0
2021-05-05 10:01:30,32586.75,0
2021-05-05 10:01:31,32582.2,0
2021-05-05 10:01:32,32579.8,0
2021-05-05 10:01:33,32585.45,0
2021-05-05 10:01:34,32586.1,0
2021-05-05 10:01:35,32586.8,0
2021-05-05 10:01:36,32583.5,0
2021-05-05 10:01:37,32586.75,0
2021-05-05 10:01:38,32588.15,0
2021-05-05 10:01:39,32590.2,0
2021-05-05 10:01:40,32597.4,0
2021-05-05 10:01:41,32599.4,0
2021-05-05 10:01:43,32608.05,0
2021-05-05 10:01:46,32613.75,0
2021-05-05 10:01:47,32611.7,0
2021-05-05 10:01:48,32614.8,0
2021-05-05 10:01:49,32608.85,0
2021-05-05 10:01:50,32607.5,0
2021-05-05 10:01:51,32599.6,0
2021-05-05 10:01:52,32602.95,0
2021-05-05 10:01:53,32603.55,0
2021-05-05 10:01:54,32603.35,0
2021-05-05 10:01:55,32596.2,0
2021-05-05 10:01:56,32591.45,0
2021-05-05 10:01:58,32593.65,0
2021-05-05 10:01:59,32597.7,0
2021-05-05 10:02:00,32590.8,0
2021-05-05 10:02:01,32598.65,0
2021-05-05 10:02:02,32597.75,0
2021-05-05 10:02:03,32602.0,0
2021-05-05 10:02:04,32599.1,0
2021-05-05 10:02:05,32598.75,0
2021-05-05 10:02:06,32593.0,0
2021-05-05 10:02:07,32588.75,0
2021-05-05 10:02:08,32593.05,0
2021-05-05 10:02:11,32595.55,0
2021-05-05 10:02:13,32593.35,0
2021-05-05 10:02:14,32590.65,0
2021-05-05 10:02:15,32585.95,0
2021-05-05 10:02:16,32586.85,0
2021-05-05 10:02:17,32583.1,0
2021-05-05 10:02:18,32584.85,0
2021-05-05 10:02:20,32584.7,0
2021-05-05 10:02:21,32583.8,0
2021-05-05 10:02:24,32585.85,0
2021-05-05 10:02:26,32577.5,0
2021-05-05 10:02:27,32577.95,0
2021-05-05 10:02:28,32578.1,0
2021-05-05 10:02:29,32577.25,0
2021-05-05 10:02:30,32580.4,0
2021-05-05 10:02:31,32587.85,0
2021-05-05 10:02:32,32587.0,0
2021-05-05 10:02:34,32588.8,0
2021-05-05 10:02:35,32595.6,0
2021-05-05 10:02:36,32596.55,0
2021-05-05 10:02:37,32593.4,0
2021-05-05 10:02:38,32592.3,0
2021-05-05 10:02:39,32589.9,0
2021-05-05 10:02:40,32589.5,0
2021-05-05 10:02:41,32591.85,0
2021-05-05 10:02:42,32594.25,0
2021-05-05 10:02:43,32591.15,0
2021-05-05 10:02:44,32593.0,0
2021-05-05 10:02:45,32591.7,0
2021-05-05 10:02:47,32588.15,0
2021-05-05 10:02:48,32589.35,0
2021-05-05 10:02:49,32586.2,0
2021-05-05 10:02:50,32585.65,0
2021-05-05 10:02:51,32578.5,0
2021-05-05 10:02:52,32582.6,0
2021-05-05 10:02:53,32580.5,0
2021-05-05 10:02:54,32582.1,0
2021-05-05 10:02:57,32577.55,0
2021-05-05 10:02:58,32579.7,0
2021-05-05 10:02:59,32575.7,0
2021-05-05 10:03:00,32579.8,0
2021-05-05 10:03:01,32576.8,0
2021-05-05 10:03:02,32571.55,0
2021-05-05 10:03:03,32574.95,0
2021-05-05 10:03:04,32577.3,0
2021-05-05 10:03:05,32577.5,0
2021-05-05 10:03:06,32575.45,0
2021-05-05 10:03:07,32578.75,0
2021-05-05 10:03:08,32577.85,0
2021-05-05 10:03:09,32575.25,0
2021-05-05 10:03:10,32575.1,0
2021-05-05 10:03:11,32577.0,0
2021-05-05 10:03:13,32570.2,0
2021-05-05 10:03:14,32570.0,0
2021-05-05 10:03:15,32568.65,0
2021-05-05 10:03:16,32570.75,0
2021-05-05 10:03:17,32565.5,0
2021-05-05 10:03:18,32564.6,0
2021-05-05 10:03:19,32566.6,0
2021-05-05 10:03:20,32564.9,0
2021-05-05 10:03:21,32561.6,0
2021-05-05 10:03:22,32561.5,0
2021-05-05 10:03:23,32557.0,0
2021-05-05 10:03:24,32546.65,0
2021-05-05 10:03:25,32549.75,0
2021-05-05 10:03:26,32549.55,0
2021-05-05 10:03:27,32554.3,0
2021-05-05 10:03:28,32563.4,0
2021-05-05 10:03:29,32554.9,0
2021-05-05 10:03:30,32553.05,0
2021-05-05 10:03:31,32562.8,0
2021-05-05 10:03:32,32558.05,0
2021-05-05 10:03:33,32556.8,0
2021-05-05 10:03:34,32554.7,0
2021-05-05 10:03:35,32551.3,0
2021-05-05 10:03:36,32551.05,0
2021-05-05 10:03:37,32566.5,0
2021-05-05 10:03:38,32559.75,0
2021-05-05 10:03:39,32556.9,0
2021-05-05 10:03:40,32557.75,0
2021-05-05 10:03:41,32554.4,0
2021-05-05 10:03:42,32554.15,0
2021-05-05 10:03:43,32552.3,0
2021-05-05 10:03:44,32552.45,0
2021-05-05 10:03:45,32553.5,0
2021-05-05 10:03:46,32554.75,0
2021-05-05 10:03:47,32549.35,0
2021-05-05 10:03:48,32550.0,0
2021-05-05 10:03:49,32552.5,0
2021-05-05 10:03:50,32547.35,0
2021-05-05 10:03:51,32540.7,0
2021-05-05 10:03:52,32536.65,0
2021-05-05 10:03:53,32539.85,0
2021-05-05 10:03:54,32541.05,0
2021-05-05 10:03:55,32541.8,0
2021-05-05 10:03:56,32541.4,0
2021-05-05 10:03:57,32542.55,0
2021-05-05 10:03:59,32533.45,0
2021-05-05 10:04:00,32532.7,0
2021-05-05 10:04:01,32538.75,0
2021-05-05 10:04:02,32536.7,0
2021-05-05 10:04:03,32529.8,0
2021-05-05 10:04:04,32531.85,0
2021-05-05 10:04:05,32534.35,0
2021-05-05 10:04:06,32526.4,0
2021-05-05 10:04:07,32524.65,0
2021-05-05 10:04:08,32525.05,0
2021-05-05 10:04:09,32524.5,0
2021-05-05 10:04:11,32516.35,0
2021-05-05 10:04:12,32516.9,0
2021-05-05 10:04:13,32512.15,0
2021-05-05 10:04:14,32505.6,0
2021-05-05 10:04:15,32506.7,0
2021-05-05 10:04:16,32505.15,0
2021-05-05 10:04:17,32512.2,0
2021-05-05 10:04:18,32511.15,0
2021-05-05 10:04:19,32518.65,0
2021-05-05 10:04:20,32513.1,0
2021-05-05 10:04:21,32514.9,0
2021-05-05 10:04:22,32512.9,0
2021-05-05 10:04:24,32519.9,0
2021-05-05 10:04:26,32511.7,0
2021-05-05 10:04:27,32515.85,0
2021-05-05 10:04:28,32513.05,0
2021-05-05 10:04:29,32509.9,0
2021-05-05 10:04:30,32505.45,0
2021-05-05 10:04:31,32506.8,0
2021-05-05 10:04:32,32509.65,0
2021-05-05 10:04:33,32511.7,0
2021-05-05 10:04:36,32495.7,0
2021-05-05 10:04:37,32474.45,0
2021-05-05 10:04:39,32463.1,0
2021-05-05 10:04:42,32441.6,0
2021-05-05 10:04:43,32410.35,0
2021-05-05 10:04:45,32366.4,0
2021-05-05 10:04:51,32228.3,0
2021-05-05 10:04:53,32144.65,0
2021-05-05 10:04:54,32142.65,0
2021-05-05 10:04:55,32134.45,0
2021-05-05 10:04:56,32120.6,0
2021-05-05 10:04:57,32072.8,0
2021-05-05 10:04:58,32129.9,0
2021-05-05 10:04:59,32144.15,0
2021-05-05 10:05:00,32145.0,0
2021-05-05 10:05:01,32198.1,0
2021-05-05 10:05:02,32208.55,0
2021-05-05 10:05:03,32214.5,0
2021-05-05 10:05:04,32190.0,0
2021-05-05 10:05:05,32184.75,0
2021-05-05 10:05:06,32172.95,0
2021-05-05 10:05:07,32211.15,0
2021-05-05 10:05:08,32236.3,0
2021-05-05 10:05:09,32230.25,0
2021-05-05 10:05:11,32251.55,0
2021-05-05 10:05:12,32267.6,0
2021-05-05 10:05:14,32254.4,0
2021-05-05 10:05:15,32245.8,0
2021-05-05 10:05:16,32251.3,0
2021-05-05 10:05:17,32273.0,0
2021-05-05 10:05:18,32277.15,0
2021-05-05 10:05:19,32290.25,0
2021-05-05 10:05:20,32304.95,0
2021-05-05 10:05:22,32303.4,0
2021-05-05 10:05:23,32296.8,0
2021-05-05 10:05:24,32287.0,0
2021-05-05 10:05:26,32316.8,0
2021-05-05 10:05:27,32329.85,0
2021-05-05 10:05:28,32344.3,0
2021-05-05 10:05:29,32336.35,0
2021-05-05 10:05:30,32330.9,0
2021-05-05 10:05:31,32329.75,0
2021-05-05 10:05:32,32347.3,0
2021-05-05 10:05:33,32357.5,0
2021-05-05 10:05:34,32353.6,0
2021-05-05 10:05:36,32355.65,0
2021-05-05 10:05:37,32381.4,0
2021-05-05 10:05:38,32369.0,0
2021-05-05 10:05:39,32384.6,0
2021-05-05 10:05:40,32403.85,0
2021-05-05 10:05:41,32404.4,0
2021-05-05 10:05:43,32422.4,0
2021-05-05 10:05:44,32437.05,0
2021-05-05 10:05:45,32432.85,0
2021-05-05 10:05:46,32431.4,0
2021-05-05 10:05:47,32428.85,0
2021-05-05 10:05:48,32404.65,0
2021-05-05 10:05:49,32389.45,0
2021-05-05 10:05:50,32378.7,0
2021-05-05 10:05:51,32364.4,0
2021-05-05 10:05:52,32353.7,0
2021-05-05 10:05:53,32349.75,0
2021-05-05 10:05:54,32358.9,0
2021-05-05 10:05:55,32370.75,0
2021-05-05 10:05:56,32373.65,0
2021-05-05 10:05:57,32364.75,0
2021-05-05 10:05:58,32349.2,0
2021-05-05 10:05:59,32346.4,0
2021-05-05 10:06:00,32345.65,0
2021-05-05 10:06:01,32339.5,0
2021-05-05 10:06:02,32344.2,0
2021-05-05 10:06:03,32339.1,0
2021-05-05 10:06:04,32353.45,0
2021-05-05 10:06:05,32356.65,0
2021-05-05 10:06:06,32356.25,0
2021-05-05 10:06:07,32344.1,0
2021-05-05 10:06:08,32345.6,0
2021-05-05 10:06:09,32358.35,0
2021-05-05 10:06:10,32358.7,0
2021-05-05 10:06:11,32367.5,0
2021-05-05 10:06:12,32368.85,0
2021-05-05 10:06:14,32363.05,0
2021-05-05 10:06:15,32355.45,0
2021-05-05 10:06:16,32364.7,0
2021-05-05 10:06:17,32370.6,0
2021-05-05 10:06:18,32362.25,0
2021-05-05 10:06:20,32366.25,0
2021-05-05 10:06:21,32376.5,0
2021-05-05 10:06:22,32376.5,0
2021-05-05 10:06:23,32387.3,0
2021-05-05 10:06:24,32394.25,0
2021-05-05 10:06:26,32386.25,0
2021-05-05 10:06:27,32387.1,0
2021-05-05 10:06:28,32385.25,0
2021-05-05 10:06:29,32397.7,0
2021-05-05 10:06:30,32400.35,0
2021-05-05 10:06:31,32398.25,0
2021-05-05 10:06:32,32390.3,0
2021-05-05 10:06:33,32391.2,0
2021-05-05 10:06:34,32390.0,0
2021-05-05 10:06:35,32391.6,0
2021-05-05 10:06:36,32393.65,0
2021-05-05 10:06:37,32402.6,0
2021-05-05 10:06:38,32400.6,0
2021-05-05 10:06:39,32404.3,0
2021-05-05 10:06:40,32409.25,0
2021-05-05 10:06:41,32403.65,0
2021-05-05 10:06:42,32387.6,0
2021-05-05 10:06:43,32386.9,0
2021-05-05 10:06:44,32383.45,0
2021-05-05 10:06:45,32391.2,0
2021-05-05 10:06:46,32386.8,0
2021-05-05 10:06:47,32383.9,0
2021-05-05 10:06:50,32390.65,0
2021-05-05 10:06:51,32390.55,0
2021-05-05 10:06:53,32385.25,0
2021-05-05 10:06:55,32366.0,0
2021-05-05 10:06:57,32367.75,0
2021-05-05 10:06:59,32368.05,0
2021-05-05 10:07:00,32374.3,0
2021-05-05 10:07:02,32362.0,0
2021-05-05 10:07:05,32371.1,0
2021-05-05 10:07:04,32372.85,0
2021-05-05 10:07:06,32369.2,0
2021-05-05 10:07:07,32365.2,0
2021-05-05 10:07:09,32380.15,0
2021-05-05 10:07:10,32379.9,0
2021-05-05 10:07:11,32377.7,0
2021-05-05 10:07:12,32376.5,0
2021-05-05 10:07:13,32373.25,0
2021-05-05 10:07:14,32378.15,0
2021-05-05 10:07:15,32378.15,0
2021-05-05 10:07:16,32383.85,0
2021-05-05 10:07:17,32384.5,0
2021-05-05 10:07:18,32377.95,0
2021-05-05 10:07:19,32376.2,0
2021-05-05 10:07:20,32375.4,0
2021-05-05 10:07:21,32376.85,0
2021-05-05 10:07:23,32383.6,0
2021-05-05 10:07:25,32378.5,0
2021-05-05 10:07:26,32381.2,0
2021-05-05 10:07:27,32392.1,0
2021-05-05 10:07:28,32388.3,0
2021-05-05 10:07:29,32392.5,0
2021-05-05 10:07:30,32385.3,0
2021-05-05 10:07:31,32387.6,0
2021-05-05 10:07:33,32391.3,0
2021-05-05 10:07:34,32405.7,0
2021-05-05 10:07:35,32408.15,0
2021-05-05 10:07:36,32407.4,0
2021-05-05 10:07:37,32413.3,0
2021-05-05 10:07:38,32409.4,0
2021-05-05 10:07:39,32407.1,0
2021-05-05 10:07:40,32406.0,0
2021-05-05 10:07:41,32406.5,0
2021-05-05 10:07:42,32398.1,0
2021-05-05 10:07:43,32395.9,0
2021-05-05 10:07:44,32385.65,0
2021-05-05 10:07:45,32385.5,0
2021-05-05 10:07:46,32390.0,0
2021-05-05 10:07:47,32385.25,0
2021-05-05 10:07:48,32386.85,0
2021-05-05 10:07:49,32395.9,0
2021-05-05 10:07:50,32395.45,0
2021-05-05 10:07:51,32397.1,0
2021-05-05 10:07:52,32395.15,0
2021-05-05 10:07:53,32393.9,0
2021-05-05 10:07:54,32392.45,0
2021-05-05 10:07:55,32390.9,0
2021-05-05 10:07:57,32388.3,0
2021-05-05 10:07:58,32391.3,0
2021-05-05 10:07:59,32391.0,0
2021-05-05 10:08:00,32388.0,0
2021-05-05 10:08:01,32390.1,0
2021-05-05 10:08:02,32392.2,0
2021-05-05 10:08:03,32383.85,0
2021-05-05 10:08:04,32385.55,0
2021-05-05 10:08:05,32388.15,0
2021-05-05 10:08:06,32385.55,0
2021-05-05 10:08:07,32382.65,0
2021-05-05 10:08:08,32388.1,0
2021-05-05 10:08:09,32383.3,0
2021-05-05 10:08:10,32387.85,0
2021-05-05 10:08:11,32377.15,0
2021-05-05 10:08:12,32373.7,0
2021-05-05 10:08:13,32372.3,0
2021-05-05 10:08:14,32368.95,0
2021-05-05 10:08:15,32371.25,0
2021-05-05 10:08:16,32378.4,0
2021-05-05 10:08:17,32380.3,0
2021-05-05 10:08:18,32377.6,0
2021-05-05 10:08:19,32377.1,0
2021-05-05 10:08:20,32370.45,0
2021-05-05 10:08:21,32371.75,0
2021-05-05 10:08:22,32375.45,0
2021-05-05 10:08:23,32372.65,0
2021-05-05 10:08:24,32374.9,0
2021-05-05 10:08:25,32373.5,0
2021-05-05 10:08:26,32378.25,0
2021-05-05 10:08:27,32380.5,0
2021-05-05 10:08:28,32379.25,0
2021-05-05 10:08:29,32387.5,0
2021-05-05 10:08:30,32387.2,0
2021-05-05 10:08:31,32385.65,0
2021-05-05 10:08:32,32392.45,0
2021-05-05 10:08:33,32390.4,0
2021-05-05 10:08:34,32389.7,0
2021-05-05 10:08:36,32393.85,0
2021-05-05 10:08:37,32394.75,0
2021-05-05 10:08:40,32392.3,0
2021-05-05 10:08:41,32390.05,0
2021-05-05 10:08:42,32390.9,0
2021-05-05 10:08:43,32389.9,0
2021-05-05 10:08:44,32387.55,0
2021-05-05 10:08:46,32378.6,0
2021-05-05 10:08:47,32377.1,0
2021-05-05 10:08:48,32377.6,0
2021-05-05 10:08:49,32377.4,0
2021-05-05 10:08:50,32376.4,0
2021-05-05 10:08:51,32376.85,0
2021-05-05 10:08:52,32378.65,0
2021-05-05 10:08:53,32375.6,0
2021-05-05 10:08:54,32377.0,0
2021-05-05 10:08:55,32379.2,0
2021-05-05 10:08:56,32373.45,0
2021-05-05 10:08:57,32369.05,0
2021-05-05 10:08:58,32374.75,0
2021-05-05 10:08:59,32371.0,0
2021-05-05 10:09:00,32367.25,0
2021-05-05 10:09:01,32371.1,0
2021-05-05 10:09:03,32375.1,0
2021-05-05 10:09:04,32374.55,0
2021-05-05 10:09:05,32375.85,0
2021-05-05 10:09:06,32376.8,0
2021-05-05 10:09:07,32376.1,0
2021-05-05 10:09:08,32379.45,0
2021-05-05 10:09:09,32375.95,0
2021-05-05 10:09:10,32377.2,0
2021-05-05 10:09:11,32375.7,0
2021-05-05 10:09:12,32378.1,0
2021-05-05 10:09:13,32374.7,0
2021-05-05 10:09:15,32369.8,0
2021-05-05 10:09:16,32374.4,0
2021-05-05 10:09:17,32375.8,0
2021-05-05 10:09:18,32377.0,0
2021-05-05 10:09:19,32377.45,0
2021-05-05 10:09:20,32372.5,0
2021-05-05 10:09:21,32371.25,0
2021-05-05 10:09:22,32375.35,0
2021-05-05 10:09:23,32374.85,0
2021-05-05 10:09:24,32378.7,0
2021-05-05 10:09:25,32374.35,0
2021-05-05 10:09:26,32381.15,0
2021-05-05 10:09:27,32384.15,0
2021-05-05 10:09:29,32389.85,0
2021-05-05 10:09:30,32394.2,0
2021-05-05 10:09:31,32390.45,0
2021-05-05 10:09:32,32390.95,0
2021-05-05 10:09:33,32386.95,0
2021-05-05 10:09:34,32385.1,0
2021-05-05 10:09:35,32384.9,0
2021-05-05 10:09:36,32384.8,0
2021-05-05 10:09:37,32381.3,0
2021-05-05 10:09:38,32377.85,0
2021-05-05 10:09:39,32377.85,0
2021-05-05 10:09:40,32383.0,0
2021-05-05 10:09:42,32389.4,0
2021-05-05 10:09:43,32384.15,0
2021-05-05 10:09:44,32384.85,0
2021-05-05 10:09:45,32383.75,0
2021-05-05 10:09:46,32382.1,0
2021-05-05 10:09:47,32381.0,0
2021-05-05 10:09:48,32383.0,0
2021-05-05 10:09:50,32382.8,0
2021-05-05 10:09:51,32378.35,0
2021-05-05 10:09:52,32381.25,0
2021-05-05 10:09:54,32380.05,0
2021-05-05 10:09:55,32381.55,0
2021-05-05 10:09:56,32383.8,0
2021-05-05 10:09:57,32380.55,0
2021-05-05 10:09:58,32381.35,0
2021-05-05 10:09:59,32380.2,0
2021-05-05 10:10:00,32385.5,0
2021-05-05 10:10:01,32387.85,0
2021-05-05 10:10:02,32383.5,0
2021-05-05 10:10:03,32382.6,0
2021-05-05 10:10:04,32386.0,0
2021-05-05 10:10:05,32387.8,0
2021-05-05 10:10:06,32391.65,0
2021-05-05 10:10:07,32399.65,0
2021-05-05 10:10:08,32420.3,0
2021-05-05 10:10:09,32423.8,0
2021-05-05 10:10:10,32429.95,0
2021-05-05 10:10:11,32421.1,0
2021-05-05 10:10:12,32414.8,0
2021-05-05 10:10:13,32409.55,0
2021-05-05 10:10:14,32414.4,0
2021-05-05 10:10:15,32413.4,0
2021-05-05 10:10:16,32406.55,0
2021-05-05 10:10:17,32400.85,0
2021-05-05 10:10:18,32396.35,0
2021-05-05 10:10:19,32396.25,0
2021-05-05 10:10:20,32397.7,0
2021-05-05 10:10:21,32397.15,0
2021-05-05 10:10:22,32398.55,0
2021-05-05 10:10:23,32400.85,0
2021-05-05 10:10:24,32402.8,0
2021-05-05 10:10:25,32406.05,0
2021-05-05 10:10:26,32403.05,0
2021-05-05 10:10:27,32409.55,0
2021-05-05 10:10:28,32410.6,0
2021-05-05 10:10:29,32414.45,0
2021-05-05 10:10:30,32414.1,0
2021-05-05 10:10:31,32410.7,0
2021-05-05 10:10:32,32408.6,0
2021-05-05 10:10:33,32409.45,0
2021-05-05 10:10:34,32411.9,0
2021-05-05 10:10:35,32411.05,0
2021-05-05 10:10:36,32414.25,0
2021-05-05 10:10:37,32417.5,0
2021-05-05 10:10:38,32424.3,0
2021-05-05 10:10:39,32478.7,0
2021-05-05 10:10:40,32480.65,0
2021-05-05 10:10:41,32491.45,0
2021-05-05 10:10:42,32513.05,0
2021-05-05 10:10:43,32524.65,0
2021-05-05 10:10:44,32527.05,0
2021-05-05 10:10:45,32563.35,0
2021-05-05 10:10:46,32561.95,0
2021-05-05 10:10:47,32588.8,0
2021-05-05 10:10:48,32583.5,0
2021-05-05 10:10:49,32585.5,0
2021-05-05 10:10:50,32579.0,0
2021-05-05 10:10:51,32552.85,0
2021-05-05 10:10:52,32542.5,0
2021-05-05 10:10:53,32543.8,0
2021-05-05 10:10:54,32540.3,0
2021-05-05 10:10:55,32543.0,0
2021-05-05 10:10:56,32539.65,0
2021-05-05 10:10:57,32547.45,0
2021-05-05 10:10:58,32539.1,0
2021-05-05 10:10:59,32551.3,0
2021-05-05 10:11:00,32542.6,0
2021-05-05 10:11:01,32536.45,0
2021-05-05 10:11:03,32534.85,0
2021-05-05 10:11:04,32538.65,0
2021-05-05 10:11:05,32536.2,0
2021-05-05 10:11:06,32536.85,0
2021-05-05 10:11:07,32527.75,0
2021-05-05 10:11:08,32525.6,0
2021-05-05 10:11:09,32524.45,0
2021-05-05 10:11:10,32504.9,0
2021-05-05 10:11:11,32502.95,0
2021-05-05 10:11:13,32478.65,0
2021-05-05 10:11:14,32466.85,0
2021-05-05 10:11:16,32493.45,0
2021-05-05 10:11:17,32492.7,0
2021-05-05 10:11:18,32486.9,0
2021-05-05 10:11:19,32487.75,0
2021-05-05 10:11:20,32495.4,0
2021-05-05 10:11:21,32493.5,0
2021-05-05 10:11:22,32487.7,0
2021-05-05 10:11:23,32489.45,0
2021-05-05 10:11:24,32489.95,0
2021-05-05 10:11:25,32502.6,0
2021-05-05 10:11:26,32501.7,0
2021-05-05 10:11:27,32501.6,0
2021-05-05 10:11:28,32503.75,0
2021-05-05 10:11:29,32505.95,0
2021-05-05 10:11:30,32504.5,0
2021-05-05 10:11:31,32504.35,0
2021-05-05 10:11:32,32508.55,0
2021-05-05 10:11:33,32517.1,0
2021-05-05 10:11:34,32517.75,0
2021-05-05 10:11:35,32509.5,0
2021-05-05 10:11:36,32499.0,0
2021-05-05 10:11:37,32503.45,0
2021-05-05 10:11:38,32500.1,0
2021-05-05 10:11:39,32507.95,0
2021-05-05 10:11:40,32506.4,0
2021-05-05 10:11:41,32505.35,0
2021-05-05 10:11:42,32505.05,0
2021-05-05 10:11:43,32507.1,0
2021-05-05 10:11:45,32498.65,0
2021-05-05 10:11:46,32498.65,0
2021-05-05 10:11:47,32502.25,0
2021-05-05 10:11:48,32502.8,0
2021-05-05 10:11:49,32500.1,0
2021-05-05 10:11:51,32502.85,0
2021-05-05 10:11:52,32495.15,0
2021-05-05 10:11:53,32502.95,0
2021-05-05 10:11:54,32503.15,0
2021-05-05 10:11:55,32503.85,0
2021-05-05 10:11:56,32502.65,0
2021-05-05 10:11:57,32502.15,0
2021-05-05 10:11:58,32499.4,0
2021-05-05 10:11:59,32492.4,0
2021-05-05 10:12:00,32495.95,0
2021-05-05 10:12:01,32499.35,0
2021-05-05 10:12:02,32494.15,0
2021-05-05 10:12:03,32498.95,0
2021-05-05 10:12:04,32498.85,0
2021-05-05 10:12:05,32497.8,0
2021-05-05 10:12:06,32493.55,0
2021-05-05 10:12:07,32493.9,0
2021-05-05 10:12:08,32497.35,0
2021-05-05 10:12:09,32498.25,0
2021-05-05 10:12:10,32496.35,0
2021-05-05 10:12:11,32497.1,0
2021-05-05 10:12:12,32492.3,0
2021-05-05 10:12:13,32490.55,0
2021-05-05 10:12:14,32487.8,0
2021-05-05 10:12:15,32488.2,0
2021-05-05 10:12:16,32486.7,0
2021-05-05 10:12:17,32491.2,0
2021-05-05 10:12:18,32490.65,0
2021-05-05 10:12:19,32487.0,0
2021-05-05 10:12:20,32485.75,0
2021-05-05 10:12:21,32479.2,0
2021-05-05 10:12:23,32488.55,0
2021-05-05 10:12:24,32492.15,0
2021-05-05 10:12:27,32485.1,0
2021-05-05 10:12:28,32489.2,0
2021-05-05 10:12:29,32495.35,0
2021-05-05 10:12:30,32497.55,0
2021-05-05 10:12:31,32495.2,0
2021-05-05 10:12:32,32495.9,0
2021-05-05 10:12:35,32500.35,0
2021-05-05 10:12:36,32503.8,0
2021-05-05 10:12:37,32501.25,0
2021-05-05 10:12:38,32503.7,0
2021-05-05 10:12:40,32502.5,0
2021-05-05 10:12:41,32500.6,0
2021-05-05 10:12:43,32500.4,0
2021-05-05 10:12:45,32489.0,0
2021-05-05 10:12:46,32488.95,0
2021-05-05 10:12:48,32490.2,0
2021-05-05 10:12:49,32486.7,0
2021-05-05 10:12:50,32489.3,0
2021-05-05 10:12:51,32488.5,0
2021-05-05 10:12:52,32488.0,0
2021-05-05 10:12:53,32473.15,0
2021-05-05 10:12:54,32476.75,0
2021-05-05 10:12:55,32472.65,0
2021-05-05 10:12:56,32474.95,0
2021-05-05 10:12:57,32452.8,0
2021-05-05 10:12:58,32463.3,0
2021-05-05 10:12:59,32460.3,0
2021-05-05 10:13:00,32461.95,0
2021-05-05 10:13:01,32459.25,0
2021-05-05 10:13:02,32466.5,0
2021-05-05 10:13:03,32462.35,0
2021-05-05 10:13:04,32464.05,0
2021-05-05 10:13:05,32476.35,0
2021-05-05 10:13:06,32459.85,0
2021-05-05 10:13:07,32461.85,0
2021-05-05 10:13:08,32464.9,0
2021-05-05 10:13:09,32471.95,0
2021-05-05 10:13:10,32473.55,0
2021-05-05 10:13:11,32472.8,0
2021-05-05 10:13:12,32477.8,0
2021-05-05 10:13:14,32492.45,0
2021-05-05 10:13:15,32486.6,0
2021-05-05 10:13:16,32490.2,0
2021-05-05 10:13:17,32489.65,0
2021-05-05 10:13:18,32489.75,0
2021-05-05 10:13:19,32492.15,0
2021-05-05 10:13:21,32497.1,0
2021-05-05 10:13:22,32497.35,0
2021-05-05 10:13:23,32496.45,0
2021-05-05 10:13:25,32493.15,0
2021-05-05 10:13:26,32491.6,0
2021-05-05 10:13:28,32494.4,0
2021-05-05 10:13:29,32491.4,0
2021-05-05 10:13:30,32491.85,0
2021-05-05 10:13:31,32491.7,0
2021-05-05 10:13:32,32487.85,0
2021-05-05 10:13:33,32487.7,0
2021-05-05 10:13:34,32488.0,0
2021-05-05 10:13:35,32490.5,0
2021-05-05 10:13:36,32496.2,0
2021-05-05 10:13:37,32489.3,0
2021-05-05 10:13:38,32489.6,0
2021-05-05 10:13:39,32489.4,0
2021-05-05 10:13:40,32491.4,0
2021-05-05 10:13:41,32486.3,0
2021-05-05 10:13:42,32483.25,0
2021-05-05 10:13:43,32480.35,0
2021-05-05 10:13:44,32479.75,0
2021-05-05 10:13:46,32470.6,0
2021-05-05 10:13:47,32472.5,0
2021-05-05 10:13:48,32471.45,0
2021-05-05 10:13:49,32468.1,0
2021-05-05 10:13:50,32471.4,0
2021-05-05 10:13:51,32473.8,0
2021-05-05 10:13:52,32467.0,0
2021-05-05 10:13:53,32465.3,0
2021-05-05 10:13:54,32461.7,0
2021-05-05 10:13:56,32471.2,0
2021-05-05 10:13:58,32473.05,0
2021-05-05 10:13:59,32470.25,0
2021-05-05 10:14:01,32474.2,0
2021-05-05 10:14:03,32479.4,0
2021-05-05 10:14:04,32476.8,0
2021-05-05 10:14:05,32478.9,0
2021-05-05 10:14:06,32475.25,0
2021-05-05 10:14:07,32477.6,0
2021-05-05 10:14:08,32482.4,0
2021-05-05 10:14:09,32480.55,0
2021-05-05 10:14:10,32476.3,0
2021-05-05 10:14:11,32482.0,0
2021-05-05 10:14:12,32476.05,0
2021-05-05 10:14:14,32476.7,0
2021-05-05 10:14:15,32472.15,0
2021-05-05 10:14:16,32480.35,0
2021-05-05 10:14:17,32482.05,0
2021-05-05 10:14:18,32482.65,0
2021-05-05 10:14:19,32484.15,0
2021-05-05 10:14:20,32470.75,0
2021-05-05 10:14:21,32473.0,0
2021-05-05 10:14:22,32477.55,0
2021-05-05 10:14:23,32478.65,0
2021-05-05 10:14:25,32480.75,0
2021-05-05 10:14:26,32481.4,0
2021-05-05 10:14:28,32468.5,0
2021-05-05 10:14:30,32455.65,0
2021-05-05 10:14:31,32450.8,0
2021-05-05 10:14:32,32443.9,0
2021-05-05 10:14:33,32443.0,0
2021-05-05 10:14:34,32442.5,0
2021-05-05 10:14:35,32438.25,0
2021-05-05 10:14:36,32439.55,0
2021-05-05 10:14:37,32443.3,0
2021-05-05 10:14:38,32447.6,0
2021-05-05 10:14:40,32458.45,0
2021-05-05 10:14:41,32465.15,0
2021-05-05 10:14:43,32463.05,0
2021-05-05 10:14:44,32461.65,0
2021-05-05 10:14:45,32462.9,0
2021-05-05 10:14:46,32460.9,0
2021-05-05 10:14:47,32459.3,0
2021-05-05 10:14:48,32460.15,0
2021-05-05 10:14:49,32456.9,0
2021-05-05 10:14:50,32463.4,0
2021-05-05 10:14:51,32465.3,0
2021-05-05 10:14:52,32462.95,0
2021-05-05 10:14:53,32462.95,0
2021-05-05 10:14:54,32463.95,0
2021-05-05 10:14:55,32459.65,0
2021-05-05 10:14:56,32464.7,0
2021-05-05 10:14:57,32458.85,0
2021-05-05 10:14:58,32458.5,0
2021-05-05 10:15:00,32458.2,0
2021-05-05 10:15:01,32459.75,0
2021-05-05 10:15:02,32462.55,0
2021-05-05 10:15:03,32468.7,0
2021-05-05 10:15:04,32466.8,0
2021-05-05 10:15:05,32469.1,0
2021-05-05 10:15:06,32474.9,0
2021-05-05 10:15:07,32474.25,0
2021-05-05 10:15:08,32478.9,0
2021-05-05 10:15:09,32481.4,0
2021-05-05 10:15:10,32483.9,0
2021-05-05 10:15:11,32493.2,0
2021-05-05 10:15:12,32494.6,0
2021-05-05 10:15:13,32489.05,0
2021-05-05 10:15:15,32482.15,0
2021-05-05 10:15:16,32475.95,0
2021-05-05 10:15:17,32475.35,0
