timestamp,ltp,volume
2021-04-23 10:59:58,2473.6,803811
2021-04-23 10:59:59,2473.45,803862
2021-04-23 11:00:00,2474.9,803962
2021-04-23 11:00:01,2473.8,804023
2021-04-23 11:00:03,2473.8,804023
2021-04-23 11:00:04,2473.8,804023
2021-04-23 11:00:04,2473.8,804023
2021-04-23 11:00:05,2473.8,804023
2021-04-23 11:00:06,2474.9,804027
2021-04-23 11:00:07,2474.9,804027
2021-04-23 11:00:08,2474.9,804057
2021-04-23 11:00:10,2474.5,804059
2021-04-23 11:00:11,2474.5,804064
2021-04-23 11:00:11,2474.5,804064
2021-04-23 11:00:12,2474.9,804272
2021-04-23 11:00:13,2474.9,804452
2021-04-23 11:00:14,2475.0,804602
2021-04-23 11:00:15,2474.5,804668
2021-04-23 11:00:17,2474.5,804668
2021-04-23 11:00:18,2474.15,804698
2021-04-23 11:00:18,2474.5,804800
2021-04-23 11:00:19,2475.0,804838
2021-04-23 11:00:21,2475.0,804845
2021-04-23 11:00:22,2474.1,804858
2021-04-23 11:00:22,2474.1,804858
2021-04-23 11:00:23,2474.1,804858
2021-04-23 11:00:24,2474.1,804858
2021-04-23 11:00:25,2474.1,804858
2021-04-23 11:00:29,2474.5,804880
2021-04-23 11:00:30,2474.5,804880
2021-04-23 11:00:30,2474.5,804880
2021-04-23 11:00:31,2474.5,804885
2021-04-23 11:00:32,2474.5,804885
2021-04-23 11:00:33,2474.5,804885
2021-04-23 11:00:35,2475.4,804946
2021-04-23 11:00:36,2476.0,804979
2021-04-23 11:00:36,2476.0,804979
2021-04-23 11:00:37,2476.0,804979
2021-04-23 11:00:38,2475.55,805003
2021-04-23 11:00:39,2475.55,805003
2021-04-23 11:00:40,2475.55,805003
2021-04-23 11:00:42,2475.55,805003
2021-04-23 11:00:43,2475.55,805003
2021-04-23 11:00:44,2476.05,805004
2021-04-23 11:00:45,2476.05,805004
2021-04-23 11:00:45,2476.05,805004
2021-04-23 11:00:46,2476.1,805005
2021-04-23 11:00:47,2476.05,805006
2021-04-23 11:00:48,2476.3,805010
2021-04-23 11:00:50,2476.55,805015
2021-04-23 11:00:51,2476.8,805020
2021-04-23 11:00:52,2477.0,805050
2021-04-23 11:00:52,2477.3,805245
2021-04-23 11:00:53,2476.0,805721
2021-04-23 11:00:54,2477.15,805894
2021-04-23 11:00:56,2477.1,805896
2021-04-23 11:00:57,2477.1,805899
2021-04-23 11:00:58,2477.1,805899
2021-04-23 11:00:59,2477.1,805899
2021-04-23 11:00:59,2477.1,805899
2021-04-23 11:01:00,2477.4,805949
2021-04-23 11:01:02,2477.75,805965
2021-04-23 11:01:03,2477.75,805965
2021-04-23 11:01:04,2476.5,805975
2021-04-23 11:01:05,2476.5,805975
2021-04-23 11:01:06,2476.5,805975
2021-04-23 11:01:06,2476.55,805977
2021-04-23 11:01:07,2477.9,805982
2021-04-23 11:01:08,2477.9,805982
2021-04-23 11:01:09,2477.25,806002
2021-04-23 11:01:10,2478.0,806043
2021-04-23 11:01:12,2478.0,806043
2021-04-23 11:01:13,2478.0,806043
2021-04-23 11:01:14,2478.0,806076
2021-04-23 11:01:15,2478.2,806161
2021-04-23 11:01:16,2478.45,806579
2021-04-23 11:01:16,2478.5,806678
2021-04-23 11:01:17,2478.45,806878
2021-04-23 11:01:19,2478.0,806948
2021-04-23 11:01:20,2477.25,806958
2021-04-23 11:01:21,2477.25,806958
2021-04-23 11:01:22,2477.25,806958
2021-04-23 11:01:23,2478.3,806959
2021-04-23 11:01:23,2478.3,806959
2021-04-23 11:01:24,2476.65,807259
2021-04-23 11:01:25,2477.25,807333
2021-04-23 11:01:26,2478.3,807348
2021-04-23 11:01:28,2478.3,807348
2021-04-23 11:01:28,2478.3,807348
2021-04-23 11:01:30,2478.25,807373
2021-04-23 11:01:31,2478.25,807373
2021-04-23 11:01:32,2477.25,807423
2021-04-23 11:01:33,2477.25,807423
2021-04-23 11:01:34,2477.25,807424
2021-04-23 11:01:34,2477.25,807424
2021-04-23 11:01:35,2477.25,807424
2021-04-23 11:01:37,2478.0,807509
2021-04-23 11:01:38,2478.15,807557
2021-04-23 11:01:39,2478.15,807557
2021-04-23 11:01:40,2478.15,807557
2021-04-23 11:01:41,2478.3,807597
2021-04-23 11:01:41,2478.3,807597
2021-04-23 11:01:42,2478.3,807597
2021-04-23 11:01:43,2478.3,807597
2021-04-23 11:01:45,2478.5,807612
2021-04-23 11:01:46,2478.5,807612
2021-04-23 11:01:47,2478.5,807612
2021-04-23 11:01:48,2478.5,807655
2021-04-23 11:01:49,2478.5,807670
2021-04-23 11:01:50,2478.3,807759
2021-04-23 11:01:51,2478.5,807834
2021-04-23 11:01:52,2478.5,807834
2021-04-23 11:01:52,2478.5,807834
2021-04-23 11:01:53,2478.5,807834
2021-04-23 11:01:54,2478.7,808147
2021-04-23 11:01:56,2477.1,808628
2021-04-23 11:01:57,2477.65,808722
2021-04-23 11:01:58,2477.65,808722
2021-04-23 11:01:59,2477.65,808722
2021-04-23 11:02:00,2477.65,808722
2021-04-23 11:02:00,2477.65,808722
2021-04-23 11:02:01,2477.5,808723
2021-04-23 11:02:03,2476.75,808728
2021-04-23 11:02:04,2477.5,808770
2021-04-23 11:02:05,2477.5,808770
2021-04-23 11:02:06,2476.75,808780
2021-04-23 11:02:06,2476.75,808780
2021-04-23 11:02:07,2476.75,808780
2021-04-23 11:02:09,2477.6,808785
2021-04-23 11:02:10,2477.15,808830
2021-04-23 11:02:11,2477.95,808869
2021-04-23 11:02:12,2477.95,808869
2021-04-23 11:02:13,2478.0,809243
2021-04-23 11:02:15,2478.8,809333
2021-04-23 11:02:15,2478.8,809333
2021-04-23 11:02:16,2478.8,809433
2021-04-23 11:02:17,2478.8,809433
2021-04-23 11:02:18,2478.0,809435
2021-04-23 11:02:20,2478.8,809472
2021-04-23 11:02:21,2479.0,809492
2021-04-23 11:02:22,2478.0,809512
2021-04-23 11:02:23,2478.05,809514
2021-04-23 11:02:24,2479.4,813928
2021-04-23 11:02:24,2480.0,814852
2021-04-23 11:02:25,2480.0,815079
2021-04-23 11:02:27,2480.0,815123
2021-04-23 11:02:28,2480.0,815127
2021-04-23 11:02:29,2480.0,815127
2021-04-23 11:02:30,2478.8,815227
2021-04-23 11:02:31,2479.95,815377
2021-04-23 11:02:32,2479.9,815434
2021-04-23 11:02:33,2479.9,815434
2021-04-23 11:02:34,2479.9,815434
2021-04-23 11:02:35,2479.9,815434
2021-04-23 11:02:36,2479.9,815434
2021-04-23 11:02:37,2478.6,815494
2021-04-23 11:02:38,2480.0,815594
2021-04-23 11:02:39,2480.0,815660
2021-04-23 11:02:40,2478.8,815663
2021-04-23 11:02:41,2478.8,815663
2021-04-23 11:02:42,2478.65,815666
2021-04-23 11:02:43,2478.65,815666
2021-04-23 11:02:44,2478.65,815666
2021-04-23 11:02:45,2478.65,815666
2021-04-23 11:02:46,2479.8,815700
2021-04-23 11:02:47,2479.8,815831
2021-04-23 11:02:47,2479.8,815876
2021-04-23 11:02:49,2479.8,816122
2021-04-23 11:02:50,2479.8,816180
2021-04-23 11:02:50,2479.9,816215
2021-04-23 11:02:52,2481.0,817015
2021-04-23 11:02:53,2481.0,817183
2021-04-23 11:02:54,2479.75,817484
2021-04-23 11:02:55,2481.0,817581
2021-04-23 11:02:56,2480.85,817593
2021-04-23 11:02:57,2480.65,817776
2021-04-23 11:02:57,2479.35,817728
2021-04-23 11:02:59,2480.65,817776
2021-04-23 11:03:00,2478.9,817778
2021-04-23 11:03:01,2480.1,817785
2021-04-23 11:03:02,2480.1,817785
2021-04-23 11:03:03,2478.95,817812
2021-04-23 11:03:04,2478.95,817812
2021-04-23 11:03:05,2480.5,817827
2021-04-23 11:03:06,2480.5,817829
2021-04-23 11:03:06,2480.5,817829
2021-04-23 11:03:07,2481.0,817998
2021-04-23 11:03:08,2481.0,818050
2021-04-23 11:03:10,2479.85,818129
2021-04-23 11:03:11,2480.95,818132
2021-04-23 11:03:12,2479.85,818137
2021-04-23 11:03:13,2481.0,818157
2021-04-23 11:03:14,2481.0,818199
2021-04-23 11:03:14,2481.0,818219
2021-04-23 11:03:15,2481.0,818219
2021-04-23 11:03:17,2481.0,818219
2021-04-23 11:03:18,2481.0,818419
2021-04-23 11:03:19,2479.85,818465
2021-04-23 11:03:20,2481.0,818476
2021-04-23 11:03:21,2481.0,818484
2021-04-23 11:03:22,2481.0,818485
2021-04-23 11:03:23,2481.0,818485
2021-04-23 11:03:24,2480.75,818795
2021-04-23 11:03:25,2480.75,818867
2021-04-23 11:03:25,2480.75,818917
2021-04-23 11:03:26,2480.45,819507
2021-04-23 11:03:28,2480.65,819619
2021-04-23 11:03:29,2480.55,819640
2021-04-23 11:03:30,2480.55,819640
2021-04-23 11:03:31,2480.55,819640
2021-04-23 11:03:32,2481.0,819765
2021-04-23 11:03:33,2481.0,819819
2021-04-23 11:03:34,2480.0,819834
2021-04-23 11:03:35,2480.0,819834
2021-04-23 11:03:36,2481.0,819846
2021-04-23 11:03:37,2481.0,819852
2021-04-23 11:03:37,2480.0,819952
2021-04-23 11:03:38,2479.8,819965
2021-04-23 11:03:40,2481.0,819985
2021-04-23 11:03:41,2481.0,819985
2021-04-23 11:03:42,2481.0,819986
2021-04-23 11:03:43,2481.0,819986
2021-04-23 11:03:44,2481.0,820031
2021-04-23 11:03:44,2481.0,820031
2021-04-23 11:03:45,2481.0,820031
2021-04-23 11:03:47,2481.0,820031
2021-04-23 11:03:48,2480.0,820064
2021-04-23 11:03:49,2481.0,820084
2021-04-23 11:03:50,2481.0,820125
2021-04-23 11:03:51,2481.05,820567
2021-04-23 11:03:52,2480.75,820681
2021-04-23 11:03:52,2480.75,820681
2021-04-23 11:03:54,2481.15,820982
2021-04-23 11:03:55,2480.0,821094
2021-04-23 11:03:56,2480.95,821116
2021-04-23 11:03:57,2480.9,821237
2021-04-23 11:03:57,2480.0,821196
2021-04-23 11:03:58,2480.9,821237
2021-04-23 11:03:59,2480.9,821237
2021-04-23 11:04:01,2481.0,821238
2021-04-23 11:04:02,2481.0,821238
2021-04-23 11:04:03,2481.0,821238
2021-04-23 11:04:05,2480.05,821248
2021-04-23 11:04:06,2480.1,821249
2021-04-23 11:04:07,2480.1,821263
2021-04-23 11:04:08,2480.1,821263
2021-04-23 11:04:09,2480.1,821263
2021-04-23 11:04:10,2480.1,821263
2021-04-23 11:04:11,2480.1,821423
2021-04-23 11:04:12,2481.35,821466
2021-04-23 11:04:13,2481.5,821566
2021-04-23 11:04:14,2481.6,821632
2021-04-23 11:04:16,2480.55,821659
2021-04-23 11:04:17,2480.55,821661
2021-04-23 11:04:17,2480.55,821661
2021-04-23 11:04:19,2480.55,821661
2021-04-23 11:04:20,2481.8,821683
2021-04-23 11:04:22,2481.85,821687
2021-04-23 11:04:23,2481.85,821692
2021-04-23 11:04:24,2480.55,822092
2021-04-23 11:04:25,2482.0,822171
2021-04-23 11:04:26,2482.0,822171
2021-04-23 11:04:27,2481.7,822367
2021-04-23 11:04:28,2481.75,822424
2021-04-23 11:04:29,2480.25,822626
2021-04-23 11:04:30,2481.75,822700
2021-04-23 11:04:31,2481.85,822705
2021-04-23 11:04:32,2482.0,822745
2021-04-23 11:04:32,2482.0,822745
2021-04-23 11:04:34,2481.5,822867
2021-04-23 11:04:36,2481.9,823397
2021-04-23 11:04:37,2482.7,823525
2021-04-23 11:04:38,2482.7,823549
2021-04-23 11:04:39,2482.75,823550
2021-04-23 11:04:39,2483.0,823686
2021-04-23 11:04:40,2483.0,823951
2021-04-23 11:04:42,2483.25,824690
2021-04-23 11:04:43,2482.7,825026
2021-04-23 11:04:44,2482.6,825529
2021-04-23 11:04:45,2483.8,825625
2021-04-23 11:04:46,2483.75,825632
2021-04-23 11:04:47,2482.2,825637
2021-04-23 11:04:48,2482.2,825637
2021-04-23 11:04:49,2482.95,825638
2021-04-23 11:04:50,2482.2,825641
2021-04-23 11:04:51,2483.2,825656
2021-04-23 11:04:52,2483.2,825656
2021-04-23 11:04:52,2482.25,825661
2021-04-23 11:04:54,2483.25,825977
2021-04-23 11:04:55,2483.25,826086
2021-04-23 11:04:56,2483.25,826086
2021-04-23 11:04:57,2483.25,826086
2021-04-23 11:04:58,2483.6,826116
2021-04-23 11:04:59,2483.6,826116
2021-04-23 11:05:00,2482.95,826195
2021-04-23 11:05:01,2483.95,826266
2021-04-23 11:05:02,2483.05,827197
2021-04-23 11:05:03,2484.8,827361
2021-04-23 11:05:04,2484.1,827564
2021-04-23 11:05:05,2485.0,827790
2021-04-23 11:05:06,2484.1,827875
2021-04-23 11:05:07,2484.0,827946
2021-04-23 11:05:08,2484.1,827997
2021-04-23 11:05:09,2484.7,828062
2021-04-23 11:05:11,2484.1,828152
2021-04-23 11:05:12,2484.75,828202
2021-04-23 11:05:13,2484.7,828261
2021-04-23 11:05:14,2484.7,828283
2021-04-23 11:05:15,2484.0,828318
2021-04-23 11:05:16,2485.0,828349
2021-04-23 11:05:17,2485.55,832460
2021-04-23 11:05:18,2486.05,833809
2021-04-23 11:05:19,2485.65,834204
2021-04-23 11:05:20,2484.75,834795
2021-04-23 11:05:21,2486.7,834928
2021-04-23 11:05:22,2485.15,835128
2021-04-23 11:05:23,2486.4,835185
2021-04-23 11:05:24,2486.4,835503
2021-04-23 11:05:25,2485.25,835576
2021-04-23 11:05:26,2485.1,835676
2021-04-23 11:05:27,2486.45,835686
2021-04-23 11:05:28,2486.35,835701
2021-04-23 11:05:30,2486.15,836903
2021-04-23 11:05:31,2485.1,836944
2021-04-23 11:05:32,2486.35,837307
2021-04-23 11:05:33,2485.0,837421
2021-04-23 11:05:34,2486.4,837554
2021-04-23 11:05:35,2486.4,837649
2021-04-23 11:05:36,2486.4,837649
2021-04-23 11:05:37,2486.5,837714
2021-04-23 11:05:38,2486.15,837787
2021-04-23 11:05:39,2486.6,838012
2021-04-23 11:05:40,2485.85,838056
2021-04-23 11:05:41,2485.85,838056
2021-04-23 11:05:42,2486.7,838158
2021-04-23 11:05:43,2485.25,838261
2021-04-23 11:05:44,2486.7,838309
2021-04-23 11:05:45,2486.7,838440
2021-04-23 11:05:46,2486.7,838440
2021-04-23 11:05:47,2485.85,838465
2021-04-23 11:05:49,2486.0,838773
2021-04-23 11:05:48,2486.0,838665
2021-04-23 11:05:50,2486.0,838777
2021-04-23 11:05:51,2486.0,838812
2021-04-23 11:05:52,2485.55,838934
2021-04-23 11:05:53,2486.7,839101
2021-04-23 11:05:55,2486.35,839716
2021-04-23 11:05:56,2487.3,840817
2021-04-23 11:05:57,2487.15,841016
2021-04-23 11:05:58,2486.7,841058
2021-04-23 11:05:59,2486.65,841088
2021-04-23 11:06:00,2487.7,844676
2021-04-23 11:06:01,2486.7,845378
2021-04-23 11:06:02,2486.7,845539
2021-04-23 11:06:03,2488.0,845793
2021-04-23 11:06:04,2487.0,845856
2021-04-23 11:06:05,2488.0,845872
2021-04-23 11:06:06,2488.0,845897
2021-04-23 11:06:07,2488.05,846207
2021-04-23 11:06:08,2486.95,846434
2021-04-23 11:06:09,2489.0,847702
2021-04-23 11:06:10,2489.35,848073
2021-04-23 11:06:11,2487.85,848994
2021-04-23 11:06:12,2486.7,849185
2021-04-23 11:06:13,2487.0,849438
2021-04-23 11:06:14,2488.0,849522
2021-04-23 11:06:15,2488.0,849522
2021-04-23 11:06:16,2488.0,849562
2021-04-23 11:06:18,2486.4,850455
2021-04-23 11:06:19,2488.05,850742
2021-04-23 11:06:20,2488.0,850867
2021-04-23 11:06:21,2488.0,850928
2021-04-23 11:06:22,2488.0,850928
2021-04-23 11:06:23,2486.8,851256
2021-04-23 11:06:25,2487.45,852125
2021-04-23 11:06:24,2486.4,851734
2021-04-23 11:06:26,2487.8,852233
2021-04-23 11:06:27,2487.0,852434
2021-04-23 11:06:28,2487.0,852497
2021-04-23 11:06:29,2486.45,852723
2021-04-23 11:06:30,2486.4,852780
2021-04-23 11:06:31,2486.15,853014
2021-04-23 11:06:32,2486.4,853726
2021-04-23 11:06:33,2487.65,853933
2021-04-23 11:06:34,2486.8,853999
2021-04-23 11:06:35,2486.8,853999
2021-04-23 11:06:36,2486.65,854155
2021-04-23 11:06:37,2487.7,854299
2021-04-23 11:06:38,2487.9,854349
2021-04-23 11:06:39,2488.0,854440
2021-04-23 11:06:40,2486.55,854592
2021-04-23 11:06:41,2487.65,854688
2021-04-23 11:06:42,2487.65,854688
2021-04-23 11:06:43,2488.0,854888
2021-04-23 11:06:44,2486.9,854947
2021-04-23 11:06:45,2487.0,855112
2021-04-23 11:06:46,2488.35,855230
2021-04-23 11:06:47,2488.35,855230
2021-04-23 11:06:48,2487.0,855334
2021-04-23 11:06:50,2488.2,855468
2021-04-23 11:06:49,2488.2,855468
2021-04-23 11:06:51,2487.2,855580
2021-04-23 11:06:52,2488.15,855663
2021-04-23 11:06:53,2488.05,861064
2021-04-23 11:06:54,2487.9,862895
2021-04-23 11:06:55,2488.05,863218
2021-04-23 11:06:56,2488.2,863678
2021-04-23 11:06:57,2487.9,864139
2021-04-23 11:06:58,2487.05,864695
2021-04-23 11:06:59,2487.15,864807
2021-04-23 11:07:00,2487.15,864807
2021-04-23 11:07:01,2488.45,865220
2021-04-23 11:07:02,2487.2,865300
2021-04-23 11:07:04,2488.65,865302
2021-04-23 11:07:05,2487.2,865305
2021-04-23 11:07:06,2488.75,865365
2021-04-23 11:07:07,2488.0,865366
2021-04-23 11:07:08,2487.45,865451
2021-04-23 11:07:09,2487.05,865561
2021-04-23 11:07:10,2487.05,865865
2021-04-23 11:07:11,2487.7,866000
2021-04-23 11:07:12,2486.4,866028
2021-04-23 11:07:14,2485.85,867882
2021-04-23 11:07:15,2486.2,868205
2021-04-23 11:07:15,2486.3,868278
2021-04-23 11:07:16,2486.3,868288
2021-04-23 11:07:17,2486.7,868413
2021-04-23 11:07:18,2486.2,868795
2021-04-23 11:07:19,2485.25,868940
2021-04-23 11:07:22,2484.95,869103
2021-04-23 11:07:22,2484.95,869103
2021-04-23 11:07:23,2485.05,869131
2021-04-23 11:07:24,2486.25,869441
2021-04-23 11:07:25,2485.1,869611
2021-04-23 11:07:26,2485.15,869812
2021-04-23 11:07:27,2485.2,869923
2021-04-23 11:07:29,2486.3,869943
2021-04-23 11:07:29,2486.3,869988
2021-04-23 11:07:30,2486.3,869988
2021-04-23 11:07:32,2485.5,870023
2021-04-23 11:07:32,2486.55,870063
2021-04-23 11:07:33,2486.55,870063
2021-04-23 11:07:34,2486.7,870088
2021-04-23 11:07:35,2485.4,870213
2021-04-23 11:07:36,2486.4,870233
2021-04-23 11:07:37,2485.45,870273
2021-04-23 11:07:39,2486.7,870475
2021-04-23 11:07:39,2486.7,870491
2021-04-23 11:07:40,2485.5,870546
2021-04-23 11:07:41,2485.45,870851
2021-04-23 11:07:42,2486.8,870935
2021-04-23 11:07:43,2486.85,870950
2021-04-23 11:07:44,2486.85,870950
2021-04-23 11:07:45,2485.5,870963
2021-04-23 11:07:46,2486.7,871123
2021-04-23 11:07:47,2486.7,871313
2021-04-23 11:07:49,2487.0,871389
2021-04-23 11:07:49,2487.0,871440
2021-04-23 11:07:50,2486.0,871470
2021-04-23 11:07:51,2485.8,871530
2021-04-23 11:07:52,2487.0,871630
2021-04-23 11:07:53,2487.0,871678
2021-04-23 11:07:54,2487.0,871678
2021-04-23 11:07:56,2486.0,871721
2021-04-23 11:07:56,2486.0,871721
2021-04-23 11:07:57,2485.7,871741
2021-04-23 11:07:58,2486.95,871851
2021-04-23 11:07:59,2487.0,872143
2021-04-23 11:08:00,2485.9,872319
2021-04-23 11:08:01,2487.0,872619
2021-04-23 11:08:03,2486.0,872889
2021-04-23 11:08:03,2485.95,873044
2021-04-23 11:08:04,2485.95,873204
2021-04-23 11:08:05,2485.65,873542
2021-04-23 11:08:06,2485.7,873756
2021-04-23 11:08:07,2486.75,873882
2021-04-23 11:08:08,2485.5,873956
2021-04-23 11:08:10,2486.95,874014
2021-04-23 11:08:10,2486.95,874014
2021-04-23 11:08:11,2485.65,874047
2021-04-23 11:08:12,2486.0,874057
2021-04-23 11:08:13,2487.0,874122
2021-04-23 11:08:14,2485.65,874132
2021-04-23 11:08:15,2485.65,874132
2021-04-23 11:08:16,2485.5,874180
2021-04-23 11:08:17,2485.6,874281
2021-04-23 11:08:18,2486.9,874362
2021-04-23 11:08:20,2486.9,874362
2021-04-23 11:08:20,2485.6,874372
2021-04-23 11:08:21,2486.7,874409
2021-04-23 11:08:22,2486.85,874509
2021-04-23 11:08:23,2485.6,874511
2021-04-23 11:08:24,2486.75,874514
2021-04-23 11:08:25,2487.0,874702
2021-04-23 11:08:27,2487.0,874865
2021-04-23 11:08:27,2487.0,874914
2021-04-23 11:08:29,2487.0,874917
2021-04-23 11:08:29,2487.0,874917
2021-04-23 11:08:30,2487.0,874927
2021-04-23 11:08:31,2487.5,875227
2021-04-23 11:08:32,2486.35,875276
2021-04-23 11:08:33,2486.35,875276
2021-04-23 11:08:34,2486.25,875286
2021-04-23 11:08:35,2486.25,875286
2021-04-23 11:08:36,2486.05,875350
2021-04-23 11:08:38,2485.85,875450
2021-04-23 11:08:38,2487.0,875499
2021-04-23 11:08:39,2487.0,875499
2021-04-23 11:08:40,2486.0,875851
2021-04-23 11:08:41,2486.05,875937
2021-04-23 11:08:42,2486.0,875943
2021-04-23 11:08:44,2487.3,875944
2021-04-23 11:08:45,2487.35,875994
2021-04-23 11:08:45,2487.5,876059
2021-04-23 11:08:46,2486.25,876100
2021-04-23 11:08:47,2487.6,876130
2021-04-23 11:08:48,2487.6,876130
2021-04-23 11:08:49,2486.3,876295
2021-04-23 11:08:50,2487.45,876743
2021-04-23 11:08:52,2486.0,876883
2021-04-23 11:08:52,2486.0,876883
2021-04-23 11:08:53,2485.55,876906
2021-04-23 11:08:54,2487.0,877029
2021-04-23 11:08:55,2486.0,877030
2021-04-23 11:08:56,2486.0,877030
2021-04-23 11:08:57,2487.05,877091
2021-04-23 11:08:59,2485.6,877341
2021-04-23 11:08:59,2486.95,877388
2021-04-23 11:09:00,2486.95,877393
2021-04-23 11:09:01,2486.85,877397
2021-04-23 11:09:02,2486.95,877403
2021-04-23 11:09:03,2485.85,877443
2021-04-23 11:09:04,2486.95,877482
2021-04-23 11:09:06,2486.15,877502
2021-04-23 11:09:06,2486.15,877502
2021-04-23 11:09:07,2486.15,877502
2021-04-23 11:09:08,2486.15,877502
2021-04-23 11:09:09,2486.95,877754
2021-04-23 11:09:10,2487.05,877822
2021-04-23 11:09:11,2486.1,877922
2021-04-23 11:09:13,2486.1,877922
2021-04-23 11:09:13,2486.1,877922
2021-04-23 11:09:14,2486.15,878007
2021-04-23 11:09:15,2486.95,878058
2021-04-23 11:09:16,2487.0,878158
2021-04-23 11:09:17,2486.35,878263
2021-04-23 11:09:19,2487.75,878285
2021-04-23 11:09:20,2487.05,878355
2021-04-23 11:09:20,2487.05,878355
2021-04-23 11:09:21,2487.05,878357
2021-04-23 11:09:22,2487.05,878382
2021-04-23 11:09:23,2487.8,878383
2021-04-23 11:09:24,2487.85,878438
2021-04-23 11:09:26,2488.0,878777
2021-04-23 11:09:27,2487.0,878884
2021-04-23 11:09:28,2487.0,878884
2021-04-23 11:09:28,2487.0,878896
2021-04-23 11:09:29,2487.8,879409
2021-04-23 11:09:32,2487.9,879560
2021-04-23 11:09:33,2488.0,879610
2021-04-23 11:09:34,2488.0,879648
2021-04-23 11:09:34,2488.0,879648
2021-04-23 11:09:35,2486.75,879798
2021-04-23 11:09:36,2487.8,879808
2021-04-23 11:09:37,2487.8,879846
2021-04-23 11:09:40,2487.35,880219
2021-04-23 11:09:41,2488.0,880239
2021-04-23 11:09:41,2487.0,880339
2021-04-23 11:09:42,2488.0,880371
2021-04-23 11:09:43,2486.65,880838
2021-04-23 11:09:45,2487.95,880927
2021-04-23 11:09:46,2487.0,880937
2021-04-23 11:09:46,2487.0,880937
2021-04-23 11:09:47,2487.0,880987
2021-04-23 11:09:48,2488.0,881487
2021-04-23 11:09:50,2486.45,882110
2021-04-23 11:09:51,2487.8,882330
2021-04-23 11:09:52,2488.0,882547
2021-04-23 11:09:53,2487.95,882610
2021-04-23 11:09:53,2487.95,882610
2021-04-23 11:09:54,2486.0,883042
2021-04-23 11:09:55,2487.0,883237
2021-04-23 11:09:56,2486.6,883748
2021-04-23 11:09:57,2486.75,883957
2021-04-23 11:09:58,2486.0,883958
2021-04-23 11:10:00,2486.6,883961
2021-04-23 11:10:01,2486.6,883961
2021-04-23 11:10:01,2486.6,883961
2021-04-23 11:10:02,2486.2,883974
2021-04-23 11:10:03,2486.45,884103
2021-04-23 11:10:04,2487.35,884104
2021-04-23 11:10:05,2487.35,884104
2021-04-23 11:10:06,2487.2,884335
2021-04-23 11:10:07,2487.2,884394
2021-04-23 11:10:08,2487.2,884394
2021-04-23 11:10:09,2487.85,884464
2021-04-23 11:10:11,2486.8,884476
2021-04-23 11:10:12,2487.85,884521
2021-04-23 11:10:13,2487.8,884572
2021-04-23 11:10:13,2487.85,884521
2021-04-23 11:10:14,2487.85,884609
2021-04-23 11:10:15,2487.9,884610
2021-04-23 11:10:16,2487.0,884632
2021-04-23 11:10:17,2487.0,884634
2021-04-23 11:10:19,2487.95,884684
2021-04-23 11:10:20,2486.8,885030
2021-04-23 11:10:20,2486.8,885030
2021-04-23 11:10:21,2488.1,892564
2021-04-23 11:10:22,2487.9,894139
2021-04-23 11:10:23,2488.0,894578
2021-04-23 11:10:25,2487.2,894692
2021-04-23 11:10:26,2487.9,894712
2021-04-23 11:10:26,2487.4,894742
2021-04-23 11:10:27,2487.4,894742
2021-04-23 11:10:28,2488.55,894743
2021-04-23 11:10:30,2488.8,894751
2021-04-23 11:10:31,2488.8,894751
2021-04-23 11:10:32,2487.9,894801
2021-04-23 11:10:33,2488.8,894827
2021-04-23 11:10:34,2488.8,894827
2021-04-23 11:10:35,2488.85,894842
2021-04-23 11:10:37,2487.9,894859
2021-04-23 11:10:38,2488.65,894881
2021-04-23 11:10:39,2488.0,895570
2021-04-23 11:10:39,2487.7,895870
2021-04-23 11:10:40,2488.55,895928
2021-04-23 11:10:41,2488.55,895928
2021-04-23 11:10:42,2488.85,895933
2021-04-23 11:10:43,2488.7,896061
2021-04-23 11:10:45,2488.0,896067
2021-04-23 11:10:46,2488.65,896271
2021-04-23 11:10:46,2488.7,896310
2021-04-23 11:10:47,2487.3,896413
2021-04-23 11:10:48,2488.8,896448
2021-04-23 11:10:50,2488.8,896448
2021-04-23 11:10:51,2488.75,896515
2021-04-23 11:10:52,2487.6,896818
2021-04-23 11:10:53,2488.85,896896
2021-04-23 11:10:54,2487.75,896978
2021-04-23 11:10:55,2488.7,896981
2021-04-23 11:10:55,2488.7,896981
2021-04-23 11:10:56,2488.7,896984
2021-04-23 11:10:57,2489.0,897034
2021-04-23 11:10:58,2488.7,897090
2021-04-23 11:11:00,2487.75,897233
2021-04-23 11:11:01,2488.55,897272
2021-04-23 11:11:01,2488.55,897272
2021-04-23 11:11:02,2488.55,897312
2021-04-23 11:11:03,2488.0,897362
2021-04-23 11:11:04,2487.55,897465
2021-04-23 11:11:06,2488.65,897466
2021-04-23 11:11:07,2488.65,897466
2021-04-23 11:11:08,2487.1,897544
2021-04-23 11:11:09,2488.15,897549
2021-04-23 11:11:09,2488.15,897549
2021-04-23 11:11:10,2487.0,897885
2021-04-23 11:11:11,2488.05,897925
2021-04-23 11:11:12,2486.9,897929
2021-04-23 11:11:13,2487.0,897988
2021-04-23 11:11:15,2487.0,898833
2021-04-23 11:11:16,2488.0,898904
2021-04-23 11:11:16,2488.0,898904
2021-04-23 11:11:17,2488.0,898904
2021-04-23 11:11:18,2488.0,898904
2021-04-23 11:11:19,2486.5,899142
2021-04-23 11:11:20,2487.85,899206
2021-04-23 11:11:21,2487.85,899206
2021-04-23 11:11:22,2487.95,899207
2021-04-23 11:11:24,2487.95,899307
2021-04-23 11:11:25,2488.0,899365
2021-04-23 11:11:26,2487.05,899416
2021-04-23 11:11:26,2488.0,899365
2021-04-23 11:11:27,2488.0,899466
2021-04-23 11:11:28,2488.0,899618
2021-04-23 11:11:29,2487.15,899626
2021-04-23 11:11:30,2488.35,899726
2021-04-23 11:11:31,2488.45,899806
2021-04-23 11:11:34,2487.35,900036
2021-04-23 11:11:35,2487.35,900036
2021-04-23 11:11:35,2487.35,900036
2021-04-23 11:11:36,2488.9,901036
2021-04-23 11:11:37,2487.55,901281
2021-04-23 11:11:39,2488.9,901328
2021-04-23 11:11:40,2490.0,903448
2021-04-23 11:11:41,2489.75,904010
2021-04-23 11:11:42,2489.8,904014
2021-04-23 11:11:42,2490.0,904831
2021-04-23 11:11:43,2490.0,906487
2021-04-23 11:11:44,2490.0,906866
2021-04-23 11:11:45,2490.0,907109
2021-04-23 11:11:47,2490.0,907157
2021-04-23 11:11:48,2489.0,907197
2021-04-23 11:11:49,2489.0,907197
2021-04-23 11:11:50,2490.0,907212
2021-04-23 11:11:51,2490.25,907884
2021-04-23 11:11:52,2489.9,908285
2021-04-23 11:11:53,2489.95,908536
2021-04-23 11:11:53,2490.5,908584
2021-04-23 11:11:54,2489.9,908683
2021-04-23 11:11:55,2489.35,908769
2021-04-23 11:11:56,2490.5,908779
2021-04-23 11:11:57,2489.2,908784
2021-04-23 11:11:58,2490.0,908884
2021-04-23 11:11:59,2490.0,908888
2021-04-23 11:12:01,2490.0,908938
2021-04-23 11:12:02,2489.2,908999
2021-04-23 11:12:03,2490.25,909041
2021-04-23 11:12:04,2490.25,909043
2021-04-23 11:12:05,2490.25,909043
2021-04-23 11:12:05,2490.25,909105
2021-04-23 11:12:07,2490.25,909105
2021-04-23 11:12:08,2490.0,909516
2021-04-23 11:12:09,2490.8,909761
2021-04-23 11:12:09,2490.7,909807
2021-04-23 11:12:10,2489.95,909809
2021-04-23 11:12:11,2489.55,910524
2021-04-23 11:12:13,2489.65,910623
2021-04-23 11:12:14,2488.2,911140
2021-04-23 11:12:15,2489.75,911681
2021-04-23 11:12:15,2489.65,911794
2021-04-23 11:12:16,2489.65,911814
2021-04-23 11:12:17,2489.65,911814
2021-04-23 11:12:19,2489.65,911814
2021-04-23 11:12:20,2488.1,911914
2021-04-23 11:12:21,2489.25,912021
2021-04-23 11:12:22,2488.9,912022
2021-04-23 11:12:24,2488.6,912115
2021-04-23 11:12:25,2488.6,912587
2021-04-23 11:12:26,2488.7,912900
2021-04-23 11:12:27,2488.75,912983
2021-04-23 11:12:28,2488.7,913030
2021-04-23 11:12:28,2488.7,913030
2021-04-23 11:12:29,2487.55,913060
2021-04-23 11:12:31,2487.55,913176
2021-04-23 11:12:32,2488.5,913361
2021-04-23 11:12:33,2488.45,913369
2021-04-23 11:12:33,2488.45,913369
2021-04-23 11:12:34,2488.55,913470
2021-04-23 11:12:35,2487.45,913512
2021-04-23 11:12:36,2488.85,913522
2021-04-23 11:12:39,2487.3,913802
2021-04-23 11:12:40,2487.5,913869
2021-04-23 11:12:41,2487.6,913896
2021-04-23 11:12:41,2487.6,913896
2021-04-23 11:12:42,2487.6,913896
2021-04-23 11:12:44,2488.85,913906
2021-04-23 11:12:45,2487.5,913921
2021-04-23 11:12:46,2489.0,913941
2021-04-23 11:12:46,2489.0,913941
2021-04-23 11:12:47,2489.0,913941
2021-04-23 11:12:48,2487.75,914203
2021-04-23 11:12:50,2487.8,914285
2021-04-23 11:12:51,2488.8,914414
2021-04-23 11:12:52,2489.0,914456
2021-04-23 11:12:52,2489.0,914456
2021-04-23 11:12:53,2489.0,914456
2021-04-23 11:12:55,2488.95,914461
2021-04-23 11:12:56,2487.5,914576
2021-04-23 11:12:57,2488.0,914726
2021-04-23 11:12:57,2488.75,914786
2021-04-23 11:12:58,2488.8,914816
2021-04-23 11:12:59,2488.8,914816
2021-04-23 11:13:00,2488.0,914839
2021-04-23 11:13:02,2488.0,914839
2021-04-23 11:13:03,2488.0,914923
2021-04-23 11:13:04,2488.0,914968
2021-04-23 11:13:05,2487.05,915092
2021-04-23 11:13:05,2487.05,915092
2021-04-23 11:13:06,2488.0,915093
2021-04-23 11:13:07,2488.0,915163
2021-04-23 11:13:09,2487.3,915164
2021-04-23 11:13:10,2487.3,915164
2021-04-23 11:13:11,2487.1,915165
2021-04-23 11:13:12,2487.1,915173
2021-04-23 11:13:13,2487.1,915173
2021-04-23 11:13:15,2488.45,915323
2021-04-23 11:13:16,2488.5,915371
2021-04-23 11:13:17,2487.35,915372
2021-04-23 11:13:17,2487.35,915372
2021-04-23 11:13:18,2487.4,915393
2021-04-23 11:13:19,2488.65,915495
2021-04-23 11:13:21,2488.65,915495
2021-04-23 11:13:22,2488.65,915495
2021-04-23 11:13:23,2487.4,915515
2021-04-23 11:13:23,2487.4,915515
2021-04-23 11:13:24,2487.4,915538
2021-04-23 11:13:26,2487.55,915543
2021-04-23 11:13:27,2488.5,915635
2021-04-23 11:13:28,2487.55,915637
2021-04-23 11:13:28,2487.55,915637
2021-04-23 11:13:29,2488.65,915638
2021-04-23 11:13:31,2488.5,915645
2021-04-23 11:13:32,2487.55,915795
2021-04-23 11:13:33,2488.5,915852
2021-04-23 11:13:33,2488.5,915852
2021-04-23 11:13:34,2488.85,915877
2021-04-23 11:13:36,2487.5,915977
2021-04-23 11:13:37,2487.55,916025
2021-04-23 11:13:38,2487.55,916025
2021-04-23 11:13:39,2487.55,916025
2021-04-23 11:13:39,2487.55,916025
2021-04-23 11:13:40,2487.55,916025
2021-04-23 11:13:42,2487.5,916330
2021-04-23 11:13:43,2488.85,916422
2021-04-23 11:13:44,2488.85,916422
2021-04-23 11:13:45,2488.85,916422
2021-04-23 11:13:46,2488.85,916422
2021-04-23 11:13:47,2487.55,916425
2021-04-23 11:13:48,2488.0,916426
2021-04-23 11:13:48,2488.0,916426
2021-04-23 11:13:50,2488.0,916426
2021-04-23 11:13:51,2488.0,916426
2021-04-23 11:13:52,2488.5,916436
2021-04-23 11:13:53,2488.5,916436
2021-04-23 11:13:53,2488.5,916436
2021-04-23 11:13:55,2488.5,916442
2021-04-23 11:13:56,2488.05,916462
2021-04-23 11:13:57,2488.5,916563
2021-04-23 11:13:58,2488.0,916722
2021-04-23 11:13:59,2488.0,916722
2021-04-23 11:14:00,2488.05,916923
2021-04-23 11:14:00,2488.85,916992
2021-04-23 11:14:01,2488.85,916992
2021-04-23 11:14:03,2488.85,917105
2021-04-23 11:14:04,2488.85,917150
2021-04-23 11:14:05,2488.0,917270
2021-04-23 11:14:06,2488.0,917272
2021-04-23 11:14:06,2488.0,917272
2021-04-23 11:14:08,2488.0,917274
2021-04-23 11:14:09,2488.85,917277
2021-04-23 11:14:10,2488.85,917278
2021-04-23 11:14:11,2488.85,917308
2021-04-23 11:14:11,2488.25,917349
2021-04-23 11:14:12,2488.25,917359
2021-04-23 11:14:14,2488.8,917381
2021-04-23 11:14:15,2489.0,917386
2021-04-23 11:14:16,2488.0,917436
2021-04-23 11:14:17,2489.0,917468
2021-04-23 11:14:18,2489.0,917473
2021-04-23 11:14:18,2489.0,917473
2021-04-23 11:14:20,2489.0,917473
2021-04-23 11:14:20,2489.0,917473
2021-04-23 11:14:22,2488.85,917476
2021-04-23 11:14:23,2488.85,917476
2021-04-23 11:14:24,2488.85,917476
2021-04-23 11:14:25,2488.3,917548
2021-04-23 11:14:25,2488.3,917548
2021-04-23 11:14:27,2488.15,917698
2021-04-23 11:14:28,2489.0,917772
2021-04-23 11:14:29,2489.0,917822
2021-04-23 11:14:30,2488.15,917842
2021-04-23 11:14:30,2488.15,917842
2021-04-23 11:14:31,2488.15,917860
2021-04-23 11:14:32,2488.15,917860
2021-04-23 11:14:34,2488.15,917860
2021-04-23 11:14:35,2488.15,917860
2021-04-23 11:14:36,2488.8,917870
2021-04-23 11:14:37,2488.3,918120
2021-04-23 11:14:38,2489.0,918140
2021-04-23 11:14:39,2489.0,918140
2021-04-23 11:14:39,2489.0,918140
2021-04-23 11:14:41,2489.1,918144
2021-04-23 11:14:42,2489.25,918182
2021-04-23 11:14:43,2489.25,918182
2021-04-23 11:14:44,2489.0,918184
2021-04-23 11:14:45,2488.2,918244
2021-04-23 11:14:45,2488.2,918244
2021-04-23 11:14:47,2489.1,918246
2021-04-23 11:14:48,2489.25,918296
2021-04-23 11:14:49,2489.0,918297
2021-04-23 11:14:50,2489.0,918317
2021-04-23 11:14:51,2489.15,918348
2021-04-23 11:14:52,2489.1,918400
2021-04-23 11:14:52,2489.1,918400
2021-04-23 11:14:53,2489.1,918406
2021-04-23 11:14:54,2490.95,920758
2021-04-23 11:14:56,2490.85,921458
2021-04-23 11:14:58,2492.0,921755
2021-04-23 11:14:59,2490.65,921818
2021-04-23 11:15:01,2493.6,925919
2021-04-23 11:15:02,2492.4,926129
2021-04-23 11:15:03,2492.15,926730
2021-04-23 11:15:03,2493.65,926868
2021-04-23 11:15:04,2493.7,926956
2021-04-23 11:15:05,2493.7,927063
2021-04-23 11:15:06,2492.5,927186
2021-04-23 11:15:08,2493.7,927243
2021-04-23 11:15:09,2493.7,927355
2021-04-23 11:15:10,2494.25,930936
2021-04-23 11:15:11,2492.6,931753
2021-04-23 11:15:11,2492.6,931973
2021-04-23 11:15:13,2492.55,932025
2021-04-23 11:15:14,2493.6,932574
2021-04-23 11:15:15,2494.3,932794
2021-04-23 11:15:16,2494.4,932894
2021-04-23 11:15:17,2494.3,933087
2021-04-23 11:15:17,2494.35,933124
2021-04-23 11:15:19,2494.35,933137
2021-04-23 11:15:21,2494.6,933254
2021-04-23 11:15:22,2494.85,934527
2021-04-23 11:15:22,2493.25,934734
2021-04-23 11:15:23,2494.75,934755
2021-04-23 11:15:25,2494.8,934814
2021-04-23 11:15:26,2494.8,935008
2021-04-23 11:15:27,2494.5,935589
2021-04-23 11:15:28,2494.8,935705
2021-04-23 11:15:29,2493.7,936833
2021-04-23 11:15:29,2494.45,937005
2021-04-23 11:15:31,2493.35,937072
2021-04-23 11:15:32,2494.8,937372
2021-04-23 11:15:33,2494.8,937473
2021-04-23 11:15:34,2494.3,937525
2021-04-23 11:15:34,2494.3,937525
2021-04-23 11:15:36,2494.3,937555
2021-04-23 11:15:38,2494.6,937710
2021-04-23 11:15:39,2494.8,937877
2021-04-23 11:15:39,2494.8,937840
2021-04-23 11:15:41,2493.45,937900
2021-04-23 11:15:42,2494.6,937930
2021-04-23 11:15:43,2493.5,938036
2021-04-23 11:15:45,2494.7,939231
2021-04-23 11:15:44,2493.0,939036
2021-04-23 11:15:46,2494.5,939283
2021-04-23 11:15:47,2493.1,939383
2021-04-23 11:15:48,2493.05,939435
2021-04-23 11:15:49,2494.2,939777
2021-04-23 11:15:50,2493.1,939962
2021-04-23 11:15:51,2494.3,939980
2021-04-23 11:15:52,2493.15,940191
2021-04-23 11:15:53,2494.25,940380
2021-04-23 11:15:54,2493.25,940507
2021-04-23 11:15:55,2492.0,941408
2021-04-23 11:15:56,2492.45,941764
2021-04-23 11:15:57,2493.8,941826
2021-04-23 11:15:58,2492.5,941876
2021-04-23 11:15:59,2493.8,941881
2021-04-23 11:16:00,2493.8,941885
2021-04-23 11:16:01,2493.0,941919
2021-04-23 11:16:02,2493.8,942089
2021-04-23 11:16:03,2492.3,942589
2021-04-23 11:16:04,2493.95,942716
2021-04-23 11:16:05,2494.25,942798
2021-04-23 11:16:06,2493.25,942854
2021-04-23 11:16:07,2494.9,943401
2021-04-23 11:16:08,2493.7,943566
2021-04-23 11:16:09,2493.7,943624
2021-04-23 11:16:11,2495.0,943666
2021-04-23 11:16:12,2493.8,943818
2021-04-23 11:16:13,2493.45,944071
2021-04-23 11:16:14,2494.85,944119
2021-04-23 11:16:16,2493.55,944120
2021-04-23 11:16:15,2493.55,944120
2021-04-23 11:16:17,2493.65,944220
2021-04-23 11:16:18,2493.7,944251
2021-04-23 11:16:19,2493.8,944319
2021-04-23 11:16:20,2493.85,944420
2021-04-23 11:16:21,2495.0,944490
2021-04-23 11:16:22,2495.0,944490
2021-04-23 11:16:24,2495.0,944494
2021-04-23 11:16:23,2495.0,944494
2021-04-23 11:16:25,2495.0,944624
2021-04-23 11:16:26,2494.0,944625
2021-04-23 11:16:27,2495.0,944656
2021-04-23 11:16:28,2494.3,945413
2021-04-23 11:16:29,2495.0,945565
2021-04-23 11:16:30,2494.05,945655
2021-04-23 11:16:31,2495.0,945801
2021-04-23 11:16:32,2495.0,945820
2021-04-23 11:16:33,2494.35,945962
2021-04-23 11:16:34,2494.4,946074
2021-04-23 11:16:35,2496.0,948004
2021-04-23 11:16:36,2496.2,949134
2021-04-23 11:16:37,2496.9,949334
2021-04-23 11:16:38,2496.0,949446
2021-04-23 11:16:39,2496.0,949555
2021-04-23 11:16:40,2497.0,949635
2021-04-23 11:16:42,2496.0,949774
2021-04-23 11:16:41,2496.0,949774
2021-04-23 11:16:43,2495.0,950013
2021-04-23 11:16:44,2496.2,950128
2021-04-23 11:16:45,2496.2,950181
2021-04-23 11:16:47,2495.0,951221
2021-04-23 11:16:46,2495.2,950453
2021-04-23 11:16:48,2494.65,951317
2021-04-23 11:16:49,2495.0,951442
2021-04-23 11:16:50,2495.0,952273
2021-04-23 11:16:51,2495.25,952472
2021-04-23 11:16:52,2495.0,953513
2021-04-23 11:16:53,2495.75,953691
2021-04-23 11:16:54,2495.0,953709
2021-04-23 11:16:55,2495.0,953775
2021-04-23 11:16:56,2494.4,953912
2021-04-23 11:16:58,2495.0,953913
2021-04-23 11:16:57,2494.4,953912
2021-04-23 11:16:59,2495.0,953978
2021-04-23 11:17:00,2494.5,954032
2021-04-23 11:17:01,2494.2,954213
2021-04-23 11:17:02,2495.0,954257
2021-04-23 11:17:03,2495.0,954258
2021-04-23 11:17:04,2494.5,954274
2021-04-23 11:17:05,2494.4,954299
2021-04-23 11:17:06,2495.0,954300
2021-04-23 11:17:07,2494.0,954348
2021-04-23 11:17:08,2494.6,954649
2021-04-23 11:17:09,2494.0,954775
2021-04-23 11:17:10,2494.0,955217
2021-04-23 11:17:11,2492.55,955909
2021-04-23 11:17:12,2491.5,958083
2021-04-23 11:17:13,2492.55,958395
2021-04-23 11:17:14,2492.6,958479
2021-04-23 11:17:15,2492.6,958479
2021-04-23 11:17:16,2491.45,958492
2021-04-23 11:17:17,2492.1,958493
2021-04-23 11:17:18,2492.1,958493
2021-04-23 11:17:19,2492.55,958641
2021-04-23 11:17:20,2492.7,958688
2021-04-23 11:17:21,2493.0,958714
2021-04-23 11:17:22,2491.5,958746
2021-04-23 11:17:23,2492.1,958765
2021-04-23 11:17:24,2492.85,958787
2021-04-23 11:17:25,2492.25,958926
2021-04-23 11:17:26,2493.9,959421
2021-04-23 11:17:27,2494.35,959457
2021-04-23 11:17:28,2494.35,959457
2021-04-23 11:17:29,2494.0,959465
2021-04-23 11:17:30,2494.0,959465
2021-04-23 11:17:31,2494.0,959466
2021-04-23 11:17:32,2494.2,959496
2021-04-23 11:17:33,2493.0,959697
2021-04-23 11:17:34,2494.4,959764
2021-04-23 11:17:35,2493.15,959766
2021-04-23 11:17:36,2494.25,959787
2021-04-23 11:17:37,2494.45,959805
2021-04-23 11:17:38,2493.2,959806
2021-04-23 11:17:39,2492.95,959863
2021-04-23 11:17:40,2493.85,959883
2021-04-23 11:17:41,2493.85,959883
2021-04-23 11:17:42,2493.85,959883
2021-04-23 11:17:43,2492.95,959909
2021-04-23 11:17:45,2493.55,959950
2021-04-23 11:17:46,2492.7,959977
2021-04-23 11:17:47,2492.6,960020
2021-04-23 11:17:48,2492.6,960020
2021-04-23 11:17:49,2492.55,960021
2021-04-23 11:17:50,2492.55,960021
2021-04-23 11:17:51,2493.25,960059
2021-04-23 11:17:52,2492.7,960067
2021-04-23 11:17:53,2492.85,960068
2021-04-23 11:17:54,2492.8,960131
2021-04-23 11:17:55,2493.0,960224
2021-04-23 11:17:56,2493.0,960875
2021-04-23 11:17:57,2491.65,961240
2021-04-23 11:17:59,2493.0,961336
2021-04-23 11:18:00,2492.05,961367
2021-04-23 11:18:01,2493.0,961491
2021-04-23 11:18:02,2492.05,961511
2021-04-23 11:18:03,2492.05,961513
2021-04-23 11:18:04,2492.9,961532
2021-04-23 11:18:05,2492.9,961532
2021-04-23 11:18:07,2492.05,961533
2021-04-23 11:18:07,2492.05,961533
2021-04-23 11:18:08,2492.05,961533
2021-04-23 11:18:09,2492.6,961588
2021-04-23 11:18:10,2492.9,961857
2021-04-23 11:18:11,2492.0,962683
2021-04-23 11:18:13,2492.05,962685
2021-04-23 11:18:13,2492.05,962755
2021-04-23 11:18:14,2492.05,962755
2021-04-23 11:18:15,2493.0,962756
2021-04-23 11:18:16,2493.0,962756
2021-04-23 11:18:17,2493.0,962781
2021-04-23 11:18:19,2492.25,962817
2021-04-23 11:18:19,2492.25,962817
2021-04-23 11:18:20,2493.0,963004
2021-04-23 11:18:21,2492.6,963976
2021-04-23 11:18:22,2493.05,964171
2021-04-23 11:18:23,2493.9,964319
2021-04-23 11:18:24,2492.5,964572
2021-04-23 11:18:26,2493.85,964621
2021-04-23 11:18:26,2493.85,964621
2021-04-23 11:18:27,2493.05,964631
2021-04-23 11:18:28,2493.05,964631
2021-04-23 11:18:29,2493.05,964631
2021-04-23 11:18:30,2493.05,964631
2021-04-23 11:18:31,2492.7,964756
2021-04-23 11:18:33,2493.65,964796
2021-04-23 11:18:33,2493.65,964796
2021-04-23 11:18:34,2494.25,965818
2021-04-23 11:18:35,2494.4,966020
2021-04-23 11:18:36,2494.0,966059
2021-04-23 11:18:38,2493.1,966128
2021-04-23 11:18:38,2494.0,966148
2021-04-23 11:18:39,2494.0,966173
2021-04-23 11:18:40,2494.0,966173
2021-04-23 11:18:41,2493.1,966235
2021-04-23 11:18:43,2493.15,966331
2021-04-23 11:18:43,2493.15,966331
2021-04-23 11:18:44,2492.8,966516
2021-04-23 11:18:45,2493.15,966575
2021-04-23 11:18:46,2493.15,966575
2021-04-23 11:18:47,2493.15,966585
2021-04-23 11:18:48,2493.15,966616
2021-04-23 11:18:49,2493.15,966616
2021-04-23 11:18:50,2492.75,966648
2021-04-23 11:18:52,2493.1,966690
2021-04-23 11:18:52,2493.1,966690
2021-04-23 11:18:53,2493.0,966900
2021-04-23 11:18:54,2493.0,967005
2021-04-23 11:18:55,2492.05,967107
2021-04-23 11:18:57,2492.0,967387
2021-04-23 11:18:57,2492.0,967387
2021-04-23 11:18:58,2493.15,967397
2021-04-23 11:18:59,2493.15,967397
2021-04-23 11:19:00,2493.15,967397
2021-04-23 11:19:01,2493.15,967397
2021-04-23 11:19:03,2493.0,967429
2021-04-23 11:19:03,2493.0,967429
2021-04-23 11:19:04,2492.25,967609
2021-04-23 11:19:05,2493.35,968476
2021-04-23 11:19:06,2494.5,968703
2021-04-23 11:19:07,2493.6,968926
2021-04-23 11:19:09,2494.85,968960
2021-04-23 11:19:09,2494.85,968960
2021-04-23 11:19:10,2494.1,968961
2021-04-23 11:19:11,2493.6,969131
2021-04-23 11:19:12,2494.0,969141
2021-04-23 11:19:13,2494.0,969141
2021-04-23 11:19:15,2493.05,969151
2021-04-23 11:19:15,2493.1,969157
2021-04-23 11:19:16,2492.35,978988
2021-04-23 11:19:17,2492.0,980874
2021-04-23 11:19:18,2492.35,981039
2021-04-23 11:19:19,2493.65,981066
2021-04-23 11:19:20,2492.45,981106
2021-04-23 11:19:22,2493.4,981136
2021-04-23 11:19:22,2493.4,981136
2021-04-23 11:19:23,2493.4,981136
2021-04-23 11:19:24,2493.4,981136
2021-04-23 11:19:25,2493.4,981136
2021-04-23 11:19:26,2490.0,983978
2021-04-23 11:19:27,2490.0,984477
2021-04-23 11:19:28,2490.0,984627
2021-04-23 11:19:29,2490.0,984652
2021-04-23 11:19:31,2489.8,984655
2021-04-23 11:19:31,2490.0,984654
2021-04-23 11:19:32,2490.0,984817
2021-04-23 11:19:33,2489.8,984889
2021-04-23 11:19:34,2490.0,984890
2021-04-23 11:19:35,2489.8,984919
2021-04-23 11:19:36,2490.0,985515
2021-04-23 11:19:38,2489.95,985635
2021-04-23 11:19:38,2489.95,985635
2021-04-23 11:19:39,2488.95,986136
2021-04-23 11:19:40,2488.95,986326
2021-04-23 11:19:41,2489.85,986413
2021-04-23 11:19:42,2489.85,986433
2021-04-23 11:19:43,2488.95,986488
2021-04-23 11:19:44,2489.75,986490
2021-04-23 11:19:46,2489.9,986590
2021-04-23 11:19:46,2489.95,986640
2021-04-23 11:19:47,2490.0,986665
2021-04-23 11:19:48,2490.0,986716
2021-04-23 11:19:49,2490.0,986837
2021-04-23 11:19:50,2490.0,987084
2021-04-23 11:19:51,2489.55,987166
2021-04-23 11:19:53,2489.55,987166
2021-04-23 11:19:53,2489.35,987167
2021-04-23 11:19:54,2489.1,987278
2021-04-23 11:19:55,2489.0,987343
2021-04-23 11:19:56,2489.15,987407
2021-04-23 11:19:57,2490.0,987432
2021-04-23 11:19:59,2489.15,987448
2021-04-23 11:19:59,2489.15,987448
2021-04-23 11:20:00,2489.15,987449
2021-04-23 11:20:01,2490.0,987699
2021-04-23 11:20:03,2490.0,987769
2021-04-23 11:20:04,2490.0,988104
2021-04-23 11:20:04,2490.0,988104
2021-04-23 11:20:05,2490.0,988104
2021-04-23 11:20:06,2489.95,988156
2021-04-23 11:20:07,2489.15,988230
2021-04-23 11:20:09,2489.15,988295
2021-04-23 11:20:10,2490.0,988446
2021-04-23 11:20:11,2489.55,988535
2021-04-23 11:20:11,2489.55,988596
2021-04-23 11:20:12,2489.05,988691
2021-04-23 11:20:13,2489.05,988749
2021-04-23 11:20:15,2489.9,988750
2021-04-23 11:20:16,2489.9,988771
2021-04-23 11:20:16,2489.9,988771
2021-04-23 11:20:17,2489.9,988771
2021-04-23 11:20:18,2489.05,988871
2021-04-23 11:20:19,2488.7,989519
2021-04-23 11:20:21,2488.7,989519
2021-04-23 11:20:22,2489.95,989538
2021-04-23 11:20:22,2489.95,989538
2021-04-23 11:20:23,2490.0,989563
2021-04-23 11:20:24,2489.55,990237
2021-04-23 11:20:27,2490.0,990600
2021-04-23 11:20:28,2490.0,990600
2021-04-23 11:20:29,2489.35,990650
2021-04-23 11:20:29,2490.0,990600
2021-04-23 11:20:30,2489.35,990650
2021-04-23 11:20:31,2490.0,990832
2021-04-23 11:20:33,2489.35,990864
2021-04-23 11:20:34,2489.35,990864
2021-04-23 11:20:34,2489.35,990864
2021-04-23 11:20:35,2490.0,990874
2021-04-23 11:20:36,2490.0,990944
2021-04-23 11:20:37,2490.0,990983
2021-04-23 11:20:39,2490.0,991023
2021-04-23 11:20:40,2490.0,992953
2021-04-23 11:20:40,2490.4,993700
2021-04-23 11:20:41,2491.75,993849
2021-04-23 11:20:42,2490.3,993850
2021-04-23 11:20:44,2490.9,993893
2021-04-23 11:20:45,2489.8,993947
2021-04-23 11:20:46,2489.8,993947
2021-04-23 11:20:46,2489.8,993947
2021-04-23 11:20:47,2491.8,993957
2021-04-23 11:20:48,2490.5,994058
2021-04-23 11:20:49,2490.5,994058
2021-04-23 11:20:50,2490.55,994110
2021-04-23 11:20:51,2489.9,994181
2021-04-23 11:20:53,2490.35,994197
2021-04-23 11:20:54,2489.85,994200
2021-04-23 11:20:54,2489.85,994200
2021-04-23 11:20:55,2489.9,994312
2021-04-23 11:20:56,2489.9,994312
2021-04-23 11:20:57,2489.9,994378
2021-04-23 11:20:59,2489.9,994378
2021-04-23 11:21:00,2490.5,994398
2021-04-23 11:21:00,2490.5,994398
2021-04-23 11:21:01,2490.5,994408
2021-04-23 11:21:02,2490.6,994415
2021-04-23 11:21:04,2490.0,994419
2021-04-23 11:21:05,2490.6,994563
2021-04-23 11:21:05,2490.8,994519
2021-04-23 11:21:06,2490.6,994583
2021-04-23 11:21:07,2490.75,994606
2021-04-23 11:21:09,2490.75,994608
2021-04-23 11:21:10,2490.75,994608
2021-04-23 11:21:10,2490.75,994608
2021-04-23 11:21:11,2490.6,994708
2021-04-23 11:21:12,2491.2,994812
2021-04-23 11:21:14,2490.4,994878
2021-04-23 11:21:15,2490.4,994878
2021-04-23 11:21:15,2490.4,994878
2021-04-23 11:21:16,2490.0,994903
2021-04-23 11:21:17,2490.0,994903
2021-04-23 11:21:18,2490.0,994903
2021-04-23 11:21:20,2490.3,994913
2021-04-23 11:21:21,2490.3,995347
2021-04-23 11:21:21,2490.3,995245
2021-04-23 11:21:22,2490.0,995349
2021-04-23 11:21:23,2490.3,995375
2021-04-23 11:21:25,2490.3,995385
2021-04-23 11:21:26,2490.0,995406
2021-04-23 11:21:27,2490.3,995414
2021-04-23 11:21:27,2490.0,995406
2021-04-23 11:21:28,2490.3,995429
2021-04-23 11:21:29,2490.3,995453
2021-04-23 11:21:31,2490.0,995454
2021-04-23 11:21:32,2490.9,995958
2021-04-23 11:21:32,2491.0,996094
2021-04-23 11:21:33,2491.0,996159
2021-04-23 11:21:34,2490.05,996184
2021-04-23 11:21:35,2490.05,996184
2021-04-23 11:21:37,2490.05,996199
2021-04-23 11:21:39,2490.05,996199
2021-04-23 11:21:40,2490.05,996199
2021-04-23 11:21:42,2490.65,996200
2021-04-23 11:21:43,2490.65,996200
2021-04-23 11:21:44,2491.0,996241
2021-04-23 11:21:44,2491.0,996241
2021-04-23 11:21:45,2491.0,996242
2021-04-23 11:21:46,2491.5,996292
2021-04-23 11:21:48,2491.85,996297
2021-04-23 11:21:49,2491.85,996312
2021-04-23 11:21:50,2491.9,996313
2021-04-23 11:21:50,2491.9,996313
2021-04-23 11:21:51,2491.9,996313
2021-04-23 11:21:52,2492.0,996403
2021-04-23 11:21:54,2492.0,996403
2021-04-23 11:21:55,2492.0,996455
2021-04-23 11:21:55,2492.0,996510
2021-04-23 11:21:56,2492.2,996530
2021-04-23 11:21:57,2492.2,996530
2021-04-23 11:21:59,2491.05,996535
2021-04-23 11:22:00,2492.0,996545
2021-04-23 11:22:00,2492.3,996577
2021-04-23 11:22:01,2492.3,996596
2021-04-23 11:22:02,2491.15,996667
2021-04-23 11:22:03,2491.75,996692
2021-04-23 11:22:04,2490.6,996897
2021-04-23 11:22:06,2490.7,996898
2021-04-23 11:22:07,2490.3,996900
2021-04-23 11:22:07,2490.7,996920
2021-04-23 11:22:08,2490.7,996923
2021-04-23 11:22:10,2491.0,996996
2021-04-23 11:22:11,2491.0,996996
2021-04-23 11:22:12,2491.0,996999
2021-04-23 11:22:12,2491.0,996999
2021-04-23 11:22:13,2491.0,997004
2021-04-23 11:22:15,2490.2,997054
2021-04-23 11:22:15,2491.15,997069
2021-04-23 11:22:16,2491.15,997069
2021-04-23 11:22:18,2491.15,997069
2021-04-23 11:22:19,2491.15,997069
2021-04-23 11:22:20,2490.7,997071
2021-04-23 11:22:21,2491.2,997076
2021-04-23 11:22:22,2491.2,997076
2021-04-23 11:22:23,2491.0,997078
2021-04-23 11:22:23,2491.0,997078
2021-04-23 11:22:24,2491.0,997078
2021-04-23 11:22:25,2491.0,997078
2021-04-23 11:22:26,2490.7,997089
2021-04-23 11:22:27,2490.7,997089
2021-04-23 11:22:28,2490.7,997089
2021-04-23 11:22:29,2490.7,997089
2021-04-23 11:22:30,2490.7,997089
2021-04-23 11:22:31,2490.7,997093
2021-04-23 11:22:32,2490.7,997093
2021-04-23 11:22:34,2490.7,997093
2021-04-23 11:22:35,2489.05,998031
2021-04-23 11:22:36,2489.95,998113
2021-04-23 11:22:37,2490.05,998192
2021-04-23 11:22:37,2490.05,998192
2021-04-23 11:22:38,2489.5,998204
2021-04-23 11:22:39,2489.5,998211
2021-04-23 11:22:40,2488.95,998568
2021-04-23 11:22:41,2488.95,998568
2021-04-23 11:22:42,2489.55,998569
2021-04-23 11:22:43,2489.55,998569
2021-04-23 11:22:45,2488.9,998616
2021-04-23 11:22:46,2488.9,998616
2021-04-23 11:22:47,2489.55,998636
2021-04-23 11:22:47,2489.55,998636
2021-04-23 11:22:49,2489.9,998736
2021-04-23 11:22:50,2489.9,998736
2021-04-23 11:22:51,2488.95,998739
2021-04-23 11:22:52,2488.95,998769
2021-04-23 11:22:52,2490.1,999069
2021-04-23 11:22:53,2490.15,999306
2021-04-23 11:22:54,2488.95,999390
2021-04-23 11:22:55,2488.95,999390
2021-04-23 11:22:56,2488.9,999420
2021-04-23 11:22:57,2488.95,999421
2021-04-23 11:22:58,2488.95,999421
2021-04-23 11:22:59,2488.95,999423
2021-04-23 11:23:01,2488.7,999583
2021-04-23 11:23:02,2489.5,999636
2021-04-23 11:23:03,2489.0,999648
2021-04-23 11:23:03,2489.0,999648
2021-04-23 11:23:04,2489.0,999648
2021-04-23 11:23:05,2489.0,999648
2021-04-23 11:23:06,2489.5,999670
2021-04-23 11:23:08,2489.35,999820
2021-04-23 11:23:09,2488.35,999878
2021-04-23 11:23:10,2488.35,999878
2021-04-23 11:23:11,2488.1,999986
2021-04-23 11:23:12,2488.15,999988
2021-04-23 11:23:12,2488.1,999998
2021-04-23 11:23:13,2488.1,999998
2021-04-23 11:23:14,2488.1,999998
2021-04-23 11:23:15,2488.1,999998
2021-04-23 11:23:17,2488.15,1000022
2021-04-23 11:23:18,2488.15,1000072
2021-04-23 11:23:19,2489.0,1000197
2021-04-23 11:23:20,2488.1,1000222
2021-04-23 11:23:21,2489.3,1000898
2021-04-23 11:23:21,2489.0,1000726
2021-04-23 11:23:22,2489.3,1000918
2021-04-23 11:23:23,2488.1,1000944
2021-04-23 11:23:24,2488.1,1000944
2021-04-23 11:23:25,2489.45,1000985
2021-04-23 11:23:26,2489.5,1000994
2021-04-23 11:23:27,2489.5,1001005
2021-04-23 11:23:28,2489.5,1001005
2021-04-23 11:23:29,2488.35,1001055
2021-04-23 11:23:31,2489.35,1001075
2021-04-23 11:23:32,2488.35,1001077
2021-04-23 11:23:33,2488.35,1001087
2021-04-23 11:23:34,2489.3,1001121
2021-04-23 11:23:35,2489.3,1001121
2021-04-23 11:23:36,2488.35,1001123
2021-04-23 11:23:37,2488.35,1001123
2021-04-23 11:23:37,2488.35,1001123
2021-04-23 11:23:38,2488.35,1001232
2021-04-23 11:23:39,2489.3,1001240
2021-04-23 11:23:40,2488.8,1001241
2021-04-23 11:23:41,2488.8,1001283
2021-04-23 11:23:42,2486.6,1002451
2021-04-23 11:23:44,2486.3,1002710
2021-04-23 11:23:45,2487.0,1002711
2021-04-23 11:23:46,2487.0,1002969
2021-04-23 11:23:47,2487.5,1003000
2021-04-23 11:23:47,2486.3,1003010
2021-04-23 11:23:48,2486.3,1003020
2021-04-23 11:23:50,2486.2,1003051
2021-04-23 11:23:51,2486.05,1003061
2021-04-23 11:23:51,2485.6,1003355
2021-04-23 11:23:53,2485.4,1003473
2021-04-23 11:23:53,2486.8,1003549
2021-04-23 11:23:54,2486.8,1003591
2021-04-23 11:23:56,2486.4,1003762
2021-04-23 11:23:57,2486.6,1003802
2021-04-23 11:23:58,2485.5,1003812
2021-04-23 11:23:58,2485.5,1003812
2021-04-23 11:23:59,2486.7,1003837
2021-04-23 11:24:00,2486.35,1003864
2021-04-23 11:24:02,2486.55,1003920
2021-04-23 11:24:03,2487.85,1003953
2021-04-23 11:24:04,2487.35,1003991
2021-04-23 11:24:05,2486.95,1004012
2021-04-23 11:24:06,2487.95,1004178
2021-04-23 11:24:07,2487.25,1004241
2021-04-23 11:24:08,2487.25,1004244
2021-04-23 11:24:09,2489.0,1004724
2021-04-23 11:24:10,2488.9,1004827
2021-04-23 11:24:11,2488.9,1004827
2021-04-23 11:24:12,2489.0,1004919
2021-04-23 11:24:13,2489.0,1005017
2021-04-23 11:24:14,2487.6,1005038
2021-04-23 11:24:15,2488.95,1005044
2021-04-23 11:24:15,2488.95,1005044
2021-04-23 11:24:17,2488.95,1005044
2021-04-23 11:24:19,2488.4,1005055
2021-04-23 11:24:20,2488.4,1005055
2021-04-23 11:24:21,2488.4,1005055
2021-04-23 11:24:22,2489.0,1005199
2021-04-23 11:24:22,2488.4,1005155
2021-04-23 11:24:23,2489.0,1005213
2021-04-23 11:24:25,2489.0,1005223
2021-04-23 11:24:26,2488.4,1005264
2021-04-23 11:24:27,2488.4,1005264
2021-04-23 11:24:27,2488.4,1005264
2021-04-23 11:24:29,2488.4,1005267
2021-04-23 11:24:30,2488.4,1005267
2021-04-23 11:24:31,2488.4,1005267
2021-04-23 11:24:32,2488.4,1005287
2021-04-23 11:24:33,2488.4,1005289
2021-04-23 11:24:34,2488.4,1005309
2021-04-23 11:24:35,2488.4,1005309
2021-04-23 11:24:36,2488.75,1005310
2021-04-23 11:24:37,2488.75,1005356
2021-04-23 11:24:38,2487.9,1005484
2021-04-23 11:24:39,2487.1,1005621
2021-04-23 11:24:40,2487.2,1005622
2021-04-23 11:24:41,2487.2,1005622
2021-04-23 11:24:42,2486.7,1005646
2021-04-23 11:24:42,2486.7,1005646
2021-04-23 11:24:43,2486.7,1005647
2021-04-23 11:24:44,2486.7,1005647
2021-04-23 11:24:46,2486.7,1005647
2021-04-23 11:24:47,2486.7,1005647
2021-04-23 11:24:48,2486.7,1005647
2021-04-23 11:24:49,2486.7,1005652
2021-04-23 11:24:50,2487.2,1005830
2021-04-23 11:24:51,2487.8,1005880
2021-04-23 11:24:52,2486.5,1005882
2021-04-23 11:24:53,2487.2,1005889
2021-04-23 11:24:54,2487.2,1005889
2021-04-23 11:24:55,2487.2,1005889
2021-04-23 11:24:56,2487.6,1005904
2021-04-23 11:24:57,2487.6,1005904
2021-04-23 11:24:58,2487.6,1005904
2021-04-23 11:24:59,2487.6,1005904
2021-04-23 11:25:00,2488.05,1005905
2021-04-23 11:25:01,2488.1,1005906
2021-04-23 11:25:03,2487.6,1005926
2021-04-23 11:25:04,2487.6,1005937
2021-04-23 11:25:05,2487.55,1006057
2021-04-23 11:25:05,2487.55,1006057
2021-04-23 11:25:06,2487.55,1006117
2021-04-23 11:25:07,2487.55,1006117
2021-04-23 11:25:09,2487.55,1006117
2021-04-23 11:25:10,2488.0,1006162
2021-04-23 11:25:11,2488.0,1006262
2021-04-23 11:25:12,2488.0,1006291
2021-04-23 11:25:13,2488.0,1006349
2021-04-23 11:25:14,2487.0,1009249
2021-04-23 11:25:15,2486.95,1010704
2021-04-23 11:25:16,2487.0,1011204
2021-04-23 11:25:17,2487.7,1011386
2021-04-23 11:25:18,2488.0,1011406
2021-04-23 11:25:19,2488.0,1011408
2021-04-23 11:25:20,2488.0,1011408
2021-04-23 11:25:21,2488.8,1011462
2021-04-23 11:25:22,2488.8,1011462
2021-04-23 11:25:23,2489.0,1011544
2021-04-23 11:25:24,2488.95,1011545
2021-04-23 11:25:25,2489.0,1011602
2021-04-23 11:25:26,2489.0,1011622
2021-04-23 11:25:27,2489.0,1011627
2021-04-23 11:25:28,2487.0,1012516
2021-04-23 11:25:29,2487.0,1012694
2021-04-23 11:25:30,2486.95,1012707
2021-04-23 11:25:31,2487.0,1012761
2021-04-23 11:25:32,2487.0,1012761
2021-04-23 11:25:33,2487.0,1012811
2021-04-23 11:25:34,2487.0,1012822
2021-04-23 11:25:35,2487.0,1012822
2021-04-23 11:25:36,2487.0,1013335
2021-04-23 11:25:37,2487.0,1013455
2021-04-23 11:25:38,2487.0,1013455
2021-04-23 11:25:39,2487.0,1013555
2021-04-23 11:25:40,2486.95,1013602
2021-04-23 11:25:41,2487.0,1013829
2021-04-23 11:25:42,2486.95,1013931
2021-04-23 11:25:43,2487.0,1015613
2021-04-23 11:25:44,2487.0,1016586
2021-04-23 11:25:45,2487.05,1016820
2021-04-23 11:25:46,2488.55,1016880
2021-04-23 11:25:47,2486.0,1018670
2021-04-23 11:25:48,2486.0,1018968
2021-04-23 11:25:49,2486.0,1019183
2021-04-23 11:25:50,2486.0,1019183
2021-04-23 11:25:51,2486.0,1019183
2021-04-23 11:25:53,2486.0,1020118
2021-04-23 11:25:53,2486.0,1020108
2021-04-23 11:25:54,2485.95,1020126
2021-04-23 11:25:56,2486.0,1020127
2021-04-23 11:25:57,2486.0,1020142
2021-04-23 11:25:58,2486.0,1020332
2021-04-23 11:25:59,2486.0,1020352
2021-04-23 11:26:00,2486.0,1020452
2021-04-23 11:26:01,2485.95,1020600
2021-04-23 11:26:02,2485.95,1020600
2021-04-23 11:26:03,2486.0,1020846
2021-04-23 11:26:04,2485.95,1020867
2021-04-23 11:26:05,2485.95,1020869
2021-04-23 11:26:06,2485.95,1020869
2021-04-23 11:26:07,2485.4,1020892
2021-04-23 11:26:08,2485.95,1020922
2021-04-23 11:26:09,2485.95,1020922
2021-04-23 11:26:10,2485.4,1022614
2021-04-23 11:26:11,2485.7,1022846
2021-04-23 11:26:12,2485.6,1022997
2021-04-23 11:26:13,2484.95,1023027
2021-04-23 11:26:13,2484.95,1023027
2021-04-23 11:26:14,2484.95,1023027
2021-04-23 11:26:15,2485.05,1023075
2021-04-23 11:26:16,2485.05,1023075
2021-04-23 11:26:17,2485.05,1023075
2021-04-23 11:26:19,2485.9,1023085
2021-04-23 11:26:20,2485.9,1023085
2021-04-23 11:26:21,2485.9,1023085
2021-04-23 11:26:22,2485.4,1023102
2021-04-23 11:26:23,2485.95,1023108
2021-04-23 11:26:23,2485.95,1023108
2021-04-23 11:26:24,2485.95,1023108
2021-04-23 11:26:25,2485.95,1023109
2021-04-23 11:26:27,2485.95,1023135
2021-04-23 11:26:28,2485.0,1024289
2021-04-23 11:26:29,2484.95,1024480
2021-04-23 11:26:30,2485.0,1024544
2021-04-23 11:26:31,2484.95,1024547
2021-04-23 11:26:32,2485.0,1026811
2021-04-23 11:26:33,2484.2,1027464
2021-04-23 11:26:34,2484.3,1027719
2021-04-23 11:26:35,2484.3,1027813
2021-04-23 11:26:36,2485.55,1027834
2021-04-23 11:26:37,2486.0,1028315
2021-04-23 11:26:38,2485.05,1028693
2021-04-23 11:26:39,2486.0,1028765
2021-04-23 11:26:40,2486.0,1028766
2021-04-23 11:26:41,2486.0,1028766
2021-04-23 11:26:42,2485.7,1028768
2021-04-23 11:26:43,2486.0,1028770
2021-04-23 11:26:44,2485.05,1028900
2021-04-23 11:26:45,2486.0,1028940
2021-04-23 11:26:46,2485.6,1028972
2021-04-23 11:26:48,2485.1,1028983
2021-04-23 11:26:49,2485.05,1029005
2021-04-23 11:26:50,2485.05,1029015
2021-04-23 11:26:51,2485.0,1029080
2021-04-23 11:26:52,2485.65,1029081
2021-04-23 11:26:53,2485.0,1029431
2021-04-23 11:26:54,2484.25,1029441
2021-04-23 11:26:55,2485.0,1029488
2021-04-23 11:26:56,2485.0,1029490
2021-04-23 11:26:57,2485.0,1029546
2021-04-23 11:26:58,2486.0,1029694
2021-04-23 11:26:59,2486.0,1029694
2021-04-23 11:27:00,2485.65,1029700
2021-04-23 11:27:01,2485.65,1029700
2021-04-23 11:27:02,2485.7,1029750
2021-04-23 11:27:03,2485.7,1029789
2021-04-23 11:27:04,2485.7,1029799
2021-04-23 11:27:05,2485.65,1029800
2021-04-23 11:27:07,2485.65,1029830
2021-04-23 11:27:08,2485.65,1029830
2021-04-23 11:27:09,2485.65,1029830
2021-04-23 11:27:10,2485.7,1029831
2021-04-23 11:27:11,2485.7,1029831
2021-04-23 11:27:12,2485.7,1029831
2021-04-23 11:27:13,2486.0,1029931
2021-04-23 11:27:14,2486.0,1029968
2021-04-23 11:27:15,2486.0,1029972
2021-04-23 11:27:16,2485.7,1030008
2021-04-23 11:27:17,2486.0,1030016
2021-04-23 11:27:18,2486.0,1030016
2021-04-23 11:27:19,2485.7,1030036
2021-04-23 11:27:20,2485.7,1030036
2021-04-23 11:27:21,2486.85,1030278
2021-04-23 11:27:22,2485.9,1030352
2021-04-23 11:27:23,2486.85,1030395
2021-04-23 11:27:24,2485.75,1030513
2021-04-23 11:27:25,2486.8,1030529
2021-04-23 11:27:26,2486.8,1030529
2021-04-23 11:27:27,2486.8,1030529
2021-04-23 11:27:28,2485.85,1030758
2021-04-23 11:27:29,2487.05,1030835
2021-04-23 11:27:30,2487.05,1030835
2021-04-23 11:27:31,2487.05,1030835
2021-04-23 11:27:32,2487.05,1030835
2021-04-23 11:27:33,2487.25,1030879
2021-04-23 11:27:34,2486.25,1030906
2021-04-23 11:27:35,2487.3,1030913
2021-04-23 11:27:36,2487.6,1030964
2021-04-23 11:27:37,2486.1,1031052
2021-04-23 11:27:38,2486.1,1031052
2021-04-23 11:27:39,2486.1,1031052
2021-04-23 11:27:40,2486.8,1031067
2021-04-23 11:27:41,2487.65,1031077
2021-04-23 11:27:42,2487.65,1031077
2021-04-23 11:27:43,2486.8,1031079
2021-04-23 11:27:44,2487.7,1031109
2021-04-23 11:27:45,2487.7,1031115
2021-04-23 11:27:46,2487.6,1031148
2021-04-23 11:27:47,2487.6,1031159
2021-04-23 11:27:48,2487.6,1031159
2021-04-23 11:27:49,2487.6,1031159
2021-04-23 11:27:50,2488.05,1031259
2021-04-23 11:27:51,2488.05,1031259
2021-04-23 11:27:52,2486.5,1031290
2021-04-23 11:27:53,2486.5,1031290
2021-04-23 11:27:54,2488.2,1031294
2021-04-23 11:27:55,2488.2,1031294
2021-04-23 11:27:56,2487.75,1031296
2021-04-23 11:27:57,2487.75,1031296
2021-04-23 11:27:58,2487.75,1031296
2021-04-23 11:27:59,2487.75,1031296
2021-04-23 11:28:00,2488.0,1031299
2021-04-23 11:28:01,2487.75,1031339
2021-04-23 11:28:02,2487.75,1031341
2021-04-23 11:28:03,2487.75,1031346
2021-04-23 11:28:04,2488.0,1031384
2021-04-23 11:28:05,2488.0,1031386
2021-04-23 11:28:06,2488.0,1031386
2021-04-23 11:28:07,2488.0,1031423
2021-04-23 11:28:08,2487.85,1031478
2021-04-23 11:28:09,2487.85,1031493
2021-04-23 11:28:10,2487.6,1031553
2021-04-23 11:28:11,2487.6,1031604
2021-04-23 11:28:12,2487.6,1031604
2021-04-23 11:28:13,2487.6,1031604
2021-04-23 11:28:14,2488.0,1031614
2021-04-23 11:28:15,2488.0,1031614
2021-04-23 11:28:16,2488.0,1031615
2021-04-23 11:28:17,2488.0,1031625
2021-04-23 11:28:18,2487.25,1031876
2021-04-23 11:28:19,2488.0,1031916
2021-04-23 11:28:20,2487.6,1031923
2021-04-23 11:28:21,2487.6,1031924
2021-04-23 11:28:22,2487.6,1031924
2021-04-23 11:28:23,2487.6,1031927
2021-04-23 11:28:24,2487.6,1031927
2021-04-23 11:28:25,2487.0,1032027
2021-04-23 11:28:26,2487.0,1032027
2021-04-23 11:28:27,2487.0,1032027
2021-04-23 11:28:28,2487.0,1032027
2021-04-23 11:28:29,2487.0,1032027
2021-04-23 11:28:30,2486.7,1032072
2021-04-23 11:28:31,2487.7,1032075
2021-04-23 11:28:32,2486.9,1032085
2021-04-23 11:28:33,2486.9,1032085
2021-04-23 11:28:34,2487.75,1032086
2021-04-23 11:28:35,2487.75,1032086
2021-04-23 11:28:36,2487.75,1032086
2021-04-23 11:28:37,2487.75,1032086
2021-04-23 11:28:39,2486.95,1032120
2021-04-23 11:28:39,2487.0,1032096
2021-04-23 11:28:40,2486.95,1032138
2021-04-23 11:28:41,2487.3,1032139
2021-04-23 11:28:42,2487.3,1032141
2021-04-23 11:28:43,2487.3,1032161
2021-04-23 11:28:44,2486.55,1032273
2021-04-23 11:28:46,2487.95,1032318
2021-04-23 11:28:46,2487.95,1032318
2021-04-23 11:28:47,2487.05,1032328
2021-04-23 11:28:48,2487.05,1032328
2021-04-23 11:28:49,2487.05,1032328
2021-04-23 11:28:50,2487.05,1032328
2021-04-23 11:28:51,2487.95,1032333
2021-04-23 11:28:52,2487.95,1032333
2021-04-23 11:28:54,2488.0,1032352
2021-04-23 11:28:55,2488.0,1032352
2021-04-23 11:28:56,2488.0,1032352
2021-04-23 11:28:56,2488.0,1032352
2021-04-23 11:28:57,2487.25,1032353
2021-04-23 11:28:58,2487.25,1032353
2021-04-23 11:28:59,2487.25,1032365
2021-04-23 11:29:00,2487.25,1032395
2021-04-23 11:29:02,2487.25,1032410
2021-04-23 11:29:03,2487.25,1032410
2021-04-23 11:29:04,2487.9,1032434
2021-04-23 11:29:05,2487.6,1032564
2021-04-23 11:29:05,2487.55,1032619
2021-04-23 11:29:06,2487.55,1032619
2021-04-23 11:29:07,2487.55,1032622
2021-04-23 11:29:08,2487.55,1032622
2021-04-23 11:29:10,2487.5,1032633
2021-04-23 11:29:10,2487.5,1032633
2021-04-23 11:29:12,2486.5,1032741
2021-04-23 11:29:13,2487.45,1032742
2021-04-23 11:29:14,2487.45,1032742
2021-04-23 11:29:16,2487.45,1032742
2021-04-23 11:29:16,2487.45,1032742
2021-04-23 11:29:17,2487.45,1032742
2021-04-23 11:29:18,2486.6,1032744
2021-04-23 11:29:19,2486.6,1032754
2021-04-23 11:29:20,2486.6,1032754
2021-04-23 11:29:22,2486.6,1032755
2021-04-23 11:29:22,2486.6,1032755
2021-04-23 11:29:23,2486.55,1032817
2021-04-23 11:29:24,2486.55,1032817
2021-04-23 11:29:25,2487.0,1032827
2021-04-23 11:29:26,2487.0,1032827
2021-04-23 11:29:27,2487.0,1032827
2021-04-23 11:29:28,2487.0,1032827
2021-04-23 11:29:30,2487.0,1032909
2021-04-23 11:29:30,2487.0,1032956
2021-04-23 11:29:31,2487.1,1032958
2021-04-23 11:29:32,2487.1,1033058
2021-04-23 11:29:33,2486.0,1033238
2021-04-23 11:29:34,2487.1,1033359
2021-04-23 11:29:35,2487.1,1033359
2021-04-23 11:29:37,2486.2,1033360
2021-04-23 11:29:37,2486.2,1033360
2021-04-23 11:29:38,2486.05,1033398
2021-04-23 11:29:39,2486.05,1033398
2021-04-23 11:29:40,2486.55,1033402
2021-04-23 11:29:41,2486.7,1033444
2021-04-23 11:29:43,2486.0,1033526
2021-04-23 11:29:43,2486.0,1033526
2021-04-23 11:29:44,2486.7,1033565
2021-04-23 11:29:45,2486.7,1033565
2021-04-23 11:29:46,2486.0,1033591
2021-04-23 11:29:47,2486.0,1033591
2021-04-23 11:29:48,2486.0,1033601
2021-04-23 11:29:50,2486.7,1033613
2021-04-23 11:29:50,2486.7,1033633
2021-04-23 11:29:51,2486.7,1033633
2021-04-23 11:29:52,2486.7,1033633
2021-04-23 11:29:53,2486.7,1033686
2021-04-23 11:29:54,2486.0,1033744
2021-04-23 11:29:55,2486.0,1033746
2021-04-23 11:29:56,2486.0,1033746
2021-04-23 11:29:57,2486.0,1033756
2021-04-23 11:29:58,2486.0,1033761
2021-04-23 11:29:59,2486.95,1033773
2021-04-23 11:30:00,2486.95,1033773
2021-04-23 11:30:01,2486.95,1033773
2021-04-23 11:30:03,2487.0,1033833
2021-04-23 11:30:03,2487.0,1033833
2021-04-23 11:30:04,2487.0,1033833
2021-04-23 11:30:05,2486.55,1033837
2021-04-23 11:30:06,2487.0,1033877
2021-04-23 11:30:08,2487.0,1033877
2021-04-23 11:30:08,2487.0,1033877
2021-04-23 11:30:09,2487.05,1033978
2021-04-23 11:30:10,2486.15,1034090
2021-04-23 11:30:11,2486.15,1034190
2021-04-23 11:30:12,2486.15,1034200
2021-04-23 11:30:13,2486.15,1034200
2021-04-23 11:30:14,2486.15,1034212
2021-04-23 11:30:15,2486.15,1034212
2021-04-23 11:30:16,2486.15,1034212
2021-04-23 11:30:17,2486.15,1034231
2021-04-23 11:30:18,2486.15,1034248
2021-04-23 11:30:19,2486.15,1034248
2021-04-23 11:30:21,2486.15,1034248
2021-04-23 11:30:22,2487.3,1034340
2021-04-23 11:30:22,2486.15,1034255
2021-04-23 11:30:23,2487.25,1034345
2021-04-23 11:30:24,2486.15,1034353
2021-04-23 11:30:25,2487.25,1034385
2021-04-23 11:30:26,2487.25,1034385
2021-04-23 11:30:27,2486.15,1034485
2021-04-23 11:30:28,2486.15,1034485
2021-04-23 11:30:29,2487.3,1034585
2021-04-23 11:30:31,2487.3,1034585
2021-04-23 11:30:31,2487.3,1034585
2021-04-23 11:30:32,2487.3,1034585
2021-04-23 11:30:33,2486.2,1034624
2021-04-23 11:30:34,2486.15,1034689
2021-04-23 11:30:35,2486.15,1034689
2021-04-23 11:30:37,2486.2,1034702
2021-04-23 11:30:37,2486.2,1034702
2021-04-23 11:30:38,2486.2,1034702
2021-04-23 11:30:39,2486.15,1034772
2021-04-23 11:30:40,2486.15,1034772
2021-04-23 11:30:42,2487.05,1034774
2021-04-23 11:30:43,2485.0,1035203
2021-04-23 11:30:43,2485.8,1035264
2021-04-23 11:30:44,2484.85,1035549
2021-04-23 11:30:45,2484.55,1035571
2021-04-23 11:30:46,2485.0,1035574
2021-04-23 11:30:48,2484.25,1035594
2021-04-23 11:30:49,2484.75,1035632
2021-04-23 11:30:49,2484.75,1035632
2021-04-23 11:30:50,2484.75,1035632
2021-04-23 11:30:51,2484.95,1035732
2021-04-23 11:30:52,2484.2,1035733
2021-04-23 11:30:54,2484.2,1035733
2021-04-23 11:30:55,2484.2,1035733
2021-04-23 11:30:55,2484.2,1035733
2021-04-23 11:30:56,2484.9,1035778
2021-04-23 11:30:57,2484.9,1035778
2021-04-23 11:30:59,2482.15,1037459
2021-04-23 11:31:00,2483.05,1038027
2021-04-23 11:31:00,2483.6,1038128
2021-04-23 11:31:01,2482.45,1038132
2021-04-23 11:31:02,2484.0,1038232
2021-04-23 11:31:03,2484.05,1038271
2021-04-23 11:31:05,2484.1,1038274
2021-04-23 11:31:06,2484.05,1038293
2021-04-23 11:31:06,2484.05,1038293
2021-04-23 11:31:07,2483.15,1038303
2021-04-23 11:31:08,2484.05,1038324
2021-04-23 11:31:10,2484.05,1038330
2021-04-23 11:31:11,2485.95,1038607
2021-04-23 11:31:11,2486.1,1038698
2021-04-23 11:31:12,2484.45,1039042
2021-04-23 11:31:13,2484.2,1039232
2021-04-23 11:31:14,2484.4,1039299
2021-04-23 11:31:16,2484.4,1039299
2021-04-23 11:31:17,2484.05,1039425
2021-04-23 11:31:17,2484.05,1039425
2021-04-23 11:31:18,2484.15,1039436
2021-04-23 11:31:19,2485.55,1039440
2021-04-23 11:31:20,2484.25,1039629
2021-04-23 11:31:21,2484.25,1039629
2021-04-23 11:31:25,2486.65,1039809
2021-04-23 11:31:26,2487.0,1040189
2021-04-23 11:31:27,2485.65,1040280
2021-04-23 11:31:27,2485.65,1040280
2021-04-23 11:31:29,2485.65,1040350
2021-04-23 11:31:29,2485.65,1040350
2021-04-23 11:31:30,2485.7,1040352
2021-04-23 11:31:31,2485.7,1040352
2021-04-23 11:31:33,2485.7,1040352
2021-04-23 11:31:34,2485.7,1040452
2021-04-23 11:31:34,2486.95,1040502
2021-04-23 11:31:35,2486.9,1040530
2021-04-23 11:31:36,2486.7,1040578
2021-04-23 11:31:38,2485.7,1040585
2021-04-23 11:31:39,2486.9,1040586
2021-04-23 11:31:40,2487.15,1041632
2021-04-23 11:31:40,2487.9,1041904
2021-04-23 11:31:41,2488.0,1042324
2021-04-23 11:31:42,2488.6,1042336
2021-04-23 11:31:44,2488.65,1042340
2021-04-23 11:31:45,2489.0,1042357
2021-04-23 11:31:45,2489.0,1042357
2021-04-23 11:31:46,2489.0,1042379
2021-04-23 11:31:47,2489.0,1042479
2021-04-23 11:31:49,2488.65,1042489
2021-04-23 11:31:50,2489.35,1042606
2021-04-23 11:31:50,2489.35,1042686
2021-04-23 11:31:51,2488.65,1042780
2021-04-23 11:31:52,2488.65,1042780
2021-04-23 11:31:54,2488.65,1042826
2021-04-23 11:31:55,2488.65,1042826
2021-04-23 11:31:56,2488.65,1042826
2021-04-23 11:31:56,2488.65,1042826
2021-04-23 11:31:58,2488.65,1043276
2021-04-23 11:31:58,2488.65,1043276
2021-04-23 11:31:59,2488.65,1043276
2021-04-23 11:32:00,2488.65,1043276
2021-04-23 11:32:01,2488.9,1043336
2021-04-23 11:32:03,2488.9,1043336
2021-04-23 11:32:03,2488.9,1043336
2021-04-23 11:32:04,2487.6,1043388
2021-04-23 11:32:05,2487.6,1043388
2021-04-23 11:32:06,2487.6,1043388
2021-04-23 11:32:07,2487.6,1043388
2021-04-23 11:32:08,2487.65,1043389
2021-04-23 11:32:09,2487.65,1043389
2021-04-23 11:32:10,2488.65,1043390
2021-04-23 11:32:12,2488.15,1043420
2021-04-23 11:32:13,2488.95,1043435
2021-04-23 11:32:13,2488.95,1043445
2021-04-23 11:32:14,2489.0,1043486
2021-04-23 11:32:15,2489.0,1043486
2021-04-23 11:32:17,2489.0,1043486
2021-04-23 11:32:18,2489.0,1043493
2021-04-23 11:32:18,2489.0,1043486
2021-04-23 11:32:19,2488.3,1043547
2021-04-23 11:32:20,2488.3,1043547
2021-04-23 11:32:21,2489.05,1043565
2021-04-23 11:32:22,2489.0,1043615
2021-04-23 11:32:24,2489.0,1043615
2021-04-23 11:32:25,2489.05,1043625
2021-04-23 11:32:25,2489.05,1043625
2021-04-23 11:32:26,2489.75,1043675
2021-04-23 11:32:27,2489.05,1043723
2021-04-23 11:32:29,2489.95,1043807
2021-04-23 11:32:30,2489.4,1043809
2021-04-23 11:32:31,2489.4,1043809
2021-04-23 11:32:31,2489.4,1043809
2021-04-23 11:32:32,2491.15,1045083
2021-04-23 11:32:33,2491.6,1045367
2021-04-23 11:32:35,2491.8,1045482
2021-04-23 11:32:36,2491.8,1045511
2021-04-23 11:32:37,2491.85,1045621
2021-04-23 11:32:37,2491.95,1045669
2021-04-23 11:32:38,2490.3,1045670
2021-04-23 11:32:39,2491.85,1045678
2021-04-23 11:32:40,2491.05,1045688
2021-04-23 11:32:41,2491.85,1045764
2021-04-23 11:32:43,2491.95,1045784
2021-04-23 11:32:44,2491.8,1045821
2021-04-23 11:32:44,2491.8,1045821
2021-04-23 11:32:45,2491.75,1045945
2021-04-23 11:32:46,2489.0,1046311
2021-04-23 11:32:47,2489.95,1046526
2021-04-23 11:32:48,2489.9,1046528
2021-04-23 11:32:49,2489.9,1046528
2021-04-23 11:32:51,2490.0,1046591
2021-04-23 11:32:52,2490.0,1046592
2021-04-23 11:32:53,2488.4,1046712
2021-04-23 11:32:53,2489.6,1046749
2021-04-23 11:32:54,2489.6,1046801
2021-04-23 11:32:55,2489.6,1046807
2021-04-23 11:32:56,2489.95,1046837
2021-04-23 11:32:58,2489.95,1046837
2021-04-23 11:32:59,2490.25,1047137
2021-04-23 11:33:00,2490.2,1047218
2021-04-23 11:33:01,2489.25,1047243
2021-04-23 11:33:01,2490.2,1047218
2021-04-23 11:33:02,2489.35,1047303
2021-04-23 11:33:03,2489.35,1047403
2021-04-23 11:33:05,2490.35,1047453
2021-04-23 11:33:06,2489.35,1047458
2021-04-23 11:33:07,2490.65,1047478
2021-04-23 11:33:07,2489.35,1047479
2021-04-23 11:33:08,2490.65,1047499
2021-04-23 11:33:10,2490.65,1047509
2021-04-23 11:33:11,2490.65,1047609
2021-04-23 11:33:12,2490.15,1047730
2021-04-23 11:33:13,2490.15,1047731
2021-04-23 11:33:14,2491.1,1047765
2021-04-23 11:33:14,2491.1,1047765
2021-04-23 11:33:15,2491.45,1047806
2021-04-23 11:33:16,2489.0,1048001
2021-04-23 11:33:17,2490.15,1048045
2021-04-23 11:33:18,2490.15,1048045
2021-04-23 11:33:20,2490.15,1048045
2021-04-23 11:33:21,2490.15,1048045
2021-04-23 11:33:22,2490.15,1048045
2021-04-23 11:33:23,2489.5,1048065
2021-04-23 11:33:23,2490.2,1048075
2021-04-23 11:33:24,2489.5,1048097
2021-04-23 11:33:26,2489.5,1048107
2021-04-23 11:33:27,2489.5,1048107
2021-04-23 11:33:28,2490.15,1048117
2021-04-23 11:33:29,2489.5,1048139
2021-04-23 11:33:30,2489.5,1048139
2021-04-23 11:33:31,2489.5,1048139
2021-04-23 11:33:32,2491.0,1048239
2021-04-23 11:33:32,2490.15,1048285
2021-04-23 11:33:33,2490.15,1048285
2021-04-23 11:33:34,2490.15,1048285
2021-04-23 11:33:36,2491.05,1048298
2021-04-23 11:33:37,2490.15,1048300
2021-04-23 11:33:38,2490.15,1048300
2021-04-23 11:33:39,2491.1,1048353
2021-04-23 11:33:39,2490.15,1048383
2021-04-23 11:33:40,2489.5,1049565
2021-04-23 11:33:41,2490.0,1049611
2021-04-23 11:33:43,2490.0,1049611
2021-04-23 11:33:44,2489.5,1049613
2021-04-23 11:33:45,2490.2,1049703
2021-04-23 11:33:46,2490.2,1049703
2021-04-23 11:33:46,2489.5,1049708
2021-04-23 11:33:47,2489.5,1049708
2021-04-23 11:33:48,2490.75,1049718
2021-04-23 11:33:49,2491.0,1049726
2021-04-23 11:33:51,2489.95,1049844
2021-04-23 11:33:52,2490.9,1049897
2021-04-23 11:33:53,2490.9,1049897
2021-04-23 11:33:54,2490.9,1049904
2021-04-23 11:33:54,2490.9,1049904
2021-04-23 11:33:55,2490.95,1049909
2021-04-23 11:33:56,2490.95,1049909
2021-04-23 11:33:57,2490.95,1049909
2021-04-23 11:33:59,2490.1,1049939
2021-04-23 11:34:00,2490.7,1049959
2021-04-23 11:34:01,2490.1,1049985
2021-04-23 11:34:01,2490.1,1049985
2021-04-23 11:34:03,2490.65,1050187
2021-04-23 11:34:05,2490.65,1050187
2021-04-23 11:34:06,2489.45,1050219
2021-04-23 11:34:07,2489.95,1050220
2021-04-23 11:34:07,2489.95,1050220
2021-04-23 11:34:08,2490.6,1050230
2021-04-23 11:34:09,2490.6,1050230
2021-04-23 11:34:10,2490.65,1050431
2021-04-23 11:34:12,2489.95,1050499
2021-04-23 11:34:13,2489.95,1050499
2021-04-23 11:34:14,2489.95,1050499
2021-04-23 11:34:14,2489.95,1050499
2021-04-23 11:34:16,2489.95,1050499
2021-04-23 11:34:16,2489.95,1050499
2021-04-23 11:34:17,2490.0,1050612
2021-04-23 11:34:18,2490.0,1050612
2021-04-23 11:34:19,2490.0,1050612
2021-04-23 11:34:20,2490.0,1050612
2021-04-23 11:34:21,2489.95,1050904
2021-04-23 11:34:23,2490.7,1051022
2021-04-23 11:34:24,2490.7,1051022
2021-04-23 11:34:25,2490.7,1051022
2021-04-23 11:34:26,2490.7,1051022
2021-04-23 11:34:27,2489.0,1051042
2021-04-23 11:34:28,2489.0,1051042
2021-04-23 11:34:29,2489.3,1051045
2021-04-23 11:34:29,2489.0,1051042
2021-04-23 11:34:30,2489.3,1051045
2021-04-23 11:34:31,2489.15,1051472
2021-04-23 11:34:33,2489.05,1051774
2021-04-23 11:34:34,2490.55,1051831
2021-04-23 11:34:35,2490.55,1051831
2021-04-23 11:34:36,2490.0,1051832
2021-04-23 11:34:36,2490.0,1051832
2021-04-23 11:34:37,2490.0,1051832
2021-04-23 11:34:38,2490.0,1051832
2021-04-23 11:34:40,2489.25,1051834
2021-04-23 11:34:43,2490.0,1051836
2021-04-23 11:34:44,2490.0,1051840
2021-04-23 11:34:45,2490.5,1051860
2021-04-23 11:34:46,2490.5,1051860
2021-04-23 11:34:47,2489.35,1051893
2021-04-23 11:34:48,2489.3,1051993
2021-04-23 11:34:49,2490.55,1052035
2021-04-23 11:34:50,2490.55,1052035
2021-04-23 11:34:51,2490.55,1052035
2021-04-23 11:34:53,2490.55,1052035
2021-04-23 11:34:54,2490.55,1052035
2021-04-23 11:34:55,2490.55,1052035
2021-04-23 11:34:55,2490.45,1052036
2021-04-23 11:34:56,2490.45,1052036
2021-04-23 11:34:57,2490.45,1052042
2021-04-23 11:34:59,2489.05,1052102
2021-04-23 11:35:00,2490.0,1052117
2021-04-23 11:35:01,2490.0,1052117
2021-04-23 11:35:01,2490.0,1052117
2021-04-23 11:35:02,2490.0,1052117
2021-04-23 11:35:04,2490.0,1052117
2021-04-23 11:35:05,2489.35,1052167
2021-04-23 11:35:05,2489.35,1052167
2021-04-23 11:35:06,2489.35,1052193
2021-04-23 11:35:08,2489.35,1052245
2021-04-23 11:35:09,2490.0,1052275
2021-04-23 11:35:10,2489.65,1052277
2021-04-23 11:35:11,2489.65,1052277
2021-04-23 11:35:12,2490.0,1052287
2021-04-23 11:35:12,2490.0,1052287
2021-04-23 11:35:14,2489.0,1052337
2021-04-23 11:35:15,2489.0,1052337
2021-04-23 11:35:15,2490.0,1052350
2021-04-23 11:35:16,2489.0,1052420
2021-04-23 11:35:18,2489.0,1052454
2021-04-23 11:35:18,2489.0,1052454
2021-04-23 11:35:19,2489.0,1052454
2021-04-23 11:35:20,2490.0,1052476
2021-04-23 11:35:21,2490.0,1052476
2021-04-23 11:35:23,2489.0,1052482
2021-04-23 11:35:24,2489.0,1052482
2021-04-23 11:35:25,2489.0,1052483
2021-04-23 11:35:26,2490.0,1052493
2021-04-23 11:35:27,2489.0,1052495
2021-04-23 11:35:27,2489.0,1052495
2021-04-23 11:35:28,2489.0,1052495
2021-04-23 11:35:30,2489.0,1052497
2021-04-23 11:35:31,2490.0,1052577
2021-04-23 11:35:32,2489.0,1052584
2021-04-23 11:35:33,2490.0,1052591
2021-04-23 11:35:34,2490.0,1052591
2021-04-23 11:35:35,2490.0,1052591
2021-04-23 11:35:36,2489.0,1052594
2021-04-23 11:35:36,2489.0,1052594
2021-04-23 11:35:37,2489.0,1052896
2021-04-23 11:35:39,2489.95,1052974
2021-04-23 11:35:40,2489.45,1053004
2021-04-23 11:35:41,2489.45,1053044
2021-04-23 11:35:42,2490.0,1053046
2021-04-23 11:35:43,2489.9,1053078
2021-04-23 11:35:44,2489.9,1053078
2021-04-23 11:35:45,2489.9,1053114
2021-04-23 11:35:45,2489.9,1053128
2021-04-23 11:35:47,2489.05,1053190
2021-04-23 11:35:48,2489.05,1053190
2021-04-23 11:35:48,2489.05,1053190
2021-04-23 11:35:50,2489.45,1053256
2021-04-23 11:35:50,2489.45,1053256
2021-04-23 11:35:51,2490.0,1053411
2021-04-23 11:35:52,2490.0,1053411
2021-04-23 11:35:54,2489.95,1053471
2021-04-23 11:35:55,2489.95,1053471
2021-04-23 11:35:56,2489.95,1053471
2021-04-23 11:35:57,2489.95,1053473
2021-04-23 11:35:58,2490.0,1053514
2021-04-23 11:35:58,2490.0,1053514
2021-04-23 11:36:00,2489.95,1053564
2021-04-23 11:36:01,2489.95,1053564
2021-04-23 11:36:02,2490.0,1053624
2021-04-23 11:36:03,2489.95,1053626
2021-04-23 11:36:04,2489.95,1053630
2021-04-23 11:36:05,2489.95,1053630
2021-04-23 11:36:05,2489.95,1053630
2021-04-23 11:36:06,2489.95,1053630
2021-04-23 11:36:07,2489.95,1053630
2021-04-23 11:36:08,2489.95,1053630
2021-04-23 11:36:10,2489.95,1053630
2021-04-23 11:36:11,2490.0,1053631
2021-04-23 11:36:12,2490.0,1053731
2021-04-23 11:36:13,2490.0,1053823
2021-04-23 11:36:14,2490.0,1053833
2021-04-23 11:36:15,2489.95,1053834
2021-04-23 11:36:16,2489.95,1053834
2021-04-23 11:36:18,2490.7,1054184
2021-04-23 11:36:19,2490.05,1054300
2021-04-23 11:36:20,2490.05,1054325
2021-04-23 11:36:21,2490.05,1054325
2021-04-23 11:36:22,2491.0,1054340
2021-04-23 11:36:22,2491.0,1054340
2021-04-23 11:36:24,2490.05,1054370
2021-04-23 11:36:25,2490.05,1054370
2021-04-23 11:36:26,2491.0,1054375
2021-04-23 11:36:27,2491.0,1054451
2021-04-23 11:36:28,2491.0,1054451
2021-04-23 11:36:28,2491.0,1054451
2021-04-23 11:36:30,2491.0,1054502
2021-04-23 11:36:31,2491.0,1054502
2021-04-23 11:36:32,2491.0,1054502
2021-04-23 11:36:33,2491.0,1054502
2021-04-23 11:36:33,2491.0,1054502
2021-04-23 11:36:35,2490.1,1054504
2021-04-23 11:36:36,2490.1,1054504
2021-04-23 11:36:37,2490.1,1054504
2021-04-23 11:36:38,2491.0,1054564
2021-04-23 11:36:40,2491.0,1054921
2021-04-23 11:36:40,2491.0,1055021
2021-04-23 11:36:41,2491.0,1055022
2021-04-23 11:36:43,2491.0,1055122
2021-04-23 11:36:44,2491.0,1055122
2021-04-23 11:36:45,2491.0,1055122
2021-04-23 11:36:46,2491.0,1055122
2021-04-23 11:36:47,2490.35,1055247
2021-04-23 11:36:48,2491.0,1055441
2021-04-23 11:36:48,2490.4,1055438
2021-04-23 11:36:51,2490.4,1055506
2021-04-23 11:36:52,2490.4,1055506
2021-04-23 11:36:53,2490.4,1055508
2021-04-23 11:36:53,2490.4,1055508
2021-04-23 11:36:54,2490.4,1055508
2021-04-23 11:36:56,2491.0,1055565
2021-04-23 11:36:57,2490.5,1055626
2021-04-23 11:36:58,2490.5,1055626
2021-04-23 11:36:59,2491.0,1055637
2021-04-23 11:37:00,2491.0,1055637
2021-04-23 11:37:01,2491.0,1055637
2021-04-23 11:37:02,2490.95,1055643
2021-04-23 11:37:03,2490.95,1055644
2021-04-23 11:37:03,2490.95,1055644
2021-04-23 11:37:05,2490.95,1055644
2021-04-23 11:37:06,2490.95,1055644
2021-04-23 11:37:07,2490.95,1055644
2021-04-23 11:37:08,2490.5,1055664
2021-04-23 11:37:09,2491.0,1055707
2021-04-23 11:37:10,2490.7,1055711
2021-04-23 11:37:11,2490.7,1055711
2021-04-23 11:37:12,2490.7,1055713
2021-04-23 11:37:13,2490.7,1055713
2021-04-23 11:37:14,2491.0,1055797
2021-04-23 11:37:15,2490.7,1055847
2021-04-23 11:37:16,2489.6,1061317
2021-04-23 11:37:17,2490.0,1061727
2021-04-23 11:37:18,2490.0,1061877
2021-04-23 11:37:19,2490.0,1062089
2021-04-23 11:37:20,2489.05,1062139
2021-04-23 11:37:21,2489.05,1062139
2021-04-23 11:37:22,2489.05,1062139
2021-04-23 11:37:23,2490.0,1062144
2021-04-23 11:37:24,2490.0,1062146
2021-04-23 11:37:25,2490.0,1062146
2021-04-23 11:37:26,2490.0,1062146
2021-04-23 11:37:27,2490.0,1062156
2021-04-23 11:37:28,2489.6,1062241
2021-04-23 11:37:29,2489.6,1062241
2021-04-23 11:37:31,2490.0,1062291
2021-04-23 11:37:30,2489.6,1062241
2021-04-23 11:37:32,2489.6,1062292
2021-04-23 11:37:33,2489.6,1062292
2021-04-23 11:37:34,2489.6,1062292
2021-04-23 11:37:35,2489.6,1062292
2021-04-23 11:37:36,2490.0,1062477
2021-04-23 11:37:37,2490.0,1062551
2021-04-23 11:37:38,2490.0,1062551
2021-04-23 11:37:39,2489.0,1064523
2021-04-23 11:37:40,2489.0,1065557
2021-04-23 11:37:41,2489.0,1065769
2021-04-23 11:37:42,2489.0,1065816
2021-04-23 11:37:43,2489.0,1065816
2021-04-23 11:37:44,2488.95,1065817
2021-04-23 11:37:45,2489.0,1065827
2021-04-23 11:37:46,2489.0,1065827
2021-04-23 11:37:47,2489.0,1065827
2021-04-23 11:37:48,2489.0,1065827
2021-04-23 11:37:49,2489.0,1065837
2021-04-23 11:37:50,2488.9,1065839
2021-04-23 11:37:51,2488.55,1065919
2021-04-23 11:37:52,2489.0,1065959
2021-04-23 11:37:53,2489.0,1065960
2021-04-23 11:37:54,2489.0,1065960
2021-04-23 11:37:55,2489.0,1066013
2021-04-23 11:37:56,2488.5,1066113
2021-04-23 11:37:57,2489.0,1066118
2021-04-23 11:37:58,2489.0,1066155
2021-04-23 11:37:59,2489.0,1066160
2021-04-23 11:38:00,2489.0,1066160
2021-04-23 11:38:01,2488.55,1066162
2021-04-23 11:38:02,2488.25,1066412
2021-04-23 11:38:03,2489.0,1066468
2021-04-23 11:38:04,2489.0,1066468
2021-04-23 11:38:05,2489.0,1066473
2021-04-23 11:38:06,2489.0,1066473
2021-04-23 11:38:07,2488.55,1066495
2021-04-23 11:38:08,2488.55,1066495
2021-04-23 11:38:09,2488.55,1066510
2021-04-23 11:38:10,2489.0,1066594
2021-04-23 11:38:12,2488.3,1066644
2021-04-23 11:38:11,2489.0,1066594
2021-04-23 11:38:13,2488.6,1066690
2021-04-23 11:38:14,2488.6,1066690
2021-04-23 11:38:15,2488.6,1066690
2021-04-23 11:38:16,2488.6,1066692
2021-04-23 11:38:17,2488.6,1066692
2021-04-23 11:38:18,2488.6,1066723
2021-04-23 11:38:19,2488.6,1066723
2021-04-23 11:38:20,2488.6,1066724
2021-04-23 11:38:21,2488.55,1066728
2021-04-23 11:38:22,2488.55,1066731
2021-04-23 11:38:23,2488.55,1066731
2021-04-23 11:38:24,2488.5,1066732
2021-04-23 11:38:25,2488.5,1066732
2021-04-23 11:38:26,2488.0,1067445
2021-04-23 11:38:27,2488.0,1067621
2021-04-23 11:38:28,2487.6,1067721
2021-04-23 11:38:29,2488.0,1067783
2021-04-23 11:38:30,2488.0,1067783
2021-04-23 11:38:31,2488.0,1067962
2021-04-23 11:38:32,2488.0,1067962
2021-04-23 11:38:33,2488.0,1068163
2021-04-23 11:38:34,2488.0,1068163
2021-04-23 11:38:36,2488.0,1068168
2021-04-23 11:38:35,2488.0,1068168
2021-04-23 11:38:37,2487.6,1068169
2021-04-23 11:38:38,2488.0,1068178
2021-04-23 11:38:39,2487.95,1068183
2021-04-23 11:38:40,2487.95,1068184
2021-04-23 11:38:41,2487.5,1070283
2021-04-23 11:38:42,2487.5,1070684
2021-04-23 11:38:43,2487.5,1070760
2021-04-23 11:38:44,2487.5,1070765
2021-04-23 11:38:45,2487.5,1070765
2021-04-23 11:38:46,2487.5,1070765
2021-04-23 11:38:47,2486.85,1070886
2021-04-23 11:38:49,2486.0,1071119
2021-04-23 11:38:48,2487.05,1071002
2021-04-23 11:38:50,2486.0,1071164
2021-04-23 11:38:51,2486.0,1071364
2021-04-23 11:38:53,2486.95,1071466
2021-04-23 11:38:54,2486.95,1071531
2021-04-23 11:38:55,2486.05,1071532
2021-04-23 11:38:56,2486.05,1071532
2021-04-23 11:38:57,2486.05,1071534
2021-04-23 11:38:58,2486.05,1071534
2021-04-23 11:38:59,2486.05,1071534
2021-04-23 11:39:00,2486.0,1072636
2021-04-23 11:39:01,2486.0,1072724
2021-04-23 11:39:02,2485.55,1072934
2021-04-23 11:39:03,2486.0,1072996
2021-04-23 11:39:04,2486.0,1072996
2021-04-23 11:39:05,2485.35,1073046
2021-04-23 11:39:06,2485.5,1073053
2021-04-23 11:39:07,2485.5,1073053
2021-04-23 11:39:08,2486.0,1073059
2021-04-23 11:39:09,2485.4,1073089
2021-04-23 11:39:10,2485.4,1073089
2021-04-23 11:39:12,2486.0,1073099
2021-04-23 11:39:11,2486.0,1073099
2021-04-23 11:39:13,2486.0,1073324
2021-04-23 11:39:14,2486.0,1073498
2021-04-23 11:39:15,2485.5,1073538
2021-04-23 11:39:17,2485.0,1075870
2021-04-23 11:39:17,2484.35,1075533
2021-04-23 11:39:18,2484.4,1075936
2021-04-23 11:39:19,2484.4,1075936
2021-04-23 11:39:20,2484.4,1075936
2021-04-23 11:39:21,2485.0,1075951
2021-04-23 11:39:22,2485.0,1076790
2021-04-23 11:39:24,2485.0,1076998
2021-04-23 11:39:24,2485.0,1077038
2021-04-23 11:39:25,2485.0,1077039
2021-04-23 11:39:26,2484.6,1077041
2021-04-23 11:39:28,2484.4,1079347
2021-04-23 11:39:30,2485.0,1080074
2021-04-23 11:39:30,2485.0,1079958
2021-04-23 11:39:31,2485.0,1080074
2021-04-23 11:39:32,2485.0,1080074
2021-04-23 11:39:33,2484.35,1080094
2021-04-23 11:39:35,2485.0,1080104
2021-04-23 11:39:36,2485.0,1080259
2021-04-23 11:39:37,2485.0,1080616
2021-04-23 11:39:38,2485.0,1080685
2021-04-23 11:39:39,2484.7,1080715
2021-04-23 11:39:40,2484.7,1080715
2021-04-23 11:39:42,2484.7,1080715
2021-04-23 11:39:42,2485.0,1080800
2021-04-23 11:39:43,2485.0,1080800
2021-04-23 11:39:44,2484.25,1080803
2021-04-23 11:39:45,2484.9,1080922
2021-04-23 11:39:47,2484.25,1081322
2021-04-23 11:39:47,2484.25,1081322
2021-04-23 11:39:48,2485.0,1081603
2021-04-23 11:39:49,2484.3,1083468
2021-04-23 11:39:50,2484.25,1083954
2021-04-23 11:39:51,2485.0,1084020
2021-04-23 11:39:52,2485.0,1084020
2021-04-23 11:39:53,2484.95,1084021
2021-04-23 11:39:55,2484.5,1084030
2021-04-23 11:39:55,2484.95,1084027
2021-04-23 11:39:56,2483.8,1084430
2021-04-23 11:39:57,2484.9,1084508
2021-04-23 11:39:58,2484.9,1084510
2021-04-23 11:40:00,2484.9,1084516
2021-04-23 11:40:00,2484.9,1084516
2021-04-23 11:40:01,2484.65,1084521
2021-04-23 11:40:02,2484.65,1084632
2021-04-23 11:40:03,2484.65,1084698
2021-04-23 11:40:05,2484.65,1084770
2021-04-23 11:40:07,2484.65,1084770
2021-04-23 11:40:07,2484.65,1084770
2021-04-23 11:40:08,2484.65,1084770
2021-04-23 11:40:09,2484.65,1084770
2021-04-23 11:40:10,2484.5,1084870
2021-04-23 11:40:12,2484.5,1084870
2021-04-23 11:40:13,2484.0,1085517
2021-04-23 11:40:13,2484.5,1085401
2021-04-23 11:40:14,2484.0,1085517
2021-04-23 11:40:15,2483.95,1085525
2021-04-23 11:40:16,2483.95,1085525
2021-04-23 11:40:17,2483.95,1085525
2021-04-23 11:40:19,2483.95,1085567
2021-04-23 11:40:19,2483.95,1085567
2021-04-23 11:40:20,2483.95,1085608
2021-04-23 11:40:21,2483.95,1085608
2021-04-23 11:40:22,2483.05,1085619
2021-04-23 11:40:23,2483.05,1085621
2021-04-23 11:40:24,2483.05,1085621
2021-04-23 11:40:26,2483.05,1085621
2021-04-23 11:40:26,2483.1,1085622
2021-04-23 11:40:27,2483.4,1086352
2021-04-23 11:40:28,2483.5,1086473
2021-04-23 11:40:29,2483.8,1086553
2021-04-23 11:40:31,2484.15,1086666
2021-04-23 11:40:33,2484.1,1086783
2021-04-23 11:40:33,2482.75,1086745
2021-04-23 11:40:34,2484.0,1086808
2021-04-23 11:40:35,2483.0,1086822
2021-04-23 11:40:36,2484.0,1086832
2021-04-23 11:40:37,2484.0,1086832
2021-04-23 11:40:39,2484.0,1086832
2021-04-23 11:40:39,2484.0,1086832
2021-04-23 11:40:40,2484.0,1086832
2021-04-23 11:40:41,2483.55,1086834
2021-04-23 11:40:42,2484.0,1086945
2021-04-23 11:40:43,2484.65,1086957
2021-04-23 11:40:44,2484.2,1086967
2021-04-23 11:40:46,2484.2,1086967
2021-04-23 11:40:46,2484.2,1086967
2021-04-23 11:40:47,2484.65,1087012
2021-04-23 11:40:48,2484.2,1087022
2021-04-23 11:40:49,2484.2,1087022
2021-04-23 11:40:50,2484.2,1087022
2021-04-23 11:40:52,2484.0,1087133
2021-04-23 11:40:52,2484.85,1087176
2021-04-23 11:40:53,2484.5,1087201
2021-04-23 11:40:54,2484.5,1087202
2021-04-23 11:40:55,2484.0,1087248
2021-04-23 11:40:56,2484.0,1087248
2021-04-23 11:40:57,2484.0,1087248
2021-04-23 11:40:58,2484.0,1087248
2021-04-23 11:40:59,2484.0,1087248
2021-04-23 11:41:01,2484.5,1087250
2021-04-23 11:41:01,2484.5,1087250
2021-04-23 11:41:02,2484.5,1087251
2021-04-23 11:41:03,2484.5,1087251
2021-04-23 11:41:04,2484.55,1087264
2021-04-23 11:41:05,2484.95,1087284
2021-04-23 11:41:06,2484.55,1087357
2021-04-23 11:41:07,2484.65,1087405
2021-04-23 11:41:08,2484.65,1087405
2021-04-23 11:41:09,2484.65,1087405
2021-04-23 11:41:10,2484.65,1087405
2021-04-23 11:41:11,2484.05,1087440
2021-04-23 11:41:12,2484.05,1087440
2021-04-23 11:41:13,2484.05,1087440
2021-04-23 11:41:14,2484.05,1087440
2021-04-23 11:41:15,2484.05,1087440
2021-04-23 11:41:16,2484.05,1087440
2021-04-23 11:41:17,2484.05,1087440
2021-04-23 11:41:18,2484.05,1087440
2021-04-23 11:41:20,2484.0,1087441
2021-04-23 11:41:21,2484.0,1087441
2021-04-23 11:41:21,2484.0,1087441
2021-04-23 11:41:22,2484.9,1087641
2021-04-23 11:41:23,2483.65,1087741
2021-04-23 11:41:24,2484.6,1087814
2021-04-23 11:41:25,2483.65,1087824
2021-04-23 11:41:26,2483.65,1087824
2021-04-23 11:41:28,2483.65,1087824
2021-04-23 11:41:29,2483.65,1087824
2021-04-23 11:41:29,2483.65,1087824
2021-04-23 11:41:30,2483.05,1087974
2021-04-23 11:41:31,2484.1,1088019
2021-04-23 11:41:32,2484.1,1088019
2021-04-23 11:41:33,2483.0,1088150
2021-04-23 11:41:34,2483.95,1088151
2021-04-23 11:41:36,2484.0,1088191
2021-04-23 11:41:37,2484.5,1088237
2021-04-23 11:41:37,2484.8,1088617
2021-04-23 11:41:38,2483.5,1088700
2021-04-23 11:41:39,2483.0,1088741
2021-04-23 11:41:41,2483.0,1088743
2021-04-23 11:41:42,2483.0,1088743
2021-04-23 11:41:42,2483.05,1088744
2021-04-23 11:41:43,2483.95,1088944
2021-04-23 11:41:44,2483.0,1089036
2021-04-23 11:41:45,2483.0,1089062
2021-04-23 11:41:46,2483.0,1089112
2021-04-23 11:41:47,2483.0,1089115
2021-04-23 11:41:48,2483.0,1089154
2021-04-23 11:41:50,2483.7,1089254
2021-04-23 11:41:51,2482.5,1089282
2021-04-23 11:41:51,2482.5,1089282
2021-04-23 11:41:52,2482.1,1089287
2021-04-23 11:41:53,2482.5,1089288
2021-04-23 11:41:54,2482.0,1089322
2021-04-23 11:41:55,2482.0,1089339
2021-04-23 11:41:57,2482.35,1089380
2021-04-23 11:41:58,2482.0,1089396
2021-04-23 11:41:58,2482.0,1089421
2021-04-23 11:41:59,2482.0,1089421
2021-04-23 11:42:00,2482.05,1089441
2021-04-23 11:42:01,2482.0,1090441
2021-04-23 11:42:02,2482.8,1090568
2021-04-23 11:42:04,2482.0,1090674
2021-04-23 11:42:05,2481.75,1090844
2021-04-23 11:42:05,2482.5,1091075
2021-04-23 11:42:06,2482.55,1091152
2021-04-23 11:42:08,2481.85,1091302
2021-04-23 11:42:09,2481.9,1091460
2021-04-23 11:42:10,2481.75,1091686
2021-04-23 11:42:10,2483.0,1091759
2021-04-23 11:42:11,2482.0,1092059
2021-04-23 11:42:12,2483.0,1092167
2021-04-23 11:42:13,2481.8,1092239
2021-04-23 11:42:14,2481.4,1092252
2021-04-23 11:42:15,2481.65,1092394
2021-04-23 11:42:16,2481.4,1092401
2021-04-23 11:42:17,2481.9,1092533
2021-04-23 11:42:18,2482.0,1092587
2021-04-23 11:42:21,2481.4,1093331
2021-04-23 11:42:22,2480.3,1093333
2021-04-23 11:42:23,2481.4,1093334
2021-04-23 11:42:24,2481.55,1093521
2021-04-23 11:42:24,2481.4,1093434
2021-04-23 11:42:25,2480.3,1093608
2021-04-23 11:42:26,2481.45,1093617
2021-04-23 11:42:28,2481.0,1094686
2021-04-23 11:42:29,2482.0,1094864
2021-04-23 11:42:30,2481.65,1094911
2021-04-23 11:42:31,2481.65,1094912
2021-04-23 11:42:32,2481.0,1094931
2021-04-23 11:42:32,2482.0,1094932
2021-04-23 11:42:33,2481.0,1095002
2021-04-23 11:42:34,2481.45,1095004
2021-04-23 11:42:35,2481.05,1095109
2021-04-23 11:42:36,2480.3,1095162
2021-04-23 11:42:37,2481.35,1095163
2021-04-23 11:42:38,2481.3,1095164
2021-04-23 11:42:39,2482.0,1095695
2021-04-23 11:42:40,2482.0,1095723
2021-04-23 11:42:41,2482.0,1096756
2021-04-23 11:42:42,2480.85,1098078
2021-04-23 11:42:43,2482.45,1098292
2021-04-23 11:42:45,2482.0,1098380
2021-04-23 11:42:46,2482.0,1098391
2021-04-23 11:42:46,2482.0,1098391
2021-04-23 11:42:47,2480.85,1098416
2021-04-23 11:42:48,2481.8,1098533
2021-04-23 11:42:49,2482.0,1098591
2021-04-23 11:42:50,2481.9,1098653
2021-04-23 11:42:51,2481.9,1098653
2021-04-23 11:42:52,2480.6,1098680
2021-04-23 11:42:53,2480.75,1098703
2021-04-23 11:42:54,2480.85,1098715
2021-04-23 11:42:55,2481.85,1098765
2021-04-23 11:42:56,2481.5,1098880
2021-04-23 11:42:58,2481.55,1098930
2021-04-23 11:42:59,2480.25,1098980
2021-04-23 11:43:01,2480.5,1099056
2021-04-23 11:43:02,2481.85,1099066
2021-04-23 11:43:03,2481.8,1099226
2021-04-23 11:43:04,2481.8,1099282
2021-04-23 11:43:05,2480.6,1099302
2021-04-23 11:43:06,2482.0,1099828
2021-04-23 11:43:06,2480.8,1099732
2021-04-23 11:43:07,2480.85,1099829
2021-04-23 11:43:08,2480.85,1099862
2021-04-23 11:43:09,2481.4,1099864
2021-04-23 11:43:10,2480.9,1099919
2021-04-23 11:43:11,2480.8,1099929
2021-04-23 11:43:13,2481.75,1099977
2021-04-23 11:43:14,2480.85,1099979
2021-04-23 11:43:15,2481.8,1099980
2021-04-23 11:43:16,2481.8,1099980
2021-04-23 11:43:18,2482.2,1100616
2021-04-23 11:43:18,2482.2,1100616
2021-04-23 11:43:19,2482.2,1100631
2021-04-23 11:43:20,2482.05,1100681
2021-04-23 11:43:22,2483.0,1100736
2021-04-23 11:43:24,2483.0,1100761
2021-04-23 11:43:25,2481.7,1100961
2021-04-23 11:43:26,2482.95,1101014
2021-04-23 11:43:26,2482.95,1101014
2021-04-23 11:43:27,2483.0,1101053
2021-04-23 11:43:28,2483.0,1101053
2021-04-23 11:43:31,2483.0,1101133
2021-04-23 11:43:31,2483.0,1101133
2021-04-23 11:43:33,2482.0,1101141
2021-04-23 11:43:34,2482.0,1101141
2021-04-23 11:43:35,2482.0,1101141
2021-04-23 11:43:36,2482.1,1101241
2021-04-23 11:43:37,2482.15,1101251
2021-04-23 11:43:38,2482.15,1101251
2021-04-23 11:43:39,2482.15,1101251
2021-04-23 11:43:40,2483.0,1101307
2021-04-23 11:43:41,2481.9,1101965
2021-04-23 11:43:43,2481.05,1102122
2021-04-23 11:43:43,2481.05,1102122
2021-04-23 11:43:44,2481.05,1102122
2021-04-23 11:43:45,2481.05,1102122
2021-04-23 11:43:46,2481.05,1102122
2021-04-23 11:43:47,2481.75,1102138
2021-04-23 11:43:49,2480.65,1102845
2021-04-23 11:43:50,2481.45,1102995
2021-04-23 11:43:51,2479.65,1105450
2021-04-23 11:43:52,2480.45,1105931
2021-04-23 11:43:53,2481.85,1105948
2021-04-23 11:43:54,2480.55,1106143
2021-04-23 11:43:54,2481.0,1106194
2021-04-23 11:43:55,2481.0,1106194
2021-04-23 11:43:57,2481.0,1106264
2021-04-23 11:43:58,2481.0,1106360
2021-04-23 11:43:59,2481.0,1106360
2021-04-23 11:44:00,2480.85,1106555
2021-04-23 11:44:01,2481.15,1106783
2021-04-23 11:44:02,2481.35,1106846
2021-04-23 11:44:02,2481.35,1106846
2021-04-23 11:44:03,2482.65,1106848
2021-04-23 11:44:05,2482.7,1106873
2021-04-23 11:44:06,2482.7,1106873
2021-04-23 11:44:07,2482.7,1106873
2021-04-23 11:44:08,2482.65,1106918
2021-04-23 11:44:08,2482.65,1106918
2021-04-23 11:44:09,2482.65,1106918
2021-04-23 11:44:11,2482.1,1107073
2021-04-23 11:44:12,2482.1,1107073
2021-04-23 11:44:13,2482.1,1107117
2021-04-23 11:44:14,2482.1,1107165
2021-04-23 11:44:14,2482.1,1107165
2021-04-23 11:44:15,2482.1,1107207
2021-04-23 11:44:16,2482.6,1107217
2021-04-23 11:44:18,2481.5,1107438
2021-04-23 11:44:19,2481.5,1107498
2021-04-23 11:44:20,2481.5,1107498
2021-04-23 11:44:21,2481.5,1107498
2021-04-23 11:44:22,2481.5,1107498
2021-04-23 11:44:23,2481.5,1107548
2021-04-23 11:44:25,2481.5,1107548
2021-04-23 11:44:26,2481.5,1107553
2021-04-23 11:44:27,2481.5,1107553
2021-04-23 11:44:28,2480.45,1107664
2021-04-23 11:44:29,2481.5,1107764
2021-04-23 11:44:30,2480.55,1107766
2021-04-23 11:44:30,2480.55,1107766
2021-04-23 11:44:31,2481.0,1107801
2021-04-23 11:44:33,2481.0,1107801
2021-04-23 11:44:34,2481.0,1107801
2021-04-23 11:44:35,2481.0,1107801
2021-04-23 11:44:36,2481.0,1107806
2021-04-23 11:44:37,2481.5,1107912
2021-04-23 11:44:38,2482.35,1107970
2021-04-23 11:44:39,2481.15,1108031
2021-04-23 11:44:40,2482.4,1108039
2021-04-23 11:44:40,2482.4,1108039
2021-04-23 11:44:41,2481.2,1108060
2021-04-23 11:44:42,2481.2,1108060
2021-04-23 11:44:43,2482.35,1108080
2021-04-23 11:44:45,2482.35,1108081
2021-04-23 11:44:46,2482.35,1108081
2021-04-23 11:44:47,2481.85,1108091
2021-04-23 11:44:48,2481.85,1108093
2021-04-23 11:44:48,2481.85,1108091
2021-04-23 11:44:49,2482.35,1108103
2021-04-23 11:44:50,2481.3,1108183
2021-04-23 11:44:51,2482.3,1108235
2021-04-23 11:44:52,2482.3,1108235
2021-04-23 11:44:54,2481.1,1108238
2021-04-23 11:44:55,2482.2,1108337
2021-04-23 11:44:56,2482.15,1108342
2021-04-23 11:44:57,2482.3,1108372
2021-04-23 11:44:58,2482.3,1108372
2021-04-23 11:44:59,2482.3,1108372
2021-04-23 11:45:00,2482.3,1108380
2021-04-23 11:45:01,2482.3,1108417
2021-04-23 11:45:01,2482.3,1108417
2021-04-23 11:45:02,2482.3,1108417
2021-04-23 11:45:03,2482.3,1108436
2021-04-23 11:45:04,2482.3,1108436
2021-04-23 11:45:06,2482.3,1108456
2021-04-23 11:45:07,2482.3,1108461
2021-04-23 11:45:08,2482.3,1108474
2021-04-23 11:45:09,2482.3,1108474
2021-04-23 11:45:10,2482.2,1108496
2021-04-23 11:45:11,2482.2,1108496
2021-04-23 11:45:12,2482.2,1108500
2021-04-23 11:45:13,2482.3,1108501
2021-04-23 11:45:14,2482.8,1108792
2021-04-23 11:45:14,2482.55,1108782
2021-04-23 11:45:15,2483.0,1108808
2021-04-23 11:45:16,2483.0,1108808
2021-04-23 11:45:17,2483.0,1108858
2021-04-23 11:45:18,2483.55,1109857
2021-04-23 11:45:19,2483.45,1110092
2021-04-23 11:45:21,2484.8,1110350
2021-04-23 11:45:22,2484.75,1110375
2021-04-23 11:45:23,2484.85,1110428
2021-04-23 11:45:24,2484.75,1110429
2021-04-23 11:45:25,2484.75,1110429
2021-04-23 11:45:25,2484.75,1110429
2021-04-23 11:45:26,2483.55,1111031
2021-04-23 11:45:27,2483.55,1111031
2021-04-23 11:45:28,2485.0,1111185
2021-04-23 11:45:29,2485.0,1111201
2021-04-23 11:45:30,2484.8,1111310
2021-04-23 11:45:32,2485.0,1111413
2021-04-23 11:45:32,2485.0,1111413
2021-04-23 11:45:34,2484.8,1111437
2021-04-23 11:45:35,2484.25,1111676
2021-04-23 11:45:36,2484.85,1112686
2021-04-23 11:45:37,2484.85,1112686
2021-04-23 11:45:38,2484.8,1112687
2021-04-23 11:45:39,2484.8,1112953
2021-04-23 11:45:40,2485.0,1113003
2021-04-23 11:45:41,2485.0,1113003
2021-04-23 11:45:42,2485.0,1113033
2021-04-23 11:45:43,2484.8,1113038
2021-04-23 11:45:44,2484.8,1113038
2021-04-23 11:45:44,2484.8,1113038
2021-04-23 11:45:46,2485.0,1113045
2021-04-23 11:45:47,2485.0,1113045
2021-04-23 11:45:48,2485.0,1113045
2021-04-23 11:45:49,2484.8,1113056
2021-04-23 11:45:50,2484.05,1113256
2021-04-23 11:45:51,2484.05,1113256
2021-04-23 11:45:52,2484.05,1113256
2021-04-23 11:45:53,2484.05,1113256
2021-04-23 11:45:54,2484.3,1113257
2021-04-23 11:45:55,2484.3,1113257
2021-04-23 11:45:56,2485.0,1113620
2021-04-23 11:45:57,2484.3,1113789
2021-04-23 11:45:57,2484.3,1113789
2021-04-23 11:45:59,2484.9,1113829
2021-04-23 11:46:00,2484.4,1113863
2021-04-23 11:46:02,2483.55,1114186
2021-04-23 11:46:03,2483.1,1114308
2021-04-23 11:46:04,2483.1,1114308
2021-04-23 11:46:05,2484.0,1114336
2021-04-23 11:46:06,2484.0,1114336
2021-04-23 11:46:07,2484.4,1114457
2021-04-23 11:46:08,2484.4,1114457
2021-04-23 11:46:09,2484.4,1114472
2021-04-23 11:46:10,2484.05,1114473
2021-04-23 11:46:11,2484.05,1114473
2021-04-23 11:46:12,2484.05,1114473
2021-04-23 11:46:13,2484.05,1114485
2021-04-23 11:46:14,2484.05,1114485
2021-04-23 11:46:15,2484.05,1114505
2021-04-23 11:46:16,2484.05,1114555
2021-04-23 11:46:17,2484.4,1114673
2021-04-23 11:46:18,2484.4,1114673
2021-04-23 11:46:18,2484.05,1114768
2021-04-23 11:46:19,2484.2,1114805
2021-04-23 11:46:21,2484.2,1114807
2021-04-23 11:46:22,2484.2,1114822
2021-04-23 11:46:23,2484.2,1114822
2021-04-23 11:46:24,2484.0,1114825
2021-04-23 11:46:25,2484.0,1114825
2021-04-23 11:46:26,2484.0,1114825
2021-04-23 11:46:26,2484.0,1114825
2021-04-23 11:46:28,2484.0,1114825
2021-04-23 11:46:29,2484.0,1114825
2021-04-23 11:46:30,2483.25,1114894
2021-04-23 11:46:31,2484.4,1114895
2021-04-23 11:46:32,2483.85,1114919
2021-04-23 11:46:33,2483.85,1114919
2021-04-23 11:46:33,2483.85,1114919
2021-04-23 11:46:34,2483.2,1114952
2021-04-23 11:46:36,2483.2,1114952
2021-04-23 11:46:37,2483.2,1114952
2021-04-23 11:46:38,2483.65,1114968
2021-04-23 11:46:39,2483.7,1115007
2021-04-23 11:46:40,2483.7,1115012
2021-04-23 11:46:41,2483.7,1115012
2021-04-23 11:46:42,2483.7,1115012
2021-04-23 11:46:43,2483.4,1115053
2021-04-23 11:46:44,2483.0,1115183
2021-04-23 11:46:45,2483.0,1115183
2021-04-23 11:46:45,2483.0,1115183
2021-04-23 11:46:47,2483.0,1115183
2021-04-23 11:46:48,2483.0,1115183
2021-04-23 11:46:49,2483.0,1115183
2021-04-23 11:46:50,2483.0,1115203
2021-04-23 11:46:51,2483.0,1115203
2021-04-23 11:46:52,2482.85,1115538
2021-04-23 11:46:53,2483.05,1115564
2021-04-23 11:46:54,2481.7,1115814
2021-04-23 11:46:54,2482.75,1115893
2021-04-23 11:46:56,2481.55,1115899
2021-04-23 11:46:57,2481.0,1115945
2021-04-23 11:46:58,2482.2,1116033
2021-04-23 11:46:59,2481.0,1116183
2021-04-23 11:47:00,2480.35,1116548
2021-04-23 11:47:00,2480.35,1116529
2021-04-23 11:47:01,2480.35,1116550
2021-04-23 11:47:02,2480.35,1116550
2021-04-23 11:47:03,2480.35,1116550
2021-04-23 11:47:05,2480.35,1116550
2021-04-23 11:47:06,2480.45,1116575
2021-04-23 11:47:07,2480.55,1116743
2021-04-23 11:47:08,2480.5,1116818
2021-04-23 11:47:09,2481.95,1116865
2021-04-23 11:47:10,2480.7,1116886
2021-04-23 11:47:11,2480.75,1116894
2021-04-23 11:47:12,2481.95,1116896
2021-04-23 11:47:13,2480.85,1116941
2021-04-23 11:47:14,2480.85,1116941
2021-04-23 11:47:14,2480.85,1116941
2021-04-23 11:47:15,2480.85,1116942
2021-04-23 11:47:16,2482.05,1116992
2021-04-23 11:47:18,2480.85,1117003
2021-04-23 11:47:19,2480.85,1117003
2021-04-23 11:47:20,2481.9,1117008
2021-04-23 11:47:21,2480.9,1117010
2021-04-23 11:47:22,2480.95,1117063
2021-04-23 11:47:23,2480.6,1117124
2021-04-23 11:47:24,2480.6,1117124
2021-04-23 11:47:25,2480.7,1117130
2021-04-23 11:47:26,2480.7,1117130
2021-04-23 11:47:27,2481.5,1117136
2021-04-23 11:47:28,2480.4,1117240
2021-04-23 11:47:28,2481.45,1117238
2021-04-23 11:47:30,2480.4,1117240
2021-04-23 11:47:31,2480.4,1117245
2021-04-23 11:47:32,2480.4,1117245
2021-04-23 11:47:33,2480.6,1117247
2021-04-23 11:47:34,2481.75,1117497
2021-04-23 11:47:35,2480.35,1117740
2021-04-23 11:47:36,2480.45,1117788
2021-04-23 11:47:37,2480.45,1117788
2021-04-23 11:47:38,2480.45,1117788
2021-04-23 11:47:39,2481.0,1117795
2021-04-23 11:47:39,2481.0,1117795
2021-04-23 11:47:41,2481.0,1117795
2021-04-23 11:47:42,2481.0,1117795
2021-04-23 11:47:43,2481.0,1117795
2021-04-23 11:47:44,2480.4,1117815
2021-04-23 11:47:45,2481.65,1117821
2021-04-23 11:47:46,2480.6,1117832
2021-04-23 11:47:47,2480.4,1118733
2021-04-23 11:47:48,2481.8,1118929
2021-04-23 11:47:49,2481.0,1118993
2021-04-23 11:47:50,2481.0,1118993
2021-04-23 11:47:51,2481.0,1118995
2021-04-23 11:47:52,2481.0,1119071
2021-04-23 11:47:53,2480.25,1119545
2021-04-23 11:47:54,2481.7,1119653
2021-04-23 11:47:55,2481.7,1119653
2021-04-23 11:47:56,2480.7,1119658
2021-04-23 11:47:57,2481.75,1119709
2021-04-23 11:47:58,2480.7,1119710
2021-04-23 11:47:59,2481.9,1119714
2021-04-23 11:48:00,2481.9,1119714
2021-04-23 11:48:01,2481.9,1119714
2021-04-23 11:48:02,2481.9,1119714
2021-04-23 11:48:03,2481.9,1119714
2021-04-23 11:48:04,2480.85,1119716
2021-04-23 11:48:05,2481.65,1119788
2021-04-23 11:48:07,2481.7,1119837
2021-04-23 11:48:06,2481.7,1119837
2021-04-23 11:48:08,2480.8,1120022
2021-04-23 11:48:09,2481.9,1120066
2021-04-23 11:48:10,2481.9,1120066
2021-04-23 11:48:11,2481.9,1120066
2021-04-23 11:48:12,2481.9,1120066
2021-04-23 11:48:13,2481.8,1120067
2021-04-23 11:48:14,2481.8,1120074
2021-04-23 11:48:15,2480.55,1120084
2021-04-23 11:48:16,2480.55,1120084
2021-04-23 11:48:17,2481.9,1120189
2021-04-23 11:48:18,2481.8,1120193
2021-04-23 11:48:19,2480.6,1120243
2021-04-23 11:48:21,2481.9,1120285
2021-04-23 11:48:22,2480.8,1120295
2021-04-23 11:48:24,2480.85,1120300
2021-04-23 11:48:23,2480.85,1120300
2021-04-23 11:48:25,2481.9,1120301
2021-04-23 11:48:26,2480.85,1120391
2021-04-23 11:48:27,2480.85,1120391
2021-04-23 11:48:28,2480.85,1120391
2021-04-23 11:48:29,2481.9,1120406
2021-04-23 11:48:30,2480.85,1120441
2021-04-23 11:48:31,2481.9,1120479
2021-04-23 11:48:32,2481.9,1120479
2021-04-23 11:48:33,2481.9,1120921
2021-04-23 11:48:34,2481.9,1121013
2021-04-23 11:48:35,2481.9,1121014
2021-04-23 11:48:36,2482.5,1121456
2021-04-23 11:48:38,2481.6,1121563
2021-04-23 11:48:39,2481.6,1121563
2021-04-23 11:48:40,2482.05,1121620
2021-04-23 11:48:41,2482.05,1121620
2021-04-23 11:48:42,2481.9,1121631
2021-04-23 11:48:43,2481.9,1121631
2021-04-23 11:48:44,2481.9,1121661
2021-04-23 11:48:45,2483.05,1121942
2021-04-23 11:48:46,2483.45,1122066
2021-04-23 11:48:47,2483.45,1122066
