timestamp,ltp,volume
2021-04-23 10:59:58,2855.4,242909
2021-04-23 10:59:59,2854.15,242919
2021-04-23 11:00:00,2854.15,242919
2021-04-23 11:00:01,2854.15,242919
2021-04-23 11:00:01,2854.15,242919
2021-04-23 11:00:02,2855.65,243019
2021-04-23 11:00:03,2855.65,243019
2021-04-23 11:00:05,2855.65,243019
2021-04-23 11:00:06,2855.0,243028
2021-04-23 11:00:07,2855.0,243028
2021-04-23 11:00:08,2855.0,243028
2021-04-23 11:00:09,2855.5,243048
2021-04-23 11:00:09,2855.5,243048
2021-04-23 11:00:11,2855.5,243048
2021-04-23 11:00:12,2855.5,243048
2021-04-23 11:00:13,2855.5,243048
2021-04-23 11:00:14,2855.5,243048
2021-04-23 11:00:15,2855.25,243105
2021-04-23 11:00:16,2856.45,243140
2021-04-23 11:00:17,2856.45,243140
2021-04-23 11:00:18,2856.45,243140
2021-04-23 11:00:19,2856.45,243140
2021-04-23 11:00:21,2856.45,243140
2021-04-23 11:00:22,2856.45,243140
2021-04-23 11:00:23,2856.45,243140
2021-04-23 11:00:24,2856.45,243140
2021-04-23 11:00:25,2856.45,243140
2021-04-23 11:00:25,2856.45,243140
2021-04-23 11:00:28,2854.75,243219
2021-04-23 11:00:26,2856.45,243140
2021-04-23 11:00:29,2856.0,243220
2021-04-23 11:00:30,2856.35,243228
2021-04-23 11:00:31,2856.35,243228
2021-04-23 11:00:32,2856.35,243228
2021-04-23 11:00:34,2856.35,243228
2021-04-23 11:00:35,2855.0,243233
2021-04-23 11:00:36,2855.0,243233
2021-04-23 11:00:36,2855.65,243244
2021-04-23 11:00:37,2855.65,243244
2021-04-23 11:00:38,2855.65,243244
2021-04-23 11:00:40,2855.55,243248
2021-04-23 11:00:41,2855.55,243248
2021-04-23 11:00:42,2854.25,243258
2021-04-23 11:00:44,2854.25,243258
2021-04-23 11:00:45,2854.25,243258
2021-04-23 11:00:45,2854.25,243258
2021-04-23 11:00:46,2854.25,243258
2021-04-23 11:00:47,2855.7,243259
2021-04-23 11:00:48,2855.7,243259
2021-04-23 11:00:50,2855.9,243287
2021-04-23 11:00:51,2855.05,243290
2021-04-23 11:00:52,2856.0,243295
2021-04-23 11:00:54,2855.65,243335
2021-04-23 11:00:55,2855.65,243335
2021-04-23 11:00:56,2855.0,243336
2021-04-23 11:00:57,2855.85,243338
2021-04-23 11:00:58,2855.65,243348
2021-04-23 11:00:59,2855.65,243350
2021-04-23 11:01:00,2855.65,243350
2021-04-23 11:01:01,2855.65,243350
2021-04-23 11:01:02,2855.65,243350
2021-04-23 11:01:03,2856.0,243400
2021-04-23 11:01:04,2856.0,243400
2021-04-23 11:01:05,2856.0,243400
2021-04-23 11:01:06,2856.25,243401
2021-04-23 11:01:07,2856.35,243403
2021-04-23 11:01:08,2856.35,243403
2021-04-23 11:01:09,2856.35,243403
2021-04-23 11:01:10,2855.0,243404
2021-04-23 11:01:11,2855.95,243414
2021-04-23 11:01:12,2855.95,243414
2021-04-23 11:01:13,2855.0,243425
2021-04-23 11:01:14,2855.0,243425
2021-04-23 11:01:15,2855.0,243425
2021-04-23 11:01:16,2855.0,243425
2021-04-23 11:01:18,2856.3,243625
2021-04-23 11:01:18,2856.3,243625
2021-04-23 11:01:19,2856.3,243625
2021-04-23 11:01:20,2856.3,243625
2021-04-23 11:01:21,2856.3,243625
2021-04-23 11:01:22,2856.3,243625
2021-04-23 11:01:23,2856.3,243625
2021-04-23 11:01:24,2856.3,243625
2021-04-23 11:01:25,2856.3,243625
2021-04-23 11:01:26,2856.3,243625
2021-04-23 11:01:27,2856.3,243625
2021-04-23 11:01:28,2855.95,243627
2021-04-23 11:01:29,2855.95,243656
2021-04-23 11:01:30,2855.95,243656
2021-04-23 11:01:31,2855.0,243923
2021-04-23 11:01:32,2855.45,243924
2021-04-23 11:01:34,2855.5,243934
2021-04-23 11:01:35,2855.5,243934
2021-04-23 11:01:36,2855.5,243934
2021-04-23 11:01:37,2855.5,243934
2021-04-23 11:01:37,2855.5,243934
2021-04-23 11:01:39,2855.5,243934
2021-04-23 11:01:40,2855.5,243934
2021-04-23 11:01:41,2855.0,243937
2021-04-23 11:01:42,2855.0,243937
2021-04-23 11:01:42,2855.0,243957
2021-04-23 11:01:44,2855.2,243982
2021-04-23 11:01:45,2855.2,243982
2021-04-23 11:01:46,2855.2,243982
2021-04-23 11:01:47,2855.2,243982
2021-04-23 11:01:48,2855.2,243982
2021-04-23 11:01:49,2855.2,243982
2021-04-23 11:01:50,2855.2,243993
2021-04-23 11:01:51,2855.2,243993
2021-04-23 11:01:52,2855.2,243993
2021-04-23 11:01:53,2855.2,243993
2021-04-23 11:01:54,2855.2,243993
2021-04-23 11:01:55,2855.2,243993
2021-04-23 11:01:57,2855.45,243994
2021-04-23 11:01:57,2855.45,243994
2021-04-23 11:01:58,2855.45,243994
2021-04-23 11:02:00,2855.45,243994
2021-04-23 11:02:01,2855.45,243994
2021-04-23 11:02:02,2855.45,243994
2021-04-23 11:02:03,2855.45,243994
2021-04-23 11:02:04,2855.45,243994
2021-04-23 11:02:04,2855.45,243994
2021-04-23 11:02:05,2855.45,243994
2021-04-23 11:02:07,2855.45,243994
2021-04-23 11:02:07,2855.45,243994
2021-04-23 11:02:08,2855.45,243994
2021-04-23 11:02:09,2855.2,244005
2021-04-23 11:02:11,2856.0,244107
2021-04-23 11:02:12,2856.5,244228
2021-04-23 11:02:13,2856.5,244228
2021-04-23 11:02:14,2856.5,244228
2021-04-23 11:02:16,2856.5,244228
2021-04-23 11:02:17,2856.5,244228
2021-04-23 11:02:18,2856.5,244228
2021-04-23 11:02:19,2856.15,244229
2021-04-23 11:02:20,2856.15,244229
2021-04-23 11:02:21,2857.0,244230
2021-04-23 11:02:21,2857.0,244230
2021-04-23 11:02:22,2857.0,244230
2021-04-23 11:02:23,2857.0,244230
2021-04-23 11:02:25,2857.0,244230
2021-04-23 11:02:26,2857.0,244230
2021-04-23 11:02:27,2856.15,244247
2021-04-23 11:02:28,2856.15,244259
2021-04-23 11:02:29,2856.15,244259
2021-04-23 11:02:30,2856.15,244259
2021-04-23 11:02:31,2856.15,244259
2021-04-23 11:02:32,2856.1,244277
2021-04-23 11:02:33,2856.1,244277
2021-04-23 11:02:34,2856.85,244302
2021-04-23 11:02:34,2856.85,244302
2021-04-23 11:02:35,2856.85,244302
2021-04-23 11:02:36,2856.85,244302
2021-04-23 11:02:37,2856.85,244302
2021-04-23 11:02:38,2856.8,244327
2021-04-23 11:02:39,2856.8,244327
2021-04-23 11:02:41,2856.8,244327
2021-04-23 11:02:42,2856.8,244327
2021-04-23 11:02:44,2856.8,244327
2021-04-23 11:02:45,2856.8,244327
2021-04-23 11:02:46,2856.8,244327
2021-04-23 11:02:47,2856.1,244336
2021-04-23 11:02:48,2855.2,244338
2021-04-23 11:02:48,2855.2,244338
2021-04-23 11:02:49,2856.2,244390
2021-04-23 11:02:50,2856.2,244390
2021-04-23 11:02:51,2856.2,244390
2021-04-23 11:02:53,2856.2,244390
2021-04-23 11:02:53,2855.0,244392
2021-04-23 11:02:54,2855.0,244392
2021-04-23 11:02:56,2855.0,244392
2021-04-23 11:02:57,2855.0,244392
2021-04-23 11:02:58,2855.0,244392
2021-04-23 11:02:59,2854.15,244422
2021-04-23 11:03:00,2854.15,244422
2021-04-23 11:03:01,2854.15,244422
2021-04-23 11:03:01,2854.15,244422
2021-04-23 11:03:02,2854.15,244422
2021-04-23 11:03:03,2854.15,244422
2021-04-23 11:03:04,2854.15,244422
2021-04-23 11:03:06,2855.25,244433
2021-04-23 11:03:07,2855.25,244433
2021-04-23 11:03:08,2855.25,244433
2021-04-23 11:03:09,2855.25,244433
2021-04-23 11:03:10,2855.25,244433
2021-04-23 11:03:11,2855.25,244433
2021-04-23 11:03:12,2855.05,244435
2021-04-23 11:03:13,2855.25,244483
2021-04-23 11:03:14,2855.25,244483
2021-04-23 11:03:15,2855.25,244536
2021-04-23 11:03:16,2855.25,244536
2021-04-23 11:03:17,2855.25,244536
2021-04-23 11:03:18,2855.25,244536
2021-04-23 11:03:19,2855.25,244536
2021-04-23 11:03:20,2855.25,244536
2021-04-23 11:03:21,2855.25,244536
2021-04-23 11:03:22,2855.25,244536
2021-04-23 11:03:24,2855.25,244536
2021-04-23 11:03:25,2855.25,244536
2021-04-23 11:03:26,2855.2,244547
2021-04-23 11:03:27,2855.2,244547
2021-04-23 11:03:28,2855.2,244547
2021-04-23 11:03:29,2855.2,244547
2021-04-23 11:03:30,2855.2,244547
2021-04-23 11:03:31,2855.2,244547
2021-04-23 11:03:32,2856.2,244548
2021-04-23 11:03:33,2856.2,244548
2021-04-23 11:03:35,2856.2,244548
2021-04-23 11:03:36,2856.2,244548
2021-04-23 11:03:37,2856.2,244548
2021-04-23 11:03:38,2856.2,244548
2021-04-23 11:03:39,2856.2,244548
2021-04-23 11:03:40,2856.2,244548
2021-04-23 11:03:41,2856.2,244548
2021-04-23 11:03:42,2856.25,244551
2021-04-23 11:03:43,2856.25,244551
2021-04-23 11:03:44,2855.2,244553
2021-04-23 11:03:45,2855.2,244564
2021-04-23 11:03:46,2856.15,244569
2021-04-23 11:03:47,2856.15,244569
2021-04-23 11:03:48,2855.0,244586
2021-04-23 11:03:49,2855.2,244591
2021-04-23 11:03:50,2855.2,244591
2021-04-23 11:03:51,2855.2,244591
2021-04-23 11:03:52,2855.2,244591
2021-04-23 11:03:53,2855.2,244591
2021-04-23 11:03:54,2855.2,244591
2021-04-23 11:03:55,2855.2,244591
2021-04-23 11:03:57,2855.0,244592
2021-04-23 11:03:58,2855.0,244592
2021-04-23 11:03:59,2855.0,244592
2021-04-23 11:04:00,2855.0,244592
2021-04-23 11:04:01,2855.0,244592
2021-04-23 11:04:01,2855.0,244592
2021-04-23 11:04:03,2855.0,244592
2021-04-23 11:04:04,2855.0,244603
2021-04-23 11:04:05,2855.0,244603
2021-04-23 11:04:06,2855.0,244603
2021-04-23 11:04:07,2855.0,244603
2021-04-23 11:04:09,2855.0,244603
2021-04-23 11:04:10,2855.0,244603
2021-04-23 11:04:11,2855.0,244603
2021-04-23 11:04:11,2855.0,244603
2021-04-23 11:04:12,2855.2,244604
2021-04-23 11:04:13,2855.2,244604
2021-04-23 11:04:15,2855.2,244604
2021-04-23 11:04:16,2855.2,244604
2021-04-23 11:04:16,2855.2,244604
2021-04-23 11:04:17,2854.7,244704
2021-04-23 11:04:18,2854.7,244704
2021-04-23 11:04:19,2854.7,244704
2021-04-23 11:04:20,2854.7,244704
2021-04-23 11:04:21,2854.7,244704
2021-04-23 11:04:23,2854.05,244735
2021-04-23 11:04:24,2854.05,244735
2021-04-23 11:04:25,2854.05,244735
2021-04-23 11:04:26,2854.05,244735
2021-04-23 11:04:27,2855.15,244736
2021-04-23 11:04:28,2855.15,244736
2021-04-23 11:04:30,2855.15,244736
2021-04-23 11:04:31,2855.15,244736
2021-04-23 11:04:32,2855.15,244736
2021-04-23 11:04:34,2855.15,244736
2021-04-23 11:04:34,2855.15,244736
2021-04-23 11:04:35,2855.7,244768
2021-04-23 11:04:37,2855.7,244768
2021-04-23 11:04:38,2855.7,244768
2021-04-23 11:04:39,2855.7,244768
2021-04-23 11:04:40,2855.7,244768
2021-04-23 11:04:41,2855.7,244768
2021-04-23 11:04:42,2854.25,244779
2021-04-23 11:04:43,2854.25,244779
2021-04-23 11:04:44,2854.25,244779
2021-04-23 11:04:45,2854.25,244779
2021-04-23 11:04:46,2854.25,244779
2021-04-23 11:04:47,2855.15,244842
2021-04-23 11:04:48,2855.15,244842
2021-04-23 11:04:49,2855.15,244842
2021-04-23 11:04:50,2855.15,244842
2021-04-23 11:04:51,2855.15,244842
2021-04-23 11:04:52,2855.15,244842
2021-04-23 11:04:53,2855.15,244842
2021-04-23 11:04:54,2855.15,244842
2021-04-23 11:04:55,2855.15,244842
2021-04-23 11:04:56,2855.15,244842
2021-04-23 11:04:57,2855.15,244842
2021-04-23 11:04:58,2855.15,244842
2021-04-23 11:04:58,2855.15,244842
2021-04-23 11:05:00,2854.05,244860
2021-04-23 11:05:01,2854.05,244860
2021-04-23 11:05:02,2854.05,244860
2021-04-23 11:05:03,2854.05,244860
2021-04-23 11:05:04,2854.05,244860
2021-04-23 11:05:05,2854.05,244860
2021-04-23 11:05:06,2854.05,244860
2021-04-23 11:05:07,2854.05,244860
2021-04-23 11:05:08,2854.25,244870
2021-04-23 11:05:09,2854.25,244870
2021-04-23 11:05:10,2855.15,244886
2021-04-23 11:05:11,2855.2,244896
2021-04-23 11:05:12,2854.3,244897
2021-04-23 11:05:13,2855.7,244907
2021-04-23 11:05:14,2855.7,244907
2021-04-23 11:05:15,2855.85,244955
2021-04-23 11:05:16,2855.85,244955
2021-04-23 11:05:18,2857.4,245305
2021-04-23 11:05:19,2856.85,245356
2021-04-23 11:05:20,2856.85,245356
2021-04-23 11:05:22,2856.85,245356
2021-04-23 11:05:23,2858.2,245359
2021-04-23 11:05:24,2858.2,245359
2021-04-23 11:05:25,2856.95,245368
2021-04-23 11:05:26,2856.95,245368
2021-04-23 11:05:27,2858.3,245378
2021-04-23 11:05:28,2858.3,245378
2021-04-23 11:05:29,2858.3,245378
2021-04-23 11:05:30,2857.5,245488
2021-04-23 11:05:31,2857.5,245488
2021-04-23 11:05:32,2857.5,245488
2021-04-23 11:05:33,2857.5,245488
2021-04-23 11:05:34,2857.5,245488
2021-04-23 11:05:35,2857.5,245488
2021-04-23 11:05:36,2857.5,245488
2021-04-23 11:05:37,2857.5,245488
2021-04-23 11:05:38,2857.5,245488
2021-04-23 11:05:39,2855.95,245499
2021-04-23 11:05:40,2855.95,245499
2021-04-23 11:05:41,2855.95,245499
2021-04-23 11:05:42,2856.05,245515
2021-04-23 11:05:43,2856.05,245515
2021-04-23 11:05:44,2857.3,245526
2021-04-23 11:05:45,2857.3,245526
2021-04-23 11:05:46,2857.3,245526
2021-04-23 11:05:47,2857.3,245526
2021-04-23 11:05:48,2857.3,245526
2021-04-23 11:05:49,2857.3,245526
2021-04-23 11:05:50,2857.25,245528
2021-04-23 11:05:51,2857.75,245678
2021-04-23 11:05:53,2857.75,245678
2021-04-23 11:05:54,2857.75,245678
2021-04-23 11:05:55,2857.75,245678
2021-04-23 11:05:56,2855.25,245714
2021-04-23 11:05:57,2855.15,245725
2021-04-23 11:05:58,2855.15,245725
2021-04-23 11:05:59,2855.15,245725
2021-04-23 11:06:00,2855.15,245725
2021-04-23 11:06:01,2855.15,245725
2021-04-23 11:06:02,2855.15,245725
2021-04-23 11:06:04,2855.15,245725
2021-04-23 11:06:03,2855.15,245725
2021-04-23 11:06:05,2855.15,245725
2021-04-23 11:06:06,2855.15,245725
2021-04-23 11:06:07,2855.15,245725
2021-04-23 11:06:08,2855.15,245725
2021-04-23 11:06:09,2855.15,245725
2021-04-23 11:06:10,2855.15,245725
2021-04-23 11:06:11,2855.15,245725
2021-04-23 11:06:12,2855.15,245725
2021-04-23 11:06:14,2855.15,245725
2021-04-23 11:06:15,2855.15,245725
2021-04-23 11:06:16,2855.65,245736
2021-04-23 11:06:17,2855.7,245740
2021-04-23 11:06:18,2855.7,245740
2021-04-23 11:06:19,2855.7,245740
2021-04-23 11:06:20,2855.7,245740
2021-04-23 11:06:21,2855.7,245740
2021-04-23 11:06:22,2855.7,245740
2021-04-23 11:06:23,2855.7,245740
2021-04-23 11:06:24,2855.7,245740
2021-04-23 11:06:25,2855.7,245740
2021-04-23 11:06:26,2856.55,245742
2021-04-23 11:06:27,2856.85,245744
2021-04-23 11:06:28,2856.85,245744
2021-04-23 11:06:29,2855.5,245745
2021-04-23 11:06:30,2855.5,245745
2021-04-23 11:06:31,2855.5,245745
2021-04-23 11:06:32,2855.5,245747
2021-04-23 11:06:33,2855.5,245752
2021-04-23 11:06:34,2855.5,245752
2021-04-23 11:06:35,2855.5,245763
2021-04-23 11:06:36,2856.65,245764
2021-04-23 11:06:37,2856.65,245764
2021-04-23 11:06:38,2856.65,245764
2021-04-23 11:06:40,2855.5,245769
2021-04-23 11:06:39,2855.5,245769
2021-04-23 11:06:41,2855.5,245769
2021-04-23 11:06:43,2855.5,245769
2021-04-23 11:06:44,2856.9,245814
2021-04-23 11:06:45,2855.55,245824
2021-04-23 11:06:47,2856.65,245826
2021-04-23 11:06:46,2855.55,245824
2021-04-23 11:06:48,2856.65,245826
2021-04-23 11:06:49,2856.65,245826
2021-04-23 11:06:50,2855.9,246726
2021-04-23 11:06:51,2855.9,246726
2021-04-23 11:06:52,2856.4,246728
2021-04-23 11:06:53,2856.4,246728
2021-04-23 11:06:54,2855.4,246739
2021-04-23 11:06:55,2856.45,246740
2021-04-23 11:06:56,2856.45,246740
2021-04-23 11:06:57,2856.45,246740
2021-04-23 11:06:58,2856.45,246740
2021-04-23 11:06:59,2856.6,246820
2021-04-23 11:07:00,2856.6,246820
2021-04-23 11:07:01,2855.4,246822
2021-04-23 11:07:02,2855.4,246822
2021-04-23 11:07:03,2855.4,246822
2021-04-23 11:07:04,2855.4,246822
2021-04-23 11:07:05,2855.4,246822
2021-04-23 11:07:07,2855.4,246822
2021-04-23 11:07:09,2855.4,246822
2021-04-23 11:07:10,2855.4,246822
2021-04-23 11:07:10,2855.4,246822
2021-04-23 11:07:11,2856.4,246832
2021-04-23 11:07:12,2856.4,246832
2021-04-23 11:07:13,2856.4,246832
2021-04-23 11:07:14,2855.5,246921
2021-04-23 11:07:15,2855.5,246921
2021-04-23 11:07:16,2855.5,246932
2021-04-23 11:07:17,2855.5,246932
2021-04-23 11:07:18,2855.5,246932
2021-04-23 11:07:19,2855.4,247010
2021-04-23 11:07:22,2856.6,247128
2021-04-23 11:07:22,2856.6,247128
2021-04-23 11:07:23,2856.6,247128
2021-04-23 11:07:24,2856.6,247128
2021-04-23 11:07:26,2856.6,247128
2021-04-23 11:07:27,2856.6,247128
2021-04-23 11:07:27,2856.6,247128
2021-04-23 11:07:28,2856.6,247128
2021-04-23 11:07:29,2856.4,247130
2021-04-23 11:07:31,2855.4,247133
2021-04-23 11:07:31,2857.0,247233
2021-04-23 11:07:32,2855.45,247244
2021-04-23 11:07:33,2856.9,247344
2021-04-23 11:07:34,2855.5,247345
2021-04-23 11:07:35,2855.5,247345
2021-04-23 11:07:36,2855.5,247345
2021-04-23 11:07:37,2855.5,247345
2021-04-23 11:07:38,2855.5,247345
2021-04-23 11:07:39,2857.05,247385
2021-04-23 11:07:40,2857.05,247385
2021-04-23 11:07:41,2857.05,247385
2021-04-23 11:07:42,2857.05,247385
2021-04-23 11:07:43,2857.05,247385
2021-04-23 11:07:45,2857.05,247385
2021-04-23 11:07:46,2857.05,247385
2021-04-23 11:07:47,2858.75,247485
2021-04-23 11:07:48,2858.75,247485
2021-04-23 11:07:49,2858.75,247485
2021-04-23 11:07:50,2858.75,247485
2021-04-23 11:07:51,2857.45,247496
2021-04-23 11:07:52,2857.45,247496
2021-04-23 11:07:53,2857.45,247496
2021-04-23 11:07:54,2857.45,247496
2021-04-23 11:07:55,2857.45,247496
2021-04-23 11:07:57,2857.45,247496
2021-04-23 11:07:58,2857.45,247496
2021-04-23 11:07:59,2857.45,247496
2021-04-23 11:08:00,2857.45,247496
2021-04-23 11:08:01,2857.45,247496
2021-04-23 11:08:02,2857.45,247496
2021-04-23 11:08:03,2858.95,247516
2021-04-23 11:08:04,2858.95,247521
2021-04-23 11:08:05,2858.95,247521
2021-04-23 11:08:06,2858.95,247521
2021-04-23 11:08:07,2858.95,247521
2021-04-23 11:08:08,2858.95,247521
2021-04-23 11:08:09,2858.95,247521
2021-04-23 11:08:10,2858.15,247582
2021-04-23 11:08:11,2858.15,247582
2021-04-23 11:08:12,2858.15,247582
2021-04-23 11:08:13,2858.15,247582
2021-04-23 11:08:14,2858.15,247582
2021-04-23 11:08:15,2858.15,247582
2021-04-23 11:08:17,2858.15,247582
2021-04-23 11:08:17,2858.15,247582
2021-04-23 11:08:19,2858.15,247582
2021-04-23 11:08:19,2858.15,247582
2021-04-23 11:08:21,2858.15,247582
2021-04-23 11:08:22,2858.15,247582
2021-04-23 11:08:22,2858.15,247582
2021-04-23 11:08:23,2858.15,247582
2021-04-23 11:08:24,2859.1,247583
2021-04-23 11:08:25,2859.1,247583
2021-04-23 11:08:26,2859.1,247583
2021-04-23 11:08:27,2859.1,247583
2021-04-23 11:08:28,2858.4,247585
2021-04-23 11:08:29,2858.4,247585
2021-04-23 11:08:30,2858.75,247602
2021-04-23 11:08:31,2859.25,247688
2021-04-23 11:08:32,2859.25,247688
2021-04-23 11:08:33,2860.0,247882
2021-04-23 11:08:34,2860.0,247882
2021-04-23 11:08:35,2860.0,247882
2021-04-23 11:08:36,2860.0,247882
2021-04-23 11:08:37,2860.0,247962
2021-04-23 11:08:38,2860.0,247962
2021-04-23 11:08:39,2860.0,247962
2021-04-23 11:08:40,2860.0,247962
2021-04-23 11:08:41,2860.0,247962
2021-04-23 11:08:42,2860.0,247962
2021-04-23 11:08:44,2860.0,247971
2021-04-23 11:08:44,2860.0,247971
2021-04-23 11:08:45,2860.0,247973
2021-04-23 11:08:46,2860.0,247977
2021-04-23 11:08:47,2860.0,247977
2021-04-23 11:08:48,2859.15,247988
2021-04-23 11:08:49,2859.15,247988
2021-04-23 11:08:50,2859.15,247988
2021-04-23 11:08:51,2860.0,248088
2021-04-23 11:08:52,2859.0,248192
2021-04-23 11:08:53,2858.95,248196
2021-04-23 11:08:54,2858.95,248196
2021-04-23 11:08:55,2858.95,248196
2021-04-23 11:08:56,2860.0,248296
2021-04-23 11:08:57,2860.0,248296
2021-04-23 11:08:59,2860.0,248300
2021-04-23 11:08:59,2860.0,248300
2021-04-23 11:09:00,2859.0,248305
2021-04-23 11:09:01,2859.0,248305
2021-04-23 11:09:02,2859.0,248305
2021-04-23 11:09:03,2859.0,248305
2021-04-23 11:09:04,2859.0,248305
2021-04-23 11:09:05,2859.0,248305
2021-04-23 11:09:06,2859.0,248305
2021-04-23 11:09:07,2859.85,248315
2021-04-23 11:09:08,2859.85,248316
2021-04-23 11:09:09,2859.85,248316
2021-04-23 11:09:10,2859.85,248316
2021-04-23 11:09:11,2859.85,248316
2021-04-23 11:09:13,2859.85,248316
2021-04-23 11:09:14,2859.85,248316
2021-04-23 11:09:15,2859.85,248316
2021-04-23 11:09:16,2859.85,248316
2021-04-23 11:09:19,2859.8,248317
2021-04-23 11:09:20,2859.8,248317
2021-04-23 11:09:22,2859.0,248365
2021-04-23 11:09:23,2860.0,248366
2021-04-23 11:09:24,2860.0,248366
2021-04-23 11:09:25,2860.0,248366
2021-04-23 11:09:25,2860.0,248368
2021-04-23 11:09:26,2859.0,248379
2021-04-23 11:09:27,2859.0,248379
2021-04-23 11:09:29,2859.85,248389
2021-04-23 11:09:31,2859.85,248389
2021-04-23 11:09:32,2859.85,248389
2021-04-23 11:09:33,2859.85,248389
2021-04-23 11:09:34,2859.85,248389
2021-04-23 11:09:35,2859.85,248389
2021-04-23 11:09:36,2859.85,248389
2021-04-23 11:09:37,2860.0,248489
2021-04-23 11:09:40,2860.0,248489
2021-04-23 11:09:41,2860.0,248491
2021-04-23 11:09:42,2860.0,248619
2021-04-23 11:09:42,2860.0,248619
2021-04-23 11:09:43,2860.0,248619
2021-04-23 11:09:45,2860.0,248619
2021-04-23 11:09:46,2859.0,248680
2021-04-23 11:09:47,2859.0,248680
2021-04-23 11:09:48,2859.0,248680
2021-04-23 11:09:49,2859.0,248680
2021-04-23 11:09:49,2859.0,248680
2021-04-23 11:09:50,2859.0,248680
2021-04-23 11:09:52,2859.0,248680
2021-04-23 11:09:53,2859.0,248680
2021-04-23 11:09:54,2859.0,248680
2021-04-23 11:09:55,2859.0,248680
2021-04-23 11:09:56,2859.65,248690
2021-04-23 11:09:57,2859.65,248690
2021-04-23 11:09:58,2859.65,248690
2021-04-23 11:09:59,2859.65,248690
2021-04-23 11:10:00,2859.65,248690
2021-04-23 11:10:02,2859.65,248690
2021-04-23 11:10:03,2859.65,248690
2021-04-23 11:10:03,2859.65,248690
2021-04-23 11:10:05,2859.0,248701
2021-04-23 11:10:05,2858.0,248871
2021-04-23 11:10:06,2858.0,248871
2021-04-23 11:10:07,2858.0,248871
2021-04-23 11:10:09,2858.0,248871
2021-04-23 11:10:09,2858.0,248871
2021-04-23 11:10:10,2858.0,248871
2021-04-23 11:10:11,2858.0,248871
2021-04-23 11:10:13,2858.0,248871
2021-04-23 11:10:14,2858.0,248871
2021-04-23 11:10:14,2858.0,248871
2021-04-23 11:10:15,2858.0,248871
2021-04-23 11:10:16,2858.0,248871
2021-04-23 11:10:17,2858.2,248913
2021-04-23 11:10:18,2858.2,248913
2021-04-23 11:10:20,2859.35,248914
2021-04-23 11:10:21,2858.2,248944
2021-04-23 11:10:22,2859.8,248961
2021-04-23 11:10:23,2858.6,248972
2021-04-23 11:10:24,2858.6,248972
2021-04-23 11:10:25,2858.45,248974
2021-04-23 11:10:26,2858.45,248974
2021-04-23 11:10:27,2858.45,248974
2021-04-23 11:10:28,2858.45,248974
2021-04-23 11:10:29,2858.45,248974
2021-04-23 11:10:30,2859.55,248993
2021-04-23 11:10:31,2859.55,248993
2021-04-23 11:10:32,2859.55,248993
2021-04-23 11:10:33,2859.55,248993
2021-04-23 11:10:35,2859.55,248993
2021-04-23 11:10:36,2859.55,248993
2021-04-23 11:10:37,2859.55,248993
2021-04-23 11:10:37,2859.55,248993
2021-04-23 11:10:40,2858.3,249023
2021-04-23 11:10:41,2858.3,249023
2021-04-23 11:10:42,2858.3,249023
2021-04-23 11:10:42,2858.0,249034
2021-04-23 11:10:43,2858.0,249034
2021-04-23 11:10:44,2858.0,249034
2021-04-23 11:10:45,2858.0,249034
2021-04-23 11:10:46,2858.0,249034
2021-04-23 11:10:47,2859.1,249035
2021-04-23 11:10:48,2859.2,249045
2021-04-23 11:10:49,2859.2,249045
2021-04-23 11:10:50,2859.2,249045
2021-04-23 11:10:51,2857.75,249067
2021-04-23 11:10:52,2857.8,249087
2021-04-23 11:10:54,2857.8,249087
2021-04-23 11:10:55,2857.8,249087
2021-04-23 11:10:55,2857.8,249087
2021-04-23 11:10:57,2857.8,249087
2021-04-23 11:10:58,2857.8,249087
2021-04-23 11:10:58,2857.8,249087
2021-04-23 11:10:59,2857.8,249087
2021-04-23 11:11:00,2858.75,249088
2021-04-23 11:11:01,2857.4,249099
2021-04-23 11:11:02,2857.4,249099
2021-04-23 11:11:03,2858.85,249207
2021-04-23 11:11:04,2858.85,249207
2021-04-23 11:11:05,2858.85,249207
2021-04-23 11:11:06,2859.15,249243
2021-04-23 11:11:07,2859.15,249248
2021-04-23 11:11:09,2857.85,249284
2021-04-23 11:11:10,2857.85,249284
2021-04-23 11:11:11,2857.85,249284
2021-04-23 11:11:11,2857.85,249284
2021-04-23 11:11:12,2859.1,249287
2021-04-23 11:11:14,2859.1,249287
2021-04-23 11:11:14,2859.1,249287
2021-04-23 11:11:15,2859.1,249287
2021-04-23 11:11:16,2859.1,249287
2021-04-23 11:11:18,2859.1,249287
2021-04-23 11:11:19,2859.1,249287
2021-04-23 11:11:20,2859.15,249304
2021-04-23 11:11:21,2859.0,249377
2021-04-23 11:11:22,2859.05,249378
2021-04-23 11:11:24,2859.05,249379
2021-04-23 11:11:25,2859.05,249379
2021-04-23 11:11:26,2859.05,249379
2021-04-23 11:11:28,2859.05,249379
2021-04-23 11:11:30,2859.1,249384
2021-04-23 11:11:34,2859.1,249384
2021-04-23 11:11:35,2859.1,249384
2021-04-23 11:11:36,2859.1,249384
2021-04-23 11:11:37,2859.1,249384
2021-04-23 11:11:38,2859.1,249384
2021-04-23 11:11:39,2859.1,249384
2021-04-23 11:11:40,2858.0,249396
2021-04-23 11:11:41,2858.0,249396
2021-04-23 11:11:42,2858.0,249396
2021-04-23 11:11:43,2858.0,249396
2021-04-23 11:11:44,2858.0,249396
2021-04-23 11:11:45,2858.0,249396
2021-04-23 11:11:46,2858.0,249396
2021-04-23 11:11:47,2858.0,249396
2021-04-23 11:11:48,2858.0,249396
2021-04-23 11:11:49,2859.0,249406
2021-04-23 11:11:49,2858.0,249396
2021-04-23 11:11:51,2859.0,249406
2021-04-23 11:11:51,2859.0,249406
2021-04-23 11:11:52,2858.8,249528
2021-04-23 11:11:53,2859.9,249543
2021-04-23 11:11:55,2859.9,249543
2021-04-23 11:11:55,2859.9,249543
2021-04-23 11:11:56,2859.9,249543
2021-04-23 11:11:58,2858.65,249554
2021-04-23 11:11:59,2858.65,249554
2021-04-23 11:12:00,2858.65,249554
2021-04-23 11:12:01,2858.65,249554
2021-04-23 11:12:02,2858.65,249584
2021-04-23 11:12:03,2858.65,249584
2021-04-23 11:12:05,2859.75,249586
2021-04-23 11:12:06,2859.75,249590
2021-04-23 11:12:06,2859.85,249593
2021-04-23 11:12:07,2859.85,249594
2021-04-23 11:12:08,2859.85,249594
2021-04-23 11:12:09,2859.85,249644
2021-04-23 11:12:11,2859.85,249649
2021-04-23 11:12:12,2859.85,249649
2021-04-23 11:12:12,2859.85,249649
2021-04-23 11:12:14,2859.85,249649
2021-04-23 11:12:15,2859.9,249664
2021-04-23 11:12:16,2858.65,249674
2021-04-23 11:12:17,2858.65,249674
2021-04-23 11:12:17,2858.0,249976
2021-04-23 11:12:18,2858.0,249985
2021-04-23 11:12:20,2858.0,250464
2021-04-23 11:12:20,2858.0,250464
2021-04-23 11:12:22,2858.0,250464
2021-04-23 11:12:23,2858.0,250464
2021-04-23 11:12:25,2858.0,250464
2021-04-23 11:12:26,2858.0,250494
2021-04-23 11:12:27,2858.0,250494
2021-04-23 11:12:27,2858.0,250494
2021-04-23 11:12:28,2858.0,250514
2021-04-23 11:12:29,2858.0,250514
2021-04-23 11:12:31,2858.0,250514
2021-04-23 11:12:31,2858.0,250514
2021-04-23 11:12:33,2858.0,250514
2021-04-23 11:12:34,2858.0,250514
2021-04-23 11:12:34,2858.0,250514
2021-04-23 11:12:35,2858.0,250514
2021-04-23 11:12:36,2858.0,250525
2021-04-23 11:12:37,2858.0,250525
2021-04-23 11:12:40,2858.8,250576
2021-04-23 11:12:41,2858.0,250591
2021-04-23 11:12:42,2858.0,250629
2021-04-23 11:12:42,2858.0,250629
2021-04-23 11:12:43,2858.0,250629
2021-04-23 11:12:45,2858.0,250629
2021-04-23 11:12:45,2858.0,250629
2021-04-23 11:12:46,2858.0,250629
2021-04-23 11:12:47,2858.0,250629
2021-04-23 11:12:49,2858.0,250629
2021-04-23 11:12:50,2858.0,250629
2021-04-23 11:12:51,2858.0,250629
2021-04-23 11:12:52,2858.0,250629
2021-04-23 11:12:53,2858.0,250629
2021-04-23 11:12:55,2857.8,250630
2021-04-23 11:12:56,2858.0,250703
2021-04-23 11:12:57,2858.0,250703
2021-04-23 11:12:57,2858.0,250733
2021-04-23 11:12:58,2858.0,250733
2021-04-23 11:13:00,2858.0,250733
2021-04-23 11:13:01,2858.0,250733
2021-04-23 11:13:02,2858.0,250733
2021-04-23 11:13:02,2858.0,250733
2021-04-23 11:13:03,2859.2,250833
2021-04-23 11:13:04,2859.2,250833
2021-04-23 11:13:05,2859.2,250833
2021-04-23 11:13:07,2858.35,250835
2021-04-23 11:13:08,2858.35,250835
2021-04-23 11:13:09,2858.35,250835
2021-04-23 11:13:09,2859.25,250870
2021-04-23 11:13:10,2859.25,250870
2021-04-23 11:13:12,2859.25,250870
2021-04-23 11:13:13,2859.25,250870
2021-04-23 11:13:13,2859.25,250870
2021-04-23 11:13:14,2858.15,250881
2021-04-23 11:13:15,2858.15,250881
2021-04-23 11:13:16,2858.15,250881
2021-04-23 11:13:17,2859.35,250883
2021-04-23 11:13:18,2859.35,250883
2021-04-23 11:13:19,2859.35,250883
2021-04-23 11:13:20,2859.35,250883
2021-04-23 11:13:22,2859.35,250883
2021-04-23 11:13:23,2859.35,250883
2021-04-23 11:13:23,2859.35,250883
2021-04-23 11:13:26,2859.7,250933
2021-04-23 11:13:27,2859.7,250933
2021-04-23 11:13:28,2859.7,250933
2021-04-23 11:13:29,2859.7,250933
2021-04-23 11:13:31,2859.7,250933
2021-04-23 11:13:32,2859.5,250934
2021-04-23 11:13:33,2858.25,250945
2021-04-23 11:13:34,2858.25,250945
2021-04-23 11:13:35,2858.25,250945
2021-04-23 11:13:36,2858.25,250945
2021-04-23 11:13:37,2858.25,250945
2021-04-23 11:13:37,2858.25,250945
2021-04-23 11:13:38,2858.25,250945
2021-04-23 11:13:39,2858.25,250945
2021-04-23 11:13:41,2858.25,250945
2021-04-23 11:13:42,2858.25,250945
2021-04-23 11:13:43,2858.25,250945
2021-04-23 11:13:44,2858.25,250945
2021-04-23 11:13:44,2858.25,250945
2021-04-23 11:13:46,2858.25,250945
2021-04-23 11:13:47,2859.5,250946
2021-04-23 11:13:48,2859.5,250946
2021-04-23 11:13:49,2859.5,250946
2021-04-23 11:13:50,2859.5,250946
2021-04-23 11:13:51,2859.5,250947
2021-04-23 11:13:52,2859.5,250947
2021-04-23 11:13:53,2858.6,250958
2021-04-23 11:13:54,2859.5,250988
2021-04-23 11:13:55,2859.5,250988
2021-04-23 11:13:56,2859.5,250988
2021-04-23 11:13:57,2859.5,250988
2021-04-23 11:13:58,2859.5,250988
2021-04-23 11:13:59,2859.5,250988
2021-04-23 11:14:00,2859.5,250988
2021-04-23 11:14:01,2859.5,250988
2021-04-23 11:14:01,2859.5,250988
2021-04-23 11:14:02,2859.75,250992
2021-04-23 11:14:03,2859.75,250992
2021-04-23 11:14:04,2859.75,250992
2021-04-23 11:14:05,2859.75,250992
2021-04-23 11:14:06,2859.75,250992
2021-04-23 11:14:08,2858.45,251022
2021-04-23 11:14:09,2858.45,251022
2021-04-23 11:14:10,2858.45,251022
2021-04-23 11:14:11,2858.45,251022
2021-04-23 11:14:12,2858.4,251033
2021-04-23 11:14:13,2858.4,251033
2021-04-23 11:14:14,2860.8,253533
2021-04-23 11:14:15,2858.7,253608
2021-04-23 11:14:16,2860.4,253651
2021-04-23 11:14:17,2859.8,253695
2021-04-23 11:14:18,2859.8,253695
2021-04-23 11:14:19,2859.8,253695
2021-04-23 11:14:20,2859.8,253695
2021-04-23 11:14:21,2859.8,253695
2021-04-23 11:14:22,2859.8,253695
2021-04-23 11:14:23,2859.8,253695
2021-04-23 11:14:24,2860.4,253720
2021-04-23 11:14:25,2860.35,253735
2021-04-23 11:14:26,2860.35,253735
2021-04-23 11:14:27,2860.35,253736
2021-04-23 11:14:28,2860.35,253736
2021-04-23 11:14:29,2860.35,253736
2021-04-23 11:14:30,2860.35,253736
2021-04-23 11:14:30,2859.15,253747
2021-04-23 11:14:31,2860.65,253759
2021-04-23 11:14:33,2860.65,253759
2021-04-23 11:14:34,2860.65,253759
2021-04-23 11:14:34,2860.65,253759
2021-04-23 11:14:35,2860.75,253761
2021-04-23 11:14:36,2860.75,253761
2021-04-23 11:14:38,2859.65,253795
2021-04-23 11:14:38,2859.65,253795
2021-04-23 11:14:40,2859.65,253795
2021-04-23 11:14:42,2859.65,253795
2021-04-23 11:14:42,2859.65,253795
2021-04-23 11:14:43,2859.65,253795
2021-04-23 11:14:44,2859.65,253795
2021-04-23 11:14:45,2859.65,253795
2021-04-23 11:14:47,2859.65,253795
2021-04-23 11:14:48,2859.65,253795
2021-04-23 11:14:48,2859.65,253795
2021-04-23 11:14:49,2861.8,255584
2021-04-23 11:14:50,2862.0,255672
2021-04-23 11:14:52,2862.0,258715
2021-04-23 11:14:53,2862.0,259331
2021-04-23 11:14:54,2862.9,259378
2021-04-23 11:14:55,2861.85,259493
2021-04-23 11:14:56,2862.9,259618
2021-04-23 11:14:58,2863.45,259688
2021-04-23 11:14:59,2863.45,259688
2021-04-23 11:15:00,2863.45,259688
2021-04-23 11:15:01,2863.45,259688
2021-04-23 11:15:02,2864.0,259760
2021-04-23 11:15:03,2864.0,259760
2021-04-23 11:15:04,2864.0,259842
2021-04-23 11:15:05,2864.0,259842
2021-04-23 11:15:06,2863.7,259892
2021-04-23 11:15:07,2863.7,259892
2021-04-23 11:15:08,2863.7,259892
2021-04-23 11:15:09,2864.15,259903
2021-04-23 11:15:10,2864.15,259903
2021-04-23 11:15:11,2864.15,259903
2021-04-23 11:15:12,2864.15,259903
2021-04-23 11:15:13,2864.8,259913
2021-04-23 11:15:13,2864.8,259913
2021-04-23 11:15:14,2865.0,260218
2021-04-23 11:15:15,2864.8,260228
2021-04-23 11:15:16,2864.8,260228
2021-04-23 11:15:17,2864.8,260228
2021-04-23 11:15:19,2864.7,260243
2021-04-23 11:15:20,2864.7,260309
2021-04-23 11:15:21,2864.7,260309
2021-04-23 11:15:22,2865.0,260359
2021-04-23 11:15:23,2862.7,260983
2021-04-23 11:15:24,2861.25,260997
2021-04-23 11:15:25,2859.1,262000
2021-04-23 11:15:26,2859.15,262054
2021-04-23 11:15:27,2859.15,262054
2021-04-23 11:15:28,2859.3,262089
2021-04-23 11:15:28,2859.3,262089
2021-04-23 11:15:29,2859.25,262090
2021-04-23 11:15:30,2858.7,262100
2021-04-23 11:15:32,2858.7,262100
2021-04-23 11:15:32,2858.7,262100
2021-04-23 11:15:34,2858.7,262100
2021-04-23 11:15:35,2859.35,262130
2021-04-23 11:15:36,2859.35,262130
2021-04-23 11:15:38,2860.35,262140
2021-04-23 11:15:39,2860.65,262141
2021-04-23 11:15:40,2860.65,262141
2021-04-23 11:15:41,2860.65,262141
2021-04-23 11:15:42,2860.75,262174
2021-04-23 11:15:43,2860.75,262174
2021-04-23 11:15:43,2860.75,262174
2021-04-23 11:15:44,2860.75,262174
2021-04-23 11:15:45,2859.95,262180
2021-04-23 11:15:47,2860.0,262191
2021-04-23 11:15:48,2860.0,262191
2021-04-23 11:15:49,2860.0,262191
2021-04-23 11:15:50,2860.0,262191
2021-04-23 11:15:51,2860.0,262191
2021-04-23 11:15:52,2860.0,262191
2021-04-23 11:15:53,2860.0,262191
2021-04-23 11:15:54,2860.0,262191
2021-04-23 11:15:55,2860.75,262192
2021-04-23 11:15:56,2861.35,262193
2021-04-23 11:15:57,2861.2,262199
2021-04-23 11:16:00,2861.15,262509
2021-04-23 11:16:01,2862.7,262534
2021-04-23 11:16:02,2862.7,262534
2021-04-23 11:16:03,2862.7,262534
2021-04-23 11:16:04,2862.6,262544
2021-04-23 11:16:05,2861.3,262554
2021-04-23 11:16:06,2861.75,262556
2021-04-23 11:16:07,2863.0,262570
2021-04-23 11:16:08,2863.0,262570
2021-04-23 11:16:09,2863.0,262570
2021-04-23 11:16:10,2863.35,262575
2021-04-23 11:16:11,2863.35,262575
2021-04-23 11:16:12,2863.35,262575
2021-04-23 11:16:13,2863.35,262575
2021-04-23 11:16:14,2863.35,262575
2021-04-23 11:16:15,2863.35,262575
2021-04-23 11:16:16,2863.35,262575
2021-04-23 11:16:17,2863.35,262575
2021-04-23 11:16:18,2863.35,262575
2021-04-23 11:16:19,2863.35,262575
2021-04-23 11:16:20,2863.35,262575
2021-04-23 11:16:21,2863.35,262575
2021-04-23 11:16:22,2862.95,262583
2021-04-23 11:16:23,2862.95,262583
2021-04-23 11:16:24,2861.8,262594
2021-04-23 11:16:25,2861.8,262594
2021-04-23 11:16:26,2861.8,262594
2021-04-23 11:16:27,2861.8,262594
2021-04-23 11:16:28,2861.8,262594
2021-04-23 11:16:29,2862.9,262596
2021-04-23 11:16:30,2862.9,262596
2021-04-23 11:16:31,2862.9,262596
2021-04-23 11:16:32,2862.9,262596
2021-04-23 11:16:33,2861.75,262614
2021-04-23 11:16:34,2862.1,262621
2021-04-23 11:16:35,2862.1,262621
2021-04-23 11:16:36,2862.1,262621
2021-04-23 11:16:37,2862.9,262626
2021-04-23 11:16:38,2862.9,262626
2021-04-23 11:16:39,2862.9,262626
2021-04-23 11:16:40,2862.9,262626
2021-04-23 11:16:41,2862.9,262633
2021-04-23 11:16:42,2861.95,262635
2021-04-23 11:16:43,2861.6,262646
2021-04-23 11:16:44,2862.85,262656
2021-04-23 11:16:45,2860.1,263650
2021-04-23 11:16:46,2860.1,263650
2021-04-23 11:16:47,2860.0,263675
2021-04-23 11:16:48,2859.05,263679
2021-04-23 11:16:49,2859.05,263679
2021-04-23 11:16:50,2859.05,263679
2021-04-23 11:16:51,2860.25,263680
2021-04-23 11:16:52,2860.25,263680
2021-04-23 11:16:53,2859.0,263690
2021-04-23 11:16:54,2859.0,263690
2021-04-23 11:16:55,2859.0,263690
2021-04-23 11:16:56,2859.0,263727
2021-04-23 11:16:57,2859.0,263727
2021-04-23 11:16:58,2859.0,263727
2021-04-23 11:16:59,2859.0,263727
2021-04-23 11:17:01,2859.0,263728
2021-04-23 11:17:00,2859.0,263728
2021-04-23 11:17:02,2859.0,263728
2021-04-23 11:17:03,2859.0,263790
2021-04-23 11:17:05,2859.0,263806
2021-04-23 11:17:06,2860.2,266314
2021-04-23 11:17:07,2860.2,266314
2021-04-23 11:17:08,2860.95,266315
2021-04-23 11:17:09,2860.95,266315
2021-04-23 11:17:10,2860.65,266320
2021-04-23 11:17:11,2860.65,266320
2021-04-23 11:17:12,2860.45,266322
2021-04-23 11:17:13,2860.45,266322
2021-04-23 11:17:14,2860.75,266323
2021-04-23 11:17:15,2860.75,266323
2021-04-23 11:17:16,2860.75,266323
2021-04-23 11:17:17,2860.75,266323
2021-04-23 11:17:18,2860.8,266342
2021-04-23 11:17:19,2860.8,266342
2021-04-23 11:17:20,2860.45,266346
2021-04-23 11:17:21,2860.5,266357
2021-04-23 11:17:22,2860.5,266357
2021-04-23 11:17:24,2860.85,267667
2021-04-23 11:17:25,2860.85,267667
2021-04-23 11:17:26,2860.85,267667
2021-04-23 11:17:27,2860.85,267667
2021-04-23 11:17:29,2860.85,267667
2021-04-23 11:17:28,2860.85,267667
2021-04-23 11:17:30,2861.05,267677
2021-04-23 11:17:31,2861.95,267777
2021-04-23 11:17:32,2861.95,267777
2021-04-23 11:17:33,2861.95,267777
2021-04-23 11:17:34,2861.95,267777
2021-04-23 11:17:35,2863.8,267858
2021-04-23 11:17:36,2863.8,267858
2021-04-23 11:17:37,2862.3,267874
2021-04-23 11:17:38,2862.3,267874
2021-04-23 11:17:39,2862.3,267874
2021-04-23 11:17:40,2862.75,267886
2021-04-23 11:17:41,2863.95,267887
2021-04-23 11:17:42,2864.0,268015
2021-04-23 11:17:43,2864.0,268015
2021-04-23 11:17:44,2864.6,268022
2021-04-23 11:17:45,2865.05,272638
2021-04-23 11:17:46,2865.05,272638
2021-04-23 11:17:47,2865.05,272638
2021-04-23 11:17:49,2866.95,272784
2021-04-23 11:17:48,2865.55,272766
2021-04-23 11:17:50,2866.95,272784
2021-04-23 11:17:51,2867.5,273623
2021-04-23 11:17:52,2867.5,273624
2021-04-23 11:17:53,2866.55,273626
2021-04-23 11:17:54,2866.55,273630
2021-04-23 11:17:55,2866.55,273630
2021-04-23 11:17:56,2867.5,274193
2021-04-23 11:17:57,2867.0,274238
2021-04-23 11:17:58,2866.85,274308
2021-04-23 11:18:00,2866.55,274369
2021-04-23 11:18:01,2867.75,274801
2021-04-23 11:18:01,2866.55,274369
2021-04-23 11:18:02,2867.0,274906
2021-04-23 11:18:03,2866.5,275268
2021-04-23 11:18:04,2866.55,275277
2021-04-23 11:18:05,2867.35,276754
2021-04-23 11:18:06,2868.6,276756
2021-04-23 11:18:07,2866.9,276761
2021-04-23 11:18:09,2868.0,276768
2021-04-23 11:18:09,2868.0,276768
2021-04-23 11:18:10,2868.95,276773
2021-04-23 11:18:11,2869.0,276923
2021-04-23 11:18:12,2869.0,276923
2021-04-23 11:18:14,2868.0,276940
2021-04-23 11:18:14,2868.0,276940
2021-04-23 11:18:15,2867.55,277055
2021-04-23 11:18:16,2868.0,277270
2021-04-23 11:18:18,2867.8,278132
2021-04-23 11:18:20,2869.0,278432
2021-04-23 11:18:21,2869.2,278751
2021-04-23 11:18:22,2869.2,278858
2021-04-23 11:18:22,2869.2,278911
2021-04-23 11:18:23,2869.6,279566
2021-04-23 11:18:24,2869.6,279866
2021-04-23 11:18:25,2869.8,280190
2021-04-23 11:18:26,2869.95,280796
2021-04-23 11:18:28,2870.0,281715
2021-04-23 11:18:28,2870.0,282015
2021-04-23 11:18:29,2872.1,282950
2021-04-23 11:18:30,2872.5,282974
2021-04-23 11:18:31,2871.2,283236
2021-04-23 11:18:32,2873.55,283443
2021-04-23 11:18:34,2871.95,283542
2021-04-23 11:18:34,2871.95,283542
2021-04-23 11:18:35,2873.8,283592
2021-04-23 11:18:36,2873.8,283592
2021-04-23 11:18:37,2871.8,283708
2021-04-23 11:18:39,2871.15,283723
2021-04-23 11:18:39,2871.15,283723
2021-04-23 11:18:40,2871.7,284004
2021-04-23 11:18:41,2871.7,284004
2021-04-23 11:18:42,2871.7,284005
2021-04-23 11:18:44,2871.5,284020
2021-04-23 11:18:44,2871.6,284045
2021-04-23 11:18:45,2871.6,284045
2021-04-23 11:18:46,2871.6,284045
2021-04-23 11:18:47,2870.0,284073
2021-04-23 11:18:48,2870.0,284073
2021-04-23 11:18:49,2870.0,284080
2021-04-23 11:18:50,2870.0,284133
2021-04-23 11:18:51,2870.0,284133
2021-04-23 11:18:53,2870.0,284133
2021-04-23 11:18:53,2870.0,284133
2021-04-23 11:18:54,2870.25,284193
2021-04-23 11:18:55,2870.45,284197
2021-04-23 11:18:56,2869.05,284224
2021-04-23 11:18:58,2869.05,284224
2021-04-23 11:18:58,2870.35,284234
2021-04-23 11:18:59,2870.75,284284
2021-04-23 11:19:00,2870.75,284284
2021-04-23 11:19:01,2869.15,284392
2021-04-23 11:19:02,2870.0,284477
2021-04-23 11:19:03,2870.0,284477
2021-04-23 11:19:05,2870.0,284478
2021-04-23 11:19:05,2870.0,284478
2021-04-23 11:19:06,2869.2,284543
2021-04-23 11:19:07,2869.0,284740
2021-04-23 11:19:08,2869.0,284740
2021-04-23 11:19:10,2870.0,284743
2021-04-23 11:19:10,2870.0,284743
2021-04-23 11:19:11,2869.15,284748
2021-04-23 11:19:12,2869.15,284748
2021-04-23 11:19:13,2869.15,284748
2021-04-23 11:19:14,2869.15,284783
2021-04-23 11:19:15,2868.25,284968
2021-04-23 11:19:17,2870.0,285028
2021-04-23 11:19:17,2870.0,285028
2021-04-23 11:19:18,2868.5,285038
2021-04-23 11:19:19,2868.5,285038
2021-04-23 11:19:20,2868.25,285058
2021-04-23 11:19:21,2868.25,285058
2021-04-23 11:19:23,2868.35,285059
2021-04-23 11:19:24,2868.35,285060
2021-04-23 11:19:25,2868.5,285080
2021-04-23 11:19:25,2868.5,285080
2021-04-23 11:19:26,2868.15,285126
2021-04-23 11:19:27,2869.45,285142
2021-04-23 11:19:28,2869.45,285142
2021-04-23 11:19:29,2869.45,285142
2021-04-23 11:19:30,2869.45,285142
2021-04-23 11:19:32,2868.5,285166
2021-04-23 11:19:33,2868.5,285166
2021-04-23 11:19:34,2868.0,285323
2021-04-23 11:19:35,2868.0,285323
2021-04-23 11:19:36,2867.4,285338
2021-04-23 11:19:37,2868.5,285344
2021-04-23 11:19:38,2868.5,285354
2021-04-23 11:19:39,2869.7,285374
2021-04-23 11:19:41,2868.5,285477
2021-04-23 11:19:42,2868.5,285487
2021-04-23 11:19:42,2868.5,285687
2021-04-23 11:19:43,2868.5,285687
2021-04-23 11:19:44,2868.5,285687
2021-04-23 11:19:45,2868.05,285887
2021-04-23 11:19:47,2868.05,285887
2021-04-23 11:19:47,2868.05,285887
2021-04-23 11:19:48,2868.1,285901
2021-04-23 11:19:49,2868.1,285901
2021-04-23 11:19:50,2869.0,285908
2021-04-23 11:19:51,2869.0,285908
2021-04-23 11:19:52,2869.0,285908
2021-04-23 11:19:54,2868.0,286437
2021-04-23 11:19:54,2868.0,286437
2021-04-23 11:19:55,2868.1,286448
2021-04-23 11:19:56,2868.1,286449
2021-04-23 11:19:57,2868.1,286449
2021-04-23 11:19:58,2868.1,286449
2021-04-23 11:20:00,2868.1,286449
2021-04-23 11:20:01,2868.1,286449
2021-04-23 11:20:01,2868.1,286459
2021-04-23 11:20:02,2868.1,286459
2021-04-23 11:20:03,2868.1,286459
2021-04-23 11:20:05,2867.5,286498
2021-04-23 11:20:06,2867.5,286498
2021-04-23 11:20:07,2868.1,286558
2021-04-23 11:20:07,2868.1,286558
2021-04-23 11:20:08,2869.0,286659
2021-04-23 11:20:09,2869.0,286659
2021-04-23 11:20:11,2869.0,286659
2021-04-23 11:20:12,2868.75,286717
2021-04-23 11:20:12,2868.85,286732
2021-04-23 11:20:13,2868.85,286732
2021-04-23 11:20:14,2868.75,286919
2021-04-23 11:20:15,2868.75,286919
2021-04-23 11:20:17,2868.1,287059
2021-04-23 11:20:18,2868.1,287059
2021-04-23 11:20:18,2868.1,287059
2021-04-23 11:20:19,2867.5,287079
2021-04-23 11:20:20,2867.5,287079
2021-04-23 11:20:22,2867.5,287079
2021-04-23 11:20:23,2867.5,287079
2021-04-23 11:20:23,2867.5,287079
2021-04-23 11:20:24,2867.5,287079
2021-04-23 11:20:25,2868.65,287083
2021-04-23 11:20:26,2868.65,287084
2021-04-23 11:20:27,2868.65,287084
2021-04-23 11:20:29,2868.65,287086
2021-04-23 11:20:30,2868.1,287089
2021-04-23 11:20:31,2867.5,287106
2021-04-23 11:20:31,2868.1,287095
2021-04-23 11:20:32,2867.5,287106
2021-04-23 11:20:33,2867.0,287126
2021-04-23 11:20:35,2867.0,287126
2021-04-23 11:20:36,2867.0,287126
2021-04-23 11:20:37,2867.5,287136
2021-04-23 11:20:37,2867.5,287136
2021-04-23 11:20:38,2867.5,287136
2021-04-23 11:20:39,2867.5,287136
2021-04-23 11:20:41,2867.5,287136
2021-04-23 11:20:42,2868.0,287137
2021-04-23 11:20:42,2868.0,287137
2021-04-23 11:20:43,2867.5,287138
2021-04-23 11:20:44,2867.5,287138
2021-04-23 11:20:45,2868.0,287140
2021-04-23 11:20:47,2868.0,287140
2021-04-23 11:20:48,2868.0,287140
2021-04-23 11:20:49,2868.0,287140
2021-04-23 11:20:50,2867.5,287163
2021-04-23 11:20:51,2867.5,287165
2021-04-23 11:20:52,2866.85,287645
2021-04-23 11:20:53,2866.85,287645
2021-04-23 11:20:55,2866.85,287645
2021-04-23 11:20:56,2868.0,287650
2021-04-23 11:20:56,2868.0,287650
2021-04-23 11:20:57,2868.0,287650
2021-04-23 11:20:58,2868.0,287650
2021-04-23 11:20:59,2867.9,287660
2021-04-23 11:21:01,2866.6,287670
2021-04-23 11:21:02,2866.6,287670
2021-04-23 11:21:02,2867.9,287690
2021-04-23 11:21:03,2867.9,287695
2021-04-23 11:21:04,2867.9,287695
2021-04-23 11:21:06,2867.9,287695
2021-04-23 11:21:07,2866.6,287700
2021-04-23 11:21:07,2866.6,287700
2021-04-23 11:21:08,2866.6,287700
2021-04-23 11:21:09,2866.6,287711
2021-04-23 11:21:11,2866.6,287711
2021-04-23 11:21:12,2866.6,287712
2021-04-23 11:21:12,2866.6,287712
2021-04-23 11:21:13,2866.6,287714
2021-04-23 11:21:14,2866.6,287714
2021-04-23 11:21:16,2866.6,287714
2021-04-23 11:21:17,2867.0,287716
2021-04-23 11:21:18,2867.0,287716
2021-04-23 11:21:18,2867.0,287716
2021-04-23 11:21:19,2867.0,287716
2021-04-23 11:21:20,2866.95,288041
2021-04-23 11:21:22,2866.95,288041
2021-04-23 11:21:23,2865.45,288133
2021-04-23 11:21:23,2866.95,288041
2021-04-23 11:21:24,2865.0,288212
2021-04-23 11:21:25,2866.6,288242
2021-04-23 11:21:26,2866.6,288242
2021-04-23 11:21:28,2866.45,288343
2021-04-23 11:21:29,2865.0,288354
2021-04-23 11:21:29,2865.0,288354
2021-04-23 11:21:30,2865.0,288457
2021-04-23 11:21:31,2865.0,288457
2021-04-23 11:21:33,2865.0,288457
2021-04-23 11:21:34,2865.0,288457
2021-04-23 11:21:34,2865.0,288457
2021-04-23 11:21:35,2865.15,288507
2021-04-23 11:21:36,2865.15,288507
2021-04-23 11:21:38,2865.15,288507
2021-04-23 11:21:39,2865.15,288507
2021-04-23 11:21:39,2865.15,288507
2021-04-23 11:21:40,2865.15,288507
2021-04-23 11:21:41,2865.3,288611
2021-04-23 11:21:42,2865.3,288611
2021-04-23 11:21:43,2866.5,288618
2021-04-23 11:21:45,2866.5,288618
2021-04-23 11:21:46,2865.0,288718
2021-04-23 11:21:46,2865.0,288718
2021-04-23 11:21:47,2865.05,288729
2021-04-23 11:21:48,2865.05,288729
2021-04-23 11:21:50,2865.0,288809
2021-04-23 11:21:51,2865.0,288809
2021-04-23 11:21:51,2865.0,288809
2021-04-23 11:21:52,2865.0,288809
2021-04-23 11:21:53,2865.0,288809
2021-04-23 11:21:54,2865.0,288809
2021-04-23 11:21:56,2865.2,288812
2021-04-23 11:21:57,2865.2,288813
2021-04-23 11:21:57,2865.2,288813
2021-04-23 11:21:58,2865.1,288817
2021-04-23 11:21:59,2865.1,288817
2021-04-23 11:22:00,2865.1,288817
2021-04-23 11:22:01,2866.55,288825
2021-04-23 11:22:02,2865.75,288890
2021-04-23 11:22:04,2865.75,288890
2021-04-23 11:22:05,2865.75,288892
2021-04-23 11:22:06,2865.75,288905
2021-04-23 11:22:07,2865.75,288905
2021-04-23 11:22:07,2865.75,288905
2021-04-23 11:22:08,2865.75,288905
2021-04-23 11:22:09,2865.3,288925
2021-04-23 11:22:10,2866.6,288927
2021-04-23 11:22:11,2865.45,288940
2021-04-23 11:22:12,2865.45,288940
2021-04-23 11:22:13,2865.45,288940
2021-04-23 11:22:14,2865.45,288940
2021-04-23 11:22:15,2866.9,288941
2021-04-23 11:22:16,2866.9,288941
2021-04-23 11:22:17,2866.9,288941
2021-04-23 11:22:19,2865.7,288943
2021-04-23 11:22:20,2867.3,288969
2021-04-23 11:22:21,2865.65,288972
2021-04-23 11:22:22,2865.65,288972
2021-04-23 11:22:23,2865.65,288972
2021-04-23 11:22:24,2865.65,288972
2021-04-23 11:22:25,2866.7,288989
2021-04-23 11:22:26,2866.7,288989
2021-04-23 11:22:27,2868.0,289039
2021-04-23 11:22:28,2867.95,289065
2021-04-23 11:22:29,2867.95,289065
2021-04-23 11:22:29,2867.95,289065
2021-04-23 11:22:30,2866.05,289084
2021-04-23 11:22:31,2866.05,289084
2021-04-23 11:22:32,2866.05,289084
2021-04-23 11:22:33,2865.5,289087
2021-04-23 11:22:34,2865.45,289090
2021-04-23 11:22:35,2866.45,289100
2021-04-23 11:22:36,2866.45,289100
2021-04-23 11:22:37,2866.45,289100
2021-04-23 11:22:38,2866.45,289100
2021-04-23 11:22:39,2866.05,289101
2021-04-23 11:22:40,2866.05,289101
2021-04-23 11:22:41,2866.65,289102
2021-04-23 11:22:43,2866.65,289102
2021-04-23 11:22:44,2867.0,289104
2021-04-23 11:22:45,2866.65,289106
2021-04-23 11:22:47,2866.65,289116
2021-04-23 11:22:47,2866.65,289116
2021-04-23 11:22:48,2866.65,289116
2021-04-23 11:22:49,2866.05,289117
2021-04-23 11:22:50,2866.05,289117
2021-04-23 11:22:51,2866.05,289117
2021-04-23 11:22:52,2866.05,289117
2021-04-23 11:22:53,2866.05,289127
2021-04-23 11:22:54,2866.05,289127
2021-04-23 11:22:55,2866.05,289127
2021-04-23 11:22:56,2866.05,289127
2021-04-23 11:22:57,2865.5,289137
2021-04-23 11:22:58,2865.5,289137
2021-04-23 11:23:00,2865.5,289137
2021-04-23 11:23:01,2865.5,289137
2021-04-23 11:23:01,2865.5,289137
2021-04-23 11:23:02,2865.5,289137
2021-04-23 11:23:03,2866.05,289174
2021-04-23 11:23:04,2866.05,289174
2021-04-23 11:23:05,2866.05,289174
2021-04-23 11:23:06,2866.05,289174
2021-04-23 11:23:07,2866.75,289184
2021-04-23 11:23:08,2866.75,289184
2021-04-23 11:23:09,2866.75,289184
2021-04-23 11:23:10,2866.75,289184
2021-04-23 11:23:11,2866.75,289184
2021-04-23 11:23:12,2866.75,289184
2021-04-23 11:23:13,2866.75,289184
2021-04-23 11:23:14,2866.05,289194
2021-04-23 11:23:15,2866.05,289194
2021-04-23 11:23:17,2866.85,289244
2021-04-23 11:23:17,2866.85,289244
2021-04-23 11:23:19,2867.1,289248
2021-04-23 11:23:20,2867.1,289248
2021-04-23 11:23:21,2867.1,289248
2021-04-23 11:23:22,2867.1,289253
2021-04-23 11:23:23,2866.05,289264
2021-04-23 11:23:24,2866.05,289264
2021-04-23 11:23:25,2866.05,289264
2021-04-23 11:23:26,2866.05,289264
2021-04-23 11:23:26,2866.05,289264
2021-04-23 11:23:27,2867.95,289270
2021-04-23 11:23:28,2867.95,289275
2021-04-23 11:23:29,2867.95,289275
2021-04-23 11:23:30,2867.95,289275
2021-04-23 11:23:31,2867.95,289280
2021-04-23 11:23:32,2867.95,289280
2021-04-23 11:23:33,2867.05,289281
2021-04-23 11:23:35,2868.0,289286
2021-04-23 11:23:36,2868.0,289286
2021-04-23 11:23:37,2868.0,289286
2021-04-23 11:23:38,2868.0,289286
2021-04-23 11:23:39,2868.0,289291
2021-04-23 11:23:40,2868.0,289291
2021-04-23 11:23:41,2868.0,289296
2021-04-23 11:23:42,2867.05,289343
2021-04-23 11:23:43,2866.7,289348
2021-04-23 11:23:44,2867.45,289358
2021-04-23 11:23:45,2866.05,289366
2021-04-23 11:23:46,2866.05,289366
2021-04-23 11:23:47,2866.05,289366
2021-04-23 11:23:48,2866.05,289366
2021-04-23 11:23:49,2866.05,289366
2021-04-23 11:23:50,2868.0,289466
2021-04-23 11:23:50,2868.0,289466
2021-04-23 11:23:51,2867.85,289471
2021-04-23 11:23:52,2867.85,289471
2021-04-23 11:23:53,2867.7,289477
2021-04-23 11:23:54,2867.7,289477
2021-04-23 11:23:55,2867.7,289477
2021-04-23 11:23:56,2867.7,289477
2021-04-23 11:23:57,2867.7,289477
2021-04-23 11:23:58,2867.7,289477
2021-04-23 11:23:59,2867.6,289480
2021-04-23 11:24:00,2866.3,289507
2021-04-23 11:24:01,2866.3,289507
2021-04-23 11:24:02,2866.3,289507
2021-04-23 11:24:03,2866.55,289517
2021-04-23 11:24:04,2866.55,289517
2021-04-23 11:24:05,2866.55,289517
2021-04-23 11:24:07,2867.55,289532
2021-04-23 11:24:08,2867.55,289532
2021-04-23 11:24:09,2867.55,289532
2021-04-23 11:24:10,2865.75,289545
2021-04-23 11:24:11,2867.85,289557
2021-04-23 11:24:12,2867.85,289557
2021-04-23 11:24:13,2867.85,289557
2021-04-23 11:24:13,2867.85,289557
2021-04-23 11:24:14,2867.85,289562
2021-04-23 11:24:15,2867.85,289562
2021-04-23 11:24:16,2866.7,289563
2021-04-23 11:24:18,2868.0,289598
2021-04-23 11:24:19,2868.0,289598
2021-04-23 11:24:20,2867.95,289623
2021-04-23 11:24:21,2868.0,289630
2021-04-23 11:24:22,2868.0,289630
2021-04-23 11:24:24,2868.0,289635
2021-04-23 11:24:25,2868.0,289635
2021-04-23 11:24:26,2868.0,289635
2021-04-23 11:24:27,2867.95,289640
2021-04-23 11:24:28,2867.95,289640
2021-04-23 11:24:29,2867.95,289640
2021-04-23 11:24:30,2867.95,289645
2021-04-23 11:24:31,2867.9,289646
2021-04-23 11:24:32,2867.9,289646
2021-04-23 11:24:33,2867.9,289651
2021-04-23 11:24:33,2867.9,289651
2021-04-23 11:24:34,2867.9,289651
2021-04-23 11:24:35,2867.9,289651
2021-04-23 11:24:37,2867.9,289666
2021-04-23 11:24:38,2866.7,289667
2021-04-23 11:24:39,2866.7,289679
2021-04-23 11:24:40,2866.7,289679
2021-04-23 11:24:41,2866.65,289699
2021-04-23 11:24:42,2867.8,289702
2021-04-23 11:24:43,2867.8,289703
2021-04-23 11:24:44,2867.85,289704
2021-04-23 11:24:45,2867.85,289704
2021-04-23 11:24:46,2867.85,289704
2021-04-23 11:24:47,2868.0,289954
2021-04-23 11:24:48,2868.0,289954
2021-04-23 11:24:49,2868.0,289954
2021-04-23 11:24:50,2866.8,289963
2021-04-23 11:24:51,2866.8,289963
2021-04-23 11:24:52,2866.8,289963
2021-04-23 11:24:52,2866.8,289963
2021-04-23 11:24:53,2866.7,290063
2021-04-23 11:24:55,2866.7,290063
2021-04-23 11:24:55,2867.9,290068
2021-04-23 11:24:57,2867.9,290068
2021-04-23 11:24:58,2866.95,290079
2021-04-23 11:24:59,2866.95,290079
2021-04-23 11:25:00,2868.0,290094
2021-04-23 11:25:01,2868.0,290095
2021-04-23 11:25:01,2868.0,290095
2021-04-23 11:25:02,2868.0,290095
2021-04-23 11:25:04,2868.0,290100
2021-04-23 11:25:05,2868.0,290100
2021-04-23 11:25:06,2870.0,291259
2021-04-23 11:25:08,2868.8,291309
2021-04-23 11:25:09,2868.8,291309
2021-04-23 11:25:10,2868.8,291309
2021-04-23 11:25:11,2869.0,291310
2021-04-23 11:25:12,2870.0,291370
2021-04-23 11:25:13,2870.0,291370
2021-04-23 11:25:14,2870.0,291820
2021-04-23 11:25:15,2870.0,291821
2021-04-23 11:25:16,2868.85,291828
2021-04-23 11:25:17,2868.7,291839
2021-04-23 11:25:18,2868.7,291839
2021-04-23 11:25:19,2868.7,291839
2021-04-23 11:25:20,2868.7,291839
2021-04-23 11:25:21,2868.7,291839
2021-04-23 11:25:22,2868.75,291889
2021-04-23 11:25:23,2868.75,291889
2021-04-23 11:25:24,2868.75,291889
2021-04-23 11:25:25,2868.75,291889
2021-04-23 11:25:26,2868.75,291889
2021-04-23 11:25:27,2868.75,291889
2021-04-23 11:25:27,2870.0,291898
2021-04-23 11:25:28,2870.0,291898
2021-04-23 11:25:29,2870.0,291898
2021-04-23 11:25:30,2870.0,291898
2021-04-23 11:25:31,2870.0,291898
2021-04-23 11:25:33,2870.0,291898
2021-04-23 11:25:34,2870.0,291898
2021-04-23 11:25:35,2870.0,291898
2021-04-23 11:25:36,2868.7,291914
2021-04-23 11:25:37,2868.7,291914
2021-04-23 11:25:37,2870.0,291934
2021-04-23 11:25:39,2868.75,291938
2021-04-23 11:25:40,2868.75,291938
2021-04-23 11:25:41,2868.75,291938
2021-04-23 11:25:42,2868.75,291940
2021-04-23 11:25:43,2868.75,291940
2021-04-23 11:25:44,2868.75,291950
2021-04-23 11:25:45,2868.75,291950
2021-04-23 11:25:46,2868.75,291950
2021-04-23 11:25:47,2870.0,292088
2021-04-23 11:25:47,2870.0,292088
2021-04-23 11:25:48,2870.0,292088
2021-04-23 11:25:49,2869.75,292175
2021-04-23 11:25:51,2870.35,292217
2021-04-23 11:25:51,2870.35,292217
2021-04-23 11:25:52,2870.35,292217
2021-04-23 11:25:53,2869.8,292253
2021-04-23 11:25:54,2869.75,292264
2021-04-23 11:25:55,2869.75,292310
2021-04-23 11:25:57,2869.75,292310
2021-04-23 11:25:57,2869.75,292310
2021-04-23 11:25:59,2869.75,292310
2021-04-23 11:26:00,2870.0,292320
2021-04-23 11:26:01,2870.0,292320
2021-04-23 11:26:02,2869.8,294840
2021-04-23 11:26:04,2870.0,294850
2021-04-23 11:26:05,2870.0,294850
2021-04-23 11:26:06,2871.05,294872
2021-04-23 11:26:07,2871.05,294872
2021-04-23 11:26:08,2871.05,294872
2021-04-23 11:26:09,2871.05,294872
2021-04-23 11:26:10,2868.9,295194
2021-04-23 11:26:11,2868.9,295194
2021-04-23 11:26:12,2868.9,295194
2021-04-23 11:26:13,2869.6,295241
2021-04-23 11:26:14,2869.6,295241
2021-04-23 11:26:14,2869.6,295241
2021-04-23 11:26:15,2869.6,295241
2021-04-23 11:26:16,2869.6,295241
2021-04-23 11:26:18,2869.6,295241
2021-04-23 11:26:19,2869.6,295241
2021-04-23 11:26:20,2869.6,295241
2021-04-23 11:26:21,2866.0,296025
2021-04-23 11:26:22,2866.95,296030
2021-04-23 11:26:23,2866.95,296030
2021-04-23 11:26:24,2866.95,296034
2021-04-23 11:26:24,2866.0,296044
2021-04-23 11:26:26,2867.2,296066
2021-04-23 11:26:27,2867.2,296066
2021-04-23 11:26:28,2867.2,296066
2021-04-23 11:26:29,2867.0,296068
2021-04-23 11:26:30,2867.0,296068
2021-04-23 11:26:31,2867.0,296068
2021-04-23 11:26:32,2866.0,296089
2021-04-23 11:26:33,2867.25,296113
2021-04-23 11:26:34,2867.25,296113
2021-04-23 11:26:35,2867.25,296113
2021-04-23 11:26:36,2866.0,296116
2021-04-23 11:26:37,2867.25,296117
2021-04-23 11:26:38,2867.25,296119
2021-04-23 11:26:39,2866.0,296120
2021-04-23 11:26:40,2866.0,296120
2021-04-23 11:26:41,2866.0,296121
2021-04-23 11:26:42,2866.0,296121
2021-04-23 11:26:43,2866.0,296121
2021-04-23 11:26:44,2866.0,296126
2021-04-23 11:26:45,2866.0,296166
2021-04-23 11:26:46,2866.0,296166
2021-04-23 11:26:47,2866.0,296166
2021-04-23 11:26:48,2866.0,296166
2021-04-23 11:26:49,2866.0,296166
2021-04-23 11:26:50,2866.0,297364
2021-04-23 11:26:51,2866.0,297364
2021-04-23 11:26:52,2865.2,297397
2021-04-23 11:26:53,2865.2,297397
2021-04-23 11:26:54,2866.4,297417
2021-04-23 11:26:55,2865.2,297429
2021-04-23 11:26:56,2865.2,297429
2021-04-23 11:26:57,2865.2,297429
2021-04-23 11:26:58,2865.0,297479
2021-04-23 11:26:59,2864.9,297660
2021-04-23 11:27:00,2864.9,297660
2021-04-23 11:27:01,2864.5,297671
2021-04-23 11:27:02,2864.5,297673
2021-04-23 11:27:03,2865.55,297688
2021-04-23 11:27:04,2865.55,297688
2021-04-23 11:27:05,2865.55,297688
2021-04-23 11:27:06,2865.55,297688
2021-04-23 11:27:07,2865.55,297688
2021-04-23 11:27:08,2865.55,297688
2021-04-23 11:27:09,2865.15,297791
2021-04-23 11:27:10,2865.15,297791
2021-04-23 11:27:11,2864.75,297804
2021-04-23 11:27:12,2864.75,297804
2021-04-23 11:27:13,2863.15,297814
2021-04-23 11:27:14,2863.15,297814
2021-04-23 11:27:15,2863.15,297814
2021-04-23 11:27:16,2863.15,297814
2021-04-23 11:27:17,2863.15,297814
2021-04-23 11:27:18,2863.0,298014
2021-04-23 11:27:19,2863.0,298014
2021-04-23 11:27:20,2863.0,298089
2021-04-23 11:27:22,2864.35,298090
2021-04-23 11:27:23,2864.4,298092
2021-04-23 11:27:24,2864.4,298092
2021-04-23 11:27:25,2864.4,298092
2021-04-23 11:27:26,2864.4,298092
2021-04-23 11:27:27,2864.4,298092
2021-04-23 11:27:28,2864.4,298108
2021-04-23 11:27:29,2863.35,298119
2021-04-23 11:27:30,2863.35,298119
2021-04-23 11:27:31,2863.35,298119
2021-04-23 11:27:32,2863.35,298119
2021-04-23 11:27:33,2863.35,298119
2021-04-23 11:27:34,2863.35,298119
2021-04-23 11:27:35,2863.35,298119
2021-04-23 11:27:36,2863.6,298122
2021-04-23 11:27:37,2863.6,298128
2021-04-23 11:27:38,2864.5,298129
2021-04-23 11:27:39,2864.5,298129
2021-04-23 11:27:40,2863.65,298172
2021-04-23 11:27:41,2863.65,298172
2021-04-23 11:27:42,2863.65,298202
2021-04-23 11:27:43,2863.65,298202
2021-04-23 11:27:45,2863.65,298202
2021-04-23 11:27:44,2863.65,298202
2021-04-23 11:27:46,2863.65,298202
2021-04-23 11:27:47,2864.75,298204
2021-04-23 11:27:48,2864.75,298204
2021-04-23 11:27:49,2863.45,298215
2021-04-23 11:27:50,2863.45,298215
2021-04-23 11:27:51,2863.45,298215
2021-04-23 11:27:52,2863.45,298215
2021-04-23 11:27:53,2863.45,298215
2021-04-23 11:27:54,2863.65,298235
2021-04-23 11:27:55,2863.65,298235
2021-04-23 11:27:56,2864.95,298238
2021-04-23 11:27:57,2864.95,298238
2021-04-23 11:27:59,2864.95,298238
2021-04-23 11:28:00,2864.95,298238
2021-04-23 11:28:01,2864.95,298238
2021-04-23 11:28:02,2864.95,298238
2021-04-23 11:28:03,2864.95,298238
2021-04-23 11:28:04,2864.95,298238
2021-04-23 11:28:05,2864.95,298238
2021-04-23 11:28:06,2864.95,298238
2021-04-23 11:28:07,2863.65,298251
2021-04-23 11:28:08,2864.95,298266
2021-04-23 11:28:09,2864.95,298268
2021-04-23 11:28:10,2864.95,298268
2021-04-23 11:28:11,2863.65,298269
2021-04-23 11:28:12,2863.65,298269
2021-04-23 11:28:13,2863.65,298279
2021-04-23 11:28:14,2863.65,298279
2021-04-23 11:28:15,2865.0,298304
2021-04-23 11:28:17,2865.0,298304
2021-04-23 11:28:18,2865.0,298304
2021-04-23 11:28:19,2865.0,298304
2021-04-23 11:28:20,2865.0,298304
2021-04-23 11:28:22,2865.0,298304
2021-04-23 11:28:21,2865.0,298304
2021-04-23 11:28:23,2865.0,298304
2021-04-23 11:28:24,2864.95,298312
2021-04-23 11:28:25,2864.95,298312
2021-04-23 11:28:26,2864.0,298323
2021-04-23 11:28:27,2864.0,298363
2021-04-23 11:28:28,2864.0,298367
2021-04-23 11:28:29,2864.0,298367
2021-04-23 11:28:30,2864.0,298372
2021-04-23 11:28:31,2864.0,298372
2021-04-23 11:28:32,2864.0,298372
2021-04-23 11:28:33,2864.0,298376
2021-04-23 11:28:34,2864.0,298377
2021-04-23 11:28:36,2865.0,298528
2021-04-23 11:28:36,2865.0,298528
2021-04-23 11:28:37,2865.0,298528
2021-04-23 11:28:38,2865.0,298528
2021-04-23 11:28:39,2865.0,298528
2021-04-23 11:28:40,2865.5,298579
2021-04-23 11:28:42,2865.5,298579
2021-04-23 11:28:42,2865.5,298579
2021-04-23 11:28:43,2867.0,298587
2021-04-23 11:28:44,2867.0,298587
2021-04-23 11:28:45,2865.35,298598
2021-04-23 11:28:46,2866.9,298602
2021-04-23 11:28:47,2866.9,298602
2021-04-23 11:28:48,2866.9,298602
2021-04-23 11:28:50,2865.35,298652
2021-04-23 11:28:51,2865.35,298652
2021-04-23 11:28:51,2865.35,298652
2021-04-23 11:28:52,2865.35,298654
2021-04-23 11:28:53,2865.35,298654
2021-04-23 11:28:54,2865.35,298654
2021-04-23 11:28:55,2865.35,298654
2021-04-23 11:28:56,2865.35,298669
2021-04-23 11:28:57,2865.35,298669
2021-04-23 11:28:58,2866.4,298675
2021-04-23 11:29:00,2866.4,298675
2021-04-23 11:29:00,2866.4,298675
2021-04-23 11:29:01,2866.4,298675
2021-04-23 11:29:02,2866.4,298675
2021-04-23 11:29:03,2865.35,298676
2021-04-23 11:29:04,2865.3,298678
2021-04-23 11:29:05,2865.3,298678
2021-04-23 11:29:07,2865.25,298688
2021-04-23 11:29:07,2865.25,298688
2021-04-23 11:29:08,2865.2,298722
2021-04-23 11:29:09,2865.2,298722
2021-04-23 11:29:10,2865.2,298722
2021-04-23 11:29:11,2865.2,298722
2021-04-23 11:29:13,2865.2,298722
2021-04-23 11:29:13,2865.2,298722
2021-04-23 11:29:14,2865.2,298722
2021-04-23 11:29:15,2864.8,298726
2021-04-23 11:29:16,2865.85,298729
2021-04-23 11:29:17,2865.85,298730
2021-04-23 11:29:19,2865.85,298730
2021-04-23 11:29:19,2865.85,298730
2021-04-23 11:29:20,2865.85,298730
2021-04-23 11:29:21,2865.85,298730
2021-04-23 11:29:22,2865.85,298730
2021-04-23 11:29:23,2864.1,298741
2021-04-23 11:29:25,2864.1,298741
2021-04-23 11:29:26,2864.1,298741
2021-04-23 11:29:27,2864.1,298741
2021-04-23 11:29:27,2864.1,298741
2021-04-23 11:29:28,2864.1,298741
2021-04-23 11:29:29,2864.1,298741
2021-04-23 11:29:30,2864.8,298761
2021-04-23 11:29:31,2864.1,298811
2021-04-23 11:29:33,2864.1,298811
2021-04-23 11:29:33,2864.1,298811
2021-04-23 11:29:35,2864.2,298821
2021-04-23 11:29:36,2864.2,298821
2021-04-23 11:29:37,2864.8,298825
2021-04-23 11:29:39,2864.1,298925
2021-04-23 11:29:40,2864.1,298925
2021-04-23 11:29:41,2864.1,298925
2021-04-23 11:29:41,2864.1,298925
2021-04-23 11:29:42,2864.05,298936
2021-04-23 11:29:43,2864.05,298936
2021-04-23 11:29:44,2864.2,298941
2021-04-23 11:29:46,2864.2,298941
2021-04-23 11:29:47,2864.2,298941
2021-04-23 11:29:47,2864.8,298946
2021-04-23 11:29:48,2864.8,298946
2021-04-23 11:29:49,2864.8,298946
2021-04-23 11:29:50,2864.05,298959
2021-04-23 11:29:51,2864.05,298959
2021-04-23 11:29:53,2864.05,298959
2021-04-23 11:29:53,2864.05,298959
2021-04-23 11:29:54,2864.05,298959
2021-04-23 11:29:55,2864.05,298959
2021-04-23 11:29:58,2864.05,298969
2021-04-23 11:29:59,2864.05,298969
2021-04-23 11:29:59,2864.05,298969
2021-04-23 11:30:00,2864.8,298973
2021-04-23 11:30:01,2864.05,298975
2021-04-23 11:30:02,2864.05,298975
2021-04-23 11:30:03,2864.0,298995
2021-04-23 11:30:04,2864.0,298995
2021-04-23 11:30:06,2864.0,298995
2021-04-23 11:30:06,2864.0,298995
2021-04-23 11:30:07,2864.0,298995
2021-04-23 11:30:08,2864.0,298995
2021-04-23 11:30:09,2865.0,299295
2021-04-23 11:30:11,2865.0,299295
2021-04-23 11:30:11,2865.0,299295
2021-04-23 11:30:12,2865.0,299295
2021-04-23 11:30:13,2864.1,299298
2021-04-23 11:30:14,2864.5,299377
2021-04-23 11:30:15,2866.2,299427
2021-04-23 11:30:16,2866.1,299447
2021-04-23 11:30:17,2866.1,299447
2021-04-23 11:30:18,2866.1,299447
2021-04-23 11:30:19,2866.1,299447
2021-04-23 11:30:20,2863.0,300659
2021-04-23 11:30:21,2863.0,300659
2021-04-23 11:30:22,2863.0,300659
2021-04-23 11:30:23,2863.75,300669
2021-04-23 11:30:24,2863.75,300669
2021-04-23 11:30:25,2862.0,300719
2021-04-23 11:30:26,2862.0,301326
2021-04-23 11:30:28,2861.6,301331
2021-04-23 11:30:28,2861.6,301331
2021-04-23 11:30:29,2861.6,301331
2021-04-23 11:30:30,2861.8,301335
2021-04-23 11:30:31,2863.1,301370
2021-04-23 11:30:32,2861.9,301381
2021-04-23 11:30:34,2861.9,301381
2021-04-23 11:30:35,2862.0,301387
2021-04-23 11:30:35,2861.9,301381
2021-04-23 11:30:36,2862.0,301387
2021-04-23 11:30:37,2862.0,301387
2021-04-23 11:30:38,2862.0,301387
2021-04-23 11:30:40,2863.25,301398
2021-04-23 11:30:40,2863.25,301398
2021-04-23 11:30:41,2864.35,301437
2021-04-23 11:30:44,2864.0,301446
2021-04-23 11:30:45,2864.0,301446
2021-04-23 11:30:46,2864.0,301447
2021-04-23 11:30:46,2864.0,301467
2021-04-23 11:30:47,2864.0,301475
2021-04-23 11:30:48,2863.25,301485
2021-04-23 11:30:49,2863.25,301485
2021-04-23 11:30:51,2863.25,301485
2021-04-23 11:30:52,2863.25,301485
2021-04-23 11:30:53,2863.75,301500
2021-04-23 11:30:53,2863.75,301500
2021-04-23 11:30:54,2860.45,302510
2021-04-23 11:30:55,2860.45,302510
2021-04-23 11:30:57,2860.45,302510
2021-04-23 11:30:58,2861.35,302521
2021-04-23 11:30:58,2860.45,302510
2021-04-23 11:30:59,2861.35,302521
2021-04-23 11:31:00,2861.35,302521
2021-04-23 11:31:02,2861.35,302521
2021-04-23 11:31:03,2861.55,302526
2021-04-23 11:31:03,2861.55,302526
2021-04-23 11:31:04,2861.55,302526
2021-04-23 11:31:05,2863.4,302608
2021-04-23 11:31:07,2863.35,302609
2021-04-23 11:31:08,2863.35,302609
2021-04-23 11:31:08,2863.35,302609
2021-04-23 11:31:09,2863.4,302619
2021-04-23 11:31:10,2863.4,302619
2021-04-23 11:31:11,2864.2,302733
2021-04-23 11:31:13,2864.85,302836
2021-04-23 11:31:14,2864.85,302836
2021-04-23 11:31:14,2864.85,302836
2021-04-23 11:31:15,2864.85,302836
2021-04-23 11:31:16,2864.85,302836
2021-04-23 11:31:17,2864.45,302848
2021-04-23 11:31:19,2864.45,302848
2021-04-23 11:31:20,2864.45,302848
2021-04-23 11:31:21,2864.45,302858
2021-04-23 11:31:22,2864.45,302858
2021-04-23 11:31:22,2864.45,302858
2021-04-23 11:31:23,2864.45,302858
2021-04-23 11:31:24,2864.45,302858
2021-04-23 11:31:25,2864.85,302883
2021-04-23 11:31:26,2864.85,302883
2021-04-23 11:31:27,2864.15,302959
2021-04-23 11:31:28,2864.85,302984
2021-04-23 11:31:29,2864.1,303017
2021-04-23 11:31:31,2864.1,303017
2021-04-23 11:31:32,2864.1,303017
2021-04-23 11:31:32,2864.1,303017
2021-04-23 11:31:33,2864.1,303017
2021-04-23 11:31:34,2864.1,303017
2021-04-23 11:31:36,2864.1,303017
2021-04-23 11:31:37,2864.85,303027
2021-04-23 11:31:37,2864.85,303027
2021-04-23 11:31:38,2864.85,303027
2021-04-23 11:31:39,2863.35,303034
2021-04-23 11:31:41,2863.35,303034
2021-04-23 11:31:42,2863.35,303034
2021-04-23 11:31:42,2863.35,303034
2021-04-23 11:31:43,2863.35,303034
2021-04-23 11:31:44,2863.35,303034
2021-04-23 11:31:46,2863.35,303034
2021-04-23 11:31:47,2864.65,303044
2021-04-23 11:31:47,2863.35,303034
2021-04-23 11:31:48,2865.95,303045
2021-04-23 11:31:49,2865.95,303045
2021-04-23 11:31:51,2865.95,303045
2021-04-23 11:31:52,2865.95,303045
2021-04-23 11:31:52,2865.95,303045
2021-04-23 11:31:53,2865.95,303045
2021-04-23 11:31:54,2865.95,303045
2021-04-23 11:31:55,2864.65,303056
2021-04-23 11:31:57,2863.7,303069
2021-04-23 11:31:58,2865.25,303070
2021-04-23 11:31:59,2865.25,303070
2021-04-23 11:32:00,2865.25,303070
2021-04-23 11:32:00,2865.25,303070
2021-04-23 11:32:01,2865.25,303070
2021-04-23 11:32:03,2863.7,303080
2021-04-23 11:32:04,2863.7,303080
2021-04-23 11:32:04,2863.7,303080
2021-04-23 11:32:05,2863.7,303080
2021-04-23 11:32:07,2863.7,303080
2021-04-23 11:32:08,2863.7,303080
2021-04-23 11:32:09,2863.7,303080
2021-04-23 11:32:09,2863.7,303080
2021-04-23 11:32:10,2863.7,303080
2021-04-23 11:32:11,2865.05,303082
2021-04-23 11:32:12,2865.05,303082
2021-04-23 11:32:13,2865.05,303082
2021-04-23 11:32:14,2863.7,303093
2021-04-23 11:32:16,2863.75,303118
2021-04-23 11:32:17,2863.2,303124
2021-04-23 11:32:18,2863.2,303124
2021-04-23 11:32:19,2863.2,303124
2021-04-23 11:32:19,2863.2,303124
2021-04-23 11:32:21,2863.2,303124
2021-04-23 11:32:22,2864.65,303125
2021-04-23 11:32:23,2864.65,303125
2021-04-23 11:32:24,2863.15,303130
2021-04-23 11:32:24,2863.15,303130
2021-04-23 11:32:26,2863.15,303130
2021-04-23 11:32:27,2863.15,303130
2021-04-23 11:32:27,2865.0,303132
2021-04-23 11:32:28,2865.0,303132
2021-04-23 11:32:30,2865.0,303132
2021-04-23 11:32:31,2865.0,303132
2021-04-23 11:32:32,2865.0,303132
2021-04-23 11:32:32,2865.45,303182
2021-04-23 11:32:33,2864.05,303222
2021-04-23 11:32:34,2864.05,303222
2021-04-23 11:32:35,2864.05,303222
2021-04-23 11:32:36,2864.05,303222
2021-04-23 11:32:37,2864.05,303222
2021-04-23 11:32:39,2864.05,303222
2021-04-23 11:32:39,2864.05,303222
2021-04-23 11:32:40,2864.05,303222
2021-04-23 11:32:41,2864.05,303222
2021-04-23 11:32:42,2864.05,303222
2021-04-23 11:32:44,2864.05,303222
2021-04-23 11:32:44,2864.05,303222
2021-04-23 11:32:45,2861.6,305506
2021-04-23 11:32:46,2860.0,306196
2021-04-23 11:32:47,2860.0,306396
2021-04-23 11:32:49,2861.25,306452
2021-04-23 11:32:49,2860.0,306470
2021-04-23 11:32:51,2861.25,306475
2021-04-23 11:32:52,2861.25,306475
2021-04-23 11:32:53,2860.0,306486
2021-04-23 11:32:53,2860.0,306486
2021-04-23 11:32:55,2860.0,306486
2021-04-23 11:32:56,2860.0,306486
2021-04-23 11:32:57,2860.0,306486
2021-04-23 11:32:58,2860.0,306486
2021-04-23 11:33:00,2860.0,306486
2021-04-23 11:33:01,2860.0,306486
2021-04-23 11:33:02,2861.2,306487
2021-04-23 11:33:02,2861.2,306487
2021-04-23 11:33:04,2860.0,306637
2021-04-23 11:33:05,2860.0,307196
2021-04-23 11:33:06,2857.8,307423
2021-04-23 11:33:07,2859.4,307534
2021-04-23 11:33:08,2857.8,307538
2021-04-23 11:33:08,2858.4,307556
2021-04-23 11:33:10,2857.45,307558
2021-04-23 11:33:11,2857.45,307558
2021-04-23 11:33:12,2858.95,307618
2021-04-23 11:33:13,2857.5,307643
2021-04-23 11:33:14,2857.5,307643
2021-04-23 11:33:15,2857.5,307663
2021-04-23 11:33:16,2858.6,307693
2021-04-23 11:33:16,2858.6,307693
2021-04-23 11:33:18,2858.6,307693
2021-04-23 11:33:19,2858.6,307693
2021-04-23 11:33:20,2859.1,307723
2021-04-23 11:33:20,2859.0,307791
2021-04-23 11:33:21,2858.0,307801
2021-04-23 11:33:22,2859.2,307806
2021-04-23 11:33:23,2858.9,307807
2021-04-23 11:33:25,2858.9,307807
2021-04-23 11:33:26,2858.0,307808
2021-04-23 11:33:27,2858.0,307808
2021-04-23 11:33:28,2859.0,307812
2021-04-23 11:33:29,2859.0,307812
2021-04-23 11:33:30,2859.0,307812
2021-04-23 11:33:31,2858.0,307823
2021-04-23 11:33:32,2858.0,307823
2021-04-23 11:33:33,2858.0,307823
2021-04-23 11:33:33,2858.0,307823
2021-04-23 11:33:34,2858.0,307823
2021-04-23 11:33:35,2858.0,307823
2021-04-23 11:33:36,2858.0,307823
2021-04-23 11:33:38,2858.0,307826
2021-04-23 11:33:39,2858.0,307826
2021-04-23 11:33:40,2860.55,307962
2021-04-23 11:33:41,2860.55,307962
2021-04-23 11:33:42,2861.9,308012
2021-04-23 11:33:43,2861.9,308012
2021-04-23 11:33:44,2861.9,308012
2021-04-23 11:33:45,2861.9,308012
2021-04-23 11:33:46,2861.9,308012
2021-04-23 11:33:47,2861.9,308012
2021-04-23 11:33:48,2861.9,308012
2021-04-23 11:33:49,2860.3,308023
2021-04-23 11:33:50,2860.3,308023
2021-04-23 11:33:50,2860.3,308023
2021-04-23 11:33:51,2860.3,308023
2021-04-23 11:33:52,2860.3,308023
2021-04-23 11:33:53,2860.3,308023
2021-04-23 11:33:54,2860.3,308023
2021-04-23 11:33:56,2860.3,308023
2021-04-23 11:33:57,2860.3,308023
2021-04-23 11:33:58,2860.3,308023
2021-04-23 11:33:59,2860.3,308023
2021-04-23 11:34:00,2860.3,308023
2021-04-23 11:34:01,2860.3,308023
2021-04-23 11:34:02,2860.3,308023
2021-04-23 11:34:03,2860.3,308023
2021-04-23 11:34:04,2860.3,308023
2021-04-23 11:34:05,2860.3,308023
2021-04-23 11:34:06,2861.2,308043
2021-04-23 11:34:07,2861.2,308043
2021-04-23 11:34:08,2860.3,308051
2021-04-23 11:34:09,2860.2,308086
2021-04-23 11:34:10,2860.2,308086
2021-04-23 11:34:11,2861.1,308090
2021-04-23 11:34:12,2860.3,308091
2021-04-23 11:34:13,2860.3,308091
2021-04-23 11:34:14,2860.3,308091
2021-04-23 11:34:15,2860.3,308091
2021-04-23 11:34:16,2860.3,308091
2021-04-23 11:34:17,2860.3,308091
2021-04-23 11:34:19,2860.3,308091
2021-04-23 11:34:20,2860.3,308091
2021-04-23 11:34:21,2860.3,308091
2021-04-23 11:34:22,2859.25,308151
2021-04-23 11:34:23,2859.25,308151
2021-04-23 11:34:24,2859.25,308151
2021-04-23 11:34:25,2859.25,308151
2021-04-23 11:34:25,2859.25,308151
2021-04-23 11:34:26,2859.25,308151
2021-04-23 11:34:27,2859.9,308163
2021-04-23 11:34:30,2859.9,308179
2021-04-23 11:34:30,2859.9,308179
2021-04-23 11:34:31,2859.9,308179
2021-04-23 11:34:32,2858.45,308180
2021-04-23 11:34:33,2859.9,308206
2021-04-23 11:34:35,2860.85,308406
2021-04-23 11:34:36,2860.85,308406
2021-04-23 11:34:37,2860.85,308406
2021-04-23 11:34:38,2860.85,308406
2021-04-23 11:34:39,2860.85,308406
2021-04-23 11:34:40,2860.85,308406
2021-04-23 11:34:41,2860.85,308406
2021-04-23 11:34:42,2860.85,308406
2021-04-23 11:34:43,2859.5,308535
2021-04-23 11:34:44,2859.4,308643
2021-04-23 11:34:44,2859.4,308643
2021-04-23 11:34:46,2859.4,308643
2021-04-23 11:34:47,2860.8,308664
2021-04-23 11:34:48,2860.8,308664
2021-04-23 11:34:49,2860.0,308834
2021-04-23 11:34:50,2860.8,308835
2021-04-23 11:34:51,2860.8,308835
2021-04-23 11:34:52,2860.8,308835
2021-04-23 11:34:54,2860.8,308835
2021-04-23 11:34:55,2860.8,308835
2021-04-23 11:34:56,2860.8,308856
2021-04-23 11:34:58,2860.8,308856
2021-04-23 11:34:59,2860.8,308856
2021-04-23 11:35:00,2860.8,308856
2021-04-23 11:35:01,2860.8,308857
2021-04-23 11:35:01,2860.8,308857
2021-04-23 11:35:03,2860.8,308857
2021-04-23 11:35:04,2860.8,308859
2021-04-23 11:35:05,2859.85,308872
2021-04-23 11:35:06,2860.8,308907
2021-04-23 11:35:07,2860.8,308907
2021-04-23 11:35:08,2859.8,308913
2021-04-23 11:35:09,2859.8,308913
2021-04-23 11:35:10,2859.8,308913
2021-04-23 11:35:11,2859.8,308913
2021-04-23 11:35:12,2859.8,308913
2021-04-23 11:35:13,2859.8,308913
2021-04-23 11:35:13,2859.8,308913
2021-04-23 11:35:15,2859.8,308913
2021-04-23 11:35:16,2859.8,308913
2021-04-23 11:35:17,2859.8,308913
2021-04-23 11:35:18,2859.8,308913
2021-04-23 11:35:19,2859.8,308913
2021-04-23 11:35:20,2859.8,308913
2021-04-23 11:35:21,2859.8,308913
2021-04-23 11:35:22,2859.85,308914
2021-04-23 11:35:23,2859.85,308916
2021-04-23 11:35:24,2859.85,308919
2021-04-23 11:35:25,2859.85,308931
2021-04-23 11:35:26,2859.8,308934
2021-04-23 11:35:27,2859.8,308940
2021-04-23 11:35:28,2859.8,308947
2021-04-23 11:35:29,2859.8,308954
2021-04-23 11:35:30,2859.75,308959
2021-04-23 11:35:31,2859.75,308979
2021-04-23 11:35:31,2859.65,308982
2021-04-23 11:35:32,2859.65,308988
2021-04-23 11:35:33,2859.8,309002
2021-04-23 11:35:34,2859.0,309165
2021-04-23 11:35:35,2859.0,309170
2021-04-23 11:35:36,2859.4,309172
2021-04-23 11:35:38,2859.4,309172
2021-04-23 11:35:39,2859.4,309172
2021-04-23 11:35:40,2859.4,309172
2021-04-23 11:35:41,2859.4,309172
2021-04-23 11:35:42,2859.4,309176
2021-04-23 11:35:43,2859.0,309187
2021-04-23 11:35:43,2859.0,309187
2021-04-23 11:35:45,2859.0,309318
2021-04-23 11:35:46,2859.2,309542
2021-04-23 11:35:47,2859.35,309679
2021-04-23 11:35:48,2859.35,309679
2021-04-23 11:35:49,2859.35,309679
2021-04-23 11:35:50,2859.35,309679
2021-04-23 11:35:51,2859.35,309679
2021-04-23 11:35:52,2859.35,309679
2021-04-23 11:35:53,2859.35,309679
2021-04-23 11:35:54,2859.35,309679
2021-04-23 11:35:55,2859.35,309679
2021-04-23 11:35:56,2859.35,309679
2021-04-23 11:35:57,2859.35,309679
2021-04-23 11:35:58,2859.35,309679
2021-04-23 11:35:59,2859.35,309679
2021-04-23 11:36:00,2859.35,309679
2021-04-23 11:36:01,2859.35,309679
2021-04-23 11:36:02,2858.15,309690
2021-04-23 11:36:03,2859.0,309692
2021-04-23 11:36:04,2859.0,309692
2021-04-23 11:36:05,2859.0,309692
2021-04-23 11:36:06,2859.0,309692
2021-04-23 11:36:08,2858.15,309700
2021-04-23 11:36:10,2859.0,309703
2021-04-23 11:36:11,2859.0,309703
2021-04-23 11:36:12,2859.0,309703
2021-04-23 11:36:14,2859.35,309795
2021-04-23 11:36:15,2859.35,309795
2021-04-23 11:36:16,2859.35,309795
2021-04-23 11:36:17,2859.35,309795
2021-04-23 11:36:18,2859.35,309795
2021-04-23 11:36:19,2859.35,309795
2021-04-23 11:36:22,2858.2,309807
2021-04-23 11:36:24,2858.2,309807
2021-04-23 11:36:25,2858.2,309807
2021-04-23 11:36:26,2859.15,310103
2021-04-23 11:36:27,2859.2,310256
2021-04-23 11:36:28,2859.2,310266
2021-04-23 11:36:29,2859.2,310266
2021-04-23 11:36:30,2859.2,310266
2021-04-23 11:36:31,2859.2,310266
2021-04-23 11:36:32,2859.2,310266
2021-04-23 11:36:34,2859.2,310266
2021-04-23 11:36:36,2859.2,310266
2021-04-23 11:36:36,2859.2,310266
2021-04-23 11:36:37,2859.2,310266
2021-04-23 11:36:38,2859.2,310266
2021-04-23 11:36:40,2859.0,310276
2021-04-23 11:36:41,2859.0,310377
2021-04-23 11:36:42,2857.6,310435
2021-04-23 11:36:43,2858.75,310445
2021-04-23 11:36:44,2858.75,310445
2021-04-23 11:36:45,2858.75,310445
2021-04-23 11:36:46,2858.75,310445
2021-04-23 11:36:47,2858.75,310448
2021-04-23 11:36:48,2859.95,310554
2021-04-23 11:36:50,2859.0,310573
2021-04-23 11:36:51,2859.0,310573
2021-04-23 11:36:51,2859.0,310573
2021-04-23 11:36:52,2859.0,310573
2021-04-23 11:36:54,2859.0,310573
2021-04-23 11:36:55,2859.0,310673
2021-04-23 11:36:56,2859.0,310673
2021-04-23 11:36:57,2859.0,310673
2021-04-23 11:36:59,2858.75,310681
2021-04-23 11:36:59,2858.7,310719
2021-04-23 11:37:00,2858.7,310723
2021-04-23 11:37:01,2858.7,310723
2021-04-23 11:37:03,2858.7,310723
2021-04-23 11:37:04,2858.7,310723
2021-04-23 11:37:05,2858.7,310723
2021-04-23 11:37:06,2858.7,310723
2021-04-23 11:37:07,2858.2,310726
2021-04-23 11:37:08,2858.2,310726
2021-04-23 11:37:09,2858.2,310726
2021-04-23 11:37:10,2858.2,310726
2021-04-23 11:37:11,2858.2,310726
2021-04-23 11:37:12,2859.15,310727
2021-04-23 11:37:13,2859.15,310727
2021-04-23 11:37:14,2859.15,310727
2021-04-23 11:37:15,2859.15,310727
2021-04-23 11:37:16,2859.15,310727
2021-04-23 11:37:17,2859.15,310727
2021-04-23 11:37:18,2859.15,310727
2021-04-23 11:37:19,2858.2,310738
2021-04-23 11:37:20,2858.2,310738
2021-04-23 11:37:21,2859.0,310758
2021-04-23 11:37:22,2859.0,310771
2021-04-23 11:37:23,2859.0,310771
2021-04-23 11:37:24,2859.0,310771
2021-04-23 11:37:25,2859.2,310775
2021-04-23 11:37:26,2859.2,310775
2021-04-23 11:37:27,2859.2,310775
2021-04-23 11:37:28,2857.6,310975
2021-04-23 11:37:29,2859.0,311075
2021-04-23 11:37:30,2859.0,311163
2021-04-23 11:37:31,2859.0,311163
2021-04-23 11:37:33,2859.0,311163
2021-04-23 11:37:34,2859.0,311163
2021-04-23 11:37:35,2857.6,311190
2021-04-23 11:37:36,2857.6,311190
2021-04-23 11:37:37,2857.6,311190
2021-04-23 11:37:38,2858.8,311202
2021-04-23 11:37:39,2858.8,311202
2021-04-23 11:37:40,2858.8,311202
2021-04-23 11:37:41,2857.5,311203
2021-04-23 11:37:42,2857.5,311203
2021-04-23 11:37:43,2857.5,311203
2021-04-23 11:37:44,2857.5,311203
2021-04-23 11:37:45,2857.5,311203
2021-04-23 11:37:46,2857.5,311203
2021-04-23 11:37:47,2858.1,311223
2021-04-23 11:37:48,2858.1,311223
2021-04-23 11:37:49,2859.05,311224
2021-04-23 11:37:50,2859.05,311224
2021-04-23 11:37:51,2859.05,311224
2021-04-23 11:37:52,2859.3,311324
2021-04-23 11:37:53,2857.75,311399
2021-04-23 11:37:54,2857.75,311414
2021-04-23 11:37:55,2857.75,311414
2021-04-23 11:37:56,2857.75,311417
2021-04-23 11:37:57,2857.75,311417
2021-04-23 11:37:58,2857.55,311425
2021-04-23 11:37:59,2857.5,311446
2021-04-23 11:38:00,2857.5,311446
2021-04-23 11:38:02,2857.5,311446
2021-04-23 11:38:03,2857.5,311446
2021-04-23 11:38:04,2857.5,311446
2021-04-23 11:38:05,2857.5,311446
2021-04-23 11:38:06,2857.5,311446
2021-04-23 11:38:07,2857.5,311446
2021-04-23 11:38:08,2859.0,311451
2021-04-23 11:38:09,2859.0,311451
2021-04-23 11:38:10,2858.95,311452
2021-04-23 11:38:11,2858.95,311452
2021-04-23 11:38:12,2858.95,311452
2021-04-23 11:38:13,2858.55,311483
2021-04-23 11:38:14,2858.55,311483
2021-04-23 11:38:15,2858.55,311483
2021-04-23 11:38:16,2857.75,311494
2021-04-23 11:38:17,2857.75,311494
2021-04-23 11:38:18,2857.75,311494
2021-04-23 11:38:19,2858.55,311495
2021-04-23 11:38:20,2858.55,311495
2021-04-23 11:38:21,2858.55,311495
2021-04-23 11:38:23,2858.55,311495
2021-04-23 11:38:24,2857.75,311496
2021-04-23 11:38:25,2857.75,311496
2021-04-23 11:38:26,2858.55,311497
2021-04-23 11:38:27,2858.55,311497
2021-04-23 11:38:28,2858.55,311497
2021-04-23 11:38:29,2858.55,311497
2021-04-23 11:38:30,2858.55,311497
2021-04-23 11:38:31,2858.55,311497
2021-04-23 11:38:32,2858.55,311497
2021-04-23 11:38:33,2858.55,311497
2021-04-23 11:38:34,2858.55,311497
2021-04-23 11:38:35,2858.55,311497
2021-04-23 11:38:36,2857.7,311508
2021-04-23 11:38:38,2857.7,311508
2021-04-23 11:38:41,2858.45,311510
2021-04-23 11:38:42,2858.45,311510
2021-04-23 11:38:43,2858.45,311515
2021-04-23 11:38:44,2858.45,311515
2021-04-23 11:38:45,2858.45,311515
2021-04-23 11:38:47,2858.45,311515
2021-04-23 11:38:46,2858.45,311515
2021-04-23 11:38:48,2858.4,311528
2021-04-23 11:38:49,2858.4,311528
2021-04-23 11:38:50,2858.4,311528
2021-04-23 11:38:51,2858.4,311528
2021-04-23 11:38:52,2858.4,311528
2021-04-23 11:38:53,2858.4,311528
2021-04-23 11:38:54,2857.8,311529
2021-04-23 11:38:55,2857.8,311529
2021-04-23 11:38:56,2857.8,311529
2021-04-23 11:38:57,2857.65,311652
2021-04-23 11:38:58,2855.0,312717
2021-04-23 11:38:59,2855.0,312936
2021-04-23 11:39:00,2855.0,312999
2021-04-23 11:39:01,2855.05,313017
2021-04-23 11:39:02,2855.05,313017
2021-04-23 11:39:03,2855.05,313017
2021-04-23 11:39:04,2855.05,313017
2021-04-23 11:39:05,2855.15,313018
2021-04-23 11:39:06,2855.15,313018
2021-04-23 11:39:07,2856.15,313021
2021-04-23 11:39:08,2856.15,313021
2021-04-23 11:39:09,2855.2,313054
2021-04-23 11:39:10,2855.15,313075
2021-04-23 11:39:11,2855.15,313075
2021-04-23 11:39:12,2855.15,313086
2021-04-23 11:39:13,2855.15,313086
2021-04-23 11:39:14,2855.2,313093
2021-04-23 11:39:15,2855.2,313093
2021-04-23 11:39:16,2855.2,313093
2021-04-23 11:39:17,2855.2,313093
2021-04-23 11:39:19,2855.15,313096
2021-04-23 11:39:21,2855.15,313096
2021-04-23 11:39:22,2856.15,313114
2021-04-23 11:39:23,2856.05,313284
2021-04-23 11:39:24,2856.05,313284
2021-04-23 11:39:25,2856.05,313284
2021-04-23 11:39:26,2856.05,313284
2021-04-23 11:39:27,2856.05,313284
2021-04-23 11:39:28,2856.05,313284
2021-04-23 11:39:30,2856.05,313284
2021-04-23 11:39:30,2856.05,313284
2021-04-23 11:39:31,2856.15,313296
2021-04-23 11:39:32,2856.15,313296
2021-04-23 11:39:33,2856.15,313296
2021-04-23 11:39:34,2856.15,313296
2021-04-23 11:39:36,2856.15,313296
2021-04-23 11:39:36,2856.05,313298
2021-04-23 11:39:38,2856.05,313298
2021-04-23 11:39:38,2856.05,313298
2021-04-23 11:39:39,2856.05,313298
2021-04-23 11:39:40,2856.05,313298
2021-04-23 11:39:41,2855.95,313299
2021-04-23 11:39:42,2855.95,313299
2021-04-23 11:39:43,2855.95,313299
2021-04-23 11:39:44,2855.05,313349
2021-04-23 11:39:45,2855.05,313349
2021-04-23 11:39:46,2856.3,313351
2021-04-23 11:39:47,2856.0,313356
2021-04-23 11:39:48,2856.0,313356
2021-04-23 11:39:49,2856.0,313356
2021-04-23 11:39:50,2855.0,313367
2021-04-23 11:39:52,2855.0,313367
2021-04-23 11:39:52,2855.0,313367
2021-04-23 11:39:54,2855.0,313367
2021-04-23 11:39:54,2855.0,313367
2021-04-23 11:39:55,2855.0,313367
2021-04-23 11:39:56,2855.0,313367
2021-04-23 11:39:57,2855.0,313367
2021-04-23 11:39:58,2855.0,313367
2021-04-23 11:39:59,2855.0,313367
2021-04-23 11:40:00,2855.0,313367
2021-04-23 11:40:02,2855.5,313387
2021-04-23 11:40:02,2855.0,313457
2021-04-23 11:40:03,2855.0,313457
2021-04-23 11:40:05,2855.0,313457
2021-04-23 11:40:06,2855.0,313457
2021-04-23 11:40:07,2855.45,313458
2021-04-23 11:40:08,2855.45,313458
2021-04-23 11:40:09,2855.0,313469
2021-04-23 11:40:10,2855.0,313469
2021-04-23 11:40:11,2855.0,313469
2021-04-23 11:40:12,2855.0,313770
2021-04-23 11:40:13,2854.05,313817
2021-04-23 11:40:14,2854.85,313879
2021-04-23 11:40:15,2854.05,313906
2021-04-23 11:40:17,2854.0,314405
2021-04-23 11:40:17,2854.0,314447
2021-04-23 11:40:18,2854.0,314447
2021-04-23 11:40:19,2854.0,314447
2021-04-23 11:40:20,2854.0,314447
2021-04-23 11:40:22,2854.0,314448
2021-04-23 11:40:22,2854.0,314482
2021-04-23 11:40:23,2854.0,314482
2021-04-23 11:40:24,2854.0,314482
2021-04-23 11:40:25,2853.0,314487
2021-04-23 11:40:26,2853.0,314537
2021-04-23 11:40:27,2853.0,314537
2021-04-23 11:40:28,2853.0,314554
2021-04-23 11:40:29,2853.0,314554
2021-04-23 11:40:30,2853.0,314554
2021-04-23 11:40:31,2853.0,314554
2021-04-23 11:40:32,2854.0,314627
2021-04-23 11:40:33,2853.0,314637
2021-04-23 11:40:34,2853.0,314737
2021-04-23 11:40:35,2853.0,314737
2021-04-23 11:40:36,2853.0,314737
2021-04-23 11:40:37,2854.0,314758
2021-04-23 11:40:38,2854.0,314758
2021-04-23 11:40:39,2854.0,314758
2021-04-23 11:40:40,2854.0,314758
2021-04-23 11:40:41,2854.3,314763
2021-04-23 11:40:42,2854.3,314851
2021-04-23 11:40:43,2854.3,314851
2021-04-23 11:40:44,2855.0,314859
2021-04-23 11:40:45,2855.0,314861
2021-04-23 11:40:46,2855.0,314866
2021-04-23 11:40:47,2855.0,314899
2021-04-23 11:40:48,2855.0,314899
2021-04-23 11:40:49,2855.0,314899
2021-04-23 11:40:50,2858.1,315281
2021-04-23 11:40:51,2858.45,315368
2021-04-23 11:40:52,2858.45,315368
2021-04-23 11:40:53,2858.45,315368
2021-04-23 11:40:54,2858.45,315368
2021-04-23 11:40:55,2859.0,315383
2021-04-23 11:40:57,2859.0,315383
2021-04-23 11:40:57,2859.0,315383
2021-04-23 11:40:58,2859.0,315383
2021-04-23 11:40:59,2859.0,315383
2021-04-23 11:41:00,2859.7,315386
2021-04-23 11:41:01,2859.7,315386
2021-04-23 11:41:02,2859.0,315406
2021-04-23 11:41:03,2859.0,315406
2021-04-23 11:41:04,2860.0,315413
2021-04-23 11:41:05,2860.0,315413
2021-04-23 11:41:06,2859.0,315424
2021-04-23 11:41:07,2857.3,315562
2021-04-23 11:41:08,2857.3,315562
2021-04-23 11:41:09,2857.3,315562
2021-04-23 11:41:10,2857.3,315562
2021-04-23 11:41:11,2857.3,315562
2021-04-23 11:41:12,2857.3,315562
2021-04-23 11:41:13,2856.5,315576
2021-04-23 11:41:14,2856.5,315578
2021-04-23 11:41:15,2856.5,315638
2021-04-23 11:41:16,2856.5,315638
2021-04-23 11:41:17,2856.5,315638
2021-04-23 11:41:19,2856.5,315638
2021-04-23 11:41:21,2856.5,315638
2021-04-23 11:41:22,2856.5,315638
2021-04-23 11:41:23,2856.5,315638
2021-04-23 11:41:23,2856.5,315638
2021-04-23 11:41:25,2856.5,315638
2021-04-23 11:41:26,2855.0,315649
2021-04-23 11:41:27,2855.0,315649
2021-04-23 11:41:28,2855.0,315649
2021-04-23 11:41:29,2855.0,315649
2021-04-23 11:41:29,2855.0,315649
2021-04-23 11:41:30,2855.0,315649
2021-04-23 11:41:31,2855.0,315649
2021-04-23 11:41:33,2855.0,315649
2021-04-23 11:41:34,2855.0,315649
2021-04-23 11:41:35,2855.0,315649
2021-04-23 11:41:36,2855.0,315649
2021-04-23 11:41:37,2855.0,315649
2021-04-23 11:41:38,2855.0,315649
2021-04-23 11:41:39,2855.0,315649
2021-04-23 11:41:40,2855.0,315649
2021-04-23 11:41:41,2855.0,315649
2021-04-23 11:41:42,2855.0,315649
2021-04-23 11:41:43,2855.0,315649
2021-04-23 11:41:44,2855.0,315660
2021-04-23 11:41:45,2855.0,315660
2021-04-23 11:41:46,2855.0,315660
2021-04-23 11:41:47,2855.0,315661
2021-04-23 11:41:48,2855.0,315711
2021-04-23 11:41:49,2855.0,315755
2021-04-23 11:41:50,2853.0,316473
2021-04-23 11:41:52,2853.0,316534
2021-04-23 11:41:53,2853.0,316579
2021-04-23 11:41:54,2853.0,316596
2021-04-23 11:41:55,2853.0,316615
2021-04-23 11:41:56,2854.6,316632
2021-04-23 11:41:56,2854.6,316632
2021-04-23 11:41:57,2854.6,316632
2021-04-23 11:41:58,2853.05,316642
2021-04-23 11:41:59,2853.05,316642
2021-04-23 11:42:00,2853.05,316642
2021-04-23 11:42:02,2854.55,316647
2021-04-23 11:42:03,2854.5,316650
2021-04-23 11:42:04,2853.35,316781
2021-04-23 11:42:04,2853.35,316935
2021-04-23 11:42:05,2854.55,316937
2021-04-23 11:42:06,2854.0,316987
2021-04-23 11:42:08,2853.75,317067
2021-04-23 11:42:09,2853.75,317067
2021-04-23 11:42:10,2854.0,317076
2021-04-23 11:42:11,2854.0,317086
2021-04-23 11:42:12,2855.05,317121
2021-04-23 11:42:13,2855.05,317121
2021-04-23 11:42:14,2854.0,317131
2021-04-23 11:42:15,2854.0,317131
2021-04-23 11:42:16,2854.0,317131
2021-04-23 11:42:17,2854.0,317131
2021-04-23 11:42:18,2854.0,317131
2021-04-23 11:42:19,2854.0,317131
2021-04-23 11:42:20,2854.0,317131
2021-04-23 11:42:21,2854.0,317131
2021-04-23 11:42:23,2854.05,317133
2021-04-23 11:42:24,2854.05,317133
2021-04-23 11:42:25,2854.05,317145
2021-04-23 11:42:27,2854.0,317195
2021-04-23 11:42:27,2854.0,317195
2021-04-23 11:42:28,2854.0,317195
2021-04-23 11:42:30,2854.05,317198
2021-04-23 11:42:30,2854.05,317198
2021-04-23 11:42:31,2854.05,317198
2021-04-23 11:42:32,2854.05,317198
2021-04-23 11:42:34,2854.05,317198
2021-04-23 11:42:35,2854.0,317199
2021-04-23 11:42:36,2854.0,317199
2021-04-23 11:42:37,2854.0,317199
2021-04-23 11:42:38,2854.0,317199
2021-04-23 11:42:39,2854.0,317199
2021-04-23 11:42:41,2854.0,317199
2021-04-23 11:42:42,2854.05,317213
2021-04-23 11:42:42,2854.05,317218
2021-04-23 11:42:44,2854.05,317218
2021-04-23 11:42:45,2854.0,317441
2021-04-23 11:42:45,2854.0,317441
2021-04-23 11:42:46,2854.0,317441
2021-04-23 11:42:47,2853.5,317459
2021-04-23 11:42:48,2853.5,317459
2021-04-23 11:42:49,2854.75,317709
2021-04-23 11:42:50,2853.05,317741
2021-04-23 11:42:52,2853.05,317741
2021-04-23 11:42:53,2853.35,317742
2021-04-23 11:42:53,2853.35,317742
2021-04-23 11:42:54,2853.35,317742
2021-04-23 11:42:56,2853.35,317742
2021-04-23 11:42:56,2853.35,317742
2021-04-23 11:42:57,2853.35,317742
2021-04-23 11:42:59,2853.35,317742
2021-04-23 11:43:00,2853.05,317743
2021-04-23 11:43:01,2853.05,317754
2021-04-23 11:43:02,2853.35,317760
2021-04-23 11:43:02,2853.35,317765
2021-04-23 11:43:03,2853.35,317765
2021-04-23 11:43:04,2853.35,317765
2021-04-23 11:43:05,2853.35,317765
2021-04-23 11:43:06,2853.35,317765
2021-04-23 11:43:07,2853.35,317765
2021-04-23 11:43:09,2853.35,317765
2021-04-23 11:43:10,2853.05,317865
2021-04-23 11:43:11,2853.05,317865
2021-04-23 11:43:12,2853.3,317875
2021-04-23 11:43:13,2853.3,317878
2021-04-23 11:43:13,2853.3,317878
2021-04-23 11:43:14,2853.05,317879
2021-04-23 11:43:15,2853.05,317879
2021-04-23 11:43:16,2853.05,317879
2021-04-23 11:43:17,2853.1,317884
2021-04-23 11:43:18,2853.1,317934
2021-04-23 11:43:19,2853.1,317982
2021-04-23 11:43:20,2853.1,318022
2021-04-23 11:43:22,2853.1,318022
2021-04-23 11:43:23,2853.1,318022
2021-04-23 11:43:24,2853.85,318023
2021-04-23 11:43:26,2853.85,318023
2021-04-23 11:43:26,2853.85,318023
2021-04-23 11:43:27,2853.85,318023
2021-04-23 11:43:30,2853.05,318073
2021-04-23 11:43:32,2853.05,318479
2021-04-23 11:43:32,2853.0,318613
2021-04-23 11:43:33,2853.0,318701
2021-04-23 11:43:34,2853.0,318727
2021-04-23 11:43:36,2853.0,318727
2021-04-23 11:43:36,2853.0,318727
2021-04-23 11:43:38,2853.0,321817
2021-04-23 11:43:39,2853.5,322866
2021-04-23 11:43:39,2853.0,323019
2021-04-23 11:43:40,2852.4,323364
2021-04-23 11:43:41,2852.4,323442
2021-04-23 11:43:42,2853.25,323514
2021-04-23 11:43:44,2853.25,323516
2021-04-23 11:43:44,2853.25,323516
2021-04-23 11:43:46,2853.25,323516
2021-04-23 11:43:47,2852.35,323596
2021-04-23 11:43:47,2852.35,323596
2021-04-23 11:43:48,2852.35,323596
2021-04-23 11:43:49,2853.35,323693
2021-04-23 11:43:50,2853.35,323693
2021-04-23 11:43:51,2853.35,323693
2021-04-23 11:43:53,2854.0,323824
2021-04-23 11:43:54,2854.0,323824
2021-04-23 11:43:55,2854.0,323824
2021-04-23 11:43:57,2854.0,323824
2021-04-23 11:43:58,2855.65,323846
2021-04-23 11:43:59,2854.3,323856
2021-04-23 11:44:00,2854.3,323856
2021-04-23 11:44:01,2854.3,323856
2021-04-23 11:44:02,2854.3,323856
2021-04-23 11:44:03,2854.3,323866
2021-04-23 11:44:04,2854.3,323866
2021-04-23 11:44:04,2854.3,323866
2021-04-23 11:44:05,2855.1,323871
2021-04-23 11:44:06,2855.1,323884
2021-04-23 11:44:07,2855.1,323884
2021-04-23 11:44:08,2855.1,323884
2021-04-23 11:44:09,2855.1,323884
2021-04-23 11:44:10,2855.0,323888
2021-04-23 11:44:11,2855.0,323890
2021-04-23 11:44:13,2855.0,323890
2021-04-23 11:44:14,2855.0,323910
2021-04-23 11:44:15,2855.0,323910
2021-04-23 11:44:16,2855.0,323910
2021-04-23 11:44:17,2855.1,323918
2021-04-23 11:44:18,2855.0,323931
2021-04-23 11:44:19,2854.05,323934
2021-04-23 11:44:19,2854.05,323934
2021-04-23 11:44:20,2854.05,323937
2021-04-23 11:44:21,2854.05,323937
2021-04-23 11:44:23,2853.45,323942
2021-04-23 11:44:24,2853.45,323942
2021-04-23 11:44:25,2853.45,323942
2021-04-23 11:44:26,2853.3,323952
2021-04-23 11:44:27,2853.3,323952
2021-04-23 11:44:28,2853.3,323952
2021-04-23 11:44:29,2853.3,323952
2021-04-23 11:44:30,2853.3,323952
2021-04-23 11:44:31,2853.3,323952
2021-04-23 11:44:32,2853.3,323952
2021-04-23 11:44:33,2853.3,323962
2021-04-23 11:44:34,2853.3,323962
2021-04-23 11:44:35,2853.3,323973
2021-04-23 11:44:36,2853.3,323973
2021-04-23 11:44:37,2853.3,323973
2021-04-23 11:44:38,2853.3,323973
2021-04-23 11:44:39,2853.6,324151
2021-04-23 11:44:40,2853.6,324151
2021-04-23 11:44:42,2853.6,324151
2021-04-23 11:44:43,2853.6,324151
2021-04-23 11:44:44,2853.4,324251
2021-04-23 11:44:45,2854.4,324294
2021-04-23 11:44:46,2854.4,324294
2021-04-23 11:44:47,2854.4,324294
2021-04-23 11:44:48,2854.4,324294
2021-04-23 11:44:49,2853.4,324444
2021-04-23 11:44:50,2853.4,324444
2021-04-23 11:44:51,2853.4,324444
2021-04-23 11:44:52,2853.4,324444
2021-04-23 11:44:53,2854.4,324447
2021-04-23 11:44:54,2853.35,324458
2021-04-23 11:44:55,2853.35,324458
2021-04-23 11:44:56,2853.35,324458
2021-04-23 11:44:58,2853.35,324458
2021-04-23 11:44:59,2853.35,324458
2021-04-23 11:45:00,2853.35,324458
2021-04-23 11:45:01,2853.35,324458
2021-04-23 11:45:02,2854.6,324776
2021-04-23 11:45:03,2854.05,324883
2021-04-23 11:45:04,2854.05,324883
2021-04-23 11:45:05,2854.05,324883
2021-04-23 11:45:06,2854.05,324883
2021-04-23 11:45:06,2854.05,324883
2021-04-23 11:45:07,2854.05,324883
2021-04-23 11:45:09,2855.0,324885
2021-04-23 11:45:10,2855.0,324885
2021-04-23 11:45:11,2855.0,324886
2021-04-23 11:45:12,2855.0,324886
2021-04-23 11:45:13,2854.15,324907
2021-04-23 11:45:14,2854.15,324907
2021-04-23 11:45:14,2854.15,324907
2021-04-23 11:45:15,2854.15,324907
2021-04-23 11:45:16,2854.15,324907
2021-04-23 11:45:17,2853.8,325048
2021-04-23 11:45:18,2853.95,325127
2021-04-23 11:45:19,2853.95,325127
2021-04-23 11:45:21,2855.45,325227
2021-04-23 11:45:22,2855.45,325227
2021-04-23 11:45:23,2855.45,325227
2021-04-23 11:45:24,2855.0,325237
2021-04-23 11:45:25,2855.0,325237
2021-04-23 11:45:26,2855.0,325237
2021-04-23 11:45:27,2855.1,325359
2021-04-23 11:45:28,2855.1,325359
2021-04-23 11:45:30,2855.0,325659
2021-04-23 11:45:31,2854.8,325746
2021-04-23 11:45:31,2854.8,325751
2021-04-23 11:45:32,2854.15,325763
2021-04-23 11:45:33,2854.15,325763
2021-04-23 11:45:34,2854.15,325763
2021-04-23 11:45:35,2854.15,325763
2021-04-23 11:45:36,2854.15,325763
2021-04-23 11:45:37,2854.15,325763
2021-04-23 11:45:39,2854.15,325763
2021-04-23 11:45:40,2854.15,325763
2021-04-23 11:45:41,2854.1,325764
2021-04-23 11:45:42,2854.1,325764
2021-04-23 11:45:43,2854.1,325764
2021-04-23 11:45:44,2854.1,325764
2021-04-23 11:45:45,2854.1,325764
2021-04-23 11:45:46,2854.1,325764
2021-04-23 11:45:47,2854.1,325764
2021-04-23 11:45:48,2854.8,325784
2021-04-23 11:45:49,2855.0,325804
2021-04-23 11:45:50,2855.0,325804
2021-04-23 11:45:51,2854.1,325818
2021-04-23 11:45:52,2854.1,325818
2021-04-23 11:45:54,2854.15,325858
2021-04-23 11:45:55,2854.15,325858
2021-04-23 11:45:56,2854.15,325858
2021-04-23 11:45:57,2854.15,325858
2021-04-23 11:45:58,2854.15,325858
2021-04-23 11:45:59,2855.1,325870
2021-04-23 11:46:00,2855.1,325870
2021-04-23 11:46:02,2855.1,325870
2021-04-23 11:46:03,2855.1,325870
2021-04-23 11:46:05,2855.1,325870
2021-04-23 11:46:06,2855.1,325870
2021-04-23 11:46:07,2855.1,325870
2021-04-23 11:46:08,2855.1,325870
2021-04-23 11:46:08,2855.1,325870
2021-04-23 11:46:09,2855.1,325870
2021-04-23 11:46:12,2854.15,325881
2021-04-23 11:46:13,2854.95,325882
2021-04-23 11:46:14,2854.95,325882
2021-04-23 11:46:15,2854.95,325882
2021-04-23 11:46:16,2854.95,325882
2021-04-23 11:46:17,2854.95,325882
2021-04-23 11:46:19,2854.95,325882
2021-04-23 11:46:20,2854.95,325882
2021-04-23 11:46:21,2854.95,325882
2021-04-23 11:46:21,2854.95,325887
2021-04-23 11:46:22,2854.95,325957
2021-04-23 11:46:24,2854.95,325957
2021-04-23 11:46:25,2854.95,325957
2021-04-23 11:46:26,2854.95,325957
2021-04-23 11:46:27,2854.95,325957
2021-04-23 11:46:28,2854.95,325957
2021-04-23 11:46:29,2854.75,325967
2021-04-23 11:46:30,2854.75,325979
2021-04-23 11:46:31,2854.75,325979
2021-04-23 11:46:32,2854.75,325979
2021-04-23 11:46:33,2854.75,325979
2021-04-23 11:46:34,2854.75,325979
2021-04-23 11:46:35,2854.75,325979
2021-04-23 11:46:36,2854.75,325979
2021-04-23 11:46:37,2854.75,325979
2021-04-23 11:46:38,2854.5,326034
2021-04-23 11:46:39,2854.1,326111
2021-04-23 11:46:40,2854.1,326112
2021-04-23 11:46:41,2855.2,326412
2021-04-23 11:46:42,2855.2,326412
2021-04-23 11:46:43,2855.2,326412
2021-04-23 11:46:44,2855.2,326412
2021-04-23 11:46:45,2854.8,326417
2021-04-23 11:46:46,2854.8,326417
2021-04-23 11:46:47,2854.8,326417
2021-04-23 11:46:48,2854.1,326427
2021-04-23 11:46:48,2854.0,326456
2021-04-23 11:46:50,2854.0,326456
2021-04-23 11:46:51,2854.0,326456
2021-04-23 11:46:52,2854.0,326457
2021-04-23 11:46:53,2854.0,326457
2021-04-23 11:46:54,2854.0,326457
2021-04-23 11:46:54,2854.0,326457
2021-04-23 11:46:55,2853.5,326469
2021-04-23 11:46:57,2853.5,326469
2021-04-23 11:46:57,2853.5,326469
2021-04-23 11:46:58,2853.5,326469
2021-04-23 11:46:59,2853.5,326469
2021-04-23 11:47:01,2853.5,326469
2021-04-23 11:47:01,2853.5,326469
2021-04-23 11:47:04,2853.5,326469
2021-04-23 11:47:05,2855.3,326807
2021-04-23 11:47:06,2854.95,326863
2021-04-23 11:47:07,2854.95,326863
2021-04-23 11:47:08,2854.95,326884
2021-04-23 11:47:09,2854.95,326884
2021-04-23 11:47:10,2854.95,326884
2021-04-23 11:47:11,2854.95,326884
2021-04-23 11:47:12,2854.95,326884
2021-04-23 11:47:13,2854.95,326884
2021-04-23 11:47:14,2854.0,326919
2021-04-23 11:47:15,2854.0,326919
2021-04-23 11:47:16,2854.0,326919
2021-04-23 11:47:17,2854.0,326919
2021-04-23 11:47:18,2854.0,326919
2021-04-23 11:47:19,2854.0,326919
2021-04-23 11:47:20,2854.95,326967
2021-04-23 11:47:21,2854.95,326967
2021-04-23 11:47:22,2854.95,326967
2021-04-23 11:47:23,2854.95,326967
2021-04-23 11:47:24,2854.95,326967
2021-04-23 11:47:25,2854.95,326967
2021-04-23 11:47:25,2854.95,326967
2021-04-23 11:47:27,2854.05,326978
2021-04-23 11:47:28,2854.05,326978
2021-04-23 11:47:29,2854.95,326987
2021-04-23 11:47:30,2854.95,326987
2021-04-23 11:47:31,2854.95,326988
2021-04-23 11:47:32,2854.95,326988
2021-04-23 11:47:33,2854.95,326988
2021-04-23 11:47:34,2854.95,326993
2021-04-23 11:47:35,2854.95,326993
2021-04-23 11:47:36,2855.65,327093
2021-04-23 11:47:37,2855.65,327093
2021-04-23 11:47:38,2855.6,327101
2021-04-23 11:47:39,2854.35,327121
2021-04-23 11:47:40,2854.35,327121
2021-04-23 11:47:40,2854.35,327121
2021-04-23 11:47:41,2854.35,327121
2021-04-23 11:47:42,2854.35,327121
2021-04-23 11:47:44,2854.35,327121
2021-04-23 11:47:45,2854.35,327121
2021-04-23 11:47:46,2854.4,327132
2021-04-23 11:47:47,2854.4,327132
2021-04-23 11:47:48,2854.4,327132
2021-04-23 11:47:50,2854.4,327132
2021-04-23 11:47:51,2854.4,327132
2021-04-23 11:47:53,2854.4,327132
2021-04-23 11:47:54,2854.4,327132
2021-04-23 11:47:55,2854.4,327132
2021-04-23 11:47:56,2854.4,327132
2021-04-23 11:47:57,2855.7,327134
2021-04-23 11:47:58,2855.7,327134
2021-04-23 11:47:59,2855.7,327134
2021-04-23 11:48:00,2855.7,327134
2021-04-23 11:48:01,2855.7,327134
2021-04-23 11:48:02,2855.7,327134
2021-04-23 11:48:04,2854.5,327145
2021-04-23 11:48:05,2854.5,327145
2021-04-23 11:48:06,2854.5,327145
2021-04-23 11:48:07,2854.5,327145
2021-04-23 11:48:08,2855.45,327146
2021-04-23 11:48:09,2855.45,327146
2021-04-23 11:48:10,2854.5,327148
2021-04-23 11:48:11,2854.5,327148
2021-04-23 11:48:12,2854.5,327148
2021-04-23 11:48:13,2854.5,327148
2021-04-23 11:48:14,2854.5,327148
2021-04-23 11:48:15,2854.5,327148
2021-04-23 11:48:16,2854.5,327148
2021-04-23 11:48:17,2854.5,327148
2021-04-23 11:48:18,2854.5,327148
2021-04-23 11:48:19,2854.5,327148
2021-04-23 11:48:20,2855.4,327188
2021-04-23 11:48:21,2855.0,327248
2021-04-23 11:48:22,2855.0,327248
2021-04-23 11:48:23,2855.0,327259
2021-04-23 11:48:24,2855.0,327308
2021-04-23 11:48:25,2854.2,327318
2021-04-23 11:48:26,2854.2,327318
2021-04-23 11:48:27,2855.0,327319
2021-04-23 11:48:28,2855.6,327344
2021-04-23 11:48:29,2855.6,327344
2021-04-23 11:48:30,2855.6,327344
2021-04-23 11:48:31,2855.6,327344
2021-04-23 11:48:32,2855.6,327344
2021-04-23 11:48:33,2855.6,327344
2021-04-23 11:48:34,2855.7,327394
2021-04-23 11:48:35,2855.7,327394
2021-04-23 11:48:36,2856.0,327424
2021-04-23 11:48:38,2856.0,327424
2021-04-23 11:48:39,2856.0,327424
2021-04-23 11:48:40,2856.0,327424
2021-04-23 11:48:41,2856.0,327424
2021-04-23 11:48:42,2855.15,327436
2021-04-23 11:48:43,2855.15,327436
2021-04-23 11:48:44,2856.6,327711
2021-04-23 11:48:45,2856.6,327711
2021-04-23 11:48:46,2855.2,327787
2021-04-23 11:48:47,2855.2,327787
2021-04-23 11:48:48,2855.2,327787
2021-04-23 11:48:49,2855.2,327787
2021-04-23 11:48:50,2855.2,327787
2021-04-23 11:48:51,2855.2,327787
2021-04-23 11:48:52,2855.2,327787
2021-04-23 11:48:53,2855.2,327787
2021-04-23 11:48:54,2855.2,327787
2021-04-23 11:48:56,2855.2,327787
2021-04-23 11:48:57,2855.2,327787
2021-04-23 11:48:59,2855.2,327787
2021-04-23 11:49:00,2855.2,327787
2021-04-23 11:49:01,2855.2,327787
2021-04-23 11:49:02,2855.85,327798
2021-04-23 11:49:03,2855.85,327798
2021-04-23 11:49:04,2855.85,327798
2021-04-23 11:49:05,2855.85,327800
2021-04-23 11:49:06,2855.85,327800
2021-04-23 11:49:07,2855.85,327800
2021-04-23 11:49:08,2855.85,327800
2021-04-23 11:49:09,2855.85,327800
2021-04-23 11:49:10,2855.85,327800
2021-04-23 11:49:11,2855.85,327800
2021-04-23 11:49:13,2857.05,327803
2021-04-23 11:49:12,2857.05,327803
2021-04-23 11:49:14,2857.05,327803
2021-04-23 11:49:15,2857.05,327803
2021-04-23 11:49:16,2855.95,327825
2021-04-23 11:49:17,2855.95,327825
2021-04-23 11:49:18,2855.95,327825
2021-04-23 11:49:20,2855.95,327830
2021-04-23 11:49:21,2855.95,327830
2021-04-23 11:49:22,2855.85,327836
2021-04-23 11:49:23,2855.85,327836
2021-04-23 11:49:24,2857.05,327841
2021-04-23 11:49:25,2857.05,327841
2021-04-23 11:49:26,2857.05,327841
2021-04-23 11:49:27,2855.8,327869
2021-04-23 11:49:28,2855.8,327869
2021-04-23 11:49:29,2855.8,327869
2021-04-23 11:49:30,2855.8,327869
2021-04-23 11:49:31,2855.8,327869
2021-04-23 11:49:32,2855.8,327869
2021-04-23 11:49:33,2855.8,327869
2021-04-23 11:49:34,2855.7,327872
2021-04-23 11:49:35,2855.7,327872
2021-04-23 11:49:36,2856.0,327873
2021-04-23 11:49:37,2856.0,327873
2021-04-23 11:49:38,2856.0,327873
2021-04-23 11:49:39,2855.7,327884
2021-04-23 11:49:40,2855.7,327884
2021-04-23 11:49:41,2855.7,327884
2021-04-23 11:49:42,2855.7,327884
2021-04-23 11:49:43,2856.45,327897
2021-04-23 11:49:44,2856.45,327897
2021-04-23 11:49:45,2856.45,327897
2021-04-23 11:49:46,2856.45,327898
2021-04-23 11:49:48,2856.45,327898
2021-04-23 11:49:47,2856.45,327898
2021-04-23 11:49:49,2856.7,327918
2021-04-23 11:49:50,2855.7,327922
2021-04-23 11:49:51,2855.7,327923
2021-04-23 11:49:52,2855.7,327923
2021-04-23 11:49:54,2855.7,327923
2021-04-23 11:49:55,2855.7,327923
2021-04-23 11:49:56,2855.7,327923
2021-04-23 11:49:58,2855.7,327923
2021-04-23 11:49:59,2855.4,327934
2021-04-23 11:50:00,2855.4,327934
2021-04-23 11:50:00,2855.4,327934
2021-04-23 11:50:01,2856.9,327959
2021-04-23 11:50:02,2856.9,327959
2021-04-23 11:50:03,2856.9,327959
2021-04-23 11:50:04,2856.9,327959
2021-04-23 11:50:05,2856.9,327959
2021-04-23 11:50:06,2856.9,327959
2021-04-23 11:50:07,2855.8,327989
2021-04-23 11:50:08,2857.0,327993
2021-04-23 11:50:09,2857.0,327993
2021-04-23 11:50:10,2857.0,327993
2021-04-23 11:50:11,2857.0,327993
2021-04-23 11:50:13,2857.05,327999
2021-04-23 11:50:13,2857.05,327999
2021-04-23 11:50:14,2857.05,327999
2021-04-23 11:50:15,2857.0,328002
2021-04-23 11:50:16,2857.0,328002
2021-04-23 11:50:17,2857.0,328002
2021-04-23 11:50:18,2855.9,328013
2021-04-23 11:50:19,2855.9,328013
