timestamp,ltp,volume
2021-04-23 10:59:58,3108.25,660950
2021-04-23 10:59:59,3108.0,660956
2021-04-23 11:00:00,3109.0,661051
2021-04-23 11:00:01,3109.0,661051
2021-04-23 11:00:02,3109.0,661051
2021-04-23 11:00:03,3108.2,661066
2021-04-23 11:00:04,3108.0,661166
2021-04-23 11:00:05,3108.2,661175
2021-04-23 11:00:06,3109.0,661176
2021-04-23 11:00:08,3109.0,661188
2021-04-23 11:00:08,3109.0,661189
2021-04-23 11:00:09,3109.0,661190
2021-04-23 11:00:10,3109.0,661190
2021-04-23 11:00:11,3109.0,661190
2021-04-23 11:00:12,3109.0,661241
2021-04-23 11:00:13,3108.55,661269
2021-04-23 11:00:14,3109.05,661274
2021-04-23 11:00:16,3108.0,661600
2021-04-23 11:00:17,3108.0,661658
2021-04-23 11:00:18,3108.25,661659
2021-04-23 11:00:19,3108.5,661664
2021-04-23 11:00:20,3108.5,661674
2021-04-23 11:00:21,3108.3,661676
2021-04-23 11:00:22,3108.3,661676
2021-04-23 11:00:24,3108.2,661810
2021-04-23 11:00:24,3108.2,661810
2021-04-23 11:00:25,3108.2,661810
2021-04-23 11:00:28,3108.2,661911
2021-04-23 11:00:29,3108.2,661911
2021-04-23 11:00:30,3108.25,661913
2021-04-23 11:00:31,3109.0,661924
2021-04-23 11:00:32,3108.0,662041
2021-04-23 11:00:33,3109.0,662266
2021-04-23 11:00:34,3109.0,662276
2021-04-23 11:00:35,3109.0,662276
2021-04-23 11:00:36,3109.0,662279
2021-04-23 11:00:38,3108.05,662281
2021-04-23 11:00:39,3108.05,662292
2021-04-23 11:00:39,3108.0,662342
2021-04-23 11:00:40,3108.0,662357
2021-04-23 11:00:41,3108.95,662358
2021-04-23 11:00:42,3108.95,662358
2021-04-23 11:00:43,3108.95,662358
2021-04-23 11:00:45,3109.0,662374
2021-04-23 11:00:45,3109.0,662376
2021-04-23 11:00:46,3108.05,662379
2021-04-23 11:00:47,3109.0,662486
2021-04-23 11:00:48,3109.0,662486
2021-04-23 11:00:49,3109.0,662586
2021-04-23 11:00:50,3109.0,662588
2021-04-23 11:00:51,3109.0,662598
2021-04-23 11:00:54,3108.1,662651
2021-04-23 11:00:55,3108.1,662651
2021-04-23 11:00:56,3108.1,662651
2021-04-23 11:00:56,3108.1,662651
2021-04-23 11:00:57,3108.0,662656
2021-04-23 11:00:58,3108.0,662656
2021-04-23 11:00:59,3109.0,662659
2021-04-23 11:01:01,3109.0,662660
2021-04-23 11:01:02,3109.0,662745
2021-04-23 11:01:02,3109.0,662745
2021-04-23 11:01:03,3108.1,662750
2021-04-23 11:01:04,3108.1,662750
2021-04-23 11:01:05,3108.95,662768
2021-04-23 11:01:06,3108.95,662768
2021-04-23 11:01:08,3108.95,662768
2021-04-23 11:01:09,3109.0,662788
2021-04-23 11:01:10,3108.05,662790
2021-04-23 11:01:11,3108.05,662790
2021-04-23 11:01:12,3109.0,662792
2021-04-23 11:01:13,3109.0,662792
2021-04-23 11:01:13,3109.0,662792
2021-04-23 11:01:14,3109.0,662792
2021-04-23 11:01:15,3109.0,662794
2021-04-23 11:01:17,3109.0,662845
2021-04-23 11:01:18,3108.5,662858
2021-04-23 11:01:19,3109.0,662958
2021-04-23 11:01:20,3109.0,662958
2021-04-23 11:01:20,3109.0,662958
2021-04-23 11:01:21,3109.0,662958
2021-04-23 11:01:22,3109.0,662958
2021-04-23 11:01:23,3109.0,662958
2021-04-23 11:01:24,3109.0,662958
2021-04-23 11:01:25,3109.0,662959
2021-04-23 11:01:26,3109.0,662962
2021-04-23 11:01:27,3109.0,662962
2021-04-23 11:01:29,3109.0,662962
2021-04-23 11:01:30,3109.0,662962
2021-04-23 11:01:31,3108.5,663062
2021-04-23 11:01:31,3108.5,663062
2021-04-23 11:01:32,3108.5,663093
2021-04-23 11:01:33,3108.5,663136
2021-04-23 11:01:34,3108.5,663136
2021-04-23 11:01:35,3108.5,663138
2021-04-23 11:01:36,3108.5,663138
2021-04-23 11:01:37,3108.5,663138
2021-04-23 11:01:38,3109.0,663441
2021-04-23 11:01:40,3109.5,665553
2021-04-23 11:01:41,3109.9,665588
2021-04-23 11:01:41,3109.9,665588
2021-04-23 11:01:42,3109.3,665592
2021-04-23 11:01:43,3109.9,665658
2021-04-23 11:01:45,3109.3,665688
2021-04-23 11:01:46,3109.3,665688
2021-04-23 11:01:47,3109.2,665760
2021-04-23 11:01:47,3109.2,665760
2021-04-23 11:01:48,3109.0,665765
2021-04-23 11:01:49,3108.95,665772
2021-04-23 11:01:50,3108.95,665779
2021-04-23 11:01:52,3108.85,665886
2021-04-23 11:01:52,3108.85,665886
2021-04-23 11:01:54,3108.6,665888
2021-04-23 11:01:55,3108.85,665889
2021-04-23 11:01:55,3108.85,665889
2021-04-23 11:01:57,3108.5,666033
2021-04-23 11:01:57,3108.5,666033
2021-04-23 11:01:58,3108.5,666053
2021-04-23 11:01:59,3108.35,666430
2021-04-23 11:02:00,3108.5,666470
2021-04-23 11:02:01,3108.5,666498
2021-04-23 11:02:02,3108.9,666504
2021-04-23 11:02:03,3108.9,666504
2021-04-23 11:02:04,3108.4,666509
2021-04-23 11:02:06,3108.4,666522
2021-04-23 11:02:07,3108.4,666522
2021-04-23 11:02:07,3108.4,666522
2021-04-23 11:02:08,3108.9,666527
2021-04-23 11:02:09,3108.9,666528
2021-04-23 11:02:10,3108.9,666538
2021-04-23 11:02:11,3108.85,666579
2021-04-23 11:02:12,3108.85,666583
2021-04-23 11:02:13,3108.85,666590
2021-04-23 11:02:14,3108.55,666605
2021-04-23 11:02:15,3108.55,666605
2021-04-23 11:02:17,3108.75,666645
2021-04-23 11:02:18,3108.75,666645
2021-04-23 11:02:18,3108.55,666659
2021-04-23 11:02:19,3108.55,666659
2021-04-23 11:02:20,3108.75,666660
2021-04-23 11:02:21,3108.45,666764
2021-04-23 11:02:22,3108.45,666764
2021-04-23 11:02:24,3108.45,666764
2021-04-23 11:02:25,3108.45,666824
2021-04-23 11:02:25,3108.45,666824
2021-04-23 11:02:27,3108.45,666918
2021-04-23 11:02:28,3108.45,666918
2021-04-23 11:02:29,3108.45,666921
2021-04-23 11:02:30,3108.45,666923
2021-04-23 11:02:31,3108.65,666925
2021-04-23 11:02:32,3108.45,666945
2021-04-23 11:02:33,3108.45,666955
2021-04-23 11:02:34,3108.45,666955
2021-04-23 11:02:36,3109.3,667058
2021-04-23 11:02:37,3109.3,667058
2021-04-23 11:02:37,3109.3,667058
2021-04-23 11:02:38,3108.45,667064
2021-04-23 11:02:40,3109.3,667067
2021-04-23 11:02:41,3109.3,667069
2021-04-23 11:02:42,3109.3,667074
2021-04-23 11:02:44,3109.3,667074
2021-04-23 11:02:45,3108.45,667083
2021-04-23 11:02:46,3109.8,667336
2021-04-23 11:02:47,3108.1,667636
2021-04-23 11:02:48,3108.1,667636
2021-04-23 11:02:48,3108.1,667636
2021-04-23 11:02:49,3108.1,667636
2021-04-23 11:02:50,3108.1,667636
2021-04-23 11:02:51,3109.6,667748
2021-04-23 11:02:52,3108.35,667750
2021-04-23 11:02:53,3108.3,667753
2021-04-23 11:02:54,3108.3,667753
2021-04-23 11:02:56,3108.3,667753
2021-04-23 11:02:57,3109.05,667756
2021-04-23 11:02:58,3109.0,667757
2021-04-23 11:02:58,3109.0,667757
2021-04-23 11:02:59,3109.45,667907
2021-04-23 11:03:00,3109.45,667907
2021-04-23 11:03:01,3109.0,667962
2021-04-23 11:03:02,3109.0,667965
2021-04-23 11:03:03,3109.0,667965
2021-04-23 11:03:04,3109.0,667965
2021-04-23 11:03:05,3109.0,667965
2021-04-23 11:03:06,3109.6,668065
2021-04-23 11:03:07,3109.3,668850
2021-04-23 11:03:08,3108.55,668889
2021-04-23 11:03:09,3109.0,668892
2021-04-23 11:03:10,3109.3,668897
2021-04-23 11:03:12,3109.3,668897
2021-04-23 11:03:13,3109.3,668897
2021-04-23 11:03:14,3109.0,668911
2021-04-23 11:03:14,3109.0,668911
2021-04-23 11:03:15,3109.35,669011
2021-04-23 11:03:16,3108.55,669351
2021-04-23 11:03:17,3108.55,669353
2021-04-23 11:03:18,3108.55,669353
2021-04-23 11:03:19,3108.55,669353
2021-04-23 11:03:20,3109.35,669420
2021-04-23 11:03:22,3109.35,669420
2021-04-23 11:03:22,3108.55,669421
2021-04-23 11:03:23,3108.55,669421
2021-04-23 11:03:24,3108.55,669421
2021-04-23 11:03:25,3108.55,669424
2021-04-23 11:03:26,3109.3,669427
2021-04-23 11:03:28,3109.3,669428
2021-04-23 11:03:28,3109.0,669433
2021-04-23 11:03:30,3108.5,669533
2021-04-23 11:03:31,3108.5,669533
2021-04-23 11:03:32,3108.4,669560
2021-04-23 11:03:33,3108.4,669560
2021-04-23 11:03:34,3108.3,669642
2021-04-23 11:03:35,3109.0,669653
2021-04-23 11:03:36,3109.0,669653
2021-04-23 11:03:37,3108.35,669753
2021-04-23 11:03:38,3108.35,669753
2021-04-23 11:03:39,3108.6,669768
2021-04-23 11:03:39,3108.6,669768
2021-04-23 11:03:40,3108.6,669768
2021-04-23 11:03:41,3109.65,669894
2021-04-23 11:03:42,3109.65,669894
2021-04-23 11:03:43,3109.65,669894
2021-04-23 11:03:44,3109.65,669894
2021-04-23 11:03:45,3109.65,669894
2021-04-23 11:03:46,3108.4,669961
2021-04-23 11:03:47,3108.4,669964
2021-04-23 11:03:48,3108.4,669964
2021-04-23 11:03:49,3108.4,669967
2021-04-23 11:03:50,3108.95,669984
2021-04-23 11:03:51,3108.95,669984
2021-04-23 11:03:52,3108.95,669984
2021-04-23 11:03:53,3108.95,669984
2021-04-23 11:03:54,3108.95,669984
2021-04-23 11:03:55,3109.3,670009
2021-04-23 11:03:56,3109.7,670021
2021-04-23 11:03:57,3109.0,670024
2021-04-23 11:03:58,3109.0,670040
2021-04-23 11:04:00,3109.0,670076
2021-04-23 11:04:01,3109.0,670076
2021-04-23 11:04:01,3109.0,670117
2021-04-23 11:04:02,3109.0,670117
2021-04-23 11:04:03,3109.0,670403
2021-04-23 11:04:04,3108.95,670546
2021-04-23 11:04:05,3108.5,670548
2021-04-23 11:04:07,3109.4,670550
2021-04-23 11:04:08,3110.0,671787
2021-04-23 11:04:09,3109.05,671847
2021-04-23 11:04:10,3109.05,671847
2021-04-23 11:04:11,3109.05,671847
2021-04-23 11:04:12,3109.0,671852
2021-04-23 11:04:13,3108.35,671865
2021-04-23 11:04:13,3109.0,671862
2021-04-23 11:04:14,3108.35,671865
2021-04-23 11:04:15,3109.0,671880
2021-04-23 11:04:16,3108.35,672047
2021-04-23 11:04:17,3108.25,672063
2021-04-23 11:04:18,3108.25,672063
2021-04-23 11:04:19,3108.25,672063
2021-04-23 11:04:20,3108.25,672113
2021-04-23 11:04:21,3107.9,672247
2021-04-23 11:04:22,3109.0,672297
2021-04-23 11:04:23,3109.0,672297
2021-04-23 11:04:24,3109.0,672297
2021-04-23 11:04:25,3109.0,672297
2021-04-23 11:04:26,3109.0,672297
2021-04-23 11:04:28,3109.05,672397
2021-04-23 11:04:29,3109.05,672397
2021-04-23 11:04:30,3108.25,672400
2021-04-23 11:04:31,3109.05,672401
2021-04-23 11:04:32,3108.15,672410
2021-04-23 11:04:33,3109.0,672413
2021-04-23 11:04:33,3109.0,672413
2021-04-23 11:04:34,3109.0,672413
2021-04-23 11:04:35,3109.7,672427
2021-04-23 11:04:36,3109.05,672448
2021-04-23 11:04:37,3109.05,672480
2021-04-23 11:04:38,3109.05,672480
2021-04-23 11:04:40,3109.7,672496
2021-04-23 11:04:41,3109.7,672496
2021-04-23 11:04:42,3109.7,672497
2021-04-23 11:04:43,3109.1,672512
2021-04-23 11:04:44,3109.65,672513
2021-04-23 11:04:44,3109.65,672513
2021-04-23 11:04:45,3109.1,672755
2021-04-23 11:04:46,3110.0,672760
2021-04-23 11:04:47,3109.1,672791
2021-04-23 11:04:48,3109.1,672791
2021-04-23 11:04:49,3109.1,672791
2021-04-23 11:04:50,3109.1,672791
2021-04-23 11:04:51,3110.0,672795
2021-04-23 11:04:52,3109.7,672797
2021-04-23 11:04:53,3109.7,672800
2021-04-23 11:04:54,3109.1,672852
2021-04-23 11:04:55,3109.1,672862
2021-04-23 11:04:57,3109.8,672874
2021-04-23 11:04:58,3110.0,672901
2021-04-23 11:04:59,3110.0,672901
2021-04-23 11:04:59,3110.0,672912
2021-04-23 11:05:00,3110.0,672921
2021-04-23 11:05:01,3109.2,672995
2021-04-23 11:05:02,3110.0,673095
2021-04-23 11:05:03,3109.95,673097
2021-04-23 11:05:04,3109.95,673097
2021-04-23 11:05:05,3109.95,673097
2021-04-23 11:05:06,3109.95,673097
2021-04-23 11:05:07,3109.95,673098
2021-04-23 11:05:08,3110.0,673554
2021-04-23 11:05:10,3109.95,673578
2021-04-23 11:05:11,3110.0,673583
2021-04-23 11:05:12,3110.0,673599
2021-04-23 11:05:13,3109.95,673625
2021-04-23 11:05:13,3110.0,673635
2021-04-23 11:05:14,3110.0,673662
2021-04-23 11:05:15,3110.0,673662
2021-04-23 11:05:16,3109.95,673688
2021-04-23 11:05:19,3110.0,673832
2021-04-23 11:05:20,3110.0,673885
2021-04-23 11:05:21,3110.0,673925
2021-04-23 11:05:22,3109.95,673935
2021-04-23 11:05:23,3109.95,673937
2021-04-23 11:05:24,3109.95,673967
2021-04-23 11:05:25,3109.95,674062
2021-04-23 11:05:26,3109.95,674065
2021-04-23 11:05:27,3109.95,674065
2021-04-23 11:05:28,3109.95,674068
2021-04-23 11:05:28,3109.95,674068
2021-04-23 11:05:29,3109.95,674068
2021-04-23 11:05:30,3109.9,674093
2021-04-23 11:05:31,3109.9,674093
2021-04-23 11:05:32,3109.9,674110
2021-04-23 11:05:34,3109.1,674163
2021-04-23 11:05:35,3109.1,674184
2021-04-23 11:05:36,3109.95,674222
2021-04-23 11:05:37,3109.95,674222
2021-04-23 11:05:38,3109.5,674223
2021-04-23 11:05:39,3109.95,674228
2021-04-23 11:05:40,3109.95,674271
2021-04-23 11:05:40,3109.95,674271
2021-04-23 11:05:41,3109.4,674275
2021-04-23 11:05:42,3109.4,674275
2021-04-23 11:05:44,3109.4,674275
2021-04-23 11:05:45,3109.95,674285
2021-04-23 11:05:46,3109.9,674288
2021-04-23 11:05:47,3109.95,674429
2021-04-23 11:05:48,3109.95,674445
2021-04-23 11:05:50,3109.05,674481
2021-04-23 11:05:50,3109.05,674481
2021-04-23 11:05:51,3109.05,674481
2021-04-23 11:05:53,3109.05,674490
2021-04-23 11:05:54,3109.05,674491
2021-04-23 11:05:55,3109.05,674491
2021-04-23 11:05:56,3109.0,674528
2021-04-23 11:05:57,3109.95,674530
2021-04-23 11:05:58,3109.85,674540
2021-04-23 11:05:59,3109.85,674540
2021-04-23 11:06:00,3109.0,674953
2021-04-23 11:06:01,3109.0,674953
2021-04-23 11:06:02,3109.0,674953
2021-04-23 11:06:03,3109.0,674953
2021-04-23 11:06:04,3109.0,674953
2021-04-23 11:06:05,3108.95,675091
2021-04-23 11:06:06,3108.9,675135
2021-04-23 11:06:07,3108.85,675154
2021-04-23 11:06:07,3108.85,675154
2021-04-23 11:06:09,3108.85,675154
2021-04-23 11:06:10,3108.85,675154
2021-04-23 11:06:11,3108.9,675213
2021-04-23 11:06:12,3108.9,675213
2021-04-23 11:06:14,3108.0,675215
2021-04-23 11:06:15,3108.0,675215
2021-04-23 11:06:15,3108.0,675219
2021-04-23 11:06:16,3108.9,675221
2021-04-23 11:06:17,3108.9,675251
2021-04-23 11:06:19,3108.0,675348
2021-04-23 11:06:20,3108.0,675348
2021-04-23 11:06:20,3107.9,675375
2021-04-23 11:06:21,3107.8,676506
2021-04-23 11:06:23,3107.8,676537
2021-04-23 11:06:24,3107.8,676537
2021-04-23 11:06:25,3107.8,676540
2021-04-23 11:06:26,3107.8,676540
2021-04-23 11:06:27,3108.0,676575
2021-04-23 11:06:28,3108.0,676575
2021-04-23 11:06:28,3108.0,676575
2021-04-23 11:06:29,3107.35,676577
2021-04-23 11:06:30,3107.35,676577
2021-04-23 11:06:31,3108.0,676578
2021-04-23 11:06:33,3108.0,676578
2021-04-23 11:06:34,3108.0,676578
2021-04-23 11:06:35,3107.85,676810
2021-04-23 11:06:36,3107.8,676991
2021-04-23 11:06:36,3109.35,677043
2021-04-23 11:06:38,3108.4,677049
2021-04-23 11:06:39,3109.5,677052
2021-04-23 11:06:40,3109.1,677139
2021-04-23 11:06:41,3109.1,677139
2021-04-23 11:06:42,3108.95,677147
2021-04-23 11:06:43,3108.0,677157
2021-04-23 11:06:44,3108.0,677157
2021-04-23 11:06:45,3108.05,677169
2021-04-23 11:06:45,3108.05,677169
2021-04-23 11:06:46,3108.05,677169
2021-04-23 11:06:48,3108.85,677171
2021-04-23 11:06:49,3108.85,677171
2021-04-23 11:06:50,3108.85,677171
2021-04-23 11:06:51,3107.95,677276
2021-04-23 11:06:52,3107.95,677276
2021-04-23 11:06:53,3108.85,677351
2021-04-23 11:06:54,3108.05,677391
2021-04-23 11:06:55,3107.85,677462
2021-04-23 11:06:56,3107.0,677675
2021-04-23 11:06:56,3107.0,677675
2021-04-23 11:06:57,3107.15,677783
2021-04-23 11:06:58,3107.15,677799
2021-04-23 11:07:00,3107.0,677824
2021-04-23 11:07:01,3107.0,677824
2021-04-23 11:07:02,3106.35,677827
2021-04-23 11:07:03,3107.75,677835
2021-04-23 11:07:04,3107.75,677846
2021-04-23 11:07:05,3107.65,677847
2021-04-23 11:07:06,3106.3,677944
2021-04-23 11:07:07,3106.3,677944
2021-04-23 11:07:08,3106.3,677945
2021-04-23 11:07:09,3106.3,677945
2021-04-23 11:07:10,3106.2,677953
2021-04-23 11:07:11,3106.15,677964
2021-04-23 11:07:12,3106.15,677970
2021-04-23 11:07:13,3106.15,677970
2021-04-23 11:07:14,3106.7,678092
2021-04-23 11:07:15,3105.7,678109
2021-04-23 11:07:16,3105.7,678109
2021-04-23 11:07:17,3105.7,678115
2021-04-23 11:07:17,3105.7,678115
2021-04-23 11:07:18,3105.7,678166
2021-04-23 11:07:19,3106.0,678167
2021-04-23 11:07:21,3105.6,678217
2021-04-23 11:07:22,3105.6,678217
2021-04-23 11:07:23,3105.6,678219
2021-04-23 11:07:24,3105.05,678269
2021-04-23 11:07:25,3106.5,678290
2021-04-23 11:07:26,3106.25,678301
2021-04-23 11:07:27,3106.25,678301
2021-04-23 11:07:28,3106.25,678301
2021-04-23 11:07:29,3106.25,678302
2021-04-23 11:07:30,3106.25,678302
2021-04-23 11:07:31,3105.05,678314
2021-04-23 11:07:32,3105.05,678314
2021-04-23 11:07:33,3106.6,678359
2021-04-23 11:07:34,3106.85,678362
2021-04-23 11:07:35,3106.85,678362
2021-04-23 11:07:36,3106.8,678367
2021-04-23 11:07:37,3108.3,678379
2021-04-23 11:07:38,3108.3,678379
2021-04-23 11:07:39,3108.3,678379
2021-04-23 11:07:40,3108.0,678450
2021-04-23 11:07:41,3107.95,678465
2021-04-23 11:07:42,3107.35,678489
2021-04-23 11:07:43,3107.95,678491
2021-04-23 11:07:44,3107.95,678491
2021-04-23 11:07:45,3107.1,678506
2021-04-23 11:07:46,3107.95,678511
2021-04-23 11:07:47,3107.95,678511
2021-04-23 11:07:48,3107.1,678526
2021-04-23 11:07:49,3107.1,678538
2021-04-23 11:07:50,3107.95,678543
2021-04-23 11:07:51,3107.1,678608
2021-04-23 11:07:52,3107.1,678619
2021-04-23 11:07:53,3107.1,678619
2021-04-23 11:07:54,3107.95,678621
2021-04-23 11:07:55,3107.95,678621
2021-04-23 11:07:56,3107.1,678627
2021-04-23 11:07:57,3108.0,678629
2021-04-23 11:07:58,3108.0,678643
2021-04-23 11:07:59,3108.0,678643
2021-04-23 11:08:00,3108.0,678644
2021-04-23 11:08:01,3108.0,678644
2021-04-23 11:08:02,3108.0,678644
2021-04-23 11:08:03,3107.15,678655
2021-04-23 11:08:05,3107.15,678725
2021-04-23 11:08:06,3108.0,678728
2021-04-23 11:08:07,3107.15,678731
2021-04-23 11:08:08,3108.0,678741
2021-04-23 11:08:09,3108.0,678745
2021-04-23 11:08:10,3108.0,678745
2021-04-23 11:08:11,3108.0,678750
2021-04-23 11:08:12,3108.0,678751
2021-04-23 11:08:13,3108.0,678756
2021-04-23 11:08:14,3107.15,678777
2021-04-23 11:08:15,3107.95,678778
2021-04-23 11:08:16,3107.95,678779
2021-04-23 11:08:17,3107.95,678779
2021-04-23 11:08:18,3107.95,678779
2021-04-23 11:08:19,3107.15,678780
2021-04-23 11:08:20,3107.15,678810
2021-04-23 11:08:21,3107.15,678810
2021-04-23 11:08:22,3107.15,678814
2021-04-23 11:08:23,3107.15,678814
2021-04-23 11:08:24,3107.15,678814
2021-04-23 11:08:25,3107.15,678814
2021-04-23 11:08:26,3107.15,678814
2021-04-23 11:08:27,3107.95,678817
2021-04-23 11:08:28,3107.95,678817
2021-04-23 11:08:29,3107.9,678828
2021-04-23 11:08:31,3107.15,678831
2021-04-23 11:08:32,3107.15,678831
2021-04-23 11:08:33,3107.9,678837
2021-04-23 11:08:34,3107.15,678842
2021-04-23 11:08:35,3107.15,678853
2021-04-23 11:08:36,3107.9,678857
2021-04-23 11:08:37,3107.15,678870
2021-04-23 11:08:38,3107.95,678880
2021-04-23 11:08:40,3107.95,678880
2021-04-23 11:08:39,3107.95,678880
2021-04-23 11:08:41,3107.95,678881
2021-04-23 11:08:42,3107.95,678886
2021-04-23 11:08:43,3107.95,678886
2021-04-23 11:08:44,3108.0,679064
2021-04-23 11:08:45,3108.0,679064
2021-04-23 11:08:46,3109.1,679068
2021-04-23 11:08:47,3109.1,679068
2021-04-23 11:08:48,3109.1,679072
2021-04-23 11:08:49,3109.1,679072
2021-04-23 11:08:50,3108.4,679144
2021-04-23 11:08:51,3108.4,679144
2021-04-23 11:08:52,3109.1,679145
2021-04-23 11:08:53,3109.2,679652
2021-04-23 11:08:54,3108.35,679690
2021-04-23 11:08:55,3108.35,679690
2021-04-23 11:08:56,3108.95,679695
2021-04-23 11:08:57,3108.95,679695
2021-04-23 11:08:58,3108.95,679700
2021-04-23 11:08:59,3108.95,679710
2021-04-23 11:09:00,3108.95,679710
2021-04-23 11:09:01,3108.95,679710
2021-04-23 11:09:02,3108.35,679713
2021-04-23 11:09:03,3109.7,679963
2021-04-23 11:09:04,3109.7,679963
2021-04-23 11:09:05,3109.95,680115
2021-04-23 11:09:06,3109.95,680115
2021-04-23 11:09:07,3109.35,680125
2021-04-23 11:09:08,3109.6,682734
2021-04-23 11:09:09,3109.95,682862
2021-04-23 11:09:10,3109.35,682874
2021-04-23 11:09:11,3109.35,682874
2021-04-23 11:09:12,3109.95,682875
2021-04-23 11:09:13,3109.4,682924
2021-04-23 11:09:14,3110.0,683070
2021-04-23 11:09:15,3110.0,683517
2021-04-23 11:09:16,3110.0,683517
2021-04-23 11:09:17,3110.0,683517
2021-04-23 11:09:18,3109.7,683521
2021-04-23 11:09:19,3110.0,683572
2021-04-23 11:09:20,3109.2,683754
2021-04-23 11:09:21,3109.2,683756
2021-04-23 11:09:22,3109.2,683756
2021-04-23 11:09:23,3109.2,683756
2021-04-23 11:09:24,3109.2,683796
2021-04-23 11:09:25,3109.05,683995
2021-04-23 11:09:26,3109.05,684110
2021-04-23 11:09:27,3108.6,684242
2021-04-23 11:09:28,3109.05,684262
2021-04-23 11:09:29,3109.05,684315
2021-04-23 11:09:30,3108.9,684514
2021-04-23 11:09:31,3108.9,684515
2021-04-23 11:09:32,3108.6,684538
2021-04-23 11:09:33,3108.9,684558
2021-04-23 11:09:34,3108.65,684561
2021-04-23 11:09:35,3108.65,684889
2021-04-23 11:09:36,3108.7,684891
2021-04-23 11:09:37,3109.0,684910
2021-04-23 11:09:38,3109.25,684912
2021-04-23 11:09:39,3109.25,684922
2021-04-23 11:09:40,3109.25,684922
2021-04-23 11:09:41,3109.7,684927
2021-04-23 11:09:42,3109.0,684930
2021-04-23 11:09:43,3109.9,684931
2021-04-23 11:09:44,3110.0,684983
2021-04-23 11:09:45,3109.0,684993
2021-04-23 11:09:46,3109.0,684993
2021-04-23 11:09:47,3109.0,684993
2021-04-23 11:09:48,3109.0,684993
2021-04-23 11:09:50,3110.0,685436
2021-04-23 11:09:49,3109.05,684997
2021-04-23 11:09:51,3110.0,685436
2021-04-23 11:09:52,3110.0,685437
2021-04-23 11:09:53,3109.05,685457
2021-04-23 11:09:54,3109.0,685527
2021-04-23 11:09:55,3109.0,685527
2021-04-23 11:09:56,3109.95,685548
2021-04-23 11:09:57,3109.9,685624
2021-04-23 11:09:58,3109.05,685640
2021-04-23 11:09:59,3109.9,685643
2021-04-23 11:10:00,3109.9,685653
2021-04-23 11:10:01,3109.9,685653
2021-04-23 11:10:03,3109.9,685655
2021-04-23 11:10:04,3109.65,685656
2021-04-23 11:10:04,3109.65,685661
2021-04-23 11:10:05,3109.65,685662
2021-04-23 11:10:06,3109.9,685799
2021-04-23 11:10:07,3109.65,685849
2021-04-23 11:10:08,3109.95,686071
2021-04-23 11:10:09,3110.0,686073
2021-04-23 11:10:10,3109.95,686143
2021-04-23 11:10:11,3110.0,686146
2021-04-23 11:10:12,3110.0,686146
2021-04-23 11:10:13,3109.95,686278
2021-04-23 11:10:14,3110.0,686572
2021-04-23 11:10:15,3110.75,692266
2021-04-23 11:10:16,3111.0,694453
2021-04-23 11:10:17,3110.45,694538
2021-04-23 11:10:18,3110.75,694544
2021-04-23 11:10:19,3111.0,694597
2021-04-23 11:10:20,3111.0,694684
2021-04-23 11:10:21,3111.5,701697
2021-04-23 11:10:22,3111.95,701764
2021-04-23 11:10:23,3111.95,701794
2021-04-23 11:10:24,3112.0,701981
2021-04-23 11:10:25,3112.0,701986
2021-04-23 11:10:26,3111.55,702294
2021-04-23 11:10:27,3112.0,702790
2021-04-23 11:10:28,3112.0,702790
2021-04-23 11:10:29,3111.95,702950
2021-04-23 11:10:30,3111.55,703000
2021-04-23 11:10:31,3112.0,703306
2021-04-23 11:10:32,3112.0,704947
2021-04-23 11:10:33,3112.0,705229
2021-04-23 11:10:34,3112.0,705740
2021-04-23 11:10:35,3111.95,706071
2021-04-23 11:10:36,3111.85,706373
2021-04-23 11:10:37,3111.5,706626
2021-04-23 11:10:38,3111.8,706658
2021-04-23 11:10:39,3111.8,706663
2021-04-23 11:10:40,3111.5,706690
2021-04-23 11:10:41,3111.4,707020
2021-04-23 11:10:42,3111.4,707039
2021-04-23 11:10:43,3111.4,707078
2021-04-23 11:10:44,3111.2,707246
2021-04-23 11:10:45,3111.0,707548
2021-04-23 11:10:46,3111.0,707627
2021-04-23 11:10:47,3111.0,707627
2021-04-23 11:10:48,3111.1,707964
2021-04-23 11:10:50,3111.0,707982
2021-04-23 11:10:52,3110.95,708009
2021-04-23 11:10:51,3111.0,707983
2021-04-23 11:10:53,3111.0,708039
2021-04-23 11:10:54,3111.0,708363
2021-04-23 11:10:55,3110.0,709078
2021-04-23 11:10:56,3111.5,709203
2021-04-23 11:10:57,3110.25,709354
2021-04-23 11:10:58,3111.0,709355
2021-04-23 11:10:59,3111.25,709361
2021-04-23 11:11:00,3111.25,709361
2021-04-23 11:11:01,3111.0,709373
2021-04-23 11:11:02,3111.3,709375
2021-04-23 11:11:03,3111.3,709375
2021-04-23 11:11:04,3110.1,709489
2021-04-23 11:11:05,3110.0,709796
2021-04-23 11:11:07,3109.95,709831
2021-04-23 11:11:07,3109.95,709831
2021-04-23 11:11:08,3111.0,709901
2021-04-23 11:11:09,3111.0,709901
2021-04-23 11:11:10,3110.0,710223
2021-04-23 11:11:11,3110.0,710223
2021-04-23 11:11:12,3111.0,710224
2021-04-23 11:11:13,3110.95,710242
2021-04-23 11:11:14,3110.95,710247
2021-04-23 11:11:15,3110.95,710247
2021-04-23 11:11:16,3110.95,710247
2021-04-23 11:11:18,3110.95,710301
2021-04-23 11:11:19,3110.95,710301
2021-04-23 11:11:20,3110.1,711046
2021-04-23 11:11:21,3110.9,711081
2021-04-23 11:11:22,3110.7,711115
2021-04-23 11:11:23,3110.9,711116
2021-04-23 11:11:24,3110.9,711119
2021-04-23 11:11:25,3110.7,711122
2021-04-23 11:11:26,3110.9,711133
2021-04-23 11:11:27,3110.9,711135
2021-04-23 11:11:29,3110.7,711445
2021-04-23 11:11:29,3110.7,711445
2021-04-23 11:11:30,3111.0,711451
2021-04-23 11:11:31,3111.0,711451
2021-04-23 11:11:32,3111.0,711759
2021-04-23 11:11:33,3111.0,711761
2021-04-23 11:11:34,3111.0,711766
2021-04-23 11:11:35,3110.9,712033
2021-04-23 11:11:36,3111.0,712174
2021-04-23 11:11:37,3111.0,712175
2021-04-23 11:11:38,3111.0,712175
2021-04-23 11:11:40,3111.4,712263
2021-04-23 11:11:40,3111.4,712263
2021-04-23 11:11:41,3111.35,712365
2021-04-23 11:11:42,3110.9,712371
2021-04-23 11:11:44,3110.75,712381
2021-04-23 11:11:44,3110.75,712381
2021-04-23 11:11:45,3110.75,712381
2021-04-23 11:11:46,3110.75,712388
2021-04-23 11:11:47,3110.75,712391
2021-04-23 11:11:48,3110.9,712394
2021-04-23 11:11:49,3110.95,712494
2021-04-23 11:11:50,3110.75,712592
2021-04-23 11:11:51,3110.65,712707
2021-04-23 11:11:52,3110.65,712707
2021-04-23 11:11:53,3110.65,712710
2021-04-23 11:11:54,3110.65,712747
2021-04-23 11:11:55,3110.75,712814
2021-04-23 11:11:57,3110.75,712814
2021-04-23 11:11:58,3110.75,712827
2021-04-23 11:11:59,3110.75,712837
2021-04-23 11:12:00,3110.75,712837
2021-04-23 11:12:00,3110.75,712837
2021-04-23 11:12:01,3110.75,712847
2021-04-23 11:12:02,3110.75,712849
2021-04-23 11:12:03,3110.75,712849
2021-04-23 11:12:04,3110.8,712871
2021-04-23 11:12:05,3110.2,713274
2021-04-23 11:12:07,3110.2,713274
2021-04-23 11:12:08,3111.0,713282
2021-04-23 11:12:08,3111.0,713282
2021-04-23 11:12:09,3110.95,713292
2021-04-23 11:12:10,3110.95,713295
2021-04-23 11:12:11,3110.95,713295
2021-04-23 11:12:12,3110.95,713306
2021-04-23 11:12:13,3110.95,713316
2021-04-23 11:12:15,3110.75,713334
2021-04-23 11:12:16,3110.75,713339
2021-04-23 11:12:17,3110.75,713339
2021-04-23 11:12:18,3110.75,713360
2021-04-23 11:12:19,3111.0,713365
2021-04-23 11:12:20,3110.65,713491
2021-04-23 11:12:21,3110.4,713496
2021-04-23 11:12:24,3110.65,713506
2021-04-23 11:12:24,3110.65,713506
2021-04-23 11:12:25,3110.35,713640
2021-04-23 11:12:26,3110.3,713642
2021-04-23 11:12:27,3110.3,713642
2021-04-23 11:12:28,3110.3,713642
2021-04-23 11:12:29,3110.25,713670
2021-04-23 11:12:30,3110.3,713757
2021-04-23 11:12:32,3110.3,713757
2021-04-23 11:12:33,3110.3,713757
2021-04-23 11:12:33,3110.3,713757
2021-04-23 11:12:34,3110.3,713774
2021-04-23 11:12:35,3110.3,714159
2021-04-23 11:12:36,3110.5,714164
2021-04-23 11:12:37,3110.3,714166
2021-04-23 11:12:39,3110.3,714166
2021-04-23 11:12:41,3110.3,714166
2021-04-23 11:12:42,3110.5,714267
2021-04-23 11:12:43,3110.5,714267
2021-04-23 11:12:44,3110.5,714267
2021-04-23 11:12:44,3110.5,714267
2021-04-23 11:12:45,3110.3,714367
2021-04-23 11:12:46,3110.55,714400
2021-04-23 11:12:47,3110.55,714402
2021-04-23 11:12:48,3110.55,714412
2021-04-23 11:12:49,3110.55,714412
2021-04-23 11:12:50,3110.4,714446
2021-04-23 11:12:51,3110.4,714476
2021-04-23 11:12:52,3110.4,714477
2021-04-23 11:12:53,3110.3,714484
2021-04-23 11:12:54,3110.4,714670
2021-04-23 11:12:55,3110.2,714937
2021-04-23 11:12:56,3110.3,714940
2021-04-23 11:12:57,3110.95,714960
2021-04-23 11:12:58,3110.95,714960
2021-04-23 11:12:59,3110.95,714970
2021-04-23 11:13:00,3110.95,714997
2021-04-23 11:13:02,3110.4,715000
2021-04-23 11:13:03,3110.95,715001
2021-04-23 11:13:04,3110.95,715001
2021-04-23 11:13:05,3110.95,715392
2021-04-23 11:13:06,3110.95,715412
2021-04-23 11:13:07,3110.95,715412
2021-04-23 11:13:08,3110.4,715413
2021-04-23 11:13:09,3110.55,715715
2021-04-23 11:13:11,3111.35,715736
2021-04-23 11:13:12,3111.35,715739
2021-04-23 11:13:13,3111.5,715809
2021-04-23 11:13:14,3111.5,715809
2021-04-23 11:13:14,3111.5,715809
2021-04-23 11:13:15,3111.5,715809
2021-04-23 11:13:16,3110.55,715814
2021-04-23 11:13:17,3110.55,715814
2021-04-23 11:13:18,3111.45,715818
2021-04-23 11:13:19,3111.45,715818
2021-04-23 11:13:21,3111.0,715828
2021-04-23 11:13:22,3111.0,715828
2021-04-23 11:13:23,3111.0,715828
2021-04-23 11:13:24,3111.0,715828
2021-04-23 11:13:25,3111.1,715829
2021-04-23 11:13:25,3111.1,715829
2021-04-23 11:13:26,3110.6,715831
2021-04-23 11:13:27,3111.1,715833
2021-04-23 11:13:28,3111.1,715833
2021-04-23 11:13:29,3111.1,715833
2021-04-23 11:13:30,3111.1,715835
2021-04-23 11:13:31,3111.1,715836
2021-04-23 11:13:32,3111.1,715854
2021-04-23 11:13:33,3111.0,715862
2021-04-23 11:13:34,3111.0,715862
2021-04-23 11:13:35,3111.0,715881
2021-04-23 11:13:37,3111.0,715891
2021-04-23 11:13:38,3111.0,715891
2021-04-23 11:13:39,3111.5,715941
2021-04-23 11:13:39,3111.5,715941
2021-04-23 11:13:40,3111.5,715946
2021-04-23 11:13:41,3111.05,715959
2021-04-23 11:13:42,3111.05,715959
2021-04-23 11:13:43,3111.5,716009
2021-04-23 11:13:45,3111.5,716009
2021-04-23 11:13:46,3111.1,716059
2021-04-23 11:13:47,3111.1,716059
2021-04-23 11:13:47,3111.1,716059
2021-04-23 11:13:48,3111.5,716200
2021-04-23 11:13:49,3111.5,716200
2021-04-23 11:13:50,3111.95,716204
2021-04-23 11:13:51,3111.6,716211
2021-04-23 11:13:52,3111.6,716211
2021-04-23 11:13:54,3112.0,716406
2021-04-23 11:13:55,3112.0,716497
2021-04-23 11:13:56,3112.0,716700
2021-04-23 11:13:57,3111.95,716709
2021-04-23 11:13:57,3111.95,716714
2021-04-23 11:13:58,3111.95,716717
2021-04-23 11:14:00,3111.95,716722
2021-04-23 11:14:01,3111.95,716722
2021-04-23 11:14:02,3111.95,716724
2021-04-23 11:14:03,3112.0,716764
2021-04-23 11:14:04,3112.0,716767
2021-04-23 11:14:05,3111.75,716877
2021-04-23 11:14:05,3111.75,716879
2021-04-23 11:14:06,3112.0,717232
2021-04-23 11:14:07,3112.5,721398
2021-04-23 11:14:08,3112.55,721472
2021-04-23 11:14:09,3112.55,721472
2021-04-23 11:14:10,3113.75,721483
2021-04-23 11:14:11,3113.75,721484
2021-04-23 11:14:12,3112.6,721497
2021-04-23 11:14:13,3112.15,721597
2021-04-23 11:14:15,3112.45,721699
2021-04-23 11:14:16,3112.95,721709
2021-04-23 11:14:17,3113.0,721769
2021-04-23 11:14:18,3113.0,721774
2021-04-23 11:14:19,3113.0,721775
2021-04-23 11:14:19,3113.0,721775
2021-04-23 11:14:20,3112.85,721789
2021-04-23 11:14:21,3112.55,721952
2021-04-23 11:14:23,3112.85,722272
2021-04-23 11:14:24,3112.55,722696
2021-04-23 11:14:25,3112.55,722782
2021-04-23 11:14:26,3113.4,722793
2021-04-23 11:14:27,3112.55,722845
2021-04-23 11:14:27,3113.45,722820
2021-04-23 11:14:28,3112.55,722845
2021-04-23 11:14:29,3113.45,722895
2021-04-23 11:14:30,3113.4,722913
2021-04-23 11:14:31,3112.25,722991
2021-04-23 11:14:32,3113.0,723001
2021-04-23 11:14:33,3113.0,723213
2021-04-23 11:14:35,3112.0,724137
2021-04-23 11:14:36,3111.95,724301
2021-04-23 11:14:37,3112.95,724381
2021-04-23 11:14:38,3112.0,724386
2021-04-23 11:14:39,3112.0,724386
2021-04-23 11:14:40,3112.95,724391
2021-04-23 11:14:41,3112.95,724393
2021-04-23 11:14:42,3113.0,724399
2021-04-23 11:14:43,3113.45,724595
2021-04-23 11:14:43,3113.45,724595
2021-04-23 11:14:44,3113.05,724596
2021-04-23 11:14:45,3112.95,724603
2021-04-23 11:14:46,3112.95,724663
2021-04-23 11:14:47,3113.0,724845
2021-04-23 11:14:49,3112.95,724945
2021-04-23 11:14:50,3113.1,724974
2021-04-23 11:14:51,3112.95,725109
2021-04-23 11:14:52,3112.95,725128
2021-04-23 11:14:53,3112.95,725128
2021-04-23 11:14:53,3113.0,725233
2021-04-23 11:14:54,3114.25,725870
2021-04-23 11:14:58,3114.8,726097
2021-04-23 11:14:59,3114.5,726119
2021-04-23 11:15:01,3114.9,726145
2021-04-23 11:15:01,3114.5,726147
2021-04-23 11:15:02,3114.95,726250
2021-04-23 11:15:03,3114.9,726316
2021-04-23 11:15:04,3114.95,726435
2021-04-23 11:15:06,3114.15,726696
2021-04-23 11:15:07,3115.0,727830
2021-04-23 11:15:08,3114.95,727881
2021-04-23 11:15:09,3115.0,727981
2021-04-23 11:15:10,3114.0,728198
2021-04-23 11:15:10,3114.0,728198
2021-04-23 11:15:11,3114.0,728255
2021-04-23 11:15:12,3115.0,728369
2021-04-23 11:15:14,3115.0,728408
2021-04-23 11:15:16,3114.95,728755
2021-04-23 11:15:17,3114.2,728896
2021-04-23 11:15:18,3114.95,728949
2021-04-23 11:15:19,3114.0,729044
2021-04-23 11:15:20,3114.0,729270
2021-04-23 11:15:20,3114.0,729270
2021-04-23 11:15:21,3114.0,729270
2021-04-23 11:15:22,3114.95,729321
2021-04-23 11:15:23,3114.0,729347
2021-04-23 11:15:24,3114.95,729380
2021-04-23 11:15:25,3114.2,729504
2021-04-23 11:15:26,3114.8,729507
2021-04-23 11:15:27,3115.0,729843
2021-04-23 11:15:29,3115.0,729843
2021-04-23 11:15:30,3115.0,729858
2021-04-23 11:15:31,3114.25,730304
2021-04-23 11:15:32,3115.0,730409
2021-04-23 11:15:33,3115.0,730460
2021-04-23 11:15:33,3114.25,730462
2021-04-23 11:15:34,3114.25,730462
2021-04-23 11:15:36,3114.15,730727
2021-04-23 11:15:37,3114.0,730809
2021-04-23 11:15:38,3114.15,730814
2021-04-23 11:15:39,3114.15,730820
2021-04-23 11:15:40,3114.0,730984
2021-04-23 11:15:41,3114.0,730984
2021-04-23 11:15:41,3114.05,730988
2021-04-23 11:15:42,3115.0,731088
2021-04-23 11:15:43,3114.05,731092
2021-04-23 11:15:45,3115.2,731124
2021-04-23 11:15:45,3115.2,731124
2021-04-23 11:15:46,3115.0,731290
2021-04-23 11:15:48,3115.05,731322
2021-04-23 11:15:49,3115.05,731382
2021-04-23 11:15:51,3115.0,731547
2021-04-23 11:15:51,3115.25,731552
2021-04-23 11:15:52,3115.0,731682
2021-04-23 11:15:53,3115.0,731682
2021-04-23 11:15:55,3115.05,731721
2021-04-23 11:15:56,3115.05,731742
2021-04-23 11:15:57,3115.2,732063
2021-04-23 11:15:58,3115.2,732066
2021-04-23 11:15:59,3115.75,732632
2021-04-23 11:16:00,3115.7,732640
2021-04-23 11:16:02,3115.75,732669
2021-04-23 11:16:03,3115.8,732815
2021-04-23 11:16:05,3115.75,732948
2021-04-23 11:16:06,3115.8,733334
2021-04-23 11:16:07,3115.85,734053
2021-04-23 11:16:08,3115.85,734103
2021-04-23 11:16:08,3115.85,734106
2021-04-23 11:16:09,3116.5,734375
2021-04-23 11:16:11,3116.5,734421
2021-04-23 11:16:12,3116.5,734423
2021-04-23 11:16:13,3117.45,734909
2021-04-23 11:16:13,3117.05,735548
2021-04-23 11:16:14,3117.85,735693
2021-04-23 11:16:16,3117.9,735753
2021-04-23 11:16:17,3117.9,735755
2021-04-23 11:16:18,3117.9,735757
2021-04-23 11:16:19,3117.85,735782
2021-04-23 11:16:20,3117.9,735809
2021-04-23 11:16:21,3117.75,735996
2021-04-23 11:16:22,3117.0,736200
2021-04-23 11:16:23,3117.75,736222
2021-04-23 11:16:24,3117.0,736228
2021-04-23 11:16:25,3117.85,736333
2021-04-23 11:16:25,3117.85,736333
2021-04-23 11:16:26,3118.0,737203
2021-04-23 11:16:27,3117.0,737823
2021-04-23 11:16:29,3118.0,737924
2021-04-23 11:16:30,3117.9,737987
2021-04-23 11:16:31,3118.0,737988
2021-04-23 11:16:32,3117.85,738208
2021-04-23 11:16:33,3118.55,738832
2021-04-23 11:16:33,3118.55,738832
2021-04-23 11:16:34,3118.55,738853
2021-04-23 11:16:35,3118.05,738863
2021-04-23 11:16:37,3118.0,739007
2021-04-23 11:16:38,3117.85,739049
2021-04-23 11:16:39,3119.0,740144
2021-04-23 11:16:40,3118.55,740190
2021-04-23 11:16:41,3118.55,740191
2021-04-23 11:16:42,3118.55,740236
2021-04-23 11:16:43,3117.85,740533
2021-04-23 11:16:44,3117.75,740563
2021-04-23 11:16:46,3117.25,740970
2021-04-23 11:16:47,3116.5,741053
2021-04-23 11:16:48,3117.25,741130
2021-04-23 11:16:49,3116.0,741200
2021-04-23 11:16:50,3116.95,741255
2021-04-23 11:16:51,3116.45,741865
2021-04-23 11:16:52,3116.45,741865
2021-04-23 11:16:53,3115.7,743004
2021-04-23 11:16:53,3115.7,743004
2021-04-23 11:16:54,3115.6,743286
2021-04-23 11:16:55,3115.55,743288
2021-04-23 11:16:57,3116.8,743310
2021-04-23 11:16:58,3115.2,743410
2021-04-23 11:16:59,3116.4,743412
2021-04-23 11:17:00,3116.45,743416
2021-04-23 11:17:01,3115.95,743418
2021-04-23 11:17:02,3115.95,743423
2021-04-23 11:17:03,3115.95,743484
2021-04-23 11:17:04,3115.95,743484
2021-04-23 11:17:06,3115.75,743752
2021-04-23 11:17:07,3115.7,743756
2021-04-23 11:17:08,3115.6,743781
2021-04-23 11:17:09,3115.75,743789
2021-04-23 11:17:10,3115.6,743796
2021-04-23 11:17:11,3115.6,743860
2021-04-23 11:17:12,3115.0,744668
2021-04-23 11:17:13,3115.55,744693
2021-04-23 11:17:14,3115.0,744724
2021-04-23 11:17:15,3115.0,744774
2021-04-23 11:17:16,3114.9,744851
2021-04-23 11:17:17,3114.1,744902
2021-04-23 11:17:18,3115.5,745096
2021-04-23 11:17:19,3115.0,745106
2021-04-23 11:17:20,3114.1,745136
2021-04-23 11:17:21,3113.6,746498
2021-04-23 11:17:22,3113.6,746498
2021-04-23 11:17:23,3113.6,746527
2021-04-23 11:17:24,3113.1,746531
2021-04-23 11:17:25,3113.0,746710
2021-04-23 11:17:26,3113.6,746773
2021-04-23 11:17:27,3113.6,746778
2021-04-23 11:17:28,3113.7,746786
2021-04-23 11:17:29,3113.0,746791
2021-04-23 11:17:30,3113.1,746792
2021-04-23 11:17:31,3113.1,746792
2021-04-23 11:17:32,3113.8,746832
2021-04-23 11:17:33,3113.8,746833
2021-04-23 11:17:34,3113.2,746836
2021-04-23 11:17:35,3113.75,747111
2021-04-23 11:17:36,3113.8,747129
2021-04-23 11:17:37,3114.2,747135
2021-04-23 11:17:38,3114.2,747137
2021-04-23 11:17:39,3114.2,747137
2021-04-23 11:17:40,3114.2,747137
2021-04-23 11:17:41,3113.75,747142
2021-04-23 11:17:42,3114.2,747258
2021-04-23 11:17:43,3113.75,747268
2021-04-23 11:17:45,3114.25,747425
2021-04-23 11:17:46,3114.25,747425
2021-04-23 11:17:47,3113.75,747525
2021-04-23 11:17:48,3114.95,747526
2021-04-23 11:17:49,3114.95,747526
2021-04-23 11:17:50,3114.1,747529
2021-04-23 11:17:51,3114.15,747534
2021-04-23 11:17:52,3114.15,747534
2021-04-23 11:17:53,3115.0,747775
2021-04-23 11:17:54,3115.0,747775
2021-04-23 11:17:55,3114.2,747826
2021-04-23 11:17:56,3114.1,747926
2021-04-23 11:17:57,3114.1,747926
2021-04-23 11:17:58,3114.75,748178
2021-04-23 11:17:59,3114.55,748259
2021-04-23 11:18:00,3115.0,748260
2021-04-23 11:18:01,3115.0,748260
2021-04-23 11:18:02,3115.0,748272
2021-04-23 11:18:03,3115.0,748272
2021-04-23 11:18:04,3114.55,748274
2021-04-23 11:18:05,3114.55,748294
2021-04-23 11:18:06,3114.15,748315
2021-04-23 11:18:08,3114.45,748861
2021-04-23 11:18:09,3114.45,748861
2021-04-23 11:18:10,3113.75,748909
2021-04-23 11:18:11,3114.15,749044
2021-04-23 11:18:12,3114.1,749054
2021-04-23 11:18:13,3114.1,749054
2021-04-23 11:18:14,3114.0,749056
2021-04-23 11:18:15,3115.0,749058
2021-04-23 11:18:16,3115.0,749108
2021-04-23 11:18:17,3115.0,749108
2021-04-23 11:18:18,3115.0,749158
2021-04-23 11:18:19,3115.0,749159
2021-04-23 11:18:20,3113.9,749262
2021-04-23 11:18:21,3113.9,749281
2021-04-23 11:18:22,3114.05,749284
2021-04-23 11:18:23,3115.0,749294
2021-04-23 11:18:24,3115.0,749294
2021-04-23 11:18:25,3115.0,749295
2021-04-23 11:18:26,3114.2,749365
2021-04-23 11:18:27,3114.1,749369
2021-04-23 11:18:28,3114.1,749369
2021-04-23 11:18:29,3114.1,749369
2021-04-23 11:18:30,3114.1,749371
2021-04-23 11:18:31,3115.0,749404
2021-04-23 11:18:32,3114.1,749444
2021-04-23 11:18:33,3114.1,749450
2021-04-23 11:18:34,3114.95,749451
2021-04-23 11:18:35,3114.1,749508
2021-04-23 11:18:36,3114.1,749619
2021-04-23 11:18:37,3114.1,749619
2021-04-23 11:18:38,3115.0,749643
2021-04-23 11:18:39,3115.0,749643
2021-04-23 11:18:40,3114.1,749693
2021-04-23 11:18:41,3114.95,749716
2021-04-23 11:18:42,3114.95,749717
2021-04-23 11:18:43,3114.1,749727
2021-04-23 11:18:44,3114.1,749727
2021-04-23 11:18:45,3115.0,749827
2021-04-23 11:18:46,3114.1,749879
2021-04-23 11:18:47,3115.0,749884
2021-04-23 11:18:48,3115.0,749888
2021-04-23 11:18:49,3114.55,749920
2021-04-23 11:18:50,3114.4,750008
2021-04-23 11:18:51,3114.4,750008
2021-04-23 11:18:52,3114.4,750008
2021-04-23 11:18:53,3114.1,750058
2021-04-23 11:18:54,3114.1,750193
2021-04-23 11:18:55,3114.1,750215
2021-04-23 11:18:56,3114.1,750215
2021-04-23 11:18:57,3114.55,750216
2021-04-23 11:18:58,3114.55,750216
2021-04-23 11:18:59,3114.15,750226
2021-04-23 11:19:00,3114.4,750230
2021-04-23 11:19:01,3114.4,750230
2021-04-23 11:19:02,3114.15,750232
2021-04-23 11:19:03,3114.15,750232
2021-04-23 11:19:04,3114.15,750245
2021-04-23 11:19:05,3114.1,750318
2021-04-23 11:19:06,3114.1,750318
2021-04-23 11:19:07,3114.1,750318
2021-04-23 11:19:08,3114.1,750318
2021-04-23 11:19:09,3114.05,750369
2021-04-23 11:19:10,3114.0,750389
2021-04-23 11:19:11,3114.0,750400
2021-04-23 11:19:12,3114.4,750402
2021-04-23 11:19:13,3114.1,750464
2021-04-23 11:19:14,3114.95,750539
2021-04-23 11:19:15,3114.95,750539
2021-04-23 11:19:16,3114.95,750539
2021-04-23 11:19:17,3114.95,750539
2021-04-23 11:19:18,3114.1,750541
2021-04-23 11:19:19,3114.1,750554
2021-04-23 11:19:20,3114.95,750609
2021-04-23 11:19:21,3114.05,750610
2021-04-23 11:19:22,3114.1,750640
2021-04-23 11:19:23,3114.1,750663
2021-04-23 11:19:24,3114.1,750663
2021-04-23 11:19:25,3114.1,750665
2021-04-23 11:19:26,3114.05,750780
2021-04-23 11:19:27,3114.1,750781
2021-04-23 11:19:28,3114.1,750782
2021-04-23 11:19:29,3113.05,751141
2021-04-23 11:19:30,3113.05,751141
2021-04-23 11:19:31,3113.05,751141
2021-04-23 11:19:33,3113.05,751155
2021-04-23 11:19:34,3113.9,751166
2021-04-23 11:19:35,3113.05,751260
2021-04-23 11:19:36,3113.05,751260
2021-04-23 11:19:37,3113.1,751264
2021-04-23 11:19:38,3113.1,751272
2021-04-23 11:19:39,3113.1,751272
2021-04-23 11:19:40,3113.1,751272
2021-04-23 11:19:41,3113.05,751298
2021-04-23 11:19:42,3113.05,751298
2021-04-23 11:19:43,3113.55,751328
2021-04-23 11:19:44,3114.0,751358
2021-04-23 11:19:45,3114.0,751358
2021-04-23 11:19:46,3113.1,751363
2021-04-23 11:19:47,3113.05,751388
2021-04-23 11:19:48,3114.0,751391
2021-04-23 11:19:49,3113.1,751413
2021-04-23 11:19:50,3113.95,751454
2021-04-23 11:19:51,3114.0,751455
2021-04-23 11:19:52,3114.0,751455
2021-04-23 11:19:53,3114.0,751455
2021-04-23 11:19:54,3113.0,751465
2021-04-23 11:19:55,3114.0,751519
2021-04-23 11:19:56,3114.05,751534
2021-04-23 11:19:57,3114.95,751598
2021-04-23 11:19:58,3114.95,751606
2021-04-23 11:19:59,3114.2,751633
2021-04-23 11:20:00,3114.2,751633
2021-04-23 11:20:01,3114.2,751633
2021-04-23 11:20:02,3114.45,751634
2021-04-23 11:20:03,3114.45,751634
2021-04-23 11:20:04,3113.5,751639
2021-04-23 11:20:05,3113.5,751722
2021-04-23 11:20:06,3115.0,751944
2021-04-23 11:20:07,3114.95,751969
2021-04-23 11:20:08,3113.75,751985
2021-04-23 11:20:09,3113.8,752035
2021-04-23 11:20:10,3113.8,752035
2021-04-23 11:20:11,3113.8,752035
2021-04-23 11:20:12,3115.0,752045
2021-04-23 11:20:13,3115.0,752045
2021-04-23 11:20:14,3114.0,752148
2021-04-23 11:20:15,3114.0,752148
2021-04-23 11:20:16,3114.2,752172
2021-04-23 11:20:17,3114.2,752172
2021-04-23 11:20:18,3114.2,752172
2021-04-23 11:20:19,3114.2,752182
2021-04-23 11:20:20,3114.2,752259
2021-04-23 11:20:21,3114.2,752259
2021-04-23 11:20:22,3114.2,752261
2021-04-23 11:20:23,3114.2,752261
2021-04-23 11:20:24,3114.2,752271
2021-04-23 11:20:25,3114.75,752272
2021-04-23 11:20:26,3114.2,752309
2021-04-23 11:20:27,3114.2,752334
2021-04-23 11:20:28,3114.7,752344
2021-04-23 11:20:29,3114.7,752344
2021-04-23 11:20:30,3114.2,752527
2021-04-23 11:20:31,3114.7,752557
2021-04-23 11:20:32,3114.75,752562
2021-04-23 11:20:33,3114.75,752562
2021-04-23 11:20:34,3114.75,752562
2021-04-23 11:20:35,3114.1,752615
2021-04-23 11:20:36,3114.1,752635
2021-04-23 11:20:37,3114.2,752640
2021-04-23 11:20:38,3113.8,752642
2021-04-23 11:20:39,3113.8,752642
2021-04-23 11:20:40,3113.8,752642
2021-04-23 11:20:41,3113.8,752642
2021-04-23 11:20:42,3114.2,752644
2021-04-23 11:20:43,3113.8,752669
2021-04-23 11:20:44,3113.8,752759
2021-04-23 11:20:45,3113.8,752759
2021-04-23 11:20:46,3113.8,752787
2021-04-23 11:20:47,3113.8,752805
2021-04-23 11:20:48,3113.5,752812
2021-04-23 11:20:49,3114.2,752814
2021-04-23 11:20:50,3113.4,753031
2021-04-23 11:20:51,3113.4,753031
2021-04-23 11:20:52,3113.4,753031
2021-04-23 11:20:53,3113.5,753033
2021-04-23 11:20:54,3113.5,753034
2021-04-23 11:20:55,3113.8,753035
2021-04-23 11:20:56,3113.8,753047
2021-04-23 11:20:57,3114.2,753266
2021-04-23 11:20:58,3114.2,753316
2021-04-23 11:20:59,3114.2,753316
2021-04-23 11:21:01,3114.2,753316
2021-04-23 11:21:01,3114.2,753316
2021-04-23 11:21:02,3113.75,753319
2021-04-23 11:21:03,3113.75,753319
2021-04-23 11:21:04,3113.5,753321
2021-04-23 11:21:05,3113.4,753407
2021-04-23 11:21:06,3113.4,753407
2021-04-23 11:21:07,3114.0,753433
2021-04-23 11:21:08,3114.2,753637
2021-04-23 11:21:09,3114.2,753637
2021-04-23 11:21:10,3114.5,753739
2021-04-23 11:21:11,3114.5,753740
2021-04-23 11:21:12,3114.5,753740
2021-04-23 11:21:13,3114.5,753740
2021-04-23 11:21:14,3114.5,753740
2021-04-23 11:21:15,3114.5,753740
2021-04-23 11:21:16,3114.5,753776
2021-04-23 11:21:17,3114.5,753776
2021-04-23 11:21:18,3114.0,753779
2021-04-23 11:21:19,3114.0,753798
2021-04-23 11:21:20,3114.0,753863
2021-04-23 11:21:21,3114.0,754063
2021-04-23 11:21:22,3114.5,755031
2021-04-23 11:21:23,3114.5,755031
2021-04-23 11:21:24,3115.0,755078
2021-04-23 11:21:25,3115.0,755100
2021-04-23 11:21:26,3114.2,755102
2021-04-23 11:21:27,3115.5,755104
2021-04-23 11:21:28,3115.5,755104
2021-04-23 11:21:29,3115.5,755104
2021-04-23 11:21:30,3115.5,755104
2021-04-23 11:21:31,3115.5,755104
2021-04-23 11:21:32,3115.5,755104
2021-04-23 11:21:33,3115.0,755107
2021-04-23 11:21:34,3114.5,755119
2021-04-23 11:21:35,3114.5,755331
2021-04-23 11:21:36,3115.0,755332
2021-04-23 11:21:37,3115.0,755332
2021-04-23 11:21:38,3115.0,755332
2021-04-23 11:21:39,3115.0,755332
2021-04-23 11:21:40,3115.0,755332
2021-04-23 11:21:41,3114.6,755335
2021-04-23 11:21:42,3114.6,755335
2021-04-23 11:21:43,3115.0,755336
2021-04-23 11:21:44,3115.0,755336
2021-04-23 11:21:45,3115.0,755336
2021-04-23 11:21:46,3115.0,755336
2021-04-23 11:21:47,3115.0,755336
2021-04-23 11:21:48,3115.0,755336
2021-04-23 11:21:49,3114.6,755339
2021-04-23 11:21:50,3114.6,755427
2021-04-23 11:21:51,3115.0,755438
2021-04-23 11:21:52,3114.6,755445
2021-04-23 11:21:53,3114.6,755445
2021-04-23 11:21:54,3114.6,755445
2021-04-23 11:21:55,3115.75,755615
2021-04-23 11:21:57,3114.75,755630
2021-04-23 11:21:58,3114.85,755631
2021-04-23 11:21:58,3114.85,755631
2021-04-23 11:21:59,3114.85,755631
2021-04-23 11:22:00,3114.85,755641
2021-04-23 11:22:01,3115.85,755741
2021-04-23 11:22:02,3115.85,755741
2021-04-23 11:22:03,3115.85,755741
2021-04-23 11:22:04,3115.85,755741
2021-04-23 11:22:06,3114.75,755744
2021-04-23 11:22:06,3114.75,755744
2021-04-23 11:22:07,3115.0,755745
2021-04-23 11:22:08,3115.95,755820
2021-04-23 11:22:09,3115.2,755822
2021-04-23 11:22:10,3115.2,755842
2021-04-23 11:22:11,3115.75,755844
2021-04-23 11:22:12,3115.75,755847
2021-04-23 11:22:14,3115.2,755859
2021-04-23 11:22:15,3115.2,755859
2021-04-23 11:22:16,3115.2,755859
2021-04-23 11:22:16,3115.2,755859
2021-04-23 11:22:17,3115.75,755891
2021-04-23 11:22:18,3115.75,755916
2021-04-23 11:22:19,3115.8,755926
2021-04-23 11:22:21,3115.95,756003
2021-04-23 11:22:22,3115.75,756201
2021-04-23 11:22:24,3115.95,756204
2021-04-23 11:22:24,3115.95,756204
2021-04-23 11:22:25,3115.75,756218
2021-04-23 11:22:26,3115.95,756219
2021-04-23 11:22:27,3115.95,756220
2021-04-23 11:22:29,3116.0,756250
2021-04-23 11:22:30,3115.75,756252
2021-04-23 11:22:31,3115.5,756320
2021-04-23 11:22:32,3115.5,756320
2021-04-23 11:22:32,3115.5,756320
2021-04-23 11:22:33,3115.5,756320
2021-04-23 11:22:35,3115.5,756320
2021-04-23 11:22:36,3115.35,756752
2021-04-23 11:22:37,3115.35,756809
2021-04-23 11:22:38,3115.3,757224
2021-04-23 11:22:38,3115.3,757224
2021-04-23 11:22:39,3115.3,757224
2021-04-23 11:22:40,3115.3,757224
2021-04-23 11:22:41,3115.35,757227
2021-04-23 11:22:43,3115.35,757227
2021-04-23 11:22:44,3115.5,757259
2021-04-23 11:22:45,3115.5,757268
2021-04-23 11:22:45,3115.5,757268
2021-04-23 11:22:46,3115.55,757384
2021-04-23 11:22:47,3115.55,757396
2021-04-23 11:22:48,3115.55,757396
2021-04-23 11:22:49,3115.55,757426
2021-04-23 11:22:51,3115.25,757511
2021-04-23 11:22:52,3115.55,757513
2021-04-23 11:22:53,3115.55,757513
2021-04-23 11:22:53,3115.55,757513
2021-04-23 11:22:54,3115.55,757517
2021-04-23 11:22:55,3115.55,757517
2021-04-23 11:22:56,3115.05,757520
2021-04-23 11:22:58,3115.55,757523
2021-04-23 11:22:59,3115.55,757523
2021-04-23 11:23:00,3115.55,757573
2021-04-23 11:23:00,3115.55,757573
2021-04-23 11:23:01,3115.55,757573
2021-04-23 11:23:02,3115.55,757576
2021-04-23 11:23:03,3116.0,757742
2021-04-23 11:23:05,3116.0,757842
2021-04-23 11:23:06,3116.0,757842
2021-04-23 11:23:07,3115.05,757864
2021-04-23 11:23:07,3115.35,757868
2021-04-23 11:23:08,3115.05,757956
2021-04-23 11:23:09,3116.1,757963
2021-04-23 11:23:10,3116.1,757970
2021-04-23 11:23:11,3115.55,757971
2021-04-23 11:23:12,3115.55,757971
2021-04-23 11:23:13,3115.05,757972
2021-04-23 11:23:14,3115.05,758082
2021-04-23 11:23:17,3115.55,758123
2021-04-23 11:23:18,3116.15,758649
2021-04-23 11:23:18,3116.15,758649
2021-04-23 11:23:19,3116.55,758750
2021-04-23 11:23:20,3115.5,758765
2021-04-23 11:23:21,3115.5,758765
2021-04-23 11:23:23,3115.95,758772
2021-04-23 11:23:24,3115.95,758772
2021-04-23 11:23:25,3115.95,758775
2021-04-23 11:23:26,3115.55,758779
2021-04-23 11:23:27,3115.5,758881
2021-04-23 11:23:28,3115.95,758931
2021-04-23 11:23:30,3115.95,758936
2021-04-23 11:23:31,3115.95,758936
2021-04-23 11:23:32,3115.95,758936
2021-04-23 11:23:32,3115.95,758936
2021-04-23 11:23:33,3115.95,758936
2021-04-23 11:23:34,3115.55,758964
2021-04-23 11:23:35,3115.05,759194
2021-04-23 11:23:36,3115.05,759194
2021-04-23 11:23:37,3115.9,759197
2021-04-23 11:23:39,3115.1,759198
2021-04-23 11:23:40,3115.1,759198
2021-04-23 11:23:41,3115.1,759198
2021-04-23 11:23:41,3115.1,759198
2021-04-23 11:23:42,3115.0,759368
2021-04-23 11:23:43,3115.9,759394
2021-04-23 11:23:44,3115.3,759395
2021-04-23 11:23:45,3115.3,759430
2021-04-23 11:23:47,3115.3,759509
2021-04-23 11:23:48,3115.3,759509
2021-04-23 11:23:49,3115.3,759509
2021-04-23 11:23:50,3115.3,759647
2021-04-23 11:23:50,3115.95,759646
2021-04-23 11:23:51,3115.3,759648
2021-04-23 11:23:52,3115.3,759648
2021-04-23 11:23:53,3115.3,759658
2021-04-23 11:23:54,3115.3,759658
2021-04-23 11:23:55,3115.3,759693
2021-04-23 11:23:57,3115.3,760155
2021-04-23 11:23:57,3115.2,760343
2021-04-23 11:23:58,3115.0,760746
2021-04-23 11:23:59,3115.3,760748
2021-04-23 11:24:00,3115.1,760953
2021-04-23 11:24:02,3115.1,760953
2021-04-23 11:24:03,3115.0,761054
2021-04-23 11:24:04,3115.0,761054
2021-04-23 11:24:05,3115.0,761082
2021-04-23 11:24:05,3114.9,761132
2021-04-23 11:24:06,3114.05,761134
2021-04-23 11:24:07,3113.8,761144
2021-04-23 11:24:08,3113.8,761144
2021-04-23 11:24:09,3113.8,761144
2021-04-23 11:24:10,3113.9,761186
2021-04-23 11:24:12,3113.75,761208
2021-04-23 11:24:13,3113.75,761248
2021-04-23 11:24:14,3113.75,761251
2021-04-23 11:24:15,3113.7,761353
2021-04-23 11:24:16,3113.7,761353
2021-04-23 11:24:17,3113.7,761353
2021-04-23 11:24:18,3113.7,761353
2021-04-23 11:24:19,3113.7,761353
2021-04-23 11:24:20,3113.1,761447
2021-04-23 11:24:21,3113.1,761499
2021-04-23 11:24:22,3113.1,761553
2021-04-23 11:24:23,3113.1,761563
2021-04-23 11:24:24,3113.1,761563
2021-04-23 11:24:25,3113.1,761563
2021-04-23 11:24:27,3113.9,761615
2021-04-23 11:24:28,3113.9,761616
2021-04-23 11:24:29,3113.1,761617
2021-04-23 11:24:30,3113.1,761620
2021-04-23 11:24:31,3113.9,761628
2021-04-23 11:24:31,3113.9,761628
2021-04-23 11:24:32,3113.9,761628
2021-04-23 11:24:34,3113.1,761648
2021-04-23 11:24:35,3113.1,761704
2021-04-23 11:24:36,3113.1,761704
2021-04-23 11:24:38,3113.1,761809
2021-04-23 11:24:38,3113.1,761809
2021-04-23 11:24:39,3113.7,761829
2021-04-23 11:24:40,3113.7,761829
2021-04-23 11:24:41,3113.6,761830
2021-04-23 11:24:42,3113.7,761832
2021-04-23 11:24:44,3113.7,761832
2021-04-23 11:24:45,3113.7,761832
2021-04-23 11:24:46,3113.1,761836
2021-04-23 11:24:47,3113.1,761837
2021-04-23 11:24:48,3113.5,761838
2021-04-23 11:24:49,3113.1,761883
2021-04-23 11:24:50,3113.1,761919
2021-04-23 11:24:51,3113.5,761920
2021-04-23 11:24:51,3113.5,761920
2021-04-23 11:24:52,3113.5,761920
2021-04-23 11:24:54,3113.05,761925
2021-04-23 11:24:55,3113.1,761935
2021-04-23 11:24:56,3114.4,761962
2021-04-23 11:24:57,3114.35,761963
2021-04-23 11:24:58,3113.15,762065
2021-04-23 11:24:58,3113.15,762065
2021-04-23 11:24:59,3113.15,762077
2021-04-23 11:25:00,3113.7,762083
2021-04-23 11:25:02,3113.75,762088
2021-04-23 11:25:03,3113.75,762088
2021-04-23 11:25:04,3114.35,762098
2021-04-23 11:25:04,3114.4,762128
2021-04-23 11:25:05,3113.75,762134
2021-04-23 11:25:08,3114.4,762137
2021-04-23 11:25:10,3113.75,762150
2021-04-23 11:25:10,3113.75,762150
2021-04-23 11:25:11,3114.6,762153
2021-04-23 11:25:12,3114.95,762203
2021-04-23 11:25:14,3114.9,762206
2021-04-23 11:25:15,3113.8,762209
2021-04-23 11:25:16,3113.8,762209
2021-04-23 11:25:16,3113.8,762209
2021-04-23 11:25:17,3114.6,762276
2021-04-23 11:25:18,3114.6,762285
2021-04-23 11:25:19,3114.6,762285
2021-04-23 11:25:21,3114.6,762285
2021-04-23 11:25:22,3115.0,762485
2021-04-23 11:25:23,3114.6,762508
2021-04-23 11:25:24,3114.6,762508
2021-04-23 11:25:24,3114.6,762508
2021-04-23 11:25:25,3114.6,762508
2021-04-23 11:25:26,3115.3,762511
2021-04-23 11:25:28,3115.3,762511
2021-04-23 11:25:29,3115.5,762891
2021-04-23 11:25:30,3115.5,762961
2021-04-23 11:25:31,3115.0,763042
2021-04-23 11:25:31,3115.0,763042
2021-04-23 11:25:32,3115.3,763058
2021-04-23 11:25:33,3114.5,763083
2021-04-23 11:25:34,3113.75,763290
2021-04-23 11:25:35,3113.6,763296
2021-04-23 11:25:36,3113.1,763320
2021-04-23 11:25:37,3113.6,763361
2021-04-23 11:25:38,3113.6,763361
2021-04-23 11:25:39,3113.6,763405
2021-04-23 11:25:40,3113.45,763406
2021-04-23 11:25:41,3113.3,763407
2021-04-23 11:25:42,3113.1,763409
2021-04-23 11:25:43,3113.1,763409
2021-04-23 11:25:44,3113.1,763523
2021-04-23 11:25:45,3113.4,763601
2021-04-23 11:25:46,3113.4,763601
2021-04-23 11:25:48,3113.4,763601
2021-04-23 11:25:49,3113.35,763602
2021-04-23 11:25:50,3113.1,763699
2021-04-23 11:25:51,3113.1,763699
2021-04-23 11:25:51,3113.1,763699
2021-04-23 11:25:52,3113.5,763703
2021-04-23 11:25:53,3113.5,763703
2021-04-23 11:25:54,3113.25,763713
2021-04-23 11:25:55,3113.25,763713
2021-04-23 11:25:56,3113.25,763716
2021-04-23 11:25:57,3113.25,763768
2021-04-23 11:25:58,3113.1,763841
2021-04-23 11:26:00,3113.1,763841
2021-04-23 11:26:01,3113.1,763841
2021-04-23 11:26:02,3113.1,763841
2021-04-23 11:26:04,3113.5,763882
2021-04-23 11:26:05,3114.25,763980
2021-04-23 11:26:06,3113.5,763997
2021-04-23 11:26:07,3113.5,763997
2021-04-23 11:26:07,3113.5,763997
2021-04-23 11:26:08,3113.5,764007
2021-04-23 11:26:09,3113.5,764007
2021-04-23 11:26:10,3113.5,764007
2021-04-23 11:26:11,3114.5,764093
2021-04-23 11:26:12,3114.5,764101
2021-04-23 11:26:14,3113.5,764153
2021-04-23 11:26:15,3113.5,764178
2021-04-23 11:26:16,3113.5,764178
2021-04-23 11:26:17,3113.1,764403
2021-04-23 11:26:18,3113.1,764403
2021-04-23 11:26:18,3113.5,764413
2021-04-23 11:26:19,3113.5,764423
2021-04-23 11:26:20,3113.5,764554
2021-04-23 11:26:22,3113.1,764557
2021-04-23 11:26:23,3113.1,764568
2021-04-23 11:26:24,3113.1,764584
2021-04-23 11:26:25,3113.1,764584
2021-04-23 11:26:25,3113.1,764584
2021-04-23 11:26:26,3113.5,764585
2021-04-23 11:26:27,3113.5,764645
2021-04-23 11:26:28,3114.25,764680
2021-04-23 11:26:29,3113.15,764682
2021-04-23 11:26:31,3113.15,764730
2021-04-23 11:26:32,3113.2,764731
2021-04-23 11:26:33,3113.2,764731
2021-04-23 11:26:34,3113.2,764735
2021-04-23 11:26:34,3113.2,764735
2021-04-23 11:26:36,3113.8,764830
2021-04-23 11:26:37,3113.8,764831
2021-04-23 11:26:38,3113.2,764839
2021-04-23 11:26:39,3113.2,764839
2021-04-23 11:26:40,3113.2,764839
2021-04-23 11:26:41,3113.2,764839
2021-04-23 11:26:42,3113.2,764845
2021-04-23 11:26:42,3113.95,764865
2021-04-23 11:26:44,3113.1,764885
2021-04-23 11:26:45,3113.1,764885
2021-04-23 11:26:46,3113.2,764887
2021-04-23 11:26:47,3113.25,764889
2021-04-23 11:26:48,3113.5,764890
2021-04-23 11:26:48,3113.5,764890
2021-04-23 11:26:49,3113.5,764890
2021-04-23 11:26:50,3113.5,764890
2021-04-23 11:26:51,3113.5,764890
2021-04-23 11:26:52,3113.5,764925
2021-04-23 11:26:54,3113.5,764930
2021-04-23 11:26:55,3113.5,764930
2021-04-23 11:26:56,3113.2,764983
2021-04-23 11:26:56,3113.25,764988
2021-04-23 11:26:57,3113.25,764988
2021-04-23 11:26:59,3113.25,765010
2021-04-23 11:27:00,3113.1,765332
2021-04-23 11:27:01,3113.25,765358
2021-04-23 11:27:02,3113.1,765361
2021-04-23 11:27:03,3113.2,765362
2021-04-23 11:27:03,3113.2,765362
2021-04-23 11:27:05,3113.0,765523
2021-04-23 11:27:06,3113.1,765592
2021-04-23 11:27:07,3113.1,765592
2021-04-23 11:27:08,3112.95,765619
2021-04-23 11:27:09,3112.95,765619
2021-04-23 11:27:09,3113.25,765882
2021-04-23 11:27:10,3112.1,765940
2021-04-23 11:27:12,3112.6,765941
2021-04-23 11:27:13,3111.85,766487
2021-04-23 11:27:14,3112.0,766488
2021-04-23 11:27:15,3111.05,766503
2021-04-23 11:27:16,3110.8,766603
2021-04-23 11:27:17,3110.8,766621
2021-04-23 11:27:18,3111.7,766680
2021-04-23 11:27:19,3111.7,766680
2021-04-23 11:27:20,3111.7,766680
2021-04-23 11:27:21,3111.5,766864
2021-04-23 11:27:22,3111.0,766889
2021-04-23 11:27:23,3110.4,766902
2021-04-23 11:27:23,3110.4,766902
2021-04-23 11:27:24,3110.4,766902
2021-04-23 11:27:25,3110.4,766910
2021-04-23 11:27:26,3110.95,766912
2021-04-23 11:27:28,3110.4,767196
2021-04-23 11:27:28,3110.4,767196
2021-04-23 11:27:30,3110.4,767196
2021-04-23 11:27:31,3110.4,767196
2021-04-23 11:27:32,3111.0,767221
2021-04-23 11:27:33,3111.0,767271
2021-04-23 11:27:34,3110.6,767273
2021-04-23 11:27:35,3111.0,767276
2021-04-23 11:27:36,3110.45,767478
2021-04-23 11:27:37,3110.45,767478
2021-04-23 11:27:38,3110.45,767478
2021-04-23 11:27:39,3110.45,767478
2021-04-23 11:27:40,3110.45,767528
2021-04-23 11:27:40,3110.45,767528
2021-04-23 11:27:41,3110.45,767531
2021-04-23 11:27:43,3110.6,767626
2021-04-23 11:27:44,3110.45,767642
2021-04-23 11:27:45,3111.3,767749
2021-04-23 11:27:46,3110.45,767773
2021-04-23 11:27:47,3111.3,767775
2021-04-23 11:27:48,3111.3,767775
2021-04-23 11:27:49,3111.3,767775
2021-04-23 11:27:50,3110.45,768152
2021-04-23 11:27:51,3111.45,768155
2021-04-23 11:27:52,3111.4,768156
2021-04-23 11:27:52,3111.4,768156
2021-04-23 11:27:53,3111.0,768173
2021-04-23 11:27:54,3111.45,768183
2021-04-23 11:27:55,3111.0,768227
2021-04-23 11:27:56,3111.45,768257
2021-04-23 11:27:57,3111.0,768260
2021-04-23 11:27:58,3111.0,768303
2021-04-23 11:27:59,3110.6,768310
2021-04-23 11:28:00,3111.2,768320
2021-04-23 11:28:01,3111.2,768320
2021-04-23 11:28:03,3111.25,768368
2021-04-23 11:28:04,3111.25,768368
2021-04-23 11:28:04,3111.25,768368
2021-04-23 11:28:05,3110.45,768440
2021-04-23 11:28:06,3110.55,768447
2021-04-23 11:28:07,3110.55,768447
2021-04-23 11:28:08,3110.55,768447
2021-04-23 11:28:09,3110.45,768551
2021-04-23 11:28:10,3110.45,768558
2021-04-23 11:28:12,3110.0,769333
2021-04-23 11:28:13,3110.55,769344
2021-04-23 11:28:14,3110.6,769387
2021-04-23 11:28:15,3110.6,769388
2021-04-23 11:28:16,3110.6,769388
2021-04-23 11:28:17,3110.6,769422
2021-04-23 11:28:17,3110.6,769422
2021-04-23 11:28:18,3110.0,769433
2021-04-23 11:28:20,3110.65,769434
2021-04-23 11:28:21,3110.55,769506
2021-04-23 11:28:22,3110.0,769508
2021-04-23 11:28:23,3110.45,769610
2021-04-23 11:28:24,3110.45,769610
2021-04-23 11:28:25,3110.45,769610
2021-04-23 11:28:26,3110.0,769660
2021-04-23 11:28:27,3110.55,769671
2021-04-23 11:28:28,3110.55,769671
2021-04-23 11:28:29,3110.55,769721
2021-04-23 11:28:30,3110.0,769844
2021-04-23 11:28:31,3110.55,769849
2021-04-23 11:28:32,3110.0,769899
2021-04-23 11:28:33,3110.0,769899
2021-04-23 11:28:34,3110.0,769899
2021-04-23 11:28:35,3110.0,769990
2021-04-23 11:28:36,3110.0,769990
2021-04-23 11:28:37,3110.55,769994
2021-04-23 11:28:39,3110.55,769994
2021-04-23 11:28:40,3110.0,770044
2021-04-23 11:28:41,3110.0,770044
2021-04-23 11:28:42,3110.55,770046
2021-04-23 11:28:43,3110.55,770046
2021-04-23 11:28:43,3110.55,770046
2021-04-23 11:28:44,3110.55,770046
2021-04-23 11:28:46,3110.55,770049
2021-04-23 11:28:47,3110.55,770049
2021-04-23 11:28:48,3110.45,770066
2021-04-23 11:28:49,3110.45,770066
2021-04-23 11:28:50,3110.6,770068
2021-04-23 11:28:51,3110.45,770105
2021-04-23 11:28:52,3110.35,770132
2021-04-23 11:28:53,3110.45,770136
2021-04-23 11:28:54,3110.35,770138
2021-04-23 11:28:55,3110.35,770145
2021-04-23 11:28:56,3110.35,770145
2021-04-23 11:28:58,3110.35,770145
2021-04-23 11:28:57,3110.35,770145
2021-04-23 11:28:59,3110.45,770147
2021-04-23 11:29:00,3110.45,770147
2021-04-23 11:29:01,3110.45,770152
2021-04-23 11:29:02,3110.45,770155
2021-04-23 11:29:03,3110.45,770155
2021-04-23 11:29:04,3110.5,770165
2021-04-23 11:29:05,3110.45,770189
2021-04-23 11:29:06,3110.5,770192
2021-04-23 11:29:07,3110.5,770192
2021-04-23 11:29:09,3110.45,770214
2021-04-23 11:29:08,3110.45,770214
2021-04-23 11:29:10,3110.45,770216
2021-04-23 11:29:11,3110.45,770216
2021-04-23 11:29:12,3110.45,770216
2021-04-23 11:29:13,3110.45,770279
2021-04-23 11:29:14,3110.45,770279
2021-04-23 11:29:15,3110.5,770290
2021-04-23 11:29:16,3110.5,770290
2021-04-23 11:29:17,3110.5,770300
2021-04-23 11:29:18,3110.45,770304
2021-04-23 11:29:19,3110.45,770304
2021-04-23 11:29:20,3110.45,770304
2021-04-23 11:29:21,3110.45,770328
2021-04-23 11:29:22,3110.45,770328
2021-04-23 11:29:23,3110.5,770380
2021-04-23 11:29:24,3110.5,770393
2021-04-23 11:29:25,3110.5,770393
2021-04-23 11:29:26,3110.45,770395
2021-04-23 11:29:27,3110.45,770404
2021-04-23 11:29:28,3110.5,770429
2021-04-23 11:29:29,3110.45,770434
2021-04-23 11:29:30,3110.5,770456
2021-04-23 11:29:31,3110.5,770456
2021-04-23 11:29:32,3110.5,770480
2021-04-23 11:29:33,3110.45,770511
2021-04-23 11:29:34,3110.45,770514
2021-04-23 11:29:35,3110.45,770602
2021-04-23 11:29:36,3110.45,770602
2021-04-23 11:29:38,3110.5,770604
2021-04-23 11:29:37,3110.45,770603
2021-04-23 11:29:39,3110.5,770604
2021-04-23 11:29:40,3110.55,770739
2021-04-23 11:29:41,3110.55,770744
2021-04-23 11:29:42,3110.5,770763
2021-04-23 11:29:43,3110.5,770764
2021-04-23 11:29:44,3110.5,770774
2021-04-23 11:29:45,3110.5,770774
2021-04-23 11:29:46,3110.45,770786
2021-04-23 11:29:47,3110.45,770786
2021-04-23 11:29:48,3110.45,770786
2021-04-23 11:29:49,3110.45,770786
2021-04-23 11:29:50,3110.45,770789
2021-04-23 11:29:51,3110.45,770889
2021-04-23 11:29:52,3110.45,770893
2021-04-23 11:29:53,3110.55,770895
2021-04-23 11:29:54,3110.55,770897
2021-04-23 11:29:55,3110.6,770956
2021-04-23 11:29:56,3111.0,770957
2021-04-23 11:29:57,3111.0,770957
2021-04-23 11:29:58,3111.0,770963
2021-04-23 11:29:59,3111.0,770963
2021-04-23 11:30:00,3111.0,770974
2021-04-23 11:30:01,3111.4,770981
2021-04-23 11:30:02,3111.45,770993
2021-04-23 11:30:03,3112.0,771033
2021-04-23 11:30:04,3112.0,771133
2021-04-23 11:30:05,3112.0,771133
2021-04-23 11:30:06,3111.55,771135
2021-04-23 11:30:07,3111.5,771137
2021-04-23 11:30:08,3111.5,771138
2021-04-23 11:30:09,3111.5,771142
2021-04-23 11:30:10,3112.0,771212
2021-04-23 11:30:11,3111.5,771217
2021-04-23 11:30:12,3111.5,771217
2021-04-23 11:30:13,3111.5,771217
2021-04-23 11:30:14,3111.5,771219
2021-04-23 11:30:15,3111.5,771270
2021-04-23 11:30:16,3111.95,771522
2021-04-23 11:30:17,3111.95,771522
2021-04-23 11:30:18,3111.95,771522
2021-04-23 11:30:19,3111.95,771522
2021-04-23 11:30:20,3112.0,771563
2021-04-23 11:30:21,3111.4,771610
2021-04-23 11:30:22,3111.4,771613
2021-04-23 11:30:23,3112.0,771616
2021-04-23 11:30:24,3112.0,771617
2021-04-23 11:30:25,3112.0,771618
2021-04-23 11:30:26,3112.0,771628
2021-04-23 11:30:27,3112.0,771628
2021-04-23 11:30:28,3112.0,771628
2021-04-23 11:30:29,3112.0,771678
2021-04-23 11:30:30,3111.8,771929
2021-04-23 11:30:31,3111.8,771929
2021-04-23 11:30:32,3112.0,771954
2021-04-23 11:30:33,3112.0,772069
2021-04-23 11:30:34,3112.0,772069
2021-04-23 11:30:35,3112.05,772089
2021-04-23 11:30:36,3112.05,772238
2021-04-23 11:30:37,3112.05,772248
2021-04-23 11:30:38,3112.6,772354
2021-04-23 11:30:39,3112.0,772424
2021-04-23 11:30:40,3112.0,772426
2021-04-23 11:30:41,3113.35,772478
2021-04-23 11:30:42,3112.0,772483
2021-04-23 11:30:43,3112.0,772483
2021-04-23 11:30:44,3112.15,772484
2021-04-23 11:30:45,3112.15,772484
2021-04-23 11:30:46,3113.05,772501
2021-04-23 11:30:47,3113.15,772659
2021-04-23 11:30:48,3113.15,772659
2021-04-23 11:30:50,3112.15,772750
2021-04-23 11:30:51,3112.15,772750
2021-04-23 11:30:52,3113.0,772757
2021-04-23 11:30:53,3112.15,772760
2021-04-23 11:30:54,3112.15,772760
2021-04-23 11:30:55,3112.15,772760
2021-04-23 11:30:56,3112.15,772760
2021-04-23 11:30:57,3112.15,772760
2021-04-23 11:30:58,3112.0,773186
2021-04-23 11:30:59,3110.6,773341
2021-04-23 11:31:00,3111.15,773346
2021-04-23 11:31:01,3111.3,773347
2021-04-23 11:31:02,3111.3,773352
2021-04-23 11:31:03,3111.3,773353
2021-04-23 11:31:04,3111.3,773355
2021-04-23 11:31:06,3110.6,773495
2021-04-23 11:31:06,3110.6,773495
2021-04-23 11:31:07,3110.6,773498
2021-04-23 11:31:08,3111.0,773566
2021-04-23 11:31:09,3111.0,773575
2021-04-23 11:31:10,3111.0,773590
2021-04-23 11:31:11,3111.0,773611
2021-04-23 11:31:12,3110.8,773783
2021-04-23 11:31:13,3111.0,773803
2021-04-23 11:31:14,3111.0,773803
2021-04-23 11:31:15,3111.0,773818
2021-04-23 11:31:16,3111.0,773844
2021-04-23 11:31:17,3110.8,773856
2021-04-23 11:31:18,3112.15,773938
2021-04-23 11:31:20,3112.15,773938
2021-04-23 11:31:21,3112.15,773938
2021-04-23 11:31:22,3112.15,773938
2021-04-23 11:31:24,3112.15,773943
2021-04-23 11:31:24,3112.15,773943
2021-04-23 11:31:25,3112.15,773943
2021-04-23 11:31:26,3112.15,773966
2021-04-23 11:31:27,3112.15,773966
2021-04-23 11:31:28,3112.15,773966
2021-04-23 11:31:29,3112.15,774044
2021-04-23 11:31:30,3112.15,774044
2021-04-23 11:31:31,3112.7,774049
2021-04-23 11:31:32,3111.65,774070
2021-04-23 11:31:33,3111.65,774070
2021-04-23 11:31:34,3112.1,774072
2021-04-23 11:31:35,3111.65,774077
2021-04-23 11:31:36,3111.3,774127
2021-04-23 11:31:37,3111.6,774152
2021-04-23 11:31:38,3111.6,774153
2021-04-23 11:31:39,3111.3,774162
2021-04-23 11:31:40,3111.25,774190
2021-04-23 11:31:41,3111.25,774190
2021-04-23 11:31:42,3112.85,774220
2021-04-23 11:31:43,3113.0,774278
2021-04-23 11:31:44,3113.0,774278
2021-04-23 11:31:45,3113.0,774278
2021-04-23 11:31:46,3113.0,774279
2021-04-23 11:31:47,3113.0,774279
2021-04-23 11:31:48,3113.0,774279
2021-04-23 11:31:49,3113.0,774279
2021-04-23 11:31:50,3112.0,774316
2021-04-23 11:31:51,3112.0,774316
2021-04-23 11:31:52,3112.0,774316
2021-04-23 11:31:53,3113.0,774318
2021-04-23 11:31:55,3113.0,774318
2021-04-23 11:31:55,3113.0,774318
2021-04-23 11:31:56,3112.9,774343
2021-04-23 11:31:57,3112.9,774343
2021-04-23 11:31:58,3112.0,774346
2021-04-23 11:31:59,3112.9,774347
2021-04-23 11:32:00,3112.9,774347
2021-04-23 11:32:01,3112.9,774347
2021-04-23 11:32:02,3112.0,774365
2021-04-23 11:32:03,3112.0,774365
2021-04-23 11:32:04,3113.0,774385
2021-04-23 11:32:05,3113.0,774385
2021-04-23 11:32:06,3112.0,774398
2021-04-23 11:32:07,3112.0,774398
2021-04-23 11:32:08,3112.95,774411
2021-04-23 11:32:09,3113.0,774421
2021-04-23 11:32:10,3113.0,774426
2021-04-23 11:32:11,3113.0,774426
2021-04-23 11:32:12,3114.0,775001
2021-04-23 11:32:14,3112.2,775101
2021-04-23 11:32:14,3112.2,775101
2021-04-23 11:32:15,3112.2,775101
2021-04-23 11:32:16,3112.2,775101
2021-04-23 11:32:17,3112.55,775112
2021-04-23 11:32:18,3112.55,775115
2021-04-23 11:32:19,3112.15,775117
2021-04-23 11:32:20,3112.15,775230
2021-04-23 11:32:21,3112.1,775249
2021-04-23 11:32:23,3112.2,775251
2021-04-23 11:32:23,3112.2,775251
2021-04-23 11:32:24,3112.0,775261
2021-04-23 11:32:25,3112.7,775311
2021-04-23 11:32:26,3113.2,775313
2021-04-23 11:32:27,3113.2,775313
2021-04-23 11:32:28,3113.2,775313
2021-04-23 11:32:29,3113.2,775313
2021-04-23 11:32:30,3112.1,775316
2021-04-23 11:32:31,3112.1,775316
2021-04-23 11:32:32,3112.1,775316
2021-04-23 11:32:33,3112.1,775366
2021-04-23 11:32:34,3112.1,775366
2021-04-23 11:32:35,3112.15,775401
2021-04-23 11:32:36,3112.15,775401
2021-04-23 11:32:37,3113.75,775404
2021-04-23 11:32:39,3113.75,775404
2021-04-23 11:32:40,3112.25,775434
2021-04-23 11:32:40,3113.75,775454
2021-04-23 11:32:41,3113.8,775464
2021-04-23 11:32:42,3113.85,775475
2021-04-23 11:32:43,3113.85,775478
2021-04-23 11:32:44,3112.4,775481
2021-04-23 11:32:45,3112.4,775481
2021-04-23 11:32:46,3112.4,775484
2021-04-23 11:32:47,3112.4,775484
2021-04-23 11:32:48,3112.0,775554
2021-04-23 11:32:49,3112.0,775554
2021-04-23 11:32:51,3113.45,775582
2021-04-23 11:32:51,3113.45,775582
2021-04-23 11:32:52,3113.45,775582
2021-04-23 11:32:53,3113.45,775582
2021-04-23 11:32:54,3112.4,775590
2021-04-23 11:32:55,3112.4,775591
2021-04-23 11:32:56,3112.4,775591
2021-04-23 11:32:57,3112.4,775591
2021-04-23 11:32:58,3112.2,775612
2021-04-23 11:32:59,3112.2,775612
2021-04-23 11:33:00,3113.05,775647
2021-04-23 11:33:01,3112.4,775648
2021-04-23 11:33:02,3112.1,775654
2021-04-23 11:33:04,3112.1,775654
2021-04-23 11:33:05,3112.1,775654
2021-04-23 11:33:05,3112.1,775654
2021-04-23 11:33:06,3113.2,775686
2021-04-23 11:33:07,3113.2,775686
2021-04-23 11:33:09,3113.15,775687
2021-04-23 11:33:10,3112.95,775691
2021-04-23 11:33:11,3112.95,775691
2021-04-23 11:33:12,3112.95,775691
2021-04-23 11:33:13,3112.1,775706
2021-04-23 11:33:15,3112.1,775706
2021-04-23 11:33:15,3112.1,775706
2021-04-23 11:33:16,3112.1,775786
2021-04-23 11:33:17,3112.1,775786
2021-04-23 11:33:18,3112.85,775794
2021-04-23 11:33:20,3112.1,775843
2021-04-23 11:33:21,3113.0,775854
2021-04-23 11:33:22,3113.0,775854
2021-04-23 11:33:23,3113.0,775857
2021-04-23 11:33:24,3112.1,775877
2021-04-23 11:33:25,3112.1,775884
2021-04-23 11:33:26,3112.1,775884
2021-04-23 11:33:27,3112.1,776024
2021-04-23 11:33:28,3112.1,776024
2021-04-23 11:33:29,3112.1,776036
2021-04-23 11:33:30,3112.9,776037
2021-04-23 11:33:32,3112.9,776037
2021-04-23 11:33:33,3112.95,776043
2021-04-23 11:33:33,3112.1,776046
2021-04-23 11:33:35,3112.1,776046
2021-04-23 11:33:36,3112.0,776173
2021-04-23 11:33:37,3112.0,776173
2021-04-23 11:33:38,3112.85,776213
2021-04-23 11:33:39,3112.85,776214
2021-04-23 11:33:40,3112.85,776215
2021-04-23 11:33:40,3112.85,776215
2021-04-23 11:33:41,3111.75,776519
2021-04-23 11:33:42,3111.75,776521
2021-04-23 11:33:43,3112.1,776523
2021-04-23 11:33:45,3111.0,776623
2021-04-23 11:33:46,3111.0,776623
2021-04-23 11:33:48,3111.0,776623
2021-04-23 11:33:49,3111.9,776625
2021-04-23 11:33:50,3111.05,776628
2021-04-23 11:33:50,3111.05,776628
2021-04-23 11:33:51,3111.0,776718
2021-04-23 11:33:52,3111.0,776827
2021-04-23 11:33:53,3111.4,776837
2021-04-23 11:33:54,3111.4,776837
2021-04-23 11:33:56,3111.0,776897
2021-04-23 11:33:57,3111.0,776897
2021-04-23 11:33:58,3111.0,776899
2021-04-23 11:33:59,3111.0,776899
2021-04-23 11:34:00,3111.4,776909
2021-04-23 11:34:01,3111.4,776912
2021-04-23 11:34:01,3111.4,776912
2021-04-23 11:34:03,3111.0,777112
2021-04-23 11:34:04,3111.4,777222
2021-04-23 11:34:05,3110.95,777242
2021-04-23 11:34:06,3110.6,777245
2021-04-23 11:34:07,3110.9,777246
2021-04-23 11:34:09,3110.9,777246
2021-04-23 11:34:10,3110.9,777246
2021-04-23 11:34:11,3110.6,777281
2021-04-23 11:34:12,3111.4,777292
2021-04-23 11:34:12,3111.4,777292
2021-04-23 11:34:13,3111.4,777292
2021-04-23 11:34:14,3110.6,777294
2021-04-23 11:34:15,3111.4,777323
2021-04-23 11:34:16,3110.6,777373
2021-04-23 11:34:17,3110.6,777373
2021-04-23 11:34:18,3110.6,777373
2021-04-23 11:34:20,3110.6,777373
2021-04-23 11:34:21,3110.6,777442
2021-04-23 11:34:22,3110.6,777445
2021-04-23 11:34:22,3110.6,777445
2021-04-23 11:34:23,3111.4,777447
2021-04-23 11:34:24,3110.6,777452
2021-04-23 11:34:25,3110.6,777452
2021-04-23 11:34:26,3110.6,777452
2021-04-23 11:34:27,3110.6,777452
2021-04-23 11:34:30,3110.6,777494
2021-04-23 11:34:31,3111.4,777496
2021-04-23 11:34:32,3110.6,777497
2021-04-23 11:34:32,3111.4,777496
2021-04-23 11:34:33,3110.6,777528
2021-04-23 11:34:34,3110.6,777528
2021-04-23 11:34:35,3110.6,777558
2021-04-23 11:34:36,3110.6,777558
2021-04-23 11:34:37,3111.0,777562
2021-04-23 11:34:38,3111.4,777602
2021-04-23 11:34:40,3111.4,777602
2021-04-23 11:34:42,3111.4,777658
2021-04-23 11:34:43,3111.4,777658
2021-04-23 11:34:44,3111.4,777658
2021-04-23 11:34:44,3111.4,777658
2021-04-23 11:34:45,3111.4,777658
2021-04-23 11:34:46,3110.6,777663
2021-04-23 11:34:47,3110.6,777716
2021-04-23 11:34:48,3110.6,777722
2021-04-23 11:34:49,3110.6,777726
2021-04-23 11:34:50,3110.5,777762
2021-04-23 11:34:51,3110.5,777764
2021-04-23 11:34:52,3110.35,777779
2021-04-23 11:34:54,3110.6,777784
2021-04-23 11:34:55,3111.35,777794
2021-04-23 11:34:56,3110.6,777795
2021-04-23 11:34:57,3110.6,777795
2021-04-23 11:34:57,3110.6,777795
2021-04-23 11:34:58,3110.6,777797
2021-04-23 11:34:59,3110.6,777797
2021-04-23 11:35:00,3110.6,777802
2021-04-23 11:35:01,3110.6,777802
2021-04-23 11:35:02,3110.15,777904
2021-04-23 11:35:03,3110.15,777904
2021-04-23 11:35:04,3110.15,777904
2021-04-23 11:35:06,3110.3,777909
2021-04-23 11:35:07,3110.2,777910
2021-04-23 11:35:08,3110.15,777920
2021-04-23 11:35:08,3110.15,777920
2021-04-23 11:35:09,3110.45,777921
2021-04-23 11:35:10,3111.4,777990
2021-04-23 11:35:12,3111.4,777990
2021-04-23 11:35:13,3111.4,777990
2021-04-23 11:35:14,3111.4,778000
2021-04-23 11:35:15,3111.4,778010
2021-04-23 11:35:16,3111.4,778010
2021-04-23 11:35:17,3110.3,778030
2021-04-23 11:35:17,3110.3,778030
2021-04-23 11:35:18,3110.3,778032
2021-04-23 11:35:19,3110.3,778032
2021-04-23 11:35:21,3110.25,778064
2021-04-23 11:35:22,3111.4,778065
2021-04-23 11:35:23,3111.4,778067
2021-04-23 11:35:24,3111.4,778067
2021-04-23 11:35:24,3111.4,778067
2021-04-23 11:35:25,3111.4,778067
2021-04-23 11:35:26,3110.25,778070
2021-04-23 11:35:28,3110.95,778072
2021-04-23 11:35:29,3111.0,778105
2021-04-23 11:35:30,3111.0,778105
2021-04-23 11:35:31,3111.0,778105
2021-04-23 11:35:33,3111.0,778105
2021-04-23 11:35:35,3110.4,778107
2021-04-23 11:35:36,3111.4,778135
2021-04-23 11:35:37,3111.4,778135
2021-04-23 11:35:38,3111.4,778136
2021-04-23 11:35:39,3111.4,778136
2021-04-23 11:35:40,3111.4,778138
2021-04-23 11:35:41,3111.4,778138
2021-04-23 11:35:42,3110.5,778141
2021-04-23 11:35:43,3110.5,778141
2021-04-23 11:35:44,3110.5,778146
2021-04-23 11:35:45,3110.5,778146
2021-04-23 11:35:46,3110.5,778146
2021-04-23 11:35:47,3110.5,778146
2021-04-23 11:35:48,3110.5,778146
2021-04-23 11:35:49,3110.5,778147
2021-04-23 11:35:50,3110.55,778199
2021-04-23 11:35:51,3110.55,778199
2021-04-23 11:35:52,3111.4,778207
2021-04-23 11:35:53,3111.4,778209
2021-04-23 11:35:54,3111.4,778217
2021-04-23 11:35:55,3111.4,778217
2021-04-23 11:35:56,3111.4,778217
2021-04-23 11:35:57,3111.4,778231
2021-04-23 11:35:58,3110.75,778345
2021-04-23 11:35:58,3111.4,778418
2021-04-23 11:35:59,3111.4,778418
2021-04-23 11:36:00,3111.4,778418
2021-04-23 11:36:01,3112.0,778468
2021-04-23 11:36:03,3112.0,778468
2021-04-23 11:36:04,3112.0,778473
2021-04-23 11:36:05,3112.0,778509
2021-04-23 11:36:05,3112.0,778483
2021-04-23 11:36:06,3111.7,778519
2021-04-23 11:36:07,3111.7,778539
2021-04-23 11:36:09,3111.7,778615
2021-04-23 11:36:10,3111.65,778616
2021-04-23 11:36:11,3111.4,778618
2021-04-23 11:36:12,3111.4,778618
2021-04-23 11:36:13,3111.4,778621
2021-04-23 11:36:14,3111.4,778621
2021-04-23 11:36:15,3111.4,778623
2021-04-23 11:36:16,3110.8,778683
2021-04-23 11:36:18,3111.4,778785
2021-04-23 11:36:18,3111.4,778785
2021-04-23 11:36:19,3111.4,778808
2021-04-23 11:36:20,3110.95,778839
2021-04-23 11:36:21,3111.0,778841
2021-04-23 11:36:22,3111.0,778841
2021-04-23 11:36:23,3111.9,778843
2021-04-23 11:36:24,3112.0,778943
2021-04-23 11:36:25,3112.0,778943
2021-04-23 11:36:26,3112.0,778943
2021-04-23 11:36:28,3111.7,778998
2021-04-23 11:36:29,3111.7,778998
2021-04-23 11:36:30,3111.7,779001
2021-04-23 11:36:31,3111.7,779001
2021-04-23 11:36:32,3112.5,779002
2021-04-23 11:36:33,3111.7,779053
2021-04-23 11:36:34,3111.7,779053
2021-04-23 11:36:35,3111.7,779053
2021-04-23 11:36:36,3111.85,779086
2021-04-23 11:36:36,3111.85,779061
2021-04-23 11:36:37,3111.85,779086
2021-04-23 11:36:38,3111.6,779088
2021-04-23 11:36:39,3111.6,779088
2021-04-23 11:36:41,3111.5,779134
2021-04-23 11:36:42,3111.5,779134
2021-04-23 11:36:43,3111.5,779134
2021-04-23 11:36:44,3111.5,779134
2021-04-23 11:36:45,3111.5,779134
2021-04-23 11:36:46,3111.25,779142
2021-04-23 11:36:47,3111.25,779142
2021-04-23 11:36:48,3111.25,779143
2021-04-23 11:36:49,3111.25,779143
2021-04-23 11:36:50,3112.0,779165
2021-04-23 11:36:52,3112.0,779165
2021-04-23 11:36:53,3112.5,779167
2021-04-23 11:36:54,3111.25,779181
2021-04-23 11:36:55,3111.25,779181
2021-04-23 11:36:55,3111.25,779181
2021-04-23 11:36:56,3111.25,779181
2021-04-23 11:36:58,3111.25,779181
2021-04-23 11:37:00,3111.25,779181
2021-04-23 11:37:01,3111.25,779181
2021-04-23 11:37:02,3111.3,779184
2021-04-23 11:37:03,3111.3,779184
2021-04-23 11:37:04,3111.3,779184
2021-04-23 11:37:05,3111.5,779194
2021-04-23 11:37:06,3112.35,779199
2021-04-23 11:37:07,3112.35,779199
2021-04-23 11:37:08,3112.5,779201
2021-04-23 11:37:09,3112.5,779201
2021-04-23 11:37:10,3112.35,779203
2021-04-23 11:37:11,3112.35,779204
2021-04-23 11:37:11,3112.35,779214
2021-04-23 11:37:12,3112.75,779484
2021-04-23 11:37:14,3112.75,779484
2021-04-23 11:37:15,3112.75,779484
2021-04-23 11:37:16,3112.35,779563
2021-04-23 11:37:17,3112.35,779563
2021-04-23 11:37:18,3111.95,779652
2021-04-23 11:37:19,3111.95,779652
2021-04-23 11:37:20,3111.95,779652
2021-04-23 11:37:21,3111.95,779697
2021-04-23 11:37:22,3111.95,779697
2021-04-23 11:37:23,3112.35,779699
2021-04-23 11:37:24,3112.75,779719
2021-04-23 11:37:25,3112.75,779722
2021-04-23 11:37:26,3112.0,779744
2021-04-23 11:37:27,3112.75,779769
2021-04-23 11:37:28,3112.75,779769
2021-04-23 11:37:29,3112.0,779809
2021-04-23 11:37:30,3112.0,779809
2021-04-23 11:37:31,3112.0,779809
2021-04-23 11:37:32,3112.9,779810
2021-04-23 11:37:33,3112.9,779810
2021-04-23 11:37:34,3111.95,779814
2021-04-23 11:37:35,3111.95,779814
2021-04-23 11:37:36,3111.95,779865
2021-04-23 11:37:37,3111.95,779865
2021-04-23 11:37:38,3112.75,779866
2021-04-23 11:37:39,3112.75,779866
2021-04-23 11:37:40,3112.85,779891
2021-04-23 11:37:41,3112.85,779891
2021-04-23 11:37:42,3111.95,779893
2021-04-23 11:37:43,3112.75,779918
2021-04-23 11:37:44,3112.75,779918
2021-04-23 11:37:44,3112.75,779918
2021-04-23 11:37:45,3112.0,779945
2021-04-23 11:37:46,3112.0,779945
2021-04-23 11:37:47,3112.0,779945
2021-04-23 11:37:49,3112.0,779945
2021-04-23 11:37:50,3112.0,779948
2021-04-23 11:37:51,3112.0,780011
2021-04-23 11:37:52,3112.0,780011
2021-04-23 11:37:54,3113.0,780014
2021-04-23 11:37:55,3113.0,780014
2021-04-23 11:37:56,3111.9,780114
2021-04-23 11:37:57,3111.9,780114
2021-04-23 11:37:58,3111.9,780116
2021-04-23 11:37:59,3111.9,780156
2021-04-23 11:38:00,3111.9,780157
2021-04-23 11:38:01,3112.95,780192
2021-04-23 11:38:02,3111.9,780217
2021-04-23 11:38:03,3111.9,780217
2021-04-23 11:38:04,3111.9,780232
2021-04-23 11:38:05,3111.9,780232
2021-04-23 11:38:06,3111.9,780352
2021-04-23 11:38:07,3112.75,780354
2021-04-23 11:38:08,3112.85,780355
2021-04-23 11:38:09,3112.85,780355
2021-04-23 11:38:09,3112.85,780355
2021-04-23 11:38:11,3112.85,780355
2021-04-23 11:38:12,3112.85,780355
2021-04-23 11:38:13,3112.85,780355
2021-04-23 11:38:14,3111.95,780357
2021-04-23 11:38:15,3111.95,780357
2021-04-23 11:38:16,3111.95,780382
2021-04-23 11:38:17,3112.5,780383
2021-04-23 11:38:18,3112.5,780383
2021-04-23 11:38:19,3111.95,780386
2021-04-23 11:38:20,3111.7,780564
2021-04-23 11:38:22,3111.65,780757
2021-04-23 11:38:23,3111.65,780784
2021-04-23 11:38:24,3111.7,780805
2021-04-23 11:38:25,3111.75,780806
2021-04-23 11:38:26,3111.8,780808
2021-04-23 11:38:27,3111.85,780833
2021-04-23 11:38:28,3111.85,780833
2021-04-23 11:38:29,3111.85,780833
2021-04-23 11:38:30,3111.0,780835
2021-04-23 11:38:31,3111.0,780835
2021-04-23 11:38:32,3111.0,780835
2021-04-23 11:38:33,3111.0,780877
2021-04-23 11:38:34,3111.0,780918
2021-04-23 11:38:35,3111.3,780923
2021-04-23 11:38:35,3111.0,780924
2021-04-23 11:38:36,3110.9,780925
2021-04-23 11:38:39,3110.85,781091
2021-04-23 11:38:40,3110.9,781095
2021-04-23 11:38:41,3110.85,781176
2021-04-23 11:38:42,3110.85,781204
2021-04-23 11:38:43,3110.25,781332
2021-04-23 11:38:44,3110.25,781712
2021-04-23 11:38:45,3110.25,781712
2021-04-23 11:38:46,3110.25,781714
2021-04-23 11:38:47,3110.9,781721
2021-04-23 11:38:48,3110.9,781721
2021-04-23 11:38:49,3110.25,781731
2021-04-23 11:38:49,3110.25,781731
2021-04-23 11:38:50,3110.25,781732
2021-04-23 11:38:51,3110.25,781832
2021-04-23 11:38:52,3110.75,781887
2021-04-23 11:38:54,3110.25,781993
2021-04-23 11:38:55,3110.25,782093
2021-04-23 11:38:56,3110.25,782193
2021-04-23 11:38:57,3110.9,782243
2021-04-23 11:38:58,3110.9,782243
2021-04-23 11:38:59,3110.25,782393
2021-04-23 11:39:00,3110.25,782398
2021-04-23 11:39:01,3110.95,782419
2021-04-23 11:39:02,3110.25,782421
2021-04-23 11:39:03,3110.25,782428
2021-04-23 11:39:04,3110.25,782438
2021-04-23 11:39:05,3110.25,782440
2021-04-23 11:39:06,3110.25,782971
2021-04-23 11:39:07,3110.25,782971
2021-04-23 11:39:08,3110.9,782972
2021-04-23 11:39:09,3110.95,782974
2021-04-23 11:39:10,3110.25,782977
2021-04-23 11:39:11,3110.7,783002
2021-04-23 11:39:12,3110.25,783012
2021-04-23 11:39:13,3110.25,783012
2021-04-23 11:39:14,3110.25,783012
2021-04-23 11:39:15,3110.25,783012
2021-04-23 11:39:16,3110.25,783209
2021-04-23 11:39:17,3110.25,783318
2021-04-23 11:39:18,3110.05,783320
2021-04-23 11:39:19,3110.05,783320
2021-04-23 11:39:20,3110.05,783350
2021-04-23 11:39:21,3110.05,783445
2021-04-23 11:39:22,3110.5,783507
2021-04-23 11:39:23,3110.15,783540
2021-04-23 11:39:24,3110.15,783540
2021-04-23 11:39:25,3110.85,783544
2021-04-23 11:39:26,3110.15,783570
2021-04-23 11:39:27,3110.85,783571
2021-04-23 11:39:28,3111.0,783596
2021-04-23 11:39:29,3111.0,783596
2021-04-23 11:39:30,3110.0,783746
2021-04-23 11:39:31,3111.0,783751
2021-04-23 11:39:32,3111.0,783751
2021-04-23 11:39:33,3111.0,783751
2021-04-23 11:39:34,3110.05,783753
2021-04-23 11:39:35,3110.05,783758
2021-04-23 11:39:36,3110.0,783868
2021-04-23 11:39:37,3110.0,783868
2021-04-23 11:39:38,3111.0,783869
2021-04-23 11:39:39,3111.0,783869
2021-04-23 11:39:40,3111.0,783870
2021-04-23 11:39:41,3111.0,783870
2021-04-23 11:39:42,3110.05,783874
2021-04-23 11:39:43,3110.05,783874
2021-04-23 11:39:44,3111.0,783880
2021-04-23 11:39:45,3111.0,783880
2021-04-23 11:39:46,3110.05,783905
2021-04-23 11:39:47,3110.05,783939
2021-04-23 11:39:48,3110.05,783939
2021-04-23 11:39:49,3110.05,783939
2021-04-23 11:39:50,3110.05,783962
2021-04-23 11:39:51,3110.0,783973
2021-04-23 11:39:52,3110.0,783973
2021-04-23 11:39:53,3111.2,783974
2021-04-23 11:39:54,3111.2,783974
2021-04-23 11:39:55,3111.5,783975
2021-04-23 11:39:56,3111.5,783975
2021-04-23 11:39:57,3111.5,783977
2021-04-23 11:39:58,3111.3,783980
2021-04-23 11:39:59,3111.3,783980
2021-04-23 11:40:00,3111.3,783980
2021-04-23 11:40:01,3111.3,783980
2021-04-23 11:40:02,3110.3,784107
2021-04-23 11:40:03,3111.3,784110
2021-04-23 11:40:04,3111.3,784110
2021-04-23 11:40:05,3111.3,784110
2021-04-23 11:40:06,3110.2,784121
2021-04-23 11:40:07,3110.2,784124
2021-04-23 11:40:08,3110.2,784128
2021-04-23 11:40:09,3111.4,784173
2021-04-23 11:40:10,3111.4,784173
2021-04-23 11:40:11,3111.4,784173
2021-04-23 11:40:12,3110.25,784174
2021-04-23 11:40:13,3110.25,784175
2021-04-23 11:40:14,3110.1,784682
2021-04-23 11:40:15,3110.1,784682
2021-04-23 11:40:16,3110.1,784682
2021-04-23 11:40:17,3110.2,784695
2021-04-23 11:40:18,3110.3,784699
2021-04-23 11:40:19,3110.3,784699
2021-04-23 11:40:20,3110.2,784704
2021-04-23 11:40:21,3110.2,784805
2021-04-23 11:40:22,3110.0,785058
2021-04-23 11:40:23,3110.0,785058
2021-04-23 11:40:24,3110.0,785058
2021-04-23 11:40:25,3110.2,785059
2021-04-23 11:40:26,3110.2,785059
2021-04-23 11:40:27,3110.2,785070
2021-04-23 11:40:28,3110.2,785070
2021-04-23 11:40:29,3110.2,785070
2021-04-23 11:40:30,3110.2,785074
2021-04-23 11:40:31,3110.2,785074
2021-04-23 11:40:32,3110.05,785076
2021-04-23 11:40:33,3110.95,785096
2021-04-23 11:40:34,3110.95,785097
2021-04-23 11:40:35,3110.95,785097
2021-04-23 11:40:36,3110.0,785150
2021-04-23 11:40:37,3110.0,785150
2021-04-23 11:40:38,3110.95,785153
2021-04-23 11:40:39,3110.95,785153
2021-04-23 11:40:40,3110.95,785153
2021-04-23 11:40:41,3110.95,785153
2021-04-23 11:40:42,3110.95,785153
2021-04-23 11:40:43,3110.95,785153
2021-04-23 11:40:44,3110.2,785158
2021-04-23 11:40:45,3110.2,785158
2021-04-23 11:40:46,3110.2,785161
2021-04-23 11:40:47,3110.2,785161
2021-04-23 11:40:48,3110.2,785161
2021-04-23 11:40:49,3110.2,785166
2021-04-23 11:40:50,3110.2,785166
2021-04-23 11:40:51,3110.2,785180
2021-04-23 11:40:52,3110.2,785180
2021-04-23 11:40:53,3110.8,785191
2021-04-23 11:40:54,3110.9,785193
2021-04-23 11:40:55,3110.8,785211
2021-04-23 11:40:56,3110.8,785211
2021-04-23 11:40:57,3110.8,785211
2021-04-23 11:40:58,3110.95,785213
2021-04-23 11:40:59,3110.95,785213
2021-04-23 11:41:00,3110.95,785213
2021-04-23 11:41:01,3110.95,785214
2021-04-23 11:41:02,3110.8,785217
2021-04-23 11:41:03,3110.8,785217
2021-04-23 11:41:04,3110.8,785217
2021-04-23 11:41:05,3111.0,785439
2021-04-23 11:41:06,3110.8,785451
2021-04-23 11:41:07,3110.8,785451
2021-04-23 11:41:08,3111.0,785452
2021-04-23 11:41:09,3111.0,785452
2021-04-23 11:41:10,3111.2,785469
2021-04-23 11:41:11,3110.8,785489
2021-04-23 11:41:12,3110.8,785489
2021-04-23 11:41:13,3110.8,785489
2021-04-23 11:41:14,3110.8,785489
2021-04-23 11:41:15,3110.8,785489
2021-04-23 11:41:16,3111.2,785493
2021-04-23 11:41:17,3111.2,785493
2021-04-23 11:41:18,3110.8,785496
2021-04-23 11:41:19,3110.8,785496
2021-04-23 11:41:20,3110.8,785496
2021-04-23 11:41:21,3110.75,785524
2021-04-23 11:41:22,3110.75,785524
2021-04-23 11:41:23,3110.75,785524
2021-04-23 11:41:24,3110.7,785525
2021-04-23 11:41:25,3110.7,785532
2021-04-23 11:41:26,3110.8,785546
2021-04-23 11:41:27,3110.75,785547
2021-04-23 11:41:28,3110.75,785550
2021-04-23 11:41:29,3110.75,785550
2021-04-23 11:41:30,3110.75,785550
2021-04-23 11:41:31,3110.75,785551
2021-04-23 11:41:32,3110.55,785554
2021-04-23 11:41:33,3110.55,785565
2021-04-23 11:41:34,3110.5,785593
2021-04-23 11:41:35,3110.2,785617
2021-04-23 11:41:36,3110.2,785626
2021-04-23 11:41:37,3110.0,785656
2021-04-23 11:41:38,3110.0,785675
2021-04-23 11:41:39,3110.0,786019
2021-04-23 11:41:41,3110.0,786019
2021-04-23 11:41:42,3110.2,786020
2021-04-23 11:41:43,3110.0,786067
2021-04-23 11:41:44,3110.0,786067
2021-04-23 11:41:45,3110.0,786067
2021-04-23 11:41:46,3110.0,786067
2021-04-23 11:41:48,3110.0,786072
2021-04-23 11:41:48,3110.0,786072
2021-04-23 11:41:49,3110.0,787417
2021-04-23 11:41:50,3110.05,787614
2021-04-23 11:41:51,3109.95,787978
2021-04-23 11:41:52,3109.0,789340
2021-04-23 11:41:53,3109.0,789340
2021-04-23 11:41:54,3109.0,789340
2021-04-23 11:41:55,3108.0,789359
2021-04-23 11:41:56,3108.0,789381
2021-04-23 11:41:57,3108.0,789381
2021-04-23 11:41:58,3108.0,789383
2021-04-23 11:41:59,3108.0,789433
2021-04-23 11:42:00,3108.0,789567
2021-04-23 11:42:01,3108.0,789741
2021-04-23 11:42:02,3108.0,789809
2021-04-23 11:42:03,3108.4,790005
2021-04-23 11:42:04,3106.0,790720
2021-04-23 11:42:05,3106.05,790752
2021-04-23 11:42:06,3106.0,791313
2021-04-23 11:42:08,3105.65,791680
2021-04-23 11:42:09,3106.8,791813
2021-04-23 11:42:10,3107.55,792614
2021-04-23 11:42:11,3106.7,792675
2021-04-23 11:42:12,3106.3,792690
2021-04-23 11:42:13,3106.0,792712
2021-04-23 11:42:15,3106.0,792713
2021-04-23 11:42:15,3106.0,792713
2021-04-23 11:42:16,3106.0,792726
2021-04-23 11:42:17,3106.1,792811
2021-04-23 11:42:18,3106.1,793004
2021-04-23 11:42:19,3106.1,793067
2021-04-23 11:42:20,3106.8,793076
2021-04-23 11:42:21,3106.15,793126
2021-04-23 11:42:23,3106.15,793165
2021-04-23 11:42:24,3107.6,793592
2021-04-23 11:42:25,3107.6,793592
2021-04-23 11:42:26,3107.45,793600
2021-04-23 11:42:27,3107.0,793625
2021-04-23 11:42:28,3107.0,793690
2021-04-23 11:42:29,3107.0,793695
2021-04-23 11:42:30,3107.0,793747
2021-04-23 11:42:31,3107.0,793797
2021-04-23 11:42:32,3107.0,794153
2021-04-23 11:42:33,3107.0,794153
2021-04-23 11:42:34,3107.0,794153
2021-04-23 11:42:35,3107.0,794161
2021-04-23 11:42:36,3106.15,794246
2021-04-23 11:42:38,3106.75,794265
2021-04-23 11:42:39,3106.9,794376
2021-04-23 11:42:40,3106.9,794376
2021-04-23 11:42:41,3107.0,794476
2021-04-23 11:42:42,3107.0,794476
2021-04-23 11:42:43,3107.0,794476
2021-04-23 11:42:44,3107.0,794504
2021-04-23 11:42:45,3106.95,794532
2021-04-23 11:42:46,3106.95,794603
2021-04-23 11:42:47,3106.95,794603
2021-04-23 11:42:48,3106.95,794603
2021-04-23 11:42:49,3106.95,794624
2021-04-23 11:42:50,3106.15,794636
2021-04-23 11:42:51,3106.1,794756
2021-04-23 11:42:52,3106.1,794756
2021-04-23 11:42:53,3106.1,794760
2021-04-23 11:42:54,3106.1,794918
2021-04-23 11:42:55,3106.1,794918
2021-04-23 11:42:56,3106.1,794923
2021-04-23 11:42:58,3106.0,794993
2021-04-23 11:42:58,3106.0,795369
2021-04-23 11:42:59,3105.5,795389
2021-04-23 11:43:00,3105.9,795537
2021-04-23 11:43:01,3105.5,795557
2021-04-23 11:43:02,3105.95,795564
2021-04-23 11:43:03,3105.5,795714
2021-04-23 11:43:04,3106.65,796266
2021-04-23 11:43:05,3105.5,796272
2021-04-23 11:43:07,3106.6,796274
2021-04-23 11:43:07,3106.6,796274
2021-04-23 11:43:08,3105.55,796302
2021-04-23 11:43:09,3105.55,796302
2021-04-23 11:43:10,3105.5,796342
2021-04-23 11:43:11,3105.65,796343
2021-04-23 11:43:12,3105.65,796343
2021-04-23 11:43:13,3105.65,796344
2021-04-23 11:43:14,3105.65,796345
2021-04-23 11:43:15,3105.95,796403
2021-04-23 11:43:16,3105.95,796403
2021-04-23 11:43:17,3105.95,796403
2021-04-23 11:43:18,3105.9,796407
2021-04-23 11:43:19,3105.75,796408
2021-04-23 11:43:20,3105.25,796418
2021-04-23 11:43:21,3105.0,797560
2021-04-23 11:43:22,3105.0,797567
2021-04-23 11:43:23,3105.15,797901
2021-04-23 11:43:24,3105.15,797942
2021-04-23 11:43:25,3105.0,798293
2021-04-23 11:43:26,3105.25,798296
2021-04-23 11:43:27,3105.5,798317
2021-04-23 11:43:28,3105.5,798317
2021-04-23 11:43:31,3105.65,798367
2021-04-23 11:43:32,3105.65,798367
2021-04-23 11:43:33,3105.3,798492
2021-04-23 11:43:34,3105.3,798494
2021-04-23 11:43:35,3105.3,798494
2021-04-23 11:43:36,3105.2,798883
2021-04-23 11:43:37,3106.15,798898
2021-04-23 11:43:38,3106.15,798898
2021-04-23 11:43:39,3106.15,798898
2021-04-23 11:43:40,3106.15,798898
2021-04-23 11:43:41,3106.35,798924
2021-04-23 11:43:42,3105.35,798927
2021-04-23 11:43:43,3106.4,799064
2021-04-23 11:43:44,3106.4,799064
2021-04-23 11:43:45,3106.4,799064
2021-04-23 11:43:46,3106.4,799064
2021-04-23 11:43:47,3106.4,799641
2021-04-23 11:43:48,3106.4,799681
2021-04-23 11:43:49,3106.4,799681
2021-04-23 11:43:50,3106.5,799689
2021-04-23 11:43:51,3106.4,799818
2021-04-23 11:43:53,3106.6,799826
2021-04-23 11:43:54,3106.6,799826
2021-04-23 11:43:55,3106.6,799826
2021-04-23 11:43:56,3106.6,799826
2021-04-23 11:43:57,3106.4,799827
2021-04-23 11:43:57,3106.4,799827
2021-04-23 11:43:58,3106.4,799830
2021-04-23 11:43:59,3106.4,799981
2021-04-23 11:44:00,3106.4,800306
2021-04-23 11:44:01,3106.0,800421
2021-04-23 11:44:02,3105.0,800719
2021-04-23 11:44:03,3105.85,800731
2021-04-23 11:44:04,3105.0,800743
2021-04-23 11:44:05,3105.0,800743
2021-04-23 11:44:06,3105.0,800931
2021-04-23 11:44:07,3105.9,800934
2021-04-23 11:44:08,3105.95,800943
2021-04-23 11:44:09,3105.95,800943
2021-04-23 11:44:10,3105.0,800976
2021-04-23 11:44:11,3105.0,800976
2021-04-23 11:44:12,3105.9,800978
2021-04-23 11:44:13,3105.0,800988
2021-04-23 11:44:14,3105.35,800989
2021-04-23 11:44:16,3105.35,800989
2021-04-23 11:44:17,3105.3,801031
2021-04-23 11:44:18,3105.3,801031
2021-04-23 11:44:18,3105.3,801031
2021-04-23 11:44:19,3105.0,801051
2021-04-23 11:44:20,3105.35,801054
2021-04-23 11:44:21,3105.85,801460
2021-04-23 11:44:22,3105.0,801617
2021-04-23 11:44:23,3105.85,801619
2021-04-23 11:44:25,3105.8,801659
2021-04-23 11:44:25,3105.8,801659
2021-04-23 11:44:26,3105.8,801660
2021-04-23 11:44:27,3105.0,801860
2021-04-23 11:44:28,3105.85,801866
2021-04-23 11:44:29,3105.05,801875
2021-04-23 11:44:30,3105.05,801875
2021-04-23 11:44:31,3105.9,801876
2021-04-23 11:44:33,3105.05,801877
2021-04-23 11:44:34,3105.85,801879
2021-04-23 11:44:34,3105.85,801879
2021-04-23 11:44:35,3105.1,801926
2021-04-23 11:44:36,3105.0,804160
2021-04-23 11:44:37,3105.1,804310
2021-04-23 11:44:38,3103.5,816730
2021-04-23 11:44:39,3102.75,816788
2021-04-23 11:44:40,3102.75,817051
2021-04-23 11:44:41,3102.35,817269
2021-04-23 11:44:42,3102.55,817291
2021-04-23 11:44:43,3103.5,817295
2021-04-23 11:44:44,3102.6,817300
2021-04-23 11:44:45,3103.5,817320
2021-04-23 11:44:46,3102.05,817348
2021-04-23 11:44:48,3102.05,817348
2021-04-23 11:44:48,3102.05,817348
2021-04-23 11:44:49,3102.8,817350
2021-04-23 11:44:50,3102.3,817379
2021-04-23 11:44:51,3102.0,819008
2021-04-23 11:44:52,3102.3,819175
2021-04-23 11:44:53,3102.2,819205
2021-04-23 11:44:54,3102.25,819329
2021-04-23 11:44:55,3102.2,819391
2021-04-23 11:44:56,3101.4,819782
2021-04-23 11:44:57,3102.05,819826
2021-04-23 11:44:58,3102.05,819826
2021-04-23 11:44:59,3102.2,819829
2021-04-23 11:45:00,3102.1,819891
2021-04-23 11:45:01,3102.2,819951
2021-04-23 11:45:03,3102.7,820019
2021-04-23 11:45:04,3102.7,820019
2021-04-23 11:45:06,3102.05,820264
2021-04-23 11:45:07,3102.0,820329
2021-04-23 11:45:08,3102.0,820346
2021-04-23 11:45:08,3102.0,820347
2021-04-23 11:45:09,3102.0,820367
2021-04-23 11:45:10,3101.35,820483
2021-04-23 11:45:11,3101.25,820504
2021-04-23 11:45:12,3101.0,820614
2021-04-23 11:45:13,3101.25,820632
2021-04-23 11:45:14,3101.0,820712
2021-04-23 11:45:15,3101.25,820713
2021-04-23 11:45:16,3101.3,820793
2021-04-23 11:45:17,3101.1,820801
2021-04-23 11:45:18,3101.4,820986
2021-04-23 11:45:20,3101.4,821001
2021-04-23 11:45:20,3101.4,820986
2021-04-23 11:45:21,3101.4,821001
2021-04-23 11:45:22,3102.0,821237
2021-04-23 11:45:23,3101.35,821243
2021-04-23 11:45:24,3102.9,821395
2021-04-23 11:45:25,3101.7,821407
2021-04-23 11:45:27,3101.75,821440
2021-04-23 11:45:27,3101.75,821440
2021-04-23 11:45:28,3101.75,821443
2021-04-23 11:45:29,3101.75,821443
2021-04-23 11:45:30,3101.75,821446
2021-04-23 11:45:31,3102.95,821456
2021-04-23 11:45:33,3102.1,821558
2021-04-23 11:45:34,3103.05,821572
2021-04-23 11:45:35,3103.05,821617
2021-04-23 11:45:36,3103.35,821752
2021-04-23 11:45:37,3103.35,821752
2021-04-23 11:45:38,3103.5,821803
2021-04-23 11:45:39,3103.5,821803
2021-04-23 11:45:40,3103.45,821804
2021-04-23 11:45:42,3102.1,821862
2021-04-23 11:45:43,3103.45,821863
2021-04-23 11:45:44,3103.45,821863
2021-04-23 11:45:45,3102.1,822206
2021-04-23 11:45:46,3103.45,822268
2021-04-23 11:45:47,3103.05,822272
2021-04-23 11:45:48,3103.05,822272
2021-04-23 11:45:48,3103.05,822272
2021-04-23 11:45:49,3103.05,822283
2021-04-23 11:45:50,3103.05,822286
2021-04-23 11:45:51,3102.95,822466
2021-04-23 11:45:52,3103.45,822488
2021-04-23 11:45:53,3103.45,822488
2021-04-23 11:45:54,3102.75,822638
2021-04-23 11:45:55,3103.45,822647
2021-04-23 11:45:56,3103.5,822658
2021-04-23 11:45:57,3103.45,822680
2021-04-23 11:45:58,3103.5,822693
2021-04-23 11:45:59,3103.45,822704
2021-04-23 11:46:00,3103.5,822762
2021-04-23 11:46:01,3103.5,822767
2021-04-23 11:46:02,3103.5,822768
2021-04-23 11:46:03,3103.45,822820
2021-04-23 11:46:05,3103.0,822880
2021-04-23 11:46:06,3103.5,822907
2021-04-23 11:46:07,3103.0,823087
2021-04-23 11:46:08,3103.5,823248
2021-04-23 11:46:09,3103.5,823248
2021-04-23 11:46:10,3103.5,823248
2021-04-23 11:46:11,3103.5,823248
2021-04-23 11:46:12,3103.5,823252
2021-04-23 11:46:13,3103.45,823387
2021-04-23 11:46:14,3103.05,823389
2021-04-23 11:46:15,3102.2,823970
2021-04-23 11:46:16,3103.0,824001
2021-04-23 11:46:16,3103.0,824013
2021-04-23 11:46:17,3103.0,824013
2021-04-23 11:46:18,3103.0,824119
2021-04-23 11:46:19,3102.2,824319
2021-04-23 11:46:20,3102.2,824319
2021-04-23 11:46:21,3102.2,824499
2021-04-23 11:46:22,3102.95,824507
2021-04-23 11:46:23,3102.2,824613
2021-04-23 11:46:24,3102.2,824616
2021-04-23 11:46:26,3102.2,824616
2021-04-23 11:46:27,3103.0,824634
2021-04-23 11:46:28,3102.95,824796
2021-04-23 11:46:29,3103.0,824805
2021-04-23 11:46:30,3102.2,824807
2021-04-23 11:46:31,3102.2,824809
2021-04-23 11:46:31,3102.2,824809
2021-04-23 11:46:32,3102.2,824839
2021-04-23 11:46:34,3102.2,824839
2021-04-23 11:46:35,3102.8,825083
2021-04-23 11:46:36,3102.2,825275
2021-04-23 11:46:37,3102.05,825555
2021-04-23 11:46:38,3102.05,825558
2021-04-23 11:46:39,3102.05,825558
2021-04-23 11:46:40,3102.7,825798
2021-04-23 11:46:41,3102.7,825798
2021-04-23 11:46:42,3102.7,825798
2021-04-23 11:46:43,3102.95,826083
2021-04-23 11:46:44,3102.2,826093
2021-04-23 11:46:44,3102.2,826093
2021-04-23 11:46:45,3102.95,826113
2021-04-23 11:46:46,3102.2,826115
2021-04-23 11:46:47,3102.2,826115
2021-04-23 11:46:49,3103.0,826122
2021-04-23 11:46:49,3103.0,826122
2021-04-23 11:46:50,3103.0,826122
2021-04-23 11:46:52,3102.6,826129
2021-04-23 11:46:53,3102.6,826139
2021-04-23 11:46:54,3102.2,826151
2021-04-23 11:46:55,3102.2,826520
2021-04-23 11:46:56,3102.95,826709
2021-04-23 11:46:56,3102.95,826684
2021-04-23 11:46:57,3102.95,826709
2021-04-23 11:46:58,3102.2,826732
2021-04-23 11:46:59,3102.2,826732
2021-04-23 11:47:01,3102.85,826734
2021-04-23 11:47:02,3102.2,826751
2021-04-23 11:47:04,3102.95,826754
2021-04-23 11:47:05,3102.95,826765
2021-04-23 11:47:06,3102.6,826876
2021-04-23 11:47:07,3102.5,826879
2021-04-23 11:47:08,3102.5,826881
2021-04-23 11:47:08,3102.5,826881
2021-04-23 11:47:09,3102.2,826981
2021-04-23 11:47:10,3102.5,826992
2021-04-23 11:47:11,3102.25,827007
2021-04-23 11:47:12,3102.2,827008
2021-04-23 11:47:13,3102.2,827008
2021-04-23 11:47:14,3102.25,827048
2021-04-23 11:47:15,3102.0,827098
2021-04-23 11:47:17,3102.3,827126
2021-04-23 11:47:18,3102.25,827128
2021-04-23 11:47:19,3102.3,827141
2021-04-23 11:47:20,3102.3,827145
2021-04-23 11:47:21,3102.2,827170
2021-04-23 11:47:22,3102.2,827170
2021-04-23 11:47:23,3102.15,827197
2021-04-23 11:47:24,3102.15,827208
2021-04-23 11:47:25,3102.15,827208
2021-04-23 11:47:26,3102.0,827299
2021-04-23 11:47:27,3102.0,827299
2021-04-23 11:47:27,3102.0,827349
2021-04-23 11:47:28,3102.1,827380
2021-04-23 11:47:29,3102.05,827383
2021-04-23 11:47:30,3102.05,827383
2021-04-23 11:47:31,3102.0,827488
2021-04-23 11:47:32,3102.0,827488
2021-04-23 11:47:34,3102.0,827542
2021-04-23 11:47:35,3102.0,827717
2021-04-23 11:47:36,3102.0,827897
2021-04-23 11:47:37,3102.1,827902
2021-04-23 11:47:38,3102.8,827906
2021-04-23 11:47:39,3102.8,827906
2021-04-23 11:47:40,3102.8,827906
2021-04-23 11:47:41,3102.8,827906
2021-04-23 11:47:42,3102.8,827914
2021-04-23 11:47:44,3102.75,827915
2021-04-23 11:47:45,3102.15,827920
2021-04-23 11:47:47,3102.15,827920
2021-04-23 11:47:48,3102.15,827942
2021-04-23 11:47:49,3102.8,827944
2021-04-23 11:47:50,3102.2,827946
2021-04-23 11:47:51,3102.1,828129
2021-04-23 11:47:52,3103.0,828243
2021-04-23 11:47:53,3102.15,828244
2021-04-23 11:47:54,3102.15,828244
2021-04-23 11:47:55,3102.15,828244
2021-04-23 11:47:56,3102.15,828244
2021-04-23 11:47:57,3102.15,828244
2021-04-23 11:47:57,3102.15,828244
2021-04-23 11:47:58,3102.8,828247
2021-04-23 11:47:59,3102.05,828449
2021-04-23 11:48:00,3102.05,828449
2021-04-23 11:48:02,3102.1,828638
2021-04-23 11:48:03,3102.1,828668
2021-04-23 11:48:04,3102.1,828670
2021-04-23 11:48:05,3102.1,828691
2021-04-23 11:48:06,3102.0,828793
2021-04-23 11:48:07,3102.0,828793
2021-04-23 11:48:08,3102.95,828794
2021-04-23 11:48:09,3102.95,828794
2021-04-23 11:48:10,3103.0,828844
2021-04-23 11:48:11,3103.0,828844
2021-04-23 11:48:12,3103.0,828847
2021-04-23 11:48:12,3103.0,828847
2021-04-23 11:48:13,3103.0,828847
2021-04-23 11:48:15,3102.1,828870
2021-04-23 11:48:16,3102.1,828870
2021-04-23 11:48:17,3102.1,828870
2021-04-23 11:48:18,3103.0,828945
2021-04-23 11:48:19,3103.0,828947
2021-04-23 11:48:20,3103.0,828947
2021-04-23 11:48:21,3102.05,829127
2021-04-23 11:48:22,3103.0,829131
2021-04-23 11:48:23,3103.0,829136
2021-04-23 11:48:24,3103.0,829136
2021-04-23 11:48:25,3103.0,829136
2021-04-23 11:48:26,3103.0,829178
2021-04-23 11:48:27,3103.0,829178
2021-04-23 11:48:28,3103.0,829178
2021-04-23 11:48:29,3103.0,829193
2021-04-23 11:48:30,3103.0,829221
2021-04-23 11:48:31,3103.0,829222
2021-04-23 11:48:33,3103.55,829627
2021-04-23 11:48:33,3104.5,829630
2021-04-23 11:48:35,3104.5,829631
2021-04-23 11:48:36,3104.45,829885
2021-04-23 11:48:37,3103.9,829961
2021-04-23 11:48:38,3104.45,829964
2021-04-23 11:48:39,3104.45,830060
2021-04-23 11:48:39,3104.45,830060
2021-04-23 11:48:40,3104.95,830061
2021-04-23 11:48:41,3104.95,830061
2021-04-23 11:48:42,3105.0,830065
2021-04-23 11:48:43,3104.45,830066
2021-04-23 11:48:45,3104.45,830069
2021-04-23 11:48:46,3104.45,830072
2021-04-23 11:48:47,3104.45,830072
2021-04-23 11:48:48,3104.45,830072
2021-04-23 11:48:49,3104.45,830072
2021-04-23 11:48:50,3104.45,830072
2021-04-23 11:48:51,3104.4,830112
2021-04-23 11:48:52,3104.4,830113
2021-04-23 11:48:53,3103.0,830504
2021-04-23 11:48:53,3103.0,830504
2021-04-23 11:48:54,3103.5,830506
2021-04-23 11:48:55,3103.5,830506
2021-04-23 11:48:57,3103.5,830620
2021-04-23 11:48:58,3103.5,830620
2021-04-23 11:48:59,3103.4,830622
2021-04-23 11:49:00,3103.4,830627
2021-04-23 11:49:01,3103.45,830694
2021-04-23 11:49:02,3103.0,830697
2021-04-23 11:49:03,3103.45,830747
2021-04-23 11:49:04,3103.45,830747
2021-04-23 11:49:05,3103.45,830747
2021-04-23 11:49:06,3103.0,830830
2021-04-23 11:49:06,3103.0,830830
2021-04-23 11:49:07,3103.0,830841
2021-04-23 11:49:09,3103.45,830863
2021-04-23 11:49:10,3103.4,831214
2021-04-23 11:49:11,3103.4,831214
2021-04-23 11:49:11,3103.4,831214
2021-04-23 11:49:12,3103.4,831214
2021-04-23 11:49:13,3103.4,831214
2021-04-23 11:49:14,3103.4,831214
2021-04-23 11:49:15,3103.4,831214
2021-04-23 11:49:16,3103.4,831214
2021-04-23 11:49:18,3103.5,831223
2021-04-23 11:49:19,3104.6,831235
2021-04-23 11:49:20,3103.5,831271
2021-04-23 11:49:21,3103.4,831361
2021-04-23 11:49:22,3103.4,831361
2021-04-23 11:49:23,3103.4,831361
2021-04-23 11:49:24,3103.5,831366
2021-04-23 11:49:25,3103.5,831366
2021-04-23 11:49:26,3103.4,831368
2021-04-23 11:49:26,3103.4,831368
2021-04-23 11:49:27,3103.4,831368
2021-04-23 11:49:29,3103.4,831373
2021-04-23 11:49:30,3103.0,831428
2021-04-23 11:49:31,3103.0,831428
2021-04-23 11:49:32,3103.4,831430
2021-04-23 11:49:33,3103.0,831447
2021-04-23 11:49:33,3103.35,831444
2021-04-23 11:49:34,3103.0,831448
2021-04-23 11:49:35,3103.0,831448
2021-04-23 11:49:37,3103.35,831580
