timestamp,ltp,volume
2021-04-23 10:59:58,484.35,4900301
2021-04-23 10:59:59,484.35,4901111
2021-04-23 11:00:00,484.5,4901180
2021-04-23 11:00:01,484.5,4901233
2021-04-23 11:00:02,484.5,4901266
2021-04-23 11:00:03,484.5,4902609
2021-04-23 11:00:04,484.5,4903509
2021-04-23 11:00:05,484.5,4904457
2021-04-23 11:00:06,484.65,4907851
2021-04-23 11:00:07,484.65,4907986
2021-04-23 11:00:08,484.65,4908347
2021-04-23 11:00:09,484.75,4911751
2021-04-23 11:00:10,484.7,4911961
2021-04-23 11:00:11,484.85,4912077
2021-04-23 11:00:12,484.95,4933900
2021-04-23 11:00:13,484.95,4934044
2021-04-23 11:00:14,484.95,4934358
2021-04-23 11:00:16,484.95,4935012
2021-04-23 11:00:17,485.0,4935639
2021-04-23 11:00:18,484.9,4939267
2021-04-23 11:00:19,484.85,4939268
2021-04-23 11:00:20,484.95,4941862
2021-04-23 11:00:22,484.85,4941933
2021-04-23 11:00:22,484.9,4942306
2021-04-23 11:00:23,484.95,4942777
2021-04-23 11:00:24,484.9,4943879
2021-04-23 11:00:25,484.9,4944118
2021-04-23 11:00:26,484.8,4944336
2021-04-23 11:00:28,484.7,4945623
2021-04-23 11:00:29,484.75,4945943
2021-04-23 11:00:30,484.75,4945943
2021-04-23 11:00:32,484.9,4946057
2021-04-23 11:00:32,484.8,4946071
2021-04-23 11:00:33,484.8,4946323
2021-04-23 11:00:34,484.75,4946805
2021-04-23 11:00:35,484.9,4947541
2021-04-23 11:00:36,484.9,4947763
2021-04-23 11:00:37,484.9,4947895
2021-04-23 11:00:38,484.85,4948074
2021-04-23 11:00:39,484.85,4948074
2021-04-23 11:00:40,484.9,4948394
2021-04-23 11:00:41,484.8,4948772
2021-04-23 11:00:42,484.75,4949232
2021-04-23 11:00:43,484.8,4949757
2021-04-23 11:00:44,484.75,4950507
2021-04-23 11:00:45,484.95,4951582
2021-04-23 11:00:46,484.9,4951647
2021-04-23 11:00:47,484.8,4951674
2021-04-23 11:00:48,484.95,4953974
2021-04-23 11:00:49,484.95,4953974
2021-04-23 11:00:50,484.9,4954476
2021-04-23 11:00:51,484.95,4955184
2021-04-23 11:00:52,484.95,4955284
2021-04-23 11:00:53,484.75,4956258
2021-04-23 11:00:54,484.9,4957790
2021-04-23 11:00:55,484.95,4958325
2021-04-23 11:00:56,484.9,4958367
2021-04-23 11:00:57,484.9,4958642
2021-04-23 11:00:58,484.9,4958692
2021-04-23 11:01:00,484.95,4959953
2021-04-23 11:01:01,484.95,4959953
2021-04-23 11:01:02,484.95,4960283
2021-04-23 11:01:03,484.95,4960379
2021-04-23 11:01:04,484.95,4960379
2021-04-23 11:01:05,484.85,4961531
2021-04-23 11:01:06,484.8,4962031
2021-04-23 11:01:06,484.85,4962033
2021-04-23 11:01:07,484.85,4962033
2021-04-23 11:01:08,484.9,4962109
2021-04-23 11:01:09,484.8,4962124
2021-04-23 11:01:11,484.95,4963236
2021-04-23 11:01:12,484.95,4963269
2021-04-23 11:01:12,484.95,4963701
2021-04-23 11:01:13,484.9,4963777
2021-04-23 11:01:14,484.95,4965970
2021-04-23 11:01:15,484.95,4966074
2021-04-23 11:01:16,484.8,4966444
2021-04-23 11:01:17,484.85,4968699
2021-04-23 11:01:19,484.95,4968705
2021-04-23 11:01:20,484.95,4968735
2021-04-23 11:01:21,484.85,4968750
2021-04-23 11:01:22,484.85,4968780
2021-04-23 11:01:23,484.95,4968915
2021-04-23 11:01:24,484.95,4969075
2021-04-23 11:01:24,484.95,4969215
2021-04-23 11:01:25,484.95,4969215
2021-04-23 11:01:26,484.8,4969533
2021-04-23 11:01:27,484.9,4969964
2021-04-23 11:01:28,484.8,4969974
2021-04-23 11:01:29,484.8,4970279
2021-04-23 11:01:30,484.8,4970550
2021-04-23 11:01:31,484.9,4970938
2021-04-23 11:01:32,484.85,4971438
2021-04-23 11:01:34,484.85,4971438
2021-04-23 11:01:35,484.95,4971442
2021-04-23 11:01:36,484.95,4972232
2021-04-23 11:01:37,484.9,4972425
2021-04-23 11:01:39,484.9,4972742
2021-04-23 11:01:40,484.95,4973686
2021-04-23 11:01:41,484.85,4973731
2021-04-23 11:01:42,484.95,4973798
2021-04-23 11:01:43,484.95,4973873
2021-04-23 11:01:43,484.95,4973933
2021-04-23 11:01:44,484.85,4974103
2021-04-23 11:01:45,484.95,4975008
2021-04-23 11:01:46,484.85,4975250
2021-04-23 11:01:47,484.85,4975258
2021-04-23 11:01:48,484.85,4975358
2021-04-23 11:01:49,484.85,4975395
2021-04-23 11:01:50,484.9,4975518
2021-04-23 11:01:51,484.9,4975543
2021-04-23 11:01:52,484.95,4976068
2021-04-23 11:01:54,484.9,4976133
2021-04-23 11:01:55,484.9,4976133
2021-04-23 11:01:56,484.85,4976190
2021-04-23 11:01:57,484.9,4977720
2021-04-23 11:01:58,484.85,4997200
2021-04-23 11:01:59,484.85,4997216
2021-04-23 11:02:00,484.8,4997266
2021-04-23 11:02:01,484.8,4997802
2021-04-23 11:02:02,484.9,4998602
2021-04-23 11:02:03,484.9,4998602
2021-04-23 11:02:04,484.85,4998939
2021-04-23 11:02:06,484.85,4998987
2021-04-23 11:02:07,484.85,4998987
2021-04-23 11:02:08,484.8,4999037
2021-04-23 11:02:08,484.9,4999137
2021-04-23 11:02:09,484.9,5000068
2021-04-23 11:02:11,484.9,5000070
2021-04-23 11:02:12,484.9,5000193
2021-04-23 11:02:13,484.75,5001226
2021-04-23 11:02:14,484.8,5001252
2021-04-23 11:02:15,484.75,5001853
2021-04-23 11:02:16,484.9,5002156
2021-04-23 11:02:17,484.9,5003142
2021-04-23 11:02:18,484.85,5003173
2021-04-23 11:02:19,484.8,5003223
2021-04-23 11:02:20,484.85,5003602
2021-04-23 11:02:21,484.9,5004581
2021-04-23 11:02:22,484.75,5005190
2021-04-23 11:02:23,484.85,5005340
2021-04-23 11:02:24,484.75,5005380
2021-04-23 11:02:25,484.75,5005380
2021-04-23 11:02:26,484.75,5005417
2021-04-23 11:02:27,484.75,5005728
2021-04-23 11:02:28,484.85,5006161
2021-04-23 11:02:29,484.75,5006261
2021-04-23 11:02:30,484.75,5011685
2021-04-23 11:02:31,484.7,5011905
2021-04-23 11:02:32,484.8,5012006
2021-04-23 11:02:33,484.8,5012016
2021-04-23 11:02:34,484.7,5012056
2021-04-23 11:02:35,484.7,5012544
2021-04-23 11:02:36,484.8,5012569
2021-04-23 11:02:37,484.8,5012722
2021-04-23 11:02:38,484.8,5012722
2021-04-23 11:02:39,484.7,5012724
2021-04-23 11:02:41,484.7,5012724
2021-04-23 11:02:42,484.7,5012775
2021-04-23 11:02:43,484.75,5012776
2021-04-23 11:02:44,484.8,5012982
2021-04-23 11:02:44,484.8,5012981
2021-04-23 11:02:45,484.75,5012987
2021-04-23 11:02:46,484.7,5013089
2021-04-23 11:02:47,484.75,5013796
2021-04-23 11:02:48,484.75,5013797
2021-04-23 11:02:49,484.75,5013814
2021-04-23 11:02:50,484.7,5015419
2021-04-23 11:02:51,484.8,5015707
2021-04-23 11:02:52,484.8,5016710
2021-04-23 11:02:53,484.7,5016760
2021-04-23 11:02:54,484.8,5016761
2021-04-23 11:02:55,484.75,5016762
2021-04-23 11:02:56,484.7,5018894
2021-04-23 11:02:57,484.75,5019024
2021-04-23 11:02:58,484.7,5019025
2021-04-23 11:02:59,484.8,5019026
2021-04-23 11:03:00,484.8,5019036
2021-04-23 11:03:01,484.75,5019056
2021-04-23 11:03:03,484.7,5019306
2021-04-23 11:03:04,484.7,5019306
2021-04-23 11:03:05,484.8,5019337
2021-04-23 11:03:05,484.8,5019337
2021-04-23 11:03:06,484.7,5019912
2021-04-23 11:03:08,484.7,5019927
2021-04-23 11:03:08,484.75,5019942
2021-04-23 11:03:10,484.75,5019942
2021-04-23 11:03:11,484.7,5020000
2021-04-23 11:03:12,484.7,5020027
2021-04-23 11:03:13,484.75,5020144
2021-04-23 11:03:14,484.75,5020144
2021-04-23 11:03:15,484.75,5020144
2021-04-23 11:03:16,484.75,5020154
2021-04-23 11:03:17,484.75,5020359
2021-04-23 11:03:17,484.75,5020359
2021-04-23 11:03:18,484.75,5020359
2021-04-23 11:03:19,484.75,5020394
2021-04-23 11:03:20,484.75,5020516
2021-04-23 11:03:21,484.75,5020517
2021-04-23 11:03:22,484.7,5022379
2021-04-23 11:03:23,484.7,5022380
2021-04-23 11:03:25,484.75,5022381
2021-04-23 11:03:26,484.75,5022813
2021-04-23 11:03:26,484.7,5022840
2021-04-23 11:03:27,484.7,5022841
2021-04-23 11:03:28,484.7,5022841
2021-04-23 11:03:29,484.75,5022901
2021-04-23 11:03:30,484.7,5022903
2021-04-23 11:03:31,484.7,5023147
2021-04-23 11:03:32,484.7,5023516
2021-04-23 11:03:33,484.7,5023516
2021-04-23 11:03:34,484.7,5027035
2021-04-23 11:03:35,484.7,5027077
2021-04-23 11:03:37,484.65,5027091
2021-04-23 11:03:38,484.6,5027346
2021-04-23 11:03:39,484.6,5027467
2021-04-23 11:03:40,484.7,5027522
2021-04-23 11:03:40,484.7,5027522
2021-04-23 11:03:43,484.55,5028113
2021-04-23 11:03:43,484.5,5028140
2021-04-23 11:03:44,484.6,5028453
2021-04-23 11:03:45,484.5,5029383
2021-04-23 11:03:46,484.5,5029683
2021-04-23 11:03:47,484.5,5029683
2021-04-23 11:03:48,484.5,5029683
2021-04-23 11:03:49,484.65,5029710
2021-04-23 11:03:50,484.5,5029713
2021-04-23 11:03:51,484.65,5029718
2021-04-23 11:03:52,484.5,5029806
2021-04-23 11:03:54,484.6,5029916
2021-04-23 11:03:55,484.6,5029916
2021-04-23 11:03:56,484.6,5029916
2021-04-23 11:03:57,484.65,5030548
2021-04-23 11:03:58,484.65,5030550
2021-04-23 11:03:58,484.65,5030550
2021-04-23 11:03:59,484.55,5030641
2021-04-23 11:04:01,484.5,5030974
2021-04-23 11:04:02,484.5,5031054
2021-04-23 11:04:03,484.65,5031916
2021-04-23 11:04:04,484.5,5031966
2021-04-23 11:04:04,484.5,5031966
2021-04-23 11:04:05,484.5,5031967
2021-04-23 11:04:06,484.5,5032018
2021-04-23 11:04:07,484.5,5032334
2021-04-23 11:04:08,484.45,5033173
2021-04-23 11:04:09,484.45,5033182
2021-04-23 11:04:11,484.45,5033186
2021-04-23 11:04:12,484.5,5033213
2021-04-23 11:04:13,484.5,5033213
2021-04-23 11:04:14,484.5,5033230
2021-04-23 11:04:15,484.5,5033360
2021-04-23 11:04:15,484.5,5033360
2021-04-23 11:04:16,484.5,5033713
2021-04-23 11:04:17,484.55,5035013
2021-04-23 11:04:18,484.55,5035017
2021-04-23 11:04:20,484.6,5035025
2021-04-23 11:04:20,484.6,5035035
2021-04-23 11:04:21,484.6,5035035
2021-04-23 11:04:23,484.65,5035575
2021-04-23 11:04:24,484.5,5035585
2021-04-23 11:04:25,484.45,5035666
2021-04-23 11:04:26,484.35,5035970
2021-04-23 11:04:27,484.35,5035998
2021-04-23 11:04:28,484.5,5036118
2021-04-23 11:04:29,484.5,5036118
2021-04-23 11:04:30,484.5,5036189
2021-04-23 11:04:31,484.5,5036190
2021-04-23 11:04:31,484.5,5036190
2021-04-23 11:04:32,484.25,5036823
2021-04-23 11:04:33,484.5,5036948
2021-04-23 11:04:34,484.5,5036948
2021-04-23 11:04:35,484.5,5036948
2021-04-23 11:04:36,484.35,5036958
2021-04-23 11:04:37,484.35,5036958
2021-04-23 11:04:38,484.4,5036963
2021-04-23 11:04:40,484.5,5037058
2021-04-23 11:04:40,484.4,5037083
2021-04-23 11:04:41,484.25,5038592
2021-04-23 11:04:43,484.2,5039442
2021-04-23 11:04:43,484.25,5039463
2021-04-23 11:04:44,484.5,5039483
2021-04-23 11:04:45,484.5,5039483
2021-04-23 11:04:46,484.35,5039613
2021-04-23 11:04:47,484.45,5039664
2021-04-23 11:04:48,484.35,5039764
2021-04-23 11:04:49,484.35,5039764
2021-04-23 11:04:50,484.45,5040941
2021-04-23 11:04:51,484.45,5040941
2021-04-23 11:04:53,484.45,5040961
2021-04-23 11:04:54,484.5,5040962
2021-04-23 11:04:55,484.5,5041022
2021-04-23 11:04:56,484.5,5041022
2021-04-23 11:04:57,484.45,5042318
2021-04-23 11:04:58,484.45,5042318
2021-04-23 11:04:59,484.45,5042333
2021-04-23 11:05:00,484.5,5042770
2021-04-23 11:05:01,484.45,5042946
2021-04-23 11:05:01,484.45,5042946
2021-04-23 11:05:02,484.45,5042946
2021-04-23 11:05:03,484.5,5042981
2021-04-23 11:05:04,484.5,5044348
2021-04-23 11:05:05,484.35,5044521
2021-04-23 11:05:06,484.35,5044521
2021-04-23 11:05:07,484.4,5044708
2021-04-23 11:05:08,484.4,5044708
2021-04-23 11:05:10,484.5,5044910
2021-04-23 11:05:11,484.5,5045085
2021-04-23 11:05:12,484.4,5045165
2021-04-23 11:05:13,484.4,5045245
2021-04-23 11:05:14,484.4,5045272
2021-04-23 11:05:16,484.4,5045437
2021-04-23 11:05:16,484.4,5045437
2021-04-23 11:05:18,484.5,5059472
2021-04-23 11:05:19,484.6,5059904
2021-04-23 11:05:20,484.6,5059904
2021-04-23 11:05:22,484.5,5060105
2021-04-23 11:05:23,484.6,5060235
2021-04-23 11:05:24,484.6,5060240
2021-04-23 11:05:25,484.5,5060660
2021-04-23 11:05:26,484.6,5060666
2021-04-23 11:05:27,484.5,5060693
2021-04-23 11:05:28,484.5,5060713
2021-04-23 11:05:29,484.6,5060717
2021-04-23 11:05:30,484.6,5061227
2021-04-23 11:05:31,484.6,5061230
2021-04-23 11:05:32,484.5,5061235
2021-04-23 11:05:33,484.5,5061235
2021-04-23 11:05:34,484.6,5061238
2021-04-23 11:05:35,484.6,5061390
2021-04-23 11:05:35,484.6,5061390
2021-04-23 11:05:36,484.6,5061397
2021-04-23 11:05:37,484.5,5061558
2021-04-23 11:05:38,484.6,5061990
2021-04-23 11:05:40,484.5,5062154
2021-04-23 11:05:41,484.5,5062175
2021-04-23 11:05:42,484.5,5062202
2021-04-23 11:05:43,484.6,5062307
2021-04-23 11:05:44,484.55,5063407
2021-04-23 11:05:45,484.55,5063407
2021-04-23 11:05:46,484.5,5063415
2021-04-23 11:05:47,484.55,5063490
2021-04-23 11:05:48,484.6,5063492
2021-04-23 11:05:49,484.5,5063792
2021-04-23 11:05:50,484.3,5065195
2021-04-23 11:05:51,484.3,5065195
2021-04-23 11:05:52,484.3,5065448
2021-04-23 11:05:53,484.3,5065655
2021-04-23 11:05:55,484.5,5065657
2021-04-23 11:05:56,484.45,5065857
2021-04-23 11:05:57,484.2,5066850
2021-04-23 11:05:58,484.6,5067208
2021-04-23 11:05:59,484.6,5067208
2021-04-23 11:06:00,484.6,5067208
2021-04-23 11:06:02,484.65,5068099
2021-04-23 11:06:03,484.4,5068441
2021-04-23 11:06:04,484.35,5068641
2021-04-23 11:06:04,484.35,5068641
2021-04-23 11:06:05,484.55,5068669
2021-04-23 11:06:06,484.4,5068672
2021-04-23 11:06:08,484.35,5068673
2021-04-23 11:06:09,484.25,5068693
2021-04-23 11:06:10,484.3,5068695
2021-04-23 11:06:11,484.3,5068695
2021-04-23 11:06:12,484.4,5068769
2021-04-23 11:06:13,484.5,5068819
2021-04-23 11:06:14,484.55,5068824
2021-04-23 11:06:15,484.4,5068828
2021-04-23 11:06:16,484.5,5069275
2021-04-23 11:06:17,484.4,5069453
2021-04-23 11:06:18,484.4,5069453
2021-04-23 11:06:19,484.4,5069453
2021-04-23 11:06:19,484.4,5069453
2021-04-23 11:06:20,484.4,5069454
2021-04-23 11:06:21,484.4,5069454
2021-04-23 11:06:22,484.4,5069522
2021-04-23 11:06:23,484.4,5069847
2021-04-23 11:06:24,484.4,5069847
2021-04-23 11:06:25,484.25,5070347
2021-04-23 11:06:26,484.25,5070374
2021-04-23 11:06:28,484.25,5070384
2021-04-23 11:06:29,484.25,5071515
2021-04-23 11:06:30,484.25,5071515
2021-04-23 11:06:31,484.3,5071547
2021-04-23 11:06:32,484.3,5071547
2021-04-23 11:06:33,484.25,5071553
2021-04-23 11:06:34,484.25,5071653
2021-04-23 11:06:35,484.3,5072603
2021-04-23 11:06:36,484.3,5072623
2021-04-23 11:06:37,484.35,5073098
2021-04-23 11:06:38,484.35,5073098
2021-04-23 11:06:39,484.35,5073492
2021-04-23 11:06:40,484.4,5073562
2021-04-23 11:06:41,484.35,5073590
2021-04-23 11:06:42,484.35,5073590
2021-04-23 11:06:43,484.35,5073595
2021-04-23 11:06:44,484.35,5073665
2021-04-23 11:06:45,484.35,5073665
2021-04-23 11:06:46,484.4,5073785
2021-04-23 11:06:47,484.4,5073785
2021-04-23 11:06:48,484.35,5073986
2021-04-23 11:06:48,484.35,5073986
2021-04-23 11:06:50,484.35,5073986
2021-04-23 11:06:51,484.35,5073986
2021-04-23 11:06:51,484.35,5073986
2021-04-23 11:06:52,484.4,5073988
2021-04-23 11:06:53,484.25,5077203
2021-04-23 11:06:54,484.35,5077636
2021-04-23 11:06:55,484.35,5077636
2021-04-23 11:06:57,484.4,5077823
2021-04-23 11:06:58,484.25,5077825
2021-04-23 11:06:59,484.25,5077825
2021-04-23 11:06:59,484.4,5077831
2021-04-23 11:07:01,484.4,5077891
2021-04-23 11:07:02,484.4,5077891
2021-04-23 11:07:04,484.25,5078009
2021-04-23 11:07:05,484.4,5078080
2021-04-23 11:07:06,484.35,5078081
2021-04-23 11:07:07,484.4,5078083
2021-04-23 11:07:08,484.4,5078085
2021-04-23 11:07:09,484.4,5078085
2021-04-23 11:07:10,484.4,5078085
2021-04-23 11:07:11,484.3,5078256
2021-04-23 11:07:12,484.3,5078266
2021-04-23 11:07:13,484.4,5078771
2021-04-23 11:07:13,484.4,5078771
2021-04-23 11:07:14,484.2,5082628
2021-04-23 11:07:15,484.2,5082628
2021-04-23 11:07:16,484.25,5082828
2021-04-23 11:07:17,484.25,5082960
2021-04-23 11:07:18,484.25,5082960
2021-04-23 11:07:19,484.15,5082963
2021-04-23 11:07:20,484.15,5083063
2021-04-23 11:07:22,484.15,5085588
2021-04-23 11:07:23,484.1,5085803
2021-04-23 11:07:24,484.1,5085803
2021-04-23 11:07:25,484.1,5085818
2021-04-23 11:07:26,484.1,5085818
2021-04-23 11:07:27,484.25,5085856
2021-04-23 11:07:28,484.25,5085906
2021-04-23 11:07:29,484.25,5085906
2021-04-23 11:07:30,484.1,5085907
2021-04-23 11:07:31,484.1,5085907
2021-04-23 11:07:32,484.1,5085947
2021-04-23 11:07:33,484.1,5086362
2021-04-23 11:07:34,484.1,5086362
2021-04-23 11:07:35,484.1,5086362
2021-04-23 11:07:36,484.25,5086465
2021-04-23 11:07:37,484.25,5086596
2021-04-23 11:07:38,484.15,5086597
2021-04-23 11:07:39,484.1,5086798
2021-04-23 11:07:40,484.25,5086812
2021-04-23 11:07:41,484.1,5086822
2021-04-23 11:07:42,484.25,5086884
2021-04-23 11:07:44,484.2,5087321
2021-04-23 11:07:45,484.2,5087408
2021-04-23 11:07:46,484.25,5087580
2021-04-23 11:07:47,484.1,5087616
2021-04-23 11:07:48,484.1,5087616
2021-04-23 11:07:49,484.1,5087616
2021-04-23 11:07:50,484.1,5087616
2021-04-23 11:07:51,484.1,5087621
2021-04-23 11:07:52,484.25,5087981
2021-04-23 11:07:53,484.25,5088005
2021-04-23 11:07:54,484.25,5088006
2021-04-23 11:07:55,484.3,5088058
2021-04-23 11:07:56,484.3,5088058
2021-04-23 11:07:57,484.3,5088225
2021-04-23 11:07:58,484.3,5088225
2021-04-23 11:07:59,484.25,5088226
2021-04-23 11:08:01,484.3,5088248
2021-04-23 11:08:02,484.3,5088248
2021-04-23 11:08:03,484.1,5088801
2021-04-23 11:08:05,484.1,5088801
2021-04-23 11:08:06,484.1,5088806
2021-04-23 11:08:07,484.1,5089324
2021-04-23 11:08:08,484.1,5089324
2021-04-23 11:08:09,484.1,5089324
2021-04-23 11:08:10,484.1,5089324
2021-04-23 11:08:11,484.3,5089758
2021-04-23 11:08:12,484.15,5090787
2021-04-23 11:08:13,484.15,5090787
2021-04-23 11:08:14,484.15,5090787
2021-04-23 11:08:15,484.15,5090807
2021-04-23 11:08:16,484.25,5090808
2021-04-23 11:08:17,484.3,5090940
2021-04-23 11:08:18,484.3,5090940
2021-04-23 11:08:19,484.15,5090988
2021-04-23 11:08:20,484.15,5090988
2021-04-23 11:08:21,484.35,5090989
2021-04-23 11:08:22,484.15,5091031
2021-04-23 11:08:23,484.3,5091044
2021-04-23 11:08:24,484.15,5091055
2021-04-23 11:08:25,484.15,5091055
2021-04-23 11:08:26,484.15,5091060
2021-04-23 11:08:27,484.15,5091073
2021-04-23 11:08:28,484.15,5091111
2021-04-23 11:08:29,484.15,5091111
2021-04-23 11:08:30,484.3,5091164
2021-04-23 11:08:31,484.35,5091544
2021-04-23 11:08:32,484.35,5091544
2021-04-23 11:08:33,484.35,5091544
2021-04-23 11:08:34,484.25,5091607
2021-04-23 11:08:35,484.25,5091607
2021-04-23 11:08:36,484.35,5092207
2021-04-23 11:08:37,484.3,5092337
2021-04-23 11:08:38,484.3,5092337
2021-04-23 11:08:39,484.15,5092357
2021-04-23 11:08:40,484.15,5092357
2021-04-23 11:08:41,484.3,5092369
2021-04-23 11:08:42,484.3,5092406
2021-04-23 11:08:43,484.4,5092840
2021-04-23 11:08:44,484.4,5093042
2021-04-23 11:08:45,484.35,5093062
2021-04-23 11:08:46,484.35,5093072
2021-04-23 11:08:47,484.4,5093117
2021-04-23 11:08:48,484.4,5093118
2021-04-23 11:08:49,484.4,5093551
2021-04-23 11:08:50,484.25,5093601
2021-04-23 11:08:51,484.25,5093601
2021-04-23 11:08:52,484.35,5094031
2021-04-23 11:08:53,484.35,5094051
2021-04-23 11:08:54,484.2,5094677
2021-04-23 11:08:55,484.2,5094677
2021-04-23 11:08:56,484.2,5094677
2021-04-23 11:08:57,484.2,5094856
2021-04-23 11:08:58,484.15,5094861
2021-04-23 11:08:59,484.35,5094863
2021-04-23 11:09:00,484.35,5094863
2021-04-23 11:09:01,484.15,5095013
2021-04-23 11:09:02,484.15,5095024
2021-04-23 11:09:03,484.15,5095024
2021-04-23 11:09:04,484.2,5095032
2021-04-23 11:09:05,484.25,5095227
2021-04-23 11:09:06,484.25,5095227
2021-04-23 11:09:07,484.4,5095600
2021-04-23 11:09:09,484.3,5095850
2021-04-23 11:09:08,484.45,5095773
2021-04-23 11:09:10,484.3,5095905
2021-04-23 11:09:11,484.45,5095906
2021-04-23 11:09:12,484.3,5095933
2021-04-23 11:09:13,484.3,5095933
2021-04-23 11:09:14,484.4,5096033
2021-04-23 11:09:15,484.4,5096033
2021-04-23 11:09:16,484.3,5096053
2021-04-23 11:09:17,484.3,5096053
2021-04-23 11:09:18,484.3,5096053
2021-04-23 11:09:19,484.4,5096054
2021-04-23 11:09:20,484.35,5096059
2021-04-23 11:09:21,484.35,5096075
2021-04-23 11:09:22,484.4,5096191
2021-04-23 11:09:23,484.25,5096391
2021-04-23 11:09:24,484.45,5097481
2021-04-23 11:09:25,484.3,5097613
2021-04-23 11:09:26,484.3,5097613
2021-04-23 11:09:27,484.45,5097865
2021-04-23 11:09:28,484.45,5098049
2021-04-23 11:09:29,484.45,5098049
2021-04-23 11:09:30,484.45,5098049
2021-04-23 11:09:32,484.45,5098054
2021-04-23 11:09:33,484.3,5098105
2021-04-23 11:09:34,484.3,5098105
2021-04-23 11:09:35,484.45,5098335
2021-04-23 11:09:36,484.3,5098344
2021-04-23 11:09:37,484.45,5098498
2021-04-23 11:09:39,484.45,5098503
2021-04-23 11:09:41,484.2,5098960
2021-04-23 11:09:41,484.35,5098961
2021-04-23 11:09:42,484.2,5098989
2021-04-23 11:09:43,484.35,5099009
2021-04-23 11:09:44,484.3,5099017
2021-04-23 11:09:45,484.35,5099429
2021-04-23 11:09:46,484.4,5099536
2021-04-23 11:09:47,484.4,5099536
2021-04-23 11:09:48,484.4,5099536
2021-04-23 11:09:49,484.25,5099641
2021-04-23 11:09:50,484.3,5099642
2021-04-23 11:09:51,484.35,5099692
2021-04-23 11:09:52,484.35,5099692
2021-04-23 11:09:53,484.35,5099692
2021-04-23 11:09:54,484.3,5099707
2021-04-23 11:09:55,484.3,5099707
2021-04-23 11:09:57,484.35,5099864
2021-04-23 11:09:57,484.3,5099734
2021-04-23 11:09:58,484.35,5099864
2021-04-23 11:09:59,484.4,5099865
2021-04-23 11:10:00,484.35,5099876
2021-04-23 11:10:01,484.4,5099882
2021-04-23 11:10:02,484.25,5100315
2021-04-23 11:10:03,484.4,5100325
2021-04-23 11:10:04,484.4,5100778
2021-04-23 11:10:05,484.4,5100778
2021-04-23 11:10:06,484.25,5100779
2021-04-23 11:10:07,484.4,5100780
2021-04-23 11:10:08,484.4,5100780
2021-04-23 11:10:09,484.4,5100780
2021-04-23 11:10:10,484.4,5100780
2021-04-23 11:10:12,484.4,5100837
2021-04-23 11:10:12,484.35,5100888
2021-04-23 11:10:14,484.4,5100938
2021-04-23 11:10:14,484.4,5100938
2021-04-23 11:10:15,484.35,5100940
2021-04-23 11:10:16,484.35,5100940
2021-04-23 11:10:17,484.65,5108661
2021-04-23 11:10:18,484.65,5108662
2021-04-23 11:10:19,484.6,5109006
2021-04-23 11:10:20,484.5,5109511
2021-04-23 11:10:21,484.7,5111015
2021-04-23 11:10:23,484.65,5111529
2021-04-23 11:10:24,484.7,5111718
2021-04-23 11:10:25,484.7,5111918
2021-04-23 11:10:26,484.6,5111946
2021-04-23 11:10:27,484.6,5111996
2021-04-23 11:10:28,484.6,5111996
2021-04-23 11:10:29,484.6,5111996
2021-04-23 11:10:30,484.7,5112001
2021-04-23 11:10:31,484.6,5112080
2021-04-23 11:10:32,484.6,5112143
2021-04-23 11:10:33,484.65,5112242
2021-04-23 11:10:34,484.65,5112242
2021-04-23 11:10:35,484.7,5112262
2021-04-23 11:10:36,484.8,5113262
2021-04-23 11:10:37,484.8,5113393
2021-04-23 11:10:38,484.8,5113418
2021-04-23 11:10:39,484.6,5113518
2021-04-23 11:10:41,484.6,5113570
2021-04-23 11:10:41,484.6,5113570
2021-04-23 11:10:42,484.8,5114029
2021-04-23 11:10:43,484.6,5114245
2021-04-23 11:10:44,484.65,5114384
2021-04-23 11:10:45,484.65,5114384
2021-04-23 11:10:46,484.75,5114741
2021-04-23 11:10:47,484.75,5114741
2021-04-23 11:10:48,484.6,5115376
2021-04-23 11:10:50,484.6,5117247
2021-04-23 11:10:51,484.55,5117445
2021-04-23 11:10:52,484.55,5117665
2021-04-23 11:10:54,484.55,5117845
2021-04-23 11:10:54,484.55,5117866
2021-04-23 11:10:55,484.55,5117866
2021-04-23 11:10:56,484.55,5117866
2021-04-23 11:10:57,484.6,5118023
2021-04-23 11:10:58,484.8,5120143
2021-04-23 11:10:59,484.8,5120145
2021-04-23 11:11:00,484.6,5120162
2021-04-23 11:11:01,484.75,5120285
2021-04-23 11:11:02,484.75,5120286
2021-04-23 11:11:03,484.75,5120286
2021-04-23 11:11:04,484.8,5120594
2021-04-23 11:11:05,484.8,5120599
2021-04-23 11:11:06,484.9,5121700
2021-04-23 11:11:07,484.9,5121700
2021-04-23 11:11:08,484.8,5122086
2021-04-23 11:11:10,484.8,5122148
2021-04-23 11:11:11,484.8,5122268
2021-04-23 11:11:12,484.5,5122378
2021-04-23 11:11:13,484.65,5122379
2021-04-23 11:11:14,484.8,5122879
2021-04-23 11:11:16,484.75,5123879
2021-04-23 11:11:16,484.75,5123879
2021-04-23 11:11:17,484.75,5124009
2021-04-23 11:11:18,484.75,5124009
2021-04-23 11:11:19,484.6,5124034
2021-04-23 11:11:20,484.75,5124076
2021-04-23 11:11:21,484.75,5124695
2021-04-23 11:11:22,484.75,5124705
2021-04-23 11:11:23,484.75,5124705
2021-04-23 11:11:24,484.75,5124705
2021-04-23 11:11:25,484.6,5124725
2021-04-23 11:11:26,484.75,5124771
2021-04-23 11:11:28,484.75,5125030
2021-04-23 11:11:28,484.75,5125030
2021-04-23 11:11:29,484.5,5126934
2021-04-23 11:11:30,484.7,5127134
2021-04-23 11:11:31,484.7,5127136
2021-04-23 11:11:32,484.7,5127136
2021-04-23 11:11:33,484.7,5127136
2021-04-23 11:11:34,484.75,5127138
2021-04-23 11:11:35,484.5,5127151
2021-04-23 11:11:36,484.75,5127182
2021-04-23 11:11:37,484.5,5127512
2021-04-23 11:11:38,484.75,5127557
2021-04-23 11:11:39,484.75,5128014
2021-04-23 11:11:40,484.5,5128015
2021-04-23 11:11:41,484.6,5128044
2021-04-23 11:11:42,484.75,5128052
2021-04-23 11:11:43,484.6,5128085
2021-04-23 11:11:44,484.6,5128086
2021-04-23 11:11:45,484.6,5128086
2021-04-23 11:11:46,484.6,5128086
2021-04-23 11:11:48,484.6,5128151
2021-04-23 11:11:49,484.6,5128151
2021-04-23 11:11:49,484.6,5128151
2021-04-23 11:11:50,484.6,5128151
2021-04-23 11:11:52,484.6,5128151
2021-04-23 11:11:53,484.6,5128151
2021-04-23 11:11:54,484.6,5128151
2021-04-23 11:11:55,484.7,5128152
2021-04-23 11:11:56,484.55,5128302
2021-04-23 11:11:56,484.6,5128332
2021-04-23 11:11:57,484.6,5128332
2021-04-23 11:11:58,484.7,5128635
2021-04-23 11:11:59,484.7,5128764
2021-04-23 11:12:00,484.65,5128864
2021-04-23 11:12:01,484.8,5129311
2021-04-23 11:12:02,484.8,5129311
2021-04-23 11:12:04,484.6,5129472
2021-04-23 11:12:04,484.8,5129972
2021-04-23 11:12:05,484.8,5129997
2021-04-23 11:12:07,484.8,5130124
2021-04-23 11:12:09,484.7,5131266
2021-04-23 11:12:10,484.6,5131267
2021-04-23 11:12:10,484.75,5131317
2021-04-23 11:12:12,484.75,5131564
2021-04-23 11:12:13,484.75,5131582
2021-04-23 11:12:14,484.75,5131582
2021-04-23 11:12:15,484.6,5131642
2021-04-23 11:12:17,484.8,5131842
2021-04-23 11:12:19,484.65,5132773
2021-04-23 11:12:20,484.75,5132977
2021-04-23 11:12:21,484.75,5132977
2021-04-23 11:12:22,484.6,5133797
2021-04-23 11:12:23,484.65,5133830
2021-04-23 11:12:24,484.6,5133866
2021-04-23 11:12:25,484.6,5133868
2021-04-23 11:12:26,484.6,5133935
2021-04-23 11:12:26,484.6,5133962
2021-04-23 11:12:27,484.6,5134005
2021-04-23 11:12:28,484.6,5134005
2021-04-23 11:12:29,484.6,5134005
2021-04-23 11:12:30,484.6,5134213
2021-04-23 11:12:31,484.6,5134218
2021-04-23 11:12:32,484.55,5134228
2021-04-23 11:12:33,484.6,5134908
2021-04-23 11:12:34,484.6,5134908
2021-04-23 11:12:35,484.6,5134909
2021-04-23 11:12:36,484.75,5135344
2021-04-23 11:12:37,484.5,5135828
2021-04-23 11:12:38,484.5,5135990
2021-04-23 11:12:39,484.75,5136100
2021-04-23 11:12:40,484.8,5136600
2021-04-23 11:12:41,484.6,5136602
2021-04-23 11:12:42,484.6,5136602
2021-04-23 11:12:43,484.5,5136603
2021-04-23 11:12:44,484.5,5136679
2021-04-23 11:12:45,484.5,5136679
2021-04-23 11:12:46,484.7,5136730
2021-04-23 11:12:48,484.7,5136983
2021-04-23 11:12:48,484.7,5136983
2021-04-23 11:12:49,484.7,5136983
2021-04-23 11:12:50,484.7,5137154
2021-04-23 11:12:52,484.6,5137158
2021-04-23 11:12:53,484.7,5137408
2021-04-23 11:12:54,484.7,5137412
2021-04-23 11:12:55,484.7,5137530
2021-04-23 11:12:56,484.7,5137947
2021-04-23 11:12:56,484.55,5137974
2021-04-23 11:12:57,484.6,5138074
2021-04-23 11:12:58,484.55,5138367
2021-04-23 11:12:59,484.7,5138379
2021-04-23 11:13:00,484.6,5138394
2021-04-23 11:13:02,484.6,5138397
2021-04-23 11:13:03,484.55,5138447
2021-04-23 11:13:04,484.7,5138466
2021-04-23 11:13:05,484.55,5138516
2021-04-23 11:13:06,484.7,5138716
2021-04-23 11:13:07,484.7,5138716
2021-04-23 11:13:08,484.7,5138716
2021-04-23 11:13:09,484.7,5138716
2021-04-23 11:13:10,484.55,5138721
2021-04-23 11:13:11,484.55,5138748
2021-04-23 11:13:12,484.7,5138773
2021-04-23 11:13:13,484.7,5138773
2021-04-23 11:13:14,484.7,5138849
2021-04-23 11:13:15,484.75,5139211
2021-04-23 11:13:16,484.6,5139241
2021-04-23 11:13:17,484.65,5139296
2021-04-23 11:13:18,484.65,5139319
2021-04-23 11:13:19,484.7,5139363
2021-04-23 11:13:20,484.7,5139363
2021-04-23 11:13:22,484.7,5139415
2021-04-23 11:13:23,484.6,5139615
2021-04-23 11:13:24,484.65,5139629
2021-04-23 11:13:24,484.65,5139629
2021-04-23 11:13:25,484.65,5139629
2021-04-23 11:13:26,484.6,5139657
2021-04-23 11:13:27,484.6,5139657
2021-04-23 11:13:28,484.75,5139867
2021-04-23 11:13:29,484.75,5139907
2021-04-23 11:13:30,484.75,5139907
2021-04-23 11:13:31,484.75,5141182
2021-04-23 11:13:32,484.75,5141182
2021-04-23 11:13:33,484.65,5141663
2021-04-23 11:13:34,484.65,5141663
2021-04-23 11:13:35,484.65,5141663
2021-04-23 11:13:36,484.8,5141673
2021-04-23 11:13:37,484.8,5141803
2021-04-23 11:13:38,484.8,5142103
2021-04-23 11:13:39,484.8,5142103
2021-04-23 11:13:40,484.75,5142116
2021-04-23 11:13:41,484.7,5142243
2021-04-23 11:13:42,484.7,5142243
2021-04-23 11:13:43,484.75,5142244
2021-04-23 11:13:45,484.7,5142245
2021-04-23 11:13:46,484.7,5142295
2021-04-23 11:13:47,484.75,5142305
2021-04-23 11:13:48,484.75,5142305
2021-04-23 11:13:48,484.75,5142305
2021-04-23 11:13:49,484.7,5142426
2021-04-23 11:13:51,484.7,5142431
2021-04-23 11:13:52,484.95,5162655
2021-04-23 11:13:53,484.95,5162655
2021-04-23 11:13:55,485.0,5167663
2021-04-23 11:13:56,485.0,5168066
2021-04-23 11:13:57,485.0,5168226
2021-04-23 11:13:58,485.0,5168236
2021-04-23 11:13:59,485.0,5168836
2021-04-23 11:13:59,485.0,5168836
2021-04-23 11:14:00,484.95,5168856
2021-04-23 11:14:01,484.85,5169269
2021-04-23 11:14:02,485.0,5169602
2021-04-23 11:14:03,485.0,5169985
2021-04-23 11:14:04,485.0,5169985
2021-04-23 11:14:06,485.0,5169989
2021-04-23 11:14:06,485.0,5169996
2021-04-23 11:14:07,485.0,5170102
2021-04-23 11:14:08,485.0,5170232
2021-04-23 11:14:09,485.0,5170372
2021-04-23 11:14:11,485.0,5170372
2021-04-23 11:14:12,484.9,5170831
2021-04-23 11:14:13,485.0,5170843
2021-04-23 11:14:14,485.0,5170892
2021-04-23 11:14:15,484.9,5171027
2021-04-23 11:14:16,485.0,5174087
2021-04-23 11:14:17,485.0,5174253
2021-04-23 11:14:18,485.0,5174484
2021-04-23 11:14:19,485.0,5174496
2021-04-23 11:14:19,485.0,5174516
2021-04-23 11:14:20,485.0,5174528
2021-04-23 11:14:21,484.85,5174613
2021-04-23 11:14:22,484.85,5175227
2021-04-23 11:14:23,485.0,5175253
2021-04-23 11:14:24,485.0,5175353
2021-04-23 11:14:25,484.9,5175553
2021-04-23 11:14:27,484.9,5175675
2021-04-23 11:14:28,485.0,5175676
2021-04-23 11:14:29,485.0,5176312
2021-04-23 11:14:30,485.0,5176319
2021-04-23 11:14:31,485.0,5176823
2021-04-23 11:14:32,485.0,5176865
2021-04-23 11:14:33,484.95,5177102
2021-04-23 11:14:34,484.95,5177106
2021-04-23 11:14:35,484.95,5177106
2021-04-23 11:14:36,484.95,5177131
2021-04-23 11:14:36,484.95,5177133
2021-04-23 11:14:37,484.95,5177264
2021-04-23 11:14:38,484.95,5177396
2021-04-23 11:14:39,484.95,5177447
2021-04-23 11:14:40,484.95,5177448
2021-04-23 11:14:42,484.95,5179074
2021-04-23 11:14:43,485.0,5179275
2021-04-23 11:14:44,485.0,5179502
2021-04-23 11:14:45,485.0,5179503
2021-04-23 11:14:46,485.0,5179503
2021-04-23 11:14:47,485.0,5179610
2021-04-23 11:14:48,484.95,5181085
2021-04-23 11:14:49,485.0,5181586
2021-04-23 11:14:50,485.0,5182097
2021-04-23 11:14:51,484.95,5182198
2021-04-23 11:14:52,484.95,5182333
2021-04-23 11:14:53,485.0,5182383
2021-04-23 11:14:54,485.15,5207844
2021-04-23 11:14:54,485.75,5339698
2021-04-23 11:14:56,485.95,5342405
2021-04-23 11:14:57,486.15,5344321
2021-04-23 11:14:58,486.15,5346743
2021-04-23 11:14:58,486.1,5347230
2021-04-23 11:14:59,486.1,5347903
2021-04-23 11:15:00,486.1,5348644
2021-04-23 11:15:01,485.9,5349094
2021-04-23 11:15:03,485.85,5351702
2021-04-23 11:15:04,486.2,5354386
2021-04-23 11:15:05,486.2,5356786
2021-04-23 11:15:06,486.25,5358057
2021-04-23 11:15:07,486.25,5360850
2021-04-23 11:15:08,486.05,5362912
2021-04-23 11:15:09,486.05,5364990
2021-04-23 11:15:10,486.3,5365639
2021-04-23 11:15:11,486.05,5366241
2021-04-23 11:15:11,486.05,5366241
2021-04-23 11:15:12,486.25,5367519
2021-04-23 11:15:13,486.25,5367559
2021-04-23 11:15:14,486.1,5368021
2021-04-23 11:15:16,486.1,5368155
2021-04-23 11:15:17,486.3,5374483
2021-04-23 11:15:18,486.3,5375769
2021-04-23 11:15:19,486.3,5375860
2021-04-23 11:15:20,486.45,5377531
2021-04-23 11:15:20,486.45,5377481
2021-04-23 11:15:22,486.45,5378401
2021-04-23 11:15:23,486.45,5378454
2021-04-23 11:15:24,486.45,5379845
2021-04-23 11:15:25,486.6,5390521
2021-04-23 11:15:26,486.5,5390931
2021-04-23 11:15:26,486.55,5391010
2021-04-23 11:15:28,486.6,5392182
2021-04-23 11:15:29,486.5,5392339
2021-04-23 11:15:30,486.7,5403277
2021-04-23 11:15:31,486.6,5413193
2021-04-23 11:15:32,486.7,5413981
2021-04-23 11:15:33,486.7,5416032
2021-04-23 11:15:34,486.7,5418736
2021-04-23 11:15:35,486.55,5422859
2021-04-23 11:15:36,486.7,5424163
2021-04-23 11:15:36,486.75,5424450
2021-04-23 11:15:37,486.5,5429443
2021-04-23 11:15:38,486.55,5430303
2021-04-23 11:15:39,486.55,5432956
2021-04-23 11:15:40,486.55,5434521
2021-04-23 11:15:41,486.75,5435712
2021-04-23 11:15:43,486.7,5436913
2021-04-23 11:15:43,486.7,5440593
2021-04-23 11:15:45,486.7,5440796
2021-04-23 11:15:46,486.55,5444805
2021-04-23 11:15:47,486.45,5448451
2021-04-23 11:15:48,486.5,5448943
2021-04-23 11:15:49,486.75,5451525
2021-04-23 11:15:51,486.7,5452644
2021-04-23 11:15:52,486.95,5475477
2021-04-23 11:15:53,487.3,5477289
2021-04-23 11:15:54,487.1,5479210
2021-04-23 11:15:55,487.2,5481237
2021-04-23 11:15:56,486.95,5481614
2021-04-23 11:15:57,487.0,5483059
2021-04-23 11:16:00,487.2,5489143
2021-04-23 11:16:01,487.0,5498077
2021-04-23 11:16:02,486.9,5498734
2021-04-23 11:16:02,486.95,5499814
2021-04-23 11:16:03,486.95,5503798
2021-04-23 11:16:04,486.85,5509635
2021-04-23 11:16:05,486.85,5511792
2021-04-23 11:16:06,486.95,5513689
2021-04-23 11:16:07,487.0,5513952
2021-04-23 11:16:10,487.0,5516107
2021-04-23 11:16:11,487.0,5517830
2021-04-23 11:16:12,487.0,5520751
2021-04-23 11:16:13,486.9,5521248
2021-04-23 11:16:14,487.1,5523344
2021-04-23 11:16:15,487.05,5524304
2021-04-23 11:16:16,487.05,5525970
2021-04-23 11:16:16,486.9,5526047
2021-04-23 11:16:17,487.2,5532087
2021-04-23 11:16:18,487.0,5534033
2021-04-23 11:16:20,486.95,5536666
2021-04-23 11:16:21,486.85,5540446
2021-04-23 11:16:22,486.85,5540907
2021-04-23 11:16:23,486.8,5541125
2021-04-23 11:16:24,486.7,5547204
2021-04-23 11:16:25,486.75,5548322
2021-04-23 11:16:26,486.9,5548483
2021-04-23 11:16:27,486.8,5549241
2021-04-23 11:16:28,486.8,5549321
2021-04-23 11:16:29,486.8,5552204
2021-04-23 11:16:30,486.8,5552514
2021-04-23 11:16:31,486.85,5552804
2021-04-23 11:16:33,486.9,5556000
2021-04-23 11:16:34,486.9,5556320
2021-04-23 11:16:35,486.85,5556606
2021-04-23 11:16:36,486.9,5557014
2021-04-23 11:16:36,486.95,5556840
2021-04-23 11:16:38,486.75,5557922
2021-04-23 11:16:39,486.8,5561345
2021-04-23 11:16:40,486.7,5561730
2021-04-23 11:16:41,486.5,5581202
2021-04-23 11:16:42,486.65,5581892
2021-04-23 11:16:43,486.45,5582473
2021-04-23 11:16:44,486.6,5583622
2021-04-23 11:16:46,486.05,5591845
2021-04-23 11:16:47,486.35,5592411
2021-04-23 11:16:48,486.3,5592623
2021-04-23 11:16:49,486.35,5594768
2021-04-23 11:16:50,486.2,5594769
2021-04-23 11:16:51,486.2,5594776
2021-04-23 11:16:52,486.2,5595321
2021-04-23 11:16:53,486.05,5595786
2021-04-23 11:16:54,486.05,5596706
2021-04-23 11:16:54,486.05,5596706
2021-04-23 11:16:55,486.2,5598047
2021-04-23 11:16:56,486.3,5598803
2021-04-23 11:16:57,486.05,5599189
2021-04-23 11:16:58,486.1,5599764
2021-04-23 11:16:59,486.3,5600479
2021-04-23 11:17:00,486.05,5600834
2021-04-23 11:17:01,486.2,5601124
2021-04-23 11:17:03,486.3,5601721
2021-04-23 11:17:04,486.05,5601991
2021-04-23 11:17:05,486.05,5602251
2021-04-23 11:17:06,486.2,5602589
2021-04-23 11:17:07,486.1,5603407
2021-04-23 11:17:08,486.2,5604717
2021-04-23 11:17:09,486.05,5605302
2021-04-23 11:17:10,486.0,5616062
2021-04-23 11:17:11,486.0,5616062
2021-04-23 11:17:11,486.0,5616062
2021-04-23 11:17:12,486.05,5617259
2021-04-23 11:17:14,485.8,5617498
2021-04-23 11:17:16,485.9,5618044
2021-04-23 11:17:16,485.75,5619050
2021-04-23 11:17:17,485.95,5619620
2021-04-23 11:17:19,485.8,5620940
2021-04-23 11:17:20,485.8,5621655
2021-04-23 11:17:20,485.85,5622170
2021-04-23 11:17:21,485.9,5622835
2021-04-23 11:17:22,485.8,5624295
2021-04-23 11:17:23,485.8,5624494
2021-04-23 11:17:24,485.8,5625698
2021-04-23 11:17:25,485.8,5625822
2021-04-23 11:17:26,485.9,5626226
2021-04-23 11:17:28,485.9,5626393
2021-04-23 11:17:29,485.85,5626895
2021-04-23 11:17:30,485.85,5628262
2021-04-23 11:17:31,485.8,5630318
2021-04-23 11:17:32,485.95,5630321
2021-04-23 11:17:33,485.9,5631474
2021-04-23 11:17:34,485.85,5631618
2021-04-23 11:17:35,485.8,5632625
2021-04-23 11:17:36,485.9,5633027
2021-04-23 11:17:37,485.9,5633454
2021-04-23 11:17:38,485.8,5633482
2021-04-23 11:17:39,485.9,5633748
2021-04-23 11:17:40,485.9,5633957
2021-04-23 11:17:41,485.9,5634539
2021-04-23 11:17:42,486.0,5637780
2021-04-23 11:17:43,486.0,5638378
2021-04-23 11:17:44,486.0,5638528
2021-04-23 11:17:44,486.25,5638683
2021-04-23 11:17:45,486.3,5638984
2021-04-23 11:17:46,486.05,5638987
2021-04-23 11:17:47,486.25,5639412
2021-04-23 11:17:48,486.3,5640423
2021-04-23 11:17:49,486.3,5641654
2021-04-23 11:17:50,486.3,5641654
2021-04-23 11:17:52,486.15,5642105
2021-04-23 11:17:53,486.4,5642849
2021-04-23 11:17:54,486.4,5643165
2021-04-23 11:17:55,486.3,5643542
2021-04-23 11:17:56,486.15,5643617
2021-04-23 11:17:57,486.15,5643697
2021-04-23 11:17:58,486.2,5643898
2021-04-23 11:17:59,486.5,5646605
2021-04-23 11:18:00,486.5,5647217
2021-04-23 11:18:01,486.5,5647217
2021-04-23 11:18:03,486.5,5648046
2021-04-23 11:18:04,486.5,5648466
2021-04-23 11:18:05,486.3,5648496
2021-04-23 11:18:06,486.5,5649514
2021-04-23 11:18:07,486.4,5652846
2021-04-23 11:18:08,486.45,5653350
2021-04-23 11:18:09,486.45,5653601
2021-04-23 11:18:10,486.45,5654092
2021-04-23 11:18:11,486.45,5654297
2021-04-23 11:18:12,486.35,5657324
2021-04-23 11:18:13,486.45,5657383
2021-04-23 11:18:14,486.5,5658398
2021-04-23 11:18:15,486.5,5659787
2021-04-23 11:18:17,486.5,5659791
2021-04-23 11:18:16,486.5,5659791
2021-04-23 11:18:18,486.7,5659976
2021-04-23 11:18:19,486.75,5660672
2021-04-23 11:18:20,486.7,5660889
2021-04-23 11:18:21,486.7,5660889
2021-04-23 11:18:22,486.85,5664149
2021-04-23 11:18:23,486.55,5664151
2021-04-23 11:18:24,486.55,5664601
2021-04-23 11:18:25,486.7,5664619
2021-04-23 11:18:26,486.7,5664682
2021-04-23 11:18:27,486.5,5669431
2021-04-23 11:18:28,486.5,5672143
2021-04-23 11:18:29,486.65,5673365
2021-04-23 11:18:30,486.65,5673545
2021-04-23 11:18:31,486.5,5677113
2021-04-23 11:18:32,486.5,5677313
2021-04-23 11:18:33,486.65,5677323
2021-04-23 11:18:34,486.6,5677368
2021-04-23 11:18:37,486.5,5678757
2021-04-23 11:18:38,486.65,5679809
2021-04-23 11:18:39,486.65,5679809
2021-04-23 11:18:40,486.5,5681920
2021-04-23 11:18:41,486.6,5682059
2021-04-23 11:18:42,486.55,5682063
2021-04-23 11:18:43,486.6,5683065
2021-04-23 11:18:44,486.5,5683785
2021-04-23 11:18:45,486.75,5683820
2021-04-23 11:18:46,486.55,5684131
2021-04-23 11:18:47,486.5,5684631
2021-04-23 11:18:48,486.65,5684656
2021-04-23 11:18:49,486.65,5697357
2021-04-23 11:18:50,486.6,5698021
2021-04-23 11:18:51,486.3,5698131
2021-04-23 11:18:52,486.6,5701289
2021-04-23 11:18:53,486.6,5701959
2021-04-23 11:18:54,486.6,5702285
2021-04-23 11:18:56,486.65,5702890
2021-04-23 11:18:57,486.75,5705048
2021-04-23 11:18:58,486.55,5705622
2021-04-23 11:18:59,486.55,5705622
2021-04-23 11:19:00,486.55,5705890
2021-04-23 11:19:01,486.5,5706490
2021-04-23 11:19:02,486.6,5707387
2021-04-23 11:19:03,486.6,5707670
2021-04-23 11:19:04,486.6,5707670
2021-04-23 11:19:05,486.65,5707775
2021-04-23 11:19:06,486.65,5707904
2021-04-23 11:19:07,486.6,5708055
2021-04-23 11:19:08,486.65,5708160
2021-04-23 11:19:10,486.6,5708641
2021-04-23 11:19:09,486.6,5708641
2021-04-23 11:19:11,486.6,5708961
2021-04-23 11:19:12,486.6,5710221
2021-04-23 11:19:13,486.65,5710518
2021-04-23 11:19:14,486.65,5710931
2021-04-23 11:19:15,486.7,5711435
2021-04-23 11:19:16,486.5,5711935
2021-04-23 11:19:17,486.6,5712060
2021-04-23 11:19:18,486.55,5712370
2021-04-23 11:19:19,486.7,5712470
2021-04-23 11:19:20,486.7,5712663
2021-04-23 11:19:21,486.75,5712852
2021-04-23 11:19:22,486.5,5716204
2021-04-23 11:19:23,486.65,5716461
2021-04-23 11:19:24,486.5,5719041
2021-04-23 11:19:25,486.5,5721147
2021-04-23 11:19:26,486.4,5721185
2021-04-23 11:19:27,486.5,5721285
2021-04-23 11:19:28,486.4,5721300
2021-04-23 11:19:29,486.4,5721513
2021-04-23 11:19:30,486.5,5722513
2021-04-23 11:19:31,486.5,5732987
2021-04-23 11:19:32,486.5,5732998
2021-04-23 11:19:33,486.6,5733737
2021-04-23 11:19:34,486.7,5733742
2021-04-23 11:19:35,486.65,5734459
2021-04-23 11:19:36,486.6,5734503
2021-04-23 11:19:37,486.65,5734917
2021-04-23 11:19:38,486.6,5735418
2021-04-23 11:19:39,486.6,5735985
2021-04-23 11:19:40,486.65,5737018
2021-04-23 11:19:41,486.65,5737018
2021-04-23 11:19:42,486.55,5741087
2021-04-23 11:19:43,486.6,5741570
2021-04-23 11:19:44,486.6,5741722
2021-04-23 11:19:45,486.5,5741932
2021-04-23 11:19:46,486.5,5742036
2021-04-23 11:19:47,486.6,5742677
2021-04-23 11:19:48,486.6,5743864
2021-04-23 11:19:49,486.6,5743991
2021-04-23 11:19:50,486.6,5744600
2021-04-23 11:19:51,486.5,5744611
2021-04-23 11:19:52,486.6,5746513
2021-04-23 11:19:54,486.7,5747808
2021-04-23 11:19:53,486.5,5747708
2021-04-23 11:19:55,486.7,5747953
2021-04-23 11:19:56,486.5,5748003
2021-04-23 11:19:57,486.55,5748164
2021-04-23 11:19:58,486.7,5748265
2021-04-23 11:19:59,486.5,5748658
2021-04-23 11:20:00,486.5,5748763
2021-04-23 11:20:01,486.45,5750491
2021-04-23 11:20:02,486.45,5750666
2021-04-23 11:20:03,486.45,5751360
2021-04-23 11:20:04,486.6,5754100
2021-04-23 11:20:05,486.35,5754124
2021-04-23 11:20:06,486.6,5754155
2021-04-23 11:20:07,486.6,5754155
2021-04-23 11:20:08,486.45,5756756
2021-04-23 11:20:09,486.7,5757352
2021-04-23 11:20:10,486.45,5757362
2021-04-23 11:20:11,486.5,5757420
2021-04-23 11:20:12,486.5,5758363
2021-04-23 11:20:13,486.7,5758448
2021-04-23 11:20:15,486.7,5758879
2021-04-23 11:20:15,486.7,5758878
2021-04-23 11:20:16,486.7,5759470
2021-04-23 11:20:17,486.5,5759610
2021-04-23 11:20:18,486.7,5759612
2021-04-23 11:20:19,486.7,5759612
2021-04-23 11:20:20,486.7,5759617
2021-04-23 11:20:21,486.5,5760259
2021-04-23 11:20:22,486.5,5761097
2021-04-23 11:20:23,486.5,5761297
2021-04-23 11:20:24,486.5,5761701
2021-04-23 11:20:25,486.5,5761728
2021-04-23 11:20:26,486.65,5762028
2021-04-23 11:20:27,486.65,5762078
2021-04-23 11:20:28,486.7,5762208
2021-04-23 11:20:29,486.7,5762208
2021-04-23 11:20:30,486.5,5762919
2021-04-23 11:20:31,486.65,5763501
2021-04-23 11:20:32,486.5,5763570
2021-04-23 11:20:33,486.5,5764171
2021-04-23 11:20:34,486.65,5764259
2021-04-23 11:20:35,486.5,5764260
2021-04-23 11:20:36,486.5,5764385
2021-04-23 11:20:37,486.55,5764485
2021-04-23 11:20:38,486.7,5767485
2021-04-23 11:20:40,486.5,5767919
2021-04-23 11:20:40,486.65,5767556
2021-04-23 11:20:41,486.7,5768140
2021-04-23 11:20:42,486.65,5768144
2021-04-23 11:20:43,486.5,5768300
2021-04-23 11:20:44,486.5,5768327
2021-04-23 11:20:45,486.65,5768552
2021-04-23 11:20:46,486.65,5768592
2021-04-23 11:20:47,486.65,5768763
2021-04-23 11:20:48,486.65,5768836
2021-04-23 11:20:49,486.7,5769036
2021-04-23 11:20:50,486.7,5769468
2021-04-23 11:20:51,486.7,5770133
2021-04-23 11:20:52,486.7,5770133
2021-04-23 11:20:53,486.65,5770195
2021-04-23 11:20:54,486.65,5770487
2021-04-23 11:20:55,486.65,5770567
2021-04-23 11:20:56,486.7,5770667
2021-04-23 11:20:58,486.55,5771152
2021-04-23 11:20:59,486.65,5771172
2021-04-23 11:21:00,486.7,5771308
2021-04-23 11:21:01,486.6,5771369
2021-04-23 11:21:02,486.6,5771369
2021-04-23 11:21:03,486.6,5771374
2021-04-23 11:21:04,486.7,5771474
2021-04-23 11:21:05,486.55,5771726
2021-04-23 11:21:06,486.65,5771796
2021-04-23 11:21:07,486.7,5772251
2021-04-23 11:21:08,486.6,5772261
2021-04-23 11:21:09,486.6,5772695
2021-04-23 11:21:10,486.6,5772782
2021-04-23 11:21:11,486.55,5774104
2021-04-23 11:21:12,486.6,5774314
2021-04-23 11:21:13,486.6,5774318
2021-04-23 11:21:14,486.6,5774318
2021-04-23 11:21:15,486.55,5774321
2021-04-23 11:21:16,486.6,5774420
2021-04-23 11:21:17,486.6,5774708
2021-04-23 11:21:18,486.55,5774969
2021-04-23 11:21:19,486.6,5775004
2021-04-23 11:21:20,486.6,5775329
2021-04-23 11:21:21,486.6,5775329
2021-04-23 11:21:22,486.6,5775531
2021-04-23 11:21:23,486.6,5775532
2021-04-23 11:21:24,486.6,5775542
2021-04-23 11:21:25,486.6,5776570
2021-04-23 11:21:26,486.55,5776602
2021-04-23 11:21:27,486.55,5776607
2021-04-23 11:21:28,486.55,5777971
2021-04-23 11:21:29,486.6,5778726
2021-04-23 11:21:30,486.6,5781185
2021-04-23 11:21:31,486.6,5781236
2021-04-23 11:21:32,486.55,5783040
2021-04-23 11:21:33,486.6,5783135
2021-04-23 11:21:34,486.55,5783678
2021-04-23 11:21:35,486.6,5783698
2021-04-23 11:21:36,486.6,5783722
2021-04-23 11:21:37,486.6,5783853
2021-04-23 11:21:39,486.6,5784391
2021-04-23 11:21:40,486.55,5784631
2021-04-23 11:21:41,486.55,5784631
2021-04-23 11:21:42,486.6,5784705
2021-04-23 11:21:43,486.6,5784772
2021-04-23 11:21:44,486.55,5784778
2021-04-23 11:21:45,486.6,5785149
2021-04-23 11:21:46,486.6,5785156
2021-04-23 11:21:47,486.55,5785791
2021-04-23 11:21:48,486.55,5785791
2021-04-23 11:21:49,486.6,5785794
2021-04-23 11:21:50,486.55,5786041
2021-04-23 11:21:51,486.55,5786342
2021-04-23 11:21:52,486.55,5786786
2021-04-23 11:21:53,486.55,5787121
2021-04-23 11:21:54,486.5,5787226
2021-04-23 11:21:55,486.5,5787307
2021-04-23 11:21:56,486.5,5787527
2021-04-23 11:21:57,486.55,5789016
2021-04-23 11:21:58,486.5,5789126
2021-04-23 11:21:59,486.6,5789246
2021-04-23 11:22:00,486.6,5790643
2021-04-23 11:22:01,486.5,5790899
2021-04-23 11:22:02,486.5,5791232
2021-04-23 11:22:03,486.5,5791233
2021-04-23 11:22:04,486.6,5791235
2021-04-23 11:22:05,486.6,5791386
2021-04-23 11:22:06,486.6,5791897
2021-04-23 11:22:07,486.6,5791900
2021-04-23 11:22:08,486.6,5792002
2021-04-23 11:22:09,486.5,5792024
2021-04-23 11:22:10,486.55,5792077
2021-04-23 11:22:11,486.5,5792616
2021-04-23 11:22:12,486.6,5792686
2021-04-23 11:22:13,486.6,5792686
2021-04-23 11:22:14,486.55,5792711
2021-04-23 11:22:15,486.55,5792716
2021-04-23 11:22:16,486.6,5792935
2021-04-23 11:22:17,486.55,5793076
2021-04-23 11:22:18,486.55,5793146
2021-04-23 11:22:19,486.6,5793675
2021-04-23 11:22:20,486.6,5793675
2021-04-23 11:22:21,486.55,5793914
2021-04-23 11:22:22,486.6,5793924
2021-04-23 11:22:24,486.6,5794004
2021-04-23 11:22:24,486.6,5794104
2021-04-23 11:22:25,486.6,5794617
2021-04-23 11:22:26,486.6,5794845
2021-04-23 11:22:28,486.55,5794946
2021-04-23 11:22:29,486.55,5795096
2021-04-23 11:22:30,486.6,5795285
2021-04-23 11:22:31,486.6,5795358
2021-04-23 11:22:32,486.55,5795363
2021-04-23 11:22:32,486.6,5797129
2021-04-23 11:22:33,486.6,5797150
2021-04-23 11:22:34,486.4,5806777
2021-04-23 11:22:36,486.2,5815206
2021-04-23 11:22:37,486.35,5815521
2021-04-23 11:22:38,486.2,5817404
2021-04-23 11:22:39,486.35,5817455
2021-04-23 11:22:39,486.35,5817515
2021-04-23 11:22:40,486.35,5817749
2021-04-23 11:22:42,486.2,5819359
2021-04-23 11:22:42,486.4,5819360
2021-04-23 11:22:43,486.15,5824064
2021-04-23 11:22:44,486.15,5824576
2021-04-23 11:22:45,486.05,5824976
2021-04-23 11:22:46,486.05,5825101
2021-04-23 11:22:47,486.1,5825226
2021-04-23 11:22:48,486.15,5825228
2021-04-23 11:22:49,486.15,5827735
2021-04-23 11:22:50,486.1,5827761
2021-04-23 11:22:51,486.1,5827766
2021-04-23 11:22:53,486.15,5827801
2021-04-23 11:22:53,486.1,5828001
2021-04-23 11:22:54,486.1,5828017
2021-04-23 11:22:55,486.1,5828045
2021-04-23 11:22:58,486.15,5829861
2021-04-23 11:22:58,486.15,5829864
2021-04-23 11:22:59,486.05,5829881
2021-04-23 11:23:00,486.15,5830072
2021-04-23 11:23:01,486.05,5830347
2021-04-23 11:23:02,486.15,5830468
2021-04-23 11:23:03,486.1,5830586
2021-04-23 11:23:04,486.05,5831286
2021-04-23 11:23:06,486.15,5832544
2021-04-23 11:23:07,486.05,5832826
2021-04-23 11:23:07,486.1,5832776
2021-04-23 11:23:08,486.0,5833851
2021-04-23 11:23:09,486.1,5833862
2021-04-23 11:23:10,486.0,5833890
2021-04-23 11:23:11,486.1,5837379
2021-04-23 11:23:12,486.05,5837385
2021-04-23 11:23:13,486.05,5837385
2021-04-23 11:23:14,486.2,5839511
2021-04-23 11:23:15,486.2,5839711
2021-04-23 11:23:16,486.2,5839711
2021-04-23 11:23:17,486.1,5840044
2021-04-23 11:23:19,486.15,5840063
2021-04-23 11:23:20,486.25,5840563
2021-04-23 11:23:21,486.25,5840563
2021-04-23 11:23:22,486.1,5840588
2021-04-23 11:23:23,486.15,5841039
2021-04-23 11:23:24,486.1,5841104
2021-04-23 11:23:25,486.1,5841201
2021-04-23 11:23:26,486.2,5842052
2021-04-23 11:23:26,486.2,5842152
2021-04-23 11:23:27,486.0,5844164
2021-04-23 11:23:28,486.0,5844445
2021-04-23 11:23:29,486.0,5844445
2021-04-23 11:23:30,486.15,5844625
2021-04-23 11:23:31,486.15,5844625
2021-04-23 11:23:32,486.1,5844676
2021-04-23 11:23:33,486.1,5844756
2021-04-23 11:23:34,486.0,5845424
2021-04-23 11:23:36,486.0,5845449
2021-04-23 11:23:36,486.0,5845449
2021-04-23 11:23:37,486.1,5845517
2021-04-23 11:23:38,486.0,5846117
2021-04-23 11:23:39,486.05,5846667
2021-04-23 11:23:40,486.05,5847246
2021-04-23 11:23:41,485.95,5852592
2021-04-23 11:23:42,486.05,5852636
2021-04-23 11:23:43,486.1,5853003
2021-04-23 11:23:44,486.1,5853222
2021-04-23 11:23:45,486.1,5853781
2021-04-23 11:23:46,486.1,5853781
2021-04-23 11:23:48,486.05,5853793
2021-04-23 11:23:49,486.05,5853815
2021-04-23 11:23:50,486.0,5853905
2021-04-23 11:23:51,486.0,5854463
2021-04-23 11:23:51,486.05,5854498
2021-04-23 11:23:52,486.0,5854508
2021-04-23 11:23:54,486.0,5854919
2021-04-23 11:23:54,486.0,5855380
2021-04-23 11:23:55,485.9,5855789
2021-04-23 11:23:56,485.8,5858961
2021-04-23 11:23:57,485.9,5859089
2021-04-23 11:23:58,485.95,5859190
2021-04-23 11:24:01,485.8,5860475
2021-04-23 11:24:00,485.95,5860274
2021-04-23 11:24:02,485.9,5860485
2021-04-23 11:24:04,485.85,5861136
2021-04-23 11:24:04,486.0,5861137
2021-04-23 11:24:05,485.9,5861214
2021-04-23 11:24:06,486.0,5861291
2021-04-23 11:24:07,486.0,5861642
2021-04-23 11:24:08,486.0,5861650
2021-04-23 11:24:09,485.8,5861670
2021-04-23 11:24:10,485.9,5861700
2021-04-23 11:24:11,485.95,5862064
2021-04-23 11:24:12,485.8,5862093
2021-04-23 11:24:13,485.95,5862113
2021-04-23 11:24:14,485.8,5863728
2021-04-23 11:24:15,485.8,5863728
2021-04-23 11:24:16,485.8,5864016
2021-04-23 11:24:18,485.75,5864786
2021-04-23 11:24:19,485.8,5864800
2021-04-23 11:24:19,485.85,5864997
2021-04-23 11:24:20,485.75,5865263
2021-04-23 11:24:21,485.75,5865413
2021-04-23 11:24:22,485.75,5865520
2021-04-23 11:24:23,485.75,5865520
2021-04-23 11:24:24,485.75,5865756
2021-04-23 11:24:25,485.75,5866938
2021-04-23 11:24:26,485.75,5866938
2021-04-23 11:24:27,485.75,5866938
2021-04-23 11:24:28,485.55,5868044
2021-04-23 11:24:29,485.7,5868617
2021-04-23 11:24:30,485.7,5868617
2021-04-23 11:24:31,485.55,5868739
2021-04-23 11:24:32,485.55,5868839
2021-04-23 11:24:33,485.7,5868969
2021-04-23 11:24:34,485.55,5869125
2021-04-23 11:24:35,485.7,5869152
2021-04-23 11:24:36,485.7,5869162
2021-04-23 11:24:37,485.45,5873066
2021-04-23 11:24:38,485.7,5873506
2021-04-23 11:24:39,485.45,5873757
2021-04-23 11:24:41,485.5,5874785
2021-04-23 11:24:42,485.55,5875037
2021-04-23 11:24:43,485.7,5875145
2021-04-23 11:24:44,485.55,5875245
2021-04-23 11:24:45,485.45,5875415
2021-04-23 11:24:46,485.5,5876594
2021-04-23 11:24:47,485.5,5876720
2021-04-23 11:24:47,485.5,5876875
2021-04-23 11:24:48,485.45,5877236
2021-04-23 11:24:50,485.5,5877269
2021-04-23 11:24:51,485.5,5877269
2021-04-23 11:24:52,485.5,5877459
2021-04-23 11:24:53,485.45,5877463
2021-04-23 11:24:54,485.45,5877534
2021-04-23 11:24:54,485.45,5877609
2021-04-23 11:24:56,485.45,5880064
2021-04-23 11:24:56,485.45,5880076
2021-04-23 11:24:57,485.45,5881208
2021-04-23 11:24:58,485.45,5881416
2021-04-23 11:24:59,485.5,5881456
2021-04-23 11:25:01,485.8,5888191
2021-04-23 11:25:02,485.9,5888250
2021-04-23 11:25:02,485.9,5888250
2021-04-23 11:25:03,485.7,5888271
2021-04-23 11:25:04,485.8,5888294
2021-04-23 11:25:05,485.8,5888294
2021-04-23 11:25:06,485.85,5888304
2021-04-23 11:25:07,485.85,5888305
2021-04-23 11:25:08,485.9,5888615
2021-04-23 11:25:10,485.85,5888642
2021-04-23 11:25:10,485.8,5888971
2021-04-23 11:25:11,485.8,5888971
2021-04-23 11:25:12,485.8,5889321
2021-04-23 11:25:13,485.8,5889340
2021-04-23 11:25:15,485.8,5889340
2021-04-23 11:25:16,485.9,5889365
2021-04-23 11:25:17,485.95,5890121
2021-04-23 11:25:17,485.75,5890744
2021-04-23 11:25:18,485.75,5890744
2021-04-23 11:25:20,486.0,5890764
2021-04-23 11:25:21,486.0,5890927
2021-04-23 11:25:21,486.0,5890927
2021-04-23 11:25:23,485.85,5891042
2021-04-23 11:25:23,486.0,5891065
2021-04-23 11:25:25,485.9,5891127
2021-04-23 11:25:26,485.9,5891127
2021-04-23 11:25:26,485.9,5891127
2021-04-23 11:25:28,486.0,5891165
2021-04-23 11:25:28,486.0,5891205
2021-04-23 11:25:29,485.9,5891225
2021-04-23 11:25:30,486.0,5891231
2021-04-23 11:25:31,486.0,5891231
2021-04-23 11:25:32,486.0,5891232
2021-04-23 11:25:33,486.0,5891332
2021-04-23 11:25:34,485.85,5891338
2021-04-23 11:25:35,485.85,5891772
2021-04-23 11:25:37,485.95,5891904
2021-04-23 11:25:38,486.0,5893294
2021-04-23 11:25:39,485.9,5893406
2021-04-23 11:25:39,485.8,5893404
2021-04-23 11:25:40,485.8,5893435
2021-04-23 11:25:41,485.9,5893450
2021-04-23 11:25:42,485.9,5893455
2021-04-23 11:25:43,485.8,5893928
2021-04-23 11:25:45,485.9,5894628
2021-04-23 11:25:46,485.9,5894628
2021-04-23 11:25:47,485.9,5894639
2021-04-23 11:25:48,485.9,5894639
2021-04-23 11:25:49,485.8,5894679
2021-04-23 11:25:50,486.0,5895280
2021-04-23 11:25:50,486.0,5895280
2021-04-23 11:25:51,485.9,5895560
2021-04-23 11:25:52,485.95,5895572
2021-04-23 11:25:54,485.95,5895572
2021-04-23 11:25:55,485.95,5896004
2021-04-23 11:25:55,485.95,5896054
2021-04-23 11:25:56,485.95,5896054
2021-04-23 11:25:57,485.95,5896305
2021-04-23 11:25:59,485.9,5896375
2021-04-23 11:26:00,485.9,5896375
2021-04-23 11:26:00,485.9,5896375
2021-04-23 11:26:01,485.9,5896375
2021-04-23 11:26:03,486.0,5896975
2021-04-23 11:26:04,486.0,5897422
2021-04-23 11:26:05,486.0,5897462
2021-04-23 11:26:06,485.95,5897466
2021-04-23 11:26:07,486.0,5897517
2021-04-23 11:26:07,486.0,5897517
2021-04-23 11:26:08,485.95,5897570
2021-04-23 11:26:09,486.0,5898320
2021-04-23 11:26:10,485.95,5898349
2021-04-23 11:26:12,486.0,5898366
2021-04-23 11:26:13,486.0,5898366
2021-04-23 11:26:14,486.0,5899786
2021-04-23 11:26:14,486.0,5899836
2021-04-23 11:26:15,486.0,5899836
2021-04-23 11:26:16,486.0,5899858
2021-04-23 11:26:17,485.95,5899991
2021-04-23 11:26:18,485.95,5899991
2021-04-23 11:26:19,485.9,5900208
2021-04-23 11:26:20,485.85,5901786
2021-04-23 11:26:22,485.9,5901797
2021-04-23 11:26:23,485.95,5901997
2021-04-23 11:26:24,485.9,5901998
2021-04-23 11:26:24,485.9,5901998
2021-04-23 11:26:25,485.8,5902025
2021-04-23 11:26:26,485.9,5902030
2021-04-23 11:26:27,485.9,5902031
2021-04-23 11:26:28,485.9,5902031
2021-04-23 11:26:29,485.9,5902031
2021-04-23 11:26:31,485.8,5902061
2021-04-23 11:26:31,485.8,5903056
2021-04-23 11:26:32,485.9,5903488
2021-04-23 11:26:33,485.9,5903539
2021-04-23 11:26:35,485.9,5903539
2021-04-23 11:26:36,485.8,5903658
2021-04-23 11:26:37,485.9,5903808
2021-04-23 11:26:38,485.9,5904258
2021-04-23 11:26:39,485.9,5904258
2021-04-23 11:26:39,485.8,5904528
2021-04-23 11:26:41,485.8,5904555
2021-04-23 11:26:41,485.8,5904555
2021-04-23 11:26:42,485.8,5904580
2021-04-23 11:26:43,485.9,5904581
2021-04-23 11:26:45,485.8,5904591
2021-04-23 11:26:46,485.8,5904601
2021-04-23 11:26:47,485.8,5904631
2021-04-23 11:26:48,485.8,5904631
2021-04-23 11:26:49,485.9,5904975
2021-04-23 11:26:50,485.8,5906429
2021-04-23 11:26:50,485.8,5906429
2021-04-23 11:26:52,485.85,5909958
2021-04-23 11:26:53,485.85,5909958
2021-04-23 11:26:53,485.65,5910460
2021-04-23 11:26:54,485.75,5910465
2021-04-23 11:26:56,485.65,5910493
2021-04-23 11:26:57,485.65,5910493
2021-04-23 11:26:58,485.75,5910494
2021-04-23 11:26:59,485.75,5910494
2021-04-23 11:27:00,485.55,5912862
2021-04-23 11:27:01,485.45,5912945
2021-04-23 11:27:02,485.45,5912960
2021-04-23 11:27:03,485.55,5912965
2021-04-23 11:27:04,485.5,5913060
2021-04-23 11:27:05,485.5,5913060
2021-04-23 11:27:06,485.45,5913138
2021-04-23 11:27:07,485.45,5913488
2021-04-23 11:27:08,485.45,5913490
2021-04-23 11:27:09,485.5,5913690
2021-04-23 11:27:10,485.45,5913940
2021-04-23 11:27:11,485.55,5914127
2021-04-23 11:27:12,485.55,5914328
2021-04-23 11:27:13,485.6,5914349
2021-04-23 11:27:13,485.5,5914353
2021-04-23 11:27:14,485.5,5914957
2021-04-23 11:27:15,485.45,5915670
2021-04-23 11:27:16,485.45,5916643
2021-04-23 11:27:17,485.5,5916879
2021-04-23 11:27:18,485.4,5917058
2021-04-23 11:27:19,485.4,5917058
2021-04-23 11:27:20,485.4,5917078
2021-04-23 11:27:21,485.45,5917131
2021-04-23 11:27:23,485.4,5918140
2021-04-23 11:27:24,484.7,5934545
2021-04-23 11:27:25,484.8,5934574
2021-04-23 11:27:26,484.95,5935520
2021-04-23 11:27:27,484.85,5935911
2021-04-23 11:27:28,484.95,5936363
2021-04-23 11:27:29,484.85,5936885
2021-04-23 11:27:29,484.65,5939878
2021-04-23 11:27:30,484.7,5940333
2021-04-23 11:27:31,484.7,5940336
2021-04-23 11:27:32,484.9,5940721
2021-04-23 11:27:34,484.8,5941073
2021-04-23 11:27:35,484.8,5941073
2021-04-23 11:27:36,484.85,5942331
2021-04-23 11:27:37,484.85,5942351
2021-04-23 11:27:38,484.85,5942485
2021-04-23 11:27:39,484.75,5942935
2021-04-23 11:27:40,484.75,5943043
2021-04-23 11:27:41,484.75,5943043
2021-04-23 11:27:42,484.75,5943493
2021-04-23 11:27:43,484.9,5943695
2021-04-23 11:27:44,484.9,5943774
2021-04-23 11:27:45,484.8,5944182
2021-04-23 11:27:46,484.8,5944202
2021-04-23 11:27:46,484.85,5944222
2021-04-23 11:27:47,484.8,5944367
2021-04-23 11:27:48,484.8,5944800
2021-04-23 11:27:50,484.8,5944900
2021-04-23 11:27:51,484.9,5945001
2021-04-23 11:27:52,484.9,5945006
2021-04-23 11:27:53,484.8,5945273
2021-04-23 11:27:54,484.75,5946383
2021-04-23 11:27:55,484.75,5946911
2021-04-23 11:27:56,484.8,5947331
2021-04-23 11:27:57,484.8,5947461
2021-04-23 11:27:58,484.8,5947856
2021-04-23 11:27:59,484.8,5948446
2021-04-23 11:28:00,484.8,5948448
2021-04-23 11:28:01,484.8,5948598
2021-04-23 11:28:02,484.8,5948608
2021-04-23 11:28:03,484.8,5948848
2021-04-23 11:28:04,484.8,5948998
2021-04-23 11:28:05,484.8,5949942
2021-04-23 11:28:06,484.75,5952982
2021-04-23 11:28:08,484.9,5953425
2021-04-23 11:28:09,484.8,5954034
2021-04-23 11:28:10,484.8,5954161
2021-04-23 11:28:11,484.8,5954337
2021-04-23 11:28:12,484.8,5954340
2021-04-23 11:28:13,484.75,5957940
2021-04-23 11:28:14,484.9,5958040
2021-04-23 11:28:15,484.75,5959046
2021-04-23 11:28:16,484.75,5959202
2021-04-23 11:28:17,484.8,5959302
2021-04-23 11:28:18,484.75,5959402
2021-04-23 11:28:19,484.75,5959422
2021-04-23 11:28:20,484.75,5959422
2021-04-23 11:28:21,484.8,5959423
2021-04-23 11:28:21,484.8,5959424
2021-04-23 11:28:23,484.8,5959486
2021-04-23 11:28:23,484.8,5959496
2021-04-23 11:28:24,484.85,5959506
2021-04-23 11:28:25,484.9,5960558
2021-04-23 11:28:26,484.8,5961218
2021-04-23 11:28:27,484.8,5961219
2021-04-23 11:28:29,484.75,5961269
2021-04-23 11:28:30,484.75,5961448
2021-04-23 11:28:31,484.75,5961867
2021-04-23 11:28:31,484.75,5961867
2021-04-23 11:28:33,484.75,5961867
2021-04-23 11:28:34,484.65,5963032
2021-04-23 11:28:35,484.9,5964073
2021-04-23 11:28:36,484.9,5965299
2021-04-23 11:28:37,484.65,5974123
2021-04-23 11:28:38,484.65,5974123
2021-04-23 11:28:39,484.8,5974124
2021-04-23 11:28:40,484.7,5974314
2021-04-23 11:28:41,484.7,5974365
2021-04-23 11:28:42,484.8,5974407
2021-04-23 11:28:44,484.8,5974490
2021-04-23 11:28:45,484.8,5974492
2021-04-23 11:28:45,484.8,5974920
2021-04-23 11:28:47,484.8,5974980
2021-04-23 11:28:48,484.85,5976619
2021-04-23 11:28:49,484.9,5976670
2021-04-23 11:28:50,484.9,5976670
2021-04-23 11:28:51,484.8,5977363
2021-04-23 11:28:52,484.7,5978388
2021-04-23 11:28:53,484.7,5978675
2021-04-23 11:28:54,484.7,5978675
2021-04-23 11:28:55,484.7,5978702
2021-04-23 11:28:56,484.85,5978744
2021-04-23 11:28:57,484.9,5978880
2021-04-23 11:28:58,484.9,5978885
2021-04-23 11:28:59,484.9,5978885
2021-04-23 11:29:00,484.85,5978888
2021-04-23 11:29:01,484.85,5978899
2021-04-23 11:29:02,484.75,5979356
2021-04-23 11:29:03,484.75,5979361
2021-04-23 11:29:04,484.75,5979390
2021-04-23 11:29:05,484.75,5979478
2021-04-23 11:29:06,484.75,5979478
2021-04-23 11:29:07,484.8,5979804
2021-04-23 11:29:08,484.7,5980304
2021-04-23 11:29:09,484.6,5983093
2021-04-23 11:29:10,484.7,5983125
2021-04-23 11:29:12,484.6,5983266
2021-04-23 11:29:13,484.6,5983266
2021-04-23 11:29:14,484.6,5983268
2021-04-23 11:29:15,484.5,5983423
2021-04-23 11:29:16,484.7,5983523
2021-04-23 11:29:17,484.5,5983655
2021-04-23 11:29:18,484.5,5983685
2021-04-23 11:29:19,484.5,5983685
2021-04-23 11:29:20,484.5,5983685
2021-04-23 11:29:21,484.65,5984695
2021-04-23 11:29:22,484.7,5985804
2021-04-23 11:29:23,484.5,5986030
2021-04-23 11:29:24,484.55,5987193
2021-04-23 11:29:25,484.55,5987225
2021-04-23 11:29:26,484.5,5987453
2021-04-23 11:29:27,484.35,5990779
2021-04-23 11:29:28,484.35,5990779
2021-04-23 11:29:29,484.45,5990799
2021-04-23 11:29:30,484.45,5990824
2021-04-23 11:29:31,484.35,5991024
2021-04-23 11:29:32,484.45,5991029
2021-04-23 11:29:33,484.45,5991334
2021-04-23 11:29:35,484.5,5993276
2021-04-23 11:29:36,484.65,5993279
2021-04-23 11:29:37,484.65,5993464
2021-04-23 11:29:38,484.45,5993639
2021-04-23 11:29:39,484.4,5993678
2021-04-23 11:29:40,484.65,5994110
2021-04-23 11:29:41,484.4,5994350
2021-04-23 11:29:42,484.4,5994788
2021-04-23 11:29:43,484.4,5995288
2021-04-23 11:29:44,484.4,5995288
2021-04-23 11:29:45,484.5,5995293
2021-04-23 11:29:46,484.5,5995348
2021-04-23 11:29:47,484.5,5995348
2021-04-23 11:29:49,484.5,5995463
2021-04-23 11:29:48,484.5,5995463
2021-04-23 11:29:50,484.4,5995464
2021-04-23 11:29:51,484.45,5996275
2021-04-23 11:29:52,484.55,5996384
2021-04-23 11:29:53,484.5,5996484
2021-04-23 11:29:54,484.5,5996484
2021-04-23 11:29:55,484.45,5996531
2021-04-23 11:29:56,484.5,5996532
2021-04-23 11:29:57,484.5,5996792
2021-04-23 11:29:58,484.45,5997132
2021-04-23 11:29:59,484.45,5997132
2021-04-23 11:30:00,484.5,5997304
2021-04-23 11:30:01,484.6,5997542
2021-04-23 11:30:02,484.6,5997851
2021-04-23 11:30:03,484.5,5998184
2021-04-23 11:30:04,484.5,5998194
2021-04-23 11:30:05,484.65,5998214
2021-04-23 11:30:06,484.65,5998215
2021-04-23 11:30:07,484.5,5998260
2021-04-23 11:30:08,484.7,5998373
2021-04-23 11:30:09,484.7,5998373
2021-04-23 11:30:10,484.55,5998710
2021-04-23 11:30:11,484.55,5998710
2021-04-23 11:30:12,484.55,5998778
2021-04-23 11:30:13,484.65,5998811
2021-04-23 11:30:14,484.7,5998822
2021-04-23 11:30:15,484.7,5999322
2021-04-23 11:30:16,484.7,5999330
2021-04-23 11:30:17,484.7,5999460
2021-04-23 11:30:18,484.7,5999700
2021-04-23 11:30:19,484.65,5999701
2021-04-23 11:30:20,484.65,5999933
2021-04-23 11:30:21,484.7,6000342
2021-04-23 11:30:22,484.75,6001142
2021-04-23 11:30:23,484.7,6001333
2021-04-23 11:30:24,484.7,6001333
2021-04-23 11:30:25,484.7,6001469
2021-04-23 11:30:26,484.9,6001473
2021-04-23 11:30:27,484.9,6001473
2021-04-23 11:30:28,484.9,6001473
2021-04-23 11:30:29,484.75,6001486
2021-04-23 11:30:30,484.8,6001537
2021-04-23 11:30:31,484.75,6001887
2021-04-23 11:30:32,484.9,6001964
2021-04-23 11:30:33,485.05,6006205
2021-04-23 11:30:34,484.8,6006361
2021-04-23 11:30:35,484.8,6006451
2021-04-23 11:30:36,484.8,6006451
2021-04-23 11:30:37,484.8,6006451
2021-04-23 11:30:38,484.95,6006831
2021-04-23 11:30:39,485.05,6007264
2021-04-23 11:30:40,485.0,6007502
2021-04-23 11:30:41,485.05,6008402
2021-04-23 11:30:42,484.85,6008983
2021-04-23 11:30:43,484.85,6008983
2021-04-23 11:30:44,484.95,6008993
2021-04-23 11:30:45,485.05,6008998
2021-04-23 11:30:46,484.95,6009053
2021-04-23 11:30:47,485.0,6009114
2021-04-23 11:30:48,485.0,6009149
2021-04-23 11:30:49,484.95,6009437
2021-04-23 11:30:50,484.85,6016888
2021-04-23 11:30:51,484.7,6017967
2021-04-23 11:30:52,484.9,6018784
2021-04-23 11:30:53,484.8,6018984
2021-04-23 11:30:54,484.9,6019386
2021-04-23 11:30:55,484.7,6020015
2021-04-23 11:30:56,484.6,6020149
2021-04-23 11:30:57,484.85,6020253
2021-04-23 11:30:58,484.8,6020692
2021-04-23 11:31:00,484.65,6020712
2021-04-23 11:31:00,484.65,6020712
2021-04-23 11:31:01,484.55,6021577
2021-04-23 11:31:02,484.55,6021577
2021-04-23 11:31:03,484.8,6022687
2021-04-23 11:31:04,484.8,6023106
2021-04-23 11:31:05,484.8,6023109
2021-04-23 11:31:06,484.55,6023309
2021-04-23 11:31:07,484.8,6023410
2021-04-23 11:31:08,484.8,6023410
2021-04-23 11:31:09,484.8,6023697
2021-04-23 11:31:10,484.65,6024204
2021-04-23 11:31:11,484.75,6024304
2021-04-23 11:31:12,484.65,6024524
2021-04-23 11:31:14,484.6,6024709
2021-04-23 11:31:14,484.65,6024810
2021-04-23 11:31:15,484.55,6025839
2021-04-23 11:31:16,484.65,6025865
2021-04-23 11:31:17,484.55,6026041
2021-04-23 11:31:18,484.8,6026504
2021-04-23 11:31:19,484.8,6026554
2021-04-23 11:31:20,484.8,6026769
2021-04-23 11:31:21,484.6,6026789
2021-04-23 11:31:22,484.5,6027184
2021-04-23 11:31:23,484.5,6027184
2021-04-23 11:31:24,484.75,6027194
2021-04-23 11:31:25,484.75,6027223
2021-04-23 11:31:26,484.75,6027244
2021-04-23 11:31:27,484.6,6027405
2021-04-23 11:31:28,484.6,6027405
2021-04-23 11:31:30,484.75,6027408
2021-04-23 11:31:30,484.8,6030291
2021-04-23 11:31:31,484.8,6030291
2021-04-23 11:31:32,484.7,6030331
2021-04-23 11:31:33,484.75,6030342
2021-04-23 11:31:35,484.8,6030376
2021-04-23 11:31:35,484.8,6030376
2021-04-23 11:31:36,484.7,6030420
2021-04-23 11:31:37,484.95,6030965
2021-04-23 11:31:38,484.95,6030968
2021-04-23 11:31:39,484.8,6031337
2021-04-23 11:31:40,484.75,6031870
2021-04-23 11:31:41,484.75,6031870
2021-04-23 11:31:42,485.0,6032030
2021-04-23 11:31:43,485.05,6032829
2021-04-23 11:31:44,484.95,6032861
2021-04-23 11:31:45,484.9,6033096
2021-04-23 11:31:46,485.0,6033097
2021-04-23 11:31:48,485.0,6033107
2021-04-23 11:31:48,484.8,6033347
2021-04-23 11:31:49,484.8,6033347
2021-04-23 11:31:50,484.8,6033347
2021-04-23 11:31:51,484.75,6033851
2021-04-23 11:31:52,484.75,6033851
2021-04-23 11:31:53,484.75,6033851
2021-04-23 11:31:54,484.75,6033851
2021-04-23 11:31:55,485.0,6034283
2021-04-23 11:31:56,484.8,6034358
2021-04-23 11:31:57,484.8,6034358
2021-04-23 11:31:58,484.8,6034358
2021-04-23 11:31:59,485.0,6035584
2021-04-23 11:32:00,485.0,6035584
2021-04-23 11:32:01,484.95,6035618
2021-04-23 11:32:02,485.0,6035953
2021-04-23 11:32:03,484.8,6036275
2021-04-23 11:32:04,484.85,6036279
2021-04-23 11:32:05,484.8,6036282
2021-04-23 11:32:06,485.0,6036284
2021-04-23 11:32:07,484.95,6036343
2021-04-23 11:32:08,485.0,6036346
2021-04-23 11:32:09,484.85,6036446
2021-04-23 11:32:10,485.0,6036659
2021-04-23 11:32:11,485.0,6036660
2021-04-23 11:32:12,485.0,6036785
2021-04-23 11:32:13,485.0,6036822
2021-04-23 11:32:14,485.0,6037254
2021-04-23 11:32:15,484.9,6037334
2021-04-23 11:32:16,485.0,6037434
2021-04-23 11:32:17,485.0,6038135
2021-04-23 11:32:18,485.0,6038135
2021-04-23 11:32:19,485.0,6038136
2021-04-23 11:32:20,485.0,6038136
2021-04-23 11:32:21,484.85,6038259
2021-04-23 11:32:22,485.0,6038275
2021-04-23 11:32:23,484.95,6038276
2021-04-23 11:32:24,484.85,6038301
2021-04-23 11:32:25,484.85,6038452
2021-04-23 11:32:26,485.0,6038552
2021-04-23 11:32:27,485.0,6038552
2021-04-23 11:32:28,485.0,6038557
2021-04-23 11:32:29,484.85,6038585
2021-04-23 11:32:30,484.95,6038754
2021-04-23 11:32:31,484.95,6038854
2021-04-23 11:32:32,484.95,6038854
2021-04-23 11:32:33,484.95,6039286
2021-04-23 11:32:34,484.85,6039309
2021-04-23 11:32:35,485.0,6039709
2021-04-23 11:32:36,484.8,6040410
2021-04-23 11:32:37,484.9,6040412
2021-04-23 11:32:38,484.85,6040525
2021-04-23 11:32:39,484.9,6040557
2021-04-23 11:32:40,484.85,6040584
2021-04-23 11:32:41,484.95,6040589
2021-04-23 11:32:42,484.85,6040620
2021-04-23 11:32:43,484.85,6040620
2021-04-23 11:32:44,484.95,6040635
2021-04-23 11:32:45,484.85,6040641
2021-04-23 11:32:46,484.85,6040646
2021-04-23 11:32:47,484.85,6040647
2021-04-23 11:32:48,484.85,6040670
2021-04-23 11:32:50,484.85,6040670
2021-04-23 11:32:50,484.85,6040956
2021-04-23 11:32:51,484.8,6041009
2021-04-23 11:32:52,484.85,6041973
2021-04-23 11:32:53,484.85,6041983
2021-04-23 11:32:54,484.85,6041984
2021-04-23 11:32:55,484.8,6042042
2021-04-23 11:32:56,484.8,6042043
2021-04-23 11:32:57,484.8,6042475
2021-04-23 11:32:58,484.8,6042525
2021-04-23 11:32:59,484.8,6042525
2021-04-23 11:33:00,484.85,6042531
2021-04-23 11:33:01,484.85,6042531
2021-04-23 11:33:02,484.85,6042531
2021-04-23 11:33:03,484.8,6042863
2021-04-23 11:33:04,484.8,6043472
2021-04-23 11:33:05,484.9,6043521
2021-04-23 11:33:06,484.9,6043521
2021-04-23 11:33:07,484.9,6043521
2021-04-23 11:33:08,484.8,6043525
2021-04-23 11:33:09,484.8,6043525
2021-04-23 11:33:10,484.8,6043552
2021-04-23 11:33:11,484.9,6043659
2021-04-23 11:33:12,484.95,6044069
2021-04-23 11:33:13,484.75,6048805
2021-04-23 11:33:14,484.75,6048805
2021-04-23 11:33:15,484.55,6049809
2021-04-23 11:33:16,484.7,6049811
2021-04-23 11:33:18,484.7,6049954
2021-04-23 11:33:20,484.7,6050055
2021-04-23 11:33:20,484.55,6051426
2021-04-23 11:33:21,484.7,6051606
2021-04-23 11:33:22,484.7,6051606
2021-04-23 11:33:23,484.45,6059201
2021-04-23 11:33:24,484.65,6059233
2021-04-23 11:33:25,484.65,6059243
2021-04-23 11:33:26,484.65,6059243
2021-04-23 11:33:27,484.6,6059570
2021-04-23 11:33:28,484.6,6059570
2021-04-23 11:33:29,484.5,6059571
2021-04-23 11:33:30,484.4,6060794
2021-04-23 11:33:32,484.65,6061203
2021-04-23 11:33:33,484.65,6061203
2021-04-23 11:33:34,484.4,6061206
2021-04-23 11:33:35,484.4,6066438
2021-04-23 11:33:36,484.65,6066783
2021-04-23 11:33:37,484.65,6067163
2021-04-23 11:33:38,484.65,6067163
2021-04-23 11:33:39,484.65,6067174
2021-04-23 11:33:40,484.25,6073158
2021-04-23 11:33:41,484.25,6073304
2021-04-23 11:33:42,484.4,6073329
2021-04-23 11:33:44,484.25,6073382
2021-04-23 11:33:44,484.25,6073382
2021-04-23 11:33:45,484.4,6073383
2021-04-23 11:33:46,484.4,6073484
2021-04-23 11:33:47,484.05,6079080
2021-04-23 11:33:48,484.2,6079172
2021-04-23 11:33:49,484.2,6079685
2021-04-23 11:33:50,484.05,6080334
2021-04-23 11:33:51,484.05,6081947
2021-04-23 11:33:52,484.0,6088801
2021-04-23 11:33:53,484.1,6089078
2021-04-23 11:33:54,484.0,6092472
2021-04-23 11:33:55,484.15,6092506
2021-04-23 11:33:57,484.2,6094037
2021-04-23 11:33:58,484.2,6094389
2021-04-23 11:33:59,484.2,6094401
2021-04-23 11:34:00,484.15,6094494
2021-04-23 11:34:01,484.05,6095197
2021-04-23 11:34:01,484.05,6095197
2021-04-23 11:34:02,484.05,6095897
2021-04-23 11:34:03,484.05,6097198
2021-04-23 11:34:05,484.1,6097609
2021-04-23 11:34:06,484.2,6099104
2021-04-23 11:34:07,484.1,6099114
2021-04-23 11:34:07,484.1,6099134
2021-04-23 11:34:08,484.25,6099566
2021-04-23 11:34:09,484.1,6100233
2021-04-23 11:34:11,484.25,6101019
2021-04-23 11:34:12,484.2,6101104
2021-04-23 11:34:13,484.05,6101304
2021-04-23 11:34:13,484.2,6101904
2021-04-23 11:34:14,484.3,6101914
2021-04-23 11:34:16,484.3,6102015
2021-04-23 11:34:17,484.3,6102446
2021-04-23 11:34:18,484.1,6102701
2021-04-23 11:34:19,484.1,6102921
2021-04-23 11:34:20,484.3,6103038
2021-04-23 11:34:21,484.1,6103048
2021-04-23 11:34:21,484.1,6103048
2021-04-23 11:34:22,484.1,6103048
2021-04-23 11:34:23,484.1,6103048
2021-04-23 11:34:24,484.3,6103250
2021-04-23 11:34:25,484.15,6103352
2021-04-23 11:34:26,484.2,6103579
2021-04-23 11:34:27,484.1,6104821
2021-04-23 11:34:28,484.2,6104884
2021-04-23 11:34:29,484.1,6105184
2021-04-23 11:34:30,484.2,6105186
2021-04-23 11:34:32,484.2,6105266
2021-04-23 11:34:33,484.1,6105643
2021-04-23 11:34:34,484.2,6105943
2021-04-23 11:34:35,484.1,6105988
2021-04-23 11:34:36,484.2,6107148
2021-04-23 11:34:37,484.15,6107328
2021-04-23 11:34:39,484.1,6107378
2021-04-23 11:34:40,484.1,6108461
2021-04-23 11:34:41,484.1,6108461
2021-04-23 11:34:42,484.1,6108561
2021-04-23 11:34:43,484.1,6108571
2021-04-23 11:34:44,484.1,6109571
2021-04-23 11:34:45,484.1,6109591
2021-04-23 11:34:46,484.2,6109776
2021-04-23 11:34:47,484.2,6110042
2021-04-23 11:34:49,484.1,6110492
2021-04-23 11:34:50,484.1,6111492
2021-04-23 11:34:51,484.1,6112992
2021-04-23 11:34:52,484.2,6115059
2021-04-23 11:34:54,484.1,6115113
2021-04-23 11:34:55,484.1,6115440
2021-04-23 11:34:56,484.2,6115540
2021-04-23 11:34:57,484.25,6115690
2021-04-23 11:34:58,484.3,6115950
2021-04-23 11:34:58,484.3,6115950
2021-04-23 11:34:59,484.1,6115960
2021-04-23 11:35:00,484.3,6116260
2021-04-23 11:35:01,484.3,6116260
2021-04-23 11:35:02,484.5,6120453
2021-04-23 11:35:03,484.4,6120481
2021-04-23 11:35:04,484.25,6121167
2021-04-23 11:35:05,484.5,6122100
2021-04-23 11:35:06,484.5,6122100
2021-04-23 11:35:07,484.3,6122110
2021-04-23 11:35:08,484.4,6122138
2021-04-23 11:35:09,484.4,6122163
2021-04-23 11:35:10,484.3,6122191
2021-04-23 11:35:11,484.3,6122261
2021-04-23 11:35:13,484.3,6122261
2021-04-23 11:35:14,484.65,6129370
2021-04-23 11:35:15,484.6,6130770
2021-04-23 11:35:16,484.6,6130770
2021-04-23 11:35:17,484.6,6130770
2021-04-23 11:35:18,484.3,6131400
2021-04-23 11:35:19,484.5,6131430
2021-04-23 11:35:20,484.35,6132082
2021-04-23 11:35:20,484.35,6132082
2021-04-23 11:35:21,484.35,6132082
2021-04-23 11:35:22,484.35,6132082
2021-04-23 11:35:23,484.35,6132585
2021-04-23 11:35:24,484.3,6134016
2021-04-23 11:35:26,484.55,6134064
2021-04-23 11:35:27,484.6,6134104
2021-04-23 11:35:28,484.6,6134104
2021-04-23 11:35:29,484.6,6134104
2021-04-23 11:35:30,484.6,6134104
2021-04-23 11:35:31,484.55,6134105
2021-04-23 11:35:31,484.35,6134130
2021-04-23 11:35:32,484.35,6134130
2021-04-23 11:35:33,484.6,6134540
2021-04-23 11:35:34,484.6,6134542
2021-04-23 11:35:35,484.35,6134552
2021-04-23 11:35:36,484.6,6134555
2021-04-23 11:35:37,484.4,6134571
2021-04-23 11:35:38,484.4,6134571
2021-04-23 11:35:39,484.4,6134854
2021-04-23 11:35:40,484.4,6134994
2021-04-23 11:35:41,484.35,6135094
2021-04-23 11:35:42,484.35,6135094
2021-04-23 11:35:44,484.35,6135828
2021-04-23 11:35:45,484.35,6136498
2021-04-23 11:35:46,484.4,6136598
2021-04-23 11:35:47,484.4,6136606
2021-04-23 11:35:48,484.4,6136611
2021-04-23 11:35:49,484.4,6136719
2021-04-23 11:35:50,484.4,6136833
2021-04-23 11:35:50,484.4,6136833
2021-04-23 11:35:51,484.35,6136962
2021-04-23 11:35:52,484.35,6137073
2021-04-23 11:35:53,484.55,6137474
2021-04-23 11:35:54,484.55,6137474
2021-04-23 11:35:55,484.4,6137516
2021-04-23 11:35:56,484.4,6137554
2021-04-23 11:35:57,484.4,6137684
2021-04-23 11:35:59,484.4,6137827
2021-04-23 11:36:00,484.55,6137924
2021-04-23 11:36:01,484.55,6138126
2021-04-23 11:36:02,484.35,6138681
2021-04-23 11:36:02,484.5,6138747
2021-04-23 11:36:03,484.55,6139092
2021-04-23 11:36:04,484.55,6139092
2021-04-23 11:36:05,484.55,6139092
2021-04-23 11:36:06,484.55,6139092
2021-04-23 11:36:07,484.4,6139166
2021-04-23 11:36:08,484.4,6139196
2021-04-23 11:36:10,484.4,6139228
2021-04-23 11:36:11,484.6,6139838
2021-04-23 11:36:12,484.45,6139839
2021-04-23 11:36:13,484.45,6139839
2021-04-23 11:36:14,484.45,6139839
2021-04-23 11:36:15,484.45,6139839
2021-04-23 11:36:16,484.6,6140864
2021-04-23 11:36:17,484.6,6141194
2021-04-23 11:36:18,484.6,6141194
2021-04-23 11:36:18,484.55,6141393
2021-04-23 11:36:20,484.55,6141393
2021-04-23 11:36:21,484.55,6141417
2021-04-23 11:36:22,484.55,6141832
2021-04-23 11:36:23,484.55,6141833
2021-04-23 11:36:24,484.55,6141917
2021-04-23 11:36:25,484.55,6141944
2021-04-23 11:36:26,484.55,6142024
2021-04-23 11:36:27,484.55,6142768
2021-04-23 11:36:28,484.6,6142838
2021-04-23 11:36:29,484.6,6142863
2021-04-23 11:36:30,484.6,6143269
2021-04-23 11:36:31,484.6,6143269
2021-04-23 11:36:32,484.6,6143329
2021-04-23 11:36:33,484.6,6143383
2021-04-23 11:36:34,484.6,6143383
2021-04-23 11:36:35,484.6,6143408
2021-04-23 11:36:36,484.6,6143408
2021-04-23 11:36:36,484.6,6143408
2021-04-23 11:36:37,484.6,6143738
2021-04-23 11:36:38,484.6,6143738
2021-04-23 11:36:39,484.6,6143738
2021-04-23 11:36:40,484.65,6144198
2021-04-23 11:36:42,484.65,6144398
2021-04-23 11:36:43,484.65,6144398
2021-04-23 11:36:44,484.65,6144398
2021-04-23 11:36:45,484.65,6144399
2021-04-23 11:36:46,484.65,6144399
2021-04-23 11:36:47,484.65,6144410
2021-04-23 11:36:48,484.6,6144425
2021-04-23 11:36:49,484.65,6144992
2021-04-23 11:36:51,484.65,6145175
2021-04-23 11:36:52,484.65,6145282
2021-04-23 11:36:52,484.65,6145282
2021-04-23 11:36:53,484.65,6145282
2021-04-23 11:36:54,484.6,6145323
2021-04-23 11:36:55,484.65,6145450
2021-04-23 11:36:56,484.65,6145487
2021-04-23 11:36:57,484.65,6145643
2021-04-23 11:36:58,484.65,6145643
2021-04-23 11:36:59,484.65,6146203
2021-04-23 11:37:01,484.7,6146451
2021-04-23 11:37:02,484.7,6146451
2021-04-23 11:37:03,484.7,6146451
2021-04-23 11:37:04,484.6,6147028
2021-04-23 11:37:05,484.7,6147538
2021-04-23 11:37:05,484.7,6147538
2021-04-23 11:37:06,484.6,6147643
2021-04-23 11:37:07,484.65,6147648
2021-04-23 11:37:09,484.65,6147648
2021-04-23 11:37:09,484.65,6147648
2021-04-23 11:37:10,484.7,6147680
2021-04-23 11:37:11,484.65,6147731
2021-04-23 11:37:12,484.65,6147731
2021-04-23 11:37:13,484.8,6149531
2021-04-23 11:37:15,484.8,6149681
2021-04-23 11:37:16,484.8,6149731
2021-04-23 11:37:17,484.6,6150631
2021-04-23 11:37:18,484.7,6151025
2021-04-23 11:37:18,484.75,6151068
2021-04-23 11:37:19,484.6,6151221
2021-04-23 11:37:20,484.6,6151222
2021-04-23 11:37:23,484.6,6151222
2021-04-23 11:37:24,484.6,6151228
2021-04-23 11:37:25,484.55,6151256
2021-04-23 11:37:25,484.6,6151275
2021-04-23 11:37:26,484.6,6151275
2021-04-23 11:37:27,484.6,6151375
2021-04-23 11:37:28,484.6,6151375
2021-04-23 11:37:30,484.6,6152051
2021-04-23 11:37:31,484.55,6152257
2021-04-23 11:37:32,484.6,6152457
2021-04-23 11:37:33,484.55,6152627
2021-04-23 11:37:34,484.5,6152640
2021-04-23 11:37:34,484.5,6152640
2021-04-23 11:37:35,484.5,6152645
2021-04-23 11:37:36,484.5,6152787
2021-04-23 11:37:37,484.6,6153849
2021-04-23 11:37:38,484.6,6154129
2021-04-23 11:37:39,484.5,6154229
2021-04-23 11:37:40,484.5,6154882
2021-04-23 11:37:42,484.5,6155125
2021-04-23 11:37:43,484.5,6155125
2021-04-23 11:37:44,484.5,6158791
2021-04-23 11:37:45,484.5,6158791
2021-04-23 11:37:46,484.5,6160068
2021-04-23 11:37:47,484.5,6160069
2021-04-23 11:37:48,484.6,6160072
2021-04-23 11:37:49,484.6,6160282
2021-04-23 11:37:50,484.6,6160282
2021-04-23 11:37:51,484.6,6160282
2021-04-23 11:37:52,484.5,6160884
2021-04-23 11:37:52,484.5,6160884
2021-04-23 11:37:54,484.5,6160904
2021-04-23 11:37:55,484.5,6161301
2021-04-23 11:37:56,484.6,6161920
2021-04-23 11:37:57,484.55,6162050
2021-04-23 11:37:58,484.65,6165050
2021-04-23 11:37:59,484.55,6165056
2021-04-23 11:38:00,484.55,6165081
2021-04-23 11:38:01,484.65,6165523
2021-04-23 11:38:02,484.4,6165856
2021-04-23 11:38:03,484.55,6165871
2021-04-23 11:38:04,484.35,6168582
2021-04-23 11:38:05,484.35,6168582
2021-04-23 11:38:06,484.35,6168582
2021-04-23 11:38:07,484.35,6168582
2021-04-23 11:38:08,484.4,6168585
2021-04-23 11:38:09,484.4,6168815
2021-04-23 11:38:10,484.35,6168843
2021-04-23 11:38:11,484.35,6168943
2021-04-23 11:38:12,484.4,6169518
2021-04-23 11:38:13,484.45,6169568
2021-04-23 11:38:14,484.45,6169568
2021-04-23 11:38:15,484.35,6169569
2021-04-23 11:38:16,484.45,6169611
2021-04-23 11:38:17,484.5,6169891
2021-04-23 11:38:18,484.4,6169901
2021-04-23 11:38:19,484.3,6170444
2021-04-23 11:38:20,484.3,6170444
2021-04-23 11:38:21,484.3,6170444
2021-04-23 11:38:22,484.3,6170444
2021-04-23 11:38:23,484.3,6170534
2021-04-23 11:38:24,484.3,6170544
2021-04-23 11:38:24,484.3,6170544
2021-04-23 11:38:25,484.2,6170611
2021-04-23 11:38:27,484.2,6170611
2021-04-23 11:38:28,484.2,6170615
2021-04-23 11:38:29,484.35,6170715
2021-04-23 11:38:30,484.2,6170745
2021-04-23 11:38:31,484.2,6171593
2021-04-23 11:38:32,484.2,6171593
2021-04-23 11:38:33,484.2,6171593
2021-04-23 11:38:34,484.4,6172029
2021-04-23 11:38:35,484.2,6172055
2021-04-23 11:38:36,484.2,6172078
2021-04-23 11:38:37,484.2,6172078
2021-04-23 11:38:38,484.4,6172155
2021-04-23 11:38:39,484.25,6172195
2021-04-23 11:38:40,484.2,6172285
2021-04-23 11:38:42,484.35,6172390
2021-04-23 11:38:43,484.35,6172390
2021-04-23 11:38:44,484.35,6172390
2021-04-23 11:38:45,484.2,6172428
2021-04-23 11:38:46,484.2,6172428
2021-04-23 11:38:47,484.2,6173917
2021-04-23 11:38:48,484.2,6173918
2021-04-23 11:38:49,484.2,6173965
2021-04-23 11:38:49,484.2,6173965
2021-04-23 11:38:50,484.2,6173965
2021-04-23 11:38:51,484.2,6173965
2021-04-23 11:38:52,484.2,6174009
2021-04-23 11:38:53,484.4,6174459
2021-04-23 11:38:54,484.2,6174872
2021-04-23 11:38:55,484.25,6174873
2021-04-23 11:38:57,484.25,6175006
2021-04-23 11:38:58,484.2,6175106
2021-04-23 11:38:59,484.25,6175137
2021-04-23 11:39:00,484.25,6175137
2021-04-23 11:39:01,484.25,6175137
2021-04-23 11:39:02,484.25,6175138
2021-04-23 11:39:03,484.25,6175138
2021-04-23 11:39:04,484.25,6175143
2021-04-23 11:39:05,484.35,6175324
2021-04-23 11:39:06,484.35,6175325
2021-04-23 11:39:07,484.35,6175325
2021-04-23 11:39:08,484.3,6175365
2021-04-23 11:39:09,484.35,6175385
2021-04-23 11:39:10,484.35,6175450
2021-04-23 11:39:11,484.35,6176015
2021-04-23 11:39:12,484.5,6176473
2021-04-23 11:39:13,484.4,6176483
2021-04-23 11:39:14,484.35,6177024
2021-04-23 11:39:14,484.35,6177024
2021-04-23 11:39:15,484.5,6177029
2021-04-23 11:39:17,484.5,6177159
2021-04-23 11:39:18,484.5,6177159
2021-04-23 11:39:19,484.5,6177164
2021-04-23 11:39:20,484.5,6177200
2021-04-23 11:39:21,484.5,6177200
2021-04-23 11:39:22,484.7,6178711
2021-04-23 11:39:23,484.65,6178712
2021-04-23 11:39:24,484.65,6178765
2021-04-23 11:39:24,484.65,6178765
2021-04-23 11:39:25,484.8,6178833
2021-04-23 11:39:26,484.65,6178838
2021-04-23 11:39:27,484.8,6178848
2021-04-23 11:39:28,484.8,6178848
2021-04-23 11:39:29,484.8,6178848
2021-04-23 11:39:31,484.8,6179292
2021-04-23 11:39:32,484.8,6179292
2021-04-23 11:39:33,484.8,6179292
2021-04-23 11:39:34,484.7,6179322
2021-04-23 11:39:35,484.7,6179322
2021-04-23 11:39:36,484.6,6179422
2021-04-23 11:39:37,484.6,6179422
2021-04-23 11:39:38,484.6,6179422
2021-04-23 11:39:39,484.6,6179422
2021-04-23 11:39:40,484.65,6180135
2021-04-23 11:39:41,484.65,6180135
2021-04-23 11:39:42,484.7,6180277
2021-04-23 11:39:43,484.7,6180277
2021-04-23 11:39:44,484.65,6180287
2021-04-23 11:39:45,484.65,6180287
2021-04-23 11:39:46,484.7,6180376
2021-04-23 11:39:47,484.7,6180376
2021-04-23 11:39:48,484.7,6180376
2021-04-23 11:39:49,484.7,6180384
2021-04-23 11:39:50,484.7,6180458
2021-04-23 11:39:51,484.7,6180458
2021-04-23 11:39:52,484.8,6180868
2021-04-23 11:39:53,484.8,6180888
2021-04-23 11:39:54,484.75,6181103
2021-04-23 11:39:55,484.7,6181538
2021-04-23 11:39:56,484.75,6181829
2021-04-23 11:39:57,484.8,6181959
2021-04-23 11:39:58,484.8,6181959
2021-04-23 11:39:59,484.7,6182059
2021-04-23 11:40:00,484.7,6182059
2021-04-23 11:40:01,484.8,6182092
2021-04-23 11:40:02,484.6,6182625
2021-04-23 11:40:03,484.8,6183125
2021-04-23 11:40:04,484.7,6183136
2021-04-23 11:40:06,484.7,6183136
2021-04-23 11:40:07,484.8,6183233
2021-04-23 11:40:08,484.7,6183243
2021-04-23 11:40:09,484.8,6183675
2021-04-23 11:40:10,484.7,6183726
2021-04-23 11:40:11,484.7,6183726
2021-04-23 11:40:12,484.7,6183726
2021-04-23 11:40:13,484.8,6184226
2021-04-23 11:40:14,484.6,6184232
2021-04-23 11:40:15,484.6,6184232
2021-04-23 11:40:16,484.6,6184232
2021-04-23 11:40:17,484.7,6184252
2021-04-23 11:40:18,484.7,6184263
2021-04-23 11:40:19,484.7,6184263
2021-04-23 11:40:20,484.7,6184263
2021-04-23 11:40:21,484.65,6184293
2021-04-23 11:40:22,484.6,6184474
2021-04-23 11:40:23,484.6,6184757
2021-04-23 11:40:24,484.6,6184757
2021-04-23 11:40:25,484.55,6185115
2021-04-23 11:40:26,484.6,6185122
2021-04-23 11:40:27,484.6,6185122
2021-04-23 11:40:28,484.55,6185171
2021-04-23 11:40:29,484.55,6185171
2021-04-23 11:40:30,484.65,6185184
2021-04-23 11:40:31,484.55,6185590
2021-04-23 11:40:32,484.55,6185590
2021-04-23 11:40:33,484.55,6185605
2021-04-23 11:40:34,484.55,6185605
2021-04-23 11:40:35,484.55,6185655
2021-04-23 11:40:36,484.55,6185655
2021-04-23 11:40:37,484.55,6185655
2021-04-23 11:40:38,484.6,6185683
2021-04-23 11:40:39,484.7,6185738
2021-04-23 11:40:40,484.55,6186738
2021-04-23 11:40:41,484.55,6186738
2021-04-23 11:40:42,484.55,6186738
2021-04-23 11:40:43,484.7,6187015
2021-04-23 11:40:44,484.7,6187015
2021-04-23 11:40:45,484.7,6187015
2021-04-23 11:40:46,484.55,6187192
2021-04-23 11:40:47,484.55,6187215
2021-04-23 11:40:48,484.55,6187674
2021-04-23 11:40:49,484.55,6187674
2021-04-23 11:40:50,484.55,6187684
2021-04-23 11:40:51,484.7,6187784
2021-04-23 11:40:52,484.7,6187784
2021-04-23 11:40:53,484.7,6187784
2021-04-23 11:40:54,484.7,6187784
2021-04-23 11:40:55,484.55,6187812
2021-04-23 11:40:56,484.55,6187812
2021-04-23 11:40:57,484.65,6187824
2021-04-23 11:40:58,484.65,6187919
2021-04-23 11:40:59,484.6,6187970
2021-04-23 11:41:00,484.6,6187970
2021-04-23 11:41:01,484.6,6187990
2021-04-23 11:41:02,484.65,6188068
2021-04-23 11:41:03,484.6,6188130
2021-04-23 11:41:04,484.6,6188130
2021-04-23 11:41:05,484.55,6188630
2021-04-23 11:41:06,484.55,6188702
2021-04-23 11:41:07,484.55,6189212
2021-04-23 11:41:08,484.55,6189712
2021-04-23 11:41:09,484.55,6189712
2021-04-23 11:41:10,484.55,6189740
2021-04-23 11:41:11,484.5,6195847
2021-04-23 11:41:12,484.5,6195847
2021-04-23 11:41:13,484.3,6196850
2021-04-23 11:41:14,484.3,6196850
2021-04-23 11:41:15,484.3,6196850
2021-04-23 11:41:16,484.5,6197110
2021-04-23 11:41:17,484.45,6197340
2021-04-23 11:41:18,484.45,6197440
2021-04-23 11:41:19,484.45,6197490
2021-04-23 11:41:20,484.5,6197550
2021-04-23 11:41:21,484.4,6197605
2021-04-23 11:41:22,484.5,6199464
2021-04-23 11:41:23,484.5,6199464
2021-04-23 11:41:24,484.4,6199474
2021-04-23 11:41:25,484.5,6199615
2021-04-23 11:41:26,484.5,6199615
2021-04-23 11:41:27,484.6,6199883
2021-04-23 11:41:28,484.5,6199933
2021-04-23 11:41:29,484.4,6199934
2021-04-23 11:41:30,484.4,6199934
2021-04-23 11:41:31,484.4,6199934
2021-04-23 11:41:32,484.4,6199935
2021-04-23 11:41:33,484.5,6199975
2021-04-23 11:41:34,484.5,6199975
2021-04-23 11:41:35,484.4,6200382
2021-04-23 11:41:36,484.4,6200417
2021-04-23 11:41:37,484.45,6200551
2021-04-23 11:41:38,484.3,6200911
2021-04-23 11:41:39,484.2,6208597
2021-04-23 11:41:40,484.2,6208607
2021-04-23 11:41:42,484.25,6209608
2021-04-23 11:41:42,484.25,6209808
2021-04-23 11:41:44,484.25,6209808
2021-04-23 11:41:45,484.3,6210250
2021-04-23 11:41:46,484.3,6210250
2021-04-23 11:41:46,484.2,6210361
2021-04-23 11:41:47,484.2,6211239
2021-04-23 11:41:49,484.25,6211527
2021-04-23 11:41:49,484.1,6211344
2021-04-23 11:41:50,484.1,6213369
2021-04-23 11:41:51,484.05,6213520
2021-04-23 11:41:52,484.05,6235039
2021-04-23 11:41:53,483.85,6235081
2021-04-23 11:41:54,483.7,6239597
2021-04-23 11:41:55,483.7,6239891
2021-04-23 11:41:56,483.7,6240236
2021-04-23 11:41:57,483.75,6241597
2021-04-23 11:41:58,483.6,6242203
2021-04-23 11:41:59,483.6,6242317
2021-04-23 11:42:00,483.7,6242417
2021-04-23 11:42:01,483.7,6242479
2021-04-23 11:42:02,483.55,6243514
2021-04-23 11:42:03,483.55,6243813
2021-04-23 11:42:04,483.6,6245056
2021-04-23 11:42:05,483.6,6245056
2021-04-23 11:42:06,483.55,6246837
2021-04-23 11:42:07,483.55,6247638
2021-04-23 11:42:08,483.55,6247661
2021-04-23 11:42:09,483.55,6248283
2021-04-23 11:42:10,483.3,6256001
2021-04-23 11:42:11,483.45,6256547
2021-04-23 11:42:12,483.65,6258085
2021-04-23 11:42:13,483.65,6258285
2021-04-23 11:42:14,483.6,6258485
2021-04-23 11:42:15,483.55,6258744
2021-04-23 11:42:16,483.6,6259849
2021-04-23 11:42:18,483.55,6260294
2021-04-23 11:42:19,483.55,6261295
2021-04-23 11:42:20,483.5,6262067
2021-04-23 11:42:21,483.5,6262137
2021-04-23 11:42:22,483.3,6263664
2021-04-23 11:42:23,483.45,6263673
2021-04-23 11:42:24,483.35,6263827
2021-04-23 11:42:25,483.35,6263940
2021-04-23 11:42:26,483.5,6264775
2021-04-23 11:42:27,483.55,6266499
2021-04-23 11:42:28,483.55,6266951
2021-04-23 11:42:29,483.5,6267051
2021-04-23 11:42:30,483.5,6272101
2021-04-23 11:42:31,483.35,6272501
2021-04-23 11:42:32,483.35,6272932
2021-04-23 11:42:33,483.5,6273166
2021-04-23 11:42:34,483.35,6273371
2021-04-23 11:42:35,483.55,6274372
2021-04-23 11:42:36,483.55,6274623
2021-04-23 11:42:37,483.55,6274787
2021-04-23 11:42:38,483.35,6275552
2021-04-23 11:42:39,483.65,6279369
2021-04-23 11:42:40,483.5,6279988
2021-04-23 11:42:41,483.7,6280519
2021-04-23 11:42:43,483.7,6280630
2021-04-23 11:42:43,483.6,6280780
2021-04-23 11:42:44,483.7,6280782
2021-04-23 11:42:45,483.7,6280782
2021-04-23 11:42:46,483.7,6280782
2021-04-23 11:42:47,483.7,6280782
2021-04-23 11:42:48,483.65,6280783
2021-04-23 11:42:49,483.55,6281547
2021-04-23 11:42:50,483.5,6281864
2021-04-23 11:42:51,483.55,6282184
2021-04-23 11:42:52,483.55,6282184
2021-04-23 11:42:53,483.5,6282803
2021-04-23 11:42:54,483.55,6282812
2021-04-23 11:42:55,483.55,6282854
2021-04-23 11:42:56,483.5,6283023
2021-04-23 11:42:57,483.55,6283094
2021-04-23 11:42:58,483.55,6283316
2021-04-23 11:42:59,483.55,6284312
2021-04-23 11:43:01,483.6,6284821
2021-04-23 11:43:01,483.6,6284897
2021-04-23 11:43:02,483.7,6285677
2021-04-23 11:43:03,483.6,6285927
2021-04-23 11:43:04,483.6,6286180
2021-04-23 11:43:05,483.75,6286479
2021-04-23 11:43:06,483.65,6286569
2021-04-23 11:43:07,483.6,6286769
2021-04-23 11:43:08,483.65,6286770
2021-04-23 11:43:09,483.65,6286771
2021-04-23 11:43:10,483.6,6286909
2021-04-23 11:43:11,483.6,6287209
2021-04-23 11:43:12,483.6,6287278
2021-04-23 11:43:13,483.6,6287478
2021-04-23 11:43:14,483.75,6287528
2021-04-23 11:43:15,483.75,6287584
2021-04-23 11:43:16,483.6,6289109
2021-04-23 11:43:17,483.65,6289139
2021-04-23 11:43:18,483.65,6289139
2021-04-23 11:43:19,483.75,6289570
2021-04-23 11:43:20,483.7,6289770
2021-04-23 11:43:22,483.7,6289844
2021-04-23 11:43:23,483.7,6290418
2021-04-23 11:43:24,483.7,6290541
2021-04-23 11:43:25,483.6,6291577
2021-04-23 11:43:26,483.55,6291958
2021-04-23 11:43:27,483.55,6291958
2021-04-23 11:43:28,483.55,6291971
2021-04-23 11:43:30,483.6,6292036
2021-04-23 11:43:31,483.6,6292047
2021-04-23 11:43:32,483.6,6292062
2021-04-23 11:43:33,483.6,6292062
2021-04-23 11:43:34,483.6,6292062
2021-04-23 11:43:35,483.75,6292851
2021-04-23 11:43:36,483.8,6293106
2021-04-23 11:43:37,483.55,6293541
2021-04-23 11:43:38,483.75,6293975
2021-04-23 11:43:39,483.7,6293977
2021-04-23 11:43:40,483.6,6294005
2021-04-23 11:43:41,483.8,6294115
2021-04-23 11:43:42,483.6,6294160
2021-04-23 11:43:43,483.6,6294176
2021-04-23 11:43:44,483.6,6294179
2021-04-23 11:43:45,483.85,6294180
2021-04-23 11:43:46,483.7,6294832
2021-04-23 11:43:48,483.7,6295057
2021-04-23 11:43:49,483.65,6295204
2021-04-23 11:43:50,483.65,6295255
2021-04-23 11:43:51,483.65,6295255
2021-04-23 11:43:52,483.8,6295275
2021-04-23 11:43:53,483.8,6295360
2021-04-23 11:43:54,483.8,6295362
2021-04-23 11:43:54,483.8,6295362
2021-04-23 11:43:55,483.75,6295523
2021-04-23 11:43:56,483.75,6295523
2021-04-23 11:43:57,483.75,6296119
2021-04-23 11:43:58,483.75,6296243
2021-04-23 11:43:59,483.75,6296283
2021-04-23 11:44:00,483.6,6296972
2021-04-23 11:44:01,483.65,6296973
2021-04-23 11:44:02,483.6,6297473
2021-04-23 11:44:03,483.55,6297956
2021-04-23 11:44:04,483.55,6298001
2021-04-23 11:44:05,483.55,6298001
2021-04-23 11:44:06,483.55,6306395
2021-04-23 11:44:07,483.55,6306397
2021-04-23 11:44:08,483.55,6306397
2021-04-23 11:44:09,483.55,6307361
2021-04-23 11:44:10,483.55,6307589
2021-04-23 11:44:11,483.6,6307741
2021-04-23 11:44:12,483.6,6308048
2021-04-23 11:44:14,483.6,6308529
2021-04-23 11:44:15,483.65,6308740
2021-04-23 11:44:16,483.65,6308773
2021-04-23 11:44:17,483.6,6309212
2021-04-23 11:44:18,483.6,6309392
2021-04-23 11:44:19,483.7,6309600
2021-04-23 11:44:20,483.7,6309810
2021-04-23 11:44:21,483.7,6309810
2021-04-23 11:44:22,483.7,6309810
2021-04-23 11:44:22,483.7,6309810
2021-04-23 11:44:23,483.7,6309810
2021-04-23 11:44:24,483.7,6309865
2021-04-23 11:44:25,483.6,6309952
2021-04-23 11:44:26,483.6,6310452
2021-04-23 11:44:28,483.55,6310662
2021-04-23 11:44:29,483.55,6310692
2021-04-23 11:44:30,483.7,6312428
2021-04-23 11:44:31,483.65,6312932
2021-04-23 11:44:32,483.65,6312932
2021-04-23 11:44:32,483.65,6312932
2021-04-23 11:44:33,483.6,6312949
2021-04-23 11:44:35,483.6,6313117
2021-04-23 11:44:36,483.6,6313462
2021-04-23 11:44:37,483.7,6313872
2021-04-23 11:44:38,483.7,6313872
2021-04-23 11:44:39,483.7,6313932
2021-04-23 11:44:39,483.7,6313938
2021-04-23 11:44:40,483.6,6313966
2021-04-23 11:44:42,483.6,6314203
2021-04-23 11:44:42,483.75,6314583
2021-04-23 11:44:43,483.75,6314616
2021-04-23 11:44:45,483.6,6314949
2021-04-23 11:44:46,483.75,6314993
2021-04-23 11:44:47,483.75,6314994
2021-04-23 11:44:48,483.6,6316005
2021-04-23 11:44:49,483.6,6316105
2021-04-23 11:44:50,483.6,6316799
2021-04-23 11:44:51,483.55,6316831
2021-04-23 11:44:52,483.7,6317061
2021-04-23 11:44:54,483.6,6317152
2021-04-23 11:44:55,483.75,6317779
2021-04-23 11:44:56,483.75,6317779
2021-04-23 11:44:57,483.75,6317909
2021-04-23 11:44:57,483.75,6317909
2021-04-23 11:44:58,483.75,6317910
2021-04-23 11:44:59,483.75,6322911
2021-04-23 11:45:00,483.55,6323351
2021-04-23 11:45:01,483.55,6323351
2021-04-23 11:45:02,483.7,6323352
2021-04-23 11:45:03,483.7,6323355
2021-04-23 11:45:04,483.7,6323366
2021-04-23 11:45:05,483.65,6324072
2021-04-23 11:45:07,483.6,6324168
2021-04-23 11:45:08,483.6,6324168
2021-04-23 11:45:09,483.6,6324475
2021-04-23 11:45:10,483.55,6327110
2021-04-23 11:45:11,483.55,6327115
2021-04-23 11:45:12,483.55,6327115
2021-04-23 11:45:13,483.55,6328018
2021-04-23 11:45:14,483.6,6328138
2021-04-23 11:45:15,483.6,6328138
2021-04-23 11:45:16,483.6,6328145
2021-04-23 11:45:17,483.6,6328145
2021-04-23 11:45:18,483.75,6328413
2021-04-23 11:45:19,483.65,6328540
2021-04-23 11:45:20,483.6,6328556
2021-04-23 11:45:22,483.55,6328591
2021-04-23 11:45:23,483.55,6328818
2021-04-23 11:45:24,483.55,6328828
2021-04-23 11:45:25,483.55,6329026
2021-04-23 11:45:26,483.6,6329195
2021-04-23 11:45:26,483.6,6329195
2021-04-23 11:45:27,483.6,6329195
2021-04-23 11:45:28,483.6,6329195
2021-04-23 11:45:30,483.6,6329511
2021-04-23 11:45:31,483.6,6330122
2021-04-23 11:45:32,483.7,6330452
2021-04-23 11:45:33,483.75,6330614
2021-04-23 11:45:34,483.75,6330614
2021-04-23 11:45:35,483.65,6330615
2021-04-23 11:45:37,483.75,6330717
2021-04-23 11:45:37,483.5,6335717
2021-04-23 11:45:39,483.5,6335792
2021-04-23 11:45:40,483.5,6337118
2021-04-23 11:45:41,483.65,6337422
2021-04-23 11:45:42,483.65,6337422
2021-04-23 11:45:43,483.55,6337627
2021-04-23 11:45:44,483.55,6337742
2021-04-23 11:45:45,483.65,6337769
2021-04-23 11:45:46,483.65,6337769
2021-04-23 11:45:47,483.65,6337769
2021-04-23 11:45:48,483.55,6337838
2021-04-23 11:45:49,483.65,6337852
2021-04-23 11:45:50,483.55,6337902
2021-04-23 11:45:51,483.6,6337932
2021-04-23 11:45:52,483.55,6338384
2021-04-23 11:45:52,483.55,6338384
2021-04-23 11:45:53,483.6,6338387
2021-04-23 11:45:54,483.6,6338387
2021-04-23 11:45:55,483.55,6338414
2021-04-23 11:45:56,483.55,6338464
2021-04-23 11:45:57,483.6,6338537
2021-04-23 11:45:59,483.5,6339184
2021-04-23 11:46:00,483.5,6339234
2021-04-23 11:46:02,483.55,6339273
2021-04-23 11:46:03,483.5,6339503
2021-04-23 11:46:03,483.5,6339506
2021-04-23 11:46:05,483.55,6339620
2021-04-23 11:46:06,483.55,6339654
2021-04-23 11:46:07,483.55,6339654
2021-04-23 11:46:08,483.4,6361784
2021-04-23 11:46:09,483.4,6362364
2021-04-23 11:46:10,483.4,6362413
2021-04-23 11:46:11,483.4,6362963
2021-04-23 11:46:12,483.4,6363472
2021-04-23 11:46:13,483.4,6363519
2021-04-23 11:46:14,483.45,6364343
2021-04-23 11:46:15,483.3,6367291
2021-04-23 11:46:16,483.25,6367433
2021-04-23 11:46:17,483.25,6367809
2021-04-23 11:46:18,483.35,6368465
2021-04-23 11:46:19,483.1,6375135
2021-04-23 11:46:20,483.1,6376060
2021-04-23 11:46:21,483.2,6376896
2021-04-23 11:46:22,483.05,6377227
2021-04-23 11:46:23,482.75,6412627
2021-04-23 11:46:24,483.0,6414770
2021-04-23 11:46:25,483.1,6415035
2021-04-23 11:46:26,483.05,6416295
2021-04-23 11:46:27,483.05,6416295
2021-04-23 11:46:28,483.05,6416295
2021-04-23 11:46:29,483.0,6416957
2021-04-23 11:46:30,483.0,6417676
2021-04-23 11:46:31,483.1,6418273
2021-04-23 11:46:32,483.05,6418723
2021-04-23 11:46:33,483.2,6418942
2021-04-23 11:46:34,483.05,6419462
2021-04-23 11:46:34,482.95,6419602
2021-04-23 11:46:35,483.05,6419754
2021-04-23 11:46:36,482.95,6419975
2021-04-23 11:46:38,482.95,6420656
2021-04-23 11:46:39,482.95,6421016
2021-04-23 11:46:40,482.95,6421082
2021-04-23 11:46:41,483.1,6421183
2021-04-23 11:46:42,483.1,6421874
2021-04-23 11:46:43,483.0,6423861
2021-04-23 11:46:44,482.95,6424236
2021-04-23 11:46:45,482.85,6426345
2021-04-23 11:46:46,483.0,6427485
2021-04-23 11:46:47,482.85,6427575
2021-04-23 11:46:48,482.85,6428468
2021-04-23 11:46:49,482.95,6428918
2021-04-23 11:46:50,482.95,6430402
2021-04-23 11:46:51,482.85,6431943
2021-04-23 11:46:52,482.95,6432044
2021-04-23 11:46:53,482.9,6432246
2021-04-23 11:46:54,482.8,6432463
2021-04-23 11:46:55,482.9,6432640
2021-04-23 11:46:56,483.0,6432673
2021-04-23 11:46:57,483.0,6433679
2021-04-23 11:46:58,483.0,6433679
2021-04-23 11:46:59,482.85,6433965
2021-04-23 11:47:00,483.0,6434197
2021-04-23 11:47:01,483.0,6434197
2021-04-23 11:47:02,483.0,6434197
2021-04-23 11:47:04,482.8,6439209
2021-04-23 11:47:05,483.0,6439720
2021-04-23 11:47:06,482.85,6440046
2021-04-23 11:47:07,482.85,6440549
2021-04-23 11:47:08,483.0,6441696
2021-04-23 11:47:09,483.0,6441696
2021-04-23 11:47:10,482.95,6445636
2021-04-23 11:47:11,483.0,6445751
2021-04-23 11:47:12,483.0,6446044
2021-04-23 11:47:13,483.1,6449752
2021-04-23 11:47:14,483.15,6449774
2021-04-23 11:47:14,483.25,6450300
2021-04-23 11:47:15,483.25,6450330
2021-04-23 11:47:16,483.15,6450530
2021-04-23 11:47:17,483.15,6450530
2021-04-23 11:47:18,483.15,6450530
2021-04-23 11:47:20,483.25,6450534
2021-04-23 11:47:20,483.25,6450564
2021-04-23 11:47:21,483.25,6450564
2021-04-23 11:47:22,483.25,6450695
2021-04-23 11:47:23,483.25,6451166
2021-04-23 11:47:24,483.05,6453339
2021-04-23 11:47:26,483.05,6453716
2021-04-23 11:47:27,483.2,6453838
2021-04-23 11:47:28,483.25,6454260
2021-04-23 11:47:29,483.25,6454260
2021-04-23 11:47:30,483.2,6454578
2021-04-23 11:47:31,483.0,6454754
2021-04-23 11:47:32,483.25,6455995
2021-04-23 11:47:33,483.25,6456013
2021-04-23 11:47:34,483.25,6456714
2021-04-23 11:47:35,483.25,6456930
2021-04-23 11:47:36,483.25,6456930
2021-04-23 11:47:36,483.25,6456930
2021-04-23 11:47:37,483.0,6457075
2021-04-23 11:47:38,483.0,6457083
2021-04-23 11:47:39,483.1,6457208
2021-04-23 11:47:40,483.1,6457335
2021-04-23 11:47:41,483.15,6458035
2021-04-23 11:47:42,483.15,6458050
2021-04-23 11:47:44,483.0,6458122
2021-04-23 11:47:45,482.95,6459672
2021-04-23 11:47:46,483.2,6460104
2021-04-23 11:47:47,483.0,6460164
2021-04-23 11:47:48,483.0,6460287
2021-04-23 11:47:49,483.0,6460287
2021-04-23 11:47:50,483.05,6460538
2021-04-23 11:47:51,483.0,6460549
2021-04-23 11:47:52,483.2,6461079
2021-04-23 11:47:53,483.2,6461079
2021-04-23 11:47:54,482.95,6461851
2021-04-23 11:47:55,483.0,6462169
2021-04-23 11:47:56,483.05,6462678
2021-04-23 11:47:57,483.05,6462808
2021-04-23 11:47:58,483.05,6462843
2021-04-23 11:47:58,483.05,6462843
2021-04-23 11:47:59,482.95,6464402
2021-04-23 11:48:01,482.95,6464402
2021-04-23 11:48:02,483.0,6464994
2021-04-23 11:48:03,483.0,6465494
2021-04-23 11:48:04,483.0,6465504
2021-04-23 11:48:05,483.05,6465630
2021-04-23 11:48:06,483.05,6465828
2021-04-23 11:48:07,483.2,6465971
2021-04-23 11:48:07,483.2,6465971
2021-04-23 11:48:08,483.1,6465981
2021-04-23 11:48:09,483.1,6466031
2021-04-23 11:48:10,483.0,6469232
2021-04-23 11:48:11,483.0,6469432
2021-04-23 11:48:12,483.15,6469488
2021-04-23 11:48:13,483.15,6469588
2021-04-23 11:48:14,483.0,6469592
2021-04-23 11:48:16,483.0,6469592
2021-04-23 11:48:17,483.15,6470077
2021-04-23 11:48:18,483.0,6471237
2021-04-23 11:48:19,483.15,6471253
2021-04-23 11:48:20,483.0,6471530
2021-04-23 11:48:21,483.0,6471530
2021-04-23 11:48:22,483.05,6471580
2021-04-23 11:48:23,483.05,6471603
2021-04-23 11:48:24,483.05,6472092
2021-04-23 11:48:25,483.05,6472119
2021-04-23 11:48:26,483.2,6472219
2021-04-23 11:48:27,483.2,6472335
2021-04-23 11:48:28,483.05,6472388
2021-04-23 11:48:29,483.2,6472393
2021-04-23 11:48:30,483.2,6472393
2021-04-23 11:48:31,483.05,6472545
2021-04-23 11:48:32,483.0,6472646
2021-04-23 11:48:33,483.2,6473815
2021-04-23 11:48:34,483.15,6473919
2021-04-23 11:48:34,483.15,6473919
2021-04-23 11:48:35,483.1,6473920
2021-04-23 11:48:37,483.15,6474288
2021-04-23 11:48:38,483.1,6474519
2021-04-23 11:48:39,483.15,6474622
2021-04-23 11:48:40,483.05,6475893
2021-04-23 11:48:41,483.05,6475893
2021-04-23 11:48:42,483.1,6476118
2021-04-23 11:48:43,483.2,6476409
2021-04-23 11:48:44,483.2,6476412
2021-04-23 11:48:45,483.05,6476562
2021-04-23 11:48:46,483.2,6477062
2021-04-23 11:48:47,483.2,6478881
2021-04-23 11:48:48,483.2,6478884
2021-04-23 11:48:49,483.0,6481384
2021-04-23 11:48:50,483.05,6481507
2021-04-23 11:48:51,483.2,6481977
2021-04-23 11:48:52,483.05,6482011
2021-04-23 11:48:53,483.05,6482047
2021-04-23 11:48:54,483.05,6482057
2021-04-23 11:48:55,483.05,6482084
2021-04-23 11:48:56,483.05,6482084
2021-04-23 11:48:57,483.1,6482094
2021-04-23 11:48:58,483.1,6482094
2021-04-23 11:48:59,483.2,6483594
2021-04-23 11:49:00,483.2,6484515
2021-04-23 11:49:01,483.2,6484992
2021-04-23 11:49:02,483.15,6485346
2021-04-23 11:49:03,483.15,6485348
2021-04-23 11:49:04,483.1,6485648
2021-04-23 11:49:05,483.15,6485681
2021-04-23 11:49:06,483.15,6485701
2021-04-23 11:49:07,483.1,6485751
2021-04-23 11:49:08,483.1,6485751
2021-04-23 11:49:09,483.05,6487794
2021-04-23 11:49:09,483.05,6487794
2021-04-23 11:49:10,483.05,6487921
2021-04-23 11:49:11,483.05,6488022
2021-04-23 11:49:13,483.15,6488024
2021-04-23 11:49:14,483.15,6488024
2021-04-23 11:49:15,483.1,6488025
2021-04-23 11:49:16,483.1,6488025
2021-04-23 11:49:17,483.15,6489299
2021-04-23 11:49:18,483.15,6489300
2021-04-23 11:49:19,483.15,6489415
2021-04-23 11:49:20,483.2,6489616
2021-04-23 11:49:21,483.2,6489849
2021-04-23 11:49:22,483.1,6489899
2021-04-23 11:49:22,483.1,6489899
2021-04-23 11:49:23,483.2,6489901
2021-04-23 11:49:24,483.2,6489901
2021-04-23 11:49:25,483.15,6490036
2021-04-23 11:49:27,483.2,6490046
