timestamp,ltp,volume
2021-04-13 09:15:00,2799.95,1212
2021-04-13 09:15:00,2799.95,1212
2021-04-13 09:15:01,2796.05,1354
2021-04-13 09:15:02,2798.3,1417
2021-04-13 09:15:03,2798.25,1599
2021-04-13 09:15:04,2798.95,1821
2021-04-13 09:15:05,2798.95,1916
2021-04-13 09:15:06,2798.95,1951
2021-04-13 09:15:07,2798.95,2012
2021-04-13 09:15:08,2796.3,2294
2021-04-13 09:15:09,2796.4,2444
2021-04-13 09:15:10,2795.05,2715
2021-04-13 09:15:11,2790.3,3470
2021-04-13 09:15:12,2789.5,3558
2021-04-13 09:15:13,2790.0,3796
2021-04-13 09:15:15,2792.5,3974
2021-04-13 09:15:16,2792.4,4697
2021-04-13 09:15:17,2788.95,4950
2021-04-13 09:15:18,2791.5,4952
2021-04-13 09:15:19,2788.2,5152
2021-04-13 09:15:20,2786.1,5578
2021-04-13 09:15:21,2790.15,5832
2021-04-13 09:15:22,2789.95,5895
2021-04-13 09:15:23,2789.9,5952
2021-04-13 09:15:24,2789.05,6127
2021-04-13 09:15:25,2789.4,6433
2021-04-13 09:15:26,2789.4,6438
2021-04-13 09:15:27,2789.4,6448
2021-04-13 09:15:28,2789.4,6614
2021-04-13 09:15:29,2789.4,6614
2021-04-13 09:15:30,2789.45,6773
2021-04-13 09:15:31,2785.0,7012
2021-04-13 09:15:32,2789.0,7014
2021-04-13 09:15:33,2789.0,7018
2021-04-13 09:15:34,2788.95,7081
2021-04-13 09:15:35,2791.25,7101
2021-04-13 09:15:36,2790.9,7116
2021-04-13 09:15:37,2789.1,7187
2021-04-13 09:15:38,2789.35,7304
2021-04-13 09:15:39,2787.0,7392
2021-04-13 09:15:40,2788.95,7516
2021-04-13 09:15:41,2788.95,7535
2021-04-13 09:15:42,2788.95,7535
2021-04-13 09:15:43,2788.95,7535
2021-04-13 09:15:44,2788.95,7535
2021-04-13 09:15:45,2788.85,7555
2021-04-13 09:15:46,2788.85,7555
2021-04-13 09:15:47,2788.8,7621
2021-04-13 09:15:48,2788.95,7866
2021-04-13 09:15:49,2785.0,8590
2021-04-13 09:15:50,2786.95,8632
2021-04-13 09:15:51,2780.45,8897
2021-04-13 09:15:52,2780.1,9080
2021-04-13 09:15:53,2780.05,9096
2021-04-13 09:15:54,2780.75,9397
2021-04-13 09:15:55,2780.75,9454
2021-04-13 09:15:56,2779.85,9798
2021-04-13 09:15:57,2778.05,9867
2021-04-13 09:15:58,2778.05,9867
2021-04-13 09:15:59,2780.7,10130
2021-04-13 09:16:00,2781.25,11105
2021-04-13 09:16:01,2777.15,11605
2021-04-13 09:16:02,2782.2,12067
2021-04-13 09:16:04,2782.15,12487
2021-04-13 09:16:05,2780.95,12583
2021-04-13 09:16:06,2784.05,13187
2021-04-13 09:16:07,2783.2,13212
2021-04-13 09:16:08,2783.2,13212
2021-04-13 09:16:10,2782.15,13600
2021-04-13 09:16:09,2783.2,13212
2021-04-13 09:16:11,2781.0,13713
2021-04-13 09:16:12,2781.0,13713
2021-04-13 09:16:13,2781.0,13713
2021-04-13 09:16:14,2782.0,13760
2021-04-13 09:16:15,2782.55,13788
2021-04-13 09:16:16,2783.4,14208
2021-04-13 09:16:17,2783.4,14208
2021-04-13 09:16:18,2785.65,14472
2021-04-13 09:16:19,2785.0,14486
2021-04-13 09:16:20,2783.3,14542
2021-04-13 09:16:21,2784.45,14639
2021-04-13 09:16:22,2787.1,14776
2021-04-13 09:16:23,2787.1,14776
2021-04-13 09:16:24,2787.05,14793
2021-04-13 09:16:25,2787.05,14803
2021-04-13 09:16:26,2789.05,15193
2021-04-13 09:16:27,2790.0,15213
2021-04-13 09:16:28,2789.95,15414
2021-04-13 09:16:29,2790.0,15419
2021-04-13 09:16:30,2790.0,15419
2021-04-13 09:16:32,2790.45,16130
2021-04-13 09:16:35,2791.9,16390
2021-04-13 09:16:36,2791.75,16397
2021-04-13 09:16:37,2791.7,16398
2021-04-13 09:16:38,2792.95,16608
2021-04-13 09:16:39,2793.0,16722
2021-04-13 09:16:40,2793.0,16732
2021-04-13 09:16:41,2793.0,16736
2021-04-13 09:16:42,2792.85,16808
2021-04-13 09:16:43,2791.55,16947
2021-04-13 09:16:44,2792.95,17047
2021-04-13 09:16:45,2792.95,17047
2021-04-13 09:16:46,2792.95,17374
2021-04-13 09:16:47,2792.95,17759
2021-04-13 09:16:48,2792.95,17877
2021-04-13 09:16:49,2792.9,17879
2021-04-13 09:16:50,2792.2,18051
2021-04-13 09:16:51,2792.15,18128
2021-04-13 09:16:53,2794.0,18502
2021-04-13 09:16:53,2795.8,18505
2021-04-13 09:16:55,2793.1,18736
2021-04-13 09:16:55,2795.6,18742
2021-04-13 09:16:56,2795.5,18752
2021-04-13 09:16:57,2795.5,18848
2021-04-13 09:16:58,2795.5,18858
2021-04-13 09:16:59,2794.05,18878
2021-04-13 09:17:00,2795.25,18970
2021-04-13 09:17:01,2792.25,19265
2021-04-13 09:17:02,2795.0,19424
2021-04-13 09:17:03,2794.05,19436
2021-04-13 09:17:04,2795.3,19442
2021-04-13 09:17:05,2795.3,19477
2021-04-13 09:17:06,2795.3,19477
2021-04-13 09:17:07,2796.0,19627
2021-04-13 09:17:08,2796.0,19627
2021-04-13 09:17:09,2795.75,20371
2021-04-13 09:17:10,2795.25,20582
2021-04-13 09:17:11,2794.65,20828
2021-04-13 09:17:12,2795.7,20870
2021-04-13 09:17:13,2794.45,20998
2021-04-13 09:17:14,2794.1,21076
2021-04-13 09:17:15,2794.4,21086
2021-04-13 09:17:16,2794.35,21096
2021-04-13 09:17:17,2794.0,21098
2021-04-13 09:17:18,2794.3,21099
2021-04-13 09:17:20,2792.5,21413
2021-04-13 09:17:21,2793.0,21513
2021-04-13 09:17:22,2793.3,21553
2021-04-13 09:17:23,2793.3,21553
2021-04-13 09:17:24,2793.3,21553
2021-04-13 09:17:25,2793.3,21553
2021-04-13 09:17:26,2793.3,21610
2021-04-13 09:17:27,2791.8,21848
2021-04-13 09:17:28,2793.3,21869
2021-04-13 09:17:29,2792.1,21935
2021-04-13 09:17:30,2792.1,21935
2021-04-13 09:17:31,2793.0,22121
2021-04-13 09:17:32,2793.5,22207
2021-04-13 09:17:33,2793.5,22207
2021-04-13 09:17:34,2793.5,22207
2021-04-13 09:17:35,2792.2,22477
2021-04-13 09:17:36,2793.25,22532
2021-04-13 09:17:37,2793.1,22538
2021-04-13 09:17:39,2788.1,23499
2021-04-13 09:17:41,2790.5,24133
2021-04-13 09:17:42,2791.0,24147
2021-04-13 09:17:43,2792.65,24302
2021-04-13 09:17:44,2792.65,24302
2021-04-13 09:17:45,2794.4,24398
2021-04-13 09:17:46,2792.9,24542
2021-04-13 09:17:48,2793.65,24548
2021-04-13 09:17:49,2793.65,24548
2021-04-13 09:17:50,2793.65,24548
2021-04-13 09:17:52,2792.8,24990
2021-04-13 09:17:52,2792.8,24990
2021-04-13 09:17:54,2791.05,25093
2021-04-13 09:17:54,2791.05,25093
2021-04-13 09:17:55,2792.5,25132
2021-04-13 09:17:56,2792.45,25158
2021-04-13 09:17:58,2792.4,25159
2021-04-13 09:17:59,2791.0,25274
2021-04-13 09:18:00,2791.2,25407
2021-04-13 09:18:01,2790.1,25561
2021-04-13 09:18:02,2790.0,25650
2021-04-13 09:18:04,2790.0,25650
2021-04-13 09:18:04,2790.0,25650
2021-04-13 09:18:05,2790.0,25685
2021-04-13 09:18:06,2789.7,25688
2021-04-13 09:18:07,2790.0,25867
2021-04-13 09:18:08,2790.0,25867
2021-04-13 09:18:09,2790.4,25977
2021-04-13 09:18:10,2789.1,26004
2021-04-13 09:18:11,2789.1,26004
2021-04-13 09:18:12,2791.7,26211
2021-04-13 09:18:14,2791.7,26211
2021-04-13 09:18:15,2791.15,26380
2021-04-13 09:18:16,2790.15,26404
2021-04-13 09:18:16,2790.15,26404
2021-04-13 09:18:17,2790.15,26404
2021-04-13 09:18:18,2791.0,26670
2021-04-13 09:18:19,2791.0,26670
2021-04-13 09:18:20,2791.9,26720
2021-04-13 09:18:21,2790.6,26745
2021-04-13 09:18:22,2791.45,26839
2021-04-13 09:18:24,2792.85,27003
2021-04-13 09:18:25,2794.0,27590
2021-04-13 09:18:25,2794.95,27620
2021-04-13 09:18:26,2795.95,28190
2021-04-13 09:18:27,2795.2,28223
2021-04-13 09:18:28,2795.2,28223
2021-04-13 09:18:29,2796.8,28228
2021-04-13 09:18:30,2795.3,28236
2021-04-13 09:18:32,2795.35,28246
2021-04-13 09:18:33,2796.8,28300
2021-04-13 09:18:34,2795.95,28437
2021-04-13 09:18:35,2795.95,28437
2021-04-13 09:18:36,2797.2,28531
2021-04-13 09:18:37,2795.6,28621
2021-04-13 09:18:38,2795.6,28621
2021-04-13 09:18:39,2797.55,28631
2021-04-13 09:18:40,2797.35,28682
2021-04-13 09:18:41,2797.35,28717
2021-04-13 09:18:42,2796.9,28834
2021-04-13 09:18:43,2795.1,28910
2021-04-13 09:18:44,2797.2,29045
2021-04-13 09:18:45,2798.5,29087
2021-04-13 09:18:46,2798.3,29090
2021-04-13 09:18:47,2798.3,29095
2021-04-13 09:18:48,2798.3,29095
2021-04-13 09:18:50,2796.3,29100
2021-04-13 09:18:51,2798.45,29171
2021-04-13 09:18:51,2798.45,29171
2021-04-13 09:18:52,2798.3,29172
2021-04-13 09:18:53,2799.0,29227
2021-04-13 09:18:54,2798.8,29608
2021-04-13 09:18:55,2798.3,29679
2021-04-13 09:18:56,2795.9,30360
2021-04-13 09:18:57,2795.2,30437
2021-04-13 09:18:58,2795.2,30472
2021-04-13 09:18:59,2794.4,30482
2021-04-13 09:19:00,2794.4,30482
2021-04-13 09:19:01,2793.2,30508
2021-04-13 09:19:02,2791.5,30643
2021-04-13 09:19:03,2793.45,30671
2021-04-13 09:19:04,2793.45,30671
2021-04-13 09:19:05,2791.15,30835
2021-04-13 09:19:06,2792.05,30836
2021-04-13 09:19:07,2792.05,30848
2021-04-13 09:19:09,2790.0,32397
2021-04-13 09:19:10,2792.05,32839
2021-04-13 09:19:10,2792.05,32839
2021-04-13 09:19:11,2791.2,32886
2021-04-13 09:19:12,2791.2,32886
2021-04-13 09:19:13,2792.05,32915
2021-04-13 09:19:14,2792.05,32924
2021-04-13 09:19:15,2792.0,32925
2021-04-13 09:19:16,2791.95,32926
2021-04-13 09:19:17,2791.95,32926
2021-04-13 09:19:18,2792.65,32996
2021-04-13 09:19:19,2791.0,33191
2021-04-13 09:19:20,2792.9,33251
2021-04-13 09:19:22,2794.4,33313
2021-04-13 09:19:24,2794.4,33313
2021-04-13 09:19:25,2795.6,33324
2021-04-13 09:19:26,2795.9,33342
2021-04-13 09:19:27,2796.7,33445
2021-04-13 09:19:28,2794.05,33558
2021-04-13 09:19:29,2794.05,33558
2021-04-13 09:19:29,2794.05,33558
2021-04-13 09:19:30,2794.05,33558
2021-04-13 09:19:31,2794.75,33560
2021-04-13 09:19:32,2794.75,33804
2021-04-13 09:19:33,2789.1,35650
2021-04-13 09:19:34,2788.35,36372
2021-04-13 09:19:36,2788.75,36647
2021-04-13 09:19:36,2788.75,36647
2021-04-13 09:19:37,2788.75,36647
2021-04-13 09:19:38,2788.75,36647
2021-04-13 09:19:39,2788.75,36652
2021-04-13 09:19:40,2788.75,36653
2021-04-13 09:19:41,2788.6,36914
2021-04-13 09:19:42,2788.6,36914
2021-04-13 09:19:43,2788.6,36914
2021-04-13 09:19:44,2788.7,36919
2021-04-13 09:19:45,2788.65,37931
2021-04-13 09:19:46,2788.65,37931
2021-04-13 09:19:47,2787.1,37935
2021-04-13 09:19:48,2787.05,37956
2021-04-13 09:19:49,2787.05,37959
2021-04-13 09:19:50,2786.65,38484
2021-04-13 09:19:51,2786.65,38484
2021-04-13 09:19:52,2786.65,38484
2021-04-13 09:19:53,2786.6,38554
2021-04-13 09:19:54,2786.8,38555
2021-04-13 09:19:56,2786.8,38555
2021-04-13 09:19:57,2786.85,38561
2021-04-13 09:19:57,2786.85,38559
2021-04-13 09:19:58,2786.75,38767
2021-04-13 09:19:59,2786.0,39906
2021-04-13 09:20:00,2783.6,40162
2021-04-13 09:20:01,2783.85,40164
2021-04-13 09:20:02,2784.5,40234
2021-04-13 09:20:03,2784.55,40250
2021-04-13 09:20:04,2784.55,40250
2021-04-13 09:20:05,2784.55,40305
2021-04-13 09:20:06,2785.65,40355
2021-04-13 09:20:07,2786.35,40519
2021-04-13 09:20:08,2784.7,40581
2021-04-13 09:20:09,2784.55,40616
2021-04-13 09:20:10,2784.55,40616
2021-04-13 09:20:11,2784.55,40616
2021-04-13 09:20:14,2782.15,40901
2021-04-13 09:20:15,2784.0,41026
2021-04-13 09:20:16,2782.7,41087
2021-04-13 09:20:17,2780.15,41217
2021-04-13 09:20:18,2783.0,41238
2021-04-13 09:20:19,2781.2,41239
2021-04-13 09:20:19,2782.5,41244
2021-04-13 09:20:21,2782.5,41265
2021-04-13 09:20:22,2782.5,41265
2021-04-13 09:20:23,2782.1,41266
2021-04-13 09:20:24,2782.1,41276
2021-04-13 09:20:27,2782.7,41434
2021-04-13 09:20:28,2780.2,41507
2021-04-13 09:20:29,2780.2,41507
2021-04-13 09:20:30,2781.65,41630
2021-04-13 09:20:30,2781.2,41631
2021-04-13 09:20:32,2776.0,42441
2021-04-13 09:20:33,2773.35,42991
2021-04-13 09:20:34,2776.5,43276
2021-04-13 09:20:34,2776.65,43337
2021-04-13 09:20:35,2776.65,43337
2021-04-13 09:20:37,2773.7,43489
2021-04-13 09:20:38,2776.0,43571
2021-04-13 09:20:39,2777.55,43913
2021-04-13 09:20:40,2776.85,43967
2021-04-13 09:20:41,2778.4,44077
2021-04-13 09:20:42,2777.8,44078
2021-04-13 09:20:43,2780.4,44100
2021-04-13 09:20:44,2780.15,44797
2021-04-13 09:20:45,2781.0,45123
2021-04-13 09:20:46,2780.05,45127
2021-04-13 09:20:46,2781.0,45147
2021-04-13 09:20:47,2781.85,45200
2021-04-13 09:20:48,2780.65,45226
2021-04-13 09:20:49,2780.65,45226
2021-04-13 09:20:51,2780.4,45232
2021-04-13 09:20:52,2780.8,45257
2021-04-13 09:20:52,2780.8,45257
2021-04-13 09:20:53,2781.0,45261
2021-04-13 09:20:54,2782.1,45264
2021-04-13 09:20:56,2781.85,45392
2021-04-13 09:20:56,2781.5,45394
2021-04-13 09:20:57,2781.05,46419
2021-04-13 09:20:58,2782.1,46736
2021-04-13 09:21:00,2776.0,47685
2021-04-13 09:21:01,2776.0,47685
2021-04-13 09:21:02,2778.75,47696
2021-04-13 09:21:02,2778.7,47705
2021-04-13 09:21:03,2778.7,47705
2021-04-13 09:21:04,2778.7,47705
2021-04-13 09:21:05,2780.0,47838
2021-04-13 09:21:06,2779.3,47891
2021-04-13 09:21:08,2779.15,48139
2021-04-13 09:21:09,2780.0,48573
2021-04-13 09:21:10,2781.4,48773
2021-04-13 09:21:12,2781.5,49000
2021-04-13 09:21:13,2781.5,49000
2021-04-13 09:21:14,2780.7,49085
2021-04-13 09:21:15,2780.7,49085
2021-04-13 09:21:16,2779.85,49086
2021-04-13 09:21:17,2779.85,49086
2021-04-13 09:21:18,2780.45,49113
2021-04-13 09:21:19,2780.45,49174
2021-04-13 09:21:20,2780.45,49174
2021-04-13 09:21:21,2784.25,49444
2021-04-13 09:21:23,2782.45,49861
2021-04-13 09:21:24,2781.7,49961
2021-04-13 09:21:26,2782.6,50015
2021-04-13 09:21:26,2782.6,50015
2021-04-13 09:21:27,2784.15,50016
2021-04-13 09:21:28,2784.15,50016
2021-04-13 09:21:30,2784.15,50067
2021-04-13 09:21:31,2785.0,50419
2021-04-13 09:21:32,2785.0,50419
2021-04-13 09:21:33,2784.8,50627
2021-04-13 09:21:33,2784.8,50627
2021-04-13 09:21:34,2785.05,50659
2021-04-13 09:21:35,2785.05,50659
2021-04-13 09:21:37,2787.1,50844
2021-04-13 09:21:38,2791.15,51483
2021-04-13 09:21:40,2791.5,52283
2021-04-13 09:21:39,2793.45,52179
2021-04-13 09:21:41,2789.4,52370
2021-04-13 09:21:42,2792.7,52784
2021-04-13 09:21:43,2791.05,52949
2021-04-13 09:21:44,2791.05,52949
2021-04-13 09:21:45,2793.1,52959
2021-04-13 09:21:45,2791.05,53052
2021-04-13 09:21:46,2791.5,53055
2021-04-13 09:21:47,2793.25,53061
2021-04-13 09:21:48,2789.7,53163
2021-04-13 09:21:49,2789.65,53173
2021-04-13 09:21:50,2789.65,53218
2021-04-13 09:21:51,2789.65,53228
2021-04-13 09:21:52,2789.65,53228
2021-04-13 09:21:53,2792.45,53294
2021-04-13 09:21:54,2794.1,53340
2021-04-13 09:21:55,2791.95,53426
2021-04-13 09:21:56,2792.35,53436
2021-04-13 09:21:58,2794.4,53737
2021-04-13 09:21:59,2794.35,53820
2021-04-13 09:22:00,2795.45,53839
2021-04-13 09:22:01,2792.15,53932
2021-04-13 09:22:02,2792.3,53963
2021-04-13 09:22:03,2794.85,54133
2021-04-13 09:22:03,2793.65,53978
2021-04-13 09:22:04,2793.75,54191
2021-04-13 09:22:05,2795.05,54228
2021-04-13 09:22:06,2793.95,54459
2021-04-13 09:22:08,2794.75,54708
2021-04-13 09:22:09,2793.9,54833
2021-04-13 09:22:10,2792.55,54898
2021-04-13 09:22:10,2792.55,54898
2021-04-13 09:22:12,2792.4,55130
2021-04-13 09:22:13,2793.35,55173
2021-04-13 09:22:14,2797.0,55678
2021-04-13 09:22:14,2795.8,55773
2021-04-13 09:22:15,2795.0,55853
2021-04-13 09:22:17,2796.5,56542
2021-04-13 09:22:18,2794.35,56649
2021-04-13 09:22:18,2796.3,56650
2021-04-13 09:22:20,2795.95,56744
2021-04-13 09:22:21,2795.95,56744
2021-04-13 09:22:21,2796.55,56786
2021-04-13 09:22:22,2796.55,56786
2021-04-13 09:22:23,2796.55,56786
2021-04-13 09:22:25,2795.6,56830
2021-04-13 09:22:26,2795.0,56837
2021-04-13 09:22:27,2794.8,56840
2021-04-13 09:22:28,2794.55,57341
2021-04-13 09:22:29,2794.5,57466
2021-04-13 09:22:30,2796.55,57557
2021-04-13 09:22:31,2796.55,57577
2021-04-13 09:22:32,2796.55,57585
2021-04-13 09:22:33,2796.55,57585
2021-04-13 09:22:34,2798.0,57685
2021-04-13 09:22:34,2798.0,57685
2021-04-13 09:22:35,2798.0,57685
2021-04-13 09:22:37,2797.15,57788
2021-04-13 09:22:38,2795.75,57826
2021-04-13 09:22:39,2795.7,57881
2021-04-13 09:22:40,2795.7,57881
2021-04-13 09:22:41,2796.65,57892
2021-04-13 09:22:42,2797.5,57902
2021-04-13 09:22:43,2797.5,57902
2021-04-13 09:22:44,2797.4,57968
2021-04-13 09:22:45,2797.4,57968
2021-04-13 09:22:46,2797.4,57968
2021-04-13 09:22:47,2796.55,57974
2021-04-13 09:22:48,2796.55,57974
2021-04-13 09:22:49,2796.55,57974
2021-04-13 09:22:50,2796.55,57974
2021-04-13 09:22:51,2796.55,57974
2021-04-13 09:22:52,2797.5,58003
2021-04-13 09:22:53,2798.0,58128
2021-04-13 09:22:54,2798.95,58139
2021-04-13 09:22:55,2798.95,58139
2021-04-13 09:22:56,2796.6,58265
2021-04-13 09:22:57,2796.55,58307
2021-04-13 09:22:58,2797.7,58347
2021-04-13 09:22:59,2797.5,58357
2021-04-13 09:23:00,2799.45,58728
2021-04-13 09:23:01,2799.45,58728
2021-04-13 09:23:02,2799.0,58886
2021-04-13 09:23:03,2799.0,58886
2021-04-13 09:23:04,2799.0,58891
2021-04-13 09:23:05,2799.0,58891
2021-04-13 09:23:06,2797.5,58950
2021-04-13 09:23:08,2797.75,59069
2021-04-13 09:23:09,2797.3,59089
2021-04-13 09:23:10,2797.1,59090
2021-04-13 09:23:12,2796.45,59273
2021-04-13 09:23:13,2796.45,59273
2021-04-13 09:23:14,2797.45,59280
2021-04-13 09:23:15,2797.45,59280
2021-04-13 09:23:16,2797.45,59280
2021-04-13 09:23:17,2797.7,59503
2021-04-13 09:23:18,2798.0,59647
2021-04-13 09:23:19,2798.0,59647
2021-04-13 09:23:20,2799.9,59854
2021-04-13 09:23:21,2799.9,59904
2021-04-13 09:23:22,2799.9,59904
2021-04-13 09:23:23,2799.85,59905
2021-04-13 09:23:24,2799.9,59910
2021-04-13 09:23:25,2797.0,61925
2021-04-13 09:23:26,2797.5,62050
2021-04-13 09:23:27,2797.5,62050
2021-04-13 09:23:28,2797.5,62179
2021-04-13 09:23:28,2797.5,62179
2021-04-13 09:23:30,2797.45,62269
2021-04-13 09:23:32,2797.45,62281
2021-04-13 09:23:33,2797.45,62331
2021-04-13 09:23:34,2797.45,62431
2021-04-13 09:23:34,2797.45,62431
2021-04-13 09:23:36,2797.45,62539
2021-04-13 09:23:37,2796.5,62592
2021-04-13 09:23:38,2797.45,62712
2021-04-13 09:23:39,2797.45,62722
2021-04-13 09:23:40,2797.45,62823
2021-04-13 09:23:41,2797.45,62824
2021-04-13 09:23:42,2796.6,62825
2021-04-13 09:23:43,2795.15,62925
2021-04-13 09:23:44,2797.0,62964
2021-04-13 09:23:45,2797.0,62974
2021-04-13 09:23:47,2796.6,62975
2021-04-13 09:23:47,2796.6,62975
2021-04-13 09:23:48,2796.85,62980
2021-04-13 09:23:49,2795.4,63000
2021-04-13 09:23:51,2795.4,63000
2021-04-13 09:23:52,2795.4,63009
2021-04-13 09:23:53,2795.4,63009
2021-04-13 09:23:54,2795.4,63172
2021-04-13 09:23:55,2795.4,63172
2021-04-13 09:23:56,2796.8,63422
2021-04-13 09:23:56,2796.8,63422
2021-04-13 09:23:57,2796.8,63422
2021-04-13 09:23:59,2795.45,63437
2021-04-13 09:24:00,2795.45,63437
2021-04-13 09:24:01,2796.9,63462
2021-04-13 09:24:02,2797.9,63659
2021-04-13 09:24:03,2797.9,63659
2021-04-13 09:24:04,2797.0,63779
2021-04-13 09:24:05,2796.2,63819
2021-04-13 09:24:06,2795.4,63896
2021-04-13 09:24:08,2795.4,63896
2021-04-13 09:24:09,2795.4,63896
2021-04-13 09:24:10,2797.25,64027
2021-04-13 09:24:11,2797.25,64027
2021-04-13 09:24:12,2795.55,64057
2021-04-13 09:24:13,2797.55,64226
2021-04-13 09:24:14,2797.85,64462
2021-04-13 09:24:15,2799.0,64630
2021-04-13 09:24:16,2799.0,64630
2021-04-13 09:24:17,2798.1,64689
2021-04-13 09:24:18,2799.0,64703
2021-04-13 09:24:19,2802.2,66241
2021-04-13 09:24:20,2802.05,66860
2021-04-13 09:24:21,2800.95,66990
2021-04-13 09:24:22,2802.15,67009
2021-04-13 09:24:23,2802.15,67013
2021-04-13 09:24:24,2802.15,67023
2021-04-13 09:24:26,2801.3,67034
2021-04-13 09:24:27,2799.0,67125
2021-04-13 09:24:28,2799.0,67260
2021-04-13 09:24:29,2799.0,67307
2021-04-13 09:24:30,2800.1,67308
2021-04-13 09:24:31,2800.1,67308
2021-04-13 09:24:32,2800.0,67341
2021-04-13 09:24:34,2800.15,67355
2021-04-13 09:24:35,2800.15,68096
2021-04-13 09:24:36,2799.05,68097
2021-04-13 09:24:37,2799.95,68099
2021-04-13 09:24:38,2799.95,68099
2021-04-13 09:24:39,2800.15,68124
2021-04-13 09:24:40,2800.15,68124
2021-04-13 09:24:41,2800.0,68127
2021-04-13 09:24:42,2800.0,68127
2021-04-13 09:24:43,2800.0,68127
2021-04-13 09:24:44,2800.0,68127
2021-04-13 09:24:45,2799.25,68146
2021-04-13 09:24:46,2799.0,68263
2021-04-13 09:24:47,2799.0,68294
2021-04-13 09:24:48,2799.0,68294
2021-04-13 09:24:49,2799.0,68294
2021-04-13 09:24:50,2797.45,68359
2021-04-13 09:24:52,2798.65,68365
2021-04-13 09:24:51,2798.65,68365
2021-04-13 09:24:53,2799.25,68435
2021-04-13 09:24:54,2797.6,68485
2021-04-13 09:24:55,2797.75,68532
2021-04-13 09:24:56,2798.55,68637
2021-04-13 09:24:57,2798.7,68642
2021-04-13 09:24:58,2798.7,68642
2021-04-13 09:24:59,2798.7,68642
2021-04-13 09:25:00,2796.95,68761
2021-04-13 09:25:01,2796.95,68761
2021-04-13 09:25:02,2795.45,68779
2021-04-13 09:25:03,2794.7,68865
2021-04-13 09:25:04,2794.7,68865
2021-04-13 09:25:05,2792.95,68876
2021-04-13 09:25:06,2792.35,68878
2021-04-13 09:25:07,2792.4,68888
2021-04-13 09:25:08,2792.4,68897
2021-04-13 09:25:09,2792.4,68897
2021-04-13 09:25:10,2792.95,68936
2021-04-13 09:25:11,2792.85,68996
2021-04-13 09:25:12,2792.85,69008
2021-04-13 09:25:13,2791.75,69034
2021-04-13 09:25:14,2791.9,69035
2021-04-13 09:25:15,2791.9,69035
2021-04-13 09:25:16,2791.9,69035
2021-04-13 09:25:17,2791.9,69035
2021-04-13 09:25:18,2793.85,69057
2021-04-13 09:25:19,2793.85,69057
2021-04-13 09:25:20,2793.85,69057
2021-04-13 09:25:21,2793.8,69114
2021-04-13 09:25:22,2792.55,69119
2021-04-13 09:25:23,2793.8,69169
2021-04-13 09:25:24,2793.8,69169
2021-04-13 09:25:25,2793.8,69169
2021-04-13 09:25:26,2793.8,69186
2021-04-13 09:25:27,2793.8,69187
2021-04-13 09:25:28,2793.8,69188
2021-04-13 09:25:29,2793.85,69227
2021-04-13 09:25:30,2793.85,69227
2021-04-13 09:25:31,2793.85,69237
2021-04-13 09:25:32,2793.85,69237
2021-04-13 09:25:33,2793.8,69338
2021-04-13 09:25:34,2793.8,69338
2021-04-13 09:25:35,2793.85,69339
2021-04-13 09:25:36,2793.8,69364
2021-04-13 09:25:37,2793.8,69364
2021-04-13 09:25:38,2792.85,69369
2021-04-13 09:25:39,2793.85,69418
2021-04-13 09:25:40,2793.85,69418
2021-04-13 09:25:41,2793.85,69418
2021-04-13 09:25:42,2793.85,69423
2021-04-13 09:25:43,2793.55,69693
2021-04-13 09:25:44,2793.55,69693
2021-04-13 09:25:45,2793.55,69693
2021-04-13 09:25:46,2793.2,69783
2021-04-13 09:25:47,2793.85,69799
2021-04-13 09:25:48,2793.85,69861
2021-04-13 09:25:49,2793.85,69861
2021-04-13 09:25:50,2793.85,69886
2021-04-13 09:25:51,2793.35,69887
2021-04-13 09:25:52,2793.1,69945
2021-04-13 09:25:53,2793.1,69945
2021-04-13 09:25:54,2793.1,69945
2021-04-13 09:25:55,2793.1,69945
2021-04-13 09:25:56,2793.1,69945
2021-04-13 09:25:57,2794.75,69970
2021-04-13 09:25:58,2793.5,70020
2021-04-13 09:25:59,2793.5,70020
2021-04-13 09:26:00,2793.5,70020
2021-04-13 09:26:01,2794.75,70022
2021-04-13 09:26:02,2794.75,70022
2021-04-13 09:26:03,2797.9,70327
2021-04-13 09:26:04,2796.05,70374
2021-04-13 09:26:05,2796.05,70374
2021-04-13 09:26:06,2795.7,70399
2021-04-13 09:26:07,2795.7,70399
2021-04-13 09:26:08,2795.7,70399
2021-04-13 09:26:09,2795.7,70399
2021-04-13 09:26:10,2795.7,70399
2021-04-13 09:26:11,2796.85,70410
2021-04-13 09:26:12,2796.85,70410
2021-04-13 09:26:13,2796.85,70410
2021-04-13 09:26:14,2796.85,70412
2021-04-13 09:26:15,2796.85,70412
2021-04-13 09:26:16,2796.85,70412
2021-04-13 09:26:17,2796.85,70427
2021-04-13 09:26:18,2796.35,70452
2021-04-13 09:26:19,2796.85,70462
2021-04-13 09:26:20,2798.15,70618
2021-04-13 09:26:21,2798.15,70618
2021-04-13 09:26:22,2798.85,70703
2021-04-13 09:26:23,2798.85,70703
2021-04-13 09:26:24,2797.4,70756
2021-04-13 09:26:25,2798.35,70892
2021-04-13 09:26:26,2798.3,70902
2021-04-13 09:26:27,2798.3,70902
2021-04-13 09:26:28,2798.3,70902
2021-04-13 09:26:29,2796.95,71070
2021-04-13 09:26:30,2795.6,71293
2021-04-13 09:26:31,2795.55,71305
2021-04-13 09:26:32,2795.95,71359
2021-04-13 09:26:33,2795.95,71359
2021-04-13 09:26:34,2795.95,71359
2021-04-13 09:26:35,2795.9,71369
2021-04-13 09:26:36,2796.2,71401
2021-04-13 09:26:37,2796.2,71401
2021-04-13 09:26:38,2796.2,71401
2021-04-13 09:26:39,2795.0,71435
2021-04-13 09:26:40,2795.35,71438
2021-04-13 09:26:41,2795.35,71438
2021-04-13 09:26:42,2795.65,71441
2021-04-13 09:26:43,2795.65,71441
2021-04-13 09:26:44,2795.65,71441
2021-04-13 09:26:46,2795.65,71441
2021-04-13 09:26:47,2795.65,71441
2021-04-13 09:26:47,2797.8,71467
2021-04-13 09:26:48,2797.8,71467
2021-04-13 09:26:49,2797.95,71472
2021-04-13 09:26:51,2797.95,71472
2021-04-13 09:26:51,2797.95,71472
2021-04-13 09:26:52,2797.95,71472
2021-04-13 09:26:53,2795.6,71725
2021-04-13 09:26:54,2796.65,71726
2021-04-13 09:26:55,2796.85,71727
2021-04-13 09:26:56,2795.35,71743
2021-04-13 09:26:57,2794.0,72535
2021-04-13 09:26:58,2796.15,72626
2021-04-13 09:27:00,2796.15,72626
2021-04-13 09:27:00,2796.15,72626
2021-04-13 09:27:01,2796.15,72626
2021-04-13 09:27:02,2796.1,72631
2021-04-13 09:27:03,2796.2,72652
2021-04-13 09:27:04,2796.2,72656
2021-04-13 09:27:05,2796.1,72900
2021-04-13 09:27:06,2796.3,72910
2021-04-13 09:27:07,2795.0,73408
2021-04-13 09:27:08,2795.0,73413
2021-04-13 09:27:09,2795.0,73425
2021-04-13 09:27:10,2795.0,73425
2021-04-13 09:27:11,2795.0,73425
2021-04-13 09:27:12,2795.0,73425
2021-04-13 09:27:13,2795.0,73425
2021-04-13 09:27:14,2795.0,73425
2021-04-13 09:27:15,2795.0,73430
2021-04-13 09:27:16,2794.25,73435
2021-04-13 09:27:17,2795.0,73516
2021-04-13 09:27:18,2795.0,73516
2021-04-13 09:27:19,2795.0,73516
2021-04-13 09:27:20,2795.0,73521
2021-04-13 09:27:21,2795.0,73521
2021-04-13 09:27:22,2795.0,73553
2021-04-13 09:27:24,2795.0,73553
2021-04-13 09:27:26,2794.5,73574
2021-04-13 09:27:26,2795.0,74120
2021-04-13 09:27:27,2795.0,74221
2021-04-13 09:27:28,2794.45,74246
2021-04-13 09:27:30,2794.45,74246
2021-04-13 09:27:30,2794.45,74246
2021-04-13 09:27:31,2794.45,74271
2021-04-13 09:27:32,2795.0,74298
2021-04-13 09:27:33,2795.0,74298
2021-04-13 09:27:34,2794.45,74303
2021-04-13 09:27:35,2794.45,74303
2021-04-13 09:27:36,2794.45,74303
2021-04-13 09:27:37,2795.0,74339
2021-04-13 09:27:38,2795.0,74339
2021-04-13 09:27:39,2795.0,74339
2021-04-13 09:27:40,2795.0,74339
2021-04-13 09:27:41,2795.0,74439
2021-04-13 09:27:42,2795.0,74441
2021-04-13 09:27:43,2795.0,74441
2021-04-13 09:27:44,2795.0,74504
2021-04-13 09:27:45,2795.05,74570
2021-04-13 09:27:46,2795.05,74570
2021-04-13 09:27:47,2795.05,74570
2021-04-13 09:27:48,2795.05,74570
2021-04-13 09:27:49,2795.05,74570
2021-04-13 09:27:50,2796.85,75035
2021-04-13 09:27:51,2796.85,75035
2021-04-13 09:27:52,2797.0,75036
2021-04-13 09:27:53,2797.0,75036
2021-04-13 09:27:54,2796.85,75156
2021-04-13 09:27:55,2796.85,75156
2021-04-13 09:27:56,2796.85,75161
2021-04-13 09:27:57,2796.85,75161
2021-04-13 09:27:59,2796.75,75169
2021-04-13 09:28:00,2796.75,75174
2021-04-13 09:28:01,2796.75,75174
2021-04-13 09:28:02,2796.75,75174
2021-04-13 09:28:03,2796.75,75174
2021-04-13 09:28:04,2796.75,75174
2021-04-13 09:28:05,2795.0,75548
2021-04-13 09:28:06,2795.0,75548
2021-04-13 09:28:07,2795.0,75548
2021-04-13 09:28:08,2795.0,75548
2021-04-13 09:28:09,2795.0,75548
2021-04-13 09:28:10,2795.0,75548
2021-04-13 09:28:11,2795.55,75583
2021-04-13 09:28:12,2795.55,75583
2021-04-13 09:28:13,2795.55,75595
2021-04-13 09:28:15,2795.9,75605
2021-04-13 09:28:15,2795.9,75605
2021-04-13 09:28:16,2796.15,75725
2021-04-13 09:28:17,2796.15,75725
2021-04-13 09:28:18,2796.15,75725
2021-04-13 09:28:20,2795.0,75745
2021-04-13 09:28:20,2795.0,75745
2021-04-13 09:28:21,2796.05,75772
2021-04-13 09:28:22,2796.05,75772
2021-04-13 09:28:23,2796.75,76007
2021-04-13 09:28:24,2796.75,76007
2021-04-13 09:28:25,2797.0,76042
2021-04-13 09:28:26,2794.9,76139
2021-04-13 09:28:27,2794.9,76139
2021-04-13 09:28:28,2796.0,76164
2021-04-13 09:28:29,2796.0,76164
2021-04-13 09:28:30,2796.0,76164
2021-04-13 09:28:31,2796.6,76165
2021-04-13 09:28:32,2796.6,76165
2021-04-13 09:28:34,2796.6,76165
2021-04-13 09:28:35,2796.6,76165
2021-04-13 09:28:36,2796.75,76197
2021-04-13 09:28:37,2796.75,76197
2021-04-13 09:28:38,2796.75,76197
2021-04-13 09:28:38,2796.75,76197
2021-04-13 09:28:39,2796.75,76197
2021-04-13 09:28:40,2796.75,76197
2021-04-13 09:28:41,2796.75,76197
2021-04-13 09:28:42,2796.75,76197
2021-04-13 09:28:43,2796.75,76197
2021-04-13 09:28:44,2795.9,76222
2021-04-13 09:28:46,2796.05,76272
2021-04-13 09:28:46,2796.05,76272
2021-04-13 09:28:49,2796.05,76272
2021-04-13 09:28:50,2795.9,76321
2021-04-13 09:28:51,2795.9,76380
2021-04-13 09:28:53,2795.9,76391
2021-04-13 09:28:54,2795.9,76391
2021-04-13 09:28:55,2796.8,76416
2021-04-13 09:28:56,2796.8,76416
2021-04-13 09:28:56,2796.8,76416
2021-04-13 09:28:57,2796.8,76416
2021-04-13 09:28:58,2797.05,77274
2021-04-13 09:28:59,2797.05,77274
2021-04-13 09:29:01,2798.5,77286
2021-04-13 09:29:02,2798.5,77286
2021-04-13 09:29:03,2798.5,77286
2021-04-13 09:29:03,2798.5,77286
2021-04-13 09:29:04,2798.95,77401
2021-04-13 09:29:05,2798.95,77401
2021-04-13 09:29:06,2798.5,77404
2021-04-13 09:29:07,2797.65,77504
2021-04-13 09:29:08,2797.65,77504
2021-04-13 09:29:09,2797.65,77504
2021-04-13 09:29:10,2797.65,77504
2021-04-13 09:29:11,2797.65,77504
2021-04-13 09:29:12,2797.7,77536
2021-04-13 09:29:13,2797.6,77570
2021-04-13 09:29:14,2797.6,77572
2021-04-13 09:29:15,2798.85,77594
2021-04-13 09:29:16,2799.0,77709
2021-04-13 09:29:17,2797.9,77838
2021-04-13 09:29:18,2797.9,77838
2021-04-13 09:29:19,2797.05,77841
2021-04-13 09:29:20,2797.05,77841
2021-04-13 09:29:21,2797.05,77841
2021-04-13 09:29:23,2797.05,77841
2021-04-13 09:29:24,2797.05,77841
2021-04-13 09:29:25,2797.05,77841
2021-04-13 09:29:26,2797.05,77841
2021-04-13 09:29:27,2797.05,77841
2021-04-13 09:29:28,2798.05,77842
2021-04-13 09:29:29,2798.5,77885
2021-04-13 09:29:30,2798.5,77885
2021-04-13 09:29:31,2798.5,77885
2021-04-13 09:29:31,2798.5,77885
2021-04-13 09:29:32,2798.5,77885
2021-04-13 09:29:33,2798.5,77885
2021-04-13 09:29:34,2798.7,77899
2021-04-13 09:29:35,2798.7,77899
2021-04-13 09:29:37,2798.7,77903
2021-04-13 09:29:37,2798.7,77903
2021-04-13 09:29:38,2798.75,78010
2021-04-13 09:29:39,2798.75,78015
2021-04-13 09:29:40,2798.5,78072
2021-04-13 09:29:41,2799.0,78151
2021-04-13 09:29:42,2798.5,78163
2021-04-13 09:29:43,2799.0,78165
2021-04-13 09:29:44,2799.0,78165
2021-04-13 09:29:45,2799.0,78165
2021-04-13 09:29:46,2798.5,78263
2021-04-13 09:29:48,2798.95,78274
2021-04-13 09:29:48,2798.95,78274
2021-04-13 09:29:49,2798.95,78275
2021-04-13 09:29:50,2798.0,78319
2021-04-13 09:29:51,2798.0,78319
2021-04-13 09:29:53,2798.0,78319
2021-04-13 09:29:54,2798.0,78339
2021-04-13 09:29:54,2798.0,78339
2021-04-13 09:29:55,2798.0,78339
2021-04-13 09:29:56,2798.0,78339
2021-04-13 09:29:57,2799.0,78341
2021-04-13 09:29:58,2799.0,78341
2021-04-13 09:29:59,2799.25,78714
2021-04-13 09:30:00,2799.25,78763
2021-04-13 09:30:01,2800.0,79229
2021-04-13 09:30:02,2800.0,79229
2021-04-13 09:30:03,2799.85,79329
2021-04-13 09:30:04,2799.85,79329
2021-04-13 09:30:05,2799.9,79393
2021-04-13 09:30:06,2798.1,79534
2021-04-13 09:30:07,2799.9,79584
2021-04-13 09:30:08,2799.0,79586
2021-04-13 09:30:09,2799.0,79586
2021-04-13 09:30:10,2799.0,79586
2021-04-13 09:30:11,2799.85,79591
2021-04-13 09:30:12,2799.8,79624
2021-04-13 09:30:13,2799.9,79634
2021-04-13 09:30:14,2798.85,79680
2021-04-13 09:30:15,2797.25,79807
2021-04-13 09:30:16,2797.25,79807
2021-04-13 09:30:17,2797.25,79807
2021-04-13 09:30:18,2799.0,79822
2021-04-13 09:30:19,2797.7,79922
2021-04-13 09:30:20,2799.25,79923
2021-04-13 09:30:21,2799.25,79923
2021-04-13 09:30:22,2799.25,79923
2021-04-13 09:30:23,2798.45,79954
2021-04-13 09:30:24,2799.0,79955
2021-04-13 09:30:25,2799.45,79958
2021-04-13 09:30:26,2799.45,79958
2021-04-13 09:30:27,2797.95,79962
2021-04-13 09:30:28,2797.95,79962
2021-04-13 09:30:29,2799.4,79967
2021-04-13 09:30:31,2799.4,79972
2021-04-13 09:30:31,2799.4,79972
2021-04-13 09:30:32,2797.9,80202
2021-04-13 09:30:34,2797.9,80202
2021-04-13 09:30:35,2797.9,80202
2021-04-13 09:30:36,2799.85,80207
2021-04-13 09:30:37,2799.9,80282
2021-04-13 09:30:38,2799.9,80302
2021-04-13 09:30:39,2799.9,80323
2021-04-13 09:30:40,2800.25,80437
2021-04-13 09:30:41,2800.25,80438
2021-04-13 09:30:42,2800.25,80438
2021-04-13 09:30:43,2799.9,80439
2021-04-13 09:30:44,2799.9,80439
2021-04-13 09:30:45,2799.85,80444
2021-04-13 09:30:46,2799.9,80502
2021-04-13 09:30:47,2799.9,80502
2021-04-13 09:30:48,2799.45,80522
2021-04-13 09:30:49,2799.45,80524
2021-04-13 09:30:51,2799.45,80524
2021-04-13 09:30:52,2799.45,80524
2021-04-13 09:30:52,2799.35,80531
2021-04-13 09:30:54,2799.9,80551
2021-04-13 09:30:56,2799.9,80552
2021-04-13 09:30:57,2799.9,80606
2021-04-13 09:30:58,2799.9,80662
2021-04-13 09:30:58,2800.3,80737
2021-04-13 09:30:59,2798.85,80825
2021-04-13 09:31:01,2799.15,80867
2021-04-13 09:31:02,2797.85,80932
2021-04-13 09:31:03,2797.85,80932
2021-04-13 09:31:04,2797.85,80932
2021-04-13 09:31:05,2799.7,80935
2021-04-13 09:31:06,2799.7,80935
2021-04-13 09:31:07,2799.0,80939
2021-04-13 09:31:08,2799.0,80939
2021-04-13 09:31:09,2799.7,80949
2021-04-13 09:31:10,2799.7,80965
2021-04-13 09:31:10,2799.7,80965
2021-04-13 09:31:11,2799.7,80965
2021-04-13 09:31:12,2799.0,80966
2021-04-13 09:31:13,2799.7,80967
2021-04-13 09:31:14,2799.7,80967
2021-04-13 09:31:15,2798.3,80997
2021-04-13 09:31:16,2798.6,80998
2021-04-13 09:31:17,2799.7,81002
2021-04-13 09:31:18,2798.65,81007
2021-04-13 09:31:19,2799.65,81017
2021-04-13 09:31:20,2799.65,81017
2021-04-13 09:31:21,2800.5,81377
2021-04-13 09:31:23,2798.4,81419
2021-04-13 09:31:23,2798.4,81419
2021-04-13 09:31:24,2798.05,81420
2021-04-13 09:31:25,2798.05,81420
2021-04-13 09:31:27,2797.15,81889
2021-04-13 09:31:28,2797.15,81889
2021-04-13 09:31:29,2796.0,81900
2021-04-13 09:31:30,2796.0,81900
2021-04-13 09:31:31,2796.9,82928
2021-04-13 09:31:32,2796.9,82928
2021-04-13 09:31:33,2796.6,82929
2021-04-13 09:31:34,2796.45,82977
2021-04-13 09:31:35,2796.45,82977
2021-04-13 09:31:35,2796.45,82977
2021-04-13 09:31:37,2795.25,82992
2021-04-13 09:31:37,2795.25,82992
2021-04-13 09:31:38,2796.55,83003
2021-04-13 09:31:39,2796.65,83008
2021-04-13 09:31:40,2795.15,83096
2021-04-13 09:31:42,2794.8,83106
2021-04-13 09:31:43,2793.5,83246
2021-04-13 09:31:44,2794.5,83301
2021-04-13 09:31:45,2794.5,83301
2021-04-13 09:31:46,2794.5,83322
2021-04-13 09:31:47,2795.15,83323
2021-04-13 09:31:48,2795.0,83373
2021-04-13 09:31:49,2795.15,83377
2021-04-13 09:31:50,2795.15,83377
2021-04-13 09:31:51,2795.15,83377
2021-04-13 09:31:52,2794.3,83387
2021-04-13 09:31:53,2795.15,83394
2021-04-13 09:31:54,2795.15,83394
2021-04-13 09:31:54,2795.15,83394
2021-04-13 09:31:55,2795.15,83394
2021-04-13 09:31:56,2795.15,83395
2021-04-13 09:31:57,2797.15,83723
2021-04-13 09:31:58,2796.45,83756
2021-04-13 09:31:59,2796.45,83756
2021-04-13 09:32:00,2797.15,83773
2021-04-13 09:32:01,2797.15,83793
2021-04-13 09:32:02,2797.15,83793
2021-04-13 09:32:03,2797.15,83950
2021-04-13 09:32:04,2797.55,83971
2021-04-13 09:32:05,2798.4,84317
2021-04-13 09:32:06,2798.4,84317
2021-04-13 09:32:08,2797.95,84376
2021-04-13 09:32:09,2798.7,84381
2021-04-13 09:32:10,2798.7,84381
2021-04-13 09:32:11,2798.7,84381
2021-04-13 09:32:12,2798.7,84381
2021-04-13 09:32:13,2797.95,84384
2021-04-13 09:32:14,2797.95,84389
2021-04-13 09:32:15,2797.95,84389
2021-04-13 09:32:16,2797.95,84389
2021-04-13 09:32:16,2797.95,84389
2021-04-13 09:32:17,2797.95,84389
2021-04-13 09:32:18,2797.95,84389
2021-04-13 09:32:19,2797.95,84389
2021-04-13 09:32:21,2797.95,84389
2021-04-13 09:32:22,2798.7,84390
2021-04-13 09:32:23,2798.7,84390
2021-04-13 09:32:24,2798.7,84390
2021-04-13 09:32:25,2798.15,84436
2021-04-13 09:32:25,2798.05,84456
2021-04-13 09:32:26,2798.05,84456
2021-04-13 09:32:27,2798.7,84467
2021-04-13 09:32:28,2798.7,84467
2021-04-13 09:32:30,2798.7,84487
2021-04-13 09:32:30,2798.7,84487
2021-04-13 09:32:31,2798.7,84487
2021-04-13 09:32:32,2800.35,84795
2021-04-13 09:32:33,2799.7,85041
2021-04-13 09:32:34,2799.7,85041
2021-04-13 09:32:36,2801.25,85042
2021-04-13 09:32:37,2801.25,85042
2021-04-13 09:32:38,2800.05,85043
2021-04-13 09:32:39,2801.25,85044
2021-04-13 09:32:40,2801.25,85049
2021-04-13 09:32:40,2799.9,85164
2021-04-13 09:32:41,2799.9,85164
2021-04-13 09:32:42,2799.9,85164
2021-04-13 09:32:43,2801.3,85170
2021-04-13 09:32:44,2801.3,85170
2021-04-13 09:32:45,2801.3,85170
2021-04-13 09:32:47,2801.3,85196
2021-04-13 09:32:48,2801.3,85221
2021-04-13 09:32:49,2799.9,85421
2021-04-13 09:32:50,2801.3,85586
2021-04-13 09:32:51,2801.25,85588
2021-04-13 09:32:51,2799.65,86177
2021-04-13 09:32:52,2799.65,86177
2021-04-13 09:32:53,2800.75,86492
2021-04-13 09:32:54,2800.75,86492
2021-04-13 09:32:56,2799.8,86519
2021-04-13 09:32:57,2799.8,86519
2021-04-13 09:32:58,2800.45,86521
2021-04-13 09:32:59,2800.45,86521
2021-04-13 09:33:00,2800.45,86521
2021-04-13 09:33:00,2800.45,86521
2021-04-13 09:33:01,2800.45,86521
2021-04-13 09:33:02,2800.45,86522
2021-04-13 09:33:04,2800.45,86583
2021-04-13 09:33:05,2800.0,86584
2021-04-13 09:33:06,2799.8,86634
2021-04-13 09:33:07,2794.9,88461
2021-04-13 09:33:08,2794.5,88464
2021-04-13 09:33:09,2795.55,88493
2021-04-13 09:33:10,2795.65,88496
2021-04-13 09:33:11,2795.65,88496
2021-04-13 09:33:12,2795.65,88496
2021-04-13 09:33:13,2795.65,88509
2021-04-13 09:33:14,2795.65,88509
2021-04-13 09:33:15,2795.65,88509
2021-04-13 09:33:16,2795.65,88521
2021-04-13 09:33:17,2795.6,88621
2021-04-13 09:33:18,2795.3,88712
2021-04-13 09:33:19,2795.3,88721
2021-04-13 09:33:19,2795.3,88721
2021-04-13 09:33:20,2795.3,88721
2021-04-13 09:33:22,2795.3,88765
2021-04-13 09:33:23,2795.65,88880
2021-04-13 09:33:24,2795.65,88880
2021-04-13 09:33:25,2797.25,89210
2021-04-13 09:33:26,2797.25,89210
2021-04-13 09:33:27,2799.8,89245
2021-04-13 09:33:28,2799.75,89362
2021-04-13 09:33:28,2799.75,89362
2021-04-13 09:33:29,2799.75,89362
2021-04-13 09:33:31,2799.75,89362
2021-04-13 09:33:32,2799.8,89402
2021-04-13 09:33:32,2799.8,89402
2021-04-13 09:33:34,2799.0,89404
2021-04-13 09:33:35,2800.95,89512
2021-04-13 09:33:35,2800.95,89512
2021-04-13 09:33:37,2800.95,89514
2021-04-13 09:33:38,2799.9,89552
2021-04-13 09:33:39,2798.75,89634
2021-04-13 09:33:40,2798.75,89634
2021-04-13 09:33:41,2798.35,89859
2021-04-13 09:33:43,2797.65,89925
2021-04-13 09:33:43,2797.65,89925
2021-04-13 09:33:44,2797.65,89925
2021-04-13 09:33:46,2797.65,89925
2021-04-13 09:33:47,2798.9,89968
2021-04-13 09:33:49,2795.0,90360
2021-04-13 09:33:50,2796.05,90382
2021-04-13 09:33:51,2796.05,90382
2021-04-13 09:33:52,2796.05,90382
2021-04-13 09:33:53,2796.05,90382
2021-04-13 09:33:54,2796.05,90382
2021-04-13 09:33:55,2796.15,90396
2021-04-13 09:33:56,2796.6,90416
2021-04-13 09:33:57,2796.0,90417
2021-04-13 09:33:57,2796.0,90417
2021-04-13 09:33:58,2796.0,90417
2021-04-13 09:34:00,2796.0,90417
2021-04-13 09:34:01,2797.4,90432
2021-04-13 09:34:02,2795.9,90434
2021-04-13 09:34:03,2795.9,90434
2021-04-13 09:34:04,2796.0,90436
2021-04-13 09:34:05,2797.4,90461
2021-04-13 09:34:05,2797.4,90461
2021-04-13 09:34:06,2797.4,90461
2021-04-13 09:34:08,2797.4,90463
2021-04-13 09:34:09,2797.4,90583
2021-04-13 09:34:10,2796.5,90587
2021-04-13 09:34:11,2796.5,90587
2021-04-13 09:34:12,2797.4,90590
2021-04-13 09:34:13,2797.4,90825
2021-04-13 09:34:14,2797.4,90825
2021-04-13 09:34:14,2797.4,90825
2021-04-13 09:34:15,2797.4,90830
2021-04-13 09:34:17,2797.4,90831
2021-04-13 09:34:18,2797.4,90831
2021-04-13 09:34:19,2797.4,90842
2021-04-13 09:34:20,2796.55,90844
2021-04-13 09:34:21,2796.55,90849
2021-04-13 09:34:22,2796.6,90851
2021-04-13 09:34:23,2796.6,90851
2021-04-13 09:34:24,2796.6,90851
2021-04-13 09:34:25,2796.6,90872
2021-04-13 09:34:26,2796.6,90872
2021-04-13 09:34:26,2796.6,90872
2021-04-13 09:34:28,2797.4,90877
2021-04-13 09:34:29,2797.4,90877
2021-04-13 09:34:30,2797.4,90878
2021-04-13 09:34:31,2797.4,90878
2021-04-13 09:34:32,2797.4,90878
2021-04-13 09:34:33,2798.0,91189
2021-04-13 09:34:34,2798.6,91191
2021-04-13 09:34:35,2798.6,91191
2021-04-13 09:34:36,2798.45,91192
2021-04-13 09:34:37,2798.4,91203
2021-04-13 09:34:38,2798.4,91203
2021-04-13 09:34:39,2798.4,91203
2021-04-13 09:34:40,2798.4,91288
2021-04-13 09:34:41,2798.4,91288
2021-04-13 09:34:42,2798.1,91334
2021-04-13 09:34:43,2796.85,91356
2021-04-13 09:34:43,2796.85,91356
2021-04-13 09:34:45,2798.15,91361
2021-04-13 09:34:45,2798.15,91361
2021-04-13 09:34:46,2798.15,91375
2021-04-13 09:34:47,2798.15,91375
2021-04-13 09:34:50,2798.15,91414
2021-04-13 09:34:51,2798.15,91414
2021-04-13 09:34:52,2798.15,91471
2021-04-13 09:34:53,2797.4,91531
2021-04-13 09:34:53,2797.4,91531
2021-04-13 09:34:55,2798.15,91542
2021-04-13 09:34:56,2798.65,91553
2021-04-13 09:34:57,2798.65,91553
2021-04-13 09:34:57,2798.65,91553
2021-04-13 09:34:58,2799.1,91556
2021-04-13 09:34:59,2798.2,91559
2021-04-13 09:35:00,2798.35,91560
2021-04-13 09:35:02,2799.4,91574
2021-04-13 09:35:04,2799.4,91612
2021-04-13 09:35:05,2798.4,91617
2021-04-13 09:35:06,2799.4,91626
2021-04-13 09:35:07,2799.4,91646
2021-04-13 09:35:08,2799.4,91646
2021-04-13 09:35:09,2798.5,91661
2021-04-13 09:35:10,2801.0,92291
2021-04-13 09:35:11,2799.9,92469
2021-04-13 09:35:12,2800.5,92515
2021-04-13 09:35:13,2800.5,92515
2021-04-13 09:35:14,2799.35,92517
2021-04-13 09:35:15,2800.7,92540
2021-04-13 09:35:16,2800.7,92540
2021-04-13 09:35:17,2801.55,93999
2021-04-13 09:35:18,2801.55,93999
2021-04-13 09:35:19,2802.55,94351
2021-04-13 09:35:20,2800.65,94357
2021-04-13 09:35:21,2800.7,94404
2021-04-13 09:35:22,2802.5,94417
2021-04-13 09:35:23,2801.45,94418
2021-04-13 09:35:24,2801.55,94454
2021-04-13 09:35:25,2801.1,94499
2021-04-13 09:35:26,2801.1,94499
2021-04-13 09:35:27,2802.45,94530
2021-04-13 09:35:28,2803.8,95061
2021-04-13 09:35:29,2801.75,95211
2021-04-13 09:35:30,2803.5,95222
2021-04-13 09:35:31,2803.5,95222
2021-04-13 09:35:32,2803.5,95222
2021-04-13 09:35:33,2803.5,95222
2021-04-13 09:35:34,2804.4,95269
2021-04-13 09:35:35,2804.4,95269
2021-04-13 09:35:36,2804.4,95269
2021-04-13 09:35:37,2802.45,95550
2021-04-13 09:35:38,2803.2,95650
2021-04-13 09:35:39,2804.25,95755
2021-04-13 09:35:40,2804.25,95755
2021-04-13 09:35:41,2804.35,95770
2021-04-13 09:35:42,2804.35,95775
2021-04-13 09:35:43,2804.35,95775
2021-04-13 09:35:44,2804.35,95775
2021-04-13 09:35:45,2804.35,95775
2021-04-13 09:35:46,2804.45,95885
2021-04-13 09:35:47,2803.5,95953
2021-04-13 09:35:48,2803.5,95953
2021-04-13 09:35:49,2804.7,96011
2021-04-13 09:35:50,2804.7,96011
2021-04-13 09:35:51,2804.0,96016
2021-04-13 09:35:52,2804.0,96016
2021-04-13 09:35:53,2805.0,96030
2021-04-13 09:35:54,2803.7,96139
2021-04-13 09:35:55,2803.7,96139
2021-04-13 09:35:56,2803.7,96139
2021-04-13 09:35:57,2804.85,96169
2021-04-13 09:35:58,2804.85,96226
2021-04-13 09:35:59,2804.85,96226
2021-04-13 09:36:00,2804.85,96475
2021-04-13 09:36:01,2804.05,96476
2021-04-13 09:36:02,2808.0,97537
2021-04-13 09:36:03,2808.9,98079
2021-04-13 09:36:04,2806.7,98343
2021-04-13 09:36:05,2805.75,98462
2021-04-13 09:36:06,2808.2,98463
2021-04-13 09:36:07,2808.2,98464
2021-04-13 09:36:08,2808.25,98515
2021-04-13 09:36:09,2808.25,98515
2021-04-13 09:36:10,2809.0,98729
2021-04-13 09:36:11,2811.5,99396
2021-04-13 09:36:12,2811.55,99502
2021-04-13 09:36:13,2809.15,99757
2021-04-13 09:36:14,2808.95,99814
2021-04-13 09:36:15,2811.45,100214
2021-04-13 09:36:16,2811.45,100214
2021-04-13 09:36:18,2809.35,100465
2021-04-13 09:36:17,2809.35,100465
2021-04-13 09:36:19,2810.85,100540
2021-04-13 09:36:20,2809.2,100581
2021-04-13 09:36:21,2809.3,100635
2021-04-13 09:36:22,2811.45,100710
2021-04-13 09:36:23,2811.3,100720
2021-04-13 09:36:24,2811.3,100720
2021-04-13 09:36:25,2810.0,100730
2021-04-13 09:36:26,2812.15,101030
2021-04-13 09:36:27,2811.25,101356
2021-04-13 09:36:28,2809.3,101464
2021-04-13 09:36:29,2809.3,101464
2021-04-13 09:36:30,2811.55,101595
2021-04-13 09:36:31,2811.55,101595
2021-04-13 09:36:32,2811.55,101595
2021-04-13 09:36:33,2811.75,101698
2021-04-13 09:36:34,2811.75,101698
2021-04-13 09:36:35,2811.9,101748
2021-04-13 09:36:36,2809.65,101781
2021-04-13 09:36:37,2811.25,101786
2021-04-13 09:36:38,2811.2,101788
2021-04-13 09:36:39,2811.25,101808
2021-04-13 09:36:40,2810.95,101895
2021-04-13 09:36:41,2811.25,101906
2021-04-13 09:36:42,2810.95,101920
2021-04-13 09:36:43,2810.95,101920
2021-04-13 09:36:44,2811.2,101956
2021-04-13 09:36:45,2810.25,102056
2021-04-13 09:36:47,2810.95,102132
2021-04-13 09:36:48,2811.0,102425
2021-04-13 09:36:49,2810.2,102502
2021-04-13 09:36:50,2810.2,102502
2021-04-13 09:36:51,2810.2,102502
2021-04-13 09:36:52,2810.2,102502
2021-04-13 09:36:53,2811.8,102516
2021-04-13 09:36:54,2811.4,102527
2021-04-13 09:36:55,2811.8,102530
2021-04-13 09:36:56,2811.4,102544
2021-04-13 09:36:57,2812.15,102740
2021-04-13 09:36:58,2812.15,102740
2021-04-13 09:36:59,2812.15,102740
2021-04-13 09:37:00,2811.6,102823
2021-04-13 09:37:01,2811.6,102823
2021-04-13 09:37:02,2811.6,102823
2021-04-13 09:37:03,2810.95,102833
2021-04-13 09:37:04,2810.95,102833
2021-04-13 09:37:05,2811.75,102843
2021-04-13 09:37:06,2810.45,102905
2021-04-13 09:37:07,2811.15,103549
2021-04-13 09:37:08,2811.15,103549
2021-04-13 09:37:09,2811.1,103629
2021-04-13 09:37:10,2814.0,104355
2021-04-13 09:37:11,2812.6,104482
2021-04-13 09:37:12,2814.2,104501
2021-04-13 09:37:14,2812.35,104616
2021-04-13 09:37:14,2812.4,104740
2021-04-13 09:37:15,2812.4,104740
2021-04-13 09:37:17,2813.45,105307
2021-04-13 09:37:18,2815.0,105341
2021-04-13 09:37:18,2815.5,107041
2021-04-13 09:37:20,2815.6,107345
2021-04-13 09:37:20,2815.6,107345
2021-04-13 09:37:21,2816.35,107346
2021-04-13 09:37:22,2816.35,107346
2021-04-13 09:37:23,2816.35,107346
2021-04-13 09:37:24,2816.4,107356
2021-04-13 09:37:26,2816.4,107366
2021-04-13 09:37:27,2816.4,107366
2021-04-13 09:37:27,2816.4,107366
2021-04-13 09:37:29,2816.2,107376
2021-04-13 09:37:29,2816.2,107376
2021-04-13 09:37:30,2816.35,107378
2021-04-13 09:37:31,2815.2,107428
2021-04-13 09:37:32,2815.2,107428
2021-04-13 09:37:33,2815.2,107428
2021-04-13 09:37:34,2816.0,107438
2021-04-13 09:37:35,2816.5,107638
2021-04-13 09:37:36,2817.3,107743
2021-04-13 09:37:37,2815.45,107749
2021-04-13 09:37:38,2817.4,107949
2021-04-13 09:37:39,2816.1,107988
2021-04-13 09:37:40,2815.55,108008
2021-04-13 09:37:41,2815.55,108018
2021-04-13 09:37:42,2814.5,108232
2021-04-13 09:37:44,2814.5,108234
2021-04-13 09:37:44,2814.5,108234
2021-04-13 09:37:45,2814.5,108234
2021-04-13 09:37:46,2814.5,108239
2021-04-13 09:37:47,2814.5,108244
2021-04-13 09:37:48,2814.65,108406
2021-04-13 09:37:49,2815.0,108688
2021-04-13 09:37:50,2811.9,109023
2021-04-13 09:37:52,2811.9,109068
2021-04-13 09:37:52,2811.75,109100
2021-04-13 09:37:53,2813.05,109206
2021-04-13 09:37:54,2812.2,109208
2021-04-13 09:37:55,2811.9,109285
2021-04-13 09:37:56,2811.95,109295
2021-04-13 09:37:57,2811.95,109295
2021-04-13 09:37:58,2813.05,109301
2021-04-13 09:37:59,2813.05,109301
2021-04-13 09:38:00,2814.6,109365
2021-04-13 09:38:01,2814.6,109365
2021-04-13 09:38:03,2814.6,109365
2021-04-13 09:38:04,2814.6,109365
2021-04-13 09:38:04,2814.6,109365
2021-04-13 09:38:05,2813.3,109505
2021-04-13 09:38:06,2814.7,109566
2021-04-13 09:38:07,2816.4,109943
2021-04-13 09:38:08,2816.75,110028
2021-04-13 09:38:09,2816.75,110028
2021-04-13 09:38:10,2818.1,110201
2021-04-13 09:38:11,2818.1,110201
2021-04-13 09:38:12,2816.75,110296
2021-04-13 09:38:13,2817.15,110346
2021-04-13 09:38:14,2816.9,110405
2021-04-13 09:38:16,2816.9,110405
2021-04-13 09:38:17,2817.0,110410
2021-04-13 09:38:18,2816.9,110450
2021-04-13 09:38:19,2817.15,110468
2021-04-13 09:38:20,2817.15,110468
2021-04-13 09:38:21,2817.0,110632
2021-04-13 09:38:22,2817.0,110658
2021-04-13 09:38:23,2817.0,110683
2021-04-13 09:38:23,2817.0,110683
2021-04-13 09:38:24,2817.55,110808
2021-04-13 09:38:25,2818.0,110826
2021-04-13 09:38:26,2816.35,110938
2021-04-13 09:38:27,2819.7,111309
2021-04-13 09:38:28,2818.35,111326
2021-04-13 09:38:31,2819.55,111341
2021-04-13 09:38:32,2819.55,111341
2021-04-13 09:38:33,2819.55,111341
2021-04-13 09:38:33,2819.55,111341
2021-04-13 09:38:34,2821.5,112812
2021-04-13 09:38:35,2820.05,112837
2021-04-13 09:38:36,2820.0,112949
2021-04-13 09:38:37,2819.25,113000
2021-04-13 09:38:39,2821.55,113053
2021-04-13 09:38:39,2821.55,113053
2021-04-13 09:38:40,2821.55,113078
2021-04-13 09:38:41,2820.15,113178
2021-04-13 09:38:42,2821.45,113181
2021-04-13 09:38:43,2821.55,113300
2021-04-13 09:38:44,2821.55,113300
2021-04-13 09:38:45,2820.85,113326
2021-04-13 09:38:46,2821.0,113379
2021-04-13 09:38:48,2821.45,113425
2021-04-13 09:38:49,2821.45,113425
2021-04-13 09:38:50,2820.4,113456
2021-04-13 09:38:51,2820.4,113456
2021-04-13 09:38:51,2820.4,113456
2021-04-13 09:38:52,2821.45,113544
2021-04-13 09:38:53,2821.45,113545
2021-04-13 09:38:54,2821.5,113575
2021-04-13 09:38:55,2821.75,114009
2021-04-13 09:38:56,2822.0,114019
2021-04-13 09:38:57,2822.0,114079
2021-04-13 09:38:58,2822.0,114079
2021-04-13 09:39:00,2821.95,114574
2021-04-13 09:39:00,2821.95,114574
2021-04-13 09:39:01,2822.0,114580
2021-04-13 09:39:02,2821.6,114634
2021-04-13 09:39:03,2821.6,114634
2021-04-13 09:39:04,2822.65,114638
2021-04-13 09:39:06,2821.55,114649
2021-04-13 09:39:07,2822.6,114651
2021-04-13 09:39:07,2822.6,114651
2021-04-13 09:39:08,2822.65,114711
2021-04-13 09:39:09,2821.6,114867
2021-04-13 09:39:10,2823.15,115098
2021-04-13 09:39:11,2821.55,115123
2021-04-13 09:39:12,2821.55,115123
2021-04-13 09:39:13,2822.5,115140
2021-04-13 09:39:15,2824.25,115925
2021-04-13 09:39:16,2824.5,115975
2021-04-13 09:39:17,2822.05,116000
2021-04-13 09:39:17,2822.05,116000
2021-04-13 09:39:18,2822.05,116000
2021-04-13 09:39:19,2822.0,116179
2021-04-13 09:39:20,2822.45,116307
2021-04-13 09:39:21,2822.7,116317
2021-04-13 09:39:23,2822.0,116367
2021-04-13 09:39:23,2822.0,116367
2021-04-13 09:39:24,2822.0,116367
2021-04-13 09:39:25,2822.45,116508
2021-04-13 09:39:26,2822.0,116518
2021-04-13 09:39:27,2822.45,116578
2021-04-13 09:39:28,2822.35,117112
2021-04-13 09:39:29,2822.45,117113
2021-04-13 09:39:31,2822.45,117153
2021-04-13 09:39:32,2822.5,117230
2021-04-13 09:39:33,2823.7,117507
2021-04-13 09:39:34,2822.0,117634
2021-04-13 09:39:35,2822.0,117642
2021-04-13 09:39:35,2822.0,117642
2021-04-13 09:39:36,2822.0,117936
2021-04-13 09:39:37,2821.95,118047
2021-04-13 09:39:39,2822.0,118073
2021-04-13 09:39:40,2822.0,118123
2021-04-13 09:39:41,2822.0,118858
2021-04-13 09:39:41,2822.0,118858
2021-04-13 09:39:42,2822.0,118913
2021-04-13 09:39:43,2822.0,118919
2021-04-13 09:39:45,2822.0,119044
2021-04-13 09:39:46,2822.0,119044
2021-04-13 09:39:46,2822.0,119044
2021-04-13 09:39:47,2822.25,119072
2021-04-13 09:39:48,2822.25,119072
2021-04-13 09:39:50,2822.3,119084
2021-04-13 09:39:51,2822.3,119089
2021-04-13 09:39:52,2822.3,119092
2021-04-13 09:39:52,2822.3,119092
2021-04-13 09:39:53,2822.3,119102
2021-04-13 09:39:55,2822.0,119147
2021-04-13 09:39:56,2822.7,119153
2021-04-13 09:39:57,2822.7,119153
2021-04-13 09:39:57,2822.7,119153
2021-04-13 09:39:58,2822.3,119167
2021-04-13 09:39:59,2822.1,119228
2021-04-13 09:40:01,2822.1,119228
2021-04-13 09:40:02,2821.85,119261
2021-04-13 09:40:03,2822.0,119331
2021-04-13 09:40:03,2822.0,119331
2021-04-13 09:40:04,2822.0,119331
2021-04-13 09:40:05,2820.7,119398
2021-04-13 09:40:06,2822.25,119448
2021-04-13 09:40:08,2822.0,119556
2021-04-13 09:40:09,2822.05,119563
2021-04-13 09:40:09,2822.05,119563
2021-04-13 09:40:10,2820.0,119854
2021-04-13 09:40:11,2821.05,119959
2021-04-13 09:40:13,2818.0,120004
2021-04-13 09:40:14,2818.0,120004
2021-04-13 09:40:14,2818.0,120004
2021-04-13 09:40:15,2819.85,120014
2021-04-13 09:40:16,2819.3,120638
2021-04-13 09:40:18,2819.85,120640
2021-04-13 09:40:19,2819.9,120650
2021-04-13 09:40:19,2818.25,120651
2021-04-13 09:40:20,2819.9,120750
2021-04-13 09:40:21,2820.3,120817
2021-04-13 09:40:23,2820.3,120914
2021-04-13 09:40:24,2819.15,120919
2021-04-13 09:40:24,2819.15,120919
2021-04-13 09:40:25,2819.15,120919
2021-04-13 09:40:26,2819.15,121024
2021-04-13 09:40:28,2820.3,121042
2021-04-13 09:40:29,2820.3,121042
2021-04-13 09:40:29,2820.3,121042
2021-04-13 09:40:30,2820.3,121042
2021-04-13 09:40:31,2820.3,121042
2021-04-13 09:40:33,2820.3,121107
2021-04-13 09:40:34,2820.3,121107
2021-04-13 09:40:34,2820.3,121107
2021-04-13 09:40:35,2821.45,121182
2021-04-13 09:40:36,2821.45,121182
2021-04-13 09:40:38,2821.25,121287
2021-04-13 09:40:39,2821.85,121429
2021-04-13 09:40:40,2821.85,121429
2021-04-13 09:40:41,2820.3,121474
2021-04-13 09:40:42,2823.0,122025
2021-04-13 09:40:43,2823.4,122100
2021-04-13 09:40:44,2823.75,122204
2021-04-13 09:40:44,2823.75,122204
2021-04-13 09:40:45,2824.15,122499
2021-04-13 09:40:46,2825.05,122524
2021-04-13 09:40:47,2825.6,122623
2021-04-13 09:40:48,2825.7,122635
2021-04-13 09:40:49,2826.9,123145
2021-04-13 09:40:50,2827.0,123283
2021-04-13 09:40:51,2828.0,123408
2021-04-13 09:40:53,2827.1,123538
2021-04-13 09:40:54,2828.6,124598
2021-04-13 09:40:55,2829.15,125598
2021-04-13 09:40:56,2828.25,126116
2021-04-13 09:40:57,2828.95,126466
2021-04-13 09:40:58,2828.35,126564
2021-04-13 09:40:59,2827.65,126976
2021-04-13 09:41:00,2827.6,127022
2021-04-13 09:41:00,2827.6,127022
2021-04-13 09:41:01,2828.0,127184
2021-04-13 09:41:02,2827.75,127264
2021-04-13 09:41:03,2828.35,127402
2021-04-13 09:41:04,2830.75,128278
2021-04-13 09:41:05,2828.8,128346
2021-04-13 09:41:07,2827.5,128350
2021-04-13 09:41:08,2828.0,128670
2021-04-13 09:41:08,2828.0,128670
2021-04-13 09:41:09,2828.6,129015
2021-04-13 09:41:10,2825.1,129272
2021-04-13 09:41:11,2827.05,129279
2021-04-13 09:41:12,2825.0,129472
2021-04-13 09:41:14,2826.55,129492
2021-04-13 09:41:15,2826.65,129519
2021-04-13 09:41:16,2826.65,129675
2021-04-13 09:41:16,2825.3,129640
2021-04-13 09:41:17,2827.05,129775
2021-04-13 09:41:18,2827.05,129832
2021-04-13 09:41:19,2827.05,129832
2021-04-13 09:41:20,2827.05,129832
2021-04-13 09:41:21,2827.05,129868
2021-04-13 09:41:22,2825.4,129873
2021-04-13 09:41:23,2826.35,129893
2021-04-13 09:41:24,2826.9,129968
2021-04-13 09:41:26,2827.05,129997
2021-04-13 09:41:27,2825.85,130007
2021-04-13 09:41:27,2825.85,130007
2021-04-13 09:41:28,2827.45,130107
2021-04-13 09:41:29,2826.15,130126
2021-04-13 09:41:31,2825.55,130770
2021-04-13 09:41:32,2824.35,131060
2021-04-13 09:41:33,2824.35,131060
2021-04-13 09:41:34,2824.35,131061
2021-04-13 09:41:35,2824.35,131145
2021-04-13 09:41:35,2824.35,131145
2021-04-13 09:41:36,2822.75,131165
2021-04-13 09:41:37,2824.25,131181
2021-04-13 09:41:38,2824.35,131191
2021-04-13 09:41:39,2824.75,131337
2021-04-13 09:41:40,2825.45,131484
2021-04-13 09:41:42,2825.45,131533
2021-04-13 09:41:43,2825.45,131563
2021-04-13 09:41:44,2825.45,131563
2021-04-13 09:41:45,2825.45,132542
2021-04-13 09:41:46,2825.45,132550
2021-04-13 09:41:46,2825.45,132550
2021-04-13 09:41:47,2824.6,132650
2021-04-13 09:41:48,2825.45,132653
2021-04-13 09:41:50,2824.3,132853
2021-04-13 09:41:51,2824.8,132881
2021-04-13 09:41:52,2825.95,132971
2021-04-13 09:41:53,2825.95,132971
2021-04-13 09:41:53,2825.95,132971
2021-04-13 09:41:54,2825.95,132971
2021-04-13 09:41:55,2824.8,132972
2021-04-13 09:41:56,2825.0,132985
2021-04-13 09:41:58,2825.0,132985
2021-04-13 09:41:59,2825.45,132995
2021-04-13 09:42:00,2825.4,134031
2021-04-13 09:42:01,2825.85,134373
2021-04-13 09:42:02,2825.85,134373
2021-04-13 09:42:02,2825.85,134373
2021-04-13 09:42:03,2824.25,134453
2021-04-13 09:42:04,2825.85,134465
2021-04-13 09:42:06,2825.9,134652
2021-04-13 09:42:07,2825.9,134652
2021-04-13 09:42:08,2827.4,134655
2021-04-13 09:42:08,2827.8,134949
2021-04-13 09:42:09,2827.8,134949
2021-04-13 09:42:10,2827.9,135010
2021-04-13 09:42:12,2827.9,135010
2021-04-13 09:42:13,2828.0,135014
2021-04-13 09:42:14,2828.0,135014
2021-04-13 09:42:14,2828.0,135014
2021-04-13 09:42:15,2828.0,135014
2021-04-13 09:42:17,2828.0,135024
2021-04-13 09:42:18,2829.0,135470
2021-04-13 09:42:19,2828.05,135480
2021-04-13 09:42:20,2828.95,135503
2021-04-13 09:42:20,2828.95,135503
2021-04-13 09:42:21,2828.05,135504
2021-04-13 09:42:23,2829.0,135505
2021-04-13 09:42:24,2829.0,135551
2021-04-13 09:42:25,2829.0,135551
2021-04-13 09:42:25,2829.0,135551
2021-04-13 09:42:26,2828.85,135559
2021-04-13 09:42:28,2829.95,135600
2021-04-13 09:42:29,2828.0,135707
2021-04-13 09:42:30,2829.0,135708
2021-04-13 09:42:31,2828.0,135728
2021-04-13 09:42:31,2828.0,135728
2021-04-13 09:42:32,2829.3,135764
2021-04-13 09:42:34,2829.0,135864
2021-04-13 09:42:35,2829.0,135866
2021-04-13 09:42:36,2830.0,135923
2021-04-13 09:42:37,2829.25,135925
2021-04-13 09:42:38,2830.0,136388
2021-04-13 09:42:38,2830.0,136388
2021-04-13 09:42:39,2832.25,136432
2021-04-13 09:42:41,2830.15,136609
2021-04-13 09:42:42,2829.0,136730
2021-04-13 09:42:43,2826.0,136995
2021-04-13 09:42:43,2826.9,137010
2021-04-13 09:42:44,2827.1,137020
2021-04-13 09:42:46,2827.1,137020
2021-04-13 09:42:47,2827.75,137021
2021-04-13 09:42:48,2827.75,137021
2021-04-13 09:42:49,2828.6,137026
2021-04-13 09:42:49,2828.6,137026
2021-04-13 09:42:50,2828.95,137076
2021-04-13 09:42:51,2828.95,137076
2021-04-13 09:42:53,2827.0,137125
2021-04-13 09:42:54,2828.8,137145
2021-04-13 09:42:55,2828.75,137174
2021-04-13 09:42:55,2828.75,137174
2021-04-13 09:42:56,2828.0,137175
2021-04-13 09:42:58,2828.0,137175
2021-04-13 09:42:59,2829.0,137281
2021-04-13 09:43:00,2829.0,137281
2021-04-13 09:43:00,2829.0,137281
2021-04-13 09:43:01,2828.8,137410
2021-04-13 09:43:03,2828.65,137490
2021-04-13 09:43:04,2827.3,137507
2021-04-13 09:43:05,2828.8,137517
2021-04-13 09:43:05,2828.8,137518
2021-04-13 09:43:06,2827.95,137524
2021-04-13 09:43:08,2829.0,137670
2021-04-13 09:43:09,2829.0,137717
2021-04-13 09:43:10,2829.75,137721
2021-04-13 09:43:10,2829.75,137721
2021-04-13 09:43:11,2829.75,137721
2021-04-13 09:43:13,2829.75,137721
2021-04-13 09:43:14,2829.7,137873
2021-04-13 09:43:15,2827.85,138131
2021-04-13 09:43:15,2827.85,138131
2021-04-13 09:43:16,2827.95,138141
2021-04-13 09:43:18,2827.65,138203
2021-04-13 09:43:19,2829.0,138215
2021-04-13 09:43:20,2829.0,138216
2021-04-13 09:43:20,2829.0,138216
2021-04-13 09:43:21,2827.85,138217
2021-04-13 09:43:23,2829.1,138219
2021-04-13 09:43:24,2829.0,138333
2021-04-13 09:43:25,2829.05,138404
2021-04-13 09:43:25,2829.05,138404
2021-04-13 09:43:26,2829.05,138404
2021-04-13 09:43:27,2829.75,138455
2021-04-13 09:43:28,2829.55,138497
2021-04-13 09:43:30,2829.95,138502
2021-04-13 09:43:31,2829.6,138507
2021-04-13 09:43:32,2829.0,138521
2021-04-13 09:43:32,2829.0,138521
2021-04-13 09:43:33,2829.6,138656
2021-04-13 09:43:34,2831.15,139214
2021-04-13 09:43:36,2830.7,139229
2021-04-13 09:43:37,2832.0,139243
2021-04-13 09:43:38,2832.0,139343
2021-04-13 09:43:38,2832.0,139343
2021-04-13 09:43:40,2832.0,139343
2021-04-13 09:43:41,2833.2,140343
2021-04-13 09:43:42,2832.2,140557
2021-04-13 09:43:43,2832.0,140668
2021-04-13 09:43:43,2832.0,140668
2021-04-13 09:43:45,2830.75,140917
2021-04-13 09:43:46,2831.8,141026
2021-04-13 09:43:47,2830.2,141118
2021-04-13 09:43:48,2831.65,141128
2021-04-13 09:43:48,2831.65,141128
2021-04-13 09:43:49,2829.9,141183
2021-04-13 09:43:51,2830.2,141188
2021-04-13 09:43:52,2830.4,141193
2021-04-13 09:43:53,2830.4,141193
2021-04-13 09:43:54,2829.9,141194
2021-04-13 09:43:54,2829.9,141194
2021-04-13 09:43:56,2830.65,141198
2021-04-13 09:43:57,2829.7,141301
2021-04-13 09:43:58,2831.15,141319
2021-04-13 09:43:59,2831.85,141321
2021-04-13 09:43:59,2831.85,141321
2021-04-13 09:44:01,2830.8,141322
2021-04-13 09:44:02,2831.1,141361
2021-04-13 09:44:03,2830.65,141459
2021-04-13 09:44:04,2831.0,141469
2021-04-13 09:44:04,2831.0,141469
2021-04-13 09:44:06,2829.95,141473
2021-04-13 09:44:07,2829.95,141480
2021-04-13 09:44:08,2830.0,141481
2021-04-13 09:44:09,2830.0,141565
2021-04-13 09:44:10,2830.0,141585
2021-04-13 09:44:11,2830.0,141585
2021-04-13 09:44:11,2827.0,141894
2021-04-13 09:44:13,2826.2,141994
2021-04-13 09:44:14,2828.3,142006
2021-04-13 09:44:15,2827.05,142007
2021-04-13 09:44:16,2828.55,142009
2021-04-13 09:44:17,2828.65,142011
2021-04-13 09:44:17,2828.65,142011
2021-04-13 09:44:18,2828.9,142021
2021-04-13 09:44:20,2828.95,142070
2021-04-13 09:44:21,2828.85,142270
2021-04-13 09:44:22,2828.95,142272
2021-04-13 09:44:23,2828.55,142317
2021-04-13 09:44:23,2828.55,142317
2021-04-13 09:44:25,2828.0,142321
2021-04-13 09:44:26,2828.0,142321
2021-04-13 09:44:27,2827.65,142332
2021-04-13 09:44:28,2828.95,142334
2021-04-13 09:44:28,2828.95,142334
2021-04-13 09:44:29,2828.0,142335
2021-04-13 09:44:31,2828.0,142335
2021-04-13 09:44:32,2828.0,142335
2021-04-13 09:44:33,2828.95,142421
2021-04-13 09:44:34,2828.95,142421
2021-04-13 09:44:34,2828.95,142421
2021-04-13 09:44:36,2828.95,142421
2021-04-13 09:44:37,2828.35,142478
2021-04-13 09:44:38,2828.0,142479
2021-04-13 09:44:39,2828.0,142479
2021-04-13 09:44:39,2828.0,142480
2021-04-13 09:44:41,2829.85,142545
2021-04-13 09:44:41,2828.35,142565
2021-04-13 09:44:42,2828.45,142590
2021-04-13 09:44:44,2829.95,142600
2021-04-13 09:44:45,2829.9,142602
2021-04-13 09:44:46,2830.3,142742
2021-04-13 09:44:47,2831.55,143119
2021-04-13 09:44:47,2831.55,143119
2021-04-13 09:44:48,2831.55,143119
2021-04-13 09:44:51,2830.7,143156
2021-04-13 09:44:52,2830.7,143156
2021-04-13 09:44:53,2832.0,143158
2021-04-13 09:44:53,2832.0,143158
2021-04-13 09:44:55,2832.0,143158
2021-04-13 09:44:56,2832.0,143525
2021-04-13 09:44:57,2832.0,143525
2021-04-13 09:44:58,2830.55,143675
2021-04-13 09:44:58,2830.55,143675
2021-04-13 09:45:00,2833.85,144675
2021-04-13 09:45:01,2833.0,144694
2021-04-13 09:45:02,2833.0,144710
2021-04-13 09:45:03,2832.0,144784
2021-04-13 09:45:03,2832.0,144784
2021-04-13 09:45:05,2831.55,144785
2021-04-13 09:45:06,2830.3,144822
2021-04-13 09:45:07,2829.85,144986
2021-04-13 09:45:08,2828.95,145539
2021-04-13 09:45:08,2828.8,145528
2021-04-13 09:45:09,2829.0,145714
2021-04-13 09:45:11,2829.0,145718
2021-04-13 09:45:12,2829.0,145718
2021-04-13 09:45:13,2828.25,145818
2021-04-13 09:45:14,2829.0,145820
2021-04-13 09:45:14,2829.0,145820
2021-04-13 09:45:16,2830.15,146225
2021-04-13 09:45:17,2833.2,146536
2021-04-13 09:45:18,2831.95,146581
2021-04-13 09:45:19,2830.65,146587
2021-04-13 09:45:20,2830.65,146587
2021-04-13 09:45:20,2832.0,146612
2021-04-13 09:45:22,2832.0,146614
2021-04-13 09:45:23,2832.0,146614
2021-04-13 09:45:24,2832.0,146614
2021-04-13 09:45:25,2830.8,146656
2021-04-13 09:45:25,2830.8,146656
2021-04-13 09:45:27,2831.7,146686
2021-04-13 09:45:28,2831.7,146686
2021-04-13 09:45:29,2831.7,146695
2021-04-13 09:45:30,2830.35,146708
2021-04-13 09:45:31,2830.0,146709
2021-04-13 09:45:31,2830.0,146709
2021-04-13 09:45:33,2831.5,146716
2021-04-13 09:45:34,2831.45,146743
2021-04-13 09:45:35,2830.0,146853
2021-04-13 09:45:36,2831.05,146856
2021-04-13 09:45:36,2831.05,146856
2021-04-13 09:45:37,2831.05,146857
2021-04-13 09:45:39,2830.0,146860
2021-04-13 09:45:40,2830.1,147386
2021-04-13 09:45:41,2829.0,147595
2021-04-13 09:45:42,2829.8,147599
2021-04-13 09:45:42,2829.8,147599
2021-04-13 09:45:43,2829.05,147609
2021-04-13 09:45:44,2829.05,147609
2021-04-13 09:45:46,2830.7,147641
2021-04-13 09:45:47,2830.5,147671
2021-04-13 09:45:48,2830.2,147673
2021-04-13 09:45:49,2829.0,147674
2021-04-13 09:45:50,2828.25,147704
2021-04-13 09:45:51,2829.2,147705
2021-04-13 09:45:52,2829.2,147705
2021-04-13 09:45:53,2829.2,147705
2021-04-13 09:45:54,2827.0,148766
2021-04-13 09:45:55,2826.95,148793
2021-04-13 09:45:57,2827.5,148803
2021-04-13 09:45:56,2827.5,148803
2021-04-13 09:45:58,2827.5,148803
2021-04-13 09:45:59,2827.55,148813
2021-04-13 09:46:00,2827.55,148814
2021-04-13 09:46:01,2826.55,148821
2021-04-13 09:46:02,2827.45,149030
2021-04-13 09:46:03,2827.45,149033
2021-04-13 09:46:04,2827.45,149033
2021-04-13 09:46:05,2827.45,149033
2021-04-13 09:46:06,2826.35,149041
2021-04-13 09:46:07,2826.0,149247
2021-04-13 09:46:08,2827.45,149255
2021-04-13 09:46:09,2827.45,149255
2021-04-13 09:46:10,2827.85,149305
2021-04-13 09:46:11,2827.85,149305
2021-04-13 09:46:12,2827.95,149330
2021-04-13 09:46:13,2826.0,149418
2021-04-13 09:46:14,2828.15,149421
2021-04-13 09:46:15,2828.15,149421
2021-04-13 09:46:16,2828.15,149421
2021-04-13 09:46:17,2828.25,149471
2021-04-13 09:46:18,2828.25,149471
2021-04-13 09:46:19,2828.25,149471
2021-04-13 09:46:20,2828.25,149471
2021-04-13 09:46:21,2828.25,149471
2021-04-13 09:46:22,2828.25,149471
2021-04-13 09:46:23,2827.1,149472
2021-04-13 09:46:24,2827.1,149472
2021-04-13 09:46:25,2828.0,149578
2021-04-13 09:46:26,2827.5,149680
2021-04-13 09:46:27,2827.6,149692
2021-04-13 09:46:28,2826.2,149698
2021-04-13 09:46:29,2826.2,149698
2021-04-13 09:46:30,2826.1,149718
2021-04-13 09:46:31,2827.9,149740
2021-04-13 09:46:32,2826.8,149750
2021-04-13 09:46:33,2826.75,149833
2021-04-13 09:46:35,2826.75,149833
2021-04-13 09:46:34,2826.75,149833
2021-04-13 09:46:36,2826.75,149833
2021-04-13 09:46:37,2826.75,149833
2021-04-13 09:46:38,2828.0,149932
2021-04-13 09:46:39,2828.25,149944
2021-04-13 09:46:40,2828.25,149950
2021-04-13 09:46:41,2828.25,149950
2021-04-13 09:46:42,2829.0,150473
2021-04-13 09:46:44,2831.05,150485
2021-04-13 09:46:43,2830.5,150475
2021-04-13 09:46:45,2831.05,150485
2021-04-13 09:46:46,2831.05,150485
2021-04-13 09:46:47,2829.95,150487
2021-04-13 09:46:49,2829.95,150547
2021-04-13 09:46:48,2829.95,150547
2021-04-13 09:46:50,2829.95,150547
2021-04-13 09:46:51,2828.85,150557
2021-04-13 09:46:52,2828.85,150557
2021-04-13 09:46:53,2828.0,150937
2021-04-13 09:46:54,2829.2,150942
2021-04-13 09:46:55,2828.85,150943
2021-04-13 09:46:56,2828.85,150943
2021-04-13 09:46:57,2828.85,150991
2021-04-13 09:46:58,2828.85,150991
2021-04-13 09:46:59,2828.8,150997
2021-04-13 09:47:00,2827.8,151202
2021-04-13 09:47:01,2826.0,151445
2021-04-13 09:47:02,2827.2,151450
2021-04-13 09:47:03,2827.2,151450
2021-04-13 09:47:04,2827.6,151455
2021-04-13 09:47:05,2826.35,151456
2021-04-13 09:47:06,2826.35,151456
2021-04-13 09:47:07,2826.35,151456
2021-04-13 09:47:08,2826.35,151456
2021-04-13 09:47:09,2826.35,151456
2021-04-13 09:47:10,2826.35,151456
2021-04-13 09:47:11,2826.35,151456
2021-04-13 09:47:13,2827.6,151482
2021-04-13 09:47:12,2827.2,151477
2021-04-13 09:47:14,2827.6,151482
2021-04-13 09:47:15,2827.6,151482
2021-04-13 09:47:16,2827.6,151482
2021-04-13 09:47:17,2827.2,151595
2021-04-13 09:47:19,2827.6,151635
2021-04-13 09:47:18,2827.6,151625
2021-04-13 09:47:20,2827.6,151635
2021-04-13 09:47:21,2827.6,151645
2021-04-13 09:47:22,2828.65,151648
2021-04-13 09:47:23,2828.65,151648
2021-04-13 09:47:24,2828.65,151648
2021-04-13 09:47:25,2828.0,151660
2021-04-13 09:47:26,2829.0,151665
2021-04-13 09:47:27,2829.0,151665
2021-04-13 09:47:28,2829.2,151675
2021-04-13 09:47:29,2828.5,151684
2021-04-13 09:47:30,2829.2,151692
2021-04-13 09:47:31,2829.2,151692
2021-04-13 09:47:32,2829.2,151738
2021-04-13 09:47:33,2828.5,151748
2021-04-13 09:47:34,2829.2,151773
2021-04-13 09:47:35,2829.2,151775
2021-04-13 09:47:36,2828.5,152047
2021-04-13 09:47:38,2828.05,152052
2021-04-13 09:47:39,2828.05,152052
2021-04-13 09:47:40,2828.05,152052
2021-04-13 09:47:41,2827.45,152166
2021-04-13 09:47:42,2829.0,152278
2021-04-13 09:47:43,2828.5,152280
2021-04-13 09:47:44,2828.5,152280
2021-04-13 09:47:45,2826.25,153416
2021-04-13 09:47:46,2826.3,153569
2021-04-13 09:47:47,2826.35,153573
2021-04-13 09:47:48,2826.35,153573
2021-04-13 09:47:49,2826.35,153573
2021-04-13 09:47:50,2825.0,153581
2021-04-13 09:47:51,2825.15,153584
2021-04-13 09:47:52,2825.0,153894
2021-04-13 09:47:53,2826.4,153899
2021-04-13 09:47:54,2826.0,153944
2021-04-13 09:47:55,2826.0,153944
2021-04-13 09:47:56,2826.0,153944
2021-04-13 09:47:57,2826.75,153945
2021-04-13 09:47:59,2826.7,153946
2021-04-13 09:47:59,2826.05,153956
2021-04-13 09:48:00,2826.05,153956
2021-04-13 09:48:01,2826.7,153981
2021-04-13 09:48:02,2826.05,153991
2021-04-13 09:48:04,2826.05,153991
2021-04-13 09:48:05,2826.0,154063
2021-04-13 09:48:06,2826.0,154063
2021-04-13 09:48:07,2826.0,154063
2021-04-13 09:48:09,2826.0,154063
2021-04-13 09:48:09,2826.0,154063
2021-04-13 09:48:10,2825.7,154085
2021-04-13 09:48:11,2825.7,154085
2021-04-13 09:48:12,2825.0,154242
2021-04-13 09:48:13,2822.45,154775
2021-04-13 09:48:15,2824.1,154796
2021-04-13 09:48:15,2822.55,154806
2021-04-13 09:48:16,2822.55,154806
2021-04-13 09:48:17,2822.55,154806
2021-04-13 09:48:18,2823.15,155956
2021-04-13 09:48:19,2823.85,156116
2021-04-13 09:48:20,2824.05,156133
2021-04-13 09:48:21,2824.05,156133
2021-04-13 09:48:23,2824.05,156133
2021-04-13 09:48:23,2824.05,156133
2021-04-13 09:48:24,2822.75,156143
2021-04-13 09:48:25,2823.55,156153
2021-04-13 09:48:26,2823.55,156153
2021-04-13 09:48:28,2824.6,156437
2021-04-13 09:48:28,2823.65,156446
2021-04-13 09:48:29,2824.9,156456
2021-04-13 09:48:30,2824.9,156456
2021-04-13 09:48:31,2824.8,156463
2021-04-13 09:48:32,2824.8,156463
2021-04-13 09:48:34,2824.8,156463
2021-04-13 09:48:34,2824.8,156463
2021-04-13 09:48:35,2824.9,156548
2021-04-13 09:48:36,2823.75,156559
2021-04-13 09:48:37,2824.9,156561
2021-04-13 09:48:39,2824.9,156561
2021-04-13 09:48:39,2824.85,156573
2021-04-13 09:48:40,2824.8,156584
2021-04-13 09:48:41,2824.8,156584
2021-04-13 09:48:42,2823.05,156684
2021-04-13 09:48:43,2823.05,156684
2021-04-13 09:48:45,2823.05,156684
2021-04-13 09:48:46,2823.05,156684
2021-04-13 09:48:46,2823.05,156684
2021-04-13 09:48:47,2823.55,156694
2021-04-13 09:48:48,2823.55,156694
2021-04-13 09:48:49,2823.55,156694
2021-04-13 09:48:50,2823.3,156749
2021-04-13 09:48:51,2824.55,156924
2021-04-13 09:48:52,2823.55,156931
2021-04-13 09:48:53,2823.0,157092
2021-04-13 09:48:55,2823.0,157093
2021-04-13 09:48:56,2823.0,157093
2021-04-13 09:48:56,2823.0,157093
2021-04-13 09:48:57,2823.0,157093
2021-04-13 09:48:58,2822.55,157103
2021-04-13 09:48:59,2822.55,157103
2021-04-13 09:49:00,2823.4,157157
2021-04-13 09:49:01,2823.4,157245
2021-04-13 09:49:03,2823.4,157256
2021-04-13 09:49:03,2823.4,157257
2021-04-13 09:49:04,2823.55,157258
2021-04-13 09:49:05,2822.5,157263
2021-04-13 09:49:06,2823.75,157286
2021-04-13 09:49:07,2823.75,157286
2021-04-13 09:49:08,2823.05,157311
2021-04-13 09:49:09,2824.1,157344
2021-04-13 09:49:11,2824.05,157346
2021-04-13 09:49:11,2824.05,157346
2021-04-13 09:49:12,2823.05,157376
2021-04-13 09:49:13,2822.4,157401
2021-04-13 09:49:14,2824.05,157422
2021-04-13 09:49:16,2824.05,157422
2021-04-13 09:49:16,2824.05,157422
2021-04-13 09:49:17,2824.0,157428
2021-04-13 09:49:18,2824.0,157428
2021-04-13 09:49:19,2824.0,157456
2021-04-13 09:49:20,2824.0,157462
2021-04-13 09:49:21,2824.0,157462
2021-04-13 09:49:22,2824.0,157462
2021-04-13 09:49:24,2824.0,157462
2021-04-13 09:49:25,2824.0,157463
2021-04-13 09:49:26,2824.0,157465
2021-04-13 09:49:26,2825.55,158082
2021-04-13 09:49:27,2826.0,158094
2021-04-13 09:49:30,2828.5,158168
2021-04-13 09:49:30,2828.5,158168
2021-04-13 09:49:31,2828.6,158198
2021-04-13 09:49:33,2828.75,158204
2021-04-13 09:49:35,2829.95,158205
2021-04-13 09:49:35,2829.95,158205
2021-04-13 09:49:36,2829.95,158205
2021-04-13 09:49:37,2829.95,158205
2021-04-13 09:49:38,2829.3,158241
2021-04-13 09:49:39,2828.8,158243
2021-04-13 09:49:41,2829.35,158245
2021-04-13 09:49:42,2829.0,158270
2021-04-13 09:49:43,2828.8,158271
2021-04-13 09:49:43,2828.8,158271
2021-04-13 09:49:44,2829.35,158272
2021-04-13 09:49:45,2829.35,158272
2021-04-13 09:49:46,2829.9,158572
2021-04-13 09:49:47,2828.8,158635
2021-04-13 09:49:49,2830.6,158773
2021-04-13 09:49:49,2830.6,158776
2021-04-13 09:49:50,2830.4,158817
2021-04-13 09:49:51,2830.4,158817
2021-04-13 09:49:52,2830.4,158817
2021-04-13 09:49:53,2830.6,158818
2021-04-13 09:49:54,2830.6,158818
2021-04-13 09:49:56,2830.6,158820
2021-04-13 09:49:56,2830.6,158820
2021-04-13 09:49:57,2829.1,158947
2021-04-13 09:49:58,2829.1,158947
2021-04-13 09:49:59,2830.9,158961
2021-04-13 09:50:00,2831.05,158963
2021-04-13 09:50:01,2832.0,159135
2021-04-13 09:50:03,2832.0,159137
2021-04-13 09:50:04,2831.6,159208
2021-04-13 09:50:04,2831.15,159209
2021-04-13 09:50:05,2830.05,159210
2021-04-13 09:50:06,2831.0,159251
2021-04-13 09:50:07,2831.0,159251
2021-04-13 09:50:09,2831.0,159251
2021-04-13 09:50:10,2830.05,159256
2021-04-13 09:50:11,2829.7,159270
2021-04-13 09:50:12,2830.7,159287
2021-04-13 09:50:13,2830.7,159287
2021-04-13 09:50:13,2830.7,159287
2021-04-13 09:50:14,2830.0,159312
2021-04-13 09:50:15,2830.0,159312
2021-04-13 09:50:16,2829.2,159512
2021-04-13 09:50:17,2829.65,159527
2021-04-13 09:50:19,2830.0,159529
2021-04-13 09:50:20,2830.0,159629
2021-04-13 09:50:21,2829.65,159729
2021-04-13 09:50:21,2830.8,159730
2021-04-13 09:50:22,2829.0,159763
2021-04-13 09:50:23,2829.0,159763
2021-04-13 09:50:24,2829.0,159763
2021-04-13 09:50:25,2829.25,159766
2021-04-13 09:50:27,2829.25,159766
2021-04-13 09:50:28,2828.65,160019
2021-04-13 09:50:28,2828.6,160023
2021-04-13 09:50:29,2828.6,160042
2021-04-13 09:50:30,2828.6,160042
2021-04-13 09:50:31,2828.6,160042
2021-04-13 09:50:33,2829.0,160053
2021-04-13 09:50:34,2829.65,160068
2021-04-13 09:50:34,2829.65,160068
2021-04-13 09:50:35,2829.65,160069
2021-04-13 09:50:36,2829.95,160116
2021-04-13 09:50:38,2830.85,160117
2021-04-13 09:50:39,2830.85,160117
2021-04-13 09:50:39,2830.85,160117
2021-04-13 09:50:40,2830.7,160125
2021-04-13 09:50:41,2830.0,160151
2021-04-13 09:50:42,2831.0,160165
2021-04-13 09:50:43,2831.0,160165
2021-04-13 09:50:44,2831.0,160165
2021-04-13 09:50:45,2832.0,160173
2021-04-13 09:50:47,2832.0,160173
2021-04-13 09:50:48,2832.0,160173
2021-04-13 09:50:48,2832.0,160174
2021-04-13 09:50:49,2833.25,160996
2021-04-13 09:50:50,2832.55,161037
2021-04-13 09:50:51,2833.75,161061
2021-04-13 09:50:53,2833.75,161129
2021-04-13 09:50:54,2834.1,161224
2021-04-13 09:50:54,2833.75,161225
2021-04-13 09:50:55,2834.7,161313
2021-04-13 09:50:56,2835.7,163538
2021-04-13 09:50:57,2835.65,163729
2021-04-13 09:50:58,2837.0,163932
2021-04-13 09:50:59,2837.0,163937
2021-04-13 09:51:01,2837.0,163937
2021-04-13 09:51:02,2836.2,163953
2021-04-13 09:51:03,2837.0,163954
2021-04-13 09:51:03,2837.0,163954
2021-04-13 09:51:04,2835.0,164048
2021-04-13 09:51:05,2836.2,164056
2021-04-13 09:51:07,2837.7,165063
2021-04-13 09:51:08,2838.05,165152
2021-04-13 09:51:09,2838.3,165155
2021-04-13 09:51:09,2838.3,165155
2021-04-13 09:51:10,2836.3,165220
2021-04-13 09:51:11,2835.6,165365
2021-04-13 09:51:12,2837.0,165367
2021-04-13 09:51:13,2835.55,165373
2021-04-13 09:51:14,2835.0,165529
2021-04-13 09:51:16,2835.25,165536
2021-04-13 09:51:17,2835.25,165536
2021-04-13 09:51:18,2833.95,165542
2021-04-13 09:51:19,2835.25,165592
2021-04-13 09:51:20,2834.95,165593
2021-04-13 09:51:21,2835.0,165596
2021-04-13 09:51:22,2835.25,165598
2021-04-13 09:51:23,2835.25,165598
2021-04-13 09:51:23,2834.35,165600
2021-04-13 09:51:24,2835.3,165685
2021-04-13 09:51:25,2834.3,165687
2021-04-13 09:51:26,2836.4,166038
2021-04-13 09:51:27,2835.5,166265
2021-04-13 09:51:28,2836.8,166269
2021-04-13 09:51:30,2834.65,166313
2021-04-13 09:51:31,2836.0,166343
2021-04-13 09:51:31,2836.0,166343
2021-04-13 09:51:32,2837.35,166348
2021-04-13 09:51:33,2838.6,166549
2021-04-13 09:51:34,2835.85,167152
2021-04-13 09:51:36,2836.05,167213
2021-04-13 09:51:37,2835.7,167233
2021-04-13 09:51:37,2835.7,167233
2021-04-13 09:51:38,2835.7,167233
2021-04-13 09:51:39,2835.7,167233
2021-04-13 09:51:41,2834.65,167264
2021-04-13 09:51:42,2835.7,167296
2021-04-13 09:51:42,2835.7,167296
2021-04-13 09:51:43,2835.15,167303
2021-04-13 09:51:44,2835.15,167303
2021-04-13 09:51:45,2835.15,167303
2021-04-13 09:51:46,2835.15,167303
2021-04-13 09:51:47,2835.7,167423
2021-04-13 09:51:49,2835.7,167425
2021-04-13 09:51:50,2835.7,167466
2021-04-13 09:51:51,2835.15,167479
2021-04-13 09:51:51,2835.7,167467
2021-04-13 09:51:52,2835.15,167479
2021-04-13 09:51:53,2835.15,167489
2021-04-13 09:51:55,2835.15,167490
2021-04-13 09:51:56,2835.0,167492
2021-04-13 09:51:57,2835.0,167492
2021-04-13 09:51:58,2835.0,167493
2021-04-13 09:51:58,2835.0,167493
2021-04-13 09:51:59,2834.0,167543
2021-04-13 09:52:00,2834.0,167543
2021-04-13 09:52:01,2834.05,167549
2021-04-13 09:52:03,2834.05,167549
2021-04-13 09:52:04,2835.0,167550
2021-04-13 09:52:04,2835.0,167550
2021-04-13 09:52:05,2834.0,167621
2021-04-13 09:52:06,2834.0,167712
2021-04-13 09:52:07,2835.0,167736
2021-04-13 09:52:09,2835.0,167740
2021-04-13 09:52:10,2833.95,167790
2021-04-13 09:52:10,2835.0,167792
2021-04-13 09:52:11,2835.0,167792
2021-04-13 09:52:12,2834.0,167819
2021-04-13 09:52:14,2832.9,167840
2021-04-13 09:52:15,2832.9,167840
2021-04-13 09:52:16,2832.9,167840
2021-04-13 09:52:17,2834.3,167860
2021-04-13 09:52:18,2834.3,167860
2021-04-13 09:52:19,2833.95,167910
2021-04-13 09:52:19,2833.95,167900
2021-04-13 09:52:20,2833.95,167910
2021-04-13 09:52:22,2833.95,167910
2021-04-13 09:52:23,2834.4,168010
2021-04-13 09:52:24,2834.4,168010
2021-04-13 09:52:24,2833.95,168011
2021-04-13 09:52:25,2833.1,168017
2021-04-13 09:52:26,2833.1,168019
2021-04-13 09:52:27,2833.95,168029
2021-04-13 09:52:28,2833.0,168077
2021-04-13 09:52:30,2833.0,168255
2021-04-13 09:52:31,2833.0,168259
2021-04-13 09:52:32,2832.05,168359
2021-04-13 09:52:33,2832.05,168359
2021-04-13 09:52:34,2832.05,168359
2021-04-13 09:52:34,2832.05,168359
2021-04-13 09:52:35,2832.05,168359
2021-04-13 09:52:37,2833.0,168361
2021-04-13 09:52:37,2832.05,168386
2021-04-13 09:52:38,2832.95,168387
2021-04-13 09:52:39,2833.0,168422
2021-04-13 09:52:40,2833.0,168437
2021-04-13 09:52:41,2833.0,168437
2021-04-13 09:52:42,2832.05,168438
2021-04-13 09:52:43,2832.0,168516
2021-04-13 09:52:44,2832.0,168543
2021-04-13 09:52:45,2830.7,168618
2021-04-13 09:52:46,2830.7,168618
2021-04-13 09:52:47,2830.7,168618
2021-04-13 09:52:48,2830.35,170641
2021-04-13 09:52:49,2830.7,170653
2021-04-13 09:52:50,2831.6,170667
2021-04-13 09:52:51,2831.65,170726
2021-04-13 09:52:52,2831.65,170769
2021-04-13 09:52:54,2831.6,170770
2021-04-13 09:52:55,2829.9,171037
2021-04-13 09:52:56,2829.95,171187
2021-04-13 09:52:57,2829.95,171191
2021-04-13 09:52:58,2830.3,171808
2021-04-13 09:52:59,2829.8,171823
2021-04-13 09:53:00,2829.8,171823
2021-04-13 09:53:01,2831.7,171903
2021-04-13 09:53:02,2831.65,171953
2021-04-13 09:53:03,2831.65,171954
2021-04-13 09:53:04,2831.65,171954
2021-04-13 09:53:05,2831.6,172014
2021-04-13 09:53:06,2831.7,172040
2021-04-13 09:53:06,2831.7,172040
2021-04-13 09:53:07,2831.7,172094
2021-04-13 09:53:08,2831.7,172097
2021-04-13 09:53:09,2830.6,172197
2021-04-13 09:53:10,2831.7,172210
2021-04-13 09:53:11,2831.7,172210
2021-04-13 09:53:12,2831.7,172210
2021-04-13 09:53:13,2831.7,172210
2021-04-13 09:53:14,2830.65,172240
2021-04-13 09:53:15,2830.65,172240
2021-04-13 09:53:16,2831.5,172248
2021-04-13 09:53:18,2831.5,172248
2021-04-13 09:53:19,2831.7,172252
2021-04-13 09:53:20,2832.0,172300
2021-04-13 09:53:21,2832.1,172315
2021-04-13 09:53:21,2832.1,172315
2021-04-13 09:53:22,2832.95,172316
2021-04-13 09:53:23,2832.95,172316
2021-04-13 09:53:24,2832.95,172316
2021-04-13 09:53:25,2832.95,172347
2021-04-13 09:53:26,2832.95,172358
2021-04-13 09:53:27,2832.35,172461
2021-04-13 09:53:28,2832.95,172465
2021-04-13 09:53:29,2832.95,172465
2021-04-13 09:53:30,2832.35,172541
2021-04-13 09:53:31,2832.35,172602
2021-04-13 09:53:32,2832.35,172602
2021-04-13 09:53:33,2832.35,172602
2021-04-13 09:53:34,2832.9,172603
2021-04-13 09:53:35,2832.9,172603
2021-04-13 09:53:36,2832.1,172608
2021-04-13 09:53:38,2832.1,172608
2021-04-13 09:53:39,2832.1,172608
2021-04-13 09:53:40,2833.0,172813
2021-04-13 09:53:41,2833.0,172815
2021-04-13 09:53:42,2833.0,172815
2021-04-13 09:53:43,2833.0,173033
2021-04-13 09:53:44,2832.15,173048
2021-04-13 09:53:45,2833.0,173059
2021-04-13 09:53:46,2833.0,173119
2021-04-13 09:53:47,2833.0,173119
2021-04-13 09:53:47,2833.0,173120
2021-04-13 09:53:48,2833.0,173122
2021-04-13 09:53:49,2832.25,173123
2021-04-13 09:53:50,2832.25,173123
2021-04-13 09:53:51,2832.25,173123
2021-04-13 09:53:52,2833.0,173218
2021-04-13 09:53:53,2833.0,173218
2021-04-13 09:53:54,2833.0,173218
2021-04-13 09:53:55,2833.0,173218
2021-04-13 09:53:56,2833.0,173218
2021-04-13 09:53:57,2832.4,173220
2021-04-13 09:53:58,2832.4,173220
2021-04-13 09:53:59,2833.35,173235
2021-04-13 09:54:00,2832.35,173236
2021-04-13 09:54:01,2833.35,173237
2021-04-13 09:54:02,2833.35,173237
2021-04-13 09:54:03,2833.35,173255
2021-04-13 09:54:04,2833.35,173258
2021-04-13 09:54:05,2833.35,173261
2021-04-13 09:54:06,2833.35,173261
2021-04-13 09:54:08,2834.0,173344
2021-04-13 09:54:09,2834.7,173351
2021-04-13 09:54:10,2834.7,173351
2021-04-13 09:54:11,2834.9,173361
2021-04-13 09:54:11,2834.9,173362
2021-04-13 09:54:12,2834.9,173364
2021-04-13 09:54:13,2834.9,173364
2021-04-13 09:54:14,2835.65,173664
2021-04-13 09:54:16,2833.85,173770
2021-04-13 09:54:17,2835.05,173777
2021-04-13 09:54:18,2835.05,173785
2021-04-13 09:54:19,2835.05,173785
2021-04-13 09:54:20,2835.05,173790
2021-04-13 09:54:21,2835.05,173791
2021-04-13 09:54:22,2835.05,173791
2021-04-13 09:54:23,2835.05,173791
2021-04-13 09:54:24,2835.05,173792
2021-04-13 09:54:25,2835.05,173793
2021-04-13 09:54:26,2835.05,173793
2021-04-13 09:54:27,2835.0,173795
2021-04-13 09:54:28,2835.0,173805
2021-04-13 09:54:29,2835.0,173805
2021-04-13 09:54:30,2833.0,173890
2021-04-13 09:54:31,2833.0,173922
2021-04-13 09:54:32,2833.05,173924
2021-04-13 09:54:33,2833.05,173924
2021-04-13 09:54:34,2833.05,173925
2021-04-13 09:54:35,2833.05,173925
2021-04-13 09:54:36,2833.05,173925
2021-04-13 09:54:37,2834.45,173926
2021-04-13 09:54:38,2833.3,173927
2021-04-13 09:54:39,2833.3,173927
2021-04-13 09:54:40,2834.5,173943
2021-04-13 09:54:41,2834.5,173943
2021-04-13 09:54:42,2833.35,173973
2021-04-13 09:54:43,2833.35,173973
2021-04-13 09:54:44,2833.35,173973
2021-04-13 09:54:45,2835.7,174358
2021-04-13 09:54:45,2835.7,174358
2021-04-13 09:54:46,2836.05,174365
2021-04-13 09:54:47,2836.8,174366
2021-04-13 09:54:49,2835.85,174367
2021-04-13 09:54:50,2835.85,174367
2021-04-13 09:54:51,2835.85,174367
2021-04-13 09:54:52,2836.8,174412
2021-04-13 09:54:53,2836.8,174412
2021-04-13 09:54:54,2836.8,174412
2021-04-13 09:54:55,2837.0,174527
2021-04-13 09:54:56,2838.0,174547
2021-04-13 09:54:57,2838.0,174547
2021-04-13 09:54:58,2836.7,174587
2021-04-13 09:54:59,2836.7,174587
2021-04-13 09:55:00,2836.7,174587
2021-04-13 09:55:01,2838.55,174702
2021-04-13 09:55:02,2838.85,174705
2021-04-13 09:55:03,2838.85,174705
2021-04-13 09:55:03,2838.0,174731
2021-04-13 09:55:04,2838.75,174732
2021-04-13 09:55:05,2838.9,174807
2021-04-13 09:55:06,2838.0,174865
2021-04-13 09:55:07,2838.6,174876
2021-04-13 09:55:08,2838.85,174879
2021-04-13 09:55:09,2838.85,174884
2021-04-13 09:55:10,2838.8,174886
2021-04-13 09:55:11,2838.8,174886
2021-04-13 09:55:13,2838.8,174886
2021-04-13 09:55:14,2838.8,174886
2021-04-13 09:55:15,2837.7,175693
2021-04-13 09:55:16,2837.8,175708
2021-04-13 09:55:17,2836.5,175758
2021-04-13 09:55:18,2836.5,175758
2021-04-13 09:55:19,2837.9,175759
2021-04-13 09:55:20,2838.0,175762
2021-04-13 09:55:21,2837.15,175772
2021-04-13 09:55:22,2837.15,175773
2021-04-13 09:55:23,2834.7,177154
2021-04-13 09:55:24,2837.3,177182
2021-04-13 09:55:25,2837.5,177187
2021-04-13 09:55:26,2837.5,177187
2021-04-13 09:55:27,2837.5,177191
2021-04-13 09:55:28,2837.4,177219
2021-04-13 09:55:29,2835.75,177224
2021-04-13 09:55:30,2835.75,177224
2021-04-13 09:55:31,2835.75,177224
2021-04-13 09:55:32,2836.85,177229
2021-04-13 09:55:33,2836.85,177229
2021-04-13 09:55:34,2837.95,177230
2021-04-13 09:55:34,2837.95,177230
2021-04-13 09:55:35,2837.95,177238
2021-04-13 09:55:36,2837.95,177238
2021-04-13 09:55:37,2837.95,177238
2021-04-13 09:55:38,2837.0,177239
2021-04-13 09:55:40,2836.05,177289
2021-04-13 09:55:41,2836.05,177289
2021-04-13 09:55:42,2836.05,177289
2021-04-13 09:55:43,2837.0,177292
2021-04-13 09:55:44,2837.0,177293
2021-04-13 09:55:45,2836.0,177393
2021-04-13 09:55:46,2836.95,177395
2021-04-13 09:55:47,2836.8,177447
2021-04-13 09:55:48,2836.8,177447
2021-04-13 09:55:49,2836.8,177447
2021-04-13 09:55:50,2837.0,177492
2021-04-13 09:55:51,2836.55,177508
2021-04-13 09:55:52,2836.05,177523
2021-04-13 09:55:53,2836.55,177528
2021-04-13 09:55:54,2836.55,177528
2021-04-13 09:55:55,2836.55,177528
2021-04-13 09:55:56,2836.55,177529
2021-04-13 09:55:57,2836.05,177531
2021-04-13 09:55:58,2836.0,177604
2021-04-13 09:55:59,2836.0,177604
2021-04-13 09:56:00,2836.0,177604
2021-04-13 09:56:01,2837.0,178107
2021-04-13 09:56:02,2836.0,178139
2021-04-13 09:56:03,2836.0,178139
2021-04-13 09:56:04,2836.0,178139
2021-04-13 09:56:04,2836.0,178139
2021-04-13 09:56:06,2836.05,178149
2021-04-13 09:56:07,2836.05,178149
2021-04-13 09:56:08,2836.0,178169
2021-04-13 09:56:09,2835.95,178179
2021-04-13 09:56:10,2836.95,178189
2021-04-13 09:56:12,2836.0,178191
2021-04-13 09:56:13,2836.0,178196
2021-04-13 09:56:14,2836.0,178196
2021-04-13 09:56:15,2835.7,178216
2021-04-13 09:56:16,2836.0,178220
2021-04-13 09:56:17,2836.0,178220
2021-04-13 09:56:18,2836.0,178220
2021-04-13 09:56:19,2835.0,178256
2021-04-13 09:56:20,2835.0,178256
2021-04-13 09:56:21,2835.0,178256
2021-04-13 09:56:22,2835.0,178266
2021-04-13 09:56:23,2835.0,178266
2021-04-13 09:56:24,2835.0,178266
2021-04-13 09:56:25,2835.0,178266
2021-04-13 09:56:26,2835.0,178266
2021-04-13 09:56:27,2835.0,178266
2021-04-13 09:56:28,2835.0,178278
2021-04-13 09:56:29,2835.0,178307
2021-04-13 09:56:30,2835.0,178307
2021-04-13 09:56:31,2834.35,178407
2021-04-13 09:56:32,2834.35,178407
2021-04-13 09:56:33,2834.35,178407
2021-04-13 09:56:34,2834.7,178419
2021-04-13 09:56:35,2834.7,178419
2021-04-13 09:56:36,2835.0,178439
2021-04-13 09:56:37,2835.0,178439
2021-04-13 09:56:38,2835.95,178449
2021-04-13 09:56:39,2834.45,178455
2021-04-13 09:56:40,2834.45,178455
2021-04-13 09:56:42,2834.45,178455
2021-04-13 09:56:43,2834.45,178461
2021-04-13 09:56:44,2834.45,178461
2021-04-13 09:56:45,2835.45,178462
2021-04-13 09:56:46,2835.45,178462
2021-04-13 09:56:47,2835.45,178462
2021-04-13 09:56:48,2835.5,178487
2021-04-13 09:56:49,2834.45,178496
2021-04-13 09:56:50,2834.45,178496
2021-04-13 09:56:51,2834.45,178496
2021-04-13 09:56:52,2834.45,178496
2021-04-13 09:56:53,2835.0,178497
2021-04-13 09:56:54,2835.0,178497
2021-04-13 09:56:55,2835.8,178647
2021-04-13 09:56:56,2836.0,178650
2021-04-13 09:56:57,2836.0,178650
2021-04-13 09:56:58,2836.0,178650
2021-04-13 09:56:59,2834.6,178679
2021-04-13 09:57:00,2834.6,178679
2021-04-13 09:57:01,2834.6,178679
2021-04-13 09:57:02,2834.6,178679
2021-04-13 09:57:03,2834.6,178679
2021-04-13 09:57:04,2834.0,178733
2021-04-13 09:57:06,2831.75,179016
2021-04-13 09:57:07,2829.85,179206
2021-04-13 09:57:09,2828.0,179305
2021-04-13 09:57:10,2828.35,179316
2021-04-13 09:57:11,2827.35,179317
2021-04-13 09:57:12,2827.35,179317
2021-04-13 09:57:13,2828.0,179318
2021-04-13 09:57:14,2828.0,179318
2021-04-13 09:57:15,2827.0,179329
2021-04-13 09:57:16,2827.0,179329
2021-04-13 09:57:17,2827.0,179329
2021-04-13 09:57:18,2826.2,179359
2021-04-13 09:57:19,2826.2,179359
2021-04-13 09:57:20,2826.2,179359
2021-04-13 09:57:21,2826.2,179359
2021-04-13 09:57:23,2824.5,180691
2021-04-13 09:57:24,2824.5,180719
2021-04-13 09:57:25,2825.85,180772
2021-04-13 09:57:26,2826.4,180794
2021-04-13 09:57:27,2824.55,181296
2021-04-13 09:57:28,2828.15,181310
2021-04-13 09:57:29,2826.1,181320
2021-04-13 09:57:30,2826.15,181325
2021-04-13 09:57:31,2825.3,181387
2021-04-13 09:57:32,2825.3,181387
2021-04-13 09:57:33,2827.65,181393
2021-04-13 09:57:34,2827.65,181393
2021-04-13 09:57:35,2827.65,181393
2021-04-13 09:57:36,2826.0,181593
2021-04-13 09:57:38,2827.35,181698
2021-04-13 09:57:39,2827.4,181730
2021-04-13 09:57:40,2827.4,181730
2021-04-13 09:57:41,2827.35,181837
2021-04-13 09:57:42,2827.35,181877
2021-04-13 09:57:43,2827.45,181962
2021-04-13 09:57:44,2827.2,181965
2021-04-13 09:57:45,2827.85,181975
2021-04-13 09:57:46,2827.85,181975
2021-04-13 09:57:47,2827.85,181975
2021-04-13 09:57:48,2827.85,182125
2021-04-13 09:57:49,2827.85,182129
2021-04-13 09:57:51,2827.85,182129
2021-04-13 09:57:50,2827.85,182129
2021-04-13 09:57:52,2827.85,182139
2021-04-13 09:57:53,2827.5,182161
2021-04-13 09:57:54,2827.5,182161
2021-04-13 09:57:55,2827.5,182161
2021-04-13 09:57:57,2827.6,182190
2021-04-13 09:57:58,2827.6,182190
2021-04-13 09:57:59,2827.6,182190
2021-04-13 09:58:00,2827.6,182190
2021-04-13 09:58:01,2828.5,182193
2021-04-13 09:58:02,2828.5,182230
2021-04-13 09:58:03,2828.5,182230
2021-04-13 09:58:04,2828.5,182230
2021-04-13 09:58:05,2828.5,182230
2021-04-13 09:58:06,2828.05,182294
2021-04-13 09:58:07,2828.05,182296
2021-04-13 09:58:08,2828.05,182296
2021-04-13 09:58:09,2828.05,182296
2021-04-13 09:58:10,2830.0,182789
2021-04-13 09:58:11,2832.85,182844
2021-04-13 09:58:12,2831.7,182854
2021-04-13 09:58:13,2832.9,182856
2021-04-13 09:58:14,2833.6,182944
2021-04-13 09:58:15,2833.2,182946
2021-04-13 09:58:16,2832.15,182971
2021-04-13 09:58:17,2832.15,183070
2021-04-13 09:58:18,2832.05,183071
2021-04-13 09:58:19,2832.05,183071
2021-04-13 09:58:21,2832.6,183173
2021-04-13 09:58:20,2832.7,183171
2021-04-13 09:58:22,2832.6,183173
2021-04-13 09:58:23,2832.6,183173
2021-04-13 09:58:24,2831.1,183204
2021-04-13 09:58:25,2831.1,183204
2021-04-13 09:58:26,2832.55,183224
2021-04-13 09:58:27,2832.65,183226
2021-04-13 09:58:28,2832.65,183226
2021-04-13 09:58:29,2833.2,183271
2021-04-13 09:58:30,2832.9,183311
2021-04-13 09:58:32,2832.6,183319
2021-04-13 09:58:32,2833.2,183321
2021-04-13 09:58:33,2833.2,183321
2021-04-13 09:58:34,2833.2,183321
2021-04-13 09:58:35,2832.5,183514
2021-04-13 09:58:36,2833.2,183518
2021-04-13 09:58:38,2832.6,183641
2021-04-13 09:58:38,2834.45,183644
2021-04-13 09:58:39,2834.85,183670
2021-04-13 09:58:40,2835.0,183675
2021-04-13 09:58:41,2835.0,183675
2021-04-13 09:58:42,2834.0,183687
2021-04-13 09:58:43,2834.0,183723
2021-04-13 09:58:44,2834.0,183723
2021-04-13 09:58:45,2834.0,183723
2021-04-13 09:58:46,2834.0,183723
2021-04-13 09:58:47,2834.0,183723
2021-04-13 09:58:48,2833.65,183733
2021-04-13 09:58:49,2834.85,183738
2021-04-13 09:58:50,2834.85,183738
2021-04-13 09:58:51,2834.85,183738
2021-04-13 09:58:52,2833.2,183931
2021-04-13 09:58:53,2834.25,183938
2021-04-13 09:58:54,2834.05,183947
2021-04-13 09:58:55,2834.05,183947
2021-04-13 09:58:56,2834.05,183947
2021-04-13 09:58:57,2834.05,183947
2021-04-13 09:58:58,2834.0,184127
2021-04-13 09:58:59,2834.2,184154
2021-04-13 09:59:00,2833.2,184180
2021-04-13 09:59:01,2834.1,184201
2021-04-13 09:59:02,2833.75,184323
2021-04-13 09:59:04,2833.9,184325
2021-04-13 09:59:04,2833.9,184325
2021-04-13 09:59:05,2834.5,184326
2021-04-13 09:59:06,2834.5,184326
2021-04-13 09:59:08,2834.5,184326
2021-04-13 09:59:08,2834.5,184326
2021-04-13 09:59:09,2834.5,184326
2021-04-13 09:59:10,2833.2,184351
2021-04-13 09:59:11,2834.0,184371
2021-04-13 09:59:12,2833.7,184442
2021-04-13 09:59:13,2834.5,184444
2021-04-13 09:59:14,2834.5,184445
2021-04-13 09:59:15,2834.5,184445
2021-04-13 09:59:16,2833.4,184534
2021-04-13 09:59:17,2834.8,184535
2021-04-13 09:59:18,2834.8,184535
2021-04-13 09:59:20,2834.8,184535
2021-04-13 09:59:21,2834.8,184535
2021-04-13 09:59:21,2834.8,184535
2021-04-13 09:59:22,2834.8,184535
2021-04-13 09:59:23,2834.8,184535
2021-04-13 09:59:24,2834.8,184535
2021-04-13 09:59:25,2834.8,184535
2021-04-13 09:59:26,2834.8,184535
2021-04-13 09:59:27,2834.8,184535
2021-04-13 09:59:28,2834.8,184535
2021-04-13 09:59:29,2834.15,184537
2021-04-13 09:59:30,2834.15,184537
2021-04-13 09:59:31,2833.5,184554
2021-04-13 09:59:32,2834.15,184555
2021-04-13 09:59:34,2834.15,184558
2021-04-13 09:59:35,2834.15,184558
2021-04-13 09:59:36,2833.5,184560
2021-04-13 09:59:36,2834.0,184561
2021-04-13 09:59:37,2834.0,184562
2021-04-13 09:59:38,2834.0,184562
2021-04-13 09:59:39,2834.0,184562
2021-04-13 09:59:40,2832.95,184610
2021-04-13 09:59:41,2832.95,184610
2021-04-13 09:59:43,2832.95,184610
2021-04-13 09:59:44,2832.95,184610
2021-04-13 09:59:44,2834.8,185146
2021-04-13 09:59:45,2835.6,185157
2021-04-13 09:59:46,2834.1,185179
2021-04-13 09:59:47,2832.35,185391
2021-04-13 09:59:48,2832.6,185398
2021-04-13 09:59:49,2832.6,185398
2021-04-13 09:59:50,2832.6,185398
2021-04-13 09:59:51,2834.15,186012
2021-04-13 09:59:53,2835.25,186025
2021-04-13 09:59:53,2835.3,186022
2021-04-13 09:59:54,2835.25,186025
2021-04-13 09:59:55,2835.25,186025
2021-04-13 09:59:56,2833.85,186035
2021-04-13 09:59:57,2833.85,186035
2021-04-13 09:59:58,2833.85,186035
2021-04-13 09:59:59,2833.85,186035
2021-04-13 10:00:01,2833.85,186061
2021-04-13 10:00:01,2833.85,186061
2021-04-13 10:00:02,2833.85,186061
2021-04-13 10:00:03,2833.85,186061
2021-04-13 10:00:04,2833.85,186061
2021-04-13 10:00:05,2833.85,186061
2021-04-13 10:00:06,2833.85,186061
2021-04-13 10:00:07,2833.85,186061
2021-04-13 10:00:08,2833.85,186061
2021-04-13 10:00:10,2833.85,186061
2021-04-13 10:00:11,2833.85,186061
2021-04-13 10:00:11,2834.65,186062
2021-04-13 10:00:12,2834.1,186072
2021-04-13 10:00:13,2834.65,186079
2021-04-13 10:00:14,2834.65,186089
2021-04-13 10:00:15,2834.1,186094
2021-04-13 10:00:16,2834.65,186095
2021-04-13 10:00:17,2834.1,186120
2021-04-13 10:00:18,2833.95,186253
2021-04-13 10:00:20,2833.95,186253
2021-04-13 10:00:20,2833.95,186253
2021-04-13 10:00:21,2833.95,186253
2021-04-13 10:00:22,2833.95,186253
2021-04-13 10:00:23,2833.95,186253
2021-04-13 10:00:25,2833.1,186283
2021-04-13 10:00:25,2833.1,186283
2021-04-13 10:00:26,2834.65,186303
2021-04-13 10:00:27,2834.65,186303
2021-04-13 10:00:28,2834.65,186303
2021-04-13 10:00:29,2834.65,186303
2021-04-13 10:00:30,2834.65,186303
2021-04-13 10:00:31,2834.65,186303
2021-04-13 10:00:32,2834.65,186303
2021-04-13 10:00:33,2834.65,186303
2021-04-13 10:00:34,2832.7,186427
2021-04-13 10:00:35,2834.75,186529
2021-04-13 10:00:37,2834.1,186531
2021-04-13 10:00:38,2833.35,186606
2021-04-13 10:00:40,2834.75,186607
2021-04-13 10:00:41,2834.9,186608
2021-04-13 10:00:42,2834.9,186608
2021-04-13 10:00:42,2834.9,186608
2021-04-13 10:00:43,2834.9,186608
2021-04-13 10:00:44,2833.55,186625
2021-04-13 10:00:45,2834.3,186724
2021-04-13 10:00:46,2834.3,186724
2021-04-13 10:00:47,2834.3,186724
2021-04-13 10:00:48,2834.55,186729
2021-04-13 10:00:49,2833.55,186731
2021-04-13 10:00:50,2833.55,186732
2021-04-13 10:00:51,2834.3,186733
2021-04-13 10:00:52,2832.3,186744
2021-04-13 10:00:54,2833.5,186757
2021-04-13 10:00:55,2833.5,186757
2021-04-13 10:00:56,2833.5,186757
2021-04-13 10:00:59,2832.1,186882
2021-04-13 10:01:00,2832.1,186882
2021-04-13 10:01:01,2833.15,186887
2021-04-13 10:01:02,2833.15,186887
2021-04-13 10:01:03,2833.15,186887
2021-04-13 10:01:04,2833.15,186887
2021-04-13 10:01:05,2833.15,186887
2021-04-13 10:01:06,2833.15,186887
2021-04-13 10:01:07,2832.95,186897
2021-04-13 10:01:09,2832.95,186897
2021-04-13 10:01:09,2832.95,186897
2021-04-13 10:01:10,2832.5,187097
2021-04-13 10:01:11,2832.95,187100
2021-04-13 10:01:13,2832.95,187100
2021-04-13 10:01:14,2832.95,187100
2021-04-13 10:01:15,2832.95,187101
2021-04-13 10:01:16,2832.95,187101
2021-04-13 10:01:17,2832.95,187101
2021-04-13 10:01:18,2832.95,187101
2021-04-13 10:01:18,2832.95,187101
2021-04-13 10:01:19,2832.95,187101
2021-04-13 10:01:20,2832.5,187117
2021-04-13 10:01:22,2832.5,187119
2021-04-13 10:01:23,2832.5,187124
2021-04-13 10:01:24,2832.5,187130
2021-04-13 10:01:25,2832.5,187142
2021-04-13 10:01:26,2832.5,187192
2021-04-13 10:01:26,2832.5,187208
2021-04-13 10:01:28,2832.5,187213
2021-04-13 10:01:29,2832.9,187216
2021-04-13 10:01:30,2832.5,187234
2021-04-13 10:01:31,2831.65,187370
2021-04-13 10:01:32,2831.65,187370
2021-04-13 10:01:33,2831.65,187370
2021-04-13 10:01:34,2831.65,187370
2021-04-13 10:01:34,2830.5,187925
2021-04-13 10:01:35,2830.5,187937
2021-04-13 10:01:36,2830.5,187937
2021-04-13 10:01:38,2830.5,187937
2021-04-13 10:01:39,2830.2,187938
2021-04-13 10:01:40,2830.2,187957
2021-04-13 10:01:40,2830.15,187958
2021-04-13 10:01:41,2830.2,187964
2021-04-13 10:01:43,2830.15,187967
2021-04-13 10:01:44,2830.0,187971
2021-04-13 10:01:45,2829.4,187972
2021-04-13 10:01:46,2829.0,187975
2021-04-13 10:01:47,2829.0,187979
2021-04-13 10:01:48,2829.0,187995
2021-04-13 10:01:50,2829.0,188011
2021-04-13 10:01:50,2829.0,188010
2021-04-13 10:01:51,2829.0,188036
2021-04-13 10:01:52,2829.4,188498
2021-04-13 10:01:53,2829.45,188519
2021-04-13 10:01:54,2829.55,188524
2021-04-13 10:01:55,2829.55,188554
2021-04-13 10:01:56,2831.45,188944
2021-04-13 10:01:57,2832.95,188953
2021-04-13 10:01:58,2831.5,188960
2021-04-13 10:02:00,2831.5,188960
2021-04-13 10:02:01,2831.5,188960
2021-04-13 10:02:01,2831.5,188960
2021-04-13 10:02:02,2832.95,188965
2021-04-13 10:02:03,2831.6,188980
2021-04-13 10:02:04,2831.6,189013
2021-04-13 10:02:05,2831.55,189056
2021-04-13 10:02:06,2832.95,189095
2021-04-13 10:02:07,2833.2,189097
2021-04-13 10:02:08,2833.25,189305
2021-04-13 10:02:09,2832.6,189616
2021-04-13 10:02:10,2833.25,189651
2021-04-13 10:02:11,2834.45,189773
2021-04-13 10:02:13,2834.45,189773
2021-04-13 10:02:14,2834.5,189776
2021-04-13 10:02:15,2834.5,189776
2021-04-13 10:02:16,2833.3,189791
2021-04-13 10:02:17,2833.3,189791
2021-04-13 10:02:18,2834.5,189792
2021-04-13 10:02:19,2834.5,189792
2021-04-13 10:02:20,2833.3,189802
2021-04-13 10:02:21,2834.45,190351
2021-04-13 10:02:21,2834.25,190383
2021-04-13 10:02:22,2835.5,190384
2021-04-13 10:02:23,2835.6,191128
2021-04-13 10:02:24,2835.9,191166
2021-04-13 10:02:25,2835.75,191183
2021-04-13 10:02:26,2835.1,191285
2021-04-13 10:02:28,2837.9,191398
2021-04-13 10:02:29,2836.05,191500
2021-04-13 10:02:30,2837.75,191502
2021-04-13 10:02:31,2835.1,191552
2021-04-13 10:02:32,2837.7,191621
2021-04-13 10:02:33,2837.35,191630
2021-04-13 10:02:33,2835.45,191634
2021-04-13 10:02:35,2835.45,191636
2021-04-13 10:02:35,2835.45,191636
2021-04-13 10:02:36,2835.45,191636
2021-04-13 10:02:37,2837.15,191665
2021-04-13 10:02:39,2835.45,191667
2021-04-13 10:02:40,2835.35,191717
2021-04-13 10:02:41,2835.35,191719
2021-04-13 10:02:42,2837.05,191724
2021-04-13 10:02:43,2835.8,191737
2021-04-13 10:02:43,2835.8,191737
2021-04-13 10:02:44,2835.8,191737
2021-04-13 10:02:45,2835.75,191738
2021-04-13 10:02:46,2837.25,191750
2021-04-13 10:02:47,2835.0,192352
2021-04-13 10:02:49,2835.0,192428
2021-04-13 10:02:50,2835.0,192477
2021-04-13 10:02:51,2835.0,192477
2021-04-13 10:02:52,2835.0,192477
2021-04-13 10:02:53,2835.05,192482
2021-04-13 10:02:54,2835.05,192499
2021-04-13 10:02:55,2835.05,192499
2021-04-13 10:02:55,2835.05,192499
2021-04-13 10:02:56,2835.0,192521
2021-04-13 10:02:57,2835.0,192521
2021-04-13 10:02:58,2835.75,192544
2021-04-13 10:02:59,2836.1,192574
2021-04-13 10:03:01,2837.8,192908
2021-04-13 10:03:02,2837.6,193135
2021-04-13 10:03:03,2837.6,193152
2021-04-13 10:03:04,2835.5,193201
2021-04-13 10:03:05,2835.55,193206
2021-04-13 10:03:05,2835.55,193206
2021-04-13 10:03:06,2835.55,193206
2021-04-13 10:03:07,2835.55,193206
2021-04-13 10:03:08,2836.2,193216
2021-04-13 10:03:09,2837.1,193229
2021-04-13 10:03:10,2835.1,193279
2021-04-13 10:03:11,2837.05,193392
2021-04-13 10:03:12,2837.05,193392
2021-04-13 10:03:14,2837.1,193393
2021-04-13 10:03:16,2837.1,193393
2021-04-13 10:03:17,2837.25,193411
2021-04-13 10:03:18,2837.25,193411
2021-04-13 10:03:19,2836.1,193631
2021-04-13 10:03:20,2836.1,193812
2021-04-13 10:03:21,2837.6,193817
2021-04-13 10:03:22,2837.85,193828
2021-04-13 10:03:23,2837.85,193829
2021-04-13 10:03:24,2836.35,193877
2021-04-13 10:03:25,2837.8,193878
2021-04-13 10:03:26,2836.2,193918
2021-04-13 10:03:27,2837.7,193929
2021-04-13 10:03:28,2837.7,193929
2021-04-13 10:03:29,2836.0,193979
2021-04-13 10:03:30,2836.0,193979
2021-04-13 10:03:31,2837.45,193989
2021-04-13 10:03:32,2837.45,193994
2021-04-13 10:03:33,2837.45,194137
2021-04-13 10:03:34,2837.65,194172
2021-04-13 10:03:35,2837.65,194172
2021-04-13 10:03:36,2837.7,194192
2021-04-13 10:03:36,2837.7,194192
2021-04-13 10:03:37,2837.8,194202
2021-04-13 10:03:38,2838.0,194302
2021-04-13 10:03:39,2838.0,194307
2021-04-13 10:03:40,2838.45,194889
2021-04-13 10:03:41,2837.8,194917
2021-04-13 10:03:42,2838.8,194919
2021-04-13 10:03:43,2838.8,194919
2021-04-13 10:03:44,2838.8,194924
2021-04-13 10:03:45,2838.8,195049
2021-04-13 10:03:46,2838.85,195072
2021-04-13 10:03:47,2838.8,195075
2021-04-13 10:03:48,2838.85,195076
2021-04-13 10:03:49,2838.85,195076
2021-04-13 10:03:50,2838.85,195076
2021-04-13 10:03:52,2838.85,195076
2021-04-13 10:03:53,2838.85,195076
2021-04-13 10:03:54,2838.8,195153
2021-04-13 10:03:55,2838.7,195283
2021-04-13 10:03:56,2837.05,195292
2021-04-13 10:03:57,2838.25,195315
2021-04-13 10:03:58,2838.2,195316
2021-04-13 10:03:59,2838.6,195317
2021-04-13 10:03:59,2838.6,195317
2021-04-13 10:04:00,2838.6,195317
2021-04-13 10:04:01,2838.6,195317
2021-04-13 10:04:02,2836.9,195367
2021-04-13 10:04:03,2836.9,195367
2021-04-13 10:04:04,2837.1,195370
2021-04-13 10:04:05,2837.1,195370
2021-04-13 10:04:06,2837.1,195370
2021-04-13 10:04:07,2837.1,195370
2021-04-13 10:04:08,2838.0,195371
2021-04-13 10:04:10,2838.0,195371
2021-04-13 10:04:11,2838.0,195371
2021-04-13 10:04:12,2838.5,195471
2021-04-13 10:04:13,2836.45,195542
2021-04-13 10:04:14,2838.2,195646
2021-04-13 10:04:15,2838.2,195646
2021-04-13 10:04:16,2836.55,195680
2021-04-13 10:04:17,2837.95,195681
2021-04-13 10:04:18,2836.85,195699
2021-04-13 10:04:19,2837.05,195719
2021-04-13 10:04:20,2837.05,195719
2021-04-13 10:04:20,2837.05,195719
2021-04-13 10:04:21,2837.05,195719
2021-04-13 10:04:22,2837.05,195719
2021-04-13 10:04:23,2837.65,195740
2021-04-13 10:04:24,2837.65,195740
2021-04-13 10:04:25,2837.65,195740
2021-04-13 10:04:27,2837.65,195740
2021-04-13 10:04:28,2837.65,195740
2021-04-13 10:04:29,2837.0,195767
2021-04-13 10:04:30,2837.0,195767
2021-04-13 10:04:31,2836.3,195780
2021-04-13 10:04:32,2836.3,195780
2021-04-13 10:04:33,2836.3,195780
2021-04-13 10:04:33,2836.3,195780
2021-04-13 10:04:34,2836.3,195780
2021-04-13 10:04:35,2836.3,195780
2021-04-13 10:04:36,2836.95,195781
2021-04-13 10:04:37,2836.0,195791
2021-04-13 10:04:38,2836.0,195791
2021-04-13 10:04:39,2836.0,195791
2021-04-13 10:04:41,2836.0,195791
2021-04-13 10:04:42,2836.0,195791
2021-04-13 10:04:43,2836.0,195801
2021-04-13 10:04:44,2835.0,195931
2021-04-13 10:04:45,2834.1,195945
2021-04-13 10:04:46,2834.1,195945
2021-04-13 10:04:47,2834.1,195945
2021-04-13 10:04:48,2834.6,195947
2021-04-13 10:04:49,2835.75,196149
2021-04-13 10:04:50,2834.05,196249
2021-04-13 10:04:51,2834.95,196252
2021-04-13 10:04:52,2835.0,196302
2021-04-13 10:04:53,2833.75,196375
2021-04-13 10:04:54,2834.0,196379
2021-04-13 10:04:55,2833.7,196405
2021-04-13 10:04:56,2833.7,196405
2021-04-13 10:04:56,2833.7,196405
