timestamp,ltp,volume
2021-05-03 09:15:25,896.0,85079
2021-05-03 09:15:26,895.7,89103
2021-05-03 09:15:27,895.5,90615
2021-05-03 09:15:28,894.9,90802
2021-05-03 09:15:29,895.0,91912
2021-05-03 09:15:30,895.1,93043
2021-05-03 09:15:31,895.05,93823
2021-05-03 09:15:31,895.55,93825
2021-05-03 09:15:32,895.65,94869
2021-05-03 09:15:34,895.9,97751
2021-05-03 09:15:35,895.5,99388
2021-05-03 09:15:36,896.05,100660
2021-05-03 09:15:37,895.55,102233
2021-05-03 09:15:39,895.55,103687
2021-05-03 09:15:40,895.5,110419
2021-05-03 09:15:41,895.5,111942
2021-05-03 09:15:42,895.4,113712
2021-05-03 09:15:43,894.8,115108
2021-05-03 09:15:44,894.8,116109
2021-05-03 09:15:44,895.35,115589
2021-05-03 09:15:45,894.3,117945
2021-05-03 09:15:46,894.6,118884
2021-05-03 09:15:47,894.55,119631
2021-05-03 09:15:48,894.25,121847
2021-05-03 09:15:49,894.35,122587
2021-05-03 09:15:50,894.75,123022
2021-05-03 09:15:52,894.7,124205
2021-05-03 09:15:53,894.45,125827
2021-05-03 09:15:54,894.55,126393
2021-05-03 09:15:55,894.1,126935
2021-05-03 09:15:56,894.1,128754
2021-05-03 09:15:57,894.45,129333
2021-05-03 09:15:58,894.2,130218
2021-05-03 09:15:58,894.45,131508
2021-05-03 09:15:59,894.05,132279
2021-05-03 09:16:00,894.8,133493
2021-05-03 09:16:02,894.8,134939
2021-05-03 09:16:03,894.5,137258
2021-05-03 09:16:04,895.1,149352
2021-05-03 09:16:04,895.2,149495
2021-05-03 09:16:05,895.9,159207
2021-05-03 09:16:06,896.85,160645
2021-05-03 09:16:09,896.55,171264
2021-05-03 09:16:10,896.95,172794
2021-05-03 09:16:11,896.95,174171
2021-05-03 09:16:12,897.0,175712
2021-05-03 09:16:13,895.5,180732
2021-05-03 09:16:13,894.25,184561
2021-05-03 09:16:14,895.45,185728
2021-05-03 09:16:16,895.15,187661
2021-05-03 09:16:17,895.45,188266
2021-05-03 09:16:18,896.85,189299
2021-05-03 09:16:19,897.0,191410
2021-05-03 09:16:20,896.8,193173
2021-05-03 09:16:20,896.1,196664
2021-05-03 09:16:21,896.95,198192
2021-05-03 09:16:22,896.8,198801
2021-05-03 09:16:23,897.0,199941
2021-05-03 09:16:25,896.65,201405
2021-05-03 09:16:26,897.2,201732
2021-05-03 09:16:27,896.5,206267
2021-05-03 09:16:28,896.6,207044
2021-05-03 09:16:29,896.9,207836
2021-05-03 09:16:30,895.95,209919
2021-05-03 09:16:31,896.6,210126
2021-05-03 09:16:32,896.35,211085
2021-05-03 09:16:33,896.45,211747
2021-05-03 09:16:34,896.75,212038
2021-05-03 09:16:34,896.75,212038
2021-05-03 09:16:36,896.7,214278
2021-05-03 09:16:37,896.65,214436
2021-05-03 09:16:38,896.5,215405
2021-05-03 09:16:39,896.45,217411
2021-05-03 09:16:40,896.4,217481
2021-05-03 09:16:41,895.9,217918
2021-05-03 09:16:42,896.0,218132
2021-05-03 09:16:42,896.0,218283
2021-05-03 09:16:44,895.9,218375
2021-05-03 09:16:45,895.95,219684
2021-05-03 09:16:46,895.55,220727
2021-05-03 09:16:47,895.95,220795
2021-05-03 09:16:48,896.0,221721
2021-05-03 09:16:49,895.0,246089
2021-05-03 09:16:50,895.0,246246
2021-05-03 09:16:51,895.5,247493
2021-05-03 09:16:52,895.15,248700
2021-05-03 09:16:52,895.15,248716
2021-05-03 09:16:54,895.15,250035
2021-05-03 09:16:55,894.5,250912
2021-05-03 09:16:56,895.2,251798
2021-05-03 09:16:57,894.6,252898
2021-05-03 09:16:58,894.85,254929
2021-05-03 09:16:59,894.85,256250
2021-05-03 09:17:00,894.65,258136
2021-05-03 09:17:01,894.0,258770
2021-05-03 09:17:02,893.7,260824
2021-05-03 09:17:02,893.7,261123
2021-05-03 09:17:03,894.25,261697
2021-05-03 09:17:04,894.0,262726
2021-05-03 09:17:06,893.45,263367
2021-05-03 09:17:07,893.35,265424
2021-05-03 09:17:08,893.75,266273
2021-05-03 09:17:09,893.9,271275
2021-05-03 09:17:09,894.45,271493
2021-05-03 09:17:11,894.1,272918
2021-05-03 09:17:12,894.65,273236
2021-05-03 09:17:13,894.6,274256
2021-05-03 09:17:14,894.25,276606
2021-05-03 09:17:15,894.0,277159
2021-05-03 09:17:16,893.75,277660
2021-05-03 09:17:16,893.75,277660
2021-05-03 09:17:18,893.95,278707
2021-05-03 09:17:19,894.0,279112
2021-05-03 09:17:20,894.0,279865
2021-05-03 09:17:21,894.15,283914
2021-05-03 09:17:22,894.0,286878
2021-05-03 09:17:22,894.05,286988
2021-05-03 09:17:24,894.2,289238
2021-05-03 09:17:25,893.7,290574
2021-05-03 09:17:26,894.1,290769
2021-05-03 09:17:28,894.35,292865
2021-05-03 09:17:29,894.4,294001
2021-05-03 09:17:31,894.25,295353
2021-05-03 09:17:32,894.65,295836
2021-05-03 09:17:32,894.25,295963
2021-05-03 09:17:34,894.3,295993
2021-05-03 09:17:35,894.5,296684
2021-05-03 09:17:36,894.9,298469
2021-05-03 09:17:37,895.05,300220
2021-05-03 09:17:37,895.0,300221
2021-05-03 09:17:39,895.1,300831
2021-05-03 09:17:40,894.7,301088
2021-05-03 09:17:41,895.1,301177
2021-05-03 09:17:42,895.1,301957
2021-05-03 09:17:43,895.0,303847
2021-05-03 09:17:43,895.0,303847
2021-05-03 09:17:44,895.1,304068
2021-05-03 09:17:45,895.1,304264
2021-05-03 09:17:46,895.1,304444
2021-05-03 09:17:47,895.0,304952
2021-05-03 09:17:48,895.4,305516
2021-05-03 09:17:50,895.0,306159
2021-05-03 09:17:51,894.95,306512
2021-05-03 09:17:52,894.85,329295
2021-05-03 09:17:53,894.9,330492
2021-05-03 09:17:54,895.0,330557
2021-05-03 09:17:55,895.3,338966
2021-05-03 09:17:56,895.55,340094
2021-05-03 09:17:56,895.55,340144
2021-05-03 09:17:57,895.3,340212
2021-05-03 09:17:59,895.5,340446
2021-05-03 09:18:00,895.95,344026
2021-05-03 09:18:01,895.45,344924
2021-05-03 09:18:02,895.25,345480
2021-05-03 09:18:03,895.55,346209
2021-05-03 09:18:04,895.55,346708
2021-05-03 09:18:05,895.9,347117
2021-05-03 09:18:05,895.4,347127
2021-05-03 09:18:07,895.7,347379
2021-05-03 09:18:08,895.7,347687
2021-05-03 09:18:09,895.85,349024
2021-05-03 09:18:10,896.25,353711
2021-05-03 09:18:11,896.3,354181
2021-05-03 09:18:11,896.8,354187
2021-05-03 09:18:12,896.8,354596
2021-05-03 09:18:14,896.4,354934
2021-05-03 09:18:15,896.8,356795
2021-05-03 09:18:16,896.65,357021
2021-05-03 09:18:17,896.95,357093
2021-05-03 09:18:18,896.35,357362
2021-05-03 09:18:19,896.95,357473
2021-05-03 09:18:20,896.95,357574
2021-05-03 09:18:20,896.95,357574
2021-05-03 09:18:23,897.45,362682
2021-05-03 09:18:24,897.45,366039
2021-05-03 09:18:25,896.95,366277
2021-05-03 09:18:26,897.45,366513
2021-05-03 09:18:27,897.05,366529
2021-05-03 09:18:28,897.05,366745
2021-05-03 09:18:29,897.05,367282
2021-05-03 09:18:30,897.2,367550
2021-05-03 09:18:31,897.05,368638
2021-05-03 09:18:32,897.0,371675
2021-05-03 09:18:33,896.4,375118
2021-05-03 09:18:34,896.75,376031
2021-05-03 09:18:35,896.55,376073
2021-05-03 09:18:36,896.75,377143
2021-05-03 09:18:37,896.8,377322
2021-05-03 09:18:38,896.75,377871
2021-05-03 09:18:39,896.25,378462
2021-05-03 09:18:40,896.7,378478
2021-05-03 09:18:41,896.65,379196
2021-05-03 09:18:42,897.0,383772
2021-05-03 09:18:43,897.4,386602
2021-05-03 09:18:44,897.3,388655
2021-05-03 09:18:45,897.45,389807
2021-05-03 09:18:46,897.5,390166
2021-05-03 09:18:47,897.65,393924
2021-05-03 09:18:48,897.6,395030
2021-05-03 09:18:49,897.65,395804
2021-05-03 09:18:50,897.7,396039
2021-05-03 09:18:51,898.0,396044
2021-05-03 09:18:52,897.6,396392
2021-05-03 09:18:53,897.8,397634
2021-05-03 09:18:54,897.6,398064
2021-05-03 09:18:55,898.0,399072
2021-05-03 09:18:56,897.65,399443
2021-05-03 09:18:57,898.2,402053
2021-05-03 09:18:58,897.95,402314
2021-05-03 09:18:59,896.8,413346
2021-05-03 09:19:00,896.65,413726
2021-05-03 09:19:01,896.95,414163
2021-05-03 09:19:03,896.95,414525
2021-05-03 09:19:02,896.7,414475
2021-05-03 09:19:04,896.5,414852
2021-05-03 09:19:05,896.95,415991
2021-05-03 09:19:06,897.0,416605
2021-05-03 09:19:07,897.2,416755
2021-05-03 09:19:09,897.0,418988
2021-05-03 09:19:08,897.2,418963
2021-05-03 09:19:10,897.35,419074
2021-05-03 09:19:11,896.95,419196
2021-05-03 09:19:12,897.3,420295
2021-05-03 09:19:13,897.05,420987
2021-05-03 09:19:14,897.2,421310
2021-05-03 09:19:15,897.35,422845
2021-05-03 09:19:16,897.35,423247
2021-05-03 09:19:18,898.0,430828
2021-05-03 09:19:17,898.45,430720
2021-05-03 09:19:19,898.1,432510
2021-05-03 09:19:20,898.3,432901
2021-05-03 09:19:21,898.15,433142
2021-05-03 09:19:22,897.65,433994
2021-05-03 09:19:23,898.25,438035
2021-05-03 09:19:24,898.35,441483
2021-05-03 09:19:25,898.45,441787
2021-05-03 09:19:26,898.45,441787
2021-05-03 09:19:27,898.65,442843
2021-05-03 09:19:28,898.25,442984
2021-05-03 09:19:29,898.5,442994
2021-05-03 09:19:30,898.65,443241
2021-05-03 09:19:31,898.65,444251
2021-05-03 09:19:32,898.65,444596
2021-05-03 09:19:33,898.65,444753
2021-05-03 09:19:34,898.9,446728
2021-05-03 09:19:35,898.7,447061
2021-05-03 09:19:36,898.95,447161
2021-05-03 09:19:37,898.95,451819
2021-05-03 09:19:38,899.0,452814
2021-05-03 09:19:39,899.15,453839
2021-05-03 09:19:41,898.95,455781
2021-05-03 09:19:40,899.25,455756
2021-05-03 09:19:42,898.7,456698
2021-05-03 09:19:43,899.35,457692
2021-05-03 09:19:44,899.15,457969
2021-05-03 09:19:45,899.3,458655
2021-05-03 09:19:46,899.1,462421
2021-05-03 09:19:47,899.0,462659
2021-05-03 09:19:48,899.2,464634
2021-05-03 09:19:50,898.2,469514
2021-05-03 09:19:49,898.75,469086
2021-05-03 09:19:51,898.65,469942
2021-05-03 09:19:52,898.75,470051
2021-05-03 09:19:53,898.25,470584
2021-05-03 09:19:54,898.7,470673
2021-05-03 09:19:55,897.95,477624
2021-05-03 09:19:56,897.1,482124
2021-05-03 09:19:57,897.15,483316
2021-05-03 09:19:58,896.5,483652
2021-05-03 09:19:59,896.95,485148
2021-05-03 09:20:00,896.6,485519
2021-05-03 09:20:01,896.2,485728
2021-05-03 09:20:02,896.5,487046
2021-05-03 09:20:03,896.7,487305
2021-05-03 09:20:04,896.7,487465
2021-05-03 09:20:05,896.7,487465
2021-05-03 09:20:06,896.7,487886
2021-05-03 09:20:07,896.6,488294
2021-05-03 09:20:08,896.6,488744
2021-05-03 09:20:09,896.2,489537
2021-05-03 09:20:10,896.3,491007
2021-05-03 09:20:11,896.5,491365
2021-05-03 09:20:12,896.5,491391
2021-05-03 09:20:13,896.5,491677
2021-05-03 09:20:14,896.9,492321
2021-05-03 09:20:15,896.25,492943
2021-05-03 09:20:16,896.7,493013
2021-05-03 09:20:17,897.0,493512
2021-05-03 09:20:18,897.0,494152
2021-05-03 09:20:19,897.0,494152
2021-05-03 09:20:20,896.5,495474
2021-05-03 09:20:21,896.7,495658
2021-05-03 09:20:22,896.95,495860
2021-05-03 09:20:23,896.95,495895
2021-05-03 09:20:24,897.15,496677
2021-05-03 09:20:25,897.1,497291
2021-05-03 09:20:26,896.7,497595
2021-05-03 09:20:27,896.9,498117
2021-05-03 09:20:28,896.9,498122
2021-05-03 09:20:29,897.0,498344
2021-05-03 09:20:30,896.9,498522
2021-05-03 09:20:31,896.9,498625
2021-05-03 09:20:32,896.9,498808
2021-05-03 09:20:33,897.0,499424
2021-05-03 09:20:34,896.7,499640
2021-05-03 09:20:35,897.05,500075
2021-05-03 09:20:36,897.0,500104
2021-05-03 09:20:37,897.05,500655
2021-05-03 09:20:38,896.55,501274
2021-05-03 09:20:40,896.35,502000
2021-05-03 09:20:40,896.35,502000
2021-05-03 09:20:41,896.35,502472
2021-05-03 09:20:42,896.35,502525
2021-05-03 09:20:43,896.65,502715
2021-05-03 09:20:45,896.35,502909
2021-05-03 09:20:45,896.35,502909
2021-05-03 09:20:46,896.65,505144
2021-05-03 09:20:47,896.65,507149
2021-05-03 09:20:48,896.2,507470
2021-05-03 09:20:49,896.55,507831
2021-05-03 09:20:51,896.8,507849
2021-05-03 09:20:51,896.8,507849
2021-05-03 09:20:52,896.55,508700
2021-05-03 09:20:53,896.0,510311
2021-05-03 09:20:54,896.35,510529
2021-05-03 09:20:56,896.35,510937
2021-05-03 09:20:56,896.35,510952
2021-05-03 09:20:57,896.35,511965
2021-05-03 09:20:58,896.0,514155
2021-05-03 09:20:59,896.15,515795
2021-05-03 09:21:00,896.35,516014
2021-05-03 09:21:02,896.35,516264
2021-05-03 09:21:02,896.35,516274
2021-05-03 09:21:03,896.1,516284
2021-05-03 09:21:04,896.35,516317
2021-05-03 09:21:05,896.35,516549
2021-05-03 09:21:06,896.35,517275
2021-05-03 09:21:07,896.1,517313
2021-05-03 09:21:09,896.3,517364
2021-05-03 09:21:09,896.3,517364
2021-05-03 09:21:10,896.45,518006
2021-05-03 09:21:11,896.35,518214
2021-05-03 09:21:12,896.3,518302
2021-05-03 09:21:14,896.35,518817
2021-05-03 09:21:14,896.35,518817
2021-05-03 09:21:15,896.35,518827
2021-05-03 09:21:16,896.45,518852
2021-05-03 09:21:17,896.35,519094
2021-05-03 09:21:18,896.45,519155
2021-05-03 09:21:19,896.35,519176
2021-05-03 09:21:20,897.0,519623
2021-05-03 09:21:22,896.8,519824
2021-05-03 09:21:22,897.0,519829
2021-05-03 09:21:23,897.0,519885
2021-05-03 09:21:24,896.95,519902
2021-05-03 09:21:25,896.95,520678
2021-05-03 09:21:26,897.65,524588
2021-05-03 09:21:28,897.35,524707
2021-05-03 09:21:28,897.65,524708
2021-05-03 09:21:29,897.65,524784
2021-05-03 09:21:30,897.65,524861
2021-05-03 09:21:31,897.65,525023
2021-05-03 09:21:32,897.65,525370
2021-05-03 09:21:33,896.2,533238
2021-05-03 09:21:35,896.85,534024
2021-05-03 09:21:35,896.85,534024
2021-05-03 09:21:36,896.85,536040
2021-05-03 09:21:37,896.8,536068
2021-05-03 09:21:38,896.8,536190
2021-05-03 09:21:39,896.8,536200
2021-05-03 09:21:41,896.8,536290
2021-05-03 09:21:42,896.45,536414
2021-05-03 09:21:42,896.45,536414
2021-05-03 09:21:43,896.45,537218
2021-05-03 09:21:44,897.1,540477
2021-05-03 09:21:45,896.9,540504
2021-05-03 09:21:46,896.9,540559
2021-05-03 09:21:47,896.9,540762
2021-05-03 09:21:48,896.9,540796
2021-05-03 09:21:50,896.9,541317
2021-05-03 09:21:50,896.9,541317
2021-05-03 09:21:51,896.9,541427
2021-05-03 09:21:52,896.9,541431
2021-05-03 09:21:53,896.85,541750
2021-05-03 09:21:55,896.85,542090
2021-05-03 09:21:56,896.85,542281
2021-05-03 09:21:56,896.85,542277
2021-05-03 09:21:57,896.9,542800
2021-05-03 09:21:58,896.9,542852
2021-05-03 09:21:59,896.9,542913
2021-05-03 09:22:00,896.95,542983
2021-05-03 09:22:01,896.95,543009
2021-05-03 09:22:02,896.9,543030
2021-05-03 09:22:03,896.95,543036
2021-05-03 09:22:04,896.95,543036
2021-05-03 09:22:05,897.0,544187
2021-05-03 09:22:06,897.5,547257
2021-05-03 09:22:07,897.85,547278
2021-05-03 09:22:08,897.8,547414
2021-05-03 09:22:09,897.6,547475
2021-05-03 09:22:10,897.05,548190
2021-05-03 09:22:11,897.1,548321
2021-05-03 09:22:12,897.3,548662
2021-05-03 09:22:14,898.0,553415
2021-05-03 09:22:14,898.0,553415
2021-05-03 09:22:15,898.0,553655
2021-05-03 09:22:16,898.0,553909
2021-05-03 09:22:17,897.75,553951
2021-05-03 09:22:18,898.0,554001
2021-05-03 09:22:19,898.3,554613
2021-05-03 09:22:20,898.0,557387
2021-05-03 09:22:22,898.3,557823
2021-05-03 09:22:23,898.0,557830
2021-05-03 09:22:24,898.1,557872
2021-05-03 09:22:25,898.3,558392
2021-05-03 09:22:26,898.5,558526
2021-05-03 09:22:26,898.5,558529
2021-05-03 09:22:27,898.4,558636
2021-05-03 09:22:28,898.4,559421
2021-05-03 09:22:29,898.35,559734
2021-05-03 09:22:30,898.25,560910
2021-05-03 09:22:31,898.25,561224
2021-05-03 09:22:32,898.25,561224
2021-05-03 09:22:33,898.0,561562
2021-05-03 09:22:34,898.3,561747
2021-05-03 09:22:35,898.3,561893
2021-05-03 09:22:36,898.3,561893
2021-05-03 09:22:37,897.65,564489
2021-05-03 09:22:38,897.5,564841
2021-05-03 09:22:39,897.5,564945
2021-05-03 09:22:40,897.4,565312
2021-05-03 09:22:41,897.4,565477
2021-05-03 09:22:42,897.0,565685
2021-05-03 09:22:43,897.05,565753
2021-05-03 09:22:44,897.4,565881
2021-05-03 09:22:45,897.4,565882
2021-05-03 09:22:46,897.45,566203
2021-05-03 09:22:47,897.05,566232
2021-05-03 09:22:48,897.4,566353
2021-05-03 09:22:49,897.4,566398
2021-05-03 09:22:50,897.4,566465
2021-05-03 09:22:51,897.1,566542
2021-05-03 09:22:53,897.25,566650
2021-05-03 09:22:54,897.4,567081
2021-05-03 09:22:55,897.4,567372
2021-05-03 09:22:56,897.5,567960
2021-05-03 09:22:57,897.4,568338
2021-05-03 09:22:58,897.25,568863
2021-05-03 09:22:59,897.4,568972
2021-05-03 09:22:59,897.4,568972
2021-05-03 09:23:00,897.8,569368
2021-05-03 09:23:01,897.8,569382
2021-05-03 09:23:02,897.65,569585
2021-05-03 09:23:03,898.0,569635
2021-05-03 09:23:04,898.0,569644
2021-05-03 09:23:05,897.6,570045
2021-05-03 09:23:06,897.8,570261
2021-05-03 09:23:17,898.0,573499
2021-05-03 09:23:18,897.8,573578
2021-05-03 09:23:19,898.05,573695
2021-05-03 09:23:20,898.0,574567
2021-05-03 09:23:21,898.05,574865
2021-05-03 09:23:22,898.05,574885
2021-05-03 09:23:23,897.65,579924
2021-05-03 09:23:24,897.65,580132
2021-05-03 09:23:25,897.65,580413
2021-05-03 09:23:26,897.65,580435
2021-05-03 09:23:27,897.75,580729
2021-05-03 09:23:28,897.45,581422
2021-05-03 09:23:29,897.9,581587
2021-05-03 09:23:30,898.0,581831
2021-05-03 09:23:30,898.0,581794
2021-05-03 09:23:31,897.8,582566
2021-05-03 09:23:32,897.8,582645
2021-05-03 09:23:33,898.0,582673
2021-05-03 09:23:34,898.0,582811
2021-05-03 09:23:36,897.8,582957
2021-05-03 09:23:37,897.9,583004
2021-05-03 09:23:38,898.0,583219
2021-05-03 09:23:38,898.0,583126
2021-05-03 09:23:39,898.0,583554
2021-05-03 09:23:40,898.0,583744
2021-05-03 09:23:41,898.05,583868
2021-05-03 09:23:42,898.0,584030
2021-05-03 09:23:43,898.1,584099
2021-05-03 09:23:44,898.0,584601
2021-05-03 09:23:45,898.25,584666
2021-05-03 09:23:46,898.1,584770
2021-05-03 09:23:47,898.1,585312
2021-05-03 09:23:48,898.3,585618
2021-05-03 09:23:49,898.1,585624
2021-05-03 09:23:50,898.3,585785
2021-05-03 09:23:51,898.3,585893
2021-05-03 09:23:52,898.3,585898
2021-05-03 09:23:53,898.1,586438
2021-05-03 09:23:54,898.3,586556
2021-05-03 09:23:55,898.3,586655
2021-05-03 09:23:56,898.25,586816
2021-05-03 09:23:57,898.3,586838
2021-05-03 09:23:58,898.25,587320
2021-05-03 09:23:59,898.25,587538
2021-05-03 09:24:00,898.3,587590
2021-05-03 09:24:01,898.25,587592
2021-05-03 09:24:02,898.3,587727
2021-05-03 09:24:03,898.3,588129
2021-05-03 09:24:04,898.3,588309
2021-05-03 09:24:05,898.25,588607
2021-05-03 09:24:06,898.25,589293
2021-05-03 09:24:07,898.4,592289
2021-05-03 09:24:08,898.65,593011
2021-05-03 09:24:10,898.75,593131
2021-05-03 09:24:11,898.6,593730
2021-05-03 09:24:12,898.0,594572
2021-05-03 09:24:13,898.0,594812
2021-05-03 09:24:14,897.35,596126
2021-05-03 09:24:15,897.55,596536
2021-05-03 09:24:16,897.55,596605
2021-05-03 09:24:17,897.55,596636
2021-05-03 09:24:18,897.6,596768
2021-05-03 09:24:19,897.6,596845
2021-05-03 09:24:20,897.6,596909
2021-05-03 09:24:21,897.7,597191
2021-05-03 09:24:22,897.7,597257
2021-05-03 09:24:23,897.55,597278
2021-05-03 09:24:24,897.75,597479
2021-05-03 09:24:25,897.75,597650
2021-05-03 09:24:26,897.75,597702
2021-05-03 09:24:27,897.7,597757
2021-05-03 09:24:28,897.55,600597
2021-05-03 09:24:29,897.55,600977
2021-05-03 09:24:30,897.75,601034
2021-05-03 09:24:31,897.6,602170
2021-05-03 09:24:32,897.55,602254
2021-05-03 09:24:33,897.55,602254
2021-05-03 09:24:34,897.55,602265
2021-05-03 09:24:35,897.0,605143
2021-05-03 09:24:35,896.8,605129
2021-05-03 09:24:36,897.0,605456
2021-05-03 09:24:37,896.65,606578
2021-05-03 09:24:38,897.0,606693
2021-05-03 09:24:39,897.0,606827
2021-05-03 09:24:40,897.0,606916
2021-05-03 09:24:41,897.2,607560
2021-05-03 09:24:42,897.0,607656
2021-05-03 09:24:43,896.5,609169
2021-05-03 09:24:44,896.45,609216
2021-05-03 09:24:45,896.5,609309
2021-05-03 09:24:46,896.4,609315
2021-05-03 09:24:47,896.4,609361
2021-05-03 09:24:48,896.5,610320
2021-05-03 09:24:49,896.0,612601
2021-05-03 09:24:50,896.55,613507
2021-05-03 09:24:51,896.3,613722
2021-05-03 09:24:52,896.6,613897
2021-05-03 09:24:53,896.65,614467
2021-05-03 09:24:54,896.6,614622
2021-05-03 09:24:56,896.6,615034
2021-05-03 09:24:57,896.65,615869
2021-05-03 09:24:58,896.65,616041
2021-05-03 09:24:59,896.3,616283
2021-05-03 09:25:00,896.65,616323
2021-05-03 09:25:01,896.6,616421
2021-05-03 09:25:02,896.45,616430
2021-05-03 09:25:03,896.45,617057
2021-05-03 09:25:04,896.45,617203
2021-05-03 09:25:05,895.45,621076
2021-05-03 09:25:06,895.45,621142
2021-05-03 09:25:07,895.45,622192
2021-05-03 09:25:08,895.95,622385
2021-05-03 09:25:09,895.9,623953
2021-05-03 09:25:10,895.95,624069
2021-05-03 09:25:11,895.95,624110
2021-05-03 09:25:12,895.45,624766
2021-05-03 09:25:13,895.95,625970
2021-05-03 09:25:14,895.95,626407
2021-05-03 09:25:14,896.25,626412
2021-05-03 09:25:15,896.0,626477
2021-05-03 09:25:16,896.25,626588
2021-05-03 09:25:17,896.0,626853
2021-05-03 09:25:18,896.0,626998
2021-05-03 09:25:19,896.25,627004
2021-05-03 09:25:20,896.0,627107
2021-05-03 09:25:21,896.2,627188
2021-05-03 09:25:22,896.25,627205
2021-05-03 09:25:23,896.0,627678
2021-05-03 09:25:24,896.05,627684
2021-05-03 09:25:25,895.9,630855
2021-05-03 09:25:26,895.95,631010
2021-05-03 09:25:27,895.95,631087
2021-05-03 09:25:29,896.0,631245
2021-05-03 09:25:30,895.95,631383
2021-05-03 09:25:31,895.6,632339
2021-05-03 09:25:32,895.95,632846
2021-05-03 09:25:33,895.95,633001
2021-05-03 09:25:34,895.95,633502
2021-05-03 09:25:35,895.95,633584
2021-05-03 09:25:36,896.0,633671
2021-05-03 09:25:36,896.0,633674
2021-05-03 09:25:37,896.0,633709
2021-05-03 09:25:38,896.0,635440
2021-05-03 09:25:39,895.6,635692
2021-05-03 09:25:40,896.05,635714
2021-05-03 09:25:41,896.05,635717
2021-05-03 09:25:42,895.6,636854
2021-05-03 09:25:44,895.85,636956
2021-05-03 09:25:45,895.6,637011
2021-05-03 09:25:46,895.6,638375
2021-05-03 09:25:47,895.6,638510
2021-05-03 09:25:48,895.95,640075
2021-05-03 09:25:49,895.9,640211
2021-05-03 09:25:50,895.9,640728
2021-05-03 09:25:51,895.6,642814
2021-05-03 09:25:51,895.9,642839
2021-05-03 09:25:52,895.6,642944
2021-05-03 09:25:53,895.9,642945
2021-05-03 09:25:54,896.15,643240
2021-05-03 09:25:55,896.0,643711
2021-05-03 09:25:56,895.9,643726
2021-05-03 09:25:57,896.0,643852
2021-05-03 09:25:58,896.0,643883
2021-05-03 09:25:59,895.9,643956
2021-05-03 09:26:01,896.0,644037
2021-05-03 09:26:02,894.9,656656
2021-05-03 09:26:03,894.85,656854
2021-05-03 09:26:04,894.85,656929
2021-05-03 09:26:05,894.85,657032
2021-05-03 09:26:06,894.65,657634
2021-05-03 09:26:07,894.65,657687
2021-05-03 09:26:08,894.65,657793
2021-05-03 09:26:09,894.85,657927
2021-05-03 09:26:10,894.85,658202
2021-05-03 09:26:11,894.65,661065
2021-05-03 09:26:12,894.8,661080
2021-05-03 09:26:13,894.65,661386
2021-05-03 09:26:14,894.85,661401
2021-05-03 09:26:14,894.65,661501
2021-05-03 09:26:15,894.85,662760
2021-05-03 09:26:16,894.5,663342
2021-05-03 09:26:17,895.0,663660
2021-05-03 09:26:18,894.5,663770
2021-05-03 09:26:19,894.8,663782
2021-05-03 09:26:20,894.9,663924
2021-05-03 09:26:21,894.55,664144
2021-05-03 09:26:23,894.85,664153
2021-05-03 09:26:24,894.9,664424
2021-05-03 09:26:25,895.0,664548
2021-05-03 09:26:26,894.9,664911
2021-05-03 09:26:27,895.0,665060
2021-05-03 09:26:28,894.6,665190
2021-05-03 09:26:29,895.25,667742
2021-05-03 09:26:30,895.35,668219
2021-05-03 09:26:31,895.35,668269
2021-05-03 09:26:32,895.4,668909
2021-05-03 09:26:32,895.4,668909
2021-05-03 09:26:33,895.4,668909
2021-05-03 09:26:34,895.8,668959
2021-05-03 09:26:35,895.1,669327
2021-05-03 09:26:36,895.85,671380
2021-05-03 09:26:37,895.5,671391
2021-05-03 09:26:38,895.5,671595
2021-05-03 09:26:39,896.0,672645
2021-05-03 09:26:40,896.0,672745
2021-05-03 09:26:41,895.3,675459
2021-05-03 09:26:42,895.55,675513
2021-05-03 09:26:44,895.55,675639
2021-05-03 09:26:45,895.0,676639
2021-05-03 09:26:46,895.45,676700
2021-05-03 09:26:47,895.45,676759
2021-05-03 09:26:48,895.45,676894
2021-05-03 09:26:49,895.45,677062
2021-05-03 09:26:50,895.55,677143
2021-05-03 09:26:51,895.0,677620
2021-05-03 09:26:52,895.45,677662
2021-05-03 09:26:53,895.45,677942
2021-05-03 09:26:54,895.45,678102
2021-05-03 09:26:55,895.3,678446
2021-05-03 09:26:56,895.4,678579
2021-05-03 09:26:57,895.0,679788
2021-05-03 09:26:58,895.0,679822
2021-05-03 09:26:59,895.0,679965
2021-05-03 09:27:00,895.0,680101
2021-05-03 09:27:01,895.0,680265
2021-05-03 09:27:02,895.0,680473
2021-05-03 09:27:03,895.0,680686
2021-05-03 09:27:04,895.0,680710
2021-05-03 09:27:05,894.7,681254
2021-05-03 09:27:06,895.0,681307
2021-05-03 09:27:07,895.0,681369
2021-05-03 09:27:08,895.0,681406
2021-05-03 09:27:09,894.8,681456
2021-05-03 09:27:10,894.8,681554
2021-05-03 09:27:11,894.8,681625
2021-05-03 09:27:12,895.0,681981
2021-05-03 09:27:13,895.0,682040
2021-05-03 09:27:14,894.6,682237
2021-05-03 09:27:15,894.8,682390
2021-05-03 09:27:16,894.8,682412
2021-05-03 09:27:18,894.8,682838
2021-05-03 09:27:19,894.6,682908
2021-05-03 09:27:20,894.8,682987
2021-05-03 09:27:21,894.5,683144
2021-05-03 09:27:22,894.6,683220
2021-05-03 09:27:23,894.8,683252
2021-05-03 09:27:24,894.8,684011
2021-05-03 09:27:25,894.8,684583
2021-05-03 09:27:26,894.6,685276
2021-05-03 09:27:27,894.5,685691
2021-05-03 09:27:28,894.8,685883
2021-05-03 09:27:29,894.6,685899
2021-05-03 09:27:30,894.6,686055
2021-05-03 09:27:31,894.6,686218
2021-05-03 09:27:32,894.35,686594
2021-05-03 09:27:33,894.6,686609
2021-05-03 09:27:34,894.5,686718
2021-05-03 09:27:35,894.4,686895
2021-05-03 09:27:36,894.4,687181
2021-05-03 09:27:37,894.35,687434
2021-05-03 09:27:38,894.05,688016
2021-05-03 09:27:39,894.05,688198
2021-05-03 09:27:40,894.05,688220
2021-05-03 09:27:41,894.35,688274
2021-05-03 09:27:42,894.35,688338
2021-05-03 09:27:43,894.2,688688
2021-05-03 09:27:44,894.35,688898
2021-05-03 09:27:45,894.2,688956
2021-05-03 09:27:46,894.2,689123
2021-05-03 09:27:47,894.3,689267
2021-05-03 09:27:48,894.4,689438
2021-05-03 09:27:49,894.2,689626
2021-05-03 09:27:50,894.4,689777
2021-05-03 09:27:51,894.4,690098
2021-05-03 09:27:52,894.35,690371
2021-05-03 09:27:53,894.4,691685
2021-05-03 09:27:54,894.35,691911
2021-05-03 09:27:55,894.35,692117
2021-05-03 09:27:56,894.4,692125
2021-05-03 09:27:57,894.5,692430
2021-05-03 09:27:58,894.2,692573
2021-05-03 09:27:59,894.35,693140
2021-05-03 09:28:00,894.3,693236
2021-05-03 09:28:01,894.4,693850
2021-05-03 09:28:02,894.4,693973
2021-05-03 09:28:03,894.2,694974
2021-05-03 09:28:04,894.4,695014
2021-05-03 09:28:05,894.35,695022
2021-05-03 09:28:06,894.35,695084
2021-05-03 09:28:07,894.35,695099
2021-05-03 09:28:08,894.35,695153
2021-05-03 09:28:09,894.35,695469
2021-05-03 09:28:10,894.4,695697
2021-05-03 09:28:11,894.4,695967
2021-05-03 09:28:12,894.4,696218
2021-05-03 09:28:13,894.35,696225
2021-05-03 09:28:14,894.4,696538
2021-05-03 09:28:15,894.4,696888
2021-05-03 09:28:16,894.35,696916
2021-05-03 09:28:17,894.3,697193
2021-05-03 09:28:18,894.5,698042
2021-05-03 09:28:19,894.55,698394
2021-05-03 09:28:20,894.55,698789
2021-05-03 09:28:21,894.55,699246
2021-05-03 09:28:22,894.5,699502
2021-05-03 09:28:23,894.8,699528
2021-05-03 09:28:24,894.8,699547
2021-05-03 09:28:25,894.95,699613
2021-05-03 09:28:26,894.95,699642
2021-05-03 09:28:27,894.95,699702
2021-05-03 09:28:28,894.95,699721
2021-05-03 09:28:29,895.0,700233
2021-05-03 09:28:30,894.95,700340
2021-05-03 09:28:31,895.0,703509
2021-05-03 09:28:32,895.45,703696
2021-05-03 09:28:32,895.2,703946
2021-05-03 09:28:33,895.9,704309
2021-05-03 09:28:34,895.45,704370
2021-05-03 09:28:36,895.8,705336
2021-05-03 09:28:37,895.95,705580
2021-05-03 09:28:38,895.75,705840
2021-05-03 09:28:39,895.75,705901
2021-05-03 09:28:40,895.5,706735
2021-05-03 09:28:41,895.65,706847
2021-05-03 09:28:42,895.5,707128
2021-05-03 09:28:43,895.2,707513
2021-05-03 09:28:44,895.6,707714
2021-05-03 09:28:45,895.25,707795
2021-05-03 09:28:46,895.7,707860
2021-05-03 09:28:47,895.25,708059
2021-05-03 09:28:48,895.5,708255
2021-05-03 09:28:49,895.5,708439
2021-05-03 09:28:50,895.5,708607
2021-05-03 09:28:51,895.45,709146
2021-05-03 09:28:52,895.5,709397
2021-05-03 09:28:53,895.35,709621
2021-05-03 09:28:54,895.5,709725
2021-05-03 09:28:55,895.5,711638
2021-05-03 09:28:56,895.4,711784
2021-05-03 09:28:57,895.5,711839
2021-05-03 09:28:58,895.5,711881
2021-05-03 09:28:59,895.5,711942
2021-05-03 09:29:00,895.5,712162
2021-05-03 09:29:01,895.45,712348
2021-05-03 09:29:02,895.5,713682
2021-05-03 09:29:03,895.45,713985
2021-05-03 09:29:04,895.45,714006
2021-05-03 09:29:05,895.4,714325
2021-05-03 09:29:06,895.25,716664
2021-05-03 09:29:07,895.25,716901
2021-05-03 09:29:08,895.5,716977
2021-05-03 09:29:09,895.25,717438
2021-05-03 09:29:10,895.7,717530
2021-05-03 09:29:11,895.7,717585
2021-05-03 09:29:12,895.7,717615
2021-05-03 09:29:13,895.7,717646
2021-05-03 09:29:14,895.5,717663
2021-05-03 09:29:15,895.8,717854
2021-05-03 09:29:16,896.0,718076
2021-05-03 09:29:17,895.6,718426
2021-05-03 09:29:18,896.0,718551
2021-05-03 09:29:19,896.0,718566
2021-05-03 09:29:20,896.25,719116
2021-05-03 09:29:21,896.6,720256
2021-05-03 09:29:22,896.7,720438
2021-05-03 09:29:23,896.2,720865
2021-05-03 09:29:24,896.25,720912
2021-05-03 09:29:25,896.55,721199
2021-05-03 09:29:26,896.55,721341
2021-05-03 09:29:27,896.75,724053
2021-05-03 09:29:28,896.6,724331
2021-05-03 09:29:29,896.85,724551
2021-05-03 09:29:30,896.65,724552
2021-05-03 09:29:31,896.75,726842
2021-05-03 09:29:32,896.75,726847
2021-05-03 09:29:33,896.75,726957
2021-05-03 09:29:34,896.75,726958
2021-05-03 09:29:35,896.85,727483
2021-05-03 09:29:36,896.65,727584
2021-05-03 09:29:37,897.2,729024
2021-05-03 09:29:38,897.5,731110
2021-05-03 09:29:39,897.7,733190
2021-05-03 09:29:40,897.35,733194
2021-05-03 09:29:41,897.6,733474
2021-05-03 09:29:42,897.4,733573
2021-05-03 09:29:43,897.0,733588
2021-05-03 09:29:44,897.4,734064
2021-05-03 09:29:45,897.4,734456
2021-05-03 09:29:46,897.5,734564
2021-05-03 09:29:47,897.5,734573
2021-05-03 09:29:48,897.5,734573
2021-05-03 09:29:49,897.7,734937
2021-05-03 09:29:50,897.8,734954
2021-05-03 09:29:51,897.75,734963
2021-05-03 09:29:52,897.75,734963
2021-05-03 09:29:53,897.75,735345
2021-05-03 09:29:54,897.75,735415
2021-05-03 09:29:55,897.8,735704
2021-05-03 09:29:56,897.75,736375
2021-05-03 09:29:57,898.2,737701
2021-05-03 09:29:58,898.2,737707
2021-05-03 09:29:59,898.2,737730
2021-05-03 09:30:00,898.25,737855
2021-05-03 09:30:01,898.2,738623
2021-05-03 09:30:02,898.5,739286
2021-05-03 09:30:03,898.85,739738
2021-05-03 09:30:04,898.85,742432
2021-05-03 09:30:05,898.8,742921
2021-05-03 09:30:06,898.3,743545
2021-05-03 09:30:07,898.7,743565
2021-05-03 09:30:08,898.7,743596
2021-05-03 09:30:09,898.85,743893
2021-05-03 09:30:10,898.5,744008
2021-05-03 09:30:11,898.65,744862
2021-05-03 09:30:12,898.8,745222
2021-05-03 09:30:13,898.75,746474
2021-05-03 09:30:14,898.5,746835
2021-05-03 09:30:15,898.7,748352
2021-05-03 09:30:16,898.5,753960
2021-05-03 09:30:17,898.45,754512
2021-05-03 09:30:18,898.6,755174
2021-05-03 09:30:19,898.65,755185
2021-05-03 09:30:20,898.5,755190
2021-05-03 09:30:21,898.65,757038
2021-05-03 09:30:22,898.65,757400
2021-05-03 09:30:23,898.6,758205
2021-05-03 09:30:24,898.65,758850
2021-05-03 09:30:25,898.65,758873
2021-05-03 09:30:26,898.7,759058
2021-05-03 09:30:27,898.75,759205
2021-05-03 09:30:28,898.7,759437
2021-05-03 09:30:29,898.65,760064
2021-05-03 09:30:30,898.2,760570
2021-05-03 09:30:31,898.3,760622
2021-05-03 09:30:32,898.25,760857
2021-05-03 09:30:33,898.3,761072
2021-05-03 09:30:34,898.2,761405
2021-05-03 09:30:35,898.4,761469
2021-05-03 09:30:36,898.55,761529
2021-05-03 09:30:37,898.5,761703
2021-05-03 09:30:38,898.35,761870
2021-05-03 09:30:39,898.4,762112
2021-05-03 09:30:40,898.05,763854
2021-05-03 09:30:41,898.05,764058
2021-05-03 09:30:42,898.05,764113
2021-05-03 09:30:43,898.05,764647
2021-05-03 09:30:44,897.5,765260
2021-05-03 09:30:45,898.05,765282
2021-05-03 09:30:46,898.05,765292
2021-05-03 09:30:47,897.55,765331
2021-05-03 09:30:48,898.05,766061
2021-05-03 09:30:49,898.0,766081
2021-05-03 09:30:50,897.4,766414
2021-05-03 09:30:51,897.95,766495
2021-05-03 09:30:52,897.7,766603
2021-05-03 09:30:53,897.4,766697
2021-05-03 09:30:54,897.7,766700
2021-05-03 09:30:55,897.65,766981
2021-05-03 09:30:56,897.65,767037
2021-05-03 09:30:57,897.3,767124
2021-05-03 09:30:58,897.3,767159
2021-05-03 09:30:59,897.5,767814
2021-05-03 09:31:00,897.55,769197
2021-05-03 09:31:01,897.5,769225
2021-05-03 09:31:02,897.5,769549
2021-05-03 09:31:03,897.5,769554
2021-05-03 09:31:04,897.6,769639
2021-05-03 09:31:06,897.4,770326
2021-05-03 09:31:07,897.4,770936
2021-05-03 09:31:08,897.4,770979
2021-05-03 09:31:09,897.4,770989
2021-05-03 09:31:10,897.5,771386
2021-05-03 09:31:11,897.4,771753
2021-05-03 09:31:12,897.4,772069
2021-05-03 09:31:13,897.45,772276
2021-05-03 09:31:14,897.4,772720
2021-05-03 09:31:15,897.4,772918
2021-05-03 09:31:16,897.4,773088
2021-05-03 09:31:17,897.1,773203
2021-05-03 09:31:18,897.35,773232
2021-05-03 09:31:19,897.35,774069
2021-05-03 09:31:20,897.35,774069
2021-05-03 09:31:21,897.35,774069
2021-05-03 09:31:22,897.35,774281
2021-05-03 09:31:23,896.45,777700
2021-05-03 09:31:24,896.4,777714
2021-05-03 09:31:25,896.4,777774
2021-05-03 09:31:26,896.4,777822
2021-05-03 09:31:27,896.5,777989
2021-05-03 09:31:28,896.4,778291
2021-05-03 09:31:29,896.4,778292
2021-05-03 09:31:30,896.45,779387
2021-05-03 09:31:31,896.65,779882
2021-05-03 09:31:32,896.65,779901
2021-05-03 09:31:33,896.65,782042
2021-05-03 09:31:34,896.55,782572
2021-05-03 09:31:35,896.55,782572
2021-05-03 09:31:36,896.6,782798
2021-05-03 09:31:37,896.65,783729
2021-05-03 09:31:38,896.6,783949
2021-05-03 09:31:39,896.65,784060
2021-05-03 09:31:40,896.8,784666
2021-05-03 09:31:41,896.65,784697
2021-05-03 09:31:42,896.65,784750
2021-05-03 09:31:43,896.65,784752
2021-05-03 09:31:44,896.8,784825
2021-05-03 09:31:45,896.85,785227
2021-05-03 09:31:46,896.8,785665
2021-05-03 09:31:48,897.35,785879
2021-05-03 09:31:48,897.0,785759
2021-05-03 09:31:49,897.35,786023
2021-05-03 09:31:50,897.35,786106
2021-05-03 09:31:51,897.35,786112
2021-05-03 09:31:52,897.35,786124
2021-05-03 09:31:53,897.35,786243
2021-05-03 09:31:54,896.85,786396
2021-05-03 09:31:55,896.85,786590
2021-05-03 09:31:56,897.3,786642
2021-05-03 09:31:57,897.2,786658
2021-05-03 09:31:58,897.2,786661
2021-05-03 09:31:59,897.2,786907
2021-05-03 09:32:00,897.45,789306
2021-05-03 09:32:01,897.05,789813
2021-05-03 09:32:02,897.05,790425
2021-05-03 09:32:03,897.55,790648
2021-05-03 09:32:05,897.65,790753
2021-05-03 09:32:05,897.65,790753
2021-05-03 09:32:06,897.45,791242
2021-05-03 09:32:07,897.8,791364
2021-05-03 09:32:08,897.8,791402
2021-05-03 09:32:10,897.8,791717
2021-05-03 09:32:10,897.8,791717
2021-05-03 09:32:11,897.9,791862
2021-05-03 09:32:12,897.9,791893
2021-05-03 09:32:13,897.9,791928
2021-05-03 09:32:14,897.8,792136
2021-05-03 09:32:15,897.8,792678
2021-05-03 09:32:16,897.65,792737
2021-05-03 09:32:16,897.65,792737
2021-05-03 09:32:17,897.65,792792
2021-05-03 09:32:18,897.6,793017
2021-05-03 09:32:19,897.65,793447
2021-05-03 09:32:21,897.5,793562
2021-05-03 09:32:21,897.65,793563
2021-05-03 09:32:22,897.8,794272
2021-05-03 09:32:23,897.6,794410
2021-05-03 09:32:24,897.6,794415
2021-05-03 09:32:25,897.8,794670
2021-05-03 09:32:27,897.8,794701
2021-05-03 09:32:27,897.8,794701
2021-05-03 09:32:28,897.8,794769
2021-05-03 09:32:29,897.8,794804
2021-05-03 09:32:30,898.0,798500
2021-05-03 09:32:31,897.95,799031
2021-05-03 09:32:33,898.2,799353
2021-05-03 09:32:33,898.2,799103
2021-05-03 09:32:34,897.95,799384
2021-05-03 09:32:35,897.9,800539
2021-05-03 09:32:36,897.8,800705
2021-05-03 09:32:37,897.8,802330
2021-05-03 09:32:38,897.3,802659
2021-05-03 09:32:40,897.6,802727
2021-05-03 09:32:40,897.6,802727
2021-05-03 09:32:41,897.3,802929
2021-05-03 09:32:42,897.6,802983
2021-05-03 09:32:43,897.6,803017
2021-05-03 09:32:44,897.6,803130
2021-05-03 09:32:46,897.3,803204
2021-05-03 09:32:46,897.6,803205
2021-05-03 09:32:47,897.6,803337
2021-05-03 09:32:48,897.75,804150
2021-05-03 09:32:49,897.6,804186
2021-05-03 09:32:51,897.8,804679
2021-05-03 09:32:51,897.6,804684
2021-05-03 09:32:52,897.8,804695
2021-05-03 09:32:53,897.8,804695
2021-05-03 09:32:54,897.6,805056
2021-05-03 09:32:56,897.9,805300
2021-05-03 09:32:56,897.9,805300
2021-05-03 09:32:57,897.9,805305
2021-05-03 09:32:58,897.8,805309
2021-05-03 09:32:59,897.8,805400
2021-05-03 09:33:00,897.9,806021
2021-05-03 09:33:01,897.8,806096
2021-05-03 09:33:02,897.9,806236
2021-05-03 09:33:03,897.9,806292
2021-05-03 09:33:04,897.95,806358
2021-05-03 09:33:05,897.95,806423
2021-05-03 09:33:07,897.95,806440
2021-05-03 09:33:07,897.95,806445
2021-05-03 09:33:08,898.0,806920
2021-05-03 09:33:09,897.95,806955
2021-05-03 09:33:10,898.0,807059
2021-05-03 09:33:11,897.9,808467
2021-05-03 09:33:13,898.1,809042
2021-05-03 09:33:13,898.1,809042
2021-05-03 09:33:14,898.2,809143
2021-05-03 09:33:15,898.2,819363
2021-05-03 09:33:16,897.95,821283
2021-05-03 09:33:17,898.1,824306
2021-05-03 09:33:18,898.25,824318
2021-05-03 09:33:19,898.25,824397
2021-05-03 09:33:20,898.2,824789
2021-05-03 09:33:21,898.25,824834
2021-05-03 09:33:23,898.25,824857
2021-05-03 09:33:24,898.25,825207
2021-05-03 09:33:25,898.25,825282
2021-05-03 09:33:26,898.25,835691
2021-05-03 09:33:26,898.25,835691
2021-05-03 09:33:27,898.4,838159
2021-05-03 09:33:28,898.7,841483
2021-05-03 09:33:29,898.35,842217
2021-05-03 09:33:31,898.75,842930
2021-05-03 09:33:32,898.45,843343
2021-05-03 09:33:32,898.75,843363
2021-05-03 09:33:33,898.75,843389
2021-05-03 09:33:34,898.75,843611
2021-05-03 09:33:35,898.95,843722
2021-05-03 09:33:37,898.9,843929
2021-05-03 09:33:38,898.8,844743
2021-05-03 09:33:38,898.85,844843
2021-05-03 09:33:39,898.95,845201
2021-05-03 09:33:40,898.75,845698
2021-05-03 09:33:41,898.75,845855
2021-05-03 09:33:42,898.9,845872
2021-05-03 09:33:44,898.9,845974
2021-05-03 09:33:45,898.75,846108
2021-05-03 09:33:46,898.9,847009
2021-05-03 09:33:46,898.9,847009
2021-05-03 09:33:47,898.95,847044
2021-05-03 09:33:48,898.9,847347
2021-05-03 09:33:50,898.9,847853
2021-05-03 09:33:51,898.95,848525
2021-05-03 09:33:51,898.95,848553
2021-05-03 09:33:52,898.95,848956
2021-05-03 09:33:53,898.95,851473
2021-05-03 09:33:54,899.75,853774
2021-05-03 09:33:55,899.85,858170
2021-05-03 09:33:56,899.35,858380
2021-05-03 09:33:58,899.85,859205
2021-05-03 09:33:59,899.7,859903
2021-05-03 09:33:59,899.7,859903
2021-05-03 09:34:00,899.3,862701
2021-05-03 09:34:01,899.85,862852
2021-05-03 09:34:02,900.0,863427
2021-05-03 09:34:03,900.65,866115
2021-05-03 09:34:04,900.7,866443
2021-05-03 09:34:05,900.75,868254
2021-05-03 09:34:06,900.65,868469
2021-05-03 09:34:08,900.7,868694
2021-05-03 09:34:09,900.65,869197
2021-05-03 09:34:10,900.9,869706
2021-05-03 09:34:10,900.9,869706
2021-05-03 09:34:11,900.65,870347
2021-05-03 09:34:12,900.65,870810
2021-05-03 09:34:13,900.65,871141
2021-05-03 09:34:14,900.65,871436
2021-05-03 09:34:16,900.0,874883
2021-05-03 09:34:18,900.0,875915
2021-05-03 09:34:19,900.3,877859
2021-05-03 09:34:19,900.3,877859
2021-05-03 09:34:20,900.15,878910
2021-05-03 09:34:21,900.0,878994
2021-05-03 09:34:22,899.9,880255
2021-05-03 09:34:24,899.9,880961
2021-05-03 09:34:25,899.35,881643
2021-05-03 09:34:25,899.85,882038
2021-05-03 09:34:26,899.9,882359
2021-05-03 09:34:27,900.0,882855
2021-05-03 09:34:28,900.0,882905
2021-05-03 09:34:29,899.95,883071
2021-05-03 09:34:30,899.95,884015
2021-05-03 09:34:31,899.7,884535
2021-05-03 09:34:33,900.0,886158
2021-05-03 09:34:34,900.0,886220
2021-05-03 09:34:35,900.0,887624
2021-05-03 09:34:35,900.0,887631
2021-05-03 09:34:36,899.8,888337
2021-05-03 09:34:37,899.8,888719
2021-05-03 09:34:38,899.8,888806
2021-05-03 09:34:39,899.95,889197
2021-05-03 09:34:40,899.35,889939
2021-05-03 09:34:41,899.85,890204
2021-05-03 09:34:42,899.95,890896
2021-05-03 09:34:44,899.85,891012
2021-05-03 09:34:44,899.85,891012
2021-05-03 09:34:45,899.8,891729
2021-05-03 09:34:46,899.8,891851
2021-05-03 09:34:47,899.85,891916
2021-05-03 09:34:48,899.8,892199
2021-05-03 09:34:49,899.8,892648
2021-05-03 09:34:50,899.95,893184
2021-05-03 09:34:51,899.8,893226
2021-05-03 09:34:53,899.9,893509
2021-05-03 09:34:54,899.85,893560
2021-05-03 09:34:55,899.95,893682
2021-05-03 09:34:55,899.95,893737
2021-05-03 09:34:56,899.95,893894
2021-05-03 09:34:57,899.95,893949
2021-05-03 09:34:58,899.95,894051
2021-05-03 09:34:59,899.95,894228
2021-05-03 09:35:00,899.95,894546
2021-05-03 09:35:01,899.95,894735
2021-05-03 09:35:02,899.9,895482
2021-05-03 09:35:03,900.0,896697
2021-05-03 09:35:04,900.0,896842
2021-05-03 09:35:06,900.0,897353
2021-05-03 09:35:07,900.0,897962
2021-05-03 09:35:07,899.9,897977
2021-05-03 09:35:08,900.0,898370
2021-05-03 09:35:09,900.25,898938
2021-05-03 09:35:10,900.25,899215
2021-05-03 09:35:11,900.0,899444
2021-05-03 09:35:12,900.35,900845
2021-05-03 09:35:14,899.95,901289
2021-05-03 09:35:15,899.95,901738
2021-05-03 09:35:16,900.0,902042
2021-05-03 09:35:17,900.45,902869
2021-05-03 09:35:17,899.95,902970
2021-05-03 09:35:18,900.4,903015
2021-05-03 09:35:19,900.35,903337
2021-05-03 09:35:20,899.95,903957
2021-05-03 09:35:21,900.25,904352
2021-05-03 09:35:22,900.45,905010
2021-05-03 09:35:23,900.5,905672
2021-05-03 09:35:25,900.4,905799
2021-05-03 09:35:26,900.25,906311
2021-05-03 09:35:27,900.25,906559
2021-05-03 09:35:27,900.0,906546
2021-05-03 09:35:28,900.25,906963
2021-05-03 09:35:29,900.5,907569
2021-05-03 09:35:31,900.4,908825
2021-05-03 09:35:32,900.8,910122
2021-05-03 09:35:33,900.8,910378
2021-05-03 09:35:34,900.8,911015
2021-05-03 09:35:35,900.75,913195
2021-05-03 09:35:36,900.95,916516
2021-05-03 09:35:37,900.9,917345
2021-05-03 09:35:37,900.9,917261
2021-05-03 09:35:38,900.85,918464
2021-05-03 09:35:39,900.85,918838
2021-05-03 09:35:40,900.6,919102
2021-05-03 09:35:42,900.85,919969
2021-05-03 09:35:43,901.2,922593
2021-05-03 09:35:44,900.95,923646
2021-05-03 09:35:44,900.95,923860
2021-05-03 09:35:45,901.1,924348
2021-05-03 09:35:46,900.85,924641
2021-05-03 09:35:47,901.05,924898
2021-05-03 09:35:48,900.65,925737
2021-05-03 09:35:49,900.65,926385
2021-05-03 09:35:50,900.75,928729
2021-05-03 09:35:51,900.3,929506
2021-05-03 09:35:52,900.15,930387
2021-05-03 09:35:53,900.2,936511
2021-05-03 09:35:54,899.5,939254
2021-05-03 09:35:55,899.4,945102
2021-05-03 09:35:56,899.65,948487
2021-05-03 09:35:57,899.4,948570
2021-05-03 09:35:58,899.6,948711
2021-05-03 09:35:59,899.7,948903
2021-05-03 09:36:00,899.7,952012
2021-05-03 09:36:01,899.9,952566
2021-05-03 09:36:02,899.65,952680
2021-05-03 09:36:03,899.75,953454
2021-05-03 09:36:04,899.4,953744
2021-05-03 09:36:05,899.7,953825
2021-05-03 09:36:06,899.7,953969
2021-05-03 09:36:07,899.65,954081
2021-05-03 09:36:08,899.1,954352
2021-05-03 09:36:09,899.7,954492
2021-05-03 09:36:10,899.55,956767
2021-05-03 09:36:11,899.35,956926
2021-05-03 09:36:12,899.35,957138
2021-05-03 09:36:13,899.35,957212
2021-05-03 09:36:14,899.35,957426
2021-05-03 09:36:15,898.7,957667
2021-05-03 09:36:16,898.9,957795
2021-05-03 09:36:18,899.0,957932
2021-05-03 09:36:19,898.7,957933
2021-05-03 09:36:20,898.75,957967
2021-05-03 09:36:21,899.0,958133
2021-05-03 09:36:22,899.0,958149
2021-05-03 09:36:22,899.0,958159
2021-05-03 09:36:23,898.7,958969
2021-05-03 09:36:24,899.0,959265
2021-05-03 09:36:25,898.7,959335
2021-05-03 09:36:27,899.0,959468
2021-05-03 09:36:28,899.0,959994
2021-05-03 09:36:29,899.2,960798
2021-05-03 09:36:30,899.2,961159
2021-05-03 09:36:31,899.0,961532
2021-05-03 09:36:32,899.2,961635
2021-05-03 09:36:32,899.2,961635
2021-05-03 09:36:33,899.3,962012
2021-05-03 09:36:34,899.25,962064
2021-05-03 09:36:35,898.65,964427
2021-05-03 09:36:37,898.25,965598
2021-05-03 09:36:38,898.65,965727
2021-05-03 09:36:39,898.5,965952
2021-05-03 09:36:40,898.85,966113
2021-05-03 09:36:40,898.85,966118
2021-05-03 09:36:41,898.85,967050
2021-05-03 09:36:42,898.75,967614
2021-05-03 09:36:43,898.75,968134
2021-05-03 09:36:45,898.75,968260
2021-05-03 09:36:46,898.7,968355
2021-05-03 09:36:47,898.8,968532
2021-05-03 09:36:48,898.8,968719
2021-05-03 09:36:48,898.8,968719
2021-05-03 09:36:49,898.8,968829
2021-05-03 09:36:50,898.8,969173
2021-05-03 09:36:52,898.85,969309
2021-05-03 09:36:53,898.8,969364
2021-05-03 09:36:54,898.8,969583
2021-05-03 09:36:54,898.8,969583
2021-05-03 09:36:55,898.95,969774
2021-05-03 09:36:56,898.85,969805
2021-05-03 09:36:57,898.95,969861
2021-05-03 09:36:58,898.95,969883
2021-05-03 09:36:59,898.95,970224
2021-05-03 09:37:01,899.25,971944
2021-05-03 09:37:02,899.25,972292
2021-05-03 09:37:03,899.25,972567
2021-05-03 09:37:04,898.95,972666
2021-05-03 09:37:05,899.0,972796
2021-05-03 09:37:06,899.0,972797
2021-05-03 09:37:07,899.0,972990
2021-05-03 09:37:09,898.85,973204
2021-05-03 09:37:10,899.0,973694
2021-05-03 09:37:11,899.25,973826
2021-05-03 09:37:12,899.4,975042
2021-05-03 09:37:13,899.65,975622
2021-05-03 09:37:14,899.6,975653
2021-05-03 09:37:14,899.6,975653
2021-05-03 09:37:15,899.65,976032
2021-05-03 09:37:17,899.8,976144
2021-05-03 09:37:18,899.85,976149
2021-05-03 09:37:19,899.85,976176
2021-05-03 09:37:20,899.85,976438
2021-05-03 09:37:21,899.8,976719
2021-05-03 09:37:21,899.45,976744
2021-05-03 09:37:22,899.8,976767
2021-05-03 09:37:23,899.8,976769
2021-05-03 09:37:24,899.8,976879
2021-05-03 09:37:26,899.6,977127
2021-05-03 09:37:27,899.1,977284
2021-05-03 09:37:28,899.5,978531
2021-05-03 09:37:29,899.55,978585
2021-05-03 09:37:29,899.65,978605
2021-05-03 09:37:30,899.65,978692
2021-05-03 09:37:32,899.65,978972
2021-05-03 09:37:33,899.35,979057
2021-05-03 09:37:34,899.65,979193
2021-05-03 09:37:35,899.6,979216
2021-05-03 09:37:35,899.65,979306
2021-05-03 09:37:36,899.7,979368
2021-05-03 09:37:38,899.7,979532
2021-05-03 09:37:39,899.65,979617
2021-05-03 09:37:40,899.4,979900
2021-05-03 09:37:41,899.6,979906
2021-05-03 09:37:42,899.6,980168
2021-05-03 09:37:43,899.25,980271
2021-05-03 09:37:43,899.25,980271
2021-05-03 09:37:44,899.55,980377
2021-05-03 09:37:46,899.25,980624
2021-05-03 09:37:47,899.35,981053
2021-05-03 09:37:48,899.1,981227
2021-05-03 09:37:49,899.35,981532
2021-05-03 09:37:50,899.1,981645
2021-05-03 09:37:50,899.1,981618
2021-05-03 09:37:51,899.1,981699
2021-05-03 09:37:53,899.0,982429
2021-05-03 09:37:54,899.2,983511
2021-05-03 09:37:55,899.0,983693
2021-05-03 09:37:56,899.05,983734
2021-05-03 09:37:57,899.0,984518
2021-05-03 09:37:58,898.75,984883
2021-05-03 09:37:59,899.2,987154
2021-05-03 09:37:59,899.2,987154
2021-05-03 09:38:00,899.0,987655
2021-05-03 09:38:02,899.0,987655
2021-05-03 09:38:03,898.95,988168
2021-05-03 09:38:04,898.95,988180
2021-05-03 09:38:05,898.75,988293
2021-05-03 09:38:06,898.9,988855
2021-05-03 09:38:07,898.9,988946
2021-05-03 09:38:07,898.95,989011
2021-05-03 09:38:08,898.95,989372
2021-05-03 09:38:10,898.95,989445
2021-05-03 09:38:11,898.9,989582
2021-05-03 09:38:12,898.55,989739
2021-05-03 09:38:13,898.65,989741
2021-05-03 09:38:14,898.8,989762
2021-05-03 09:38:15,898.65,989862
2021-05-03 09:38:16,898.7,989982
2021-05-03 09:38:17,898.7,990311
2021-05-03 09:38:17,898.7,990311
2021-05-03 09:38:18,898.8,990343
2021-05-03 09:38:20,898.65,990451
2021-05-03 09:38:21,898.65,990486
2021-05-03 09:38:22,898.65,990695
2021-05-03 09:38:23,898.65,990929
2021-05-03 09:38:24,898.75,991197
2021-05-03 09:38:25,898.75,991512
2021-05-03 09:38:26,898.45,991677
2021-05-03 09:38:26,898.3,991678
2021-05-03 09:38:27,898.1,997500
2021-05-03 09:38:29,898.1,998015
2021-05-03 09:38:30,898.1,998062
2021-05-03 09:38:31,898.0,998382
2021-05-03 09:38:32,897.95,998547
2021-05-03 09:38:33,898.0,998712
2021-05-03 09:38:34,898.0,999896
2021-05-03 09:38:35,898.0,999986
2021-05-03 09:38:35,898.0,1000042
2021-05-03 09:38:36,897.55,1000131
2021-05-03 09:38:38,898.0,1000237
2021-05-03 09:38:39,897.8,1000320
2021-05-03 09:38:40,897.8,1000615
2021-05-03 09:38:41,897.8,1000657
2021-05-03 09:38:42,897.8,1001001
2021-05-03 09:38:42,897.8,1001001
2021-05-03 09:38:43,897.8,1001094
2021-05-03 09:38:45,897.4,1001294
2021-05-03 09:38:46,897.45,1001420
2021-05-03 09:38:47,897.95,1002971
2021-05-03 09:38:48,897.6,1002984
2021-05-03 09:38:49,897.45,1003706
2021-05-03 09:38:50,897.75,1003734
2021-05-03 09:38:51,897.5,1003839
2021-05-03 09:38:51,897.5,1003866
2021-05-03 09:38:52,897.7,1005724
2021-05-03 09:38:53,897.2,1006071
2021-05-03 09:38:55,897.85,1009710
2021-05-03 09:38:56,897.85,1010236
2021-05-03 09:38:57,898.2,1012967
2021-05-03 09:38:58,898.2,1012971
2021-05-03 09:38:59,898.9,1013197
2021-05-03 09:39:00,898.65,1013216
2021-05-03 09:39:01,898.65,1013241
2021-05-03 09:39:02,898.6,1013711
2021-05-03 09:39:03,898.65,1013712
2021-05-03 09:39:04,898.6,1013820
2021-05-03 09:39:06,898.75,1014221
2021-05-03 09:39:07,898.8,1014243
2021-05-03 09:39:07,898.8,1014243
2021-05-03 09:39:09,898.75,1014559
2021-05-03 09:39:10,898.75,1015821
2021-05-03 09:39:11,898.75,1017138
2021-05-03 09:39:12,898.85,1017451
2021-05-03 09:39:13,898.85,1017595
2021-05-03 09:39:13,898.85,1017595
2021-05-03 09:39:14,898.55,1017865
2021-05-03 09:39:16,898.9,1018143
2021-05-03 09:39:17,898.9,1018399
2021-05-03 09:39:18,898.9,1018489
2021-05-03 09:39:19,898.85,1018581
2021-05-03 09:39:20,898.85,1018581
2021-05-03 09:39:21,898.85,1018630
2021-05-03 09:39:22,898.9,1018740
2021-05-03 09:39:23,898.85,1018823
2021-05-03 09:39:24,898.9,1018955
2021-05-03 09:39:24,898.9,1018956
2021-05-03 09:39:25,898.9,1018998
2021-05-03 09:39:27,898.75,1019313
2021-05-03 09:39:28,898.75,1019313
2021-05-03 09:39:29,898.85,1019343
2021-05-03 09:39:30,898.85,1019363
2021-05-03 09:39:31,898.75,1019489
2021-05-03 09:39:32,898.8,1019499
2021-05-03 09:39:33,898.75,1019641
2021-05-03 09:39:34,898.75,1019948
2021-05-03 09:39:35,898.9,1019961
2021-05-03 09:39:36,898.9,1020032
2021-05-03 09:39:36,898.9,1020032
2021-05-03 09:39:37,898.9,1020032
2021-05-03 09:39:39,898.9,1020047
2021-05-03 09:39:40,898.9,1020557
2021-05-03 09:39:41,898.95,1020715
2021-05-03 09:39:42,898.95,1020872
2021-05-03 09:39:43,898.9,1020987
2021-05-03 09:39:44,898.9,1021119
2021-05-03 09:39:45,898.9,1021119
2021-05-03 09:39:46,898.85,1021146
2021-05-03 09:39:47,898.9,1021210
2021-05-03 09:39:48,898.9,1021387
2021-05-03 09:39:49,898.85,1021480
2021-05-03 09:39:50,898.8,1021487
2021-05-03 09:39:51,898.85,1021543
2021-05-03 09:39:52,898.8,1021630
2021-05-03 09:39:53,898.85,1021685
2021-05-03 09:39:54,898.75,1022122
2021-05-03 09:39:55,898.7,1022245
2021-05-03 09:39:56,898.9,1022258
2021-05-03 09:39:57,898.85,1022454
2021-05-03 09:39:58,898.95,1022541
2021-05-03 09:39:59,898.85,1022745
2021-05-03 09:40:00,898.95,1022817
2021-05-03 09:40:01,898.95,1022831
2021-05-03 09:40:02,898.9,1022884
2021-05-03 09:40:03,898.95,1022925
2021-05-03 09:40:04,898.9,1023157
2021-05-03 09:40:05,898.9,1023396
2021-05-03 09:40:06,898.9,1023704
2021-05-03 09:40:07,898.95,1023924
2021-05-03 09:40:08,898.95,1024085
2021-05-03 09:40:09,898.95,1024325
2021-05-03 09:40:10,898.95,1024325
2021-05-03 09:40:11,898.95,1024538
2021-05-03 09:40:12,898.9,1024972
2021-05-03 09:40:13,898.95,1025470
2021-05-03 09:40:14,898.8,1025849
2021-05-03 09:40:15,898.75,1025885
2021-05-03 09:40:16,898.85,1025985
2021-05-03 09:40:17,898.75,1026078
2021-05-03 09:40:18,898.85,1026094
2021-05-03 09:40:20,898.85,1026132
2021-05-03 09:40:19,898.85,1026123
2021-05-03 09:40:21,898.85,1026351
2021-05-03 09:40:22,899.1,1028554
2021-05-03 09:40:23,898.85,1028663
2021-05-03 09:40:24,899.35,1028996
2021-05-03 09:40:25,899.3,1029006
2021-05-03 09:40:26,899.35,1029028
2021-05-03 09:40:27,899.3,1029067
2021-05-03 09:40:28,899.1,1029536
2021-05-03 09:40:29,899.35,1029539
2021-05-03 09:40:30,899.75,1030259
2021-05-03 09:40:31,899.8,1030870
2021-05-03 09:40:32,899.95,1031068
2021-05-03 09:40:33,899.95,1031241
2021-05-03 09:40:34,899.9,1031324
2021-05-03 09:40:35,900.0,1032007
2021-05-03 09:40:36,899.9,1032013
2021-05-03 09:40:37,899.9,1032014
2021-05-03 09:40:38,899.9,1032029
2021-05-03 09:40:39,899.85,1032120
2021-05-03 09:40:40,899.8,1032201
2021-05-03 09:40:41,899.95,1032697
2021-05-03 09:40:42,899.95,1032996
2021-05-03 09:40:43,899.65,1033297
2021-05-03 09:40:44,899.95,1033524
2021-05-03 09:40:45,899.95,1033524
2021-05-03 09:40:46,899.95,1033524
2021-05-03 09:40:47,899.95,1033629
2021-05-03 09:40:48,900.15,1035002
2021-05-03 09:40:49,899.9,1035403
2021-05-03 09:40:50,899.95,1035733
2021-05-03 09:40:51,900.0,1036062
2021-05-03 09:40:52,900.15,1036627
2021-05-03 09:40:53,900.2,1037404
2021-05-03 09:40:54,899.95,1037670
2021-05-03 09:40:56,900.1,1038445
2021-05-03 09:40:55,900.4,1038444
2021-05-03 09:40:57,900.2,1038714
2021-05-03 09:40:58,900.25,1039546
2021-05-03 09:40:59,900.45,1040145
2021-05-03 09:41:00,900.5,1046155
2021-05-03 09:41:01,900.75,1046266
2021-05-03 09:41:02,900.7,1048409
2021-05-03 09:41:03,900.0,1053970
2021-05-03 09:41:04,899.95,1055154
2021-05-03 09:41:05,899.95,1055224
2021-05-03 09:41:06,900.25,1056909
2021-05-03 09:41:07,900.35,1057416
2021-05-03 09:41:08,900.25,1058511
2021-05-03 09:41:09,899.6,1059713
2021-05-03 09:41:10,899.8,1059978
2021-05-03 09:41:11,900.0,1060088
2021-05-03 09:41:13,900.0,1060983
2021-05-03 09:41:12,900.0,1060983
2021-05-03 09:41:14,900.0,1061587
2021-05-03 09:41:15,900.0,1062876
2021-05-03 09:41:16,899.8,1063584
2021-05-03 09:41:17,899.85,1063790
2021-05-03 09:41:18,899.7,1063838
2021-05-03 09:41:19,899.95,1064062
2021-05-03 09:41:20,899.85,1064107
2021-05-03 09:41:21,899.9,1064283
2021-05-03 09:41:22,899.9,1064443
2021-05-03 09:41:24,900.0,1064708
2021-05-03 09:41:23,900.0,1064558
2021-05-03 09:41:25,899.9,1066790
2021-05-03 09:41:26,900.05,1068296
2021-05-03 09:41:27,899.95,1069349
2021-05-03 09:41:28,900.0,1069629
2021-05-03 09:41:29,900.0,1070078
2021-05-03 09:41:30,900.0,1070333
2021-05-03 09:41:31,900.0,1070654
2021-05-03 09:41:32,899.95,1070776
2021-05-03 09:41:33,900.0,1074043
2021-05-03 09:41:34,899.95,1079489
2021-05-03 09:41:35,900.0,1080417
2021-05-03 09:41:36,899.95,1082121
2021-05-03 09:41:37,900.0,1082795
2021-05-03 09:41:38,900.0,1082967
2021-05-03 09:41:39,900.0,1084541
2021-05-03 09:41:40,900.0,1084866
2021-05-03 09:41:41,899.95,1085492
2021-05-03 09:41:42,899.7,1087826
2021-05-03 09:41:43,899.95,1088501
2021-05-03 09:41:44,899.95,1089589
2021-05-03 09:41:45,900.0,1090409
2021-05-03 09:41:46,899.95,1090632
2021-05-03 09:41:47,900.0,1091010
2021-05-03 09:41:48,900.6,1096639
2021-05-03 09:41:49,900.0,1098381
2021-05-03 09:41:50,900.5,1099989
2021-05-03 09:41:51,900.6,1100669
2021-05-03 09:41:52,900.7,1101539
2021-05-03 09:41:53,900.35,1104498
2021-05-03 09:41:54,900.8,1104637
2021-05-03 09:41:56,900.9,1105011
2021-05-03 09:41:56,900.9,1105011
2021-05-03 09:41:57,900.45,1105479
2021-05-03 09:41:58,900.45,1105864
2021-05-03 09:41:59,901.0,1107667
2021-05-03 09:42:00,901.0,1108220
2021-05-03 09:42:01,901.0,1108567
2021-05-03 09:42:03,900.65,1109388
2021-05-03 09:42:03,901.0,1109392
2021-05-03 09:42:04,900.95,1109636
2021-05-03 09:42:05,900.9,1112679
2021-05-03 09:42:06,901.0,1113356
2021-05-03 09:42:07,900.8,1113582
2021-05-03 09:42:08,900.5,1113654
2021-05-03 09:42:10,900.5,1114132
2021-05-03 09:42:10,900.35,1114605
2021-05-03 09:42:11,900.85,1114878
2021-05-03 09:42:12,900.85,1115457
2021-05-03 09:42:13,900.75,1115726
2021-05-03 09:42:14,900.35,1116147
2021-05-03 09:42:15,900.6,1116686
2021-05-03 09:42:17,900.05,1117480
2021-05-03 09:42:17,900.6,1117325
2021-05-03 09:42:18,900.0,1120253
2021-05-03 09:42:19,900.25,1121431
2021-05-03 09:42:20,900.0,1121974
2021-05-03 09:42:21,900.1,1122474
2021-05-03 09:42:22,900.15,1122718
2021-05-03 09:42:24,900.4,1122759
2021-05-03 09:42:24,900.45,1122811
2021-05-03 09:42:25,900.45,1123266
2021-05-03 09:42:26,900.1,1123673
2021-05-03 09:42:27,900.6,1125346
2021-05-03 09:42:29,900.65,1125611
2021-05-03 09:42:29,900.1,1125724
2021-05-03 09:42:30,900.7,1126701
2021-05-03 09:42:31,900.45,1126850
2021-05-03 09:42:32,900.55,1127385
2021-05-03 09:42:33,900.55,1127616
2021-05-03 09:42:35,900.45,1127626
2021-05-03 09:42:35,900.45,1127728
2021-05-03 09:42:36,900.05,1127906
2021-05-03 09:42:37,900.1,1128127
2021-05-03 09:42:38,900.5,1128560
2021-05-03 09:42:39,900.0,1129397
2021-05-03 09:42:41,900.55,1130035
2021-05-03 09:42:41,900.45,1130104
2021-05-03 09:42:42,900.0,1130459
2021-05-03 09:42:43,900.05,1130575
2021-05-03 09:42:44,900.35,1130640
2021-05-03 09:42:46,900.4,1131053
2021-05-03 09:42:46,900.4,1131053
2021-05-03 09:42:47,900.05,1134746
2021-05-03 09:42:48,900.3,1135115
2021-05-03 09:42:49,900.05,1135528
2021-05-03 09:42:50,900.3,1135695
2021-05-03 09:42:52,900.3,1135976
2021-05-03 09:42:52,900.0,1136004
2021-05-03 09:42:53,900.35,1136542
2021-05-03 09:42:54,900.0,1136997
2021-05-03 09:42:55,900.5,1137636
2021-05-03 09:42:56,900.4,1137643
2021-05-03 09:42:58,900.5,1137912
2021-05-03 09:42:58,900.05,1138117
2021-05-03 09:42:59,900.35,1138132
2021-05-03 09:43:00,900.6,1138370
2021-05-03 09:43:01,900.6,1138599
2021-05-03 09:43:02,900.35,1138716
2021-05-03 09:43:04,900.35,1138785
2021-05-03 09:43:04,900.05,1139485
2021-05-03 09:43:05,900.05,1139655
2021-05-03 09:43:06,900.35,1139932
2021-05-03 09:43:07,900.2,1142665
2021-05-03 09:43:09,899.9,1143092
2021-05-03 09:43:10,900.1,1144721
2021-05-03 09:43:11,899.8,1145109
2021-05-03 09:43:11,900.0,1145128
2021-05-03 09:43:12,899.9,1145452
2021-05-03 09:43:13,900.0,1145582
2021-05-03 09:43:14,900.1,1146087
2021-05-03 09:43:15,900.3,1146853
2021-05-03 09:43:17,900.05,1147129
2021-05-03 09:43:17,900.35,1147540
2021-05-03 09:43:18,900.45,1147951
2021-05-03 09:43:19,900.3,1148071
2021-05-03 09:43:20,900.5,1148282
2021-05-03 09:43:21,900.6,1148839
2021-05-03 09:43:22,900.25,1149477
2021-05-03 09:43:24,900.2,1149821
2021-05-03 09:43:24,900.25,1149642
2021-05-03 09:43:26,900.1,1150587
2021-05-03 09:43:26,900.1,1150730
2021-05-03 09:43:27,900.6,1151574
2021-05-03 09:43:28,900.2,1151594
2021-05-03 09:43:29,900.6,1152346
2021-05-03 09:43:30,900.5,1152414
2021-05-03 09:43:31,900.6,1152677
2021-05-03 09:43:33,900.6,1153007
2021-05-03 09:43:34,900.05,1153502
2021-05-03 09:43:34,900.1,1153214
2021-05-03 09:43:35,900.1,1153794
2021-05-03 09:43:36,900.45,1154089
2021-05-03 09:43:37,900.4,1155615
2021-05-03 09:43:38,900.8,1160976
2021-05-03 09:43:39,901.0,1165243
2021-05-03 09:43:40,900.65,1165497
2021-05-03 09:43:42,901.0,1167419
2021-05-03 09:43:42,901.15,1167435
2021-05-03 09:43:43,901.1,1168917
2021-05-03 09:43:44,901.15,1169711
2021-05-03 09:43:45,901.5,1171771
2021-05-03 09:43:47,901.25,1172595
2021-05-03 09:43:47,901.7,1172649
2021-05-03 09:43:48,901.8,1172864
2021-05-03 09:43:49,901.3,1172918
2021-05-03 09:43:50,901.35,1173128
2021-05-03 09:43:52,901.8,1174109
2021-05-03 09:43:52,901.8,1174129
2021-05-03 09:43:53,901.7,1174402
2021-05-03 09:43:54,901.7,1176261
2021-05-03 09:43:55,901.75,1177689
2021-05-03 09:43:56,901.4,1178704
2021-05-03 09:43:57,901.8,1180902
2021-05-03 09:43:59,901.3,1182400
2021-05-03 09:43:59,901.7,1182416
2021-05-03 09:44:00,901.2,1183013
2021-05-03 09:44:01,901.85,1183648
2021-05-03 09:44:03,901.85,1183811
2021-05-03 09:44:04,901.65,1184487
2021-05-03 09:44:04,901.6,1184619
2021-05-03 09:44:05,901.65,1185158
2021-05-03 09:44:06,901.65,1185468
2021-05-03 09:44:07,901.6,1185544
2021-05-03 09:44:09,901.65,1185654
2021-05-03 09:44:10,901.65,1185884
2021-05-03 09:44:11,901.65,1186399
2021-05-03 09:44:12,901.25,1188226
2021-05-03 09:44:12,901.25,1188226
2021-05-03 09:44:13,901.5,1188524
2021-05-03 09:44:14,901.55,1188934
2021-05-03 09:44:15,901.5,1189045
2021-05-03 09:44:16,901.5,1189045
2021-05-03 09:44:17,901.6,1189192
2021-05-03 09:44:19,901.25,1189374
2021-05-03 09:44:20,901.65,1189703
2021-05-03 09:44:21,901.15,1189823
2021-05-03 09:44:21,901.35,1189814
2021-05-03 09:44:22,901.4,1190091
2021-05-03 09:44:23,901.65,1190650
2021-05-03 09:44:25,901.6,1190916
2021-05-03 09:44:26,901.65,1194926
2021-05-03 09:44:26,902.0,1194871
2021-05-03 09:44:27,901.65,1194958
2021-05-03 09:44:28,902.35,1198888
2021-05-03 09:44:30,902.7,1199133
2021-05-03 09:44:31,902.25,1199337
2021-05-03 09:44:31,902.25,1199337
2021-05-03 09:44:32,902.5,1199491
2021-05-03 09:44:33,902.8,1201365
2021-05-03 09:44:34,902.65,1201382
2021-05-03 09:44:36,902.65,1204545
2021-05-03 09:44:36,902.9,1204900
2021-05-03 09:44:37,902.95,1205213
2021-05-03 09:44:39,903.0,1205412
2021-05-03 09:44:40,903.0,1205902
2021-05-03 09:44:41,903.0,1207109
2021-05-03 09:44:41,902.65,1207181
2021-05-03 09:44:42,902.65,1207654
2021-05-03 09:44:43,902.95,1207858
2021-05-03 09:44:44,902.75,1209481
2021-05-03 09:44:45,902.75,1209636
2021-05-03 09:44:47,902.8,1209921
2021-05-03 09:44:48,902.35,1210265
2021-05-03 09:44:48,902.35,1210265
2021-05-03 09:44:49,902.75,1210389
2021-05-03 09:44:50,902.4,1213588
2021-05-03 09:44:51,902.5,1214028
2021-05-03 09:44:53,902.5,1215103
2021-05-03 09:44:54,902.05,1215618
2021-05-03 09:44:54,902.05,1215618
2021-05-03 09:44:55,902.8,1216672
2021-05-03 09:44:56,902.95,1217552
2021-05-03 09:44:58,902.4,1218932
2021-05-03 09:44:59,902.85,1219155
2021-05-03 09:44:59,902.75,1219266
2021-05-03 09:45:00,902.95,1219744
2021-05-03 09:45:01,902.5,1220043
2021-05-03 09:45:02,902.8,1220384
2021-05-03 09:45:04,902.9,1221302
2021-05-03 09:45:05,903.4,1223967
2021-05-03 09:45:05,903.4,1223967
2021-05-03 09:45:06,903.45,1224743
2021-05-03 09:45:07,903.45,1225328
2021-05-03 09:45:08,903.15,1228543
2021-05-03 09:45:10,903.6,1229196
2021-05-03 09:45:11,903.2,1231014
2021-05-03 09:45:12,903.7,1231338
2021-05-03 09:45:12,903.8,1231441
2021-05-03 09:45:13,903.9,1233445
2021-05-03 09:45:14,904.0,1235045
2021-05-03 09:45:15,904.0,1236153
2021-05-03 09:45:16,904.35,1237922
2021-05-03 09:45:18,904.0,1240062
2021-05-03 09:45:19,904.2,1241529
2021-05-03 09:45:20,903.7,1242844
2021-05-03 09:45:20,903.7,1242844
2021-05-03 09:45:21,904.4,1245671
2021-05-03 09:45:22,904.0,1249152
2021-05-03 09:45:24,903.9,1251101
2021-05-03 09:45:25,904.5,1252098
2021-05-03 09:45:25,904.4,1252188
2021-05-03 09:45:26,904.45,1253096
2021-05-03 09:45:27,904.15,1256170
2021-05-03 09:45:28,904.1,1258070
2021-05-03 09:45:30,903.6,1259368
2021-05-03 09:45:31,903.9,1261553
2021-05-03 09:45:32,904.0,1262709
2021-05-03 09:45:32,904.0,1262814
2021-05-03 09:45:33,904.05,1263481
2021-05-03 09:45:34,904.05,1264505
2021-05-03 09:45:35,904.1,1267291
2021-05-03 09:45:36,904.0,1268277
2021-05-03 09:45:38,904.25,1273819
2021-05-03 09:45:39,903.9,1274572
2021-05-03 09:45:40,904.25,1276025
2021-05-03 09:45:40,904.25,1276046
2021-05-03 09:45:41,904.4,1278576
2021-05-03 09:45:42,904.5,1279367
2021-05-03 09:45:43,904.45,1280181
2021-05-03 09:45:44,904.2,1283434
2021-05-03 09:45:46,903.6,1286788
2021-05-03 09:45:47,903.3,1292310
2021-05-03 09:45:47,904.15,1289702
2021-05-03 09:45:48,904.2,1294216
2021-05-03 09:45:49,904.0,1295575
2021-05-03 09:45:50,904.1,1296228
2021-05-03 09:45:51,903.5,1297924
2021-05-03 09:45:52,904.0,1298124
2021-05-03 09:45:54,903.8,1300083
2021-05-03 09:45:55,903.9,1300340
2021-05-03 09:45:56,904.0,1301354
2021-05-03 09:45:57,903.55,1301875
2021-05-03 09:45:57,903.5,1301885
2021-05-03 09:45:58,904.0,1302771
2021-05-03 09:45:59,904.0,1304423
2021-05-03 09:46:01,903.55,1306639
2021-05-03 09:46:02,903.7,1309517
2021-05-03 09:46:02,903.7,1309562
2021-05-03 09:46:03,903.95,1310890
2021-05-03 09:46:06,904.2,1312487
2021-05-03 09:46:07,904.15,1312550
2021-05-03 09:46:08,904.2,1312641
2021-05-03 09:46:09,904.0,1313028
2021-05-03 09:46:09,904.25,1313084
2021-05-03 09:46:10,904.45,1313316
2021-05-03 09:46:12,904.45,1313741
2021-05-03 09:46:13,904.25,1314486
2021-05-03 09:46:14,904.5,1315230
2021-05-03 09:46:14,904.5,1315135
2021-05-03 09:46:15,904.45,1315536
2021-05-03 09:46:16,904.5,1315950
2021-05-03 09:46:18,904.5,1316560
2021-05-03 09:46:19,904.7,1317451
2021-05-03 09:46:20,904.45,1317862
2021-05-03 09:46:20,904.45,1317811
2021-05-03 09:46:21,904.3,1318384
2021-05-03 09:46:23,904.3,1319655
2021-05-03 09:46:24,904.45,1320093
2021-05-03 09:46:25,904.5,1321208
2021-05-03 09:46:26,904.15,1322793
2021-05-03 09:46:26,904.5,1321787
2021-05-03 09:46:27,904.65,1323300
2021-05-03 09:46:29,904.8,1323500
2021-05-03 09:46:30,904.85,1325656
2021-05-03 09:46:31,904.7,1325821
2021-05-03 09:46:32,904.8,1328071
2021-05-03 09:46:32,904.85,1328111
2021-05-03 09:46:33,904.9,1332479
2021-05-03 09:46:35,904.85,1333567
2021-05-03 09:46:36,904.6,1334811
2021-05-03 09:46:37,904.7,1335573
2021-05-03 09:46:37,904.7,1335623
2021-05-03 09:46:38,904.8,1337015
2021-05-03 09:46:39,904.8,1337825
2021-05-03 09:46:40,904.95,1339405
2021-05-03 09:46:42,904.85,1341874
2021-05-03 09:46:43,904.5,1343245
2021-05-03 09:46:44,904.8,1343752
2021-05-03 09:46:44,904.7,1343669
2021-05-03 09:46:45,904.95,1344171
2021-05-03 09:46:46,904.8,1344672
2021-05-03 09:46:48,905.0,1347678
2021-05-03 09:46:49,905.0,1348024
2021-05-03 09:46:50,904.95,1348328
2021-05-03 09:46:51,905.0,1349265
2021-05-03 09:46:52,904.95,1358749
2021-05-03 09:46:52,905.0,1358901
2021-05-03 09:46:53,905.05,1360096
2021-05-03 09:46:55,905.05,1360969
2021-05-03 09:46:56,905.05,1361166
2021-05-03 09:46:58,904.95,1366196
2021-05-03 09:46:58,905.0,1368252
2021-05-03 09:46:59,905.45,1371616
2021-05-03 09:47:00,904.95,1373792
2021-05-03 09:47:02,905.0,1374430
2021-05-03 09:47:03,905.2,1375734
2021-05-03 09:47:04,905.2,1376404
2021-05-03 09:47:04,904.95,1376504
2021-05-03 09:47:05,905.35,1378280
2021-05-03 09:47:07,905.15,1379268
2021-05-03 09:47:08,904.5,1382908
2021-05-03 09:47:09,904.85,1387275
2021-05-03 09:47:09,904.9,1387603
2021-05-03 09:47:10,904.95,1390091
2021-05-03 09:47:11,904.95,1390590
2021-05-03 09:47:13,904.25,1391038
2021-05-03 09:47:14,904.5,1391468
2021-05-03 09:47:15,903.75,1399074
2021-05-03 09:47:15,903.75,1399296
2021-05-03 09:47:16,903.75,1400054
2021-05-03 09:47:17,903.3,1402139
2021-05-03 09:47:18,903.05,1402608
2021-05-03 09:47:20,903.45,1403371
2021-05-03 09:47:21,902.75,1407635
2021-05-03 09:47:22,903.05,1407963
2021-05-03 09:47:22,902.95,1408613
2021-05-03 09:47:23,903.05,1408822
2021-05-03 09:47:24,902.9,1409756
2021-05-03 09:47:25,902.95,1409968
2021-05-03 09:47:27,902.55,1410309
2021-05-03 09:47:28,902.95,1410667
2021-05-03 09:47:29,902.8,1410937
2021-05-03 09:47:30,902.95,1411487
2021-05-03 09:47:30,902.95,1411487
2021-05-03 09:47:31,902.65,1411704
2021-05-03 09:47:33,902.8,1411811
2021-05-03 09:47:34,902.45,1411974
2021-05-03 09:47:35,902.95,1412298
2021-05-03 09:47:36,902.65,1413109
2021-05-03 09:47:37,902.95,1413154
2021-05-03 09:47:37,903.0,1413354
2021-05-03 09:47:38,902.8,1413722
2021-05-03 09:47:40,902.8,1413847
2021-05-03 09:47:41,902.9,1414060
2021-05-03 09:47:42,903.0,1414276
2021-05-03 09:47:43,903.1,1414498
2021-05-03 09:47:44,903.0,1414585
2021-05-03 09:47:45,902.75,1415161
2021-05-03 09:47:46,902.85,1415526
2021-05-03 09:47:46,903.2,1415626
2021-05-03 09:47:47,903.05,1415852
2021-05-03 09:47:48,903.0,1416497
2021-05-03 09:47:49,903.0,1416532
2021-05-03 09:47:50,903.0,1417024
2021-05-03 09:47:51,903.2,1417212
2021-05-03 09:47:53,903.5,1417927
2021-05-03 09:47:54,903.25,1418118
2021-05-03 09:47:55,903.8,1418591
2021-05-03 09:47:55,903.5,1418596
2021-05-03 09:47:56,903.7,1420158
2021-05-03 09:47:57,903.7,1420871
2021-05-03 09:47:58,903.8,1422084
2021-05-03 09:47:59,903.7,1422169
2021-05-03 09:48:00,903.25,1422499
2021-05-03 09:48:02,903.3,1422561
2021-05-03 09:48:03,903.75,1422841
2021-05-03 09:48:04,903.8,1423201
2021-05-03 09:48:05,904.0,1424314
2021-05-03 09:48:05,904.0,1424314
2021-05-03 09:48:06,904.3,1424927
2021-05-03 09:48:07,904.3,1425274
2021-05-03 09:48:08,904.15,1425549
2021-05-03 09:48:09,904.3,1425785
2021-05-03 09:48:11,904.55,1425876
2021-05-03 09:48:12,904.75,1426158
2021-05-03 09:48:13,904.95,1427970
2021-05-03 09:48:14,904.95,1428292
2021-05-03 09:48:14,904.95,1428292
2021-05-03 09:48:16,905.2,1428404
2021-05-03 09:48:17,905.2,1428654
2021-05-03 09:48:18,905.15,1428768
2021-05-03 09:48:19,905.15,1428951
2021-05-03 09:48:20,905.15,1429067
2021-05-03 09:48:21,905.0,1430034
2021-05-03 09:48:22,905.2,1430555
2021-05-03 09:48:23,905.15,1431111
2021-05-03 09:48:24,905.3,1431865
2021-05-03 09:48:25,905.35,1433232
2021-05-03 09:48:25,905.35,1433262
2021-05-03 09:48:26,904.95,1434554
2021-05-03 09:48:27,905.3,1434832
2021-05-03 09:48:28,905.2,1434982
2021-05-03 09:48:30,905.35,1435878
2021-05-03 09:48:31,905.5,1437646
2021-05-03 09:48:32,905.45,1438463
2021-05-03 09:48:33,905.55,1440231
2021-05-03 09:48:34,905.95,1440507
2021-05-03 09:48:35,905.95,1441728
2021-05-03 09:48:36,905.95,1443023
2021-05-03 09:48:36,905.6,1442564
2021-05-03 09:48:38,905.95,1443400
2021-05-03 09:48:39,906.0,1444684
2021-05-03 09:48:40,905.95,1444849
2021-05-03 09:48:41,905.95,1445659
2021-05-03 09:48:42,905.6,1447073
2021-05-03 09:48:43,905.95,1448096
2021-05-03 09:48:43,905.95,1448096
2021-05-03 09:48:44,905.9,1449332
2021-05-03 09:48:46,906.3,1450396
2021-05-03 09:48:47,906.05,1450771
2021-05-03 09:48:48,906.5,1452953
2021-05-03 09:48:49,906.75,1453491
2021-05-03 09:48:50,906.75,1453799
2021-05-03 09:48:51,907.0,1459993
2021-05-03 09:48:52,907.0,1461584
2021-05-03 09:48:53,907.3,1464066
2021-05-03 09:48:53,907.3,1464116
2021-05-03 09:48:55,907.0,1465638
2021-05-03 09:48:56,907.5,1466815
2021-05-03 09:48:57,907.0,1467226
2021-05-03 09:48:58,907.2,1467335
2021-05-03 09:48:59,907.25,1469339
2021-05-03 09:49:00,907.0,1472182
2021-05-03 09:49:00,907.15,1472354
2021-05-03 09:49:02,906.5,1475548
2021-05-03 09:49:03,906.55,1479212
2021-05-03 09:49:04,906.3,1480894
2021-05-03 09:49:05,905.95,1482910
2021-05-03 09:49:05,906.55,1482912
2021-05-03 09:49:06,906.7,1484142
2021-05-03 09:49:07,906.75,1484545
2021-05-03 09:49:09,906.65,1484835
2021-05-03 09:49:10,906.8,1485365
2021-05-03 09:49:11,906.6,1487178
2021-05-03 09:49:12,906.5,1488100
2021-05-03 09:49:12,906.7,1488381
2021-05-03 09:49:13,906.8,1489468
2021-05-03 09:49:15,906.7,1489734
2021-05-03 09:49:16,906.7,1490101
2021-05-03 09:49:17,906.7,1491157
2021-05-03 09:49:18,906.75,1493326
2021-05-03 09:49:18,906.85,1493216
2021-05-03 09:49:20,906.5,1494419
2021-05-03 09:49:21,906.7,1498593
2021-05-03 09:49:22,906.2,1498932
2021-05-03 09:49:23,906.7,1499692
2021-05-03 09:49:24,906.4,1499829
2021-05-03 09:49:24,906.65,1500239
2021-05-03 09:49:26,906.7,1500495
2021-05-03 09:49:27,906.5,1500815
2021-05-03 09:49:28,906.7,1500867
2021-05-03 09:49:29,906.5,1501211
2021-05-03 09:49:29,906.5,1501355
2021-05-03 09:49:30,906.4,1501557
2021-05-03 09:49:32,906.75,1501845
2021-05-03 09:49:33,906.5,1503523
2021-05-03 09:49:34,906.7,1504487
2021-05-03 09:49:35,906.65,1504546
2021-05-03 09:49:36,906.75,1505362
2021-05-03 09:49:36,906.8,1505576
2021-05-03 09:49:38,906.85,1505709
2021-05-03 09:49:38,906.5,1505881
2021-05-03 09:49:40,906.6,1506065
2021-05-03 09:49:41,906.2,1507627
2021-05-03 09:49:42,906.15,1508119
2021-05-03 09:49:43,906.5,1508243
2021-05-03 09:49:44,906.7,1508730
2021-05-03 09:49:44,906.7,1508730
2021-05-03 09:49:46,906.65,1509167
2021-05-03 09:49:47,906.5,1509368
2021-05-03 09:49:48,906.5,1509900
2021-05-03 09:49:49,906.5,1510365
2021-05-03 09:49:50,906.4,1510839
2021-05-03 09:49:50,906.4,1510839
2021-05-03 09:49:52,906.5,1511306
2021-05-03 09:49:53,906.45,1511352
2021-05-03 09:49:54,906.45,1511695
2021-05-03 09:49:55,906.3,1514530
2021-05-03 09:49:56,906.4,1514652
2021-05-03 09:49:57,906.0,1515556
2021-05-03 09:49:58,906.4,1516213
2021-05-03 09:49:58,906.4,1516213
2021-05-03 09:50:00,906.0,1516421
2021-05-03 09:50:01,906.0,1519839
2021-05-03 09:50:02,906.45,1520609
2021-05-03 09:50:03,906.3,1520985
2021-05-03 09:50:04,906.6,1524292
2021-05-03 09:50:05,906.05,1525188
2021-05-03 09:50:06,906.05,1525358
2021-05-03 09:50:07,906.45,1525986
2021-05-03 09:50:08,906.55,1526224
2021-05-03 09:50:09,906.55,1526304
2021-05-03 09:50:10,906.6,1527834
2021-05-03 09:50:11,906.45,1527909
2021-05-03 09:50:12,906.45,1528839
2021-05-03 09:50:13,906.45,1529021
2021-05-03 09:50:14,906.4,1529044
2021-05-03 09:50:15,906.5,1530483
2021-05-03 09:50:15,906.5,1530498
2021-05-03 09:50:16,906.05,1531681
2021-05-03 09:50:17,906.4,1532340
2021-05-03 09:50:18,906.5,1532459
2021-05-03 09:50:20,906.45,1532790
2021-05-03 09:50:21,906.5,1533236
2021-05-03 09:50:22,906.4,1533737
2021-05-03 09:50:23,906.2,1534202
2021-05-03 09:50:24,906.2,1534569
2021-05-03 09:50:25,906.4,1534570
2021-05-03 09:50:26,906.5,1534823
2021-05-03 09:50:27,906.2,1534885
2021-05-03 09:50:28,906.5,1535491
2021-05-03 09:50:29,906.5,1535812
2021-05-03 09:50:30,906.5,1536294
2021-05-03 09:50:31,906.8,1537660
2021-05-03 09:50:32,906.5,1538195
2021-05-03 09:50:33,906.8,1538385
2021-05-03 09:50:34,906.5,1538485
2021-05-03 09:50:35,906.8,1538696
2021-05-03 09:50:36,906.5,1538921
2021-05-03 09:50:37,906.5,1539055
2021-05-03 09:50:38,906.8,1539066
2021-05-03 09:50:39,906.8,1539175
2021-05-03 09:50:40,906.5,1539178
2021-05-03 09:50:41,906.8,1539392
2021-05-03 09:50:42,906.5,1540265
2021-05-03 09:50:43,906.75,1540513
2021-05-03 09:50:44,906.75,1540537
2021-05-03 09:50:45,906.8,1541330
2021-05-03 09:50:46,906.8,1541340
2021-05-03 09:50:47,906.8,1541622
2021-05-03 09:50:48,906.7,1541676
2021-05-03 09:50:49,906.7,1541938
2021-05-03 09:50:50,906.7,1541959
2021-05-03 09:50:51,906.7,1543930
2021-05-03 09:50:52,906.7,1544462
2021-05-03 09:50:53,906.2,1544876
2021-05-03 09:50:54,906.65,1544976
2021-05-03 09:50:55,906.65,1545136
2021-05-03 09:50:56,906.55,1545184
2021-05-03 09:50:57,906.45,1545495
2021-05-03 09:50:58,906.45,1545662
2021-05-03 09:50:59,906.5,1545748
2021-05-03 09:51:00,906.6,1546329
2021-05-03 09:51:01,906.6,1546329
2021-05-03 09:51:02,906.25,1546336
2021-05-03 09:51:03,906.5,1547425
2021-05-03 09:51:04,906.7,1548662
2021-05-03 09:51:05,906.7,1548849
2021-05-03 09:51:06,906.65,1548980
2021-05-03 09:51:07,906.5,1549155
2021-05-03 09:51:08,906.4,1550266
2021-05-03 09:51:09,906.1,1551921
2021-05-03 09:51:10,906.5,1551974
2021-05-03 09:51:11,906.5,1551974
2021-05-03 09:51:12,906.35,1552029
2021-05-03 09:51:13,906.5,1553088
2021-05-03 09:51:14,906.0,1555834
2021-05-03 09:51:15,906.7,1556381
2021-05-03 09:51:16,906.5,1556449
2021-05-03 09:51:17,906.5,1556537
2021-05-03 09:51:18,906.45,1556549
2021-05-03 09:51:19,906.2,1556565
2021-05-03 09:51:20,906.3,1556627
2021-05-03 09:51:21,906.45,1556797
2021-05-03 09:51:22,906.45,1556797
2021-05-03 09:51:23,906.2,1556822
2021-05-03 09:51:24,906.2,1557106
2021-05-03 09:51:25,906.5,1557288
2021-05-03 09:51:26,906.2,1557482
2021-05-03 09:51:27,906.2,1557603
2021-05-03 09:51:28,906.6,1558123
2021-05-03 09:51:29,906.2,1558160
2021-05-03 09:51:30,906.6,1558491
2021-05-03 09:51:31,906.2,1558506
2021-05-03 09:51:32,906.65,1558635
2021-05-03 09:51:33,906.6,1558773
2021-05-03 09:51:34,906.6,1558924
2021-05-03 09:51:36,906.1,1560029
2021-05-03 09:51:35,906.1,1560029
2021-05-03 09:51:37,906.15,1560509
2021-05-03 09:51:38,906.55,1560528
2021-05-03 09:51:39,906.1,1560888
2021-05-03 09:51:40,906.15,1561063
2021-05-03 09:51:42,906.15,1562225
2021-05-03 09:51:41,906.35,1561309
2021-05-03 09:51:43,906.0,1562443
2021-05-03 09:51:44,905.6,1571132
2021-05-03 09:51:45,905.65,1571739
2021-05-03 09:51:46,905.3,1571864
2021-05-03 09:51:47,906.0,1571965
2021-05-03 09:51:48,906.0,1572736
2021-05-03 09:51:49,906.0,1572830
2021-05-03 09:51:50,905.8,1573172
2021-05-03 09:51:51,906.0,1573373
2021-05-03 09:51:52,906.0,1574324
2021-05-03 09:51:53,905.45,1574906
2021-05-03 09:51:54,905.45,1574906
2021-05-03 09:51:55,905.75,1575107
2021-05-03 09:51:56,905.85,1576547
2021-05-03 09:51:57,905.2,1576844
2021-05-03 09:51:58,905.75,1577489
2021-05-03 09:51:59,905.75,1578237
2021-05-03 09:52:00,905.35,1578552
2021-05-03 09:52:01,905.75,1579653
2021-05-03 09:52:02,905.35,1580303
2021-05-03 09:52:03,905.45,1583882
2021-05-03 09:52:04,904.95,1589816
2021-05-03 09:52:05,905.0,1591785
2021-05-03 09:52:06,904.95,1592624
2021-05-03 09:52:07,905.05,1594085
2021-05-03 09:52:08,905.05,1594400
2021-05-03 09:52:09,905.0,1594534
2021-05-03 09:52:10,905.2,1594940
2021-05-03 09:52:11,904.7,1595516
2021-05-03 09:52:13,905.05,1595839
2021-05-03 09:52:12,905.05,1595838
2021-05-03 09:52:14,904.5,1597505
2021-05-03 09:52:15,905.0,1598326
2021-05-03 09:52:16,905.0,1598446
2021-05-03 09:52:17,905.05,1598867
2021-05-03 09:52:18,905.0,1599007
2021-05-03 09:52:19,904.65,1599135
2021-05-03 09:52:20,905.0,1599200
2021-05-03 09:52:21,904.8,1599349
2021-05-03 09:52:22,904.95,1599359
2021-05-03 09:52:23,905.0,1600447
2021-05-03 09:52:24,904.6,1601451
2021-05-03 09:52:25,904.55,1601561
2021-05-03 09:52:26,905.0,1601588
2021-05-03 09:52:27,904.7,1601885
2021-05-03 09:52:28,905.2,1604005
2021-05-03 09:52:29,905.1,1604042
2021-05-03 09:52:30,905.3,1604765
2021-05-03 09:52:31,905.3,1604917
2021-05-03 09:52:32,905.45,1605114
2021-05-03 09:52:33,905.1,1605288
2021-05-03 09:52:34,905.3,1605321
2021-05-03 09:52:35,905.45,1605484
2021-05-03 09:52:36,905.1,1606093
2021-05-03 09:52:37,905.25,1606115
2021-05-03 09:52:38,905.5,1606228
2021-05-03 09:52:39,905.45,1606737
2021-05-03 09:52:40,905.7,1607910
2021-05-03 09:52:41,905.7,1611483
2021-05-03 09:52:42,905.65,1611494
2021-05-03 09:52:43,906.0,1611548
2021-05-03 09:52:44,905.7,1611659
2021-05-03 09:52:45,906.1,1611930
2021-05-03 09:52:46,906.1,1611930
2021-05-03 09:52:47,905.95,1611941
2021-05-03 09:52:48,905.6,1611947
2021-05-03 09:52:49,905.65,1612029
2021-05-03 09:52:50,905.6,1612643
2021-05-03 09:52:51,905.95,1612724
2021-05-03 09:52:52,905.95,1612800
2021-05-03 09:52:53,905.95,1612806
2021-05-03 09:52:55,905.9,1612850
2021-05-03 09:52:56,906.0,1613507
2021-05-03 09:52:57,905.9,1613760
2021-05-03 09:52:57,905.9,1613760
2021-05-03 09:52:58,906.0,1613810
2021-05-03 09:52:59,906.0,1614269
2021-05-03 09:53:00,905.9,1614782
2021-05-03 09:53:01,905.7,1614870
2021-05-03 09:53:02,905.85,1615149
2021-05-03 09:53:03,905.95,1615658
2021-05-03 09:53:04,905.6,1615800
2021-05-03 09:53:05,905.6,1616030
2021-05-03 09:53:06,905.9,1616061
2021-05-03 09:53:07,905.9,1616074
2021-05-03 09:53:08,905.85,1616095
2021-05-03 09:53:09,905.9,1616226
2021-05-03 09:53:10,905.95,1616365
2021-05-03 09:53:11,906.1,1618049
2021-05-03 09:53:12,906.0,1618074
2021-05-03 09:53:13,906.0,1618106
2021-05-03 09:53:14,906.15,1618413
2021-05-03 09:53:15,906.15,1618516
2021-05-03 09:53:16,906.15,1618593
2021-05-03 09:53:17,906.0,1618628
2021-05-03 09:53:19,906.0,1619329
2021-05-03 09:53:20,906.15,1619544
2021-05-03 09:53:20,906.15,1619544
2021-05-03 09:53:21,906.15,1619578
2021-05-03 09:53:22,906.4,1619738
2021-05-03 09:53:23,906.0,1620910
2021-05-03 09:53:24,906.45,1621327
2021-05-03 09:53:25,906.1,1621367
2021-05-03 09:53:26,905.95,1621918
2021-05-03 09:53:27,905.9,1621979
2021-05-03 09:53:28,906.1,1622549
2021-05-03 09:53:29,906.0,1622825
2021-05-03 09:53:30,905.95,1623581
2021-05-03 09:53:31,905.95,1623612
2021-05-03 09:53:32,905.95,1623818
2021-05-03 09:53:33,905.95,1623974
2021-05-03 09:53:35,905.9,1624146
2021-05-03 09:53:36,905.95,1625195
2021-05-03 09:53:37,905.9,1625225
2021-05-03 09:53:38,905.9,1625240
2021-05-03 09:53:38,905.9,1625255
2021-05-03 09:53:39,905.9,1625487
2021-05-03 09:53:40,905.85,1625492
2021-05-03 09:53:41,905.85,1625934
2021-05-03 09:53:42,905.5,1626488
2021-05-03 09:53:43,905.75,1626613
2021-05-03 09:53:44,905.9,1626863
2021-05-03 09:53:45,905.75,1628116
2021-05-03 09:53:46,905.5,1628185
2021-05-03 09:53:47,905.85,1629117
2021-05-03 09:53:48,905.9,1629579
2021-05-03 09:53:49,905.9,1629599
2021-05-03 09:53:50,905.55,1629946
2021-05-03 09:53:52,905.55,1630057
2021-05-03 09:53:53,905.55,1630588
2021-05-03 09:53:54,905.45,1631531
2021-05-03 09:53:55,905.6,1632035
2021-05-03 09:53:55,905.6,1632035
2021-05-03 09:53:56,905.55,1632066
2021-05-03 09:53:57,905.55,1632433
2021-05-03 09:53:58,905.35,1632459
2021-05-03 09:53:59,905.4,1633304
2021-05-03 09:54:00,905.4,1633327
2021-05-03 09:54:01,905.2,1633929
2021-05-03 09:54:02,905.4,1633939
2021-05-03 09:54:03,905.4,1633964
2021-05-03 09:54:04,905.4,1634067
2021-05-03 09:54:05,905.3,1634387
2021-05-03 09:54:06,905.5,1634410
2021-05-03 09:54:07,905.2,1634518
2021-05-03 09:54:09,905.4,1635026
2021-05-03 09:54:10,905.4,1635599
2021-05-03 09:54:10,905.1,1636250
2021-05-03 09:54:11,905.4,1636254
2021-05-03 09:54:12,905.35,1636553
2021-05-03 09:54:13,905.4,1636656
2021-05-03 09:54:14,905.4,1636731
2021-05-03 09:54:15,905.45,1636757
2021-05-03 09:54:16,905.45,1636929
2021-05-03 09:54:17,905.35,1636999
2021-05-03 09:54:18,905.45,1637025
2021-05-03 09:54:19,905.85,1639556
2021-05-03 09:54:20,905.5,1639587
2021-05-03 09:54:21,905.4,1639823
2021-05-03 09:54:22,905.55,1639893
2021-05-03 09:54:23,905.55,1639893
2021-05-03 09:54:24,905.5,1639994
2021-05-03 09:54:25,905.5,1640431
2021-05-03 09:54:26,905.45,1640473
2021-05-03 09:54:27,905.55,1640829
2021-05-03 09:54:28,905.8,1640981
2021-05-03 09:54:29,905.8,1640981
2021-05-03 09:54:30,905.7,1641011
2021-05-03 09:54:32,905.7,1641025
2021-05-03 09:54:32,905.6,1641035
2021-05-03 09:54:33,905.6,1641189
2021-05-03 09:54:34,905.6,1641324
2021-05-03 09:54:35,905.55,1641796
2021-05-03 09:54:36,905.55,1641806
2021-05-03 09:54:37,905.65,1643939
2021-05-03 09:54:38,905.65,1643939
2021-05-03 09:54:40,905.75,1644386
2021-05-03 09:54:41,906.0,1644398
2021-05-03 09:54:42,905.9,1644459
2021-05-03 09:54:42,905.9,1644459
2021-05-03 09:54:43,905.9,1644459
2021-05-03 09:54:44,906.0,1646481
2021-05-03 09:54:45,906.0,1646528
2021-05-03 09:54:46,906.0,1646532
2021-05-03 09:54:47,906.0,1650766
2021-05-03 09:54:48,906.1,1650821
2021-05-03 09:54:49,906.0,1651035
2021-05-03 09:54:50,906.05,1652911
2021-05-03 09:54:52,906.0,1655750
2021-05-03 09:54:53,906.1,1657242
2021-05-03 09:54:54,906.1,1657242
2021-05-03 09:54:55,906.1,1657992
2021-05-03 09:54:56,906.1,1658013
2021-05-03 09:54:57,905.9,1662981
2021-05-03 09:54:58,905.9,1663042
2021-05-03 09:54:59,905.9,1663049
2021-05-03 09:55:00,905.8,1665066
2021-05-03 09:55:00,905.8,1665066
2021-05-03 09:55:01,905.4,1665551
2021-05-03 09:55:02,905.0,1668919
2021-05-03 09:55:03,905.0,1669199
2021-05-03 09:55:04,905.0,1669400
2021-05-03 09:55:05,905.0,1669455
2021-05-03 09:55:07,905.0,1670067
2021-05-03 09:55:08,904.8,1670257
2021-05-03 09:55:09,905.0,1670377
2021-05-03 09:55:09,905.0,1670377
2021-05-03 09:55:10,905.0,1670380
2021-05-03 09:55:11,905.0,1670772
2021-05-03 09:55:12,905.0,1671089
2021-05-03 09:55:13,905.0,1671189
2021-05-03 09:55:14,905.0,1671429
2021-05-03 09:55:16,905.0,1671881
2021-05-03 09:55:17,904.95,1672253
2021-05-03 09:55:18,904.65,1672849
2021-05-03 09:55:19,904.9,1672860
2021-05-03 09:55:20,905.0,1672948
2021-05-03 09:55:21,904.55,1675936
2021-05-03 09:55:21,904.95,1675947
2021-05-03 09:55:22,904.8,1676084
2021-05-03 09:55:23,905.0,1676374
2021-05-03 09:55:24,904.65,1677064
2021-05-03 09:55:25,904.65,1677065
2021-05-03 09:55:27,904.65,1677564
2021-05-03 09:55:28,905.0,1677905
2021-05-03 09:55:28,905.0,1677904
2021-05-03 09:55:29,904.7,1677938
2021-05-03 09:55:30,905.0,1678469
2021-05-03 09:55:31,905.0,1678480
2021-05-03 09:55:33,905.0,1678565
2021-05-03 09:55:34,904.8,1678620
2021-05-03 09:55:35,905.0,1678691
2021-05-03 09:55:36,905.0,1678719
2021-05-03 09:55:37,904.8,1678752
2021-05-03 09:55:38,904.95,1678867
2021-05-03 09:55:39,904.8,1679136
2021-05-03 09:55:39,904.95,1679094
2021-05-03 09:55:40,904.95,1679405
2021-05-03 09:55:41,904.5,1680603
2021-05-03 09:55:42,904.95,1680968
2021-05-03 09:55:43,904.45,1683075
2021-05-03 09:55:44,904.8,1683210
2021-05-03 09:55:45,904.8,1683236
2021-05-03 09:55:47,904.9,1683286
2021-05-03 09:55:48,904.6,1683561
2021-05-03 09:55:49,904.6,1683713
2021-05-03 09:55:50,904.95,1683721
2021-05-03 09:55:51,904.6,1683891
2021-05-03 09:55:52,904.8,1683911
2021-05-03 09:55:53,904.3,1684416
2021-05-03 09:55:54,904.8,1684447
2021-05-03 09:55:55,904.8,1684638
2021-05-03 09:55:56,904.8,1684721
2021-05-03 09:55:57,904.5,1685022
2021-05-03 09:55:58,904.4,1685123
2021-05-03 09:55:59,904.8,1685243
2021-05-03 09:56:00,904.5,1685299
2021-05-03 09:56:01,904.5,1685324
2021-05-03 09:56:02,904.55,1685574
2021-05-03 09:56:03,904.5,1685586
2021-05-03 09:56:04,904.4,1685745
2021-05-03 09:56:04,904.5,1685795
2021-05-03 09:56:05,904.3,1686120
2021-05-03 09:56:06,904.5,1686130
2021-05-03 09:56:07,904.5,1686479
2021-05-03 09:56:08,904.25,1686743
2021-05-03 09:56:09,904.25,1686854
2021-05-03 09:56:10,904.0,1688632
2021-05-03 09:56:11,904.6,1689253
2021-05-03 09:56:12,904.55,1689444
2021-05-03 09:56:13,904.6,1689596
2021-05-03 09:56:14,904.5,1689793
2021-05-03 09:56:15,904.5,1690074
2021-05-03 09:56:16,904.55,1690091
2021-05-03 09:56:17,904.15,1690665
2021-05-03 09:56:18,904.55,1690775
2021-05-03 09:56:19,904.25,1690850
2021-05-03 09:56:20,904.25,1690850
2021-05-03 09:56:21,904.5,1691370
2021-05-03 09:56:22,904.0,1691672
2021-05-03 09:56:23,904.5,1691673
2021-05-03 09:56:24,904.45,1691898
2021-05-03 09:56:25,904.45,1691928
2021-05-03 09:56:26,904.45,1692030
2021-05-03 09:56:27,904.3,1692103
2021-05-03 09:56:29,904.3,1692180
2021-05-03 09:56:30,904.3,1692186
2021-05-03 09:56:31,904.3,1692246
2021-05-03 09:56:31,904.3,1692246
2021-05-03 09:56:32,904.35,1692319
2021-05-03 09:56:33,904.3,1692527
2021-05-03 09:56:34,904.3,1692531
2021-05-03 09:56:35,904.45,1695817
2021-05-03 09:56:36,904.45,1695842
2021-05-03 09:56:37,904.35,1697403
2021-05-03 09:56:38,904.35,1697601
2021-05-03 09:56:39,904.65,1697941
2021-05-03 09:56:40,904.65,1697950
2021-05-03 09:56:41,904.95,1698084
2021-05-03 09:56:42,904.65,1698205
2021-05-03 09:56:43,905.1,1702895
2021-05-03 09:56:45,905.0,1703000
2021-05-03 09:56:46,905.0,1703000
2021-05-03 09:56:47,905.0,1703054
2021-05-03 09:56:48,905.0,1703058
2021-05-03 09:56:49,905.0,1703108
2021-05-03 09:56:50,905.0,1703251
2021-05-03 09:56:51,905.3,1703279
2021-05-03 09:56:52,905.0,1704066
2021-05-03 09:56:53,905.0,1704075
2021-05-03 09:56:54,905.0,1704199
2021-05-03 09:56:55,905.0,1704880
2021-05-03 09:56:56,905.0,1705240
2021-05-03 09:56:57,905.0,1705661
2021-05-03 09:56:57,905.0,1705663
2021-05-03 09:56:59,905.0,1705728
2021-05-03 09:57:00,905.0,1705961
2021-05-03 09:57:01,904.95,1706105
2021-05-03 09:57:02,905.0,1706305
2021-05-03 09:57:03,904.95,1706428
2021-05-03 09:57:04,905.0,1706558
2021-05-03 09:57:05,905.1,1707118
2021-05-03 09:57:06,905.1,1707175
2021-05-03 09:57:06,905.1,1707176
2021-05-03 09:57:07,905.1,1707433
2021-05-03 09:57:08,905.1,1707433
2021-05-03 09:57:09,905.25,1708826
2021-05-03 09:57:11,905.3,1708984
2021-05-03 09:57:12,905.3,1709005
2021-05-03 09:57:13,905.3,1709005
2021-05-03 09:57:14,905.1,1709032
2021-05-03 09:57:15,905.25,1709036
2021-05-03 09:57:16,905.25,1709366
2021-05-03 09:57:16,905.25,1709366
2021-05-03 09:57:17,905.45,1709998
2021-05-03 09:57:19,905.5,1710998
2021-05-03 09:57:20,905.45,1711121
2021-05-03 09:57:21,905.45,1711573
2021-05-03 09:57:22,905.4,1711798
2021-05-03 09:57:23,905.2,1711862
2021-05-03 09:57:24,905.4,1711866
2021-05-03 09:57:25,905.35,1712266
2021-05-03 09:57:26,905.4,1713267
2021-05-03 09:57:27,905.25,1714163
2021-05-03 09:57:28,905.4,1714605
2021-05-03 09:57:29,905.4,1714625
2021-05-03 09:57:30,905.2,1714780
2021-05-03 09:57:31,905.4,1714830
2021-05-03 09:57:31,905.4,1714830
2021-05-03 09:57:32,905.2,1715280
2021-05-03 09:57:33,905.35,1715993
2021-05-03 09:57:34,905.35,1716193
2021-05-03 09:57:35,905.4,1716928
2021-05-03 09:57:37,905.4,1717178
2021-05-03 09:57:38,905.4,1718024
2021-05-03 09:57:39,905.45,1718028
2021-05-03 09:57:40,905.45,1718121
2021-05-03 09:57:41,905.4,1718145
2021-05-03 09:57:42,905.5,1718293
2021-05-03 09:57:43,905.5,1718595
2021-05-03 09:57:44,905.5,1718606
2021-05-03 09:57:45,905.5,1718875
2021-05-03 09:57:46,905.45,1718888
2021-05-03 09:57:47,905.45,1718888
2021-05-03 09:57:48,905.4,1718911
2021-05-03 09:57:49,905.4,1719039
2021-05-03 09:57:50,905.4,1719184
2021-05-03 09:57:51,905.5,1720045
2021-05-03 09:57:52,905.35,1720192
2021-05-03 09:57:53,905.5,1720217
2021-05-03 09:57:54,905.8,1721644
2021-05-03 09:57:54,905.8,1721644
2021-05-03 09:57:55,905.8,1721656
2021-05-03 09:57:56,905.75,1721712
2021-05-03 09:57:57,905.7,1721935
2021-05-03 09:57:58,905.45,1722027
2021-05-03 09:58:00,905.55,1722241
2021-05-03 09:58:01,905.55,1722320
2021-05-03 09:58:02,905.55,1722353
2021-05-03 09:58:03,905.5,1722780
2021-05-03 09:58:04,905.5,1722970
2021-05-03 09:58:04,905.5,1722970
2021-05-03 09:58:05,905.55,1723146
2021-05-03 09:58:06,905.55,1723154
2021-05-03 09:58:07,905.55,1723269
2021-05-03 09:58:09,905.55,1723366
2021-05-03 09:58:10,905.5,1723679
2021-05-03 09:58:11,905.6,1723888
2021-05-03 09:58:12,905.5,1726742
2021-05-03 09:58:13,905.45,1727055
2021-05-03 09:58:14,905.4,1727260
2021-05-03 09:58:14,905.4,1727260
2021-05-03 09:58:15,905.35,1727475
2021-05-03 09:58:17,905.35,1727637
2021-05-03 09:58:18,905.0,1728296
2021-05-03 09:58:19,905.2,1728316
2021-05-03 09:58:20,905.05,1728349
2021-05-03 09:58:21,905.0,1728610
2021-05-03 09:58:22,905.0,1728610
2021-05-03 09:58:23,904.65,1728675
2021-05-03 09:58:24,904.95,1728809
2021-05-03 09:58:24,904.95,1728809
2021-05-03 09:58:25,904.9,1728856
2021-05-03 09:58:27,904.55,1728898
2021-05-03 09:58:28,904.55,1728898
2021-05-03 09:58:29,904.55,1728910
2021-05-03 09:58:30,904.55,1729113
2021-05-03 09:58:31,904.5,1730021
2021-05-03 09:58:31,904.5,1730021
2021-05-03 09:58:32,904.45,1730082
2021-05-03 09:58:34,904.35,1730107
2021-05-03 09:58:35,904.35,1730111
2021-05-03 09:58:36,904.45,1730116
2021-05-03 09:58:37,904.45,1730127
2021-05-03 09:58:38,904.45,1730154
2021-05-03 09:58:39,904.4,1730446
2021-05-03 09:58:40,904.4,1730601
2021-05-03 09:58:41,904.35,1730666
2021-05-03 09:58:42,904.35,1730960
2021-05-03 09:58:43,904.35,1731102
2021-05-03 09:58:44,904.0,1731430
2021-05-03 09:58:45,904.35,1741625
2021-05-03 09:58:45,904.35,1741625
2021-05-03 09:58:46,904.2,1743171
2021-05-03 09:58:48,904.2,1743218
2021-05-03 09:58:49,904.35,1743238
2021-05-03 09:58:50,904.4,1743536
2021-05-03 09:58:51,904.35,1743643
2021-05-03 09:58:52,904.35,1745421
2021-05-03 09:58:53,904.0,1745764
2021-05-03 09:58:54,904.35,1745914
2021-05-03 09:58:55,904.3,1746226
2021-05-03 09:58:56,904.0,1746367
2021-05-03 09:58:56,904.0,1746367
2021-05-03 09:58:57,903.9,1746465
2021-05-03 09:58:58,904.0,1747993
2021-05-03 09:58:59,903.8,1748005
2021-05-03 09:59:00,903.8,1748337
2021-05-03 09:59:01,903.5,1749196
2021-05-03 09:59:03,903.5,1750009
2021-05-03 09:59:03,903.5,1750049
2021-05-03 09:59:04,903.85,1750111
2021-05-03 09:59:05,903.15,1752121
2021-05-03 09:59:06,903.1,1752360
2021-05-03 09:59:07,903.8,1752436
2021-05-03 09:59:08,903.4,1752651
2021-05-03 09:59:09,903.65,1752709
2021-05-03 09:59:10,903.5,1752711
2021-05-03 09:59:12,903.5,1753573
2021-05-03 09:59:13,903.9,1754592
2021-05-03 09:59:14,903.6,1754706
2021-05-03 09:59:15,903.85,1754711
2021-05-03 09:59:16,903.75,1754726
2021-05-03 09:59:17,903.75,1754892
2021-05-03 09:59:18,904.0,1755532
2021-05-03 09:59:19,904.0,1755532
2021-05-03 09:59:20,904.0,1755773
2021-05-03 09:59:21,903.8,1755908
2021-05-03 09:59:22,904.0,1756088
2021-05-03 09:59:23,903.8,1756180
2021-05-03 09:59:24,903.6,1757032
2021-05-03 09:59:25,903.85,1757140
2021-05-03 09:59:25,903.85,1757140
2021-05-03 09:59:26,903.9,1757150
2021-05-03 09:59:27,903.6,1757725
2021-05-03 09:59:28,903.6,1757725
2021-05-03 09:59:30,903.6,1757752
2021-05-03 09:59:31,903.6,1757960
2021-05-03 09:59:32,903.8,1757978
2021-05-03 09:59:33,903.8,1758030
2021-05-03 09:59:34,903.8,1758043
2021-05-03 09:59:35,903.6,1758573
2021-05-03 09:59:36,903.8,1758784
2021-05-03 09:59:36,903.8,1758784
2021-05-03 09:59:38,904.0,1758836
2021-05-03 09:59:39,903.8,1758981
2021-05-03 09:59:40,904.0,1759337
2021-05-03 09:59:41,904.0,1759722
2021-05-03 09:59:42,903.7,1759787
2021-05-03 09:59:42,903.5,1760191
2021-05-03 09:59:44,903.7,1760281
2021-05-03 09:59:45,903.7,1760288
2021-05-03 09:59:46,903.65,1760310
2021-05-03 09:59:47,903.5,1760477
2021-05-03 09:59:48,903.5,1760500
2021-05-03 09:59:49,903.5,1760566
2021-05-03 09:59:50,903.7,1760706
2021-05-03 09:59:51,903.5,1761453
2021-05-03 09:59:52,903.9,1761644
2021-05-03 09:59:53,903.5,1761748
2021-05-03 09:59:54,903.8,1761826
2021-05-03 09:59:55,903.8,1761831
2021-05-03 09:59:56,903.65,1763802
2021-05-03 09:59:56,903.65,1762731
2021-05-03 09:59:58,903.65,1763802
2021-05-03 09:59:59,904.0,1764147
2021-05-03 10:00:00,904.0,1764388
2021-05-03 10:00:01,903.8,1764462
2021-05-03 10:00:02,903.8,1764462
2021-05-03 10:00:03,904.0,1764722
2021-05-03 10:00:04,904.5,1769726
2021-05-03 10:00:05,904.0,1770209
2021-05-03 10:00:06,904.25,1770433
2021-05-03 10:00:07,904.2,1770577
2021-05-03 10:00:08,904.25,1770827
2021-05-03 10:00:09,904.0,1770939
2021-05-03 10:00:10,904.25,1770940
2021-05-03 10:00:10,904.25,1770940
2021-05-03 10:00:11,904.3,1771025
2021-05-03 10:00:12,904.05,1771264
2021-05-03 10:00:13,904.95,1776324
2021-05-03 10:00:14,904.95,1776324
2021-05-03 10:00:16,904.9,1777007
2021-05-03 10:00:17,904.9,1777067
2021-05-03 10:00:18,905.0,1777087
2021-05-03 10:00:19,905.0,1777087
2021-05-03 10:00:20,905.0,1777260
2021-05-03 10:00:21,904.9,1777335
2021-05-03 10:00:22,905.0,1777421
2021-05-03 10:00:23,905.4,1782572
2021-05-03 10:00:24,905.5,1782648
2021-05-03 10:00:25,905.2,1782779
2021-05-03 10:00:26,905.45,1782816
2021-05-03 10:00:27,905.45,1782816
2021-05-03 10:00:28,905.35,1782883
2021-05-03 10:00:29,905.2,1783138
2021-05-03 10:00:30,905.25,1784093
2021-05-03 10:00:31,905.2,1784879
2021-05-03 10:00:32,905.05,1784933
2021-05-03 10:00:33,905.0,1785252
2021-05-03 10:00:34,905.0,1785252
2021-05-03 10:00:35,905.4,1785292
2021-05-03 10:00:36,905.2,1785312
2021-05-03 10:00:37,905.2,1785428
2021-05-03 10:00:38,905.0,1785438
2021-05-03 10:00:39,905.1,1785663
2021-05-03 10:00:40,905.1,1786210
2021-05-03 10:00:41,905.6,1790303
2021-05-03 10:00:42,905.4,1790867
2021-05-03 10:00:43,905.55,1790967
2021-05-03 10:00:44,905.3,1790973
2021-05-03 10:00:45,905.2,1791081
2021-05-03 10:00:46,905.2,1791182
2021-05-03 10:00:47,905.25,1791359
2021-05-03 10:00:48,905.2,1791414
2021-05-03 10:00:48,905.2,1791418
2021-05-03 10:00:49,905.2,1792671
2021-05-03 10:00:50,905.2,1792777
2021-05-03 10:00:51,905.05,1792781
2021-05-03 10:00:52,905.2,1792932
2021-05-03 10:00:53,905.2,1793133
2021-05-03 10:00:55,905.35,1795809
2021-05-03 10:00:56,905.2,1795879
2021-05-03 10:00:57,905.2,1796677
2021-05-03 10:00:58,905.2,1796681
2021-05-03 10:00:59,905.2,1796773
2021-05-03 10:01:00,905.4,1797738
2021-05-03 10:01:01,905.35,1797961
2021-05-03 10:01:02,905.35,1797982
2021-05-03 10:01:03,905.0,1798385
2021-05-03 10:01:04,905.1,1798531
2021-05-03 10:01:04,905.1,1798531
2021-05-03 10:01:06,905.4,1798580
2021-05-03 10:01:07,905.4,1798651
2021-05-03 10:01:08,905.4,1798751
2021-05-03 10:01:09,905.2,1798807
2021-05-03 10:01:10,905.2,1798840
2021-05-03 10:01:11,905.05,1802824
2021-05-03 10:01:12,905.05,1803013
2021-05-03 10:01:13,905.05,1803214
2021-05-03 10:01:14,905.05,1803225
2021-05-03 10:01:15,905.05,1803352
2021-05-03 10:01:16,905.0,1803444
2021-05-03 10:01:17,905.05,1803829
2021-05-03 10:01:18,905.05,1803864
2021-05-03 10:01:19,904.7,1806492
2021-05-03 10:01:20,904.65,1806542
2021-05-03 10:01:21,904.55,1806574
2021-05-03 10:01:22,904.55,1806601
2021-05-03 10:01:23,904.55,1806605
2021-05-03 10:01:24,904.55,1806612
2021-05-03 10:01:25,904.55,1806612
2021-05-03 10:01:26,904.55,1806631
2021-05-03 10:01:27,904.3,1806982
2021-05-03 10:01:28,904.6,1808017
2021-05-03 10:01:29,904.6,1808023
2021-05-03 10:01:30,904.6,1808023
2021-05-03 10:01:31,904.6,1808054
2021-05-03 10:01:32,904.3,1808481
2021-05-03 10:01:33,903.85,1812510
2021-05-03 10:01:34,903.45,1812522
2021-05-03 10:01:35,903.45,1813043
2021-05-03 10:01:36,903.45,1813043
2021-05-03 10:01:37,903.45,1813043
2021-05-03 10:01:38,903.6,1813056
2021-05-03 10:01:39,903.45,1813455
2021-05-03 10:01:40,903.45,1813750
2021-05-03 10:01:41,903.5,1813777
2021-05-03 10:01:42,903.25,1814639
2021-05-03 10:01:43,903.3,1816989
2021-05-03 10:01:44,903.0,1817010
2021-05-03 10:01:45,903.1,1817139
2021-05-03 10:01:46,903.1,1817160
2021-05-03 10:01:47,903.4,1818582
2021-05-03 10:01:48,903.45,1818698
2021-05-03 10:01:49,903.2,1818814
2021-05-03 10:01:50,903.2,1818838
2021-05-03 10:01:51,903.5,1818841
2021-05-03 10:01:52,903.25,1818981
2021-05-03 10:01:53,903.5,1819513
2021-05-03 10:01:54,903.25,1819551
2021-05-03 10:01:55,903.5,1820174
2021-05-03 10:01:56,903.5,1820259
2021-05-03 10:01:57,903.2,1820802
2021-05-03 10:01:58,903.2,1820802
2021-05-03 10:01:59,903.2,1821257
2021-05-03 10:02:00,903.25,1821258
2021-05-03 10:02:01,903.25,1821277
2021-05-03 10:02:02,903.3,1821313
2021-05-03 10:02:03,903.2,1821562
2021-05-03 10:02:04,903.2,1821974
2021-05-03 10:02:05,903.2,1821974
2021-05-03 10:02:06,903.35,1822030
2021-05-03 10:02:07,903.25,1824116
2021-05-03 10:02:08,903.2,1824121
2021-05-03 10:02:09,903.35,1824131
2021-05-03 10:02:10,903.4,1824168
2021-05-03 10:02:11,903.25,1824208
2021-05-03 10:02:12,903.2,1824518
2021-05-03 10:02:13,903.0,1824578
2021-05-03 10:02:14,903.2,1824713
2021-05-03 10:02:15,903.2,1824713
2021-05-03 10:02:16,903.25,1824723
2021-05-03 10:02:17,903.2,1825168
2021-05-03 10:02:18,903.2,1825241
2021-05-03 10:02:19,903.2,1825266
2021-05-03 10:02:20,903.0,1825366
2021-05-03 10:02:21,903.2,1825621
2021-05-03 10:02:22,903.2,1825730
2021-05-03 10:02:23,903.2,1825919
2021-05-03 10:02:24,903.2,1826031
2021-05-03 10:02:25,903.15,1826055
2021-05-03 10:02:26,902.2,1834739
2021-05-03 10:02:27,902.0,1838801
2021-05-03 10:02:29,901.95,1839343
2021-05-03 10:02:28,901.35,1838993
2021-05-03 10:02:30,901.45,1839346
2021-05-03 10:02:31,902.0,1839866
2021-05-03 10:02:32,902.0,1839866
2021-05-03 10:02:33,902.2,1840078
2021-05-03 10:02:34,901.75,1843502
2021-05-03 10:02:35,902.45,1846209
2021-05-03 10:02:36,902.5,1846346
2021-05-03 10:02:37,902.2,1846591
2021-05-03 10:02:38,902.2,1847649
2021-05-03 10:02:40,902.2,1847861
2021-05-03 10:02:39,902.45,1847835
2021-05-03 10:02:41,902.2,1848524
2021-05-03 10:02:42,902.1,1849127
2021-05-03 10:02:43,902.1,1849180
2021-05-03 10:02:44,902.15,1849458
2021-05-03 10:02:45,902.45,1849779
2021-05-03 10:02:47,902.4,1849834
2021-05-03 10:02:46,902.4,1849834
2021-05-03 10:02:48,902.4,1849834
2021-05-03 10:02:49,902.1,1849994
2021-05-03 10:02:50,902.1,1849994
2021-05-03 10:02:51,902.4,1850045
2021-05-03 10:02:52,902.3,1851565
2021-05-03 10:02:53,902.0,1851785
2021-05-03 10:02:54,902.1,1851793
2021-05-03 10:02:55,902.4,1851857
2021-05-03 10:02:56,902.4,1851857
2021-05-03 10:02:57,902.4,1851883
2021-05-03 10:02:58,902.4,1852013
2021-05-03 10:02:59,902.4,1852515
2021-05-03 10:03:00,902.1,1852630
2021-05-03 10:03:01,902.0,1852770
2021-05-03 10:03:02,902.0,1852770
2021-05-03 10:03:03,902.35,1852875
2021-05-03 10:03:04,902.15,1852937
2021-05-03 10:03:05,902.15,1852937
2021-05-03 10:03:06,902.15,1852937
2021-05-03 10:03:07,902.35,1852940
2021-05-03 10:03:08,902.15,1853033
2021-05-03 10:03:09,902.35,1853039
2021-05-03 10:03:10,902.35,1853086
2021-05-03 10:03:11,902.35,1853296
2021-05-03 10:03:12,902.0,1853524
2021-05-03 10:03:13,902.15,1853556
2021-05-03 10:03:14,902.1,1853765
2021-05-03 10:03:15,902.35,1853800
2021-05-03 10:03:16,902.35,1854345
2021-05-03 10:03:17,902.4,1854461
2021-05-03 10:03:18,902.25,1854464
2021-05-03 10:03:20,902.5,1854897
2021-05-03 10:03:21,902.55,1855000
2021-05-03 10:03:22,902.5,1855111
2021-05-03 10:03:22,902.5,1855111
2021-05-03 10:03:23,902.55,1855154
2021-05-03 10:03:24,902.55,1855154
2021-05-03 10:03:25,902.55,1855160
2021-05-03 10:03:26,902.55,1855380
2021-05-03 10:03:28,902.5,1855672
2021-05-03 10:03:29,902.5,1855802
2021-05-03 10:03:29,902.5,1855802
2021-05-03 10:03:31,902.55,1856473
2021-05-03 10:03:31,902.6,1856523
2021-05-03 10:03:32,902.5,1856654
2021-05-03 10:03:33,902.3,1856854
2021-05-03 10:03:34,902.3,1856904
2021-05-03 10:03:35,902.3,1856909
2021-05-03 10:03:36,902.3,1856909
2021-05-03 10:03:37,902.7,1857110
2021-05-03 10:03:38,902.55,1857150
2021-05-03 10:03:39,902.7,1857177
2021-05-03 10:03:40,902.5,1857316
2021-05-03 10:03:42,902.5,1857379
2021-05-03 10:03:43,902.8,1857710
2021-05-03 10:03:43,902.8,1857710
2021-05-03 10:03:44,902.7,1857721
2021-05-03 10:03:45,902.7,1857721
2021-05-03 10:03:46,902.6,1858274
2021-05-03 10:03:47,902.3,1858305
2021-05-03 10:03:48,902.6,1858410
2021-05-03 10:03:49,902.55,1858414
2021-05-03 10:03:50,902.3,1858559
2021-05-03 10:03:51,902.55,1858584
2021-05-03 10:03:52,902.5,1858797
2021-05-03 10:03:53,902.2,1859050
2021-05-03 10:03:54,902.4,1859464
2021-05-03 10:03:55,902.0,1859529
2021-05-03 10:03:56,902.0,1859619
2021-05-03 10:03:57,901.8,1863656
2021-05-03 10:03:59,901.95,1864390
2021-05-03 10:04:00,901.6,1864474
2021-05-03 10:04:01,901.9,1864479
2021-05-03 10:04:02,901.9,1864479
2021-05-03 10:04:03,901.9,1864684
2021-05-03 10:04:04,901.9,1864723
2021-05-03 10:04:05,901.9,1864748
2021-05-03 10:04:06,901.8,1864773
2021-05-03 10:04:07,901.8,1864823
2021-05-03 10:04:09,901.8,1864923
2021-05-03 10:04:09,901.8,1864923
2021-05-03 10:04:10,901.5,1865340
2021-05-03 10:04:11,901.5,1865393
2021-05-03 10:04:12,902.0,1867885
2021-05-03 10:04:13,902.0,1867976
2021-05-03 10:04:14,901.65,1868026
2021-05-03 10:04:15,901.65,1868036
2021-05-03 10:04:16,901.65,1868040
2021-05-03 10:04:18,901.65,1868040
2021-05-03 10:04:19,901.6,1868130
2021-05-03 10:04:19,901.6,1868130
2021-05-03 10:04:20,901.95,1868160
2021-05-03 10:04:21,901.9,1868516
2021-05-03 10:04:22,901.9,1868526
2021-05-03 10:04:23,901.6,1868727
2021-05-03 10:04:24,901.95,1869225
2021-05-03 10:04:25,901.65,1869278
2021-05-03 10:04:26,901.95,1869578
2021-05-03 10:04:28,902.0,1869996
2021-05-03 10:04:29,902.0,1870264
2021-05-03 10:04:29,902.0,1870314
2021-05-03 10:04:30,902.0,1870329
2021-05-03 10:04:31,902.0,1870363
2021-05-03 10:04:32,902.0,1870692
2021-05-03 10:04:33,901.7,1870718
2021-05-03 10:04:35,902.0,1870818
2021-05-03 10:04:35,902.0,1870818
2021-05-03 10:04:36,902.0,1870839
2021-05-03 10:04:37,902.0,1870888
2021-05-03 10:04:38,901.65,1871068
2021-05-03 10:04:39,902.0,1871073
2021-05-03 10:04:41,902.0,1871109
2021-05-03 10:04:42,901.8,1871208
2021-05-03 10:04:43,901.7,1871209
2021-05-03 10:04:44,901.7,1871261
2021-05-03 10:04:45,901.7,1871281
2021-05-03 10:04:46,901.7,1871313
2021-05-03 10:04:48,901.8,1871688
2021-05-03 10:04:48,901.75,1871689
2021-05-03 10:04:49,901.75,1871777
2021-05-03 10:04:50,901.75,1871859
2021-05-03 10:04:51,901.7,1871869
2021-05-03 10:04:53,901.75,1871878
2021-05-03 10:04:53,901.75,1871879
2021-05-03 10:04:54,901.7,1873085
2021-05-03 10:04:55,901.8,1873090
