timestamp,ltp,volume
2021-05-03 09:15:25,589.45,416860
2021-05-03 09:15:26,589.25,424634
2021-05-03 09:15:27,589.4,430775
2021-05-03 09:15:28,589.1,437340
2021-05-03 09:15:29,589.0,441853
2021-05-03 09:15:30,588.5,466775
2021-05-03 09:15:30,588.55,468142
2021-05-03 09:15:31,588.75,482936
2021-05-03 09:15:32,588.95,485600
2021-05-03 09:15:34,588.55,494437
2021-05-03 09:15:35,588.95,497597
2021-05-03 09:15:36,588.65,501303
2021-05-03 09:15:37,588.6,511768
2021-05-03 09:15:38,589.0,518333
2021-05-03 09:15:39,589.25,525864
2021-05-03 09:15:40,589.5,533182
2021-05-03 09:15:41,589.85,535142
2021-05-03 09:15:42,589.5,537735
2021-05-03 09:15:42,589.45,537687
2021-05-03 09:15:43,589.8,541584
2021-05-03 09:15:44,589.35,545360
2021-05-03 09:15:45,589.9,556081
2021-05-03 09:15:47,589.9,559923
2021-05-03 09:15:47,589.85,560349
2021-05-03 09:15:49,589.9,562136
2021-05-03 09:15:50,590.1,565629
2021-05-03 09:15:51,590.05,566615
2021-05-03 09:15:52,590.8,573124
2021-05-03 09:15:53,590.7,575518
2021-05-03 09:15:54,590.85,579491
2021-05-03 09:15:54,590.4,579691
2021-05-03 09:15:55,590.5,581647
2021-05-03 09:15:56,590.5,583229
2021-05-03 09:15:57,590.75,583539
2021-05-03 09:15:58,590.75,586174
2021-05-03 09:15:59,590.55,588581
2021-05-03 09:16:01,590.8,592796
2021-05-03 09:16:02,590.55,605096
2021-05-03 09:16:03,590.95,606899
2021-05-03 09:16:03,591.0,608561
2021-05-03 09:16:04,590.8,609808
2021-05-03 09:16:05,590.95,612151
2021-05-03 09:16:07,591.1,626042
2021-05-03 09:16:08,591.1,631815
2021-05-03 09:16:09,590.8,638154
2021-05-03 09:16:10,591.0,638696
2021-05-03 09:16:11,591.0,642780
2021-05-03 09:16:11,590.95,643018
2021-05-03 09:16:12,591.4,645007
2021-05-03 09:16:13,591.0,654600
2021-05-03 09:16:15,590.5,666362
2021-05-03 09:16:16,590.2,668019
2021-05-03 09:16:17,590.2,684664
2021-05-03 09:16:18,590.15,686418
2021-05-03 09:16:18,590.0,686318
2021-05-03 09:16:19,590.05,700731
2021-05-03 09:16:21,590.15,706548
2021-05-03 09:16:22,589.95,710543
2021-05-03 09:16:23,590.25,711203
2021-05-03 09:16:24,590.25,713192
2021-05-03 09:16:25,590.3,722069
2021-05-03 09:16:26,590.0,724429
2021-05-03 09:16:27,590.0,725000
2021-05-03 09:16:28,589.85,726876
2021-05-03 09:16:29,590.0,728899
2021-05-03 09:16:30,589.8,730966
2021-05-03 09:16:30,590.0,730981
2021-05-03 09:16:31,590.0,732813
2021-05-03 09:16:32,590.0,734278
2021-05-03 09:16:33,589.75,738144
2021-05-03 09:16:35,589.65,743732
2021-05-03 09:16:36,589.65,746160
2021-05-03 09:16:37,589.55,762731
2021-05-03 09:16:38,589.3,763217
2021-05-03 09:16:39,589.7,767953
2021-05-03 09:16:40,589.7,768709
2021-05-03 09:16:41,589.7,769569
2021-05-03 09:16:41,589.55,769570
2021-05-03 09:16:43,589.7,770456
2021-05-03 09:16:44,589.7,772668
2021-05-03 09:16:45,589.35,774473
2021-05-03 09:16:46,589.6,774903
2021-05-03 09:16:47,589.55,779827
2021-05-03 09:16:48,589.45,780519
2021-05-03 09:16:49,589.1,783850
2021-05-03 09:16:50,589.3,784378
2021-05-03 09:16:51,589.1,786452
2021-05-03 09:16:51,589.1,786632
2021-05-03 09:16:53,589.35,787744
2021-05-03 09:16:54,589.2,790261
2021-05-03 09:16:55,589.35,795600
2021-05-03 09:16:56,589.5,803169
2021-05-03 09:16:57,589.65,812364
2021-05-03 09:16:58,589.5,814515
2021-05-03 09:16:59,589.5,815510
2021-05-03 09:17:00,588.8,832459
2021-05-03 09:17:01,588.9,834483
2021-05-03 09:17:01,588.9,834549
2021-05-03 09:17:03,588.65,837106
2021-05-03 09:17:04,588.65,840062
2021-05-03 09:17:05,588.05,841898
2021-05-03 09:17:06,588.05,842877
2021-05-03 09:17:07,588.25,843944
2021-05-03 09:17:08,588.2,848075
2021-05-03 09:17:08,588.0,848382
2021-05-03 09:17:10,587.95,859737
2021-05-03 09:17:11,587.9,861530
2021-05-03 09:17:12,588.15,862871
2021-05-03 09:17:13,587.6,864753
2021-05-03 09:17:14,587.9,867891
2021-05-03 09:17:14,587.75,865647
2021-05-03 09:17:15,587.95,868585
2021-05-03 09:17:17,587.9,871841
2021-05-03 09:17:18,587.8,879466
2021-05-03 09:17:19,587.8,882041
2021-05-03 09:17:20,587.8,883914
2021-05-03 09:17:20,587.6,883940
2021-05-03 09:17:21,587.65,884615
2021-05-03 09:17:23,587.8,885009
2021-05-03 09:17:24,587.95,894384
2021-05-03 09:17:25,587.9,897791
2021-05-03 09:17:26,587.7,900282
2021-05-03 09:17:27,588.15,905422
2021-05-03 09:17:29,587.8,911042
2021-05-03 09:17:30,587.85,912592
2021-05-03 09:17:30,587.85,912642
2021-05-03 09:17:31,588.1,913978
2021-05-03 09:17:33,588.0,914994
2021-05-03 09:17:34,587.9,920522
2021-05-03 09:17:35,588.2,930733
2021-05-03 09:17:36,588.15,933132
2021-05-03 09:17:36,588.15,933132
2021-05-03 09:17:38,588.25,935241
2021-05-03 09:17:39,588.3,936075
2021-05-03 09:17:40,588.5,939105
2021-05-03 09:17:41,588.55,940115
2021-05-03 09:17:42,588.45,941656
2021-05-03 09:17:42,588.45,941656
2021-05-03 09:17:44,588.55,948662
2021-05-03 09:17:45,588.8,950445
2021-05-03 09:17:46,588.55,961904
2021-05-03 09:17:47,588.6,962084
2021-05-03 09:17:48,588.85,964548
2021-05-03 09:17:49,588.7,972027
2021-05-03 09:17:50,588.9,972873
2021-05-03 09:17:51,588.75,975117
2021-05-03 09:17:52,588.9,976209
2021-05-03 09:17:53,588.7,976437
2021-05-03 09:17:54,588.5,977263
2021-05-03 09:17:55,588.75,979582
2021-05-03 09:17:55,588.5,979837
2021-05-03 09:17:57,588.65,982991
2021-05-03 09:17:58,588.4,984291
2021-05-03 09:17:59,588.5,985413
2021-05-03 09:18:00,588.75,988455
2021-05-03 09:18:01,588.65,989356
2021-05-03 09:18:02,588.65,991989
2021-05-03 09:18:03,588.65,993383
2021-05-03 09:18:04,588.65,995263
2021-05-03 09:18:04,588.9,995438
2021-05-03 09:18:06,588.85,996664
2021-05-03 09:18:07,588.65,1004337
2021-05-03 09:18:08,588.9,1009137
2021-05-03 09:18:09,588.95,1014838
2021-05-03 09:18:10,589.15,1015101
2021-05-03 09:18:10,589.15,1015101
2021-05-03 09:18:13,589.4,1017752
2021-05-03 09:18:14,589.25,1018449
2021-05-03 09:18:15,589.4,1020229
2021-05-03 09:18:16,589.45,1021551
2021-05-03 09:18:17,589.45,1021859
2021-05-03 09:18:18,589.65,1027501
2021-05-03 09:18:19,589.7,1028787
2021-05-03 09:18:19,589.7,1028802
2021-05-03 09:18:21,589.8,1029771
2021-05-03 09:18:22,589.4,1030899
2021-05-03 09:18:23,589.25,1032415
2021-05-03 09:18:24,589.3,1037199
2021-05-03 09:18:24,589.0,1037253
2021-05-03 09:18:26,589.05,1041814
2021-05-03 09:18:27,589.15,1043203
2021-05-03 09:18:28,589.45,1043767
2021-05-03 09:18:29,589.2,1046558
2021-05-03 09:18:30,589.2,1047502
2021-05-03 09:18:31,588.85,1052409
2021-05-03 09:18:32,588.9,1052510
2021-05-03 09:18:33,589.0,1053240
2021-05-03 09:18:34,589.3,1054407
2021-05-03 09:18:35,589.2,1055269
2021-05-03 09:18:36,589.25,1058443
2021-05-03 09:18:37,589.55,1062089
2021-05-03 09:18:38,589.55,1062304
2021-05-03 09:18:39,589.75,1063629
2021-05-03 09:18:40,589.8,1063975
2021-05-03 09:18:41,589.7,1064033
2021-05-03 09:18:42,589.75,1065179
2021-05-03 09:18:43,589.75,1066298
2021-05-03 09:18:44,589.7,1068546
2021-05-03 09:18:45,589.7,1068888
2021-05-03 09:18:46,589.5,1069082
2021-05-03 09:18:47,589.7,1069708
2021-05-03 09:18:48,589.25,1072207
2021-05-03 09:18:49,589.25,1074369
2021-05-03 09:18:50,589.5,1074476
2021-05-03 09:18:51,589.25,1075410
2021-05-03 09:18:52,589.25,1076277
2021-05-03 09:18:53,589.35,1077581
2021-05-03 09:18:54,589.25,1079029
2021-05-03 09:18:55,589.3,1103544
2021-05-03 09:18:56,589.25,1104263
2021-05-03 09:18:57,589.3,1104323
2021-05-03 09:18:58,589.3,1111918
2021-05-03 09:18:59,589.25,1114195
2021-05-03 09:19:00,589.7,1124320
2021-05-03 09:19:01,589.5,1125618
2021-05-03 09:19:02,589.8,1126437
2021-05-03 09:19:03,589.7,1127351
2021-05-03 09:19:04,589.5,1128141
2021-05-03 09:19:05,589.35,1128719
2021-05-03 09:19:07,589.3,1129440
2021-05-03 09:19:06,589.25,1129439
2021-05-03 09:19:08,589.2,1133985
2021-05-03 09:19:09,589.3,1138299
2021-05-03 09:19:10,589.3,1138747
2021-05-03 09:19:11,589.6,1139565
2021-05-03 09:19:12,589.65,1139882
2021-05-03 09:19:13,589.2,1140495
2021-05-03 09:19:14,589.2,1142569
2021-05-03 09:19:15,589.2,1143660
2021-05-03 09:19:16,589.6,1144986
2021-05-03 09:19:17,589.35,1144996
2021-05-03 09:19:18,589.75,1145210
2021-05-03 09:19:19,589.6,1145366
2021-05-03 09:19:20,589.35,1147580
2021-05-03 09:19:21,589.35,1148029
2021-05-03 09:19:22,589.3,1149858
2021-05-03 09:19:23,589.3,1152038
2021-05-03 09:19:25,589.45,1152445
2021-05-03 09:19:24,589.45,1152445
2021-05-03 09:19:26,589.45,1153188
2021-05-03 09:19:27,589.45,1153551
2021-05-03 09:19:28,589.4,1153879
2021-05-03 09:19:29,589.45,1154311
2021-05-03 09:19:30,589.65,1158481
2021-05-03 09:19:31,589.9,1162396
2021-05-03 09:19:32,589.85,1162616
2021-05-03 09:19:33,590.0,1163344
2021-05-03 09:19:34,589.95,1163722
2021-05-03 09:19:35,589.9,1183477
2021-05-03 09:19:36,590.1,1184118
2021-05-03 09:19:37,590.1,1185280
2021-05-03 09:19:39,590.3,1195617
2021-05-03 09:19:38,590.3,1195617
2021-05-03 09:19:40,590.25,1196296
2021-05-03 09:19:41,590.15,1198065
2021-05-03 09:19:42,590.5,1201154
2021-05-03 09:19:43,590.6,1202512
2021-05-03 09:19:44,590.75,1202765
2021-05-03 09:19:45,590.65,1203896
2021-05-03 09:19:46,590.9,1207190
2021-05-03 09:19:47,591.0,1211030
2021-05-03 09:19:49,590.5,1214064
2021-05-03 09:19:48,590.7,1212687
2021-05-03 09:19:50,590.75,1215352
2021-05-03 09:19:51,590.9,1217880
2021-05-03 09:19:52,590.8,1218643
2021-05-03 09:19:53,590.9,1219303
2021-05-03 09:19:54,590.95,1220530
2021-05-03 09:19:55,591.3,1227368
2021-05-03 09:19:56,591.45,1229827
2021-05-03 09:19:57,591.25,1229887
2021-05-03 09:19:58,591.5,1231237
2021-05-03 09:19:59,591.6,1234084
2021-05-03 09:20:00,591.6,1236053
2021-05-03 09:20:01,591.2,1254099
2021-05-03 09:20:02,591.2,1255694
2021-05-03 09:20:03,591.25,1256344
2021-05-03 09:20:04,591.2,1257499
2021-05-03 09:20:05,591.2,1259306
2021-05-03 09:20:06,591.05,1261127
2021-05-03 09:20:07,590.75,1266367
2021-05-03 09:20:08,590.7,1268411
2021-05-03 09:20:09,590.55,1269500
2021-05-03 09:20:10,590.35,1269520
2021-05-03 09:20:11,590.15,1270081
2021-05-03 09:20:12,590.3,1271063
2021-05-03 09:20:13,591.0,1288222
2021-05-03 09:20:14,591.05,1290154
2021-05-03 09:20:15,591.05,1291612
2021-05-03 09:20:16,590.85,1293604
2021-05-03 09:20:17,590.85,1293744
2021-05-03 09:20:18,590.9,1304174
2021-05-03 09:20:19,590.9,1304762
2021-05-03 09:20:20,590.9,1305680
2021-05-03 09:20:21,590.8,1307534
2021-05-03 09:20:22,590.7,1308160
2021-05-03 09:20:23,590.8,1325525
2021-05-03 09:20:24,590.75,1327057
2021-05-03 09:20:25,590.8,1327183
2021-05-03 09:20:26,590.8,1327711
2021-05-03 09:20:27,590.7,1328796
2021-05-03 09:20:28,590.6,1332566
2021-05-03 09:20:29,590.7,1335090
2021-05-03 09:20:30,590.7,1336047
2021-05-03 09:20:31,590.7,1336227
2021-05-03 09:20:32,590.7,1337507
2021-05-03 09:20:33,590.55,1338418
2021-05-03 09:20:34,590.35,1340824
2021-05-03 09:20:35,590.55,1345731
2021-05-03 09:20:36,590.35,1350037
2021-05-03 09:20:37,590.45,1350067
2021-05-03 09:20:39,590.25,1350599
2021-05-03 09:20:39,590.05,1350610
2021-05-03 09:20:40,589.75,1360671
2021-05-03 09:20:41,589.6,1377674
2021-05-03 09:20:42,590.1,1399142
2021-05-03 09:20:44,589.8,1401112
2021-05-03 09:20:44,590.0,1401287
2021-05-03 09:20:45,590.3,1403227
2021-05-03 09:20:46,589.95,1405006
2021-05-03 09:20:47,589.9,1406461
2021-05-03 09:20:49,589.75,1407237
2021-05-03 09:20:49,589.75,1409931
2021-05-03 09:20:50,590.2,1429511
2021-05-03 09:20:51,590.15,1436782
2021-05-03 09:20:52,590.25,1437582
2021-05-03 09:20:53,589.8,1441292
2021-05-03 09:20:55,589.6,1441732
2021-05-03 09:20:55,589.5,1442335
2021-05-03 09:20:56,589.65,1443158
2021-05-03 09:20:58,589.35,1444587
2021-05-03 09:21:00,589.55,1446316
2021-05-03 09:21:01,589.45,1447177
2021-05-03 09:21:01,589.55,1447178
2021-05-03 09:21:02,589.35,1447542
2021-05-03 09:21:03,589.5,1447879
2021-05-03 09:21:04,589.4,1453647
2021-05-03 09:21:05,589.6,1454029
2021-05-03 09:21:06,589.3,1457520
2021-05-03 09:21:08,589.45,1457802
2021-05-03 09:21:08,589.25,1457797
2021-05-03 09:21:09,589.35,1458419
2021-05-03 09:21:10,589.5,1458701
2021-05-03 09:21:11,589.5,1458926
2021-05-03 09:21:13,589.65,1461062
2021-05-03 09:21:13,589.85,1461065
2021-05-03 09:21:14,589.6,1461366
2021-05-03 09:21:15,589.85,1461709
2021-05-03 09:21:16,590.15,1464135
2021-05-03 09:21:17,590.45,1464371
2021-05-03 09:21:19,590.55,1465289
2021-05-03 09:21:19,590.55,1465646
2021-05-03 09:21:21,591.4,1473338
2021-05-03 09:21:21,591.25,1473088
2021-05-03 09:21:22,591.35,1473796
2021-05-03 09:21:23,591.3,1475284
2021-05-03 09:21:24,591.3,1476553
2021-05-03 09:21:27,592.0,1496070
2021-05-03 09:21:27,592.05,1497276
2021-05-03 09:21:28,591.75,1499054
2021-05-03 09:21:29,591.5,1499178
2021-05-03 09:21:30,591.45,1499367
2021-05-03 09:21:31,591.4,1501856
2021-05-03 09:21:33,591.4,1502733
2021-05-03 09:21:34,591.7,1503504
2021-05-03 09:21:34,591.45,1503385
2021-05-03 09:21:35,592.0,1505602
2021-05-03 09:21:36,592.0,1505762
2021-05-03 09:21:37,591.75,1506844
2021-05-03 09:21:39,591.45,1508610
2021-05-03 09:21:40,591.6,1508659
2021-05-03 09:21:40,591.6,1508654
2021-05-03 09:21:41,591.7,1509952
2021-05-03 09:21:42,591.5,1510087
2021-05-03 09:21:43,591.75,1512128
2021-05-03 09:21:44,591.85,1512546
2021-05-03 09:21:45,591.5,1513763
2021-05-03 09:21:46,591.5,1513861
2021-05-03 09:21:47,591.75,1517073
2021-05-03 09:21:49,591.7,1517641
2021-05-03 09:21:49,591.65,1517831
2021-05-03 09:21:50,591.6,1520063
2021-05-03 09:21:51,591.15,1522806
2021-05-03 09:21:52,591.2,1523178
2021-05-03 09:21:54,590.7,1525228
2021-05-03 09:21:54,591.2,1523881
2021-05-03 09:21:55,591.05,1525379
2021-05-03 09:21:56,590.95,1526516
2021-05-03 09:21:57,590.95,1527281
2021-05-03 09:21:58,590.95,1527651
2021-05-03 09:21:59,591.0,1528255
2021-05-03 09:22:00,590.85,1528945
2021-05-03 09:22:01,590.85,1529960
2021-05-03 09:22:02,590.55,1530456
2021-05-03 09:22:03,590.7,1530472
2021-05-03 09:22:04,590.8,1530624
2021-05-03 09:22:05,590.6,1531514
2021-05-03 09:22:06,590.85,1532176
2021-05-03 09:22:07,591.0,1539813
2021-05-03 09:22:09,590.5,1540403
2021-05-03 09:22:09,590.5,1540403
2021-05-03 09:22:10,590.3,1543959
2021-05-03 09:22:11,590.7,1544237
2021-05-03 09:22:12,590.85,1546256
2021-05-03 09:22:13,590.75,1546673
2021-05-03 09:22:14,590.9,1547383
2021-05-03 09:22:15,590.8,1548437
2021-05-03 09:22:16,590.95,1548498
2021-05-03 09:22:17,590.9,1548627
2021-05-03 09:22:19,590.95,1548701
2021-05-03 09:22:20,590.8,1549285
2021-05-03 09:22:20,590.75,1549835
2021-05-03 09:22:21,591.0,1550313
2021-05-03 09:22:22,590.9,1551240
2021-05-03 09:22:23,591.35,1553672
2021-05-03 09:22:24,591.45,1553979
2021-05-03 09:22:25,591.35,1554495
2021-05-03 09:22:26,591.45,1555757
2021-05-03 09:22:27,592.25,1570542
2021-05-03 09:22:28,592.25,1573491
2021-05-03 09:22:29,592.3,1574177
2021-05-03 09:22:30,592.5,1576990
2021-05-03 09:22:31,592.25,1578028
2021-05-03 09:22:32,592.8,1580545
2021-05-03 09:22:33,592.4,1585854
2021-05-03 09:22:34,592.45,1587876
2021-05-03 09:22:35,592.45,1590862
2021-05-03 09:22:36,592.65,1591488
2021-05-03 09:22:37,592.5,1595016
2021-05-03 09:22:38,592.85,1597031
2021-05-03 09:22:40,592.9,1598178
2021-05-03 09:22:42,593.0,1601301
2021-05-03 09:22:43,593.0,1619177
2021-05-03 09:22:44,593.05,1619819
2021-05-03 09:22:45,593.1,1620264
2021-05-03 09:22:46,592.8,1621663
2021-05-03 09:22:47,592.7,1622302
2021-05-03 09:22:48,592.65,1623038
2021-05-03 09:22:49,592.55,1623578
2021-05-03 09:22:50,592.65,1623803
2021-05-03 09:22:51,592.65,1624611
2021-05-03 09:22:52,592.95,1628196
2021-05-03 09:22:52,592.85,1628088
2021-05-03 09:22:53,593.0,1628444
2021-05-03 09:22:54,593.0,1628506
2021-05-03 09:22:55,593.0,1630013
2021-05-03 09:22:56,592.9,1630274
2021-05-03 09:22:57,593.0,1631940
2021-05-03 09:22:58,592.9,1635566
2021-05-03 09:22:59,592.9,1636964
2021-05-03 09:23:00,592.7,1642790
2021-05-03 09:23:02,592.55,1644640
2021-05-03 09:23:03,592.85,1647683
2021-05-03 09:23:04,592.5,1647800
2021-05-03 09:23:05,592.45,1648320
2021-05-03 09:23:06,592.5,1648503
2021-05-03 09:23:17,592.2,1656907
2021-05-03 09:23:18,591.85,1658509
2021-05-03 09:23:19,591.85,1658705
2021-05-03 09:23:20,592.0,1661569
2021-05-03 09:23:21,591.9,1661802
2021-05-03 09:23:22,591.8,1662151
2021-05-03 09:23:23,591.7,1662374
2021-05-03 09:23:24,591.7,1662758
2021-05-03 09:23:25,591.65,1662934
2021-05-03 09:23:26,591.75,1663121
2021-05-03 09:23:27,591.7,1663274
2021-05-03 09:23:28,591.6,1664010
2021-05-03 09:23:29,591.75,1665021
2021-05-03 09:23:30,591.75,1666518
2021-05-03 09:23:31,591.75,1666691
2021-05-03 09:23:32,591.75,1666833
2021-05-03 09:23:34,591.75,1666962
2021-05-03 09:23:35,591.75,1667736
2021-05-03 09:23:35,591.6,1667778
2021-05-03 09:23:36,591.45,1669071
2021-05-03 09:23:37,591.7,1669622
2021-05-03 09:23:38,591.7,1669894
2021-05-03 09:23:39,591.75,1672027
2021-05-03 09:23:40,591.75,1672872
2021-05-03 09:23:42,591.7,1674129
2021-05-03 09:23:43,591.75,1674594
2021-05-03 09:23:44,591.8,1675221
2021-05-03 09:23:45,591.85,1675913
2021-05-03 09:23:46,591.95,1675971
2021-05-03 09:23:47,591.95,1676098
2021-05-03 09:23:48,592.0,1677347
2021-05-03 09:23:49,592.15,1678539
2021-05-03 09:23:50,592.0,1678584
2021-05-03 09:23:51,592.1,1679200
2021-05-03 09:23:52,592.3,1679389
2021-05-03 09:23:53,592.0,1679746
2021-05-03 09:23:54,592.0,1680032
2021-05-03 09:23:55,592.0,1680334
2021-05-03 09:23:56,592.4,1681750
2021-05-03 09:23:57,592.4,1682158
2021-05-03 09:23:58,592.15,1682445
2021-05-03 09:23:59,592.25,1683128
2021-05-03 09:24:00,592.25,1683685
2021-05-03 09:24:01,592.0,1688564
2021-05-03 09:24:02,592.0,1689683
2021-05-03 09:24:03,592.0,1691339
2021-05-03 09:24:04,591.95,1695176
2021-05-03 09:24:05,591.95,1695646
2021-05-03 09:24:06,591.9,1695867
2021-05-03 09:24:07,591.95,1696175
2021-05-03 09:24:08,591.9,1696559
2021-05-03 09:24:09,591.85,1697549
2021-05-03 09:24:09,591.85,1697659
2021-05-03 09:24:10,591.85,1698128
2021-05-03 09:24:11,591.6,1701980
2021-05-03 09:24:12,591.5,1703619
2021-05-03 09:24:13,591.45,1704060
2021-05-03 09:24:14,591.4,1704370
2021-05-03 09:24:16,591.4,1706206
2021-05-03 09:24:17,591.45,1706924
2021-05-03 09:24:18,591.45,1706962
2021-05-03 09:24:19,591.5,1707713
2021-05-03 09:24:20,591.7,1708786
2021-05-03 09:24:21,591.6,1709466
2021-05-03 09:24:22,591.65,1709633
2021-05-03 09:24:23,591.85,1709889
2021-05-03 09:24:24,591.75,1710741
2021-05-03 09:24:25,591.7,1710803
2021-05-03 09:24:26,591.5,1711641
2021-05-03 09:24:27,591.55,1711754
2021-05-03 09:24:28,591.65,1711888
2021-05-03 09:24:29,591.65,1712085
2021-05-03 09:24:30,591.65,1713194
2021-05-03 09:24:31,591.75,1714130
2021-05-03 09:24:32,591.8,1714642
2021-05-03 09:24:33,591.9,1715312
2021-05-03 09:24:34,592.0,1715346
2021-05-03 09:24:36,592.0,1715570
2021-05-03 09:24:37,591.75,1715728
2021-05-03 09:24:38,592.0,1716696
2021-05-03 09:24:39,592.3,1721715
2021-05-03 09:24:40,592.5,1722802
2021-05-03 09:24:41,592.2,1724718
2021-05-03 09:24:42,592.45,1724993
2021-05-03 09:24:43,592.25,1725158
2021-05-03 09:24:44,592.35,1725482
2021-05-03 09:24:45,592.45,1725520
2021-05-03 09:24:46,592.45,1725799
2021-05-03 09:24:47,592.45,1726004
2021-05-03 09:24:48,592.3,1726527
2021-05-03 09:24:49,592.25,1726879
2021-05-03 09:24:50,592.2,1728315
2021-05-03 09:24:51,592.3,1728931
2021-05-03 09:24:52,592.3,1729480
2021-05-03 09:24:53,592.3,1729741
2021-05-03 09:24:54,592.5,1730030
2021-05-03 09:24:55,592.6,1730209
2021-05-03 09:24:55,592.4,1730400
2021-05-03 09:24:56,592.6,1730546
2021-05-03 09:24:57,592.75,1732371
2021-05-03 09:24:58,592.5,1732586
2021-05-03 09:24:59,592.35,1732719
2021-05-03 09:25:00,592.65,1734941
2021-05-03 09:25:01,592.65,1735663
2021-05-03 09:25:02,592.85,1736020
2021-05-03 09:25:03,592.55,1736695
2021-05-03 09:25:04,593.0,1742481
2021-05-03 09:25:05,592.75,1743309
2021-05-03 09:25:06,592.6,1743431
2021-05-03 09:25:07,592.5,1745379
2021-05-03 09:25:08,592.5,1745996
2021-05-03 09:25:09,592.5,1746878
2021-05-03 09:25:10,592.5,1752234
2021-05-03 09:25:12,592.65,1753663
2021-05-03 09:25:13,592.7,1754535
2021-05-03 09:25:14,592.7,1755569
2021-05-03 09:25:15,592.6,1758380
2021-05-03 09:25:16,592.45,1760987
2021-05-03 09:25:17,592.25,1761344
2021-05-03 09:25:18,592.6,1764336
2021-05-03 09:25:19,592.45,1765156
2021-05-03 09:25:20,592.45,1765663
2021-05-03 09:25:21,592.45,1766140
2021-05-03 09:25:22,592.3,1766362
2021-05-03 09:25:23,592.45,1766686
2021-05-03 09:25:24,592.45,1767947
2021-05-03 09:25:25,592.4,1769019
2021-05-03 09:25:26,592.4,1769184
2021-05-03 09:25:27,592.4,1770300
2021-05-03 09:25:28,592.45,1770769
2021-05-03 09:25:28,592.5,1770631
2021-05-03 09:25:29,592.65,1771299
2021-05-03 09:25:30,592.25,1771533
2021-05-03 09:25:31,592.25,1771613
2021-05-03 09:25:32,592.25,1773011
2021-05-03 09:25:33,592.25,1773747
2021-05-03 09:25:34,592.3,1774515
2021-05-03 09:25:35,592.05,1774725
2021-05-03 09:25:37,592.1,1774942
2021-05-03 09:25:38,592.4,1775397
2021-05-03 09:25:39,592.45,1776403
2021-05-03 09:25:40,592.4,1776463
2021-05-03 09:25:41,592.25,1776846
2021-05-03 09:25:42,592.25,1776959
2021-05-03 09:25:43,592.2,1777304
2021-05-03 09:25:44,592.45,1777915
2021-05-03 09:25:45,592.6,1779516
2021-05-03 09:25:46,592.75,1780245
2021-05-03 09:25:46,592.75,1780245
2021-05-03 09:25:47,592.5,1780423
2021-05-03 09:25:48,592.8,1782556
2021-05-03 09:25:49,592.8,1783993
2021-05-03 09:25:50,592.8,1785121
2021-05-03 09:25:52,593.0,1790786
2021-05-03 09:25:53,593.05,1796613
2021-05-03 09:25:54,593.15,1798304
2021-05-03 09:25:55,593.25,1799229
2021-05-03 09:25:56,593.4,1801198
2021-05-03 09:25:57,593.2,1801856
2021-05-03 09:25:58,593.3,1804582
2021-05-03 09:25:59,593.4,1804719
2021-05-03 09:26:00,593.0,1805274
2021-05-03 09:26:00,592.95,1806675
2021-05-03 09:26:01,593.15,1807048
2021-05-03 09:26:02,593.15,1807972
2021-05-03 09:26:03,592.95,1808156
2021-05-03 09:26:04,592.85,1809503
2021-05-03 09:26:05,592.6,1810055
2021-05-03 09:26:06,592.5,1810577
2021-05-03 09:26:07,592.6,1810827
2021-05-03 09:26:08,592.55,1813664
2021-05-03 09:26:10,592.5,1813878
2021-05-03 09:26:11,592.2,1815192
2021-05-03 09:26:12,592.35,1815434
2021-05-03 09:26:13,592.05,1815533
2021-05-03 09:26:14,592.0,1817676
2021-05-03 09:26:15,592.2,1818379
2021-05-03 09:26:16,592.25,1820728
2021-05-03 09:26:17,592.1,1821159
2021-05-03 09:26:18,592.25,1821919
2021-05-03 09:26:19,592.25,1822587
2021-05-03 09:26:20,592.2,1823894
2021-05-03 09:26:21,592.1,1825074
2021-05-03 09:26:22,592.1,1825179
2021-05-03 09:26:22,592.2,1825229
2021-05-03 09:26:23,592.2,1825342
2021-05-03 09:26:24,592.15,1826346
2021-05-03 09:26:25,592.6,1826697
2021-05-03 09:26:26,592.6,1826892
2021-05-03 09:26:27,592.5,1826957
2021-05-03 09:26:28,592.4,1827114
2021-05-03 09:26:30,592.6,1827639
2021-05-03 09:26:31,592.6,1828007
2021-05-03 09:26:32,592.8,1828962
2021-05-03 09:26:33,592.55,1829166
2021-05-03 09:26:34,593.0,1829621
2021-05-03 09:26:35,592.9,1830276
2021-05-03 09:26:36,592.8,1830492
2021-05-03 09:26:37,592.7,1831478
2021-05-03 09:26:38,592.5,1831503
2021-05-03 09:26:39,593.0,1831997
2021-05-03 09:26:40,592.8,1832512
2021-05-03 09:26:41,592.9,1833126
2021-05-03 09:26:42,593.0,1833753
2021-05-03 09:26:43,592.85,1833855
2021-05-03 09:26:43,592.75,1833875
2021-05-03 09:26:44,592.85,1833986
2021-05-03 09:26:45,592.65,1839863
2021-05-03 09:26:46,592.7,1840632
2021-05-03 09:26:47,592.65,1841459
2021-05-03 09:26:48,592.6,1841927
2021-05-03 09:26:49,592.65,1842290
2021-05-03 09:26:50,592.55,1842484
2021-05-03 09:26:51,592.65,1843595
2021-05-03 09:26:52,592.55,1845316
2021-05-03 09:26:53,592.55,1845697
2021-05-03 09:26:54,592.2,1851932
2021-05-03 09:26:55,592.0,1852873
2021-05-03 09:26:57,592.2,1853722
2021-05-03 09:26:58,592.25,1853915
2021-05-03 09:26:59,592.4,1853994
2021-05-03 09:27:00,592.55,1864032
2021-05-03 09:27:01,592.5,1864635
2021-05-03 09:27:02,592.25,1865520
2021-05-03 09:27:03,592.35,1865632
2021-05-03 09:27:04,592.35,1866615
2021-05-03 09:27:05,592.35,1866729
2021-05-03 09:27:06,592.2,1867268
2021-05-03 09:27:07,592.15,1869063
2021-05-03 09:27:08,592.2,1869124
2021-05-03 09:27:09,592.1,1880585
2021-05-03 09:27:10,592.1,1880659
2021-05-03 09:27:11,592.0,1894300
2021-05-03 09:27:12,592.0,1895044
2021-05-03 09:27:13,592.05,1895841
2021-05-03 09:27:14,591.95,1896368
2021-05-03 09:27:15,591.9,1896597
2021-05-03 09:27:16,591.7,1897657
2021-05-03 09:27:17,591.95,1898676
2021-05-03 09:27:18,591.9,1898926
2021-05-03 09:27:19,591.95,1901046
2021-05-03 09:27:20,592.2,1902179
2021-05-03 09:27:21,592.4,1903480
2021-05-03 09:27:22,592.3,1903548
2021-05-03 09:27:23,592.3,1903623
2021-05-03 09:27:24,592.4,1903996
2021-05-03 09:27:25,592.4,1904165
2021-05-03 09:27:26,592.4,1904355
2021-05-03 09:27:27,592.35,1905432
2021-05-03 09:27:28,592.55,1906782
2021-05-03 09:27:29,592.6,1906838
2021-05-03 09:27:30,592.6,1907153
2021-05-03 09:27:31,592.9,1909255
2021-05-03 09:27:32,592.65,1909329
2021-05-03 09:27:33,592.9,1911482
2021-05-03 09:27:34,592.9,1911490
2021-05-03 09:27:35,592.9,1911553
2021-05-03 09:27:36,592.75,1911750
2021-05-03 09:27:37,592.65,1911855
2021-05-03 09:27:38,592.7,1912041
2021-05-03 09:27:39,592.7,1912642
2021-05-03 09:27:40,592.75,1912836
2021-05-03 09:27:41,592.7,1913638
2021-05-03 09:27:42,592.9,1915379
2021-05-03 09:27:44,593.8,1941669
2021-05-03 09:27:45,593.6,1944659
2021-05-03 09:27:46,594.15,1959519
2021-05-03 09:27:47,594.0,1962232
2021-05-03 09:27:48,594.15,1962398
2021-05-03 09:27:49,593.9,1962867
2021-05-03 09:27:50,593.95,1963571
2021-05-03 09:27:51,594.3,1972725
2021-05-03 09:27:52,594.15,1973075
2021-05-03 09:27:53,594.3,1974224
2021-05-03 09:27:54,594.55,1988253
2021-05-03 09:27:55,594.3,1989145
2021-05-03 09:27:56,594.3,1990285
2021-05-03 09:27:57,594.2,1990614
2021-05-03 09:27:58,594.15,1991754
2021-05-03 09:27:59,594.2,1991840
2021-05-03 09:28:00,594.05,1993972
2021-05-03 09:28:01,593.7,1998763
2021-05-03 09:28:02,593.9,1999315
2021-05-03 09:28:03,593.9,2000102
2021-05-03 09:28:04,593.75,2000318
2021-05-03 09:28:05,593.75,2000672
2021-05-03 09:28:06,593.55,2002138
2021-05-03 09:28:07,593.55,2002728
2021-05-03 09:28:08,593.55,2003138
2021-05-03 09:28:09,593.65,2003688
2021-05-03 09:28:10,593.6,2004826
2021-05-03 09:28:11,593.6,2005686
2021-05-03 09:28:12,593.6,2005906
2021-05-03 09:28:13,593.45,2006534
2021-05-03 09:28:14,593.5,2007102
2021-05-03 09:28:15,593.0,2010064
2021-05-03 09:28:16,593.0,2010389
2021-05-03 09:28:17,593.0,2011172
2021-05-03 09:28:18,593.05,2015863
2021-05-03 09:28:19,593.2,2015999
2021-05-03 09:28:20,593.3,2016560
2021-05-03 09:28:21,593.45,2016732
2021-05-03 09:28:22,593.3,2016848
2021-05-03 09:28:23,593.4,2016907
2021-05-03 09:28:24,593.9,2031998
2021-05-03 09:28:25,593.55,2032944
2021-05-03 09:28:26,593.55,2033075
2021-05-03 09:28:27,593.2,2035132
2021-05-03 09:28:28,593.3,2035392
2021-05-03 09:28:29,593.4,2036497
2021-05-03 09:28:30,593.4,2037140
2021-05-03 09:28:31,593.5,2037948
2021-05-03 09:28:32,593.5,2038112
2021-05-03 09:28:33,593.3,2038909
2021-05-03 09:28:34,593.4,2039153
2021-05-03 09:28:35,593.1,2039380
2021-05-03 09:28:36,593.25,2039427
2021-05-03 09:28:37,593.05,2039870
2021-05-03 09:28:38,593.4,2040851
2021-05-03 09:28:39,593.4,2041508
2021-05-03 09:28:40,593.4,2041560
2021-05-03 09:28:41,593.3,2041954
2021-05-03 09:28:42,593.45,2043478
2021-05-03 09:28:43,593.25,2043560
2021-05-03 09:28:44,593.4,2043834
2021-05-03 09:28:45,593.15,2044214
2021-05-03 09:28:46,593.25,2044427
2021-05-03 09:28:47,593.0,2046002
2021-05-03 09:28:48,593.4,2046539
2021-05-03 09:28:49,593.45,2046868
2021-05-03 09:28:50,593.1,2046984
2021-05-03 09:28:51,593.15,2047008
2021-05-03 09:28:52,593.15,2047107
2021-05-03 09:28:53,593.35,2047702
2021-05-03 09:28:54,593.2,2047706
2021-05-03 09:28:55,593.0,2062755
2021-05-03 09:28:56,593.15,2064093
2021-05-03 09:28:56,593.2,2064055
2021-05-03 09:28:57,593.0,2066181
2021-05-03 09:28:58,593.0,2067984
2021-05-03 09:28:59,593.2,2070850
2021-05-03 09:29:00,592.75,2071407
2021-05-03 09:29:01,593.0,2071637
2021-05-03 09:29:02,593.0,2071790
2021-05-03 09:29:03,593.0,2071946
2021-05-03 09:29:05,592.95,2072530
2021-05-03 09:29:06,592.95,2072950
2021-05-03 09:29:07,592.75,2074612
2021-05-03 09:29:08,592.9,2074647
2021-05-03 09:29:09,592.75,2074657
2021-05-03 09:29:10,592.75,2074901
2021-05-03 09:29:11,592.75,2075414
2021-05-03 09:29:12,592.65,2077585
2021-05-03 09:29:13,593.0,2078169
2021-05-03 09:29:14,592.75,2078228
2021-05-03 09:29:15,593.0,2078231
2021-05-03 09:29:16,593.0,2081917
2021-05-03 09:29:17,593.15,2083369
2021-05-03 09:29:18,592.85,2083904
2021-05-03 09:29:19,593.0,2085564
2021-05-03 09:29:20,593.0,2086431
2021-05-03 09:29:21,592.85,2087460
2021-05-03 09:29:22,592.95,2089093
2021-05-03 09:29:23,593.0,2089316
2021-05-03 09:29:24,592.95,2089516
2021-05-03 09:29:25,592.95,2090136
2021-05-03 09:29:26,593.0,2096185
2021-05-03 09:29:27,593.15,2099049
2021-05-03 09:29:28,593.0,2100620
2021-05-03 09:29:29,593.0,2101663
2021-05-03 09:29:30,592.95,2102065
2021-05-03 09:29:31,593.0,2102440
2021-05-03 09:29:32,593.0,2102499
2021-05-03 09:29:33,592.95,2103022
2021-05-03 09:29:34,592.9,2103415
2021-05-03 09:29:35,592.95,2105467
2021-05-03 09:29:36,592.95,2105818
2021-05-03 09:29:37,593.0,2107865
2021-05-03 09:29:38,593.45,2123119
2021-05-03 09:29:39,593.45,2139705
2021-05-03 09:29:40,593.35,2159764
2021-05-03 09:29:41,593.25,2166937
2021-05-03 09:29:42,593.1,2167678
2021-05-03 09:29:43,593.0,2171785
2021-05-03 09:29:44,593.0,2171875
2021-05-03 09:29:45,593.2,2174484
2021-05-03 09:29:46,593.15,2175216
2021-05-03 09:29:47,593.2,2177959
2021-05-03 09:29:48,593.15,2179157
2021-05-03 09:29:49,593.0,2179227
2021-05-03 09:29:50,593.05,2181516
2021-05-03 09:29:51,593.2,2187211
2021-05-03 09:29:52,593.05,2191389
2021-05-03 09:29:53,593.25,2199442
2021-05-03 09:29:54,593.0,2200902
2021-05-03 09:29:55,592.9,2203453
2021-05-03 09:29:56,592.95,2203736
2021-05-03 09:29:57,593.05,2203931
2021-05-03 09:29:58,592.7,2204707
2021-05-03 09:29:59,592.7,2204946
2021-05-03 09:30:00,592.75,2205641
2021-05-03 09:30:01,592.8,2206172
2021-05-03 09:30:02,592.8,2206485
2021-05-03 09:30:03,593.0,2207109
2021-05-03 09:30:04,593.0,2209990
2021-05-03 09:30:05,593.05,2211050
2021-05-03 09:30:06,593.0,2216769
2021-05-03 09:30:07,593.1,2216820
2021-05-03 09:30:08,592.9,2218040
2021-05-03 09:30:09,592.95,2219645
2021-05-03 09:30:10,592.9,2220114
2021-05-03 09:30:11,593.0,2220910
2021-05-03 09:30:12,593.0,2221265
2021-05-03 09:30:13,592.85,2222070
2021-05-03 09:30:14,593.0,2226844
2021-05-03 09:30:15,592.85,2227070
2021-05-03 09:30:16,592.85,2227577
2021-05-03 09:30:17,592.7,2231629
2021-05-03 09:30:18,592.8,2232011
2021-05-03 09:30:19,592.8,2232282
2021-05-03 09:30:20,592.75,2232613
2021-05-03 09:30:21,592.6,2238490
2021-05-03 09:30:22,592.6,2238690
2021-05-03 09:30:23,592.6,2245070
2021-05-03 09:30:24,592.7,2245791
2021-05-03 09:30:25,592.4,2246356
2021-05-03 09:30:26,592.55,2246887
2021-05-03 09:30:27,592.6,2247005
2021-05-03 09:30:28,592.55,2248289
2021-05-03 09:30:29,592.55,2249121
2021-05-03 09:30:30,592.55,2249222
2021-05-03 09:30:31,592.45,2249343
2021-05-03 09:30:32,592.3,2250113
2021-05-03 09:30:33,592.3,2251166
2021-05-03 09:30:34,592.55,2251267
2021-05-03 09:30:35,592.55,2251467
2021-05-03 09:30:36,592.55,2252930
2021-05-03 09:30:37,592.45,2262390
2021-05-03 09:30:38,592.5,2278783
2021-05-03 09:30:39,592.1,2310297
2021-05-03 09:30:40,592.15,2313444
2021-05-03 09:30:41,592.3,2315125
2021-05-03 09:30:42,592.4,2334120
2021-05-03 09:30:43,592.25,2338041
2021-05-03 09:30:44,592.15,2346169
2021-05-03 09:30:45,592.35,2349333
2021-05-03 09:30:46,592.15,2351883
2021-05-03 09:30:47,592.0,2353737
2021-05-03 09:30:48,592.45,2355695
2021-05-03 09:30:49,591.95,2357587
2021-05-03 09:30:50,592.25,2358732
2021-05-03 09:30:51,592.25,2361792
2021-05-03 09:30:52,592.0,2363804
2021-05-03 09:30:53,592.2,2372524
2021-05-03 09:30:54,592.0,2373585
2021-05-03 09:30:55,592.0,2374469
2021-05-03 09:30:56,591.8,2374516
2021-05-03 09:30:57,591.8,2375481
2021-05-03 09:30:58,591.65,2376386
2021-05-03 09:30:59,591.65,2376413
2021-05-03 09:31:00,591.75,2376603
2021-05-03 09:31:01,591.8,2376888
2021-05-03 09:31:02,591.8,2377214
2021-05-03 09:31:03,591.7,2377751
2021-05-03 09:31:04,591.65,2378675
2021-05-03 09:31:05,591.7,2379636
2021-05-03 09:31:07,591.9,2380453
2021-05-03 09:31:06,591.9,2380273
2021-05-03 09:31:08,591.9,2380995
2021-05-03 09:31:09,592.0,2383776
2021-05-03 09:31:10,591.7,2383826
2021-05-03 09:31:11,591.8,2384417
2021-05-03 09:31:13,592.1,2392674
2021-05-03 09:31:14,592.05,2395891
2021-05-03 09:31:15,591.8,2397694
2021-05-03 09:31:16,591.9,2399866
2021-05-03 09:31:17,592.0,2400829
2021-05-03 09:31:18,592.0,2401926
2021-05-03 09:31:19,592.4,2416814
2021-05-03 09:31:20,592.45,2443706
2021-05-03 09:31:21,592.25,2453458
2021-05-03 09:31:22,592.15,2465752
2021-05-03 09:31:23,592.0,2473278
2021-05-03 09:31:24,592.2,2476429
2021-05-03 09:31:25,592.0,2481979
2021-05-03 09:31:26,592.2,2490036
2021-05-03 09:31:27,592.05,2492325
2021-05-03 09:31:28,592.15,2495409
2021-05-03 09:31:29,592.25,2495596
2021-05-03 09:31:29,592.2,2495715
2021-05-03 09:31:30,592.2,2498610
2021-05-03 09:31:30,592.2,2498610
2021-05-03 09:31:31,592.45,2498630
2021-05-03 09:31:32,592.25,2498656
2021-05-03 09:31:33,592.3,2506202
2021-05-03 09:31:34,592.45,2506542
2021-05-03 09:31:35,592.35,2506900
2021-05-03 09:31:36,592.25,2508078
2021-05-03 09:31:37,592.3,2508150
2021-05-03 09:31:38,592.4,2509836
2021-05-03 09:31:39,592.2,2509853
2021-05-03 09:31:41,592.35,2511306
2021-05-03 09:31:42,592.25,2514246
2021-05-03 09:31:42,592.25,2514246
2021-05-03 09:31:43,592.3,2514771
2021-05-03 09:31:44,592.3,2514857
2021-05-03 09:31:45,592.3,2514954
2021-05-03 09:31:46,592.3,2515250
2021-05-03 09:31:47,592.25,2515350
2021-05-03 09:31:48,592.45,2515519
2021-05-03 09:31:49,592.45,2515724
2021-05-03 09:31:50,592.3,2516318
2021-05-03 09:31:51,592.35,2516402
2021-05-03 09:31:52,592.4,2516409
2021-05-03 09:31:53,592.4,2516603
2021-05-03 09:31:54,592.4,2518103
2021-05-03 09:31:55,592.3,2518162
2021-05-03 09:31:56,592.3,2518226
2021-05-03 09:31:57,592.15,2518903
2021-05-03 09:31:58,592.15,2518969
2021-05-03 09:31:59,592.3,2519194
2021-05-03 09:32:01,592.5,2523099
2021-05-03 09:32:01,592.35,2521098
2021-05-03 09:32:02,592.5,2523327
2021-05-03 09:32:03,592.5,2524362
2021-05-03 09:32:04,592.5,2524372
2021-05-03 09:32:05,592.3,2524695
2021-05-03 09:32:07,592.35,2524749
2021-05-03 09:32:07,592.35,2524749
2021-05-03 09:32:08,592.35,2525762
2021-05-03 09:32:09,592.25,2539909
2021-05-03 09:32:10,591.95,2543340
2021-05-03 09:32:12,592.15,2551216
2021-05-03 09:32:12,592.15,2551165
2021-05-03 09:32:13,592.2,2554005
2021-05-03 09:32:14,592.0,2554126
2021-05-03 09:32:15,592.15,2554483
2021-05-03 09:32:16,592.2,2558338
2021-05-03 09:32:17,592.2,2560184
2021-05-03 09:32:18,592.2,2560468
2021-05-03 09:32:19,592.1,2563257
2021-05-03 09:32:20,592.0,2563457
2021-05-03 09:32:21,591.95,2567003
2021-05-03 09:32:23,592.15,2568313
2021-05-03 09:32:23,592.0,2569966
2021-05-03 09:32:24,591.8,2570628
2021-05-03 09:32:25,592.2,2574200
2021-05-03 09:32:26,592.0,2580314
2021-05-03 09:32:27,592.0,2580664
2021-05-03 09:32:28,591.95,2581281
2021-05-03 09:32:30,591.9,2582426
2021-05-03 09:32:30,591.8,2582522
2021-05-03 09:32:31,591.9,2582558
2021-05-03 09:32:32,591.8,2583495
2021-05-03 09:32:33,591.9,2583637
2021-05-03 09:32:34,591.9,2584233
2021-05-03 09:32:36,591.75,2585076
2021-05-03 09:32:36,591.75,2585076
2021-05-03 09:32:37,591.7,2587788
2021-05-03 09:32:38,591.6,2589036
2021-05-03 09:32:39,591.5,2589127
2021-05-03 09:32:40,591.5,2589373
2021-05-03 09:32:42,591.5,2590051
2021-05-03 09:32:42,591.5,2590051
2021-05-03 09:32:43,591.5,2590809
2021-05-03 09:32:44,591.7,2591113
2021-05-03 09:32:45,591.5,2591677
2021-05-03 09:32:46,591.55,2594468
2021-05-03 09:32:48,591.55,2595095
2021-05-03 09:32:48,591.55,2595095
2021-05-03 09:32:49,591.75,2595310
2021-05-03 09:32:50,591.85,2597024
2021-05-03 09:32:51,591.85,2597585
2021-05-03 09:32:53,591.85,2598604
2021-05-03 09:32:53,591.9,2598579
2021-05-03 09:32:54,591.85,2599010
2021-05-03 09:32:55,591.75,2599754
2021-05-03 09:32:56,591.7,2599814
2021-05-03 09:32:58,591.9,2600340
2021-05-03 09:32:58,591.85,2600350
2021-05-03 09:32:59,591.65,2600915
2021-05-03 09:33:00,591.55,2601331
2021-05-03 09:33:01,591.5,2601577
2021-05-03 09:33:02,591.55,2603006
2021-05-03 09:33:03,591.55,2603473
2021-05-03 09:33:04,591.5,2603549
2021-05-03 09:33:05,591.55,2604028
2021-05-03 09:33:06,591.6,2605799
2021-05-03 09:33:07,591.5,2605849
2021-05-03 09:33:09,591.8,2606086
2021-05-03 09:33:09,591.8,2606186
2021-05-03 09:33:10,591.55,2606738
2021-05-03 09:33:11,591.8,2606968
2021-05-03 09:33:12,591.8,2607337
2021-05-03 09:33:13,591.8,2607557
2021-05-03 09:33:16,591.8,2608324
2021-05-03 09:33:16,591.8,2608434
2021-05-03 09:33:17,591.85,2608668
2021-05-03 09:33:19,591.8,2608681
2021-05-03 09:33:20,591.65,2609475
2021-05-03 09:33:20,591.8,2609606
2021-05-03 09:33:21,591.8,2610912
2021-05-03 09:33:22,591.55,2611052
2021-05-03 09:33:23,591.75,2611172
2021-05-03 09:33:24,592.1,2627686
2021-05-03 09:33:25,592.1,2632090
2021-05-03 09:33:27,591.85,2633327
2021-05-03 09:33:28,591.85,2633327
2021-05-03 09:33:28,591.85,2633327
2021-05-03 09:33:29,592.0,2638823
2021-05-03 09:33:30,592.15,2640558
2021-05-03 09:33:31,592.0,2640696
2021-05-03 09:33:33,592.0,2641942
2021-05-03 09:33:34,591.85,2642173
2021-05-03 09:33:34,591.85,2642173
2021-05-03 09:33:35,591.8,2642701
2021-05-03 09:33:36,591.75,2646341
2021-05-03 09:33:37,591.75,2646629
2021-05-03 09:33:39,591.75,2646727
2021-05-03 09:33:40,591.5,2647919
2021-05-03 09:33:40,591.6,2647933
2021-05-03 09:33:41,591.45,2657501
2021-05-03 09:33:42,591.45,2657513
2021-05-03 09:33:43,591.4,2657607
2021-05-03 09:33:44,591.45,2659707
2021-05-03 09:33:45,591.3,2660640
2021-05-03 09:33:47,591.3,2661586
2021-05-03 09:33:48,591.4,2662137
2021-05-03 09:33:48,591.4,2662137
2021-05-03 09:33:49,591.3,2663056
2021-05-03 09:33:50,591.4,2663059
2021-05-03 09:33:52,591.4,2663941
2021-05-03 09:33:53,591.35,2664352
2021-05-03 09:33:54,591.35,2664440
2021-05-03 09:33:54,591.35,2664415
2021-05-03 09:33:55,591.3,2664723
2021-05-03 09:33:56,591.35,2664983
2021-05-03 09:33:57,591.35,2665259
2021-05-03 09:33:58,591.35,2665905
2021-05-03 09:34:00,591.3,2665990
2021-05-03 09:34:01,591.3,2666392
2021-05-03 09:34:02,591.35,2667057
2021-05-03 09:34:02,591.3,2667031
2021-05-03 09:34:03,591.3,2667414
2021-05-03 09:34:04,591.5,2669098
2021-05-03 09:34:05,591.5,2669835
2021-05-03 09:34:06,591.65,2670057
2021-05-03 09:34:07,591.45,2670103
2021-05-03 09:34:08,591.55,2675250
2021-05-03 09:34:09,591.5,2675685
2021-05-03 09:34:11,591.55,2675696
2021-05-03 09:34:12,591.5,2675858
2021-05-03 09:34:13,591.75,2680230
2021-05-03 09:34:14,592.0,2685336
2021-05-03 09:34:14,592.0,2685336
2021-05-03 09:34:15,591.95,2685938
2021-05-03 09:34:17,591.95,2686602
2021-05-03 09:34:18,591.7,2687052
2021-05-03 09:34:20,591.9,2687055
2021-05-03 09:34:21,591.75,2687287
2021-05-03 09:34:21,591.75,2687303
2021-05-03 09:34:22,591.7,2687675
2021-05-03 09:34:23,591.65,2689939
2021-05-03 09:34:24,591.95,2690200
2021-05-03 09:34:26,591.85,2690830
2021-05-03 09:34:27,591.85,2690835
2021-05-03 09:34:28,591.85,2691157
2021-05-03 09:34:28,591.85,2691157
2021-05-03 09:34:29,591.85,2691199
2021-05-03 09:34:30,591.85,2691326
2021-05-03 09:34:31,591.85,2691343
2021-05-03 09:34:32,591.75,2691803
2021-05-03 09:34:33,591.85,2691857
2021-05-03 09:34:34,591.95,2693226
2021-05-03 09:34:36,591.95,2694105
2021-05-03 09:34:37,591.85,2694665
2021-05-03 09:34:38,591.85,2695789
2021-05-03 09:34:39,591.85,2695900
2021-05-03 09:34:40,591.8,2696054
2021-05-03 09:34:40,591.95,2696058
2021-05-03 09:34:41,591.9,2696111
2021-05-03 09:34:42,591.9,2696189
2021-05-03 09:34:43,591.85,2696215
2021-05-03 09:34:45,591.9,2696577
2021-05-03 09:34:46,591.85,2696898
2021-05-03 09:34:47,591.9,2697544
2021-05-03 09:34:48,592.0,2698041
2021-05-03 09:34:49,592.0,2698099
2021-05-03 09:34:49,592.0,2698114
2021-05-03 09:34:50,592.0,2698460
2021-05-03 09:34:51,592.0,2698505
2021-05-03 09:34:52,592.0,2699018
2021-05-03 09:34:53,592.0,2699618
2021-05-03 09:34:54,591.95,2699735
2021-05-03 09:34:56,592.0,2702444
2021-05-03 09:34:57,592.0,2702548
2021-05-03 09:34:58,591.7,2704241
2021-05-03 09:34:59,591.85,2704244
2021-05-03 09:35:00,591.8,2704256
2021-05-03 09:35:01,591.9,2705428
2021-05-03 09:35:01,591.9,2705377
2021-05-03 09:35:02,591.9,2705428
2021-05-03 09:35:03,591.9,2705684
2021-05-03 09:35:04,591.9,2705737
2021-05-03 09:35:05,591.85,2705860
2021-05-03 09:35:06,591.8,2706077
2021-05-03 09:35:08,591.7,2706680
2021-05-03 09:35:09,591.3,2720804
2021-05-03 09:35:10,591.3,2720869
2021-05-03 09:35:10,591.3,2720869
2021-05-03 09:35:11,591.6,2721065
2021-05-03 09:35:12,591.25,2722559
2021-05-03 09:35:13,591.55,2722705
2021-05-03 09:35:14,591.55,2723227
2021-05-03 09:35:15,591.3,2723266
2021-05-03 09:35:16,591.25,2724099
2021-05-03 09:35:18,591.15,2726700
2021-05-03 09:35:19,591.2,2728701
2021-05-03 09:35:20,591.1,2729079
2021-05-03 09:35:21,591.2,2730857
2021-05-03 09:35:22,591.1,2731120
2021-05-03 09:35:22,591.1,2731120
2021-05-03 09:35:23,591.1,2731255
2021-05-03 09:35:24,591.2,2731890
2021-05-03 09:35:26,590.85,2757129
2021-05-03 09:35:28,590.85,2757505
2021-05-03 09:35:29,590.65,2758356
2021-05-03 09:35:30,590.8,2760012
2021-05-03 09:35:30,590.8,2760012
2021-05-03 09:35:31,590.6,2760854
2021-05-03 09:35:32,590.8,2763101
2021-05-03 09:35:33,590.65,2763606
2021-05-03 09:35:34,590.5,2765888
2021-05-03 09:35:35,590.7,2770419
2021-05-03 09:35:37,590.7,2771324
2021-05-03 09:35:38,590.5,2772530
2021-05-03 09:35:39,590.5,2772693
2021-05-03 09:35:40,590.65,2776613
2021-05-03 09:35:40,590.4,2776222
2021-05-03 09:35:41,590.5,2776837
2021-05-03 09:35:42,590.65,2776945
2021-05-03 09:35:44,590.6,2777249
2021-05-03 09:35:45,590.65,2778118
2021-05-03 09:35:46,590.7,2779858
2021-05-03 09:35:47,590.4,2781371
2021-05-03 09:35:48,590.25,2781522
2021-05-03 09:35:49,590.4,2781852
2021-05-03 09:35:50,590.35,2782281
2021-05-03 09:35:51,590.85,2789261
2021-05-03 09:35:52,590.85,2789470
2021-05-03 09:35:53,590.85,2790337
2021-05-03 09:35:54,590.9,2791086
2021-05-03 09:35:55,590.75,2791421
2021-05-03 09:35:56,590.9,2791588
2021-05-03 09:35:57,590.8,2792044
2021-05-03 09:35:58,590.9,2792056
2021-05-03 09:35:59,590.9,2792657
2021-05-03 09:36:00,591.55,2799185
2021-05-03 09:36:01,591.5,2799776
2021-05-03 09:36:02,591.5,2800183
2021-05-03 09:36:03,591.65,2800336
2021-05-03 09:36:04,591.7,2800696
2021-05-03 09:36:05,591.7,2800830
2021-05-03 09:36:06,591.5,2801049
2021-05-03 09:36:07,591.75,2801549
2021-05-03 09:36:08,591.6,2802110
2021-05-03 09:36:09,591.8,2803391
2021-05-03 09:36:10,591.45,2803536
2021-05-03 09:36:11,591.5,2804404
2021-05-03 09:36:12,591.55,2805320
2021-05-03 09:36:13,591.5,2805644
2021-05-03 09:36:14,591.6,2805771
2021-05-03 09:36:14,591.5,2805921
2021-05-03 09:36:15,591.5,2806368
2021-05-03 09:36:16,591.6,2807053
2021-05-03 09:36:17,591.35,2807349
2021-05-03 09:36:18,591.55,2807350
2021-05-03 09:36:19,591.5,2808131
2021-05-03 09:36:21,591.6,2808680
2021-05-03 09:36:22,591.6,2808783
2021-05-03 09:36:23,591.55,2808891
2021-05-03 09:36:24,591.55,2808897
2021-05-03 09:36:25,591.95,2817595
2021-05-03 09:36:25,591.95,2818704
2021-05-03 09:36:26,591.7,2818861
2021-05-03 09:36:27,591.8,2818891
2021-05-03 09:36:28,591.7,2818901
2021-05-03 09:36:29,591.95,2820212
2021-05-03 09:36:31,591.9,2820524
2021-05-03 09:36:32,591.9,2820646
2021-05-03 09:36:33,592.2,2845702
2021-05-03 09:36:34,592.05,2848935
2021-05-03 09:36:35,592.25,2853009
2021-05-03 09:36:35,592.0,2853425
2021-05-03 09:36:36,591.85,2867407
2021-05-03 09:36:37,592.25,2867657
2021-05-03 09:36:38,592.0,2872371
2021-05-03 09:36:40,591.85,2873083
2021-05-03 09:36:41,592.4,2888113
2021-05-03 09:36:42,592.0,2906739
2021-05-03 09:36:43,592.0,2908498
2021-05-03 09:36:43,592.0,2907848
2021-05-03 09:36:44,591.9,2908501
2021-05-03 09:36:45,592.05,2919806
2021-05-03 09:36:46,592.4,2921123
2021-05-03 09:36:48,592.15,2932688
2021-05-03 09:36:49,592.2,2951654
2021-05-03 09:36:50,592.4,2953207
2021-05-03 09:36:50,592.0,2959512
2021-05-03 09:36:51,592.05,2959790
2021-05-03 09:36:52,591.8,2961264
2021-05-03 09:36:54,592.0,2961858
2021-05-03 09:36:55,591.75,2968411
2021-05-03 09:36:56,591.85,2969117
2021-05-03 09:36:56,591.65,2969142
2021-05-03 09:36:57,591.95,2969237
2021-05-03 09:36:59,591.95,2970300
2021-05-03 09:37:00,592.0,2970876
2021-05-03 09:37:01,592.0,2980390
2021-05-03 09:37:02,591.95,2981313
2021-05-03 09:37:03,592.0,2981551
2021-05-03 09:37:04,591.95,2981669
2021-05-03 09:37:04,591.95,2981669
2021-05-03 09:37:05,591.95,2981749
2021-05-03 09:37:06,591.95,2983220
2021-05-03 09:37:08,592.0,2983377
2021-05-03 09:37:09,591.95,2985862
2021-05-03 09:37:10,591.95,2985980
2021-05-03 09:37:11,592.0,2990182
2021-05-03 09:37:11,592.0,2990182
2021-05-03 09:37:12,591.95,2990194
2021-05-03 09:37:13,591.95,2990327
2021-05-03 09:37:14,591.9,2994846
2021-05-03 09:37:16,591.95,2994856
2021-05-03 09:37:17,592.0,2996419
2021-05-03 09:37:18,592.0,2997481
2021-05-03 09:37:19,592.0,2997666
2021-05-03 09:37:20,592.05,3000450
2021-05-03 09:37:20,592.05,3000450
2021-05-03 09:37:21,591.95,3000479
2021-05-03 09:37:23,592.0,3000520
2021-05-03 09:37:24,592.0,3003121
2021-05-03 09:37:25,592.0,3004324
2021-05-03 09:37:26,592.0,3004565
2021-05-03 09:37:27,592.0,3004694
2021-05-03 09:37:28,592.0,3004695
2021-05-03 09:37:28,592.0,3005502
2021-05-03 09:37:29,591.85,3006657
2021-05-03 09:37:31,592.0,3008296
2021-05-03 09:37:32,592.0,3010550
2021-05-03 09:37:33,591.95,3011364
2021-05-03 09:37:34,591.95,3011970
2021-05-03 09:37:34,591.95,3011465
2021-05-03 09:37:36,591.9,3012041
2021-05-03 09:37:37,591.85,3012080
2021-05-03 09:37:38,592.0,3013410
2021-05-03 09:37:39,591.75,3013859
2021-05-03 09:37:40,591.75,3013912
2021-05-03 09:37:41,591.75,3013950
2021-05-03 09:37:42,591.7,3014783
2021-05-03 09:37:42,591.65,3014583
2021-05-03 09:37:44,591.65,3015035
2021-05-03 09:37:45,591.65,3015035
2021-05-03 09:37:46,591.5,3015104
2021-05-03 09:37:47,591.65,3015664
2021-05-03 09:37:48,591.85,3016303
2021-05-03 09:37:49,591.65,3016420
2021-05-03 09:37:49,591.65,3016420
2021-05-03 09:37:51,591.85,3017551
2021-05-03 09:37:52,591.85,3017751
2021-05-03 09:37:53,591.8,3017826
2021-05-03 09:37:54,591.9,3017888
2021-05-03 09:37:55,592.0,3020561
2021-05-03 09:37:56,591.95,3021960
2021-05-03 09:37:57,592.0,3023031
2021-05-03 09:37:57,592.0,3023033
2021-05-03 09:37:58,591.95,3023063
2021-05-03 09:38:00,592.0,3023486
2021-05-03 09:38:01,592.0,3024848
2021-05-03 09:38:02,591.95,3026337
2021-05-03 09:38:03,591.9,3026647
2021-05-03 09:38:04,592.0,3028444
2021-05-03 09:38:05,591.95,3028457
2021-05-03 09:38:05,591.8,3028825
2021-05-03 09:38:06,591.85,3030551
2021-05-03 09:38:08,591.7,3031386
2021-05-03 09:38:09,591.85,3031460
2021-05-03 09:38:10,591.85,3031790
2021-05-03 09:38:11,591.65,3031941
2021-05-03 09:38:12,591.55,3032923
2021-05-03 09:38:13,591.35,3034638
2021-05-03 09:38:14,591.5,3039967
2021-05-03 09:38:15,591.5,3040026
2021-05-03 09:38:15,591.4,3040279
2021-05-03 09:38:16,591.5,3040567
2021-05-03 09:38:18,591.5,3040685
2021-05-03 09:38:19,591.5,3040960
2021-05-03 09:38:20,591.5,3041236
2021-05-03 09:38:21,591.8,3044187
2021-05-03 09:38:22,591.65,3044589
2021-05-03 09:38:23,591.65,3044589
2021-05-03 09:38:24,591.7,3044761
2021-05-03 09:38:24,591.7,3044761
2021-05-03 09:38:25,591.75,3044812
2021-05-03 09:38:27,591.7,3044988
2021-05-03 09:38:28,591.75,3045488
2021-05-03 09:38:29,591.75,3045614
2021-05-03 09:38:30,591.75,3047373
2021-05-03 09:38:31,591.9,3047558
2021-05-03 09:38:32,591.7,3047640
2021-05-03 09:38:33,591.6,3047896
2021-05-03 09:38:33,591.6,3047896
2021-05-03 09:38:34,591.5,3047936
2021-05-03 09:38:36,591.55,3052999
2021-05-03 09:38:37,591.75,3053110
2021-05-03 09:38:38,591.75,3053183
2021-05-03 09:38:39,591.7,3053400
2021-05-03 09:38:40,591.75,3054270
2021-05-03 09:38:41,591.75,3054364
2021-05-03 09:38:41,591.7,3054564
2021-05-03 09:38:43,591.75,3055069
2021-05-03 09:38:44,591.7,3057147
2021-05-03 09:38:45,591.55,3057450
2021-05-03 09:38:46,591.3,3059122
2021-05-03 09:38:47,591.25,3059693
2021-05-03 09:38:48,591.4,3059725
2021-05-03 09:38:49,591.45,3059727
2021-05-03 09:38:49,591.45,3059727
2021-05-03 09:38:50,591.45,3061403
2021-05-03 09:38:52,591.45,3062335
2021-05-03 09:38:53,591.5,3062502
2021-05-03 09:38:54,591.5,3062603
2021-05-03 09:38:55,591.25,3062713
2021-05-03 09:38:56,591.35,3062715
2021-05-03 09:38:57,591.3,3062847
2021-05-03 09:38:58,591.45,3063247
2021-05-03 09:38:59,591.3,3063293
2021-05-03 09:38:59,591.3,3063343
2021-05-03 09:39:00,591.35,3067164
2021-05-03 09:39:01,591.3,3068668
2021-05-03 09:39:03,591.5,3068823
2021-05-03 09:39:04,591.4,3068857
2021-05-03 09:39:05,591.4,3069168
2021-05-03 09:39:06,591.25,3069783
2021-05-03 09:39:08,591.5,3070693
2021-05-03 09:39:09,591.5,3071132
2021-05-03 09:39:10,591.4,3071592
2021-05-03 09:39:11,591.45,3071747
2021-05-03 09:39:11,591.45,3071767
2021-05-03 09:39:12,592.0,3077062
2021-05-03 09:39:14,591.95,3077648
2021-05-03 09:39:15,591.65,3077659
2021-05-03 09:39:16,591.7,3078235
2021-05-03 09:39:17,591.7,3078511
2021-05-03 09:39:18,591.85,3078578
2021-05-03 09:39:19,591.85,3078604
2021-05-03 09:39:20,591.9,3079604
2021-05-03 09:39:21,591.85,3079612
2021-05-03 09:39:21,591.85,3079612
2021-05-03 09:39:22,591.7,3080660
2021-05-03 09:39:23,591.7,3080867
2021-05-03 09:39:25,591.55,3081318
2021-05-03 09:39:26,591.55,3082469
2021-05-03 09:39:27,591.5,3082796
2021-05-03 09:39:28,591.65,3083331
2021-05-03 09:39:29,591.45,3084307
2021-05-03 09:39:30,591.4,3084337
2021-05-03 09:39:31,591.65,3084347
2021-05-03 09:39:32,591.75,3086070
2021-05-03 09:39:33,591.5,3086360
2021-05-03 09:39:33,591.5,3086360
2021-05-03 09:39:34,591.55,3087337
2021-05-03 09:39:35,591.65,3087490
2021-05-03 09:39:37,591.9,3087516
2021-05-03 09:39:38,591.9,3088521
2021-05-03 09:39:39,592.0,3088562
2021-05-03 09:39:40,592.05,3113551
2021-05-03 09:39:41,592.05,3114319
2021-05-03 09:39:42,592.0,3115711
2021-05-03 09:39:43,592.0,3115712
2021-05-03 09:39:44,592.0,3115717
2021-05-03 09:39:45,591.85,3117364
2021-05-03 09:39:46,592.0,3118032
2021-05-03 09:39:47,591.8,3118337
2021-05-03 09:39:48,592.0,3124026
2021-05-03 09:39:49,591.95,3125511
2021-05-03 09:39:50,591.95,3125943
2021-05-03 09:39:51,592.0,3127254
2021-05-03 09:39:52,592.0,3128940
2021-05-03 09:39:53,592.2,3130403
2021-05-03 09:39:54,592.5,3133762
2021-05-03 09:39:55,592.2,3149648
2021-05-03 09:39:56,592.2,3153375
2021-05-03 09:39:57,592.2,3153593
2021-05-03 09:39:58,592.05,3155287
2021-05-03 09:39:59,592.0,3156004
2021-05-03 09:40:00,592.0,3156004
2021-05-03 09:40:01,591.95,3156111
2021-05-03 09:40:02,592.2,3156391
2021-05-03 09:40:03,592.0,3156546
2021-05-03 09:40:04,591.75,3156740
2021-05-03 09:40:05,591.95,3157462
2021-05-03 09:40:06,591.95,3157884
2021-05-03 09:40:07,591.95,3158109
2021-05-03 09:40:08,591.8,3158141
2021-05-03 09:40:09,591.95,3158651
2021-05-03 09:40:10,591.85,3158688
2021-05-03 09:40:11,591.8,3158849
2021-05-03 09:40:12,592.0,3159980
2021-05-03 09:40:13,591.85,3161159
2021-05-03 09:40:14,591.9,3162079
2021-05-03 09:40:15,591.95,3162604
2021-05-03 09:40:16,591.9,3162622
2021-05-03 09:40:17,591.9,3162809
2021-05-03 09:40:18,591.8,3162909
2021-05-03 09:40:19,591.9,3163437
2021-05-03 09:40:20,591.7,3163778
2021-05-03 09:40:21,591.65,3163923
2021-05-03 09:40:22,591.7,3166214
2021-05-03 09:40:23,591.7,3166506
2021-05-03 09:40:24,591.7,3166681
2021-05-03 09:40:25,591.6,3167101
2021-05-03 09:40:26,591.6,3167263
2021-05-03 09:40:27,591.55,3167268
2021-05-03 09:40:28,591.6,3167358
2021-05-03 09:40:29,591.7,3167440
2021-05-03 09:40:30,591.65,3167512
2021-05-03 09:40:31,591.55,3168589
2021-05-03 09:40:32,591.35,3169112
2021-05-03 09:40:33,591.5,3169374
2021-05-03 09:40:34,591.5,3169374
2021-05-03 09:40:35,591.25,3172037
2021-05-03 09:40:36,591.2,3172166
2021-05-03 09:40:37,591.2,3173337
2021-05-03 09:40:38,591.15,3173519
2021-05-03 09:40:39,591.05,3181458
2021-05-03 09:40:40,591.05,3181751
2021-05-03 09:40:41,591.0,3182755
2021-05-03 09:40:42,591.05,3182925
2021-05-03 09:40:44,591.0,3183945
2021-05-03 09:40:43,591.0,3183545
2021-05-03 09:40:45,591.0,3184050
2021-05-03 09:40:46,591.05,3185740
2021-05-03 09:40:47,591.15,3187762
2021-05-03 09:40:48,591.25,3187842
2021-05-03 09:40:49,591.25,3187842
2021-05-03 09:40:50,591.6,3188418
2021-05-03 09:40:51,591.65,3188838
2021-05-03 09:40:52,591.5,3188898
2021-05-03 09:40:54,591.5,3189152
2021-05-03 09:40:53,591.5,3189152
2021-05-03 09:40:55,591.55,3189194
2021-05-03 09:40:56,591.7,3189928
2021-05-03 09:40:58,592.0,3192286
2021-05-03 09:40:59,592.0,3192390
2021-05-03 09:41:00,592.05,3200956
2021-05-03 09:41:01,592.05,3206230
2021-05-03 09:41:02,592.05,3206280
2021-05-03 09:41:03,591.85,3206285
2021-05-03 09:41:04,592.0,3206401
2021-05-03 09:41:05,591.85,3207681
2021-05-03 09:41:06,591.75,3209062
2021-05-03 09:41:07,591.55,3209965
2021-05-03 09:41:08,591.6,3211099
2021-05-03 09:41:09,591.5,3211119
2021-05-03 09:41:10,591.8,3215217
2021-05-03 09:41:11,591.75,3215817
2021-05-03 09:41:12,591.8,3216317
2021-05-03 09:41:13,591.95,3219432
2021-05-03 09:41:14,591.7,3219527
2021-05-03 09:41:15,591.65,3219884
2021-05-03 09:41:16,591.9,3219922
2021-05-03 09:41:17,591.85,3220207
2021-05-03 09:41:18,591.85,3221580
2021-05-03 09:41:19,591.75,3221587
2021-05-03 09:41:20,591.6,3222240
2021-05-03 09:41:21,591.8,3222553
2021-05-03 09:41:22,591.8,3222853
2021-05-03 09:41:23,591.8,3222859
2021-05-03 09:41:24,591.8,3222936
2021-05-03 09:41:25,591.75,3222959
2021-05-03 09:41:26,591.8,3222992
2021-05-03 09:41:27,591.8,3223077
2021-05-03 09:41:28,591.65,3223838
2021-05-03 09:41:29,591.8,3227271
2021-05-03 09:41:30,591.8,3227271
2021-05-03 09:41:31,591.8,3227881
2021-05-03 09:41:32,591.6,3228074
2021-05-03 09:41:33,591.65,3229131
2021-05-03 09:41:34,591.6,3229247
2021-05-03 09:41:35,591.6,3229654
2021-05-03 09:41:36,591.6,3229654
2021-05-03 09:41:37,591.55,3229903
2021-05-03 09:41:38,591.5,3230076
2021-05-03 09:41:39,591.55,3230079
2021-05-03 09:41:40,591.55,3230189
2021-05-03 09:41:41,591.55,3230189
2021-05-03 09:41:42,591.55,3230312
2021-05-03 09:41:43,591.55,3230669
2021-05-03 09:41:44,591.7,3230824
2021-05-03 09:41:45,591.55,3230926
2021-05-03 09:41:46,591.55,3230926
2021-05-03 09:41:47,591.55,3230926
2021-05-03 09:41:48,591.75,3230930
2021-05-03 09:41:49,591.85,3235152
2021-05-03 09:41:50,592.0,3235760
2021-05-03 09:41:51,592.0,3235956
2021-05-03 09:41:52,592.0,3240716
2021-05-03 09:41:54,591.95,3241470
2021-05-03 09:41:54,591.95,3241470
2021-05-03 09:41:55,592.0,3241487
2021-05-03 09:41:56,592.0,3242429
2021-05-03 09:41:57,592.0,3242973
2021-05-03 09:41:58,592.0,3242993
2021-05-03 09:41:59,592.0,3244033
2021-05-03 09:42:00,592.3,3245418
2021-05-03 09:42:02,592.3,3245431
2021-05-03 09:42:02,592.3,3245431
2021-05-03 09:42:03,592.6,3248323
2021-05-03 09:42:04,592.9,3248434
2021-05-03 09:42:05,592.9,3254774
2021-05-03 09:42:07,592.9,3255075
2021-05-03 09:42:07,593.1,3256520
2021-05-03 09:42:09,593.2,3256666
2021-05-03 09:42:09,593.2,3256666
2021-05-03 09:42:10,593.0,3256807
2021-05-03 09:42:11,592.95,3259412
2021-05-03 09:42:12,592.85,3260186
2021-05-03 09:42:13,592.65,3263450
2021-05-03 09:42:14,592.8,3264192
2021-05-03 09:42:16,592.8,3264502
2021-05-03 09:42:16,592.8,3264823
2021-05-03 09:42:17,592.6,3266353
2021-05-03 09:42:19,592.65,3267980
2021-05-03 09:42:20,592.65,3269105
2021-05-03 09:42:21,592.8,3269474
2021-05-03 09:42:23,592.9,3269889
2021-05-03 09:42:23,592.85,3269890
2021-05-03 09:42:24,592.6,3270248
2021-05-03 09:42:25,592.8,3270914
2021-05-03 09:42:26,592.8,3273504
2021-05-03 09:42:28,592.85,3274658
2021-05-03 09:42:28,592.85,3274658
2021-05-03 09:42:29,593.0,3276064
2021-05-03 09:42:30,592.9,3276102
2021-05-03 09:42:31,592.8,3278138
2021-05-03 09:42:32,592.9,3278218
2021-05-03 09:42:34,592.9,3278229
2021-05-03 09:42:34,592.8,3278254
2021-05-03 09:42:35,592.8,3278369
2021-05-03 09:42:36,592.85,3278481
2021-05-03 09:42:37,592.7,3278600
2021-05-03 09:42:38,592.8,3280806
2021-05-03 09:42:40,592.7,3283669
2021-05-03 09:42:40,592.7,3284299
2021-05-03 09:42:41,592.7,3291387
2021-05-03 09:42:42,592.9,3292342
2021-05-03 09:42:43,592.9,3292444
2021-05-03 09:42:45,592.9,3292462
2021-05-03 09:42:45,592.8,3292463
2021-05-03 09:42:46,592.6,3294979
2021-05-03 09:42:47,592.8,3295239
2021-05-03 09:42:48,592.7,3295516
2021-05-03 09:42:49,592.5,3296058
2021-05-03 09:42:51,592.7,3296593
2021-05-03 09:42:52,592.8,3297250
2021-05-03 09:42:53,592.55,3297254
2021-05-03 09:42:54,592.65,3297565
2021-05-03 09:42:56,592.65,3298276
2021-05-03 09:42:57,592.75,3298544
2021-05-03 09:42:57,592.6,3298476
2021-05-03 09:42:58,592.85,3299321
2021-05-03 09:42:59,592.85,3299548
2021-05-03 09:43:00,592.8,3299898
2021-05-03 09:43:01,592.85,3300318
2021-05-03 09:43:03,592.7,3301487
2021-05-03 09:43:03,592.7,3301487
2021-05-03 09:43:04,592.7,3301487
2021-05-03 09:43:05,592.85,3302038
2021-05-03 09:43:06,592.85,3302071
2021-05-03 09:43:08,592.75,3302244
2021-05-03 09:43:08,592.75,3302244
2021-05-03 09:43:09,592.5,3306447
2021-05-03 09:43:10,592.6,3308384
2021-05-03 09:43:11,592.55,3308564
2021-05-03 09:43:12,592.45,3310277
2021-05-03 09:43:13,592.45,3311215
2021-05-03 09:43:15,592.45,3311740
2021-05-03 09:43:16,592.3,3314632
2021-05-03 09:43:16,592.3,3314782
2021-05-03 09:43:17,592.3,3315030
2021-05-03 09:43:18,592.55,3317330
2021-05-03 09:43:19,592.3,3317331
2021-05-03 09:43:20,592.5,3317721
2021-05-03 09:43:22,592.8,3318393
2021-05-03 09:43:23,592.8,3318512
2021-05-03 09:43:23,592.8,3318412
2021-05-03 09:43:24,592.55,3318532
2021-05-03 09:43:25,592.8,3320633
2021-05-03 09:43:26,592.8,3320633
2021-05-03 09:43:27,592.8,3323826
2021-05-03 09:43:28,593.0,3327725
2021-05-03 09:43:29,592.65,3328052
2021-05-03 09:43:30,592.8,3328977
2021-05-03 09:43:32,593.0,3329231
2021-05-03 09:43:32,592.8,3329239
2021-05-03 09:43:33,592.85,3329269
2021-05-03 09:43:34,593.0,3329726
2021-05-03 09:43:35,592.8,3331374
2021-05-03 09:43:36,592.8,3331702
2021-05-03 09:43:37,592.8,3332008
2021-05-03 09:43:38,592.8,3332396
2021-05-03 09:43:39,592.5,3334353
2021-05-03 09:43:41,592.5,3336069
2021-05-03 09:43:41,592.5,3336231
2021-05-03 09:43:42,592.65,3338237
2021-05-03 09:43:43,592.65,3338389
2021-05-03 09:43:44,592.75,3338500
2021-05-03 09:43:46,592.7,3340241
2021-05-03 09:43:46,593.0,3342338
2021-05-03 09:43:47,592.9,3342850
2021-05-03 09:43:48,592.6,3342977
2021-05-03 09:43:49,592.8,3343576
2021-05-03 09:43:51,592.6,3344355
2021-05-03 09:43:51,592.65,3344405
2021-05-03 09:43:52,592.7,3344547
2021-05-03 09:43:53,592.85,3348224
2021-05-03 09:43:54,592.7,3349707
2021-05-03 09:43:55,592.6,3349969
2021-05-03 09:43:56,592.6,3350018
2021-05-03 09:43:58,592.65,3350707
2021-05-03 09:43:58,592.65,3350749
2021-05-03 09:43:59,592.55,3350783
2021-05-03 09:44:00,592.65,3351736
2021-05-03 09:44:02,592.65,3352670
2021-05-03 09:44:03,592.35,3358729
2021-05-03 09:44:03,592.3,3360310
2021-05-03 09:44:04,592.4,3360636
2021-05-03 09:44:05,592.3,3361800
2021-05-03 09:44:06,592.3,3367044
2021-05-03 09:44:08,592.4,3367665
2021-05-03 09:44:09,592.35,3368091
2021-05-03 09:44:10,592.05,3369612
2021-05-03 09:44:10,592.2,3368992
2021-05-03 09:44:11,592.3,3370157
2021-05-03 09:44:12,592.3,3370330
2021-05-03 09:44:13,592.25,3370383
2021-05-03 09:44:15,592.0,3374559
2021-05-03 09:44:16,592.2,3375041
2021-05-03 09:44:17,592.0,3375640
2021-05-03 09:44:18,592.0,3384247
2021-05-03 09:44:19,591.85,3385255
2021-05-03 09:44:20,591.85,3385627
2021-05-03 09:44:20,591.65,3385611
2021-05-03 09:44:21,591.85,3385711
2021-05-03 09:44:22,591.85,3386863
2021-05-03 09:44:24,591.85,3387114
2021-05-03 09:44:25,591.85,3387349
2021-05-03 09:44:25,591.85,3387352
2021-05-03 09:44:26,591.85,3387877
2021-05-03 09:44:27,591.65,3387931
2021-05-03 09:44:29,591.85,3387996
2021-05-03 09:44:30,591.85,3388413
2021-05-03 09:44:30,591.85,3388413
2021-05-03 09:44:31,591.85,3388795
2021-05-03 09:44:32,592.1,3390255
2021-05-03 09:44:34,592.0,3391385
2021-05-03 09:44:35,592.0,3391915
2021-05-03 09:44:36,592.0,3394017
2021-05-03 09:44:37,592.0,3394044
2021-05-03 09:44:38,591.95,3394387
2021-05-03 09:44:39,591.95,3395066
2021-05-03 09:44:39,591.95,3395682
2021-05-03 09:44:40,591.85,3396356
2021-05-03 09:44:41,592.0,3396757
2021-05-03 09:44:42,592.0,3397394
2021-05-03 09:44:43,592.0,3397604
2021-05-03 09:44:45,591.75,3400753
2021-05-03 09:44:46,591.75,3400879
2021-05-03 09:44:47,591.75,3401439
2021-05-03 09:44:47,591.75,3401539
2021-05-03 09:44:48,591.75,3401636
2021-05-03 09:44:49,591.75,3401881
2021-05-03 09:44:50,591.85,3402431
2021-05-03 09:44:52,591.8,3402501
2021-05-03 09:44:53,591.8,3402521
2021-05-03 09:44:54,591.75,3402874
2021-05-03 09:44:55,591.8,3402980
2021-05-03 09:44:57,591.8,3403339
2021-05-03 09:44:58,591.95,3404159
2021-05-03 09:44:58,591.8,3403890
2021-05-03 09:44:59,592.0,3404778
2021-05-03 09:45:00,591.9,3405080
2021-05-03 09:45:01,591.85,3405148
2021-05-03 09:45:03,591.85,3405164
2021-05-03 09:45:04,591.9,3405222
2021-05-03 09:45:04,591.9,3405222
2021-05-03 09:45:05,591.8,3406547
2021-05-03 09:45:06,591.9,3406684
2021-05-03 09:45:07,591.85,3406810
2021-05-03 09:45:09,591.8,3406969
2021-05-03 09:45:10,591.75,3408041
2021-05-03 09:45:11,591.6,3408076
2021-05-03 09:45:11,591.8,3408079
2021-05-03 09:45:12,591.8,3408305
2021-05-03 09:45:13,591.8,3408722
2021-05-03 09:45:14,591.65,3408751
2021-05-03 09:45:16,591.75,3409731
2021-05-03 09:45:17,592.0,3409781
2021-05-03 09:45:18,591.75,3410033
2021-05-03 09:45:19,592.0,3410120
2021-05-03 09:45:19,592.0,3410120
2021-05-03 09:45:20,592.0,3410225
2021-05-03 09:45:21,592.0,3410345
2021-05-03 09:45:23,592.0,3410795
2021-05-03 09:45:24,592.45,3417192
2021-05-03 09:45:24,592.25,3417411
2021-05-03 09:45:25,592.5,3421086
2021-05-03 09:45:26,592.15,3422290
2021-05-03 09:45:28,592.15,3422446
2021-05-03 09:45:29,592.5,3423840
2021-05-03 09:45:30,592.25,3424102
2021-05-03 09:45:30,592.0,3424110
2021-05-03 09:45:31,592.0,3424172
2021-05-03 09:45:32,592.25,3424525
2021-05-03 09:45:33,592.25,3424810
2021-05-03 09:45:34,592.25,3424879
2021-05-03 09:45:36,592.0,3426926
2021-05-03 09:45:37,592.15,3429256
2021-05-03 09:45:38,592.0,3430101
2021-05-03 09:45:38,591.95,3430741
2021-05-03 09:45:39,592.05,3430925
2021-05-03 09:45:40,591.95,3430987
2021-05-03 09:45:41,591.95,3431223
2021-05-03 09:45:42,592.0,3431641
2021-05-03 09:45:43,591.95,3431767
2021-05-03 09:45:45,591.95,3432348
2021-05-03 09:45:46,591.95,3432582
2021-05-03 09:45:46,591.95,3432582
2021-05-03 09:45:47,591.8,3433395
2021-05-03 09:45:48,591.8,3433740
2021-05-03 09:45:49,591.8,3433865
2021-05-03 09:45:50,591.75,3434448
2021-05-03 09:45:51,591.95,3434536
2021-05-03 09:45:53,591.95,3434616
2021-05-03 09:45:54,591.95,3434791
2021-05-03 09:45:54,591.95,3434791
2021-05-03 09:45:55,591.65,3435306
2021-05-03 09:45:56,591.8,3435556
2021-05-03 09:45:57,591.8,3435686
2021-05-03 09:45:58,591.8,3435926
2021-05-03 09:46:00,591.75,3435974
2021-05-03 09:46:01,591.75,3435998
2021-05-03 09:46:01,591.7,3436000
2021-05-03 09:46:02,591.95,3437962
2021-05-03 09:46:04,591.9,3438030
2021-05-03 09:46:05,591.85,3438359
2021-05-03 09:46:06,591.85,3438508
2021-05-03 09:46:07,592.0,3438523
2021-05-03 09:46:08,591.95,3438533
2021-05-03 09:46:08,592.0,3438617
2021-05-03 09:46:09,592.0,3438617
2021-05-03 09:46:11,591.95,3438622
2021-05-03 09:46:12,592.2,3438746
2021-05-03 09:46:13,592.0,3438847
2021-05-03 09:46:13,592.0,3438847
2021-05-03 09:46:14,592.0,3438874
2021-05-03 09:46:15,592.0,3438896
2021-05-03 09:46:17,592.25,3439396
2021-05-03 09:46:18,592.0,3440832
2021-05-03 09:46:19,592.2,3441615
2021-05-03 09:46:19,591.95,3441597
2021-05-03 09:46:20,591.95,3441881
2021-05-03 09:46:22,591.85,3442084
2021-05-03 09:46:23,592.1,3442362
2021-05-03 09:46:24,592.0,3442371
2021-05-03 09:46:25,592.0,3442674
2021-05-03 09:46:25,592.0,3442674
2021-05-03 09:46:26,592.0,3442828
2021-05-03 09:46:28,591.95,3442851
2021-05-03 09:46:29,592.0,3442871
2021-05-03 09:46:30,592.0,3442954
2021-05-03 09:46:31,591.95,3443366
2021-05-03 09:46:31,591.95,3443368
2021-05-03 09:46:32,591.8,3444117
2021-05-03 09:46:34,591.9,3444209
2021-05-03 09:46:35,591.9,3444210
2021-05-03 09:46:36,591.95,3444251
2021-05-03 09:46:36,591.95,3444251
2021-05-03 09:46:37,591.95,3444251
2021-05-03 09:46:39,591.9,3444263
2021-05-03 09:46:40,591.95,3444300
2021-05-03 09:46:41,591.9,3444452
2021-05-03 09:46:42,591.85,3444776
2021-05-03 09:46:43,591.85,3445202
2021-05-03 09:46:43,591.85,3445202
2021-05-03 09:46:44,591.9,3445309
2021-05-03 09:46:46,592.0,3447189
2021-05-03 09:46:47,592.0,3447193
2021-05-03 09:46:48,592.0,3447195
2021-05-03 09:46:49,592.0,3447195
2021-05-03 09:46:50,592.0,3447207
2021-05-03 09:46:50,591.9,3447222
2021-05-03 09:46:51,591.9,3447243
2021-05-03 09:46:52,591.9,3447462
2021-05-03 09:46:54,591.85,3448474
2021-05-03 09:46:55,591.85,3448575
2021-05-03 09:46:56,591.95,3448581
2021-05-03 09:46:56,591.95,3448581
2021-05-03 09:46:57,592.0,3448614
2021-05-03 09:46:59,592.0,3449659
2021-05-03 09:47:00,591.95,3449877
2021-05-03 09:47:01,592.0,3450125
2021-05-03 09:47:02,591.75,3450130
2021-05-03 09:47:02,591.75,3450130
2021-05-03 09:47:03,592.0,3450241
2021-05-03 09:47:05,592.0,3450445
2021-05-03 09:47:06,592.0,3450668
2021-05-03 09:47:07,592.0,3451479
2021-05-03 09:47:07,592.0,3452212
2021-05-03 09:47:08,592.05,3453599
2021-05-03 09:47:10,592.0,3453910
2021-05-03 09:47:11,591.95,3454019
2021-05-03 09:47:12,592.0,3454036
2021-05-03 09:47:13,592.0,3454051
2021-05-03 09:47:13,592.0,3454101
2021-05-03 09:47:14,592.0,3454153
2021-05-03 09:47:16,591.9,3454234
2021-05-03 09:47:17,591.9,3454351
2021-05-03 09:47:18,591.9,3454520
2021-05-03 09:47:19,591.9,3454546
2021-05-03 09:47:20,591.75,3454986
2021-05-03 09:47:20,591.75,3454986
2021-05-03 09:47:21,591.9,3454992
2021-05-03 09:47:23,591.75,3455018
2021-05-03 09:47:24,591.75,3455401
2021-05-03 09:47:25,591.9,3455433
2021-05-03 09:47:26,591.9,3455578
2021-05-03 09:47:27,591.8,3455619
2021-05-03 09:47:27,591.75,3455628
2021-05-03 09:47:28,591.8,3456219
2021-05-03 09:47:29,591.8,3456769
2021-05-03 09:47:31,591.8,3456889
2021-05-03 09:47:32,591.8,3456932
2021-05-03 09:47:33,591.65,3460670
2021-05-03 09:47:33,591.65,3460701
2021-05-03 09:47:34,591.55,3461563
2021-05-03 09:47:35,591.5,3461832
2021-05-03 09:47:36,591.65,3461924
2021-05-03 09:47:38,591.5,3463797
2021-05-03 09:47:39,591.65,3464215
2021-05-03 09:47:40,591.7,3464303
2021-05-03 09:47:40,591.65,3464403
2021-05-03 09:47:41,591.65,3464742
2021-05-03 09:47:42,591.8,3465243
2021-05-03 09:47:43,591.6,3465244
2021-05-03 09:47:44,591.8,3465524
2021-05-03 09:47:45,591.7,3465529
2021-05-03 09:47:47,591.65,3466529
2021-05-03 09:47:48,591.65,3466529
2021-05-03 09:47:49,591.9,3467384
2021-05-03 09:47:50,591.8,3467471
2021-05-03 09:47:51,591.6,3468958
2021-05-03 09:47:52,591.6,3470268
2021-05-03 09:47:53,591.65,3470502
2021-05-03 09:47:53,591.65,3470502
2021-05-03 09:47:54,591.6,3470572
2021-05-03 09:47:56,591.6,3470612
2021-05-03 09:47:57,591.8,3470922
2021-05-03 09:47:58,591.65,3471467
2021-05-03 09:47:59,591.8,3471568
2021-05-03 09:48:00,591.65,3471779
2021-05-03 09:48:01,591.75,3471979
2021-05-03 09:48:02,591.7,3472332
2021-05-03 09:48:02,591.7,3472332
2021-05-03 09:48:03,591.7,3472340
2021-05-03 09:48:04,591.8,3472526
2021-05-03 09:48:06,591.8,3472701
2021-05-03 09:48:07,591.5,3473746
2021-05-03 09:48:08,591.6,3474298
2021-05-03 09:48:09,591.55,3474936
2021-05-03 09:48:10,591.6,3475313
2021-05-03 09:48:11,591.55,3475465
2021-05-03 09:48:12,591.7,3475524
2021-05-03 09:48:12,591.55,3475609
2021-05-03 09:48:13,591.55,3476025
2021-05-03 09:48:15,591.5,3477281
2021-05-03 09:48:16,591.6,3477979
2021-05-03 09:48:17,591.6,3478342
2021-05-03 09:48:18,591.6,3478412
2021-05-03 09:48:18,591.6,3478426
2021-05-03 09:48:20,591.55,3478599
2021-05-03 09:48:21,591.6,3478679
2021-05-03 09:48:22,591.8,3479751
2021-05-03 09:48:22,591.6,3479921
2021-05-03 09:48:23,591.6,3480050
2021-05-03 09:48:25,591.65,3480277
2021-05-03 09:48:26,592.0,3480631
2021-05-03 09:48:27,591.75,3481134
2021-05-03 09:48:28,591.7,3481147
2021-05-03 09:48:29,591.7,3484892
2021-05-03 09:48:30,591.75,3485706
2021-05-03 09:48:31,591.8,3485811
2021-05-03 09:48:32,591.8,3485928
2021-05-03 09:48:33,591.8,3485954
2021-05-03 09:48:33,591.8,3485963
2021-05-03 09:48:34,591.85,3487410
2021-05-03 09:48:36,591.85,3487468
2021-05-03 09:48:37,591.85,3488855
2021-05-03 09:48:38,591.8,3488990
2021-05-03 09:48:39,591.8,3489554
2021-05-03 09:48:40,591.8,3489619
2021-05-03 09:48:41,591.8,3490027
2021-05-03 09:48:41,591.8,3489990
2021-05-03 09:48:43,591.55,3491026
2021-05-03 09:48:44,591.5,3492342
2021-05-03 09:48:45,591.5,3492436
2021-05-03 09:48:46,591.5,3492496
2021-05-03 09:48:47,591.75,3492507
2021-05-03 09:48:48,591.75,3492967
2021-05-03 09:48:49,591.75,3493051
2021-05-03 09:48:50,591.75,3495031
2021-05-03 09:48:51,591.7,3495696
2021-05-03 09:48:51,591.7,3495711
2021-05-03 09:48:53,591.8,3495933
2021-05-03 09:48:54,591.75,3495979
2021-05-03 09:48:55,591.85,3496532
2021-05-03 09:48:56,591.95,3500195
2021-05-03 09:48:57,592.15,3501093
2021-05-03 09:48:57,591.95,3501113
2021-05-03 09:48:58,592.2,3505976
2021-05-03 09:49:00,592.2,3506104
2021-05-03 09:49:01,592.25,3510097
2021-05-03 09:49:02,592.25,3511422
2021-05-03 09:49:03,592.25,3511853
2021-05-03 09:49:03,592.25,3511863
2021-05-03 09:49:05,592.0,3512163
2021-05-03 09:49:06,592.0,3512194
2021-05-03 09:49:07,592.2,3513201
2021-05-03 09:49:08,592.1,3514412
2021-05-03 09:49:09,592.05,3514615
2021-05-03 09:49:10,592.05,3514663
2021-05-03 09:49:10,592.05,3514779
2021-05-03 09:49:12,591.75,3516679
2021-05-03 09:49:13,591.8,3516879
2021-05-03 09:49:14,591.85,3517671
2021-05-03 09:49:15,592.05,3517724
2021-05-03 09:49:16,592.2,3520086
2021-05-03 09:49:16,592.2,3519738
2021-05-03 09:49:18,592.2,3520416
2021-05-03 09:49:19,592.25,3523302
2021-05-03 09:49:20,592.2,3524867
2021-05-03 09:49:21,591.85,3525295
2021-05-03 09:49:21,592.0,3525344
2021-05-03 09:49:22,592.0,3525434
2021-05-03 09:49:24,592.0,3526150
2021-05-03 09:49:25,592.0,3527603
2021-05-03 09:49:26,591.85,3528195
2021-05-03 09:49:27,591.85,3530074
2021-05-03 09:49:27,591.85,3530216
2021-05-03 09:49:29,592.0,3530586
2021-05-03 09:49:30,591.75,3533747
2021-05-03 09:49:31,591.7,3534132
2021-05-03 09:49:32,591.85,3534592
2021-05-03 09:49:33,591.85,3535186
2021-05-03 09:49:33,591.8,3535233
2021-05-03 09:49:34,591.65,3535351
2021-05-03 09:49:36,591.85,3535715
2021-05-03 09:49:37,591.85,3535778
2021-05-03 09:49:38,591.8,3536268
2021-05-03 09:49:39,591.8,3538042
2021-05-03 09:49:40,591.85,3538876
2021-05-03 09:49:41,591.85,3539284
2021-05-03 09:49:42,591.85,3539781
2021-05-03 09:49:42,591.8,3539797
2021-05-03 09:49:44,591.7,3541425
2021-05-03 09:49:45,591.75,3541610
2021-05-03 09:49:46,591.8,3541883
2021-05-03 09:49:47,591.9,3542844
2021-05-03 09:49:47,591.8,3542714
2021-05-03 09:49:48,591.9,3542867
2021-05-03 09:49:50,591.65,3545577
2021-05-03 09:49:51,591.65,3546003
2021-05-03 09:49:52,591.8,3548728
2021-05-03 09:49:53,591.95,3548993
2021-05-03 09:49:54,591.9,3549341
2021-05-03 09:49:55,591.85,3549397
2021-05-03 09:49:56,591.75,3549587
2021-05-03 09:49:56,591.85,3549636
2021-05-03 09:49:58,591.75,3549663
2021-05-03 09:49:59,591.85,3549776
2021-05-03 09:50:00,591.8,3549840
2021-05-03 09:50:01,591.8,3549861
2021-05-03 09:50:01,591.8,3549862
2021-05-03 09:50:02,591.8,3549977
2021-05-03 09:50:03,591.75,3550040
2021-05-03 09:50:05,591.75,3550278
2021-05-03 09:50:06,591.8,3550363
2021-05-03 09:50:07,591.8,3550381
2021-05-03 09:50:08,591.7,3550479
2021-05-03 09:50:09,591.8,3551868
2021-05-03 09:50:10,591.65,3552723
2021-05-03 09:50:11,591.5,3555755
2021-05-03 09:50:12,591.55,3556201
2021-05-03 09:50:12,591.55,3556210
2021-05-03 09:50:13,591.5,3556213
2021-05-03 09:50:15,591.7,3556244
2021-05-03 09:50:16,591.5,3556363
2021-05-03 09:50:17,591.75,3556466
2021-05-03 09:50:18,591.6,3556557
2021-05-03 09:50:19,591.6,3557022
2021-05-03 09:50:20,591.6,3557178
2021-05-03 09:50:21,591.7,3562984
2021-05-03 09:50:22,591.7,3563674
2021-05-03 09:50:23,591.55,3563761
2021-05-03 09:50:24,591.95,3566591
2021-05-03 09:50:25,592.0,3567206
2021-05-03 09:50:26,592.0,3567241
2021-05-03 09:50:27,591.9,3567253
2021-05-03 09:50:28,591.95,3567307
2021-05-03 09:50:29,592.1,3573717
2021-05-03 09:50:30,592.15,3574708
2021-05-03 09:50:31,592.15,3574770
2021-05-03 09:50:32,592.15,3575475
2021-05-03 09:50:33,592.1,3575657
2021-05-03 09:50:34,592.25,3577435
2021-05-03 09:50:35,592.25,3577897
2021-05-03 09:50:36,592.05,3577910
2021-05-03 09:50:37,592.1,3577966
2021-05-03 09:50:38,592.05,3578021
2021-05-03 09:50:39,592.1,3578063
2021-05-03 09:50:40,592.1,3579189
2021-05-03 09:50:41,592.05,3579744
2021-05-03 09:50:42,592.15,3581119
2021-05-03 09:50:43,592.2,3581208
2021-05-03 09:50:44,592.2,3581213
2021-05-03 09:50:45,592.1,3585095
2021-05-03 09:50:46,592.25,3585788
2021-05-03 09:50:47,592.25,3585818
2021-05-03 09:50:48,592.1,3585820
2021-05-03 09:50:49,592.15,3585943
2021-05-03 09:50:50,592.25,3586978
2021-05-03 09:50:51,592.0,3589980
2021-05-03 09:50:52,592.0,3590026
2021-05-03 09:50:53,591.8,3590562
2021-05-03 09:50:54,592.0,3591776
2021-05-03 09:50:55,591.95,3591933
2021-05-03 09:50:56,591.8,3592430
2021-05-03 09:50:57,592.1,3592512
2021-05-03 09:50:58,592.05,3592564
2021-05-03 09:50:59,591.95,3592581
2021-05-03 09:51:00,591.9,3593072
2021-05-03 09:51:01,592.0,3593146
2021-05-03 09:51:02,591.9,3593442
2021-05-03 09:51:03,592.05,3593796
2021-05-03 09:51:04,592.1,3593910
2021-05-03 09:51:05,591.95,3594608
2021-05-03 09:51:06,591.9,3594669
2021-05-03 09:51:07,592.0,3596146
2021-05-03 09:51:08,591.85,3596444
2021-05-03 09:51:09,591.85,3596591
2021-05-03 09:51:10,591.8,3596599
2021-05-03 09:51:11,592.0,3599557
2021-05-03 09:51:12,591.85,3599797
2021-05-03 09:51:13,592.0,3600779
2021-05-03 09:51:14,592.0,3602305
2021-05-03 09:51:15,592.0,3602457
2021-05-03 09:51:16,591.9,3602466
2021-05-03 09:51:17,591.9,3602467
2021-05-03 09:51:18,592.05,3603125
2021-05-03 09:51:19,591.9,3603840
2021-05-03 09:51:20,591.9,3603918
2021-05-03 09:51:21,591.9,3604349
2021-05-03 09:51:22,591.9,3605198
2021-05-03 09:51:23,591.9,3605333
2021-05-03 09:51:24,591.8,3605923
2021-05-03 09:51:25,591.75,3606957
2021-05-03 09:51:27,591.85,3607563
2021-05-03 09:51:28,591.85,3607839
2021-05-03 09:51:29,591.85,3607847
2021-05-03 09:51:30,591.85,3607937
2021-05-03 09:51:31,592.0,3608039
2021-05-03 09:51:32,591.85,3608057
2021-05-03 09:51:33,591.85,3608057
2021-05-03 09:51:34,592.0,3608292
2021-05-03 09:51:35,591.95,3608430
2021-05-03 09:51:36,591.85,3608605
2021-05-03 09:51:37,591.9,3608660
2021-05-03 09:51:39,591.9,3609455
2021-05-03 09:51:38,591.9,3609354
2021-05-03 09:51:40,591.85,3609519
2021-05-03 09:51:41,591.8,3609793
2021-05-03 09:51:42,591.85,3609838
2021-05-03 09:51:43,591.8,3610420
2021-05-03 09:51:44,591.5,3612659
2021-05-03 09:51:45,591.85,3612764
2021-05-03 09:51:46,591.65,3612796
2021-05-03 09:51:47,591.8,3612811
2021-05-03 09:51:48,591.85,3612813
2021-05-03 09:51:49,591.85,3612813
2021-05-03 09:51:50,591.75,3613026
2021-05-03 09:51:51,591.75,3613027
2021-05-03 09:51:52,591.85,3613239
2021-05-03 09:51:53,591.85,3613266
2021-05-03 09:51:54,591.85,3613365
2021-05-03 09:51:55,591.85,3613665
2021-05-03 09:51:56,591.8,3614743
2021-05-03 09:51:57,591.5,3618422
2021-05-03 09:51:58,591.6,3619090
2021-05-03 09:51:59,591.55,3619278
2021-05-03 09:52:00,591.6,3619485
2021-05-03 09:52:01,591.6,3619693
2021-05-03 09:52:02,591.65,3619729
2021-05-03 09:52:03,591.55,3619735
2021-05-03 09:52:04,591.6,3619820
2021-05-03 09:52:05,591.6,3622009
2021-05-03 09:52:06,591.6,3622340
2021-05-03 09:52:07,591.7,3622649
2021-05-03 09:52:08,591.6,3622748
2021-05-03 09:52:09,591.6,3622797
2021-05-03 09:52:10,591.7,3622860
2021-05-03 09:52:11,591.65,3623252
2021-05-03 09:52:12,591.65,3623412
2021-05-03 09:52:13,591.65,3623614
2021-05-03 09:52:14,591.65,3623718
2021-05-03 09:52:15,591.65,3623986
2021-05-03 09:52:16,591.65,3623994
2021-05-03 09:52:17,591.65,3623997
2021-05-03 09:52:18,591.6,3624260
2021-05-03 09:52:20,591.6,3624279
2021-05-03 09:52:19,591.7,3624276
2021-05-03 09:52:21,591.65,3624319
2021-05-03 09:52:22,591.5,3627125
2021-05-03 09:52:23,591.45,3634501
2021-05-03 09:52:24,591.35,3636388
2021-05-03 09:52:25,591.25,3637378
2021-05-03 09:52:26,591.25,3638331
2021-05-03 09:52:27,591.2,3651570
2021-05-03 09:52:28,591.15,3654653
2021-05-03 09:52:29,591.3,3654910
2021-05-03 09:52:30,591.25,3655265
2021-05-03 09:52:31,591.25,3655454
2021-05-03 09:52:32,591.25,3656038
2021-05-03 09:52:33,591.25,3656394
2021-05-03 09:52:34,591.3,3658358
2021-05-03 09:52:35,591.25,3658441
2021-05-03 09:52:37,591.25,3659447
2021-05-03 09:52:38,591.25,3659469
2021-05-03 09:52:39,591.3,3660927
2021-05-03 09:52:40,591.3,3661785
2021-05-03 09:52:40,591.25,3661802
2021-05-03 09:52:41,591.65,3661930
2021-05-03 09:52:42,591.4,3662236
2021-05-03 09:52:43,591.5,3662250
2021-05-03 09:52:44,591.5,3662929
2021-05-03 09:52:45,591.6,3662959
2021-05-03 09:52:46,591.5,3662988
2021-05-03 09:52:47,591.5,3663112
2021-05-03 09:52:48,591.8,3665400
2021-05-03 09:52:49,591.6,3665531
2021-05-03 09:52:50,591.6,3665563
2021-05-03 09:52:51,591.3,3666513
2021-05-03 09:52:52,591.3,3666692
2021-05-03 09:52:53,591.6,3666989
2021-05-03 09:52:54,591.5,3667286
2021-05-03 09:52:55,591.5,3667707
2021-05-03 09:52:56,591.3,3670429
2021-05-03 09:52:57,591.3,3670632
2021-05-03 09:52:58,591.4,3670650
2021-05-03 09:52:59,591.3,3670997
2021-05-03 09:53:00,591.3,3671150
2021-05-03 09:53:01,591.25,3672241
2021-05-03 09:53:02,591.3,3672376
2021-05-03 09:53:03,591.3,3672382
2021-05-03 09:53:04,591.4,3672493
2021-05-03 09:53:05,591.25,3672551
2021-05-03 09:53:06,591.65,3674213
2021-05-03 09:53:07,591.8,3677571
2021-05-03 09:53:08,591.5,3678250
2021-05-03 09:53:09,591.4,3678484
2021-05-03 09:53:10,591.4,3678636
2021-05-03 09:53:12,591.5,3678667
2021-05-03 09:53:13,591.5,3681024
2021-05-03 09:53:14,591.4,3681091
2021-05-03 09:53:15,591.5,3681705
2021-05-03 09:53:16,591.5,3681843
2021-05-03 09:53:17,591.3,3681854
2021-05-03 09:53:17,591.5,3681864
2021-05-03 09:53:18,591.3,3682211
2021-05-03 09:53:19,591.45,3682977
2021-05-03 09:53:20,591.4,3683009
2021-05-03 09:53:21,591.3,3683021
2021-05-03 09:53:22,591.4,3683051
2021-05-03 09:53:23,591.35,3683077
2021-05-03 09:53:24,591.25,3685728
2021-05-03 09:53:25,591.1,3689840
2021-05-03 09:53:26,591.0,3690476
2021-05-03 09:53:27,591.0,3691317
2021-05-03 09:53:28,591.05,3691443
2021-05-03 09:53:29,591.1,3691539
2021-05-03 09:53:31,591.05,3692192
2021-05-03 09:53:31,591.05,3692288
2021-05-03 09:53:33,591.35,3692727
2021-05-03 09:53:33,591.55,3692711
2021-05-03 09:53:34,591.3,3692847
2021-05-03 09:53:35,591.1,3692972
2021-05-03 09:53:36,591.3,3693053
2021-05-03 09:53:37,591.2,3693129
2021-05-03 09:53:38,591.3,3693182
2021-05-03 09:53:39,591.1,3693626
2021-05-03 09:53:41,591.2,3693893
2021-05-03 09:53:42,591.2,3694299
2021-05-03 09:53:43,591.2,3694643
2021-05-03 09:53:44,591.2,3694711
2021-05-03 09:53:45,591.2,3694793
2021-05-03 09:53:47,591.05,3694863
2021-05-03 09:53:48,591.15,3695083
2021-05-03 09:53:49,591.15,3695345
2021-05-03 09:53:50,591.05,3695685
2021-05-03 09:53:51,591.1,3696544
2021-05-03 09:53:51,591.05,3696508
2021-05-03 09:53:52,591.2,3697432
2021-05-03 09:53:53,591.2,3697668
2021-05-03 09:53:54,591.3,3697802
2021-05-03 09:53:55,591.2,3697914
2021-05-03 09:53:56,591.15,3697979
2021-05-03 09:53:57,591.15,3698042
2021-05-03 09:53:58,591.15,3699700
2021-05-03 09:53:59,591.1,3700189
2021-05-03 09:54:00,591.1,3700644
2021-05-03 09:54:01,591.1,3700699
2021-05-03 09:54:02,591.2,3700703
2021-05-03 09:54:03,591.15,3701753
2021-05-03 09:54:04,591.2,3701980
2021-05-03 09:54:05,591.1,3702142
2021-05-03 09:54:07,591.2,3702676
2021-05-03 09:54:08,591.2,3703185
2021-05-03 09:54:08,591.1,3703203
2021-05-03 09:54:09,591.2,3704169
2021-05-03 09:54:10,591.05,3704183
2021-05-03 09:54:11,591.15,3704189
2021-05-03 09:54:12,591.15,3704189
2021-05-03 09:54:13,591.15,3704196
2021-05-03 09:54:14,591.2,3704898
2021-05-03 09:54:15,591.2,3705404
2021-05-03 09:54:17,591.1,3705494
2021-05-03 09:54:19,591.2,3705563
2021-05-03 09:54:19,591.1,3705570
2021-05-03 09:54:20,591.2,3705874
2021-05-03 09:54:21,591.15,3706084
2021-05-03 09:54:22,591.1,3706199
2021-05-03 09:54:23,591.2,3707637
2021-05-03 09:54:24,591.15,3709884
2021-05-03 09:54:25,591.2,3709952
2021-05-03 09:54:26,591.35,3710305
2021-05-03 09:54:28,591.3,3710336
2021-05-03 09:54:28,591.3,3710333
2021-05-03 09:54:29,591.5,3711929
2021-05-03 09:54:30,591.5,3712411
2021-05-03 09:54:31,591.5,3712468
2021-05-03 09:54:32,591.5,3712497
2021-05-03 09:54:33,591.5,3712755
2021-05-03 09:54:34,591.55,3713121
2021-05-03 09:54:36,591.75,3713204
2021-05-03 09:54:36,591.55,3713201
2021-05-03 09:54:37,591.6,3713207
2021-05-03 09:54:38,591.6,3713338
2021-05-03 09:54:39,591.9,3717033
2021-05-03 09:54:40,591.8,3717681
2021-05-03 09:54:41,592.0,3721387
2021-05-03 09:54:42,592.25,3743835
2021-05-03 09:54:43,592.35,3747697
2021-05-03 09:54:44,592.1,3747798
2021-05-03 09:54:45,592.3,3748024
2021-05-03 09:54:46,592.05,3750153
2021-05-03 09:54:47,592.05,3750515
2021-05-03 09:54:49,592.1,3750907
2021-05-03 09:54:50,592.25,3759430
2021-05-03 09:54:51,592.1,3760748
2021-05-03 09:54:51,591.95,3760845
2021-05-03 09:54:52,592.05,3761126
2021-05-03 09:54:53,591.8,3762524
2021-05-03 09:54:54,592.0,3763148
2021-05-03 09:54:55,591.7,3763622
2021-05-03 09:54:56,591.7,3764188
2021-05-03 09:54:57,591.7,3764490
2021-05-03 09:54:58,591.65,3764827
2021-05-03 09:54:59,591.6,3767523
2021-05-03 09:55:00,591.7,3768140
2021-05-03 09:55:02,591.55,3768244
2021-05-03 09:55:03,591.7,3768550
2021-05-03 09:55:04,591.9,3770152
2021-05-03 09:55:05,591.7,3770480
2021-05-03 09:55:06,591.85,3770562
2021-05-03 09:55:06,591.7,3770570
2021-05-03 09:55:07,591.7,3770571
2021-05-03 09:55:08,591.7,3770695
2021-05-03 09:55:09,591.7,3770731
2021-05-03 09:55:10,591.9,3770855
2021-05-03 09:55:11,591.7,3772179
2021-05-03 09:55:12,591.6,3772764
2021-05-03 09:55:14,591.5,3773528
2021-05-03 09:55:15,591.3,3773808
2021-05-03 09:55:15,591.45,3773829
2021-05-03 09:55:16,591.5,3774104
2021-05-03 09:55:17,591.5,3774238
2021-05-03 09:55:18,591.55,3775417
2021-05-03 09:55:19,591.4,3775738
2021-05-03 09:55:20,591.25,3775952
2021-05-03 09:55:21,591.35,3776395
2021-05-03 09:55:22,591.4,3776463
2021-05-03 09:55:24,591.4,3776699
2021-05-03 09:55:25,591.15,3777926
2021-05-03 09:55:26,591.15,3778132
2021-05-03 09:55:27,591.3,3778809
2021-05-03 09:55:27,591.3,3780223
2021-05-03 09:55:28,591.3,3785231
2021-05-03 09:55:29,591.15,3787125
2021-05-03 09:55:30,591.15,3787352
2021-05-03 09:55:32,591.1,3788579
2021-05-03 09:55:33,591.0,3809724
2021-05-03 09:55:34,590.6,3814804
2021-05-03 09:55:35,590.85,3820412
2021-05-03 09:55:36,590.45,3823812
2021-05-03 09:55:37,590.55,3824441
2021-05-03 09:55:37,590.7,3824429
2021-05-03 09:55:38,590.35,3826482
2021-05-03 09:55:39,590.1,3840539
2021-05-03 09:55:40,590.25,3841534
2021-05-03 09:55:41,590.25,3844600
2021-05-03 09:55:42,590.2,3845189
2021-05-03 09:55:43,590.45,3847384
2021-05-03 09:55:44,590.4,3847747
2021-05-03 09:55:46,590.35,3848371
2021-05-03 09:55:47,590.1,3848797
2021-05-03 09:55:48,590.35,3849103
2021-05-03 09:55:49,590.5,3850011
2021-05-03 09:55:50,590.4,3851629
2021-05-03 09:55:51,590.5,3852888
2021-05-03 09:55:52,590.5,3853926
2021-05-03 09:55:53,590.45,3854108
2021-05-03 09:55:54,590.55,3855412
2021-05-03 09:55:55,590.4,3855640
2021-05-03 09:55:56,590.25,3858231
2021-05-03 09:55:57,590.25,3858669
2021-05-03 09:55:58,590.2,3859791
2021-05-03 09:55:59,590.35,3860161
2021-05-03 09:55:59,590.15,3860195
2021-05-03 09:56:00,590.3,3860472
2021-05-03 09:56:01,590.2,3861154
2021-05-03 09:56:02,590.2,3861770
2021-05-03 09:56:03,590.4,3861881
2021-05-03 09:56:04,590.4,3862390
2021-05-03 09:56:05,590.55,3862529
2021-05-03 09:56:06,590.55,3862727
2021-05-03 09:56:07,590.75,3862865
2021-05-03 09:56:08,590.45,3862988
2021-05-03 09:56:09,590.45,3863482
2021-05-03 09:56:10,590.5,3863628
2021-05-03 09:56:11,590.5,3863762
2021-05-03 09:56:12,590.5,3863966
2021-05-03 09:56:13,590.55,3865376
2021-05-03 09:56:14,590.35,3867767
2021-05-03 09:56:15,590.1,3867890
2021-05-03 09:56:17,590.25,3868608
2021-05-03 09:56:18,590.1,3868769
2021-05-03 09:56:19,590.2,3869419
2021-05-03 09:56:20,590.1,3869590
2021-05-03 09:56:21,590.2,3870298
2021-05-03 09:56:22,590.05,3871153
2021-05-03 09:56:23,590.25,3872621
2021-05-03 09:56:24,590.05,3873242
2021-05-03 09:56:26,590.2,3873461
2021-05-03 09:56:27,590.1,3874268
2021-05-03 09:56:28,590.15,3874419
2021-05-03 09:56:28,590.5,3875876
2021-05-03 09:56:29,590.15,3876209
2021-05-03 09:56:30,590.45,3881963
2021-05-03 09:56:31,590.25,3882297
2021-05-03 09:56:32,590.15,3882346
2021-05-03 09:56:33,590.3,3883450
2021-05-03 09:56:34,590.35,3883599
2021-05-03 09:56:35,590.35,3883783
2021-05-03 09:56:36,590.3,3884983
2021-05-03 09:56:37,590.3,3885618
2021-05-03 09:56:38,590.4,3885753
2021-05-03 09:56:39,590.4,3886010
2021-05-03 09:56:41,590.3,3886532
2021-05-03 09:56:42,590.6,3887243
2021-05-03 09:56:43,590.55,3887445
2021-05-03 09:56:44,590.6,3887468
2021-05-03 09:56:44,590.6,3887469
2021-05-03 09:56:45,590.55,3887797
2021-05-03 09:56:46,590.5,3888475
2021-05-03 09:56:47,590.5,3889096
2021-05-03 09:56:48,590.6,3889577
2021-05-03 09:56:49,590.5,3889704
2021-05-03 09:56:50,591.0,3891449
2021-05-03 09:56:51,591.0,3891815
2021-05-03 09:56:52,590.9,3891936
2021-05-03 09:56:53,590.75,3892583
2021-05-03 09:56:54,590.95,3893154
2021-05-03 09:56:55,591.0,3893243
2021-05-03 09:56:56,590.95,3893627
2021-05-03 09:56:57,591.0,3895294
2021-05-03 09:56:58,590.85,3895899
2021-05-03 09:56:59,590.6,3896085
2021-05-03 09:57:00,590.6,3896104
2021-05-03 09:57:01,590.65,3896215
2021-05-03 09:57:02,590.8,3896279
2021-05-03 09:57:04,590.8,3896477
2021-05-03 09:57:05,590.8,3896816
2021-05-03 09:57:06,590.65,3896929
2021-05-03 09:57:07,590.65,3897049
2021-05-03 09:57:07,590.75,3896974
2021-05-03 09:57:08,590.8,3897606
2021-05-03 09:57:09,590.8,3897705
2021-05-03 09:57:10,590.65,3897857
2021-05-03 09:57:11,590.6,3901247
2021-05-03 09:57:12,590.5,3901705
2021-05-03 09:57:13,590.6,3901812
2021-05-03 09:57:15,590.6,3903034
2021-05-03 09:57:16,590.45,3903535
2021-05-03 09:57:17,590.5,3904152
2021-05-03 09:57:18,590.6,3904443
2021-05-03 09:57:18,590.5,3904499
2021-05-03 09:57:19,590.6,3904763
2021-05-03 09:57:20,590.6,3904828
2021-05-03 09:57:21,590.6,3904951
2021-05-03 09:57:22,590.6,3905230
2021-05-03 09:57:23,590.6,3905437
2021-05-03 09:57:24,590.6,3905487
2021-05-03 09:57:25,590.75,3905614
2021-05-03 09:57:26,590.8,3906787
2021-05-03 09:57:27,591.0,3907013
2021-05-03 09:57:29,590.8,3907072
2021-05-03 09:57:30,590.75,3907093
2021-05-03 09:57:31,590.6,3907111
2021-05-03 09:57:32,590.6,3907111
2021-05-03 09:57:33,590.7,3907238
2021-05-03 09:57:34,590.85,3907272
2021-05-03 09:57:34,590.7,3907275
2021-05-03 09:57:35,590.8,3907331
2021-05-03 09:57:36,590.8,3907540
2021-05-03 09:57:37,590.85,3907869
2021-05-03 09:57:38,590.85,3907963
2021-05-03 09:57:39,590.95,3908863
2021-05-03 09:57:40,590.75,3909024
2021-05-03 09:57:41,590.75,3909481
2021-05-03 09:57:42,590.75,3909686
2021-05-03 09:57:43,590.95,3911910
2021-05-03 09:57:44,590.7,3912291
2021-05-03 09:57:45,590.95,3912438
2021-05-03 09:57:47,590.75,3912867
2021-05-03 09:57:48,590.95,3912989
2021-05-03 09:57:49,590.75,3915007
2021-05-03 09:57:50,590.85,3915688
2021-05-03 09:57:51,590.7,3915913
2021-05-03 09:57:52,590.7,3916063
2021-05-03 09:57:53,591.0,3916619
2021-05-03 09:57:54,590.75,3917158
2021-05-03 09:57:55,590.7,3918440
2021-05-03 09:57:56,590.9,3918822
2021-05-03 09:57:57,590.6,3919196
2021-05-03 09:57:57,590.6,3919153
2021-05-03 09:57:58,590.6,3919318
2021-05-03 09:57:59,590.75,3919333
2021-05-03 09:58:00,590.7,3919339
2021-05-03 09:58:01,590.7,3919414
2021-05-03 09:58:02,590.65,3919627
2021-05-03 09:58:04,590.75,3922277
2021-05-03 09:58:05,590.55,3922382
2021-05-03 09:58:06,590.75,3922579
2021-05-03 09:58:07,590.8,3922684
2021-05-03 09:58:08,590.5,3923178
2021-05-03 09:58:08,590.5,3923232
2021-05-03 09:58:09,590.7,3923592
2021-05-03 09:58:10,590.65,3923676
2021-05-03 09:58:12,590.7,3924070
2021-05-03 09:58:13,590.65,3924169
2021-05-03 09:58:14,590.6,3924263
2021-05-03 09:58:15,590.7,3924332
2021-05-03 09:58:16,590.65,3924354
2021-05-03 09:58:16,590.65,3924355
2021-05-03 09:58:17,590.7,3924480
2021-05-03 09:58:18,590.65,3924494
2021-05-03 09:58:19,590.7,3924502
2021-05-03 09:58:20,590.7,3925171
2021-05-03 09:58:22,590.7,3925492
2021-05-03 09:58:23,590.7,3925775
2021-05-03 09:58:24,590.5,3925828
2021-05-03 09:58:25,590.5,3925831
2021-05-03 09:58:26,590.3,3931287
2021-05-03 09:58:26,590.4,3931933
2021-05-03 09:58:27,590.5,3933219
2021-05-03 09:58:29,590.65,3934611
2021-05-03 09:58:30,590.7,3935207
2021-05-03 09:58:31,590.3,3936670
2021-05-03 09:58:32,590.65,3937818
2021-05-03 09:58:33,590.45,3938417
2021-05-03 09:58:33,590.35,3938448
2021-05-03 09:58:34,590.55,3939068
2021-05-03 09:58:35,590.55,3939147
2021-05-03 09:58:36,590.55,3939241
2021-05-03 09:58:37,590.55,3939355
2021-05-03 09:58:38,590.5,3939929
2021-05-03 09:58:39,590.5,3940027
2021-05-03 09:58:40,590.55,3940183
2021-05-03 09:58:41,590.7,3940187
2021-05-03 09:58:43,590.7,3940342
2021-05-03 09:58:44,590.6,3940883
2021-05-03 09:58:45,590.8,3941064
2021-05-03 09:58:46,590.6,3941088
2021-05-03 09:58:47,590.7,3941296
2021-05-03 09:58:47,590.8,3941347
2021-05-03 09:58:48,590.8,3941457
2021-05-03 09:58:49,591.3,3949890
2021-05-03 09:58:50,591.0,3951057
2021-05-03 09:58:51,591.15,3951297
2021-05-03 09:58:52,591.15,3952045
2021-05-03 09:58:54,590.95,3952303
2021-05-03 09:58:55,591.0,3952452
2021-05-03 09:58:56,591.1,3952481
2021-05-03 09:58:57,590.9,3952612
2021-05-03 09:58:58,590.7,3953807
2021-05-03 09:58:59,590.6,3953897
2021-05-03 09:59:00,590.6,3954331
2021-05-03 09:59:01,590.6,3954547
2021-05-03 09:59:02,590.65,3954662
2021-05-03 09:59:02,590.7,3954660
2021-05-03 09:59:04,590.65,3955105
2021-05-03 09:59:05,590.9,3958196
2021-05-03 09:59:06,590.65,3958691
2021-05-03 09:59:07,590.65,3958735
2021-05-03 09:59:08,590.6,3960657
2021-05-03 09:59:09,590.6,3961017
2021-05-03 09:59:10,590.5,3961194
2021-05-03 09:59:11,590.5,3961358
2021-05-03 09:59:12,590.5,3962430
2021-05-03 09:59:13,590.45,3962650
2021-05-03 09:59:14,590.3,3971525
2021-05-03 09:59:15,590.4,3971721
2021-05-03 09:59:15,590.4,3971755
2021-05-03 09:59:16,590.3,3972314
2021-05-03 09:59:17,590.2,3972522
2021-05-03 09:59:19,590.3,3973621
2021-05-03 09:59:20,590.3,3973910
2021-05-03 09:59:21,590.4,3974018
2021-05-03 09:59:22,590.4,3974133
2021-05-03 09:59:23,590.4,3974352
2021-05-03 09:59:24,590.4,3974608
2021-05-03 09:59:25,590.2,3974796
2021-05-03 09:59:26,590.2,3974831
2021-05-03 09:59:27,590.3,3974885
2021-05-03 09:59:28,590.3,3974892
2021-05-03 09:59:29,590.3,3974902
2021-05-03 09:59:29,590.3,3974903
2021-05-03 09:59:31,590.45,3974904
2021-05-03 09:59:32,590.4,3975494
2021-05-03 09:59:33,590.45,3975495
2021-05-03 09:59:34,590.6,3975561
2021-05-03 09:59:35,590.3,3976072
2021-05-03 09:59:36,590.3,3976334
2021-05-03 09:59:37,590.35,3976707
2021-05-03 09:59:37,590.35,3976714
2021-05-03 09:59:38,590.55,3977147
2021-05-03 09:59:40,590.5,3977276
2021-05-03 09:59:41,590.35,3977978
2021-05-03 09:59:42,590.5,3978101
2021-05-03 09:59:43,590.2,3978695
2021-05-03 09:59:44,590.1,3981353
2021-05-03 09:59:45,590.1,3981756
2021-05-03 09:59:45,590.1,3981720
2021-05-03 09:59:46,590.1,3982942
2021-05-03 09:59:47,590.1,3983107
2021-05-03 09:59:49,590.05,3983727
2021-05-03 09:59:50,590.05,3987164
2021-05-03 09:59:51,590.0,3989213
2021-05-03 09:59:52,590.1,3992383
2021-05-03 09:59:53,590.0,3992900
2021-05-03 09:59:54,590.0,3992902
2021-05-03 09:59:55,590.0,3993046
2021-05-03 09:59:56,590.1,3993638
2021-05-03 09:59:57,590.1,3994766
2021-05-03 09:59:58,590.1,3996744
2021-05-03 09:59:58,590.0,3995374
2021-05-03 10:00:00,590.1,3997527
2021-05-03 10:00:01,590.15,3997817
2021-05-03 10:00:02,590.05,4000248
2021-05-03 10:00:03,590.0,4002519
2021-05-03 10:00:04,590.1,4002745
2021-05-03 10:00:05,590.0,4003120
2021-05-03 10:00:06,590.0,4021308
2021-05-03 10:00:07,589.7,4042824
2021-05-03 10:00:08,589.75,4043023
2021-05-03 10:00:09,589.85,4043502
2021-05-03 10:00:10,589.5,4043602
2021-05-03 10:00:11,589.5,4044662
2021-05-03 10:00:12,589.75,4045766
2021-05-03 10:00:13,589.5,4046514
2021-05-03 10:00:14,589.75,4049500
2021-05-03 10:00:15,589.55,4050501
2021-05-03 10:00:15,589.75,4050506
2021-05-03 10:00:16,589.6,4050918
2021-05-03 10:00:17,589.75,4051968
2021-05-03 10:00:18,589.7,4052135
2021-05-03 10:00:19,589.55,4052681
2021-05-03 10:00:21,589.75,4053645
2021-05-03 10:00:22,589.5,4053843
2021-05-03 10:00:23,589.75,4053978
2021-05-03 10:00:24,589.85,4060353
2021-05-03 10:00:25,589.75,4062030
2021-05-03 10:00:26,590.0,4062043
2021-05-03 10:00:27,590.0,4062194
2021-05-03 10:00:28,589.9,4062308
2021-05-03 10:00:29,589.95,4063110
2021-05-03 10:00:30,589.9,4063129
2021-05-03 10:00:31,589.95,4063503
2021-05-03 10:00:32,589.95,4063804
2021-05-03 10:00:33,589.9,4065144
2021-05-03 10:00:34,590.0,4065197
2021-05-03 10:00:35,590.3,4071134
2021-05-03 10:00:36,590.35,4071513
2021-05-03 10:00:37,590.1,4071914
2021-05-03 10:00:38,590.25,4072972
2021-05-03 10:00:39,590.1,4073098
2021-05-03 10:00:40,590.05,4073559
2021-05-03 10:00:41,590.1,4074401
2021-05-03 10:00:42,590.35,4076975
2021-05-03 10:00:43,590.35,4077064
2021-05-03 10:00:44,590.1,4077092
2021-05-03 10:00:45,590.05,4077422
2021-05-03 10:00:46,590.3,4077584
2021-05-03 10:00:47,590.3,4077610
2021-05-03 10:00:48,590.35,4078871
2021-05-03 10:00:49,590.0,4081149
2021-05-03 10:00:50,590.1,4081316
2021-05-03 10:00:51,590.1,4081339
2021-05-03 10:00:52,590.1,4083474
2021-05-03 10:00:53,590.05,4084009
2021-05-03 10:00:54,590.15,4084071
2021-05-03 10:00:55,590.45,4084734
2021-05-03 10:00:55,590.2,4084826
2021-05-03 10:00:56,590.25,4084842
2021-05-03 10:00:58,590.3,4085889
2021-05-03 10:00:59,590.2,4086203
2021-05-03 10:01:00,590.2,4086336
2021-05-03 10:01:01,590.25,4086708
2021-05-03 10:01:02,590.1,4086753
2021-05-03 10:01:03,590.0,4087222
2021-05-03 10:01:04,590.0,4087243
2021-05-03 10:01:05,590.0,4087269
2021-05-03 10:01:06,590.05,4087323
2021-05-03 10:01:07,590.0,4087412
2021-05-03 10:01:08,590.15,4087956
2021-05-03 10:01:09,590.15,4088074
2021-05-03 10:01:10,590.0,4089246
2021-05-03 10:01:11,590.1,4089547
2021-05-03 10:01:12,590.0,4089638
2021-05-03 10:01:13,590.1,4090347
2021-05-03 10:01:14,590.3,4092169
2021-05-03 10:01:15,590.2,4092241
2021-05-03 10:01:16,590.0,4092244
2021-05-03 10:01:17,590.2,4092246
2021-05-03 10:01:18,590.2,4092276
2021-05-03 10:01:19,590.25,4093282
2021-05-03 10:01:20,590.25,4093593
2021-05-03 10:01:21,590.0,4093813
2021-05-03 10:01:22,590.1,4093867
2021-05-03 10:01:23,590.1,4094631
2021-05-03 10:01:24,590.05,4095028
2021-05-03 10:01:25,590.0,4095141
2021-05-03 10:01:26,590.0,4097243
2021-05-03 10:01:28,590.05,4097437
2021-05-03 10:01:27,590.0,4097412
2021-05-03 10:01:29,590.05,4097827
2021-05-03 10:01:30,590.05,4097930
2021-05-03 10:01:31,590.05,4098501
2021-05-03 10:01:32,590.0,4098763
2021-05-03 10:01:33,590.05,4098803
2021-05-03 10:01:34,590.0,4098957
2021-05-03 10:01:35,590.05,4099605
2021-05-03 10:01:36,590.0,4099871
2021-05-03 10:01:37,590.05,4100092
2021-05-03 10:01:39,590.0,4100429
2021-05-03 10:01:38,590.05,4100383
2021-05-03 10:01:40,590.05,4100520
2021-05-03 10:01:41,590.0,4101002
2021-05-03 10:01:42,590.05,4101743
2021-05-03 10:01:43,590.05,4102463
2021-05-03 10:01:44,590.05,4102609
2021-05-03 10:01:45,589.9,4105306
2021-05-03 10:01:46,589.95,4105529
2021-05-03 10:01:47,589.95,4105529
2021-05-03 10:01:48,590.0,4105690
2021-05-03 10:01:49,590.0,4105916
2021-05-03 10:01:50,589.85,4106067
2021-05-03 10:01:51,590.0,4106106
2021-05-03 10:01:52,589.85,4106584
2021-05-03 10:01:53,590.0,4107181
2021-05-03 10:01:54,590.0,4107242
2021-05-03 10:01:55,590.0,4107492
2021-05-03 10:01:56,589.9,4107525
2021-05-03 10:01:57,590.0,4107527
2021-05-03 10:01:58,590.0,4107532
2021-05-03 10:01:59,589.85,4109316
2021-05-03 10:02:00,589.95,4109684
2021-05-03 10:02:01,590.0,4118794
2021-05-03 10:02:02,590.0,4122909
2021-05-03 10:02:03,589.85,4122936
2021-05-03 10:02:04,589.85,4124050
2021-05-03 10:02:05,589.8,4124203
2021-05-03 10:02:06,589.8,4125107
2021-05-03 10:02:08,589.6,4125149
2021-05-03 10:02:07,589.7,4125117
2021-05-03 10:02:09,589.7,4125281
2021-05-03 10:02:10,589.5,4126647
2021-05-03 10:02:11,589.7,4127221
2021-05-03 10:02:12,589.7,4127646
2021-05-03 10:02:13,589.7,4129576
2021-05-03 10:02:14,589.7,4129631
2021-05-03 10:02:15,590.0,4130424
2021-05-03 10:02:16,590.0,4130663
2021-05-03 10:02:17,590.0,4130690
2021-05-03 10:02:18,589.75,4130860
2021-05-03 10:02:19,590.0,4131098
2021-05-03 10:02:20,590.0,4131101
2021-05-03 10:02:21,589.7,4131192
2021-05-03 10:02:22,589.95,4131200
2021-05-03 10:02:23,590.0,4131898
2021-05-03 10:02:24,589.9,4132269
2021-05-03 10:02:25,589.6,4132638
2021-05-03 10:02:26,589.85,4132943
2021-05-03 10:02:27,589.85,4133001
2021-05-03 10:02:28,589.8,4133108
2021-05-03 10:02:29,589.8,4133784
2021-05-03 10:02:30,589.8,4133884
2021-05-03 10:02:31,589.75,4135936
2021-05-03 10:02:32,589.85,4135940
2021-05-03 10:02:33,589.75,4136377
2021-05-03 10:02:34,590.0,4137505
2021-05-03 10:02:35,589.8,4138710
2021-05-03 10:02:36,589.75,4138792
2021-05-03 10:02:37,589.95,4138817
2021-05-03 10:02:38,589.8,4140913
2021-05-03 10:02:39,589.95,4142317
2021-05-03 10:02:40,589.8,4142506
2021-05-03 10:02:41,590.0,4142651
2021-05-03 10:02:42,590.0,4142684
2021-05-03 10:02:43,590.0,4143565
2021-05-03 10:02:44,590.0,4150172
2021-05-03 10:02:45,589.9,4150372
2021-05-03 10:02:46,589.9,4150612
2021-05-03 10:02:47,589.95,4150903
2021-05-03 10:02:48,589.9,4151021
2021-05-03 10:02:49,589.9,4151721
2021-05-03 10:02:50,589.95,4151735
2021-05-03 10:02:51,589.9,4153077
2021-05-03 10:02:52,589.9,4153077
2021-05-03 10:02:53,590.05,4155708
2021-05-03 10:02:54,590.1,4155769
2021-05-03 10:02:55,589.95,4157782
2021-05-03 10:02:56,590.0,4157795
2021-05-03 10:02:57,590.1,4158240
2021-05-03 10:02:58,590.0,4158466
2021-05-03 10:02:59,589.9,4158640
2021-05-03 10:03:00,590.0,4159305
2021-05-03 10:03:01,589.95,4159444
2021-05-03 10:03:02,589.8,4161440
2021-05-03 10:03:03,589.8,4161495
2021-05-03 10:03:04,589.95,4161505
2021-05-03 10:03:05,589.95,4161542
2021-05-03 10:03:06,589.95,4161811
2021-05-03 10:03:07,589.95,4161829
2021-05-03 10:03:08,589.95,4163892
2021-05-03 10:03:09,590.0,4163927
2021-05-03 10:03:10,589.75,4165488
2021-05-03 10:03:11,589.8,4165685
2021-05-03 10:03:12,589.7,4166610
2021-05-03 10:03:13,589.85,4166850
2021-05-03 10:03:14,590.0,4167407
2021-05-03 10:03:15,589.75,4167548
2021-05-03 10:03:16,589.9,4167558
2021-05-03 10:03:18,589.9,4168005
2021-05-03 10:03:18,589.9,4168004
2021-05-03 10:03:19,589.85,4169345
2021-05-03 10:03:20,590.0,4169556
2021-05-03 10:03:21,589.85,4169590
2021-05-03 10:03:22,589.85,4169860
2021-05-03 10:03:23,590.0,4169911
2021-05-03 10:03:24,590.0,4173679
2021-05-03 10:03:26,590.0,4173918
2021-05-03 10:03:26,590.0,4173918
2021-05-03 10:03:27,589.85,4173928
2021-05-03 10:03:28,589.95,4174428
2021-05-03 10:03:29,589.95,4174453
2021-05-03 10:03:30,589.85,4174595
2021-05-03 10:03:31,589.85,4174787
2021-05-03 10:03:32,590.0,4176111
2021-05-03 10:03:33,589.85,4176184
2021-05-03 10:03:34,589.85,4176323
2021-05-03 10:03:35,589.85,4176830
2021-05-03 10:03:36,589.85,4177078
2021-05-03 10:03:37,589.85,4177199
2021-05-03 10:03:39,589.85,4177237
2021-05-03 10:03:40,589.85,4177337
2021-05-03 10:03:40,589.95,4177338
2021-05-03 10:03:41,589.85,4177550
2021-05-03 10:03:42,590.0,4177655
2021-05-03 10:03:43,589.85,4177690
2021-05-03 10:03:44,590.0,4177821
2021-05-03 10:03:45,589.85,4178335
2021-05-03 10:03:46,589.8,4178476
2021-05-03 10:03:47,589.85,4178638
2021-05-03 10:03:48,589.75,4179216
2021-05-03 10:03:49,589.75,4179387
2021-05-03 10:03:50,589.7,4181469
2021-05-03 10:03:51,589.55,4183196
2021-05-03 10:03:52,589.65,4184322
2021-05-03 10:03:53,589.65,4185531
2021-05-03 10:03:55,589.75,4185566
2021-05-03 10:03:55,589.7,4185631
2021-05-03 10:03:56,589.7,4185714
2021-05-03 10:03:57,589.65,4185815
2021-05-03 10:03:58,589.65,4186067
2021-05-03 10:03:59,589.65,4186157
2021-05-03 10:04:00,589.55,4186327
2021-05-03 10:04:01,589.65,4186514
2021-05-03 10:04:02,589.7,4186525
2021-05-03 10:04:03,589.6,4186840
2021-05-03 10:04:05,589.6,4187049
2021-05-03 10:04:06,589.55,4187367
2021-05-03 10:04:06,589.55,4187367
2021-05-03 10:04:07,589.6,4187418
2021-05-03 10:04:08,589.85,4188625
2021-05-03 10:04:09,589.7,4188632
2021-05-03 10:04:10,589.7,4188684
2021-05-03 10:04:11,589.85,4188784
2021-05-03 10:04:12,589.6,4188889
2021-05-03 10:04:14,589.8,4188997
2021-05-03 10:04:15,589.55,4189124
2021-05-03 10:04:15,589.55,4189134
2021-05-03 10:04:16,589.6,4189135
2021-05-03 10:04:17,589.7,4189178
2021-05-03 10:04:18,589.65,4191469
2021-05-03 10:04:19,589.5,4191535
2021-05-03 10:04:20,589.6,4191661
2021-05-03 10:04:21,589.6,4191990
2021-05-03 10:04:22,589.6,4192273
2021-05-03 10:04:23,589.55,4192283
2021-05-03 10:04:24,589.5,4192956
2021-05-03 10:04:26,589.55,4203621
