timestamp,ltp,volume
2021-05-03 09:15:25,958.35,28865
2021-05-03 09:15:26,957.8,29811
2021-05-03 09:15:27,957.25,30713
2021-05-03 09:15:28,957.4,31023
2021-05-03 09:15:29,957.4,33530
2021-05-03 09:15:31,958.45,34386
2021-05-03 09:15:32,957.2,35407
2021-05-03 09:15:33,955.65,35844
2021-05-03 09:15:33,957.05,36535
2021-05-03 09:15:34,956.45,36835
2021-05-03 09:15:35,957.05,36974
2021-05-03 09:15:36,956.45,37446
2021-05-03 09:15:37,956.9,37750
2021-05-03 09:15:39,956.95,38907
2021-05-03 09:15:40,956.4,40253
2021-05-03 09:15:41,956.7,40691
2021-05-03 09:15:41,956.15,41352
2021-05-03 09:15:42,956.95,42099
2021-05-03 09:15:43,956.9,42250
2021-05-03 09:15:45,956.95,42355
2021-05-03 09:15:45,957.0,42523
2021-05-03 09:15:46,957.0,44947
2021-05-03 09:15:47,956.85,45277
2021-05-03 09:15:49,957.0,45475
2021-05-03 09:15:50,956.75,46414
2021-05-03 09:15:51,956.4,46679
2021-05-03 09:15:51,956.4,46679
2021-05-03 09:15:52,956.7,46974
2021-05-03 09:15:54,955.7,47052
2021-05-03 09:15:55,956.4,47053
2021-05-03 09:15:56,956.95,47387
2021-05-03 09:15:57,956.55,47688
2021-05-03 09:15:57,956.55,47688
2021-05-03 09:15:58,956.55,47898
2021-05-03 09:15:59,956.9,47972
2021-05-03 09:16:00,956.9,48087
2021-05-03 09:16:01,956.25,48640
2021-05-03 09:16:03,956.55,48651
2021-05-03 09:16:04,956.65,49018
2021-05-03 09:16:05,957.0,50942
2021-05-03 09:16:06,958.0,52018
2021-05-03 09:16:07,958.0,52018
2021-05-03 09:16:08,957.6,53469
2021-05-03 09:16:09,957.7,53693
2021-05-03 09:16:10,957.55,54979
2021-05-03 09:16:11,957.6,55406
2021-05-03 09:16:12,957.55,55518
2021-05-03 09:16:13,956.9,55594
2021-05-03 09:16:14,957.05,56905
2021-05-03 09:16:14,956.5,56313
2021-05-03 09:16:15,957.05,56905
2021-05-03 09:16:17,957.05,57051
2021-05-03 09:16:19,957.45,57327
2021-05-03 09:16:20,957.15,57362
2021-05-03 09:16:21,957.0,57442
2021-05-03 09:16:21,957.0,57442
2021-05-03 09:16:22,957.3,57560
2021-05-03 09:16:23,957.3,57764
2021-05-03 09:16:24,957.45,57782
2021-05-03 09:16:25,957.35,58210
2021-05-03 09:16:26,957.35,58559
2021-05-03 09:16:28,957.5,59694
2021-05-03 09:16:29,957.95,60098
2021-05-03 09:16:30,957.55,60111
2021-05-03 09:16:30,958.0,60121
2021-05-03 09:16:31,958.0,60121
2021-05-03 09:16:32,957.55,60295
2021-05-03 09:16:33,957.8,62796
2021-05-03 09:16:35,958.0,63347
2021-05-03 09:16:36,958.35,64388
2021-05-03 09:16:37,958.0,64477
2021-05-03 09:16:38,957.8,64675
2021-05-03 09:16:38,957.8,64775
2021-05-03 09:16:39,958.05,65081
2021-05-03 09:16:41,958.0,65499
2021-05-03 09:16:42,957.6,66146
2021-05-03 09:16:43,958.45,67213
2021-05-03 09:16:44,958.4,67315
2021-05-03 09:16:45,958.5,67416
2021-05-03 09:16:45,958.2,67505
2021-05-03 09:16:46,958.0,68399
2021-05-03 09:16:47,957.6,68618
2021-05-03 09:16:48,957.6,69182
2021-05-03 09:16:49,958.0,69446
2021-05-03 09:16:50,958.0,69505
2021-05-03 09:16:51,958.0,70076
2021-05-03 09:16:53,958.0,72486
2021-05-03 09:16:54,957.45,73356
2021-05-03 09:16:55,957.3,73394
2021-05-03 09:16:55,957.3,73394
2021-05-03 09:16:56,956.65,85773
2021-05-03 09:16:57,956.75,85798
2021-05-03 09:16:59,956.3,86188
2021-05-03 09:17:00,956.5,86597
2021-05-03 09:17:01,956.4,87283
2021-05-03 09:17:02,956.25,87337
2021-05-03 09:17:03,956.25,87355
2021-05-03 09:17:04,956.05,87596
2021-05-03 09:17:05,956.55,87995
2021-05-03 09:17:06,956.4,88566
2021-05-03 09:17:07,956.4,88566
2021-05-03 09:17:08,956.25,88575
2021-05-03 09:17:09,956.25,88575
2021-05-03 09:17:10,956.3,88576
2021-05-03 09:17:11,956.3,88576
2021-05-03 09:17:12,956.3,88754
2021-05-03 09:17:13,955.0,89822
2021-05-03 09:17:14,955.85,90568
2021-05-03 09:17:15,955.45,90660
2021-05-03 09:17:16,955.9,90800
2021-05-03 09:17:17,956.05,91572
2021-05-03 09:17:18,955.9,91607
2021-05-03 09:17:18,955.9,91587
2021-05-03 09:17:20,955.9,91760
2021-05-03 09:17:21,955.7,91860
2021-05-03 09:17:22,955.7,91860
2021-05-03 09:17:23,955.1,92977
2021-05-03 09:17:24,955.7,93086
2021-05-03 09:17:25,955.05,93586
2021-05-03 09:17:26,955.65,93606
2021-05-03 09:17:27,955.65,93844
2021-05-03 09:17:28,955.1,95025
2021-05-03 09:17:29,955.7,96467
2021-05-03 09:17:30,955.65,97376
2021-05-03 09:17:31,956.3,97854
2021-05-03 09:17:31,956.3,97854
2021-05-03 09:17:33,956.3,97865
2021-05-03 09:17:34,955.85,98066
2021-05-03 09:17:35,956.55,98652
2021-05-03 09:17:36,956.0,98662
2021-05-03 09:17:37,957.0,99395
2021-05-03 09:17:38,957.3,101047
2021-05-03 09:17:39,957.45,101343
2021-05-03 09:17:39,957.45,101343
2021-05-03 09:17:41,957.5,101428
2021-05-03 09:17:42,957.5,101451
2021-05-03 09:17:43,957.5,101576
2021-05-03 09:17:44,957.95,101676
2021-05-03 09:17:45,957.9,101727
2021-05-03 09:17:46,957.9,101727
2021-05-03 09:17:47,957.5,101747
2021-05-03 09:17:48,957.9,102034
2021-05-03 09:17:49,958.45,102605
2021-05-03 09:17:49,958.45,102605
2021-05-03 09:17:52,958.65,103333
2021-05-03 09:17:53,957.95,103363
2021-05-03 09:17:54,958.45,103365
2021-05-03 09:17:55,958.65,103650
2021-05-03 09:17:56,959.0,109822
2021-05-03 09:17:56,958.7,109857
2021-05-03 09:17:58,958.75,109858
2021-05-03 09:17:59,959.0,110055
2021-05-03 09:18:00,959.0,110686
2021-05-03 09:18:01,959.7,110797
2021-05-03 09:18:02,959.25,110892
2021-05-03 09:18:04,958.9,114224
2021-05-03 09:18:04,958.9,114224
2021-05-03 09:18:06,959.5,114226
2021-05-03 09:18:07,958.45,115714
2021-05-03 09:18:08,958.5,116585
2021-05-03 09:18:09,959.65,116758
2021-05-03 09:18:10,959.9,117084
2021-05-03 09:18:11,960.0,124140
2021-05-03 09:18:12,960.0,126869
2021-05-03 09:18:12,960.0,126869
2021-05-03 09:18:13,959.9,126904
2021-05-03 09:18:15,960.0,127035
2021-05-03 09:18:16,959.9,127063
2021-05-03 09:18:17,959.45,127149
2021-05-03 09:18:18,959.05,127699
2021-05-03 09:18:19,959.35,127800
2021-05-03 09:18:19,959.95,127801
2021-05-03 09:18:21,959.95,127902
2021-05-03 09:18:22,959.0,132145
2021-05-03 09:18:23,959.0,132311
2021-05-03 09:18:24,959.0,132701
2021-05-03 09:18:25,959.0,132701
2021-05-03 09:18:26,959.0,132701
2021-05-03 09:18:27,959.0,132701
2021-05-03 09:18:28,959.0,133107
2021-05-03 09:18:28,958.4,133614
2021-05-03 09:18:30,959.0,133664
2021-05-03 09:18:31,958.55,133689
2021-05-03 09:18:32,958.55,134567
2021-05-03 09:18:33,958.6,135945
2021-05-03 09:18:33,958.6,135945
2021-05-03 09:18:35,958.75,136185
2021-05-03 09:18:36,959.25,136931
2021-05-03 09:18:37,959.0,137341
2021-05-03 09:18:38,960.0,137391
2021-05-03 09:18:39,959.6,137680
2021-05-03 09:18:40,960.0,140071
2021-05-03 09:18:41,960.0,140804
2021-05-03 09:18:41,960.0,140804
2021-05-03 09:18:43,959.85,145195
2021-05-03 09:18:44,960.0,148257
2021-05-03 09:18:45,960.0,148368
2021-05-03 09:18:46,960.0,149777
2021-05-03 09:18:46,960.0,150977
2021-05-03 09:18:48,960.0,161210
2021-05-03 09:18:49,960.2,164873
2021-05-03 09:18:50,961.5,166132
2021-05-03 09:18:51,960.95,166713
2021-05-03 09:18:52,961.0,166814
2021-05-03 09:18:53,960.8,166815
2021-05-03 09:18:54,961.1,167872
2021-05-03 09:18:54,961.1,167872
2021-05-03 09:18:56,961.5,167979
2021-05-03 09:18:57,962.0,168809
2021-05-03 09:18:59,962.35,170210
2021-05-03 09:19:00,962.35,170260
2021-05-03 09:19:01,962.35,170260
2021-05-03 09:19:02,962.4,170277
2021-05-03 09:19:03,961.85,170383
2021-05-03 09:19:04,962.4,170392
2021-05-03 09:19:05,962.5,170702
2021-05-03 09:19:06,962.5,171697
2021-05-03 09:19:08,963.0,172247
2021-05-03 09:19:09,962.9,173927
2021-05-03 09:19:10,963.0,174998
2021-05-03 09:19:11,963.0,175317
2021-05-03 09:19:12,962.8,175530
2021-05-03 09:19:13,962.8,175530
2021-05-03 09:19:14,963.25,176536
2021-05-03 09:19:15,963.4,176538
2021-05-03 09:19:16,963.1,177430
2021-05-03 09:19:18,963.15,187351
2021-05-03 09:19:19,962.8,188863
2021-05-03 09:19:20,963.3,192637
2021-05-03 09:19:21,963.1,193803
2021-05-03 09:19:22,963.3,194759
2021-05-03 09:19:23,962.5,209217
2021-05-03 09:19:24,962.45,212670
2021-05-03 09:19:25,962.7,212855
2021-05-03 09:19:26,962.4,212987
2021-05-03 09:19:27,962.55,213465
2021-05-03 09:19:28,962.4,214043
2021-05-03 09:19:29,962.9,215105
2021-05-03 09:19:30,962.9,215143
2021-05-03 09:19:32,963.75,215630
2021-05-03 09:19:33,963.95,215912
2021-05-03 09:19:34,963.9,216495
2021-05-03 09:19:35,963.35,216984
2021-05-03 09:19:36,964.0,219193
2021-05-03 09:19:38,965.0,219884
2021-05-03 09:19:39,964.6,219892
2021-05-03 09:19:40,963.85,245784
2021-05-03 09:19:41,964.35,250836
2021-05-03 09:19:42,964.1,252621
2021-05-03 09:19:43,964.6,252891
2021-05-03 09:19:45,963.7,333119
2021-05-03 09:19:44,962.05,318647
2021-05-03 09:19:46,963.9,337662
2021-05-03 09:19:47,964.25,338796
2021-05-03 09:19:48,964.2,339464
2021-05-03 09:19:49,963.65,340853
2021-05-03 09:19:50,963.5,342169
2021-05-03 09:19:51,963.9,344590
2021-05-03 09:19:52,963.55,346380
2021-05-03 09:19:53,963.65,346771
2021-05-03 09:19:54,963.65,348059
2021-05-03 09:19:55,963.8,348485
2021-05-03 09:19:56,963.65,349422
2021-05-03 09:19:57,963.6,349916
2021-05-03 09:19:58,963.9,350216
2021-05-03 09:19:59,963.95,350321
2021-05-03 09:20:00,963.65,350434
2021-05-03 09:20:01,963.0,351258
2021-05-03 09:20:02,963.55,351471
2021-05-03 09:20:03,963.1,351761
2021-05-03 09:20:04,963.1,352763
2021-05-03 09:20:05,963.25,353222
2021-05-03 09:20:06,963.6,353232
2021-05-03 09:20:07,963.7,353354
2021-05-03 09:20:08,963.3,353465
2021-05-03 09:20:09,963.05,354066
2021-05-03 09:20:10,962.85,355276
2021-05-03 09:20:11,962.9,356812
2021-05-03 09:20:12,962.9,356918
2021-05-03 09:20:13,963.2,357624
2021-05-03 09:20:14,962.9,357889
2021-05-03 09:20:15,962.9,357896
2021-05-03 09:20:16,962.9,357896
2021-05-03 09:20:17,963.7,358995
2021-05-03 09:20:18,964.0,359290
2021-05-03 09:20:19,963.6,359555
2021-05-03 09:20:20,963.35,359665
2021-05-03 09:20:21,963.7,360931
2021-05-03 09:20:22,963.65,362782
2021-05-03 09:20:23,963.65,363180
2021-05-03 09:20:24,963.9,363390
2021-05-03 09:20:25,963.75,364550
2021-05-03 09:20:26,963.95,365924
2021-05-03 09:20:27,964.2,366191
2021-05-03 09:20:28,962.0,377124
2021-05-03 09:20:29,962.0,382748
2021-05-03 09:20:30,962.0,395927
2021-05-03 09:20:31,961.85,398820
2021-05-03 09:20:32,962.0,400665
2021-05-03 09:20:33,962.0,400680
2021-05-03 09:20:34,962.0,403138
2021-05-03 09:20:35,962.0,403138
2021-05-03 09:20:36,961.75,412185
2021-05-03 09:20:37,961.75,412356
2021-05-03 09:20:38,961.7,414644
2021-05-03 09:20:39,961.1,414968
2021-05-03 09:20:40,960.65,415168
2021-05-03 09:20:41,959.6,425908
2021-05-03 09:20:42,959.55,426089
2021-05-03 09:20:43,959.65,426529
2021-05-03 09:20:45,960.05,429749
2021-05-03 09:20:46,960.1,429759
2021-05-03 09:20:47,959.6,430030
2021-05-03 09:20:48,960.0,430044
2021-05-03 09:20:50,960.3,431048
2021-05-03 09:20:49,960.3,431048
2021-05-03 09:20:51,960.0,431791
2021-05-03 09:20:52,959.0,432986
2021-05-03 09:20:53,959.1,433316
2021-05-03 09:20:54,958.7,433371
2021-05-03 09:20:55,958.7,433371
2021-05-03 09:20:56,959.4,433508
2021-05-03 09:20:57,959.15,433633
2021-05-03 09:20:58,959.45,434768
2021-05-03 09:20:59,959.55,434779
2021-05-03 09:21:00,959.55,434959
2021-05-03 09:21:01,959.55,434959
2021-05-03 09:21:02,959.55,434965
2021-05-03 09:21:03,959.4,436387
2021-05-03 09:21:04,959.4,436387
2021-05-03 09:21:05,959.0,436457
2021-05-03 09:21:07,958.95,436647
2021-05-03 09:21:06,958.95,436647
2021-05-03 09:21:08,959.5,436819
2021-05-03 09:21:09,959.1,437413
2021-05-03 09:21:10,958.95,437558
2021-05-03 09:21:11,959.0,438116
2021-05-03 09:21:12,958.6,438256
2021-05-03 09:21:13,958.65,438381
2021-05-03 09:21:14,959.15,438401
2021-05-03 09:21:16,959.15,438411
2021-05-03 09:21:17,958.65,438583
2021-05-03 09:21:17,958.65,438583
2021-05-03 09:21:18,959.25,439316
2021-05-03 09:21:19,959.05,439354
2021-05-03 09:21:20,959.3,439355
2021-05-03 09:21:21,959.3,439355
2021-05-03 09:21:22,959.3,439355
2021-05-03 09:21:23,959.0,439604
2021-05-03 09:21:24,958.95,439634
2021-05-03 09:21:26,959.25,442034
2021-05-03 09:21:26,959.25,442034
2021-05-03 09:21:27,959.55,442180
2021-05-03 09:21:28,959.65,442532
2021-05-03 09:21:29,959.5,443061
2021-05-03 09:21:31,959.6,443071
2021-05-03 09:21:32,959.6,443071
2021-05-03 09:21:32,959.6,443071
2021-05-03 09:21:33,959.55,443314
2021-05-03 09:21:34,958.6,444443
2021-05-03 09:21:35,958.5,444568
2021-05-03 09:21:36,958.15,444908
2021-05-03 09:21:38,958.55,444939
2021-05-03 09:21:38,958.55,444939
2021-05-03 09:21:39,958.6,445059
2021-05-03 09:21:40,958.25,445313
2021-05-03 09:21:41,958.5,445321
2021-05-03 09:21:42,958.5,445321
2021-05-03 09:21:44,958.25,445380
2021-05-03 09:21:45,958.25,445380
2021-05-03 09:21:46,958.25,445885
2021-05-03 09:21:47,957.55,448108
2021-05-03 09:21:48,958.2,448371
2021-05-03 09:21:49,958.9,448598
2021-05-03 09:21:50,958.9,448598
2021-05-03 09:21:51,958.2,449098
2021-05-03 09:21:53,958.85,449108
2021-05-03 09:21:53,958.85,449108
2021-05-03 09:21:54,958.9,449284
2021-05-03 09:21:55,958.9,449284
2021-05-03 09:21:56,959.45,450314
2021-05-03 09:21:57,959.5,450319
2021-05-03 09:21:58,959.5,450344
2021-05-03 09:21:59,959.1,450444
2021-05-03 09:22:00,959.05,450454
2021-05-03 09:22:01,959.8,450554
2021-05-03 09:22:02,959.8,450554
2021-05-03 09:22:03,959.15,450557
2021-05-03 09:22:04,959.15,450557
2021-05-03 09:22:05,960.2,453381
2021-05-03 09:22:06,961.35,453469
2021-05-03 09:22:07,961.35,453469
2021-05-03 09:22:08,960.95,453783
2021-05-03 09:22:09,960.95,453783
2021-05-03 09:22:10,960.95,453803
2021-05-03 09:22:11,960.9,453804
2021-05-03 09:22:12,961.3,453817
2021-05-03 09:22:13,961.4,453871
2021-05-03 09:22:14,960.95,453901
2021-05-03 09:22:15,961.4,453981
2021-05-03 09:22:16,962.0,454656
2021-05-03 09:22:17,962.1,454906
2021-05-03 09:22:18,962.7,454911
2021-05-03 09:22:19,962.25,454931
2021-05-03 09:22:20,962.8,454981
2021-05-03 09:22:21,962.8,455081
2021-05-03 09:22:22,962.7,455172
2021-05-03 09:22:23,962.7,455350
2021-05-03 09:22:24,962.7,455350
2021-05-03 09:22:25,962.15,455616
2021-05-03 09:22:26,962.5,455690
2021-05-03 09:22:27,962.8,455765
2021-05-03 09:22:28,962.8,455765
2021-05-03 09:22:29,962.7,455778
2021-05-03 09:22:30,962.7,455778
2021-05-03 09:22:31,963.0,456489
2021-05-03 09:22:32,963.0,456489
2021-05-03 09:22:33,962.7,456500
2021-05-03 09:22:34,962.0,456944
2021-05-03 09:22:35,962.45,457264
2021-05-03 09:22:36,962.45,457324
2021-05-03 09:22:37,962.0,457413
2021-05-03 09:22:38,962.75,457443
2021-05-03 09:22:39,962.75,457444
2021-05-03 09:22:40,962.15,458122
2021-05-03 09:22:41,962.2,458132
2021-05-03 09:22:42,962.2,458358
2021-05-03 09:22:43,962.45,458363
2021-05-03 09:22:44,962.45,458363
2021-05-03 09:22:45,961.95,458558
2021-05-03 09:22:47,962.4,458649
2021-05-03 09:22:48,962.4,458649
2021-05-03 09:22:49,961.95,459115
2021-05-03 09:22:50,961.95,459115
2021-05-03 09:22:51,962.35,459265
2021-05-03 09:22:52,961.85,459469
2021-05-03 09:22:53,961.85,459469
2021-05-03 09:22:54,962.0,459483
2021-05-03 09:22:55,962.35,459493
2021-05-03 09:22:56,962.35,459493
2021-05-03 09:22:57,962.35,459504
2021-05-03 09:22:58,962.35,459504
2021-05-03 09:22:59,962.05,459679
2021-05-03 09:23:00,962.0,459681
2021-05-03 09:23:01,961.55,461351
2021-05-03 09:23:02,962.05,461707
2021-05-03 09:23:03,962.15,462257
2021-05-03 09:23:04,962.0,462293
2021-05-03 09:23:06,962.0,462600
2021-05-03 09:23:17,962.95,464144
2021-05-03 09:23:18,962.95,464196
2021-05-03 09:23:19,962.95,464221
2021-05-03 09:23:20,963.0,464737
2021-05-03 09:23:21,963.0,464737
2021-05-03 09:23:22,962.95,464807
2021-05-03 09:23:23,962.6,465286
2021-05-03 09:23:24,962.6,465286
2021-05-03 09:23:25,962.95,465296
2021-05-03 09:23:26,962.95,465296
2021-05-03 09:23:27,962.95,465418
2021-05-03 09:23:28,963.0,467027
2021-05-03 09:23:29,963.0,467737
2021-05-03 09:23:30,963.0,467737
2021-05-03 09:23:31,963.05,467852
2021-05-03 09:23:32,963.15,468055
2021-05-03 09:23:33,963.15,468080
2021-05-03 09:23:34,963.15,468299
2021-05-03 09:23:35,963.15,468304
2021-05-03 09:23:36,963.25,468316
2021-05-03 09:23:37,963.05,468321
2021-05-03 09:23:38,963.15,468588
2021-05-03 09:23:39,963.15,468808
2021-05-03 09:23:40,963.15,468808
2021-05-03 09:23:41,962.85,469408
2021-05-03 09:23:42,962.6,469533
2021-05-03 09:23:43,962.6,469533
2021-05-03 09:23:44,962.9,469733
2021-05-03 09:23:45,962.85,469843
2021-05-03 09:23:46,963.05,470279
2021-05-03 09:23:47,963.05,470304
2021-05-03 09:23:48,963.15,470480
2021-05-03 09:23:49,963.25,470490
2021-05-03 09:23:50,963.25,470525
2021-05-03 09:23:51,963.25,470525
2021-05-03 09:23:52,963.25,470586
2021-05-03 09:23:53,963.1,470836
2021-05-03 09:23:54,963.1,470836
2021-05-03 09:23:55,963.1,470836
2021-05-03 09:23:56,963.15,470936
2021-05-03 09:23:57,963.25,470986
2021-05-03 09:23:58,963.4,471136
2021-05-03 09:23:59,963.45,471423
2021-05-03 09:24:00,963.45,471733
2021-05-03 09:24:01,963.7,474874
2021-05-03 09:24:02,964.5,474912
2021-05-03 09:24:03,964.5,474912
2021-05-03 09:24:05,964.0,474927
2021-05-03 09:24:06,963.9,475953
2021-05-03 09:24:07,963.95,475956
2021-05-03 09:24:08,964.0,476181
2021-05-03 09:24:09,964.0,476191
2021-05-03 09:24:10,963.55,476896
2021-05-03 09:24:11,962.95,479210
2021-05-03 09:24:12,962.5,479460
2021-05-03 09:24:13,962.65,479950
2021-05-03 09:24:14,962.35,480418
2021-05-03 09:24:15,962.65,480638
2021-05-03 09:24:16,962.7,480666
2021-05-03 09:24:17,962.8,480729
2021-05-03 09:24:18,962.8,480729
2021-05-03 09:24:19,962.8,480802
2021-05-03 09:24:20,963.0,480806
2021-05-03 09:24:21,963.0,480806
2021-05-03 09:24:22,963.0,480806
2021-05-03 09:24:23,962.9,481142
2021-05-03 09:24:24,962.9,481144
2021-05-03 09:24:25,962.75,481311
2021-05-03 09:24:26,961.55,493832
2021-05-03 09:24:27,961.7,494956
2021-05-03 09:24:28,962.0,495056
2021-05-03 09:24:29,962.0,495061
2021-05-03 09:24:30,961.75,496770
2021-05-03 09:24:30,961.75,496770
2021-05-03 09:24:31,961.75,497118
2021-05-03 09:24:32,961.75,497118
2021-05-03 09:24:33,961.5,497272
2021-05-03 09:24:34,959.95,520706
2021-05-03 09:24:35,960.0,529686
2021-05-03 09:24:36,960.0,531711
2021-05-03 09:24:37,960.0,538806
2021-05-03 09:24:38,960.0,538815
2021-05-03 09:24:39,960.3,538871
2021-05-03 09:24:40,960.25,538892
2021-05-03 09:24:41,960.25,538895
2021-05-03 09:24:42,960.25,538895
2021-05-03 09:24:43,960.25,538917
2021-05-03 09:24:44,960.0,538928
2021-05-03 09:24:45,960.0,538928
2021-05-03 09:24:46,960.0,539106
2021-05-03 09:24:47,960.3,539946
2021-05-03 09:24:48,960.5,539947
2021-05-03 09:24:49,960.5,539947
2021-05-03 09:24:50,960.3,540587
2021-05-03 09:24:51,960.35,540612
2021-05-03 09:24:52,960.5,540857
2021-05-03 09:24:53,960.85,540888
2021-05-03 09:24:54,960.8,540889
2021-05-03 09:24:55,960.8,540889
2021-05-03 09:24:56,960.85,540904
2021-05-03 09:24:57,960.75,540925
2021-05-03 09:24:59,960.8,541200
2021-05-03 09:25:00,960.45,541220
2021-05-03 09:25:01,960.45,541220
2021-05-03 09:25:02,960.7,543000
2021-05-03 09:25:02,960.55,543001
2021-05-03 09:25:03,960.9,543362
2021-05-03 09:25:04,960.5,545034
2021-05-03 09:25:05,960.45,545534
2021-05-03 09:25:06,960.4,545744
2021-05-03 09:25:07,960.4,545744
2021-05-03 09:25:08,960.4,545744
2021-05-03 09:25:09,960.4,545755
2021-05-03 09:25:10,960.4,545755
2021-05-03 09:25:11,960.5,545865
2021-05-03 09:25:12,961.15,548235
2021-05-03 09:25:14,962.5,548341
2021-05-03 09:25:15,962.1,548690
2021-05-03 09:25:16,962.1,548690
2021-05-03 09:25:17,962.1,548690
2021-05-03 09:25:18,962.1,548696
2021-05-03 09:25:19,961.7,548852
2021-05-03 09:25:20,961.75,548987
2021-05-03 09:25:21,961.75,548987
2021-05-03 09:25:22,961.1,549288
2021-05-03 09:25:23,960.2,549632
2021-05-03 09:25:24,961.35,549742
2021-05-03 09:25:25,961.35,549742
2021-05-03 09:25:26,960.35,549765
2021-05-03 09:25:27,960.85,549820
2021-05-03 09:25:28,960.2,550230
2021-05-03 09:25:29,960.15,550835
2021-05-03 09:25:30,960.0,551435
2021-05-03 09:25:31,960.6,551512
2021-05-03 09:25:32,960.6,551513
2021-05-03 09:25:34,960.6,551513
2021-05-03 09:25:35,960.1,551613
2021-05-03 09:25:36,960.2,551665
2021-05-03 09:25:37,960.65,551743
2021-05-03 09:25:38,960.65,551744
2021-05-03 09:25:39,960.65,551744
2021-05-03 09:25:40,960.95,551869
2021-05-03 09:25:41,960.9,551870
2021-05-03 09:25:42,960.5,552307
2021-05-03 09:25:43,960.85,552514
2021-05-03 09:25:44,960.5,552614
2021-05-03 09:25:45,960.65,552622
2021-05-03 09:25:46,961.05,553144
2021-05-03 09:25:47,960.75,553152
2021-05-03 09:25:47,961.65,553154
2021-05-03 09:25:49,961.0,554368
2021-05-03 09:25:49,961.0,554368
2021-05-03 09:25:50,961.0,554368
2021-05-03 09:25:51,961.0,554368
2021-05-03 09:25:52,961.0,554368
2021-05-03 09:25:53,961.0,554378
2021-05-03 09:25:54,961.0,554379
2021-05-03 09:25:55,961.0,554389
2021-05-03 09:25:56,960.65,557715
2021-05-03 09:25:57,960.65,557727
2021-05-03 09:25:58,960.65,557727
2021-05-03 09:25:59,960.25,557728
2021-05-03 09:26:00,960.65,557789
2021-05-03 09:26:01,959.25,561057
2021-05-03 09:26:02,959.75,561357
2021-05-03 09:26:03,959.7,561363
2021-05-03 09:26:04,959.7,561365
2021-05-03 09:26:05,959.3,561389
2021-05-03 09:26:06,959.7,561399
2021-05-03 09:26:07,959.75,561501
2021-05-03 09:26:08,959.75,561501
2021-05-03 09:26:09,959.7,561622
2021-05-03 09:26:10,959.7,561622
2021-05-03 09:26:11,959.3,562330
2021-05-03 09:26:12,959.35,562335
2021-05-03 09:26:13,959.35,562335
2021-05-03 09:26:14,959.35,562335
2021-05-03 09:26:15,959.0,564927
2021-05-03 09:26:16,959.0,565320
2021-05-03 09:26:17,958.5,565559
2021-05-03 09:26:18,958.85,565564
2021-05-03 09:26:19,958.35,565665
2021-05-03 09:26:20,958.85,565865
2021-05-03 09:26:21,959.0,566298
2021-05-03 09:26:22,959.0,566300
2021-05-03 09:26:23,958.85,566305
2021-05-03 09:26:24,958.85,566305
2021-05-03 09:26:25,958.85,566905
2021-05-03 09:26:26,958.85,566905
2021-05-03 09:26:27,959.25,567283
2021-05-03 09:26:28,959.3,567288
2021-05-03 09:26:29,959.7,567439
2021-05-03 09:26:30,959.9,569198
2021-05-03 09:26:31,960.0,571683
2021-05-03 09:26:32,960.0,572261
2021-05-03 09:26:33,959.95,572380
2021-05-03 09:26:34,959.9,572569
2021-05-03 09:26:36,960.0,572758
2021-05-03 09:26:37,960.0,573313
2021-05-03 09:26:37,959.95,573199
2021-05-03 09:26:38,960.55,573316
2021-05-03 09:26:39,960.55,573316
2021-05-03 09:26:40,960.55,573316
2021-05-03 09:26:41,960.1,573354
2021-05-03 09:26:42,960.5,573379
2021-05-03 09:26:43,960.5,573389
2021-05-03 09:26:44,960.5,573389
2021-05-03 09:26:45,959.7,574365
2021-05-03 09:26:46,959.15,574595
2021-05-03 09:26:47,959.7,574605
2021-05-03 09:26:48,959.7,574614
2021-05-03 09:26:49,959.7,574614
2021-05-03 09:26:50,959.35,574660
2021-05-03 09:26:51,959.7,574725
2021-05-03 09:26:52,959.8,574880
2021-05-03 09:26:53,959.7,574891
2021-05-03 09:26:54,959.7,574951
2021-05-03 09:26:55,959.7,575001
2021-05-03 09:26:56,959.7,575001
2021-05-03 09:26:57,959.9,575041
2021-05-03 09:26:58,959.4,575136
2021-05-03 09:26:59,959.4,575386
2021-05-03 09:27:01,959.65,575568
2021-05-03 09:27:02,959.4,575728
2021-05-03 09:27:03,959.0,577392
2021-05-03 09:27:04,958.95,577507
2021-05-03 09:27:04,958.95,577507
2021-05-03 09:27:05,958.55,577530
2021-05-03 09:27:06,958.55,577634
2021-05-03 09:27:08,958.55,577669
2021-05-03 09:27:09,958.55,577689
2021-05-03 09:27:10,959.05,577714
2021-05-03 09:27:11,958.65,577724
2021-05-03 09:27:12,958.65,577724
2021-05-03 09:27:12,958.65,577724
2021-05-03 09:27:14,958.6,579098
2021-05-03 09:27:16,958.55,579250
2021-05-03 09:27:17,958.55,579298
2021-05-03 09:27:18,958.8,579323
2021-05-03 09:27:19,958.8,579323
2021-05-03 09:27:20,958.65,579338
2021-05-03 09:27:20,958.65,579338
2021-05-03 09:27:22,958.65,579802
2021-05-03 09:27:23,959.1,579820
2021-05-03 09:27:23,959.1,579820
2021-05-03 09:27:25,959.25,579823
2021-05-03 09:27:25,959.25,579823
2021-05-03 09:27:26,958.8,579928
2021-05-03 09:27:28,959.1,579963
2021-05-03 09:27:29,959.1,579963
2021-05-03 09:27:30,958.65,580074
2021-05-03 09:27:31,958.65,580189
2021-05-03 09:27:31,958.65,580189
2021-05-03 09:27:32,959.0,580191
2021-05-03 09:27:33,959.0,580191
2021-05-03 09:27:36,958.65,580215
2021-05-03 09:27:37,958.65,580218
2021-05-03 09:27:38,959.05,580240
2021-05-03 09:27:39,959.1,580250
2021-05-03 09:27:40,959.1,580251
2021-05-03 09:27:41,958.65,580281
2021-05-03 09:27:42,958.65,580286
2021-05-03 09:27:42,958.65,580286
2021-05-03 09:27:43,959.15,580336
2021-05-03 09:27:45,959.15,580336
2021-05-03 09:27:46,958.8,580356
2021-05-03 09:27:47,959.25,580456
2021-05-03 09:27:48,959.25,580456
2021-05-03 09:27:49,959.05,580608
2021-05-03 09:27:50,959.05,580883
2021-05-03 09:27:50,959.05,580883
2021-05-03 09:27:51,958.9,580898
2021-05-03 09:27:53,958.9,580898
2021-05-03 09:27:54,958.9,580898
2021-05-03 09:27:55,958.9,580918
2021-05-03 09:27:56,958.9,580960
2021-05-03 09:27:57,959.25,580989
2021-05-03 09:27:57,959.25,580989
2021-05-03 09:27:59,958.9,581201
2021-05-03 09:28:00,958.9,581201
2021-05-03 09:28:01,959.25,581401
2021-05-03 09:28:02,959.25,581401
2021-05-03 09:28:03,959.25,581523
2021-05-03 09:28:04,959.25,581523
2021-05-03 09:28:05,959.25,581523
2021-05-03 09:28:06,959.25,581523
2021-05-03 09:28:07,959.25,581523
2021-05-03 09:28:08,959.25,581574
2021-05-03 09:28:09,959.25,581574
2021-05-03 09:28:10,959.25,581574
2021-05-03 09:28:11,959.2,581594
2021-05-03 09:28:12,959.25,581727
2021-05-03 09:28:13,959.25,581727
2021-05-03 09:28:13,958.95,581843
2021-05-03 09:28:14,959.2,581848
2021-05-03 09:28:15,959.2,581949
2021-05-03 09:28:17,959.3,582234
2021-05-03 09:28:18,959.2,582287
2021-05-03 09:28:18,959.2,582287
2021-05-03 09:28:19,959.2,582287
2021-05-03 09:28:21,959.4,582612
2021-05-03 09:28:22,959.45,582737
2021-05-03 09:28:22,959.45,582737
2021-05-03 09:28:23,959.45,582737
2021-05-03 09:28:24,959.45,582737
2021-05-03 09:28:26,959.45,582737
2021-05-03 09:28:26,959.45,582737
2021-05-03 09:28:27,959.45,582743
2021-05-03 09:28:29,959.45,582754
2021-05-03 09:28:30,959.35,583454
2021-05-03 09:28:30,959.35,583454
2021-05-03 09:28:32,959.8,583530
2021-05-03 09:28:32,959.8,583530
2021-05-03 09:28:33,960.0,583739
2021-05-03 09:28:34,960.0,583750
2021-05-03 09:28:35,960.0,583750
2021-05-03 09:28:37,960.0,583750
2021-05-03 09:28:38,960.4,584780
2021-05-03 09:28:38,960.4,584780
2021-05-03 09:28:39,960.7,585151
2021-05-03 09:28:41,960.9,585611
2021-05-03 09:28:42,960.9,585611
2021-05-03 09:28:43,960.65,585617
2021-05-03 09:28:43,960.65,585617
2021-05-03 09:28:45,960.65,585633
2021-05-03 09:28:46,960.65,585633
2021-05-03 09:28:47,960.2,585637
2021-05-03 09:28:47,960.65,585638
2021-05-03 09:28:48,960.65,585638
2021-05-03 09:28:49,960.65,585738
2021-05-03 09:28:51,960.65,585738
2021-05-03 09:28:52,960.65,585738
2021-05-03 09:28:53,960.25,585768
2021-05-03 09:28:54,960.25,585768
2021-05-03 09:28:55,960.25,585783
2021-05-03 09:28:56,960.6,585905
2021-05-03 09:28:57,960.05,586278
2021-05-03 09:28:58,959.6,587195
2021-05-03 09:28:58,959.7,587395
2021-05-03 09:28:59,959.25,588289
2021-05-03 09:29:00,959.3,588889
2021-05-03 09:29:01,959.6,589389
2021-05-03 09:29:02,959.6,589389
2021-05-03 09:29:03,959.35,589768
2021-05-03 09:29:05,958.95,589795
2021-05-03 09:29:06,958.95,589795
2021-05-03 09:29:06,958.95,589795
2021-05-03 09:29:08,958.95,589795
2021-05-03 09:29:09,958.95,589795
2021-05-03 09:29:10,959.4,589870
2021-05-03 09:29:10,959.35,589871
2021-05-03 09:29:11,959.35,589871
2021-05-03 09:29:15,959.6,589928
2021-05-03 09:29:15,959.6,589928
2021-05-03 09:29:16,959.35,591055
2021-05-03 09:29:18,959.35,591055
2021-05-03 09:29:19,959.35,591055
2021-05-03 09:29:20,959.95,591075
2021-05-03 09:29:21,959.95,591144
2021-05-03 09:29:22,959.95,591144
2021-05-03 09:29:23,959.95,591144
2021-05-03 09:29:24,960.35,591324
2021-05-03 09:29:25,960.35,591324
2021-05-03 09:29:25,960.25,591328
2021-05-03 09:29:26,959.85,591333
2021-05-03 09:29:28,960.35,591419
2021-05-03 09:29:29,960.15,591544
2021-05-03 09:29:29,960.15,591544
2021-05-03 09:29:30,960.15,591594
2021-05-03 09:29:32,960.15,591594
2021-05-03 09:29:33,960.6,591650
2021-05-03 09:29:34,960.6,591660
2021-05-03 09:29:35,960.6,591660
2021-05-03 09:29:36,960.2,591682
2021-05-03 09:29:37,960.65,591835
2021-05-03 09:29:38,960.65,591835
2021-05-03 09:29:39,960.65,591835
2021-05-03 09:29:40,960.65,591835
2021-05-03 09:29:41,960.5,591894
2021-05-03 09:29:42,961.0,591977
2021-05-03 09:29:43,960.65,591988
2021-05-03 09:29:44,961.0,591990
2021-05-03 09:29:45,961.0,592145
2021-05-03 09:29:47,961.3,598336
2021-05-03 09:29:46,961.3,598336
2021-05-03 09:29:48,961.7,598392
2021-05-03 09:29:49,961.7,598392
2021-05-03 09:29:50,961.55,598492
2021-05-03 09:29:51,961.55,598492
2021-05-03 09:29:52,961.85,598897
2021-05-03 09:29:53,961.35,598997
2021-05-03 09:29:54,961.85,599017
2021-05-03 09:29:55,961.85,599018
2021-05-03 09:29:56,961.7,599028
2021-05-03 09:29:57,961.6,599427
2021-05-03 09:29:58,961.6,599427
2021-05-03 09:29:59,961.6,599427
2021-05-03 09:30:00,961.6,599427
2021-05-03 09:30:01,961.5,599519
2021-05-03 09:30:02,961.4,599615
2021-05-03 09:30:03,961.5,600101
2021-05-03 09:30:04,961.5,600112
2021-05-03 09:30:05,961.35,600161
2021-05-03 09:30:06,961.35,600273
2021-05-03 09:30:07,961.65,600746
2021-05-03 09:30:08,961.65,600756
2021-05-03 09:30:09,961.6,600779
2021-05-03 09:30:10,961.6,600779
2021-05-03 09:30:11,961.6,600779
2021-05-03 09:30:12,961.55,601081
2021-05-03 09:30:13,961.35,601350
2021-05-03 09:30:14,961.35,601452
2021-05-03 09:30:15,961.35,601452
2021-05-03 09:30:16,961.5,601956
2021-05-03 09:30:17,961.25,602316
2021-05-03 09:30:18,961.25,602344
2021-05-03 09:30:20,961.4,602640
2021-05-03 09:30:19,961.4,602640
2021-05-03 09:30:21,961.2,602645
2021-05-03 09:30:22,961.2,602645
2021-05-03 09:30:23,961.1,602657
2021-05-03 09:30:24,961.05,602857
2021-05-03 09:30:25,961.05,602857
2021-05-03 09:30:26,961.1,602928
2021-05-03 09:30:27,961.1,602928
2021-05-03 09:30:28,961.15,603275
2021-05-03 09:30:29,960.85,603600
2021-05-03 09:30:30,960.85,603600
2021-05-03 09:30:32,961.0,603601
2021-05-03 09:30:31,960.85,603600
2021-05-03 09:30:33,960.85,604091
2021-05-03 09:30:34,961.0,604131
2021-05-03 09:30:35,961.0,604131
2021-05-03 09:30:36,961.0,604258
2021-05-03 09:30:37,961.0,605101
2021-05-03 09:30:38,961.5,605313
2021-05-03 09:30:39,961.5,605373
2021-05-03 09:30:40,961.0,605477
2021-05-03 09:30:41,961.45,605522
2021-05-03 09:30:42,961.45,605522
2021-05-03 09:30:43,961.0,605532
2021-05-03 09:30:44,961.0,605532
2021-05-03 09:30:45,961.1,605544
2021-05-03 09:30:46,961.1,605544
2021-05-03 09:30:47,961.0,605574
2021-05-03 09:30:48,961.05,605575
2021-05-03 09:30:49,961.05,605702
2021-05-03 09:30:50,961.05,605707
2021-05-03 09:30:52,961.3,605868
2021-05-03 09:30:51,961.3,605868
2021-05-03 09:30:53,961.3,605868
2021-05-03 09:30:54,961.3,605981
2021-05-03 09:30:55,961.3,605981
2021-05-03 09:30:56,961.3,605981
2021-05-03 09:30:58,961.05,605991
2021-05-03 09:30:59,960.8,606766
2021-05-03 09:31:00,960.65,607016
2021-05-03 09:31:01,960.65,607016
2021-05-03 09:31:02,960.65,607016
2021-05-03 09:31:04,960.65,607320
2021-05-03 09:31:05,960.65,607325
2021-05-03 09:31:06,960.65,607527
2021-05-03 09:31:07,960.4,607531
2021-05-03 09:31:08,960.65,607639
2021-05-03 09:31:09,960.65,607649
2021-05-03 09:31:10,960.65,607649
2021-05-03 09:31:11,960.65,607649
2021-05-03 09:31:12,960.65,608210
2021-05-03 09:31:13,960.95,608215
2021-05-03 09:31:14,960.95,608215
2021-05-03 09:31:15,960.55,608243
2021-05-03 09:31:17,960.45,608729
2021-05-03 09:31:16,960.45,608729
2021-05-03 09:31:18,960.65,608759
2021-05-03 09:31:19,960.65,608759
2021-05-03 09:31:20,960.75,609159
2021-05-03 09:31:21,960.45,609358
2021-05-03 09:31:22,960.45,609888
2021-05-03 09:31:23,960.4,610245
2021-05-03 09:31:24,960.05,611459
2021-05-03 09:31:25,960.0,611492
2021-05-03 09:31:26,959.75,611597
2021-05-03 09:31:27,959.75,612299
2021-05-03 09:31:28,960.0,612325
2021-05-03 09:31:29,960.0,612326
2021-05-03 09:31:30,960.0,616882
2021-05-03 09:31:30,960.0,616882
2021-05-03 09:31:31,959.95,616917
2021-05-03 09:31:32,959.95,616917
2021-05-03 09:31:33,959.95,616917
2021-05-03 09:31:34,959.9,616918
2021-05-03 09:31:35,959.95,617158
2021-05-03 09:31:36,960.0,618157
2021-05-03 09:31:37,960.0,618167
2021-05-03 09:31:38,960.0,618172
2021-05-03 09:31:39,960.0,618172
2021-05-03 09:31:40,960.0,618190
2021-05-03 09:31:41,960.0,618213
2021-05-03 09:31:42,960.0,618223
2021-05-03 09:31:43,960.0,618223
2021-05-03 09:31:44,960.0,618323
2021-05-03 09:31:45,960.0,618423
2021-05-03 09:31:46,960.0,618906
2021-05-03 09:31:47,959.95,619132
2021-05-03 09:31:48,960.0,619215
2021-05-03 09:31:49,960.0,619215
2021-05-03 09:31:50,960.65,619323
2021-05-03 09:31:51,960.15,619349
2021-05-03 09:31:53,960.15,619349
2021-05-03 09:31:55,960.55,619354
2021-05-03 09:31:55,960.55,619354
2021-05-03 09:31:56,960.55,619381
2021-05-03 09:31:57,960.15,619384
2021-05-03 09:31:58,960.15,619384
2021-05-03 09:31:59,960.3,619388
2021-05-03 09:32:00,960.1,619678
2021-05-03 09:32:01,960.05,620261
2021-05-03 09:32:02,959.95,620361
2021-05-03 09:32:04,959.95,620380
2021-05-03 09:32:05,959.95,620390
2021-05-03 09:32:05,959.95,620390
2021-05-03 09:32:06,959.95,620434
2021-05-03 09:32:07,959.95,620458
2021-05-03 09:32:08,959.95,620474
2021-05-03 09:32:09,959.95,620474
2021-05-03 09:32:10,959.95,620474
2021-05-03 09:32:11,959.95,620474
2021-05-03 09:32:13,959.75,620967
2021-05-03 09:32:14,959.75,620967
2021-05-03 09:32:14,959.75,620967
2021-05-03 09:32:15,959.65,621170
2021-05-03 09:32:16,959.75,622193
2021-05-03 09:32:17,959.6,622201
2021-05-03 09:32:18,959.75,622211
2021-05-03 09:32:19,959.75,622509
2021-05-03 09:32:21,959.8,622896
2021-05-03 09:32:21,960.15,624083
2021-05-03 09:32:23,960.15,624083
2021-05-03 09:32:23,960.15,624083
2021-05-03 09:32:24,960.2,624093
2021-05-03 09:32:26,960.95,625903
2021-05-03 09:32:27,960.95,625903
2021-05-03 09:32:28,960.95,625903
2021-05-03 09:32:29,960.95,625903
2021-05-03 09:32:30,961.4,625925
2021-05-03 09:32:31,961.4,625948
2021-05-03 09:32:33,961.4,626949
2021-05-03 09:32:33,961.4,626949
2021-05-03 09:32:34,961.4,626949
2021-05-03 09:32:35,961.4,626949
2021-05-03 09:32:36,961.4,626949
2021-05-03 09:32:37,961.3,626962
2021-05-03 09:32:38,961.25,627111
2021-05-03 09:32:40,960.95,628211
2021-05-03 09:32:40,960.95,628211
2021-05-03 09:32:42,960.95,628216
2021-05-03 09:32:42,961.4,628217
2021-05-03 09:32:43,961.5,628259
2021-05-03 09:32:44,961.5,628259
2021-05-03 09:32:45,961.5,628259
2021-05-03 09:32:46,961.5,628259
2021-05-03 09:32:47,961.4,628568
2021-05-03 09:32:48,961.4,628584
2021-05-03 09:32:50,961.4,628584
2021-05-03 09:32:50,961.4,628584
2021-05-03 09:32:51,961.4,628584
2021-05-03 09:32:52,961.45,628820
2021-05-03 09:32:53,961.45,628820
2021-05-03 09:32:54,961.6,629969
2021-05-03 09:32:55,961.6,629969
2021-05-03 09:32:56,961.6,629969
2021-05-03 09:32:57,961.6,630037
2021-05-03 09:32:58,961.7,630524
2021-05-03 09:32:59,961.7,630534
2021-05-03 09:33:01,961.7,630534
2021-05-03 09:33:01,961.7,630534
2021-05-03 09:33:03,961.5,630674
2021-05-03 09:33:03,961.5,630674
2021-05-03 09:33:04,961.5,630674
2021-05-03 09:33:06,961.8,630822
2021-05-03 09:33:06,961.8,630822
2021-05-03 09:33:07,961.6,630922
2021-05-03 09:33:08,961.7,630933
2021-05-03 09:33:09,961.75,631013
2021-05-03 09:33:10,961.9,635849
2021-05-03 09:33:11,961.9,637011
2021-05-03 09:33:12,961.9,637011
2021-05-03 09:33:14,961.9,637011
2021-05-03 09:33:14,961.9,637011
2021-05-03 09:33:15,962.05,639281
2021-05-03 09:33:16,962.05,639475
2021-05-03 09:33:18,962.2,639478
2021-05-03 09:33:18,962.2,639478
2021-05-03 09:33:19,962.2,639522
2021-05-03 09:33:20,962.2,640200
2021-05-03 09:33:21,962.2,640200
2021-05-03 09:33:22,962.45,640249
2021-05-03 09:33:23,962.5,640304
2021-05-03 09:33:24,962.5,640329
2021-05-03 09:33:25,963.2,641617
2021-05-03 09:33:27,963.05,642408
2021-05-03 09:33:27,963.05,642408
2021-05-03 09:33:28,963.05,642632
2021-05-03 09:33:29,963.5,643235
2021-05-03 09:33:30,963.5,643245
2021-05-03 09:33:31,963.5,643507
2021-05-03 09:33:32,963.5,643517
2021-05-03 09:33:33,963.0,643522
2021-05-03 09:33:34,963.0,643522
2021-05-03 09:33:36,963.4,643702
2021-05-03 09:33:36,963.15,643705
2021-05-03 09:33:37,963.0,643805
2021-05-03 09:33:38,963.0,643805
2021-05-03 09:33:39,963.0,644405
2021-05-03 09:33:40,963.2,644691
2021-05-03 09:33:41,963.2,644711
2021-05-03 09:33:43,963.4,644931
2021-05-03 09:33:44,963.55,645491
2021-05-03 09:33:44,963.55,645491
2021-05-03 09:33:45,963.55,645611
2021-05-03 09:33:46,963.3,646184
2021-05-03 09:33:47,963.0,646907
2021-05-03 09:33:48,963.0,646927
2021-05-03 09:33:49,963.0,647002
2021-05-03 09:33:50,963.0,647022
2021-05-03 09:33:52,962.85,647247
2021-05-03 09:33:52,963.0,647042
2021-05-03 09:33:53,962.95,647248
2021-05-03 09:33:54,962.9,647271
2021-05-03 09:33:55,962.9,647673
2021-05-03 09:33:56,962.8,647730
2021-05-03 09:33:57,962.8,647736
2021-05-03 09:33:58,962.85,647979
2021-05-03 09:34:00,963.0,648088
2021-05-03 09:34:00,963.0,648088
2021-05-03 09:34:01,963.0,648288
2021-05-03 09:34:02,963.15,655503
2021-05-03 09:34:03,963.15,655503
2021-05-03 09:34:05,963.15,655565
2021-05-03 09:34:06,963.15,656786
2021-05-03 09:34:07,963.15,656786
2021-05-03 09:34:08,963.2,656829
2021-05-03 09:34:09,963.2,656879
2021-05-03 09:34:10,963.2,656879
2021-05-03 09:34:11,963.2,656962
2021-05-03 09:34:12,963.1,656964
2021-05-03 09:34:12,963.1,657080
2021-05-03 09:34:13,963.1,657280
2021-05-03 09:34:14,963.1,657454
2021-05-03 09:34:18,962.7,658559
2021-05-03 09:34:18,962.7,658559
2021-05-03 09:34:19,962.7,658559
2021-05-03 09:34:20,962.7,658565
2021-05-03 09:34:21,962.5,658598
2021-05-03 09:34:22,962.5,658598
2021-05-03 09:34:22,962.5,658598
2021-05-03 09:34:23,962.7,658649
2021-05-03 09:34:24,962.9,658711
2021-05-03 09:34:25,962.9,658711
2021-05-03 09:34:26,962.9,658711
2021-05-03 09:34:27,962.45,659561
2021-05-03 09:34:28,962.45,659661
2021-05-03 09:34:30,962.95,659961
2021-05-03 09:34:31,962.95,659961
2021-05-03 09:34:32,962.95,659961
2021-05-03 09:34:32,962.95,659961
2021-05-03 09:34:33,962.55,660211
2021-05-03 09:34:34,963.1,660421
2021-05-03 09:34:35,963.1,660421
2021-05-03 09:34:36,962.8,660666
2021-05-03 09:34:37,962.55,660679
2021-05-03 09:34:38,962.55,660790
2021-05-03 09:34:40,962.8,660801
2021-05-03 09:34:41,962.45,661055
2021-05-03 09:34:42,962.8,662375
2021-05-03 09:34:43,962.45,662378
2021-05-03 09:34:44,962.45,662378
2021-05-03 09:34:45,962.85,662608
2021-05-03 09:34:46,962.85,662608
2021-05-03 09:34:47,962.6,662708
2021-05-03 09:34:48,962.6,662708
2021-05-03 09:34:48,962.6,662708
2021-05-03 09:34:49,962.6,662708
2021-05-03 09:34:50,962.95,662753
2021-05-03 09:34:51,962.95,662753
2021-05-03 09:34:52,962.9,662906
2021-05-03 09:34:53,962.65,662931
2021-05-03 09:34:54,962.65,662931
2021-05-03 09:34:56,963.0,663009
2021-05-03 09:34:57,962.7,663010
2021-05-03 09:34:58,962.7,663010
2021-05-03 09:34:59,963.25,663210
2021-05-03 09:35:00,963.25,663211
2021-05-03 09:35:01,963.25,663211
2021-05-03 09:35:02,963.2,666722
2021-05-03 09:35:03,963.5,666785
2021-05-03 09:35:04,963.5,666787
2021-05-03 09:35:05,963.0,666937
2021-05-03 09:35:05,963.0,666937
2021-05-03 09:35:07,963.5,667047
2021-05-03 09:35:08,963.5,667047
2021-05-03 09:35:08,962.8,668047
2021-05-03 09:35:09,963.4,668059
2021-05-03 09:35:10,963.4,668208
2021-05-03 09:35:11,963.4,668208
2021-05-03 09:35:12,963.35,668268
2021-05-03 09:35:13,963.35,668318
2021-05-03 09:35:14,963.0,668681
2021-05-03 09:35:16,963.0,668681
2021-05-03 09:35:17,962.85,668682
2021-05-03 09:35:17,962.95,668697
2021-05-03 09:35:19,963.0,668764
2021-05-03 09:35:19,963.0,668764
2021-05-03 09:35:21,963.0,668844
2021-05-03 09:35:22,962.85,668864
2021-05-03 09:35:23,963.0,669007
2021-05-03 09:35:24,962.9,669065
2021-05-03 09:35:24,962.9,669065
2021-05-03 09:35:25,962.9,669486
2021-05-03 09:35:26,963.0,669596
2021-05-03 09:35:28,962.75,669939
2021-05-03 09:35:29,962.75,669939
2021-05-03 09:35:30,962.8,669987
2021-05-03 09:35:31,962.7,670091
2021-05-03 09:35:32,963.0,670291
2021-05-03 09:35:32,963.0,670291
2021-05-03 09:35:33,963.0,670301
2021-05-03 09:35:34,963.0,670301
2021-05-03 09:35:35,963.0,670361
2021-05-03 09:35:36,963.0,670361
2021-05-03 09:35:37,963.0,670361
2021-05-03 09:35:39,962.7,670440
2021-05-03 09:35:41,962.95,670444
2021-05-03 09:35:42,962.95,670444
2021-05-03 09:35:43,962.95,670444
2021-05-03 09:35:44,962.95,670444
2021-05-03 09:35:44,962.95,670444
2021-05-03 09:35:46,962.7,670567
2021-05-03 09:35:47,962.55,670953
2021-05-03 09:35:48,962.95,671107
2021-05-03 09:35:49,962.95,671107
2021-05-03 09:35:50,962.85,671757
2021-05-03 09:35:52,962.5,671778
2021-05-03 09:35:53,962.5,671778
2021-05-03 09:35:54,962.25,672011
2021-05-03 09:35:55,962.05,672531
2021-05-03 09:35:55,962.05,672531
2021-05-03 09:35:56,962.0,672554
2021-05-03 09:35:57,962.05,672558
2021-05-03 09:35:58,962.05,672558
2021-05-03 09:35:59,962.4,672608
2021-05-03 09:36:00,962.4,672608
2021-05-03 09:36:01,962.15,672708
2021-05-03 09:36:03,962.0,674009
2021-05-03 09:36:04,962.0,674009
2021-05-03 09:36:04,962.0,674009
2021-05-03 09:36:05,962.25,674029
2021-05-03 09:36:06,962.0,674052
2021-05-03 09:36:07,962.1,674328
2021-05-03 09:36:09,962.35,674408
2021-05-03 09:36:10,962.35,674408
2021-05-03 09:36:11,961.85,674518
2021-05-03 09:36:12,961.65,674701
2021-05-03 09:36:13,961.65,674701
2021-05-03 09:36:13,961.65,674701
2021-05-03 09:36:14,961.95,674716
2021-05-03 09:36:15,961.45,675242
2021-05-03 09:36:16,961.45,675242
2021-05-03 09:36:18,961.05,675278
2021-05-03 09:36:19,961.0,676120
2021-05-03 09:36:20,961.2,676145
2021-05-03 09:36:21,961.0,676168
2021-05-03 09:36:22,961.0,676168
2021-05-03 09:36:23,960.95,676430
2021-05-03 09:36:24,960.95,676430
2021-05-03 09:36:25,960.75,676947
2021-05-03 09:36:26,960.8,676970
2021-05-03 09:36:27,961.1,677030
2021-05-03 09:36:28,961.4,677379
2021-05-03 09:36:28,961.4,677379
2021-05-03 09:36:29,960.6,677480
2021-05-03 09:36:30,960.6,677480
2021-05-03 09:36:31,960.6,677480
2021-05-03 09:36:33,959.8,712823
2021-05-03 09:36:34,959.7,712834
2021-05-03 09:36:35,959.7,712834
2021-05-03 09:36:36,959.6,712878
2021-05-03 09:36:37,959.35,712881
2021-05-03 09:36:37,959.35,712881
2021-05-03 09:36:38,959.7,713191
2021-05-03 09:36:39,959.7,713191
2021-05-03 09:36:41,959.15,713291
2021-05-03 09:36:42,959.15,713291
2021-05-03 09:36:43,959.65,713295
2021-05-03 09:36:44,959.35,713395
2021-05-03 09:36:45,959.35,713395
2021-05-03 09:36:46,959.65,713445
2021-05-03 09:36:46,959.65,713445
2021-05-03 09:36:47,959.65,713512
2021-05-03 09:36:48,959.4,713712
2021-05-03 09:36:49,960.1,713812
2021-05-03 09:36:50,960.1,713812
2021-05-03 09:36:52,959.9,713912
2021-05-03 09:36:53,959.9,713912
2021-05-03 09:36:54,959.95,713922
2021-05-03 09:36:55,959.95,713962
2021-05-03 09:36:56,959.45,713995
2021-05-03 09:36:57,959.5,713999
2021-05-03 09:36:57,959.5,713999
2021-05-03 09:36:58,960.0,714519
2021-05-03 09:37:01,959.7,714564
2021-05-03 09:37:01,960.05,714649
2021-05-03 09:37:02,960.05,714679
2021-05-03 09:37:03,960.05,714683
2021-05-03 09:37:04,960.2,714832
2021-05-03 09:37:06,960.2,714832
2021-05-03 09:37:07,960.2,714832
2021-05-03 09:37:08,960.0,714897
2021-05-03 09:37:10,959.75,715255
2021-05-03 09:37:11,960.2,715258
2021-05-03 09:37:12,959.8,715283
2021-05-03 09:37:13,959.8,715283
2021-05-03 09:37:14,960.2,715285
2021-05-03 09:37:15,960.2,715285
2021-05-03 09:37:16,960.6,715330
2021-05-03 09:37:17,960.15,715341
2021-05-03 09:37:18,960.1,715361
2021-05-03 09:37:19,960.55,715363
2021-05-03 09:37:20,960.1,715413
2021-05-03 09:37:21,960.1,715416
2021-05-03 09:37:22,960.25,715586
2021-05-03 09:37:23,960.55,715587
2021-05-03 09:37:24,960.55,715591
2021-05-03 09:37:25,960.35,715827
2021-05-03 09:37:26,960.35,715827
2021-05-03 09:37:26,960.95,715839
2021-05-03 09:37:27,960.95,715839
2021-05-03 09:37:29,960.9,715847
2021-05-03 09:37:30,960.9,715847
2021-05-03 09:37:32,960.7,715870
2021-05-03 09:37:33,960.7,715870
2021-05-03 09:37:34,960.9,716091
2021-05-03 09:37:35,960.9,716091
2021-05-03 09:37:36,960.7,716191
2021-05-03 09:37:37,960.7,716191
2021-05-03 09:37:38,960.7,716206
2021-05-03 09:37:39,960.7,716206
2021-05-03 09:37:40,960.7,716206
2021-05-03 09:37:41,960.7,716207
2021-05-03 09:37:42,960.4,716225
2021-05-03 09:37:43,960.75,716321
2021-05-03 09:37:44,960.75,716321
2021-05-03 09:37:45,960.4,716411
2021-05-03 09:37:46,960.4,716436
2021-05-03 09:37:47,960.4,716436
2021-05-03 09:37:48,960.4,716436
2021-05-03 09:37:49,960.7,716449
2021-05-03 09:37:50,960.4,716518
2021-05-03 09:37:51,960.4,716638
2021-05-03 09:37:52,960.45,716989
2021-05-03 09:37:52,960.45,716989
2021-05-03 09:37:54,960.7,716990
2021-05-03 09:37:55,960.7,716990
2021-05-03 09:37:58,960.35,717056
2021-05-03 09:37:59,960.35,717056
2021-05-03 09:37:59,960.15,717383
2021-05-03 09:38:01,960.45,717388
2021-05-03 09:38:01,960.4,717562
2021-05-03 09:38:02,960.4,717562
2021-05-03 09:38:03,960.4,717562
2021-05-03 09:38:04,960.2,717579
2021-05-03 09:38:05,960.15,717597
2021-05-03 09:38:07,960.15,717631
2021-05-03 09:38:08,959.7,718609
2021-05-03 09:38:09,959.7,718609
2021-05-03 09:38:10,960.0,718679
2021-05-03 09:38:11,960.0,718679
2021-05-03 09:38:12,959.6,718733
2021-05-03 09:38:13,959.6,718733
2021-05-03 09:38:14,960.0,718734
2021-05-03 09:38:15,960.0,718735
2021-05-03 09:38:16,959.75,718757
2021-05-03 09:38:17,959.75,719046
2021-05-03 09:38:18,959.75,719046
2021-05-03 09:38:19,959.75,719046
2021-05-03 09:38:20,960.2,719096
2021-05-03 09:38:21,959.75,719333
2021-05-03 09:38:22,959.75,719333
2021-05-03 09:38:23,959.7,719470
2021-05-03 09:38:24,959.7,719470
2021-05-03 09:38:25,960.15,719522
2021-05-03 09:38:26,960.0,719596
2021-05-03 09:38:27,959.35,721155
2021-05-03 09:38:28,959.35,721155
2021-05-03 09:38:29,959.55,721156
2021-05-03 09:38:29,959.55,721156
2021-05-03 09:38:30,959.25,721244
2021-05-03 09:38:32,959.25,721245
2021-05-03 09:38:33,959.25,721245
2021-05-03 09:38:34,959.65,721265
2021-05-03 09:38:35,959.65,721265
2021-05-03 09:38:36,959.55,721277
2021-05-03 09:38:37,959.55,721277
2021-05-03 09:38:38,959.55,721277
2021-05-03 09:38:39,959.55,721277
2021-05-03 09:38:39,959.55,721314
2021-05-03 09:38:40,959.75,721335
2021-05-03 09:38:41,959.65,721337
2021-05-03 09:38:43,959.3,721459
2021-05-03 09:38:44,959.3,721459
2021-05-03 09:38:45,959.55,721460
2021-05-03 09:38:46,959.65,721484
2021-05-03 09:38:47,959.75,721489
2021-05-03 09:38:48,959.75,721499
2021-05-03 09:38:49,959.3,721519
2021-05-03 09:38:50,959.95,724519
2021-05-03 09:38:51,959.35,724569
2021-05-03 09:38:52,959.35,724569
2021-05-03 09:38:53,959.75,724611
2021-05-03 09:38:54,959.75,724611
2021-05-03 09:38:55,959.75,724611
2021-05-03 09:38:56,959.75,724925
2021-05-03 09:38:57,959.5,724940
2021-05-03 09:38:58,959.5,724940
2021-05-03 09:38:58,959.55,724948
2021-05-03 09:39:00,959.55,724970
2021-05-03 09:39:01,959.7,725199
2021-05-03 09:39:02,959.7,725199
2021-05-03 09:39:03,959.7,725199
2021-05-03 09:39:04,959.85,725305
2021-05-03 09:39:06,959.85,725378
2021-05-03 09:39:06,959.85,725378
2021-05-03 09:39:08,959.85,727977
2021-05-03 09:39:09,959.85,727977
2021-05-03 09:39:11,959.65,727998
2021-05-03 09:39:10,959.85,727977
2021-05-03 09:39:12,959.7,728099
2021-05-03 09:39:13,959.85,728109
2021-05-03 09:39:14,959.85,728135
2021-05-03 09:39:15,959.6,728152
2021-05-03 09:39:16,959.6,728175
2021-05-03 09:39:17,959.6,728179
2021-05-03 09:39:18,959.85,728328
2021-05-03 09:39:19,959.85,728328
2021-05-03 09:39:20,959.85,728328
2021-05-03 09:39:21,959.85,728328
2021-05-03 09:39:22,959.85,728328
2021-05-03 09:39:23,959.85,728486
2021-05-03 09:39:24,959.85,728491
2021-05-03 09:39:25,959.75,728659
2021-05-03 09:39:26,959.65,728693
2021-05-03 09:39:27,959.5,729628
2021-05-03 09:39:28,959.35,730018
2021-05-03 09:39:29,959.35,730018
2021-05-03 09:39:30,959.35,730018
2021-05-03 09:39:31,959.6,730035
2021-05-03 09:39:32,959.6,730035
2021-05-03 09:39:33,959.75,730060
2021-05-03 09:39:34,959.75,730060
2021-05-03 09:39:35,960.05,731060
2021-05-03 09:39:36,959.6,731071
2021-05-03 09:39:37,960.0,731389
2021-05-03 09:39:38,960.0,731389
2021-05-03 09:39:39,960.0,731389
2021-05-03 09:39:40,960.0,731389
2021-05-03 09:39:41,960.05,731399
2021-05-03 09:39:42,960.05,731399
2021-05-03 09:39:43,960.2,731400
2021-05-03 09:39:44,960.2,731400
2021-05-03 09:39:45,960.2,731400
2021-05-03 09:39:46,960.05,731423
2021-05-03 09:39:47,960.05,731447
2021-05-03 09:39:48,960.05,731448
2021-05-03 09:39:49,960.1,731449
2021-05-03 09:39:50,960.2,731849
2021-05-03 09:39:51,960.1,733047
2021-05-03 09:39:52,960.1,733047
2021-05-03 09:39:53,960.25,733513
2021-05-03 09:39:54,960.25,733513
2021-05-03 09:39:56,960.5,733633
2021-05-03 09:39:57,960.9,733655
2021-05-03 09:39:58,960.9,733702
2021-05-03 09:39:58,960.9,733702
2021-05-03 09:40:00,960.9,733702
2021-05-03 09:40:01,960.9,733702
2021-05-03 09:40:02,960.5,734202
2021-05-03 09:40:03,960.6,734280
2021-05-03 09:40:04,960.6,734480
2021-05-03 09:40:04,960.6,734480
2021-05-03 09:40:06,960.6,734480
2021-05-03 09:40:07,960.6,734480
2021-05-03 09:40:08,960.15,734505
2021-05-03 09:40:08,960.15,734560
2021-05-03 09:40:09,960.15,734560
2021-05-03 09:40:10,960.15,734560
2021-05-03 09:40:12,960.6,734662
2021-05-03 09:40:13,960.6,734662
2021-05-03 09:40:14,960.6,734662
2021-05-03 09:40:15,960.6,734942
2021-05-03 09:40:16,960.6,734942
2021-05-03 09:40:17,960.2,734952
2021-05-03 09:40:18,960.55,734967
2021-05-03 09:40:19,960.55,734967
2021-05-03 09:40:20,960.25,734969
2021-05-03 09:40:21,960.25,734969
2021-05-03 09:40:22,960.35,735034
2021-05-03 09:40:23,960.35,735034
2021-05-03 09:40:24,960.3,735036
2021-05-03 09:40:25,960.45,735042
2021-05-03 09:40:26,960.45,735042
2021-05-03 09:40:27,960.3,735059
2021-05-03 09:40:28,960.15,735659
2021-05-03 09:40:29,960.35,735660
2021-05-03 09:40:30,960.15,735678
2021-05-03 09:40:31,960.0,735683
2021-05-03 09:40:32,960.0,735713
2021-05-03 09:40:33,960.0,735713
2021-05-03 09:40:34,960.0,735766
2021-05-03 09:40:35,960.0,735766
2021-05-03 09:40:36,960.0,735766
2021-05-03 09:40:37,960.5,735862
2021-05-03 09:40:38,960.5,735862
2021-05-03 09:40:39,959.6,736152
2021-05-03 09:40:40,959.6,736152
2021-05-03 09:40:41,959.6,736152
2021-05-03 09:40:42,960.35,736202
2021-05-03 09:40:43,960.35,736202
2021-05-03 09:40:44,960.1,736252
2021-05-03 09:40:45,960.1,736255
2021-05-03 09:40:46,959.8,736259
2021-05-03 09:40:47,960.45,736310
2021-05-03 09:40:48,960.45,736310
2021-05-03 09:40:49,960.45,736310
2021-05-03 09:40:50,960.55,736970
2021-05-03 09:40:51,960.3,737030
2021-05-03 09:40:52,960.3,737030
2021-05-03 09:40:53,960.6,737179
2021-05-03 09:40:54,960.6,737179
2021-05-03 09:40:55,960.75,737715
2021-05-03 09:40:56,960.75,737715
2021-05-03 09:40:57,960.55,737728
2021-05-03 09:40:58,960.55,737728
2021-05-03 09:40:59,960.55,737728
2021-05-03 09:41:00,961.95,739825
2021-05-03 09:41:01,961.65,740217
2021-05-03 09:41:02,962.0,740297
2021-05-03 09:41:03,961.9,740322
2021-05-03 09:41:04,961.35,740337
2021-05-03 09:41:05,961.8,740349
2021-05-03 09:41:06,961.3,740412
2021-05-03 09:41:07,961.3,740412
2021-05-03 09:41:08,961.3,740412
2021-05-03 09:41:09,961.6,740417
2021-05-03 09:41:10,961.65,740717
2021-05-03 09:41:11,961.65,740717
2021-05-03 09:41:12,962.25,740966
2021-05-03 09:41:13,962.15,741007
2021-05-03 09:41:14,962.15,741007
2021-05-03 09:41:15,962.15,741007
2021-05-03 09:41:16,961.9,741010
2021-05-03 09:41:17,961.9,741010
2021-05-03 09:41:18,961.9,741010
2021-05-03 09:41:19,962.15,741110
2021-05-03 09:41:20,961.9,741133
2021-05-03 09:41:21,962.0,741258
2021-05-03 09:41:22,961.6,743568
2021-05-03 09:41:23,961.6,743568
2021-05-03 09:41:24,961.55,743570
2021-05-03 09:41:25,961.55,743570
2021-05-03 09:41:26,961.2,743580
2021-05-03 09:41:27,961.2,743580
2021-05-03 09:41:28,961.4,743635
2021-05-03 09:41:29,961.4,743635
2021-05-03 09:41:30,961.45,743784
2021-05-03 09:41:31,961.6,743944
2021-05-03 09:41:32,961.6,743944
2021-05-03 09:41:33,961.45,743954
2021-05-03 09:41:34,961.0,744049
2021-05-03 09:41:35,961.0,744049
2021-05-03 09:41:36,961.0,744049
2021-05-03 09:41:37,961.0,744049
2021-05-03 09:41:38,961.0,744049
2021-05-03 09:41:39,961.0,744049
2021-05-03 09:41:40,961.0,744049
2021-05-03 09:41:41,961.0,744049
2021-05-03 09:41:42,961.0,744074
2021-05-03 09:41:43,961.05,744135
2021-05-03 09:41:44,961.0,744336
2021-05-03 09:41:45,961.0,744336
2021-05-03 09:41:46,961.0,744336
2021-05-03 09:41:47,961.05,744337
2021-05-03 09:41:48,961.0,744344
2021-05-03 09:41:49,961.5,744470
2021-05-03 09:41:50,961.45,744505
2021-05-03 09:41:51,961.45,744535
2021-05-03 09:41:52,962.0,744718
2021-05-03 09:41:53,962.0,744718
2021-05-03 09:41:54,961.5,744728
2021-05-03 09:41:55,962.0,744750
2021-05-03 09:41:56,962.0,744752
2021-05-03 09:41:57,962.0,744752
2021-05-03 09:41:58,962.0,744752
2021-05-03 09:41:59,961.35,744757
2021-05-03 09:42:00,961.95,744949
2021-05-03 09:42:01,961.95,745132
2021-05-03 09:42:02,961.65,745332
2021-05-03 09:42:03,961.95,745371
2021-05-03 09:42:05,962.0,745876
2021-05-03 09:42:06,962.0,745876
2021-05-03 09:42:07,962.0,745876
2021-05-03 09:42:08,962.0,746068
2021-05-03 09:42:09,962.0,746068
2021-05-03 09:42:10,962.0,746068
2021-05-03 09:42:11,962.0,746668
2021-05-03 09:42:12,962.0,746668
2021-05-03 09:42:13,962.0,746668
2021-05-03 09:42:14,961.5,746670
2021-05-03 09:42:15,961.5,746670
2021-05-03 09:42:16,961.7,746672
2021-05-03 09:42:17,961.7,746672
2021-05-03 09:42:18,962.0,746773
2021-05-03 09:42:19,962.0,746783
2021-05-03 09:42:20,962.0,746783
2021-05-03 09:42:21,962.0,746784
2021-05-03 09:42:22,962.0,746784
2021-05-03 09:42:23,962.0,746784
2021-05-03 09:42:24,962.0,746784
2021-05-03 09:42:25,962.0,746894
2021-05-03 09:42:26,962.0,746904
2021-05-03 09:42:27,961.95,746909
2021-05-03 09:42:28,962.0,746997
2021-05-03 09:42:29,962.0,746997
2021-05-03 09:42:30,962.0,746997
2021-05-03 09:42:31,961.5,747079
2021-05-03 09:42:32,961.5,747079
2021-05-03 09:42:33,962.0,747279
2021-05-03 09:42:34,961.7,747584
2021-05-03 09:42:35,961.7,747584
2021-05-03 09:42:36,961.75,747585
2021-05-03 09:42:37,961.3,747785
2021-05-03 09:42:38,961.3,747785
2021-05-03 09:42:39,961.8,747800
2021-05-03 09:42:40,961.8,747800
2021-05-03 09:42:41,961.7,747961
2021-05-03 09:42:43,961.7,747961
2021-05-03 09:42:44,961.7,747961
2021-05-03 09:42:44,961.7,747961
2021-05-03 09:42:45,961.9,748349
2021-05-03 09:42:46,961.9,748349
2021-05-03 09:42:47,961.85,748502
2021-05-03 09:42:48,961.85,748502
2021-05-03 09:42:49,961.85,748502
2021-05-03 09:42:50,961.85,748502
2021-05-03 09:42:51,961.85,748502
2021-05-03 09:42:52,961.85,748506
2021-05-03 09:42:53,961.85,748506
2021-05-03 09:42:54,961.85,748506
2021-05-03 09:42:55,961.9,748516
2021-05-03 09:42:56,961.9,748546
2021-05-03 09:42:57,961.9,748546
2021-05-03 09:42:58,961.8,748556
2021-05-03 09:42:59,961.8,748656
2021-05-03 09:43:00,961.7,748661
2021-05-03 09:43:01,961.8,748761
2021-05-03 09:43:02,961.85,749411
2021-05-03 09:43:03,961.5,749554
2021-05-03 09:43:04,961.5,749554
2021-05-03 09:43:05,961.35,749683
2021-05-03 09:43:06,961.05,749892
2021-05-03 09:43:07,961.05,749892
2021-05-03 09:43:08,961.05,749892
2021-05-03 09:43:09,961.55,750180
2021-05-03 09:43:10,961.55,750180
2021-05-03 09:43:11,961.55,750180
2021-05-03 09:43:12,961.15,750182
2021-05-03 09:43:13,961.55,750183
2021-05-03 09:43:14,961.1,750191
2021-05-03 09:43:15,961.1,750211
2021-05-03 09:43:16,961.1,750211
2021-05-03 09:43:17,961.1,750211
2021-05-03 09:43:18,961.1,750211
2021-05-03 09:43:19,961.6,750217
2021-05-03 09:43:20,961.6,750217
2021-05-03 09:43:21,961.6,750217
2021-05-03 09:43:22,961.6,750217
2021-05-03 09:43:23,961.4,750346
2021-05-03 09:43:24,961.4,750356
2021-05-03 09:43:25,961.9,750413
2021-05-03 09:43:26,961.9,750413
2021-05-03 09:43:27,961.9,750457
2021-05-03 09:43:28,961.9,750457
2021-05-03 09:43:29,961.9,750457
2021-05-03 09:43:31,961.9,750457
2021-05-03 09:43:31,961.9,750457
2021-05-03 09:43:33,961.95,750575
2021-05-03 09:43:33,962.0,750585
2021-05-03 09:43:34,961.85,750709
2021-05-03 09:43:35,962.0,750809
2021-05-03 09:43:36,962.0,750859
2021-05-03 09:43:37,962.0,750859
2021-05-03 09:43:38,962.0,750899
2021-05-03 09:43:39,962.0,750899
2021-05-03 09:43:40,962.0,750899
2021-05-03 09:43:41,961.95,750941
2021-05-03 09:43:42,961.95,750941
2021-05-03 09:43:44,962.0,764720
2021-05-03 09:43:44,962.0,764720
2021-05-03 09:43:45,962.0,765164
2021-05-03 09:43:46,962.0,765298
2021-05-03 09:43:47,962.0,765326
2021-05-03 09:43:48,962.0,765326
2021-05-03 09:43:49,962.25,766956
2021-05-03 09:43:50,962.25,766956
2021-05-03 09:43:51,962.35,766967
2021-05-03 09:43:53,962.5,766994
2021-05-03 09:43:54,962.3,767344
2021-05-03 09:43:55,962.5,767360
2021-05-03 09:43:56,962.6,767411
2021-05-03 09:43:56,962.6,767412
2021-05-03 09:43:57,962.5,767543
2021-05-03 09:43:58,962.35,767553
2021-05-03 09:44:00,962.9,767743
2021-05-03 09:44:00,962.9,767743
2021-05-03 09:44:01,963.15,768383
2021-05-03 09:44:02,963.15,768383
2021-05-03 09:44:03,963.1,768621
2021-05-03 09:44:04,962.9,768626
2021-05-03 09:44:05,963.0,768727
2021-05-03 09:44:06,962.5,768737
2021-05-03 09:44:08,962.5,768749
2021-05-03 09:44:09,962.95,769084
2021-05-03 09:44:09,962.95,769134
2021-05-03 09:44:10,962.65,769166
2021-05-03 09:44:11,962.95,769266
2021-05-03 09:44:13,963.0,769492
2021-05-03 09:44:14,963.0,769492
2021-05-03 09:44:14,963.0,769492
2021-05-03 09:44:15,963.0,769509
2021-05-03 09:44:16,962.55,769849
2021-05-03 09:44:17,962.95,769853
2021-05-03 09:44:18,962.95,769853
2021-05-03 09:44:20,962.95,769879
2021-05-03 09:44:20,962.95,769879
2021-05-03 09:44:21,962.8,769955
2021-05-03 09:44:22,962.8,769955
2021-05-03 09:44:23,962.85,770031
2021-05-03 09:44:25,963.05,770236
2021-05-03 09:44:25,963.05,770236
2021-05-03 09:44:26,963.0,770288
2021-05-03 09:44:27,962.85,770358
2021-05-03 09:44:28,962.65,770624
2021-05-03 09:44:29,962.65,770644
2021-05-03 09:44:30,962.65,770674
2021-05-03 09:44:31,963.5,772354
2021-05-03 09:44:32,963.1,772448
2021-05-03 09:44:34,963.15,772520
2021-05-03 09:44:35,963.15,772531
2021-05-03 09:44:36,963.3,772544
2021-05-03 09:44:36,963.3,772551
2021-05-03 09:44:38,962.65,772668
2021-05-03 09:44:39,963.0,772813
2021-05-03 09:44:39,963.1,772874
2021-05-03 09:44:40,963.1,773052
2021-05-03 09:44:42,962.85,773102
2021-05-03 09:44:44,962.85,773162
2021-05-03 09:44:45,962.85,773972
2021-05-03 09:44:45,962.85,773972
2021-05-03 09:44:47,962.85,773983
2021-05-03 09:44:47,962.85,773983
2021-05-03 09:44:48,962.85,773993
2021-05-03 09:44:49,962.85,774095
2021-05-03 09:44:50,962.85,774110
2021-05-03 09:44:51,962.8,774154
2021-05-03 09:44:52,962.8,774154
2021-05-03 09:44:53,962.8,774154
2021-05-03 09:44:54,962.5,774254
2021-05-03 09:44:55,962.8,774296
2021-05-03 09:44:56,962.8,774317
2021-05-03 09:44:58,962.8,774317
2021-05-03 09:44:59,962.8,774347
2021-05-03 09:44:59,962.55,774367
2021-05-03 09:45:00,963.0,774491
2021-05-03 09:45:01,962.55,774493
2021-05-03 09:45:02,962.8,774518
2021-05-03 09:45:03,963.0,774642
2021-05-03 09:45:05,963.0,774652
2021-05-03 09:45:05,963.0,774652
2021-05-03 09:45:06,963.0,774652
2021-05-03 09:45:09,962.8,774985
2021-05-03 09:45:10,962.85,775028
2021-05-03 09:45:11,962.85,775048
2021-05-03 09:45:12,962.85,775048
2021-05-03 09:45:13,962.6,775148
2021-05-03 09:45:13,962.6,775148
2021-05-03 09:45:14,962.85,775338
2021-05-03 09:45:16,962.9,775547
2021-05-03 09:45:16,962.9,775556
2021-05-03 09:45:18,963.0,778048
2021-05-03 09:45:19,963.0,778201
2021-05-03 09:45:19,963.0,778201
2021-05-03 09:45:20,963.0,778270
2021-05-03 09:45:22,963.05,781653
2021-05-03 09:45:22,963.05,781806
2021-05-03 09:45:23,963.05,781811
2021-05-03 09:45:25,962.9,781884
2021-05-03 09:45:25,962.9,781884
2021-05-03 09:45:26,963.3,781909
2021-05-03 09:45:27,963.2,783181
2021-05-03 09:45:29,963.2,783506
2021-05-03 09:45:29,962.9,783206
2021-05-03 09:45:30,963.15,783786
2021-05-03 09:45:31,963.25,784171
2021-05-03 09:45:33,963.0,784520
2021-05-03 09:45:34,963.2,784582
2021-05-03 09:45:35,963.15,784667
2021-05-03 09:45:35,963.15,784667
2021-05-03 09:45:36,963.1,785636
2021-05-03 09:45:37,963.2,785680
2021-05-03 09:45:39,963.0,786052
2021-05-03 09:45:39,963.0,786022
2021-05-03 09:45:40,963.0,786122
2021-05-03 09:45:42,962.95,791428
2021-05-03 09:45:42,962.95,791419
2021-05-03 09:45:43,962.95,791509
2021-05-03 09:45:44,962.85,791675
2021-05-03 09:45:45,963.0,792144
2021-05-03 09:45:46,963.0,792208
2021-05-03 09:45:47,963.0,792234
2021-05-03 09:45:48,962.85,792540
2021-05-03 09:45:49,963.0,792936
2021-05-03 09:45:51,963.0,793746
2021-05-03 09:45:51,963.0,793746
2021-05-03 09:45:53,963.0,793946
2021-05-03 09:45:54,963.0,793966
2021-05-03 09:45:54,963.0,793969
2021-05-03 09:45:56,962.95,794511
2021-05-03 09:45:57,962.95,794825
2021-05-03 09:45:58,962.95,794835
2021-05-03 09:45:59,962.95,794885
2021-05-03 09:46:00,962.95,794995
2021-05-03 09:46:01,962.95,795065
2021-05-03 09:46:02,962.95,795389
2021-05-03 09:46:04,963.0,798975
2021-05-03 09:46:05,962.95,799400
2021-05-03 09:46:06,963.0,800643
2021-05-03 09:46:07,963.0,800643
2021-05-03 09:46:08,963.0,800643
2021-05-03 09:46:10,963.15,800714
2021-05-03 09:46:11,963.25,804324
2021-05-03 09:46:12,963.4,804569
2021-05-03 09:46:13,963.4,804619
2021-05-03 09:46:14,963.0,805239
2021-05-03 09:46:15,963.45,805279
2021-05-03 09:46:17,963.4,805429
2021-05-03 09:46:18,963.3,805464
2021-05-03 09:46:19,963.3,805465
2021-05-03 09:46:20,963.15,805502
2021-05-03 09:46:21,963.3,805527
2021-05-03 09:46:21,963.3,805527
2021-05-03 09:46:23,963.25,805588
2021-05-03 09:46:24,963.25,805608
2021-05-03 09:46:24,963.25,806003
2021-05-03 09:46:25,963.5,806153
2021-05-03 09:46:27,963.45,806175
2021-05-03 09:46:28,963.3,806176
2021-05-03 09:46:29,963.45,806236
2021-05-03 09:46:29,963.05,807838
2021-05-03 09:46:31,963.6,808010
2021-05-03 09:46:33,963.3,808026
2021-05-03 09:46:33,963.3,808031
2021-05-03 09:46:34,963.15,808271
2021-05-03 09:46:35,963.2,808373
2021-05-03 09:46:37,963.7,808775
2021-05-03 09:46:38,963.7,808880
2021-05-03 09:46:39,963.25,808882
2021-05-03 09:46:40,963.7,808959
2021-05-03 09:46:40,963.7,808959
2021-05-03 09:46:41,963.6,808979
2021-05-03 09:46:42,963.6,808979
2021-05-03 09:46:43,963.55,809001
2021-05-03 09:46:44,963.55,809011
2021-05-03 09:46:45,963.55,809011
2021-05-03 09:46:46,963.6,809111
2021-05-03 09:46:47,963.6,809148
2021-05-03 09:46:48,963.6,809173
2021-05-03 09:46:49,963.6,809188
2021-05-03 09:46:50,963.55,809248
2021-05-03 09:46:52,963.55,809273
2021-05-03 09:46:52,963.55,809324
2021-05-03 09:46:53,963.6,809530
2021-05-03 09:46:55,963.25,809800
2021-05-03 09:46:56,963.65,809850
2021-05-03 09:46:57,963.65,809951
2021-05-03 09:46:57,963.6,809986
2021-05-03 09:46:58,963.65,809995
2021-05-03 09:46:59,963.7,810101
2021-05-03 09:47:00,963.65,810207
2021-05-03 09:47:01,963.6,810307
2021-05-03 09:47:03,963.55,810924
2021-05-03 09:47:04,963.25,811508
2021-05-03 09:47:04,963.4,811673
2021-05-03 09:47:05,963.3,811699
2021-05-03 09:47:07,963.3,811805
2021-05-03 09:47:08,963.35,811905
2021-05-03 09:47:08,963.35,811910
2021-05-03 09:47:09,963.05,812130
2021-05-03 09:47:10,963.3,812162
2021-05-03 09:47:11,963.3,812222
2021-05-03 09:47:12,963.3,812223
2021-05-03 09:47:13,963.35,812372
2021-05-03 09:47:14,963.35,812381
2021-05-03 09:47:15,963.35,812381
2021-05-03 09:47:16,962.0,819583
2021-05-03 09:47:17,962.0,820206
2021-05-03 09:47:18,962.0,820380
2021-05-03 09:47:19,962.0,820380
2021-05-03 09:47:20,961.0,829675
2021-05-03 09:47:21,961.0,830520
2021-05-03 09:47:23,961.0,830586
2021-05-03 09:47:24,961.0,830641
2021-05-03 09:47:25,961.0,830734
2021-05-03 09:47:27,960.0,879585
2021-05-03 09:47:27,960.0,879661
2021-05-03 09:47:29,960.0,879845
2021-05-03 09:47:30,960.0,879882
2021-05-03 09:47:31,960.0,879987
2021-05-03 09:47:32,960.0,880206
2021-05-03 09:47:32,960.0,880206
2021-05-03 09:47:33,960.0,880306
2021-05-03 09:47:34,960.0,880313
2021-05-03 09:47:35,960.0,880313
2021-05-03 09:47:36,960.25,880603
2021-05-03 09:47:37,960.0,880683
2021-05-03 09:47:38,960.0,880683
2021-05-03 09:47:40,960.25,880909
2021-05-03 09:47:40,960.25,880708
2021-05-03 09:47:41,960.25,880909
2021-05-03 09:47:43,960.8,881189
2021-05-03 09:47:43,960.8,881189
2021-05-03 09:47:44,960.8,881189
2021-05-03 09:47:45,960.8,881189
2021-05-03 09:47:46,960.85,881196
2021-05-03 09:47:47,960.85,881198
2021-05-03 09:47:48,960.8,881200
2021-05-03 09:47:49,960.8,881200
2021-05-03 09:47:51,961.0,881303
2021-05-03 09:47:51,961.1,881566
2021-05-03 09:47:52,961.1,881566
2021-05-03 09:47:54,961.1,881566
2021-05-03 09:47:54,961.1,881566
2021-05-03 09:47:55,961.15,881567
2021-05-03 09:47:56,961.2,881838
2021-05-03 09:47:57,961.2,881838
2021-05-03 09:47:58,961.2,881897
2021-05-03 09:47:59,961.2,881897
2021-05-03 09:48:00,961.0,881997
2021-05-03 09:48:02,961.0,881997
2021-05-03 09:48:03,961.45,882077
2021-05-03 09:48:03,961.45,882047
2021-05-03 09:48:04,961.45,882077
2021-05-03 09:48:05,961.45,882077
2021-05-03 09:48:06,961.5,882177
2021-05-03 09:48:07,961.5,882377
2021-05-03 09:48:08,962.0,882378
2021-05-03 09:48:09,962.0,882552
2021-05-03 09:48:10,962.0,882553
2021-05-03 09:48:11,962.0,882553
2021-05-03 09:48:13,961.55,882560
2021-05-03 09:48:13,961.95,882575
2021-05-03 09:48:14,961.9,882585
2021-05-03 09:48:15,961.9,882586
2021-05-03 09:48:16,961.9,882587
2021-05-03 09:48:17,961.9,882634
2021-05-03 09:48:18,962.0,882691
2021-05-03 09:48:19,962.0,882691
2021-05-03 09:48:20,962.0,882691
2021-05-03 09:48:21,962.0,882691
2021-05-03 09:48:23,962.0,882691
2021-05-03 09:48:23,962.0,882691
2021-05-03 09:48:24,962.35,882693
2021-05-03 09:48:25,962.4,882814
2021-05-03 09:48:26,962.4,882814
2021-05-03 09:48:27,962.4,882824
2021-05-03 09:48:28,962.75,883105
2021-05-03 09:48:30,962.75,883105
2021-05-03 09:48:31,962.75,883186
2021-05-03 09:48:32,962.75,883186
2021-05-03 09:48:33,962.7,883191
2021-05-03 09:48:34,962.0,884167
2021-05-03 09:48:35,962.0,884167
2021-05-03 09:48:36,962.0,884167
2021-05-03 09:48:36,962.6,884367
2021-05-03 09:48:37,962.6,884377
2021-05-03 09:48:38,962.75,884477
2021-05-03 09:48:40,963.7,887830
2021-05-03 09:48:40,963.7,887830
2021-05-03 09:48:41,963.7,887830
2021-05-03 09:48:43,963.9,888081
2021-05-03 09:48:43,963.95,888281
2021-05-03 09:48:45,964.0,888833
2021-05-03 09:48:45,964.0,888833
2021-05-03 09:48:46,964.0,888833
2021-05-03 09:48:47,963.4,889597
2021-05-03 09:48:48,963.4,889597
2021-05-03 09:48:49,963.4,889597
2021-05-03 09:48:50,963.7,890167
2021-05-03 09:48:51,963.85,890777
2021-05-03 09:48:52,964.6,894561
2021-05-03 09:48:53,965.0,896220
2021-05-03 09:48:54,964.35,897500
2021-05-03 09:48:55,963.85,897552
2021-05-03 09:48:56,964.45,897807
2021-05-03 09:48:57,964.6,898007
2021-05-03 09:48:58,964.25,898224
2021-05-03 09:49:00,963.55,898804
2021-05-03 09:49:01,963.0,898805
2021-05-03 09:49:02,962.95,898820
2021-05-03 09:49:02,963.0,898821
2021-05-03 09:49:03,962.0,899076
2021-05-03 09:49:05,962.0,899892
2021-05-03 09:49:06,961.9,900393
2021-05-03 09:49:07,961.9,900547
2021-05-03 09:49:08,961.9,900593
2021-05-03 09:49:10,961.5,900647
2021-05-03 09:49:11,961.75,900797
2021-05-03 09:49:12,961.75,900797
2021-05-03 09:49:13,961.55,900807
2021-05-03 09:49:14,961.5,900959
2021-05-03 09:49:15,961.5,900959
2021-05-03 09:49:16,961.5,900959
2021-05-03 09:49:17,962.5,900994
2021-05-03 09:49:18,962.45,901014
2021-05-03 09:49:19,962.45,901020
2021-05-03 09:49:20,961.45,961753
2021-05-03 09:49:21,960.8,962265
2021-05-03 09:49:22,960.6,962266
2021-05-03 09:49:23,960.7,962629
2021-05-03 09:49:24,960.9,962983
2021-05-03 09:49:25,960.9,962983
2021-05-03 09:49:26,960.95,963132
2021-05-03 09:49:27,960.95,963132
2021-05-03 09:49:28,960.95,963132
2021-05-03 09:49:29,961.1,963152
2021-05-03 09:49:30,960.95,963329
2021-05-03 09:49:31,961.1,963330
2021-05-03 09:49:32,961.1,963333
2021-05-03 09:49:32,961.1,963333
2021-05-03 09:49:34,961.05,963369
2021-05-03 09:49:35,960.95,963385
2021-05-03 09:49:36,961.0,963505
2021-05-03 09:49:37,961.0,963535
2021-05-03 09:49:38,961.1,963555
2021-05-03 09:49:39,960.95,963565
2021-05-03 09:49:40,961.45,964719
2021-05-03 09:49:41,961.45,964719
2021-05-03 09:49:42,961.45,964719
2021-05-03 09:49:43,961.7,964722
2021-05-03 09:49:44,961.7,964722
2021-05-03 09:49:45,961.7,964891
2021-05-03 09:49:46,961.15,964911
2021-05-03 09:49:47,961.7,964916
2021-05-03 09:49:48,961.75,965335
2021-05-03 09:49:49,961.75,965335
2021-05-03 09:49:50,962.1,965455
2021-05-03 09:49:51,962.1,965455
2021-05-03 09:49:52,962.2,965577
2021-05-03 09:49:53,961.75,965578
2021-05-03 09:49:54,962.3,965828
2021-05-03 09:49:54,962.3,965868
2021-05-03 09:49:56,962.5,965878
2021-05-03 09:49:57,962.5,965878
2021-05-03 09:49:58,962.5,965978
2021-05-03 09:49:59,962.5,965978
2021-05-03 09:49:59,962.75,966248
2021-05-03 09:50:01,962.75,966248
2021-05-03 09:50:02,962.75,966251
2021-05-03 09:50:02,962.75,966251
2021-05-03 09:50:03,963.0,966410
2021-05-03 09:50:04,963.0,966410
2021-05-03 09:50:05,963.0,966410
2021-05-03 09:50:06,963.0,966510
2021-05-03 09:50:08,963.0,966511
2021-05-03 09:50:08,962.95,966614
2021-05-03 09:50:10,963.25,966740
2021-05-03 09:50:10,963.25,966740
2021-05-03 09:50:13,963.0,966853
2021-05-03 09:50:14,963.0,966853
2021-05-03 09:50:15,962.7,966953
2021-05-03 09:50:16,962.7,966953
2021-05-03 09:50:17,963.1,967053
2021-05-03 09:50:18,963.05,967153
2021-05-03 09:50:19,963.05,967254
2021-05-03 09:50:20,963.0,967259
2021-05-03 09:50:22,962.5,967557
2021-05-03 09:50:23,963.0,967694
2021-05-03 09:50:23,963.0,967694
2021-05-03 09:50:25,963.0,967705
2021-05-03 09:50:26,963.0,967705
2021-05-03 09:50:26,963.0,967705
2021-05-03 09:50:27,963.25,968705
2021-05-03 09:50:28,963.25,968705
2021-05-03 09:50:29,963.25,968725
2021-05-03 09:50:31,963.5,968925
2021-05-03 09:50:32,963.0,968926
2021-05-03 09:50:33,963.0,968926
2021-05-03 09:50:34,963.0,968926
2021-05-03 09:50:35,963.0,969683
2021-05-03 09:50:36,963.3,969783
2021-05-03 09:50:37,963.3,969783
2021-05-03 09:50:38,963.3,969783
2021-05-03 09:50:39,963.1,969883
2021-05-03 09:50:40,963.1,969883
2021-05-03 09:50:41,963.15,969893
2021-05-03 09:50:41,963.15,970242
2021-05-03 09:50:43,963.15,970242
2021-05-03 09:50:44,963.0,970243
2021-05-03 09:50:45,963.0,970243
2021-05-03 09:50:46,963.2,970494
2021-05-03 09:50:47,963.2,970494
2021-05-03 09:50:48,962.6,970595
2021-05-03 09:50:49,963.1,970659
2021-05-03 09:50:51,963.05,970759
2021-05-03 09:50:52,963.05,970759
2021-05-03 09:50:53,962.7,971064
2021-05-03 09:50:54,963.05,971067
2021-05-03 09:50:55,963.05,971067
2021-05-03 09:50:56,962.55,971103
2021-05-03 09:50:57,963.0,971104
2021-05-03 09:50:58,963.0,971108
2021-05-03 09:50:59,963.0,971108
2021-05-03 09:51:00,963.0,971312
2021-05-03 09:51:01,963.0,971506
2021-05-03 09:51:02,963.0,971506
2021-05-03 09:51:02,963.0,971506
2021-05-03 09:51:04,962.6,971516
2021-05-03 09:51:05,963.0,971716
2021-05-03 09:51:06,962.6,971733
2021-05-03 09:51:07,963.0,971783
2021-05-03 09:51:08,963.0,971783
2021-05-03 09:51:09,963.0,971783
2021-05-03 09:51:10,962.55,972890
2021-05-03 09:51:11,962.85,972940
2021-05-03 09:51:12,962.85,972940
2021-05-03 09:51:13,962.85,972990
2021-05-03 09:51:15,962.45,972995
2021-05-03 09:51:14,962.45,972995
2021-05-03 09:51:16,962.85,973010
2021-05-03 09:51:17,962.9,973314
2021-05-03 09:51:18,962.9,973314
2021-05-03 09:51:19,962.9,973314
2021-05-03 09:51:20,962.95,973463
2021-05-03 09:51:21,963.0,973465
2021-05-03 09:51:22,963.0,973566
2021-05-03 09:51:23,963.0,973568
2021-05-03 09:51:24,963.0,973852
2021-05-03 09:51:25,963.0,974359
2021-05-03 09:51:26,963.0,974359
2021-05-03 09:51:27,963.0,974359
2021-05-03 09:51:29,963.0,974359
2021-05-03 09:51:30,963.0,974668
2021-05-03 09:51:31,963.0,974668
2021-05-03 09:51:33,963.0,975189
2021-05-03 09:51:32,963.0,974868
2021-05-03 09:51:34,963.0,975289
2021-05-03 09:51:35,963.0,975329
2021-05-03 09:51:36,963.0,975529
2021-05-03 09:51:37,962.85,975530
2021-05-03 09:51:38,963.0,975860
2021-05-03 09:51:39,962.85,975906
2021-05-03 09:51:40,962.85,975906
2021-05-03 09:51:41,962.85,975906
2021-05-03 09:51:42,962.85,975906
2021-05-03 09:51:43,962.95,975931
2021-05-03 09:51:44,962.15,976863
2021-05-03 09:51:45,962.15,976863
2021-05-03 09:51:46,962.15,976863
2021-05-03 09:51:47,962.55,977161
2021-05-03 09:51:48,962.55,977529
2021-05-03 09:51:49,962.55,977549
2021-05-03 09:51:50,962.65,977749
2021-05-03 09:51:51,962.65,977749
2021-05-03 09:51:52,962.65,977749
2021-05-03 09:51:53,962.65,977749
2021-05-03 09:51:54,962.1,977750
2021-05-03 09:51:55,962.5,977763
2021-05-03 09:51:56,962.5,977763
2021-05-03 09:51:57,962.5,977763
2021-05-03 09:51:58,962.45,977917
2021-05-03 09:51:59,962.45,978017
2021-05-03 09:52:00,962.45,978017
2021-05-03 09:52:01,962.45,978017
2021-05-03 09:52:02,962.1,978113
2021-05-03 09:52:03,961.7,979565
2021-05-03 09:52:04,961.8,979625
2021-05-03 09:52:05,961.45,979932
2021-05-03 09:52:07,961.7,980314
2021-05-03 09:52:06,961.7,980314
2021-05-03 09:52:08,961.7,980314
2021-05-03 09:52:09,961.7,980314
2021-05-03 09:52:10,961.7,980314
2021-05-03 09:52:11,961.7,980314
2021-05-03 09:52:12,961.7,980314
2021-05-03 09:52:13,961.45,980316
2021-05-03 09:52:14,961.0,982818
2021-05-03 09:52:15,961.0,983123
2021-05-03 09:52:16,961.0,983148
2021-05-03 09:52:17,960.9,983393
2021-05-03 09:52:18,961.0,983592
2021-05-03 09:52:19,961.0,983592
2021-05-03 09:52:20,961.0,983592
2021-05-03 09:52:21,961.0,983592
2021-05-03 09:52:22,961.0,983723
2021-05-03 09:52:23,961.0,983736
2021-05-03 09:52:24,961.0,983736
2021-05-03 09:52:25,961.0,983736
2021-05-03 09:52:26,961.0,984119
2021-05-03 09:52:27,960.45,990311
2021-05-03 09:52:28,960.45,990311
2021-05-03 09:52:29,961.0,990538
2021-05-03 09:52:30,961.0,990588
2021-05-03 09:52:31,961.0,990588
2021-05-03 09:52:32,961.0,990588
2021-05-03 09:52:33,961.0,990638
2021-05-03 09:52:34,960.75,996663
2021-05-03 09:52:35,960.8,996798
2021-05-03 09:52:36,960.8,996947
2021-05-03 09:52:37,960.95,997809
2021-05-03 09:52:38,960.95,997834
2021-05-03 09:52:39,960.0,1001627
2021-05-03 09:52:40,960.0,1002127
2021-05-03 09:52:41,960.0,1002769
2021-05-03 09:52:42,960.0,1002789
2021-05-03 09:52:43,960.0,1003240
2021-05-03 09:52:44,960.0,1003240
2021-05-03 09:52:45,960.0,1003245
2021-05-03 09:52:46,960.0,1003325
2021-05-03 09:52:47,960.0,1003326
2021-05-03 09:52:48,960.35,1005851
2021-05-03 09:52:49,960.35,1005851
2021-05-03 09:52:50,960.75,1005901
2021-05-03 09:52:51,960.75,1005901
2021-05-03 09:52:52,960.2,1005909
2021-05-03 09:52:53,960.75,1005920
2021-05-03 09:52:54,960.75,1005920
2021-05-03 09:52:55,960.7,1006104
2021-05-03 09:52:56,960.6,1006114
2021-05-03 09:52:57,960.6,1006314
2021-05-03 09:52:58,960.6,1006314
2021-05-03 09:52:59,960.4,1006414
2021-05-03 09:53:00,960.4,1006414
2021-05-03 09:53:01,960.4,1006434
2021-05-03 09:53:02,960.4,1006439
2021-05-03 09:53:04,960.15,1006607
2021-05-03 09:53:05,960.7,1006614
2021-05-03 09:53:06,960.7,1006624
2021-05-03 09:53:07,960.7,1006624
2021-05-03 09:53:08,961.2,1008076
2021-05-03 09:53:09,961.2,1008076
2021-05-03 09:53:10,961.2,1008076
2021-05-03 09:53:11,961.2,1008076
2021-05-03 09:53:12,961.65,1008077
2021-05-03 09:53:13,962.0,1008261
2021-05-03 09:53:14,962.0,1008331
2021-05-03 09:53:16,962.0,1008333
2021-05-03 09:53:17,961.9,1008335
2021-05-03 09:53:18,961.9,1008435
2021-05-03 09:53:19,961.9,1008435
2021-05-03 09:53:20,961.9,1008435
2021-05-03 09:53:22,961.9,1008435
2021-05-03 09:53:22,961.9,1008435
2021-05-03 09:53:24,961.95,1008436
2021-05-03 09:53:25,961.95,1008436
2021-05-03 09:53:25,961.95,1008436
2021-05-03 09:53:26,961.5,1008636
2021-05-03 09:53:27,961.2,1008646
2021-05-03 09:53:29,961.2,1008656
2021-05-03 09:53:30,961.4,1008666
2021-05-03 09:53:31,961.4,1008666
2021-05-03 09:53:32,961.4,1008666
2021-05-03 09:53:32,961.4,1008666
2021-05-03 09:53:33,961.0,1008946
2021-05-03 09:53:34,961.3,1008981
2021-05-03 09:53:35,961.55,1008993
2021-05-03 09:53:36,961.55,1009114
2021-05-03 09:53:37,961.55,1009114
2021-05-03 09:53:38,961.2,1009214
2021-05-03 09:53:40,961.2,1009223
2021-05-03 09:53:40,961.55,1009233
2021-05-03 09:53:41,961.3,1009382
2021-05-03 09:53:42,961.3,1009382
2021-05-03 09:53:43,961.3,1009382
2021-05-03 09:53:44,961.0,1009405
2021-05-03 09:53:45,961.25,1009605
2021-05-03 09:53:46,961.25,1009605
2021-05-03 09:53:47,961.25,1009605
2021-05-03 09:53:48,961.25,1009605
2021-05-03 09:53:49,961.25,1009605
2021-05-03 09:53:50,961.25,1009634
2021-05-03 09:53:51,961.25,1009724
2021-05-03 09:53:53,961.25,1009724
2021-05-03 09:53:53,961.25,1009724
2021-05-03 09:53:54,961.25,1009724
2021-05-03 09:53:55,961.6,1009786
2021-05-03 09:53:56,961.6,1009809
2021-05-03 09:53:57,961.6,1009809
2021-05-03 09:53:59,961.6,1009809
2021-05-03 09:54:00,961.6,1009809
2021-05-03 09:54:01,961.25,1009819
2021-05-03 09:54:02,961.0,1010431
2021-05-03 09:54:02,961.0,1010431
2021-05-03 09:54:03,960.6,1010546
2021-05-03 09:54:05,960.6,1010566
2021-05-03 09:54:05,960.6,1010566
2021-05-03 09:54:06,960.6,1010696
2021-05-03 09:54:07,960.6,1010703
2021-05-03 09:54:08,960.6,1010708
2021-05-03 09:54:09,960.6,1010808
2021-05-03 09:54:10,960.6,1010818
2021-05-03 09:54:11,960.6,1010984
2021-05-03 09:54:13,960.95,1011013
2021-05-03 09:54:14,960.95,1011013
2021-05-03 09:54:14,960.95,1011013
2021-05-03 09:54:15,960.95,1011013
2021-05-03 09:54:18,961.0,1011213
2021-05-03 09:54:19,961.0,1011213
2021-05-03 09:54:20,961.0,1011213
2021-05-03 09:54:20,961.0,1011213
2021-05-03 09:54:21,960.85,1011264
2021-05-03 09:54:22,960.6,1011266
2021-05-03 09:54:23,960.6,1011266
2021-05-03 09:54:24,961.0,1011566
2021-05-03 09:54:25,961.0,1011566
2021-05-03 09:54:26,961.0,1011566
2021-05-03 09:54:27,961.0,1011566
2021-05-03 09:54:29,961.0,1011766
2021-05-03 09:54:29,961.0,1011766
2021-05-03 09:54:30,961.0,1011919
2021-05-03 09:54:31,961.0,1011919
2021-05-03 09:54:32,961.0,1012919
2021-05-03 09:54:33,961.0,1012919
2021-05-03 09:54:34,961.0,1012919
2021-05-03 09:54:35,961.0,1012919
2021-05-03 09:54:37,960.85,1012968
2021-05-03 09:54:38,961.0,1012988
2021-05-03 09:54:39,961.0,1012988
2021-05-03 09:54:40,961.0,1012988
2021-05-03 09:54:40,961.0,1012988
2021-05-03 09:54:41,961.0,1012990
2021-05-03 09:54:42,961.0,1012990
2021-05-03 09:54:43,960.85,1013192
2021-05-03 09:54:44,960.85,1013192
2021-05-03 09:54:45,961.0,1013193
2021-05-03 09:54:46,961.0,1013194
2021-05-03 09:54:47,961.0,1013399
2021-05-03 09:54:49,961.0,1013554
2021-05-03 09:54:49,961.0,1013554
2021-05-03 09:54:50,961.0,1013554
2021-05-03 09:54:51,961.0,1013554
2021-05-03 09:54:52,961.0,1013656
2021-05-03 09:54:53,961.0,1013656
2021-05-03 09:54:54,961.0,1013656
2021-05-03 09:54:55,961.35,1018154
2021-05-03 09:54:56,961.0,1018196
2021-05-03 09:54:57,961.0,1018196
2021-05-03 09:54:58,961.3,1018197
2021-05-03 09:55:00,961.3,1018197
2021-05-03 09:55:00,961.3,1018197
2021-05-03 09:55:01,961.0,1018341
2021-05-03 09:55:02,961.0,1018341
2021-05-03 09:55:03,961.3,1018362
2021-05-03 09:55:04,961.0,1018367
2021-05-03 09:55:05,961.0,1018513
2021-05-03 09:55:07,961.0,1018513
2021-05-03 09:55:08,961.15,1018662
2021-05-03 09:55:08,961.15,1018672
2021-05-03 09:55:09,961.15,1018682
2021-05-03 09:55:10,961.15,1018682
2021-05-03 09:55:11,961.0,1018955
2021-05-03 09:55:13,961.0,1019123
2021-05-03 09:55:13,961.3,1019133
2021-05-03 09:55:14,961.3,1019133
2021-05-03 09:55:15,961.0,1021891
2021-05-03 09:55:17,961.3,1021971
2021-05-03 09:55:18,961.3,1022021
2021-05-03 09:55:19,961.3,1022021
2021-05-03 09:55:21,961.0,1022702
2021-05-03 09:55:21,961.0,1022769
2021-05-03 09:55:22,961.3,1022779
2021-05-03 09:55:23,961.3,1022779
2021-05-03 09:55:24,961.25,1022781
2021-05-03 09:55:25,961.25,1022781
2021-05-03 09:55:27,961.2,1022972
2021-05-03 09:55:28,961.0,1024957
2021-05-03 09:55:28,961.0,1024957
2021-05-03 09:55:29,960.85,1025089
2021-05-03 09:55:30,960.85,1025089
2021-05-03 09:55:31,960.85,1025089
2021-05-03 09:55:33,960.85,1025089
2021-05-03 09:55:34,960.85,1025089
2021-05-03 09:55:35,961.0,1025839
2021-05-03 09:55:36,960.85,1025939
2021-05-03 09:55:37,960.95,1025941
2021-05-03 09:55:37,960.95,1025941
2021-05-03 09:55:38,960.9,1025975
2021-05-03 09:55:39,960.9,1025995
2021-05-03 09:55:40,960.9,1025995
2021-05-03 09:55:41,960.8,1026004
2021-05-03 09:55:42,960.8,1026004
2021-05-03 09:55:43,960.9,1026005
2021-05-03 09:55:44,960.65,1026258
2021-05-03 09:55:45,960.65,1026258
2021-05-03 09:55:46,961.0,1026407
2021-05-03 09:55:47,960.85,1026412
2021-05-03 09:55:50,961.0,1026482
2021-05-03 09:55:51,961.0,1027482
2021-05-03 09:55:52,961.0,1027483
2021-05-03 09:55:53,961.0,1027483
2021-05-03 09:55:54,961.0,1027483
2021-05-03 09:55:55,961.0,1027483
2021-05-03 09:55:55,961.0,1027483
2021-05-03 09:55:56,961.0,1027483
2021-05-03 09:55:57,960.95,1027489
2021-05-03 09:55:58,960.95,1027489
2021-05-03 09:55:59,960.95,1027489
2021-05-03 09:56:01,960.95,1027504
2021-05-03 09:56:02,960.95,1027506
2021-05-03 09:56:03,960.95,1027506
2021-05-03 09:56:04,960.95,1027506
2021-05-03 09:56:05,961.0,1027616
2021-05-03 09:56:05,961.0,1027616
2021-05-03 09:56:06,961.0,1027641
2021-05-03 09:56:07,961.0,1027736
2021-05-03 09:56:08,961.0,1027736
2021-05-03 09:56:09,961.0,1027736
2021-05-03 09:56:10,961.0,1028819
2021-05-03 09:56:11,960.95,1028829
2021-05-03 09:56:13,961.0,1028886
2021-05-03 09:56:14,961.0,1028953
2021-05-03 09:56:14,961.0,1028953
2021-05-03 09:56:15,961.0,1028953
2021-05-03 09:56:16,961.0,1028953
2021-05-03 09:56:17,961.0,1028953
2021-05-03 09:56:18,960.95,1028985
2021-05-03 09:56:19,960.95,1028985
2021-05-03 09:56:20,960.95,1028985
2021-05-03 09:56:21,960.95,1028985
2021-05-03 09:56:22,960.65,1029496
2021-05-03 09:56:24,960.95,1029645
2021-05-03 09:56:25,960.6,1030226
2021-05-03 09:56:25,960.9,1030234
2021-05-03 09:56:26,960.65,1030239
2021-05-03 09:56:27,960.65,1030239
2021-05-03 09:56:28,960.5,1030243
2021-05-03 09:56:30,960.5,1030259
2021-05-03 09:56:31,960.6,1030285
2021-05-03 09:56:32,960.6,1030285
2021-05-03 09:56:32,960.6,1030285
2021-05-03 09:56:33,960.6,1030285
2021-05-03 09:56:34,960.7,1030526
2021-05-03 09:56:35,960.7,1030526
2021-05-03 09:56:37,961.0,1030536
2021-05-03 09:56:38,961.0,1030536
2021-05-03 09:56:39,961.0,1030541
2021-05-03 09:56:40,961.0,1030541
2021-05-03 09:56:42,961.0,1030551
2021-05-03 09:56:43,961.0,1030702
2021-05-03 09:56:43,961.0,1030702
2021-05-03 09:56:44,961.05,1032004
2021-05-03 09:56:45,961.1,1032016
2021-05-03 09:56:46,961.5,1032038
2021-05-03 09:56:47,961.5,1032038
2021-05-03 09:56:48,961.25,1032113
2021-05-03 09:56:49,961.5,1032128
2021-05-03 09:56:50,961.5,1032128
2021-05-03 09:56:51,961.5,1032128
2021-05-03 09:56:52,961.5,1032128
2021-05-03 09:56:53,961.5,1032128
2021-05-03 09:56:55,961.5,1032128
2021-05-03 09:56:56,961.15,1032129
2021-05-03 09:56:56,961.15,1032129
2021-05-03 09:56:58,961.3,1032168
2021-05-03 09:56:59,961.3,1032168
2021-05-03 09:57:00,961.3,1032168
2021-05-03 09:57:01,961.5,1032688
2021-05-03 09:57:02,961.5,1032837
2021-05-03 09:57:03,961.5,1032838
2021-05-03 09:57:04,961.5,1032838
2021-05-03 09:57:05,961.5,1032838
2021-05-03 09:57:06,961.5,1032838
2021-05-03 09:57:07,961.45,1032850
2021-05-03 09:57:07,961.45,1032850
2021-05-03 09:57:09,961.35,1032875
2021-05-03 09:57:10,961.35,1032875
2021-05-03 09:57:11,961.35,1032875
2021-05-03 09:57:12,961.35,1032875
2021-05-03 09:57:13,961.35,1032875
2021-05-03 09:57:13,961.35,1032875
2021-05-03 09:57:15,961.25,1032885
2021-05-03 09:57:16,961.25,1032895
2021-05-03 09:57:16,961.25,1032895
2021-05-03 09:57:18,961.2,1032912
2021-05-03 09:57:19,961.2,1032912
2021-05-03 09:57:19,961.2,1032912
2021-05-03 09:57:20,961.2,1032912
2021-05-03 09:57:21,961.5,1032945
2021-05-03 09:57:22,961.5,1032965
2021-05-03 09:57:23,961.5,1032976
2021-05-03 09:57:25,961.5,1032976
2021-05-03 09:57:27,961.45,1033019
2021-05-03 09:57:28,961.45,1033019
2021-05-03 09:57:28,961.45,1033019
2021-05-03 09:57:30,961.25,1033020
2021-05-03 09:57:31,961.25,1033020
2021-05-03 09:57:32,961.25,1033020
2021-05-03 09:57:33,961.3,1033043
2021-05-03 09:57:34,961.5,1033143
2021-05-03 09:57:34,961.5,1033143
2021-05-03 09:57:36,961.5,1033165
2021-05-03 09:57:37,961.5,1033931
2021-05-03 09:57:38,961.5,1033933
2021-05-03 09:57:39,961.5,1033933
2021-05-03 09:57:40,961.5,1034087
2021-05-03 09:57:41,961.45,1034089
2021-05-03 09:57:42,961.3,1034095
2021-05-03 09:57:43,961.3,1034095
2021-05-03 09:57:44,961.5,1034195
2021-05-03 09:57:45,961.5,1034200
2021-05-03 09:57:46,961.5,1034200
2021-05-03 09:57:47,961.5,1034200
2021-05-03 09:57:48,961.5,1034250
2021-05-03 09:57:49,961.5,1034254
2021-05-03 09:57:49,961.5,1034254
2021-05-03 09:57:51,961.5,1034254
2021-05-03 09:57:52,961.5,1034254
2021-05-03 09:57:53,961.5,1034374
2021-05-03 09:57:54,961.5,1034374
2021-05-03 09:57:55,961.5,1034374
2021-05-03 09:57:56,961.5,1034394
2021-05-03 09:57:57,961.45,1034400
2021-05-03 09:57:58,961.5,1034501
2021-05-03 09:57:59,961.5,1034617
2021-05-03 09:58:00,961.5,1034617
2021-05-03 09:58:01,961.5,1034617
2021-05-03 09:58:02,961.5,1034637
2021-05-03 09:58:03,961.5,1035138
2021-05-03 09:58:04,961.5,1035139
2021-05-03 09:58:05,961.35,1035239
2021-05-03 09:58:06,961.5,1035244
2021-05-03 09:58:07,961.5,1035244
2021-05-03 09:58:07,961.5,1035344
2021-05-03 09:58:08,961.45,1035417
2021-05-03 09:58:09,961.5,1035427
2021-05-03 09:58:10,961.5,1035437
2021-05-03 09:58:12,961.5,1035438
2021-05-03 09:58:13,961.5,1035458
2021-05-03 09:58:14,961.5,1035458
2021-05-03 09:58:16,961.6,1036149
2021-05-03 09:58:16,961.6,1036149
2021-05-03 09:58:17,961.6,1036149
2021-05-03 09:58:19,961.85,1036241
2021-05-03 09:58:20,961.85,1036244
2021-05-03 09:58:21,961.85,1036294
2021-05-03 09:58:21,961.85,1036294
2021-05-03 09:58:22,962.0,1036506
2021-05-03 09:58:23,962.0,1036506
2021-05-03 09:58:24,962.0,1036506
2021-05-03 09:58:25,962.0,1036506
2021-05-03 09:58:26,962.0,1036506
2021-05-03 09:58:28,962.0,1037006
2021-05-03 09:58:29,962.0,1037006
2021-05-03 09:58:30,962.0,1037458
2021-05-03 09:58:31,961.7,1037487
2021-05-03 09:58:32,961.7,1037487
2021-05-03 09:58:33,961.7,1037517
2021-05-03 09:58:34,961.55,1037727
2021-05-03 09:58:35,962.0,1037982
2021-05-03 09:58:36,962.0,1037982
2021-05-03 09:58:37,961.95,1038207
2021-05-03 09:58:38,961.95,1038207
2021-05-03 09:58:39,961.95,1038207
2021-05-03 09:58:40,961.95,1038207
2021-05-03 09:58:41,961.95,1038207
2021-05-03 09:58:42,961.95,1038207
2021-05-03 09:58:43,961.95,1038207
2021-05-03 09:58:44,961.95,1038207
2021-05-03 09:58:45,961.95,1038207
2021-05-03 09:58:46,961.7,1038232
2021-05-03 09:58:47,961.7,1038232
2021-05-03 09:58:48,961.7,1038232
2021-05-03 09:58:49,962.0,1038242
2021-05-03 09:58:49,962.0,1038242
2021-05-03 09:58:51,961.95,1038907
2021-05-03 09:58:51,961.95,1038907
2021-05-03 09:58:52,961.95,1038907
2021-05-03 09:58:53,961.95,1039061
2021-05-03 09:58:54,961.95,1039061
2021-05-03 09:58:55,962.0,1039310
2021-05-03 09:58:57,962.0,1039311
2021-05-03 09:58:58,961.95,1039316
2021-05-03 09:58:59,961.95,1039316
2021-05-03 09:59:00,961.95,1039316
2021-05-03 09:59:01,961.95,1039836
2021-05-03 09:59:02,961.95,1039836
2021-05-03 09:59:03,962.0,1039895
2021-05-03 09:59:04,962.0,1039895
2021-05-03 09:59:05,962.0,1039896
2021-05-03 09:59:06,961.95,1039899
2021-05-03 09:59:07,961.95,1039899
2021-05-03 09:59:08,961.95,1039899
2021-05-03 09:59:09,960.95,1042053
2021-05-03 09:59:10,961.05,1042411
2021-05-03 09:59:11,960.6,1042471
2021-05-03 09:59:12,960.6,1042471
2021-05-03 09:59:13,960.6,1042471
2021-05-03 09:59:14,960.6,1042494
2021-05-03 09:59:14,961.0,1042644
2021-05-03 09:59:15,961.05,1042651
2021-05-03 09:59:16,961.05,1042651
2021-05-03 09:59:18,961.05,1042651
2021-05-03 09:59:19,961.05,1042651
2021-05-03 09:59:20,961.35,1042652
2021-05-03 09:59:21,961.35,1042652
2021-05-03 09:59:22,961.35,1042653
2021-05-03 09:59:23,961.35,1042663
2021-05-03 09:59:24,961.25,1042664
2021-05-03 09:59:25,961.25,1042664
2021-05-03 09:59:26,961.0,1042885
2021-05-03 09:59:27,961.0,1042885
2021-05-03 09:59:28,961.0,1042886
2021-05-03 09:59:29,960.95,1042978
2021-05-03 09:59:30,960.95,1042979
2021-05-03 09:59:31,961.0,1043479
2021-05-03 09:59:32,960.7,1043556
2021-05-03 09:59:33,961.0,1043557
2021-05-03 09:59:34,960.8,1043711
2021-05-03 09:59:34,961.0,1043712
2021-05-03 09:59:35,961.0,1043712
2021-05-03 09:59:37,961.0,1043713
2021-05-03 09:59:37,961.0,1043713
2021-05-03 09:59:39,961.0,1043739
2021-05-03 09:59:40,961.0,1043740
2021-05-03 09:59:41,961.0,1043761
2021-05-03 09:59:42,961.0,1043761
2021-05-03 09:59:42,960.95,1043771
2021-05-03 09:59:44,960.95,1043772
2021-05-03 09:59:44,960.9,1043777
2021-05-03 09:59:46,960.9,1043788
2021-05-03 09:59:47,960.9,1043788
2021-05-03 09:59:48,960.9,1043888
2021-05-03 09:59:49,960.9,1043888
2021-05-03 09:59:49,960.9,1043888
2021-05-03 09:59:50,960.9,1043888
2021-05-03 09:59:51,960.9,1043888
2021-05-03 09:59:52,961.0,1043945
2021-05-03 09:59:53,960.95,1043966
2021-05-03 09:59:54,960.95,1043966
2021-05-03 09:59:56,960.95,1043966
2021-05-03 09:59:57,960.95,1043966
2021-05-03 09:59:58,961.0,1044176
2021-05-03 09:59:59,961.0,1044176
2021-05-03 09:59:59,961.0,1044176
2021-05-03 10:00:00,961.0,1044182
2021-05-03 10:00:02,961.0,1044192
2021-05-03 10:00:03,961.0,1044192
2021-05-03 10:00:04,961.0,1044192
2021-05-03 10:00:05,961.0,1044192
2021-05-03 10:00:06,961.0,1044192
2021-05-03 10:00:07,961.0,1044202
2021-05-03 10:00:08,961.0,1044239
2021-05-03 10:00:09,961.0,1044249
2021-05-03 10:00:09,961.0,1044250
2021-05-03 10:00:10,961.0,1044250
2021-05-03 10:00:11,961.0,1044304
2021-05-03 10:00:13,961.0,1044304
2021-05-03 10:00:14,961.0,1044314
2021-05-03 10:00:15,960.95,1044320
2021-05-03 10:00:16,961.0,1044525
2021-05-03 10:00:17,961.0,1044525
2021-05-03 10:00:18,960.95,1044695
2021-05-03 10:00:19,960.95,1044695
2021-05-03 10:00:20,960.95,1044695
2021-05-03 10:00:21,960.95,1044695
2021-05-03 10:00:22,961.0,1044701
2021-05-03 10:00:23,961.0,1044726
2021-05-03 10:00:24,961.0,1044755
2021-05-03 10:00:25,960.95,1044765
2021-05-03 10:00:26,961.8,1048003
2021-05-03 10:00:27,961.8,1048003
2021-05-03 10:00:28,961.75,1048004
2021-05-03 10:00:29,961.75,1048004
2021-05-03 10:00:30,961.75,1048032
2021-05-03 10:00:31,961.8,1048369
2021-05-03 10:00:32,961.8,1048369
2021-05-03 10:00:33,961.8,1048369
2021-05-03 10:00:34,961.85,1048382
2021-05-03 10:00:35,961.85,1048382
2021-05-03 10:00:36,961.85,1048382
2021-05-03 10:00:37,961.85,1048382
2021-05-03 10:00:37,961.85,1048382
2021-05-03 10:00:38,961.85,1048382
2021-05-03 10:00:39,961.85,1048382
2021-05-03 10:00:41,961.85,1048382
2021-05-03 10:00:42,961.85,1048382
2021-05-03 10:00:43,961.85,1048382
2021-05-03 10:00:44,961.85,1048382
2021-05-03 10:00:46,961.85,1048382
2021-05-03 10:00:47,961.85,1048391
2021-05-03 10:00:47,961.85,1048391
2021-05-03 10:00:48,961.85,1048492
2021-05-03 10:00:49,961.85,1048566
2021-05-03 10:00:51,961.85,1048716
2021-05-03 10:00:52,961.8,1048717
2021-05-03 10:00:53,961.8,1048717
2021-05-03 10:00:54,961.8,1048717
2021-05-03 10:00:55,961.8,1048717
2021-05-03 10:00:56,961.85,1048764
2021-05-03 10:00:57,962.0,1048765
2021-05-03 10:00:58,962.0,1048765
2021-05-03 10:00:59,962.0,1048769
2021-05-03 10:00:59,962.0,1048769
2021-05-03 10:01:00,962.0,1048769
2021-05-03 10:01:01,962.0,1048769
2021-05-03 10:01:03,961.45,1048886
2021-05-03 10:01:04,961.45,1048886
2021-05-03 10:01:05,961.5,1048916
2021-05-03 10:01:06,961.5,1048916
2021-05-03 10:01:07,961.5,1048916
2021-05-03 10:01:08,961.5,1048916
2021-05-03 10:01:09,961.9,1048924
2021-05-03 10:01:09,961.9,1048982
2021-05-03 10:01:10,961.9,1048982
2021-05-03 10:01:12,962.0,1048983
2021-05-03 10:01:13,962.0,1048983
2021-05-03 10:01:14,961.6,1048988
2021-05-03 10:01:15,961.95,1049013
2021-05-03 10:01:16,961.45,1049014
2021-05-03 10:01:17,961.95,1049079
2021-05-03 10:01:18,961.95,1049080
2021-05-03 10:01:18,961.95,1049080
2021-05-03 10:01:19,961.95,1049080
2021-05-03 10:01:20,961.95,1049080
2021-05-03 10:01:21,961.55,1049091
2021-05-03 10:01:22,961.4,1049232
2021-05-03 10:01:24,961.4,1049232
2021-05-03 10:01:25,961.45,1050145
2021-05-03 10:01:26,961.5,1050170
2021-05-03 10:01:27,961.5,1050170
2021-05-03 10:01:28,961.5,1050360
2021-05-03 10:01:29,961.5,1050726
2021-05-03 10:01:30,961.0,1050883
2021-05-03 10:01:31,961.0,1050883
2021-05-03 10:01:32,960.8,1051331
2021-05-03 10:01:33,961.05,1051332
2021-05-03 10:01:34,960.65,1051498
2021-05-03 10:01:35,960.5,1051655
2021-05-03 10:01:36,960.45,1051660
2021-05-03 10:01:37,960.75,1051661
2021-05-03 10:01:38,960.2,1052046
2021-05-03 10:01:38,960.2,1052046
2021-05-03 10:01:40,960.0,1052452
2021-05-03 10:01:41,960.05,1052563
2021-05-03 10:01:42,960.5,1052588
2021-05-03 10:01:42,959.7,1060883
2021-05-03 10:01:43,960.0,1060893
2021-05-03 10:01:44,960.0,1060893
2021-05-03 10:01:45,960.0,1060893
2021-05-03 10:01:46,960.0,1060893
2021-05-03 10:01:47,960.0,1060893
2021-05-03 10:01:48,960.0,1061162
2021-05-03 10:01:49,960.0,1061163
2021-05-03 10:01:51,960.85,1061353
2021-05-03 10:01:52,960.6,1061359
2021-05-03 10:01:53,960.6,1061359
2021-05-03 10:01:54,960.6,1061359
2021-05-03 10:01:55,961.5,1061409
2021-05-03 10:01:56,961.35,1061415
2021-05-03 10:01:57,961.35,1061423
2021-05-03 10:01:58,961.35,1061423
2021-05-03 10:01:59,961.35,1061433
2021-05-03 10:02:00,961.35,1061433
2021-05-03 10:02:01,961.35,1061433
2021-05-03 10:02:02,961.35,1061433
2021-05-03 10:02:03,960.95,1061474
2021-05-03 10:02:04,960.95,1061474
2021-05-03 10:02:05,960.45,1061480
2021-05-03 10:02:06,960.45,1061530
2021-05-03 10:02:07,960.85,1061589
2021-05-03 10:02:08,960.95,1061639
2021-05-03 10:02:09,960.95,1061639
2021-05-03 10:02:11,961.2,1061701
2021-05-03 10:02:12,961.2,1061701
2021-05-03 10:02:13,960.3,1062201
2021-05-03 10:02:14,960.3,1062201
2021-05-03 10:02:15,960.3,1062201
2021-05-03 10:02:16,960.3,1062201
2021-05-03 10:02:17,960.3,1062201
2021-05-03 10:02:18,960.3,1062201
2021-05-03 10:02:19,960.3,1062201
2021-05-03 10:02:20,960.3,1062201
2021-05-03 10:02:21,960.2,1062202
2021-05-03 10:02:22,960.6,1062406
2021-05-03 10:02:23,960.6,1062416
2021-05-03 10:02:24,960.6,1062416
2021-05-03 10:02:25,960.15,1062718
2021-05-03 10:02:26,960.15,1062718
2021-05-03 10:02:27,960.15,1062718
2021-05-03 10:02:28,960.05,1062822
2021-05-03 10:02:29,959.95,1063849
2021-05-03 10:02:30,960.0,1063954
2021-05-03 10:02:31,960.0,1063954
2021-05-03 10:02:32,960.0,1063954
2021-05-03 10:02:33,960.0,1063954
2021-05-03 10:02:34,960.0,1063979
2021-05-03 10:02:35,960.4,1064124
2021-05-03 10:02:36,960.4,1064124
2021-05-03 10:02:37,960.4,1064124
2021-05-03 10:02:38,960.4,1064124
2021-05-03 10:02:39,960.4,1064124
2021-05-03 10:02:40,960.4,1064124
2021-05-03 10:02:41,960.4,1064124
2021-05-03 10:02:42,960.35,1064125
2021-05-03 10:02:43,960.35,1064125
2021-05-03 10:02:44,960.85,1064330
2021-05-03 10:02:45,960.8,1064380
2021-05-03 10:02:46,960.8,1064380
2021-05-03 10:02:47,960.4,1064410
2021-05-03 10:02:48,960.4,1064410
2021-05-03 10:02:49,960.4,1064410
2021-05-03 10:02:50,960.4,1064410
2021-05-03 10:02:51,960.75,1064420
2021-05-03 10:02:52,960.75,1064420
2021-05-03 10:02:53,960.75,1064420
2021-05-03 10:02:55,960.6,1064425
2021-05-03 10:02:54,960.6,1064425
2021-05-03 10:02:56,960.9,1064532
2021-05-03 10:02:57,960.85,1064534
2021-05-03 10:02:58,960.3,1064549
2021-05-03 10:02:59,960.7,1064554
2021-05-03 10:03:00,960.7,1064554
2021-05-03 10:03:01,960.7,1064554
2021-05-03 10:03:02,960.7,1064554
2021-05-03 10:03:03,960.35,1064918
2021-05-03 10:03:04,959.75,1065018
2021-05-03 10:03:05,959.75,1065018
2021-05-03 10:03:06,959.75,1065340
2021-05-03 10:03:07,959.75,1065340
2021-05-03 10:03:08,960.3,1065360
2021-05-03 10:03:09,960.3,1065438
2021-05-03 10:03:10,960.3,1065438
2021-05-03 10:03:11,960.3,1065438
2021-05-03 10:03:12,960.2,1065441
2021-05-03 10:03:13,960.05,1065461
2021-05-03 10:03:14,960.05,1065461
2021-05-03 10:03:15,960.05,1065461
2021-05-03 10:03:16,960.25,1065471
2021-05-03 10:03:17,960.25,1065471
2021-05-03 10:03:18,960.2,1065481
2021-05-03 10:03:19,960.2,1065481
2021-05-03 10:03:20,960.2,1065481
2021-05-03 10:03:21,960.15,1065563
2021-05-03 10:03:22,960.15,1065563
2021-05-03 10:03:23,960.15,1065563
2021-05-03 10:03:24,960.6,1065700
2021-05-03 10:03:25,960.6,1065700
2021-05-03 10:03:26,960.6,1065700
2021-05-03 10:03:27,960.6,1065701
2021-05-03 10:03:28,960.6,1065701
2021-05-03 10:03:29,960.55,1065704
2021-05-03 10:03:30,960.55,1065704
2021-05-03 10:03:31,960.55,1065705
2021-05-03 10:03:32,960.55,1065706
2021-05-03 10:03:33,960.5,1065707
2021-05-03 10:03:35,960.5,1065708
2021-05-03 10:03:36,960.45,1065719
2021-05-03 10:03:37,960.45,1065725
2021-05-03 10:03:38,960.3,1065897
2021-05-03 10:03:39,960.35,1065898
2021-05-03 10:03:40,960.35,1065960
2021-05-03 10:03:41,960.3,1065961
2021-05-03 10:03:43,960.3,1065972
2021-05-03 10:03:42,960.3,1065971
2021-05-03 10:03:44,960.3,1065973
2021-05-03 10:03:45,960.4,1066024
2021-05-03 10:03:46,960.4,1066049
2021-05-03 10:03:47,960.4,1066082
2021-05-03 10:03:48,960.4,1066082
2021-05-03 10:03:49,960.4,1066082
2021-05-03 10:03:50,960.4,1066271
2021-05-03 10:03:51,960.35,1066272
2021-05-03 10:03:52,960.4,1066322
2021-05-03 10:03:53,960.4,1066322
2021-05-03 10:03:54,960.4,1066323
2021-05-03 10:03:55,960.3,1066337
2021-05-03 10:03:56,960.3,1066337
2021-05-03 10:03:57,960.0,1066704
2021-05-03 10:03:58,960.0,1066704
2021-05-03 10:04:00,960.2,1066837
2021-05-03 10:04:00,960.2,1066837
2021-05-03 10:04:01,960.2,1066887
2021-05-03 10:04:02,959.85,1066897
2021-05-03 10:04:03,959.85,1066897
2021-05-03 10:04:04,959.85,1066922
2021-05-03 10:04:05,959.85,1066922
2021-05-03 10:04:06,959.85,1066922
2021-05-03 10:04:08,960.0,1066942
2021-05-03 10:04:08,960.0,1066942
2021-05-03 10:04:09,960.0,1067161
2021-05-03 10:04:10,960.0,1067161
2021-05-03 10:04:11,960.0,1067161
2021-05-03 10:04:12,959.85,1067277
2021-05-03 10:04:13,959.85,1067277
2021-05-03 10:04:14,960.0,1067327
2021-05-03 10:04:15,960.0,1067337
2021-05-03 10:04:16,959.8,1067362
2021-05-03 10:04:17,959.75,1067860
2021-05-03 10:04:18,960.0,1067870
2021-05-03 10:04:19,960.0,1068078
2021-05-03 10:04:21,960.0,1068078
2021-05-03 10:04:21,960.0,1068078
2021-05-03 10:04:22,960.0,1068078
2021-05-03 10:04:23,960.0,1068079
2021-05-03 10:04:24,960.0,1068079
2021-05-03 10:04:25,959.65,1068080
2021-05-03 10:04:26,959.65,1068080
2021-05-03 10:04:27,959.65,1068180
2021-05-03 10:04:28,959.65,1068180
2021-05-03 10:04:29,959.65,1068180
2021-05-03 10:04:30,959.65,1068180
2021-05-03 10:04:31,959.75,1068316
2021-05-03 10:04:32,959.75,1068346
2021-05-03 10:04:33,959.75,1068346
2021-05-03 10:04:34,959.7,1068557
2021-05-03 10:04:35,959.7,1068557
2021-05-03 10:04:36,959.95,1068759
2021-05-03 10:04:37,959.95,1068760
2021-05-03 10:04:38,959.95,1068894
2021-05-03 10:04:39,959.6,1068901
2021-05-03 10:04:40,959.6,1068903
2021-05-03 10:04:41,959.6,1068905
2021-05-03 10:04:42,959.6,1068906
2021-05-03 10:04:43,959.6,1068906
2021-05-03 10:04:44,959.6,1068907
2021-05-03 10:04:45,959.6,1068909
2021-05-03 10:04:46,959.6,1068910
2021-05-03 10:04:47,959.6,1068910
2021-05-03 10:04:48,959.5,1068920
2021-05-03 10:04:49,959.5,1068920
2021-05-03 10:04:50,959.95,1069145
2021-05-03 10:04:51,959.55,1069195
2021-05-03 10:04:52,959.55,1069195
2021-05-03 10:04:54,959.55,1069195
2021-05-03 10:04:54,959.55,1069195
2021-05-03 10:04:55,959.55,1069195
2021-05-03 10:04:56,960.0,1069196
2021-05-03 10:04:57,960.0,1069286
2021-05-03 10:04:58,959.65,1069336
2021-05-03 10:04:59,959.65,1069336
2021-05-03 10:05:00,959.65,1069336
2021-05-03 10:05:01,959.65,1069336
2021-05-03 10:05:02,960.0,1069351
2021-05-03 10:05:03,960.0,1069351
2021-05-03 10:05:04,960.0,1069358
2021-05-03 10:05:05,960.0,1069378
2021-05-03 10:05:07,959.65,1069478
2021-05-03 10:05:08,960.0,1069493
2021-05-03 10:05:08,960.0,1069493
2021-05-03 10:05:10,959.7,1069614
2021-05-03 10:05:10,959.7,1069614
2021-05-03 10:05:11,959.7,1069614
2021-05-03 10:05:12,960.0,1070037
2021-05-03 10:05:13,960.0,1070037
2021-05-03 10:05:15,960.0,1070037
2021-05-03 10:05:16,960.15,1070164
2021-05-03 10:05:17,960.15,1070164
2021-05-03 10:05:19,960.4,1070326
2021-05-03 10:05:19,960.4,1070326
2021-05-03 10:05:20,960.5,1070337
2021-05-03 10:05:21,960.5,1070337
2021-05-03 10:05:22,960.5,1070367
2021-05-03 10:05:23,960.5,1070367
2021-05-03 10:05:24,960.5,1070369
2021-05-03 10:05:25,960.5,1070369
2021-05-03 10:05:26,960.5,1070369
2021-05-03 10:05:28,960.5,1070369
2021-05-03 10:05:29,960.5,1070369
2021-05-03 10:05:30,960.5,1070369
2021-05-03 10:05:31,960.0,1070370
2021-05-03 10:05:32,960.0,1070448
2021-05-03 10:05:33,960.0,1070448
2021-05-03 10:05:34,960.0,1070509
2021-05-03 10:05:36,960.0,1070509
2021-05-03 10:05:36,960.0,1070509
2021-05-03 10:05:37,960.0,1070637
2021-05-03 10:05:38,960.55,1070647
2021-05-03 10:05:39,960.15,1070998
2021-05-03 10:05:40,960.15,1070998
2021-05-03 10:05:41,960.15,1070998
2021-05-03 10:05:42,960.4,1071048
2021-05-03 10:05:43,960.4,1071048
2021-05-03 10:05:44,960.4,1071048
2021-05-03 10:05:45,960.35,1071068
2021-05-03 10:05:46,960.4,1071368
2021-05-03 10:05:47,960.0,1071504
2021-05-03 10:05:48,960.0,1071537
2021-05-03 10:05:50,960.0,1071537
2021-05-03 10:05:50,960.0,1071537
2021-05-03 10:05:51,959.95,1071552
2021-05-03 10:05:52,959.95,1071552
2021-05-03 10:05:53,960.35,1071767
2021-05-03 10:05:54,960.35,1071767
2021-05-03 10:05:55,960.35,1071767
2021-05-03 10:05:56,960.35,1071767
2021-05-03 10:05:57,960.35,1071767
2021-05-03 10:05:59,960.35,1071767
2021-05-03 10:05:59,960.0,1071772
2021-05-03 10:06:00,960.0,1071772
2021-05-03 10:06:01,960.0,1071772
2021-05-03 10:06:02,960.0,1071793
2021-05-03 10:06:03,960.0,1071793
2021-05-03 10:06:04,959.95,1071928
2021-05-03 10:06:06,959.95,1071928
2021-05-03 10:06:06,959.95,1071928
2021-05-03 10:06:07,959.95,1071928
