timestamp,ltp,volume
2021-05-24 09:36:57,2539.6,457764
2021-05-24 09:36:58,2540.0,457778
2021-05-24 09:36:58,2540.0,457778
2021-05-24 09:36:59,2539.45,457803
2021-05-24 09:37:00,2540.0,457817
2021-05-24 09:37:02,2540.45,458185
2021-05-24 09:37:03,2540.95,458269
2021-05-24 09:37:04,2540.95,458348
2021-05-24 09:37:05,2540.95,458352
2021-05-24 09:37:06,2540.95,458390
2021-05-24 09:37:07,2540.55,458503
2021-05-24 09:37:08,2541.0,458651
2021-05-24 09:37:09,2541.0,458662
2021-05-24 09:37:10,2541.0,458676
2021-05-24 09:37:11,2540.75,458806
2021-05-24 09:37:12,2541.0,458854
2021-05-24 09:37:14,2541.0,458869
2021-05-24 09:37:15,2540.75,459024
2021-05-24 09:37:16,2540.75,459087
2021-05-24 09:37:17,2541.0,459120
2021-05-24 09:37:18,2541.0,459125
2021-05-24 09:37:19,2541.0,459325
2021-05-24 09:37:20,2541.5,459340
2021-05-24 09:37:21,2542.0,459719
2021-05-24 09:37:21,2541.0,459444
2021-05-24 09:37:22,2541.05,459838
2021-05-24 09:37:23,2542.0,459972
2021-05-24 09:37:24,2541.0,460075
2021-05-24 09:37:25,2541.1,460149
2021-05-24 09:37:26,2542.0,460397
2021-05-24 09:37:27,2541.9,460447
2021-05-24 09:37:29,2541.0,460463
2021-05-24 09:37:30,2541.9,460533
2021-05-24 09:37:31,2541.9,460662
2021-05-24 09:37:32,2541.9,460672
2021-05-24 09:37:33,2541.0,460726
2021-05-24 09:37:34,2541.0,461442
2021-05-24 09:37:35,2542.0,461506
2021-05-24 09:37:36,2541.0,461523
2021-05-24 09:37:36,2541.0,461523
2021-05-24 09:37:37,2542.0,461660
2021-05-24 09:37:37,2542.0,461660
2021-05-24 09:37:38,2541.0,461869
2021-05-24 09:37:38,2541.0,461869
2021-05-24 09:37:40,2541.0,461928
2021-05-24 09:37:40,2541.0,461928
2021-05-24 09:37:42,2541.85,462121
2021-05-24 09:37:42,2541.85,462121
2021-05-24 09:37:43,2540.9,462128
2021-05-24 09:37:43,2540.9,462128
2021-05-24 09:37:44,2542.0,462217
2021-05-24 09:37:44,2542.0,462217
2021-05-24 09:37:46,2540.9,462986
2021-05-24 09:37:46,2540.9,462986
2021-05-24 09:37:47,2541.95,462999
2021-05-24 09:37:47,2541.95,462999
2021-05-24 09:37:49,2542.2,463204
2021-05-24 09:37:49,2542.2,463204
2021-05-24 09:37:50,2542.0,463259
2021-05-24 09:37:50,2542.0,463259
2021-05-24 09:37:51,2542.25,463437
2021-05-24 09:37:51,2542.25,463437
2021-05-24 09:37:52,2542.25,463458
2021-05-24 09:37:52,2542.25,463458
2021-05-24 09:37:53,2541.95,463466
2021-05-24 09:37:53,2541.95,463466
2021-05-24 09:37:54,2541.15,463831
2021-05-24 09:37:54,2541.15,463831
2021-05-24 09:37:55,2541.6,464206
2021-05-24 09:37:55,2541.6,464206
2021-05-24 09:37:56,2541.55,464257
2021-05-24 09:37:57,2542.35,464301
2021-05-24 09:37:56,2541.55,464257
2021-05-24 09:37:57,2542.35,464301
2021-05-24 09:37:58,2541.9,464304
2021-05-24 09:37:58,2541.9,464304
2021-05-24 09:37:59,2542.2,464385
2021-05-24 09:37:59,2542.2,464385
2021-05-24 09:38:00,2541.95,464442
2021-05-24 09:38:00,2541.95,464442
2021-05-24 09:38:00,2541.95,464442
2021-05-24 09:38:01,2542.0,464452
2021-05-24 09:38:00,2541.95,464442
2021-05-24 09:38:01,2542.0,464452
2021-05-24 09:38:02,2542.0,464452
2021-05-24 09:38:02,2542.0,464452
2021-05-24 09:38:04,2542.4,465666
2021-05-24 09:38:04,2542.4,465666
2021-05-24 09:38:05,2541.9,465680
2021-05-24 09:38:05,2541.9,465680
2021-05-24 09:38:06,2542.05,465952
2021-05-24 09:38:06,2542.05,465952
2021-05-24 09:38:08,2543.0,466375
2021-05-24 09:38:08,2543.0,466375
2021-05-24 09:38:10,2542.1,466422
2021-05-24 09:38:10,2542.1,466422
2021-05-24 09:38:11,2542.8,466471
2021-05-24 09:38:11,2542.8,466471
2021-05-24 09:38:12,2542.95,467077
2021-05-24 09:38:12,2542.95,467077
2021-05-24 09:38:13,2542.95,467126
2021-05-24 09:38:13,2542.95,467126
2021-05-24 09:38:13,2543.0,467120
2021-05-24 09:38:13,2543.0,467120
2021-05-24 09:38:14,2542.0,467226
2021-05-24 09:38:14,2542.0,467226
2021-05-24 09:38:15,2542.05,467491
2021-05-24 09:38:15,2542.05,467491
2021-05-24 09:38:16,2542.95,467512
2021-05-24 09:38:16,2542.95,467512
2021-05-24 09:38:17,2542.95,467579
2021-05-24 09:38:17,2542.95,467579
2021-05-24 09:38:18,2542.95,467625
2021-05-24 09:38:18,2542.95,467625
2021-05-24 09:38:19,2542.2,467665
2021-05-24 09:38:19,2542.2,467665
2021-05-24 09:38:20,2542.95,467706
2021-05-24 09:38:20,2542.95,467706
2021-05-24 09:38:22,2542.0,468143
2021-05-24 09:38:22,2542.0,468143
2021-05-24 09:38:23,2542.75,468204
2021-05-24 09:38:23,2542.75,468204
2021-05-24 09:38:24,2543.0,469376
2021-05-24 09:38:24,2543.0,469376
2021-05-24 09:38:25,2542.05,469450
2021-05-24 09:38:25,2542.05,469450
2021-05-24 09:38:26,2542.05,469454
2021-05-24 09:38:26,2542.05,469454
2021-05-24 09:38:27,2542.05,469675
2021-05-24 09:38:27,2542.05,469675
2021-05-24 09:38:28,2543.0,469689
2021-05-24 09:38:28,2543.0,469689
2021-05-24 09:38:29,2543.0,469689
2021-05-24 09:38:29,2543.0,469689
2021-05-24 09:38:30,2543.0,469689
2021-05-24 09:38:30,2543.0,469689
2021-05-24 09:38:30,2543.0,469689
2021-05-24 09:38:30,2543.0,469689
2021-05-24 09:38:31,2543.0,470023
2021-05-24 09:38:31,2543.0,470023
2021-05-24 09:38:32,2542.65,470526
2021-05-24 09:38:32,2542.65,470526
2021-05-24 09:38:33,2542.75,470608
2021-05-24 09:38:33,2542.75,470608
2021-05-24 09:38:34,2543.0,470656
2021-05-24 09:38:34,2543.0,470656
2021-05-24 09:38:37,2542.75,470971
2021-05-24 09:38:37,2542.75,470971
2021-05-24 09:38:39,2543.0,471106
2021-05-24 09:38:39,2543.0,471106
2021-05-24 09:38:40,2542.65,471132
2021-05-24 09:38:40,2542.65,471132
2021-05-24 09:38:41,2542.65,471142
2021-05-24 09:38:41,2542.65,471142
2021-05-24 09:38:42,2543.0,471342
2021-05-24 09:38:42,2543.0,471342
2021-05-24 09:38:43,2543.0,471367
2021-05-24 09:38:43,2543.0,471367
2021-05-24 09:38:44,2542.75,471527
2021-05-24 09:38:44,2542.75,471527
2021-05-24 09:38:46,2542.75,472497
2021-05-24 09:38:46,2542.75,472497
2021-05-24 09:38:47,2542.75,472503
2021-05-24 09:38:47,2542.75,472503
2021-05-24 09:38:48,2542.0,472792
2021-05-24 09:38:48,2542.0,472807
2021-05-24 09:38:48,2542.0,472792
2021-05-24 09:38:48,2542.0,472807
2021-05-24 09:38:49,2541.3,472931
2021-05-24 09:38:49,2541.3,472931
2021-05-24 09:38:50,2542.2,472962
2021-05-24 09:38:50,2542.2,472962
2021-05-24 09:38:51,2543.0,473340
2021-05-24 09:38:51,2543.0,473340
2021-05-24 09:38:52,2543.0,473437
2021-05-24 09:38:52,2543.0,473437
2021-05-24 09:38:53,2542.65,473514
2021-05-24 09:38:53,2542.65,473514
2021-05-24 09:38:54,2543.9,475027
2021-05-24 09:38:54,2543.9,475027
2021-05-24 09:38:55,2544.1,475503
2021-05-24 09:38:55,2544.1,475503
2021-05-24 09:38:56,2544.15,475646
2021-05-24 09:38:56,2544.15,475646
2021-05-24 09:38:57,2544.2,475665
2021-05-24 09:38:57,2544.2,475665
2021-05-24 09:38:58,2544.75,475757
2021-05-24 09:38:58,2544.75,475757
2021-05-24 09:38:59,2544.5,475926
2021-05-24 09:38:59,2544.5,475926
2021-05-24 09:39:00,2543.85,476162
2021-05-24 09:39:00,2543.85,476162
2021-05-24 09:39:01,2541.2,476365
2021-05-24 09:39:01,2541.2,476365
2021-05-24 09:39:02,2541.5,476403
2021-05-24 09:39:02,2541.5,476403
2021-05-24 09:39:04,2542.6,476798
2021-05-24 09:39:04,2542.6,476798
2021-05-24 09:39:05,2542.05,476823
2021-05-24 09:39:05,2542.05,476823
2021-05-24 09:39:06,2541.2,477203
2021-05-24 09:39:06,2541.2,477203
2021-05-24 09:39:08,2542.0,477389
2021-05-24 09:39:08,2542.0,477389
2021-05-24 09:39:09,2542.55,477593
2021-05-24 09:39:09,2542.55,477593
2021-05-24 09:39:12,2542.6,477652
2021-05-24 09:39:12,2542.6,477652
2021-05-24 09:39:14,2542.1,477741
2021-05-24 09:39:14,2542.1,477741
2021-05-24 09:39:15,2542.3,477824
2021-05-24 09:39:15,2542.3,477824
2021-05-24 09:39:16,2542.3,477828
2021-05-24 09:39:16,2542.3,477828
2021-05-24 09:39:17,2542.35,477952
2021-05-24 09:39:17,2542.35,477952
2021-05-24 09:39:18,2542.35,478102
2021-05-24 09:39:18,2542.35,478102
2021-05-24 09:39:19,2542.3,478145
2021-05-24 09:39:19,2542.3,478145
2021-05-24 09:39:20,2542.05,478179
2021-05-24 09:39:20,2542.05,478179
2021-05-24 09:39:21,2542.15,478514
2021-05-24 09:39:21,2542.15,478514
2021-05-24 09:39:22,2542.2,478920
2021-05-24 09:39:22,2542.2,478920
2021-05-24 09:39:23,2542.15,478925
2021-05-24 09:39:23,2542.15,478925
2021-05-24 09:39:24,2542.15,478925
2021-05-24 09:39:24,2542.15,478925
2021-05-24 09:39:24,2542.15,478925
2021-05-24 09:39:24,2542.15,478925
2021-05-24 09:39:25,2542.3,478935
2021-05-24 09:39:25,2542.3,478935
2021-05-24 09:39:26,2542.2,479639
2021-05-24 09:39:26,2542.2,479639
2021-05-24 09:39:27,2542.2,479639
2021-05-24 09:39:27,2542.2,479639
2021-05-24 09:39:28,2542.05,479700
2021-05-24 09:39:28,2542.05,479700
2021-05-24 09:39:31,2542.2,480015
2021-05-24 09:39:31,2542.2,480015
2021-05-24 09:39:32,2542.3,480042
2021-05-24 09:39:32,2542.3,480042
2021-05-24 09:39:33,2543.95,480643
2021-05-24 09:39:33,2543.95,480643
2021-05-24 09:39:34,2542.7,480645
2021-05-24 09:39:34,2542.7,480645
2021-05-24 09:39:34,2543.9,480649
2021-05-24 09:39:34,2543.9,480649
2021-05-24 09:39:35,2543.0,480720
2021-05-24 09:39:35,2543.0,480720
2021-05-24 09:39:37,2543.0,480820
2021-05-24 09:39:37,2543.0,480820
2021-05-24 09:39:38,2543.1,480918
2021-05-24 09:39:38,2543.1,480918
2021-05-24 09:39:39,2543.9,480933
2021-05-24 09:39:39,2543.9,480933
2021-05-24 09:39:40,2543.95,480934
2021-05-24 09:39:40,2543.95,480934
2021-05-24 09:39:41,2543.9,480945
2021-05-24 09:39:41,2543.9,480945
2021-05-24 09:39:42,2543.85,481151
2021-05-24 09:39:42,2543.85,481151
2021-05-24 09:39:43,2543.85,481172
2021-05-24 09:39:43,2543.85,481172
2021-05-24 09:39:44,2543.9,481292
2021-05-24 09:39:44,2543.9,481292
2021-05-24 09:39:45,2543.85,481847
2021-05-24 09:39:45,2543.85,481847
2021-05-24 09:39:46,2543.9,481882
2021-05-24 09:39:46,2543.9,481882
2021-05-24 09:39:47,2542.55,481935
2021-05-24 09:39:47,2542.55,481935
2021-05-24 09:39:48,2543.1,481936
2021-05-24 09:39:48,2543.1,481936
2021-05-24 09:39:49,2542.4,482368
2021-05-24 09:39:49,2542.4,482368
2021-05-24 09:39:50,2543.75,482393
2021-05-24 09:39:50,2543.75,482393
2021-05-24 09:39:51,2543.0,482440
2021-05-24 09:39:51,2543.0,482440
2021-05-24 09:39:52,2543.5,482571
2021-05-24 09:39:52,2543.5,482571
2021-05-24 09:39:53,2543.5,482583
2021-05-24 09:39:53,2543.5,482583
2021-05-24 09:39:54,2543.5,482603
2021-05-24 09:39:54,2543.5,482603
2021-05-24 09:39:55,2543.5,482645
2021-05-24 09:39:55,2543.5,482645
2021-05-24 09:39:56,2543.9,482918
2021-05-24 09:39:56,2543.9,482918
2021-05-24 09:39:57,2542.65,483566
2021-05-24 09:39:57,2542.65,483566
2021-05-24 09:39:58,2543.0,483579
2021-05-24 09:39:58,2543.0,483579
2021-05-24 09:39:59,2543.0,485330
2021-05-24 09:39:59,2543.0,484829
2021-05-24 09:39:59,2543.0,485330
2021-05-24 09:39:59,2543.0,484829
2021-05-24 09:40:00,2543.65,485371
2021-05-24 09:40:00,2543.65,485371
2021-05-24 09:40:01,2543.35,485609
2021-05-24 09:40:01,2543.35,485609
2021-05-24 09:40:02,2542.1,485809
2021-05-24 09:40:02,2542.1,485809
2021-05-24 09:40:03,2543.35,485864
2021-05-24 09:40:03,2543.35,485864
2021-05-24 09:40:04,2542.15,485924
2021-05-24 09:40:04,2542.15,485924
2021-05-24 09:40:06,2543.0,486005
2021-05-24 09:40:06,2543.0,486005
2021-05-24 09:40:06,2543.0,486007
2021-05-24 09:40:06,2543.0,486007
2021-05-24 09:40:08,2542.15,487034
2021-05-24 09:40:08,2542.15,487034
2021-05-24 09:40:12,2542.95,487198
2021-05-24 09:40:12,2542.95,487198
2021-05-24 09:40:13,2543.0,487339
2021-05-24 09:40:13,2543.0,487339
2021-05-24 09:40:14,2542.1,487354
2021-05-24 09:40:14,2542.1,487354
2021-05-24 09:40:15,2543.0,487530
2021-05-24 09:40:15,2543.0,487530
2021-05-24 09:40:16,2541.65,487952
2021-05-24 09:40:16,2541.65,487952
2021-05-24 09:40:17,2542.05,488007
2021-05-24 09:40:17,2542.05,488007
2021-05-24 09:40:18,2543.0,488058
2021-05-24 09:40:18,2543.0,488058
2021-05-24 09:40:19,2541.6,488195
2021-05-24 09:40:19,2541.6,488195
2021-05-24 09:40:20,2541.65,488245
2021-05-24 09:40:20,2541.65,488245
2021-05-24 09:40:21,2542.0,488280
2021-05-24 09:40:21,2542.0,488280
2021-05-24 09:40:22,2542.0,488339
2021-05-24 09:40:22,2542.0,488339
2021-05-24 09:40:22,2542.0,488339
2021-05-24 09:40:22,2542.0,488339
2021-05-24 09:40:24,2542.05,488404
2021-05-24 09:40:24,2542.05,488404
2021-05-24 09:40:25,2542.65,488405
2021-05-24 09:40:26,2542.05,488407
2021-05-24 09:40:25,2542.65,488405
2021-05-24 09:40:26,2542.05,488407
2021-05-24 09:40:27,2542.05,488409
2021-05-24 09:40:27,2542.05,488409
2021-05-24 09:40:29,2542.65,488458
2021-05-24 09:40:29,2542.65,488458
2021-05-24 09:40:30,2542.7,488501
2021-05-24 09:40:30,2542.7,488501
2021-05-24 09:40:31,2542.7,488501
2021-05-24 09:40:31,2542.7,488501
2021-05-24 09:40:33,2542.4,488810
2021-05-24 09:40:33,2542.4,488810
2021-05-24 09:40:34,2542.8,488811
2021-05-24 09:40:34,2542.8,488811
2021-05-24 09:40:35,2543.0,489072
2021-05-24 09:40:35,2543.0,489072
2021-05-24 09:40:35,2543.0,489060
2021-05-24 09:40:35,2543.0,489060
2021-05-24 09:40:37,2543.0,489072
2021-05-24 09:40:37,2543.0,489072
2021-05-24 09:40:38,2542.65,489083
2021-05-24 09:40:38,2542.65,489083
2021-05-24 09:40:39,2542.7,489338
2021-05-24 09:40:39,2542.7,489338
2021-05-24 09:40:40,2542.85,489339
2021-05-24 09:40:40,2542.85,489339
2021-05-24 09:40:40,2543.0,489389
2021-05-24 09:40:40,2543.0,489389
2021-05-24 09:40:41,2543.0,489490
2021-05-24 09:40:41,2543.0,489490
2021-05-24 09:40:43,2544.0,489596
2021-05-24 09:40:43,2544.0,489596
2021-05-24 09:40:44,2544.0,489714
2021-05-24 09:40:44,2544.0,489714
2021-05-24 09:40:45,2543.9,489744
2021-05-24 09:40:45,2543.9,489744
2021-05-24 09:40:46,2543.9,489926
2021-05-24 09:40:46,2543.9,489926
2021-05-24 09:40:46,2543.9,489926
2021-05-24 09:40:46,2543.9,489926
2021-05-24 09:40:47,2543.9,489945
2021-05-24 09:40:47,2543.9,489945
2021-05-24 09:40:48,2544.0,489955
2021-05-24 09:40:48,2544.0,489955
2021-05-24 09:40:49,2543.85,490084
2021-05-24 09:40:49,2543.85,490084
2021-05-24 09:40:51,2543.85,490748
2021-05-24 09:40:52,2543.8,490781
2021-05-24 09:40:51,2543.85,490748
2021-05-24 09:40:52,2543.8,490781
2021-05-24 09:40:54,2544.0,490808
2021-05-24 09:40:54,2544.0,490808
2021-05-24 09:40:56,2544.0,490941
2021-05-24 09:40:56,2544.0,490941
2021-05-24 09:40:57,2544.0,490963
2021-05-24 09:40:57,2544.0,490963
2021-05-24 09:40:58,2544.0,491285
2021-05-24 09:40:58,2544.0,491285
2021-05-24 09:40:59,2544.0,491368
2021-05-24 09:40:59,2544.0,491368
2021-05-24 09:41:01,2543.55,491488
2021-05-24 09:41:01,2543.55,491488
2021-05-24 09:41:02,2543.55,491498
2021-05-24 09:41:02,2543.55,491498
2021-05-24 09:41:03,2543.55,491515
2021-05-24 09:41:03,2543.55,491515
2021-05-24 09:41:04,2544.0,491547
2021-05-24 09:41:04,2544.0,491547
2021-05-24 09:41:05,2543.6,491647
2021-05-24 09:41:05,2543.6,491647
2021-05-24 09:41:06,2543.6,491697
2021-05-24 09:41:06,2543.6,491697
2021-05-24 09:41:07,2543.8,491704
2021-05-24 09:41:07,2543.8,491704
2021-05-24 09:41:08,2544.0,491774
2021-05-24 09:41:08,2544.0,491774
2021-05-24 09:41:10,2543.6,491796
2021-05-24 09:41:10,2543.6,491796
2021-05-24 09:41:11,2543.6,491829
2021-05-24 09:41:11,2543.6,491829
2021-05-24 09:41:12,2544.0,491925
2021-05-24 09:41:12,2544.0,491925
2021-05-24 09:41:12,2543.0,492028
2021-05-24 09:41:12,2543.0,492028
2021-05-24 09:41:13,2543.8,492178
2021-05-24 09:41:13,2543.8,492178
2021-05-24 09:41:14,2543.9,492187
2021-05-24 09:41:14,2543.9,492187
2021-05-24 09:41:16,2543.9,492197
2021-05-24 09:41:16,2543.9,492197
2021-05-24 09:41:17,2543.0,492217
2021-05-24 09:41:17,2543.0,492217
2021-05-24 09:41:18,2544.0,492218
2021-05-24 09:41:18,2544.0,492218
2021-05-24 09:41:19,2544.0,492222
2021-05-24 09:41:19,2544.0,492222
2021-05-24 09:41:20,2543.0,492400
2021-05-24 09:41:20,2543.0,492400
2021-05-24 09:41:21,2543.0,492500
2021-05-24 09:41:21,2543.0,492500
2021-05-24 09:41:22,2543.8,492514
2021-05-24 09:41:22,2543.8,492514
2021-05-24 09:41:22,2543.8,492514
2021-05-24 09:41:22,2543.8,492514
2021-05-24 09:41:23,2544.0,493118
2021-05-24 09:41:23,2544.0,493118
2021-05-24 09:41:25,2544.0,493218
2021-05-24 09:41:26,2544.0,493273
2021-05-24 09:41:25,2544.0,493218
2021-05-24 09:41:26,2544.0,493273
2021-05-24 09:41:27,2544.0,493308
2021-05-24 09:41:27,2544.0,493308
2021-05-24 09:41:28,2544.45,493373
2021-05-24 09:41:28,2544.45,493373
2021-05-24 09:41:30,2541.8,497298
2021-05-24 09:41:30,2541.8,497298
2021-05-24 09:41:31,2541.0,497403
2021-05-24 09:41:31,2541.0,497403
2021-05-24 09:41:33,2542.4,497453
2021-05-24 09:41:33,2542.4,497453
2021-05-24 09:41:34,2541.0,497603
2021-05-24 09:41:34,2541.0,497603
2021-05-24 09:41:35,2541.85,497636
2021-05-24 09:41:35,2541.85,497636
2021-05-24 09:41:36,2541.85,497638
2021-05-24 09:41:36,2541.85,497638
2021-05-24 09:41:36,2541.85,497638
2021-05-24 09:41:36,2541.85,497638
2021-05-24 09:41:38,2541.85,497642
2021-05-24 09:41:38,2541.85,497642
2021-05-24 09:41:39,2541.85,497661
2021-05-24 09:41:39,2541.85,497661
2021-05-24 09:41:40,2541.0,497844
2021-05-24 09:41:40,2541.0,497844
2021-05-24 09:41:41,2541.35,497899
2021-05-24 09:41:41,2541.35,497899
2021-05-24 09:41:42,2541.35,497992
2021-05-24 09:41:42,2541.35,497992
2021-05-24 09:41:43,2541.35,497992
2021-05-24 09:41:43,2541.35,497992
2021-05-24 09:41:44,2541.85,498061
2021-05-24 09:41:44,2541.85,498061
2021-05-24 09:41:45,2541.0,498319
2021-05-24 09:41:45,2541.0,498319
2021-05-24 09:41:48,2541.0,498552
2021-05-24 09:41:49,2541.0,498552
2021-05-24 09:41:48,2541.0,498552
2021-05-24 09:41:49,2541.0,498552
2021-05-24 09:41:50,2541.0,498562
2021-05-24 09:41:50,2541.0,498562
2021-05-24 09:41:51,2541.0,498562
2021-05-24 09:41:51,2541.0,498562
2021-05-24 09:41:52,2541.0,498752
2021-05-24 09:41:52,2541.0,498752
2021-05-24 09:41:53,2540.15,498778
2021-05-24 09:41:53,2540.15,498778
2021-05-24 09:41:54,2540.15,498780
2021-05-24 09:41:54,2540.15,498780
2021-05-24 09:41:55,2540.05,499147
2021-05-24 09:41:55,2540.05,499147
2021-05-24 09:41:56,2540.0,499154
2021-05-24 09:41:56,2540.0,499154
2021-05-24 09:41:57,2540.0,499181
2021-05-24 09:41:57,2540.0,499181
2021-05-24 09:42:00,2540.0,499255
2021-05-24 09:42:00,2540.0,499255
2021-05-24 09:42:01,2540.0,499255
2021-05-24 09:42:01,2540.0,499255
2021-05-24 09:42:02,2540.0,499461
2021-05-24 09:42:02,2540.0,499461
2021-05-24 09:42:03,2540.0,499545
2021-05-24 09:42:03,2540.0,499545
2021-05-24 09:42:05,2539.4,500098
2021-05-24 09:42:05,2539.4,500098
2021-05-24 09:42:06,2539.55,500567
2021-05-24 09:42:06,2539.55,500567
2021-05-24 09:42:07,2538.5,500631
2021-05-24 09:42:07,2538.5,500631
2021-05-24 09:42:09,2538.15,500874
2021-05-24 09:42:09,2538.15,500874
2021-05-24 09:42:10,2538.15,500874
2021-05-24 09:42:10,2538.15,500874
2021-05-24 09:42:11,2538.0,500929
2021-05-24 09:42:11,2538.0,500929
2021-05-24 09:42:12,2538.0,501292
2021-05-24 09:42:12,2538.0,501292
2021-05-24 09:42:13,2537.75,501323
2021-05-24 09:42:13,2537.75,501323
2021-05-24 09:42:15,2538.0,501343
2021-05-24 09:42:14,2538.0,501343
2021-05-24 09:42:15,2538.0,501343
2021-05-24 09:42:14,2538.0,501343
2021-05-24 09:42:16,2538.2,501351
2021-05-24 09:42:16,2538.2,501351
2021-05-24 09:42:17,2539.05,502039
2021-05-24 09:42:17,2539.05,502039
2021-05-24 09:42:18,2538.1,502072
2021-05-24 09:42:18,2538.1,502072
2021-05-24 09:42:19,2539.2,502102
2021-05-24 09:42:19,2539.2,502102
2021-05-24 09:42:21,2539.55,503204
2021-05-24 09:42:21,2539.55,503204
2021-05-24 09:42:22,2538.25,503266
2021-05-24 09:42:22,2538.25,503266
2021-05-24 09:42:23,2539.4,503299
2021-05-24 09:42:23,2539.4,503299
2021-05-24 09:42:24,2538.35,503309
2021-05-24 09:42:24,2538.35,503309
2021-05-24 09:42:25,2538.35,503324
2021-05-24 09:42:25,2538.35,503324
2021-05-24 09:42:26,2538.35,503324
2021-05-24 09:42:26,2538.35,503324
2021-05-24 09:42:27,2538.0,503584
2021-05-24 09:42:27,2538.0,503584
2021-05-24 09:42:28,2538.0,503634
2021-05-24 09:42:28,2538.0,503634
2021-05-24 09:42:29,2539.15,503719
2021-05-24 09:42:29,2539.15,503719
2021-05-24 09:42:30,2538.3,503774
2021-05-24 09:42:30,2538.3,503774
2021-05-24 09:42:31,2538.3,503774
2021-05-24 09:42:31,2538.3,503774
2021-05-24 09:42:33,2538.15,503807
2021-05-24 09:42:33,2538.15,503807
2021-05-24 09:42:34,2538.15,503807
2021-05-24 09:42:34,2538.15,503807
2021-05-24 09:42:35,2539.15,503812
2021-05-24 09:42:35,2539.15,503812
2021-05-24 09:42:36,2538.9,503902
2021-05-24 09:42:36,2538.9,503902
2021-05-24 09:42:37,2538.9,503902
2021-05-24 09:42:37,2538.9,503902
2021-05-24 09:42:39,2538.1,504120
2021-05-24 09:42:39,2538.1,504120
2021-05-24 09:42:40,2538.1,504120
2021-05-24 09:42:40,2538.1,504120
2021-05-24 09:42:41,2538.45,504145
2021-05-24 09:42:42,2538.1,504157
2021-05-24 09:42:41,2538.45,504145
2021-05-24 09:42:42,2538.1,504157
2021-05-24 09:42:43,2538.45,504158
2021-05-24 09:42:43,2538.45,504158
2021-05-24 09:42:44,2538.0,504501
2021-05-24 09:42:44,2538.0,504501
2021-05-24 09:42:45,2538.0,504602
2021-05-24 09:42:45,2538.0,504602
2021-05-24 09:42:47,2537.2,504704
2021-05-24 09:42:47,2537.2,504704
2021-05-24 09:42:49,2536.75,504889
2021-05-24 09:42:49,2536.75,504889
2021-05-24 09:42:50,2538.2,505108
2021-05-24 09:42:50,2538.2,505108
2021-05-24 09:42:51,2538.2,505108
2021-05-24 09:42:51,2538.2,505108
2021-05-24 09:42:53,2538.0,505167
2021-05-24 09:42:54,2538.0,505167
2021-05-24 09:42:53,2538.0,505167
2021-05-24 09:42:54,2538.0,505167
2021-05-24 09:42:55,2538.0,505177
2021-05-24 09:42:55,2538.0,505177
2021-05-24 09:42:56,2538.0,505277
2021-05-24 09:42:56,2538.0,505277
2021-05-24 09:42:57,2538.0,505317
2021-05-24 09:42:57,2538.0,505317
2021-05-24 09:42:58,2538.7,505369
2021-05-24 09:42:58,2538.7,505369
2021-05-24 09:42:59,2538.7,505369
2021-05-24 09:42:59,2538.7,505369
2021-05-24 09:43:00,2538.7,505370
2021-05-24 09:43:00,2538.7,505370
2021-05-24 09:43:01,2539.0,505418
2021-05-24 09:43:01,2539.0,505418
2021-05-24 09:43:02,2539.05,505423
2021-05-24 09:43:02,2539.05,505423
2021-05-24 09:43:03,2538.0,505433
2021-05-24 09:43:03,2538.0,505433
2021-05-24 09:43:04,2538.0,505433
2021-05-24 09:43:04,2538.0,505433
2021-05-24 09:43:05,2538.25,505434
2021-05-24 09:43:05,2538.25,505434
2021-05-24 09:43:06,2538.25,505450
2021-05-24 09:43:06,2538.25,505450
2021-05-24 09:43:07,2539.3,505550
2021-05-24 09:43:07,2539.3,505550
2021-05-24 09:43:08,2538.3,505611
2021-05-24 09:43:08,2538.3,505611
2021-05-24 09:43:09,2539.25,505748
2021-05-24 09:43:09,2539.25,505748
2021-05-24 09:43:10,2539.25,505758
2021-05-24 09:43:10,2539.25,505758
2021-05-24 09:43:12,2539.25,505933
2021-05-24 09:43:12,2539.25,505933
2021-05-24 09:43:11,2539.25,505933
2021-05-24 09:43:11,2539.25,505933
2021-05-24 09:43:13,2538.2,505983
2021-05-24 09:43:13,2538.2,505983
2021-05-24 09:43:14,2538.1,506003
2021-05-24 09:43:14,2538.1,506003
2021-05-24 09:43:15,2538.15,506013
2021-05-24 09:43:15,2538.15,506013
2021-05-24 09:43:16,2538.25,506036
2021-05-24 09:43:16,2538.25,506036
2021-05-24 09:43:17,2538.25,506036
2021-05-24 09:43:17,2538.25,506036
2021-05-24 09:43:19,2538.25,506141
2021-05-24 09:43:19,2538.25,506141
2021-05-24 09:43:20,2538.25,506151
2021-05-24 09:43:20,2538.25,506151
2021-05-24 09:43:21,2538.25,506151
2021-05-24 09:43:22,2538.25,506156
2021-05-24 09:43:21,2538.25,506151
2021-05-24 09:43:22,2538.25,506156
2021-05-24 09:43:25,2538.85,506166
2021-05-24 09:43:25,2538.85,506166
2021-05-24 09:43:26,2538.3,507150
2021-05-24 09:43:26,2538.3,507150
2021-05-24 09:43:27,2538.3,507180
2021-05-24 09:43:27,2538.3,507180
2021-05-24 09:43:29,2538.25,507300
2021-05-24 09:43:29,2538.25,507300
2021-05-24 09:43:30,2538.3,507301
2021-05-24 09:43:30,2538.3,507301
2021-05-24 09:43:31,2538.2,507431
2021-05-24 09:43:31,2538.2,507431
2021-05-24 09:43:32,2538.2,507481
2021-05-24 09:43:32,2538.2,507481
2021-05-24 09:43:33,2539.0,507492
2021-05-24 09:43:33,2539.0,507492
2021-05-24 09:43:34,2539.0,507493
2021-05-24 09:43:34,2539.0,507493
2021-05-24 09:43:35,2539.0,507510
2021-05-24 09:43:35,2539.0,507510
2021-05-24 09:43:36,2539.0,507526
2021-05-24 09:43:36,2539.0,507526
2021-05-24 09:43:37,2539.05,507854
2021-05-24 09:43:37,2539.05,507854
2021-05-24 09:43:38,2539.05,507875
2021-05-24 09:43:38,2539.05,507875
2021-05-24 09:43:39,2538.95,507876
2021-05-24 09:43:39,2538.95,507876
2021-05-24 09:43:40,2538.6,508158
2021-05-24 09:43:40,2538.6,508158
2021-05-24 09:43:41,2537.95,508886
2021-05-24 09:43:41,2537.95,508886
2021-05-24 09:43:42,2537.95,508886
2021-05-24 09:43:42,2537.95,508886
2021-05-24 09:43:43,2538.25,509106
2021-05-24 09:43:43,2538.25,509106
2021-05-24 09:43:44,2537.25,509111
2021-05-24 09:43:44,2537.25,509111
2021-05-24 09:43:45,2537.25,509111
2021-05-24 09:43:45,2537.25,509111
2021-05-24 09:43:47,2536.55,509395
2021-05-24 09:43:47,2536.55,509395
2021-05-24 09:43:48,2536.0,509600
2021-05-24 09:43:48,2536.0,509600
2021-05-24 09:43:49,2536.4,509660
2021-05-24 09:43:49,2536.4,509660
2021-05-24 09:43:51,2537.0,509661
2021-05-24 09:43:51,2537.0,509661
2021-05-24 09:43:51,2536.4,509668
2021-05-24 09:43:51,2536.4,509668
2021-05-24 09:43:52,2536.4,509693
2021-05-24 09:43:52,2536.4,509693
2021-05-24 09:43:54,2536.0,509857
2021-05-24 09:43:54,2536.0,509857
2021-05-24 09:43:56,2536.2,510018
2021-05-24 09:43:56,2536.2,510018
2021-05-24 09:43:56,2536.2,510036
2021-05-24 09:43:56,2536.2,510036
2021-05-24 09:43:57,2536.25,510056
2021-05-24 09:43:57,2536.25,510056
2021-05-24 09:43:58,2536.25,510056
2021-05-24 09:43:58,2536.25,510056
2021-05-24 09:43:59,2536.25,510056
2021-05-24 09:43:59,2536.25,510056
2021-05-24 09:44:01,2536.25,510057
2021-05-24 09:44:01,2536.25,510057
2021-05-24 09:44:03,2536.25,510108
2021-05-24 09:44:03,2536.25,510108
2021-05-24 09:44:04,2537.0,510111
2021-05-24 09:44:04,2537.0,510111
2021-05-24 09:44:05,2536.4,510191
2021-05-24 09:44:05,2536.4,510191
2021-05-24 09:44:07,2537.5,510300
2021-05-24 09:44:07,2537.5,510300
2021-05-24 09:44:07,2537.5,510300
2021-05-24 09:44:07,2537.5,510300
2021-05-24 09:44:08,2536.45,510311
2021-05-24 09:44:08,2536.45,510311
2021-05-24 09:44:09,2537.4,510461
2021-05-24 09:44:09,2537.4,510461
2021-05-24 09:44:10,2537.4,510533
2021-05-24 09:44:10,2537.4,510533
2021-05-24 09:44:12,2536.3,510558
2021-05-24 09:44:12,2536.3,510558
2021-05-24 09:44:13,2536.3,510558
2021-05-24 09:44:13,2536.3,510558
2021-05-24 09:44:14,2537.65,510593
2021-05-24 09:44:14,2537.65,510593
2021-05-24 09:44:15,2536.2,510776
2021-05-24 09:44:15,2536.2,510776
2021-05-24 09:44:16,2536.2,510776
2021-05-24 09:44:16,2536.2,510776
2021-05-24 09:44:18,2536.4,510796
2021-05-24 09:44:18,2536.4,510796
2021-05-24 09:44:18,2536.4,510796
2021-05-24 09:44:18,2536.4,510796
2021-05-24 09:44:19,2536.4,510812
2021-05-24 09:44:19,2536.4,510812
2021-05-24 09:44:20,2536.4,510824
2021-05-24 09:44:20,2536.4,510824
2021-05-24 09:44:23,2536.4,510825
2021-05-24 09:44:23,2536.2,510832
2021-05-24 09:44:23,2536.4,510825
2021-05-24 09:44:23,2536.2,510832
2021-05-24 09:44:24,2536.2,510832
2021-05-24 09:44:24,2536.2,510832
2021-05-24 09:44:25,2536.25,510886
2021-05-24 09:44:25,2536.25,510886
2021-05-24 09:44:26,2536.25,510886
2021-05-24 09:44:26,2536.25,510886
2021-05-24 09:44:29,2536.2,511099
2021-05-24 09:44:29,2536.2,511099
2021-05-24 09:44:29,2536.2,511099
2021-05-24 09:44:29,2536.2,511099
2021-05-24 09:44:31,2537.1,511439
2021-05-24 09:44:31,2537.1,511439
2021-05-24 09:44:32,2537.1,511460
2021-05-24 09:44:32,2537.1,511460
2021-05-24 09:44:33,2537.1,511467
2021-05-24 09:44:33,2537.1,511467
2021-05-24 09:44:36,2537.1,511497
2021-05-24 09:44:36,2537.1,511497
2021-05-24 09:44:37,2536.95,511565
2021-05-24 09:44:37,2536.95,511565
2021-05-24 09:44:38,2537.95,511580
2021-05-24 09:44:38,2537.95,511580
2021-05-24 09:44:40,2537.95,511785
2021-05-24 09:44:40,2537.95,511785
2021-05-24 09:44:41,2537.5,511790
2021-05-24 09:44:41,2537.5,511790
2021-05-24 09:44:43,2538.4,511929
2021-05-24 09:44:43,2538.4,511929
2021-05-24 09:44:43,2538.4,511926
2021-05-24 09:44:43,2538.4,511926
2021-05-24 09:44:44,2538.45,512041
2021-05-24 09:44:44,2538.45,512041
2021-05-24 09:44:45,2538.45,512080
2021-05-24 09:44:45,2538.45,512080
2021-05-24 09:44:46,2538.85,512094
2021-05-24 09:44:46,2538.85,512094
2021-05-24 09:44:47,2537.4,512274
2021-05-24 09:44:47,2537.4,512274
2021-05-24 09:44:49,2537.9,512510
2021-05-24 09:44:49,2537.9,512510
2021-05-24 09:44:49,2537.9,512510
2021-05-24 09:44:49,2537.9,512510
2021-05-24 09:44:50,2537.9,512523
2021-05-24 09:44:50,2537.9,512523
2021-05-24 09:44:51,2537.9,512523
2021-05-24 09:44:51,2537.9,512523
2021-05-24 09:44:52,2538.0,512555
2021-05-24 09:44:52,2538.0,512555
2021-05-24 09:44:53,2538.0,512563
2021-05-24 09:44:53,2538.0,512563
2021-05-24 09:44:54,2538.05,512571
2021-05-24 09:44:54,2538.05,512571
2021-05-24 09:44:56,2538.0,512581
2021-05-24 09:44:56,2538.0,512581
2021-05-24 09:44:57,2538.0,512870
2021-05-24 09:44:57,2538.0,512870
2021-05-24 09:44:58,2537.75,512895
2021-05-24 09:44:58,2537.75,512895
2021-05-24 09:44:59,2537.8,512899
2021-05-24 09:44:59,2537.8,512899
2021-05-24 09:45:00,2536.25,512962
2021-05-24 09:45:00,2536.25,512962
2021-05-24 09:45:02,2537.7,512981
2021-05-24 09:45:02,2537.7,512981
2021-05-24 09:45:02,2537.7,512981
2021-05-24 09:45:02,2537.7,512981
2021-05-24 09:45:03,2536.45,512988
2021-05-24 09:45:03,2536.45,512988
2021-05-24 09:45:04,2537.7,512998
2021-05-24 09:45:04,2537.7,512998
2021-05-24 09:45:05,2537.8,513001
2021-05-24 09:45:05,2537.8,513001
2021-05-24 09:45:06,2538.1,513086
2021-05-24 09:45:06,2538.1,513086
2021-05-24 09:45:08,2538.3,513134
2021-05-24 09:45:08,2539.0,513135
2021-05-24 09:45:08,2538.3,513134
2021-05-24 09:45:08,2539.0,513135
2021-05-24 09:45:10,2539.05,513266
2021-05-24 09:45:10,2539.05,513266
2021-05-24 09:45:13,2539.5,513456
2021-05-24 09:45:13,2539.5,513456
2021-05-24 09:45:14,2539.5,513456
2021-05-24 09:45:14,2539.5,513456
2021-05-24 09:45:15,2538.55,513476
2021-05-24 09:45:15,2538.55,513476
2021-05-24 09:45:16,2538.55,513476
2021-05-24 09:45:16,2538.55,513476
2021-05-24 09:45:17,2538.55,513481
2021-05-24 09:45:17,2538.55,513481
2021-05-24 09:45:18,2538.2,513527
2021-05-24 09:45:18,2538.2,513527
2021-05-24 09:45:19,2538.2,513527
2021-05-24 09:45:19,2538.2,513527
2021-05-24 09:45:21,2538.1,513558
2021-05-24 09:45:21,2538.1,513558
2021-05-24 09:45:21,2538.1,513558
2021-05-24 09:45:21,2538.1,513558
2021-05-24 09:45:22,2538.65,513572
2021-05-24 09:45:22,2538.65,513572
2021-05-24 09:45:23,2538.65,513577
2021-05-24 09:45:23,2538.65,513577
2021-05-24 09:45:24,2538.9,513608
2021-05-24 09:45:24,2538.9,513608
2021-05-24 09:45:25,2538.9,513612
2021-05-24 09:45:25,2538.9,513612
2021-05-24 09:45:27,2539.0,513692
2021-05-24 09:45:27,2539.0,513692
2021-05-24 09:45:27,2538.7,513696
2021-05-24 09:45:27,2538.7,513696
2021-05-24 09:45:28,2538.7,513696
2021-05-24 09:45:28,2538.7,513696
2021-05-24 09:45:29,2539.0,513783
2021-05-24 09:45:29,2539.0,513783
2021-05-24 09:45:30,2538.7,513819
2021-05-24 09:45:30,2538.7,513819
2021-05-24 09:45:31,2539.0,513821
2021-05-24 09:45:31,2539.0,513821
2021-05-24 09:45:33,2538.65,513991
2021-05-24 09:45:33,2538.65,513991
2021-05-24 09:45:35,2538.55,514499
2021-05-24 09:45:35,2538.55,514499
2021-05-24 09:45:36,2538.6,514507
2021-05-24 09:45:36,2538.6,514507
2021-05-24 09:45:37,2538.55,514537
2021-05-24 09:45:37,2538.55,514537
2021-05-24 09:45:39,2538.55,514612
2021-05-24 09:45:39,2538.55,514612
2021-05-24 09:45:40,2538.55,514637
2021-05-24 09:45:40,2538.55,514637
2021-05-24 09:45:41,2538.6,514926
2021-05-24 09:45:41,2538.6,514926
2021-05-24 09:45:42,2538.3,514986
2021-05-24 09:45:42,2538.3,514986
2021-05-24 09:45:43,2538.5,515071
2021-05-24 09:45:43,2538.5,515071
2021-05-24 09:45:45,2538.35,515098
2021-05-24 09:45:45,2538.35,515098
2021-05-24 09:45:45,2538.35,515098
2021-05-24 09:45:45,2538.35,515098
2021-05-24 09:45:46,2539.0,515126
2021-05-24 09:45:46,2539.0,515126
2021-05-24 09:45:47,2539.0,515167
2021-05-24 09:45:47,2539.0,515167
2021-05-24 09:45:48,2539.0,515304
2021-05-24 09:45:48,2539.0,515304
2021-05-24 09:45:50,2538.5,515307
2021-05-24 09:45:50,2538.5,515307
2021-05-24 09:45:50,2538.5,515307
2021-05-24 09:45:50,2538.5,515307
2021-05-24 09:45:51,2539.0,515312
2021-05-24 09:45:51,2539.0,515312
2021-05-24 09:45:52,2538.5,515337
2021-05-24 09:45:52,2538.5,515337
2021-05-24 09:45:53,2538.5,515342
2021-05-24 09:45:53,2538.5,515342
2021-05-24 09:45:55,2538.5,515614
2021-05-24 09:45:55,2538.5,515614
2021-05-24 09:45:55,2538.5,515614
2021-05-24 09:45:55,2538.5,515614
2021-05-24 09:45:56,2538.35,515724
2021-05-24 09:45:56,2538.35,515724
2021-05-24 09:45:57,2538.35,515726
2021-05-24 09:45:57,2538.35,515726
2021-05-24 09:45:59,2538.35,515733
2021-05-24 09:45:59,2538.35,515733
2021-05-24 09:46:00,2538.3,515898
2021-05-24 09:46:00,2538.3,515898
2021-05-24 09:46:00,2537.0,516298
2021-05-24 09:46:00,2537.0,516298
2021-05-24 09:46:02,2537.8,516432
2021-05-24 09:46:02,2537.8,516432
2021-05-24 09:46:04,2537.95,516543
2021-05-24 09:46:04,2537.95,516543
2021-05-24 09:46:05,2537.95,516647
2021-05-24 09:46:05,2537.95,516647
2021-05-24 09:46:06,2538.0,516705
2021-05-24 09:46:06,2537.95,516710
2021-05-24 09:46:06,2538.0,516705
2021-05-24 09:46:06,2537.95,516710
2021-05-24 09:46:07,2538.0,516720
2021-05-24 09:46:07,2538.0,516720
2021-05-24 09:46:08,2537.65,516777
2021-05-24 09:46:08,2537.65,516777
2021-05-24 09:46:09,2537.65,516777
2021-05-24 09:46:09,2537.65,516777
2021-05-24 09:46:10,2536.55,516786
2021-05-24 09:46:10,2536.55,516786
2021-05-24 09:46:12,2536.55,516786
2021-05-24 09:46:12,2536.55,516786
2021-05-24 09:46:13,2536.5,516823
2021-05-24 09:46:13,2536.5,516823
2021-05-24 09:46:15,2538.35,517157
2021-05-24 09:46:15,2538.35,517157
2021-05-24 09:46:16,2537.55,517209
2021-05-24 09:46:16,2537.55,517209
2021-05-24 09:46:18,2537.55,517342
2021-05-24 09:46:19,2536.95,517363
2021-05-24 09:46:19,2538.0,517383
2021-05-24 09:46:18,2537.55,517342
2021-05-24 09:46:19,2536.95,517363
2021-05-24 09:46:19,2538.0,517383
2021-05-24 09:46:20,2537.55,517392
2021-05-24 09:46:20,2537.55,517392
2021-05-24 09:46:21,2537.05,517409
2021-05-24 09:46:21,2537.05,517409
2021-05-24 09:46:22,2538.0,517459
2021-05-24 09:46:22,2538.0,517459
2021-05-24 09:46:24,2538.0,517619
2021-05-24 09:46:24,2538.0,517619
2021-05-24 09:46:25,2538.05,517697
2021-05-24 09:46:25,2538.05,517697
2021-05-24 09:46:25,2538.05,517697
2021-05-24 09:46:25,2538.05,517697
2021-05-24 09:46:26,2538.9,517698
2021-05-24 09:46:26,2538.9,517698
2021-05-24 09:46:27,2538.05,517744
2021-05-24 09:46:27,2538.05,517744
2021-05-24 09:46:28,2538.05,517929
2021-05-24 09:46:28,2538.05,517929
2021-05-24 09:46:30,2538.65,517979
2021-05-24 09:46:30,2538.65,517979
2021-05-24 09:46:31,2538.0,518133
2021-05-24 09:46:31,2538.0,518133
2021-05-24 09:46:31,2538.0,518133
2021-05-24 09:46:31,2538.0,518133
2021-05-24 09:46:32,2538.0,518138
2021-05-24 09:46:32,2538.0,518138
2021-05-24 09:46:33,2537.45,518158
2021-05-24 09:46:33,2537.45,518158
2021-05-24 09:46:36,2537.45,518222
2021-05-24 09:46:36,2537.45,518222
2021-05-24 09:46:37,2537.55,518239
2021-05-24 09:46:37,2537.55,518239
2021-05-24 09:46:38,2537.55,518239
2021-05-24 09:46:38,2537.55,518239
2021-05-24 09:46:38,2537.55,518239
2021-05-24 09:46:38,2537.55,518239
2021-05-24 09:46:39,2537.55,518255
2021-05-24 09:46:39,2537.55,518255
2021-05-24 09:46:40,2537.55,518299
2021-05-24 09:46:40,2537.55,518299
2021-05-24 09:46:42,2538.8,518747
2021-05-24 09:46:42,2538.8,518747
2021-05-24 09:46:43,2538.8,518772
2021-05-24 09:46:43,2538.8,518772
2021-05-24 09:46:43,2538.8,518772
2021-05-24 09:46:43,2538.8,518772
2021-05-24 09:46:45,2538.8,518772
2021-05-24 09:46:45,2538.8,518772
2021-05-24 09:46:46,2538.0,518782
2021-05-24 09:46:46,2538.0,518782
2021-05-24 09:46:47,2538.0,518782
2021-05-24 09:46:47,2538.0,518782
2021-05-24 09:46:48,2538.5,518793
2021-05-24 09:46:48,2538.5,518793
2021-05-24 09:46:49,2538.0,518937
2021-05-24 09:46:49,2538.0,518937
2021-05-24 09:46:50,2537.45,519064
2021-05-24 09:46:50,2537.45,519064
2021-05-24 09:46:51,2538.0,519131
2021-05-24 09:46:51,2538.0,519131
2021-05-24 09:46:52,2538.0,519141
2021-05-24 09:46:52,2538.0,519141
2021-05-24 09:46:53,2536.8,519231
2021-05-24 09:46:53,2536.8,519231
2021-05-24 09:46:54,2536.5,519244
2021-05-24 09:46:54,2536.5,519244
2021-05-24 09:46:55,2536.5,519244
2021-05-24 09:46:55,2536.5,519244
2021-05-24 09:46:56,2536.5,519244
2021-05-24 09:46:56,2536.5,519244
2021-05-24 09:46:57,2536.5,519244
2021-05-24 09:46:57,2536.5,519244
2021-05-24 09:46:58,2536.5,519244
2021-05-24 09:46:58,2536.5,519244
2021-05-24 09:46:58,2536.5,519244
2021-05-24 09:46:58,2536.5,519244
2021-05-24 09:47:03,2536.5,519264
2021-05-24 09:47:03,2536.5,519264
2021-05-24 09:47:04,2536.55,519267
2021-05-24 09:47:04,2536.55,519267
2021-05-24 09:47:05,2536.55,519283
2021-05-24 09:47:05,2536.55,519283
2021-05-24 09:47:06,2536.6,519288
2021-05-24 09:47:06,2536.6,519288
2021-05-24 09:47:07,2537.85,519547
2021-05-24 09:47:07,2537.85,519547
2021-05-24 09:47:08,2536.95,519570
2021-05-24 09:47:08,2536.95,519570
2021-05-24 09:47:09,2536.95,519570
2021-05-24 09:47:09,2536.95,519570
2021-05-24 09:47:14,2537.75,520345
2021-05-24 09:47:14,2537.75,520345
2021-05-24 09:47:15,2537.75,520345
2021-05-24 09:47:15,2537.75,520345
2021-05-24 09:47:16,2537.75,520345
2021-05-24 09:47:16,2537.75,520345
2021-05-24 09:47:17,2536.75,520385
2021-05-24 09:47:17,2536.75,520385
2021-05-24 09:47:18,2536.75,520400
2021-05-24 09:47:18,2536.75,520400
2021-05-24 09:47:19,2538.0,520460
2021-05-24 09:47:19,2538.0,520460
2021-05-24 09:47:20,2536.9,520490
2021-05-24 09:47:20,2536.9,520490
2021-05-24 09:47:20,2536.9,520490
2021-05-24 09:47:20,2536.9,520490
2021-05-24 09:47:21,2538.0,520510
2021-05-24 09:47:21,2538.0,520510
2021-05-24 09:47:22,2538.0,520510
2021-05-24 09:47:22,2538.0,520510
2021-05-24 09:47:23,2537.3,520739
2021-05-24 09:47:23,2537.3,520739
2021-05-24 09:47:24,2537.35,520791
2021-05-24 09:47:24,2537.35,520791
2021-05-24 09:47:26,2538.0,520974
2021-05-24 09:47:26,2538.0,520974
2021-05-24 09:47:27,2537.4,520975
2021-05-24 09:47:27,2537.4,520975
2021-05-24 09:47:27,2537.4,520975
2021-05-24 09:47:27,2537.4,520975
2021-05-24 09:47:28,2537.4,520975
2021-05-24 09:47:28,2537.4,520975
2021-05-24 09:47:29,2539.05,522068
2021-05-24 09:47:29,2539.05,522068
2021-05-24 09:47:30,2538.8,522088
2021-05-24 09:47:30,2538.8,522088
2021-05-24 09:47:31,2538.8,522096
2021-05-24 09:47:31,2538.8,522096
2021-05-24 09:47:32,2538.65,522147
2021-05-24 09:47:32,2538.65,522147
2021-05-24 09:47:34,2538.65,522162
2021-05-24 09:47:34,2538.65,522162
2021-05-24 09:47:35,2539.35,522182
2021-05-24 09:47:35,2539.35,522182
2021-05-24 09:47:36,2538.55,522248
2021-05-24 09:47:36,2538.55,522248
2021-05-24 09:47:37,2538.55,522248
2021-05-24 09:47:37,2538.55,522248
2021-05-24 09:47:38,2538.55,522248
2021-05-24 09:47:38,2538.55,522248
2021-05-24 09:47:39,2538.6,522258
2021-05-24 09:47:39,2538.6,522258
2021-05-24 09:47:40,2538.65,522310
2021-05-24 09:47:40,2538.65,522310
2021-05-24 09:47:41,2538.65,522310
2021-05-24 09:47:41,2538.65,522310
2021-05-24 09:47:42,2538.65,522317
2021-05-24 09:47:42,2538.65,522317
2021-05-24 09:47:43,2539.35,522328
2021-05-24 09:47:43,2539.35,522328
2021-05-24 09:47:44,2538.55,522464
2021-05-24 09:47:44,2538.55,522464
2021-05-24 09:47:46,2538.55,522479
2021-05-24 09:47:46,2538.55,522479
2021-05-24 09:47:47,2538.6,522486
2021-05-24 09:47:47,2538.6,522486
2021-05-24 09:47:48,2538.65,522524
2021-05-24 09:47:48,2538.65,522524
2021-05-24 09:47:49,2538.55,522624
2021-05-24 09:47:49,2538.55,522624
2021-05-24 09:47:50,2538.65,522639
2021-05-24 09:47:50,2538.65,522639
2021-05-24 09:47:51,2538.55,522729
2021-05-24 09:47:51,2538.55,522729
2021-05-24 09:47:52,2538.55,522729
2021-05-24 09:47:52,2538.55,522729
2021-05-24 09:47:53,2538.5,522766
2021-05-24 09:47:53,2538.5,522766
2021-05-24 09:47:54,2538.65,522838
2021-05-24 09:47:54,2538.65,522838
2021-05-24 09:47:56,2538.25,523401
2021-05-24 09:47:56,2538.25,523401
2021-05-24 09:47:57,2538.4,523428
2021-05-24 09:47:57,2538.4,523428
2021-05-24 09:47:58,2538.35,523448
2021-05-24 09:47:58,2538.35,523448
2021-05-24 09:47:59,2538.0,523487
2021-05-24 09:47:59,2538.0,523487
2021-05-24 09:48:00,2537.95,523680
2021-05-24 09:48:00,2537.95,523680
2021-05-24 09:48:01,2536.6,523730
2021-05-24 09:48:01,2536.6,523730
2021-05-24 09:48:02,2536.95,523734
2021-05-24 09:48:02,2536.95,523734
2021-05-24 09:48:03,2536.7,523735
2021-05-24 09:48:03,2536.7,523735
2021-05-24 09:48:05,2536.95,523756
2021-05-24 09:48:05,2536.95,523756
2021-05-24 09:48:06,2536.95,523776
2021-05-24 09:48:06,2536.95,523776
2021-05-24 09:48:07,2536.5,523821
2021-05-24 09:48:07,2536.5,523821
2021-05-24 09:48:09,2536.6,523865
2021-05-24 09:48:09,2536.6,523865
2021-05-24 09:48:10,2536.6,523985
2021-05-24 09:48:10,2536.6,523985
2021-05-24 09:48:10,2536.6,523985
2021-05-24 09:48:10,2536.6,523985
2021-05-24 09:48:11,2536.5,524147
2021-05-24 09:48:11,2536.5,524147
2021-05-24 09:48:12,2536.75,524243
2021-05-24 09:48:12,2536.75,524243
2021-05-24 09:48:13,2537.0,524280
2021-05-24 09:48:13,2537.0,524280
2021-05-24 09:48:16,2536.0,524675
2021-05-24 09:48:16,2536.0,524675
2021-05-24 09:48:17,2537.25,524676
2021-05-24 09:48:17,2537.25,524676
2021-05-24 09:48:19,2536.3,524727
2021-05-24 09:48:19,2536.3,524727
2021-05-24 09:48:20,2536.15,524752
2021-05-24 09:48:20,2536.15,524752
2021-05-24 09:48:21,2536.0,524802
2021-05-24 09:48:21,2536.0,524802
2021-05-24 09:48:22,2537.25,524840
2021-05-24 09:48:22,2537.25,524840
2021-05-24 09:48:23,2537.25,524840
2021-05-24 09:48:23,2537.25,524840
2021-05-24 09:48:24,2537.05,524842
2021-05-24 09:48:24,2537.05,524842
2021-05-24 09:48:25,2536.25,524883
2021-05-24 09:48:25,2536.25,524883
2021-05-24 09:48:25,2536.25,524897
2021-05-24 09:48:25,2536.25,524897
2021-05-24 09:48:26,2536.25,525399
2021-05-24 09:48:26,2536.25,525399
2021-05-24 09:48:27,2536.25,525399
2021-05-24 09:48:27,2536.25,525399
2021-05-24 09:48:28,2536.3,525454
2021-05-24 09:48:28,2536.3,525454
2021-05-24 09:48:30,2536.3,525686
2021-05-24 09:48:30,2536.3,525686
2021-05-24 09:48:31,2536.3,525690
2021-05-24 09:48:31,2536.3,525690
2021-05-24 09:48:32,2536.3,525690
2021-05-24 09:48:32,2536.3,525690
2021-05-24 09:48:33,2536.3,525693
2021-05-24 09:48:33,2536.3,525693
2021-05-24 09:48:34,2536.3,525693
2021-05-24 09:48:34,2536.3,525693
2021-05-24 09:48:35,2536.8,525712
2021-05-24 09:48:35,2536.8,525712
2021-05-24 09:48:36,2536.0,525722
2021-05-24 09:48:36,2536.0,525722
2021-05-24 09:48:37,2536.0,525742
2021-05-24 09:48:37,2536.0,525742
2021-05-24 09:48:38,2536.0,525766
2021-05-24 09:48:38,2536.0,525766
2021-05-24 09:48:39,2536.1,525808
2021-05-24 09:48:39,2536.1,525808
2021-05-24 09:48:40,2536.0,525858
2021-05-24 09:48:40,2536.0,525858
2021-05-24 09:48:41,2536.0,525874
2021-05-24 09:48:41,2536.0,525874
2021-05-24 09:48:42,2536.0,525874
2021-05-24 09:48:42,2536.0,525874
2021-05-24 09:48:43,2536.3,526079
2021-05-24 09:48:43,2536.3,526079
2021-05-24 09:48:44,2536.0,526271
2021-05-24 09:48:44,2536.0,526271
2021-05-24 09:48:44,2536.0,526271
2021-05-24 09:48:44,2536.0,526271
2021-05-24 09:48:47,2535.65,526354
2021-05-24 09:48:47,2535.65,526354
2021-05-24 09:48:49,2535.65,526354
2021-05-24 09:48:49,2535.65,526354
2021-05-24 09:48:50,2535.5,526361
2021-05-24 09:48:50,2535.5,526361
2021-05-24 09:48:51,2535.5,526361
2021-05-24 09:48:51,2535.5,526361
2021-05-24 09:48:52,2535.25,526526
2021-05-24 09:48:52,2535.25,526526
2021-05-24 09:48:53,2533.5,532235
2021-05-24 09:48:53,2533.5,532235
2021-05-24 09:48:54,2534.55,532288
2021-05-24 09:48:54,2534.55,532288
2021-05-24 09:48:55,2534.5,532291
2021-05-24 09:48:55,2534.5,532291
2021-05-24 09:48:56,2533.6,532306
2021-05-24 09:48:56,2533.6,532306
2021-05-24 09:48:56,2533.6,532306
2021-05-24 09:48:56,2533.6,532306
2021-05-24 09:48:57,2533.7,532309
2021-05-24 09:48:57,2533.7,532309
2021-05-24 09:48:58,2533.7,532341
2021-05-24 09:48:58,2533.7,532341
2021-05-24 09:48:59,2533.7,532341
2021-05-24 09:48:59,2533.7,532341
2021-05-24 09:49:01,2533.5,532473
2021-05-24 09:49:01,2533.5,532473
2021-05-24 09:49:02,2533.5,532588
2021-05-24 09:49:02,2533.5,532588
2021-05-24 09:49:03,2533.5,532740
2021-05-24 09:49:03,2533.5,532740
2021-05-24 09:49:04,2533.5,532773
2021-05-24 09:49:04,2533.5,532773
2021-05-24 09:49:05,2533.1,533187
2021-05-24 09:49:05,2533.1,533167
2021-05-24 09:49:05,2533.1,533187
2021-05-24 09:49:05,2533.1,533167
2021-05-24 09:49:06,2533.1,533207
2021-05-24 09:49:06,2533.1,533207
2021-05-24 09:49:07,2533.05,533497
2021-05-24 09:49:07,2533.05,533497
2021-05-24 09:49:08,2533.0,533547
2021-05-24 09:49:08,2533.0,533547
2021-05-24 09:49:10,2533.75,533557
2021-05-24 09:49:10,2533.75,533557
2021-05-24 09:49:12,2533.7,533666
2021-05-24 09:49:12,2533.7,533666
2021-05-24 09:49:12,2533.7,533666
2021-05-24 09:49:12,2533.7,533666
2021-05-24 09:49:13,2533.75,533683
2021-05-24 09:49:13,2533.75,533683
2021-05-24 09:49:14,2533.0,533926
2021-05-24 09:49:14,2533.0,533926
2021-05-24 09:49:15,2533.8,533984
2021-05-24 09:49:15,2533.8,533984
2021-05-24 09:49:16,2533.8,534081
2021-05-24 09:49:16,2533.8,534081
2021-05-24 09:49:19,2532.9,534307
2021-05-24 09:49:19,2532.9,534307
2021-05-24 09:49:20,2532.9,534312
2021-05-24 09:49:20,2532.9,534312
2021-05-24 09:49:21,2533.05,534549
2021-05-24 09:49:21,2533.05,534549
2021-05-24 09:49:22,2533.05,534549
2021-05-24 09:49:22,2533.05,534549
2021-05-24 09:49:23,2534.15,534866
2021-05-24 09:49:23,2534.15,534866
2021-05-24 09:49:24,2534.15,534874
2021-05-24 09:49:24,2534.15,534874
2021-05-24 09:49:24,2534.15,534874
2021-05-24 09:49:24,2534.15,534874
2021-05-24 09:49:25,2534.55,534944
2021-05-24 09:49:25,2534.55,534944
2021-05-24 09:49:26,2533.7,534953
2021-05-24 09:49:26,2533.7,534953
2021-05-24 09:49:28,2534.25,534966
2021-05-24 09:49:28,2534.25,534966
2021-05-24 09:49:29,2534.25,535005
2021-05-24 09:49:29,2534.25,535005
2021-05-24 09:49:30,2534.5,535065
2021-05-24 09:49:30,2534.5,535065
2021-05-24 09:49:31,2534.25,535075
2021-05-24 09:49:31,2534.25,535075
2021-05-24 09:49:32,2534.0,535096
2021-05-24 09:49:32,2534.0,535096
2021-05-24 09:49:33,2534.0,535096
2021-05-24 09:49:33,2534.0,535096
2021-05-24 09:49:33,2534.0,535096
2021-05-24 09:49:33,2534.0,535096
2021-05-24 09:49:34,2533.7,535721
2021-05-24 09:49:34,2533.7,535721
2021-05-24 09:49:35,2535.1,535903
2021-05-24 09:49:35,2535.1,535903
2021-05-24 09:49:36,2534.85,535930
2021-05-24 09:49:36,2534.85,535930
2021-05-24 09:49:38,2533.6,535980
2021-05-24 09:49:38,2533.6,535980
2021-05-24 09:49:39,2534.45,535981
2021-05-24 09:49:39,2534.45,535981
2021-05-24 09:49:40,2533.6,536057
2021-05-24 09:49:40,2533.6,536057
2021-05-24 09:49:40,2533.6,536057
2021-05-24 09:49:40,2533.6,536057
2021-05-24 09:49:41,2534.6,536263
2021-05-24 09:49:41,2534.6,536263
2021-05-24 09:49:42,2533.6,536270
2021-05-24 09:49:42,2533.6,536270
2021-05-24 09:49:43,2533.6,536270
2021-05-24 09:49:43,2533.6,536270
2021-05-24 09:49:44,2533.6,536270
2021-05-24 09:49:44,2533.6,536270
2021-05-24 09:49:45,2534.8,536314
2021-05-24 09:49:45,2534.8,536314
2021-05-24 09:49:46,2533.65,536384
2021-05-24 09:49:46,2533.65,536384
2021-05-24 09:49:47,2533.65,536384
2021-05-24 09:49:47,2533.65,536384
2021-05-24 09:49:48,2533.65,536384
2021-05-24 09:49:48,2533.65,536384
2021-05-24 09:49:50,2534.45,536404
2021-05-24 09:49:50,2534.45,536404
2021-05-24 09:49:51,2534.45,536404
2021-05-24 09:49:51,2534.45,536404
2021-05-24 09:49:53,2534.35,536841
2021-05-24 09:49:53,2534.35,536841
2021-05-24 09:49:54,2534.7,536844
2021-05-24 09:49:54,2534.7,536844
2021-05-24 09:49:55,2535.0,536922
2021-05-24 09:49:55,2535.0,536922
2021-05-24 09:49:56,2535.5,536928
2021-05-24 09:49:56,2535.5,536928
2021-05-24 09:49:57,2535.0,536950
2021-05-24 09:49:57,2535.0,536950
2021-05-24 09:49:58,2535.0,536950
2021-05-24 09:49:58,2535.0,536950
2021-05-24 09:49:59,2535.0,536952
2021-05-24 09:49:59,2535.0,536952
2021-05-24 09:50:00,2535.0,536952
2021-05-24 09:50:00,2535.0,536952
2021-05-24 09:50:01,2535.0,537002
2021-05-24 09:50:01,2535.0,537002
2021-05-24 09:50:02,2535.0,537052
2021-05-24 09:50:02,2535.0,537052
2021-05-24 09:50:03,2535.4,537067
2021-05-24 09:50:03,2535.4,537067
2021-05-24 09:50:03,2535.4,537067
2021-05-24 09:50:03,2535.4,537067
2021-05-24 09:50:04,2535.0,537167
2021-05-24 09:50:04,2535.0,537167
2021-05-24 09:50:05,2534.9,537379
2021-05-24 09:50:05,2534.9,537379
2021-05-24 09:50:06,2535.4,537380
2021-05-24 09:50:06,2535.4,537380
2021-05-24 09:50:07,2535.5,537415
2021-05-24 09:50:07,2535.5,537415
2021-05-24 09:50:09,2534.9,537715
2021-05-24 09:50:09,2534.9,537715
2021-05-24 09:50:10,2534.9,537715
2021-05-24 09:50:10,2534.9,537715
2021-05-24 09:50:11,2534.9,537821
2021-05-24 09:50:11,2534.9,537821
2021-05-24 09:50:12,2535.5,537860
2021-05-24 09:50:12,2535.5,537860
2021-05-24 09:50:13,2536.0,537865
2021-05-24 09:50:13,2536.0,537865
2021-05-24 09:50:14,2535.5,538027
2021-05-24 09:50:14,2535.5,538027
2021-05-24 09:50:17,2536.0,538103
2021-05-24 09:50:17,2536.0,538103
2021-05-24 09:50:18,2535.5,538134
2021-05-24 09:50:18,2535.5,538134
2021-05-24 09:50:19,2535.5,538209
2021-05-24 09:50:19,2535.5,538209
2021-05-24 09:50:20,2535.1,538309
2021-05-24 09:50:20,2535.1,538309
2021-05-24 09:50:21,2536.25,538377
2021-05-24 09:50:21,2536.25,538377
2021-05-24 09:50:22,2535.1,538379
2021-05-24 09:50:22,2535.1,538379
2021-05-24 09:50:23,2535.5,538389
2021-05-24 09:50:23,2535.5,538389
2021-05-24 09:50:24,2535.1,538392
2021-05-24 09:50:24,2535.1,538392
2021-05-24 09:50:28,2536.55,539761
2021-05-24 09:50:28,2536.55,539761
2021-05-24 09:50:29,2538.5,540327
2021-05-24 09:50:29,2538.5,540327
2021-05-24 09:50:31,2538.5,540327
2021-05-24 09:50:31,2538.5,540327
2021-05-24 09:50:32,2538.65,540396
2021-05-24 09:50:32,2538.65,540396
2021-05-24 09:50:33,2538.4,540411
2021-05-24 09:50:33,2538.4,540411
2021-05-24 09:50:34,2537.65,540778
2021-05-24 09:50:34,2537.65,540778
2021-05-24 09:50:34,2537.65,540778
2021-05-24 09:50:34,2537.65,540778
2021-05-24 09:50:37,2537.65,540883
2021-05-24 09:50:37,2537.65,540883
2021-05-24 09:50:38,2537.65,540883
2021-05-24 09:50:38,2537.65,540883
2021-05-24 09:50:39,2537.65,540883
2021-05-24 09:50:39,2537.65,540883
2021-05-24 09:50:41,2538.4,541249
2021-05-24 09:50:41,2538.4,541249
2021-05-24 09:50:42,2538.4,541262
2021-05-24 09:50:42,2538.4,541262
2021-05-24 09:50:43,2538.4,541262
2021-05-24 09:50:43,2538.4,541262
2021-05-24 09:50:43,2537.75,541263
2021-05-24 09:50:43,2537.75,541263
2021-05-24 09:50:45,2538.4,541409
2021-05-24 09:50:45,2538.4,541409
2021-05-24 09:50:46,2538.4,541409
2021-05-24 09:50:46,2538.4,541409
2021-05-24 09:50:47,2538.65,541424
2021-05-24 09:50:47,2538.65,541424
2021-05-24 09:50:48,2538.65,541425
2021-05-24 09:50:48,2538.65,541425
2021-05-24 09:50:49,2538.5,541430
2021-05-24 09:50:49,2538.5,541430
2021-05-24 09:50:50,2538.5,541439
2021-05-24 09:50:50,2538.5,541439
2021-05-24 09:50:51,2538.1,541487
2021-05-24 09:50:51,2538.1,541487
2021-05-24 09:50:52,2538.05,541488
2021-05-24 09:50:52,2538.05,541488
2021-05-24 09:50:53,2538.05,541490
2021-05-24 09:50:53,2538.05,541490
2021-05-24 09:50:54,2538.05,541490
2021-05-24 09:50:54,2538.05,541490
2021-05-24 09:50:55,2537.5,541530
2021-05-24 09:50:55,2537.5,541530
2021-05-24 09:50:56,2537.6,541630
2021-05-24 09:50:56,2537.6,541630
2021-05-24 09:50:56,2537.6,541635
2021-05-24 09:50:56,2537.6,541635
2021-05-24 09:50:58,2537.6,541635
2021-05-24 09:50:58,2537.6,541635
2021-05-24 09:50:59,2538.4,541655
2021-05-24 09:50:59,2538.4,541655
2021-05-24 09:51:00,2538.1,541672
2021-05-24 09:51:00,2538.1,541672
2021-05-24 09:51:01,2538.1,541673
2021-05-24 09:51:01,2538.1,541673
2021-05-24 09:51:02,2538.1,541673
2021-05-24 09:51:02,2538.1,541673
2021-05-24 09:51:03,2538.4,541683
2021-05-24 09:51:03,2538.4,541683
2021-05-24 09:51:04,2537.6,541719
2021-05-24 09:51:04,2537.6,541719
2021-05-24 09:51:05,2537.5,541760
2021-05-24 09:51:05,2537.5,541760
2021-05-24 09:51:05,2537.5,541760
2021-05-24 09:51:05,2537.5,541760
2021-05-24 09:51:06,2538.3,541771
2021-05-24 09:51:06,2538.3,541771
2021-05-24 09:51:08,2537.5,541871
2021-05-24 09:51:08,2537.5,541871
2021-05-24 09:51:09,2538.5,541984
2021-05-24 09:51:09,2538.5,541984
2021-05-24 09:51:10,2537.55,542029
2021-05-24 09:51:10,2537.55,542029
2021-05-24 09:51:11,2538.35,542089
2021-05-24 09:51:11,2538.35,542089
2021-05-24 09:51:12,2538.35,542229
2021-05-24 09:51:12,2538.35,542229
2021-05-24 09:51:13,2538.0,542247
2021-05-24 09:51:13,2538.0,542247
2021-05-24 09:51:13,2538.0,542247
2021-05-24 09:51:13,2538.0,542247
2021-05-24 09:51:15,2538.35,542299
2021-05-24 09:51:15,2538.35,542299
2021-05-24 09:51:16,2538.35,542332
2021-05-24 09:51:16,2538.35,542332
2021-05-24 09:51:17,2538.5,542342
2021-05-24 09:51:17,2538.5,542342
2021-05-24 09:51:18,2538.35,542367
2021-05-24 09:51:18,2538.35,542367
2021-05-24 09:51:19,2538.3,542384
2021-05-24 09:51:19,2538.3,542384
2021-05-24 09:51:20,2538.3,542384
2021-05-24 09:51:20,2538.3,542384
2021-05-24 09:51:21,2538.3,542384
2021-05-24 09:51:21,2538.3,542384
2021-05-24 09:51:21,2538.25,542385
2021-05-24 09:51:21,2538.25,542385
2021-05-24 09:51:23,2537.5,542388
2021-05-24 09:51:23,2537.5,542388
2021-05-24 09:51:24,2538.15,542392
2021-05-24 09:51:24,2538.15,542392
2021-05-24 09:51:25,2537.5,542427
2021-05-24 09:51:25,2537.5,542427
2021-05-24 09:51:26,2537.45,542740
2021-05-24 09:51:26,2537.45,542740
2021-05-24 09:51:27,2537.45,542741
2021-05-24 09:51:27,2537.45,542741
2021-05-24 09:51:27,2537.45,542741
2021-05-24 09:51:27,2537.45,542741
2021-05-24 09:51:29,2537.4,542742
2021-05-24 09:51:29,2537.4,542742
2021-05-24 09:51:30,2537.4,542742
2021-05-24 09:51:30,2537.4,542742
2021-05-24 09:51:31,2537.3,542863
2021-05-24 09:51:31,2537.3,542863
2021-05-24 09:51:32,2536.1,542979
2021-05-24 09:51:32,2536.1,542979
2021-05-24 09:51:33,2536.1,542979
2021-05-24 09:51:34,2536.1,542979
2021-05-24 09:51:33,2536.1,542979
2021-05-24 09:51:34,2536.1,542979
2021-05-24 09:51:36,2536.7,543021
2021-05-24 09:51:36,2536.7,543021
2021-05-24 09:51:37,2537.45,543051
2021-05-24 09:51:37,2537.45,543051
2021-05-24 09:51:38,2537.45,543058
2021-05-24 09:51:38,2537.45,543058
2021-05-24 09:51:39,2537.45,543068
2021-05-24 09:51:39,2537.45,543068
2021-05-24 09:51:40,2537.9,543094
2021-05-24 09:51:40,2537.9,543094
2021-05-24 09:51:40,2537.45,543071
2021-05-24 09:51:40,2537.45,543071
2021-05-24 09:51:42,2537.9,543124
2021-05-24 09:51:42,2537.9,543124
2021-05-24 09:51:43,2536.7,543136
2021-05-24 09:51:43,2536.7,543136
2021-05-24 09:51:44,2536.45,543161
2021-05-24 09:51:44,2536.45,543161
2021-05-24 09:51:45,2536.45,543161
2021-05-24 09:51:45,2536.45,543161
2021-05-24 09:51:47,2536.3,543218
2021-05-24 09:51:47,2536.3,543218
2021-05-24 09:51:49,2536.3,543294
2021-05-24 09:51:49,2536.3,543294
2021-05-24 09:51:50,2537.1,543296
2021-05-24 09:51:50,2537.1,543296
2021-05-24 09:51:51,2536.3,543302
2021-05-24 09:51:51,2536.3,543302
2021-05-24 09:51:52,2537.45,543324
2021-05-24 09:51:52,2537.45,543324
2021-05-24 09:51:53,2536.5,543349
2021-05-24 09:51:53,2536.5,543349
2021-05-24 09:51:54,2536.5,543349
2021-05-24 09:51:54,2536.5,543349
2021-05-24 09:51:55,2536.3,543441
2021-05-24 09:51:55,2536.3,543441
2021-05-24 09:51:56,2536.3,543441
2021-05-24 09:51:56,2536.3,543441
2021-05-24 09:51:57,2536.35,543471
2021-05-24 09:51:57,2536.35,543471
2021-05-24 09:51:58,2536.25,543495
2021-05-24 09:51:58,2536.25,543495
2021-05-24 09:51:59,2536.25,543495
2021-05-24 09:51:59,2537.4,543515
2021-05-24 09:51:59,2536.25,543495
2021-05-24 09:51:59,2537.4,543515
2021-05-24 09:52:00,2537.4,543535
2021-05-24 09:52:00,2537.4,543535
2021-05-24 09:52:01,2537.4,543535
2021-05-24 09:52:01,2537.4,543535
2021-05-24 09:52:02,2537.4,543535
2021-05-24 09:52:02,2537.4,543535
2021-05-24 09:52:03,2536.45,543548
2021-05-24 09:52:03,2536.45,543548
2021-05-24 09:52:04,2536.3,543574
2021-05-24 09:52:04,2536.3,543574
2021-05-24 09:52:05,2536.3,543597
2021-05-24 09:52:05,2536.3,543597
2021-05-24 09:52:07,2536.1,543666
2021-05-24 09:52:07,2536.1,543666
2021-05-24 09:52:07,2536.05,543672
2021-05-24 09:52:07,2536.05,543672
2021-05-24 09:52:08,2536.05,543672
2021-05-24 09:52:08,2536.05,543672
2021-05-24 09:52:10,2536.0,544237
2021-05-24 09:52:10,2536.0,544237
2021-05-24 09:52:10,2535.5,544377
2021-05-24 09:52:10,2535.5,544377
2021-05-24 09:52:12,2535.0,546841
2021-05-24 09:52:12,2535.0,546841
2021-05-24 09:52:13,2534.95,546941
2021-05-24 09:52:13,2534.95,546941
2021-05-24 09:52:14,2534.95,546941
2021-05-24 09:52:14,2534.95,546941
2021-05-24 09:52:16,2534.95,546941
2021-05-24 09:52:16,2534.95,546941
2021-05-24 09:52:17,2534.1,546943
2021-05-24 09:52:17,2534.1,546943
2021-05-24 09:52:18,2534.1,546966
2021-05-24 09:52:18,2534.1,546966
2021-05-24 09:52:19,2534.1,546968
2021-05-24 09:52:19,2534.1,546968
2021-05-24 09:52:20,2534.0,547002
2021-05-24 09:52:20,2534.0,547002
2021-05-24 09:52:21,2534.15,547018
2021-05-24 09:52:21,2534.15,547018
2021-05-24 09:52:22,2534.15,547039
2021-05-24 09:52:22,2534.15,547039
2021-05-24 09:52:23,2534.15,547039
2021-05-24 09:52:23,2534.15,547039
2021-05-24 09:52:25,2534.1,547146
2021-05-24 09:52:25,2534.1,547146
2021-05-24 09:52:26,2534.1,547146
2021-05-24 09:52:26,2534.1,547146
2021-05-24 09:52:27,2534.1,547146
2021-05-24 09:52:27,2534.1,547146
2021-05-24 09:52:28,2535.5,547206
2021-05-24 09:52:28,2535.5,547206
2021-05-24 09:52:30,2534.15,547247
2021-05-24 09:52:30,2534.15,547247
2021-05-24 09:52:33,2534.3,547311
2021-05-24 09:52:33,2534.3,547311
2021-05-24 09:52:34,2535.6,547331
2021-05-24 09:52:34,2535.6,547331
2021-05-24 09:52:35,2535.6,547331
2021-05-24 09:52:35,2535.6,547331
2021-05-24 09:52:36,2534.35,547381
2021-05-24 09:52:37,2534.35,547381
2021-05-24 09:52:36,2534.35,547381
2021-05-24 09:52:37,2534.35,547381
2021-05-24 09:52:39,2535.0,547383
2021-05-24 09:52:39,2535.0,547383
2021-05-24 09:52:40,2534.65,547484
2021-05-24 09:52:40,2534.65,547484
2021-05-24 09:52:41,2534.2,547552
2021-05-24 09:52:42,2534.2,547552
2021-05-24 09:52:41,2534.2,547552
2021-05-24 09:52:42,2534.2,547552
2021-05-24 09:52:43,2534.2,547577
2021-05-24 09:52:44,2534.2,547577
2021-05-24 09:52:43,2534.2,547577
2021-05-24 09:52:44,2534.2,547577
2021-05-24 09:52:46,2535.25,547719
2021-05-24 09:52:46,2535.25,547719
2021-05-24 09:52:47,2534.2,547724
2021-05-24 09:52:47,2534.2,547724
2021-05-24 09:52:48,2535.25,547770
2021-05-24 09:52:48,2535.25,547770
2021-05-24 09:52:49,2535.25,547770
2021-05-24 09:52:49,2535.25,547770
2021-05-24 09:52:50,2535.25,547770
2021-05-24 09:52:50,2535.25,547770
2021-05-24 09:52:52,2535.0,547857
2021-05-24 09:52:52,2535.0,547857
2021-05-24 09:52:54,2535.35,547917
2021-05-24 09:52:54,2535.35,547917
2021-05-24 09:52:55,2535.8,547928
2021-05-24 09:52:55,2535.8,547928
2021-05-24 09:52:56,2535.35,547935
2021-05-24 09:52:56,2535.35,547935
2021-05-24 09:52:57,2535.3,548206
2021-05-24 09:52:58,2535.3,548206
2021-05-24 09:52:57,2535.3,548206
2021-05-24 09:52:58,2535.3,548206
2021-05-24 09:52:59,2535.3,548232
2021-05-24 09:52:59,2535.3,548232
2021-05-24 09:53:00,2534.95,548302
2021-05-24 09:53:00,2534.95,548302
2021-05-24 09:53:01,2535.3,548303
2021-05-24 09:53:01,2535.3,548303
2021-05-24 09:53:02,2535.2,548605
2021-05-24 09:53:02,2535.2,548605
2021-05-24 09:53:03,2536.45,548693
2021-05-24 09:53:03,2536.45,548693
2021-05-24 09:53:04,2536.45,548693
2021-05-24 09:53:04,2536.45,548693
2021-05-24 09:53:05,2536.85,548694
2021-05-24 09:53:05,2536.85,548694
2021-05-24 09:53:06,2537.1,548894
2021-05-24 09:53:06,2537.1,548894
2021-05-24 09:53:07,2535.95,548899
2021-05-24 09:53:07,2535.95,548899
2021-05-24 09:53:08,2537.0,548909
2021-05-24 09:53:08,2537.0,548909
2021-05-24 09:53:09,2537.05,548918
2021-05-24 09:53:09,2537.05,548918
2021-05-24 09:53:10,2536.85,548928
2021-05-24 09:53:10,2536.85,548928
2021-05-24 09:53:11,2536.0,548934
2021-05-24 09:53:11,2536.0,548934
2021-05-24 09:53:12,2536.0,548934
2021-05-24 09:53:12,2536.0,548934
2021-05-24 09:53:13,2536.2,548935
2021-05-24 09:53:13,2536.2,548935
2021-05-24 09:53:14,2536.2,548966
2021-05-24 09:53:14,2536.2,548966
2021-05-24 09:53:15,2536.2,548970
2021-05-24 09:53:15,2536.2,548970
2021-05-24 09:53:16,2536.1,549270
2021-05-24 09:53:16,2536.1,549270
2021-05-24 09:53:17,2535.95,549596
2021-05-24 09:53:17,2535.95,549596
2021-05-24 09:53:18,2535.85,549753
2021-05-24 09:53:18,2535.85,549753
2021-05-24 09:53:19,2535.85,549753
2021-05-24 09:53:19,2535.85,549753
2021-05-24 09:53:20,2536.35,549870
2021-05-24 09:53:20,2536.35,549870
2021-05-24 09:53:21,2536.35,549870
2021-05-24 09:53:21,2536.35,549870
2021-05-24 09:53:22,2536.35,549870
2021-05-24 09:53:22,2536.35,549870
2021-05-24 09:53:23,2536.45,549910
2021-05-24 09:53:23,2536.45,549910
2021-05-24 09:53:24,2536.45,549922
2021-05-24 09:53:24,2536.45,549922
2021-05-24 09:53:25,2536.45,549922
2021-05-24 09:53:25,2536.45,549922
2021-05-24 09:53:26,2536.15,549972
2021-05-24 09:53:26,2536.15,549972
2021-05-24 09:53:27,2536.7,549978
2021-05-24 09:53:27,2536.7,549978
2021-05-24 09:53:30,2536.55,550045
2021-05-24 09:53:30,2536.55,550045
2021-05-24 09:53:31,2536.55,550046
2021-05-24 09:53:31,2536.55,550046
2021-05-24 09:53:32,2536.55,550067
2021-05-24 09:53:32,2536.55,550067
2021-05-24 09:53:33,2536.55,550077
2021-05-24 09:53:33,2536.55,550077
2021-05-24 09:53:36,2536.6,550096
2021-05-24 09:53:36,2536.6,550096
2021-05-24 09:53:37,2536.55,550138
2021-05-24 09:53:38,2536.55,550160
2021-05-24 09:53:37,2536.55,550138
2021-05-24 09:53:38,2536.55,550160
2021-05-24 09:53:39,2536.55,550160
2021-05-24 09:53:39,2536.55,550160
2021-05-24 09:53:40,2536.0,550187
2021-05-24 09:53:40,2536.0,550187
2021-05-24 09:53:41,2536.0,550495
2021-05-24 09:53:41,2536.0,550495
2021-05-24 09:53:42,2536.0,550495
2021-05-24 09:53:43,2536.0,550495
2021-05-24 09:53:42,2536.0,550495
2021-05-24 09:53:43,2536.0,550495
2021-05-24 09:53:44,2536.0,550495
2021-05-24 09:53:44,2536.0,550495
2021-05-24 09:53:47,2536.0,550560
2021-05-24 09:53:47,2536.0,550560
2021-05-24 09:53:48,2536.0,550570
2021-05-24 09:53:48,2536.0,550570
2021-05-24 09:53:49,2536.5,550580
2021-05-24 09:53:49,2536.5,550580
2021-05-24 09:53:51,2536.5,550587
2021-05-24 09:53:51,2536.5,550587
2021-05-24 09:53:52,2536.55,550618
2021-05-24 09:53:52,2536.55,550618
2021-05-24 09:53:53,2536.0,550638
2021-05-24 09:53:53,2536.0,550638
2021-05-24 09:53:54,2536.0,550659
2021-05-24 09:53:54,2536.0,550659
2021-05-24 09:53:55,2536.6,550682
2021-05-24 09:53:55,2536.6,550682
2021-05-24 09:53:56,2536.6,550682
2021-05-24 09:53:56,2536.6,550682
2021-05-24 09:53:57,2536.0,550685
2021-05-24 09:53:57,2536.0,550685
2021-05-24 09:53:58,2536.55,550693
2021-05-24 09:53:59,2536.55,550697
2021-05-24 09:53:58,2536.55,550693
2021-05-24 09:53:59,2536.55,550697
2021-05-24 09:54:00,2536.55,550697
2021-05-24 09:54:00,2536.55,550697
2021-05-24 09:54:01,2536.55,550697
2021-05-24 09:54:01,2536.55,550697
2021-05-24 09:54:02,2536.7,550719
2021-05-24 09:54:02,2536.7,550719
2021-05-24 09:54:04,2536.0,550921
2021-05-24 09:54:04,2536.0,550921
2021-05-24 09:54:06,2536.55,550951
2021-05-24 09:54:06,2536.55,550951
2021-05-24 09:54:07,2536.55,550975
2021-05-24 09:54:07,2536.55,550975
2021-05-24 09:54:08,2536.25,551589
2021-05-24 09:54:08,2536.25,551589
2021-05-24 09:54:09,2536.35,551689
2021-05-24 09:54:11,2536.35,551689
2021-05-24 09:54:09,2536.35,551689
2021-05-24 09:54:11,2536.35,551689
2021-05-24 09:54:12,2535.05,551699
2021-05-24 09:54:12,2535.05,551699
2021-05-24 09:54:13,2535.7,551701
2021-05-24 09:54:13,2535.7,551701
2021-05-24 09:54:14,2534.8,551726
2021-05-24 09:54:14,2534.8,551726
2021-05-24 09:54:16,2534.55,551777
2021-05-24 09:54:16,2534.55,551777
2021-05-24 09:54:17,2534.55,551777
2021-05-24 09:54:17,2534.55,551777
2021-05-24 09:54:19,2535.7,551860
2021-05-24 09:54:19,2535.7,551860
2021-05-24 09:54:20,2535.7,551860
2021-05-24 09:54:20,2535.7,551860
2021-05-24 09:54:21,2535.8,551871
2021-05-24 09:54:22,2535.8,551901
2021-05-24 09:54:23,2534.9,552058
2021-05-24 09:54:21,2535.8,551871
2021-05-24 09:54:22,2535.8,551901
2021-05-24 09:54:24,2534.9,552058
2021-05-24 09:54:23,2534.9,552058
2021-05-24 09:54:25,2534.9,552058
2021-05-24 09:54:24,2534.9,552058
2021-05-24 09:54:25,2534.9,552058
2021-05-24 09:54:26,2534.9,552058
2021-05-24 09:54:26,2534.9,552058
2021-05-24 09:54:27,2535.0,552060
2021-05-24 09:54:27,2535.0,552060
2021-05-24 09:54:28,2535.0,552061
2021-05-24 09:54:28,2535.0,552061
2021-05-24 09:54:29,2535.85,552088
2021-05-24 09:54:30,2535.0,552168
2021-05-24 09:54:29,2535.85,552088
2021-05-24 09:54:31,2535.0,552168
2021-05-24 09:54:30,2535.0,552168
2021-05-24 09:54:31,2535.0,552168
2021-05-24 09:54:33,2535.0,552168
2021-05-24 09:54:33,2535.0,552168
2021-05-24 09:54:34,2535.8,552194
2021-05-24 09:54:34,2535.8,552194
2021-05-24 09:54:36,2535.0,552209
2021-05-24 09:54:36,2535.0,552209
2021-05-24 09:54:37,2535.0,552219
2021-05-24 09:54:37,2535.0,552219
2021-05-24 09:54:38,2535.8,552227
2021-05-24 09:54:39,2535.0,552237
2021-05-24 09:54:38,2535.8,552227
2021-05-24 09:54:40,2535.0,552288
2021-05-24 09:54:39,2535.0,552237
2021-05-24 09:54:40,2535.0,552288
2021-05-24 09:54:42,2535.0,552289
2021-05-24 09:54:42,2535.0,552289
2021-05-24 09:54:44,2535.0,552289
2021-05-24 09:54:45,2535.0,552289
2021-05-24 09:54:44,2535.0,552289
2021-05-24 09:54:45,2535.0,552289
2021-05-24 09:54:46,2535.75,552290
2021-05-24 09:54:46,2536.0,552322
2021-05-24 09:54:46,2535.75,552290
2021-05-24 09:54:46,2536.0,552322
2021-05-24 09:54:48,2535.05,552324
2021-05-24 09:54:49,2535.95,552339
2021-05-24 09:54:48,2535.05,552324
2021-05-24 09:54:50,2535.95,552390
2021-05-24 09:54:49,2535.95,552339
2021-05-24 09:54:51,2535.0,552434
2021-05-24 09:54:50,2535.95,552390
2021-05-24 09:54:52,2535.0,552584
2021-05-24 09:54:51,2535.0,552434
2021-05-24 09:54:53,2535.0,552615
2021-05-24 09:54:52,2535.0,552584
2021-05-24 09:54:55,2535.0,552616
2021-05-24 09:54:53,2535.0,552615
2021-05-24 09:54:56,2535.0,552619
2021-05-24 09:54:57,2535.0,552722
2021-05-24 09:54:55,2535.0,552616
2021-05-24 09:54:56,2535.0,552619
2021-05-24 09:54:58,2535.0,552722
2021-05-24 09:54:59,2535.0,552802
2021-05-24 09:54:57,2535.0,552722
2021-05-24 09:55:00,2535.0,552802
2021-05-24 09:54:58,2535.0,552722
2021-05-24 09:54:59,2535.0,552802
2021-05-24 09:55:00,2535.0,552802
2021-05-24 09:55:00,2535.0,552802
2021-05-24 09:55:00,2535.0,552802
2021-05-24 09:55:01,2535.0,552802
2021-05-24 09:55:01,2535.0,552802
2021-05-24 09:55:02,2535.0,552802
2021-05-24 09:55:02,2535.0,552802
2021-05-24 09:55:03,2535.0,552844
2021-05-24 09:55:03,2535.0,552844
2021-05-24 09:55:05,2535.0,552874
2021-05-24 09:55:05,2535.0,552874
2021-05-24 09:55:06,2535.45,552911
2021-05-24 09:55:06,2535.45,552911
2021-05-24 09:55:08,2535.0,553054
2021-05-24 09:55:08,2535.0,553054
2021-05-24 09:55:09,2535.5,553662
2021-05-24 09:55:09,2535.5,553662
2021-05-24 09:55:10,2535.5,553662
2021-05-24 09:55:10,2535.5,553662
2021-05-24 09:55:11,2535.15,553664
2021-05-24 09:55:11,2535.15,553664
2021-05-24 09:55:13,2535.15,553664
2021-05-24 09:55:13,2535.15,553664
2021-05-24 09:55:13,2535.15,553664
2021-05-24 09:55:13,2535.15,553664
2021-05-24 09:55:14,2535.15,553664
2021-05-24 09:55:14,2535.15,553664
2021-05-24 09:55:15,2535.45,553666
2021-05-24 09:55:15,2535.45,553666
2021-05-24 09:55:16,2535.45,553666
2021-05-24 09:55:16,2535.45,553666
2021-05-24 09:55:17,2535.45,553666
2021-05-24 09:55:17,2535.45,553666
2021-05-24 09:55:18,2535.15,553677
2021-05-24 09:55:18,2535.15,553677
2021-05-24 09:55:19,2535.35,553687
2021-05-24 09:55:19,2535.35,553687
2021-05-24 09:55:20,2536.0,553844
2021-05-24 09:55:20,2536.0,553844
2021-05-24 09:55:21,2536.0,553844
2021-05-24 09:55:21,2536.0,553844
2021-05-24 09:55:22,2536.0,553904
2021-05-24 09:55:22,2536.0,553904
2021-05-24 09:55:23,2535.15,554005
2021-05-24 09:55:23,2535.15,554005
2021-05-24 09:55:24,2535.6,554122
2021-05-24 09:55:24,2535.6,554122
2021-05-24 09:55:26,2536.2,554297
2021-05-24 09:55:26,2535.4,554287
2021-05-24 09:55:26,2536.2,554297
2021-05-24 09:55:26,2535.4,554287
2021-05-24 09:55:28,2536.2,554312
2021-05-24 09:55:28,2536.2,554312
2021-05-24 09:55:29,2535.6,554313
2021-05-24 09:55:29,2535.6,554313
2021-05-24 09:55:30,2536.0,554315
2021-05-24 09:55:30,2536.0,554315
2021-05-24 09:55:31,2536.0,554320
2021-05-24 09:55:31,2536.0,554320
2021-05-24 09:55:32,2535.95,554321
2021-05-24 09:55:32,2535.95,554321
2021-05-24 09:55:34,2536.2,554411
2021-05-24 09:55:34,2536.2,554411
2021-05-24 09:55:36,2536.2,554436
2021-05-24 09:55:36,2536.2,554436
2021-05-24 09:55:38,2535.95,554471
2021-05-24 09:55:38,2535.95,554471
2021-05-24 09:55:39,2535.95,554561
2021-05-24 09:55:39,2535.95,554561
2021-05-24 09:55:41,2535.95,554568
2021-05-24 09:55:41,2535.95,554568
2021-05-24 09:55:42,2536.4,554592
2021-05-24 09:55:42,2536.4,554592
2021-05-24 09:55:43,2536.4,554592
2021-05-24 09:55:43,2536.4,554592
2021-05-24 09:55:44,2536.25,554629
2021-05-24 09:55:44,2536.25,554629
2021-05-24 09:55:45,2536.3,554639
2021-05-24 09:55:45,2536.3,554639
2021-05-24 09:55:46,2536.5,554649
2021-05-24 09:55:46,2536.5,554649
2021-05-24 09:55:47,2535.9,554704
2021-05-24 09:55:47,2535.9,554704
2021-05-24 09:55:48,2535.9,554809
2021-05-24 09:55:48,2535.9,554809
2021-05-24 09:55:49,2535.9,554809
2021-05-24 09:55:49,2535.9,554809
2021-05-24 09:55:52,2535.95,554830
2021-05-24 09:55:52,2535.95,554830
2021-05-24 09:55:53,2535.95,554835
2021-05-24 09:55:53,2535.95,554835
2021-05-24 09:55:54,2536.4,554971
2021-05-24 09:55:54,2536.4,554971
2021-05-24 09:55:55,2535.95,554973
2021-05-24 09:55:55,2535.95,554973
2021-05-24 09:55:56,2536.4,554983
2021-05-24 09:55:56,2536.4,554983
2021-05-24 09:55:57,2536.4,554990
2021-05-24 09:55:57,2536.4,554990
2021-05-24 09:55:58,2535.9,555030
2021-05-24 09:55:58,2535.9,555030
2021-05-24 09:55:59,2536.0,555037
2021-05-24 09:55:59,2536.0,555037
2021-05-24 09:56:01,2536.0,555037
2021-05-24 09:56:01,2536.0,555037
2021-05-24 09:56:04,2536.3,555058
2021-05-24 09:56:04,2536.3,555058
2021-05-24 09:56:05,2536.4,555091
2021-05-24 09:56:05,2536.4,555091
2021-05-24 09:56:06,2536.0,555116
2021-05-24 09:56:06,2536.0,555116
2021-05-24 09:56:07,2536.0,555116
2021-05-24 09:56:07,2536.0,555116
2021-05-24 09:56:08,2536.5,555177
2021-05-24 09:56:08,2536.5,555177
2021-05-24 09:56:10,2536.5,555201
2021-05-24 09:56:10,2536.5,555201
2021-05-24 09:56:11,2536.5,555201
2021-05-24 09:56:11,2536.5,555201
2021-05-24 09:56:11,2536.5,555201
2021-05-24 09:56:11,2536.5,555201
2021-05-24 09:56:12,2536.0,555301
2021-05-24 09:56:12,2536.0,555301
2021-05-24 09:56:13,2536.0,555301
2021-05-24 09:56:13,2536.0,555301
2021-05-24 09:56:14,2536.0,555301
2021-05-24 09:56:14,2536.0,555301
2021-05-24 09:56:15,2536.0,555302
2021-05-24 09:56:15,2536.0,555302
2021-05-24 09:56:17,2536.0,555302
2021-05-24 09:56:18,2536.0,555334
2021-05-24 09:56:17,2536.0,555302
2021-05-24 09:56:19,2536.0,555336
2021-05-24 09:56:20,2536.5,555355
2021-05-24 09:56:18,2536.0,555334
2021-05-24 09:56:19,2536.0,555336
2021-05-24 09:56:21,2536.5,555355
2021-05-24 09:56:20,2536.5,555355
2021-05-24 09:56:22,2536.5,555355
2021-05-24 09:56:21,2536.5,555355
2021-05-24 09:56:23,2536.5,555355
2021-05-24 09:56:22,2536.5,555355
2021-05-24 09:56:23,2536.5,555355
2021-05-24 09:56:24,2536.5,555355
2021-05-24 09:56:25,2536.5,555356
2021-05-24 09:56:24,2536.5,555355
2021-05-24 09:56:25,2536.5,555356
2021-05-24 09:56:26,2536.5,555366
2021-05-24 09:56:27,2536.0,555367
2021-05-24 09:56:26,2536.5,555366
2021-05-24 09:56:27,2536.0,555367
2021-05-24 09:56:29,2536.0,555392
2021-05-24 09:56:29,2536.0,555392
2021-05-24 09:56:30,2536.5,555396
2021-05-24 09:56:30,2536.5,555396
2021-05-24 09:56:31,2536.1,555494
2021-05-24 09:56:32,2536.5,555495
2021-05-24 09:56:31,2536.1,555494
2021-05-24 09:56:32,2536.5,555495
2021-05-24 09:56:34,2536.5,555495
2021-05-24 09:56:34,2536.5,555495
2021-05-24 09:56:35,2536.1,555514
2021-05-24 09:56:34,2536.5,555495
2021-05-24 09:56:34,2536.5,555495
2021-05-24 09:56:36,2536.1,555514
2021-05-24 09:56:35,2536.1,555514
2021-05-24 09:56:36,2536.1,555514
2021-05-24 09:56:37,2536.1,555514
2021-05-24 09:56:38,2536.1,555579
2021-05-24 09:56:37,2536.1,555514
2021-05-24 09:56:39,2536.1,555579
2021-05-24 09:56:38,2536.1,555579
2021-05-24 09:56:41,2536.0,555629
2021-05-24 09:56:39,2536.1,555579
2021-05-24 09:56:42,2536.0,555629
2021-05-24 09:56:41,2536.0,555629
2021-05-24 09:56:42,2536.0,555629
2021-05-24 09:56:44,2536.0,555660
2021-05-24 09:56:44,2536.0,555660
2021-05-24 09:56:45,2536.1,555662
2021-05-24 09:56:45,2536.1,555662
2021-05-24 09:56:48,2536.0,555663
2021-05-24 09:56:48,2536.0,555663
2021-05-24 09:56:48,2535.9,555665
2021-05-24 09:56:48,2535.9,555665
2021-05-24 09:56:50,2536.0,555700
2021-05-24 09:56:50,2536.0,555700
2021-05-24 09:56:51,2536.0,555700
2021-05-24 09:56:51,2536.0,555700
2021-05-24 09:56:52,2536.0,555710
2021-05-24 09:56:52,2536.0,555710
2021-05-24 09:56:53,2536.0,555815
2021-05-24 09:56:53,2536.0,555815
2021-05-24 09:56:55,2535.9,555817
2021-05-24 09:56:55,2535.9,555817
2021-05-24 09:56:56,2535.9,555817
2021-05-24 09:56:56,2535.9,555817
2021-05-24 09:56:57,2535.9,555817
2021-05-24 09:56:57,2535.9,555817
2021-05-24 09:56:58,2535.9,555817
2021-05-24 09:56:58,2535.9,555817
2021-05-24 09:57:01,2535.95,555835
2021-05-24 09:57:01,2535.95,555835
2021-05-24 09:57:02,2535.95,555835
2021-05-24 09:57:02,2535.95,555835
2021-05-24 09:57:02,2535.95,555835
2021-05-24 09:57:02,2535.95,555835
2021-05-24 09:57:03,2535.9,556135
2021-05-24 09:57:03,2535.9,556135
2021-05-24 09:57:04,2535.95,556161
2021-05-24 09:57:04,2535.95,556161
2021-05-24 09:57:05,2535.9,556240
2021-05-24 09:57:05,2535.9,556240
2021-05-24 09:57:06,2535.95,556250
2021-05-24 09:57:06,2535.95,556250
2021-05-24 09:57:07,2535.85,556551
2021-05-24 09:57:07,2535.85,556551
2021-05-24 09:57:10,2535.9,556612
2021-05-24 09:57:10,2535.9,556612
2021-05-24 09:57:10,2535.9,556653
2021-05-24 09:57:10,2535.9,556653
2021-05-24 09:57:11,2535.85,556819
2021-05-24 09:57:11,2535.85,556819
2021-05-24 09:57:12,2535.65,557155
2021-05-24 09:57:12,2535.65,557155
2021-05-24 09:57:14,2535.85,557157
2021-05-24 09:57:14,2535.85,557157
2021-05-24 09:57:16,2535.85,557157
2021-05-24 09:57:16,2535.85,557157
2021-05-24 09:57:17,2535.9,557177
2021-05-24 09:57:17,2535.9,557177
2021-05-24 09:57:18,2535.9,557238
2021-05-24 09:57:18,2535.9,557238
2021-05-24 09:57:18,2535.9,557238
2021-05-24 09:57:18,2535.9,557238
2021-05-24 09:57:19,2535.9,557238
2021-05-24 09:57:19,2535.9,557238
2021-05-24 09:57:20,2535.9,557238
2021-05-24 09:57:20,2535.9,557238
2021-05-24 09:57:23,2535.5,557315
2021-05-24 09:57:23,2535.5,557315
2021-05-24 09:57:24,2535.3,557362
2021-05-24 09:57:24,2535.85,557395
2021-05-24 09:57:24,2535.3,557362
2021-05-24 09:57:24,2535.85,557395
2021-05-24 09:57:27,2535.8,557438
2021-05-24 09:57:27,2535.8,557438
2021-05-24 09:57:30,2535.75,557523
2021-05-24 09:57:30,2535.75,557523
2021-05-24 09:57:31,2535.75,557533
2021-05-24 09:57:31,2535.75,557533
2021-05-24 09:57:32,2535.75,557533
2021-05-24 09:57:32,2535.75,557533
2021-05-24 09:57:32,2535.75,557533
2021-05-24 09:57:32,2535.75,557533
2021-05-24 09:57:33,2535.75,557533
2021-05-24 09:57:33,2535.75,557533
2021-05-24 09:57:34,2535.75,557538
2021-05-24 09:57:34,2535.75,557538
2021-05-24 09:57:35,2535.5,557711
2021-05-24 09:57:35,2535.5,557711
2021-05-24 09:57:36,2535.75,557748
2021-05-24 09:57:36,2535.75,557748
2021-05-24 09:57:39,2536.05,558390
2021-05-24 09:57:39,2536.05,558390
2021-05-24 09:57:39,2536.05,558390
2021-05-24 09:57:39,2536.05,558390
2021-05-24 09:57:41,2535.75,558400
2021-05-24 09:57:41,2535.75,558400
2021-05-24 09:57:42,2535.75,558401
2021-05-24 09:57:42,2535.75,558401
2021-05-24 09:57:44,2535.75,558431
2021-05-24 09:57:44,2535.75,558431
2021-05-24 09:57:46,2535.75,558431
2021-05-24 09:57:46,2535.75,558431
2021-05-24 09:57:46,2535.75,558431
2021-05-24 09:57:46,2535.75,558431
2021-05-24 09:57:47,2535.75,558431
2021-05-24 09:57:47,2535.75,558431
2021-05-24 09:57:48,2535.75,558431
2021-05-24 09:57:48,2535.75,558431
2021-05-24 09:57:50,2535.75,558431
2021-05-24 09:57:50,2535.75,558431
2021-05-24 09:57:51,2535.8,558480
2021-05-24 09:57:51,2535.8,558480
2021-05-24 09:57:52,2535.8,558480
2021-05-24 09:57:52,2535.8,558480
2021-05-24 09:57:52,2535.8,558480
2021-05-24 09:57:52,2535.8,558480
2021-05-24 09:57:53,2535.8,558579
2021-05-24 09:57:53,2535.8,558579
2021-05-24 09:57:54,2535.8,558579
2021-05-24 09:57:54,2535.8,558579
2021-05-24 09:57:55,2535.8,558579
2021-05-24 09:57:55,2535.8,558579
2021-05-24 09:57:57,2535.75,558629
2021-05-24 09:57:57,2535.75,558629
2021-05-24 09:57:58,2536.0,558651
2021-05-24 09:57:58,2536.0,558651
2021-05-24 09:57:58,2536.0,558651
2021-05-24 09:57:58,2536.0,558651
2021-05-24 09:57:59,2535.75,558713
2021-05-24 09:57:59,2535.75,558713
2021-05-24 09:58:00,2535.75,558713
2021-05-24 09:58:00,2535.75,558713
2021-05-24 09:58:01,2535.75,558713
2021-05-24 09:58:01,2535.75,558713
2021-05-24 09:58:03,2535.75,558713
2021-05-24 09:58:03,2535.75,558713
2021-05-24 09:58:04,2535.75,558713
2021-05-24 09:58:04,2535.75,558713
2021-05-24 09:58:05,2535.95,558792
2021-05-24 09:58:05,2535.95,558792
2021-05-24 09:58:06,2536.2,558874
2021-05-24 09:58:06,2536.2,558874
2021-05-24 09:58:08,2535.95,558982
2021-05-24 09:58:08,2535.95,558982
2021-05-24 09:58:09,2535.75,559377
2021-05-24 09:58:09,2535.75,559377
2021-05-24 09:58:11,2535.8,559556
2021-05-24 09:58:11,2535.8,559556
2021-05-24 09:58:13,2536.0,559606
2021-05-24 09:58:13,2536.0,559606
2021-05-24 09:58:14,2535.95,559612
2021-05-24 09:58:14,2535.95,559612
2021-05-24 09:58:16,2536.0,559670
2021-05-24 09:58:16,2536.0,559670
2021-05-24 09:58:17,2535.75,559701
2021-05-24 09:58:17,2535.75,559701
2021-05-24 09:58:19,2536.1,559751
2021-05-24 09:58:19,2536.1,559751
2021-05-24 09:58:19,2536.1,559814
2021-05-24 09:58:19,2536.1,559814
2021-05-24 09:58:20,2535.8,559845
2021-05-24 09:58:20,2535.8,559845
2021-05-24 09:58:21,2536.1,559865
2021-05-24 09:58:21,2536.1,559865
2021-05-24 09:58:23,2536.1,559865
2021-05-24 09:58:23,2536.1,559865
2021-05-24 09:58:25,2535.95,559951
2021-05-24 09:58:25,2535.95,559951
2021-05-24 09:58:25,2536.1,559929
2021-05-24 09:58:25,2536.1,559929
2021-05-24 09:58:26,2535.95,559957
2021-05-24 09:58:26,2535.95,559957
2021-05-24 09:58:27,2536.15,559971
2021-05-24 09:58:27,2536.15,559971
2021-05-24 09:58:28,2536.15,560000
2021-05-24 09:58:28,2536.15,560000
2021-05-24 09:58:29,2536.15,560000
2021-05-24 09:58:29,2536.15,560000
2021-05-24 09:58:31,2536.0,560007
2021-05-24 09:58:31,2536.0,560007
2021-05-24 09:58:32,2535.85,560095
2021-05-24 09:58:32,2535.85,560095
2021-05-24 09:58:32,2535.85,560095
2021-05-24 09:58:32,2535.85,560095
2021-05-24 09:58:33,2535.85,560169
2021-05-24 09:58:33,2535.85,560169
2021-05-24 09:58:34,2535.85,560192
2021-05-24 09:58:34,2535.85,560192
2021-05-24 09:58:35,2535.8,560205
2021-05-24 09:58:35,2535.8,560205
2021-05-24 09:58:37,2535.8,560242
2021-05-24 09:58:37,2535.8,560242
2021-05-24 09:58:38,2535.8,560242
2021-05-24 09:58:39,2535.5,560335
2021-05-24 09:58:39,2535.5,560335
2021-05-24 09:58:38,2535.8,560242
2021-05-24 09:58:39,2535.5,560335
2021-05-24 09:58:39,2535.5,560335
2021-05-24 09:58:40,2535.5,560347
2021-05-24 09:58:40,2535.5,560347
2021-05-24 09:58:41,2535.85,560407
2021-05-24 09:58:41,2535.85,560407
2021-05-24 09:58:44,2535.5,560561
2021-05-24 09:58:44,2535.5,560561
2021-05-24 09:58:45,2536.3,560715
2021-05-24 09:58:45,2536.3,560715
2021-05-24 09:58:46,2536.25,561167
2021-05-24 09:58:46,2536.25,561167
2021-05-24 09:58:48,2535.85,561276
2021-05-24 09:58:48,2535.85,561276
2021-05-24 09:58:49,2535.0,561334
2021-05-24 09:58:49,2535.0,561334
2021-05-24 09:58:50,2535.0,561334
2021-05-24 09:58:50,2535.0,561334
2021-05-24 09:58:51,2535.0,561366
2021-05-24 09:58:51,2535.0,561366
2021-05-24 09:58:51,2535.0,561366
2021-05-24 09:58:51,2535.0,561366
2021-05-24 09:58:53,2535.85,561384
2021-05-24 09:58:53,2535.85,561384
2021-05-24 09:58:54,2535.85,561418
2021-05-24 09:58:54,2535.85,561418
2021-05-24 09:58:55,2535.9,561473
2021-05-24 09:58:55,2535.9,561473
2021-05-24 09:58:55,2535.9,561487
2021-05-24 09:58:55,2535.9,561487
2021-05-24 09:58:56,2535.9,561491
2021-05-24 09:58:56,2535.9,561491
2021-05-24 09:58:58,2535.5,561492
2021-05-24 09:58:58,2535.5,561492
2021-05-24 09:58:59,2535.0,561505
2021-05-24 09:58:59,2535.0,561505
2021-05-24 09:59:00,2535.5,561506
2021-05-24 09:59:00,2535.5,561506
2021-05-24 09:59:01,2535.0,561527
2021-05-24 09:59:01,2535.0,561527
2021-05-24 09:59:02,2535.5,561537
2021-05-24 09:59:02,2535.5,561570
2021-05-24 09:59:02,2535.5,561537
2021-05-24 09:59:02,2535.5,561570
2021-05-24 09:59:03,2535.0,561588
2021-05-24 09:59:03,2535.0,561588
2021-05-24 09:59:04,2535.0,561685
2021-05-24 09:59:04,2535.0,561685
2021-05-24 09:59:06,2535.05,561695
2021-05-24 09:59:06,2535.05,561695
2021-05-24 09:59:07,2535.05,561695
2021-05-24 09:59:07,2535.05,561695
2021-05-24 09:59:08,2535.7,561750
2021-05-24 09:59:08,2535.7,561750
2021-05-24 09:59:08,2535.7,561764
2021-05-24 09:59:08,2535.7,561764
2021-05-24 09:59:09,2535.65,561777
2021-05-24 09:59:09,2535.65,561777
2021-05-24 09:59:11,2535.35,561781
2021-05-24 09:59:11,2535.35,561781
2021-05-24 09:59:12,2535.55,561782
2021-05-24 09:59:12,2535.55,561782
2021-05-24 09:59:13,2535.0,561890
2021-05-24 09:59:13,2535.0,561890
2021-05-24 09:59:14,2535.0,561890
2021-05-24 09:59:14,2535.0,561890
2021-05-24 09:59:15,2534.45,565057
2021-05-24 09:59:15,2534.45,565057
2021-05-24 09:59:16,2534.95,565622
2021-05-24 09:59:16,2534.95,565622
2021-05-24 09:59:17,2535.0,565763
2021-05-24 09:59:17,2534.3,565904
2021-05-24 09:59:17,2535.0,565763
2021-05-24 09:59:17,2534.3,565904
2021-05-24 09:59:18,2534.1,566043
2021-05-24 09:59:18,2534.1,566043
2021-05-24 09:59:20,2533.45,566952
2021-05-24 09:59:20,2533.45,566952
2021-05-24 09:59:21,2532.85,568293
2021-05-24 09:59:21,2532.85,568293
2021-05-24 09:59:22,2533.85,568435
2021-05-24 09:59:22,2533.85,568435
2021-05-24 09:59:22,2533.45,568471
2021-05-24 09:59:22,2533.45,568471
2021-05-24 09:59:23,2533.15,568589
2021-05-24 09:59:23,2533.15,568589
2021-05-24 09:59:25,2532.0,568651
2021-05-24 09:59:25,2532.0,568651
2021-05-24 09:59:26,2533.2,568988
2021-05-24 09:59:26,2533.2,568988
2021-05-24 09:59:27,2532.1,569019
2021-05-24 09:59:27,2532.1,569019
2021-05-24 09:59:27,2533.25,569044
2021-05-24 09:59:27,2533.25,569044
2021-05-24 09:59:28,2533.25,569086
2021-05-24 09:59:28,2533.25,569086
2021-05-24 09:59:30,2532.25,569107
2021-05-24 09:59:30,2532.25,569107
2021-05-24 09:59:31,2532.25,569158
2021-05-24 09:59:31,2532.25,569158
2021-05-24 09:59:32,2532.9,569358
2021-05-24 09:59:32,2532.9,569358
2021-05-24 09:59:32,2532.0,569278
2021-05-24 09:59:32,2532.0,569278
2021-05-24 09:59:33,2533.7,570751
2021-05-24 09:59:33,2533.7,570751
2021-05-24 09:59:35,2533.45,571074
2021-05-24 09:59:35,2533.45,571074
2021-05-24 09:59:37,2534.65,571120
2021-05-24 09:59:37,2534.65,571120
2021-05-24 09:59:37,2534.65,571126
2021-05-24 09:59:37,2534.65,571126
2021-05-24 09:59:38,2534.65,571128
2021-05-24 09:59:38,2534.65,571128
2021-05-24 09:59:39,2534.65,571129
2021-05-24 09:59:39,2534.65,571129
2021-05-24 09:59:42,2534.5,571141
2021-05-24 09:59:42,2534.5,571141
2021-05-24 09:59:43,2534.5,571143
2021-05-24 09:59:43,2534.5,571143
2021-05-24 09:59:43,2534.5,571143
2021-05-24 09:59:43,2534.5,571143
2021-05-24 09:59:46,2534.5,571144
2021-05-24 09:59:46,2534.5,571144
2021-05-24 09:59:47,2533.15,571204
2021-05-24 09:59:47,2533.15,571204
2021-05-24 09:59:48,2534.45,571477
2021-05-24 09:59:48,2534.45,571477
2021-05-24 09:59:49,2533.3,571585
2021-05-24 09:59:49,2533.3,571585
2021-05-24 09:59:49,2534.5,571547
2021-05-24 09:59:49,2534.5,571547
2021-05-24 09:59:50,2533.3,571645
2021-05-24 09:59:50,2533.3,571645
2021-05-24 09:59:52,2533.75,571752
2021-05-24 09:59:52,2533.75,571752
2021-05-24 09:59:53,2532.3,571805
2021-05-24 09:59:53,2532.3,571805
2021-05-24 09:59:54,2532.3,571843
2021-05-24 09:59:54,2532.3,571843
2021-05-24 09:59:55,2531.35,572916
2021-05-24 09:59:55,2531.35,572916
2021-05-24 09:59:57,2532.25,573187
2021-05-24 09:59:57,2532.25,573187
2021-05-24 09:59:59,2530.55,573505
2021-05-24 09:59:59,2530.55,573505
2021-05-24 10:00:00,2531.2,573551
2021-05-24 10:00:00,2531.2,573551
2021-05-24 10:00:01,2530.9,573871
2021-05-24 10:00:01,2530.9,573871
2021-05-24 10:00:02,2529.85,577322
2021-05-24 10:00:02,2529.85,577322
2021-05-24 10:00:03,2529.0,578077
2021-05-24 10:00:03,2529.0,578077
2021-05-24 10:00:05,2528.6,578137
2021-05-24 10:00:05,2528.6,578137
2021-05-24 10:00:06,2528.8,578252
2021-05-24 10:00:06,2528.8,578252
2021-05-24 10:00:07,2529.65,578362
2021-05-24 10:00:07,2529.65,578362
2021-05-24 10:00:07,2530.45,578490
2021-05-24 10:00:07,2530.45,578490
2021-05-24 10:00:08,2528.95,579315
2021-05-24 10:00:08,2528.95,579315
2021-05-24 10:00:11,2528.4,579676
2021-05-24 10:00:11,2528.4,579676
2021-05-24 10:00:12,2528.4,581101
2021-05-24 10:00:12,2528.4,581101
2021-05-24 10:00:14,2528.0,581794
2021-05-24 10:00:14,2528.0,581794
2021-05-24 10:00:15,2528.35,581845
2021-05-24 10:00:15,2528.35,581845
2021-05-24 10:00:15,2528.35,581845
2021-05-24 10:00:15,2528.35,581845
2021-05-24 10:00:16,2529.5,582015
2021-05-24 10:00:16,2529.5,582015
2021-05-24 10:00:19,2528.45,582330
2021-05-24 10:00:19,2528.45,582330
2021-05-24 10:00:20,2528.55,582343
2021-05-24 10:00:20,2528.55,582343
2021-05-24 10:00:21,2529.0,582388
2021-05-24 10:00:21,2529.0,582388
2021-05-24 10:00:21,2529.0,582388
2021-05-24 10:00:21,2529.0,582388
2021-05-24 10:00:22,2529.9,582409
2021-05-24 10:00:22,2529.9,582409
2021-05-24 10:00:24,2529.9,582443
2021-05-24 10:00:24,2529.9,582443
2021-05-24 10:00:25,2530.15,582981
2021-05-24 10:00:25,2530.15,582981
2021-05-24 10:00:26,2531.45,583072
2021-05-24 10:00:26,2531.45,583072
2021-05-24 10:00:27,2531.15,583096
2021-05-24 10:00:27,2531.15,583096
2021-05-24 10:00:28,2530.85,583106
2021-05-24 10:00:28,2530.85,583106
2021-05-24 10:00:28,2530.85,583106
2021-05-24 10:00:28,2530.85,583106
2021-05-24 10:00:29,2532.25,583112
2021-05-24 10:00:29,2532.25,583112
2021-05-24 10:00:31,2533.0,583347
2021-05-24 10:00:31,2533.0,583347
2021-05-24 10:00:32,2531.8,583689
2021-05-24 10:00:33,2530.6,583792
2021-05-24 10:00:32,2531.8,583689
2021-05-24 10:00:33,2530.6,583792
2021-05-24 10:00:33,2530.6,583792
2021-05-24 10:00:33,2530.6,583792
2021-05-24 10:00:35,2531.55,583905
2021-05-24 10:00:35,2531.55,583905
2021-05-24 10:00:37,2531.55,583950
2021-05-24 10:00:37,2531.55,583950
2021-05-24 10:00:38,2531.65,584039
2021-05-24 10:00:38,2531.65,584039
2021-05-24 10:00:39,2532.1,584111
2021-05-24 10:00:39,2532.1,584111
2021-05-24 10:00:39,2532.1,584129
2021-05-24 10:00:39,2532.1,584129
2021-05-24 10:00:40,2532.1,584170
2021-05-24 10:00:40,2532.1,584170
2021-05-24 10:00:42,2530.85,584200
2021-05-24 10:00:42,2530.85,584200
2021-05-24 10:00:43,2530.4,584700
2021-05-24 10:00:43,2530.4,584700
2021-05-24 10:00:44,2531.8,584778
2021-05-24 10:00:44,2531.8,584778
2021-05-24 10:00:45,2531.85,584796
2021-05-24 10:00:45,2530.9,584781
2021-05-24 10:00:45,2531.85,584796
2021-05-24 10:00:45,2530.9,584781
2021-05-24 10:00:46,2530.2,584956
2021-05-24 10:00:46,2530.2,584956
2021-05-24 10:00:47,2530.25,585045
2021-05-24 10:00:47,2530.25,585045
2021-05-24 10:00:48,2530.0,585148
2021-05-24 10:00:48,2530.0,585148
2021-05-24 10:00:52,2530.0,585293
2021-05-24 10:00:52,2530.0,585293
2021-05-24 10:00:53,2531.0,585313
2021-05-24 10:00:53,2531.0,585313
2021-05-24 10:00:55,2530.95,585314
2021-05-24 10:00:55,2530.95,585314
2021-05-24 10:00:56,2530.05,585315
2021-05-24 10:00:56,2530.05,585315
2021-05-24 10:00:57,2530.05,585322
2021-05-24 10:00:57,2530.05,585322
2021-05-24 10:00:57,2530.05,585322
2021-05-24 10:00:57,2530.05,585322
2021-05-24 10:00:59,2530.05,585332
2021-05-24 10:00:59,2530.05,585332
2021-05-24 10:01:00,2531.0,585388
2021-05-24 10:01:00,2531.0,585388
2021-05-24 10:01:01,2530.7,585622
2021-05-24 10:01:01,2530.7,585622
2021-05-24 10:01:02,2530.7,585691
2021-05-24 10:01:02,2530.7,585691
2021-05-24 10:01:03,2530.55,585708
2021-05-24 10:01:03,2530.55,585708
2021-05-24 10:01:04,2530.55,585740
2021-05-24 10:01:04,2530.5,585748
2021-05-24 10:01:04,2530.55,585740
2021-05-24 10:01:04,2530.5,585748
2021-05-24 10:01:06,2530.0,586764
2021-05-24 10:01:06,2530.0,586764
2021-05-24 10:01:09,2528.75,587548
2021-05-24 10:01:09,2528.75,587548
2021-05-24 10:01:09,2529.7,587559
2021-05-24 10:01:10,2529.7,587559
2021-05-24 10:01:09,2529.7,587559
2021-05-24 10:01:10,2529.7,587559
2021-05-24 10:01:12,2529.8,587575
2021-05-24 10:01:12,2529.8,587575
2021-05-24 10:01:16,2529.0,588244
2021-05-24 10:01:16,2529.0,588244
2021-05-24 10:01:18,2529.45,588255
2021-05-24 10:01:18,2529.45,588255
2021-05-24 10:01:19,2529.45,588355
2021-05-24 10:01:19,2529.45,588355
2021-05-24 10:01:19,2529.45,588355
2021-05-24 10:01:19,2529.45,588355
2021-05-24 10:01:21,2529.45,588421
2021-05-24 10:01:21,2529.45,588421
2021-05-24 10:01:22,2529.45,588569
2021-05-24 10:01:22,2529.45,588569
2021-05-24 10:01:23,2529.45,589217
2021-05-24 10:01:23,2529.45,589217
2021-05-24 10:01:24,2529.0,589446
2021-05-24 10:01:24,2529.0,589446
2021-05-24 10:01:25,2529.6,589750
2021-05-24 10:01:25,2529.6,589750
2021-05-24 10:01:27,2528.65,590163
2021-05-24 10:01:27,2528.65,590163
2021-05-24 10:01:28,2529.4,590238
2021-05-24 10:01:28,2529.4,590238
2021-05-24 10:01:29,2528.5,590281
2021-05-24 10:01:29,2528.5,590281
2021-05-24 10:01:30,2528.5,590412
2021-05-24 10:01:30,2528.5,590412
2021-05-24 10:01:31,2529.35,590413
2021-05-24 10:01:31,2529.35,590413
2021-05-24 10:01:33,2529.35,590413
2021-05-24 10:01:33,2529.35,590413
2021-05-24 10:01:34,2529.4,590418
2021-05-24 10:01:34,2529.4,590418
2021-05-24 10:01:35,2529.0,590423
2021-05-24 10:01:35,2529.0,590423
2021-05-24 10:01:36,2528.9,590458
2021-05-24 10:01:36,2528.9,590458
2021-05-24 10:01:37,2528.9,590458
2021-05-24 10:01:38,2528.9,590458
2021-05-24 10:01:37,2528.9,590458
2021-05-24 10:01:38,2528.9,590458
2021-05-24 10:01:39,2529.1,590466
2021-05-24 10:01:39,2529.1,590466
2021-05-24 10:01:40,2528.95,590467
2021-05-24 10:01:40,2528.95,590613
2021-05-24 10:01:40,2528.95,590467
2021-05-24 10:01:40,2528.95,590613
2021-05-24 10:01:42,2529.35,590771
2021-05-24 10:01:42,2529.35,590771
2021-05-24 10:01:44,2527.55,592943
2021-05-24 10:01:44,2527.55,592943
2021-05-24 10:01:45,2527.95,593546
2021-05-24 10:01:45,2527.95,593546
2021-05-24 10:01:47,2528.4,595347
2021-05-24 10:01:47,2528.4,595347
2021-05-24 10:01:47,2528.4,595347
2021-05-24 10:01:47,2528.4,595347
2021-05-24 10:01:48,2529.1,595450
2021-05-24 10:01:48,2529.1,595450
2021-05-24 10:01:49,2529.4,595670
2021-05-24 10:01:49,2529.4,595670
2021-05-24 10:01:50,2529.45,595725
2021-05-24 10:01:51,2528.2,595781
2021-05-24 10:01:50,2529.45,595725
2021-05-24 10:01:51,2528.2,595781
2021-05-24 10:01:52,2528.05,595863
2021-05-24 10:01:52,2528.05,595863
2021-05-24 10:01:53,2528.05,595890
2021-05-24 10:01:53,2528.05,595890
2021-05-24 10:01:54,2529.2,595927
2021-05-24 10:01:56,2529.3,595962
2021-05-24 10:01:54,2529.2,595927
2021-05-24 10:01:56,2529.3,595962
2021-05-24 10:01:57,2528.0,596081
2021-05-24 10:01:57,2528.0,596081
2021-05-24 10:01:58,2527.55,596234
2021-05-24 10:01:58,2527.55,596234
2021-05-24 10:01:59,2528.25,596407
2021-05-24 10:01:59,2528.25,596407
2021-05-24 10:02:00,2527.0,596491
2021-05-24 10:02:00,2527.0,596491
2021-05-24 10:02:01,2527.6,596502
2021-05-24 10:02:01,2527.6,596502
2021-05-24 10:02:02,2527.0,596516
2021-05-24 10:02:02,2527.0,596516
2021-05-24 10:02:03,2526.4,596706
2021-05-24 10:02:03,2526.4,596706
2021-05-24 10:02:04,2526.3,597121
2021-05-24 10:02:04,2526.3,597121
2021-05-24 10:02:05,2525.85,597677
2021-05-24 10:02:05,2525.85,597677
2021-05-24 10:02:06,2527.1,599070
2021-05-24 10:02:06,2527.1,599070
2021-05-24 10:02:07,2527.75,599549
2021-05-24 10:02:07,2527.75,599549
2021-05-24 10:02:09,2527.0,599847
2021-05-24 10:02:09,2527.0,599847
2021-05-24 10:02:10,2526.4,599928
2021-05-24 10:02:10,2526.4,599928
2021-05-24 10:02:11,2527.35,600048
2021-05-24 10:02:11,2527.35,600048
2021-05-24 10:02:13,2527.35,600205
2021-05-24 10:02:13,2527.35,600205
2021-05-24 10:02:15,2526.8,600419
2021-05-24 10:02:15,2526.8,600419
2021-05-24 10:02:16,2527.0,601227
2021-05-24 10:02:16,2527.0,601227
2021-05-24 10:02:17,2526.95,601416
2021-05-24 10:02:17,2526.95,601416
2021-05-24 10:02:18,2527.25,601431
2021-05-24 10:02:18,2527.25,601431
2021-05-24 10:02:19,2526.85,601453
2021-05-24 10:02:19,2526.85,601453
2021-05-24 10:02:20,2526.85,601488
2021-05-24 10:02:20,2526.85,601488
2021-05-24 10:02:21,2526.85,601558
2021-05-24 10:02:21,2526.85,601558
2021-05-24 10:02:22,2527.0,601570
2021-05-24 10:02:22,2527.0,601570
2021-05-24 10:02:23,2526.55,601804
2021-05-24 10:02:23,2526.55,601804
2021-05-24 10:02:24,2527.0,601865
2021-05-24 10:02:24,2527.0,601865
2021-05-24 10:02:25,2527.0,601927
2021-05-24 10:02:25,2527.0,601927
2021-05-24 10:02:26,2527.4,602043
2021-05-24 10:02:26,2527.4,602043
2021-05-24 10:02:27,2527.45,602094
2021-05-24 10:02:27,2527.45,602094
2021-05-24 10:02:28,2527.35,602119
2021-05-24 10:02:28,2527.35,602119
2021-05-24 10:02:29,2526.0,602175
2021-05-24 10:02:29,2526.0,602175
2021-05-24 10:02:30,2526.0,602194
2021-05-24 10:02:30,2526.0,602194
2021-05-24 10:02:31,2526.0,602194
2021-05-24 10:02:31,2526.0,602194
2021-05-24 10:02:32,2526.4,602580
2021-05-24 10:02:32,2526.4,602580
2021-05-24 10:02:33,2526.3,602735
2021-05-24 10:02:33,2526.3,602735
2021-05-24 10:02:35,2526.3,602750
2021-05-24 10:02:35,2526.3,602750
2021-05-24 10:02:36,2526.0,602838
2021-05-24 10:02:36,2526.0,602838
2021-05-24 10:02:37,2526.4,602842
2021-05-24 10:02:37,2526.4,602842
2021-05-24 10:02:38,2526.0,603120
2021-05-24 10:02:38,2526.0,603120
2021-05-24 10:02:39,2526.4,603270
2021-05-24 10:02:39,2526.4,603270
2021-05-24 10:02:40,2526.0,603483
2021-05-24 10:02:40,2526.0,603483
2021-05-24 10:02:41,2526.0,603629
2021-05-24 10:02:41,2526.0,603629
2021-05-24 10:02:42,2526.4,603652
2021-05-24 10:02:42,2526.4,603652
2021-05-24 10:02:43,2526.4,603715
2021-05-24 10:02:44,2526.55,603722
2021-05-24 10:02:43,2526.4,603715
2021-05-24 10:02:44,2526.55,603722
2021-05-24 10:02:45,2526.55,603824
2021-05-24 10:02:45,2526.55,603824
2021-05-24 10:02:46,2526.0,603957
2021-05-24 10:02:46,2526.0,603957
2021-05-24 10:02:47,2526.9,604099
2021-05-24 10:02:47,2526.9,604099
2021-05-24 10:02:48,2526.0,604288
2021-05-24 10:02:48,2526.0,604288
2021-05-24 10:02:49,2526.3,604314
2021-05-24 10:02:49,2526.3,604314
2021-05-24 10:02:50,2526.0,604400
2021-05-24 10:02:50,2526.0,604400
2021-05-24 10:02:51,2526.65,604518
2021-05-24 10:02:51,2526.65,604518
2021-05-24 10:02:52,2526.0,604554
2021-05-24 10:02:52,2526.0,604554
2021-05-24 10:02:53,2526.0,604554
2021-05-24 10:02:53,2526.0,604554
2021-05-24 10:02:54,2526.0,604646
2021-05-24 10:02:54,2526.0,604646
2021-05-24 10:02:55,2525.8,605954
2021-05-24 10:02:55,2525.8,605954
2021-05-24 10:02:56,2526.1,606309
2021-05-24 10:02:56,2526.1,606309
2021-05-24 10:02:57,2526.1,606309
2021-05-24 10:02:57,2526.1,606309
2021-05-24 10:02:58,2525.5,606379
2021-05-24 10:02:58,2525.5,606379
2021-05-24 10:02:59,2523.85,611259
2021-05-24 10:02:59,2523.85,611259
2021-05-24 10:03:00,2523.3,612576
2021-05-24 10:03:00,2523.3,612576
2021-05-24 10:03:01,2524.35,612783
2021-05-24 10:03:01,2524.35,612783
2021-05-24 10:03:01,2524.35,612783
2021-05-24 10:03:01,2524.35,612783
2021-05-24 10:03:02,2523.3,612785
2021-05-24 10:03:02,2523.3,612785
2021-05-24 10:03:04,2523.3,612862
2021-05-24 10:03:04,2523.3,612862
2021-05-24 10:03:08,2523.25,613981
2021-05-24 10:03:08,2523.25,613981
2021-05-24 10:03:09,2523.3,614015
2021-05-24 10:03:09,2523.3,614015
2021-05-24 10:03:10,2524.35,614277
2021-05-24 10:03:11,2523.15,614497
2021-05-24 10:03:10,2524.35,614277
2021-05-24 10:03:11,2523.15,614497
2021-05-24 10:03:12,2524.0,614541
2021-05-24 10:03:12,2524.0,614541
2021-05-24 10:03:13,2523.15,615528
2021-05-24 10:03:13,2523.15,615528
2021-05-24 10:03:15,2523.3,615719
2021-05-24 10:03:15,2523.3,615719
2021-05-24 10:03:17,2523.3,615921
2021-05-24 10:03:17,2523.3,615921
2021-05-24 10:03:18,2523.3,616407
2021-05-24 10:03:18,2523.3,616407
2021-05-24 10:03:19,2522.75,616814
2021-05-24 10:03:19,2522.75,616814
2021-05-24 10:03:20,2523.55,616838
2021-05-24 10:03:20,2523.55,616838
2021-05-24 10:03:21,2522.75,616931
2021-05-24 10:03:21,2522.75,616931
2021-05-24 10:03:22,2523.25,617006
2021-05-24 10:03:22,2523.25,617006
2021-05-24 10:03:23,2523.55,617042
2021-05-24 10:03:23,2523.55,617042
2021-05-24 10:03:24,2522.75,617044
2021-05-24 10:03:24,2522.75,617044
2021-05-24 10:03:25,2522.75,617046
2021-05-24 10:03:25,2522.75,617046
2021-05-24 10:03:26,2522.75,617085
2021-05-24 10:03:26,2522.75,617085
2021-05-24 10:03:27,2522.7,617116
2021-05-24 10:03:27,2522.7,617116
2021-05-24 10:03:28,2521.6,617519
2021-05-24 10:03:28,2521.6,617519
2021-05-24 10:03:29,2521.95,617554
2021-05-24 10:03:29,2521.95,617554
2021-05-24 10:03:30,2521.95,617622
2021-05-24 10:03:31,2522.1,618721
2021-05-24 10:03:30,2521.95,617622
2021-05-24 10:03:31,2522.1,618721
2021-05-24 10:03:32,2522.25,618842
2021-05-24 10:03:32,2522.25,618842
2021-05-24 10:03:33,2523.1,619739
2021-05-24 10:03:33,2523.1,619739
2021-05-24 10:03:34,2523.15,619764
2021-05-24 10:03:34,2523.15,619764
2021-05-24 10:03:35,2523.0,619932
2021-05-24 10:03:36,2522.9,620014
2021-05-24 10:03:35,2523.0,619932
2021-05-24 10:03:36,2522.9,620014
2021-05-24 10:03:37,2523.0,620351
2021-05-24 10:03:37,2523.0,620351
2021-05-24 10:03:38,2524.75,620679
2021-05-24 10:03:38,2524.75,620679
2021-05-24 10:03:39,2524.85,620725
2021-05-24 10:03:39,2524.85,620725
2021-05-24 10:03:44,2525.2,621419
2021-05-24 10:03:44,2525.2,621419
2021-05-24 10:03:45,2526.5,621450
2021-05-24 10:03:45,2526.5,621450
2021-05-24 10:03:46,2525.35,621466
2021-05-24 10:03:46,2525.35,621466
2021-05-24 10:03:47,2526.5,621517
2021-05-24 10:03:47,2526.5,621517
2021-05-24 10:03:48,2525.4,621524
2021-05-24 10:03:48,2525.4,621524
2021-05-24 10:03:49,2526.3,621596
2021-05-24 10:03:49,2526.3,621596
2021-05-24 10:03:50,2525.35,621952
2021-05-24 10:03:50,2525.35,621952
2021-05-24 10:03:51,2526.45,622010
2021-05-24 10:03:51,2526.45,622010
2021-05-24 10:03:52,2525.35,622035
2021-05-24 10:03:52,2525.35,622035
2021-05-24 10:03:55,2526.25,622142
2021-05-24 10:03:55,2526.25,622142
2021-05-24 10:03:58,2525.8,622208
2021-05-24 10:03:58,2525.8,622208
2021-05-24 10:03:59,2526.5,622347
2021-05-24 10:03:59,2526.5,622347
2021-05-24 10:04:00,2525.75,622411
2021-05-24 10:04:00,2525.75,622411
2021-05-24 10:04:01,2525.75,622463
2021-05-24 10:04:01,2525.75,622463
2021-05-24 10:04:02,2525.85,622988
2021-05-24 10:04:02,2525.85,622988
2021-05-24 10:04:03,2525.65,623270
2021-05-24 10:04:03,2525.65,623270
2021-05-24 10:04:04,2525.65,623441
2021-05-24 10:04:04,2525.65,623441
2021-05-24 10:04:05,2526.2,624540
2021-05-24 10:04:05,2526.2,624540
2021-05-24 10:04:06,2525.55,624644
2021-05-24 10:04:06,2525.55,624644
2021-05-24 10:04:07,2525.5,624733
2021-05-24 10:04:07,2525.5,624733
2021-05-24 10:04:08,2525.3,625087
2021-05-24 10:04:08,2525.3,625087
2021-05-24 10:04:09,2525.45,625102
2021-05-24 10:04:09,2525.45,625102
2021-05-24 10:04:10,2525.3,625117
2021-05-24 10:04:10,2525.3,625117
2021-05-24 10:04:11,2523.75,625696
2021-05-24 10:04:11,2523.75,625696
2021-05-24 10:04:12,2523.95,625947
2021-05-24 10:04:13,2524.85,625948
2021-05-24 10:04:14,2523.75,625986
2021-05-24 10:04:15,2523.75,625987
2021-05-24 10:04:12,2523.95,625947
2021-05-24 10:04:13,2524.85,625948
2021-05-24 10:04:14,2523.75,625986
2021-05-24 10:04:15,2523.75,625987
2021-05-24 10:04:16,2524.5,625997
2021-05-24 10:04:16,2524.5,625997
2021-05-24 10:04:17,2524.5,625997
2021-05-24 10:04:17,2524.5,625997
2021-05-24 10:04:18,2524.05,626003
2021-05-24 10:04:18,2524.05,626003
2021-05-24 10:04:19,2524.3,626175
2021-05-24 10:04:19,2524.3,626175
2021-05-24 10:04:20,2524.25,626179
2021-05-24 10:04:21,2525.0,626189
2021-05-24 10:04:20,2524.25,626179
2021-05-24 10:04:21,2525.0,626189
2021-05-24 10:04:23,2523.4,626530
2021-05-24 10:04:22,2523.75,626309
2021-05-24 10:04:23,2523.4,626530
2021-05-24 10:04:24,2523.75,626543
2021-05-24 10:04:22,2523.75,626309
2021-05-24 10:04:24,2523.75,626543
2021-05-24 10:04:25,2524.45,626654
2021-05-24 10:04:26,2524.9,626658
2021-05-24 10:04:27,2524.45,626685
2021-05-24 10:04:25,2524.45,626654
2021-05-24 10:04:28,2524.9,626815
2021-05-24 10:04:26,2524.9,626658
2021-05-24 10:04:27,2524.45,626685
2021-05-24 10:04:28,2524.9,626815
2021-05-24 10:04:29,2523.5,627015
2021-05-24 10:04:29,2523.5,627015
2021-05-24 10:04:30,2523.75,627016
2021-05-24 10:04:30,2523.75,627016
2021-05-24 10:04:31,2524.1,627100
2021-05-24 10:04:31,2524.1,627100
2021-05-24 10:04:32,2525.0,627290
2021-05-24 10:04:32,2525.0,627290
2021-05-24 10:04:33,2523.7,627340
2021-05-24 10:04:33,2523.7,627340
2021-05-24 10:04:35,2524.0,627539
2021-05-24 10:04:36,2524.0,627539
2021-05-24 10:04:35,2524.0,627539
2021-05-24 10:04:38,2524.8,627540
2021-05-24 10:04:36,2524.0,627539
2021-05-24 10:04:38,2524.8,627540
2021-05-24 10:04:39,2524.8,627542
2021-05-24 10:04:40,2524.8,627543
2021-05-24 10:04:39,2524.8,627542
2021-05-24 10:04:40,2524.8,627543
2021-05-24 10:04:41,2524.8,627543
2021-05-24 10:04:42,2524.8,627543
2021-05-24 10:04:41,2524.8,627543
2021-05-24 10:04:42,2524.8,627543
2021-05-24 10:04:43,2524.05,627581
2021-05-24 10:04:43,2524.05,627581
2021-05-24 10:04:44,2524.05,627581
2021-05-24 10:04:44,2524.05,627581
2021-05-24 10:04:45,2524.1,627655
2021-05-24 10:04:45,2524.1,627655
2021-05-24 10:04:46,2524.05,627847
2021-05-24 10:04:46,2524.05,627847
2021-05-24 10:04:47,2524.05,627882
2021-05-24 10:04:48,2524.4,627988
2021-05-24 10:04:47,2524.05,627882
