timestamp,ltp,volume
2021-05-24 09:36:57,1353.95,488535
2021-05-24 09:37:00,1354.65,488649
2021-05-24 09:37:01,1354.6,488713
2021-05-24 09:37:02,1354.6,488725
2021-05-24 09:37:03,1354.6,488737
2021-05-24 09:37:04,1354.0,488739
2021-05-24 09:37:05,1354.0,488743
2021-05-24 09:37:08,1354.6,490353
2021-05-24 09:37:09,1353.9,490691
2021-05-24 09:37:10,1354.6,491341
2021-05-24 09:37:11,1354.6,491427
2021-05-24 09:37:12,1354.6,491439
2021-05-24 09:37:12,1354.6,491497
2021-05-24 09:37:13,1354.6,492400
2021-05-24 09:37:14,1354.55,492534
2021-05-24 09:37:15,1354.6,492627
2021-05-24 09:37:16,1353.85,492841
2021-05-24 09:37:17,1354.55,492890
2021-05-24 09:37:18,1353.85,492901
2021-05-24 09:37:19,1354.0,492916
2021-05-24 09:37:20,1354.0,492918
2021-05-24 09:37:22,1354.4,493042
2021-05-24 09:37:23,1354.05,493069
2021-05-24 09:37:24,1354.05,493072
2021-05-24 09:37:25,1354.55,493932
2021-05-24 09:37:26,1354.05,493979
2021-05-24 09:37:27,1353.9,493995
2021-05-24 09:37:28,1354.0,494027
2021-05-24 09:37:28,1353.8,494024
2021-05-24 09:37:29,1354.0,494038
2021-05-24 09:37:30,1354.45,494061
2021-05-24 09:37:32,1353.6,494471
2021-05-24 09:37:33,1353.6,494474
2021-05-24 09:37:34,1353.65,494615
2021-05-24 09:37:36,1354.4,494636
2021-05-24 09:37:37,1353.8,494638
2021-05-24 09:37:37,1353.8,494638
2021-05-24 09:37:39,1353.65,494658
2021-05-24 09:37:39,1353.65,494658
2021-05-24 09:37:39,1354.3,494657
2021-05-24 09:37:39,1354.3,494657
2021-05-24 09:37:40,1354.25,494709
2021-05-24 09:37:40,1354.25,494709
2021-05-24 09:37:41,1354.25,494771
2021-05-24 09:37:41,1354.25,494771
2021-05-24 09:37:43,1354.0,495046
2021-05-24 09:37:43,1354.0,495046
2021-05-24 09:37:45,1354.25,495173
2021-05-24 09:37:45,1354.25,495173
2021-05-24 09:37:48,1354.1,497690
2021-05-24 09:37:48,1354.1,497690
2021-05-24 09:37:49,1354.2,497812
2021-05-24 09:37:49,1354.2,497812
2021-05-24 09:37:51,1353.5,498540
2021-05-24 09:37:51,1353.5,498540
2021-05-24 09:37:54,1353.9,498988
2021-05-24 09:37:54,1353.9,498988
2021-05-24 09:37:55,1353.8,499465
2021-05-24 09:37:55,1353.8,499465
2021-05-24 09:37:56,1353.45,499696
2021-05-24 09:37:56,1353.45,499696
2021-05-24 09:37:57,1353.2,500394
2021-05-24 09:37:57,1353.2,500394
2021-05-24 09:37:58,1353.65,501038
2021-05-24 09:37:58,1353.65,501038
2021-05-24 09:37:59,1353.75,501608
2021-05-24 09:37:59,1353.75,501608
2021-05-24 09:38:00,1353.05,501815
2021-05-24 09:38:00,1353.05,501815
2021-05-24 09:38:01,1353.75,501971
2021-05-24 09:38:01,1353.75,501971
2021-05-24 09:38:02,1353.5,501992
2021-05-24 09:38:02,1353.5,501992
2021-05-24 09:38:03,1353.5,502018
2021-05-24 09:38:03,1353.5,502018
2021-05-24 09:38:04,1353.0,502517
2021-05-24 09:38:04,1353.0,502517
2021-05-24 09:38:05,1352.8,502957
2021-05-24 09:38:05,1352.8,502957
2021-05-24 09:38:06,1352.55,503593
2021-05-24 09:38:06,1352.55,503593
2021-05-24 09:38:07,1353.45,503667
2021-05-24 09:38:07,1353.45,503667
2021-05-24 09:38:10,1353.0,505223
2021-05-24 09:38:10,1353.0,505223
2021-05-24 09:38:12,1353.0,506552
2021-05-24 09:38:12,1353.0,506552
2021-05-24 09:38:13,1352.55,506752
2021-05-24 09:38:13,1352.55,506752
2021-05-24 09:38:14,1352.65,506979
2021-05-24 09:38:14,1352.65,506979
2021-05-24 09:38:15,1353.4,507007
2021-05-24 09:38:15,1353.4,507007
2021-05-24 09:38:16,1353.25,507012
2021-05-24 09:38:16,1353.25,507012
2021-05-24 09:38:17,1352.65,507075
2021-05-24 09:38:17,1352.65,507075
2021-05-24 09:38:18,1352.8,507146
2021-05-24 09:38:18,1352.8,507146
2021-05-24 09:38:19,1353.65,507180
2021-05-24 09:38:19,1353.65,507180
2021-05-24 09:38:20,1353.65,507188
2021-05-24 09:38:20,1353.65,507188
2021-05-24 09:38:21,1353.65,507221
2021-05-24 09:38:21,1353.65,507221
2021-05-24 09:38:21,1353.25,507234
2021-05-24 09:38:21,1353.25,507234
2021-05-24 09:38:22,1353.9,507267
2021-05-24 09:38:22,1353.9,507267
2021-05-24 09:38:24,1353.8,507287
2021-05-24 09:38:24,1353.8,507287
2021-05-24 09:38:25,1353.1,507304
2021-05-24 09:38:25,1353.1,507304
2021-05-24 09:38:26,1353.25,507316
2021-05-24 09:38:26,1353.25,507316
2021-05-24 09:38:27,1353.1,507567
2021-05-24 09:38:27,1353.1,507567
2021-05-24 09:38:28,1353.15,508112
2021-05-24 09:38:28,1353.15,508112
2021-05-24 09:38:29,1353.8,508819
2021-05-24 09:38:29,1353.8,508819
2021-05-24 09:38:30,1353.15,509424
2021-05-24 09:38:30,1353.15,509424
2021-05-24 09:38:31,1353.8,510783
2021-05-24 09:38:31,1353.8,510783
2021-05-24 09:38:32,1354.0,512593
2021-05-24 09:38:32,1354.0,512593
2021-05-24 09:38:33,1353.8,513533
2021-05-24 09:38:33,1353.8,513533
2021-05-24 09:38:33,1353.8,513357
2021-05-24 09:38:33,1353.8,513357
2021-05-24 09:38:35,1353.8,514088
2021-05-24 09:38:35,1353.8,514088
2021-05-24 09:38:36,1353.9,514191
2021-05-24 09:38:36,1353.9,514191
2021-05-24 09:38:37,1353.9,514695
2021-05-24 09:38:37,1353.9,514695
2021-05-24 09:38:38,1354.55,514762
2021-05-24 09:38:38,1354.55,514762
2021-05-24 09:38:39,1354.55,515265
2021-05-24 09:38:39,1354.55,515265
2021-05-24 09:38:40,1355.15,516311
2021-05-24 09:38:40,1355.15,516311
2021-05-24 09:38:41,1355.15,516479
2021-05-24 09:38:41,1355.15,516479
2021-05-24 09:38:42,1354.65,516576
2021-05-24 09:38:42,1354.65,516576
2021-05-24 09:38:44,1355.35,516597
2021-05-24 09:38:44,1355.35,516597
2021-05-24 09:38:45,1355.35,516601
2021-05-24 09:38:45,1355.35,516601
2021-05-24 09:38:46,1355.3,516671
2021-05-24 09:38:46,1355.3,516671
2021-05-24 09:38:47,1355.4,518474
2021-05-24 09:38:47,1355.4,518474
2021-05-24 09:38:48,1356.05,519514
2021-05-24 09:38:48,1356.05,519514
2021-05-24 09:38:49,1356.5,519829
2021-05-24 09:38:49,1356.5,519829
2021-05-24 09:38:50,1355.85,520009
2021-05-24 09:38:50,1355.85,520009
2021-05-24 09:38:50,1356.55,520188
2021-05-24 09:38:50,1356.55,520188
2021-05-24 09:38:51,1356.5,520230
2021-05-24 09:38:51,1356.5,520230
2021-05-24 09:38:53,1356.5,521013
2021-05-24 09:38:53,1356.5,521013
2021-05-24 09:38:55,1356.2,521202
2021-05-24 09:38:55,1356.2,521202
2021-05-24 09:38:56,1356.0,521216
2021-05-24 09:38:56,1356.0,521216
2021-05-24 09:38:57,1355.7,521524
2021-05-24 09:38:57,1355.7,521524
2021-05-24 09:38:58,1356.0,521543
2021-05-24 09:38:58,1356.0,521543
2021-05-24 09:38:59,1355.2,532072
2021-05-24 09:38:59,1355.2,532072
2021-05-24 09:39:00,1355.65,534058
2021-05-24 09:39:00,1355.65,534058
2021-05-24 09:39:02,1355.65,534130
2021-05-24 09:39:02,1355.65,534130
2021-05-24 09:39:03,1356.1,534276
2021-05-24 09:39:03,1356.1,534276
2021-05-24 09:39:04,1356.1,534421
2021-05-24 09:39:04,1356.1,534421
2021-05-24 09:39:05,1356.55,535043
2021-05-24 09:39:05,1356.55,535043
2021-05-24 09:39:06,1356.0,535112
2021-05-24 09:39:06,1356.0,535112
2021-05-24 09:39:07,1356.05,535214
2021-05-24 09:39:07,1356.05,535214
2021-05-24 09:39:08,1356.25,535846
2021-05-24 09:39:08,1356.25,535846
2021-05-24 09:39:11,1355.6,536178
2021-05-24 09:39:11,1355.6,536178
2021-05-24 09:39:13,1356.2,536210
2021-05-24 09:39:13,1356.2,536210
2021-05-24 09:39:14,1356.3,536296
2021-05-24 09:39:14,1356.3,536296
2021-05-24 09:39:15,1356.3,536312
2021-05-24 09:39:15,1356.3,536312
2021-05-24 09:39:16,1356.25,537821
2021-05-24 09:39:16,1356.25,537821
2021-05-24 09:39:17,1356.25,537886
2021-05-24 09:39:17,1356.25,537886
2021-05-24 09:39:18,1356.2,537894
2021-05-24 09:39:18,1356.2,537894
2021-05-24 09:39:19,1356.2,537895
2021-05-24 09:39:19,1356.2,537895
2021-05-24 09:39:20,1355.45,537945
2021-05-24 09:39:20,1355.45,537945
2021-05-24 09:39:21,1356.2,537957
2021-05-24 09:39:21,1356.2,537957
2021-05-24 09:39:22,1356.2,538057
2021-05-24 09:39:22,1356.2,538057
2021-05-24 09:39:23,1355.8,538844
2021-05-24 09:39:23,1355.8,538844
2021-05-24 09:39:24,1356.0,539097
2021-05-24 09:39:24,1356.0,539097
2021-05-24 09:39:25,1356.0,539139
2021-05-24 09:39:25,1356.0,539139
2021-05-24 09:39:26,1356.0,539155
2021-05-24 09:39:26,1356.0,539155
2021-05-24 09:39:27,1356.0,539160
2021-05-24 09:39:27,1356.0,539160
2021-05-24 09:39:27,1356.0,539160
2021-05-24 09:39:27,1356.0,539160
2021-05-24 09:39:28,1355.9,539851
2021-05-24 09:39:28,1355.9,539851
2021-05-24 09:39:30,1356.0,540022
2021-05-24 09:39:30,1356.0,540022
2021-05-24 09:39:31,1355.85,540124
2021-05-24 09:39:31,1355.85,540124
2021-05-24 09:39:37,1356.0,542478
2021-05-24 09:39:37,1356.0,542478
2021-05-24 09:39:40,1356.0,543086
2021-05-24 09:39:40,1356.0,543086
2021-05-24 09:39:42,1355.8,543579
2021-05-24 09:39:42,1355.8,543579
2021-05-24 09:39:43,1355.8,543579
2021-05-24 09:39:43,1355.8,543579
2021-05-24 09:39:44,1355.75,543879
2021-05-24 09:39:44,1355.75,543879
2021-05-24 09:39:44,1355.75,543879
2021-05-24 09:39:45,1356.05,543933
2021-05-24 09:39:44,1355.75,543879
2021-05-24 09:39:45,1356.05,543933
2021-05-24 09:39:46,1356.6,545092
2021-05-24 09:39:46,1356.6,545092
2021-05-24 09:39:48,1355.8,545757
2021-05-24 09:39:48,1355.8,545757
2021-05-24 09:39:50,1356.55,545798
2021-05-24 09:39:50,1356.55,545798
2021-05-24 09:39:52,1356.55,545911
2021-05-24 09:39:52,1356.55,545911
2021-05-24 09:39:53,1356.6,545944
2021-05-24 09:39:53,1356.6,545944
2021-05-24 09:39:54,1356.6,545987
2021-05-24 09:39:54,1356.6,545987
2021-05-24 09:39:55,1356.6,545988
2021-05-24 09:39:55,1356.6,545988
2021-05-24 09:39:56,1356.55,546005
2021-05-24 09:39:56,1356.55,546005
2021-05-24 09:39:57,1356.7,546355
2021-05-24 09:39:57,1356.7,546355
2021-05-24 09:39:58,1356.7,546420
2021-05-24 09:39:58,1356.7,546420
2021-05-24 09:39:59,1356.7,546441
2021-05-24 09:39:59,1356.7,546441
2021-05-24 09:40:00,1356.25,546444
2021-05-24 09:40:00,1356.25,546444
2021-05-24 09:40:01,1356.7,546489
2021-05-24 09:40:01,1356.7,546489
2021-05-24 09:40:02,1356.7,546544
2021-05-24 09:40:02,1356.7,546544
2021-05-24 09:40:03,1356.7,546796
2021-05-24 09:40:03,1356.7,546796
2021-05-24 09:40:04,1356.7,546804
2021-05-24 09:40:04,1356.7,546804
2021-05-24 09:40:05,1356.55,546831
2021-05-24 09:40:05,1356.55,546831
2021-05-24 09:40:05,1356.55,546831
2021-05-24 09:40:05,1356.55,546831
2021-05-24 09:40:07,1356.55,547474
2021-05-24 09:40:07,1356.55,547474
2021-05-24 09:40:08,1356.55,547474
2021-05-24 09:40:08,1356.55,547474
2021-05-24 09:40:09,1356.55,547474
2021-05-24 09:40:09,1356.55,547474
2021-05-24 09:40:10,1356.55,547506
2021-05-24 09:40:10,1356.55,547506
2021-05-24 09:40:11,1356.7,547536
2021-05-24 09:40:11,1356.7,547536
2021-05-24 09:40:13,1356.7,547763
2021-05-24 09:40:13,1356.7,547763
2021-05-24 09:40:14,1356.55,547802
2021-05-24 09:40:14,1356.55,547802
2021-05-24 09:40:15,1356.7,548068
2021-05-24 09:40:15,1356.7,548068
2021-05-24 09:40:16,1356.55,548078
2021-05-24 09:40:16,1356.55,548078
2021-05-24 09:40:17,1356.55,548078
2021-05-24 09:40:17,1356.55,548078
2021-05-24 09:40:18,1356.7,548115
2021-05-24 09:40:18,1356.7,548115
2021-05-24 09:40:19,1356.65,548134
2021-05-24 09:40:19,1356.65,548134
2021-05-24 09:40:20,1356.55,548847
2021-05-24 09:40:20,1356.55,548847
2021-05-24 09:40:21,1356.5,548993
2021-05-24 09:40:21,1356.5,548993
2021-05-24 09:40:22,1356.55,549107
2021-05-24 09:40:22,1356.55,549107
2021-05-24 09:40:23,1356.5,549276
2021-05-24 09:40:23,1356.5,549276
2021-05-24 09:40:23,1356.5,549281
2021-05-24 09:40:23,1356.5,549281
2021-05-24 09:40:25,1356.0,549386
2021-05-24 09:40:25,1356.0,549386
2021-05-24 09:40:26,1356.3,549416
2021-05-24 09:40:26,1356.3,549416
2021-05-24 09:40:27,1356.3,549443
2021-05-24 09:40:27,1356.3,549443
2021-05-24 09:40:28,1356.3,549574
2021-05-24 09:40:28,1356.3,549574
2021-05-24 09:40:29,1356.3,549578
2021-05-24 09:40:29,1356.3,549578
2021-05-24 09:40:30,1356.3,549628
2021-05-24 09:40:30,1356.3,549628
2021-05-24 09:40:31,1356.3,549634
2021-05-24 09:40:31,1356.3,549634
2021-05-24 09:40:32,1356.3,549699
2021-05-24 09:40:32,1356.3,549699
2021-05-24 09:40:33,1356.3,549738
2021-05-24 09:40:33,1356.3,549738
2021-05-24 09:40:34,1356.3,549770
2021-05-24 09:40:34,1356.3,549770
2021-05-24 09:40:35,1356.3,549775
2021-05-24 09:40:35,1356.3,549775
2021-05-24 09:40:36,1356.3,549786
2021-05-24 09:40:36,1356.3,549786
2021-05-24 09:40:39,1356.3,549811
2021-05-24 09:40:39,1356.3,549811
2021-05-24 09:40:40,1356.3,550252
2021-05-24 09:40:40,1356.3,550252
2021-05-24 09:40:41,1356.3,550267
2021-05-24 09:40:41,1356.3,550267
2021-05-24 09:40:42,1356.05,550632
2021-05-24 09:40:42,1356.05,550632
2021-05-24 09:40:42,1356.05,550632
2021-05-24 09:40:42,1356.05,550632
2021-05-24 09:40:45,1356.0,550912
2021-05-24 09:40:45,1356.0,550912
2021-05-24 09:40:46,1356.0,552034
2021-05-24 09:40:46,1356.0,552034
2021-05-24 09:40:47,1356.3,552042
2021-05-24 09:40:47,1356.3,552042
2021-05-24 09:40:48,1356.3,552043
2021-05-24 09:40:48,1356.3,552043
2021-05-24 09:40:49,1356.3,552323
2021-05-24 09:40:49,1356.3,552323
2021-05-24 09:40:50,1356.2,552533
2021-05-24 09:40:50,1356.2,552533
2021-05-24 09:40:51,1356.15,552663
2021-05-24 09:40:52,1355.95,552668
2021-05-24 09:40:51,1356.15,552663
2021-05-24 09:40:52,1355.95,552668
2021-05-24 09:40:53,1356.2,552680
2021-05-24 09:40:53,1356.2,552680
2021-05-24 09:40:54,1356.2,552680
2021-05-24 09:40:54,1356.2,552680
2021-05-24 09:40:55,1356.0,552682
2021-05-24 09:40:55,1356.0,552682
2021-05-24 09:40:55,1356.0,552682
2021-05-24 09:40:55,1356.0,552682
2021-05-24 09:40:57,1356.05,552709
2021-05-24 09:40:57,1356.05,552709
2021-05-24 09:40:58,1355.75,552712
2021-05-24 09:40:58,1355.75,552712
2021-05-24 09:40:59,1355.75,552811
2021-05-24 09:40:59,1355.75,552811
2021-05-24 09:41:00,1355.5,552952
2021-05-24 09:41:00,1355.5,552952
2021-05-24 09:41:01,1355.75,553106
2021-05-24 09:41:01,1355.75,553106
2021-05-24 09:41:02,1355.75,553112
2021-05-24 09:41:02,1355.75,553112
2021-05-24 09:41:03,1355.75,553112
2021-05-24 09:41:03,1355.75,553112
2021-05-24 09:41:04,1355.8,553115
2021-05-24 09:41:04,1355.8,553115
2021-05-24 09:41:05,1355.35,553135
2021-05-24 09:41:05,1355.35,553135
2021-05-24 09:41:06,1355.85,553245
2021-05-24 09:41:06,1355.85,553245
2021-05-24 09:41:07,1355.8,553394
2021-05-24 09:41:07,1355.8,553394
2021-05-24 09:41:08,1355.85,553513
2021-05-24 09:41:08,1355.85,553513
2021-05-24 09:41:09,1355.25,553618
2021-05-24 09:41:09,1355.25,553618
2021-05-24 09:41:10,1355.85,553710
2021-05-24 09:41:10,1355.85,553710
2021-05-24 09:41:11,1355.85,553728
2021-05-24 09:41:11,1355.85,553728
2021-05-24 09:41:12,1355.9,553831
2021-05-24 09:41:12,1355.9,553831
2021-05-24 09:41:13,1355.9,553834
2021-05-24 09:41:13,1355.9,553834
2021-05-24 09:41:14,1355.8,553836
2021-05-24 09:41:14,1355.8,553836
2021-05-24 09:41:15,1355.9,553897
2021-05-24 09:41:15,1355.9,553897
2021-05-24 09:41:15,1355.9,553908
2021-05-24 09:41:15,1355.9,553908
2021-05-24 09:41:17,1355.9,553908
2021-05-24 09:41:17,1355.9,553908
2021-05-24 09:41:18,1355.9,553908
2021-05-24 09:41:18,1355.9,553908
2021-05-24 09:41:19,1355.9,553925
2021-05-24 09:41:19,1355.9,553925
2021-05-24 09:41:20,1355.9,554149
2021-05-24 09:41:20,1355.9,554149
2021-05-24 09:41:21,1355.9,554194
2021-05-24 09:41:21,1355.9,554194
2021-05-24 09:41:22,1355.35,554306
2021-05-24 09:41:22,1355.35,554306
2021-05-24 09:41:24,1355.8,554321
2021-05-24 09:41:24,1355.8,554321
2021-05-24 09:41:24,1355.8,554321
2021-05-24 09:41:24,1355.8,554321
2021-05-24 09:41:25,1355.8,554321
2021-05-24 09:41:25,1355.8,554321
2021-05-24 09:41:27,1355.75,554336
2021-05-24 09:41:27,1355.75,554336
2021-05-24 09:41:28,1355.8,554397
2021-05-24 09:41:28,1355.8,554397
2021-05-24 09:41:29,1355.5,554448
2021-05-24 09:41:29,1355.5,554448
2021-05-24 09:41:30,1355.5,554452
2021-05-24 09:41:30,1355.5,554452
2021-05-24 09:41:31,1355.15,554532
2021-05-24 09:41:31,1355.15,554532
2021-05-24 09:41:32,1355.5,554742
2021-05-24 09:41:32,1355.5,554742
2021-05-24 09:41:33,1355.5,554792
2021-05-24 09:41:33,1355.5,554793
2021-05-24 09:41:33,1355.5,554792
2021-05-24 09:41:33,1355.5,554793
2021-05-24 09:41:35,1355.5,554893
2021-05-24 09:41:35,1355.5,554893
2021-05-24 09:41:36,1355.5,554896
2021-05-24 09:41:36,1355.5,554896
2021-05-24 09:41:38,1355.25,554918
2021-05-24 09:41:38,1355.25,554918
2021-05-24 09:41:38,1355.25,554918
2021-05-24 09:41:38,1355.25,554918
2021-05-24 09:41:40,1355.5,554948
2021-05-24 09:41:40,1355.5,554948
2021-05-24 09:41:41,1355.5,554965
2021-05-24 09:41:41,1355.5,554965
2021-05-24 09:41:42,1355.5,554976
2021-05-24 09:41:42,1355.5,554976
2021-05-24 09:41:43,1355.2,555320
2021-05-24 09:41:43,1355.2,555320
2021-05-24 09:41:44,1355.15,555456
2021-05-24 09:41:44,1355.15,555456
2021-05-24 09:41:45,1355.2,555655
2021-05-24 09:41:45,1355.2,555655
2021-05-24 09:41:46,1355.2,555668
2021-05-24 09:41:46,1355.2,555668
2021-05-24 09:41:47,1355.2,555682
2021-05-24 09:41:47,1355.2,555682
2021-05-24 09:41:48,1355.2,555683
2021-05-24 09:41:48,1355.2,555683
2021-05-24 09:41:49,1355.2,555706
2021-05-24 09:41:49,1355.2,555706
2021-05-24 09:41:50,1355.2,555889
2021-05-24 09:41:50,1355.2,555889
2021-05-24 09:41:51,1355.2,555889
2021-05-24 09:41:51,1355.2,555889
2021-05-24 09:41:52,1355.5,555989
2021-05-24 09:41:52,1355.5,555989
2021-05-24 09:41:53,1355.5,555994
2021-05-24 09:41:53,1355.5,555994
2021-05-24 09:41:54,1355.6,559073
2021-05-24 09:41:55,1355.6,559073
2021-05-24 09:41:54,1355.6,559073
2021-05-24 09:41:55,1355.6,559073
2021-05-24 09:41:56,1355.65,559785
2021-05-24 09:41:56,1355.65,559785
2021-05-24 09:41:57,1356.4,559787
2021-05-24 09:41:57,1356.4,559787
2021-05-24 09:41:58,1355.85,559789
2021-05-24 09:41:58,1355.85,559789
2021-05-24 09:42:00,1356.55,560057
2021-05-24 09:42:00,1356.55,560057
2021-05-24 09:41:59,1356.5,559889
2021-05-24 09:41:59,1356.5,559889
2021-05-24 09:42:01,1356.0,560112
2021-05-24 09:42:01,1356.0,560112
2021-05-24 09:42:02,1356.55,560135
2021-05-24 09:42:02,1356.55,560135
2021-05-24 09:42:03,1356.55,560135
2021-05-24 09:42:03,1356.55,560135
2021-05-24 09:42:04,1355.6,560200
2021-05-24 09:42:05,1355.5,560264
2021-05-24 09:42:04,1355.6,560200
2021-05-24 09:42:05,1355.5,560264
2021-05-24 09:42:06,1355.45,561084
2021-05-24 09:42:06,1355.45,561084
2021-05-24 09:42:07,1355.9,561161
2021-05-24 09:42:07,1355.9,561161
2021-05-24 09:42:08,1355.95,561279
2021-05-24 09:42:08,1355.95,561279
2021-05-24 09:42:09,1355.9,561295
2021-05-24 09:42:09,1355.9,561295
2021-05-24 09:42:11,1355.65,561303
2021-05-24 09:42:11,1355.65,561303
2021-05-24 09:42:10,1355.9,561302
2021-05-24 09:42:10,1355.9,561302
2021-05-24 09:42:12,1355.9,561829
2021-05-24 09:42:12,1355.9,561829
2021-05-24 09:42:13,1355.55,561855
2021-05-24 09:42:13,1355.55,561855
2021-05-24 09:42:14,1355.9,561865
2021-05-24 09:42:14,1355.9,561865
2021-05-24 09:42:16,1355.85,561987
2021-05-24 09:42:16,1355.85,561987
2021-05-24 09:42:17,1355.85,561995
2021-05-24 09:42:17,1355.85,561995
2021-05-24 09:42:18,1355.55,562007
2021-05-24 09:42:18,1355.55,562007
2021-05-24 09:42:19,1355.9,562010
2021-05-24 09:42:19,1355.9,562010
2021-05-24 09:42:20,1355.9,562017
2021-05-24 09:42:20,1355.9,562017
2021-05-24 09:42:21,1355.5,562032
2021-05-24 09:42:21,1355.5,562032
2021-05-24 09:42:22,1355.5,562032
2021-05-24 09:42:22,1355.5,562032
2021-05-24 09:42:24,1355.45,562120
2021-05-24 09:42:24,1355.45,562120
2021-05-24 09:42:25,1355.85,562121
2021-05-24 09:42:25,1355.85,562121
2021-05-24 09:42:26,1355.85,562121
2021-05-24 09:42:26,1355.85,562121
2021-05-24 09:42:27,1355.85,562121
2021-05-24 09:42:27,1355.85,562121
2021-05-24 09:42:28,1355.85,562147
2021-05-24 09:42:28,1355.85,562147
2021-05-24 09:42:29,1355.85,562164
2021-05-24 09:42:29,1355.85,562164
2021-05-24 09:42:30,1355.45,562177
2021-05-24 09:42:30,1355.45,562177
2021-05-24 09:42:31,1355.85,562180
2021-05-24 09:42:31,1355.85,562180
2021-05-24 09:42:32,1355.85,562180
2021-05-24 09:42:32,1355.85,562180
2021-05-24 09:42:33,1355.85,562181
2021-05-24 09:42:33,1355.85,562181
2021-05-24 09:42:34,1355.85,562201
2021-05-24 09:42:34,1355.85,562201
2021-05-24 09:42:35,1355.85,562202
2021-05-24 09:42:35,1355.85,562202
2021-05-24 09:42:36,1355.7,562209
2021-05-24 09:42:36,1355.7,562209
2021-05-24 09:42:39,1355.85,562336
2021-05-24 09:42:39,1355.85,562336
2021-05-24 09:42:40,1355.45,562366
2021-05-24 09:42:40,1355.45,562366
2021-05-24 09:42:41,1355.45,562369
2021-05-24 09:42:41,1355.45,562369
2021-05-24 09:42:42,1355.8,562406
2021-05-24 09:42:42,1355.8,562406
2021-05-24 09:42:43,1355.45,562440
2021-05-24 09:42:43,1355.45,562440
2021-05-24 09:42:44,1355.45,562446
2021-05-24 09:42:44,1355.45,562446
2021-05-24 09:42:45,1355.45,562455
2021-05-24 09:42:45,1355.45,562455
2021-05-24 09:42:46,1355.45,562466
2021-05-24 09:42:46,1355.45,562466
2021-05-24 09:42:48,1355.45,562497
2021-05-24 09:42:48,1355.45,562497
2021-05-24 09:42:50,1355.8,562612
2021-05-24 09:42:50,1355.8,562612
2021-05-24 09:42:51,1355.75,562615
2021-05-24 09:42:51,1355.75,562615
2021-05-24 09:42:52,1355.8,562715
2021-05-24 09:42:52,1355.8,562715
2021-05-24 09:42:54,1355.65,563055
2021-05-24 09:42:55,1355.65,563056
2021-05-24 09:42:54,1355.65,563055
2021-05-24 09:42:55,1355.65,563056
2021-05-24 09:42:56,1355.65,563056
2021-05-24 09:42:56,1355.65,563056
2021-05-24 09:42:58,1355.65,563071
2021-05-24 09:42:58,1355.65,563071
2021-05-24 09:43:00,1355.65,563102
2021-05-24 09:43:00,1355.65,563102
2021-05-24 09:42:59,1355.65,563101
2021-05-24 09:42:59,1355.65,563101
2021-05-24 09:43:01,1355.0,563800
2021-05-24 09:43:01,1355.0,563800
2021-05-24 09:43:02,1355.65,563811
2021-05-24 09:43:02,1355.65,563811
2021-05-24 09:43:03,1355.05,563930
2021-05-24 09:43:03,1355.05,563930
2021-05-24 09:43:04,1355.6,563984
2021-05-24 09:43:04,1355.6,563984
2021-05-24 09:43:05,1355.55,563999
2021-05-24 09:43:05,1355.55,563999
2021-05-24 09:43:06,1355.3,564123
2021-05-24 09:43:06,1355.3,564123
2021-05-24 09:43:07,1355.3,564132
2021-05-24 09:43:07,1355.3,564132
2021-05-24 09:43:09,1354.85,566475
2021-05-24 09:43:09,1354.85,566475
2021-05-24 09:43:10,1354.8,567466
2021-05-24 09:43:11,1355.75,569073
2021-05-24 09:43:10,1354.8,567466
2021-05-24 09:43:11,1355.75,569073
2021-05-24 09:43:12,1355.5,570590
2021-05-24 09:43:12,1355.5,570590
2021-05-24 09:43:13,1355.5,570590
2021-05-24 09:43:13,1355.5,570590
2021-05-24 09:43:14,1355.85,570678
2021-05-24 09:43:14,1355.85,570678
2021-05-24 09:43:15,1355.8,574045
2021-05-24 09:43:15,1355.8,574045
2021-05-24 09:43:16,1356.0,574100
2021-05-24 09:43:16,1356.0,574100
2021-05-24 09:43:17,1356.4,574101
2021-05-24 09:43:17,1356.4,574101
2021-05-24 09:43:18,1356.4,574145
2021-05-24 09:43:18,1356.4,574145
2021-05-24 09:43:20,1356.4,574220
2021-05-24 09:43:20,1356.4,574220
2021-05-24 09:43:21,1356.05,574607
2021-05-24 09:43:21,1356.05,574607
2021-05-24 09:43:23,1356.05,574613
2021-05-24 09:43:23,1356.05,574613
2021-05-24 09:43:24,1356.2,574803
2021-05-24 09:43:24,1356.2,574803
2021-05-24 09:43:25,1356.2,574809
2021-05-24 09:43:25,1356.2,574809
2021-05-24 09:43:26,1356.0,574811
2021-05-24 09:43:26,1356.0,574811
2021-05-24 09:43:27,1356.45,574826
2021-05-24 09:43:27,1356.45,574826
2021-05-24 09:43:28,1356.2,574829
2021-05-24 09:43:28,1356.2,574829
2021-05-24 09:43:29,1356.55,575339
2021-05-24 09:43:29,1356.55,575339
2021-05-24 09:43:30,1356.55,575354
2021-05-24 09:43:30,1356.55,575354
2021-05-24 09:43:31,1356.55,575455
2021-05-24 09:43:31,1356.55,575455
2021-05-24 09:43:32,1356.55,575458
2021-05-24 09:43:32,1356.55,575458
2021-05-24 09:43:33,1356.55,575459
2021-05-24 09:43:33,1356.55,575459
2021-05-24 09:43:35,1356.55,575504
2021-05-24 09:43:35,1356.55,575504
2021-05-24 09:43:34,1356.55,575494
2021-05-24 09:43:34,1356.55,575494
2021-05-24 09:43:36,1356.55,575531
2021-05-24 09:43:36,1356.55,575531
2021-05-24 09:43:37,1356.2,575560
2021-05-24 09:43:37,1356.2,575560
2021-05-24 09:43:38,1356.15,575584
2021-05-24 09:43:38,1356.15,575584
2021-05-24 09:43:39,1355.95,575671
2021-05-24 09:43:39,1355.95,575671
2021-05-24 09:43:40,1356.4,575710
2021-05-24 09:43:40,1356.4,575710
2021-05-24 09:43:41,1356.4,575711
2021-05-24 09:43:41,1356.4,575711
2021-05-24 09:43:42,1355.95,575837
2021-05-24 09:43:42,1355.95,575837
2021-05-24 09:43:43,1356.5,575838
2021-05-24 09:43:43,1356.5,575838
2021-05-24 09:43:44,1356.55,575888
2021-05-24 09:43:44,1356.55,575888
2021-05-24 09:43:45,1356.45,575892
2021-05-24 09:43:45,1356.45,575892
2021-05-24 09:43:46,1356.55,575917
2021-05-24 09:43:46,1356.55,575917
2021-05-24 09:43:47,1356.55,575918
2021-05-24 09:43:47,1356.55,575918
2021-05-24 09:43:48,1356.55,575928
2021-05-24 09:43:48,1356.55,575928
2021-05-24 09:43:50,1356.55,575952
2021-05-24 09:43:50,1356.55,575952
2021-05-24 09:43:52,1356.55,576104
2021-05-24 09:43:52,1356.55,576104
2021-05-24 09:43:52,1356.55,576108
2021-05-24 09:43:52,1356.55,576108
2021-05-24 09:43:53,1356.5,576513
2021-05-24 09:43:53,1356.5,576513
2021-05-24 09:43:54,1356.0,576650
2021-05-24 09:43:54,1356.0,576650
2021-05-24 09:43:55,1356.45,576682
2021-05-24 09:43:55,1356.45,576682
2021-05-24 09:43:57,1356.45,576683
2021-05-24 09:43:57,1356.45,576683
2021-05-24 09:43:57,1356.45,576683
2021-05-24 09:43:57,1356.45,576683
2021-05-24 09:43:58,1356.45,576705
2021-05-24 09:43:58,1356.45,576705
2021-05-24 09:43:59,1356.5,577306
2021-05-24 09:43:59,1356.5,577306
2021-05-24 09:44:00,1356.5,577403
2021-05-24 09:44:00,1356.5,577403
2021-05-24 09:44:01,1356.5,577456
2021-05-24 09:44:01,1356.5,577456
2021-05-24 09:44:03,1356.45,577469
2021-05-24 09:44:03,1356.45,577469
2021-05-24 09:44:03,1356.45,577469
2021-05-24 09:44:03,1356.45,577469
2021-05-24 09:44:04,1356.5,577761
2021-05-24 09:44:04,1356.5,577761
2021-05-24 09:44:05,1356.15,577772
2021-05-24 09:44:05,1356.15,577772
2021-05-24 09:44:06,1356.5,577857
2021-05-24 09:44:06,1356.5,577857
2021-05-24 09:44:08,1356.5,578326
2021-05-24 09:44:08,1356.5,578326
2021-05-24 09:44:09,1356.15,578356
2021-05-24 09:44:09,1356.15,578356
2021-05-24 09:44:10,1356.15,578399
2021-05-24 09:44:10,1356.15,578399
2021-05-24 09:44:11,1356.05,578406
2021-05-24 09:44:11,1356.05,578406
2021-05-24 09:44:12,1356.05,578406
2021-05-24 09:44:12,1356.05,578406
2021-05-24 09:44:14,1356.15,578430
2021-05-24 09:44:14,1356.15,578430
2021-05-24 09:44:14,1356.15,578430
2021-05-24 09:44:14,1356.15,578430
2021-05-24 09:44:15,1356.15,578504
2021-05-24 09:44:15,1356.15,578504
2021-05-24 09:44:16,1356.1,578531
2021-05-24 09:44:16,1356.1,578531
2021-05-24 09:44:19,1356.15,578681
2021-05-24 09:44:19,1356.15,578676
2021-05-24 09:44:19,1356.15,578681
2021-05-24 09:44:19,1356.15,578676
2021-05-24 09:44:20,1356.15,578685
2021-05-24 09:44:20,1356.15,578685
2021-05-24 09:44:21,1356.15,578686
2021-05-24 09:44:21,1356.15,578686
2021-05-24 09:44:22,1356.15,578797
2021-05-24 09:44:22,1356.15,578797
2021-05-24 09:44:24,1356.15,579510
2021-05-24 09:44:24,1356.15,579510
2021-05-24 09:44:24,1356.15,579490
2021-05-24 09:44:24,1356.15,579490
2021-05-24 09:44:25,1356.15,579584
2021-05-24 09:44:25,1356.15,579584
2021-05-24 09:44:26,1355.55,583357
2021-05-24 09:44:26,1355.55,583357
2021-05-24 09:44:27,1355.55,583357
2021-05-24 09:44:27,1355.55,583357
2021-05-24 09:44:28,1355.55,583357
2021-05-24 09:44:28,1355.55,583357
2021-05-24 09:44:29,1356.0,583380
2021-05-24 09:44:29,1356.0,583380
2021-05-24 09:44:31,1356.15,583567
2021-05-24 09:44:31,1356.15,583567
2021-05-24 09:44:31,1356.15,583573
2021-05-24 09:44:31,1356.15,583573
2021-05-24 09:44:32,1356.15,583699
2021-05-24 09:44:32,1356.15,583699
2021-05-24 09:44:33,1356.15,583703
2021-05-24 09:44:33,1356.15,583703
2021-05-24 09:44:34,1355.55,583778
2021-05-24 09:44:34,1355.55,583778
2021-05-24 09:44:35,1356.1,583788
2021-05-24 09:44:35,1356.1,583788
2021-05-24 09:44:36,1356.1,583796
2021-05-24 09:44:36,1356.1,583796
2021-05-24 09:44:37,1356.1,583801
2021-05-24 09:44:37,1356.1,583801
2021-05-24 09:44:39,1356.1,583802
2021-05-24 09:44:39,1356.1,583802
2021-05-24 09:44:39,1356.05,583827
2021-05-24 09:44:39,1356.05,583827
2021-05-24 09:44:40,1355.6,583831
2021-05-24 09:44:40,1355.6,583831
2021-05-24 09:44:41,1355.6,583846
2021-05-24 09:44:41,1355.6,583846
2021-05-24 09:44:42,1355.95,584106
2021-05-24 09:44:42,1355.95,584106
2021-05-24 09:44:44,1355.9,584128
2021-05-24 09:44:44,1355.9,584128
2021-05-24 09:44:44,1355.6,584139
2021-05-24 09:44:44,1355.6,584139
2021-05-24 09:44:47,1355.95,584323
2021-05-24 09:44:47,1355.95,584323
2021-05-24 09:44:48,1356.0,585392
2021-05-24 09:44:48,1356.0,585392
2021-05-24 09:44:49,1356.0,585424
2021-05-24 09:44:49,1356.0,585424
2021-05-24 09:44:51,1355.45,585444
2021-05-24 09:44:51,1355.45,585444
2021-05-24 09:44:52,1356.0,585464
2021-05-24 09:44:52,1356.0,585464
2021-05-24 09:44:53,1356.0,585465
2021-05-24 09:44:53,1356.0,585465
2021-05-24 09:44:54,1356.0,585465
2021-05-24 09:44:54,1356.0,585465
2021-05-24 09:44:55,1356.0,585470
2021-05-24 09:44:55,1356.0,585470
2021-05-24 09:44:57,1356.0,585472
2021-05-24 09:44:57,1356.0,585472
2021-05-24 09:44:57,1356.0,585472
2021-05-24 09:44:57,1356.0,585472
2021-05-24 09:44:58,1355.7,585473
2021-05-24 09:44:58,1355.7,585473
2021-05-24 09:44:59,1355.7,585473
2021-05-24 09:44:59,1355.7,585473
2021-05-24 09:45:00,1356.0,585474
2021-05-24 09:45:00,1356.0,585474
2021-05-24 09:45:01,1356.0,585474
2021-05-24 09:45:01,1356.0,585474
2021-05-24 09:45:02,1355.95,585475
2021-05-24 09:45:02,1355.95,585475
2021-05-24 09:45:04,1356.0,585535
2021-05-24 09:45:04,1356.0,585537
2021-05-24 09:45:04,1356.0,585535
2021-05-24 09:45:04,1356.0,585537
2021-05-24 09:45:05,1356.0,585537
2021-05-24 09:45:05,1356.0,585537
2021-05-24 09:45:07,1356.0,585732
2021-05-24 09:45:07,1356.0,585732
2021-05-24 09:45:09,1356.0,585915
2021-05-24 09:45:09,1356.0,585915
2021-05-24 09:45:09,1356.0,585920
2021-05-24 09:45:09,1356.0,585920
2021-05-24 09:45:10,1355.65,586872
2021-05-24 09:45:10,1355.65,586872
2021-05-24 09:45:12,1356.0,588234
2021-05-24 09:45:12,1356.0,588234
2021-05-24 09:45:13,1356.0,588310
2021-05-24 09:45:13,1356.0,588310
2021-05-24 09:45:14,1356.0,588312
2021-05-24 09:45:14,1356.0,588312
2021-05-24 09:45:16,1356.0,588339
2021-05-24 09:45:16,1356.0,588339
2021-05-24 09:45:16,1356.0,588338
2021-05-24 09:45:16,1356.0,588338
2021-05-24 09:45:17,1355.95,588407
2021-05-24 09:45:17,1355.95,588407
2021-05-24 09:45:18,1356.0,588529
2021-05-24 09:45:18,1356.0,588529
2021-05-24 09:45:19,1356.0,588538
2021-05-24 09:45:19,1356.0,588538
2021-05-24 09:45:20,1355.95,588559
2021-05-24 09:45:20,1355.95,588559
2021-05-24 09:45:22,1355.7,588564
2021-05-24 09:45:22,1355.7,588564
2021-05-24 09:45:22,1355.7,588563
2021-05-24 09:45:22,1355.7,588563
2021-05-24 09:45:23,1355.7,588572
2021-05-24 09:45:23,1355.7,588572
2021-05-24 09:45:24,1355.6,588573
2021-05-24 09:45:24,1355.6,588573
2021-05-24 09:45:25,1355.55,588598
2021-05-24 09:45:25,1355.55,588598
2021-05-24 09:45:26,1355.7,588756
2021-05-24 09:45:26,1355.7,588756
2021-05-24 09:45:27,1355.7,588777
2021-05-24 09:45:27,1355.7,588777
2021-05-24 09:45:29,1355.7,588780
2021-05-24 09:45:29,1355.7,588780
2021-05-24 09:45:29,1355.5,588792
2021-05-24 09:45:29,1355.5,588792
2021-05-24 09:45:30,1355.7,589687
2021-05-24 09:45:30,1355.7,589687
2021-05-24 09:45:31,1355.6,589774
2021-05-24 09:45:31,1355.6,589774
2021-05-24 09:45:32,1355.6,589774
2021-05-24 09:45:32,1355.6,589774
2021-05-24 09:45:33,1355.7,590247
2021-05-24 09:45:33,1355.7,590247
2021-05-24 09:45:35,1355.7,590271
2021-05-24 09:45:35,1355.7,590271
2021-05-24 09:45:36,1355.7,590364
2021-05-24 09:45:36,1355.7,590364
2021-05-24 09:45:37,1355.7,590377
2021-05-24 09:45:37,1355.7,590377
2021-05-24 09:45:38,1355.7,590753
2021-05-24 09:45:38,1355.7,590753
2021-05-24 09:45:40,1355.7,590766
2021-05-24 09:45:40,1355.7,590766
2021-05-24 09:45:40,1355.7,590767
2021-05-24 09:45:40,1355.7,590767
2021-05-24 09:45:41,1355.7,590767
2021-05-24 09:45:41,1355.7,590767
2021-05-24 09:45:42,1355.6,590794
2021-05-24 09:45:42,1355.6,590794
2021-05-24 09:45:43,1355.5,590802
2021-05-24 09:45:43,1355.5,590802
2021-05-24 09:45:44,1355.5,590888
2021-05-24 09:45:44,1355.5,590888
2021-05-24 09:45:46,1355.6,590926
2021-05-24 09:45:46,1355.6,590926
2021-05-24 09:45:46,1355.6,590926
2021-05-24 09:45:46,1355.6,590926
2021-05-24 09:45:47,1355.35,591254
2021-05-24 09:45:47,1355.35,591254
2021-05-24 09:45:48,1355.7,591388
2021-05-24 09:45:48,1355.7,591388
2021-05-24 09:45:49,1355.7,591412
2021-05-24 09:45:49,1355.7,591412
2021-05-24 09:45:51,1355.7,591518
2021-05-24 09:45:51,1355.7,591518
2021-05-24 09:45:52,1355.35,591523
2021-05-24 09:45:52,1355.35,591523
2021-05-24 09:45:53,1355.7,591528
2021-05-24 09:45:53,1355.7,591528
2021-05-24 09:45:56,1355.35,591634
2021-05-24 09:45:56,1355.35,591634
2021-05-24 09:45:56,1355.7,591635
2021-05-24 09:45:56,1355.7,591635
2021-05-24 09:45:58,1355.25,591715
2021-05-24 09:45:58,1355.25,591715
2021-05-24 09:46:01,1355.25,591720
2021-05-24 09:46:01,1355.25,591720
2021-05-24 09:46:01,1355.25,591720
2021-05-24 09:46:01,1355.25,591720
2021-05-24 09:46:03,1355.2,591790
2021-05-24 09:46:03,1355.2,591790
2021-05-24 09:46:04,1355.2,591790
2021-05-24 09:46:04,1355.2,591790
2021-05-24 09:46:06,1355.2,591807
2021-05-24 09:46:06,1355.2,591807
2021-05-24 09:46:07,1355.35,591818
2021-05-24 09:46:07,1355.35,591818
2021-05-24 09:46:08,1355.35,591845
2021-05-24 09:46:08,1355.35,591845
2021-05-24 09:46:09,1355.7,591965
2021-05-24 09:46:09,1355.7,591965
2021-05-24 09:46:10,1355.7,591968
2021-05-24 09:46:10,1355.7,591968
2021-05-24 09:46:11,1355.7,591976
2021-05-24 09:46:11,1355.7,591976
2021-05-24 09:46:13,1355.35,592361
2021-05-24 09:46:13,1355.35,592361
2021-05-24 09:46:14,1355.3,592986
2021-05-24 09:46:14,1355.3,592986
2021-05-24 09:46:15,1355.35,593303
2021-05-24 09:46:15,1355.35,593303
2021-05-24 09:46:16,1355.7,593367
2021-05-24 09:46:16,1355.7,593367
2021-05-24 09:46:17,1355.7,593433
2021-05-24 09:46:19,1355.7,593618
2021-05-24 09:46:17,1355.7,593433
2021-05-24 09:46:19,1355.7,593618
2021-05-24 09:46:20,1355.7,593685
2021-05-24 09:46:20,1355.7,593685
2021-05-24 09:46:20,1355.7,593697
2021-05-24 09:46:20,1355.7,593697
2021-05-24 09:46:21,1355.7,593817
2021-05-24 09:46:21,1355.7,593817
2021-05-24 09:46:22,1355.7,593848
2021-05-24 09:46:22,1355.7,593848
2021-05-24 09:46:23,1355.7,593860
2021-05-24 09:46:23,1355.7,593860
2021-05-24 09:46:25,1355.7,593860
2021-05-24 09:46:25,1355.7,593860
2021-05-24 09:46:26,1355.7,593898
2021-05-24 09:46:26,1355.7,593898
2021-05-24 09:46:27,1355.7,593924
2021-05-24 09:46:27,1355.7,593924
2021-05-24 09:46:28,1355.35,593926
2021-05-24 09:46:28,1355.35,593926
2021-05-24 09:46:29,1355.7,594527
2021-05-24 09:46:29,1355.7,594527
2021-05-24 09:46:31,1355.7,594548
2021-05-24 09:46:31,1355.7,594548
2021-05-24 09:46:32,1355.3,594598
2021-05-24 09:46:32,1355.3,594598
2021-05-24 09:46:33,1355.65,594601
2021-05-24 09:46:33,1355.65,594601
2021-05-24 09:46:34,1355.5,594603
2021-05-24 09:46:34,1355.5,594603
2021-05-24 09:46:38,1355.7,595478
2021-05-24 09:46:38,1355.7,595478
2021-05-24 09:46:39,1355.7,596086
2021-05-24 09:46:39,1355.7,596086
2021-05-24 09:46:39,1355.7,596104
2021-05-24 09:46:39,1355.7,596104
2021-05-24 09:46:40,1355.65,596560
2021-05-24 09:46:40,1355.65,596560
2021-05-24 09:46:41,1355.7,596822
2021-05-24 09:46:41,1355.7,596822
2021-05-24 09:46:43,1355.7,596867
2021-05-24 09:46:43,1355.7,596867
2021-05-24 09:46:43,1355.65,596840
2021-05-24 09:46:43,1355.65,596840
2021-05-24 09:46:44,1355.7,596873
2021-05-24 09:46:44,1355.7,596873
2021-05-24 09:46:45,1355.7,596876
2021-05-24 09:46:45,1355.7,596876
2021-05-24 09:46:46,1355.75,596942
2021-05-24 09:46:46,1355.75,596942
2021-05-24 09:46:48,1355.75,596944
2021-05-24 09:46:48,1355.75,596944
2021-05-24 09:46:49,1355.7,597011
2021-05-24 09:46:49,1355.7,597011
2021-05-24 09:46:50,1355.7,597011
2021-05-24 09:46:50,1355.7,597011
2021-05-24 09:46:51,1355.7,597011
2021-05-24 09:46:51,1355.7,597011
2021-05-24 09:46:52,1355.9,597013
2021-05-24 09:46:52,1355.9,597013
2021-05-24 09:46:53,1355.65,597075
2021-05-24 09:46:53,1355.65,597075
2021-05-24 09:46:54,1355.8,597087
2021-05-24 09:46:54,1355.8,597087
2021-05-24 09:46:56,1355.8,597106
2021-05-24 09:46:56,1355.8,597106
2021-05-24 09:46:57,1355.8,597121
2021-05-24 09:46:57,1355.8,597121
2021-05-24 09:46:58,1355.9,597143
2021-05-24 09:46:58,1355.9,597143
2021-05-24 09:47:03,1355.9,597243
2021-05-24 09:47:03,1355.9,597243
2021-05-24 09:47:04,1355.9,597254
2021-05-24 09:47:04,1355.9,597254
2021-05-24 09:47:05,1355.9,597255
2021-05-24 09:47:05,1355.9,597255
2021-05-24 09:47:06,1355.95,597310
2021-05-24 09:47:06,1355.95,597310
2021-05-24 09:47:07,1355.95,597312
2021-05-24 09:47:07,1355.95,597312
2021-05-24 09:47:09,1355.8,597337
2021-05-24 09:47:09,1355.8,597337
2021-05-24 09:47:10,1355.8,597337
2021-05-24 09:47:10,1355.8,597337
2021-05-24 09:47:11,1355.95,597585
2021-05-24 09:47:11,1355.95,597585
2021-05-24 09:47:12,1355.95,597596
2021-05-24 09:47:12,1355.95,597596
2021-05-24 09:47:13,1355.3,598427
2021-05-24 09:47:13,1355.3,598427
2021-05-24 09:47:14,1355.3,598427
2021-05-24 09:47:14,1355.3,598427
2021-05-24 09:47:15,1355.9,598956
2021-05-24 09:47:15,1355.9,598956
2021-05-24 09:47:16,1355.9,598982
2021-05-24 09:47:16,1355.9,598982
2021-05-24 09:47:17,1355.8,598986
2021-05-24 09:47:17,1355.8,598986
2021-05-24 09:47:20,1355.5,599031
2021-05-24 09:47:20,1355.5,599031
2021-05-24 09:47:21,1355.35,599042
2021-05-24 09:47:21,1355.35,599042
2021-05-24 09:47:22,1355.35,599042
2021-05-24 09:47:22,1355.35,599042
2021-05-24 09:47:24,1356.15,600175
2021-05-24 09:47:24,1356.15,600175
2021-05-24 09:47:24,1356.5,600775
2021-05-24 09:47:24,1356.5,600775
2021-05-24 09:47:25,1356.6,602919
2021-05-24 09:47:25,1356.6,602919
2021-05-24 09:47:26,1356.6,602983
2021-05-24 09:47:26,1356.6,602983
2021-05-24 09:47:27,1356.5,603732
2021-05-24 09:47:27,1356.5,603732
2021-05-24 09:47:28,1356.5,603754
2021-05-24 09:47:28,1356.5,603754
2021-05-24 09:47:29,1356.5,603779
2021-05-24 09:47:29,1356.5,603779
2021-05-24 09:47:31,1356.6,605348
2021-05-24 09:47:31,1356.6,605348
2021-05-24 09:47:32,1356.7,605558
2021-05-24 09:47:32,1356.7,605558
2021-05-24 09:47:34,1356.8,605580
2021-05-24 09:47:34,1356.8,605580
2021-05-24 09:47:34,1356.95,605893
2021-05-24 09:47:34,1356.95,605893
2021-05-24 09:47:35,1356.95,605984
2021-05-24 09:47:35,1356.95,605984
2021-05-24 09:47:37,1356.95,606082
2021-05-24 09:47:37,1356.95,606229
2021-05-24 09:47:37,1356.95,606082
2021-05-24 09:47:37,1356.95,606229
2021-05-24 09:47:38,1356.9,606327
2021-05-24 09:47:38,1356.9,606327
2021-05-24 09:47:39,1356.5,606346
2021-05-24 09:47:39,1356.5,606346
2021-05-24 09:47:40,1356.9,606347
2021-05-24 09:47:40,1356.9,606347
2021-05-24 09:47:41,1356.9,606372
2021-05-24 09:47:41,1356.9,606372
2021-05-24 09:47:42,1356.9,606402
2021-05-24 09:47:42,1356.9,606402
2021-05-24 09:47:43,1356.95,606953
2021-05-24 09:47:43,1356.95,606953
2021-05-24 09:47:44,1356.95,607083
2021-05-24 09:47:44,1356.95,607083
2021-05-24 09:47:45,1356.5,607100
2021-05-24 09:47:45,1356.5,607100
2021-05-24 09:47:46,1356.5,607125
2021-05-24 09:47:46,1356.5,607125
2021-05-24 09:47:48,1356.8,607180
2021-05-24 09:47:48,1356.8,607180
2021-05-24 09:47:49,1356.85,609888
2021-05-24 09:47:49,1356.85,609888
2021-05-24 09:47:50,1356.85,609980
2021-05-24 09:47:50,1356.85,609980
2021-05-24 09:47:51,1356.8,609994
2021-05-24 09:47:51,1356.8,609994
2021-05-24 09:47:52,1356.85,610117
2021-05-24 09:47:52,1356.85,610117
2021-05-24 09:47:52,1356.85,610005
2021-05-24 09:47:52,1356.85,610005
2021-05-24 09:47:53,1356.85,610120
2021-05-24 09:47:53,1356.85,610120
2021-05-24 09:47:54,1356.85,610120
2021-05-24 09:47:54,1356.85,610120
2021-05-24 09:47:55,1356.85,610121
2021-05-24 09:47:55,1356.85,610121
2021-05-24 09:47:57,1356.85,610436
2021-05-24 09:47:56,1356.5,610231
2021-05-24 09:47:57,1356.85,610436
2021-05-24 09:47:56,1356.5,610231
2021-05-24 09:47:58,1356.5,610495
2021-05-24 09:47:58,1356.5,610495
2021-05-24 09:47:59,1356.25,610608
2021-05-24 09:47:59,1356.25,610608
2021-05-24 09:48:00,1356.75,610682
2021-05-24 09:48:00,1356.75,610682
2021-05-24 09:48:01,1356.75,610682
2021-05-24 09:48:01,1356.75,610682
2021-05-24 09:48:02,1356.75,610682
2021-05-24 09:48:02,1356.75,610682
2021-05-24 09:48:03,1356.75,610682
2021-05-24 09:48:03,1356.75,610682
2021-05-24 09:48:04,1356.8,610729
2021-05-24 09:48:04,1356.8,610729
2021-05-24 09:48:05,1356.2,610766
2021-05-24 09:48:05,1356.2,610766
2021-05-24 09:48:06,1356.2,610766
2021-05-24 09:48:06,1356.2,610766
2021-05-24 09:48:07,1356.15,610772
2021-05-24 09:48:07,1356.15,610772
2021-05-24 09:48:08,1356.15,610885
2021-05-24 09:48:08,1356.15,610885
2021-05-24 09:48:09,1356.15,610885
2021-05-24 09:48:09,1356.15,610885
2021-05-24 09:48:10,1356.65,610916
2021-05-24 09:48:10,1356.65,610916
2021-05-24 09:48:12,1356.65,610917
2021-05-24 09:48:12,1356.65,610917
2021-05-24 09:48:13,1356.7,610922
2021-05-24 09:48:13,1356.7,610922
2021-05-24 09:48:14,1356.75,610935
2021-05-24 09:48:14,1356.75,610935
2021-05-24 09:48:15,1356.75,610940
2021-05-24 09:48:15,1356.75,610940
2021-05-24 09:48:18,1356.1,611040
2021-05-24 09:48:18,1356.1,611040
2021-05-24 09:48:19,1356.1,611040
2021-05-24 09:48:19,1356.1,611040
2021-05-24 09:48:20,1356.75,611540
2021-05-24 09:48:20,1356.75,611540
2021-05-24 09:48:21,1356.45,611576
2021-05-24 09:48:21,1356.45,611576
2021-05-24 09:48:22,1356.75,611609
2021-05-24 09:48:22,1356.75,611609
2021-05-24 09:48:23,1356.75,611615
2021-05-24 09:48:23,1356.75,611615
2021-05-24 09:48:24,1356.75,611953
2021-05-24 09:48:24,1356.75,611953
2021-05-24 09:48:26,1356.75,611963
2021-05-24 09:48:26,1356.75,611963
2021-05-24 09:48:26,1356.75,611974
2021-05-24 09:48:26,1356.75,611974
2021-05-24 09:48:28,1356.6,612259
2021-05-24 09:48:28,1356.6,612259
2021-05-24 09:48:29,1356.65,612260
2021-05-24 09:48:29,1356.65,612260
2021-05-24 09:48:30,1356.75,612273
2021-05-24 09:48:30,1356.75,612273
2021-05-24 09:48:30,1356.75,612274
2021-05-24 09:48:30,1356.75,612274
2021-05-24 09:48:31,1356.75,612274
2021-05-24 09:48:31,1356.75,612274
2021-05-24 09:48:32,1356.75,612349
2021-05-24 09:48:32,1356.75,612349
2021-05-24 09:48:33,1356.75,612351
2021-05-24 09:48:33,1356.75,612351
2021-05-24 09:48:34,1356.7,612354
2021-05-24 09:48:34,1356.7,612354
2021-05-24 09:48:35,1356.7,612395
2021-05-24 09:48:35,1356.7,612395
2021-05-24 09:48:37,1356.75,612463
2021-05-24 09:48:37,1356.75,612463
2021-05-24 09:48:38,1356.75,612466
2021-05-24 09:48:38,1356.75,612466
2021-05-24 09:48:39,1356.2,612475
2021-05-24 09:48:39,1356.2,612475
2021-05-24 09:48:40,1356.75,612597
2021-05-24 09:48:40,1356.75,612597
2021-05-24 09:48:41,1356.3,612612
2021-05-24 09:48:41,1356.3,612612
2021-05-24 09:48:42,1356.7,612682
2021-05-24 09:48:42,1356.7,612682
2021-05-24 09:48:43,1356.7,612758
2021-05-24 09:48:43,1356.7,612758
2021-05-24 09:48:43,1356.7,612758
2021-05-24 09:48:43,1356.7,612758
2021-05-24 09:48:44,1356.75,612766
2021-05-24 09:48:44,1356.75,612766
2021-05-24 09:48:46,1356.75,613074
2021-05-24 09:48:46,1356.75,613074
2021-05-24 09:48:47,1356.75,613077
2021-05-24 09:48:47,1356.75,613077
2021-05-24 09:48:49,1356.75,613093
2021-05-24 09:48:49,1356.75,613093
2021-05-24 09:48:50,1356.7,613280
2021-05-24 09:48:50,1356.7,613280
2021-05-24 09:48:51,1356.7,613286
2021-05-24 09:48:51,1356.7,613286
2021-05-24 09:48:52,1356.3,613306
2021-05-24 09:48:52,1356.3,613306
2021-05-24 09:48:53,1356.3,613306
2021-05-24 09:48:53,1356.3,613306
2021-05-24 09:48:54,1356.5,613418
2021-05-24 09:48:54,1356.5,613418
2021-05-24 09:48:55,1356.2,613456
2021-05-24 09:48:55,1356.2,613456
2021-05-24 09:48:56,1356.35,613462
2021-05-24 09:48:56,1356.35,613462
2021-05-24 09:48:57,1356.2,613469
2021-05-24 09:48:57,1356.2,613469
2021-05-24 09:48:58,1356.35,613544
2021-05-24 09:48:58,1356.35,613544
2021-05-24 09:48:59,1356.15,613573
2021-05-24 09:48:59,1356.15,613573
2021-05-24 09:49:00,1356.15,613678
2021-05-24 09:49:00,1356.15,613678
2021-05-24 09:49:01,1356.15,613713
2021-05-24 09:49:01,1356.15,613713
2021-05-24 09:49:02,1356.35,613733
2021-05-24 09:49:02,1356.35,613733
2021-05-24 09:49:03,1356.35,613734
2021-05-24 09:49:03,1356.35,613734
2021-05-24 09:49:04,1356.35,613734
2021-05-24 09:49:04,1356.35,613734
2021-05-24 09:49:05,1356.1,613935
2021-05-24 09:49:05,1356.1,613935
2021-05-24 09:49:06,1356.1,613935
2021-05-24 09:49:06,1356.1,613935
2021-05-24 09:49:07,1356.1,613935
2021-05-24 09:49:07,1356.1,613935
2021-05-24 09:49:08,1356.35,613951
2021-05-24 09:49:08,1356.35,613951
2021-05-24 09:49:09,1356.15,614414
2021-05-24 09:49:09,1356.15,614414
2021-05-24 09:49:10,1356.35,614478
2021-05-24 09:49:10,1356.35,614478
2021-05-24 09:49:11,1356.0,615098
2021-05-24 09:49:11,1356.0,615098
2021-05-24 09:49:15,1355.95,615858
2021-05-24 09:49:15,1355.95,615858
2021-05-24 09:49:16,1356.0,615860
2021-05-24 09:49:16,1356.0,615860
2021-05-24 09:49:17,1356.0,615933
2021-05-24 09:49:17,1356.0,615933
2021-05-24 09:49:18,1356.4,616455
2021-05-24 09:49:18,1356.4,616455
2021-05-24 09:49:19,1356.4,616471
2021-05-24 09:49:19,1356.4,616471
2021-05-24 09:49:20,1356.4,616471
2021-05-24 09:49:20,1356.4,616471
2021-05-24 09:49:22,1356.8,616575
2021-05-24 09:49:22,1356.8,616575
2021-05-24 09:49:23,1356.75,616578
2021-05-24 09:49:23,1356.75,616578
2021-05-24 09:49:23,1356.75,616578
2021-05-24 09:49:23,1356.75,616578
2021-05-24 09:49:24,1356.75,616578
2021-05-24 09:49:24,1356.75,616578
2021-05-24 09:49:25,1356.75,616578
2021-05-24 09:49:25,1356.75,616578
2021-05-24 09:49:26,1356.75,616578
2021-05-24 09:49:26,1356.75,616578
2021-05-24 09:49:27,1356.75,616578
2021-05-24 09:49:27,1356.75,616578
2021-05-24 09:49:28,1356.8,616714
2021-05-24 09:49:28,1356.8,616714
2021-05-24 09:49:29,1356.8,616806
2021-05-24 09:49:29,1356.8,616806
2021-05-24 09:49:30,1356.75,616814
2021-05-24 09:49:30,1356.75,616814
2021-05-24 09:49:31,1356.45,616844
2021-05-24 09:49:31,1356.45,616844
2021-05-24 09:49:32,1356.75,616846
2021-05-24 09:49:32,1356.75,616846
2021-05-24 09:49:33,1356.75,616846
2021-05-24 09:49:33,1356.75,616846
2021-05-24 09:49:34,1356.8,616951
2021-05-24 09:49:34,1356.8,616951
2021-05-24 09:49:36,1356.7,616979
2021-05-24 09:49:36,1356.7,616979
2021-05-24 09:49:37,1356.75,617016
2021-05-24 09:49:37,1356.75,617016
2021-05-24 09:49:38,1356.75,617016
2021-05-24 09:49:38,1356.75,617016
2021-05-24 09:49:39,1356.75,617016
2021-05-24 09:49:39,1356.75,617016
2021-05-24 09:49:41,1356.8,617030
2021-05-24 09:49:41,1356.8,617030
2021-05-24 09:49:42,1356.8,617133
2021-05-24 09:49:42,1356.8,617133
2021-05-24 09:49:42,1356.55,617432
2021-05-24 09:49:42,1356.55,617432
2021-05-24 09:49:43,1356.4,617483
2021-05-24 09:49:43,1356.4,617483
2021-05-24 09:49:45,1356.55,617608
2021-05-24 09:49:45,1356.55,617608
2021-05-24 09:49:45,1356.55,617610
2021-05-24 09:49:45,1356.55,617610
2021-05-24 09:49:46,1356.55,617610
2021-05-24 09:49:46,1356.55,617610
2021-05-24 09:49:47,1356.55,617610
2021-05-24 09:49:47,1356.55,617610
2021-05-24 09:49:48,1356.55,617610
2021-05-24 09:49:48,1356.55,617610
2021-05-24 09:49:50,1356.4,617664
2021-05-24 09:49:50,1356.4,617664
2021-05-24 09:49:54,1356.1,618072
2021-05-24 09:49:54,1356.1,618072
2021-05-24 09:49:55,1356.5,618081
2021-05-24 09:49:55,1356.5,618081
2021-05-24 09:49:56,1356.55,618118
2021-05-24 09:49:56,1356.55,618118
2021-05-24 09:49:57,1356.1,618132
2021-05-24 09:49:57,1356.1,618132
2021-05-24 09:49:58,1356.1,618132
2021-05-24 09:49:58,1356.1,618132
2021-05-24 09:50:00,1356.35,618319
2021-05-24 09:50:00,1356.35,618319
2021-05-24 09:50:01,1356.0,618340
2021-05-24 09:50:01,1356.0,618340
2021-05-24 09:50:02,1356.1,618345
2021-05-24 09:50:02,1356.1,618345
2021-05-24 09:50:03,1356.1,618380
2021-05-24 09:50:03,1356.1,618380
2021-05-24 09:50:04,1356.1,618382
2021-05-24 09:50:04,1356.1,618382
2021-05-24 09:50:05,1356.1,618382
2021-05-24 09:50:05,1356.1,618382
2021-05-24 09:50:06,1356.35,618502
2021-05-24 09:50:06,1356.35,618502
2021-05-24 09:50:07,1356.35,618519
2021-05-24 09:50:07,1356.35,618519
2021-05-24 09:50:08,1356.35,618531
2021-05-24 09:50:08,1356.35,618531
2021-05-24 09:50:09,1356.35,618531
2021-05-24 09:50:09,1356.35,618531
2021-05-24 09:50:11,1356.35,618551
2021-05-24 09:50:11,1356.35,618551
2021-05-24 09:50:12,1356.35,618552
2021-05-24 09:50:12,1356.35,618552
2021-05-24 09:50:13,1356.1,618577
2021-05-24 09:50:13,1356.1,618577
2021-05-24 09:50:14,1356.1,618578
2021-05-24 09:50:14,1356.1,618578
2021-05-24 09:50:17,1356.35,620963
2021-05-24 09:50:17,1356.35,620963
2021-05-24 09:50:18,1356.35,620965
2021-05-24 09:50:18,1356.35,620965
2021-05-24 09:50:20,1356.35,620965
2021-05-24 09:50:20,1356.35,620965
2021-05-24 09:50:22,1356.35,620967
2021-05-24 09:50:22,1356.35,620967
2021-05-24 09:50:23,1356.35,620971
2021-05-24 09:50:23,1356.35,620971
2021-05-24 09:50:24,1356.1,620982
2021-05-24 09:50:24,1356.1,620982
2021-05-24 09:50:25,1356.1,620982
2021-05-24 09:50:25,1356.1,620982
2021-05-24 09:50:26,1355.8,621482
2021-05-24 09:50:26,1355.8,621482
2021-05-24 09:50:26,1355.8,621482
2021-05-24 09:50:26,1355.8,621482
2021-05-24 09:50:27,1356.35,621487
2021-05-24 09:50:27,1356.35,621487
2021-05-24 09:50:30,1356.35,622024
2021-05-24 09:50:30,1356.35,622024
2021-05-24 09:50:31,1356.35,622024
2021-05-24 09:50:31,1356.35,622024
2021-05-24 09:50:32,1356.35,622060
2021-05-24 09:50:32,1356.35,622060
2021-05-24 09:50:34,1356.0,622131
2021-05-24 09:50:34,1356.0,622131
2021-05-24 09:50:36,1356.35,622193
2021-05-24 09:50:36,1356.35,622193
2021-05-24 09:50:37,1356.35,622194
2021-05-24 09:50:37,1356.35,622194
2021-05-24 09:50:37,1356.35,622308
2021-05-24 09:50:37,1356.35,622308
2021-05-24 09:50:38,1356.35,622437
2021-05-24 09:50:38,1356.35,622437
2021-05-24 09:50:40,1356.1,622466
2021-05-24 09:50:40,1356.1,622466
2021-05-24 09:50:41,1356.1,622466
2021-05-24 09:50:41,1356.1,622466
2021-05-24 09:50:42,1356.35,622467
2021-05-24 09:50:42,1356.35,622467
2021-05-24 09:50:43,1356.1,622505
2021-05-24 09:50:43,1356.1,622505
2021-05-24 09:50:44,1356.35,622740
2021-05-24 09:50:44,1356.35,622740
2021-05-24 09:50:45,1356.35,622747
2021-05-24 09:50:45,1356.35,622747
2021-05-24 09:50:46,1356.35,622792
2021-05-24 09:50:46,1356.35,622792
2021-05-24 09:50:47,1356.35,622798
2021-05-24 09:50:47,1356.35,622798
2021-05-24 09:50:48,1356.35,622798
2021-05-24 09:50:48,1356.35,622798
2021-05-24 09:50:49,1356.35,622804
2021-05-24 09:50:49,1356.35,622804
2021-05-24 09:50:50,1356.35,622805
2021-05-24 09:50:50,1356.35,622805
2021-05-24 09:50:51,1356.1,622817
2021-05-24 09:50:51,1356.1,622817
2021-05-24 09:50:52,1356.1,622817
2021-05-24 09:50:52,1356.1,622817
2021-05-24 09:50:53,1356.35,622818
2021-05-24 09:50:53,1356.35,622818
2021-05-24 09:50:55,1356.35,622865
2021-05-24 09:50:55,1356.35,622865
2021-05-24 09:50:56,1356.35,622877
2021-05-24 09:50:56,1356.35,622877
2021-05-24 09:50:58,1356.1,622928
2021-05-24 09:50:58,1356.1,622928
2021-05-24 09:50:58,1356.1,622948
2021-05-24 09:50:58,1356.1,622948
2021-05-24 09:51:00,1356.25,622962
2021-05-24 09:51:00,1356.25,622962
2021-05-24 09:51:01,1356.25,622964
2021-05-24 09:51:01,1356.25,622964
2021-05-24 09:51:02,1355.9,622969
2021-05-24 09:51:02,1355.9,622969
2021-05-24 09:51:03,1356.25,622987
2021-05-24 09:51:03,1356.25,622987
2021-05-24 09:51:04,1356.25,622988
2021-05-24 09:51:04,1356.25,622988
2021-05-24 09:51:05,1356.0,623042
2021-05-24 09:51:05,1356.0,623042
2021-05-24 09:51:06,1356.0,623043
2021-05-24 09:51:06,1356.0,623043
2021-05-24 09:51:07,1356.0,623043
2021-05-24 09:51:07,1356.0,623043
2021-05-24 09:51:08,1356.25,623044
2021-05-24 09:51:08,1356.25,623044
2021-05-24 09:51:09,1356.0,623045
2021-05-24 09:51:09,1356.0,623045
2021-05-24 09:51:10,1356.0,623055
2021-05-24 09:51:10,1356.0,623055
2021-05-24 09:51:11,1356.25,623057
2021-05-24 09:51:11,1356.25,623057
2021-05-24 09:51:11,1356.0,623157
2021-05-24 09:51:11,1356.0,623157
2021-05-24 09:51:13,1356.0,623157
2021-05-24 09:51:13,1356.0,623157
2021-05-24 09:51:14,1356.0,623172
2021-05-24 09:51:14,1356.0,623172
2021-05-24 09:51:15,1356.0,623495
2021-05-24 09:51:15,1356.0,623495
2021-05-24 09:51:16,1356.0,623505
2021-05-24 09:51:16,1356.0,623505
2021-05-24 09:51:17,1356.0,623515
2021-05-24 09:51:17,1356.0,623515
2021-05-24 09:51:18,1356.0,623550
2021-05-24 09:51:18,1356.0,623550
2021-05-24 09:51:19,1356.0,623565
2021-05-24 09:51:19,1356.0,623565
2021-05-24 09:51:20,1356.0,623590
2021-05-24 09:51:20,1356.0,623590
2021-05-24 09:51:21,1356.0,623591
2021-05-24 09:51:21,1356.0,623591
2021-05-24 09:51:22,1356.0,623595
2021-05-24 09:51:22,1356.0,623595
2021-05-24 09:51:23,1356.0,624121
2021-05-24 09:51:23,1356.0,624121
2021-05-24 09:51:24,1356.0,624746
2021-05-24 09:51:24,1356.0,624746
2021-05-24 09:51:26,1356.25,624763
2021-05-24 09:51:26,1356.25,624763
2021-05-24 09:51:27,1355.9,625005
2021-05-24 09:51:27,1355.9,625005
2021-05-24 09:51:27,1356.25,625075
2021-05-24 09:51:27,1356.25,625075
2021-05-24 09:51:28,1356.25,625082
2021-05-24 09:51:28,1356.25,625082
2021-05-24 09:51:29,1356.25,625082
2021-05-24 09:51:29,1356.25,625082
2021-05-24 09:51:31,1356.25,625182
2021-05-24 09:51:31,1356.25,625182
2021-05-24 09:51:31,1356.25,625305
2021-05-24 09:51:32,1356.25,625332
2021-05-24 09:51:31,1356.25,625305
2021-05-24 09:51:32,1356.25,625332
2021-05-24 09:51:33,1356.25,625333
2021-05-24 09:51:33,1356.25,625333
2021-05-24 09:51:34,1356.0,625334
2021-05-24 09:51:34,1356.0,625334
2021-05-24 09:51:35,1356.0,625334
2021-05-24 09:51:35,1356.0,625334
2021-05-24 09:51:36,1356.25,625373
2021-05-24 09:51:36,1356.25,625373
2021-05-24 09:51:37,1356.25,625394
2021-05-24 09:51:37,1356.25,625394
2021-05-24 09:51:38,1356.25,625395
2021-05-24 09:51:38,1356.25,625395
2021-05-24 09:51:39,1356.0,625398
2021-05-24 09:51:39,1356.0,625398
2021-05-24 09:51:40,1356.25,625409
2021-05-24 09:51:40,1356.25,625409
2021-05-24 09:51:42,1356.0,625424
2021-05-24 09:51:42,1356.0,625424
2021-05-24 09:51:43,1356.25,625450
2021-05-24 09:51:43,1356.25,625450
2021-05-24 09:51:44,1356.25,625451
2021-05-24 09:51:44,1356.25,625451
2021-05-24 09:51:44,1356.25,625542
2021-05-24 09:51:44,1356.25,625542
2021-05-24 09:51:45,1356.0,625548
2021-05-24 09:51:45,1356.0,625548
2021-05-24 09:51:46,1356.25,625550
2021-05-24 09:51:46,1356.25,625550
2021-05-24 09:51:49,1356.0,625624
2021-05-24 09:51:49,1356.0,625624
2021-05-24 09:51:50,1356.0,625624
2021-05-24 09:51:50,1356.0,625624
2021-05-24 09:51:51,1356.25,625736
2021-05-24 09:51:51,1356.25,625736
2021-05-24 09:51:52,1356.0,626340
2021-05-24 09:51:52,1356.0,626340
2021-05-24 09:51:52,1356.0,626340
2021-05-24 09:51:52,1356.0,626340
2021-05-24 09:51:54,1356.0,626340
2021-05-24 09:51:54,1356.0,626340
2021-05-24 09:51:54,1356.0,626405
2021-05-24 09:51:54,1356.0,626405
2021-05-24 09:51:56,1356.0,626405
2021-05-24 09:51:56,1356.0,626405
2021-05-24 09:51:57,1356.25,626446
2021-05-24 09:51:57,1356.25,626446
2021-05-24 09:51:58,1356.0,626462
2021-05-24 09:51:58,1356.0,626462
2021-05-24 09:51:59,1356.15,626464
2021-05-24 09:51:59,1356.15,626464
2021-05-24 09:51:59,1356.0,626484
2021-05-24 09:51:59,1356.0,626484
2021-05-24 09:52:00,1356.15,626564
2021-05-24 09:52:00,1356.15,626564
2021-05-24 09:52:01,1356.15,626620
2021-05-24 09:52:01,1356.15,626620
2021-05-24 09:52:02,1356.15,626627
2021-05-24 09:52:02,1356.15,626627
2021-05-24 09:52:03,1355.8,627127
2021-05-24 09:52:03,1355.8,627127
2021-05-24 09:52:04,1355.8,627132
2021-05-24 09:52:04,1355.8,627132
2021-05-24 09:52:05,1355.8,627132
2021-05-24 09:52:05,1355.8,627132
2021-05-24 09:52:07,1355.7,627332
2021-05-24 09:52:07,1355.7,627332
2021-05-24 09:52:08,1355.7,627332
2021-05-24 09:52:08,1355.7,627332
2021-05-24 09:52:09,1355.7,627483
2021-05-24 09:52:09,1355.7,627483
2021-05-24 09:52:10,1356.1,627593
2021-05-24 09:52:11,1356.1,627606
2021-05-24 09:52:10,1356.1,627593
2021-05-24 09:52:11,1356.1,627606
2021-05-24 09:52:12,1356.1,627683
2021-05-24 09:52:12,1356.1,627683
2021-05-24 09:52:13,1356.1,627684
2021-05-24 09:52:13,1356.1,627684
2021-05-24 09:52:14,1355.7,629073
2021-05-24 09:52:14,1355.7,629073
2021-05-24 09:52:15,1355.75,629315
2021-05-24 09:52:15,1355.75,629315
2021-05-24 09:52:17,1355.55,629511
2021-05-24 09:52:17,1355.55,629511
2021-05-24 09:52:18,1355.55,629511
2021-05-24 09:52:18,1355.55,629511
2021-05-24 09:52:19,1355.55,629511
2021-05-24 09:52:19,1355.55,629511
2021-05-24 09:52:20,1355.7,629516
2021-05-24 09:52:20,1355.7,629516
2021-05-24 09:52:21,1355.7,629516
2021-05-24 09:52:21,1355.7,629516
2021-05-24 09:52:22,1355.65,629518
2021-05-24 09:52:22,1355.65,629518
2021-05-24 09:52:23,1355.65,629557
2021-05-24 09:52:23,1355.65,629557
2021-05-24 09:52:25,1355.7,629680
2021-05-24 09:52:26,1355.7,629682
2021-05-24 09:52:25,1355.7,629680
2021-05-24 09:52:26,1355.7,629682
2021-05-24 09:52:27,1355.7,629682
2021-05-24 09:52:27,1355.7,629682
2021-05-24 09:52:28,1355.7,629682
2021-05-24 09:52:28,1355.7,629682
2021-05-24 09:52:29,1356.25,633593
2021-05-24 09:52:29,1356.25,633593
2021-05-24 09:52:30,1356.25,633593
2021-05-24 09:52:30,1356.25,633593
2021-05-24 09:52:31,1356.25,633613
2021-05-24 09:52:31,1356.25,633613
2021-05-24 09:52:33,1356.45,633718
2021-05-24 09:52:33,1356.45,633718
2021-05-24 09:52:34,1356.55,633722
2021-05-24 09:52:34,1356.55,633722
2021-05-24 09:52:35,1356.55,633729
2021-05-24 09:52:35,1356.55,633729
2021-05-24 09:52:36,1356.55,633769
2021-05-24 09:52:36,1356.55,633769
2021-05-24 09:52:37,1356.6,633772
2021-05-24 09:52:37,1356.6,633772
2021-05-24 09:52:39,1356.6,633780
2021-05-24 09:52:39,1356.6,633780
2021-05-24 09:52:40,1356.45,633821
2021-05-24 09:52:40,1356.45,633821
2021-05-24 09:52:41,1356.45,633827
2021-05-24 09:52:42,1356.4,633828
2021-05-24 09:52:41,1356.45,633827
2021-05-24 09:52:42,1356.4,633828
2021-05-24 09:52:43,1356.0,633928
2021-05-24 09:52:43,1356.0,633928
2021-05-24 09:52:44,1356.0,633928
2021-05-24 09:52:45,1355.75,633998
2021-05-24 09:52:44,1356.0,633928
2021-05-24 09:52:45,1355.75,633998
2021-05-24 09:52:46,1355.75,633998
2021-05-24 09:52:46,1355.75,633998
2021-05-24 09:52:47,1355.75,633998
2021-05-24 09:52:47,1355.75,633998
2021-05-24 09:52:48,1355.8,634098
2021-05-24 09:52:48,1355.8,634098
2021-05-24 09:52:49,1356.35,634160
2021-05-24 09:52:50,1356.55,634312
2021-05-24 09:52:49,1356.35,634160
2021-05-24 09:52:50,1356.55,634312
2021-05-24 09:52:51,1356.55,634318
2021-05-24 09:52:51,1356.55,634318
2021-05-24 09:52:52,1356.55,634338
2021-05-24 09:52:52,1356.55,634338
2021-05-24 09:52:53,1356.55,634362
2021-05-24 09:52:53,1356.55,634362
2021-05-24 09:52:55,1355.95,634371
2021-05-24 09:52:55,1355.95,634371
2021-05-24 09:52:56,1355.95,634371
2021-05-24 09:52:57,1355.95,634371
2021-05-24 09:52:56,1355.95,634371
2021-05-24 09:52:57,1355.95,634371
2021-05-24 09:52:58,1356.4,634377
2021-05-24 09:52:58,1356.4,634377
2021-05-24 09:53:00,1356.4,634378
2021-05-24 09:53:00,1356.4,634378
2021-05-24 09:52:59,1356.4,634378
2021-05-24 09:52:59,1356.4,634378
2021-05-24 09:53:01,1356.4,634543
2021-05-24 09:53:01,1356.4,634543
2021-05-24 09:53:02,1356.4,634547
2021-05-24 09:53:02,1356.4,634547
2021-05-24 09:53:03,1356.4,634575
2021-05-24 09:53:03,1356.4,634575
2021-05-24 09:53:05,1356.0,634727
2021-05-24 09:53:04,1356.4,634596
2021-05-24 09:53:05,1356.0,634727
2021-05-24 09:53:04,1356.4,634596
2021-05-24 09:53:06,1356.0,634827
2021-05-24 09:53:06,1356.0,634827
2021-05-24 09:53:07,1356.4,634828
2021-05-24 09:53:07,1356.4,634828
2021-05-24 09:53:08,1356.0,634829
2021-05-24 09:53:08,1356.0,634829
2021-05-24 09:53:09,1356.4,634865
2021-05-24 09:53:09,1356.4,634865
2021-05-24 09:53:10,1356.4,634879
2021-05-24 09:53:10,1356.4,634879
2021-05-24 09:53:11,1356.4,635119
2021-05-24 09:53:11,1356.4,635119
2021-05-24 09:53:12,1356.0,635140
2021-05-24 09:53:12,1356.0,635140
2021-05-24 09:53:13,1356.0,635140
2021-05-24 09:53:13,1356.0,635140
2021-05-24 09:53:14,1356.4,635152
2021-05-24 09:53:14,1356.4,635152
2021-05-24 09:53:15,1356.4,635178
2021-05-24 09:53:15,1356.4,635178
2021-05-24 09:53:16,1356.0,635188
2021-05-24 09:53:16,1356.0,635188
2021-05-24 09:53:17,1356.0,635188
2021-05-24 09:53:17,1356.0,635188
2021-05-24 09:53:19,1356.4,635319
2021-05-24 09:53:19,1356.4,635319
2021-05-24 09:53:21,1356.4,635323
2021-05-24 09:53:21,1356.4,635323
2021-05-24 09:53:22,1356.0,635599
2021-05-24 09:53:22,1356.0,635599
2021-05-24 09:53:23,1356.4,635624
2021-05-24 09:53:23,1356.4,635624
2021-05-24 09:53:24,1356.4,635626
2021-05-24 09:53:24,1356.4,635626
2021-05-24 09:53:25,1356.0,635637
2021-05-24 09:53:25,1356.0,635637
2021-05-24 09:53:26,1356.0,635637
2021-05-24 09:53:26,1356.0,635637
2021-05-24 09:53:27,1356.4,635796
2021-05-24 09:53:27,1356.4,635796
2021-05-24 09:53:28,1356.0,635813
2021-05-24 09:53:28,1356.0,635813
2021-05-24 09:53:29,1356.4,635823
2021-05-24 09:53:29,1356.4,635823
2021-05-24 09:53:30,1356.4,636373
2021-05-24 09:53:30,1356.4,636373
2021-05-24 09:53:31,1356.4,636500
2021-05-24 09:53:31,1356.4,636500
2021-05-24 09:53:32,1356.2,636543
2021-05-24 09:53:32,1356.2,636543
2021-05-24 09:53:33,1356.2,636674
2021-05-24 09:53:33,1356.2,636674
2021-05-24 09:53:35,1356.4,637004
2021-05-24 09:53:35,1356.4,637004
2021-05-24 09:53:36,1356.4,637040
2021-05-24 09:53:36,1356.4,637040
2021-05-24 09:53:37,1356.4,637041
2021-05-24 09:53:37,1356.4,637041
2021-05-24 09:53:38,1356.0,637066
2021-05-24 09:53:38,1356.0,637066
2021-05-24 09:53:39,1356.4,637091
2021-05-24 09:53:39,1356.4,637091
2021-05-24 09:53:40,1356.4,637253
2021-05-24 09:53:40,1356.4,637253
2021-05-24 09:53:41,1356.2,637603
2021-05-24 09:53:41,1356.2,637603
2021-05-24 09:53:42,1356.2,637617
2021-05-24 09:53:42,1356.2,637617
2021-05-24 09:53:43,1356.2,637618
2021-05-24 09:53:43,1356.2,637618
2021-05-24 09:53:44,1356.0,637623
2021-05-24 09:53:44,1356.0,637623
2021-05-24 09:53:45,1356.0,637623
2021-05-24 09:53:45,1356.0,637623
2021-05-24 09:53:46,1356.2,637723
2021-05-24 09:53:46,1356.2,637723
2021-05-24 09:53:48,1356.0,637738
2021-05-24 09:53:48,1356.0,637738
2021-05-24 09:53:49,1356.0,638350
2021-05-24 09:53:49,1356.0,638350
2021-05-24 09:53:50,1356.2,638373
2021-05-24 09:53:50,1356.2,638373
2021-05-24 09:53:51,1356.2,638374
2021-05-24 09:53:51,1356.2,638374
2021-05-24 09:53:52,1356.2,638374
2021-05-24 09:53:52,1356.2,638374
2021-05-24 09:53:53,1356.2,638374
2021-05-24 09:53:53,1356.2,638374
2021-05-24 09:53:54,1356.2,638386
2021-05-24 09:53:54,1356.2,638386
2021-05-24 09:53:55,1356.0,638434
2021-05-24 09:53:55,1356.0,638434
2021-05-24 09:53:56,1356.0,638434
2021-05-24 09:53:56,1356.0,638434
2021-05-24 09:53:57,1356.0,638444
2021-05-24 09:53:57,1356.0,638444
2021-05-24 09:53:58,1356.2,638456
2021-05-24 09:53:59,1356.2,638461
2021-05-24 09:53:58,1356.2,638456
2021-05-24 09:53:59,1356.2,638461
2021-05-24 09:54:00,1357.0,645579
2021-05-24 09:54:00,1357.0,645579
2021-05-24 09:54:01,1357.05,645727
2021-05-24 09:54:01,1357.05,645727
2021-05-24 09:54:02,1357.05,645727
2021-05-24 09:54:02,1357.05,645727
2021-05-24 09:54:04,1357.0,645752
2021-05-24 09:54:04,1357.0,645752
2021-05-24 09:54:05,1356.7,645852
2021-05-24 09:54:05,1356.7,645852
2021-05-24 09:54:06,1357.1,645854
2021-05-24 09:54:06,1357.1,645854
2021-05-24 09:54:07,1357.1,645864
2021-05-24 09:54:07,1357.1,645864
2021-05-24 09:54:08,1357.1,645865
2021-05-24 09:54:09,1357.1,645865
2021-05-24 09:54:08,1357.1,645865
2021-05-24 09:54:10,1357.4,646393
2021-05-24 09:54:11,1357.4,646409
2021-05-24 09:54:09,1357.1,645865
2021-05-24 09:54:10,1357.4,646393
2021-05-24 09:54:11,1357.4,646409
2021-05-24 09:54:12,1357.4,646409
2021-05-24 09:54:12,1357.4,646409
2021-05-24 09:54:14,1357.55,646599
2021-05-24 09:54:15,1357.55,646611
2021-05-24 09:54:14,1357.55,646599
2021-05-24 09:54:15,1357.55,646611
2021-05-24 09:54:16,1357.55,646632
2021-05-24 09:54:16,1357.55,646632
2021-05-24 09:54:17,1357.5,646633
2021-05-24 09:54:17,1357.5,646633
2021-05-24 09:54:18,1357.5,646634
2021-05-24 09:54:18,1357.5,646634
2021-05-24 09:54:19,1357.2,646637
2021-05-24 09:54:19,1357.2,646637
2021-05-24 09:54:20,1357.4,646658
2021-05-24 09:54:20,1357.4,646658
2021-05-24 09:54:21,1357.4,646796
2021-05-24 09:54:22,1357.4,646800
2021-05-24 09:54:21,1357.4,646796
2021-05-24 09:54:22,1357.4,646800
2021-05-24 09:54:25,1357.4,646982
2021-05-24 09:54:25,1357.4,646982
2021-05-24 09:54:27,1357.4,647150
2021-05-24 09:54:27,1357.4,647150
2021-05-24 09:54:28,1357.4,647209
2021-05-24 09:54:28,1357.4,647209
2021-05-24 09:54:31,1356.95,648147
2021-05-24 09:54:31,1356.95,648147
2021-05-24 09:54:33,1356.95,648168
2021-05-24 09:54:34,1356.95,648178
2021-05-24 09:54:33,1356.95,648168
2021-05-24 09:54:34,1356.95,648178
2021-05-24 09:54:35,1356.95,648183
2021-05-24 09:54:36,1356.95,648241
2021-05-24 09:54:35,1356.95,648183
2021-05-24 09:54:37,1356.95,648254
2021-05-24 09:54:36,1356.95,648241
2021-05-24 09:54:38,1356.95,648266
2021-05-24 09:54:37,1356.95,648254
2021-05-24 09:54:38,1356.95,648266
2021-05-24 09:54:39,1356.3,648479
2021-05-24 09:54:40,1356.9,648504
2021-05-24 09:54:39,1356.3,648479
2021-05-24 09:54:40,1356.9,648504
2021-05-24 09:54:41,1356.9,648516
2021-05-24 09:54:41,1356.9,648516
2021-05-24 09:54:42,1356.9,648517
2021-05-24 09:54:42,1356.9,648517
2021-05-24 09:54:43,1356.85,648607
2021-05-24 09:54:44,1356.85,648610
2021-05-24 09:54:45,1356.85,648615
2021-05-24 09:54:43,1356.85,648607
2021-05-24 09:54:44,1356.85,648610
2021-05-24 09:54:45,1356.85,648615
2021-05-24 09:54:46,1356.85,648786
2021-05-24 09:54:46,1356.85,648786
2021-05-24 09:54:47,1356.85,648791
2021-05-24 09:54:47,1356.85,648791
2021-05-24 09:54:48,1356.85,648846
2021-05-24 09:54:49,1356.4,648849
2021-05-24 09:54:48,1356.85,648846
2021-05-24 09:54:50,1356.65,648858
2021-05-24 09:54:49,1356.4,648849
2021-05-24 09:54:51,1356.65,648859
2021-05-24 09:54:50,1356.65,648858
2021-05-24 09:54:52,1356.85,650089
2021-05-24 09:54:51,1356.65,648859
2021-05-24 09:54:53,1356.45,650138
2021-05-24 09:54:52,1356.85,650089
2021-05-24 09:54:54,1356.85,650218
2021-05-24 09:54:55,1356.45,650226
2021-05-24 09:54:53,1356.45,650138
2021-05-24 09:54:56,1356.45,650226
2021-05-24 09:54:54,1356.85,650218
2021-05-24 09:54:57,1356.4,650726
2021-05-24 09:54:55,1356.45,650226
2021-05-24 09:54:56,1356.45,650226
2021-05-24 09:54:59,1356.85,650738
2021-05-24 09:54:57,1356.4,650726
2021-05-24 09:55:00,1356.85,650738
2021-05-24 09:54:59,1356.85,650738
2021-05-24 09:55:00,1356.85,650738
2021-05-24 09:55:01,1356.4,650752
2021-05-24 09:55:01,1356.4,650752
2021-05-24 09:55:02,1356.4,650787
2021-05-24 09:55:02,1356.4,650787
2021-05-24 09:55:03,1356.4,650811
2021-05-24 09:55:03,1356.4,650811
2021-05-24 09:55:05,1356.85,650860
2021-05-24 09:55:05,1356.85,650860
2021-05-24 09:55:06,1356.85,651460
2021-05-24 09:55:06,1356.85,651460
2021-05-24 09:55:07,1356.85,651479
2021-05-24 09:55:07,1356.85,651479
2021-05-24 09:55:08,1356.85,651502
2021-05-24 09:55:08,1356.85,651502
2021-05-24 09:55:09,1356.85,651503
2021-05-24 09:55:09,1356.85,651503
2021-05-24 09:55:10,1356.95,651904
2021-05-24 09:55:10,1356.95,651904
2021-05-24 09:55:11,1357.0,652130
2021-05-24 09:55:11,1357.0,652130
2021-05-24 09:55:12,1357.0,652188
2021-05-24 09:55:12,1357.0,652188
2021-05-24 09:55:13,1357.0,652195
2021-05-24 09:55:13,1357.0,652195
2021-05-24 09:55:14,1356.95,652295
2021-05-24 09:55:14,1356.95,652295
2021-05-24 09:55:15,1357.0,652490
2021-05-24 09:55:15,1357.0,652490
2021-05-24 09:55:17,1356.35,652823
2021-05-24 09:55:17,1356.35,652823
2021-05-24 09:55:18,1357.0,652928
2021-05-24 09:55:18,1357.0,652928
2021-05-24 09:55:19,1357.0,653069
2021-05-24 09:55:19,1357.0,653069
2021-05-24 09:55:20,1357.0,653091
2021-05-24 09:55:20,1357.0,653091
2021-05-24 09:55:22,1357.0,653091
2021-05-24 09:55:22,1357.0,653091
2021-05-24 09:55:22,1357.0,653091
2021-05-24 09:55:22,1357.0,653091
2021-05-24 09:55:23,1356.95,653138
2021-05-24 09:55:23,1356.95,653138
2021-05-24 09:55:24,1357.45,656476
2021-05-24 09:55:24,1357.45,656476
2021-05-24 09:55:25,1357.45,656478
2021-05-24 09:55:25,1357.45,656478
2021-05-24 09:55:26,1357.45,656540
2021-05-24 09:55:26,1357.45,656540
2021-05-24 09:55:27,1357.45,656540
2021-05-24 09:55:27,1357.45,656540
2021-05-24 09:55:28,1357.65,656611
2021-05-24 09:55:28,1357.65,656611
2021-05-24 09:55:29,1357.05,656750
2021-05-24 09:55:29,1357.05,656750
2021-05-24 09:55:30,1357.05,656750
2021-05-24 09:55:30,1357.05,656750
2021-05-24 09:55:31,1357.05,656750
2021-05-24 09:55:31,1357.05,656750
2021-05-24 09:55:32,1357.5,657750
2021-05-24 09:55:32,1357.5,657750
2021-05-24 09:55:34,1357.45,657943
2021-05-24 09:55:34,1357.45,657943
2021-05-24 09:55:36,1357.45,658002
2021-05-24 09:55:36,1357.45,658002
2021-05-24 09:55:38,1357.45,658014
2021-05-24 09:55:38,1357.45,658014
2021-05-24 09:55:39,1357.1,658825
2021-05-24 09:55:39,1357.1,658825
2021-05-24 09:55:40,1357.5,658850
2021-05-24 09:55:40,1357.5,658850
2021-05-24 09:55:41,1357.5,658850
2021-05-24 09:55:41,1357.5,658850
2021-05-24 09:55:43,1357.6,658920
2021-05-24 09:55:43,1357.6,658920
2021-05-24 09:55:45,1357.6,658952
2021-05-24 09:55:45,1357.6,658952
2021-05-24 09:55:46,1357.6,658954
2021-05-24 09:55:46,1357.6,658954
2021-05-24 09:55:47,1357.6,658954
2021-05-24 09:55:47,1357.6,658954
2021-05-24 09:55:48,1357.5,659492
2021-05-24 09:55:48,1357.5,659492
2021-05-24 09:55:48,1357.5,659508
2021-05-24 09:55:48,1357.5,659508
2021-05-24 09:55:52,1357.6,661322
2021-05-24 09:55:52,1357.6,661322
2021-05-24 09:55:53,1357.6,661323
2021-05-24 09:55:53,1357.6,661323
2021-05-24 09:55:54,1357.6,661518
2021-05-24 09:55:54,1357.6,661518
2021-05-24 09:55:55,1357.6,661674
2021-05-24 09:55:55,1357.6,661674
2021-05-24 09:55:56,1357.55,661726
2021-05-24 09:55:56,1357.55,661726
2021-05-24 09:55:57,1357.5,661729
2021-05-24 09:55:57,1357.5,661729
2021-05-24 09:55:58,1357.6,662026
2021-05-24 09:55:58,1357.6,662026
2021-05-24 09:56:00,1357.6,662111
2021-05-24 09:56:00,1357.6,662111
2021-05-24 09:56:00,1357.6,662133
2021-05-24 09:56:00,1357.6,662133
2021-05-24 09:56:03,1357.55,662209
2021-05-24 09:56:03,1357.55,662209
2021-05-24 09:56:04,1357.9,663769
2021-05-24 09:56:04,1357.9,663769
2021-05-24 09:56:04,1357.9,663816
2021-05-24 09:56:04,1357.9,663816
2021-05-24 09:56:05,1357.9,663837
2021-05-24 09:56:05,1357.9,663837
2021-05-24 09:56:07,1358.0,663909
2021-05-24 09:56:07,1358.0,663909
2021-05-24 09:56:07,1358.0,663911
2021-05-24 09:56:07,1358.0,663911
2021-05-24 09:56:09,1358.0,665012
2021-05-24 09:56:09,1358.0,665012
2021-05-24 09:56:10,1358.0,665015
2021-05-24 09:56:10,1358.0,665015
2021-05-24 09:56:11,1357.95,665526
2021-05-24 09:56:11,1357.95,665526
2021-05-24 09:56:13,1357.8,665787
2021-05-24 09:56:13,1357.8,665787
2021-05-24 09:56:14,1358.0,666987
2021-05-24 09:56:14,1358.0,666987
2021-05-24 09:56:15,1358.0,667103
2021-05-24 09:56:15,1358.0,667103
2021-05-24 09:56:16,1358.0,667896
2021-05-24 09:56:16,1358.0,667896
2021-05-24 09:56:17,1358.6,668544
2021-05-24 09:56:18,1358.55,670292
2021-05-24 09:56:17,1358.6,668544
2021-05-24 09:56:18,1358.55,670292
2021-05-24 09:56:19,1358.55,670351
2021-05-24 09:56:20,1359.0,672150
2021-05-24 09:56:19,1358.55,670351
2021-05-24 09:56:21,1358.7,672214
2021-05-24 09:56:20,1359.0,672150
2021-05-24 09:56:21,1358.7,672214
2021-05-24 09:56:23,1358.6,672251
2021-05-24 09:56:23,1358.6,672251
2021-05-24 09:56:24,1357.65,672482
2021-05-24 09:56:25,1358.0,673749
2021-05-24 09:56:26,1358.0,673764
2021-05-24 09:56:24,1357.65,672482
2021-05-24 09:56:25,1358.0,673749
2021-05-24 09:56:26,1358.0,673764
2021-05-24 09:56:26,1358.0,673764
2021-05-24 09:56:27,1358.5,673769
2021-05-24 09:56:26,1358.0,673764
2021-05-24 09:56:27,1358.5,673769
2021-05-24 09:56:30,1358.5,673957
2021-05-24 09:56:30,1358.5,673957
2021-05-24 09:56:31,1358.5,674009
2021-05-24 09:56:31,1358.5,674009
2021-05-24 09:56:32,1358.55,674093
2021-05-24 09:56:33,1358.15,674117
2021-05-24 09:56:32,1358.55,674093
2021-05-24 09:56:33,1358.15,674117
2021-05-24 09:56:34,1358.55,674123
2021-05-24 09:56:34,1358.55,674123
2021-05-24 09:56:36,1358.55,674130
2021-05-24 09:56:36,1358.55,674130
2021-05-24 09:56:38,1358.55,674802
2021-05-24 09:56:39,1358.5,674810
2021-05-24 09:56:38,1358.55,674802
2021-05-24 09:56:39,1358.5,674810
2021-05-24 09:56:41,1358.5,674896
2021-05-24 09:56:42,1358.45,674925
2021-05-24 09:56:41,1358.5,674896
2021-05-24 09:56:43,1358.5,674941
2021-05-24 09:56:44,1358.5,675042
2021-05-24 09:56:42,1358.45,674925
2021-05-24 09:56:43,1358.5,674941
2021-05-24 09:56:44,1358.5,675042
2021-05-24 09:56:45,1358.5,675050
2021-05-24 09:56:45,1358.5,675050
2021-05-24 09:56:46,1358.5,675095
2021-05-24 09:56:46,1358.5,675095
2021-05-24 09:56:47,1358.5,675106
2021-05-24 09:56:47,1358.5,675106
2021-05-24 09:56:49,1358.5,675121
2021-05-24 09:56:49,1358.5,675121
2021-05-24 09:56:50,1358.5,675141
2021-05-24 09:56:50,1358.5,675141
2021-05-24 09:56:51,1358.0,675234
2021-05-24 09:56:51,1358.0,675234
2021-05-24 09:56:51,1358.5,675238
2021-05-24 09:56:51,1358.5,675238
2021-05-24 09:56:53,1358.35,680727
2021-05-24 09:56:53,1358.35,680727
2021-05-24 09:56:54,1358.35,680962
2021-05-24 09:56:54,1358.35,680962
2021-05-24 09:56:55,1358.45,681124
2021-05-24 09:56:56,1358.45,681168
2021-05-24 09:56:55,1358.45,681124
2021-05-24 09:56:56,1358.45,681168
2021-05-24 09:56:58,1358.0,681186
2021-05-24 09:56:58,1358.0,681186
2021-05-24 09:56:59,1358.25,681408
2021-05-24 09:56:59,1357.7,681266
2021-05-24 09:56:59,1358.25,681408
2021-05-24 09:56:59,1357.7,681266
2021-05-24 09:57:00,1358.25,681412
2021-05-24 09:57:00,1358.25,681412
2021-05-24 09:57:01,1358.25,681412
2021-05-24 09:57:01,1358.25,681412
2021-05-24 09:57:02,1358.2,681413
2021-05-24 09:57:02,1358.2,681413
2021-05-24 09:57:03,1358.0,681442
2021-05-24 09:57:03,1358.0,681442
2021-05-24 09:57:05,1358.25,682049
2021-05-24 09:57:05,1358.25,682049
2021-05-24 09:57:04,1358.25,681488
2021-05-24 09:57:04,1358.25,681488
2021-05-24 09:57:06,1358.25,682181
2021-05-24 09:57:06,1358.25,682181
2021-05-24 09:57:07,1358.0,682513
2021-05-24 09:57:07,1358.0,682513
2021-05-24 09:57:08,1358.25,682645
2021-05-24 09:57:08,1358.25,682645
2021-05-24 09:57:09,1358.0,682761
2021-05-24 09:57:09,1358.0,682761
2021-05-24 09:57:10,1358.25,682976
2021-05-24 09:57:10,1358.25,682976
2021-05-24 09:57:11,1358.25,683347
2021-05-24 09:57:11,1358.25,683347
2021-05-24 09:57:12,1358.2,683368
2021-05-24 09:57:12,1358.2,683368
2021-05-24 09:57:14,1358.2,684256
2021-05-24 09:57:14,1358.2,684256
2021-05-24 09:57:15,1358.2,684313
2021-05-24 09:57:15,1358.2,684313
2021-05-24 09:57:16,1358.0,684343
2021-05-24 09:57:16,1358.0,684343
2021-05-24 09:57:16,1358.0,684343
2021-05-24 09:57:16,1358.0,684343
2021-05-24 09:57:17,1358.0,684418
2021-05-24 09:57:17,1358.0,684418
2021-05-24 09:57:18,1358.0,684418
2021-05-24 09:57:18,1358.0,684418
2021-05-24 09:57:19,1358.0,685368
2021-05-24 09:57:19,1358.0,685368
2021-05-24 09:57:20,1358.35,685429
2021-05-24 09:57:20,1358.35,685429
2021-05-24 09:57:21,1358.3,685447
2021-05-24 09:57:21,1358.3,685447
2021-05-24 09:57:22,1358.0,685477
2021-05-24 09:57:22,1358.0,685477
2021-05-24 09:57:23,1358.3,685479
2021-05-24 09:57:24,1358.4,685628
2021-05-24 09:57:23,1358.3,685479
2021-05-24 09:57:24,1358.4,685628
2021-05-24 09:57:26,1358.0,685682
2021-05-24 09:57:26,1358.0,685682
2021-05-24 09:57:27,1358.45,685705
2021-05-24 09:57:27,1358.45,685705
2021-05-24 09:57:30,1358.3,686303
2021-05-24 09:57:30,1358.3,686303
2021-05-24 09:57:31,1358.2,686330
2021-05-24 09:57:31,1358.2,686330
2021-05-24 09:57:32,1358.2,686727
2021-05-24 09:57:32,1358.2,686727
2021-05-24 09:57:32,1358.2,686739
2021-05-24 09:57:32,1358.2,686739
2021-05-24 09:57:33,1357.6,686749
2021-05-24 09:57:33,1357.6,686749
2021-05-24 09:57:34,1358.15,686799
2021-05-24 09:57:34,1358.15,686799
2021-05-24 09:57:35,1358.15,686831
2021-05-24 09:57:35,1358.15,686831
2021-05-24 09:57:36,1358.2,686936
2021-05-24 09:57:36,1358.2,686936
2021-05-24 09:57:37,1358.3,687074
2021-05-24 09:57:37,1358.3,687074
2021-05-24 09:57:39,1357.45,688080
2021-05-24 09:57:39,1357.45,688080
2021-05-24 09:57:41,1357.95,688141
2021-05-24 09:57:41,1357.95,688141
2021-05-24 09:57:42,1358.0,688147
2021-05-24 09:57:42,1358.0,688147
2021-05-24 09:57:42,1358.0,688146
2021-05-24 09:57:42,1358.0,688146
2021-05-24 09:57:43,1358.0,688147
2021-05-24 09:57:43,1358.0,688147
2021-05-24 09:57:44,1358.0,688176
2021-05-24 09:57:44,1358.0,688176
2021-05-24 09:57:45,1358.0,688311
2021-05-24 09:57:45,1358.0,688311
2021-05-24 09:57:46,1357.5,688406
2021-05-24 09:57:46,1357.5,688406
2021-05-24 09:57:47,1357.95,688443
2021-05-24 09:57:47,1357.95,688443
2021-05-24 09:57:48,1357.95,688445
2021-05-24 09:57:48,1357.95,688445
2021-05-24 09:57:50,1357.45,688672
2021-05-24 09:57:50,1357.45,688672
2021-05-24 09:57:51,1357.45,688672
2021-05-24 09:57:51,1357.45,688672
2021-05-24 09:57:52,1357.45,688672
2021-05-24 09:57:52,1357.45,688672
2021-05-24 09:57:53,1357.45,688672
2021-05-24 09:57:53,1357.45,688672
2021-05-24 09:57:54,1357.5,688704
2021-05-24 09:57:54,1357.5,688704
2021-05-24 09:57:55,1357.95,688759
2021-05-24 09:57:55,1357.95,688760
2021-05-24 09:57:55,1357.95,688759
2021-05-24 09:57:55,1357.95,688760
2021-05-24 09:57:57,1357.6,688784
2021-05-24 09:57:57,1357.6,688784
2021-05-24 09:57:58,1358.0,688792
2021-05-24 09:57:58,1358.0,688792
2021-05-24 09:57:59,1358.0,689093
2021-05-24 09:57:59,1358.0,689093
2021-05-24 09:58:00,1358.0,689181
2021-05-24 09:58:00,1358.0,689181
2021-05-24 09:58:01,1357.95,689857
2021-05-24 09:58:01,1357.95,689857
2021-05-24 09:58:03,1358.0,690908
2021-05-24 09:58:03,1358.0,690908
2021-05-24 09:58:04,1358.0,690915
2021-05-24 09:58:04,1358.0,690915
2021-05-24 09:58:05,1357.95,690969
2021-05-24 09:58:05,1357.95,690969
2021-05-24 09:58:06,1358.0,691019
2021-05-24 09:58:06,1358.0,691019
2021-05-24 09:58:07,1358.0,691089
2021-05-24 09:58:07,1358.0,691089
2021-05-24 09:58:07,1357.7,691153
2021-05-24 09:58:07,1357.7,691153
2021-05-24 09:58:08,1357.6,691217
2021-05-24 09:58:08,1357.6,691217
2021-05-24 09:58:10,1357.6,691558
2021-05-24 09:58:10,1357.6,691558
2021-05-24 09:58:11,1357.6,691558
2021-05-24 09:58:11,1357.6,691558
2021-05-24 09:58:13,1358.0,691608
2021-05-24 09:58:13,1358.0,691608
2021-05-24 09:58:14,1357.95,691708
2021-05-24 09:58:14,1357.95,691708
2021-05-24 09:58:15,1357.7,691710
2021-05-24 09:58:15,1357.7,691710
2021-05-24 09:58:15,1357.7,691710
2021-05-24 09:58:15,1357.7,691710
2021-05-24 09:58:16,1357.7,692310
2021-05-24 09:58:16,1357.7,692310
2021-05-24 09:58:17,1357.7,692803
2021-05-24 09:58:17,1357.7,692803
2021-05-24 09:58:18,1357.45,693604
2021-05-24 09:58:18,1357.45,693604
2021-05-24 09:58:19,1357.7,693668
2021-05-24 09:58:19,1357.7,693668
2021-05-24 09:58:20,1357.2,693963
2021-05-24 09:58:20,1357.2,693963
2021-05-24 09:58:21,1357.2,693963
2021-05-24 09:58:21,1357.2,693963
2021-05-24 09:58:22,1357.65,693995
2021-05-24 09:58:22,1357.65,693995
2021-05-24 09:58:23,1357.2,694403
2021-05-24 09:58:23,1357.2,694403
2021-05-24 09:58:24,1357.1,694823
2021-05-24 09:58:24,1357.1,694823
2021-05-24 09:58:25,1357.55,695905
2021-05-24 09:58:25,1357.55,695905
2021-05-24 09:58:26,1357.05,695908
2021-05-24 09:58:26,1357.05,695908
2021-05-24 09:58:27,1357.05,695908
2021-05-24 09:58:27,1357.05,695908
2021-05-24 09:58:28,1357.05,695908
2021-05-24 09:58:28,1357.05,695908
2021-05-24 09:58:29,1357.2,696036
2021-05-24 09:58:29,1357.2,696036
2021-05-24 09:58:31,1357.2,696036
2021-05-24 09:58:31,1357.2,696036
2021-05-24 09:58:32,1357.5,696063
2021-05-24 09:58:32,1357.5,696063
2021-05-24 09:58:32,1357.5,696063
2021-05-24 09:58:32,1357.5,696063
2021-05-24 09:58:33,1357.5,696072
2021-05-24 09:58:33,1357.5,696072
2021-05-24 09:58:34,1357.5,696072
2021-05-24 09:58:34,1357.5,696072
2021-05-24 09:58:35,1357.5,696072
2021-05-24 09:58:35,1357.5,696072
2021-05-24 09:58:36,1357.5,696079
2021-05-24 09:58:36,1357.5,696079
2021-05-24 09:58:37,1357.5,696079
2021-05-24 09:58:39,1357.5,696101
2021-05-24 09:58:37,1357.5,696079
2021-05-24 09:58:39,1357.5,696101
2021-05-24 09:58:40,1357.5,696102
2021-05-24 09:58:40,1357.5,696102
2021-05-24 09:58:41,1357.1,696202
2021-05-24 09:58:41,1357.1,696202
2021-05-24 09:58:42,1357.55,696303
2021-05-24 09:58:42,1357.55,696303
2021-05-24 09:58:43,1357.55,696303
2021-05-24 09:58:43,1357.55,696303
2021-05-24 09:58:43,1357.55,696303
2021-05-24 09:58:43,1357.55,696303
2021-05-24 09:58:45,1357.15,696466
2021-05-24 09:58:45,1357.15,696466
2021-05-24 09:58:46,1357.3,697323
2021-05-24 09:58:46,1357.3,697323
2021-05-24 09:58:47,1357.15,697397
2021-05-24 09:58:47,1357.15,697397
2021-05-24 09:58:48,1357.5,697513
2021-05-24 09:58:48,1357.5,697513
2021-05-24 09:58:50,1357.5,697630
2021-05-24 09:58:50,1357.5,697630
2021-05-24 09:58:51,1357.2,697694
2021-05-24 09:58:51,1357.2,697694
2021-05-24 09:58:52,1357.5,697749
2021-05-24 09:58:52,1357.5,697749
2021-05-24 09:58:54,1357.5,697749
2021-05-24 09:58:54,1357.5,697749
2021-05-24 09:58:55,1357.5,697780
2021-05-24 09:58:55,1357.5,697780
2021-05-24 09:58:56,1356.8,700078
2021-05-24 09:58:56,1356.8,700078
2021-05-24 09:58:58,1357.15,700738
2021-05-24 09:58:58,1357.15,700738
2021-05-24 09:58:59,1357.05,700739
2021-05-24 09:58:59,1357.05,700739
2021-05-24 09:59:00,1357.05,700749
2021-05-24 09:59:00,1357.05,700749
2021-05-24 09:59:02,1357.05,700749
2021-05-24 09:59:02,1357.05,700749
2021-05-24 09:59:03,1357.0,700754
2021-05-24 09:59:03,1357.0,700754
2021-05-24 09:59:04,1357.0,700804
2021-05-24 09:59:04,1357.0,700804
2021-05-24 09:59:05,1356.55,700932
2021-05-24 09:59:05,1356.55,700932
2021-05-24 09:59:07,1357.0,700940
2021-05-24 09:59:07,1357.0,700940
2021-05-24 09:59:08,1357.1,701170
2021-05-24 09:59:08,1357.1,701170
2021-05-24 09:59:09,1357.1,701300
2021-05-24 09:59:09,1357.1,701300
2021-05-24 09:59:10,1357.0,701302
2021-05-24 09:59:10,1357.0,701302
2021-05-24 09:59:12,1357.0,701410
2021-05-24 09:59:12,1357.0,701410
2021-05-24 09:59:13,1356.95,702228
2021-05-24 09:59:13,1356.95,702228
2021-05-24 09:59:16,1356.75,702460
2021-05-24 09:59:16,1356.75,702460
2021-05-24 09:59:17,1356.2,702530
2021-05-24 09:59:17,1356.2,702530
2021-05-24 09:59:18,1356.2,702722
2021-05-24 09:59:18,1356.2,702722
2021-05-24 09:59:19,1356.2,702723
2021-05-24 09:59:19,1356.2,702723
2021-05-24 09:59:20,1356.1,703201
2021-05-24 09:59:20,1356.1,703201
2021-05-24 09:59:22,1356.15,703340
2021-05-24 09:59:22,1356.15,703340
2021-05-24 09:59:23,1356.7,703616
2021-05-24 09:59:23,1356.7,703616
2021-05-24 09:59:24,1356.7,703617
2021-05-24 09:59:24,1356.7,703617
2021-05-24 09:59:25,1356.15,704518
2021-05-24 09:59:25,1356.15,704518
2021-05-24 09:59:26,1356.1,704715
2021-05-24 09:59:26,1356.1,704715
2021-05-24 09:59:26,1356.1,704715
2021-05-24 09:59:26,1356.1,704715
2021-05-24 09:59:27,1356.6,704720
2021-05-24 09:59:27,1356.6,704720
2021-05-24 09:59:28,1356.0,704784
2021-05-24 09:59:28,1356.0,704784
2021-05-24 09:59:29,1356.0,705044
2021-05-24 09:59:29,1356.0,705044
2021-05-24 09:59:31,1356.0,706338
2021-05-24 09:59:31,1356.0,706338
2021-05-24 09:59:32,1356.0,706806
2021-05-24 09:59:32,1356.0,706806
2021-05-24 09:59:33,1356.0,706806
2021-05-24 09:59:33,1356.0,706806
2021-05-24 09:59:34,1356.0,708059
2021-05-24 09:59:34,1356.0,708059
2021-05-24 09:59:34,1356.0,708059
2021-05-24 09:59:34,1356.0,708059
2021-05-24 09:59:35,1356.0,708066
2021-05-24 09:59:35,1356.0,708066
2021-05-24 09:59:36,1356.0,708570
2021-05-24 09:59:36,1356.0,708570
2021-05-24 09:59:37,1356.0,708582
2021-05-24 09:59:37,1356.0,708582
2021-05-24 09:59:39,1356.0,708589
2021-05-24 09:59:39,1356.0,708589
2021-05-24 09:59:42,1356.0,708596
2021-05-24 09:59:42,1356.0,708596
2021-05-24 09:59:43,1356.0,708596
2021-05-24 09:59:43,1356.0,708596
2021-05-24 09:59:44,1356.0,708601
2021-05-24 09:59:44,1356.0,708601
2021-05-24 09:59:45,1356.0,708601
2021-05-24 09:59:45,1356.0,708601
2021-05-24 09:59:46,1356.5,708801
2021-05-24 09:59:46,1356.5,708801
2021-05-24 09:59:47,1356.0,708846
2021-05-24 09:59:47,1356.0,708846
2021-05-24 09:59:48,1356.0,708876
2021-05-24 09:59:48,1356.0,708876
2021-05-24 09:59:48,1356.0,708876
2021-05-24 09:59:48,1356.0,708876
2021-05-24 09:59:49,1356.35,708878
2021-05-24 09:59:49,1356.35,708878
2021-05-24 09:59:50,1355.7,713843
2021-05-24 09:59:50,1355.7,713843
2021-05-24 09:59:51,1355.95,713863
2021-05-24 09:59:51,1355.95,713863
2021-05-24 09:59:53,1355.1,715032
2021-05-24 09:59:53,1355.1,715032
2021-05-24 09:59:54,1355.35,715126
2021-05-24 09:59:54,1355.35,715126
2021-05-24 09:59:55,1354.75,720370
2021-05-24 09:59:55,1354.75,720370
2021-05-24 09:59:56,1354.75,720499
2021-05-24 09:59:56,1354.75,720499
2021-05-24 09:59:57,1355.35,720719
2021-05-24 09:59:57,1355.35,720719
2021-05-24 09:59:58,1355.0,720769
2021-05-24 09:59:58,1355.0,720769
2021-05-24 09:59:59,1355.0,720976
2021-05-24 09:59:59,1355.0,720976
2021-05-24 10:00:00,1355.0,721007
2021-05-24 10:00:00,1355.0,721007
2021-05-24 10:00:01,1355.35,721243
2021-05-24 10:00:01,1355.35,721243
2021-05-24 10:00:03,1355.05,721460
2021-05-24 10:00:03,1355.05,721460
2021-05-24 10:00:04,1354.95,721524
2021-05-24 10:00:04,1354.95,721524
2021-05-24 10:00:06,1354.95,721627
2021-05-24 10:00:06,1354.95,721627
2021-05-24 10:00:07,1354.95,721627
2021-05-24 10:00:07,1354.95,721627
2021-05-24 10:00:08,1354.9,721804
2021-05-24 10:00:08,1354.9,721804
2021-05-24 10:00:09,1354.95,722641
2021-05-24 10:00:09,1354.95,722641
2021-05-24 10:00:10,1356.15,725767
2021-05-24 10:00:10,1356.15,725767
2021-05-24 10:00:10,1356.15,725767
2021-05-24 10:00:10,1356.15,725767
2021-05-24 10:00:11,1355.55,726535
2021-05-24 10:00:11,1355.55,726535
2021-05-24 10:00:12,1354.95,726599
2021-05-24 10:00:12,1354.95,726599
2021-05-24 10:00:13,1354.95,727204
2021-05-24 10:00:13,1354.95,727204
2021-05-24 10:00:14,1355.5,727219
2021-05-24 10:00:14,1355.5,727219
2021-05-24 10:00:15,1355.5,727352
2021-05-24 10:00:15,1355.5,727352
2021-05-24 10:00:16,1355.05,728384
2021-05-24 10:00:16,1355.05,728384
2021-05-24 10:00:19,1355.45,729521
2021-05-24 10:00:19,1355.45,729521
2021-05-24 10:00:20,1355.45,729572
2021-05-24 10:00:20,1355.45,729572
2021-05-24 10:00:21,1356.0,729630
2021-05-24 10:00:21,1356.0,729630
2021-05-24 10:00:22,1356.0,729647
2021-05-24 10:00:22,1356.0,729647
2021-05-24 10:00:22,1356.0,729647
2021-05-24 10:00:22,1356.0,729647
2021-05-24 10:00:23,1356.0,729647
2021-05-24 10:00:23,1356.0,729647
2021-05-24 10:00:24,1356.0,729647
2021-05-24 10:00:24,1356.0,729647
2021-05-24 10:00:25,1356.0,729679
2021-05-24 10:00:25,1356.0,729679
2021-05-24 10:00:27,1356.0,729680
2021-05-24 10:00:27,1356.0,729680
2021-05-24 10:00:28,1356.3,729711
2021-05-24 10:00:28,1356.3,729711
2021-05-24 10:00:29,1356.0,729712
2021-05-24 10:00:29,1356.0,729712
2021-05-24 10:00:30,1356.4,729763
2021-05-24 10:00:30,1356.4,729763
2021-05-24 10:00:31,1356.0,729778
2021-05-24 10:00:31,1356.0,729778
2021-05-24 10:00:31,1356.0,729778
2021-05-24 10:00:31,1356.0,729778
2021-05-24 10:00:32,1356.0,729778
2021-05-24 10:00:32,1356.0,729778
2021-05-24 10:00:36,1356.35,729833
2021-05-24 10:00:36,1356.35,729833
2021-05-24 10:00:37,1356.4,730020
2021-05-24 10:00:37,1356.4,730020
2021-05-24 10:00:38,1356.0,730054
2021-05-24 10:00:38,1356.0,730054
2021-05-24 10:00:39,1356.0,730084
2021-05-24 10:00:39,1356.0,730084
2021-05-24 10:00:40,1356.0,730084
2021-05-24 10:00:40,1356.0,730084
2021-05-24 10:00:41,1356.4,730164
2021-05-24 10:00:41,1356.4,730164
2021-05-24 10:00:43,1356.0,730184
2021-05-24 10:00:43,1356.0,730184
2021-05-24 10:00:44,1356.0,730184
2021-05-24 10:00:44,1356.0,730184
2021-05-24 10:00:45,1356.4,730290
2021-05-24 10:00:45,1356.4,730290
2021-05-24 10:00:46,1356.4,730290
2021-05-24 10:00:46,1356.4,730290
2021-05-24 10:00:47,1356.0,730403
2021-05-24 10:00:47,1356.0,730403
2021-05-24 10:00:47,1356.0,730403
2021-05-24 10:00:47,1356.0,730403
2021-05-24 10:00:48,1356.0,730403
2021-05-24 10:00:48,1356.0,730403
2021-05-24 10:00:49,1356.4,730411
2021-05-24 10:00:49,1356.4,730411
2021-05-24 10:00:51,1356.0,730428
2021-05-24 10:00:51,1356.0,730428
2021-05-24 10:00:52,1356.35,730431
2021-05-24 10:00:52,1356.35,730431
2021-05-24 10:00:53,1356.35,730558
2021-05-24 10:00:53,1356.35,730558
2021-05-24 10:00:54,1356.35,730568
2021-05-24 10:00:54,1356.35,730568
2021-05-24 10:00:55,1356.35,730570
2021-05-24 10:00:55,1356.35,730570
2021-05-24 10:00:56,1356.05,731098
2021-05-24 10:00:56,1356.05,731098
2021-05-24 10:00:56,1356.05,731098
2021-05-24 10:00:56,1356.05,731098
2021-05-24 10:00:57,1355.5,731121
2021-05-24 10:00:57,1355.5,731121
2021-05-24 10:00:58,1356.05,731122
2021-05-24 10:00:59,1356.0,731132
2021-05-24 10:00:58,1356.05,731122
2021-05-24 10:00:59,1356.0,731132
2021-05-24 10:01:01,1356.0,731224
2021-05-24 10:01:01,1355.95,731243
2021-05-24 10:01:01,1356.0,731224
2021-05-24 10:01:01,1355.95,731243
2021-05-24 10:01:02,1355.5,731273
2021-05-24 10:01:02,1355.5,731273
2021-05-24 10:01:04,1355.45,731393
2021-05-24 10:01:04,1355.45,731393
2021-05-24 10:01:05,1355.8,731412
2021-05-24 10:01:05,1355.8,731412
2021-05-24 10:01:06,1355.8,731422
2021-05-24 10:01:06,1355.8,731422
2021-05-24 10:01:08,1355.35,731457
2021-05-24 10:01:08,1355.35,731457
2021-05-24 10:01:09,1355.3,731568
2021-05-24 10:01:09,1355.3,731568
2021-05-24 10:01:10,1355.7,731586
2021-05-24 10:01:10,1355.7,731586
2021-05-24 10:01:12,1355.75,731638
2021-05-24 10:01:12,1355.75,731638
2021-05-24 10:01:13,1355.8,731642
2021-05-24 10:01:13,1355.8,731642
2021-05-24 10:01:13,1355.8,731642
2021-05-24 10:01:13,1355.8,731642
2021-05-24 10:01:14,1355.8,731667
2021-05-24 10:01:14,1355.8,731667
2021-05-24 10:01:15,1355.8,731667
2021-05-24 10:01:15,1355.8,731667
2021-05-24 10:01:17,1355.5,732306
2021-05-24 10:01:17,1355.5,732306
2021-05-24 10:01:18,1355.3,732568
2021-05-24 10:01:18,1355.3,732568
2021-05-24 10:01:19,1355.3,732674
2021-05-24 10:01:19,1355.3,732674
2021-05-24 10:01:21,1355.3,732674
2021-05-24 10:01:21,1355.3,732674
2021-05-24 10:01:22,1355.3,732674
2021-05-24 10:01:22,1355.3,732674
2021-05-24 10:01:23,1355.5,734296
2021-05-24 10:01:23,1355.5,734296
2021-05-24 10:01:24,1356.45,734896
2021-05-24 10:01:24,1356.45,734896
2021-05-24 10:01:25,1356.3,734897
2021-05-24 10:01:25,1356.3,734897
2021-05-24 10:01:26,1356.0,734899
2021-05-24 10:01:26,1356.0,734899
2021-05-24 10:01:26,1356.0,734899
2021-05-24 10:01:26,1356.0,734899
2021-05-24 10:01:29,1355.85,734968
2021-05-24 10:01:29,1355.85,734968
2021-05-24 10:01:30,1355.8,735132
2021-05-24 10:01:30,1355.8,735132
2021-05-24 10:01:31,1356.3,735135
2021-05-24 10:01:31,1356.3,735135
2021-05-24 10:01:32,1355.75,735153
2021-05-24 10:01:32,1355.75,735153
2021-05-24 10:01:33,1356.0,735188
2021-05-24 10:01:33,1356.0,735188
2021-05-24 10:01:34,1356.0,735188
2021-05-24 10:01:34,1356.0,735188
2021-05-24 10:01:35,1356.0,735242
2021-05-24 10:01:35,1356.0,735242
2021-05-24 10:01:37,1355.85,735243
2021-05-24 10:01:37,1355.85,735243
2021-05-24 10:01:38,1356.0,735685
2021-05-24 10:01:38,1356.0,735685
2021-05-24 10:01:39,1355.85,735744
2021-05-24 10:01:39,1355.85,735744
2021-05-24 10:01:40,1355.85,735870
2021-05-24 10:01:40,1355.85,735870
2021-05-24 10:01:41,1355.95,735874
2021-05-24 10:01:41,1355.95,735874
2021-05-24 10:01:42,1355.95,735874
2021-05-24 10:01:42,1355.95,735874
2021-05-24 10:01:43,1355.95,735874
2021-05-24 10:01:43,1355.95,735874
2021-05-24 10:01:44,1355.8,735902
2021-05-24 10:01:44,1355.8,735902
2021-05-24 10:01:45,1355.8,735902
2021-05-24 10:01:45,1355.8,735902
2021-05-24 10:01:46,1355.8,735902
2021-05-24 10:01:46,1355.8,735902
2021-05-24 10:01:47,1355.8,735902
2021-05-24 10:01:47,1355.8,735902
2021-05-24 10:01:48,1355.45,736002
2021-05-24 10:01:48,1355.45,736002
2021-05-24 10:01:50,1355.8,736003
2021-05-24 10:01:50,1355.8,736003
2021-05-24 10:01:54,1355.35,736215
2021-05-24 10:01:54,1355.35,736215
2021-05-24 10:01:55,1355.35,736215
2021-05-24 10:01:55,1355.35,736215
2021-05-24 10:01:56,1355.8,736965
2021-05-24 10:01:56,1355.8,736965
2021-05-24 10:01:57,1355.3,737031
2021-05-24 10:01:57,1355.3,737031
2021-05-24 10:01:58,1355.35,737096
2021-05-24 10:01:58,1355.35,737096
2021-05-24 10:01:59,1355.35,737096
2021-05-24 10:01:59,1355.35,737096
2021-05-24 10:02:00,1355.75,737197
2021-05-24 10:02:00,1355.75,737197
2021-05-24 10:02:01,1355.7,737349
2021-05-24 10:02:01,1355.7,737349
2021-05-24 10:02:02,1355.7,737351
2021-05-24 10:02:02,1355.7,737351
2021-05-24 10:02:03,1355.3,737480
2021-05-24 10:02:03,1355.3,737480
2021-05-24 10:02:04,1355.3,738187
2021-05-24 10:02:04,1355.3,738187
2021-05-24 10:02:05,1355.35,738348
2021-05-24 10:02:05,1355.35,738348
2021-05-24 10:02:05,1355.35,738348
2021-05-24 10:02:05,1355.35,738348
2021-05-24 10:02:06,1355.35,738348
2021-05-24 10:02:06,1355.35,738348
2021-05-24 10:02:09,1355.35,738496
2021-05-24 10:02:09,1355.35,738496
2021-05-24 10:02:10,1355.35,738496
2021-05-24 10:02:10,1355.35,738496
2021-05-24 10:02:11,1355.5,738498
2021-05-24 10:02:11,1355.5,738498
2021-05-24 10:02:12,1355.55,738909
2021-05-24 10:02:13,1355.55,738999
2021-05-24 10:02:12,1355.55,738909
2021-05-24 10:02:13,1355.55,738999
2021-05-24 10:02:14,1355.7,739099
2021-05-24 10:02:14,1355.7,739099
2021-05-24 10:02:15,1355.55,740056
2021-05-24 10:02:15,1355.55,740056
2021-05-24 10:02:15,1355.55,740056
2021-05-24 10:02:15,1355.55,740056
2021-05-24 10:02:16,1355.45,740665
2021-05-24 10:02:16,1355.45,740665
2021-05-24 10:02:17,1356.0,740683
2021-05-24 10:02:17,1356.0,740683
2021-05-24 10:02:18,1356.0,740683
2021-05-24 10:02:18,1356.0,740683
2021-05-24 10:02:19,1355.1,741282
2021-05-24 10:02:19,1355.1,741282
2021-05-24 10:02:21,1355.6,741370
2021-05-24 10:02:21,1355.6,741370
2021-05-24 10:02:22,1355.55,741782
2021-05-24 10:02:22,1355.55,741782
2021-05-24 10:02:23,1355.55,741800
2021-05-24 10:02:23,1355.55,741800
2021-05-24 10:02:24,1355.55,741800
2021-05-24 10:02:24,1355.55,741800
2021-05-24 10:02:25,1355.6,742000
2021-05-24 10:02:25,1355.6,742000
2021-05-24 10:02:26,1355.1,742001
2021-05-24 10:02:26,1355.1,742001
2021-05-24 10:02:27,1355.1,742001
2021-05-24 10:02:27,1355.1,742001
2021-05-24 10:02:28,1355.9,742012
2021-05-24 10:02:28,1355.9,742012
2021-05-24 10:02:29,1355.85,742013
2021-05-24 10:02:29,1355.85,742013
2021-05-24 10:02:31,1355.75,742035
2021-05-24 10:02:31,1355.75,742035
2021-05-24 10:02:33,1355.8,742036
2021-05-24 10:02:33,1355.8,742036
2021-05-24 10:02:34,1355.8,742036
2021-05-24 10:02:34,1355.8,742036
2021-05-24 10:02:35,1355.8,742037
2021-05-24 10:02:35,1355.8,742037
2021-05-24 10:02:37,1355.8,742038
2021-05-24 10:02:37,1355.8,742038
2021-05-24 10:02:41,1355.4,742102
2021-05-24 10:02:41,1355.4,742102
2021-05-24 10:02:42,1355.4,742102
2021-05-24 10:02:42,1355.4,742102
2021-05-24 10:02:43,1355.3,742142
2021-05-24 10:02:43,1355.3,742142
2021-05-24 10:02:44,1355.25,742192
2021-05-24 10:02:44,1355.25,742192
2021-05-24 10:02:46,1355.75,742997
2021-05-24 10:02:46,1355.75,742997
2021-05-24 10:02:47,1355.8,744444
2021-05-24 10:02:47,1355.8,744444
2021-05-24 10:02:48,1355.8,744444
2021-05-24 10:02:48,1355.8,744444
2021-05-24 10:02:50,1355.75,744813
2021-05-24 10:02:50,1355.75,744813
2021-05-24 10:02:51,1355.65,744820
2021-05-24 10:02:51,1355.65,744820
2021-05-24 10:02:52,1355.7,744972
2021-05-24 10:02:52,1355.7,744972
2021-05-24 10:02:53,1355.7,745186
2021-05-24 10:02:53,1355.7,745186
2021-05-24 10:02:55,1355.8,745332
2021-05-24 10:02:55,1355.8,745332
2021-05-24 10:02:56,1355.8,745332
2021-05-24 10:02:56,1355.8,745332
2021-05-24 10:02:57,1355.8,745442
2021-05-24 10:02:57,1355.8,745442
2021-05-24 10:02:58,1355.75,745443
2021-05-24 10:02:58,1355.75,745443
2021-05-24 10:02:59,1355.5,745619
2021-05-24 10:02:59,1355.5,745619
2021-05-24 10:03:00,1355.7,745637
2021-05-24 10:03:00,1355.7,745637
2021-05-24 10:03:01,1355.7,745637
2021-05-24 10:03:01,1355.7,745637
2021-05-24 10:03:02,1355.7,745637
2021-05-24 10:03:02,1355.7,745637
2021-05-24 10:03:03,1355.75,745658
2021-05-24 10:03:03,1355.75,745658
2021-05-24 10:03:04,1355.8,746330
2021-05-24 10:03:05,1355.8,746730
2021-05-24 10:03:04,1355.8,746330
2021-05-24 10:03:05,1355.8,746730
2021-05-24 10:03:06,1356.95,747831
2021-05-24 10:03:06,1356.95,747831
2021-05-24 10:03:07,1356.45,748431
2021-05-24 10:03:07,1356.45,748431
2021-05-24 10:03:08,1356.2,748446
2021-05-24 10:03:09,1356.2,748446
2021-05-24 10:03:08,1356.2,748446
2021-05-24 10:03:09,1356.2,748446
2021-05-24 10:03:10,1356.75,748478
2021-05-24 10:03:10,1356.75,748478
2021-05-24 10:03:11,1356.75,748478
2021-05-24 10:03:11,1356.75,748478
2021-05-24 10:03:12,1356.7,748488
2021-05-24 10:03:12,1356.7,748488
2021-05-24 10:03:13,1356.7,748558
2021-05-24 10:03:13,1356.7,748558
2021-05-24 10:03:14,1356.7,748558
2021-05-24 10:03:14,1356.7,748558
2021-05-24 10:03:15,1356.7,748698
2021-05-24 10:03:15,1356.7,748698
2021-05-24 10:03:16,1356.7,748698
2021-05-24 10:03:16,1356.7,748698
2021-05-24 10:03:17,1356.7,748705
2021-05-24 10:03:17,1356.7,748705
2021-05-24 10:03:18,1356.65,748812
2021-05-24 10:03:18,1356.65,748812
2021-05-24 10:03:20,1356.65,748837
2021-05-24 10:03:20,1356.65,748837
2021-05-24 10:03:21,1355.7,748903
2021-05-24 10:03:21,1355.7,748903
2021-05-24 10:03:22,1356.2,748923
2021-05-24 10:03:22,1356.2,748923
2021-05-24 10:03:23,1356.2,748923
2021-05-24 10:03:23,1356.2,748923
2021-05-24 10:03:24,1356.15,748924
2021-05-24 10:03:24,1356.15,748924
2021-05-24 10:03:25,1356.15,748924
2021-05-24 10:03:25,1356.15,748924
2021-05-24 10:03:26,1356.15,748924
2021-05-24 10:03:26,1356.15,748924
2021-05-24 10:03:27,1355.65,749059
2021-05-24 10:03:27,1355.65,749059
2021-05-24 10:03:28,1355.65,749139
2021-05-24 10:03:28,1355.65,749139
2021-05-24 10:03:29,1356.15,749190
2021-05-24 10:03:30,1355.6,749191
2021-05-24 10:03:29,1356.15,749190
2021-05-24 10:03:30,1355.6,749191
2021-05-24 10:03:31,1355.6,749191
2021-05-24 10:03:31,1355.6,749191
2021-05-24 10:03:34,1356.0,749196
2021-05-24 10:03:34,1356.0,749196
2021-05-24 10:03:36,1356.0,749274
2021-05-24 10:03:36,1356.0,749274
2021-05-24 10:03:37,1356.0,749274
2021-05-24 10:03:37,1356.0,749274
2021-05-24 10:03:38,1356.0,749328
2021-05-24 10:03:38,1356.0,749328
2021-05-24 10:03:39,1356.0,749465
2021-05-24 10:03:39,1356.0,749465
2021-05-24 10:03:40,1356.0,749637
2021-05-24 10:03:40,1356.0,749637
2021-05-24 10:03:41,1355.9,749644
2021-05-24 10:03:41,1355.9,749644
2021-05-24 10:03:42,1356.0,750277
2021-05-24 10:03:42,1356.0,750277
2021-05-24 10:03:43,1356.0,750277
2021-05-24 10:03:43,1356.0,750277
2021-05-24 10:03:44,1356.0,750277
2021-05-24 10:03:44,1356.0,750277
2021-05-24 10:03:45,1356.0,750277
2021-05-24 10:03:45,1356.0,750277
2021-05-24 10:03:46,1356.0,750305
2021-05-24 10:03:46,1356.0,750305
2021-05-24 10:03:47,1356.0,750305
2021-05-24 10:03:47,1356.0,750305
2021-05-24 10:03:48,1356.0,750305
2021-05-24 10:03:48,1356.0,750305
2021-05-24 10:03:49,1356.0,750330
2021-05-24 10:03:49,1356.0,750330
2021-05-24 10:03:50,1355.65,750342
2021-05-24 10:03:50,1355.65,750342
2021-05-24 10:03:51,1355.65,750342
2021-05-24 10:03:51,1355.65,750342
2021-05-24 10:03:53,1355.5,750820
2021-05-24 10:03:53,1355.5,750820
2021-05-24 10:03:54,1355.5,750820
2021-05-24 10:03:54,1355.5,750820
2021-05-24 10:03:56,1355.95,751036
2021-05-24 10:03:56,1355.95,751036
2021-05-24 10:03:55,1355.9,751030
2021-05-24 10:03:55,1355.9,751030
2021-05-24 10:03:57,1355.95,751037
2021-05-24 10:03:57,1355.95,751037
2021-05-24 10:03:58,1355.6,751040
2021-05-24 10:03:58,1355.6,751040
2021-05-24 10:03:59,1355.95,751172
2021-05-24 10:03:59,1355.95,751172
2021-05-24 10:04:00,1355.95,751185
2021-05-24 10:04:00,1355.95,751185
2021-05-24 10:04:02,1355.95,751285
2021-05-24 10:04:02,1355.95,751285
2021-05-24 10:04:04,1355.95,751901
2021-05-24 10:04:04,1355.95,751901
2021-05-24 10:04:05,1355.95,751901
2021-05-24 10:04:05,1355.95,751901
2021-05-24 10:04:06,1355.95,751904
2021-05-24 10:04:06,1355.95,751904
2021-05-24 10:04:07,1355.95,751904
2021-05-24 10:04:07,1355.95,751904
2021-05-24 10:04:08,1355.9,751905
2021-05-24 10:04:08,1355.9,751905
2021-05-24 10:04:09,1355.9,751905
2021-05-24 10:04:09,1355.9,751905
2021-05-24 10:04:10,1355.9,751905
2021-05-24 10:04:10,1355.9,751905
2021-05-24 10:04:11,1355.9,752530
2021-05-24 10:04:11,1355.9,752530
2021-05-24 10:04:12,1355.9,752563
2021-05-24 10:04:13,1355.9,752851
2021-05-24 10:04:14,1355.9,752851
2021-05-24 10:04:15,1355.9,752926
2021-05-24 10:04:12,1355.9,752563
2021-05-24 10:04:13,1355.9,752851
2021-05-24 10:04:14,1355.9,752851
2021-05-24 10:04:15,1355.9,752926
2021-05-24 10:04:16,1355.9,752933
2021-05-24 10:04:16,1355.9,752933
2021-05-24 10:04:17,1355.9,753095
2021-05-24 10:04:17,1355.9,753095
2021-05-24 10:04:18,1355.9,753136
2021-05-24 10:04:18,1355.9,753136
2021-05-24 10:04:19,1356.0,756748
2021-05-24 10:04:19,1356.0,756748
2021-05-24 10:04:20,1356.5,768349
2021-05-24 10:04:20,1356.5,768349
2021-05-24 10:04:21,1356.5,768356
2021-05-24 10:04:22,1356.5,768357
2021-05-24 10:04:21,1356.5,768356
2021-05-24 10:04:22,1356.5,768357
2021-05-24 10:04:23,1356.15,768377
2021-05-24 10:04:23,1356.15,768377
2021-05-24 10:04:24,1356.15,768397
2021-05-24 10:04:25,1356.15,768397
2021-05-24 10:04:24,1356.15,768397
2021-05-24 10:04:26,1356.15,768397
2021-05-24 10:04:27,1356.15,768398
2021-05-24 10:04:25,1356.15,768397
2021-05-24 10:04:28,1356.15,768398
2021-05-24 10:04:26,1356.15,768397
2021-05-24 10:04:27,1356.15,768398
2021-05-24 10:04:28,1356.15,768398
2021-05-24 10:04:30,1356.2,768608
2021-05-24 10:04:30,1356.2,768608
2021-05-24 10:04:31,1356.15,768806
2021-05-24 10:04:31,1356.15,768806
2021-05-24 10:04:32,1356.2,770802
2021-05-24 10:04:33,1356.2,770803
2021-05-24 10:04:32,1356.2,770802
2021-05-24 10:04:33,1356.2,770803
2021-05-24 10:04:34,1356.2,770867
2021-05-24 10:04:35,1356.2,770867
2021-05-24 10:04:34,1356.2,770867
2021-05-24 10:04:35,1356.2,770867
2021-05-24 10:04:36,1356.1,770883
2021-05-24 10:04:37,1356.1,770918
