timestamp,ltp,volume
2021-05-24 13:58:34,312.85,25673413
2021-05-24 13:58:34,312.85,25673413
2021-05-24 13:58:35,312.8,25673417
2021-05-24 13:58:36,312.8,25673597
2021-05-24 13:58:37,312.8,25673621
2021-05-24 13:58:38,312.8,25673626
2021-05-24 13:58:39,312.8,25673626
2021-05-24 13:58:40,312.8,25673639
2021-05-24 13:58:41,312.8,25674355
2021-05-24 13:58:42,312.75,25674429
2021-05-24 13:58:43,312.8,25675275
2021-05-24 13:58:44,312.9,25675995
2021-05-24 13:58:45,312.8,25676315
2021-05-24 13:58:47,313.05,25701020
2021-05-24 13:58:48,313.0,25701190
2021-05-24 13:58:49,313.15,25703769
2021-05-24 13:58:50,313.15,25703896
2021-05-24 13:58:51,313.15,25704421
2021-05-24 13:58:52,313.15,25704800
2021-05-24 13:58:53,313.0,25705130
2021-05-24 13:58:55,313.15,25707686
2021-05-24 13:58:58,313.2,25714637
2021-05-24 13:58:59,313.15,25714647
2021-05-24 13:59:00,313.2,25716166
2021-05-24 13:59:01,313.15,25716273
2021-05-24 13:59:03,313.05,25717635
2021-05-24 13:59:03,313.05,25717635
2021-05-24 13:59:04,313.15,25717695
2021-05-24 13:59:05,313.2,25718722
2021-05-24 13:59:06,313.15,25718806
2021-05-24 13:59:07,313.2,25718980
2021-05-24 13:59:08,313.15,25719409
2021-05-24 13:59:09,313.15,25719434
2021-05-24 13:59:11,313.1,25727365
2021-05-24 13:59:12,313.2,25727560
2021-05-24 13:59:13,313.2,25728921
2021-05-24 13:59:14,313.2,25729227
2021-05-24 13:59:15,313.25,25730202
2021-05-24 13:59:16,313.4,25732458
2021-05-24 13:59:17,313.2,25733557
2021-05-24 13:59:18,313.35,25734981
2021-05-24 13:59:19,313.3,25735230
2021-05-24 13:59:20,313.2,25735346
2021-05-24 13:59:21,313.3,25735514
2021-05-24 13:59:22,313.3,25736242
2021-05-24 13:59:23,313.3,25736256
2021-05-24 13:59:24,313.3,25736756
2021-05-24 13:59:25,313.4,25736845
2021-05-24 13:59:26,313.35,25736846
2021-05-24 13:59:27,313.35,25736871
2021-05-24 13:59:28,313.35,25736927
2021-05-24 13:59:29,313.35,25736927
2021-05-24 13:59:30,313.3,25737592
2021-05-24 13:59:31,313.35,25738027
2021-05-24 13:59:32,313.35,25738262
2021-05-24 13:59:34,313.35,25740998
2021-05-24 13:59:35,313.4,25741988
2021-05-24 13:59:36,313.3,25742126
2021-05-24 13:59:37,313.4,25742155
2021-05-24 13:59:38,313.3,25742209
2021-05-24 13:59:39,313.35,25743336
2021-05-24 13:59:40,313.35,25743758
2021-05-24 13:59:41,313.4,25743959
2021-05-24 13:59:42,313.3,25745038
2021-05-24 13:59:43,313.4,25745188
2021-05-24 13:59:44,313.4,25745338
2021-05-24 13:59:45,313.35,25745757
2021-05-24 13:59:46,313.4,25746060
2021-05-24 13:59:47,313.35,25746390
2021-05-24 13:59:48,313.4,25747620
2021-05-24 13:59:50,313.35,25748696
2021-05-24 13:59:52,313.25,25766391
2021-05-24 13:59:53,313.3,25768008
2021-05-24 13:59:54,313.3,25768171
2021-05-24 13:59:55,313.3,25768881
2021-05-24 13:59:56,313.2,25769004
2021-05-24 13:59:57,313.2,25769102
2021-05-24 13:59:58,313.35,25769540
2021-05-24 13:59:59,313.35,25770302
2021-05-24 14:00:00,313.35,25771172
2021-05-24 14:00:02,313.35,25771474
2021-05-24 14:00:03,313.35,25771488
2021-05-24 14:00:05,313.25,25771589
2021-05-24 14:00:05,313.35,25771889
2021-05-24 14:00:06,313.35,25775214
2021-05-24 14:00:07,313.4,25775670
2021-05-24 14:00:08,313.35,25776359
2021-05-24 14:00:10,313.35,25777345
2021-05-24 14:00:11,313.35,25777525
2021-05-24 14:00:12,313.4,25777817
2021-05-24 14:00:13,313.35,25777909
2021-05-24 14:00:14,313.3,25778247
2021-05-24 14:00:15,313.4,25778930
2021-05-24 14:00:16,313.3,25779050
2021-05-24 14:00:17,313.4,25779079
2021-05-24 14:00:18,313.4,25779079
2021-05-24 14:00:19,313.4,25779959
2021-05-24 14:00:20,313.4,25779962
2021-05-24 14:00:21,313.4,25780462
2021-05-24 14:00:22,313.4,25780719
2021-05-24 14:00:23,313.4,25780768
2021-05-24 14:00:24,313.25,25782268
2021-05-24 14:00:25,313.4,25782328
2021-05-24 14:00:26,313.25,25782465
2021-05-24 14:00:27,313.35,25782490
2021-05-24 14:00:28,313.35,25782500
2021-05-24 14:00:29,313.3,25782809
2021-05-24 14:00:30,313.2,25791432
2021-05-24 14:00:31,313.25,25791878
2021-05-24 14:00:32,313.25,25792116
2021-05-24 14:00:33,313.05,25794710
2021-05-24 14:00:35,313.05,25795042
2021-05-24 14:00:36,313.0,25795083
2021-05-24 14:00:37,313.05,25795228
2021-05-24 14:00:38,313.1,25797239
2021-05-24 14:00:39,313.15,25799240
2021-05-24 14:00:40,313.15,25799250
2021-05-24 14:00:41,313.15,25799275
2021-05-24 14:00:42,313.15,25801006
2021-05-24 14:00:43,313.15,25801056
2021-05-24 14:00:44,313.05,25801116
2021-05-24 14:00:45,313.1,25801388
2021-05-24 14:00:46,313.1,25802199
2021-05-24 14:00:47,313.15,25802462
2021-05-24 14:00:48,313.1,25803966
2021-05-24 14:00:49,313.15,25803971
2021-05-24 14:00:50,313.15,25803999
2021-05-24 14:00:51,313.1,25804195
2021-05-24 14:00:52,313.15,25804452
2021-05-24 14:00:53,313.15,25809136
2021-05-24 14:00:54,313.15,25809187
2021-05-24 14:00:55,313.2,25809247
2021-05-24 14:00:56,313.25,25809257
2021-05-24 14:00:57,313.25,25809289
2021-05-24 14:00:58,313.25,25809295
2021-05-24 14:01:00,313.15,25809465
2021-05-24 14:01:01,313.35,25809495
2021-05-24 14:01:02,313.15,25810284
2021-05-24 14:01:03,313.15,25811711
2021-05-24 14:01:04,313.15,25812103
2021-05-24 14:01:05,313.25,25812597
2021-05-24 14:01:06,313.25,25812645
2021-05-24 14:01:07,313.25,25812710
2021-05-24 14:01:08,313.3,25812955
2021-05-24 14:01:09,313.15,25812960
2021-05-24 14:01:10,313.15,25812960
2021-05-24 14:01:11,313.25,25813370
2021-05-24 14:01:13,313.15,25813530
2021-05-24 14:01:14,313.25,25813850
2021-05-24 14:01:14,313.25,25813850
2021-05-24 14:01:15,313.15,25813982
2021-05-24 14:01:17,313.25,25814017
2021-05-24 14:01:18,313.15,25814117
2021-05-24 14:01:19,313.3,25814717
2021-05-24 14:01:20,313.3,25814760
2021-05-24 14:01:21,313.15,25814869
2021-05-24 14:01:22,313.3,25814935
2021-05-24 14:01:23,313.25,25815260
2021-05-24 14:01:24,313.3,25815360
2021-05-24 14:01:24,313.25,25815460
2021-05-24 14:01:25,313.3,25815464
2021-05-24 14:01:26,313.3,25815464
2021-05-24 14:01:27,313.2,25815903
2021-05-24 14:01:28,313.3,25816126
2021-05-24 14:01:29,313.3,25816138
2021-05-24 14:01:30,313.2,25816163
2021-05-24 14:01:31,313.3,25816183
2021-05-24 14:01:32,313.2,25816419
2021-05-24 14:01:33,313.15,25816719
2021-05-24 14:01:34,313.3,25816825
2021-05-24 14:01:35,313.15,25817325
2021-05-24 14:01:36,313.15,25817946
2021-05-24 14:01:37,313.3,25817975
2021-05-24 14:01:38,313.2,25818475
2021-05-24 14:01:39,313.3,25818489
2021-05-24 14:01:40,313.2,25818589
2021-05-24 14:01:41,313.3,25819103
2021-05-24 14:01:42,313.3,25819170
2021-05-24 14:01:43,313.3,25819176
2021-05-24 14:01:44,313.3,25820011
2021-05-24 14:01:45,313.3,25820202
2021-05-24 14:01:46,313.3,25820433
2021-05-24 14:01:47,313.3,25820508
2021-05-24 14:01:49,313.3,25821020
2021-05-24 14:01:50,313.2,25821540
2021-05-24 14:01:51,313.2,25821721
2021-05-24 14:01:52,313.3,25821735
2021-05-24 14:01:53,313.3,25821760
2021-05-24 14:01:54,313.3,25822000
2021-05-24 14:01:55,313.3,25822020
2021-05-24 14:01:55,313.3,25822470
2021-05-24 14:01:56,313.25,25822670
2021-05-24 14:01:58,313.3,25822702
2021-05-24 14:01:59,313.3,25822714
2021-05-24 14:02:00,313.25,25822733
2021-05-24 14:02:01,313.3,25824037
2021-05-24 14:02:02,313.2,25824539
2021-05-24 14:02:02,313.3,25824570
2021-05-24 14:02:03,313.25,25824839
2021-05-24 14:02:04,313.2,25824849
2021-05-24 14:02:05,313.2,25824949
2021-05-24 14:02:06,313.2,25825149
2021-05-24 14:02:07,313.2,25825423
2021-05-24 14:02:08,313.25,25825543
2021-05-24 14:02:09,313.25,25825555
2021-05-24 14:02:10,313.2,25825760
2021-05-24 14:02:11,313.25,25825961
2021-05-24 14:02:12,313.2,25826047
2021-05-24 14:02:13,313.2,25826047
2021-05-24 14:02:14,313.15,25826647
2021-05-24 14:02:15,313.15,25829645
2021-05-24 14:02:16,313.15,25829645
2021-05-24 14:02:17,313.15,25829671
2021-05-24 14:02:19,313.05,25831160
2021-05-24 14:02:20,313.1,25831361
2021-05-24 14:02:21,313.05,25832279
2021-05-24 14:02:22,313.2,25832534
2021-05-24 14:02:23,313.05,25832545
2021-05-24 14:02:24,313.05,25832895
2021-05-24 14:02:26,313.05,25832905
2021-05-24 14:02:27,313.05,25833066
2021-05-24 14:02:28,313.1,25833122
2021-05-24 14:02:29,313.05,25833527
2021-05-24 14:02:30,313.05,25833587
2021-05-24 14:02:31,313.2,25833697
2021-05-24 14:02:32,313.2,25835014
2021-05-24 14:02:34,313.2,25835020
2021-05-24 14:02:35,313.05,25835075
2021-05-24 14:02:36,313.05,25835170
2021-05-24 14:02:37,313.2,25835220
2021-05-24 14:02:38,313.0,25841297
2021-05-24 14:02:39,313.05,25841370
2021-05-24 14:02:40,313.1,25842380
2021-05-24 14:02:40,313.1,25842380
2021-05-24 14:02:41,313.05,25842542
2021-05-24 14:02:42,313.1,25842587
2021-05-24 14:02:43,313.1,25842587
2021-05-24 14:02:44,313.1,25842931
2021-05-24 14:02:45,313.05,25845083
2021-05-24 14:02:46,313.05,25845092
2021-05-24 14:02:47,313.05,25845144
2021-05-24 14:02:48,313.05,25845144
2021-05-24 14:02:49,313.05,25845165
2021-05-24 14:02:50,313.0,25845668
2021-05-24 14:02:51,313.05,25845859
2021-05-24 14:02:52,313.05,25845907
2021-05-24 14:02:53,313.0,25846543
2021-05-24 14:02:55,313.05,25846556
2021-05-24 14:02:56,313.05,25846556
2021-05-24 14:02:57,313.05,25846700
2021-05-24 14:02:57,313.05,25846786
2021-05-24 14:02:58,313.0,25846788
2021-05-24 14:02:59,313.05,25846808
2021-05-24 14:03:00,313.0,25847246
2021-05-24 14:03:01,312.9,25866862
2021-05-24 14:03:02,312.95,25866977
2021-05-24 14:03:03,313.0,25869257
2021-05-24 14:03:04,312.85,25870027
2021-05-24 14:03:05,313.05,25871097
2021-05-24 14:03:06,312.9,25871395
2021-05-24 14:03:08,313.05,25871679
2021-05-24 14:03:09,313.05,25871686
2021-05-24 14:03:10,313.0,25871897
2021-05-24 14:03:10,313.0,25872001
2021-05-24 14:03:11,312.85,25872011
2021-05-24 14:03:12,312.95,25872068
2021-05-24 14:03:14,313.0,25872395
2021-05-24 14:03:14,313.0,25872395
2021-05-24 14:03:16,312.9,25874531
2021-05-24 14:03:17,312.95,25875111
2021-05-24 14:03:18,313.05,25875366
2021-05-24 14:03:19,313.0,25875581
2021-05-24 14:03:19,313.0,25875583
2021-05-24 14:03:20,313.0,25875583
2021-05-24 14:03:21,313.0,25875701
2021-05-24 14:03:22,313.0,25875962
2021-05-24 14:03:23,312.9,25876362
2021-05-24 14:03:24,313.0,25876417
2021-05-24 14:03:25,313.05,25876720
2021-05-24 14:03:26,313.05,25876920
2021-05-24 14:03:27,313.0,25876935
2021-05-24 14:03:28,313.1,25877165
2021-05-24 14:03:29,313.0,25877739
2021-05-24 14:03:30,313.0,25877742
2021-05-24 14:03:31,313.0,25878097
2021-05-24 14:03:32,312.9,25878689
2021-05-24 14:03:33,313.05,25878789
2021-05-24 14:03:34,313.05,25878896
2021-05-24 14:03:35,312.9,25879047
2021-05-24 14:03:36,313.05,25879112
2021-05-24 14:03:37,312.9,25879251
2021-05-24 14:03:39,313.0,25879911
2021-05-24 14:03:39,313.0,25879961
2021-05-24 14:03:40,313.0,25880499
2021-05-24 14:03:41,313.0,25881120
2021-05-24 14:03:42,313.0,25881166
2021-05-24 14:03:43,313.0,25881169
2021-05-24 14:03:45,313.0,25881179
2021-05-24 14:03:46,312.95,25882181
2021-05-24 14:03:47,312.95,25882181
2021-05-24 14:03:47,312.9,25882254
2021-05-24 14:03:49,312.9,25882543
2021-05-24 14:03:50,312.95,25883357
2021-05-24 14:03:51,312.9,25883372
2021-05-24 14:03:52,312.85,25883622
2021-05-24 14:03:53,312.8,25884800
2021-05-24 14:03:54,312.8,25885800
2021-05-24 14:03:55,312.9,25885817
2021-05-24 14:03:56,312.9,25886018
2021-05-24 14:03:57,312.8,25888038
2021-05-24 14:03:58,312.9,25888084
2021-05-24 14:03:59,312.8,25889112
2021-05-24 14:04:00,312.9,25889122
2021-05-24 14:04:01,312.8,25890172
2021-05-24 14:04:02,312.9,25890978
2021-05-24 14:04:03,312.8,25893386
2021-05-24 14:04:03,312.8,25893386
2021-05-24 14:04:04,312.85,25896106
2021-05-24 14:04:06,312.75,25896136
2021-05-24 14:04:07,312.8,25896143
2021-05-24 14:04:08,312.75,25896427
2021-05-24 14:04:09,312.8,25896855
2021-05-24 14:04:09,312.8,25896855
2021-05-24 14:04:10,312.7,25897562
2021-05-24 14:04:11,312.85,25898098
2021-05-24 14:04:16,312.7,25898444
2021-05-24 14:04:17,312.9,25898584
2021-05-24 14:04:18,312.7,25899284
2021-05-24 14:04:19,312.7,25899379
2021-05-24 14:04:20,312.9,25900879
2021-05-24 14:04:21,312.8,25900904
2021-05-24 14:04:22,312.85,25900944
2021-05-24 14:04:25,312.85,25901687
2021-05-24 14:04:26,312.75,25902187
2021-05-24 14:04:26,312.75,25902187
2021-05-24 14:04:27,312.75,25902214
2021-05-24 14:04:29,312.85,25903061
2021-05-24 14:04:30,312.85,25903111
2021-05-24 14:04:30,312.75,25903121
2021-05-24 14:04:31,312.75,25903761
2021-05-24 14:04:32,312.85,25909056
2021-05-24 14:04:33,312.9,25909225
2021-05-24 14:04:35,312.9,25909424
2021-05-24 14:04:35,312.85,25909290
2021-05-24 14:04:37,312.95,25909562
2021-05-24 14:04:39,312.85,25909565
2021-05-24 14:04:40,312.85,25909885
2021-05-24 14:04:41,312.85,25909911
2021-05-24 14:04:42,312.85,25909966
2021-05-24 14:04:42,312.95,25910004
2021-05-24 14:04:44,312.85,25910008
2021-05-24 14:04:45,312.85,25910008
2021-05-24 14:04:46,312.95,25910011
2021-05-24 14:04:47,312.95,25910145
2021-05-24 14:04:48,312.9,25910165
2021-05-24 14:04:49,312.85,25910316
2021-05-24 14:04:50,312.85,25910316
2021-05-24 14:04:51,312.95,25910716
2021-05-24 14:04:52,312.95,25910799
2021-05-24 14:04:53,312.85,25910864
2021-05-24 14:04:54,312.85,25910899
2021-05-24 14:04:55,312.9,25910934
2021-05-24 14:04:56,312.95,25911560
2021-05-24 14:04:57,312.9,25911566
2021-05-24 14:04:58,312.85,25911890
2021-05-24 14:04:59,312.85,25912200
2021-05-24 14:05:00,312.85,25912743
2021-05-24 14:05:01,312.95,25912828
2021-05-24 14:05:02,312.95,25913348
2021-05-24 14:05:03,312.95,25913435
2021-05-24 14:05:04,312.9,25913768
2021-05-24 14:05:05,312.95,25914018
2021-05-24 14:05:06,312.95,25914321
2021-05-24 14:05:07,312.95,25914370
2021-05-24 14:05:08,312.75,25916052
2021-05-24 14:05:09,312.85,25916108
2021-05-24 14:05:10,312.85,25916215
2021-05-24 14:05:10,312.75,25922138
2021-05-24 14:05:12,312.85,25922263
2021-05-24 14:05:13,312.75,25922473
2021-05-24 14:05:14,312.85,25922876
2021-05-24 14:05:14,312.75,25923881
2021-05-24 14:05:16,312.8,25923981
2021-05-24 14:05:17,312.8,25924102
2021-05-24 14:05:18,312.8,25924230
2021-05-24 14:05:19,312.75,25926875
2021-05-24 14:05:20,312.7,25926881
2021-05-24 14:05:21,312.7,25926881
2021-05-24 14:05:22,312.7,25926881
2021-05-24 14:05:23,312.75,25926907
2021-05-24 14:05:24,312.7,25929614
2021-05-24 14:05:25,312.75,25929724
2021-05-24 14:05:26,312.75,25930010
2021-05-24 14:05:27,312.8,25930234
2021-05-24 14:05:27,312.75,25930254
2021-05-24 14:05:29,312.75,25930765
2021-05-24 14:05:30,312.7,25931154
2021-05-24 14:05:31,312.7,25931154
2021-05-24 14:05:32,312.75,25931211
2021-05-24 14:05:33,312.75,25933361
2021-05-24 14:05:34,312.75,25935466
2021-05-24 14:05:35,312.75,25935681
2021-05-24 14:05:36,312.75,25935691
2021-05-24 14:05:37,312.8,25935945
2021-05-24 14:05:38,312.7,25936125
2021-05-24 14:05:39,312.8,25936225
2021-05-24 14:05:40,312.8,25936968
2021-05-24 14:05:40,312.7,25936978
2021-05-24 14:05:42,312.8,25937006
2021-05-24 14:05:43,312.8,25937386
2021-05-24 14:05:45,312.7,25937800
2021-05-24 14:05:46,312.7,25938031
2021-05-24 14:05:47,312.75,25938189
2021-05-24 14:05:47,312.7,25938247
2021-05-24 14:05:49,312.7,25938425
2021-05-24 14:05:50,312.7,25938653
2021-05-24 14:05:51,312.75,25938703
2021-05-24 14:05:52,312.75,25938876
2021-05-24 14:05:53,312.8,25938946
2021-05-24 14:05:54,312.8,25939049
2021-05-24 14:05:56,312.8,25940202
2021-05-24 14:05:57,312.8,25940236
2021-05-24 14:05:58,312.8,25940256
2021-05-24 14:05:59,312.8,25940357
2021-05-24 14:06:00,312.8,25940357
2021-05-24 14:06:01,312.8,25940507
2021-05-24 14:06:02,312.75,25940878
2021-05-24 14:06:03,312.75,25940954
2021-05-24 14:06:04,312.8,25941016
2021-05-24 14:06:05,312.8,25941027
2021-05-24 14:06:06,312.75,25941777
2021-05-24 14:06:08,312.8,25944485
2021-05-24 14:06:09,312.8,25944649
2021-05-24 14:06:10,312.75,25945799
2021-05-24 14:06:11,312.75,25946099
2021-05-24 14:06:12,312.85,25946174
2021-05-24 14:06:13,312.85,25946198
2021-05-24 14:06:14,312.85,25946888
2021-05-24 14:06:14,312.85,25947360
2021-05-24 14:06:15,312.9,25948125
2021-05-24 14:06:16,312.9,25949634
2021-05-24 14:06:17,312.75,25949694
2021-05-24 14:06:18,312.7,25951155
2021-05-24 14:06:20,312.75,25951407
2021-05-24 14:06:21,312.8,25951457
2021-05-24 14:06:22,312.8,25951463
2021-05-24 14:06:23,312.8,25952738
2021-05-24 14:06:25,312.8,25953915
2021-05-24 14:06:26,312.85,25953925
2021-05-24 14:06:28,312.7,25955585
2021-05-24 14:06:29,312.7,25955585
2021-05-24 14:06:30,312.8,25956166
2021-05-24 14:06:30,312.75,25956165
2021-05-24 14:06:31,312.75,25956175
2021-05-24 14:06:32,312.8,25956342
2021-05-24 14:06:33,312.8,25956462
2021-05-24 14:06:35,312.75,25956662
2021-05-24 14:06:36,312.75,25957167
2021-05-24 14:06:37,312.85,25958752
2021-05-24 14:06:38,312.85,25959905
2021-05-24 14:06:39,312.85,25960922
2021-05-24 14:06:40,312.85,25960929
2021-05-24 14:06:41,312.85,25960939
2021-05-24 14:06:42,312.8,25960957
2021-05-24 14:06:43,312.75,25961112
2021-05-24 14:06:43,312.75,25961188
2021-05-24 14:06:44,312.75,25962488
2021-05-24 14:06:45,312.75,25962528
2021-05-24 14:06:46,312.75,25962878
2021-05-24 14:06:47,312.8,25965755
2021-05-24 14:06:49,312.75,25965762
2021-05-24 14:06:50,312.75,25965822
2021-05-24 14:06:51,312.8,25966091
2021-05-24 14:06:52,312.8,25966320
2021-05-24 14:06:53,312.75,25966748
2021-05-24 14:06:54,312.75,25966898
2021-05-24 14:06:55,312.8,25966908
2021-05-24 14:06:57,312.85,25968288
2021-05-24 14:06:58,312.85,25968457
2021-05-24 14:06:59,312.85,25968577
2021-05-24 14:07:00,312.8,25969643
2021-05-24 14:07:02,312.8,25969837
2021-05-24 14:07:03,312.8,25970013
2021-05-24 14:07:04,312.8,25970026
2021-05-24 14:07:05,312.8,25970037
2021-05-24 14:07:06,312.85,25970237
2021-05-24 14:07:07,312.8,25970272
2021-05-24 14:07:08,312.8,25970340
2021-05-24 14:07:09,312.8,25970540
2021-05-24 14:07:10,312.85,25970640
2021-05-24 14:07:11,312.85,25970828
2021-05-24 14:07:12,312.8,25970903
2021-05-24 14:07:12,312.8,25970903
2021-05-24 14:07:13,312.9,25973003
2021-05-24 14:07:16,312.85,25973311
2021-05-24 14:07:15,312.75,25973304
2021-05-24 14:07:17,312.85,25973376
2021-05-24 14:07:18,312.85,25973886
2021-05-24 14:07:19,312.8,25973889
2021-05-24 14:07:20,312.85,25974439
2021-05-24 14:07:21,312.85,25974474
2021-05-24 14:07:22,312.9,25974501
2021-05-24 14:07:23,312.9,25974503
2021-05-24 14:07:24,312.85,25974504
2021-05-24 14:07:25,312.85,25974558
2021-05-24 14:07:26,312.85,25974558
2021-05-24 14:07:27,312.85,25974558
2021-05-24 14:07:28,312.85,25977583
2021-05-24 14:07:29,312.8,25977634
2021-05-24 14:07:30,312.9,25977744
2021-05-24 14:07:31,312.7,26014407
2021-05-24 14:07:32,312.8,26014869
2021-05-24 14:07:33,312.7,26015005
2021-05-24 14:07:35,312.85,26015357
2021-05-24 14:07:36,312.8,26015584
2021-05-24 14:07:37,312.8,26015615
2021-05-24 14:07:38,312.85,26015865
2021-05-24 14:07:39,312.85,26015865
2021-05-24 14:07:40,312.85,26015865
2021-05-24 14:07:42,312.9,26015973
2021-05-24 14:07:43,312.75,26016233
2021-05-24 14:07:44,312.75,26016233
2021-05-24 14:07:45,312.75,26016251
2021-05-24 14:07:46,312.75,26016466
2021-05-24 14:07:47,312.8,26017401
2021-05-24 14:07:48,312.9,26018101
2021-05-24 14:07:49,312.9,26018247
2021-05-24 14:07:50,312.9,26018247
2021-05-24 14:07:51,312.8,26018266
2021-05-24 14:07:52,312.8,26018607
2021-05-24 14:07:53,312.8,26018607
2021-05-24 14:07:54,312.9,26018711
2021-05-24 14:07:55,312.8,26018744
2021-05-24 14:07:56,312.9,26018795
2021-05-24 14:07:57,312.9,26018829
2021-05-24 14:07:58,312.9,26018829
2021-05-24 14:07:59,312.9,26018829
2021-05-24 14:08:00,312.9,26018880
2021-05-24 14:08:01,312.9,26019165
2021-05-24 14:08:02,312.9,26019209
2021-05-24 14:08:03,312.9,26020717
2021-05-24 14:08:05,312.8,26023387
2021-05-24 14:08:06,312.8,26023387
2021-05-24 14:08:08,312.85,26023472
2021-05-24 14:08:09,312.9,26024903
2021-05-24 14:08:10,312.9,26025043
2021-05-24 14:08:11,312.9,26025043
2021-05-24 14:08:12,312.9,26025115
2021-05-24 14:08:13,312.8,26025117
2021-05-24 14:08:14,312.95,26025384
2021-05-24 14:08:15,312.95,26025639
2021-05-24 14:08:16,312.95,26025639
2021-05-24 14:08:18,312.9,26027692
2021-05-24 14:08:19,312.9,26028096
2021-05-24 14:08:20,312.9,26028096
2021-05-24 14:08:21,312.9,26028391
2021-05-24 14:08:22,312.9,26028416
2021-05-24 14:08:23,312.9,26028516
2021-05-24 14:08:24,312.85,26028519
2021-05-24 14:08:25,312.95,26031194
2021-05-24 14:08:26,312.95,26031197
2021-05-24 14:08:27,312.95,26031247
2021-05-24 14:08:28,312.95,26031505
2021-05-24 14:08:29,312.95,26031604
2021-05-24 14:08:30,312.95,26031704
2021-05-24 14:08:31,312.95,26031725
2021-05-24 14:08:32,312.95,26031751
2021-05-24 14:08:33,312.95,26031751
2021-05-24 14:08:34,312.95,26031911
2021-05-24 14:08:35,312.9,26031921
2021-05-24 14:08:36,312.95,26032896
2021-05-24 14:08:37,312.95,26032924
2021-05-24 14:08:38,312.9,26032963
2021-05-24 14:08:40,312.95,26033264
2021-05-24 14:08:39,312.9,26033263
2021-05-24 14:08:41,312.95,26033385
2021-05-24 14:08:42,313.0,26034607
2021-05-24 14:08:43,312.95,26034633
2021-05-24 14:08:44,312.95,26034633
2021-05-24 14:08:45,313.0,26034635
2021-05-24 14:08:46,313.0,26035141
2021-05-24 14:08:47,313.0,26039075
2021-05-24 14:08:48,313.2,26042725
2021-05-24 14:08:49,313.05,26043184
2021-05-24 14:08:50,313.2,26043684
2021-05-24 14:08:51,313.2,26043684
2021-05-24 14:08:52,313.05,26043738
2021-05-24 14:08:53,313.05,26044738
2021-05-24 14:08:54,313.2,26045238
2021-05-24 14:08:55,313.05,26045329
2021-05-24 14:08:56,313.2,26045580
2021-05-24 14:08:57,313.2,26045604
2021-05-24 14:08:58,313.2,26046779
2021-05-24 14:08:59,313.2,26046860
2021-05-24 14:09:00,313.05,26046870
2021-05-24 14:09:02,313.05,26047862
2021-05-24 14:09:01,313.05,26047862
2021-05-24 14:09:03,313.15,26048040
2021-05-24 14:09:04,313.15,26048046
2021-05-24 14:09:05,313.15,26048049
2021-05-24 14:09:06,313.1,26048107
2021-05-24 14:09:07,313.25,26051347
2021-05-24 14:09:08,313.1,26051897
2021-05-24 14:09:09,313.25,26051968
2021-05-24 14:09:10,313.1,26052020
2021-05-24 14:09:11,313.15,26052040
2021-05-24 14:09:13,313.15,26052079
2021-05-24 14:09:12,313.15,26052079
2021-05-24 14:09:14,313.05,26054569
2021-05-24 14:09:15,313.1,26054672
2021-05-24 14:09:16,313.1,26054721
2021-05-24 14:09:17,313.1,26054796
2021-05-24 14:09:18,313.1,26054796
2021-05-24 14:09:19,313.1,26055098
2021-05-24 14:09:20,313.1,26055398
2021-05-24 14:09:21,313.1,26055657
2021-05-24 14:09:22,313.15,26056034
2021-05-24 14:09:24,313.2,26056301
2021-05-24 14:09:25,313.2,26056326
2021-05-24 14:09:26,313.2,26056326
2021-05-24 14:09:27,313.2,26056541
2021-05-24 14:09:28,313.2,26056542
2021-05-24 14:09:30,313.2,26056856
2021-05-24 14:09:32,313.15,26056872
2021-05-24 14:09:32,313.2,26056898
2021-05-24 14:09:33,313.15,26057099
2021-05-24 14:09:34,313.2,26057362
2021-05-24 14:09:36,313.15,26058104
2021-05-24 14:09:37,313.2,26058862
2021-05-24 14:09:38,313.15,26058962
2021-05-24 14:09:39,313.2,26058985
2021-05-24 14:09:40,313.15,26059042
2021-05-24 14:09:41,313.15,26059888
2021-05-24 14:09:42,313.15,26059926
2021-05-24 14:09:43,313.15,26059926
2021-05-24 14:09:44,313.15,26059926
2021-05-24 14:09:45,313.15,26060026
2021-05-24 14:09:46,313.1,26060231
2021-05-24 14:09:47,313.15,26060366
2021-05-24 14:09:48,313.1,26065567
2021-05-24 14:09:49,313.2,26065583
2021-05-24 14:09:50,313.15,26065587
2021-05-24 14:09:51,313.2,26066078
2021-05-24 14:09:52,313.2,26067564
2021-05-24 14:09:53,313.2,26068066
2021-05-24 14:09:54,313.25,26068266
2021-05-24 14:09:55,313.2,26068281
2021-05-24 14:09:56,313.15,26068312
2021-05-24 14:09:58,313.2,26068823
2021-05-24 14:09:58,313.2,26068823
2021-05-24 14:09:59,313.2,26068883
2021-05-24 14:10:00,313.25,26070223
2021-05-24 14:10:01,313.25,26070723
2021-05-24 14:10:02,313.25,26072203
2021-05-24 14:10:03,313.1,26073704
2021-05-24 14:10:04,313.2,26074356
2021-05-24 14:10:05,313.25,26074736
2021-05-24 14:10:06,313.25,26075189
2021-05-24 14:10:07,313.25,26075666
2021-05-24 14:10:08,313.15,26075797
2021-05-24 14:10:09,313.15,26075952
2021-05-24 14:10:10,313.25,26076027
2021-05-24 14:10:11,313.3,26080942
2021-05-24 14:10:12,313.3,26080969
2021-05-24 14:10:13,313.25,26081196
2021-05-24 14:10:14,313.25,26081304
2021-05-24 14:10:16,313.3,26081436
2021-05-24 14:10:16,313.3,26081436
2021-05-24 14:10:18,313.2,26082972
2021-05-24 14:10:17,313.3,26081672
2021-05-24 14:10:19,313.3,26082991
2021-05-24 14:10:20,313.25,26083033
2021-05-24 14:10:21,313.3,26083043
2021-05-24 14:10:22,313.3,26083705
2021-05-24 14:10:23,313.25,26083720
2021-05-24 14:10:24,313.3,26083850
2021-05-24 14:10:25,313.3,26084972
2021-05-24 14:10:26,313.3,26084972
2021-05-24 14:10:27,313.3,26085398
2021-05-24 14:10:28,313.3,26085398
2021-05-24 14:10:29,313.3,26085498
2021-05-24 14:10:30,313.3,26086795
2021-05-24 14:10:31,313.25,26087114
2021-05-24 14:10:32,313.25,26089017
2021-05-24 14:10:33,313.3,26089423
2021-05-24 14:10:34,313.3,26089439
2021-05-24 14:10:35,313.2,26089500
2021-05-24 14:10:36,313.3,26089710
2021-05-24 14:10:37,313.3,26089734
2021-05-24 14:10:38,313.2,26089984
2021-05-24 14:10:39,313.3,26090164
2021-05-24 14:10:40,313.3,26090385
2021-05-24 14:10:41,313.3,26090399
2021-05-24 14:10:42,313.25,26097751
2021-05-24 14:10:43,313.25,26098334
2021-05-24 14:10:45,313.2,26099374
2021-05-24 14:10:45,313.2,26099374
2021-05-24 14:10:46,313.2,26099374
2021-05-24 14:10:47,313.25,26099525
2021-05-24 14:10:48,313.25,26099748
2021-05-24 14:10:49,313.2,26100756
2021-05-24 14:10:50,313.1,26100792
2021-05-24 14:10:51,313.25,26101025
2021-05-24 14:10:52,313.1,26101959
2021-05-24 14:10:53,313.25,26104463
2021-05-24 14:10:54,313.2,26104723
2021-05-24 14:10:55,313.2,26104988
2021-05-24 14:10:56,313.2,26105191
2021-05-24 14:10:57,313.2,26105310
2021-05-24 14:10:58,313.15,26122128
2021-05-24 14:10:59,313.15,26122131
2021-05-24 14:11:01,313.15,26122135
2021-05-24 14:11:01,313.15,26122135
2021-05-24 14:11:02,313.15,26122416
2021-05-24 14:11:03,313.2,26122631
2021-05-24 14:11:04,313.2,26122850
2021-05-24 14:11:05,313.15,26122865
2021-05-24 14:11:06,313.2,26122876
2021-05-24 14:11:07,313.15,26122905
2021-05-24 14:11:09,313.2,26123335
2021-05-24 14:11:10,313.2,26123340
2021-05-24 14:11:11,313.2,26123386
2021-05-24 14:11:13,313.15,26123644
2021-05-24 14:11:16,313.15,26123902
2021-05-24 14:11:16,313.15,26123902
2021-05-24 14:11:17,313.15,26124329
2021-05-24 14:11:18,313.15,26124329
2021-05-24 14:11:19,313.1,26124503
2021-05-24 14:11:20,313.1,26127203
2021-05-24 14:11:21,313.2,26127238
2021-05-24 14:11:22,313.2,26127513
2021-05-24 14:11:23,313.2,26127599
2021-05-24 14:11:24,313.2,26127599
2021-05-24 14:11:25,313.2,26127599
2021-05-24 14:11:26,313.15,26127849
2021-05-24 14:11:27,313.1,26128199
2021-05-24 14:11:28,313.1,26128222
2021-05-24 14:11:29,313.2,26128473
2021-05-24 14:11:30,313.1,26128617
2021-05-24 14:11:31,313.1,26128762
2021-05-24 14:11:32,313.15,26128788
2021-05-24 14:11:34,313.15,26128807
2021-05-24 14:11:34,313.1,26129007
2021-05-24 14:11:35,313.2,26129502
2021-05-24 14:11:36,313.2,26129552
2021-05-24 14:11:37,313.2,26130010
2021-05-24 14:11:38,313.2,26130050
2021-05-24 14:11:39,313.1,26130216
2021-05-24 14:11:40,313.2,26130467
2021-05-24 14:11:41,313.2,26130577
2021-05-24 14:11:42,313.2,26130632
2021-05-24 14:11:44,313.2,26136985
2021-05-24 14:11:44,313.2,26137085
2021-05-24 14:11:45,313.3,26138211
2021-05-24 14:11:46,313.2,26139982
2021-05-24 14:11:47,313.2,26140009
2021-05-24 14:11:48,313.2,26140009
2021-05-24 14:11:50,313.3,26142080
2021-05-24 14:11:50,313.2,26142482
2021-05-24 14:11:51,313.2,26142652
2021-05-24 14:11:52,313.3,26143221
2021-05-24 14:11:53,313.2,26143255
2021-05-24 14:11:54,313.2,26143273
2021-05-24 14:11:56,313.3,26149991
2021-05-24 14:11:56,313.3,26150001
2021-05-24 14:11:57,313.3,26150025
2021-05-24 14:11:59,313.25,26150228
2021-05-24 14:11:59,313.3,26150244
2021-05-24 14:12:01,313.25,26160628
2021-05-24 14:12:01,313.25,26160628
2021-05-24 14:12:02,313.25,26160654
2021-05-24 14:12:03,313.3,26161406
2021-05-24 14:12:04,313.3,26161492
2021-05-24 14:12:05,313.3,26161492
2021-05-24 14:12:08,313.3,26162178
2021-05-24 14:12:09,313.3,26163178
2021-05-24 14:12:10,313.35,26164692
2021-05-24 14:12:11,313.25,26164855
2021-05-24 14:12:12,313.3,26164882
2021-05-24 14:12:13,313.3,26165263
2021-05-24 14:12:15,313.25,26165264
2021-05-24 14:12:16,313.3,26165279
2021-05-24 14:12:17,313.3,26165279
2021-05-24 14:12:18,313.25,26167557
2021-05-24 14:12:19,313.35,26169557
2021-05-24 14:12:20,313.25,26169568
2021-05-24 14:12:21,313.35,26170625
2021-05-24 14:12:21,313.35,26170625
2021-05-24 14:12:22,313.5,26194068
2021-05-24 14:12:23,313.45,26194714
2021-05-24 14:12:24,313.45,26194714
2021-05-24 14:12:25,313.5,26194974
2021-05-24 14:12:26,313.5,26195342
2021-05-24 14:12:27,313.5,26195366
2021-05-24 14:12:28,313.5,26199767
2021-05-24 14:12:29,313.5,26218536
2021-05-24 14:12:30,313.55,26218542
2021-05-24 14:12:31,313.45,26218654
2021-05-24 14:12:32,313.5,26218798
2021-05-24 14:12:34,313.5,26219012
2021-05-24 14:12:35,313.5,26219035
2021-05-24 14:12:36,313.45,26219091
2021-05-24 14:12:37,313.5,26219221
2021-05-24 14:12:37,313.55,26219260
2021-05-24 14:12:38,313.55,26219633
2021-05-24 14:12:39,313.55,26219881
2021-05-24 14:12:40,313.55,26221887
2021-05-24 14:12:41,313.5,26222481
2021-05-24 14:12:43,313.55,26223731
2021-05-24 14:12:44,313.55,26223797
2021-05-24 14:12:45,313.55,26224294
2021-05-24 14:12:46,313.55,26225099
2021-05-24 14:12:47,313.55,26226250
2021-05-24 14:12:48,313.55,26226250
2021-05-24 14:12:49,313.5,26229489
2021-05-24 14:12:51,313.5,26231514
2021-05-24 14:12:52,313.5,26232064
2021-05-24 14:12:54,313.45,26232446
2021-05-24 14:12:54,313.4,26232712
2021-05-24 14:12:56,313.5,26232891
2021-05-24 14:12:56,313.5,26232894
2021-05-24 14:12:57,313.5,26232923
2021-05-24 14:12:58,313.5,26234959
2021-05-24 14:12:59,313.35,26234973
2021-05-24 14:13:00,313.35,26234973
2021-05-24 14:13:01,313.5,26235483
2021-05-24 14:13:02,313.5,26236709
2021-05-24 14:13:03,313.45,26238462
2021-05-24 14:13:04,313.5,26239744
2021-05-24 14:13:05,313.45,26240194
2021-05-24 14:13:06,313.5,26240513
2021-05-24 14:13:07,313.35,26240560
2021-05-24 14:13:08,313.35,26240560
2021-05-24 14:13:09,313.5,26241360
2021-05-24 14:13:10,313.45,26242170
2021-05-24 14:13:11,313.5,26242202
2021-05-24 14:13:12,313.5,26242227
2021-05-24 14:13:13,313.5,26242227
2021-05-24 14:13:14,313.4,26242637
2021-05-24 14:13:15,313.5,26253352
2021-05-24 14:13:16,313.5,26253569
2021-05-24 14:13:17,313.5,26253754
2021-05-24 14:13:18,313.4,26253834
2021-05-24 14:13:19,313.4,26253854
2021-05-24 14:13:20,313.45,26254154
2021-05-24 14:13:21,313.45,26254284
2021-05-24 14:13:22,313.5,26254409
2021-05-24 14:13:23,313.45,26254631
2021-05-24 14:13:24,313.5,26254632
2021-05-24 14:13:25,313.55,26255412
2021-05-24 14:13:26,313.4,26256799
2021-05-24 14:13:27,313.5,26256874
2021-05-24 14:13:28,313.5,26256894
2021-05-24 14:13:30,313.4,26257319
2021-05-24 14:13:31,313.4,26257329
2021-05-24 14:13:32,313.4,26257515
2021-05-24 14:13:33,313.45,26257557
2021-05-24 14:13:33,313.45,26257709
2021-05-24 14:13:34,313.45,26257738
2021-05-24 14:13:37,313.4,26259207
2021-05-24 14:13:38,313.5,26262632
2021-05-24 14:13:39,313.5,26262783
2021-05-24 14:13:40,313.5,26262859
2021-05-24 14:13:41,313.5,26262862
2021-05-24 14:13:42,313.55,26262874
2021-05-24 14:13:44,313.45,26263303
2021-05-24 14:13:45,313.45,26263933
2021-05-24 14:13:46,313.55,26265045
2021-05-24 14:13:47,313.35,26266251
2021-05-24 14:13:48,313.5,26270865
2021-05-24 14:13:49,313.35,26271115
2021-05-24 14:13:49,313.35,26271115
2021-05-24 14:13:50,313.3,26271621
2021-05-24 14:13:51,313.45,26271633
2021-05-24 14:13:52,313.45,26271844
2021-05-24 14:13:53,313.45,26271857
2021-05-24 14:13:55,313.45,26272407
2021-05-24 14:13:56,313.4,26272468
2021-05-24 14:13:57,313.35,26272523
2021-05-24 14:13:58,313.4,26272547
2021-05-24 14:13:59,313.35,26273207
2021-05-24 14:14:00,313.4,26273227
2021-05-24 14:14:00,313.4,26273309
2021-05-24 14:14:01,313.25,26281837
2021-05-24 14:14:02,313.4,26281896
2021-05-24 14:14:03,313.4,26281902
2021-05-24 14:14:04,313.35,26281954
2021-05-24 14:14:06,313.35,26282607
2021-05-24 14:14:07,313.4,26282857
2021-05-24 14:14:08,313.35,26283025
2021-05-24 14:14:09,313.35,26283025
2021-05-24 14:14:10,313.35,26283041
2021-05-24 14:14:11,313.4,26283052
2021-05-24 14:14:12,313.3,26283253
2021-05-24 14:14:12,313.4,26283378
2021-05-24 14:14:13,313.45,26285418
2021-05-24 14:14:14,313.3,26285443
2021-05-24 14:14:15,313.35,26285643
2021-05-24 14:14:16,313.25,26286501
2021-05-24 14:14:17,313.25,26286711
2021-05-24 14:14:19,313.35,26292605
2021-05-24 14:14:20,313.35,26292605
2021-05-24 14:14:21,313.4,26292721
2021-05-24 14:14:22,313.45,26293231
2021-05-24 14:14:23,313.4,26293285
2021-05-24 14:14:24,313.45,26293465
2021-05-24 14:14:25,313.4,26293474
2021-05-24 14:14:26,313.4,26293687
2021-05-24 14:14:27,313.45,26294063
2021-05-24 14:14:28,313.45,26294245
2021-05-24 14:14:29,313.45,26294920
2021-05-24 14:14:30,313.45,26294920
2021-05-24 14:14:31,313.5,26295020
2021-05-24 14:14:32,313.35,26295199
2021-05-24 14:14:32,313.45,26295255
2021-05-24 14:14:34,313.45,26295346
2021-05-24 14:14:35,313.45,26295546
2021-05-24 14:14:36,313.45,26295546
2021-05-24 14:14:36,313.5,26295646
2021-05-24 14:14:37,313.5,26295943
2021-05-24 14:14:39,313.3,26296186
2021-05-24 14:14:39,313.4,26296206
2021-05-24 14:14:40,313.4,26296706
2021-05-24 14:14:41,313.4,26296706
2021-05-24 14:14:42,313.4,26296731
2021-05-24 14:14:43,313.3,26296807
2021-05-24 14:14:44,313.4,26296808
2021-05-24 14:14:45,313.4,26298285
2021-05-24 14:14:46,313.4,26298290
2021-05-24 14:14:47,313.4,26298497
2021-05-24 14:14:48,313.3,26298547
2021-05-24 14:14:49,313.3,26300908
2021-05-24 14:14:50,313.3,26300964
2021-05-24 14:14:51,313.3,26300964
2021-05-24 14:14:52,313.4,26301289
2021-05-24 14:14:53,313.4,26301290
2021-05-24 14:14:54,313.4,26301301
2021-05-24 14:14:55,313.3,26301329
2021-05-24 14:14:56,313.3,26301370
2021-05-24 14:14:57,313.4,26301471
2021-05-24 14:14:58,313.25,26301641
2021-05-24 14:14:59,313.35,26306767
2021-05-24 14:15:00,313.4,26307742
2021-05-24 14:15:01,313.4,26307743
2021-05-24 14:15:02,313.4,26307830
2021-05-24 14:15:04,313.45,26307988
2021-05-24 14:15:05,313.5,26308150
2021-05-24 14:15:06,313.5,26308161
2021-05-24 14:15:08,313.4,26309159
2021-05-24 14:15:10,313.4,26309168
2021-05-24 14:15:11,313.4,26309170
2021-05-24 14:15:12,313.4,26309170
2021-05-24 14:15:12,313.45,26309397
2021-05-24 14:15:13,313.4,26309572
2021-05-24 14:15:14,313.4,26309572
2021-05-24 14:15:16,313.45,26309717
2021-05-24 14:15:17,313.45,26309742
2021-05-24 14:15:18,313.45,26309842
2021-05-24 14:15:19,313.45,26309843
2021-05-24 14:15:20,313.4,26310137
2021-05-24 14:15:21,313.2,26328045
2021-05-24 14:15:22,313.2,26328076
2021-05-24 14:15:23,313.1,26328776
2021-05-24 14:15:24,313.1,26328776
2021-05-24 14:15:25,313.2,26329864
2021-05-24 14:15:26,313.1,26329884
2021-05-24 14:15:27,313.2,26330118
2021-05-24 14:15:28,313.15,26333541
2021-05-24 14:15:29,313.15,26333601
2021-05-24 14:15:30,313.15,26333601
2021-05-24 14:15:30,313.15,26333601
2021-05-24 14:15:31,313.05,26333720
2021-05-24 14:15:33,313.1,26351479
2021-05-24 14:15:32,313.0,26351179
2021-05-24 14:15:34,312.9,26351792
2021-05-24 14:15:36,312.9,26352358
2021-05-24 14:15:37,313.0,26352385
2021-05-24 14:15:38,313.0,26353085
2021-05-24 14:15:39,313.1,26353217
2021-05-24 14:15:40,312.95,26354250
2021-05-24 14:15:41,312.95,26354250
2021-05-24 14:15:42,313.05,26354482
2021-05-24 14:15:43,312.95,26354750
2021-05-24 14:15:44,313.0,26355951
2021-05-24 14:15:45,313.0,26355991
2021-05-24 14:15:46,313.0,26356536
2021-05-24 14:15:46,313.0,26356536
2021-05-24 14:15:47,313.05,26356562
2021-05-24 14:15:49,313.0,26356693
2021-05-24 14:15:50,312.95,26357296
2021-05-24 14:15:52,313.1,26358047
2021-05-24 14:15:52,313.0,26358076
2021-05-24 14:15:53,312.9,26358086
2021-05-24 14:15:54,313.0,26358157
2021-05-24 14:15:55,312.9,26358309
2021-05-24 14:15:56,312.9,26358475
2021-05-24 14:15:57,313.0,26358889
2021-05-24 14:15:58,313.1,26358993
2021-05-24 14:16:00,313.1,26359653
2021-05-24 14:16:01,313.1,26360653
2021-05-24 14:16:02,313.1,26360679
2021-05-24 14:16:03,313.15,26362081
2021-05-24 14:16:03,313.15,26362081
2021-05-24 14:16:04,313.15,26362237
2021-05-24 14:16:05,313.2,26362262
2021-05-24 14:16:06,313.15,26364996
2021-05-24 14:16:08,313.3,26370226
2021-05-24 14:16:08,313.3,26370226
2021-05-24 14:16:09,313.3,26370226
2021-05-24 14:16:10,313.1,26373105
2021-05-24 14:16:11,313.0,26376145
2021-05-24 14:16:13,313.1,26376527
2021-05-24 14:16:14,313.1,26376528
2021-05-24 14:16:15,313.1,26376633
2021-05-24 14:16:15,313.1,26376738
2021-05-24 14:16:17,313.1,26377312
2021-05-24 14:16:18,313.0,26377555
2021-05-24 14:16:19,313.0,26377555
2021-05-24 14:16:21,313.1,26378274
2021-05-24 14:16:20,313.1,26377805
2021-05-24 14:16:22,313.1,26378444
2021-05-24 14:16:23,313.1,26378444
2021-05-24 14:16:23,313.0,26378457
2021-05-24 14:16:25,313.0,26378569
2021-05-24 14:16:25,313.1,26378539
2021-05-24 14:16:26,313.1,26379599
2021-05-24 14:16:27,313.15,26380978
2021-05-24 14:16:28,313.0,26380984
2021-05-24 14:16:30,313.1,26381004
2021-05-24 14:16:31,313.1,26381004
2021-05-24 14:16:32,313.1,26381031
2021-05-24 14:16:32,313.1,26381036
2021-05-24 14:16:34,313.1,26381748
2021-05-24 14:16:35,313.1,26381789
2021-05-24 14:16:36,313.15,26383089
2021-05-24 14:16:37,313.15,26383315
2021-05-24 14:16:38,313.0,26385515
2021-05-24 14:16:39,313.1,26385520
2021-05-24 14:16:39,313.1,26385520
2021-05-24 14:16:40,313.1,26386060
2021-05-24 14:16:41,313.0,26386110
2021-05-24 14:16:42,313.1,26386341
2021-05-24 14:16:44,313.05,26386363
2021-05-24 14:16:45,313.1,26387899
2021-05-24 14:16:46,313.0,26387909
2021-05-24 14:16:48,313.1,26387939
2021-05-24 14:16:49,313.1,26388094
2021-05-24 14:16:49,313.0,26388095
2021-05-24 14:16:50,313.1,26388777
2021-05-24 14:16:51,313.1,26388780
2021-05-24 14:16:52,313.05,26388844
2021-05-24 14:16:53,313.15,26388957
2021-05-24 14:16:55,313.15,26388987
2021-05-24 14:16:56,313.1,26388996
2021-05-24 14:16:57,313.1,26389347
2021-05-24 14:16:58,313.1,26389567
2021-05-24 14:16:59,313.05,26389699
2021-05-24 14:17:00,313.05,26389723
2021-05-24 14:17:01,313.1,26389748
2021-05-24 14:17:02,312.8,26408825
2021-05-24 14:17:03,312.8,26409518
2021-05-24 14:17:04,313.0,26436793
2021-05-24 14:17:05,313.0,26437503
2021-05-24 14:17:06,313.05,26437554
2021-05-24 14:17:07,312.8,26437803
2021-05-24 14:17:08,313.1,26458360
2021-05-24 14:17:09,313.1,26458360
2021-05-24 14:17:09,313.0,26458362
2021-05-24 14:17:11,312.85,26458866
2021-05-24 14:17:12,313.0,26458956
2021-05-24 14:17:13,313.05,26466955
2021-05-24 14:17:14,313.05,26467008
2021-05-24 14:17:15,312.85,26470724
2021-05-24 14:17:16,313.0,26470944
2021-05-24 14:17:17,313.1,26482415
2021-05-24 14:17:18,313.0,26483157
2021-05-24 14:17:19,313.15,26484241
2021-05-24 14:17:20,313.15,26484419
2021-05-24 14:17:21,313.15,26488023
2021-05-24 14:17:22,313.15,26488048
2021-05-24 14:17:23,313.15,26488916
2021-05-24 14:17:24,313.1,26489547
2021-05-24 14:17:25,313.15,26498830
2021-05-24 14:17:26,313.2,26499130
2021-05-24 14:17:27,313.15,26499170
2021-05-24 14:17:28,313.0,26499233
2021-05-24 14:17:28,313.0,26499233
2021-05-24 14:17:30,313.2,26499564
2021-05-24 14:17:31,313.2,26501575
2021-05-24 14:17:32,313.2,26501612
2021-05-24 14:17:33,313.15,26501717
2021-05-24 14:17:33,313.15,26501717
2021-05-24 14:17:35,313.2,26503190
2021-05-24 14:17:36,313.25,26503195
2021-05-24 14:17:38,313.2,26504393
2021-05-24 14:17:39,313.2,26504393
2021-05-24 14:17:40,313.2,26505394
2021-05-24 14:17:41,313.2,26505394
2021-05-24 14:17:42,313.25,26505619
2021-05-24 14:17:43,313.2,26505810
2021-05-24 14:17:44,313.2,26505810
2021-05-24 14:17:45,313.2,26505813
2021-05-24 14:17:46,313.25,26513983
2021-05-24 14:17:46,313.3,26513958
2021-05-24 14:17:48,313.2,26514506
2021-05-24 14:17:49,313.2,26514781
2021-05-24 14:17:52,313.2,26515514
2021-05-24 14:17:54,313.25,26515615
2021-05-24 14:17:55,313.25,26515636
2021-05-24 14:17:56,313.25,26515636
2021-05-24 14:17:57,313.25,26515636
2021-05-24 14:17:59,313.2,26516257
2021-05-24 14:17:58,313.25,26515663
2021-05-24 14:18:00,313.15,26516458
2021-05-24 14:18:01,313.25,26516522
2021-05-24 14:18:02,313.1,26516848
2021-05-24 14:18:03,313.2,26516933
2021-05-24 14:18:04,313.25,26517141
2021-05-24 14:18:05,313.25,26517161
2021-05-24 14:18:06,313.25,26517210
2021-05-24 14:18:07,313.25,26517210
2021-05-24 14:18:08,313.2,26517409
2021-05-24 14:18:09,313.2,26517424
2021-05-24 14:18:10,313.15,26517429
2021-05-24 14:18:11,313.25,26517555
2021-05-24 14:18:12,313.25,26517676
2021-05-24 14:18:13,313.25,26517680
2021-05-24 14:18:14,313.25,26517707
2021-05-24 14:18:15,313.25,26517712
2021-05-24 14:18:16,313.25,26517714
2021-05-24 14:18:17,313.25,26517740
2021-05-24 14:18:18,313.2,26517762
2021-05-24 14:18:19,313.15,26517862
2021-05-24 14:18:21,313.2,26517900
2021-05-24 14:18:22,313.25,26518932
2021-05-24 14:18:23,313.25,26518932
2021-05-24 14:18:24,313.25,26518932
2021-05-24 14:18:25,313.3,26520977
2021-05-24 14:18:26,313.3,26520977
2021-05-24 14:18:27,313.3,26521213
2021-05-24 14:18:28,313.35,26521363
2021-05-24 14:18:29,313.3,26521364
2021-05-24 14:18:30,313.35,26521365
2021-05-24 14:18:31,313.35,26521368
2021-05-24 14:18:32,313.35,26521368
2021-05-24 14:18:33,313.35,26521396
2021-05-24 14:18:34,313.35,26521562
2021-05-24 14:18:35,313.3,26521782
2021-05-24 14:18:36,313.3,26521782
2021-05-24 14:18:37,313.35,26521806
2021-05-24 14:18:38,313.35,26521816
2021-05-24 14:18:39,313.35,26521816
2021-05-24 14:18:40,313.35,26522998
2021-05-24 14:18:41,313.35,26523348
2021-05-24 14:18:42,313.35,26523359
2021-05-24 14:18:43,313.4,26523795
2021-05-24 14:18:44,313.4,26523797
2021-05-24 14:18:45,313.4,26523814
2021-05-24 14:18:46,313.4,26523814
2021-05-24 14:18:47,313.4,26523850
2021-05-24 14:18:48,313.3,26524050
2021-05-24 14:18:49,313.4,26524168
2021-05-24 14:18:50,313.4,26524171
2021-05-24 14:18:51,313.4,26524475
2021-05-24 14:18:52,313.35,26524585
2021-05-24 14:18:53,313.4,26524588
2021-05-24 14:18:54,313.4,26524588
2021-05-24 14:18:55,313.4,26524588
2021-05-24 14:18:56,313.3,26525304
2021-05-24 14:18:57,313.4,26525307
2021-05-24 14:18:58,313.4,26525753
2021-05-24 14:18:59,313.3,26525767
2021-05-24 14:19:00,313.25,26527360
2021-05-24 14:19:01,313.25,26527365
2021-05-24 14:19:02,313.25,26527691
2021-05-24 14:19:03,313.3,26527692
2021-05-24 14:19:04,313.4,26527756
2021-05-24 14:19:05,313.4,26527956
2021-05-24 14:19:06,313.4,26528094
2021-05-24 14:19:07,313.4,26529125
2021-05-24 14:19:08,313.45,26529626
2021-05-24 14:19:09,313.3,26530410
2021-05-24 14:19:10,313.3,26530410
2021-05-24 14:19:11,313.35,26530912
2021-05-24 14:19:12,313.35,26530912
2021-05-24 14:19:13,313.35,26530939
2021-05-24 14:19:14,313.25,26531139
2021-05-24 14:19:15,313.3,26531140
2021-05-24 14:19:16,313.4,26531251
2021-05-24 14:19:17,313.3,26531377
2021-05-24 14:19:18,313.25,26531379
2021-05-24 14:19:19,313.25,26531415
2021-05-24 14:19:20,313.3,26531708
2021-05-24 14:19:21,313.25,26531968
2021-05-24 14:19:22,313.35,26531993
2021-05-24 14:19:23,313.25,26532003
2021-05-24 14:19:24,313.3,26532077
2021-05-24 14:19:25,313.3,26532081
2021-05-24 14:19:26,313.3,26532091
2021-05-24 14:19:27,313.25,26532805
2021-05-24 14:19:28,313.35,26532806
2021-05-24 14:19:29,313.35,26532806
2021-05-24 14:19:30,313.25,26532816
2021-05-24 14:19:32,313.35,26532899
2021-05-24 14:19:33,313.35,26532919
2021-05-24 14:19:34,313.3,26533274
2021-05-24 14:19:35,313.3,26533274
2021-05-24 14:19:36,313.2,26533324
2021-05-24 14:19:37,313.2,26534561
2021-05-24 14:19:38,313.2,26534567
2021-05-24 14:19:39,313.2,26535067
2021-05-24 14:19:40,313.2,26535067
2021-05-24 14:19:41,313.35,26535119
2021-05-24 14:19:42,313.35,26535164
2021-05-24 14:19:43,313.35,26535179
2021-05-24 14:19:44,313.2,26535210
2021-05-24 14:19:45,313.35,26535264
2021-05-24 14:19:46,313.35,26535264
2021-05-24 14:19:47,313.35,26535372
2021-05-24 14:19:48,313.2,26535393
2021-05-24 14:19:49,313.2,26536477
2021-05-24 14:19:50,313.15,26536583
2021-05-24 14:19:51,313.2,26537705
2021-05-24 14:19:52,313.3,26537736
2021-05-24 14:19:53,313.3,26537736
2021-05-24 14:19:54,313.2,26537787
2021-05-24 14:19:55,313.2,26537787
2021-05-24 14:19:56,313.25,26537944
2021-05-24 14:19:57,313.25,26537970
2021-05-24 14:19:58,313.2,26538368
2021-05-24 14:19:59,313.15,26538499
2021-05-24 14:20:00,313.2,26538510
2021-05-24 14:20:01,313.2,26538516
2021-05-24 14:20:02,313.2,26538738
2021-05-24 14:20:03,313.2,26538741
2021-05-24 14:20:04,313.1,26540319
2021-05-24 14:20:05,313.15,26540359
2021-05-24 14:20:06,313.15,26541547
2021-05-24 14:20:07,313.05,26541754
2021-05-24 14:20:08,313.15,26541765
2021-05-24 14:20:09,313.15,26541771
2021-05-24 14:20:10,313.05,26541871
2021-05-24 14:20:11,313.05,26542052
2021-05-24 14:20:12,313.15,26542078
2021-05-24 14:20:13,313.1,26542087
2021-05-24 14:20:14,313.1,26542087
2021-05-24 14:20:15,313.15,26542162
2021-05-24 14:20:16,313.1,26543169
2021-05-24 14:20:17,313.15,26543194
2021-05-24 14:20:19,313.15,26543208
2021-05-24 14:20:19,313.15,26543208
2021-05-24 14:20:20,313.15,26543270
2021-05-24 14:20:21,313.1,26543295
2021-05-24 14:20:22,313.15,26543360
2021-05-24 14:20:23,313.15,26543360
2021-05-24 14:20:24,313.15,26543360
2021-05-24 14:20:25,313.15,26543361
2021-05-24 14:20:26,313.1,26543687
2021-05-24 14:20:27,313.2,26543941
2021-05-24 14:20:28,313.2,26544060
2021-05-24 14:20:29,313.15,26544099
2021-05-24 14:20:30,313.2,26544121
2021-05-24 14:20:31,313.2,26544121
2021-05-24 14:20:32,313.3,26545242
2021-05-24 14:20:33,313.3,26546248
2021-05-24 14:20:34,313.35,26548098
2021-05-24 14:20:35,313.35,26548130
2021-05-24 14:20:36,313.2,26548345
2021-05-24 14:20:37,313.35,26548418
2021-05-24 14:20:38,313.2,26548819
2021-05-24 14:20:39,313.35,26549019
2021-05-24 14:20:40,313.2,26549151
2021-05-24 14:20:41,313.35,26549163
2021-05-24 14:20:42,313.15,26550238
2021-05-24 14:20:43,313.25,26550338
2021-05-24 14:20:44,313.25,26550339
2021-05-24 14:20:45,313.25,26550339
2021-05-24 14:20:46,313.3,26550345
2021-05-24 14:20:47,313.2,26550420
2021-05-24 14:20:49,313.35,26550921
2021-05-24 14:20:49,313.2,26551098
2021-05-24 14:20:50,313.2,26551098
2021-05-24 14:20:51,313.2,26551212
2021-05-24 14:20:52,313.25,26551487
2021-05-24 14:20:53,313.25,26551487
2021-05-24 14:20:54,313.2,26551504
2021-05-24 14:20:55,313.2,26552078
2021-05-24 14:20:56,313.2,26552078
2021-05-24 14:20:57,313.2,26552103
2021-05-24 14:21:00,313.2,26552425
2021-05-24 14:21:02,313.2,26553008
2021-05-24 14:21:03,313.1,26554662
2021-05-24 14:21:04,313.15,26554679
2021-05-24 14:21:06,313.1,26555412
2021-05-24 14:21:07,313.15,26555587
2021-05-24 14:21:08,313.15,26555607
2021-05-24 14:21:09,313.1,26555688
2021-05-24 14:21:10,313.1,26555698
2021-05-24 14:21:11,313.15,26556419
2021-05-24 14:21:12,313.15,26556466
2021-05-24 14:21:13,313.15,26556862
2021-05-24 14:21:14,313.1,26556912
2021-05-24 14:21:15,313.2,26558937
2021-05-24 14:21:16,313.1,26559019
2021-05-24 14:21:18,313.1,26560367
2021-05-24 14:21:19,312.9,26570887
2021-05-24 14:21:21,312.9,26570924
2021-05-24 14:21:21,313.05,26570934
2021-05-24 14:21:22,312.95,26571048
2021-05-24 14:21:23,312.95,26571048
2021-05-24 14:21:24,312.95,26571078
2021-05-24 14:21:25,312.95,26571550
2021-05-24 14:21:26,312.95,26572160
2021-05-24 14:21:27,312.95,26572434
2021-05-24 14:21:28,312.9,26572579
2021-05-24 14:21:29,312.9,26573117
2021-05-24 14:21:30,312.95,26574080
2021-05-24 14:21:32,312.95,26574999
2021-05-24 14:21:32,312.95,26575025
2021-05-24 14:21:33,312.9,26575526
2021-05-24 14:21:37,312.95,26575859
2021-05-24 14:21:38,312.9,26575909
2021-05-24 14:21:39,312.9,26575954
2021-05-24 14:21:41,312.9,26576107
2021-05-24 14:21:40,312.95,26576077
2021-05-24 14:21:42,312.95,26576211
2021-05-24 14:21:43,312.95,26576211
2021-05-24 14:21:44,312.95,26576211
2021-05-24 14:21:45,312.9,26576536
2021-05-24 14:21:46,312.95,26576788
2021-05-24 14:21:47,312.9,26577368
2021-05-24 14:21:48,312.95,26577369
2021-05-24 14:21:50,312.95,26577373
2021-05-24 14:21:50,312.95,26577373
2021-05-24 14:21:51,312.95,26577484
2021-05-24 14:21:52,313.0,26578244
2021-05-24 14:21:53,313.0,26578247
2021-05-24 14:21:54,313.0,26578327
2021-05-24 14:21:55,313.0,26578349
2021-05-24 14:21:56,312.9,26578855
2021-05-24 14:21:57,313.0,26578949
2021-05-24 14:21:58,312.9,26579056
2021-05-24 14:21:59,312.9,26580779
2021-05-24 14:22:00,312.9,26584295
2021-05-24 14:22:02,312.9,26584311
2021-05-24 14:22:02,312.9,26584337
2021-05-24 14:22:03,312.85,26586108
2021-05-24 14:22:04,312.85,26586108
2021-05-24 14:22:05,312.85,26586199
2021-05-24 14:22:06,312.9,26586914
2021-05-24 14:22:07,312.9,26586947
2021-05-24 14:22:08,312.9,26587007
2021-05-24 14:22:09,312.9,26587007
2021-05-24 14:22:10,312.9,26587007
2021-05-24 14:22:11,312.85,26587584
2021-05-24 14:22:12,312.85,26587834
2021-05-24 14:22:13,312.85,26588178
2021-05-24 14:22:14,312.8,26589215
2021-05-24 14:22:16,312.85,26589881
2021-05-24 14:22:17,312.8,26590756
2021-05-24 14:22:18,312.8,26594306
2021-05-24 14:22:19,312.9,26594390
2021-05-24 14:22:20,312.8,26594649
2021-05-24 14:22:21,312.8,26595654
2021-05-24 14:22:22,312.9,26596152
2021-05-24 14:22:23,312.8,26596302
2021-05-24 14:22:24,312.9,26597592
2021-05-24 14:22:25,312.8,26608038
2021-05-24 14:22:26,312.75,26608607
2021-05-24 14:22:27,312.85,26608741
2021-05-24 14:22:28,312.8,26608838
2021-05-24 14:22:29,312.8,26608888
2021-05-24 14:22:30,312.8,26609021
2021-05-24 14:22:31,312.75,26609071
2021-05-24 14:22:32,312.8,26609113
2021-05-24 14:22:33,312.75,26609117
2021-05-24 14:22:34,312.75,26609366
2021-05-24 14:22:35,312.8,26610474
2021-05-24 14:22:36,312.8,26610474
2021-05-24 14:22:37,312.8,26610862
2021-05-24 14:22:38,312.85,26611678
2021-05-24 14:22:39,312.8,26612121
2021-05-24 14:22:40,312.75,26612368
2021-05-24 14:22:42,312.75,26612375
2021-05-24 14:22:43,312.8,26612660
2021-05-24 14:22:44,312.75,26613082
2021-05-24 14:22:44,312.75,26613832
2021-05-24 14:22:45,312.75,26614031
2021-05-24 14:22:46,312.9,26624031
2021-05-24 14:22:47,312.75,26626168
2021-05-24 14:22:48,312.85,26626177
2021-05-24 14:22:49,312.75,26630213
2021-05-24 14:22:50,312.7,26638743
2021-05-24 14:22:51,312.75,26639246
2021-05-24 14:22:52,312.8,26639289
2021-05-24 14:22:53,312.75,26658522
2021-05-24 14:22:54,312.75,26658903
2021-05-24 14:22:55,312.75,26658963
2021-05-24 14:22:56,312.6,26665563
2021-05-24 14:22:57,312.65,26668146
2021-05-24 14:22:58,312.65,26668246
2021-05-24 14:22:59,312.55,26668541
2021-05-24 14:23:00,312.65,26668752
2021-05-24 14:23:01,312.65,26669019
2021-05-24 14:23:02,312.75,26669276
2021-05-24 14:23:03,312.6,26669652
2021-05-24 14:23:04,312.75,26669959
2021-05-24 14:23:05,312.75,26670059
2021-05-24 14:23:06,312.7,26670870
2021-05-24 14:23:07,312.7,26670894
2021-05-24 14:23:09,312.7,26671207
2021-05-24 14:23:10,312.7,26671378
2021-05-24 14:23:11,312.6,26671651
2021-05-24 14:23:12,312.7,26671731
2021-05-24 14:23:13,312.6,26673849
2021-05-24 14:23:14,312.6,26674171
2021-05-24 14:23:15,312.65,26674172
2021-05-24 14:23:16,312.6,26674252
2021-05-24 14:23:17,312.7,26675288
2021-05-24 14:23:18,312.6,26675975
2021-05-24 14:23:19,312.65,26676083
2021-05-24 14:23:20,312.6,26676581
2021-05-24 14:23:21,312.55,26676960
2021-05-24 14:23:22,312.6,26677001
2021-05-24 14:23:23,312.7,26677244
2021-05-24 14:23:24,312.6,26678469
2021-05-24 14:23:25,312.6,26699593
2021-05-24 14:23:27,312.6,26699658
2021-05-24 14:23:28,312.75,26700792
2021-05-24 14:23:29,312.6,26700955
2021-05-24 14:23:29,312.75,26701005
2021-05-24 14:23:31,312.6,26702106
2021-05-24 14:23:32,312.75,26703567
2021-05-24 14:23:33,312.75,26703927
2021-05-24 14:23:34,312.6,26704934
2021-05-24 14:23:35,312.65,26707153
2021-05-24 14:23:36,312.65,26707255
2021-05-24 14:23:37,312.6,26707353
2021-05-24 14:23:38,312.7,26708355
2021-05-24 14:23:39,312.7,26708455
2021-05-24 14:23:41,312.6,26710097
2021-05-24 14:23:42,312.75,26711572
2021-05-24 14:23:44,312.65,26728039
2021-05-24 14:23:45,312.65,26728269
2021-05-24 14:23:45,312.7,26728770
2021-05-24 14:23:46,312.7,26728877
2021-05-24 14:23:47,312.7,26728926
2021-05-24 14:23:48,312.65,26728986
2021-05-24 14:23:49,312.7,26729042
2021-05-24 14:23:50,312.65,26729953
2021-05-24 14:23:51,312.65,26729953
2021-05-24 14:23:52,312.65,26730422
2021-05-24 14:23:54,312.7,26730567
2021-05-24 14:23:55,312.65,26730587
2021-05-24 14:23:56,312.6,26732729
2021-05-24 14:23:57,312.75,26732753
2021-05-24 14:23:58,312.65,26732782
2021-05-24 14:23:59,312.65,26733131
2021-05-24 14:24:00,312.7,26733194
2021-05-24 14:24:01,312.7,26733299
2021-05-24 14:24:03,312.65,26733481
2021-05-24 14:24:03,312.7,26733586
2021-05-24 14:24:04,312.7,26734224
2021-05-24 14:24:05,312.7,26735418
2021-05-24 14:24:06,312.75,26736098
2021-05-24 14:24:07,312.7,26736295
2021-05-24 14:24:08,312.75,26736378
2021-05-24 14:24:09,312.75,26736905
2021-05-24 14:24:10,312.75,26736905
2021-05-24 14:24:11,312.75,26736906
2021-05-24 14:24:12,312.75,26736982
2021-05-24 14:24:13,312.75,26737018
2021-05-24 14:24:15,312.7,26737311
2021-05-24 14:24:15,312.75,26737374
2021-05-24 14:24:17,312.7,26737454
2021-05-24 14:24:17,312.75,26737498
2021-05-24 14:24:18,312.7,26737561
2021-05-24 14:24:19,312.75,26737787
2021-05-24 14:24:20,312.75,26737787
2021-05-24 14:24:21,312.75,26738079
2021-05-24 14:24:22,312.75,26738115
2021-05-24 14:24:23,312.8,26739492
2021-05-24 14:24:24,312.75,26739692
2021-05-24 14:24:25,312.8,26739699
2021-05-24 14:24:26,312.8,26739701
2021-05-24 14:24:27,312.75,26740860
2021-05-24 14:24:28,312.8,26741176
2021-05-24 14:24:29,312.75,26741273
2021-05-24 14:24:30,312.8,26741320
2021-05-24 14:24:31,312.75,26741540
2021-05-24 14:24:33,312.8,26741666
2021-05-24 14:24:34,312.75,26741667
2021-05-24 14:24:35,312.8,26741720
2021-05-24 14:24:36,312.8,26742200
2021-05-24 14:24:36,312.8,26742200
2021-05-24 14:24:37,312.8,26742334
2021-05-24 14:24:38,312.75,26742344
2021-05-24 14:24:39,312.8,26742545
2021-05-24 14:24:40,312.8,26743607
2021-05-24 14:24:41,312.8,26743607
2021-05-24 14:24:42,312.8,26743633
2021-05-24 14:24:43,312.8,26743735
2021-05-24 14:24:45,312.75,26744091
2021-05-24 14:24:46,312.8,26744212
2021-05-24 14:24:47,312.8,26744694
2021-05-24 14:24:48,312.8,26744824
2021-05-24 14:24:49,312.75,26747583
2021-05-24 14:24:50,312.85,26747584
2021-05-24 14:24:51,312.85,26747928
2021-05-24 14:24:52,312.85,26748061
2021-05-24 14:24:53,312.85,26748077
2021-05-24 14:24:54,312.85,26748081
2021-05-24 14:24:55,312.85,26748181
2021-05-24 14:24:56,312.85,26748182
2021-05-24 14:24:58,312.85,26748264
2021-05-24 14:24:59,312.85,26748285
2021-05-24 14:25:00,312.85,26748361
2021-05-24 14:25:01,312.8,26749563
2021-05-24 14:25:02,312.85,26749940
2021-05-24 14:25:03,312.85,26750042
2021-05-24 14:25:04,312.85,26750042
2021-05-24 14:25:05,312.8,26750047
2021-05-24 14:25:06,312.85,26750099
2021-05-24 14:25:07,312.8,26750280
2021-05-24 14:25:09,312.85,26750293
2021-05-24 14:25:10,312.8,26750508
2021-05-24 14:25:11,312.85,26750608
2021-05-24 14:25:12,312.8,26750979
2021-05-24 14:25:13,312.85,26751323
2021-05-24 14:25:14,312.8,26766018
2021-05-24 14:25:15,312.6,26797676
2021-05-24 14:25:16,312.6,26798843
2021-05-24 14:25:17,312.65,26799604
2021-05-24 14:25:18,312.7,26799632
2021-05-24 14:25:19,312.75,26800192
2021-05-24 14:25:20,312.75,26800192
2021-05-24 14:25:21,312.75,26800202
2021-05-24 14:25:22,312.7,26800297
2021-05-24 14:25:22,312.7,26800297
2021-05-24 14:25:23,312.75,26800864
2021-05-24 14:25:24,312.75,26801055
2021-05-24 14:25:25,312.6,26801477
2021-05-24 14:25:26,312.75,26801760
2021-05-24 14:25:27,312.7,26801948
2021-05-24 14:25:29,312.7,26801948
2021-05-24 14:25:30,312.7,26802949
2021-05-24 14:25:31,312.7,26803074
2021-05-24 14:25:31,312.7,26803124
2021-05-24 14:25:34,312.75,26805887
2021-05-24 14:25:35,312.75,26805902
2021-05-24 14:25:36,312.75,26806602
2021-05-24 14:25:37,312.75,26807535
2021-05-24 14:25:38,312.75,26807640
2021-05-24 14:25:39,312.75,26807640
2021-05-24 14:25:40,312.75,26807647
2021-05-24 14:25:41,312.75,26807647
2021-05-24 14:25:42,312.7,26808119
2021-05-24 14:25:43,312.6,26808128
2021-05-24 14:25:44,312.6,26808618
2021-05-24 14:25:45,312.6,26808618
2021-05-24 14:25:46,312.7,26808620
2021-05-24 14:25:47,312.75,26808905
2021-05-24 14:25:49,312.65,26810722
2021-05-24 14:25:50,312.6,26810729
2021-05-24 14:25:51,312.7,26810969
2021-05-24 14:25:52,312.7,26811126
2021-05-24 14:25:52,312.7,26811200
2021-05-24 14:25:53,312.6,26812185
2021-05-24 14:25:55,312.7,26812793
2021-05-24 14:25:55,312.7,26812793
2021-05-24 14:25:56,312.55,26812998
2021-05-24 14:25:58,312.65,26817981
2021-05-24 14:25:59,312.65,26817987
2021-05-24 14:26:00,312.55,26818387
2021-05-24 14:26:01,312.65,26818407
2021-05-24 14:26:02,312.65,26818449
2021-05-24 14:26:03,312.65,26818713
2021-05-24 14:26:05,312.55,26818776
2021-05-24 14:26:06,312.65,26819181
2021-05-24 14:26:07,312.65,26821256
2021-05-24 14:26:08,312.6,26821286
2021-05-24 14:26:09,312.6,26821896
2021-05-24 14:26:10,312.7,26821970
2021-05-24 14:26:11,312.7,26822245
2021-05-24 14:26:12,312.65,26822404
2021-05-24 14:26:13,312.55,26823542
2021-05-24 14:26:14,312.65,26823562
2021-05-24 14:26:14,312.65,26823562
2021-05-24 14:26:16,312.55,26838070
2021-05-24 14:26:17,312.6,26858956
2021-05-24 14:26:18,312.5,26928426
2021-05-24 14:26:19,312.5,26931114
2021-05-24 14:26:20,312.5,26931123
2021-05-24 14:26:21,312.5,26931333
2021-05-24 14:26:23,312.5,26931639
2021-05-24 14:26:24,312.4,26931841
2021-05-24 14:26:25,312.4,26931891
2021-05-24 14:26:26,312.5,26932825
2021-05-24 14:26:27,312.45,26933002
2021-05-24 14:26:28,312.4,26933475
2021-05-24 14:26:30,312.4,26934244
2021-05-24 14:26:31,312.5,26937097
2021-05-24 14:26:32,312.5,26937607
2021-05-24 14:26:32,312.35,26938234
2021-05-24 14:26:33,312.5,26938318
2021-05-24 14:26:34,312.5,26938754
2021-05-24 14:26:35,312.5,26939468
2021-05-24 14:26:38,312.4,26939614
2021-05-24 14:26:39,312.5,26941100
2021-05-24 14:26:40,312.4,26941355
2021-05-24 14:26:41,312.5,26941670
2021-05-24 14:26:42,312.5,26941695
2021-05-24 14:26:42,312.5,26941805
2021-05-24 14:26:44,312.55,26953142
2021-05-24 14:26:44,312.5,26953182
2021-05-24 14:26:45,312.55,26953238
2021-05-24 14:26:46,312.55,26953238
2021-05-24 14:26:47,312.5,26956083
2021-05-24 14:26:49,312.5,26956753
2021-05-24 14:26:50,312.5,26956954
2021-05-24 14:26:51,312.5,26957155
2021-05-24 14:26:52,312.5,26957167
2021-05-24 14:26:53,312.55,26957313
2021-05-24 14:26:54,312.5,26957338
2021-05-24 14:26:55,312.55,26957845
2021-05-24 14:26:56,312.45,26959970
2021-05-24 14:26:57,312.45,26960297
2021-05-24 14:26:58,312.5,26960491
2021-05-24 14:26:59,312.5,26960594
2021-05-24 14:27:00,312.5,26960595
2021-05-24 14:27:01,312.5,26961437
2021-05-24 14:27:02,312.5,26961805
2021-05-24 14:27:03,312.5,26962126
2021-05-24 14:27:04,312.55,26962159
2021-05-24 14:27:05,312.6,26963210
2021-05-24 14:27:06,312.6,26963246
2021-05-24 14:27:07,312.6,26963493
2021-05-24 14:27:07,312.6,26963493
2021-05-24 14:27:08,312.6,26963919
2021-05-24 14:27:09,312.6,26964021
2021-05-24 14:27:11,312.6,26964271
2021-05-24 14:27:12,312.6,26964271
2021-05-24 14:27:13,312.6,26964598
2021-05-24 14:27:14,312.5,26965150
2021-05-24 14:27:15,312.5,26965312
2021-05-24 14:27:16,312.5,26965429
2021-05-24 14:27:17,312.6,26968214
2021-05-24 14:27:17,312.6,26968214
2021-05-24 14:27:18,312.6,26968456
2021-05-24 14:27:20,312.5,26968496
2021-05-24 14:27:21,312.6,26968514
2021-05-24 14:27:22,312.6,26968654
2021-05-24 14:27:23,312.6,26970174
2021-05-24 14:27:23,312.5,26970179
2021-05-24 14:27:24,312.6,26970184
2021-05-24 14:27:26,312.6,26970299
2021-05-24 14:27:27,312.5,26970319
2021-05-24 14:27:28,312.5,26971163
2021-05-24 14:27:29,312.6,26971263
2021-05-24 14:27:30,312.6,26973463
2021-05-24 14:27:31,312.6,26974167
2021-05-24 14:27:32,312.6,26975571
2021-05-24 14:27:33,312.55,26978458
2021-05-24 14:27:34,312.55,26978477
2021-05-24 14:27:35,312.55,26978502
2021-05-24 14:27:36,312.6,26979572
2021-05-24 14:27:37,312.7,26983083
2021-05-24 14:27:38,312.65,26983097
2021-05-24 14:27:39,312.7,26983127
2021-05-24 14:27:40,312.7,26983148
2021-05-24 14:27:41,312.7,26983148
2021-05-24 14:27:42,312.7,26984258
2021-05-24 14:27:42,312.7,26984258
2021-05-24 14:27:43,312.7,26984350
2021-05-24 14:27:45,312.7,26984376
2021-05-24 14:27:46,312.65,26984502
2021-05-24 14:27:47,312.7,26984640
2021-05-24 14:27:48,312.7,26984672
2021-05-24 14:27:49,312.7,26984802
2021-05-24 14:27:50,312.6,26984929
2021-05-24 14:27:51,312.7,26988673
2021-05-24 14:27:52,312.7,26990961
2021-05-24 14:27:53,312.8,26991067
2021-05-24 14:27:54,312.8,26991115
2021-05-24 14:27:55,312.7,26991116
2021-05-24 14:27:55,312.8,26991129
2021-05-24 14:27:57,312.8,26991290
2021-05-24 14:27:58,312.8,26991326
2021-05-24 14:27:59,312.7,26991344
2021-05-24 14:27:59,312.7,26991344
2021-05-24 14:28:00,312.7,26991354
2021-05-24 14:28:01,312.8,26991654
2021-05-24 14:28:02,312.8,26991680
2021-05-24 14:28:03,312.8,26991680
2021-05-24 14:28:04,312.7,26991881
2021-05-24 14:28:05,312.8,26992231
2021-05-24 14:28:06,312.8,26992583
2021-05-24 14:28:08,312.8,26993390
2021-05-24 14:28:09,312.8,26993390
2021-05-24 14:28:10,312.8,26993637
2021-05-24 14:28:11,312.8,26993647
2021-05-24 14:28:12,312.8,26994808
2021-05-24 14:28:13,312.8,26994884
2021-05-24 14:28:14,312.8,26994894
2021-05-24 14:28:15,312.85,26994904
2021-05-24 14:28:16,312.85,26994942
2021-05-24 14:28:17,312.8,26995262
2021-05-24 14:28:18,312.85,26995292
2021-05-24 14:28:19,312.85,26995358
2021-05-24 14:28:20,312.85,26996363
2021-05-24 14:28:21,312.8,26996475
2021-05-24 14:28:22,312.85,26996500
2021-05-24 14:28:23,312.8,26998066
2021-05-24 14:28:24,312.8,26999096
2021-05-24 14:28:25,312.8,26999202
2021-05-24 14:28:26,312.8,26999619
2021-05-24 14:28:27,312.8,26999651
2021-05-24 14:28:28,312.7,26999684
2021-05-24 14:28:29,312.7,27000164
2021-05-24 14:28:31,312.7,27000752
2021-05-24 14:28:34,312.75,27000797
2021-05-24 14:28:35,312.75,27001090
2021-05-24 14:28:36,312.7,27001129
2021-05-24 14:28:37,312.8,27001631
2021-05-24 14:28:38,312.7,27001770
2021-05-24 14:28:39,312.8,27001838
2021-05-24 14:28:40,312.75,27002146
2021-05-24 14:28:41,312.75,27002278
2021-05-24 14:28:42,312.8,27002804
2021-05-24 14:28:43,312.8,27002809
2021-05-24 14:28:44,312.75,27002839
2021-05-24 14:28:45,312.75,27002859
2021-05-24 14:28:46,312.8,27003059
2021-05-24 14:28:47,312.8,27003435
2021-05-24 14:28:48,312.8,27003725
2021-05-24 14:28:49,312.75,27003881
2021-05-24 14:28:49,312.7,27003943
2021-05-24 14:28:50,312.8,27004160
2021-05-24 14:28:51,312.8,27004166
2021-05-24 14:28:53,312.8,27005832
2021-05-24 14:28:54,312.8,27005852
2021-05-24 14:28:55,312.8,27006072
2021-05-24 14:28:56,312.8,27006348
2021-05-24 14:28:57,312.8,27006348
2021-05-24 14:28:58,312.8,27006479
2021-05-24 14:28:59,312.8,27006486
2021-05-24 14:29:00,312.8,27006488
2021-05-24 14:29:01,312.8,27006493
2021-05-24 14:29:02,312.7,27006572
2021-05-24 14:29:03,312.7,27006587
2021-05-24 14:29:04,312.85,27031241
2021-05-24 14:29:05,312.85,27031512
2021-05-24 14:29:06,312.85,27031588
2021-05-24 14:29:07,312.8,27031612
2021-05-24 14:29:08,312.75,27031712
2021-05-24 14:29:09,312.75,27031712
2021-05-24 14:29:10,312.8,27031755
2021-05-24 14:29:11,312.75,27031758
2021-05-24 14:29:12,312.75,27031758
2021-05-24 14:29:13,312.7,27031793
2021-05-24 14:29:14,312.7,27031858
2021-05-24 14:29:15,312.75,27031908
2021-05-24 14:29:16,312.75,27031918
2021-05-24 14:29:17,312.8,27032421
2021-05-24 14:29:18,312.75,27032441
2021-05-24 14:29:19,312.8,27032455
2021-05-24 14:29:20,312.8,27032798
2021-05-24 14:29:21,312.7,27032921
2021-05-24 14:29:22,312.7,27034025
2021-05-24 14:29:23,312.7,27034025
2021-05-24 14:29:24,312.75,27034056
2021-05-24 14:29:25,312.75,27036006
2021-05-24 14:29:26,312.75,27036760
2021-05-24 14:29:27,312.75,27036760
2021-05-24 14:29:28,312.75,27036800
2021-05-24 14:29:30,312.7,27036858
2021-05-24 14:29:33,312.8,27045619
2021-05-24 14:29:34,312.9,27050256
2021-05-24 14:29:35,312.9,27050302
2021-05-24 14:29:36,312.85,27052303
2021-05-24 14:29:37,312.9,27052394
2021-05-24 14:29:38,312.8,27052806
2021-05-24 14:29:39,312.9,27052810
2021-05-24 14:29:40,312.9,27052811
2021-05-24 14:29:41,312.95,27056221
2021-05-24 14:29:42,312.95,27056229
2021-05-24 14:29:43,312.9,27057330
2021-05-24 14:29:45,313.0,27057460
2021-05-24 14:29:47,312.9,27057529
2021-05-24 14:29:48,313.0,27057830
2021-05-24 14:29:49,313.0,27058180
2021-05-24 14:29:50,312.85,27059180
2021-05-24 14:29:51,313.0,27061885
2021-05-24 14:29:52,313.0,27061978
2021-05-24 14:29:53,313.0,27062180
2021-05-24 14:29:54,313.0,27062210
2021-05-24 14:29:55,313.0,27062295
2021-05-24 14:29:56,313.0,27062330
2021-05-24 14:29:57,313.0,27062864
2021-05-24 14:29:58,313.0,27062874
2021-05-24 14:29:59,313.0,27063406
2021-05-24 14:30:00,313.0,27063409
2021-05-24 14:30:01,313.0,27063431
2021-05-24 14:30:02,313.0,27063437
2021-05-24 14:30:04,312.95,27064681
2021-05-24 14:30:05,312.85,27065387
2021-05-24 14:30:06,312.85,27065393
2021-05-24 14:30:07,312.9,27065439
2021-05-24 14:30:08,312.9,27065472
2021-05-24 14:30:09,312.95,27065483
2021-05-24 14:30:10,312.95,27065486
2021-05-24 14:30:11,312.95,27065674
2021-05-24 14:30:12,312.95,27065832
2021-05-24 14:30:13,313.0,27065867
2021-05-24 14:30:14,313.0,27066880
2021-05-24 14:30:15,312.85,27067080
2021-05-24 14:30:16,312.85,27067080
2021-05-24 14:30:17,312.85,27070127
2021-05-24 14:30:18,312.9,27070147
2021-05-24 14:30:19,312.9,27070147
2021-05-24 14:30:20,312.95,27070156
2021-05-24 14:30:22,312.95,27070207
2021-05-24 14:30:23,312.95,27070262
2021-05-24 14:30:24,312.95,27070264
2021-05-24 14:30:26,312.85,27070344
2021-05-24 14:30:27,312.85,27070344
2021-05-24 14:30:28,312.95,27070368
2021-05-24 14:30:29,312.95,27070458
2021-05-24 14:30:30,312.85,27070708
2021-05-24 14:30:31,312.95,27070733
2021-05-24 14:30:32,312.95,27070769
2021-05-24 14:30:33,312.9,27070799
2021-05-24 14:30:34,312.85,27070807
2021-05-24 14:30:35,312.95,27070847
2021-05-24 14:30:36,312.95,27070957
2021-05-24 14:30:37,313.0,27072024
2021-05-24 14:30:38,313.0,27072054
2021-05-24 14:30:39,313.0,27072054
2021-05-24 14:30:40,313.0,27072158
2021-05-24 14:30:41,312.85,27072178
2021-05-24 14:30:42,313.0,27073059
2021-05-24 14:30:43,313.0,27073059
2021-05-24 14:30:44,313.0,27073059
2021-05-24 14:30:45,313.0,27073159
2021-05-24 14:30:46,312.85,27073759
2021-05-24 14:30:47,312.95,27073789
2021-05-24 14:30:48,313.0,27073899
2021-05-24 14:30:49,313.0,27074204
2021-05-24 14:30:50,313.0,27075058
2021-05-24 14:30:51,313.0,27075099
2021-05-24 14:30:52,312.95,27076284
2021-05-24 14:30:53,312.95,27076284
2021-05-24 14:30:54,312.95,27077459
2021-05-24 14:30:55,312.85,27079264
2021-05-24 14:30:56,312.95,27079269
2021-05-24 14:30:57,312.95,27079352
2021-05-24 14:30:58,312.95,27079437
2021-05-24 14:30:59,312.95,27081447
2021-05-24 14:31:00,312.95,27081559
2021-05-24 14:31:01,312.85,27082059
2021-05-24 14:31:02,312.95,27082095
2021-05-24 14:31:03,312.95,27082190
2021-05-24 14:31:04,313.0,27082837
2021-05-24 14:31:05,313.0,27082837
2021-05-24 14:31:06,313.0,27082880
2021-05-24 14:31:08,312.95,27082932
2021-05-24 14:31:07,313.0,27082912
2021-05-24 14:31:09,312.95,27082932
2021-05-24 14:31:10,313.0,27085971
2021-05-24 14:31:11,312.95,27086178
2021-05-24 14:31:12,312.9,27086241
2021-05-24 14:31:13,312.95,27086277
2021-05-24 14:31:14,312.9,27087012
2021-05-24 14:31:15,312.95,27087208
2021-05-24 14:31:16,312.95,27087215
2021-05-24 14:31:17,312.9,27087371
2021-05-24 14:31:18,312.9,27087371
2021-05-24 14:31:19,312.9,27087377
2021-05-24 14:31:20,312.85,27087472
2021-05-24 14:31:21,312.9,27087609
2021-05-24 14:31:22,312.9,27088374
2021-05-24 14:31:23,312.9,27088374
2021-05-24 14:31:24,312.9,27088455
2021-05-24 14:31:25,312.95,27089534
2021-05-24 14:31:26,312.9,27089808
2021-05-24 14:31:27,312.95,27089948
2021-05-24 14:31:28,312.9,27090134
2021-05-24 14:31:29,312.95,27090175
2021-05-24 14:31:30,312.95,27090177
2021-05-24 14:31:31,312.95,27090177
2021-05-24 14:31:32,312.95,27090253
2021-05-24 14:31:33,312.95,27091354
2021-05-24 14:31:34,312.95,27091518
2021-05-24 14:31:35,312.9,27092131
2021-05-24 14:31:36,312.95,27093819
2021-05-24 14:31:37,312.95,27093974
2021-05-24 14:31:38,312.95,27094029
2021-05-24 14:31:39,312.95,27094029
2021-05-24 14:31:40,312.95,27095079
2021-05-24 14:31:41,312.95,27095365
2021-05-24 14:31:42,312.95,27095490
2021-05-24 14:31:43,312.95,27095848
2021-05-24 14:31:44,312.85,27095919
2021-05-24 14:31:45,312.95,27095940
2021-05-24 14:31:46,312.9,27113181
2021-05-24 14:31:48,312.85,27113610
2021-05-24 14:31:49,312.95,27113660
2021-05-24 14:31:50,312.95,27113670
2021-05-24 14:31:51,312.95,27113701
2021-05-24 14:31:52,313.0,27113854
2021-05-24 14:31:53,313.0,27113860
2021-05-24 14:31:54,313.0,27113860
2021-05-24 14:31:55,313.0,27113861
2021-05-24 14:31:56,313.0,27113862
2021-05-24 14:31:57,313.0,27114214
2021-05-24 14:31:58,313.0,27114287
2021-05-24 14:31:59,312.95,27114298
2021-05-24 14:32:00,312.95,27114661
2021-05-24 14:32:01,312.95,27116700
2021-05-24 14:32:02,312.95,27117280
2021-05-24 14:32:03,312.95,27117283
2021-05-24 14:32:04,312.95,27117283
2021-05-24 14:32:05,312.95,27117283
2021-05-24 14:32:06,312.95,27117432
2021-05-24 14:32:07,312.95,27117814
2021-05-24 14:32:08,312.9,27118633
2021-05-24 14:32:09,312.95,27118695
2021-05-24 14:32:10,312.95,27118709
2021-05-24 14:32:11,312.95,27118715
2021-05-24 14:32:12,312.9,27119041
2021-05-24 14:32:13,312.95,27119167
2021-05-24 14:32:14,312.9,27119568
2021-05-24 14:32:15,312.9,27119569
2021-05-24 14:32:16,312.95,27119711
2021-05-24 14:32:20,312.95,27122266
2021-05-24 14:32:21,312.9,27122304
2021-05-24 14:32:22,312.95,27122346
2021-05-24 14:32:23,312.95,27122346
2021-05-24 14:32:24,312.9,27122608
2021-05-24 14:32:25,312.95,27122619
2021-05-24 14:32:26,312.95,27122865
2021-05-24 14:32:27,312.9,27143835
2021-05-24 14:32:28,312.8,27143866
2021-05-24 14:32:29,312.8,27143866
2021-05-24 14:32:30,312.9,27145484
2021-05-24 14:32:31,312.9,27145484
2021-05-24 14:32:32,312.85,27145543
2021-05-24 14:32:33,312.85,27145545
2021-05-24 14:32:34,312.85,27146116
2021-05-24 14:32:35,312.85,27146116
2021-05-24 14:32:36,312.85,27148968
2021-05-24 14:32:37,312.85,27149205
2021-05-24 14:32:38,312.9,27149207
2021-05-24 14:32:39,312.8,27149217
2021-05-24 14:32:40,312.9,27149237
2021-05-24 14:32:41,312.85,27149406
2021-05-24 14:32:42,312.8,27150362
2021-05-24 14:32:43,312.8,27150380
2021-05-24 14:32:44,312.75,27150698
2021-05-24 14:32:45,312.8,27150854
2021-05-24 14:32:46,312.8,27150891
2021-05-24 14:32:47,312.8,27151320
2021-05-24 14:32:48,312.8,27151583
2021-05-24 14:32:49,312.8,27154543
2021-05-24 14:32:50,312.8,27154548
2021-05-24 14:32:51,312.8,27154664
2021-05-24 14:32:52,312.75,27154891
2021-05-24 14:32:53,312.75,27154991
2021-05-24 14:32:54,312.8,27155095
2021-05-24 14:32:55,312.8,27155198
2021-05-24 14:32:56,312.8,27155199
2021-05-24 14:32:57,312.8,27155296
2021-05-24 14:32:58,312.8,27155721
2021-05-24 14:32:59,312.8,27155722
2021-05-24 14:33:00,312.75,27155771
2021-05-24 14:33:01,312.75,27155771
2021-05-24 14:33:02,312.8,27155800
2021-05-24 14:33:03,312.6,27170636
2021-05-24 14:33:05,312.7,27171227
2021-05-24 14:33:06,312.6,27171256
2021-05-24 14:33:07,312.65,27171315
2021-05-24 14:33:08,312.6,27171749
2021-05-24 14:33:09,312.6,27172329
2021-05-24 14:33:10,312.6,27172829
2021-05-24 14:33:11,312.7,27172839
2021-05-24 14:33:13,312.7,27172996
2021-05-24 14:33:13,312.7,27173000
2021-05-24 14:33:14,312.7,27173001
2021-05-24 14:33:15,312.7,27173828
2021-05-24 14:33:16,312.7,27174133
2021-05-24 14:33:17,312.65,27174558
2021-05-24 14:33:18,312.65,27174558
2021-05-24 14:33:19,312.65,27174979
2021-05-24 14:33:20,312.7,27175184
2021-05-24 14:33:21,312.7,27177430
2021-05-24 14:33:23,312.7,27177511
2021-05-24 14:33:23,312.8,27177549
2021-05-24 14:33:24,312.7,27177590
2021-05-24 14:33:25,312.8,27177603
2021-05-24 14:33:26,312.65,27177627
2021-05-24 14:33:28,312.8,27178150
2021-05-24 14:33:28,312.8,27178165
2021-05-24 14:33:29,312.8,27178180
2021-05-24 14:33:30,312.8,27178204
2021-05-24 14:33:31,312.8,27178259
2021-05-24 14:33:32,312.8,27178485
2021-05-24 14:33:33,312.8,27178486
2021-05-24 14:33:34,312.75,27179114
2021-05-24 14:33:35,312.7,27179124
2021-05-24 14:33:36,312.7,27179134
2021-05-24 14:33:37,312.75,27179561
2021-05-24 14:33:38,312.75,27179592
2021-05-24 14:33:39,312.7,27179638
2021-05-24 14:33:40,312.7,27179906
2021-05-24 14:33:41,312.7,27180170
2021-05-24 14:33:42,312.8,27180201
2021-05-24 14:33:43,312.8,27180257
2021-05-24 14:33:45,312.7,27180838
2021-05-24 14:33:45,312.8,27180938
2021-05-24 14:33:46,312.7,27180948
2021-05-24 14:33:47,312.8,27180975
2021-05-24 14:33:48,312.8,27181005
2021-05-24 14:33:49,312.8,27181034
2021-05-24 14:33:50,312.8,27181052
2021-05-24 14:33:51,312.8,27181052
2021-05-24 14:33:53,312.7,27181427
2021-05-24 14:33:54,312.8,27181754
2021-05-24 14:33:54,312.8,27181754
2021-05-24 14:33:55,312.8,27182418
2021-05-24 14:33:56,312.8,27182424
2021-05-24 14:33:57,312.8,27182851
2021-05-24 14:33:58,312.8,27183876
2021-05-24 14:33:59,312.8,27183876
2021-05-24 14:34:00,312.8,27183876
2021-05-24 14:34:01,312.7,27183925
2021-05-24 14:34:02,312.75,27184110
2021-05-24 14:34:03,312.75,27184204
2021-05-24 14:34:04,312.65,27184308
2021-05-24 14:34:05,312.7,27184388
2021-05-24 14:34:06,312.65,27185965
2021-05-24 14:34:07,312.7,27186003
2021-05-24 14:34:08,312.7,27186136
2021-05-24 14:34:10,312.8,27190483
2021-05-24 14:34:11,312.8,27190483
2021-05-24 14:34:11,312.75,27190588
2021-05-24 14:34:13,312.85,27190619
2021-05-24 14:34:13,312.85,27190619
2021-05-24 14:34:14,312.7,27190920
2021-05-24 14:34:15,312.75,27190988
2021-05-24 14:34:16,312.75,27191100
2021-05-24 14:34:17,312.8,27191182
2021-05-24 14:34:19,312.7,27191225
2021-05-24 14:34:19,312.7,27191225
2021-05-24 14:34:20,312.7,27191332
2021-05-24 14:34:22,312.75,27191382
2021-05-24 14:34:22,312.75,27191498
2021-05-24 14:34:23,312.75,27191499
2021-05-24 14:34:24,312.75,27191499
2021-05-24 14:34:26,312.7,27191959
2021-05-24 14:34:27,312.85,27195416
2021-05-24 14:34:27,312.9,27195965
2021-05-24 14:34:28,312.85,27195968
2021-05-24 14:34:29,312.85,27197684
2021-05-24 14:34:30,312.8,27197733
2021-05-24 14:34:32,312.8,27198223
2021-05-24 14:34:33,312.95,27199241
2021-05-24 14:34:34,312.95,27199248
2021-05-24 14:34:34,312.95,27199248
2021-05-24 14:34:35,312.9,27199352
2021-05-24 14:34:36,312.9,27199357
2021-05-24 14:34:37,312.9,27199381
2021-05-24 14:34:38,312.85,27199441
2021-05-24 14:34:39,312.9,27199444
2021-05-24 14:34:40,312.9,27199634
2021-05-24 14:34:41,312.9,27199635
2021-05-24 14:34:42,312.8,27200067
2021-05-24 14:34:43,312.9,27200072
2021-05-24 14:34:44,312.85,27200140
2021-05-24 14:34:45,312.85,27200510
2021-05-24 14:34:46,312.85,27200555
2021-05-24 14:34:47,312.9,27200760
2021-05-24 14:34:48,312.85,27200765
2021-05-24 14:34:49,312.85,27200765
2021-05-24 14:34:50,312.85,27200827
2021-05-24 14:34:52,312.8,27201417
2021-05-24 14:34:52,312.9,27201722
2021-05-24 14:34:53,312.9,27201724
2021-05-24 14:34:54,312.9,27201734
2021-05-24 14:34:55,312.8,27201736
2021-05-24 14:34:56,312.85,27202238
2021-05-24 14:34:57,312.9,27202262
2021-05-24 14:34:58,312.95,27202607
2021-05-24 14:35:00,312.9,27202922
2021-05-24 14:35:00,312.85,27202927
2021-05-24 14:35:01,312.95,27202932
2021-05-24 14:35:02,312.95,27202959
2021-05-24 14:35:03,312.8,27210528
2021-05-24 14:35:04,312.65,27210630
2021-05-24 14:35:05,312.8,27210939
2021-05-24 14:35:06,312.8,27210994
2021-05-24 14:35:07,312.65,27211444
2021-05-24 14:35:09,312.75,27211968
2021-05-24 14:35:09,312.8,27211867
2021-05-24 14:35:10,312.85,27212988
2021-05-24 14:35:13,312.8,27213281
2021-05-24 14:35:14,312.8,27213481
2021-05-24 14:35:14,312.85,27214165
2021-05-24 14:35:15,312.85,27214175
2021-05-24 14:35:16,312.85,27214184
2021-05-24 14:35:17,312.85,27214212
2021-05-24 14:35:19,312.85,27214269
2021-05-24 14:35:20,312.8,27214339
2021-05-24 14:35:21,312.65,27219307
2021-05-24 14:35:23,312.8,27220490
2021-05-24 14:35:23,312.8,27221400
2021-05-24 14:35:24,312.7,27221457
2021-05-24 14:35:26,312.7,27221467
2021-05-24 14:35:27,312.8,27221580
2021-05-24 14:35:28,312.85,27222589
2021-05-24 14:35:29,312.8,27222609
2021-05-24 14:35:29,312.85,27222709
2021-05-24 14:35:30,312.8,27222811
2021-05-24 14:35:31,312.8,27222811
2021-05-24 14:35:32,312.85,27223037
2021-05-24 14:35:33,312.85,27223037
2021-05-24 14:35:34,312.75,27223346
2021-05-24 14:35:36,312.8,27223416
2021-05-24 14:35:37,312.8,27223450
2021-05-24 14:35:37,312.8,27223420
2021-05-24 14:35:38,312.75,27223464
2021-05-24 14:35:39,312.75,27223475
2021-05-24 14:35:40,312.75,27223475
2021-05-24 14:35:41,312.8,27223516
2021-05-24 14:35:42,312.85,27223635
2021-05-24 14:35:43,312.75,27223780
2021-05-24 14:35:44,312.75,27223942
2021-05-24 14:35:45,312.75,27223990
2021-05-24 14:35:46,312.85,27223996
2021-05-24 14:35:48,312.75,27224052
2021-05-24 14:35:49,312.75,27224052
2021-05-24 14:35:50,312.85,27224317
2021-05-24 14:35:51,312.85,27224322
2021-05-24 14:35:53,312.85,27224872
2021-05-24 14:35:54,312.75,27224974
2021-05-24 14:35:54,312.75,27224974
2021-05-24 14:35:55,312.75,27225036
2021-05-24 14:35:56,312.75,27225086
2021-05-24 14:35:57,312.75,27225537
2021-05-24 14:35:58,312.8,27225567
2021-05-24 14:35:59,312.75,27226514
2021-05-24 14:36:00,312.7,27226739
2021-05-24 14:36:01,312.8,27226751
2021-05-24 14:36:03,312.75,27226807
2021-05-24 14:36:04,312.8,27226814
2021-05-24 14:36:04,312.8,27226814
2021-05-24 14:36:05,312.8,27226814
2021-05-24 14:36:06,312.8,27226834
2021-05-24 14:36:07,312.8,27226858
2021-05-24 14:36:08,312.75,27227592
2021-05-24 14:36:09,312.75,27227612
2021-05-24 14:36:11,312.8,27227686
2021-05-24 14:36:12,312.8,27227863
2021-05-24 14:36:13,312.8,27228868
2021-05-24 14:36:14,312.75,27231280
2021-05-24 14:36:15,312.8,27231286
2021-05-24 14:36:16,312.75,27231394
2021-05-24 14:36:17,312.8,27231547
2021-05-24 14:36:18,312.8,27231549
2021-05-24 14:36:19,312.8,27231579
2021-05-24 14:36:21,312.8,27231655
2021-05-24 14:36:22,312.8,27231695
2021-05-24 14:36:24,312.75,27231777
2021-05-24 14:36:25,312.75,27231791
2021-05-24 14:36:25,312.75,27231791
2021-05-24 14:36:26,312.75,27232872
2021-05-24 14:36:27,312.8,27232981
2021-05-24 14:36:28,312.85,27232984
2021-05-24 14:36:29,312.85,27234055
2021-05-24 14:36:30,312.85,27234056
2021-05-24 14:36:31,312.9,27234319
2021-05-24 14:36:33,312.9,27234446
2021-05-24 14:36:35,312.75,27235566
2021-05-24 14:36:36,312.75,27235566
2021-05-24 14:36:37,312.75,27235566
2021-05-24 14:36:38,312.8,27235690
2021-05-24 14:36:38,312.8,27235691
2021-05-24 14:36:39,312.7,27237064
2021-05-24 14:36:40,312.8,27237146
2021-05-24 14:36:42,312.8,27237827
2021-05-24 14:36:43,312.8,27238002
2021-05-24 14:36:43,312.8,27238002
2021-05-24 14:36:44,312.7,27238372
2021-05-24 14:36:45,312.7,27238372
2021-05-24 14:36:46,312.9,27238877
2021-05-24 14:36:48,312.85,27239288
2021-05-24 14:36:49,312.95,27239344
2021-05-24 14:36:50,312.85,27239544
2021-05-24 14:36:51,312.85,27239644
2021-05-24 14:36:52,312.9,27239844
2021-05-24 14:36:53,312.9,27239961
2021-05-24 14:36:54,312.8,27240211
2021-05-24 14:36:55,312.9,27240362
2021-05-24 14:36:57,312.85,27240462
2021-05-24 14:36:58,312.9,27240694
2021-05-24 14:36:59,312.9,27240783
2021-05-24 14:37:00,312.85,27240798
2021-05-24 14:37:01,312.85,27243261
2021-05-24 14:37:02,312.9,27243761
2021-05-24 14:37:03,312.9,27243786
2021-05-24 14:37:04,312.75,27244092
2021-05-24 14:37:04,312.75,27244087
2021-05-24 14:37:05,312.8,27244192
2021-05-24 14:37:06,312.9,27244293
2021-05-24 14:37:07,312.9,27244649
2021-05-24 14:37:08,312.9,27244691
2021-05-24 14:37:09,312.85,27244761
2021-05-24 14:37:10,312.85,27245060
2021-05-24 14:37:12,312.9,27246609
2021-05-24 14:37:12,312.9,27245556
2021-05-24 14:37:14,312.8,27246763
2021-05-24 14:37:15,312.85,27246895
2021-05-24 14:37:16,312.85,27247203
2021-05-24 14:37:17,312.85,27247228
2021-05-24 14:37:18,312.85,27247495
2021-05-24 14:37:19,312.85,27247765
2021-05-24 14:37:20,312.85,27247870
2021-05-24 14:37:21,312.85,27248389
2021-05-24 14:37:22,312.9,27251431
2021-05-24 14:37:23,312.9,27251731
2021-05-24 14:37:24,312.9,27251852
2021-05-24 14:37:25,312.85,27252361
2021-05-24 14:37:27,312.9,27252383
2021-05-24 14:37:28,312.9,27252973
2021-05-24 14:37:29,312.9,27253611
2021-05-24 14:37:30,312.9,27255812
2021-05-24 14:37:31,312.95,27256655
2021-05-24 14:37:32,312.85,27256661
2021-05-24 14:37:33,312.9,27256887
2021-05-24 14:37:34,312.95,27256923
2021-05-24 14:37:35,312.85,27258642
2021-05-24 14:37:36,312.95,27260444
2021-05-24 14:37:36,312.95,27261044
2021-05-24 14:37:37,312.95,27261774
2021-05-24 14:37:39,312.95,27262595
2021-05-24 14:37:40,312.9,27263208
2021-05-24 14:37:41,312.95,27263210
2021-05-24 14:37:41,312.95,27263210
2021-05-24 14:37:43,312.95,27263270
2021-05-24 14:37:44,312.95,27263270
2021-05-24 14:37:45,312.95,27263722
2021-05-24 14:37:46,312.95,27264663
2021-05-24 14:37:47,312.95,27264833
2021-05-24 14:37:48,312.95,27265419
2021-05-24 14:37:49,312.85,27265469
2021-05-24 14:37:50,312.95,27265520
2021-05-24 14:37:53,312.9,27272538
2021-05-24 14:37:54,312.95,27273048
2021-05-24 14:37:55,312.95,27273598
2021-05-24 14:37:56,312.8,27274157
2021-05-24 14:37:57,312.95,27274222
2021-05-24 14:37:58,312.95,27274222
2021-05-24 14:38:00,312.9,27274295
2021-05-24 14:38:01,312.9,27274319
2021-05-24 14:38:02,312.9,27274397
2021-05-24 14:38:03,312.9,27275104
2021-05-24 14:38:04,312.95,27276043
2021-05-24 14:38:05,312.95,27276163
2021-05-24 14:38:06,312.95,27276963
2021-05-24 14:38:07,312.95,27278015
2021-05-24 14:38:08,312.85,27278175
2021-05-24 14:38:09,312.85,27278257
2021-05-24 14:38:09,312.95,27278559
2021-05-24 14:38:10,312.9,27278589
2021-05-24 14:38:11,312.9,27278589
2021-05-24 14:38:13,312.9,27279311
2021-05-24 14:38:14,312.8,27279482
2021-05-24 14:38:14,312.8,27279482
2021-05-24 14:38:15,312.95,27280492
2021-05-24 14:38:16,312.85,27281697
2021-05-24 14:38:17,312.95,27281854
2021-05-24 14:38:18,312.95,27281856
2021-05-24 14:38:21,312.8,27282167
2021-05-24 14:38:22,312.95,27282196
2021-05-24 14:38:23,313.0,27284992
2021-05-24 14:38:24,313.0,27284992
2021-05-24 14:38:25,312.95,27285117
2021-05-24 14:38:26,312.95,27285492
2021-05-24 14:38:27,313.0,27285573
2021-05-24 14:38:28,313.0,27285580
2021-05-24 14:38:29,312.95,27285845
2021-05-24 14:38:30,312.85,27289295
2021-05-24 14:38:31,312.95,27289428
2021-05-24 14:38:32,312.95,27289454
2021-05-24 14:38:33,312.9,27289455
2021-05-24 14:38:34,313.0,27289789
2021-05-24 14:38:34,313.0,27290100
2021-05-24 14:38:35,313.0,27290114
2021-05-24 14:38:36,313.0,27290339
2021-05-24 14:38:38,313.0,27290526
2021-05-24 14:38:39,313.0,27290568
2021-05-24 14:38:40,313.0,27291018
2021-05-24 14:38:41,312.95,27291723
2021-05-24 14:38:42,313.0,27292433
2021-05-24 14:38:43,312.95,27294089
2021-05-24 14:38:44,313.0,27294294
2021-05-24 14:38:45,313.0,27294396
2021-05-24 14:38:46,313.0,27294412
2021-05-24 14:38:47,313.0,27294439
2021-05-24 14:38:48,313.0,27294444
2021-05-24 14:38:48,313.0,27294444
2021-05-24 14:38:49,313.0,27294845
2021-05-24 14:38:51,312.95,27294902
2021-05-24 14:38:52,313.0,27295405
2021-05-24 14:38:53,313.0,27295750
2021-05-24 14:38:54,313.0,27297131
2021-05-24 14:38:55,313.0,27299335
2021-05-24 14:38:56,312.95,27300471
2021-05-24 14:38:57,313.0,27301028
2021-05-24 14:38:57,313.0,27301089
2021-05-24 14:38:58,313.0,27301089
2021-05-24 14:39:00,313.0,27301090
2021-05-24 14:39:01,313.05,27344963
2021-05-24 14:39:02,313.05,27345579
2021-05-24 14:39:03,313.05,27346052
2021-05-24 14:39:04,313.2,27348073
2021-05-24 14:39:05,313.2,27348808
2021-05-24 14:39:06,313.2,27349270
2021-05-24 14:39:07,313.2,27349465
2021-05-24 14:39:08,313.2,27349495
2021-05-24 14:39:09,313.1,27349546
2021-05-24 14:39:10,313.15,27349586
2021-05-24 14:39:10,313.15,27349586
2021-05-24 14:39:12,313.2,27349948
2021-05-24 14:39:13,313.2,27350122
2021-05-24 14:39:14,313.2,27352042
2021-05-24 14:39:15,313.2,27352183
2021-05-24 14:39:15,313.2,27352348
2021-05-24 14:39:16,313.2,27352596
2021-05-24 14:39:17,313.15,27352903
2021-05-24 14:39:18,313.2,27352909
2021-05-24 14:39:20,313.2,27353034
2021-05-24 14:39:21,313.2,27354278
2021-05-24 14:39:22,313.2,27354962
2021-05-24 14:39:23,313.2,27354989
2021-05-24 14:39:24,313.2,27356111
2021-05-24 14:39:25,313.15,27356283
2021-05-24 14:39:26,313.15,27356294
2021-05-24 14:39:27,313.25,27357141
2021-05-24 14:39:28,313.2,27357391
2021-05-24 14:39:29,313.25,27357566
2021-05-24 14:39:30,313.25,27358864
2021-05-24 14:39:31,313.25,27358869
2021-05-24 14:39:32,313.25,27359446
2021-05-24 14:39:33,313.25,27362650
2021-05-24 14:39:34,313.3,27364755
2021-05-24 14:39:35,313.2,27365059
2021-05-24 14:39:36,313.3,27365079
2021-05-24 14:39:37,313.3,27365103
2021-05-24 14:39:38,313.3,27365866
2021-05-24 14:39:39,313.25,27366616
2021-05-24 14:39:40,313.3,27375865
2021-05-24 14:39:41,313.3,27376189
2021-05-24 14:39:42,313.1,27386034
2021-05-24 14:39:43,313.15,27387262
2021-05-24 14:39:44,313.15,27387275
2021-05-24 14:39:45,313.15,27387284
2021-05-24 14:39:46,313.0,27399055
2021-05-24 14:39:47,313.0,27399373
2021-05-24 14:39:48,313.0,27399899
2021-05-24 14:39:49,313.0,27400173
2021-05-24 14:39:50,313.05,27400206
2021-05-24 14:39:51,313.05,27400236
2021-05-24 14:39:52,313.05,27400236
2021-05-24 14:39:53,313.15,27401261
2021-05-24 14:39:54,313.2,27405630
2021-05-24 14:39:55,313.2,27405683
2021-05-24 14:39:56,313.15,27405740
2021-05-24 14:39:57,313.2,27405791
2021-05-24 14:39:58,313.2,27406125
2021-05-24 14:39:59,313.2,27406452
2021-05-24 14:40:00,313.2,27407968
2021-05-24 14:40:01,313.15,27407976
2021-05-24 14:40:02,313.05,27457701
2021-05-24 14:40:03,313.05,27457701
2021-05-24 14:40:04,313.05,27457751
2021-05-24 14:40:05,313.0,27457753
2021-05-24 14:40:06,312.8,27465869
2021-05-24 14:40:07,312.9,27467604
2021-05-24 14:40:08,313.0,27468589
2021-05-24 14:40:09,313.0,27468679
2021-05-24 14:40:10,312.95,27468682
2021-05-24 14:40:11,312.8,27468982
2021-05-24 14:40:12,312.8,27469545
2021-05-24 14:40:13,312.7,27475579
2021-05-24 14:40:14,312.8,27475804
2021-05-24 14:40:15,312.8,27476005
2021-05-24 14:40:16,312.7,27496991
2021-05-24 14:40:17,312.7,27498036
2021-05-24 14:40:18,312.65,27499354
2021-05-24 14:40:19,312.75,27500412
2021-05-24 14:40:20,312.7,27500856
2021-05-24 14:40:22,312.75,27502934
2021-05-24 14:40:23,312.8,27502999
2021-05-24 14:40:24,312.7,27503643
2021-05-24 14:40:25,312.8,27503690
2021-05-24 14:40:26,312.8,27503750
2021-05-24 14:40:27,312.7,27503836
2021-05-24 14:40:28,312.75,27504045
2021-05-24 14:40:29,312.7,27507098
2021-05-24 14:40:30,312.75,27507498
2021-05-24 14:40:31,312.75,27507498
2021-05-24 14:40:32,312.95,27507703
2021-05-24 14:40:33,312.95,27508491
2021-05-24 14:40:34,312.95,27508997
2021-05-24 14:40:35,312.8,27509045
2021-05-24 14:40:36,312.95,27509137
2021-05-24 14:40:37,312.95,27509137
2021-05-24 14:40:38,312.95,27509161
2021-05-24 14:40:39,313.05,27535681
2021-05-24 14:40:40,313.1,27536269
2021-05-24 14:40:42,313.05,27536304
2021-05-24 14:40:43,313.05,27536419
2021-05-24 14:40:44,313.05,27536435
2021-05-24 14:40:45,313.25,27568119
2021-05-24 14:40:46,313.25,27568544
2021-05-24 14:40:47,313.35,27568914
2021-05-24 14:40:48,313.2,27569610
2021-05-24 14:40:49,313.35,27569940
2021-05-24 14:40:50,313.2,27569950
2021-05-24 14:40:53,313.2,27570815
2021-05-24 14:40:54,313.2,27570905
2021-05-24 14:40:55,313.3,27571005
2021-05-24 14:40:56,313.2,27571215
2021-05-24 14:40:57,313.35,27573196
2021-05-24 14:40:58,313.35,27574698
2021-05-24 14:40:59,313.35,27574698
2021-05-24 14:41:00,313.3,27575602
2021-05-24 14:41:01,313.3,27575605
2021-05-24 14:41:02,313.3,27576121
2021-05-24 14:41:03,313.3,27576172
2021-05-24 14:41:04,313.3,27576258
2021-05-24 14:41:05,313.25,27576451
2021-05-24 14:41:06,313.25,27577120
2021-05-24 14:41:07,313.2,27578047
2021-05-24 14:41:09,313.2,27579233
2021-05-24 14:41:10,313.2,27579354
2021-05-24 14:41:12,313.25,27579497
2021-05-24 14:41:13,313.2,27579697
2021-05-24 14:41:14,313.2,27581103
2021-05-24 14:41:15,313.2,27581703
2021-05-24 14:41:16,313.2,27582249
2021-05-24 14:41:17,313.2,27582275
2021-05-24 14:41:18,313.3,27582471
2021-05-24 14:41:19,313.2,27582806
2021-05-24 14:41:20,313.25,27583447
2021-05-24 14:41:21,313.3,27583607
2021-05-24 14:41:22,313.3,27583730
2021-05-24 14:41:23,313.2,27583980
2021-05-24 14:41:24,313.3,27584532
2021-05-24 14:41:25,313.25,27584632
2021-05-24 14:41:26,313.2,27584975
2021-05-24 14:41:27,313.3,27585569
2021-05-24 14:41:28,313.3,27585575
2021-05-24 14:41:29,313.3,27586585
2021-05-24 14:41:30,313.3,27587968
2021-05-24 14:41:31,313.3,27588974
2021-05-24 14:41:32,313.3,27589273
2021-05-24 14:41:33,313.3,27589323
2021-05-24 14:41:34,313.2,27589483
2021-05-24 14:41:35,313.35,27599015
2021-05-24 14:41:36,313.3,27599347
2021-05-24 14:41:37,313.15,27599855
2021-05-24 14:41:38,313.0,27602409
2021-05-24 14:41:39,313.0,27607678
2021-05-24 14:41:40,312.9,27608709
2021-05-24 14:41:41,313.05,27608769
2021-05-24 14:41:43,313.05,27608941
2021-05-24 14:41:42,313.05,27608941
2021-05-24 14:41:44,313.05,27609061
2021-05-24 14:41:45,313.0,27609682
2021-05-24 14:41:46,313.05,27609704
2021-05-24 14:41:47,313.0,27610329
2021-05-24 14:41:48,312.95,27610405
2021-05-24 14:41:49,312.9,27610605
2021-05-24 14:41:50,312.95,27610626
2021-05-24 14:41:51,312.9,27610728
2021-05-24 14:41:53,312.95,27611053
2021-05-24 14:41:53,312.95,27611053
2021-05-24 14:41:54,312.95,27611378
2021-05-24 14:41:55,313.05,27611912
2021-05-24 14:41:56,312.95,27612683
2021-05-24 14:41:57,313.05,27612762
2021-05-24 14:41:58,313.05,27614396
2021-05-24 14:42:00,313.0,27615212
2021-05-24 14:42:00,313.0,27615212
2021-05-24 14:42:02,312.9,27616103
2021-05-24 14:42:02,313.0,27616104
2021-05-24 14:42:03,313.0,27616220
2021-05-24 14:42:04,313.05,27616427
2021-05-24 14:42:05,313.0,27616924
2021-05-24 14:42:06,313.05,27616929
2021-05-24 14:42:07,313.0,27616978
2021-05-24 14:42:08,313.0,27616978
2021-05-24 14:42:10,313.1,27617421
2021-05-24 14:42:10,313.1,27618069
2021-05-24 14:42:11,313.1,27618107
2021-05-24 14:42:12,313.1,27618172
2021-05-24 14:42:14,313.1,27618348
2021-05-24 14:42:14,313.1,27618348
2021-05-24 14:42:15,313.1,27618352
2021-05-24 14:42:17,313.3,27621708
2021-05-24 14:42:17,313.3,27621667
2021-05-24 14:42:18,313.25,27621908
2021-05-24 14:42:19,313.25,27622130
2021-05-24 14:42:20,313.2,27622521
2021-05-24 14:42:21,313.2,27622521
2021-05-24 14:42:22,313.25,27622603
2021-05-24 14:42:24,313.2,27623515
2021-05-24 14:42:24,313.2,27623515
2021-05-24 14:42:25,313.25,27623605
2021-05-24 14:42:26,313.2,27623727
2021-05-24 14:42:27,313.3,27624257
2021-05-24 14:42:28,313.3,27624493
2021-05-24 14:42:29,313.3,27625193
2021-05-24 14:42:30,313.2,27625493
2021-05-24 14:42:31,313.3,27628608
2021-05-24 14:42:32,313.2,27628836
2021-05-24 14:42:33,313.25,27628928
2021-05-24 14:42:34,313.2,27629128
2021-05-24 14:42:35,313.2,27629128
2021-05-24 14:42:36,313.2,27629178
2021-05-24 14:42:37,313.25,27629277
2021-05-24 14:42:38,313.25,27629403
2021-05-24 14:42:39,313.25,27629414
2021-05-24 14:42:40,313.25,27630221
2021-05-24 14:42:41,313.25,27631611
2021-05-24 14:42:43,313.15,27632348
2021-05-24 14:42:44,313.25,27633330
2021-05-24 14:42:45,313.25,27633539
2021-05-24 14:42:46,313.4,27680408
2021-05-24 14:42:47,313.45,27680942
2021-05-24 14:42:48,313.45,27682168
2021-05-24 14:42:49,313.4,27682475
2021-05-24 14:42:51,313.35,27684000
2021-05-24 14:42:51,313.35,27684000
2021-05-24 14:42:52,313.4,27684738
2021-05-24 14:42:53,313.35,27685797
2021-05-24 14:42:54,313.4,27695891
2021-05-24 14:42:55,313.3,27696452
2021-05-24 14:42:56,313.35,27696602
2021-05-24 14:42:58,313.4,27698279
2021-05-24 14:42:58,313.35,27698309
2021-05-24 14:42:59,313.35,27698360
2021-05-24 14:43:00,313.35,27698882
2021-05-24 14:43:01,313.35,27698984
2021-05-24 14:43:02,313.3,27700211
2021-05-24 14:43:04,313.3,27701141
2021-05-24 14:43:04,313.3,27701396
2021-05-24 14:43:07,313.35,27701964
2021-05-24 14:43:08,313.35,27702588
2021-05-24 14:43:09,313.3,27703088
2021-05-24 14:43:09,313.3,27703253
2021-05-24 14:43:10,313.3,27703518
2021-05-24 14:43:11,313.25,27703688
2021-05-24 14:43:12,313.25,27704615
2021-05-24 14:43:13,313.15,27706193
2021-05-24 14:43:14,313.15,27706395
2021-05-24 14:43:15,313.15,27706410
2021-05-24 14:43:16,313.15,27707023
2021-05-24 14:43:17,313.15,27707348
2021-05-24 14:43:18,313.15,27707348
2021-05-24 14:43:19,313.15,27707519
2021-05-24 14:43:20,313.15,27707827
2021-05-24 14:43:21,313.15,27708554
2021-05-24 14:43:22,313.15,27711674
2021-05-24 14:43:24,313.1,27712204
2021-05-24 14:43:24,313.15,27712205
2021-05-24 14:43:25,313.05,27717549
2021-05-24 14:43:26,313.05,27717649
2021-05-24 14:43:27,313.05,27719894
2021-05-24 14:43:28,313.0,27719994
2021-05-24 14:43:29,313.05,27720194
2021-05-24 14:43:30,313.05,27720194
2021-05-24 14:43:32,313.0,27721055
2021-05-24 14:43:32,313.0,27723931
2021-05-24 14:43:33,313.0,27724287
2021-05-24 14:43:34,313.05,27724372
2021-05-24 14:43:35,313.05,27724381
2021-05-24 14:43:36,313.0,27724391
2021-05-24 14:43:37,313.0,27724743
2021-05-24 14:43:39,313.0,27725523
2021-05-24 14:43:39,313.0,27725521
2021-05-24 14:43:40,313.0,27725570
2021-05-24 14:43:41,313.05,27726595
2021-05-24 14:43:42,313.05,27726712
2021-05-24 14:43:43,313.0,27726852
2021-05-24 14:43:44,313.05,27727337
2021-05-24 14:43:45,313.0,27727403
2021-05-24 14:43:46,313.0,27727403
2021-05-24 14:43:47,313.05,27727660
2021-05-24 14:43:48,313.05,27727667
2021-05-24 14:43:49,313.05,27727667
2021-05-24 14:43:50,313.0,27727798
2021-05-24 14:43:51,313.0,27727808
2021-05-24 14:43:52,313.05,27728244
2021-05-24 14:43:53,313.0,27728351
2021-05-24 14:43:54,313.05,27728901
2021-05-24 14:43:56,313.05,27729901
2021-05-24 14:43:57,313.0,27730627
2021-05-24 14:43:58,313.05,27730856
2021-05-24 14:43:59,313.05,27731157
2021-05-24 14:44:00,313.05,27731175
2021-05-24 14:44:01,313.1,27733553
2021-05-24 14:44:02,313.25,27733922
2021-05-24 14:44:03,313.25,27734802
2021-05-24 14:44:04,313.25,27734924
2021-05-24 14:44:05,313.25,27734939
2021-05-24 14:44:06,313.2,27735344
2021-05-24 14:44:07,313.2,27735368
2021-05-24 14:44:08,313.2,27735369
2021-05-24 14:44:09,313.15,27735579
2021-05-24 14:44:10,313.15,27735586
2021-05-24 14:44:11,313.15,27735612
2021-05-24 14:44:12,313.2,27736649
2021-05-24 14:44:13,313.25,27737250
2021-05-24 14:44:14,313.25,27737250
2021-05-24 14:44:15,313.3,27740350
2021-05-24 14:44:17,313.2,27740513
2021-05-24 14:44:18,313.2,27740588
2021-05-24 14:44:19,313.25,27741150
2021-05-24 14:44:21,313.25,27741275
2021-05-24 14:44:22,313.25,27741397
2021-05-24 14:44:23,313.25,27741622
2021-05-24 14:44:24,313.25,27741682
2021-05-24 14:44:25,313.25,27741707
2021-05-24 14:44:26,313.25,27741838
2021-05-24 14:44:27,313.3,27741938
2021-05-24 14:44:27,313.3,27741938
2021-05-24 14:44:28,313.25,27742011
2021-05-24 14:44:29,313.25,27743412
2021-05-24 14:44:30,313.3,27743931
2021-05-24 14:44:31,313.2,27744731
2021-05-24 14:44:32,313.25,27744764
2021-05-24 14:44:33,313.25,27744866
2021-05-24 14:44:34,313.25,27744919
2021-05-24 14:44:35,313.2,27745140
2021-05-24 14:44:37,313.25,27745145
2021-05-24 14:44:38,313.25,27745524
2021-05-24 14:44:39,313.25,27745978
2021-05-24 14:44:40,313.3,27746205
2021-05-24 14:44:41,313.3,27746205
2021-05-24 14:44:42,313.3,27747080
2021-05-24 14:44:43,313.2,27748436
2021-05-24 14:44:44,313.3,27748716
2021-05-24 14:44:45,313.1,27789492
2021-05-24 14:44:46,313.1,27789504
2021-05-24 14:44:47,313.1,27789553
2021-05-24 14:44:48,313.0,27790576
2021-05-24 14:44:49,313.05,27790712
2021-05-24 14:44:50,312.95,27791657
2021-05-24 14:44:51,312.8,27815244
2021-05-24 14:44:52,312.95,27818437
2021-05-24 14:44:54,312.95,27821174
2021-05-24 14:44:55,312.95,27821179
2021-05-24 14:44:56,312.95,27821307
2021-05-24 14:44:57,312.85,27821962
2021-05-24 14:44:58,313.0,27825244
2021-05-24 14:44:58,313.0,27825244
2021-05-24 14:44:59,313.0,27825305
2021-05-24 14:45:00,312.95,27825366
2021-05-24 14:45:01,312.9,27825728
2021-05-24 14:45:02,313.0,27825785
2021-05-24 14:45:03,313.2,27828352
2021-05-24 14:45:04,313.15,27828569
2021-05-24 14:45:05,313.05,27828575
2021-05-24 14:45:06,313.1,27828576
2021-05-24 14:45:07,313.1,27828591
2021-05-24 14:45:08,313.05,27829793
2021-05-24 14:45:09,313.1,27829988
2021-05-24 14:45:10,313.1,27829988
2021-05-24 14:45:11,313.1,27839988
2021-05-24 14:45:13,313.15,27840809
2021-05-24 14:45:13,313.15,27840829
2021-05-24 14:45:14,313.15,27841219
2021-05-24 14:45:15,313.15,27842006
2021-05-24 14:45:16,313.0,27842171
2021-05-24 14:45:17,313.15,27842196
2021-05-24 14:45:18,313.15,27842196
2021-05-24 14:45:19,313.1,27842956
2021-05-24 14:45:21,313.0,27843481
2021-05-24 14:45:22,313.1,27843531
2021-05-24 14:45:23,313.05,27843841
2021-05-24 14:45:25,313.1,27844051
2021-05-24 14:45:25,313.1,27844051
2021-05-24 14:45:26,313.0,27844625
2021-05-24 14:45:27,313.1,27844660
2021-05-24 14:45:28,312.9,27848549
2021-05-24 14:45:29,312.95,27848560
2021-05-24 14:45:30,312.9,27848615
2021-05-24 14:45:31,313.0,27849133
2021-05-24 14:45:32,313.0,27851159
2021-05-24 14:45:34,313.0,27851674
2021-05-24 14:45:35,313.1,27852665
2021-05-24 14:45:36,313.1,27852669
2021-05-24 14:45:37,313.1,27852703
2021-05-24 14:45:37,312.95,27852753
2021-05-24 14:45:38,312.95,27852753
2021-05-24 14:45:39,313.0,27852813
2021-05-24 14:45:41,313.1,27853360
2021-05-24 14:45:41,313.1,27853362
2021-05-24 14:45:42,313.0,27853556
2021-05-24 14:45:43,313.1,27853692
2021-05-24 14:45:44,313.1,27853702
2021-05-24 14:45:46,312.95,27854244
2021-05-24 14:45:47,312.95,27854244
2021-05-24 14:45:48,313.1,27854507
2021-05-24 14:45:49,313.1,27854513
2021-05-24 14:45:49,313.1,27854513
2021-05-24 14:45:51,313.0,27854644
2021-05-24 14:45:52,313.1,27855853
2021-05-24 14:45:52,313.1,27855853
2021-05-24 14:45:53,313.0,27855894
2021-05-24 14:45:55,313.0,27855906
2021-05-24 14:45:56,313.0,27855956
2021-05-24 14:45:56,313.05,27855966
2021-05-24 14:45:57,313.1,27856176
2021-05-24 14:45:58,313.0,27856701
2021-05-24 14:45:59,313.0,27856862
2021-05-24 14:46:00,313.1,27858129
2021-05-24 14:46:01,313.1,27858148
2021-05-24 14:46:02,313.0,27859694
2021-05-24 14:46:03,313.0,27859694
2021-05-24 14:46:04,313.0,27859894
2021-05-24 14:46:05,313.05,27860094
2021-05-24 14:46:06,313.0,27860174
2021-05-24 14:46:07,313.05,27860291
2021-05-24 14:46:08,313.05,27860339
2021-05-24 14:46:10,313.05,27860379
2021-05-24 14:46:10,313.05,27860430
2021-05-24 14:46:12,313.05,27860570
2021-05-24 14:46:13,313.1,27860605
2021-05-24 14:46:14,313.0,27860618
2021-05-24 14:46:14,313.1,27861628
2021-05-24 14:46:15,313.1,27861628
2021-05-24 14:46:16,313.05,27861797
2021-05-24 14:46:18,313.1,27861829
2021-05-24 14:46:20,313.05,27861959
2021-05-24 14:46:21,313.1,27862460
2021-05-24 14:46:22,313.1,27862460
2021-05-24 14:46:23,313.05,27863034
2021-05-24 14:46:24,313.1,27863588
2021-05-24 14:46:25,313.1,27864192
2021-05-24 14:46:26,313.1,27864292
2021-05-24 14:46:26,313.0,27864392
2021-05-24 14:46:27,313.1,27864467
2021-05-24 14:46:28,313.1,27864521
2021-05-24 14:46:29,313.1,27864521
2021-05-24 14:46:30,313.1,27864632
2021-05-24 14:46:31,313.1,27864632
2021-05-24 14:46:32,313.1,27864858
2021-05-24 14:46:33,313.1,27864994
2021-05-24 14:46:34,313.1,27864998
2021-05-24 14:46:36,313.1,27866701
2021-05-24 14:46:37,313.1,27866740
2021-05-24 14:46:38,313.1,27866840
2021-05-24 14:46:39,313.1,27866840
2021-05-24 14:46:39,313.1,27866865
2021-05-24 14:46:40,313.1,27866877
2021-05-24 14:46:41,313.1,27866878
2021-05-24 14:46:43,313.1,27867141
2021-05-24 14:46:45,313.1,27867363
2021-05-24 14:46:45,313.05,27867464
2021-05-24 14:46:46,313.1,27867564
2021-05-24 14:46:47,313.1,27867839
2021-05-24 14:46:48,313.1,27867899
2021-05-24 14:46:50,313.1,27867899
2021-05-24 14:46:51,313.05,27867949
2021-05-24 14:46:52,313.1,27867995
2021-05-24 14:46:53,313.1,27869499
2021-05-24 14:46:54,313.1,27869570
2021-05-24 14:46:55,313.1,27869629
2021-05-24 14:46:56,313.1,27870305
2021-05-24 14:46:57,313.1,27870529
2021-05-24 14:46:58,313.1,27870587
2021-05-24 14:46:59,313.05,27870602
2021-05-24 14:47:01,313.1,27870766
2021-05-24 14:47:02,313.1,27870791
2021-05-24 14:47:03,313.05,27870821
2021-05-24 14:47:04,313.1,27871571
2021-05-24 14:47:05,313.05,27871642
2021-05-24 14:47:06,313.1,27871658
2021-05-24 14:47:07,313.1,27871658
2021-05-24 14:47:08,313.05,27871719
2021-05-24 14:47:09,313.05,27871819
2021-05-24 14:47:10,313.1,27871826
2021-05-24 14:47:11,313.05,27871838
2021-05-24 14:47:11,313.05,27872273
2021-05-24 14:47:12,313.1,27872298
2021-05-24 14:47:13,313.1,27872858
2021-05-24 14:47:14,313.1,27873523
2021-05-24 14:47:16,313.05,27873524
2021-05-24 14:47:17,313.1,27873899
2021-05-24 14:47:18,313.05,27874503
2021-05-24 14:47:19,313.1,27874508
2021-05-24 14:47:20,313.05,27874614
2021-05-24 14:47:21,313.1,27874615
2021-05-24 14:47:22,313.1,27875245
2021-05-24 14:47:23,313.1,27875467
2021-05-24 14:47:24,313.05,27876442
2021-05-24 14:47:25,313.05,27876655
2021-05-24 14:47:26,313.1,27876856
2021-05-24 14:47:27,313.1,27876980
2021-05-24 14:47:28,313.1,27877222
2021-05-24 14:47:29,313.1,27877536
2021-05-24 14:47:29,313.1,27877537
2021-05-24 14:47:30,313.1,27877537
2021-05-24 14:47:31,313.1,27877583
2021-05-24 14:47:32,313.1,27877760
2021-05-24 14:47:33,313.05,27877770
2021-05-24 14:47:34,313.05,27877877
2021-05-24 14:47:35,313.1,27878397
